4050 6396
543 358 647 417 903
1690 357 1747 412 ε.
1790 351 2249 410 ATllANASlUS.
2290 381 2353 393 —-
2398 349 2623 406 DUDlA.
3656 346 3759 403 θοι

543 476 720 548 gratia
768 475 975 530 Domini
1016 474 1185 529 nostri
1229 474 1376 531 .Irsu.
1420 475 1508 528 cui
1556 474 1727 545 gloria
1775 473 1830 528 in
1876 472 2096 528 sarcula.

2208 470 2555 542 ἀπορρίπτων
2586 468 2672 520 ἀεὶ
2702 468 2828 531 τοὺς
2852 466 3251 538 ἐπερχομένους
3278 468 3335 519 ἐν
3363 469 3428 537 τῇ
3458 465 3653 538 καρδία
3671 466 3767 520 αὑ-

546 568 737 623 Amen.
2211 559 2306 613 τοῦ
2347 558 2636 629 λογισμοὺς
2695 557 2789 610 καὶ
2829 554 3182 620 ἐπαινοῦντας
3214 556 3395 620 αὑτὸν,
3431 555 3769 620 ἐξουθενείτω

545 659 732 712 ἑαυτὸν
760 656 987 711 ἐνώπιον
1018 656 1108 709 τοῦ
1138 657 1293 711 Θεοῦ.
1332 657 1517 720 Οῦτως
1545 657 1656 727 γὰρ
1685 656 1971 728 δυνήσεται
2007 656 2105 711 σὺν
2140 653 2261 724 Θεῷ
2306 652 2683 723 ἀπαλλαγῆναι
2730 649 2827 704 τοῦ
2861 650 3110 723 δαίμονος
3151 650 3271 729 τῆς.
3310 650 3613 717 κενοδοξίας
3677 651 3762 721 χάο

547 769 651 823 ριτι
685 751 778 810 τοῦ
823 750 1028 823 Κυρίου
1072 751 1228 823 ἡμῶν
1263 751 1461 823 Ἰησοῦ,
1490 746 1535 821 ᾧ
1575 755 1608 823 ή
1646 752 1775 819 δόξα
1816 752 1897 814 είς
1937 751 2065 815 τοὺς
2100 749 2321 812 αἰῶνας.
2364 748 2555 818 Ἀμήν.

609 863 660 918 8.
686 862 798 933 (29)
824 860 1085 918 Octavum
1115 864 1272 920 nobis
1292 876 1375 920 est
1400 873 1674 919 certamen
1703 864 1963 920 adversus
1993 863 2106 933 spio

541 954 705 1008 ritum
738 956 1022 1026 superbiae,
1046 956 1191 1026 quod
1221 965 1302 1011 est
1332 957 1549 1027 gravius
1579 958 1869 1027 acriusque
1894 957 2105 1011 caeteris

544 1044 820 1110 erunibus,
846 1059 954 1114 quo
992 1044 1214 1115 perfecti
1264 1046 1497 1100 maxime
1540 1056 1940 1117 oppugnantur.
1979 1046 2103 1116 qui-

541 1152 649 1206 que
672 1152 767 1190 eos
797 1137 890 1207 qui
927 1137 1038 1191 fere
1071 1135 1139 1192 ad
1177 1138 1438 1191 virtutum
1480 1137 1750 1207 fastigium
1783 1153 2096 1207 pervenere,

537 1228 853 1283 subvertere
890 1235 1123 1282 conatur
1152 1246 1167 1282 :
1204 1243 1268 1282 ac
1302 1228 1475 1282 morbi
1508 1228 1751 1298 pestiferi
1785 1230 1958 1284 instar
1989 1245 2097 1284 non

537 1329 744 1389 partem
770 1319 1037 1389 corporis,
1073 1318 1167 1373 sed
1202 1328 1373 1372 totum
1409 1319 1604 1388 perdit.
1627 1318 1695 1372 Et
1733 1319 1850 1372 alia:
1881 1319 2098 1389 quidem

537 1409 765 1477 singula:
809 1409 1115 1478 passiones.
1161 1409 1376 1463 tametsi
1419 1409 1657 1462 animam
1693 1411 1935 1474 turbant,
1975 1411 2101 1480 quia

2277 861 2330 915 8.
2374 859 2597 928 Ὄγδοος
2625 859 2769 928 ἡμῖν
2800 858 2953 911 ἐστιν
2991 856 3140 926 ἀγὼν
3175 854 3316 910 κατὰ
3339 854 3431 909 τοῦ
3466 855 3768 926 πνεύματος

2205 951 2306 1021 τῆς
2330 951 2721 1023 ὑπερηφανίαςο
2748 949 3128 1021 χαλεπώτατος
3149 942 3301 1012 οὗτος
3324 949 3417 1002 καὶ
3436 948 3651 1001 πάντων
3667 949 3768 1001 τῶν

2206 1041 2486 1113 προτέρων
2519 1038 2879 1111 ἀγριώτερος,
2917 1039 3043 1101 τοὺς
3073 1038 3311 1100 τελείους
3348 1036 3581 1107 μάλιστα
3611 1036 3767 1090 πολε-

2207 1134 2342 1204 μῶν,
2377 1134 2470 1186 καὶ
2499 1131 2680 1202 σχεδὸν
2707 1132 2833 1193 τοὺς
2861 1130 2923 1184 τὸ
2954 1129 3088 1200 (ideo;
3114 1129 3221 1182 τῶν
3253 1128 3460 1200 ἀρετῶν
3502 1128 3767 1198 ἀναϐεϐη-

2203 1227 2367 1289 κότας
2410 1227 2677 1296 ἐπιχειρεῖ
2719 1224 3140 1296 καταστρέφειν·
3188 1224 3282 1277 καὶ
3324 1222 3572 1295 καθάπερ
3620 1224 3769 1289 νόσος

2206 1317 2425 1389 λοιμικὴ
2472 1316 2793 1389 φθοροποιδς
2835 1319 2956 1388 οὐχὶ
3002 1318 3164 1389 μέρος
3203 1316 3297 1370 τοῦ
3341 1316 3611 1387 σώματος,
3658 1317 3768 1372 ἀλλ’

2205 1410 2324 1463 ὅλον
2353 1409 2674 1481 διαφθείρει.
2707 1410 2816 1464 Καὶ
2843 1411 2949 1464 τῶν
2980 1410 3079 1481 μὲν
3101 1409 3276 1464 ἄλλων
3311 1408 3499 1462 παθῶν
3520 1409 3766 1475 ἕκαστον,

536 1508 858 1554 tamencum
881 1515 987 1554 una
1011 1507 1219 1554 tantum
1238 1500 1436 1555 virtute
1456 1501 1559 1555 sibi
1581 1501 1826 1571 opposita
1844 1510 2101 1571 pugnant,

2208 1501 2255 1553 εἰ
2280 1501 2373 1555 καὶ
2395 1500 2655 1571 ταράσσει
2685 1502 2782 1571 τὴν
2805 1500 3000 1572 ψυχὴν,
3025 1501 3159 1555 ἀλλὰ
3195 1499 3329 1571 πρὸς
3361 1500 3487 1571 μίαν
3508 1500 3606 1572 τὴν
3628 1502 3769 1555 ἀντι-

509 1591 701 1661 atque
733 1606 853 1645 eam
884 1606 1143 1661 superare
1179 1594 1445 1659 nituntur,
1474 1607 1538 1647 ex
1580 1603 1732 1662 parte
1771 1594 1945 1647 solum
1985 1592 2103 1646 ani-

2208 1589 2465 1662 κειμένην
2498 1588 2645 1661 αὑτῷ
2678 1591 2878 1662 ἀρετὴν
2911 1591 3200 1662 πολεμοῦν,
3221 1592 3315 1644 καὶ
3335 1590 3536 1661 ταύτην
3557 1592 3770 1663 νικῆσαι

536 1699 680 1737 mam
715 1684 1016 1738 obscurant
1043 1694 1205 1754 atque
1228 1684 1594 1751 conturbant;
1623 1686 1891 1753 superbia:
1920 1696 2099 1738 autem

2208 1680 2569 1750 φιλονεικοῦν,
2616 1685 2679 1736 ἐκ
2734 1682 2932 1753 μέρους
2981 1685 3256 1736 ἐπισκοτεῖ
3299 1683 3396 1753 τὴν
3438 1681 3639 1753 ψυχὴν,
3682 1686 3772 1737 καὶ

537 1773 724 1842 passio
769 1782 937 1827 totam
989 1774 1228 1828 tenebris
1276 1773 1526 1838 offundit,
1578 1783 1632 1829 et
1682 1774 1749 1828 ad
1811 1783 2105 1830 extremam

2208 1771 2468 1843 ταράσσει
2491 1774 2678 1845 αὑτηψ
2707 1775 2767 1827 τὸ
2795 1774 2849 1827 δὲ
2876 1774 2973 1845 τῆς
2999 1773 3376 1845 ὑπερηφανίας
3404 1774 3584 1827 πᾶσαν
3606 1776 3771 1847 αὑτὴν

537 1860 760 1915 deducit
790 1863 1021 1916 ruinam.
1086 1862 1262 1933 thue
1296 1863 1553 1934 liquidius
1600 1865 1745 1934 quod
1790 1864 1994 1919 dictum
2031 1880 2105 1919 est

2215 1862 2509 1926 ἐπισκοτεῖ,
2538 1864 2631 1916 καὶ
2659 1865 2738 1926 εἰς
2765 1862 2969 1917 πτῶσιν
3000 1863 3120 1931 ἄγει
3150 1864 3399 1933 ἐσχάτην.
3425 1864 3536 1916 Καὶ
3567 1865 3653 1918 ἶνα
3683 1882 3773 1920 σα-

537 1954 940 2022 excogitemus,
984 1955 1084 2007 hac.
1121 1955 1329 2008 ratione
1371 1970 1487 2009 rem
1538 1957 1898 2024 speculemur.
1951 1954 2101 2010 Gula:

540 2043 730 2096 vitium
780 2043 1163 2098 abstinentiam
1227 2059 1581 2115 corrumpere
1668 2044 1894 2115 satagit,
1944 2044 2115 2099 forni-

536 2136 682 2189 catio
706 2136 1116 2200 continentiam,
1133 2136 1358 2190 avaritia
1380 2144 1775 2206 paupertatem,
1810 2136 2112 2207 indignatio

540 2226 1050 2291 mansuetudinem,
1087 2241 1151 2281 ac
1197 2228 1420 2298 reliqua:
1470 2227 1679 2296 species
1721 2228 1940 2282 malitiae
1979 2243 2112 2282 con-

540 2320 739 2374 trarias
801 2318 908 2374 sibi
956 2318 1227 2384 virtutes;
1286 2331 1342 2373 at
1399 2319 1669 2389 superbia:
1725 2318 1929 2372 malitia
1982 2335 2107 2373 cum

536 2410 751 2465 misera:
790 2411 984 2465 anima:
1031 2409 1367 2478 dominatur,
1414 2409 1560 2464 haud
1596 2425 1757 2465 secus
1799 2411 1907 2481 agit
1940 2427 2107 2481 quam

532 2501 1040 2556 truculentissimus
1086 2501 1329 2572 quidam
1358 2509 1644 2573 tyrannus,
1694 2501 1787 2571 qui
1835 2502 2011 2571 ampla
2053 2508 2108 2555 et

531 2594 753 2649 excelsa
797 2602 951 2663 capta
993 2592 1148 2656 urbe,
1190 2600 1356 2647 totam
1398 2594 1567 2648 diruit
1593 2599 1646 2648 et
1672 2609 1702 2648 a
1736 2592 2104 2647 fundamentis

532 2685 750 2741 evertit.
807 2684 976 2753 Cujus
1018 2684 1094 2739 rei
1136 2684 1292 2740 testis
1330 2692 1415 2740 est
1461 2684 1683 2755 angelus
1719 2684 1812 2754 qui
1854 2699 1921 2737 ex
1968 2683 2107 2738 coelo

534 2782 761 2845 propter
802 2775 1118 2845 superbiam
1165 2773 1401 2841 cecidit;
1438 2774 1531 2846 qui
1578 2788 1608 2827 a
1642 2773 1750 2829 Deo
1792 2782 2010 2828 creatus
2050 2783 2105 2827 et

540 2866 692 2919 omni
733 2864 936 2920 virtute
973 2879 1037 2919 ac
1071 2865 1338 2935 sapientia
1370 2870 1619 2928 ornatus,
1651 2879 1760 2917 non
1792 2862 1886 2918 Dei
1911 2878 2011 2934 gra
2039 2863 2104 2918 ia:

536 2954 655 3011 hac
705 2957 982 3012 ascribere
1021 2957 1211 3020 voluit.
1252 2958 1345 3012 sed
1381 2959 1616 3027 propria:
1648 2967 1855 3011 natura
1897 2975 1914 3011 ι
1962 2957 2104 3013 unde

536 3063 601 3103 se
636 3047 745 3102 Deo
788 3049 1050 3118 aequalem
1095 3063 1218 3102 esse
1247 3048 1454 3117 putavit
1485 3066 1500 3103 :
1538 3063 1700 3117 quam
1736 3048 1855 3118 ejus
1894 3050 2100 3119 cogita-

2214 1954 2471 2027 φέστερον
2515 1957 2794 2026 νοήσωμεν
2837 1955 2897 2009 τὸ
2939 1954 3244 2026 εἰρημένον,
3292 1955 3657 2025 σκοπὴσωμεν
3688 1956 3775 2010 οῦη

2210 2063 2339 2111 τως.
2400 2046 2464 2099 Ἡ
2510 2047 2917 2119 γαστριμαργία
2964 2045 3060 2117 τὴν
3118 2047 3437 2122 ἐγκράτειαν
3490 2047 3771 2113 σπουδάζει

2207 2135 2529 2206 διαφθεῖραι,
2560 2139 2592 2207 ἠ
2623 2137 2846 2208 πορνεία
2864 2135 2960 2206 τὴν
2984 2136 3356 2208 σωφροσύνην,
3385 2139 3418 2208 ἡ
3445 2136 3771 2208 φιλαργυρία

2206 2229 2306 2299 τὴν
2346 2226 2747 2300 ἁκτηιωσύνην·
2798 2229 2827 2281 ό
2872 2226 3040 2297 θυμὸς
3081 2226 3180 2299 τὴν
3228 2229 3528 2299 πραότητα,
3578 2230 3671 2282 καὶ
3704 2229 3768 2280 τὰ

2208 2317 2371 2372 λοιπὰ
2415 2319 2515 2390 τῆς
2547 2319 2745 2381 κακίας
2782 2317 2897 2388 εἴδη
2935 2319 3034 2383 τὰς
3070 2319 3315 2383 ἐναντίας
3347 2318 3527 2374 αὑτῶν
3552 2317 3778 2391 ἁρετάςί

2207 2410 2345 2481 ἠδὲ
2381 2409 2482 2480 τῆς
2529 2409 2902 2482 ὑπερηφανίας
2950 2410 3139 2475 κακία,
3192 2412 3320 2465 ὅταν
3366 2412 3629 2483 κυριεύσῃ
3676 2412 3770 2481 τῆς

2205 2500 2396 2564 ἀθλίας
2422 2500 2618 2572 ψυχῆς,
2653 2500 2839 2573 ῶσπερ
2867 2519 2950 2566 τις
2979 2502 3354 2573 χαλεπώτατος
3386 2502 3649 2576 τύραννος
3676 2520 3768 2574 μευ

2205 2591 2376 2663 γάλην
2425 2590 2578 2644 πόλιν
2624 2591 2718 2645 καὶ
2768 2590 2976 2662 ὑψηλὴν
3026 2590 3376 2663 παραλαϐὼν,
3420 2592 3550 2663 ὃλην
3605 2593 3767 2663 αὐτὴν

2206 2682 2591 2754 καταστρέφει,
2638 2682 2733 2736 καὶ
2764 2682 2869 2747 ἕως
2916 2682 3179 2754 θεμελίων
3224 2684 3618 2739 κατασκάπτει.
3663 2685 3768 2738 Καὶ

2208 2772 2416 2845 μάρτυς
2437 2772 2627 2827 τούτου
2649 2777 2677 2827 ό
2698 2774 2925 2844 ἄγγελος
2956 2777 2983 2827 ὁ
3013 2775 3077 2828 ἐκ
3107 2773 3201 2828 τοῦ
3230 2775 3456 2846 οὑρανοῦ
3483 2774 3665 2828 πεσὼν
3684 2774 3767 2828 δια

2203 2866 2299 2938 τὴν
2325 2864 2720 2937 ὑπερηφανίαν·
2751 2865 2830 2929 ὃς,
2861 2867 2925 2919 ἐκ
2952 2864 3046 2918 τοῦ
3069 2863 3202 2918 Θεόῦ
3226 2865 3483 2934 κτισθεὶς,
3510 2870 3605 2922 καὶ
3624 2866 3767 2942 πάσῃ

2200 2958 2369 3030 ἀρετῇ
2400 2958 2494 3010 καὶ
2523 2956 2684 3028 σοφίᾳ
2721 2957 3034 3029 κοσμηθεὶς,
3068 2958 3129 3011 οὑ
3161 2959 3227 3026 τῇ
3259 2958 3353 3012 τοῦ
3379 2958 3649 3012 Δεσπότου
3678 2960 3768 3031 χά-
3833 3008 3839 3012 .

2206 3066 2311 3120 ριτι
2340 3047 2605 3120 ἐϐουλήθη
2628 3047 2799 3102 ταῦτα
2823 3050 3171 3121 ἐπιγράφειν,
3199 3050 3333 3104 ἀλλὰ
3355 3055 3423 3123 τῇ
3453 3053 3561 3125 ἰδία
3590 3054 3762 3123 φύσειο

542 3141 749 3195 tionem
788 3155 1024 3210 arguens
1069 3140 1331 3210 propheta
1369 3138 1541 3193 dicit:
1577 3159 1596 3190 ι
1634 3138 1826 3195 Dixisti
1856 3141 1909 3195 in
1937 3142 2105 3197 corde

2208 3141 2325 3193 ὅθεν
2347 3142 2438 3194 καὶ
2462 3141 2577 3193 των
2607 3140 2796 3195 ἑαυτὸν
2819 3131 3085 3195 ὑπέλαϐεν
3104 3137 3240 3194 εἶναι
3261 3142 3417 3196 Θεοῦ.
3443 3145 3551 3198 Καὶ
3572 3144 3768 3215 ταύτην

538 3239 638 3285 tuo
686 3249 705 3286 :
757 3229 971 3285 Sedebo
1019 3230 1074 3283 in
1113 3238 1295 3284 monte
1327 3230 1565 3295 excelso,
1602 3246 1797 3301 ponam
1845 3233 2101 3288 thronum

546 3335 729 3375 meum
771 3334 938 3389 supra
990 3318 1162 3374 nubes
1190 3328 1243 3374 et
1275 3316 1471 3373 similis
1510 3334 1606 3375 ero
1646 3320 1928 3377 Altissimo
1971 3321 2036 3375 ’⁸.
2076 3340 2099 3374 ο

543 3410 625 3467 Tu
661 3427 792 3467 vero
839 3412 1020 3476 homo,
1070 3417 1126 3465 et
1179 3425 1287 3464 non
1332 3407 1493 3466 Deus.
1537 3411 1797 3482 Aliusque
1843 3414 2105 3483 propheta

541 3504 619 3558 ait
655 3518 669 3555 :
710 3522 729 3555 ι
766 3501 906 3569 Quid
941 3502 1191 3573 gloriaris
1220 3501 1272 3555 in
1300 3503 1525 3570 malitia,
1550 3504 1643 3573 qui
1674 3512 1864 3575 potens
1892 3523 1953 3562 es
1976 3508 2054 3561 "2
2080 3527 2099 3560 ι

549 3596 615 3650 Ει
662 3595 859 3665 paucis
909 3594 1211 3664 interiectis
1268 3612 1282 3649 :
1338 3612 1358 3646 ι
1415 3594 1659 3652 Dilexisti
1708 3600 1889 3651 omnia
1944 3599 2106 3654 verba

541 3686 943 3751 demersionis,
996 3686 1235 3756 linguam
1292 3685 1558 3743 dolosam.
1613 3685 1903 3759 Propterea
1961 3690 2106 3745 Deus

543 3782 787 3834 destruet
826 3785 878 3832 te
912 3778 968 3832 in
1012 3778 1195 3840 linem,
1233 3777 1423 3833 evellet
1463 3789 1513 3834 te
1540 3788 1595 3834 et
1622 3780 1912 3836 transferet
1949 3792 2005 3838 te
2037 3784 2106 3839 de

542 3869 899 3925 tabernaculo
928 3877 1043 3933 tuo,
1093 3875 1149 3924 et
1176 3867 1412 3924 radicem
1442 3876 1593 3924 tuam
1636 3869 1704 3926 de
1749 3879 1892 3927 terra
1922 3874 2109 3927 viven-

543 3962 701 4016 tium.
748 3958 1022 4016 Videbunt
1071 3960 1208 4030 justi
1255 3967 1311 4014 et
1354 3961 1641 4028 timebunt,
1676 3969 1732 4027 et
1772 3979 1937 4034 super
1983 3964 2108 4019 eum

541 4054 801 4109 ridebunt
849 4061 901 4107 et
952 4053 1133 4107 dicent
1179 4070 1193 4107 :
1237 4050 1378 4107 Ecce
1422 4053 1581 4109 homo
1622 4054 1718 4124 qui
1767 4071 1876 4110 non
1929 4055 2110 4124 posuit

554 4145 725 4201 Deum
767 4145 1072 4214 adjutorem
1116 4160 1297 4207 suum,
1339 4152 1393 4200 et
1442 4148 1727 4216 praevaluit
1772 4146 1826 4200 in
1870 4147 2110 4201 vanitate

546 4253 645 4293 sua
677 4238 745 4292 ’⁷.
790 4255 808 4289 ι
842 4236 966 4292 Hae
993 4250 1117 4292 cum
1140 4236 1399 4301 sciamus,
1428 4238 1721 4294 timeamus
1748 4247 1803 4293 et
1825 4240 1975 4293 omni
2009 4254 2107 4293 cu-

544 4328 722 4384 stodia
754 4343 1030 4384 servemus
1052 4342 1153 4384 cor
1189 4335 1437 4383 nostrum
1468 4329 1520 4361 “
1550 4343 1581 4382 a
1616 4327 1867 4383 lettzifero
1915 4330 2108 4398 spiritu

545 4420 818 4491 supeer
848 4460 864 4484 ,
912 4421 1070 4476 nobis
1116 4420 1250 4491 ipsis
1310 4420 1425 4496 haec
1471 4419 1720 4491 Apostoli
1786 4420 2105 4481 recitantes,

2203 3231 2367 3285 αὑτοῦ
2413 3230 2513 3302 τὴν
2554 3231 2851 3303 ἐνθύμησιν
2897 3231 3133 3303 ἐλέγχων
3173 3235 3202 3287 ὁ
3252 3236 3540 3307 προφήτης
3588 3237 3765 3306 φησίν·

2208 3339 2229 3371 ι
2265 3315 2440 3384 Εἷπας
2471 3322 2529 3373 ἐν
2556 3322 2632 3403 ,τῇ
2668 3320 2864 3393 καρδίᾳ
2901 3338 2992 3374 σου
3014 3338 3027 3351 ·
3078 3320 3266 3375 Καθιῶ
3309 3325 3367 3376 ἐν
3411 3323 3528 3394 δρει
3565 3324 3767 3396 ὑψηλῷ,

2207 3410 2356 3482 θήσω
2382 3410 2473 3463 τὸν
2505 3409 2690 3481 θρόνον
2722 3427 2821 3481 μου
2854 3410 2946 3465 ἐπὶ
2991 3411 3099 3464 τῶν
3140 3411 3397 3482 νεφελῶν,
3446 3414 3542 3467 καὶ
3584 3415 3771 3487 ἔσομαι

2203 3502 2388 3571 ὅμοιος
2408 3495 2487 3572 τῷ
2519 3500 2773 3572 Tal/icto).
2802 3522 2820 3555 ι
2854 3502 2925 3555 Σὺ
2964 3501 3021 3555 δέ
3052 3501 3354 3575 ἄνθρωπος.
3381 3506 3477 3558 καὶ
3519 3505 3581 3559 οὑ
3624 3506 3768 3569 Θεός.

2208 3595 2317 3647 Καὶ
2342 3593 2498 3658 ἄλλος
2533 3597 2815 3667 προφήτης
2848 3594 3014 3665 λέγει⁹
3050 3613 3071 3646 ι
3106 3594 3171 3648 Τί
3209 3598 3451 3668 ἐγκαυχᾷ
3497 3600 3556 3650 ἐν
3591 3598 3770 3670 κακία,

2205 3686 2235 3737 ὁ
2264 3684 2516 3748 δυνατός;
2553 3702 2571 3735 ι
2616 3686 2711 3738 καὶ
2770 3687 2885 3757 μετ’
2931 3684 3106 3755 ὀλίγα·
3149 3706 3167 3738 ι
3230 3686 3552 3757 Ἢγάπησας
3603 3690 3772 3743 πάντα
3860 3744 3863 3745 ,

2210 3776 2430 3845 ῥήματα
2464 3774 2927 3845 καταποντισμοῦ,
2955 3774 3204 3844 γλῶσσαν
3240 3775 3438 3830 δολίαν.
3487 3777 3587 3831 Διὰ
3625 3778 3774 3832 τοῦτο

2208 3867 2237 3919 ὁ
2273 3864 2404 3928 θεὸς
2434 3864 2651 3918 καθελεῖ
2678 3882 2737 3918 σε
2766 3868 2846 3930 είς
2875 3866 3047 3930 τέλος,
3076 3864 3285 3921 ἐκτῖλαί
3312 3885 3394 3934 σε,
3420 3868 3520 3923 καὶ
3552 3887 3775 3942 μετανα-

2211 3954 2433 4011 στεῦσαί
2457 3973 2517 4009 σε
2547 3958 2655 4012 ἀπὸ
2687 3956 3042 4030 σκηνώματός
3076 3976 3191 4024 σου,
3225 3958 3319 4013 καὶ
3349 3962 3410 4015 τὸ
3436 3963 3656 4035 ῥίζωμά
3685 3981 3773 4017 σου

2208 4050 2275 4101 ἐκ
2298 4051 2400 4119 γῆς
2431 4047 2667 4114 ζώντων.
2702 4044 2960 4119 Ὄψονται
2992 4051 3208 4116 δίκαιοι,
3239 4053 3332 4107 καὶ
3361 4053 3772 4126 φοϐηθήσονται,

2208 4140 2305 4193 καὶ
2336 4142 2421 4194 ἐπ’
2447 4139 2607 4194 αὑτὸν
2638 4140 2978 4209 γελάσονται,
3010 4144 3104 4196 καὶ
3132 4143 3370 4215 ἐροῦσιν
3409 4146 3542 4201 Ἰδοὺ
3573 4147 3773 4218 ἄνθρωο

2211 4248 2311 4295 πος
2347 4230 2407 4295 ὃς
2437 4232 2537 4285 οὑκ
2573 4231 2722 4286 ἔθετο
2754 4233 2846 4287 τὸν
2883 4233 3014 4289 Θεδν
3045 4233 3237 4306 βοηθὸν
3266 4235 3450 4300 αὑτοῦ,
3478 4239 3574 4292 καὶ
3602 4238 3773 4292 ἐνεδυ-

2209 4320 2441 4394 ναμώθη
2484 4322 2580 4375 ἐπὶ
2624 4326 2689 4395 τῇ
2722 4324 3038 4397 ματαιότητι
3084 4323 3269 4378 αὑτοῦ.
3302 4346 3320 4377 ι
3372 4326 3562 4383 Ταῦτα
3605 4329 3774 4383 τοίνυν

2210 4414 2592 4484 γινώσκοντες.
2636 4414 2984 4487 φοϐηθῶμεν,
3026 4417 3121 4470 καὶ
3162 4417 3311 4489 πάσῃ
3356 4418 3574 4492 φυλακῇ
3610 4421 3772 4492 τηρήο

543 4512 767 4583 quando
821 4511 1040 4566 virtutis
1093 4512 1402 4584 cujuspiam
1451 4525 1590 4582 epos
1637 4508 2030 4580 perfecerimus
2082 4527 2101 4564 .-

2209 4524 2393 4578 σωμεν
2434 4506 2533 4577 τὴν
2581 4506 2787 4560 ἑαυτῶν
2838 4508 3060 4582 καρδίαν
3111 4509 3218 4562 ἀπὸ
3264 4509 3359 4563 τοῦ
3406 4510 3771 4584 θανατηφόρου

548 4622 568 4655 ι
632 4602 752 4658 Non
798 4618 899 4675 ego
950 4612 1152 4667 autem,
1210 4607 1307 4658 sed
1348 4602 1523 4672 gratia
1573 4600 1669 4655 Dei
1726 4615 1847 4670 qua:
1894 4616 2106 4655 mecum

542 4703 627 4749 est
652 4695 721 4749 ”.
757 4711 777 4745 ι
815 4692 880 4746 Et
906 4692 1050 4762 quod
1077 4707 1108 4745 a
1140 4689 1370 4746 Domino
1406 4690 1613 4745 dictum
1636 4695 1721 4743 est
1755 4708 1767 4742 ε
1801 4705 1822 4739 ι
1858 4688 1987 4744 Siue
2022 4705 2108 4744 tne

540 4784 707 4857 329
735 4784 873 4839 nihil
898 4782 1127 4854 potestis
1158 4782 1338 4837 facere
1369 4781 1408 4835 ⁸.
1450 4799 1471 4833 ι
1509 4780 1575 4834 Ει
1596 4779 1743 4850 quod
1772 4793 1804 4832 a
1838 4777 2108 4849 Propluta

540 4879 745 4933 dictum
781 4887 865 4932 est
905 4894 919 4930 :
960 4894 980 4928 ι
1017 4873 1131 4929 Nisi
1169 4873 1434 4928 Dominus
1476 4872 1829 4927 aedificaverit
1856 4871 2105 4935 domum,

542 4970 597 5023 in
639 4984 838 5024 vanum
874 4966 1261 5021 laboraverunt
1294 4964 1390 5034 qui
1426 4962 1696 5018 mditicant
1717 4977 1840 5017 eam
1866 4962 1905 5016 ³.
1949 4982 1968 5013 ι
2004 4964 2108 5017 Ite-

540 5075 815 5131 rumque:
853 5077 872 5110 ι
908 5057 1027 5112 Non
1057 5056 1316 5118 volentis,
1348 5069 1523 5123 neque
1543 5054 1841 5115 currentis,
1877 5054 1971 5108 sed
2005 5054 2107 5108 mi-

537 5152 775 5208 serentis
817 5157 903 5206 est
946 5149 1038 5203 Dei
1070 5148 1116 5204 ³.
1151 5166 1171 5199 ι
1215 5144 1351 5200 Nam
1401 5145 1617 5200 etiamsi
1657 5145 1783 5214 quis
1823 5145 2109 5200 alacritate

535 5243 778 5305 fervens,
829 5256 893 5296 ac
936 5238 1219 5311 proposito
1258 5236 1536 5292 studiosus
1585 5236 1768 5301 fuerit,
1804 5236 1899 5292 sed
1946 5251 2110 5291 carne

540 5336 776 5405 itigatus
812 5342 866 5389 et
897 5333 1200 5404 sanguine,
1239 5343 1351 5384 non
1384 5328 1580 5398 poterit
1616 5328 1684 5383 ad
1722 5328 2107 5399 perfectionem

540 5426 844 5491 pervenire,
868 5424 972 5478 nisi
1005 5422 1073 5476 ad
1105 5422 1221 5476 hac
1248 5420 1432 5475 omnia
1464 5419 1521 5475 in
1554 5418 1932 5475 misericordia
1964 5425 2018 5471 et
2053 5418 2107 5470 in

612 5572 660 5609 ”
699 5575 801 5632 lsa.
838 5592 950 5636 xw,
989 5576 1074 5629 15.

614 5663 723 5701 xvi.
799 5647 820 5677 ⁸
858 5645 1018 5700 Rom.
1057 5660 1143 5708 Ix,
1180 5646 1268 5698 1ιὶ.

617 5756 729 5823 (πο)
758 5755 1007 5813 Cassiau.
1044 5753 1285 5809 Institut.
1315 5754 1411 5809 lib.
1449 5771 1547 5820 xu,
1578 5771 1629 5808 ιε.
1660 5755 1678 5808 l
1711 5761 1764 5806 ct
1793 5770 1909 5824 seq.

2214 4600 2522 4672 πνεύματος
2549 4602 2647 4672 τῆς
2679 4602 3077 4674 ὑπερηφανίας,
3112 4604 3455 4673 ἐπιλέγοντες
3483 4605 3692 4668 ἑαυτοῖς
3719 4603 3773 4658 τὸ

2213 4689 2306 4744 τοῦ
2357 4689 2700 4758 ’Δποστόλου,
2742 4692 2870 4745 ὃταν
2915 4694 3116 4765 ἀρετήν
3161 4711 3281 4748 τινα
3327 4695 3769 4767 κατορθώσωμεν

2220 4799 2240 4832 ι
2278 4782 2392 4835 Οὑκ
2420 4779 2531 4851 ἐγὼ
2558 4782 2636 4844 δέ,
2670 4783 2785 4837 ἀλλ’
2820 4785 2854 4856 ἡ
2885 4784 3047 4856 χάρις
3077 4786 3172 4840 τοῦ
3194 4785 3333 4840 Θεοῦ
3373 4789 3407 4858 ἡ
3454 4790 3552 4842 σὺν
3584 4787 3718 4858 ἐμοί·
3747 4805 3766 4836 ι

2214 4874 2310 4926 καὶ
2338 4874 2398 4926 τὺ
2430 4873 2535 4927 ὑπὸ
2568 4874 2663 4927 τοῦ
2692 4875 2898 4946 Κυρίου
2931 4876 3239 4949 εἰρημένον,
3279 4878 3361 4931 ὅτι
3390 4896 3411 4928 ι
3441 4878 3627 4949 Χωρὶς
3648 4875 3769 4949 ἐμοῦ

2211 4964 2271 5017 οὑ
2303 4961 2530 5018 δῦνασθε
2562 4968 2733 5018 ποιεῖν
2762 4965 2935 5020 οὐδέν·
2967 4987 2985 5019 ι
3014 4967 3106 5021 καὶ
3133 4968 3194 5021 τὸ
3218 4968 3323 5022 ὑπὸ
3350 4968 3443 5022 τοῦ
3473 4969 3765 5040 Προφήτοψ

2218 5073 2238 5105 ι
2288 5056 2412 5109 Ἐὰν
2448 5055 2522 5127 μὴ
2559 5058 2759 5128 Κύριος
2789 5058 3118 5130 οίκοδομήσῃ
3143 5053 3308 5122 οἷκον,
3344 5060 3427 5123 εἰς
3460 5061 3636 5131 μάτην
3661 5060 3767 5111 ἐκο-

2215 5144 2416 5198 πίασαν
2431 5148 2479 5198 οἱ
2494 5147 2916 5217 οἰκοδομοῦντες·
2933 5168 2949 5199 ι
2969 5147 3063 5201 καὶ
3084 5148 3263 5202 πάλιν
3276 5145 3381 5202 «οῦ
3401 5149 3496 5202 τοῦ
3519 5149 3767 5207 θέλοντος.

2214 5232 2337 5288 οὑδέ
2368 5234 2461 5287 τοῦ
2493 5237 2794 5308 τρέχοντος,
2829 5238 2963 5292 ἀλλὰ
2992 5239 3085 5292 τοῦ
3117 5239 3391 5305 ἐλεοῦντος
3419 5239 3582 5294 Θεοῦ.
3620 5260 3637 5291 ι
3673 5237 3771 5290 Καὶ

2215 5327 2324 5396 γὰρ
2344 5329 2391 5379 εἱ
2416 5329 2508 5381 καί
2535 5329 2603 5382 τὰ
2637 5330 2868 5401 μάλιστα
2896 5332 3075 5388 ἔσεταί
3107 5350 3191 5396 τις
3221 5331 3356 5396 ζέων
3390 5336 3455 5405 τῇ
3483 5330 3766 5405 προθυμίᾳ.

2218 5418 2311 5469 καὶ
2346 5418 2627 5484 σπουδαῖος
2656 5424 2719 5492 τῇ
2747 5423 3082 5495 προαιρέσει,
3117 5423 3250 5476 ἀλλὰ
3276 5426 3438 5495 σαρκὶ
3468 5418 3768 5491 συνδεδεμέ-

1148 5574 1195 5606 ⁹⁶
1238 5572 1381 5635 Psal.
1416 5587 1489 5626 ιι.
1563 5573 1607 5604 "
1646 5572 1780 5627 ibid.
1816 5571 1937 5625 0-9.
2014 5572 2058 5603 ἠ
2100 5571 2105 5624 1

2214 5586 2242 5619 v
2294 5588 2365 5636 Iv,
2392 5571 2481 5625 95.
2555 5576 2599 5607 ’θ
2632 5575 2644 5626 l
2676 5575 2801 5630 Cor.
2839 5593 2928 5642 xv,
2964 5578 3050 5635 10.
3112 5581 3127 5610 ¹
3153 5578 3309 5633 Joau.
3348 5595 3439 5642 xv.
3474 5579 3529 5632 5.
3592 5574 3695 5631 'Ps
3729 5577 3764 5625 l-
