4050 6396
579 375 688 432 907
1676 365 1732 419 S.
1773 364 2230 426 ATHANASIUS.
2271 399 2340 412 -—
2388 372 2658 430 SPURIA.
3713 385 3807 440 908

578 505 789 556 naturae
827 495 1049 547 leVatur.
1079 484 1258 541 Testis
1284 481 1414 536 mihi
1465 482 1577 535 hzec
1611 481 1851 551 loquenti
1888 493 1972 540 est
2001 500 2177 552 uxor,

2207 534 2213 552 _
2246 490 2502 561 μιουργδς
2537 491 2667 554 Θεὸς
2698 491 2865 560 Λόγος
2911 492 3002 546 καὶ
3045 491 3144 564 τὴν
3180 493 3272 548 τοῦ
3309 496 3556 567 σώματος
3592 497 3806 552 παλαιό-

578 588 855 646 Ζιιειιιιτὶω
904 579 1226 640 sacerdotis,
1282 575 1545 639 Elisabet,
1586 589 1707 645 qua:
1755 589 1859 629 non
1906 576 2029 631 risit
2079 585 2139 632 ut

2240 600 2374 652 τητα
2419 581 2775 647 ἁνακαινίζει,
2833 583 2926 636 καὶ
2968 585 3066 654 τὴν
3110 585 3212 656 τῆς
3265 586 3476 656 φύσεως
3530 589 3808 662 στείρωσιν

579 683 714 736 Sara
735 681 777 741 ",
810 675 903 731 sed
931 681 988 726 ut
1016 672 1170 724 Anna
1200 666 1432 722 credidit
1453 664 1497 727 ⁸,
1532 679 1652 734 quae
1680 665 1736 718 in
1772 663 2018 734 suisjam
2054 666 2142 722 de-

2238 675 2562 747 διορθοῦται.
2595 677 2705 730 Καὶ
2739 680 3000 748 μαρτυρεί
3031 696 3131 748 μου
3153 679 3230 750 τῷ
3254 679 3395 751 λόγῳ
3423 683 3455 752 ἠ
3483 683 3698 754 γαμετὴ
3721 685 3803 737 τοῦ

574 770 800 828 bilitatis
837 764 1092 821 membris
1121 767 1180 816 ut
1208 759 1390 828 aquila
1433 765 1689 812 renovata
1719 766 1801 812 est
1824 760 1844 788 ⁰
1872 777 1885 812 :
1911 773 2140 827 puerum

2243 769 2434 840 ἱερέως
2492 770 2785 839 Ζαχαρίου,
2829 770 3132 834 Ἐλισάϐετ,
3168 773 3200 841 ἡ
3246 772 3318 843 μὴ
3359 772 3635 840 γελάσασα
3674 777 3805 829 κατὰ

574 876 807 931 namque
839 855 1095 912 enutrivit
1122 853 1464 924 przeclarum,
1504 851 1890 916 venerandum,
1935 850 1990 904 in
2020 848 2141 906 Jor-

2239 862 2337 931 τὴν
2379 862 2613 932 Σάρραν,
2654 861 2786 914 ἀλλὰ
2842 863 3179 916 πιστεύσασα
3220 864 3358 917 κατὰ
3392 865 3488 936 τὴν
3525 867 3805 938 Ἀνναν,ὴ

573 950 783 1007 danicis
812 945 1029 1001 fluentis
1065 949 1395 998 versantem.
1428 937 1566 994 Vere
1610 955 1804 1009 magna
1847 938 1992 994 inter
2020 955 2140 994 mu-

2238 953 2352 1012 τοῖς
2371 950 2793 1020 κεχαλασμένοις
2825 953 3039 1022 μέλεσιν
3067 954 3142 1017 ὡς
3166 955 3317 1017 ἀετὸς
3349 955 3801 1010 ἀνακαινισθεῖσα·

574 1045 734 1099 lieres
761 1039 923 1111 330
946 1036 1204 1100 Elisabet,
1243 1040 1432 1102 utpote
1461 1034 1713 1102 gloriosae
1753 1031 1992 1102 Virginis
2041 1047 2137 1086 co-

2239 1039 2444 1092 ὲπωλοτ
2454 1039 2650 1110 ρύφησε
2668 1041 2773 1111 γὰρ
2790 1041 2950 1094 παῖδα
2966 1042 3674 1117 γνιθριμονμῐδὲσιμονπῶν
3690 1047 3809 1117 Ἰορ-

573 1143 758 1206 gnata,
793 1127 1252 1201 quemadmodum
1284 1125 1510 1194 jamjam
1541 1125 1740 1179 audisti
1780 1140 1846 1179 ex
1888 1122 2138 1180 Gabriele

2238 1127 2462 1181 δανείων
2483 1129 2709 1201 ῥείθρων
2730 1115 3250 1202 συνόμιλον.¹’ί)ντως
3267 1135 3476 1204 μεγάλη
3490 1137 3548 1189 ὲν
3565 1115 3804 1204 γυναιξίν

571 1229 787 1282 dicente
813 1243 826 1279 :
857 1243 876 1274 ι
908 1222 973 1275 Et
1005 1236 1135 1276 ecce
1165 1217 1406 1272 Elisabet
1434 1216 1785 1288 cognata‘tua
1817 1217 1882 1269 ιο.
1917 1237 1934 1268 ι
1963 1214 2006 1270 Ο
2045 1217 2170 1286 ge-'

2251 1219 2550 1284 Ἐλισάϐετ,
2567 1222 2642 1286 ὠς
2666 1225 2932 1294 συγγενὴς
2951 1226 3047 1295 τῆς
3070 1225 3278 1289 ἐνδόξου
3307 1228 3609 1296 Παρθένου,
3631 1229 3803 1293 καθὼς

570 1320 720 1376 neris
758 1314 1125 1372 nobilitatem!
1162 1326 1194 1365 ο
1225 1310 1443 1382 pietatis
1481 1309 1924 1364 exercitationem
1952 1310 1964 1362 ι
1997 1324 2030 1363 o
2062 1309 2139 1362 vi-

2237 1311 2432 1380 ἥκουες
2469 1312 2602 1383 (50‘)
2624 1312 2823 1382 ἀρτίως
2859 1315 2952 1366 τοῦ
2983 1315 3219 1386 Γαϐριὴλ
3250 1319 3389 1389 πρὸς
3424 1320 3523 1390 τὴν
3540 1320 3804 1392 Παρθένον

568 1421 639 1466 tte
659 1407 979 1480 puritatem!
1011 1419 1044 1459 ο
1066 1403 1313 1472 corporis
1342 1401 1675 1456 castitatem!
1703 1415 1735 1454 o
1759 1397 1925 1454 Deum
1952 1415 2138 1453 aman-

2237 1400 2502 1470 λὲγοντος·
2542 1422 2559 1453 ι
2584 1405 2691 1456 Καὶ
2733 1406 2840 1458 ἰδοὺ
2874 1406 3150 1460 Ἑλισάϐετ
3178 1411 3208 1478 ἡ
3243 1414 3509 1482 συγγενής
3543 1431 3658 1469 σου.
3693 1435 3712 1467 ι
3745 1419 3805 1470 Ὢ

568 1504 642 1556 tis
691 1499 889 1554 anima:
941 1494 1229 1550 allectum!
1265 1509 1298 1546 ο
1344 1506 1441 1545 vas
1489 1491 1934 1560 unguentarinm!
1971 1487 2136 1542 Evam

2237 1492 2482 1559 εὐγένεια
2506 1494 2722 1561 γένουςί
2764 1495 2807 1547 ὅ)
2831 1498 3058 1567 ἄσκησις
3083 1498 3394 1564 εύλαϐείαςί
3428 1502 3472 1554 ὣ
3501 1506 3802 1578 καθαρότης

569 1587 943 1661 supplantavit
981 1600 1228 1655 serpens,
1267 1581 1598 1636 Elisabetam
1636 1581 1862 1652 angelus
1904 1583 1960 1634 in
1994 1596 2134 1650 prae-

2239 1581 2387 1653 βίουί
2416 1583 2460 1635 ὣ
2491 1585 2677 1667 ἁγνεία
2701 1586 2950 1656 σώματος
2973 1591 2984 1640 !
3010 1588 3053 1641 ὣ
3085 1591 3356 1658 θεο·ρίλεια
3391 1593 3601 1667 ψυχῆςί
3642 1598 3687 1650 ὣ
3717 1618 3805 1669 μυ-

568 1685 749 1737 claras
773 1695 865 1734 res
896 1677 1148 1732 initiavit.
1184 1673 1324 1729 Vere
1347 1688 1537 1745 magna
1566 1674 1707 1726 inter
1741 1674 1998 1727 mulieres
2024 1671 2138 1726 Eli-

2240 1673 2452 1743 ροδόχον
2474 1675 2691 1738 σκεῦοςῑ
2723 1677 2831 1748 Τὴν
2863 1679 3003 1732 Εὕαν
3027 1683 3340 1752 ὲπτέρνισεν
3360 1687 3387 1738 6
3414 1687 3556 1756 ὄφις·
3578 1691 3642 1759 τῇ
3673 1691 3805 1743 Ἐλι-

568 1774 747 1837 sabet,
783 1786 905 1842 quae
929 1768 1193 1824 Joannem
1222 1767 1523 1837 Baptistam
1566 1765 1816 1835 gestavit,
1853 1765 2134 1819 incredulo

2202 1840 2208 1852 ι
2239 1764 2402 1816 σάϐετ
2429 1767 2496 1818 τά
2528 1762 2773 1836 βέλτιστα
2799 1771 2826 1821 6
2856 1771 3100 1840 ἄγγελος.
3139 1777 3344 1841 Ὄντως
3379 1780 3586 1852 μεγάλη
3621 1784 3678 1834 ὲν
3709 1801 3801 1851 γυ-

570 1834 848 1919 Zachariae
879 1860 1259 1932 exprobravit!
1295 1834 1452 1925 Quod
1478 1834 1657 1912 autem
1693 1856 2008 1911 incredulus
2031 1854 2134 1908 Za—
2165 1879 2169 1889 ι

2204 1865 2208 1884 ’
2234 1852 2406 1918 ναιξὶν
2435 1854 2733 1919 Ἐλισάϐετ,
2770 1859 2802 1927 ἡ
2832 1861 2925 1912 καὶ
2960 1862 3051 1914 τὸν
3092 1864 3398 1939 Βαπτιστὴν
3429 1870 3682 1943 Ἰωάννην
3715 1875 3803 1944 βα-

568 1955 787 2009 cbarias
829 1952 1256 2007 imbecillitatem
1306 1950 1576 2019 corporis,
1628 1946 1721 2002 Dei
1768 1946 2133 2016 promissione

2237 1944 2502 2008 στάσασα,
2532 1947 2620 1998 καὶ
2652 1946 2741 1999 τὸν
2773 1949 2998 2005 ἄπιστον
3031 1955 3304 2026 Ζαχαρίαν
3339 1960 3666 2018 ὀνειδίσασα.
3696 1969 3800 2020 Καὶ

567 2049 656 2118 (ad
696 2043 1153 2117 persuadendum)
1191 2041 1485 2096 ﬁrmiorem
1520 2056 1642 2096 esse
1693 2040 1989 2094 arbitratus
2037 2040 2128 2103 sit,

2231 2033 2311 2126 δτι
2343 2032 2566 2126 ἄπιστος
2589 2037 2858 2126 Ζαχαρίας
2881 2040 2977 2112 τὴν
3002 2043 3094 2095 τοῦ
3131 2043 3377 2116 σώματος
3409 2051 3692 2107 ἀσθένειαν
3714 2055 3797 2126 βε-

567 2141 767 2194 audisti
814 2138 967 2208 prius
1006 2152 1072 2191 ex
1117 2135 1218 2188 hac
1265 2134 1424 2187 Lucae
1466 2131 1812 2202 evangelistze
1855 2132 2126 2186 lectione:

2232 2123 2517 2215 ϐαιοτέραν
2571 2125 2671 2195 τῆς
2714 2127 2808 2180 τοῦ
2851 2131 2982 2184 Θεοῦ
3033 2135 3358 2204 ἐπαγγελίας
3411 2123 3796 2215 λογισάμενος,

571 2251 588 2282 ι
622 2229 786 2285 Visus
811 2237 895 2284 est
925 2229 975 2284 ei
1011 2229 1238 2298 angelus
1269 2225 1507 2289 Domini,
1557 2233 1710 2280 stans
1741 2239 1770 2276 a
1801 2222 2007 2277 dextris
2048 2221 2130 2274 al-

2230 2213 2425 2282 ἣκουες
2450 2219 2515 2285 τῇ
2541 2217 2779 2288 προτέρα
2801 2219 2892 2270 τοῦ
2917 2220 3296 2290 εὐαγγελιστοῦ
3325 2230 3508 2284 Λουκᾶ
3533 2213 3793 2301 λέγοντος·

563 2323 696 2376 taris
731 2320 938 2374 incensi
964 2319 1026 2370 “.
1062 2337 1080 2369 ι
1116 2317 1307 2371 Modus
1337 2318 1452 2386 ipse
1493 2315 1722 2370 visionis
1767 2309 1886 2383 ejns
1925 2312 2127 2366 verita-

2236 2323 2253 2355 ι
2269 2306 2442 2378 Ὠφθη
2459 2307 2512 2358 δὲ
2530 2308 2676 2378 αὐτῷ
2691 2312 2916 2377 ἄγγελος
2931 2312 3152 2385 Κυρίου,
3171 2318 3234 2369 ὲκ
3251 2317 3438 2382 δεξιῶν
3453 2323 3623 2389 ἑστὼς
3647 2327 3795 2398 (30")

563 2425 670 2469 tem
715 2413 948 2469 suadere
983 2410 1145 2465 valet.
1192 2412 1237 2462 A
1277 2409 1484 2464 dextris
1527 2407 1750 2477 angelus
1797 2405 1966 2469 stetit,
1998 2404 2127 2474 quia

2228 2398 2320 2450 τοῦ
2341 2399 2725 2471 θυσιαστηρίου
2740 2403 2833 2456 τοῦ
2853 2404 2914 2456 θυ
2923 2408 3212 2476 μιάματος.
3229 2410 3323 2462 »Σύ
3333 2414 3564 2482 μϐουλος
3582 2419 3615 2487 ἡ
3629 2422 3790 2472 ὀπτα-

546 2507 752 2559 ’ᾱοιιιεῐ
803 2503 1126 2572 faustusque
1179 2499 1320 2556 fetus
1355 2499 1573 2554 futurus
1625 2503 1763 2560 erat,
1800 2497 1894 2566 qui
1940 2495 2128 2550 dexte-

2231 2491 2320 2584 σία
2342 2495 2449 2584 τῆς
2477 2491 2728 2584 θεωρίας.
2750 2495 2844 2548 Ἐκ
2864 2497 3052 2563 δεξιῶν
3079 2503 3106 2554 6
3127 2500 3354 2570 ἄγγελος
3383 2507 3588 2572 ἵστατο,
3615 2512 3796 2584 ἐπειδὴ

563 2614 679 2653 ram
724 2596 876 2668 regni
913 2597 1177 2652 caelorum
1219 2594 1362 2648 viam
1406 2592 1746 2662 praedicaret,
1783 2589 1943 2658 juxta
1993 2589 2125 2643 illud

2226 2580 2396 2644 δεξιὸς
2413 2582 2610 2653 ημελλε
2634 2585 2790 2648 τόκος
2812 2586 3109 2652 τίκτεσθαι,
3129 2591 3224 2662 τὴν
3237 2592 3415 2657 δεξιάν
3441 2596 3558 2648 ὁδὸν
3575 2601 3674 2670 τῆς
3692 2580 3796 2655 τῶν

564 2692 808 2746 dictum:
845 2709 863 2741 ι
894 2688 1023 2744 Vias
1057 2703 1178 2758 quae
1222 2702 1252 2740 a
1307 2685 1517 2741 dextris
1569 2690 1699 2738 sunt
1743 2683 1896 2737 novit
1938 2681 2122 2736 Deus:

2227 2671 2466 2741 οὐρανῶν
2491 2673 2763 2742 βασιλείας
2790 2677 3090 2750 κηρύττων,
3119 2683 3256 2736 κατὰ
3283 2685 3344 2738 τὸ
3378 2688 3586 2755 φάσκον
3617 2694 3792 2764 ῥητόν·

563 2797 830 2852 perversae
855 2789 984 2838 sunt
1006 2790 1186 2836 autem
1213 2794 1332 2850 qua:
1354 2787 1480 2834 sunt
1503 2793 1533 2832 a
1558 2774 1888 2832 sinistris'“.
1924 2793 1942 2826 ›
1969 2772 2126 2840 Quod

2234 2783 2252 2814 ι
2275 2764 2452 2827 Ὁδοὺς
2477 2766 2573 2828 τὰς
2603 2769 2666 2821 ὲκ
2697 2769 2886 2835 δεξιῶν
2909 2765 3046 2825 οἶδεν
3076 2775 3103 2825 6
3127 2773 3274 2837 Θεὸς·
3293 2776 3719 2852 διεστραμμέναι
3744 2785 3795 2837 δέ

561 2876 638 2928 ait
667 2890 775 2929 non
807 2883 868 2928 ut
906 2874 1119 2929 viarum
1160 2871 1484 2926 discrimina
1519 2876 1692 2931 notet,
1724 2866 1818 2924 sed
1855 2877 1916 2922 ut
1946 2882 2124 2922 mores

2227 2859 2364 2910 εἰσιν
2387 2859 2442 2910 αἱ
2466 2858 2523 2923 ἐξ
2549 2861 2872 2933 ἀριστερῶν·
2905 2885 2922 2915 ι
2943 2865 3000 2916 οὐ
3033 2866 3129 2936 τὴν
3152 2867 3270 2920 ὁδὸν
3291 2868 3643 2939 διαλλάττων,
3668 2876 3794 2930 ἀλλὰ

560 2967 864 3023 adumbret.
921 2985 939 3017 ‹
970 2964 1134 3020 Visus
1187 2975 1271 3019 est
1323 2971 1505 3017 autem
1552 2962 1603 3017 ei
1655 2962 1878 3032 angelus
1906 2958 2120 3014 Domini

2224 2950 2314 3004 τὸν
2337 2951 2534 3022 τρόπον
2554 2954 2940 3024 αἰνιττόμενος.
2957 2976 2978 3006 ‹
2997 2957 3170 3027 Ὠφθη
3196 2960 3251 3012 δὲ
3275 2961 3424 3032 αὐτῷ
3446 2967 3675 3032 ἄγγελος
3697 2970 3797 3021 Κυ-

557 3067 715 3112 stans
756 3072 788 3110 a
816 3057 1022 3112 dextris
1059 3055 1249 3110 altaris
1293 3053 1526 3109 incensi.
1556 3072 1576 3104 ι
1607 3053 1844 3107 Audiant
1887 3053 1979 3121 qui
2027 3052 2123 3106 ad-

2227 3044 2341 3114 ρίου
2370 3047 2434 3098 ὲκ
2461 3044 2647 3111 δεξιῶν
2675 3047 2844 3112 ἑστὼς
2871 3050 2964 3102 τοῦ
2998 3050 3377 3124 θυσιαστηρίου
3408 3057 3500 3109 τοῦ
3525 3059 3794 3132 θυμιάμα-

560 3160 709 3212 snnt.
743 3149 1345 3220 intelligantquealtari
1378 3154 1560 3201 astare
1605 3145 1826 3216 angelos
1853 3162 1866 3197 τ
1897 3145 1989 3198 ubi
2012 3159 2159 3244 -au-‘

2223 3152 2331 3198 τος.
2363 3156 2381 3188 ι
2434 3138 2801 3193 Ἀκουέτωσαν
2831 3143 2877 3193 οί
2907 3143 3188 3213 παρόντες,
3221 3149 3315 3200 καὶ
3346 3152 3696 3218 συνιέτωσαν,
3717 3157 3790 3209 ὅτι

2231 3228 2383 3248 Z_‘_-_\
2401 3245 2438 3248 ,μ
2517 3229 2540 3240 “'
2579 3230 2604 3248 n
2887 3234 2898 3248 1
3091 3237 3102 3248 ι
3387 3243 3408 3248 .-
3555 3245 3590 3248 ,Α

560 3249 666 3292 tem
699 3239 1006 3309 angelorum
1037 3236 1347 3307 praesentia,
1380 3234 1455 3288 ibi
1481 3233 1577 3288 Dei
1605 3232 1995 3287 habitaculum.
2027 3229 2121 3284 Za—
2149 3228 2159 3244 ‘

2224 3228 2442 3296 ἄγγελοι
2474 3229 2551 3300 τῷ
2579 3230 2944 3304 θυσιαστηρίῳ
2971 3237 3347 3306 παρίστανται·
3383 3243 3517 3295 ὅπου
3548 3245 3605 3296 δὲ
3636 3247 3790 3316 ἀγγέ-

559 3329 776 3385 Charias
822 3328 1077 3383 sacerdos
1129 3328 1247 3383 vice
1288 3341 1387 3381 sua
1418 3325 1626 3390 aderat,
1675 3324 1974 3394 ordineque
2018 3339 2120 3378 suo

2222 3317 2327 3373 λων
2355 3322 2713 3392 παράστασις,
2749 3326 2863 3378 ἐκεῖ
2892 3327 3024 3379 θεοῦ
3057 3332 3488 3402 κατασκήνωσις.
3522 3339 3789 3412 Ζαχαρίας

546 3437 656 3491 per
682 3421 948 3490 quoddam
982 3421 1194 3475 dierum
1226 3419 1461 3488 spatium
1493 3417 1755 3471 intererat
1777 3416 2114 3471 ministerio:

2221 3411 2249 3462 6
2288 3412 2464 3481 ίερεὺς
2503 3410 2864 3485 ἐξεφημερίαν
2903 3417 3094 3482 ἐποίει,
3126 3420 3184 3484 ἐξ
3221 3423 3440 3492 ἡμερῶν
3476 3427 3556 3490 είς
3586 3410 3787 3500 ἡμέρας

558 3529 732 3583 neque
778 3527 990 3582 semper
1031 3526 1096 3567 eo
1143 3510 1457 3572 accedebat,
1511 3508 1608 3563 sed
1646 3508 1764 3561 vice
1815 3522 1912 3562 sua
1957 3505 2120 3560 mini-

2222 3503 2626 3594 παριστάμενος
2668 3509 2733 3577 τῇ
2778 3507 3106 3582 λειτουργίᾳ·
3155 3509 3272 3583 ούδςὶ
3312 3515 3378 3567 δι’
3413 3517 3538 3572 ὅλου
3579 3523 3781 3594 χωρῶν,

558 3606 786 3659 strabat.
809 3604 997 3682 Angeli
1026 3620 1155 3660 vero
1183 3603 1275 3658 Dei
1303 3603 1395 3672 qui
1419 3602 1486 3656 ad
1509 3603 1681 3656 altare
1703 3601 1946 3671 deputati
1968 3606 2117 3664 sunt,

2223 3593 2335 3648 ἀλλ’
2361 3597 2418 3648 ἐν
2473 3600 2538 3667 τῇ
2587 3599 2862 3671 ἐφημερίᾳ
2891 3601 3233 3673 λειτουργῶν.
3275 3608 3337 3658 Oi
3377 3608 3433 3660 δὲ
3475 3593 3783 3686 ἀποκληρω-

556 3712 898 3767 nequaquam
935 3713 1028 3768 per
1053 3697 1203 3752 vices
1231 3696 1567 3757 ministrant,
1606 3695 1701 3748 sed
1731 3700 1892 3747 nocte
1924 3693 2119 3760 dieque

2221 3686 2402 3751 θέντες
2433 3689 2651 3758 ἄγγελοι
2675 3691 2766 3744 τοῦ
2801 3693 2934 3746 Θεοῦ
2964 3697 3042 3758 είς
3079 3695 3459 3771 θυσιαστήριον
3489 3691 3781 3778 ἒφημερίαν

556 3785 931 3842 indesinenter
975 3788 1130 3840 altari
1163 3795 1366 3840 astant.
1415 3784 1628 3838 Norunt
1672 3783 1766 3852 qui
1805 3787 2119 3837 contemnat

2219 3779 2279 3832 ού
2309 3781 2570 3846 ποιοῦσιν,
2600 3782 2734 3837 ἀλλὰ
2769 3785 2984 3858 νύκτωρ
3016 3789 3108 3841 καὶ
3139 3789 3256 3860 μεθ’
3282 3795 3494 3864 ἡμέραν
3525 3798 3779 3853 ἀδιασπά-

554 3887 609 3932 et
632 3881 726 3949 qui
757 3895 865 3933 non
889 3887 1203 3933 centemnat
1227 3896 1242 3934 :
1271 3877 1438 3948 probe
1465 3877 1644 3931 sciunt
1663 3875 1884 3942 quinam
1914 3874 2002 3945 pie
2029 3888 2119 3927 ac-

2221 3886 2359 3934 στως
2403 3873 2762 3944 παρίστανται
2805 3877 2881 3948 τῷ
2930 3878 3314 3952 θυσιαστηρίῳ.
3365 3886 3540 3940 Ἰσασι
3576 3891 3779 3943 καὶτὸν

513 3983 515 3987 ·
553 3971 770 4034 cedant,
804 3971 1025 4040 quinam
1055 3970 1200 4024 haud
1229 3969 1346 4038 pari
1390 3969 1550 4023 modo
1597 3974 1926 4022 accurrant:
1958 3964 2112 4019 intel-

2219 3966 2681 4035 καταφρονοῦντα,
2723 3970 2817 4021 καὶ
2857 3969 2946 4022 τὸν
2990 3972 3062 4042 μὴ
3103 3977 3565 4046 καταφρονοῦντα·
3599 3983 3779 4053 γνωρί-

555 4064 731 4131 ligunt
763 4063 986 4131 quinam
1017 4069 1164 4115 recte
1189 4061 1395 4130 jurent,
1421 4062 1642 4130 quinam
1675 4059 1990 4129 periment:
2019 4057 2118 4112 ob-

2219 4054 2370 4118 ζουσι
2419 4058 2511 4110 καὶ
2555 4060 2680 4120 τοὺς
2723 4060 2964 4124 εὐλαϐῶς
3008 4065 3346 4133 προσιόντας,
3390 4071 3482 4122 καὶ
3529 4074 3777 4142 τοὺςοοὺχ

554 4154 772 4221 signant
802 4167 897 4206 eos
925 4152 1020 4220 qui
1043 4151 1279 4205 fructum
1305 4150 1506 4215 ferunt,
1540 4165 1742 4219 eosque
1764 4150 1857 4219 qui
1878 4156 2115 4218 torpent.

2217 4145 2359 4199 οὕτω
2397 4149 2848 4220 προστρέχοντας·
2883 4152 3196 4208 ἐπίστανται
3227 4159 3474 4224 καὶτοὺς
3509 4165 3777 4235 εὐορκοῦν-

553 4246 630 4300 Ne
673 4255 885 4315 spectes
918 4245 1090 4298 altare
1130 4243 1272 4313 quod
1306 4243 1578 4313 lapidibus
1623 4244 1693 4298 sit
1738 4250 2011 4306 ornatum,
2049 4241 2116 4296 ab

2217 4252 2335 4301 τας,
2370 4239 2464 4291 καὶ
2507 4241 2633 4303 τοὺς
2675 4242 3084 4314 ἐπιορκοῦντας
3138 4248 3499 4320 σφραγίζουσι
3534 4257 3626 4307 καὶ
3665 4257 3776 4316 τοὺς

553 4335 762 4403 angelis
808 4348 1044 4404 namque
1098 4341 1363 4404 gestatnr,
1402 4333 1469 4386 ab
1497 4331 1839 4402 archangelis
1879 4332 2116 4386 circum-

2217 4331 2718 4400 καρποφοροῦντας,
2749 4335 2842 4388 καὶ
2872 4337 2996 4400 τοὺς
3025 4339 3376 4409 ναρκιῶντας.
3406 4343 3500 4415 Μὴ
3520 4347 3602 4398 ὅτι
3626 4347 3775 4408 λίθοις

551 4425 810 4496 cingitur.
858 4423 915 4478 Si
945 4424 1092 4480 enim
1136 4425 1315 4495 quivis
1357 4424 1598 4493 gentium
1646 4424 1912 4478 terminus
1952 4423 2114 4494 juxta

2216 4419 2650 4474 κεκαλλώπισται
2671 4423 2729 4475 τὸ
2751 4423 3126 4499 θυσιαστήριον
3150 4431 3358 4484 σκόπει·
3383 4435 3489 4487 ὑπὸ
3503 4437 3613 4508 γάρ
3633 4439 3777 4506 ἀγγέ-

550 4531 838 4571 numerum
867 4517 1182 4588 angelorum
1210 4517 1522 4586 assignatus
1548 4525 1651 4582 est,
1677 4517 1978 4572 secundum
2009 4517 2115 4571 hoc
2147 4562 2149 4568 ,

2176 4565 2190 4611 ’
2218 4512 2323 4566 λων
2357 4513 2700 4583 βαστάζεται,
2731 4515 2833 4568 ὑπὸ
2863 4518 3214 4589 ἀρχαγγὲλων
3240 4524 3558 4583 κυκλοῦται.
3594 4532 3654 4583 Εἰ
3681 4532 3775 4600 γὰρ

549 4607 755 4661 dictum
784 4625 798 4661 :
835 4624 853 4657 ι
886 4605 1184 4661 Constituit
1237 4607 1501 4662 terminos
1546 4608 1784 4677 gentium
1815 4608 1972 4678 juxta
2010 4624 2114 4663 nu-
2146 4608 2148 4615 ⁴

2173 4605 2186 4613 ’
2219 4608 2327 4659 πᾶν
2347 4607 2492 4678 ὅριον
2518 4607 2725 4661 ὲθνικὸν
2747 4609 2889 4663 κατὰ
2910 4611 3138 4683 ἀριθμὸν
3171 4615 3415 4684 ἀγγέλων
3436 4621 3772 4691 ὁροθετεῖται,

548 4714 759 4753 merum
811 4699 1126 4768 angelorum
1170 4697 1368 4763 Dei“;
1408 4716 1426 4750 ι
1476 4707 1681 4767 quanto
1731 4699 1902 4770 magis
1945 4699 2115 4756 altare

2212 4697 2352 4752 κατὰ
2379 4700 2439 4751 τὸ
2467 4700 2672 4768 φάσκον
2703 4703 2885 4772 ῥητόν·
2929 4723 2948 4755 ι
2984 4706 3250 4776 Ἔστησεν
3279 4709 3404 4780 ὅρια
3443 4711 3614 4765 ἐθνῶν
3650 4714 3774 4766 κατὰ

547 4795 767 4865 plenum
818 4792 1026 4863 angelis
1081 4792 1212 4858 erit;
1262 4792 1354 4846 ubi
1401 4793 1548 4861 jacet
1605 4793 1771 4846 carbo
1824 4794 2110 4863 mysticus,

2211 4790 2441 4861 ἀριθμὸν
2473 4791 2720 4860 ἀγγέλων
2753 4793 2909 4846 Θεοῦ·
2944 4815 2962 4846 ι
2995 4797 3146 4867 πόσῳ
3180 4799 3382 4868 μᾶλλον
3409 4801 3472 4852 τὸ
3499 4802 3771 4870 θυσιαστὴ-

546 4899 705 4954 quem
744 4881 950 4952 forcipe
991 4882 1219 4952 spiritus
1262 4897 1359 4952 per
1406 4881 1706 4936 sacerdotis
1742 4882 2110 4937 ministerium

2215 4896 2328 4950 ριον
2369 4881 2872 4954 ἀγγελοπλήρωτον,
2913 4885 3046 4938 ὅπου
3083 4887 3111 4937 6
3145 4889 3404 4956 μυστικὸς
3428 4889 3635 4962 ἄνθραξ
3665 4891 3773 4942 ὲπί-

550 4974 882 5044 accipientes
913 4972 1214 5043 seraphini,
1253 4972 1347 5042 qui
1383 4987 1450 5027 eo
1481 4979 1889 5042 pertranseunt,
1919 4985 2113 5038 pecca-

2211 4987 2411 5036 κειται;
2434 4969 2493 5022 ὃν
2520 4974 2583 5042 τῇ
2613 4972 2786 5025 λαϐίδι
2815 4974 2908 5027 τοῦ
2942 4976 3243 5046 πνεύματος
3266 4979 3336 5032 τὰ
3371 4985 3614 5052 σεραφὶμ
3640 4983 3770 5052 διε-ρ-

547 5081 727 5124 torum
764 5065 1141 5135 purgationem
1186 5065 1388 5134 petenti
1435 5065 1776 5135 largiuntur?
1820 5061 1974 5128 Quod
2024 5076 2114 5114 au-

2209 5066 2410 5135 χόμενα
2428 5065 2515 5118 διὰ
2526 5066 2623 5136 τῆς
2642 5059 2978 5140 λειτουργίας
2992 5071 3084 5124 τοῦ
3104 5073 3310 5142 ἱερέως,
3329 5077 3596 5148 κάθαρσιν
3613 5081 3772 5148 ἁμαρ-

548 5169 656 5212 tem
692 5158 808 5214 inec
847 5158 903 5212 in
951 5157 1109 5211 altari
1139 5157 1339 5220 adsint,
1388 5156 1510 5210 andi
1559 5157 1882 5210 clamantem
1912 5152 2105 5207 Isaiam

2205 5158 2463 5226 τημάτων
2495 5158 2570 5228 τῷ
2593 5160 2826 5214 αἰτοῦντι
2867 5161 3206 5234 χαρίζονται;
3233 5167 3343 5218 Καὶ
3381 5167 3464 5218 ὅτι
3500 5171 3558 5222 ὲν
3582 5170 3769 5230 τούτοις

542 5251 860 5319 prophetam
886 5269 898 5304 :
935 5269 952 5302 ι
993 5249 1137 5314 Vidi,
1169 5257 1222 5304 et
1255 5264 1383 5304 ecce
1411 5249 1614 5302 missus
1642 5256 1723 5302 est
1753 5245 1820 5299 ad
1858 5260 1941 5298 me
1965 5258 2106 5297 unus

2205 5251 2265 5301 τὸ
2294 5249 2697 5322 θυσιαστήριον,
2726 5253 2888 5307 ἄκουε
2927 5255 3149 5309 Ἡσαΐου
3173 5257 3265 5311 τοῦ
3296 5263 3580 5330 προφήτου
3614 5261 3767 5327 βοῶν-

540 5357 606 5394 ex
648 5341 946 5411 seraphim,
981 5351 1033 5396 et
1071 5342 1301 5397 habebat
1340 5341 1632 5394 carbonem
1685 5338 1741 5391 in
1788 5351 1949 5390 manu
1980 5351 2102 5398 sua,

2205 5354 2315 5401 τος·
2354 5358 2372 5388 ‹
2417 5339 2732 5412 Ἐθεώρουν,
2769 5345 2861 5396 καὶ
2894 5345 3000 5399 ἰδοὺ
3031 5347 3306 5418 ἀπεστάλη
3340 5350 3491 5418 πρὸς,
3502 5352 3568 5420 μὲ
3592 5351 3646 5403 ἓν
3669 5349 3766 5401 τῶν

541 5445 700 5499 quem
733 5433 932 5486 tulerat
958 5433 1165 5502 forcipe
1195 5431 1261 5487 de
1287 5431 1468 5486 altari.
1502 5430 1566 5483 Et
1587 5429 1765 5498 tetigit
1787 5428 1931 5482 labia
1955 5442 2098 5492 mea,

2210 5431 2471 5500 σεραιρὶμ,
2504 5433 2598 5484 καὶ
2617 5428 2760 5502 εἶχεν
2787 5435 3030 5506 ἄνθρακα
3061 5439 3119 5489 ὲν
3150 5439 3213 5507 τῇ
3249 5441 3394 5510 χειρὶ⁵
3424 5421 3607 5503 αὐτοῦ,
3633 5441 3686 5493 ὃν
3704 5443 3762 5510 τῇ

539 5533 592 5574 et
621 5521 695 5572 ait
721 5540 734 5575 :
764 5520 902 5575 Ecce
927 5522 1104 5590 tetigit
1137 5522 1277 5576 labia
1306 5531 1422 5586 tua,
1453 5528 1508 5576 et
1537 5519 1749 5574 auferet
1782 5519 2100 5588 iniquitates

2207 5520 2382 5574 λαϐίδι
2408 5521 2596 5576 ἔλαϐεν
2627 5525 2734 5578 ἀπὺ
2762 5525 2855 5579 τοῦ
2886 5527 3288 5599 θυσιαστηρίου·
3333 5531 3429 5584 καὶ
3469 5532 3641 5604 ἥψατο
3666 5531 3765 5583 τῶν

611 5637 628 5666 ⁷
666 5638 798 5691 Gen.
837 5654 1006 5701 xvni,
1045 5639 1131 5692 10.
1207 5639 1227 5670 ⁸
1266 5639 1286 5692 1
1319 5640 1450 5710 Reg.
1490 5655 1542 5707 ι,
1580 5640 1666 5696 18.
1772 5641 1792 5672 °
1832 5639 1977 5696 Psal.
2017 5655 2126 5706 cu,

540 5707 584 5736 ⁸³
629 5704 782 5761 lit-ut.
819 5723 970 5764 xxxu
993 5748 1007 5772 ,
1042 5708 1096 5762 8.

2161 5639 2213 5697 δ.
2262 5636 2268 5646 ·
2334 5622 2378 5673 ιδ
2416 5640 2552 5697 Luc.
2590 5659 2640 5710 ι,
2678 5643 2767 5699 56.
2873 5647 2913 5677 ιι
2957 5647 3090 5701 ibid.
3131 5648 3216 5702 ιι.
3296 5651 3341 5681 η
3382 5649 3543 5707 Prov.
3579 5647 3760 5716 mer.

611 5797 750 5869 (δυ’)
786 5800 963 5872 Vulg,
995 5802 1213 5872 ἢκουσε.
1249 5799 1404 5855 Εοιτ.

2301 5805 2455 5875 (30“)
2489 5803 2670 5876 Vulg.,
2703 5809 2914 5875 ἑστῶτι,
2944 5827 3249 5882 perperam.
3287 5811 3435 5868 locu.
