3924 6522
195 393 300 452 909

1070 391 1462 447 HOMILIA'IN
1499 388 1972 446 NATIVITATEM
2006 387 2537 446 PRECURSORIS.

3315 393 3419 445 9l0

191 509 420 577 χειλέων
446 525 568 578 μου,
593 507 682 560 καὶ
704 502 871 560 εἶπεν⁹
912 507 1040 560 Ἰδοὺ
1063 507 1241 577 ἥψατο
1267 508 1374 560 τῶν
1400 507 1620 577 χειλέων
1645 525 1754 572 σου,

1864 513 2008 570 tuas,
2057 514 2111 560 et
2148 503 2369 575 peccata
2413 515 2508 561 tua
2549 507 2800 578 purgabit
2823 509 2885 564 “.
2913 530 2930 559 ι
2966 507 3156 565 Viden‘
3193 498 3414 581 quinam

191 601 285 654 καὶ
320 602 544 670 ἀφαιρεί
572 599 667 663 τὰς
692 599 916 669 ἀνομίας
941 617 1055 663 σου,
1093 601 1186 653 καὶ
1219 599 1319 663 τὰς
1353 601 1625 674 ἁμαρτίας
1670 616 1761 652 σου

190 692 598 761 περικαθαριεῖ.
633 711 648 739 ι
701 687 851 753 Εἶδες
897 691 1040 755 τίνες
1075 692 1432 762 παρίστανται
1464 691 1540 762 τῷ
1573 691 1762 746 θυσια-

189 783 426 853 στηρίῳ,
476 784 567 835 καὶ
603 783 733 844 οἵοις
771 783 1064 852 ὀφθαλμοῖς
1100 783 1180 835 δεῖ
1220 782 1541 846 ὲνατενίζειν
1582 783 1759 849 ἔνδον,

186 873 479 946 καθαροῖς,
511 873 738 937 ἀδόλοις,
773 875 1168 944 εύμεταδότοις,
1196 873 1583 944 φιλοπτὼχοις;

260 962 316 1015 2.
363 964 429 1015 Τί
451 959 540 1016 οὖν
560 965 589 1015 6
617 965 1006 1035 εύαγγελιστὴς
1030 966 1271 1030 Λουκᾶς;
1305 964 1466 1018 καλὸν
1487 965 1595 1036 γὰρ
1618 967 1763 1035 ἡμᾶς

183 1055 291 1123 τῆς
321 1053 503 1125 πάσης
521 1056 897 1126 πραγματείας
927 1055 1291 1109 ἐπιλαϐέσθαιο
1326 1074 1344 1106 ι
1379 1055 1555 1126 Ὠφθη
1583 1056 1639 1110 δὲ
1663 1058 1760 1108 αύ-

184 1146 293 1218 τῷ,
351 1148 534 1217 φησὶν,
594 1146 821 1214 ἄγγελος
853 1148 1056 1218 Κυρίου
1103 1146 1272 1211 ἑστὼς
1316 1151 1381 1200 ὲκ
1421 1146 1608 1213 δεξιῶν
1667 1149 1760 1201 τοῦ

185 1237 583 1309 θυσιαστηρίου
633 1238 726 1290 τοῦ
767 1238 1124 1308 θυμιάματος.
1173 1239 1280 1291 Καὶ
1315 1239 1436 1291 ἰδὼν
1465 1241 1758 1312 Ζαχαρίας,

184 1327 494 1399 ἐταράχθη,
540 1327 633 1380 καὶ
675 1328 836 1397 φόϐος
881 1331 1144 1382 ἐπέπεσεν
1189 1331 1273 1382 ἐπ’
1307 1331 1485 1384 αὐτόν.
1533 1329 1665 1385 Εἷπε
1705 1333 1761 1386 δὲ

184 1417 344 1486 αὐτῷ
369 1421 398 1470 6
431 1416 680 1485 ἄγγελος·
715 1418 804 1487 Μὴ
839 1418 1024 1487 φοϐοῦ,
1054 1421 1315 1491 Ζαχαρία,
1343 1421 1475 1474 διότι
1508 1422 1760 1492 εἰσηκού-

185 1508 293 1577 σθη
321 1511 356 1579 ἠ
377 1508 558 1578 δέησίς
583 1525 696 1572 σου,
727 1509 818 1561 καὶ
850 1509 956 1561 ίδοὺ
993 1509 1271 1564 Ἐλισάϐετ
1295 1513 1327 1582 ή
1349 1515 1614 1585 συγγενής
1636 1532 1728 1567 σου
1745 1558 1758 1580 ,

183 1599 443 1668 γεννήσει
468 1598 582 1650 υἱόν
604 1615 705 1663 σοι,
731 1598 823 1651 καὶ
843 1597 1089 1662 καλέσεις
1111 1600 1171 1652 τὸ
1190 1600 1357 1671 ὄνομα
1383 1603 1545 1656 αὑτοῦ
1585 1605 1762 1658 Ἰωάν-

183 1707 308 1760 νην.
344 1689 456 1742 Καὶ
489 1689 640 1742 ἔσται
667 1689 808 1758 χαρὰ
838 1706 917 1742 σοι
953 1691 1045 1743 καὶ
1088 1692 1424 1759 ἀγαλλίασις,
1469 1697 1561 1749 καὶ
1599 1699 1760 1751 παντὶ

1864 599 1973 651 sint
1994 597 2088 666 qui
2116 598 2271 651 altari
2304 600 2506 661 astant,
2535 606 2588 652 et
2611 600 2932 669 quibusnam
2964 603 3138 658 oculis
3162 603 3419 674 introspi-

1862 703 1987 742 cere
2018 703 2116 759 par
2167 690 2260 750 sit,
2293 689 2549 753 sinceris,
2585 691 2711 746 dolo
2739 694 3074 758 carentibus,
3121 697 3415 765 muniﬁcis,

1863 795 2159 850 pauperum
2192 781 2496 836 amantibus
2526 781 2548 833 ?

1933 959 1990 1015 2.
2027 958 2167 1025 Quid
2203 961 2368 1032 igitur
2405 962 2580 1020 Lucas
2611 965 2980 1037 evangelista?
3014 975 3231 1037 oportet
3275 969 3417 1025 enim

1863 1058 2036 1105 totum
2098 1068 2428 1110 resumere:
2475 1074 2495 1106 ι
2527 1055 2704 1121 ,νὶευε
2760 1058 2846 1122 ei,
2911 1059 3127 1130 inquitf,
3198 1063 3420 1133 angelus

1863 1141 2097 1206 Domini,
2129 1153 2280 1200 stans
2322 1161 2351 1198 a
2396 1145 2601 1202 dextris
2632 1149 2818 1204 altaris
2860 1151 3086 1207 incensi.
3136 1152 3198 1208 Et
3229 1154 3422 1211 videns

1864 1231 2156 1289 Zacharias
2186 1235 2438 1290 turbatus
2469 1245 2573 1300 est,
2597 1246 2649 1292 et
2671 1239 2836 1292 timor
2857 1241 3052 1295 cecidit
3082 1259 3246 1313 super
3271 1260 3417 1299 eum.

1861 1325 1953 1377 Ait
1982 1334 2164 1380 autem
2198 1327 2274 1380 illi
2305 1329 2527 1398 angelus
2554 1348 2567 1383 :
2593 1329 2670 1385 Ne
2703 1331 2916 1400 timeas,
2959 1333 3244 1400 Zar-haria,
3276 1354 3420 1408 quo-

1818 1453 1825 1466 .
1862 1418 2007 1470 niam
2031 1417 2285 1472 exaudita
2315 1427 2399 1474 est
2429 1422 2604 1475 oratio
2635 1430 2748 1488 tua,
2771 1430 2824 1478 et
2861 1439 2988 1479 ecce
3019 1425 3256 1482 Elisabet
3282 1445 3421 1482 uxor

1870 1517 1960 1561 tua
1986 1509 2159 1577 pariet
2191 1509 2287 1564 tibi
2339 1511 2510 1564 filium
2551 1520 2606 1566 et
2634 1517 2853 1570 vocabis
2883 1533 3078 1572 nomen
3109 1520 3228 1588 ejus
3255 1519 3422 1576 Joan-

1863 1615 2007 1655 nem.
2050 1599 2117 1654 Et
2161 1603 2266 1656 erit
2291 1603 2387 1656 tibi
2435 1605 2689 1674 gaudin
2734 1615 2788 1661 et
2836 1609 3128 1665 exsultatio
3174 1620 3229 1666 et
3271 1614 3420 1667 omni

1860 1692 2058 1761 p0pulo
2089 1701 2182 1748 tuo
2204 1695 2272 1747 '3;
2298 1713 2316 1745 ι
2350 1692 2476 1750 Ηωο
2497 1697 2748 1767 loquente
2784 1701 2995 1770 angelo,
3029 1717 3226 1771 pavore
3260 1719 3324 1759 ac
3352 1707 3422 1759 ti-

181 1781 266 1852 τῷ
287 1782 406 1852 λαῷ
445 1799 560 1834 σου.
599 1800 616 1832 ι
651 1781 833 1833 Ταῦτα
867 1782 959 1834 τοῦ
1004 1783 1232 1852 ἀγγέλου
1275 1787 1696 1858 διαγορεύοντος,
1732 1791 1754 1841 6

1863 1796 2014 1837 more
2032 1781 2124 1838 Dei
2151 1793 2434 1854 correptus
2459 1787 2748 1845 Zacharias
2766 1793 3046 1860 respondit
3066 1794 3144 1847 illi
3169 1814 3180 1848 :
3201 1795 3423 1867 Absque

185 1849 468 1944 Ζαχαρίας
487 1875 545 1925 ὲν
564 1872 751 1940 τούτῳ,
780 1871 948 1943 δειλίᾳ
1085 1849 1230 1946 φόϐῳ
1254 1849 1386 1928 Θεού
1415 1849 1754 1948 συλληφθεῖς,

1863 1870 2059 1926 timore
2098 1872 2260 1941 jubes
2306 1890 2391 1929 me
2426 1875 2758 1942 ministrare,
2808 1881 2998 1951 aisque
3028 1884 3160 1938 mihi
3187 1903 3201 1939 :
3232 1884 3308 1940 Ne
3352 1888 3423 1940 ti-

186 1965 569 2036 ἀνταπεκρίθη
601 1967 734 2037 πρὸς
760 1967 847 2019 τὸν
878 1967 1104 2035 ἄγγελον
1142 1968 1381 2034 φάσκων·
1421 1969 1565 2034 Ἕξω
1594 1972 1756 2039 φόϐου

186 2056 437 2120 κελεύεις
473 2074 540 2127 με
581 2058 896 2128 ὑπουργεῖν,
941 2060 1035 2112 καὶ¹
1077 2059 1251 2127 λέγεις
1288 2077 1396 2130 μοι·
1439 2061 1530 2131 Μὴ
1569 2062 1755 2130 φοϐοῦ,

184 2149 460 2219 Ζαχαρίαο
487 2149 581 2202 καὶ
615 2148 731 2213 πῶς
754 2145 864 2202 οἷόν
887 2167 947 2202 τε
975 2149 1165 2215 rod-co;
1212 2155 1274 2204 Ὃ
1309 2153 1406 2204 οὐκ
1437 2149 1575 2205 εἶδόν
1605 2171 1754 2218 ποτε,

183 2239 284 2293 νῦν
311 2243 371 2293 ὲν
396 2239 634 2311 πρώτοις
664 2240 945 2311 τεθέαμαι,
978 2241 1088 2312 πῦρ
1119 2242 1757 2315 φθεγγόμενον,’ἁσώμα-

183 2346 277 2382 τον
331 2329 651 2400 ἄνθρωπον,
696 2330 1050 2401 ζωγραφητὺν
1099 2333 1418 2401 πρόσωπον,
1469 2333 1760 2389 ἀσύνθετον

183 2419 333 2489 ww,
364 2419 820 2488 νεφελοσύστατον
850 2423 1051 2493 σχῆμα,
1083 2422 1374 2494 ἀερόϐατον
1401 2424 1604 2496 δρομέα
1631 2443 1758 2479 πτε-

185 2507 435 2578 ροϐόλον,
454 2508 515 2562 θυ
522 2510 871 2582 σιοπάρεδρον
885 2511 1039 2580 λόγον
1053 2513 1352 2578 ἐκϐάλλεις,
1375 2517 1469 2570 καὶ
1485 2514 1646 2586 φόϐον
1661 2519 1758 2572 δει-

185 2601 474 2664 κνύειςοτὰ
497 2602 714 2673 ῥήματά
730 2619 823 2656 σου
837 2603 1056 2674 πύρινα,
1070 2607 1163 2659 καὶ
1178 2607 1242 2660 τὰ
1261 2609 1646 2681 ὲπαγγέλματά
1663 2629 1755 2664 σου

183 2693 477 2747 δύσπιστα.
505 2693 782 2748 Ἐλισάϐετ
801 2698 1144 2768 κυοφορήσει,
1168 2699 1322 2767 κάγὼ
1353 2702 1530 2775 πατὴρ
1557 2704 1758 2758 ἀναδει-

185 2787 464 2860 χθήσομαι
485 2804 500 2855 ;
520 2787 646 2842 ’θτε
667 2787 894 2844 Θανάτου
915 2792 1170 2860 γειτονία,
1187 2794 1304 2847 τότε
1323 2798 1512 2861 παιδὸς
1528 2816 1758 2872 φυτουρ-

189 2883 280 2950 γία
303 2883 459 2948 ;”οτε
479 2881 702 2944 πάππος
716 2881 814 2953 τὴν
830 2882 1060 2953 ἡλικίαν,
1078 2885 1196 2938 τότε
1222 2887 1404 2958 πατὴρ
1419 2887 1515 2959 τὴν
1536 2891 1758 2961 προσδο-

184 2972 347 3036 κίαν;
370 2972 533 3040 λόγος
572 2973 706 3042 πρὸς
745 2973 901 3042 γόνον
923 2973 1112 3037 οὐδείς·
1130 2975 1355 3048 ἐσϐέσθη
1378 2977 1445 3031 τὰ
1466 2979 1757 3051 γεννητικὰ

189 3065 376 3134 μόρια,
412 3063 742 3136 ὲκαθεύδησε
767 3064 948 3118 λοιπὸν
977 3067 1010 3136 ἡ
1039 3065 1218 3135 φύσις,
1249 3069 1591 3134 ἁδιύπνιστος
1620 3072 1758 3145 πρὸς

1861 1978 2032 2026 meas,
2069 1964 2369 2032 Zacharia;
2417 1983 2588 2038 ecqua
2639 1973 2847 2028 ratione
2889 1973 3005 2029 ﬁeri
3050 1977 3181 2031 illud
3210 1981 3425 2048 potest?

1860 2053 2014 2118 Quod
2056 2070 2333 2124 nunquam
2366 2057 2607 2113 videram
2658 2077 2803 2117 nunc
2847 2065 3080 2132 primum
3117 2071 3420 2139 conspicio.

1862 2144 2172 2215 loquentem
2199 2148 2398 2218 ignem,
2420 2149 2802 2222 incorporeum
2825 2155 3121 2222 hominem,
3145 2160 3422 2231 depictum

1860 2238 2094 2305 vultum,
2140 2239 2560 2310 incompositum
2614 2256 2916 2314 aspectum,
2962 2248 3209 2306 habitum
3259 2255 3422 2309 nubis

1861 2329 2094 2396 speciem
2118 2329 2404 2400 ferentem,
2427 2348 2641 2388 aereum
2663 2341 2942 2393 cursorem
2963 2336 3188 2407 alatum,
3214 2358 3420 2402 sermo-

1859 2431 1985 2471 nem
2018 2419 2160 2472 inter
2176 2421 2444 2476 sacriﬁcia
2466 2435 2833 2495 erumpentem
2852 2431 3080 2497 emittis,
3101 2443 3303 2489 metum
3329 2437 3383 2490 in
3402 2466 3418 2479 -

1860 2507 2024 2570 cutis,
2055 2509 2216 2562 verba
2241 2517 2330 2564 tua
2364 2513 2540 2583 ignea,
2563 2522 2618 2568 et
2642 2519 2908 2584 promissa
2933 2527 3023 2574 tua
3051 2524 3260 2578 credita
3281 2524 3421 2581 ditii-

1861 2599 2006 2653 cilia.
2031 2599 2268 2656 Elisabet
2291 2611 2505 2659 uterum
2530 2609 2792 2677 gestabit;
2827 2623 2999 2682 et'ego
3017 2624 3171 2684 pater
3190 2632 3314 2675 esse
3329 2619 3422 2674 de—

1860 2690 2150 2745 clarabor?
2175 2691 2308 2774 cum
2349 2695 2524 2750 vicina
2555 2714 2721 2764 mors,
2760 2708 2946 2758 tumne
2973 2720 3108 2773 puer
3139 2708 3424 2778 gignitur?

1858 2779 1994 2836 Cum
2025 2790 2183 2838 aetate
2207 2800 2340 2842 avus
2367 2800 2487 2842 esse
2503 2791 2730 2860 possim,
2757 2798 2942 2848 tumne
2965 2810 3050 2850 me
3073 2808 3279 2867 patrem
3308 2800 3423 2857 fore

1857 2873 2389 2940 sperandum?Nulla
2410 2879 2662 2948 gignendi
2681 2882 2851 2939 ratio:
2874 2887 3127 2955 genitalia
3149 2892 3418 2946 exstincta

1856 2961 2013 3032 331
2059 2971 2205 3030 sunt,
2238 2965 2437 3020 dormit
2464 2969 2577 3037 jam
2609 2979 2822 3039 natura,
2854 2989 2952 3028 nec
2986 2977 3211 3033 excitari
3226 2987 3422 3051 potest

1859 3053 1926 3107 ad
1953 3057 2470 3126 concupiscentiam,
2495 3061 2562 3114 ad
2591 3062 2913 3119 oblivionem
2946 3068 3030 3122 sui
3059 3069 3289 3126 devenit.
3312 3072 3420 3142 Ego

183 3156 368 3229 ὄρεξιν
401 3157 572 3227 μένει,
603 3155 769 3227 λήθην
799 3158 994 3228 ἑαυτῆς
1025 3159 1333 3230 εἰργάσατο.
1366 3163 1536 3232 Κάγὼ
1562 3163 1638 3234 τῷ
1663 3166 1754 3236 γή-

1859 3165 1970 3220 prae
1997 3158 2272 3206 senectute
2297 3168 2486 3210 versus
2511 3162 2708 3209 terram
2741 3168 2996 3214 curvatus
3023 3178 3163 3227 sum,
3182 3163 3292 3232 jam
3317 3165 3422 3220 sibi

184 3266 309 3321 ρατι
334 3252 404 3320 τῇ
434 3253 507 3319 γῇ
534 3248 920 3320 προσνένευκα,
946 3252 1040 3302 καὶ
1079 3251 1355 3304 Ἐλισάϐετ
1381 3253 1516 3324 πρὸς
1547 3255 1754 3324 ἑτοιμα-

1859 3240 2395 3307 Elisabet,baculum
2458 3250 2752 3318 apparavit.
2791 3249 2963 3306 Semel
3015 3255 3161 3308 arida
3189 3257 3422 3311 Aaronis

186 3343 308 3396 σίαν
340 3341 646 3412 βακτηρίαν
676 3342 1012 3413 μεμίσθωται
1034 3383 1047 3397 .
1113 3343 1295 3410 Ἀπαξ
1326 3347 1358 3415 ἡ
1397 3345 1534 3416 ξηρὰ
1563 3346 1755 3416 ῥάϐδος

185 3435 278 3489 τοῦ
313 3435 529 3505 Ἀαρὼν
556 3435 806 3505 ήνθησεν,
834 3436 953 3505 οὐχὶ
973 3436 1028 3488 δὲ
1053 3436 1326 3500 πολλάκις.
1353 3440 1506 3492 Κατὰ
1536 3441 1586 3492 τί
1619 3439 1756 3508 γνὼ-

186 3544 354 3599 σομαι
387 3527 578 3592 τοῦτος
621 3529 676 3581 Ὀ
704 3527 759 3580 δὲ
787 3527 1015 3596 ἄγγελος
1053 3530 1188 3600 πρὸς
1223 3531 1383 3584 αὐτόν
1403 3549 1417 3561 ο
1449 3532 1511 3583 Τί
1577 3532 1758 3586 ἀδολε-

184 3609 645 3692 σχεῖς,.Ζαχαρία
669 3622 800 3686 ;’καὶ
836 3620 1152 3691 ἱερατεύεις,
1188 3624 1279 3676 καὶ
1310 3622 1613 3688 διστάζεις;
1663 3625 1754 3698 Μὴ

182 3715 289 3768 οὐκ
321 3711 394 3785 ἦν
438 3715 691 3787 Ἀϐραὰμ
727 3716 1136 3786 ἑκατονταετὴς,
1173 3716 1266 3768 καὶ
1294 3716 1477 3787 Σάρρα
1511 3718 1646 3786 πρὸς
1672 3718 1758 3770 νέ-

181 3824 395 3879 κρωσιν
429 3808 651 3878 μήτραςέ
673 3808 1075 3879 ἀσχολουμένη;
1112 3806 1197 3878 Μὴ
1244 3807 1478 3861 ἔστειλεν
1499 3811 1526 3861 6
1552 3809 1756 3863 τούτων

179 3899 435 3971 καρπός;
466 3900 531 3952 Εί
564 3901 638 3970 μὴ
663 3895 804 3970 εἶχες
831 3899 1222 3969 ὑποδείγματα,
1251 3899 1427 3962 καλῶς
1451 3901 1750 3966 ἐδίστασας·

177 3991 230 4046 εί
274 3991 335 4044 δὲ
380 3991 441 4057 ἐξ
475 3991 696 4044 ἐκείνων
727 3993 962 4064 κατάγῃ,
996 3991 1049 4042 τί
1085 3990 1152 4044 τὰ
1189 3991 1410 4043 ἐκείνων
1445 3993 1502 4044 οὐ
1535 3993 1752 4066 διανοῇ,

185 4081 250 4135 ὀ
279 4080 496 4144 ἐθνικὸς
548 4080 796 4151 Ἀϐραὰμ
829 4080 1132 4143 ἐπίστευσε,
1169 4082 1261 4133 καὶ
1291 4081 1318 4132 ὀ
1356 4081 1621 4152 ίερατικὸς
1650 4085 1756 4154 άμ-

177 4172 501 4243 φιϐάλλειςς
545 4174 750 4234 ἐκεῖνος
786 4171 941 4234 ἐκτὸς
970 4171 1309 4240 θυμιάματος
1341 4171 1628 4243 ἐμυρίσθη,
1662 4174 1754 4226 καὶ

178 4266 246 4318 σὺ
286 4265 346 4315 ὲν
379 4261 459 4332 τῷ
491 4259 856 4330 θυσιαστηρίῳ
879 4259 1244 4330 sxa-micon“
1280 4261 1482 4323 ἐκεῖνος
1510 4261 1598 4313 τὸν
1626 4261 1754 4332 κλη-

179 4356 416 4426 ρονόμον
442 4353 727 4424 δεχόμενος
754 4350 1064 4421 ἠγαλλιᾶτο,
1097 4353 1188 4404 καὶ
1224 4353 1287 4405 σὺ
1320 4353 1410 4405 τὸν
1451 4353 1751 4424 πρόδρομον

188 4447 451 4516 Ἰωάννην
484 4447 563 4508 είς
594 4443 744 4497 οὐδὲν
786 4443 1007 4514 λογίζῃ;
1041 4443 1209 4506 Αὐτός
1241 4460 1298 4496 σε
1329 4445 1425 4514 τῆς
1457 4445 1751 4515 καταδίκης

1855 3335 2004 3405 virga
2060 3337 2318 3403 ﬂoruit“,
2351 3339 2444 3394 sed
2499 3356 2609 3396 non
2658 3341 2880 3410 pluries.
2921 3344 3040 3410 Quo
3089 3347 3242 3417 signo
3288 3350 3422 3404 illud

1854 3427 2066 3482 norim?
2092 3428 2227 3483 Tum
2264 3432 2489 3500 angelus
2527 3433 2601 3487 illi
2637 3453 2649 3488 :
2685 3435 2824 3500 Quid
2853 3439 3097 3507 nugaris,
3124 3439 3420 3498 Zachariai

1855 3518 2160 3572 sacerdotio
2200 3519 2439 3592 iungeris
2490 3531 2543 3576 et
2589 3524 2842 3579 dubitas?
2893 3525 3082 3584 Nonne
3145 3530 3422 3585 Abraham

1855 3610 2221 3674 centenarius,
2242 3620 2294 3668 et
2313 3611 2459 3668 Sane
2482 3616 2638 3670 vulva
2664 3617 2931 3672 exstincta
2957 3619 2999 3649 ⁸⁷
3016 3623 3163 3674 erat?
3195 3622 3273 3689 Arg
3300 3623 3421 3678 ideo

1855 3715 2042 3753 eorum
2095 3701 2304 3756 fructus
2357 3704 2630 3760 cohibitus
2681 3707 2802 3761 est?
2836 3706 2894 3761 Si
2942 3723 3048 3762 non
3111 3720 3422 3781 suppeteret

1855 3791 2180 3860 exemplum,
2200 3792 2323 3860 jure
2349 3795 2655 3863 dubitares;
2687 3798 2831 3866 quod
2860 3800 2906 3854 si
2934 3800 3001 3854 ab
3023 3801 3130 3855 illis
3156 3805 3419 3873 originem

1855 3886 2029 3952 ducis,
2057 3904 2222 3958 quare
2251 3904 2370 3957 qua!
2397 3888 2519 3944 illos
2542 3898 2786 3958 spectant
2813 3907 2921 3946 non
2945 3896 3247 3965 recogitas?
3273 3896 3419 3952 Gen-

1855 3980 1964 4035 tilis
2021 3980 2294 4035 Abraham
2343 3982 2645 4046 credidit”,
2674 3984 2728 4037 et
2762 3991 2819 4037 tu
2855 3985 3110 4041 sacerdos
3159 3988 3420 4060 ambigis?

1855 4071 1945 4127 ille
1991 4072 2195 4142 absque
2232 4073 2454 4129 incenso
2514 4073 2718 4139 sumtu,
2763 4076 3022 4145 perﬂatus
3051 4087 3152 4141 est,
3181 4088 3235 4134 et
3269 4090 3331 4137 tn
3363 4083 3417 4135 in

1855 4163 2010 4215 altari
2065 4162 2398 4231 fumigatus?
2431 4162 2653 4219 llaerede
2695 4165 2784 4220 ille
2839 4176 3060 4237 accepto
3093 4172 3414 4238 exsultavit;

1853 4265 1912 4309 tu
1954 4271 2345 4325 praecursorem
2397 4254 2660 4311 Joannem
2711 4257 2846 4311 nihil
2906 4261 3159 4329 reputas?
3207 4261 3322 4330 Ipse
3365 4273 3418 4318 te

1853 4347 2202 4404 damnatione
2251 4349 2547 4405 liberabit:
2586 4351 2701 4421 ipse
2744 4360 2796 4406 te
2827 4361 2979 4408 eruet
3012 4369 3042 4408 a
3073 4356 3363 4412 maledicto
3400 4376 3414 4411 :

1854 4441 1972 4509 ipse
2014 4441 2219 4496 clavem
2268 4442 2466 4514 linguae
2515 4452 2688 4514 gestat
2723 4452 2869 4500 tum:
2906 4446 3104 4502 multos
3141 4460 3417 4506 convertet

174 4539 466 4606 ὲξελεῖται,
501 4537 663 4600 αὐτός
693 4553 752 4590 σε
776 4537 876 4606 τῆς
906 4536 1146 4607 κατάρας
1175 4535 1513 4606 ἐλυτρὼσατο
1535 4554 1547 4566 ο
1590 4538 1747 4602 αὐτός

1856 4533 1917 4586 ad
1948 4532 2234 4588 Dominum
2270 4553 2283 4589 :
2318 4535 2435 4604 ipse
2464 4534 2518 4588 in
2565 4537 2762 4592 virtute
2793 4537 2922 4592 Elia:
2962 4540 3240 4610 propheta:
3292 4557 3416 4611 pro-

177 4651 276 4688 σου
329 4633 432 4704 τὴν
481 4631 804 4700 γλωττιαίαν
855 4631 1037 4685 κλεῖδα
1083 4631 1361 4700 βαστάζει·
1410 4631 1570 4693 αὐτὸς
1612 4631 1749 4700 πρὸς

173 4727 388 4796 Κύριον
415 4722 642 4786 πολλοὺς
664 4721 976 4793 ἐπιστρέψει
995 4738 1008 4750 ·
1041 4721 1203 4784 αὐτὸς
1225 4724 1283 4774 ὲν
1307 4721 1530 4792 δυνάμει
1570 4721 1746 4774 Ἠλίου

172 4815 271 4868 τοῦ
303 4813 582 4885 προφήτου
617 4812 1064 4883 προπορεύσεται,
1091 4810 1151 4863 οὐ
1182 4811 1402 4883 πύρινον
1433 4812 1620 4874 σκεῦος
1652 4813 1746 4883 ἁρ-

177 4903 530 4976 ματηλατῶν,
558 4901 692 4956 ἀλλὰ
716 4902 776 4954 τὸ
822 4901 1131 4973 Ἰορδάνειον
1164 4901 1383 4972 λουτρὸν
1414 4901 1746 4972 εὖτρεπίζων

158 4996 262 5050 ιδιά
309 4994 406 5047 τὸν
463 4992 630 5046 πολὺν
680 4991 849 5064 ῥύπον
890 4991 996 5045 τῶν
1043 4991 1342 5062 ἁμαρτιῶν.
1401 4992 1491 5044 Διό
1536 5007 1616 5044 σοι
1654 4991 1748 5044 καὶ

173 5089 352 5140 εἰπεῖν
387 5083 792 5156 προσετάχθην·
845 5103 864 5135 ι
900 5082 1240 5153 Είσηκούσθη
1273 5084 1305 5152 ἡ
1345 5081 1526 5152 δέησίς
1555 5099 1647 5135 σου
1675 5101 1686 5112 ·
1724 5102 1742 5133 ι

173 5181 258 5232 ἕντι
295 5176 532 5246 ἔφθασεν
564 5177 592 5228 6
623 5175 816 5246 καιρὸς
847 5177 874 5227 6
909 5174 1072 5228 πάλαι
1108 5173 1508 5244 προφητευθεὶς
1540 5176 1632 5226 καὶ
1655 5174 1748 5228 νῦν

173 5269 516 5342 πληρωθείς·
558 5287 576 5320 ι
605 5266 758 5338 Φωνὴ
793 5265 1018 5336 βοῶντος
1050 5268 1106 5319 ἐν
1139 5270 1204 5338 τῇ
1238 5267 1456 5337 ἐρήμῳ*
1503 5267 1750 5336 Ἑτοιμά-

175 5381 306 5418 σατε
351 5361 450 5432 τὴν
490 5361 607 5415 ὁδὸν
650 5360 885 5432 Κυρίου,
920 5361 1134 5421 εὐθείας
1167 5360 1370 5411 ποιεῖτε
1402 5359 1500 5420 τὰς
1529 5359 1747 5428 τρίϐους

173 5453 376 5508 αὐτοῦ.
418 5469 441 5506 ι
498 5453 612 5506 Οὐκ
665 5450 913 5519 ἄγγελος,
971 5449 1032 5502 ού
1086 5448 1347 5520 πρέσϐυς,
1381 5449 1492 5501 ἀλλ’
1527 5450 1687 5512 αὐτὸς
1717 5452 1745 5502 6

175 5543 380 5615 Κύριος
410 5542 529 5613 ἡξει
562 5542 656 5596 καὶ
687 5540 850 5594 σώσει
882 5541 1060 5610 ἡμᾶς.
1117 5537 1214 5592 Διὰ
1242 5539 1424 5601 τοῦτο,
1461 5540 1737 5610 Ζαχαρία,

255 5720 277 5752 ⁸
312 5718 420 5774 lsa.
458 5735 546 5780 νι,
581 5718 704 5783 6,7.
784 5719 827 5749 ¹⁵
867 5715 1001 5772 Luc.
1038 5733 1089 5779 ι,
1128 5716 1311 5770 H-M.

179 5791 260 5846 Π.
334 5791 381 5822 ¹⁶
420 5789 554 5846 ibid.
593 5791 678 5843 15.
754 5791 793 5821 ²¹
840 5787 942 5843 lsa.
978 5804 1077 5852 η,
1117 5787 1167 5841 5.

1427 5717 1469 5748 ¹⁶
1508 5714 1668 5771 Num.
1707 5731 1840 5785 xvn,
1876 5717 1927 5771 8.

1851 4625 2172 4694 phetabit“,
2191 4641 2298 4681 non
2339 4629 2496 4696 igneo
2517 4643 2679 4681 curru
2705 4638 2911 4693 vectus,
2945 4632 3039 4685 sed
3063 4631 3414 4688 Jordanicum

1848 4735 2158 4789 praeparans
2208 4719 2504 4785 lavacrum,
2558 4730 2780 4790 pr0pter
2826 4722 3024 4776 multas
3065 4733 3411 4792 peccatorum

1851 4810 2059 4864 sordes.
2086 4809 2444 4875 Quamobrem
2463 4810 2653 4878 jussus
2677 4825 2795 4864 sum
2824 4811 2921 4864 tibi
2950 4811 3159 4870 dicere:
3192 4832 3210 4865 ι
3239 4813 3416 4868 Exau-

1850 4898 1962 4952 dita
1999 4909 2082 4953 est
2112 4900 2287 4953 oratio
2311 4907 2403 4952 tua
2419 4901 2497 4965 '°;
2533 4918 2552 4950 ι
2590 4901 2715 4969 quia
2765 4899 2980 4955 advenit
3021 4910 3231 4971 tempus
3283 4902 3411 4955 olim

1847 4992 2264 5060 praenuntiatum
2293 5006 2325 5045 a
2358 4994 2655 5062 prophetis,
2686 5008 2833 5048 nunc
2875 4993 3153 5063 impletum
3189 5012 3201 5046 :
3243 5014 3260 5044 ‹
3301 4993 3414 5047 Vox

1846 5086 2131 5138 clamantis
2166 5085 2220 5138 in
2260 5085 2477 5140 deserto
2509 5104 2519 5137 :
2552 5085 2744 5140 Parate
2791 5087 2931 5140 viam
2978 5085 3412 5150 Domini,rectas

1845 5175 2006 5230 facile
2033 5176 2252 5230 semitas
2273 5175 2472 5244 ejus".
2488 5197 2506 5230 ι
2533 5177 2651 5232 Non
2672 5180 2917 5250 angelus,
2935 5195 3040 5233 non
3068 5180 3297 5250 legatus,
3317 5180 3411 5236 sed

1848 5267 1964 5335 ipse
2017 5265 2280 5321 Dominus
2336 5270 2517 5323 veniet
2549 5276 2602 5324 et
2635 5270 2864 5325 salvabit
2892 5286 3014 5325 nos.
3047 5271 3409 5340 Quapropter,

1850 5357 2132 5422 Zacharia,
2175 5364 2231 5411 tu
2290 5365 2409 5413 esto
2437 5367 2638 5423 mutus,
2680 5368 2924 5430 accepto,
2958 5361 3012 5413 in
3043 5361 3414 5430 repugnantia)

1847 5453 2108 5516 tempore,
2140 5449 2333 5502 merito
2387 5450 2652 5519 supplicio
2697 5469 2708 5504 :
2761 5467 2860 5521 ego
2909 5467 3037 5506 vero
3093 5452 3162 5506 ab
3189 5452 3310 5520 {alio
3355 5453 3411 5506 in

1845 5540 2009 5592 alium
2043 5541 2220 5595 locum
2257 5555 2444 5612 pergo,
2476 5549 2529 5597 et
2561 5540 2834 5614 Virginem
2866 5551 3236 5598 conventurus
3263 5559 3409 5608 sum,

2008 5720 2046 5748 ιτ
2089 5716 2224 5775 Gen.
2260 5733 2396 5787 xvn,
2431 5720 2518 5777 l7.
2597 5721 2640 5754 ¹⁸
2677 5720 2814 5780 Gen.
2851 5741 2940 5791 xv,
2973 5723 3024 5779 6.
3105 5725 3145 5757 ¹⁹
3184 5722 3317 5778 Luc.
3351 5736 3408 5791 ι,
