4050 6396
573 354 632 410 91
648 355 667 406 l

1703 351 1758 405 s.
1807 316 2263 406 ATHANASIUS.
2304 381 2371 391 -
2409 349 2680 407 SPURIA.

3689 354 3789 408 912

562 482 624 528 et
667 487 697 526 a
741 471 1148 528 conversatione
1176 486 1299 525 cum
1322 470 1559 525 exercitu
1599 468 1830 532 caelesti,
1864 469 1930 523 ad
1963 470 2111 524 mini-

2224 470 2289 522 σὺ
2328 470 2424 540 μὲν
2451 469 2724 540 φιμώθητι
2742 509 2756 534 ,
2784 467 2841 521 ἐν
2873 467 3049 538 καιρῷ
3077 467 3176 538 τῆς
3207 467 3510 536 ἀντιλογίας
3534 468 3596 523 τδ
3627 471 3789 541 πρόσ-

571 565 794 620 sterium
828 580 934 634 quo
959 564 1158 618 missus
1196 577 1314 615 sum
1353 577 1436 615 me
1461 559 1701 615 confero.
1729 559 1873 624 Haec,
1899 561 2120 625 dilecte,

571 657 638 711 de
676 655 946 710 Zachariae
1000 655 1369 710 incredulitate
1394 653 1582 722 paucis
1613 653 1893 722 praemissa
1936 660 2118 707 sunto.

2229 579 2384 632 τιμον
2428 562 2526 632 τῆς
2559 561 2826 633 τιμωρίας
2853 559 3136 630 δεχόμενος
3156 578 3168 589 ·
3193 559 3302 629 ἐγὼ
3330 561 3386 614 δὲ
3417 561 3579 614 τόπον
3608 561 3674 614 ἐκ
3705 560 3789 615 τό·

2233 671 2334 706 που
2372 654 2722 725 μετέρχομαι,
2758 653 2851 708 καὶ
2886 653 3018 724 πρὸς
3050 652 3144 723 τὴν
3183 651 3454 723 Παρθένον
3490 651 3666 722 μέλλω
3694 668 3788 705 πο-

573 749 848 821 ρεύεσθαι,
909 746 1014 800 ἀπὸ
1067 748 1164 816 τῆς
1214 745 1602 815 στρατιωτικῆς
1650 745 1864 816 ὁμιλίας
1896 746 1986 798 ἐπὶ
2017 745 2116 817 τὴν
2153 746 2515 817 ἀποστολικὴν
2547 747 2816 800 διακονίαν
2880 744 3108 817 χωρῶν.
3155 745 3340 797 Ταῦτά
3399 761 3488 815 μοι
3545 743 3632 799 διὰ
3664 744 3790 816 βρα-

569 843 723 913 χέων,
751 836 794 895 ὦ
824 840 964 910 φίλε,
995 843 1073 904 είς
1101 839 1197 911 τὴν
1231 840 1664 911 παραληφθεῖσαν
1692 842 1789 912 τῆς
1819 841 1911 893 τοῦ
1945 843 2213 912 Ζαχαρίου
2248 844 2503 906 ἀπιστίας
2540 843 3025 914 προωδοιπόρηται.

635 939 690 991 5.
723 937 875 990 Nunc
909 952 1037 990 vero
1075 935 1317 1005 quaedam
1363 951 1428 991 ex
1453 936 1677 1006 jamjam
1727 937 1881 991 lectis
1911 937 2122 1006 disqui—

566 1029 734 1084 renda
795 1028 949 1083 nobis
1006 1034 1152 1082 sunt.
1187 1026 1442 1092 Quaenam
1495 1028 1625 1080 illa?
1654 1029 1783 1093 Quae
1813 1043 1843 1081 a
1873 1025 2122 1083 Gabrielc

566 1119 908 1186 annuntiata,
942 1127 996 1174 et
1027 1134 1058 1172 a
1092 1116 1316 1188 Virgine
1343 1118 1570 1184 credita,
1605 1133 1635 1171 a
1670 1116 1877 1188 Spiritu
1931 1124 2121 1174 sancto

564 1219 832 1282 promota,
859 1225 889 1263 a
924 1209 1153 1264 Domino
1179 1208 1338 1278 quasi
1361 1208 1654 1264 thesaurus
1682 1208 1981 1273 recondita,
2004 1216 2058 1261 et
2091 1222 2121 1261 a

564 1303 726 1359 Patre
769 1302 1074 1373 obsignata,
1103 1313 1156 1359 et
1189 1319 1219 1356 a
1259 1303 1361 1373 piis
1392 1302 1704 1358 hominibus
1730 1309 1944 1357 servata
1973 1308 2120 1356 sunt.

561 1397 776 1454 Audisti
833 1395 995 1451 modo
1042 1397 1419 1467 evangelistam
1442 1393 2024 1465 Lucamdicentemzt
2062 1393 2120 1448 ln

561 1503 750 1543 mense
778 1495 954 1552 sexto,
979 1485 1182 1541 missus
1210 1494 1294 1541 est
1325 1485 1547 1555 angelus
1579 1483 1796 1538 Gabriel
1841 1485 1896 1536 in
1931 1482 2122 1536 civita-

563 1584 671 1632 tem
705 1575 954 1641 Galilmae,
979 1575 1068 1630 cui
1097 1591 1291 1631 nomen
1321 1573 1580 1637 Nazaret,
1615 1572 1682 1625 ad
1727 1573 1988 1642 virginem
2027 1571 2122 1626 de-

564 1676 879 1739 Sponsatam
905 1668 1043 1732 viro,
1069 1669 1156 1722 cui
1185 1682 1381 1722 nomen
1410 1665 1689 1736 Joseph".
1721 1683 1740 1716 ι
1778 1663 1822 1718 Ο
1847 1663 2123 1734 sponsalia

2296 939 2348 993 5.
2385 939 2516 991 Τίνα
2548 939 2604 992 δέ
2637 941 2729 992 καὶ
2758 939 2825 991 τά
2860 937 3059 1009 ἀρτίως
3092 937 3639 1010 παραναγνωσθέντα,
3669 954 3786 991 και-

2227 1031 2318 1101 ρὸς
2360 1031 2543 1084 λοιπὸν
2596 1031 2947 1102 ἐπιζητῆς..ι.
3011 1029 3150 1082 Ποῖα
3180 1030 3393 1096 ταύτα;
3451 1029 3531 1082 Τά
3561 1029 3666 1082 ὐπὸ
3697 1029 3785 1082 τοῦ

2225 1121 2463 1194 Γαϐριὴλ
2490 1123 2810 1193 μηνυθέντα,
2835 1123 2926 1176 καὶ
2951 1119 3056 1176 ὐπὸ
3072 1117 3174 1190 τῆς
3193 1120 3466 1192 Παίθένου
3488 1121 3787 1175 πιστευθέν-

2226 1233 2293 1268 τα
2313 1254 2328 1278 ,
2365 1216 2458 1268 καὶ
2481 1215 2584 1269 ὑπὸ
2608 1215 2702 1268 τοῦ
2738 1215 3050 1286 Πνεύματος
3080 1214 3531 1288 προϐιϐασθέντα,
3568 1214 3663 1266 καὶ
3684 1212 3785 1267 ὐπὸ

2227 1307 2320 1360 τοῦ
2371 1307 2574 1378 Κυρίου
2623 1291 3070 1377 θησαυρισθέντα,
3123 1306 3216 1360 καὶ
3267 1305 3371 1358 ὐπὸ
3425 1305 3517 1358 τοῦ
3575 1303 3782 1374 Πατρὸς

2229 1399 2625 1470 σφραγισθέντα
2648 1438 2663 1462 ,
2698 1399 2788 1451 καὶ
2837 1399 2939 1451 ὑπὸ
2971 1398 3079 1451 τῶν
3129 1396 3362 1450 εὐσεϐῶν
3413 1394 3778 1465 φυλαχθέντα.

2231 1491 2460 1554 Ἧκουες
2507 1491 2707 1560 ἀρτίως
2737 1489 2828 1542 τοῦ
2865 1487 3242 1557 εὐαγγελιστοῦ
3290 1489 3473 1541 Λουκᾶ
3504 1485 3777 1554 λέγοντοςο

2229 1599 2248 1632 ‹
2301 1582 2388 1634 Ἐν
2422 1580 2499 1648 τῷ
2526 1581 2652 1651 μηνὶ
2677 1579 2753 1650 τῷ
2792 1580 2932 1650 ἕκτῳ
2964 1579 3237 1648 ἀπεστάλη
3269 1579 3297 1630 6
3334 1575 3560 1644 ἄγγελος
3593 1573 3779 1646 Γαϐρι-

2223 1673 2295 1744 ὴλ
2316 1675 2394 1735 είς
2447 1673 2598 1726 πόλιν
2619 1672 2716 1742 τῆς
2736 1671 3049 1734 Γαλιλαίας,
3146 1672 3314 1742 ὄνομα
3346 1668 3616 1740 Ναζαρὲτ,
3650 1667 3780 1740 πρὸς

564 1774 690 1814 cum
718 1759 822 1812 alio
847 1765 1145 1822 contracta,
1177 1757 1267 1811 alii
1294 1758 1586 1828 promissa!
1621 1771 1655 1810 ο
1687 1757 1978 1826 sponsalia,
2004 1769 2111 1824 qua

2230 1763 2498 1834 παρθένον
2531 1764 3011 1835 μεμνηστευμένην
3041 1763 3212 1833 ἀνδρὶ,
3248 1756 3292 1830 ᾧ
3322 1760 3490 1832 διομα
3504 1762 3721 1830 Ἰωσήφ.
3757 1778 3775 1811 ι

555 1849 818 1921 gaudium
842 1849 1118 1913 exhibent,
1153 1847 1613 1917 perturbationem
1649 1845 1870 1900 sedant!
1904 1843 2121 1899 Audisti

568 1939 729 1995 modo
758 1937 958 1992 Lucam
986 1937 1369 2007 evangelistam
1407 1936 1480 1989 ita
1519 1935 1825 2004 loquentem
1859 1953 1874 1989 :
1905 1934 2120 2004 Ingres-

563 2047 663 2088 sus
703 2031 921 2094 domum
964 2030 1209 2100 angelus,
1240 2027 1517 2098 Virginem
1557 2027 1813 2081 salutavit
1842 2039 1907 2080 ac
1944 2025 2119 2080 dixit:

569 2144 590 2175 ι
628 2124 757 2188 Ave,
791 2123 963 2193 gratia
996 2122 1175 2191 plena,
1204 2118 1465 2174 Dominus
1500 2127 1676 2172 tecum
1711 2115 2031 2172 :benedicta
2062 2123 2121 2169 tu

563 2217 619 2270 in
670 2213 1008 2269 mulieribus.
1067 2211 1198 2280 Quae
1245 2227 1368 2266 cum
1418 2211 1660 2274 vidisset,
1695 2209 1910 2263 turbata
1939 2215 2024 2263 est
2066 2209 2123 2261 in

546 2322 810 2363 “sermone
860 2306 1016 2375 ejus;
1051 2311 1105 2359 et
1153 2304 1425 2374 cogitabat
1474 2303 1612 2374 apud
1661 2303 1896 2374 seipsam
1942 2299 2121 2371 qualis

542 2409 702 2455 «esset
741 2399 845 2454 ista
893 2397 1150 2453 salutatio
1165 2396 1232 2450 ”.
1267 2415 1286 2448 ι
1321 2392 1578 2450 Vidistin‘
1609 2395 1988 2449 salutationem
2023 2405 2122 2446 an-

559 2495 663 2564 geli
697 2493 1158 2564 perturbationem
1201 2489 1475 2545 excitare?
1508 2503 1609 2545 nec
1640 2488 1800 2542 modo
1831 2486 2118 2557 perturba-

545 2587 786 2648 tionem,
834 2583 928 2639 sed
964 2585 1124 2637 etiam
1153 2581 1538 2652 cogitationes;
1569 2581 1675 2634 imo
1706 2578 2114 2641 dubitationem,

544 2683 720 2745 atque
740 2676 824 2729 his
839 2674 1060 2729 similia.
1084 2672 1312 2728 Tacitus
1333 2687 1564 2741 namque
1615 2670 1789 2740 angeli
1820 2669 2116 2739 ingressus,

545 2768 742 2822 vultus
796 2766 1075 2828 insuetus,
1124 2761 1392 2832 colloquii-
1435 2759 1744 2822 insolentia,
1803 2758 2117 2826 magnitudo

545 2856 955 2930 promissionis,
987 2855 1367 2924 inexspectata:
1395 2851 1546 2906 vocis
1576 2849 1815 2911 auditus,
1843 2846 2114 2918 Virginem

555 2947 788 3018 conjecit
831 2947 885 2999 iu
943 2952 1169 3005 metum,
1214 2957 1336 3012 quae
1390 2938 1716 3008 cogitatione
1767 2936 2116 3006 temperantis

555 3040 724 3096 animi
771 3054 984 3094 omnem
1019 3051 1238 3107 pravam
1270 3032 1465 3102 abiecit
1490 3029 1890 3099 cogitationem.
1914 3027 2114 3092 Quam-

2220 1857 2288 1908 Ὠ
2324 1856 2570 1928 μνῆστρα
2616 1856 2760 1927 ἄλλῳ
2815 1854 3228 1927 μνηστευθέντα,
3265 1853 3357 1906 καὶ
3394 1852 3538 1922 ἄλλῳ
3585 1869 3779 1921 κατεγ-

2221 1945 2521 2014 γυηθένταί
2554 1944 2598 1997 ὣ
2624 1945 2870 2016 μνῆστρα
2890 1945 3061 2016 χαρᾶς
3091 1941 3472 2014 ἐμφανιστικά,
3499 1941 3596 1995 καὶ
3622 1959 3782 2014 ταραο

2222 2038 2320 2108 χῆς
2364 2037 2699 2106 διαιρετικάί
2767 2039 2997 2099 Ἢκουες
3031 2037 3231 2107 ἀρτίως
3263 2035 3356 2087 τοῦ
3399 2033 3778 2103 εὐαγγελιστοῦ

2221 2131 2402 2182 Δουκᾶ
2449 2129 2726 2197 λέγοντος·
2778 2127 3044 2181 Εἰσελθὼν
3071 2127 3126 2180 δὲ
3152 2128 3232 2190 είς
3261 2126 3352 2179 τὸν
3384 2121 3530 2178 οἷκον
3565 2127 3593 2177 6
3625 2125 3782 2193 ἀγγε-

2222 2219 2311 2284 λος
2334 2260 2348 2284 ,
2413 2220 2694 2289 ἠσπάσατο
2725 2219 2823 2290 τὴν
2854 2218 3127 2290 Παρθένον
3172 2218 3263 2271 καὶ
3294 2216 3417 2270 εἷπε
3437 2233 3450 2246 ο
3493 2234 3512 2266 t
3576 2218 3778 2287 Χαῖρε,

2221 2311 2666 2385 κεχαριτωμένη,
2713 2314 2742 2365 ὁ
2773 2310 2973 2382 Κύριος
3009 2311 3144 2382 μετά
3171 2309 3263 2363 σοῦ
3285 2326 3299 2340 ⁸
3348 2307 3684 2378 εὐλογημένη
3719 2308 3780 2360 σύ

2219 2405 2276 2456 ἐν
2307 2402 2580 2472 γυναιξίν.
2619 2405 2682 2456 Ἠ
2715 2403 2790 2467 δὲ,
2831 2403 3032 2467 ἰδοῦσα,
3071 2399 3392 2473 διεταράχθη
3421 2402 3514 2455 ἐπὶ
3542 2401 3618 2471 τῷ
3646 2400 3782 2470 λόγῳ

2219 2496 2406 2559 αὐτοῦ,
2446 2497 2539 2550 καὶ
2569 2495 2890 2564 διελογίζετο
2952 2497 3008 2548 ἐν
3073 2495 3259 2564 ἑαυτῇ,
3323 2493 3564 2554 ποταπὸς
3625 2492 3707 2562 εἴη
3751 2493 3778 2542 6

2219 2588 2505 2659 ἀσπασμὸς
2537 2583 2710 2651 οὗτος.
2755 2608 2772 2639 ι
2794 2585 2942 2650 Εἶδες
2972 2588 3069 2658 τὴν
3099 2586 3270 2658 χαράν
3302 2584 3394 2638 τοῦ
3429 2583 3659 2653 ἀγγέλου
3690 2599 3780 2635 τα-

2222 2683 2390 2753 ραχὴν
2439 2682 2792 2753 ἐγείρουσαν;
2833 2682 2906 2734 Οὐ
2943 2681 3098 2750 μόνον
3127 2679 3186 2732 δὲ
3222 2678 3487 2750 ταραχὴν,
3524 2676 3659 2730 ἀλλά
3690 2675 3779 2729 καὶ

2217 2772 2624 2843 διαλογισμοὺς,
2651 2771 2786 2826 ἀλλά
2808 2773 2898 2825 καὶ
2920 2770 3274 2840 ἀμφιϐολίαν,
3304 2769 3438 2822 ἀλλά
3469 2770 3562 2822 καὶ
3591 2769 3656 2821 τά
3677 2785 3776 2821 πα-

2223 2865 2492 2936 ραπλήσια
2532 2864 2754 2918 τούτων.
2779 2866 2850 2917 Τὸ
2876 2863 2982 2935 γὰρ
3006 2865 3197 2933 ἀθροον
3221 2864 3318 2933 τῆς
3347 2862 3642 2930 ἀγγελικῆς
3668 2861 3774 2914 alc—

2217 2958 2358 3020 όδου,
2395 2957 2489 3010 καὶ
2531 2957 2591 3010 τὸ
2619 2956 2764 3020 ξένον
2790 2957 2886 3027 τῆς
2935 2956 3127 3026 ὂψεως,
3162 2957 3256 3008 καὶ
3281 2955 3340 3008 τὸ
3389 2953 3655 3022 ἀσύνηθες
3681 2952 3775 3022 τῆς

2223 3045 2530 3115 συντυχίας,
2585 3044 2766 3098 καὶτὸ
2811 3044 3110 3114 ὑπέρογκον
3141 3043 3240 3111 τῆς
3282 3041 3638 3109 ἐπαγγελίας,
3687 3041 3775 3093 καὶ

555 3135 743 3190 obrem
800 3130 1018 3184 turbata
1081 3135 1198 3192 est,
1238 3134 1398 3195 atque
1451 3123 1668 3177 turbata
1727 3121 2111 3190 imperturbata

2220 3137 2280 3189 τὸ
2306 3137 2704 3208 ἀπροσδόκητον
2745 3136 2844 3204 τῆς
2874 3135 3062 3204 ἀκοῆς,
3093 3137 3170 3198 είς
3211 3133 3410 3186 δειλίαν
3439 3132 3660 3185 ἐνέϐαλε
3684 3131 3776 3200 τὴν

551 3222 869 3296 permansit.
922 3219 1063 3286 Quid
1096 3225 1180 3273 est
1226 3216 1376 3282 illud,
1426 3215 1599 3284 Atque
1651 3213 1878 3277 turbata,
1929 3213 2122 3282 imper-

549 3316 771 3371 turbata
819 3312 1146 3383 permansit?
1205 3309 1458 3364 Studiose
1512 3305 1656 3360 audi.
1703 3304 1837 3360 Cum
1899 3304 2116 3360 Gabriel

543 3407 776 3477 angelus
804 3413 860 3458 ut
889 3403 1165 3458 missionis
1183 3417 1292 3456 suae
1310 3399 1665 3454 ministerium
1690 3396 2116 3466 impleret,nullo

553 3499 790 3555 excitato
824 3497 1019 3566 pedum
1063 3494 1288 3564 strepitu
1323 3493 1585 3562 virginale
1611 3491 1917 3545 cubiculum
1951 3487 2112 3553 adiit;

542 3592 669 3647 sola
713 3590 909 3660 quippe
943 3586 1106 3657 Virgo
1133 3592 1250 3640 erat
1292 3585 1345 3639 in
1376 3584 1560 3654 sponsi
1605 3583 1687 3638 sui
1719 3583 1898 3636 domo.
1929 3579 2113 3634 Nostis

549 3698 718 3754 porro
750 3679 931 3735 cuncti
959 3694 1067 3749 quo
1093 3685 1250 3748 pacto
1272 3677 1558 3732 erubescat
1594 3677 1746 3746 virgo
1770 3676 1872 3730 sub
1897 3674 2111 3728 initium

545 3774 670 3830 initi
703 3773 1016 3842 nuptiarum
1047 3770 1214 3840 pacti,
1249 3770 1508 3823 inclinato
1552 3769 1726 3832 vultu,
1764 3767 2000 3823 demissa
2031 3765 2112 3819 lo-

541 3880 725 3935 quens
779 3878 930 3925 voce,
966 3861 1176 3916 nullum
1223 3860 1484 3916 exhibens
1509 3867 1723 3922 nutum,
1757 3859 1962 3912 nullam
2001 3871 2109 3910 non

549 3973 744 4027 gerens
782 3955 1156 4025 temperantiae
1205 3953 1642 4008 sollicitudinem.
1695 3953 1830 4005 Cum
1869 3950 1947 4004 sic
1978 3947 2108 4003 all‘e-

548 4059 692 4103 ctam
720 4048 928 4102 videret
958 4046 1202 4116 angelus,
1223 4046 1297 4098 ait
1323 4045 1396 4097 illi
1433 4063 1446 4097 :
1485 4062 1503 4096 ι
1531 4042 1606 4098 Ne
1632 4044 1840 4108 timeas,
1867 4039 2056 4106 Maria,
2084 4059 2103 4093 ›

549 4140 764 4195 tametsi
796 4140 977 4202 anxia,
995 4147 1049 4193 et
1069 4143 1253 4207 utpote
1281 4137 1452 4207 virgo,
1480 4135 1849 4205 temperantiae
1877 4133 2108 4188 sollicita

549 4233 722 4296 fuisti,
760 4248 827 4287 ne
875 4233 1088 4285 irruens
1140 4243 1374 4298 sponsus
1419 4235 1567 4291 tuus,
1596 4234 1700 4280 tuae
1737 4226 1844 4279 vim
1894 4223 2108 4278 all'erret

547 4324 906 4380 verecundiae.
963 4320 1099 4376 Illud
1155 4323 1298 4377 scias
1357 4320 1536 4386 velim,
1571 4333 1605 4373 o
1654 4316 1839 4387 Virgo,
1894 4315 2103 4369 nullum

543 4416 662 4472 fore
696 4416 792 4470 tibi
822 4431 946 4470 cum
977 4429 1176 4484 sponso
1205 4421 1298 4467 tuo
1322 4411 1517 4481 Ioseph
1547 4422 1920 4479 congressum.
1945 4403 2104 4459 Aliud

543 4518 600 4564 te
626 4507 897 4579 negotium
919 4511 1213 4576 exspectat,
1242 4503 1506 4574 divinum,
1525 4500 1857 4556 dominicum
1874 4539 1888 4562 ,
1915 4496 2102 4552 inell‘a-

539 4601 670 4661 bile,
699 4597 1094 4669 inexplicabile,
1110 4596 1268 4667 332
1287 4594 1432 4665 quod
1462 4606 1712 4649 sermone
1732 4590 1976 4645 enarrari
2003 4604 2098 4642 ne—

541 4700 728 4763 queat.
784 4689 1122 4744 Dominicum
1157 4688 1335 4742 futura
1369 4701 1427 4741 es
1475 4683 1875 4747 habitaculum;
1907 4687 2098 4744 mater,

541 4783 802 4852 nuptialis
833 4796 1026 4852 expers
1089 4779 1193 4834 tori
1246 4775 1653 4849 praedicaberis;
1684 4772 1806 4826 eteli
1839 4779 2102 4840 terraeque

539 4872 830 4928 Dominum
883 4877 1206 4941 susceptura
1250 4886 1330 4934 es,
1388 4868 1764 4934 incorruptum
1825 4870 2103 4931 gestatura

541 4966 729 5021 fetum.
776 4984 794 5017 ι
840 4963 917 5020 Ne
951 4965 1172 5027 timeas,
1202 4963 1387 5020 Maria.
1420 4980 1438 5011 ι
1473 4969 1620 5012 tuam
1646 4956 1798 5010 ﬁrma
1819 4954 2103 5025 cogitatio-

537 5071 685 5122 nem,
727 5055 962 5109 animam
993 5053 1308 5114 corrobora,
1336 5065 1431 5105 cor
1472 5047 1754 5103 conﬁrma.
1781 5045 1856 5100 Ne
1888 5045 2102 5099 imitere

535 5147 853 5203 Zachariam
903 5167 915 5202 :
961 5163 1050 5214 ne,
1082 5139 1540 5216 quemadmodum
1583 5141 1695 5202 ille,
1740 5136 2098 5198 dubitaveris,

533 5249 591 5294 tu
624 5256 744 5310 qua:
775 5241 1063 5294 mulierum
1116 5235 1288 5308 gloria
1319 5249 1379 5290 es
1415 5247 1428 5285 ;
1461 5243 1522 5287 tu
1576 5229 1862 5286 lsraelitici
1911 5225 2099 5298 populi

529 5335 822 5388 exsultatio
859 5352 872 5387 :
915 5343 970 5386 tu
1001 5332 1240 5403 gentium
1267 5335 1670 5387 ornamentum,
1699 5333 1757 5378 tu
1791 5323 1973 5395 gaudii
2011 5338 2101 5376 ra-

533 5425 646 5488 dix,
681 5437 737 5478 tu
787 5424 1182 5480 benedictionis
1231 5420 1513 5492 plantatio.
1546 5417 1627 5471 Tu
1681 5429 1792 5485 prae
1841 5414 2097 5468 omnibus

528 5515 830 5585 virginibus
875 5514 1129 5569 invenisti
1172 5514 1400 5583 gratiam
1430 5509 1572 5580 apud
1602 5507 1792 5562 Deum.
1829 5504 1895 5558 Et
1922 5522 1939 5555 ι
1969 5517 2098 5558 ecce

526 5606 804 5673 concipies
836 5605 1027 5665 ﬁlium,
1055 5611 1109 5658 et
1145 5603 1366 5656 vocabis
1401 5615 1594 5654 nomen
1622 5598 1742 5666 ejus
1770 5593 1974 5649 Jesum.
1996 5591 2096 5650 Hic

599 5698 642 5728 ⁸³
680 5695 810 5754 Luc.
845 5710 891 5759 ι,
925 5695 1015 5760 26,
1045 5694 1134 5747 27.
1211 5691 1257 5724 ⁸³
1296 5690 1449 5749 ibid..
1481 5689 1570 5752 28,
1602 5687 1691 5741 29.

596 5787 776 5854 (50m)
810 5787 990 5853 Vulg.,
1025 5782 1383 5851 ποιησαμένη,
1421 5780 1565 5836 nullo
1590 5793 1774 5834 sensu.
1807 5775 1962 5830 Eutr.

2221 3227 2515 3298 Παρθένον,
2549 3230 2615 3297 τῇ
2643 3226 2852 3296 ἐπινοίᾳ
2873 3226 2971 3297 τῆς
2998 3223 3344 3295 σωφροσύνης
3370 3225 3548 3276 πᾶσαν
3572 3223 3775 3292 φαύλην

2219 3317 2458 3370 ἐπίνοιαν
2481 3316 2720 3370 ἐκποδὼν
2741 3316 3104 3388 ποιησαμένην
3123 3317 3299 3384 (50““)
3317 3354 3330 3367 .
3358 3314 3447 3366 Διὸ
3473 3313 3566 3366 καὶ
3592 3311 3777 3382 ἐταρά-

2218 3407 2342 3478 χθη,
2367 3407 2461 3460 καὶ
2503 3408 2830 3476 ταραχθεῖσα
2850 3409 3117 3477 ἀτάραχος
3161 3407 3339 3476 ἔμεινε
3362 3444 3376 3458 .
3401 3407 3463 3457 Tt
3498 3406 3637 3466 ἐστι,
3673 3403 3775 3457 Καὶ

2216 3499 2831 3570 ταραχθεῖσαάτάραχος
2847 3499 3054 3569 ἔμεινεν
3073 3515 3085 3562 ;
3108 3498 3301 3550 Ἀκουε
3321 3497 3573 3558 συνετῶς.
3592 3496 3775 3549 Ἡνίκα

2215 3589 2255 3642 Γ
2259 3587 2454 3658 αϐριὴλ
2511 3589 2540 3641 6
2582 3587 2830 3656 ἄγγελος,
2895 3588 3250 3657 ἀποστολικὴν
3319 3587 3595 3639 διακονίαν
3649 3587 3775 3656 πλη-

2219 3679 2350 3748 ρῶν,
2397 3677 2588 3750 ἀψόφῳ
2631 3680 2749 3732 ποδὶ
2795 3680 2888 3732 ἐπὶ
2922 3678 3011 3731 τὸν
3061 3679 3383 3751 παρθενικὸν
3427 3677 3624 3749 ἐχώρει
3669 3695 3776 3731 κοι-

2212 3767 2391 3820 τῶνα·
2449 3767 2581 3837 μὸνη
2615 3768 2719 3840 γὰρ
2747 3768 2927 3838 παρῆν
2956 3771 2988 3840 ἡ
3030 3769 3321 3841 Παρθένος,
3346 3771 3402 3821 ἐν
3428 3768 3504 3838 τῷ
3528 3769 3662 3838 οἴκῳ
3685 3765 3773 3820 τοῦ

2216 3857 2689 3926 μνηστευσαμένου
2737 3857 3025 3929 διάγουσα·
3079 3859 3191 3911 ἴστε
3227 3859 3426 3922 πάντες
3457 3859 3646 3928 σαφῶς
3686 3858 3773 3913 καὶ

2213 3947 2328 4011 πῶς
2361 3946 2588 4018 ἐρυθριᾷ
2634 3949 2781 4019 παρά
2811 3949 2907 4012 τὰς
2933 3949 3106 4020 ἀρχὰς
3143 3951 3235 4003 τοῦ
3278 3951 3769 4022 συναλλάγματοςὴ

2211 4039 2485 4110 Παρθένος
2527 4039 2675 4094 κάτω
2712 4040 2810 4105 τὰς
2843 4041 2990 4111 ὄψεις
3021 4041 3278 4114 φέρουσα,
3313 4045 3494 4115 ἡρέμα
3524 4045 3769 4110 λαλοῦσα,

2215 4135 2287 4206 μὴ
2333 4134 2665 4188 ἀνανεύουσα
2689 4177 2704 4201 ,
2743 4138 2919 4208 πάσης
2966 4139 3317 4211 σωφροσύνης
3354 4141 3766 4212 ἐπιμελουμένη.

2222 4227 2306 4278 Ἐν
2341 4225 2544 4289 τούτοις
2578 4226 2698 4279 ίδὼν
2723 4229 2889 4298 αὐτὴν
2917 4232 2944 4283 6
2965 4229 3193 4298 ἄγγελός
3225 4248 3354 4299 φησι
3410 4232 3546 4302 πρὸς
3575 4233 3768 4303 αὐτή-δ’

2213 4335 2229 4366 t
2261 4317 2350 4387 Μὴ
2386 4317 2574 4384 φοϐοῦ,
2595 4320 2875 4390 Μαριὰμ,›
2911 4321 2958 4373 εί
2986 4322 3078 4374 καὶ
3115 4322 3442 4392 ἠγωνίασας,
3473 4323 3568 4376 καὶ
3595 4321 3770 4392 ὥσπερ

2209 4409 2476 4477 παρθένος
2507 4410 2606 4479 τῆς
2637 4412 2988 4485 σωφροσύνης
3014 4416 3361 4486 ἐφρόντισας,
3394 4419 3468 4486 μὴ
3503 4416 3768 4486 καταδρα-

2212 4499 2325 4570 μὼν
2344 4501 2372 4552 6
2392 4502 2637 4571 μνηστήρ
2663 4519 2752 4554 σου
2771 4505 3208 4576 καταψηφίσηται
3227 4524 3316 4559 σου
3346 4507 3444 4577 τῆς
3469 4509 3766 4570 εὐλαϐείας.

2211 4591 2378 4643 Τοῦτο
2419 4591 2649 4659 γίνωσκε
2671 4632 2685 4654 ,
2720 4593 2994 4663 Παρθένε,
3032 4594 3107 4657 ὡς
3143 4596 3364 4666 οὐδεμία
3403 4613 3483 4649 σοι
3525 4598 3768 4651 κοινωνία

2209 4682 2360 4735 ἔσται
2393 4683 2526 4754 πρὸς
2551 4683 2640 4736 τὸν
2699 4686 2980 4756 μνηστῆρά
3031 4703 3124 4740 σου
3179 4688 3396 4759 Ἰωσήφ.
3453 4689 3680 4760 Ἕτερον
3711 4705 3765 4741 σε

2210 4775 2440 4844 πρᾶγμα
2493 4775 2804 4845 περιμένει,
2855 4776 3022 4840 θεῖον,
3073 4777 3406 4842 δεσποτικὸν,
3474 4781 3761 4850 ἄφραστον,

2204 4869 2622 4939 ἀνερμήνευτον,
2650 4870 2791 4939 λόγῳ
2817 4873 3160 4942 παραστῆναι
3207 4871 3280 4942 μὴ
3328 4872 3648 4941 δυνάμενον.
3679 4873 3765 4922 Δε-

2205 4960 2459 5023 σποτικὸς
2485 4960 2752 5033 εὑρεθήσῃ
2779 4962 2974 5033 σηκὸς,
3008 4963 3378 5034 ἀπειρόγαμος
3415 4962 3768 5032 ἀναδειχθήτῐι

2208 5054 2408 5123 μήτηρ,
2438 5054 2526 5107 τὸν
2555 5054 2779 5124 οὐρανοῦ
2806 5055 2899 5109 κα)⁸
2924 5055 3027 5125 γῆς
3054 5055 3315 5124 δεσπότην
3343 5053 3558 5123 μέλλεις
3592 5051 3768 5105 ὐποδέ-

2202 5141 2409 5210 χεσθαι,
2427 5144 2747 5214 ἀδιάφθορον
2762 5146 2918 5198 τόκον
2935 5144 3287 5216 κυοφοροῦσα.
3301 5163 3317 5194 t
3329 5145 3423 5216 Μὴ
3448 5143 3639 5212 φοϐοῦ,
3662 5144 3769 5196 Μα-

2209 5232 2364 5304 ριὰμ,
2392 5253 2409 5285 ι
2441 5235 2691 5307 στήριξόν
2721 5253 2812 5289 σου
2835 5237 2927 5291 τὸν
2943 5238 3220 5308 λογισμὸν,
3255 5237 3528 5308 νεύρωσόν
3560 5252 3652 5290 σου
3680 5235 3767 5304 τὴν

2203 5325 2401 5399 ψυχὴν,
2430 5329 2654 5399 ἐδρασόν
2685 5345 2776 5381 σου
2805 5331 2902 5400 τὴν
2926 5330 3170 5401 καρδίαν.
3192 5331 3284 5401 Μὴ
3318 5332 3534 5402 μιμήσῃ
3561 5331 3650 5383 τὸν
3674 5331 3768 5382 Za-

2203 5421 2417 5489 χαρίαν,
2456 5423 2528 5493 μὴ
2559 5421 2892 5495 ἀμφιόάλῃς,
2928 5423 3003 5486 ὼς
3031 5425 3256 5486 ἐκεῖνος,
3283 5424 3346 5475 σῖ.
3374 5423 3484 5476 τῶν
3506 5418 3766 5491 γυναικῶν

2201 5509 2264 5562 τὸ
2287 5511 2461 5583 καύχη
2473 5531 2565 5583 μα’
2591 5514 2655 5566 σὺ
2671 5513 2764 5567 τοῦ
2781 5515 3179 5588 Ἰσραηλιτικοῦ
3201 5513 3328 5569 λαοῦ
3360 5514 3424 5566 τὸ
3447 5512 3764 5582 ἀγαλλίαμα·

2204 5600 2267 5651 σὺ
2297 5601 2404 5658 τῶν
2429 5605 2596 5659 ἐθνῶν
2619 5604 2680 5657 τὸ
2699 5606 3123 5679 ἐγκαλλὼπισμα
3141 5625 3153 5638 ·
3189 5608 3252 5661 σὺ
3284 5606 3383 5677 τῆς
3409 5607 3583 5677 χαρᾶς
3611 5602 3670 5656 τδ
3693 5599 3769 5673 ιδί””
