4050 6396
291 373 396 431 915

1264 373 1496 430 SEltMO
1546 375 1613 428 IN
1657 372 2268 432 ANNIFNTIATIONEM
2318 375 2659 431 DEIPARIE.

3403 375 3504 430 914

291 490 476 560 ζωμα’
509 489 574 542 σὺ
620 488 718 558 τῆς
768 489 1015 557 εὐλογίας
1060 491 1120 543 τὸ
1148 492 1522 563 φυτούργημα.
1576 492 1646 543 Σὺ
1700 486 1820 563 εὗρε

1955 493 2058 545 erit
2088 508 2314 563 magnus
2334 501 2386 548 et
2402 492 2573 547 Filius
2593 490 2853 546 Altissimi
2886 490 3241 546 vocabitur".
3257 507 3275 542 ι
3301 489 3503 546 [lorum

289 579 444 652 χάριν
477 580 628 650 παρὰ
647 579 722 649 τῷ
741 579 856 651 Θεῷ
884 582 1031 654 παρά
1049 584 1222 647 πάσας
1255 584 1350 646 τάς
1384 585 1698 656 παρθένους.
1717 583 1847 648 Καὶ,

295 689 314 722 ι
339 669 443 723 ἰδοὺ
479 669 723 742 συλλήψῃ
748 670 893 734 Υἱὸν,
921 673 1012 724 καὶ
1039 673 1282 735 καλέσεις
1298 673 1356 725 τὸ
1372 673 1537 743 ὄνομα
1567 673 1729 726 αὑτοῦ
1745 674 1849 744 Ἰη-

289 760 430 814 σοῦν.
463 753 630 825 Οὗτος
663 761 814 816 ἔσται
849 762 1042 833 μέγας,
1078 764 1170 816 καὶ
1205 763 1332 827 Υἱὸς
1368 764 1617 833 Ὑψίστου
1644 763 1845 834 κληθή-

288 870 456 907 σεται.
499 873 518 904 ι
543 855 762 908 Τούτων
786 873 866 908 σοι
882 855 989 908 τῶν
1015 856 1232 924 ἀγαθῶν
1260 858 1379 924 ἥκω
1409 857 1646 926 μηνυτὴς
1672 855 1846 927 ὑπάρ-

285 966 411 1017 χων,
467 948 516 998 εί
569 947 663 1000 καὶ
719 947 822 1011 ἔξω
855 948 1066 1015 φύσεως
1108 948 1174 999 τὰ
1215 948 1514 1018 λεγόμεναο
1552 947 1663 999 ἀλλ’
1695 949 1844 1017 ὅμως

286 1037 430 1108 παρά
459 1037 536 1106 τῷ
570 1037 878 1108 φυσιουργῷ
909 1037 1085 1108 πάσης
1101 1039 1197 1106 τῆς
1215 1039 1440 1100 κτίσεως
1459 1038 1608 1090 οὐδὲν
1635 1037 1842 1090 σκολιὸν

282 1131 314 1199 ἢ
349 1129 800 1198 στραγγαλιῶδες,
845 1131 978 1183 ἀλλά
1009 1131 1182 1185 πάντα
1211 1130 1372 1183 εὐθέα
1397 1131 1490 1182 καὶ
1524 1129 1657 1197 πρὸς
1690 1129 1843 1198 εύχέ-

287 1236 433 1290 ρειαν
453 1218 733 1288 βλέποντα.
767 1219 853 1272 Ἐν
868 1217 1086 1281 ταύταις
1112 1221 1228 1281 ταῖς
1253 1217 1603 1285 ἐπαγγελίαις
1635 1219 1667 1286 ἡ
1692 1217 1841 1287 Παρ-

282 1307 430 1370 θένος
486 1307 901 1377 σαγηνευθεῖσα,
963 1309 1056 1362 καὶ
1112 1311 1290 1377 πάσης
1340 1307 1547 1378 φαύλης
1601 1307 1842 1370 ἐπινοίας

280 1397 669 1467 ἀπαλλαγεῖσα,
698 1399 880 1452 οὐκέτι
910 1398 984 1461 ὡς
1013 1399 1455 1470 ἀπαρρησίαστος
1483 1397 1711 1461 ἐσιώπα,
1746 1397 1838 1450 λέ.-

278 1507 447 1558 γουσα
481 1492 616 1562 πρὸς
634 1493 724 1544 τὸν
754 1492 979 1560 ἄγγελον
1002 1509 1016 1522 ·
1049 1512 1068 1544 ι
1104 1493 1227 1555 Πῶς
1252 1493 1405 1545 ἔσται
1439 1509 1527 1562 μοι
1555 1490 1730 1552 τοῦτο,
1757 1491 1838 1542 ὅτι

277 1583 444 1656 ἄνδρα
469 1584 528 1636 ού
559 1583 838 1652 γινώσκω;
881 1605 898 1636 ι
922 1586 986 1637 Τί
1011 1602 1107 1655 μου
1140 1586 1232 1638 καὶ
1259 1587 1356 1656 τὴν
1386 1584 1608 1656 καρδίαν
1639 1583 1834 1654 θροεῖς,

277 1673 368 1727 καὶ
429 1672 529 1743 τὴν
566 1671 733 1743 ἀκοὴν
768 1673 1113 1741 ξενοφωνεῖς;
1159 1673 1222 1724 Τί
1255 1674 1316 1726 τὸ
1349 1672 1420 1743 μὴ
1446 1669 1838 1725 ἀκουσθὲν.ἀπὸ

271 1765 363 1816 τοῦ
396 1763 590 1826 αἰῶνος
619 1763 981 1833 summa;
1005 1765 1197 1833 ἔγκυος
1220 1765 1600 1836 εύρεθήσομαι,
1628 1763 1720 1816 καὶ
1743 1764 1836 1815 ἀν-

1951 582 2048 636 tibi
2094 583 2360 638 bonorum
2393 583 2617 637 nuntius
2651 582 2871 646 accedo,
2906 580 3117 636 etiamsi
3149 588 3300 635 extra
3344 587 3509 634 natu-

1945 689 2060 728 ram
2108 677 2216 730 sint
2266 691 2385 745 quae
2431 675 2582 738 dico;
2643 681 2880 728 attamen
2937 687 2967 726 a
3010 675 3290 728 conditore
3331 673 3516 728 totius-

1945 779 2126 818 rerum
2161 771 2366 819 naturre
2400 765 2532 818 nihil
2559 765 2857 833 obliquum,
2886 763 3018 817 nihil
3045 771 3379 832 tortuosum;
3406 763 3513 820 sed-1

1945 863 2091 910 recta
2141 857 2353 920 omnia,
2405 863 2458 910 ct
2511 870 2731 910 suavem
2786 862 2945 924 atque
2993 855 3212 924 planum
3254 856 3500 910 ordinem

1945 948 2263 1016 spectantia.
2317 946 2417 1002 His
2459 956 2615 1017 capta
2668 946 2952 1014 promissis
3011 945 3196 1017 Virgo,
3247 949 3501 1017 omnique

1943 1053 2111 1107 prava
2165 1038 2476 1106 suspicione
2520 1038 2766 1098 liberata,
2804 1052 2909 1089 non
2953 1038 3094 1090 ultra
3124 1038 3280 1107 quasi
3328 1038 3502 1094 dillisa

1942 1130 2138 1192 tacuit,
2183 1130 2277 1185 sed
2321 1131 2395 1183 ait
2424 1130 2651 1199 angelo:
2689 1149 2707 1180 ι
2751 1129 3030 1195 Quomodo
3061 1129 3146 1183 ﬁet
3173 1131 3300 1183 mihi
3332 1131 3498 1195 istud,

1941 1220 2199 1291 quoniam
2244 1221 2421 1275 virum
2461 1236 2570 1274 non
2611 1222 2977 1290 cognosco“?
3008 1240 3028 1272 ι
3060 1221 3198 1288 Quid
3221 1238 3314 1276 cor
3329 1230 3502 1279 terres

1941 1327 2144 1374 meum,
2188 1327 2482 1381 auremque
2520 1312 2739 1367 insolita
2788 1327 2920 1366 voce
2950 1313 3231 1366 attonitam
3281 1313 3503 1368 reddis?

1940 1400 2081 1466 Quid
2142 1417 2254 1456 rem
2300 1404 2591 1458 annuntias
2640 1417 2671 1456 a
2717 1404 2914 1458 saeculo
2953 1419 3060 1457 non
3103 1405 3378 1459 auditam?
3416 1403 3502 1460 An

1938 1509 2224 1564 praegnans
2279 1496 2544 1559 inveniar,
2599 1493 2730 1564 quin
2795 1495 2896 1548 viri
2941 1496 3364 1563 experimentum
3410 1511 3501 1549 ca-

1937 1587 2121 1651 piam?
2147 1607 2162 1638 ‹
2186 1586 2467 1653 Quomodo
2495 1586 2584 1643 ﬂet
2608 1586 2740 1641 mihi
2769 1584 2956 1642 istud?
2985 1605 3004 1638 ι
3042 1587 3210 1642 Mater
3240 1589 3497 1651 vocabor,

1937 1685 1996 1732 et
2045 1679 2304 1733 maternis
2354 1686 2542 1748 partus
2573 1678 2853 1733 doloribus
2902 1692 3095 1746 expers
3139 1678 3272 1732 ero?
3301 1697 3318 1728 ι
3355 1677 3500 1740 Quo-

1937 1769 2098 1823 modo
2130 1769 2218 1824 lict
2244 1770 2371 1824 mihi
2397 1771 2583 1825 istud?
2623 1791 2641 1823 ι
2683 1770 2968 1824 Mammam
3002 1769 3275 1840 praebebo,
3305 1769 3500 1839 pannis

271 1854 393 1924 δρὸς
425 1858 620 1926 πεῖραν
647 1857 708 1908 ού
761 1855 1027 1928 λήψομαη
1065 1875 1084 1908 ‹
1121 1857 1243 1920 Πῶς
1287 1856 1436 1909 ἔσται
1473 1874 1562 1927 μοι
1592 1855 1775 1918 τοῦτο;
1809 1874 1827 1906 ι

1935 1860 2226 1925 involvam,
2265 1877 2491 1932 puerum
2549 1863 2783 1925 iactabo,
2819 1877 2917 1916 cur
2963 1839 3104 1930 quod
3157 1877 3242 1916 me
3291 1868 3500 1931 spectat

271 1945 474 2016 Μήτηρ
532 1945 992 2020 όνομασθήσομαι,
1049 1947 1142 2002 καὶ
1191 1947 1465 2019 μητρικῶν
1496 1947 1694 2000 ὠδίνων
1729 1946 1833 2011 ἔξω

269 2035 600 2104 γενήσομαις
641 2053 659 2086 ‹
707 2036 830 2100 Πῶς
871 2036 1035 2091 ἔσται,
1068 2055 1157 2109 μοι
1207 2038 1399 2100 τοῦτο;
1436 2055 1454 2087 ι
1488 2035 1670 2100 Μαζὸν
1716 2038 1834 2089 ὲπιο

267 2123 436 2189 δώσω,
474 2127 568 2179 καὶ
623 2128 907 2198 σπάργανα
948 2128 1243 2198 συσφίγξω,
1273 2129 1363 2182 καὶ
1390 2128 1547 2182 παῖδα
1572 2127 1832 2196 γαλακτο-

264 2217 540 2285 τροφήσω,
556 2218 647 2270 καὶ
662 2217 712 2270 τί
729 2219 788 2271 τὸ
813 2221 870 2271 ὲν
897 2220 1018 2290 ἐμοὶ
1046 2221 1106 2272 ού
1131 2219 1443 2291 γνώσομαι;
1481 2238 1500 2271 ι
1525 2220 1649 2283 Πῶς
1677 2220 1829 2274 ἔσται

268 2306 557 2374 μοιτοῦτος
593 2329 612 2361 ι
647 2308 769 2378 λέγε
804 2327 892 2381 μοι
926 2310 1022 2382 τὴν
1051 2311 1267 2380 εὔλογον
1294 2313 1488 2376 αἰτίαν,
1522 2313 1607 2365 ἵνα
1637 2311 1829 2380 γνώσω

263 2398 357 2470 τὴν
383 2399 680 2469 ἀμφίϐολον
712 2402 1192 2474 κυοφορίαν.Ξένον
1209 2405 1308 2475 τῆς
1335 2403 1530 2475 Εὕαςή
1556 2405 1834 2475 γέννησις,

263 2489 376 2543 ἀλλ’
405 2492 556 2561 ὅμως
617 2493 680 2546 ἐκ
709 2492 802 2544 τοῦ
849 2493 1039 2565 ἀνδρὸς
1077 2495 1244 2564 αὐτῆς
1299 2495 1534 2567 ἐλήφθηο
1569 2499 1662 2551 καὶ
1701 2497 1824 2568 ἔσχε

262 2578 323 2632 τὸ
357 2580 530 2632 αἴτιον
564 2578 683 2634 ὅθεν
713 2581 1013 2654 ἐγνωρίσθη
1037 2583 1096 2636 τὸ
1132 2583 1377 2654 φύραμα,
1407 2586 1487 2638 ὅτι
1507 2585 1564 2652 ἐξ
1597 2587 1760 2640 αὐτοῦ
1791 2590 1822 2658 ή

261 2668 408 2740 αὐτῷ
446 2669 728 2740 ληφθεῖσα,
760 2673 853 2726 καὶ
879 2672 906 2723 ὀ
941 2674 1069 2737 ίδιος
1087 2675 1164 2745 τῷ
1201 2676 1312 2746 ἰδίῳ
1356 2677 1710 2750 ἀνεπληρώθη
1745 2680 1826 2732 τό-

262 2776 362 2823 πος
409 2761 886 2834 Ξενοπρεπεστέρα
925 2764 982 2816 δὲ
1012 2766 1106 2835 τῆς
1136 2765 1332 2838 Εὔαςή
1369 2766 1462 2819 τοῦ
1505 2768 1672 2839 Ἀδὰμ
1697 2769 1822 2837 γέν-ε

261 2869 446 2922 νησις·
479 2853 591 2906 ἀλλ’
622 2856 769 2926 ὅμως
802 2856 892 2909 καὶ
923 2857 1058 2929 αὐτὴ
1103 2860 1605 2933 φανεροποιηθεῖσα,
1638 2865 1820 2935 γραφῇ

259 2946 553 3022 παρεδόθη,
577 2948 670 3001 καὶ
702 2949 818 3012 πῶς
849 2951 1190 3022 παραχρῆμα
1214 2953 1400 3020 γέγονε
1435 2954 1621 3023 σαφῶς
1648 2955 1818 3024 ὲγνω-

261 3039 441 3112 ρίσθη,
489 3041 572 3094 ὅτι
625 3039 732 3095 ἀπὸ
765 3039 865 3110 τῆς
894 3041 994 3111 γῆς
1021 3042 1146 3112 χοῦν
1175 3041 1355 3097 λαϐὼν
1395 3045 1423 3097 ὁ
1469 3046 1834 3117 δημιουργὸς,

1935 1969 2041 2006 non
2075 1953 2409 2024 intelligam?
2445 1972 2463 2004 ι
2500 1953 2780 2018 Quomodo
2817 1952 2904 2007 ﬁet
2933 1952 3065 2005 mihi
3098 1951 3278 2006 istud?
3311 1971 3330 2004 ι
3367 1966 3498 2005 con-

1933 2055 2246 2099 sentaneum
2277 2044 2458 2114 profer
2485 2044 2617 2098 mihi
2652 2059 2897 2105 causam,
2925 2050 2982 2096 ut
3007 2044 3296 2098 obscuram
3347 2043 3494 2097 illam

1931 2134 2074 2188 uteri
2134 2135 2488 2202 gestationem
2523 2133 2838 2202 intelligam.
2872 2130 3115 2186 lnsolens
3142 2130 3240 2184 fuit
3263 2130 3385 2186 Eva:
3407 2149 3497 2202 ge-

1929 2226 2158 2291 neratio,
2182 2234 2415 2280 attamen
2435 2242 2500 2280 ex
2523 2225 2640 2280 viro
2655 2226 2744 2279 illa
2762 2232 2977 2292 sunzpta
3003 2223 3104 2276 fuit
3121 2225 3198 2280 κε
3224 2239 3497 2295 causaque

1931 2312 2032 2367 fuit
2055 2329 2158 2384 qua
2189 2314 2452 2383 ejusmodi
2482 2328 2675 2370 massae
2703 2314 2842 2369 ratio
2885 2323 3325 2384 cognosceretur,
3355 2330 3495 2384 quo-

1927 2406 2074 2458 niam
2104 2407 2313 2460 scilicet
2334 2421 2399 2460 ex
2433 2406 2547 2472 illo,
2569 2421 2691 2477 quae
2715 2422 2814 2476 pro
2840 2407 2952 2469 illo,
2978 2413 3192 2477 sumpta
3218 2413 3301 2461 est
3325 2425 3338 2460 :
3363 2421 3493 2476 pro-

1926 2495 2185 2564 priusque
2233 2495 2386 2551 locus
2421 2496 2644 2567 proprio
2686 2498 2805 2552 loco
2852 2497 3094 2567 repletus
3125 2505 3228 2552 est.
3249 2497 3493 2553 lnsolen-

1925 2587 2033 2640 tior
2079 2583 2202 2640 Eva:
2251 2589 2598 2656 generatione
2649 2587 2843 2642 Adami
2901 2590 3208 2658 generatio;
3250 2597 3514 2644 attamen-

1926 2677 2016 2731 illa
2056 2678 2262 2746 scripto
2317 2679 2510 2733 tradita
2541 2695 2604 2734 ac
2633 2687 2886 2736 enarrata
2923 2680 3044 2745 fuit,
3085 2687 3382 2749 notumque
3405 2688 3490 2736 est

1923 2784 2029 2838 qua
2065 2770 2278 2826 ratione
2310 2781 2533 2841 repente
2589 2771 2731 2826 facta
2781 2773 2872 2828 sit.
2911 2771 2984 2828 De
3013 2782 3235 2842 accepto
3278 2773 3489 2828 scilicet

1922 2860 2052 2914 limo
2095 2870 2250 2918 terrae
2277 2861 2520 2928 Creator,
2570 2865 2768 2919 animal
2821 2864 3103 2928 deiforme,
3139 2865 3486 2935 praeparavit,

1921 2966 2115 3023 nempe
2166 2955 2401 3023 primum
2455 2963 2760 3026 parentem.
2813 2955 2884 3011 Ut
2924 2958 3012 3010 illa
3042 2967 3171 3011 nota
3200 2964 3348 3025 sunt,
3383 2958 3488 3012 hoc

1920 3046 2050 3102 item
2097 3047 2312 3103 declara
2363 3048 2518 3113 mihi,
2571 3047 3012 3119 quandoquidem
3065 3048 3120 3102 id
3161 3047 3307 3118 quod
3361 3057 3486 3104 ante

259 3131 560 3202 θεόμορφον
609 3132 746 3195 ζῶον
805 3132 1172 3188 κατεσκεύασε
1224 3134 1316 3187 τὸν
1376 3137 1813 3207 πρωτόπλαστον.

1928 3139 2105 3194 dixisti
2165 3139 2320 3204 mihi,
2368 3140 2460 3194 illa
2505 3140 2611 3194 alia
2659 3140 2816 3210 longe
2849 3147 3111 3210 superat:
3148 3159 3168 3191 ι
3202 3138 3485 3205 Quomodo

267 3223 356 3287 Ὧς
400 3226 581 3277 ἐκεῖνα
597 3225 866 3297 γνώριμα,
899 3229 990 3280 καὶ
1015 3228 1171 3281 τοῦτο
1203 3229 1492 3302 σαφήνιΰον
1513 3246 1524 3259 ·
1549 3230 1732 3302 ἐπειδὴ
1757 3231 1818 3284 τὸ

1928 3231 2022 3284 erit
2063 3230 2195 3284 mihi
2247 3231 2414 3296 istud,
2459 3233 2715 3302 quoniam
2761 3232 2941 3285 virum
2973 3247 3081 3286 non
3122 3231 3432 3301 cognosco?
3458 3249 3478 3281 ι

257 3316 554 3387 προλεχθέν
591 3334 676 3388 μοι
708 3317 856 3388 παρά
888 3318 978 3371 σοῦ
1021 3320 1407 3391 ὑπερηκόντισε
1447 3322 1514 3376 τά
1539 3319 1815 3394 λεχθῗντω

263 3426 281 3458 ι
322 3407 449 3468 Πῶς
481 3408 630 3461 ἔσται
667 3427 755 3479 μοι
804 3408 978 3475 τοῦτο,
1012 3412 1133 3464 ἐπεὶ
1179 3412 1343 3483 ἄνδρα
1371 3414 1431 3465 ού
1475 3414 1760 3482 γινώσκω;
1792 3435 1810 3468 ι

268 3499 324 3552 '0
351 3499 407 3551 δὲ
439 3501 675 3571 Γαϐριὴλ
719 3502 855 3572 πρὸς
901 3502 997 3573 τὴν
1038 3503 1344 3573 Παρθένονο
1387 3503 1509 3567 Πῶς
1539 3505 1690 3559 ἔσται
1733 3525 1814 3560 σοι

253 3589 444 3654 τοῦτο;
475 3591 610 3662 Παρ’
634 3591 767 3660 ἐμοῦ
817 3592 906 3646 τὸν
935 3593 1136 3664 τρόπον
1170 3593 1372 3664 ζητεῖς,
1403 3596 1672 3666 Παρθένε,
1710 3616 1814 3669 μα-

253 3677 396 3742 θεῖν;
431 3678 523 3750 Μὴ
583 3679 802 3734 δύναται
837 3682 1020 3746 δοῦλος
1055 3685 1252 3738 σκοπὸν
1280 3686 1475 3738 εἰδέναι
1502 3687 1811 3755 .δεσπὸτου;

252 3769 378 3832 Πῶς
432 3770 580 3824 ἔσται
619 3788 699 3824 σοι
733 3772 919 3838 τοῦτο;
948 3775 1204 3846 Μηνυτὴς
1233 3776 1557 3848 ἀπεστάλην,
1587 3778 1682 3847 ούχ
1726 3780 1814 3850 έρ-

256 3863 546 3933 μηνευτής.
579 3881 598 3913 ε
636 3864 731 3927 Τίς
755 3864 892 3932 ἔγνω
923 3866 1045 3918 νοῦν
1065 3867 1269 3934 Κυρίου
1290 3884 1304 3932 ;
1329 3867 1362 3934 ἢ
1400 3868 1483 3930 τίς
1515 3868 1812 3939 σύμϐουλος

251 3950 416 4006 αὐτοῦ
449 3954 694 4021 ὲγένετο;
718 3974 736 4004 ι
761 3953 828 4005 ’Ἀ
852 3955 1031 4009 ἀκούοι
1056 3956 1217 4021 λαλῶ,
1245 3958 1393 4012 οὐδὲν
1420 3958 1546 4012 ἴδιον
1573 3960 1807 4016 πλάττω.

251 4044 377 4107 Πῶς
428 4045 578 4100 ἔσται
621 4063 702 4099 σοι
736 4047 923 4108 τοῦτο;
958 4049 1030 4100 Τὸ
1068 4049 1183 4112 πῶς
1232 4050 1324 4102 ἐπὶ
1371 4050 1505 4105 Θεοῦ
1537 4053 1610 4124 μὴ
1637 4052 1806 4125 ζήτει.

251 4135 376 4199 Πῶς
432 4136 583 4192 ἔσται
647 4155 726 4191 σοι
774 4137 964 4205 τοῦτο;
1025 4139 1114 4204 Ὠς
1171 4141 1398 4205 Ἡσαΐας
1441 4145 1808 4217 προηγόρευσε

251 4223 547 4292 φάσκων-ι
595 4226 726 4279 Ἰδοὺ
767 4230 800 4298 ἡ
850 4227 1123 4298 Παρθένος
1173 4231 1231 4283 ὲν
1281 4233 1476 4303 γαστρὶ
1506 4234 1653 4298 ἓξει’
1695 4255 1713 4286 ι
1751 4236 1810 4289 τὸ

249 4314 389 4382 ἕξειν
414 4334 472 4370 σε
494 4320 916 4389 προηγόρευσεν,
943 4321 1051 4391 ἐγὼ
1082 4323 1140 4376 δὲ
1168 4323 1307 4393 λέγω
1355 4343 1458 4390 σοι,
1493 4327 1573 4380 ὅτι
1600 4346 1617 4377 ι
1638 4328 1806 4394 τέξεις

1920 3320 2056 3376 Tum
2081 3320 2293 3377 Gabriel
2320 3323 2387 3378 ad
2410 3322 2684 3393 Virginem
2711 3341 2725 3377 :
2749 3322 3032 3388 Quomodo
3060 3324 3163 3378 erit
3191 3323 3285 3378 tibi
3305 3323 3486 3378 istud?
3514 3345 3516 3348 τ

1917 3431 1950 3469 a
1999 3428 2102 3479 me,
2144 3411 2330 3484 Virgo,
2361 3413 2579 3468 modum
2631 3415 2832 3483 quieris
2869 3414 3157 3470 ediscere?
3188 3414 3268 3468 An
3304 3423 3482 3484 potest

1919 3521 2110 3562 servus
2158 3520 2382 3576 scopum
2429 3519 2594 3564 nosse
2640 3505 2848 3560 domi'ni
2899 3507 3018 3561 sui?
3050 3503 3332 3570 Quomodo
3379 3506 3482 3560 eri:

1915 3597 2013 3652 tibi
2032 3597 2162 3654 illud
2178 3599 2200 3651 ?
2214 3599 2470 3660 Nuntius,
2496 3613 2604 3652 non
2621 3598 2910 3670 interpres,
2930 3600 3129 3654 missus
3150 3614 3322 3653 sumu
3346 3595 3480 3663 Quis
3503 3643 3514 3648 -

1915 3688 2066 3742 novit
2101 3696 2336 3743 mentem
2389 3688 2629 3752 Domini,
2660 3696 2762 3742 aut’
2793 3690 2917 3758 quis
2968 3690 3314 3745 consiliarius
3357 3689 3478 3758 ejus

1916 3780 2113 3835 fuit"?
2158 3799 2176 3831 ι
2207 3779 2337 3846 Qum
2379 3780 2538 3836 audio
2566 3780 2777 3850 loquor,
2809 3779 2945 3834 nihil
2991 3795 3020 3833 a
3068 3796 3155 3833 me
3204 3780 3474 3850 conlingo.

1915 3871 2198 3938 Quomodo
2233 3873 2337 3926 erit
2371 3872 2465 3927 tibi
2517 3873 2700 3928 istud?
2748 3872 2904 3942 Apud
2959 3870 3126 3926 Deum
3168 3887 3235 3927 ne
3265 3887 3509 3942 quaeras.

1914 3963 2206 4034 quomodo.
2232 3961 2515 4029 Quomodo
2543 3961 2647 4017 erit
2678 3961 2776 4017 tibi
2805 3960 2985 4018 istud?
3012 3960 3508 4027 Quemadmodum.

1914 4054 2081 4111 Isaias
2111 4055 2494 4124 praenuntiavit
2547 4055 2736 4110 dicens
2769 4074 2782 4110 :
2824 4073 2843 4106 ι
2881 4053 3019 4110 Ecce
3043 4051 3209 4124 Virgo
3233 4053 3287 4107 in
3320 4059 3475 4109 utero
3491 4091 3508 4101 ρ

1913 4145 2185 4199 habebit”
2205 4165 2217 4199 :
2241 4165 2258 4198 ›
2287 4153 2340 4200 te
2371 4145 2426 4200 in
2459 4153 2612 4201 utero
2640 4145 2947 4201 habituram
2966 4144 3230 4216 praedixit,
3250 4159 3350 4214 ego
3371 4159 3474 4198 au-

1911 4245 2018 4292 tem
2049 4237 2172 4291 dico
2219 4237 2339 4301 tibi,
2365 4237 2510 4308 quod
2543 4255 2562 4290 ι
2595 4239 2774 4308 paries
2810 4237 2998 4302 lilium,
3047 4247 3101 4294 et
3128 4236 3347 4293 vocabis
3375 4251 3478 4292 no-

1910 4343 2034 4384 men
2077 4329 2195 4399 ejus
2227 4328 2412 4386 Jesum
2435 4349 2481 4384 ε»
2512 4331 2614 4402 ipsi
2633 4331 2802 4403 gloria
2823 4331 2877 4386 in
2898 4332 3096 4387 saecula
3129 4330 3504 4388 saeculorum...

251 4406 366 4461 υίδν
396 4409 488 4462 καὶ
542 4410 788 4474 καλέσεις
835 4413 896 4465 τὺ
932 4413 1099 4485 ὄνομα
1140 4416 1302 4470 αὐτοῦ
1347 4419 1576 4490 Ἰησοῦν·
1611 4439 1630 4472 i
1660 4421 1807 4492 αύτῷ
1907 4419 2100 4476 Amen.

251 4500 284 4570 ἡ
310 4498 434 4566 δόξα
467 4503 545 4568 εἰς
573 4503 698 4567 τοὺς
726 4504 1044 4570 αἰῶναςτῶν
1074 4506 1300 4562 αἰώνων.
1339 4511 1526 4582 Ἀμήν.
1840 4509 1885 4564 D

315 4653 361 4685 ’δ
396 4653 532 4710 Luc.
562 4671 603 4720 ι,
637 4656 738 4723 50,
772 4657 862 4712 51.
938 4661 984 4691 ³⁸
1023 4660 1155 4716 ibid.
1193 4662 1282 4716 54.
1383 4664 1430 4696 ⁸⁸
1467 4663 1603 4720 Gen.
1642 4682 1717 4731 ιι,
1750 4666 1828 4721 23.

1928 4667 1959 4698 ιτ
2000 4665 2106 4722 lsa.
2144 4683 2211 4722 ιι,
2233 4705 2248 4733 ,
2284 4669 2370 4723 l5.

267 4809 3459 4846 .""—_—_'—'_————-—————————————_____—__;_—_.

2519 4669 2578 4702 ”~
2602 4667 2707 4724 lsa.
2744 4685 2818 4723 vn
2840 4709 2855 4735 ,
2893 4669 2981 4722 M.

628 4954 698 5010 IN
728 4955 1101 5014 SERMONEM
1134 4960 1222 5016 DE
1257 4961 1822 5021 ANNUNTIATIONE
1862 4968 2342 5026 SANCTISSIMAE
2381 4971 2704 5029 DEIPARIE
2745 4973 3084 5029 MONITUM.

308 5065 563 5136 Spurium
598 5084 710 5124 esse
770 5071 906 5127 hunc
951 5092 1240 5130 sermonem
1283 5093 1429 5131 nemo
1442 5079 1559 5148 jam
1585 5081 1822 5137 eruditus
1851 5101 1954 5138 non
1973 5083 2202 5152 judicat,
2241 5102 2357 5140 cum
2385 5088 2495 5142 sole
2521 5089 2718 5143 clarior
2739 5107 2849 5144 sese
2875 5091 3066 5160 prodat
3090 5091 3216 5160 styli
3246 5090 3462 5159 hujusce

240 5157 304 5212 ab
350 5159 722 5215 Athanasiano
763 5163 1136 5234 discrepantia.
1171 5167 1450 5222 Athanasii
1487 5171 1622 5225 enim
1671 5174 1842 5258 oratio
1889 5175 2060 5229 nitida
2116 5193 2348 5246 puraque
2404 5189 2480 5233 est
2511 5195 2530 5233 :
2561 5190 2743 5234 contra
2789 5157 2907 5235 vero
2945 5157 3159 5250 hujusce
3189 5157 3461 5250 scriptoris

235 5258 311 5307 ita
332 5253 584 5321 perplexa
611 5262 660 5307 et
682 5253 920 5321 obscura,
938 5268 995 5311 ut
1024 5259 1107 5312 vix
1133 5259 1453 5329 intelligatur
1473 5275 1493 5314 :
1511 5265 1646 5333 quod
1674 5253 1770 5331 est,
1803 5268 1879 5321 ait
1915 5267 2119 5322 Tullius
2141 5268 2364 5340 (50“"),
2399 5273 2453 5325 in
2479 5275 2718 5328 oratione
2740 5275 2920 5328 vitium
2943 5274 3020 5329 vel
3044 5277 3352 5331 maximum.
3384 5276 3466 5332 Ad

237 5340 348 5398 hac
381 5362 538 5416 nugae
563 5347 649 5400 hic
678 5359 976 5417 comparent
1008 5352 1302 5420 permultis,
1329 5355 1510 5424 sagaci
1551 5359 1728 5426 quovis
1760 5359 1986 5426 homine,
2019 5378 2081 5416 ne
2123 5362 2296 5416 dicam
2319 5364 2610 5420 Athanasio
2651 5367 2899 5438 indignae,
2929 5378 2986 5422 ut
3027 5379 3105 5424 est
3147 5371 3320 5438 inepta
3364 5370 3465 5426 illa

229 5439 551 5533 etymologia
600 5440 738 5493 vocis
792 5440 966 5499 ούσία,
1005 5441 1069 5494 ab
1125 5443 1256 5508 ίσία,
1301 5454 1350 5499 et
1384 5446 1492 5499 alia
1549 5445 1856 5516 ejusmodi:
1891 5469 2134 5524 vocesque
2156 5455 2447 5523 complures
2494 5458 2786 5512 Athanasio
2828 5461 3040 5530 ignotw,
3079 5470 3138 5514 ut
3175 5471 3298 5516 sunt
3332 5464 3465 5533 illa,

225 5531 658 5596 Θεοῦπὸστατος,
693 5533 1266 5605 ἁνθρωποῦπόστατος,
1293 5539 1542 5611 ἀρχίθεος
1577 5550 1628 5595 et
1657 5542 1828 5613 ὑπερά

1929 5563 2007 5610 ος.
2044 5558 2092 5601 et
2118 5549 2240 5604 alia:
2260 5566 2390 5618 quas
2413 5549 2536 5605 bene
2565 5551 2778 5616 multas,
2812 5570 2907 5622 pro
2938 5553 3184 5608 brevitate
3203 5531 3462 5628 opusculi,

223 5620 323 5678 huc
361 5623 595 5679 contulit
625 5624 852 5692 scriptor
883 5627 1000 5693 iste;
1026 5627 1103 5683 ita
1128 5637 1184 5684 ut
1209 5629 1509 5699 inferiorem
1559 5633 1770 5688 omnino
1811 5633 2144 5694 Gracitatem
2177 5639 2428 5697 redoleat.
2461 5640 2532 5696 Et
2572 5658 2698 5697 sane
2735 5620 2850 5712 qua:
2879 5643 2941 5697 de
2970 5643 3168 5700 Christi
3193 5620 3481 5716 hppostasi..

287 5774 500 5838 (30“")
533 5774 612 5830 De
643 5787 868 5832 oratore.
