4022 6382
508 243 616 299 ἰ)

1666 244 1727 294 3.
1763 238 2224 293 ATBANASICS.
2262 266 2335 278 -
2370 238 2644 294 SPUBIA.

3622 240 3726 287 920

508 360 812 419 secundm
842 377 1009 418 nam
1037 363 1466 433 singularitatem
1514 361 1940 417 constitutionis.
1983 358 2064 414 Si-

2171 360 2303 412 Θεὸν
2330 361 2389 412 ἐν
2412 359 2603 431 Τριάδι
2963 354 3449 428 καθομολογοῦμεν,
3477 352 3542 405 τὸ
3564 352 3728 421 ἄναρ-

506 452 731 524 qlide-
750 469 921 508 ηοω
952 452 1120 507 Deum
1145 454 1203 507 in
1230 450 1495 506 Trinitate
1517 464 1871 520 personarum
1902 449 2071 504 conli-

508 554 708 607 temur,
752 542 965 598 nullum
996 539 1347 610 principium,
1384 538 1700 607 nullumque
1737 545 1974 605 tempus,
2011 537 2069 591 in

506 649 835 705 unaquaque
864 639 1182 689 sanctarum
1232 630 1651 701 divinarumque
1692 629 2069 700 bypostasium

504 724 921 785 constituentes,
962 721 1122 790 juxta
1165 721 1493 789 peculiarem
1526 735 1714 774 earum
1763 719 2068 790 proprieta-

504 823 612 868 tem
632 812 901 877 :Patrem,
920 811 1243 881 ingenitum,
1258 810 1527 873 dicentes,
1552 809 1775 876 Filium,
1801 811 2066 881 genitum;

502 902 765 973 Spiritum
792 910 1071 965 sanctum,
1102 900 1507 971 procedentem.
1537 898 1752 955 Patrem
1770 901 1888 956 sine
1917 902 2068 970 prin-

497 992 644 1062 cipio
690 999 747 1047 et
796 992 917 1048 sine
964 998 1212 1062 tempore
1257 1008 1381 1047 esse
1431 992 1830 1055 existimantes,
1870 990 2065 1045 Filium

496 1086 618 1141 sine
648 1083 921 1156 principio
961 1091 1018 1141 et
1045 1086 1166 1140 sine
1197 1092 1443 1154 tempore
1474 1085 1861 1156 praedicantes,
1891 1083 2067 1155 Spiri-

495 1185 614 1230 tum
658 1183 910 1232 sanctum
950 1177 1069 1233 sine
1101 1177 1370 1248 principio
1399 1185 1454 1231 et
1474 1178 1595 1232 sine
1625 1184 1870 1246 tempore
1894 1177 2066 1231 conﬁ-

2169 469 2262 521 I'”
2283 452 2377 505 καὶ
2410 453 2633 521 ἄχρονον
2658 450 2778 503 καθ’
2800 451 3037 519 ἑκάστην
3065 449 3172 501 τῶν
3196 448 3364 515 ἁγίων
3380 444 3548 516 τριιέιν
3577 442 3727 513 θεαρ-

2169 544 2336 614 χικῶν
2368 545 2715 597 ὑποστάσεων
2744 544 3048 605 τάττοντες,
3090 541 3231 593 κατὰ
3260 540 3359 608 τὴν
3389 552 3724 607 χαρακτηρι-

2170 636 2359 706 ctutin
2388 636 2566 688 αὐτῶν
2587 636 2820 706 ίδιότητα
2837 653 2853 665 ·
2878 638 2936 688 ἑν
2956 635 3130 706 Ιίατρὶ
3158 634 3217 686 τὸ
3244 632 3551 701 ἀγέννητον,
3581 631 3640 682 ἐν
3652 628 3727 700 τῷ

2168 726 2284 797 Υἱῷ
2308 726 2371 779 τὸ
2412 726 2689 798 γεννητὸν,
2737 728 2796 779 ἐν
2836 727 2914 797 τῷ
2950 726 3224 795 Πνεῦματι
3260 724 3321 776 τὸ
3361 721 3723 792 ἐκπορεντόνο

2166 816 2401 887 ἄναρχον
2426 818 2520 869 καὶ
2552 816 2879 886 ἄχρονοντὺν
2899 816 3116 886 Πατέρα
3146 813 3476 879 δοξάζοντες,
3500 813 3728 883 ἄναρχον

2167 906 2262 957 καὶ
2302 907 2528 977 ἄχρονον
2570 905 2661 958 τὸν
2696 905 2820 958 Υἰδν
2850 903 3324 972 καταγγέλλοντες,
3379 902 3612 971 ἄναρχον
3638 903 3728 955 καὶ

2166 994 2392 1062 ἄχρονον
2426 993 2487 1045 τὺ
2522 990 2746 1063 Πνεῦμα
2794 993 2855 1045 τὸ
2902 993 3057 1059 ἄγιον
3096 988 3618 1060 ηθομολογαῦντεςο
3666 987 3739 1039 οὐ·

2165 1083 2430 1153 πρότερον
2453 1083 2546 1135 τὸν
2576 1082 2816 1154 Πατέρα,
2847 1083 2942 1135 καὶ
2976 1080 3201 1152 ὕστερον
3230 1080 3319 1133 τὺν
3350 1079 3502 1142 Υξδν,
3541 1078 3635 1131 καὶ
3669 1077 3726 1130 τὸ

2165 1173 2407 1243 Πνεῦμα,
2459 1172 2575 1226 ἀλλ’
2630 1173 2744 1243 ἄμα
2796 1172 3046 1243 Πατέρα,
3101 1172 3195 1225 καὶ
3228 1169 3378 1232 Υίὸν,
3430 1170 3525 1222 καί
3578 1168 3726 1236 ἅγιον

2164 1266 2408 1335 Πνεῦμα,
2438 1264 2578 1318 κατά
2615 1264 2744 1335 μίαν
2779 1265 3013 1335 ἄναρχον
3041 1264 3135 1316 καὶ
3163 1263 3387 1332 ἄχρονον
3412 1259 3726 1331 ὑπερούσιον

2166 1359 2371 1429 μονάδα
2404 1356 2692 1429 ὑπάρξεως
2723 1357 2989 1421 σέϐοντες,
3026 1356 3123 1408 ἕνα
3148 1355 3282 1407 Θεὸν
3306 1355 3366 1407 ἐν
3398 1353 3576 1425 τρισὶν
3609 1352 3726 1405 ἰδιό-

495 1276 675 1323 tentes
702 1283 718 1320 :
751 1283 862 1324 non
887 1276 949 1323 ut
977 1270 1131 1339 prior
1160 1270 1233 1325 sit
1263 1267 1440 1331 Pater,
1475 1268 1746 1339 posterior
1771 1266 1942 1324 Filius
1979 1267 2064 1322 vel

496 1357 738 1430 Spiritus
776 1370 1025 1425 sanctus,
1074 1359 1169 1415 sed
1214 1360 1380 1415 simul
1414 1360 1629 1414 Patrem
1675 1365 1732 1413 et
1774 1357 1971 1413 Filium
2009 1367 2065 1414 et

496 1450 761 1521 Spiritum
812 1457 1084 1518 sanctum,
1138 1450 1439 1505 secundum
1490 1467 1654 1505 unam
1702 1452 1975 1522 principio
2010 1464 2063 1507 et

2167 1467 2286 1519 τησι
2343 1451 2687 1513 πιστεύοντες
2740 1448 2838 1502 καὶ
2888 1447 3105 1519 ἀληθῶς
3142 1444 3474 1511 δοξάζοντες,
3527 1444 3626 1513 οὐχ
3654 1441 3727 1505 ὡς

494 1549 743 1611 tempore
767 1549 1070 1606 carentem,
1105 1555 1170 1597 ac
1183 1542 1767 1611 supersubstantialem
1798 1544 2061 1597 unitatem

2167 1541 2319 1596 ἄλλον
2343 1541 2476 1595 Θεὸν
2497 1542 2589 1595 τὸν
2617 1541 2833 1612 Πατέρα
2854 1540 3289 1612 προϋπάρχοντα,
3309 1538 3403 1590 καὶ
3422 1536 3578 1588 ἄλλον
3599 1534 3725 1587 Θεὸν

496 1631 835 1687 exsistentia:
859 1632 1137 1687 colentes:
1162 1646 1329 1686 unum
1354 1629 1520 1685 Deum
1544 1630 1600 1683 in
1622 1630 1798 1687 tribus
1820 1632 2064 1700 proprie-

2167 1633 2253 1686 τὸν
2297 1633 2425 1686 Υἰδν
2472 1632 2696 1703 ὕστερον
2729 1631 3140 1702 ἐπεισαχθέντα,
3174 1631 3266 1683 καὶ
3301 1628 3456 1683 ἄλλον
3509 1627 3640 1680 Θεὸν
3668 1625 3726 1679 τὸ

496 1723 704 1778 tatibus
736 1720 1045 1787 credentes,
1079 1735 1310 1791 vereque
1333 1720 1704 1791 gloriﬁcantes
1730 1737 1745 1772 :
1776 1736 1883 1775 non
1902 1721 2061 1791 quasi

2167 1725 2384 1795 Πνεῦμα
2410 1726 2472 1778 τὸ
2508 1726 2661 1794 ἆγιον
2700 1724 3073 1795 ἐπινοηθέντα,
3102 1723 3244 1776 κατὰ
3274 1723 3401 1785 τοὺς
3428 1720 3725 1793 αἱρετικῶς

496 1815 666 1869 alium
696 1813 868 1870 Deum
900 1813 1116 1869 Patrem
1150 1815 1304 1884 prius
1340 1814 1717 1877 exsistentem,
1754 1828 1854 1868 nec
1893 1815 2059 1867 alium

2167 1819 2645 1890 βλασφημοῦντας
2681 1819 2798 1872 ἄλλ’
2826 1819 2924 1871 ἕνα
2957 1818 3089 1874 Θεὸν
3116 1820 3174 1871 ἐν
3201 1818 3375 1888 τρισὶν
3404 1816 3723 1869 ὑποστάσεσι

496 1904 667 1960 Deum
700 1904 898 1960 Filium
924 1905 1197 1975 posterius
1231 1904 1534 1968 inductum,
1558 1921 1662 1960 nec
1699 1905 1864 1959 alium
1892 1904 2059 1960 Deum

2167 1910 2564 1978 θεολογοῦντες,
2603 1910 2732 1981 μίαν
2760 1909 2951 1980 ἔχοντα
2978 1908 3076 1980 τὴν
3101 1907 3308 1971 οὐσίαν,
3329 1908 3424 1960 καὶ
3451 1907 3550 1977 τὴν
3580 1906 3726 1980 δύνας

497 1994 763 2065 Spiritum
810 2002 1060 2049 sanctum
1093 2000 1283 2064 postea
1329 1993 1722 2064 excogitatum,
1758 1992 2061 2053 secundum

2167 2017 2274 2069 μιν,
2307 2001 2403 2053 καὶ
2430 2001 2528 2071 τὴν
2554 2000 2854 2071 ἐνέργειαν,
2873 2001 2968 2052 καὶ
2990 2000 3092 2052 ὅσα
3114 1998 3248 2052 ἄλλα
3272 1999 3399 2069 περὶ
3425 1997 3523 2070 τὴν
3544 1998 3724 2052 οὑσίαν

494 2084 864 2156 blasphemias
895 2084 1309 2151 haereticorum;
1344 2084 1440 2140 sed
1472 2099 1643 2138 unum
1672 2082 1842 2139 Deum
1884 2086 1936 2139 in
1963 2086 2061 2138 tri-

2167 2090 2440 2163 θεωρεῖται
2480 2093 2591 2163 (56)
2630 2091 3029 2162 θεολογούμενα
3064 2092 3158 2145 καὶ
3190 2092 3525 2162 ὑμνούμενα.

493 2175 598 2231 bus
631 2176 1019 2247 bypostasibus
1039 2191 1163 2231 esse
1183 2175 1464 2241 docentes,
1492 2190 1661 2229 unam
1692 2175 1893 2231 habere
1923 2176 2310 2248 substantiam,
2336 2184 2595 2239 virtutem
2646 2192 2703 2239 et
2760 2184 3078 2249 enicaciam,
3136 2192 3192 2239 et
3222 2197 3561 2255 quacunque
3623 2184 3722 2240 alia

494 2267 559 2325 :le
588 2269 897 2325 substantia
944 2270 1385 2338 considerantur,
1430 2270 1736 2340 tbeologice
1765 2271 2056 2337 docentur,
2094 2277 2463 2334 celebrantur.

560 2389 616 2445 3.
642 2388 706 2445 Et
738 2396 799 2444 ut
828 2389 1120 2445 formulam
1152 2392 1393 2447 sermoni
1429 2390 1646 2458 demus,
1693 2407 1906 2448 necnon
1947 2394 2063 2464 ple-

2226 2399 2281 2453 5.
2314 2400 2424 2453 Καὶ
2455 2400 2542 2453 ἵνα
2567 2399 2738 2453 τύπον
2768 2399 2947 2470 δῶμεν
2970 2397 3047 2469 τῷ
3065 2399 3227 2468 λόγῳ,
3263 2399 3357 2451 καὶ
3397 2397 3662 2470 ἄθροισμα
3689 2398 3720 2469 ἢ

491 2481 797 2538 ιιίιυᾶίιιεω
851 2490 909 2538 et
963 2484 1491 2540 consummationem
1518 2524 1533 2549 ,
1597 2498 1719 2557 qua:
1761 2484 2064 2557 theologice

2167 2492 2450 2562 πλήρωμα,
2500 2493 2571 2547 τά
2604 2493 2744 2546 κατὰ
2790 2491 3066 2561 θεολογίαν
3108 2491 3338 2562 ἔχωμεν.
3372 2491 3438 2543 Τί
3475 2490 3530 2544 δέ
3561 2491 3727 2544 ταῦτά

490 2575 759 2628 docentur
790 2582 1093 2630 teneamus.
1124 2574 1259 2640 Quae
1282 2576 1393 2630 sint
1420 2576 1532 2641 illa,
1563 2584 1618 2631 et
1637 2577 1785 2631 circa
1814 2592 2064 2647 quaenam

2167 2585 2307 2637 ἐστιν
2339 2584 2372 2655 ἢ
2402 2586 2530 2656 περὶ
2556 2585 2611 2638 τί
2667 2584 2860 2649 ταῦτα,
2895 2583 3128 2653 καθεξῆς
3175 2582 3524 2654 ἀκούσωμεν
3551 2585 3633 2637 ὅτι
3666 2583 3725 2636 τὸ

490 2672 780 2721 versentur
801 2665 1061 2738 deinceps
1097 2667 1384 2721 audiamus
1419 2686 1434 2722 :
1466 2667 1725 2725 nimirum
1767 2669 1875 2724 dici
1912 2671 2063 2725 illum

2167 2676 2433 2740 ἄκτιστον,
2454 2678 2516 2730 τὸ
2543 2676 2851 2749 ἀσώματον,
2883 2675 2945 2730 τὺ
2992 2676 3234 2747 ἄχρονον,
3267 2675 3329 2728 τὸ
3364 2661 3621 2746 ἄναρχον,
3669 2673 3726 2728 τὸ

490 2759 818 2821 increatum,
867 2757 1274 2828 incorporeum,
1299 2765 1545 2830 tempore
1589 2767 1646 2815 et
1681 2760 1950 2831 principio
1973 2777 2064 2816 ca-

2167 2769 2352 2835 άῒδιον,
2396 2770 2459 2823 τὸ
2507 2770 2883 2842 ἀτελεύτητον,
2928 2770 2990 2823 τὸ
3030 2769 3273 2839 ἄπειρον,
3304 2768 3365 2821 τὸ
3402 2767 3640 2832 αίώνιον,
3667 2766 3727 2822 τδ

491 2858 699 2903 rentem
727 2888 745 2913 ,
799 2849 1227 2921 sempiternum,
1281 2849 1674 2905 indesinentem
1702 2889 1721 2912 ,
1765 2851 2057 2917 inﬁnitum,

2167 2865 2459 2934 ἄγνωστον,
2474 2865 2535 2919 τὸ
2551 2867 2965 2937 ἀνερμήνευτον,
2982 2864 3041 2917 τὸ
3063 2864 3483 2935 ἀσχημάτιστον,
3499 2863 3561 2916 τὸ
3580 2860 3726 2927 ἀνεξ-

491 2946 781 3003 κιεηιυω,
824 2942 1184 3014 incognitum,
1216 2940 1567 3007 ineffabilem,
1609 2945 1811 3000 nullius
1853 2948 2056 3015 ﬁgurae,

2168 2959 2455 3028 ιχνίαστον,
2501 2958 2565 3013 τὸ
2594 2959 2724 3012 Θεὸν
2746 2958 2881 3011 θεῶν
2905 2956 3156 3025 λέγεσθαι
3192 2957 3376 3019 αὑτὸν,
3423 2957 3483 3009 τὸ
3528 2954 3725 3024 Κύριον

492 3030 929 3103 investigabilem
964 3048 981 3087 :
1012 3032 1180 3088 Deum
1211 3033 1464 3101 deorum,
1493 3033 1779 3090 Dominum
1805 3037 2057 3091 domino-

2167 3048 2387 3119 κυρίων,
2421 3047 2483 3100 τὸ
2513 3046 2747 3100 Βασιλέα
2769 3046 3178 3117 βασιλευόντων,
3207 3047 3268 3099 τὸ
3296 3045 3722 3115 παντοκράτορα,

492 3137 640 3186 rum,
660 3121 860 3194 Regem
886 3139 1096 3195 regum,
1119 3126 1567 3196 omnipotentem,
1597 3126 1877 3193 factorem,
1906 3143 2062 3185 crea-

2167 3138 2226 3191 τὸ
2255 3136 2504 3209 ποιητὴν,
2530 3138 2592 3190 τὸ
2608 3136 2953 3207 δημιουργὸν,
2969 3137 3030 3190 τὸ
3050 3137 3182 3206 φῶς,
3204 3138 3265 3190 τὸ
3288 3135 3451 3208 ζωὴν,
3470 3136 3531 3189 τὸ
3556 3136 3721 3204 ἅγιον,

493 3223 689 3281 torem,
739 3216 945 3277 lumen,
986 3218 1172 3281 vitam,
1206 3229 1475 3282 sanctum,
1507 3220 1729 3286 bonum,
1781 3222 2059 3278 immorta-

2167 3232 2225 3283 τὺ
2252 3230 2474 3298 ἀγαθὸν,
2504 3229 2565 3282 τὺ
2596 3228 2880 3293 ἀθάνατον,
2926 3230 2987 3282 τὸ
3028 3229 3263 3299 ἰσχυρὸν,
3319 3228 3379 3281 τὸ
3404 3228 3725 3281 παντοδὺνα-

494 3304 622 3369 lem,
645 3303 863 3372 fortem,
895 3306 1378 3377 cunctipotentem,
1410 3317 1463 3363 et
1496 3324 1833 3382 quaecunque
1862 3312 2061 3386 similia

2167 3338 2287 3392 μον,
2330 3321 2425 3374 καὶ
2461 3320 2565 3373 ὅσα
2602 3319 2738 3374 ἄλλα
2769 3320 2913 3373 κατά
2943 3336 3003 3372 τε
3058 3320 3327 3391 ὑπεροχὴν
3369 3320 3464 3373 καὶ
3513 3320 3726 3374 αίτιολο-

493 3408 593 3463 per
631 3395 1008 3451 excellentiam
1064 3406 1118 3452 et
1164 3396 1488 3468 aetiologiam
1539 3397 1700 3455 dicta.
1746 3400 1867 3455 Non
1913 3400 2059 3471 quod

492 3486 708 3557 singula
757 3487 1060 3543 substantia
1087 3488 1360 3558 dicantur,
1385 3490 1481 3546 sed
1510 3493 1654 3547 circa
1671 3493 2056 3560 substantiam,

490 3577 651 3648 quasi
689 3594 757 3634 ex
784 3578 895 3634 duo
922 3586 1017 3633 aut
1048 3580 1296 3649 pluribus
1323 3582 1391 3636 ad
1434 3598 1603 3637 unum
1635 3583 1872 3638 habeant
1913 3586 2057 3640 rela-

490 3670 695 3727 tionem
725 3670 933 3743 (qualia
949 3687 1071 3728 esse
1092 3672 1383 3729 didicimus
1403 3691 1525 3744 qua:
1545 3676 1720 3731 divisa
1744 3681 2062 3749 sunt),.qu:c

491 3760 714 3816 coalitio
752 3768 811 3816 et
860 3761 1142 3830 plenitudo
1192 3763 1409 3819 deitatis
1432 3764 1712 3831 dicuntur,
1756 3767 2059 3823 secundum

493 3852 866 3923 Scripturam;
895 3867 1002 3907 non
1032 3852 1178 3923 quod
1209 3854 1275 3909 ad
1307 3872 1469 3911 unam
1503 3857 1666 3912 unius
1698 3858 2060 3913 substantiam

489 3942 826 4009 referantur,
863 3943 961 4000 sed
981 3944 1048 3998 ad
1078 3960 1517 4016 unamquamque
1546 3957 1860 4003 sanctarum
1891 3950 2061 4004 trium

488 4052 852 4107 personarum
903 4039 1184 4108 aequaliter
1242 4048 1557 4109 spectentur
1617 4048 1673 4095 et
1737 4041 2060 4099 doceantur.

491 4128 670 4196 Quare
696 4130 818 4200 ipse
848 4130 1179 4201 unigenitus-
1205 4129 1345 4186 Deus
1374 4131 1487 4186 ait:
1525 4150 1545 4184 ι
1582 4132 1774 4187 Omnia
1807 4149 2064 4204 quaecun-

491 4236 597 4290 que
625 4220 788 4277 habet
835 4218 998 4277 Pater
1023 4237 1141 4278 mea
1167 4232 1293 4277 sunt
1317 4225 1384 4279 ²⁹.
1426 4244 1447 4278 ι
1487 4223 1554 4279 Et
1581 4225 1649 4280 ad
1696 4224 1912 4281 Patrem
1944 4227 2059 4282 ait:

497 4332 517 4365 ι
549 4312 743 4368 Omnia
768 4328 891 4369 mea
917 4319 1010 4368 tua
1044 4323 1193 4382 sunt,
1226 4324 1280 4371 ct
1312 4324 1404 4372 tua
1442 4334 1561 4374 mea
1595 4326 1744 4384 sunt,
1771 4326 1825 4374 et
1859 4318 2063 4390 gloriﬁ-

2162 3412 2308 3483 γίαν,
2339 3413 2439 3484 οὐχ
2468 3412 2698 3467 ἕκαστον
2729 3413 2886 3467 οὐσία
2909 3412 3147 3481 λέγεται,
3181 3412 3313 3467 ἀλλὰ
3355 3412 3484 3484 περὶ
3512 3412 3725 3485 τὴνού-

2165 3505 2286 3558 σίαν
2304 3521 2318 3534 ο
2342 3505 2418 3568 ὡς
2451 3506 2515 3557 ἐκ
2540 3503 2633 3557 δύο
2657 3504 2768 3575 (37)
2796 3506 2891 3558 καὶ
2927 3503 3183 3557 πλειόνων
3208 3504 3300 3557 ἐπὶ
3331 3503 3389 3557 ἐν
3414 3504 3608 3574 ἔχοντα
3631 3504 3723 3573 τὴν

2162 3597 2442 3670 ἀναφοράν
2481 3597 2625 3651 κατὰ
2651 3598 2713 3651 τὸ
2770 3597 3217 3669 ἐπιμεριζόμενον
3252 3595 3548 3668 ἐμάθομεν,
3575 3597 3611 3651 ἃ
3635 3597 3725 3650 καὶ

2161 3690 2434 3762 ἄθροισμα
2465 3690 2560 3743 καὶ
2581 3689 2856 3761 πλήρωμα
2899 3688 3149 3760 θεότητος
3196 3688 3408 3758 λέγεται
3443 3690 3586 3744 κατὰ
3631 3691 3724 3761 τὴν

2163 3783 2418 3853 Ιῖραφήν·
2453 3782 2515 3834 οὐ
2563 3780 2705 3835 κατὰ
2744 3782 2873 3852 μίαν
2917 3782 3213 3835 ὑπόστασιν
3255 3783 3415 3853 μόνου
3443 3783 3721 3851 ἀνάγοντα,

2162 3872 2298 3926 ἀλλά
2330 3871 2452 3926 καθ’
2471 3871 2708 3941 ἑκάστην
2737 3871 2846 3924 τῶν
2868 3871 3040 3939 ἁγίων
3061 3872 3227 3943 τριῶν
3270 3872 3467 3941 ἐπίσης
3496 3870 3722 3942 θεωρού-

2169 3981 2306 4034 μενα
2343 3964 2439 4017 καὶ
2464 3962 2871 4033 θεολογούμενα.
2918 3962 3009 4015 Διὸ
3047 3963 3138 4015 καὶ
3183 3962 3345 4025 αὐτὸς
3374 3962 3402 4014 6
3442 3961 3725 4034 μονογενὴς

2164 4055 2295 4118 Θεός
2322 4071 2453 4125 φησι
2473 4072 2487 4085 ·
2535 4072 2554 4104 ι
2588 4055 2772 4108 Πάντα
2800 4056 2903 4109 ὃσα
2930 4054 3043 4125 ἔχει
3073 4056 3102 4107 6
3132 4054 3341 4125 Πατὴρ,
3374 4054 3483 4124 ἐμά.
3530 4057 3669 4107 ἐστι’
3702 4073 3719 4105 ι

2164 4147 2259 4199 καὶ
2286 4146 2421 4217 πρὸς
2448 4145 2539 4199 τὸν
2558 4146 2779 4216 Πατέρα
2802 4146 2974 4215 λέγων
2992 4163 3006 4176 θ
3037 4165 3055 4196 ι
3075 4146 3155 4200 Τὰ
3176 4145 3285 4217 ἐμὰ
3305 4145 3479 4199 πάντα
3500 4145 3570 4198 σά
3592 4148 3722 4206 ἐστι,

2166 4239 2262 4291 καὶ
2285 4238 2353 4292 τά
2384 4238 2453 4293 σδι
2486 4237 2614 4309 ἐμά,
2645 4239 2740 4292 καὶ
2763 4238 3083 4309 δεδόξασμαι
3110 4240 3169 4291 ὲν
3199 4238 3401 4301 αὐτοῖς.
3439 4238 3561 4289 »Ἐν
3587 4239 3723 4292 ᾶπα-

2167 4346 2220 4382 σι
2260 4332 2369 4401 γὰρ
2428 4324 2509 4393 οἷς
2551 4330 2829 4395 δοξάζεται
2876 4331 2905 4383 6
2938 4331 3129 4401 Πατὴρ
3182 4328 3615 4399 θεολογούμενος,
3670 4330 3724 4380 ἐν

492 4413 647 4459 catus
676 4419 799 4460 sum
834 4404 889 4459 in
910 4404 991 4462 eis
1014 4406 1081 4460 ³⁸.
1115 4427 1135 4459 ι
1169 4406 1227 4461 1η
1247 4409 1501 4466 omnibus
1522 4426 1755 4480 namque
1778 4410 1833 4463 in
1862 4410 2062 4480 quibus

2172 4417 2352 4481 αὐτοῖς
2377 4415 2656 4482 δοξάζεται
2681 4418 2772 4471 καὶ
2793 4419 2821 4471 6
2841 4418 2991 4483 Υἱὸς,
3019 4420 3111 4471 καὶ
3133 4418 3193 4471 τὸ
3224 4416 3449 4490 Πνεῦμα
3472 4419 3533 4471 τὺ
3558 4418 3723 4486 ἅγιον.

492 4495 797 4567 theologlce
834 4496 1170 4566 gloriﬁcatur
1199 4497 1378 4565 Pater,
1410 4501 1466 4554 in
1498 4501 1691 4556 iisdem
1724 4501 2060 4571 gloriﬁcatur

494 4581 667 4640 Filius
717 4592 773 4640 et
811 4583 1048 4655 Spiritus
1104 4596 1349 4643 sanctus.
1402 4588 1580 4659 Atque
1630 4590 1755 4645 inde
1787 4592 2060 4661 perfectus

493 4671 635 4729 Deus
672 4673 876 4730 dicitur
905 4674 1085 4741 l’ater,
1131 4676 1406 4749 perfectus
1435 4678 1578 4735 Deus
1610 4678 1803 4745 Filius,
1856 4692 1911 4736 et
1942 4697 2066 4752 per-

493 4764 668 4822 fectus
701 4766 843 4822 Deus
896 4765 1134 4839 Spiritus
1187 4778 1434 4837 sanctus.
1470 4769 1749 4841 Siquidem
1797 4772 1930 4827 nihil
1970 4774 2064 4827 ulli

493 4857 676 4913 deﬁcit
701 4875 769 4914 ex
804 4859 1145 4929 plenitudine
1174 4861 1481 4918 divinitatis
1514 4880 1529 4916 :
1559 4861 1654 4919 sed
1696 4864 2061 4933 aequalitatem

493 4933 1069 5020 habefunusquisque
1116 4953 1361 5006 omnium
1402 4954 1818 5023 proprietatum,
1862 4953 2064 5022 quibus

492 5042 772 5112 aequaliter
816 5042 1103 5113 plenitudo
1148 5044 1368 5102 deitatis
1415 5046 1771 5116 conspicitur.
1819 5044 1954 5099 Nam
1999 5062 2069 5099 ex

493 5132 831 5188 derivatione
861 5132 978 5187 ἴσου
1001 5132 1077 5206 [id
1104 5142 1190 5190 est
1209 5134 1458 5205 aequalis]
1482 5136 1590 5188 ίσία
1616 5134 1695 5207 [id
1751 5144 1836 5191 est
1884 5150 2069 5206 aequa-

496 5222 642 5295 litas]
668 5223 892 5289 dicitur,
934 5224 1169 5281 feminea
1215 5224 1598 5283 terminatione
1629 5245 1750 5300 qua:
1776 5237 1861 5287 est
1887 5246 2071 5302 mqua-

498 5315 664 5371 litatis
711 5317 1010 5372 multorum
1048 5319 1374 5388 complexio.
1418 5319 1629 5386 Quibus
1667 5324 1811 5379 enim
1841 5324 2070 5395 aequalis

585 5470 630 5502 ”
667 5469 829 5527 Joan.
865 5488 993 5539 xvr,
1029 5472 1115 5526 15.
1193 5474 1239 5506 ³⁸
1275 5472 1434 5530 Joan.
1469 5492 1578 5531 xvu
1605 5518 1619 5543 ,
1657 5478 1742 5534 lO.

724 5588 981 5662 ‘Angiicq'
997 5592 1210 5662 θεωρεῖ.

569 5657 678 5727 (57)
713 5657 946 5728 Anglic,
985 5661 1059 5725 ὡς
1085 5657 1141 5715 ιν
1164 5662 1275 5717 δύο.

2166 4510 2275 4562 Καὶ
2306 4509 2553 4563 ἐντεῦθεν
2575 4511 2777 4574 τέλειος
2798 4510 2929 4575 Θεὸς
2954 4514 2983 4565 6
3022 4509 3209 4581 Πατὴρ
3230 4508 3469 4578 λέγεται.
3506 4510 3601 4563 καὶ
3645 4509 3726 4562 τὲ·-

2164 4600 2306 4666 λειος
2339 4601 2471 4665 Θεὸς
2502 4605 2530 4655 6
2583 4602 2730 4667 Υἱὸς,
2761 4604 2855 4655 καὶ
2894 4602 3096 4665 τέλειος
3127 4601 3257 4664 Θεὸς
3305 4600 3370 4654 τὸ
3412 4601 3635 4675 Πνεῦμα
3671 4602 3726 4655 τὺ

2168 4693 2340 4761 ἅγιον.
2376 4694 2635 4765 Ἐπείπερ
2666 4694 2830 4766 μηδὲν
2856 4694 3087 4748 ἐλλείπει
3108 4692 3200 4748 τοῦ
3230 4696 3357 4767 περὶ
3386 4694 3484 4767 τὴν
3512 4695 3727 4766 θεότητα

2168 4780 2529 4853 πληρώματος
2542 4785 2769 4838 ἕκαστον
2782 4801 2796 4815 ο
2812 4784 2925 4839 ἀλλ’
2950 4786 3087 4841 ίσίαν
3104 4785 3213 4858 ἔχει
3238 4787 3456 4841 πάντων
3478 4786 3588 4841 τῶν
3605 4788 3730 4841 ίδιω-
3822 4834 3827 4841 ,

2177 4874 2381 4943 μάτων,
2437 4868 2513 4929 ὧν
2545 4876 2737 4948 ἐπίσης
2790 4879 2885 4931 καὶ
2930 4877 2991 4932 τὸ
3039 4878 3309 4949 πλήρωμα
3354 4878 3454 4951 τῆς
3490 4879 3729 4951 θεότητος

2173 4963 2474 5037 θεωρεῖται.
2493 4968 2587 5022 Ἐκ
2610 4971 2945 5042 παραγωγῆς
2967 4970 3075 5043 γάρ
3103 4971 3193 5025 τοῦ
3222 4969 3360 5036 ῐσου,
3388 4971 3498 5025 ίσία
3523 4972 3727 5042 λέγεται

2172 5052 2377 5129 θηλυκῇ
2411 5060 2617 5132 ἐκφορᾷ
2646 5064 2679 5133 ή
2703 5062 2801 5132 τῆς
2824 5063 3061 5134 ἰσότητος
3087 5064 3193 5116 τῶν
3212 5063 3419 5119 πολλῶν
3448 5062 3728 5135 συστατικὴ

2171 5163 2239 5198 πε
2249 5144 2584 5219 ρίληψις.⁷Ων
2596 5152 2666 5219 γά
2672 5170 2704 5223 ρ
2718 5153 2825 5225 (58)
2839 5155 2927 5225 ἴση
2940 5155 3019 5219 τίς
3031 5156 3175 5209 ἐστιν
3189 5155 3368 5219 οὐσία,
3379 5155 3727 5225 διαφερόντων

2175 5237 2497 5307 ἰδιωμάτων,
2520 5243 2628 5295 ίσία
2648 5242 2885 5311 λέγεται,
2908 5244 3095 5317 ὥσπερ
3121 5247 3212 5299 καὶ
3232 5247 3359 5299 ὁσία
3382 5246 3475 5300 καὶ
3498 5245 3611 5315 μία.
3626 5240 3727 5296 Καὶ
3811 5260 3814 5266 λ

2170 5327 2399 5401 ἐπείπερ
2441 5333 2550 5387 ἰσία
2577 5333 2792 5404 λέγεται
2833 5337 2951 5391 κατ’
2981 5338 3357 5409 ἐτυμολογίαν,
3391 5340 3565 5409 τροπῇ
3593 5334 3681 5389 τοῦ
3708 5350 3724 5385 ι

2252 5603 2361 5675 (38)
2393 5605 2504 5675 Γάρ
2537 5605 2690 5662 deest
2723 5606 2777 5662 in
2807 5608 3019 5681 Anglic.
