4022 6382
274 344 371 402 921

1193 345 1426 403 SERMO
1465 347 1533 402 IN
1571 347 2192 404 ANNUNTIATIONEM
2221 347 2563 406 DEIPARIE.

3401 353 3510 408 9‘22

269 467 348 529 εἰς
376 484 424 534 ο,
447 465 542 519 xai.
569 464 894 536 πλεονασμῷ
919 464 1013 518 τοῦ
1049 484 1078 518 υ
1105 467 1387 536 στοιχείου,
1429 467 1588 520 οὑσία
1624 467 1827 540 διερμῪι·

1948 475 2033 522 εει
2064 468 2392 530 substantia,
2430 466 2662 524 diversis
2685 475 2866 524 tamen
2897 467 3342 540 proprietatibus,
3374 469 3508 535 lata,

269 555 589 618 νεύεται,ὠς
608 551 743 608 οὖσά
764 573 846 618 τις
871 557 1164 628 συστατικὴ
1191 555 1445 629 ῦπαρξις,
1463 557 1570 610 τῶν
1586 559 1648 611 ἐκ
1665 557 1843 610 πλειό-

269 664 372 699 νων
404 645 497 698 ὲπὶ
531 646 660 716 μίαν
693 646 894 717 μονάδα
939 647 1175 718 ἐχόντων
1197 649 1258 702 τὸ
1285 648 1576 720 ἄθροισμα.
1606 649 1718 702 Καὶ
1746 647 1839 702 οῦ-

265 754 371 799 τως
405 737 488 799 εἰς
527 737 622 790 τὸν
652 738 775 790 κατ’
811 737 993 790 εἰκόνα
1035 739 1166 793 Θεοῦ
1221 740 1513 810 γενόμενον
1557 739 1840 811 ἄνθρωπον

265 825 665 890 ἀποϐλέποντες
702 827 838 898 (59),
868 828 1243 900 κανονίζομεν,
1282 830 1362 883 ὄτι
1392 832 1424 902 ἡ
1451 829 1705 893 σύστασις
1735 830 1840 885 τῶν

265 919 393 990 περὶ
420 918 584 971 αὑτοῦ
617 919 941 991 ἰδιωμάτων,
971 919 1115 973 κατὰ
1145 920 1434 986 τὴν,αὑτοῦ
1467 920 1720 994 ὓπαρξιν,
1745 924 1837 975 οὑ-

265 1009 352 1062 σία
387 1007 870 1080 προσαγορεύεται,
893 1009 969 1072 ὡς
994 1005 1131 1065 οὖσα
1155 1010 1442 1082 περίληψις
1473 1012 1566 1064 καὶ
1610 1030 1674 1064 πε
1683 1011 1838 1083 ριοχὴ

261 1099 367 1153 τῶν
397 1099 681 1164 πλειόνων,
705 1100 797 1153 ἐπὶ
827 1100 884 1159 ἒν
913 1100 1148 1171 ἒχόντων
1180 1100 1242 1154 τὸ
1301 1099 1509 1155 ἑαυτῶν
1540 1101 1832 1172 ἄθροισμα.

261 1192 371 1244 Καὶ
401 1191 511 1262 γὰρ
545 1192 606 1245 τὸ
643 1191 858 1246 κτιστὸν
891 1189 1028 1245 εἶναι
1064 1193 1156 1245 τὸν
1189 1191 1493 1263 ἄνθρωπον,
1523 1191 1584 1245 τὸ
1625 1193 1830 1264 νοερὸν,

261 1283 323 1337 τὸ
346 1281 583 1351 λογικὸν,
611 1282 672 1335 τὸ
701 1282 958 1352 ἔμψυχον,
977 1283 1036 1336 τὸ
1066 1283 1396 1353 σωματικὸν,
1425 1284 1486 1337 τὸ
1518 1283 1832 1355 παθητικὸν,

258 1373 320 1427 τὸ
364 1373 610 1444 ρευστὺν,
639 1373 702 1426 τὸ
733 1374 1006 1445 χρονικὸν,
1030 1374 1092 1427 τὸ
1118 1373 1333 1444 θνητὸν,
1368 1375 1430 1426 τὸ
1461 1374 1736 1445 γεννητὸν,
1775 1374 1836 1428 τὸ

256 1463 511 1536 φθαρτὸν,
526 1465 588 1518 τὸ
606 1464 913 1536 αὐξητικὸν,
929 1465 990 1518 τὺ
1004 1465 1254 1537 τρεπτὸν,
1270 1465 1331 1518 τὸ
1347 1465 1833 1536 ἀλλοιωτικὸνμο),

255 1557 316 1610 τὸ
339 1557 599 1628 λυπηρὸν,
622 1556 714 1610 καὶ
740 1557 839 1609 ὅσα
864 1556 996 1611 ἄλλα
1013 1539 1238 1611 τοιᾶῦτα
1263 1556 1400 1610 κατὰ
1421 1557 1709 1625 ἀναλογίαν
1736 1556 1833 1610 καὶ

255 1648 581 1718 ἐκλογισμὸν
623 1649 817 1718 ἐπίσης
870 1649 960 1700 ἐπὶ
991 1647 1080 1702 τὸν
1122 1649 1405 1720 ἄνθρωπον
1454 1649 1836 1719 λαμϐανόμενα

252 1741 388 1794 κατὰ
425 1741 486 1794 τὸ
519 1741 654 1803 ἴσον,
678 1739 789 1793 ἰσία
815 1741 1159 1809 λέγεται,καί
1181 1744 1352 1813 τροπῇ
1388 1743 1483 1795 καὶ
1513 1740 1835 1812 πλεονασμῷ

251 1831 358 1884 τῶν
387 1831 686 1900 στοιχείων,
707 1830 860 1884 οὑσία
893 1831 1678 1902 προσαγορεύεται,κάντεῦθεν
1701 1831 1835 1902 πλη·
1864 1868 1904 1922 Β

1947 556 2167 622 dicitur,
2198 567 2258 611 ut
2289 567 2343 614 et
2365 560 2491 612 ὁσία
2519 567 2572 614 et
2601 559 2723 630 μίαί
2748 558 2815 612 Et
2841 573 2966 614 cum
2996 560 3108 614 ἰσία
3146 559 3508 631 etymologica

1949 647 2182 714 dicatur,
2219 650 2580 705 conversione
2599 650 2692 704 τοῦ
2723 668 2740 704 ι
2771 651 2826 705 in
2852 667 2898 711 ο,
2929 665 2994 705 ac
3017 651 3210 713 deinde
3231 649 3508 706 additione

1953 739 2146 795 litterae
2174 758 2226 806 υ,
2257 741 2413 794 οὐσία
2433 741 2685 806 eﬂlcitur,
2731 742 2890 812 quasi
2923 742 3016 806 sit,
3061 743 3203 798 velut
3245 750 3504 798 constan

1947 828 2190 900 quaedam
2219 831 2562 894 exsisteutia,
2596 846 2800 893 rerum,
2835 847 2955 902 qua:
2997 847 3060 887 ex
3090 832 3275 887 multis
3297 833 3351 886 in
3381 830 3501 884 uni-

1945 928 2110 976 tatem
2136 921 2468 978 coalescunt.
2486 924 2660 991 Atque
2693 922 2764 976 ita
2793 922 3062 977 hominem
3086 923 3138 977 in
3156 922 3248 978 Dei
3268 923 3503 992 imagine

1945 1012 2146 1066 factum
2174 1020 2502 1082 spectantes,
2534 1012 2854 1069 deﬁnimus:
2887 1014 3028 1084 quod
3060 1015 3268 1069 scilicet
3298 1013 3502 1069 consti-

1946 1102 2081 1157 tutio
2123 1101 2241 1171 ejus
2286 1103 2702 1172 proprietatum,
2748 1104 3046 1159 secundum
3091 1105 3208 1174 ejus
3237 1105 3504 1160 exsisten—

1942 1191 2096 1257 tiam,
2130 1193 2370 1248 essentia
2392 1195 2713 1263 appelletur,
2748 1206 2933 1267 utpote
2959 1212 3079 1267 quae
3108 1197 3179 1252 sit
3197 1197 3502 1267 complexio

1941 1289 1997 1338 et
2043 1285 2458 1353 comprehensio
2496 1287 2814 1351 multorum,
2859 1304 2978 1358 qua:
3015 1288 3070 1342 in
3127 1303 3294 1344 unum
3339 1288 3504 1359 336

1942 1374 2276 1430 coalescunt.
2321 1373 2454 1429 Nam
2487 1378 2631 1447 quod
2663 1385 2880 1433 creatus
2921 1379 2992 1434 sit
3027 1379 3208 1444 homo,
3248 1379 3390 1448 quod
3423 1381 3502 1432 in-

1943 1463 2212 1534 telligens,
2256 1463 2401 1534 quod
2452 1467 2759 1530 rationalis,
2807 1467 2950 1537 quod
3007 1468 3300 1530 animatus,
3354 1466 3498 1537 quod

1941 1555 2263 1625 corporalis,
2290 1555 2436 1626 quod
2466 1557 2730 1626 patibilis,
2763 1557 2908 1628 quod
2937 1557 3137 1622 illisus,
3179 1557 3324 1628 quod
3371 1568 3504 1612 tem-

1941 1645 2169 1716 poralis,
2215 1644 2362 1716 quod
2414 1648 2685 1713 mortalis,
2731 1648 2875 1718 quod
2908 1646 3144 1718 genitus,
3193 1646 3338 1718 quod
3379 1661 3503 1700 cor;

1940 1736 2237 1807 ruptibilis,
2274 1735 2419 1805 quod
2448 1738 2787 1807 vegetabilis,
2817 1738 2961 1808 quod
2995 1736 3302 1803 mutationi,
3326 1736 3497 1792 varie-

1932 1831 2031 1883 tati
2075 1835 2130 1883 et
2176 1829 2410 1884 tristitiae
2473 1829 2544 1884 sit
2588 1829 2882 1894 obnoxius,
2928 1839 3090 1898 atque
3135 1828 3220 1884 his
3249 1828 3496 1884 similia:

251 1940 410 1993 ρωμα
438 1923 538 1992 τῆς
583 1921 1000 1992 ἀνθρωπότητος
1031 1922 1423 1992 ἑρμηνεύεται,
1471 1921 1532 1974 τὸ
1579 1919 1827 1990 συμπλη-

1934 1933 2055 1988 qua:
2089 1917 2272 1971 habita
2319 1918 2533 1972 ratione
2561 1926 2726 1988 atque
2769 1918 3140 1987 proportione,
3175 1917 3230 1972 in
3282 1916 3502 1974 homine

253 2014 376 2088 ροῦν
427 2014 594 2085 αὑτῆς
628 2013 689 2066 τὸ
720 2013 1008 2085 ἄθροισμα,
1057 2015 1197 2069 κατὰ
1227 2014 1287 2068 τὸ
1320 2013 1603 2084 μοναδικὸν
1660 2012 1828 2082 αὐτῆς

252 2126 315 2161 συ
325 2125 423 2178 στη
431 2125 524 2178 μα.

1933 2008 2235 2064 secundum
2259 2009 2640 2078 aequalitatem,
2677 2009 2784 2062 ίσία
2808 2008 2934 2080 [hoc
2958 2017 3043 2065 est
3091 2006 3394 2080 aequalitas]
3415 2008 3499 2062 di-

1932 2108 2168 2168 cuntur;
2217 2101 2630 2170 mutationeque
2682 2115 2747 2155 ac
2795 2101 3108 2170 pleonasmo
3165 2101 3496 2164 litterarum,

248 2204 404 2258 οὐσία
430 2211 654 2257 vocatur
690 2221 704 2257 :
751 2210 916 2271 atque
950 2201 1077 2256 hinc
1120 2200 1403 2272 plenitudo
1439 2200 1690 2254 humanae
1721 2209 1929 2252 natura:
1953 2198 2279 2268 explicatur,
2298 2194 2442 2267 quod
2465 2195 2585 2266 ejus
2609 2194 3078 2252 coacervationem
3099 2193 3356 2264 complet,
3404 2208 3504 2250 se-.

246 2299 486 2355 cundum
517 2297 735 2351 unicam
769 2295 890 2364 ejus
919 2294 1391 2350 constitutionem.
1462 2327 1464 2331 -

314 2392 367 2446 4.
407 2393 495 2444 Ἐν
526 2387 608 2454 οἷς
642 2389 1033 2460 σημειούμεθα,
1065 2389 1146 2441 ὅτι
1179 2388 1330 2441 οὐδὲν
1352 2387 1553 2442 τούτων
1587 2387 1707 2440 καθ’
1723 2387 1821 2440 αὑ⁶

243 2485 304 2538 τὸ
332 2483 490 2537 οὐσία
519 2482 736 2550 λέγεται
770 2480 878 2533 τῶν
919 2479 1061 2533 κατὰ
1091 2480 1180 2532 τὸν
1211 2478 1493 2551 ἄνθρωπον
1526 2478 1828 2548 ἰδιωμάτων

243 2574 666 2648 ἀθροιζομένων.
703 2575 776 2627 Οὐ
808 2575 913 2644 μήν
944 2590 996 2625 τι
1026 2571 1235 2624 τούτων
1263 2571 1555 2632 ὑπόστασις
1577 2569 1822 2638 λέγεται·

241 2670 378 2724 ἀλλὰ
405 2666 600 2730 κοινῶς
626 2667 746 2737 μὲν,
780 2661 889 2719 οἷον
919 2664 1200 2728 ἁπολύτως
1227 2664 1316 2716 ἐπὶ
1345 2663 1560 2717 πάντων
1593 2663 1823 2731 συναγό-

245 2777 404 2832 μενα,
437 2761 592 2813 οὐσία
626 2757 845 2824 λέγεται
896 2757 1004 2809 τῶν
1038 2756 1178 2809 κατὰ
1223 2756 1314 2808 τὸν
1359 2755 1639 2826 ἄνθρωπον
1680 2755 1824 2808 ἰδιω-

243 2853 432 2924 μάτων
462 2852 521 2905 τὸ
544 2850 815 2921 ἄθροισμα
832 2865 847 2879 ο
872 2849 1016 2911 ἰδίως
1039 2848 1096 2900 δὲ
1125 2847 1221 2900 καὶ
1252 2848 1336 2916 ἐφ’
1353 2846 1470 2911 ἐνὸς
1497 2846 1822 2909 ὑπόστασις.

244 2947 419 2999 Ὅταν
457 2944 552 3015 μὲν
581 2939 673 2996 οὖν
704 2941 896 3004 κοινῶς
940 2941 1032 2993 ἐπὶ
1071 2938 1278 2992 πολλῶν
1319 2938 1492 2992 ταῦτα
1533 2938 1823 3010 θεωρῆται,

237 3036 397 3089 οὐσία
427 3033 891 3105 προσαγορεύεται
912 3049 925 3062 ο
953 3032 1079 3086 ὅταν
1100 3031 1156 3084 δὲ
1184 3031 1276 3084 καὶ
1297 3030 1389 3083 ἐπὶ
1409 3030 1504 3082 ἕνα
1531 3029 1672 3092 ἰδίως
1703 3045 1827 3082 συν-

238 3130 466 3199 άγηται,
511 3125 808 3187 ὑπόστασις
843 3121 1243 3192 ὲξονομάζεται.
1293 3121 1402 3174 Καὶ
1435 3119 1621 3192 ὥσπερ
1661 3119 1820 3172 πάλιν

2000 2379 2056 2435 4.
2084 2377 2142 2433 In
2175 2379 2375 2449 quibus
2431 2385 2759 2433 annotamus
2799 2378 3004 2452 nullam
3039 2393 3224 2433 earum
3257 2380 3504 2451 propriec

1928 2478 2101 2527 tatum
2119 2486 2240 2542 qua:
2257 2471 2310 2525 in
2328 2471 2548 2525 homine
2569 2470 2882 2526 coalescunt
2909 2469 3210 2524 secundum
3229 2487 3288 2526 se
3310 2471 3497 2528 οὐσίαν

1927 2561 2131 2626 vocari,
2165 2575 2265 2616 nec
2294 2560 2587 2631 quidquam
2610 2560 2827 2625 horum,
2854 2559 3150 2625 ὑπόστασις
3183 2581 3195 2617 :
3228 2562 3322 2618 sed
3354 2579 3490 2618 con-

1923 2653 2160 2723 junctim
2187 2658 2244 2706 et
2274 2651 2528 2706 omnibbs
2555 2651 2782 2711 coactis.
2814 2653 3160 2705 coacervatio
3191 2654 3492 2723 proprieta-

1931 2752 2046 2798 tum
2088 2742 2348 2808 hominis,
2381 2742 2558 2807 οὐσία,
2607 2758 2703 2798 seu
2739 2743 2977 2798 essentia
3007 2743 3245 2812 dicitur,
3277 2747 3503 2816 pro-prie

1923 2851 2054 2892 vero
2085 2844 2248 2906 atque
2277 2838 2332 2892 in
2356 2850 2464 2891 uno
2492 2833 2806 2899 ὑπόστασις,
2837 2850 2932 2890 seu
2957 2835 3329 2891 subsistentia.
3353 2837 3493 2892 Cum

1923 2929 2109 3001 itaque
2132 2936 2186 2984 et
2205 2942 2496 2983 commune
2521 2926 2588 2980 de
2617 2926 2804 2980 multis
2825 2926 2938 2981 haec
2958 2926 3286 2997 cogitantur,
3312 2928 3489 2995 οὑσία,

1933 3037 2031 3077 seu
2060 3021 2298 3076 essentia
2326 3026 2715 3088 nuncupatur;
2752 3034 2873 3073 cum
2920 3027 3100 3073 autem
3131 3019 3197 3074 de
3225 3035 3332 3073 uno
3366 3035 3498 3090 pro-.

1923 3115 2040 3184 prie
2072 3114 2424 3184 colliguntur,
2456 3112 2773 3176 ὑπόστασις,
2809 3127 2903 3166 seu
2939 3111 3290 3167 subsistentia
3316 3113 3492 3166 nomi-.

238 3194 446 3282 είς-τὸν
479 3219 597 3270 κατ’
619 3217 802 3270 εἰκόνα
834 3215 928 3268 καὶ
959 3214 1216 3285 ὁμοίωσιν
1249 3212 1383 3266 Θεοῦ
1415 3213 1700 3283 γενόμενον
1729 3212 1822 3266 άν-

1930 3214 2108 3261 natur.
2139 3204 2204 3258 Et
2235 3205 2378 3260 sicut
2431 3205 2651 3269 iterum,
2699 3203 2917 3273 quando
2949 3203 3220 3257 hominem
3258 3201 3323 3256 ad
3355 3203 3492 3258 ima-

1923 3295 2104 3366 ginem
2152 3303 2206 3350 et
2255 3294 2670 3368 similitudinem
2727 3293 2820 3349 Dei
2858 3293 3061 3348 factum
3097 3293 3488 3364 conspicimus,

1924 3402 2031 3441 una
2071 3394 2330 3450 mentem,
2363 3387 2588 3440 verbum
2619 3393 2672 3440 et
2706 3385 2956 3455 spiritum
3007 3385 3488 3456 apprehendimus,

1923 3492 2022 3532 nec
2061 3477 2253 3531 horum
2285 3478 2580 3546 quidquam
2633 3478 2718 3531 vel
2753 3477 2904 3546 prius
2935 3477 3016 3532 vel
3060 3478 3354 3546 posterius,
3394 3477 3492 3533 sed

1923 3565 2129 3636 pariter
2172 3567 2503 3631 consistunt,
2545 3572 2707 3634 atque
2740 3581 2906 3618 unum
2951 3565 3168 3636 quidem
3206 3566 3487 3630 dicuntur,

1923 3657 2017 3713 sed
2053 3657 2351 3710 trinitatem
2381 3670 2503 3709 esse
2525 3652 2928 3725 quodammodo
2958 3654 3263 3723 cogitamus
3290 3669 3303 3706 :
3328 3662 3490 3722 atque

1923 3754 2153 3802 mentem
2176 3745 2395 3817 quidem
2422 3747 2738 3816 ingenitam,
2763 3744 2989 3799 verbum
3019 3751 3198 3798 autem
3223 3746 3488 3815 genitum,

1922 3840 2210 3910 ipsumque
2238 3853 2338 3908 pro
2381 3847 2621 3907 tempore
2647 3843 2952 3890 atramento
2982 3843 3287 3900 exaratum,
3351 3836 3490 3890 scri-

1923 3938 2071 4001 ptum
2091 3945 2155 3984 ac
2168 3930 2394 3983 missum
2419 3946 2433 3996 ;
2459 3928 2533 3980 ita
2563 3941 2780 3998 quoque
2795 3933 2847 3980 et
2872 3927 2927 3980 in
2951 3926 3332 3981 universorum
3355 3924 3486 3992 Deo,

1921 4023 2137 4074 Patrem
2191 4019 2349 4088 quasi
2397 4025 2631 4072 mentem
2689 4015 2979 4086 ingenitam
3009 4055 3024 4081 ,
3082 4014 3277 4069 Filium
3329 4016 3486 4086 quasi

1923 4112 2157 4168 Verbum
2199 4111 2467 4183 genitum,
2501 4111 2787 4180 ipsumque
2819 4109 3068 4173 missum,
3103 4122 3211 4178 quo
3245 4115 3489 4178 tempore

1923 4206 2128 4275 placuit
2158 4211 2394 4273 paternae
2417 4201 2712 4267 voluntati;
2748 4215 2855 4254 non
2880 4199 3036 4270 quasi
3060 4199 3351 4269 prolatum,
3383 4198 3468 4252 ali-

237 3312 460 3382 θρωπον
497 3307 917 3369 ἀποϐλέποντες,
950 3305 1068 3376 ἅμα
1096 3303 1282 3358 τοῦτον
1309 3303 1432 3359 νοῦν
1467 3304 1576 3375 (41)
1608 3304 1702 3356 καὶ
1731 3302 1820 3355 λό-

233 3419 337 3470 γον
370 3401 464 3454 καὶ
513 3398 731 3468 πνεῦμα
773 3395 1112 3466 καθορῶμεν,
1148 3395 1240 3447 καὶ
1266 3395 1415 3448 οὐδὲν
1458 3393 1660 3446 τούτων
1690 3394 1824 3464 πρό-

234 3511 398 3566 τερον
436 3491 560 3546 οὔτε
598 3489 846 3559 ὕστερον,
889 3485 1031 3547 ἀλλὰ,
1068 3485 1208 3538 κατὰ
1244 3485 1409 3538 ταύτὸ
1447 3483 1698 3553 συνέστη,
1732 3485 1824 3536 καὶ

232 3589 336 3641 ἕνα
362 3587 461 3656 μὲν
488 3583 804 3652 λεγόμενον,
840 3579 1032 3650 τριάδα
1065 3577 1121 3630 δὲ
1154 3577 1462 3647 νοούμενον,
1489 3575 1563 3636 ὡς
1593 3569 1703 3629 οἷον
1729 3575 1823 3628 καὶ

231 3682 332 3735 τὸν
362 3677 452 3732 νοῦ
529 3677 625 3747 μὲν
651 3674 964 3743 ἀγέννητον,
998 3670 1254 3740 γεννητὸν
1289 3669 1345 3722 δὲ
1375 3667 1463 3723 τὸν
1513 3668 1689 3736 λόγον,
1732 3666 1825 3719 καὶ⁸

235 3773 434 3828 τοῦτον
467 3768 610 3823 κατὰ
646 3766 836 3836 καιρὸν
885 3762 1298 3834 μελανούμενον,
1343 3761 1436 3814 καὶ
1478 3759 1822 3831 ἐγγραφόμε-

231 3884 352 3928 νον,
377 3863 472 3917 καὶ⁸
506 3858 965 3928 ἀποστελλόμενον
985 3873 998 3885 ο
1029 3855 1201 3917 οὕτως
1227 3853 1322 3908 καὶ
1353 3853 1446 3906 ἐπὶ
1478 3851 1573 3906 τοῦ
1605 3851 1821 3906 πάντων

231 3955 404 4020 Θεοῦ,
429 3954 521 4009 τὸν
553 3953 650 4024 μὲν
681 3950 893 4020 Πατέρα
913 3948 988 4011 ὡς
1016 3946 1140 4002 νοῦν
1169 3945 1482 4015 ἀγέννητον,
1512 3943 1600 3997 τὸν
1615 3943 1670 3996 δὲ
1696 3943 1822 3996 Υἰὸν

227 4051 313 4114 ὡς
355 4047 530 4116 Λόγον
561 4041 838 4112 γεννητὸν,
882 4039 979 4092 καί⁸
1006 4037 1194 4092 τοῦτον
1219 4035 1695 4106 ἀποστελλόμενον,
1724 4051 1822 4088 κα-

229 4144 305 4195 τὰ
331 4139 523 4211 καιρὸν
556 4133 803 4197 εὐδοκίας
831 4131 922 4184 τοῦ
950 4127 1218 4201 πατρικοῦ
1258 4128 1577 4199 θελήματος,
1614 4126 1712 4197 οὐχ
1747 4125 1822 4189 ὡς

228 4232 576 4306 προφορικὺν
607 4226 749 4281 κατὰ
779 4224 966 4297 καιρὸν
991 4224 1083 4276 καί
1108 4223 1296 4293 χρόνον
1320 4221 1454 4292 πρὸς
1485 4219 1670 4291 χρείαν
1691 4219 1822 4272 ἀπο-

225 4287 603 4397 γεννὼμενον,
654 4317 768 4371 ἀλλ’
803 4316 878 4379 ὡς
919 4314 1312 4378 ὑποστατικὸν,
1361 4314 1454 4366 καί
1502 4311 1822 4382 αὐτόχρημα

1930 4310 2030 4364 quo
2063 4301 2307 4363 tempore
2338 4298 2392 4346 et
2423 4300 2720 4352 momento,
2753 4288 2820 4342 ad
2862 4287 3150 4356 quemdam
3197 4302 3358 4342 usum
3391 4301 3472 4356 ge-

222 4378 392 4470 τοῦτο
421 4378 800 4474 ῦνταξκαθὼς
843 4378 937 4460 καὶ
987 4405 1305 4474 γεγένναται
1340 4403 1471 4473 (42).
1498 4378 1686 4466 ’Ἅπας

1930 4385 2094 4438 nitum
2126 4384 2216 4448 sit,
2249 4381 2341 4438 sed
2367 4382 2524 4452 quasi
2557 4379 2884 4443 subsistens,
2911 4394 2974 4433 ac
2991 4393 3087 4448 per
3110 4393 3169 4434 se
3192 4378 3484 4442 exsistens,

219 4502 524 4576 γεννηθεὶς
564 4469 638 4551 ⁷ὲκ
697 4469 792 4548 τοῦ
836 4469 1074 4563 Πατρός,
1105 4493 1398 4555 ὑπόστασις
1432 4469 1580 4556 εστι,
1625 4469 1812 4544 στάσιν

1930 4475 2376 4544 quemadmodum
2405 4482 2459 4528 et
2497 4481 2686 4528 natum
2712 4480 2815 4526 est.
2853 4469 3031 4526 Semel
3069 4484 3303 4538 namque
3329 4469 3487 4539 geni-

219 4560 522 4652 άδιάλῖδτον
556 4590 715 4660 ἔχων,
759 4588 848 4656 ὑφ’
885 4560 1084 4639 ὧντκαὶ
1125 4582 1264 4640 εἶναι
1313 4584 1543 4653 πέφυκε.
1607 4583 1680 4635 Τὸ
1706 4581 1813 4653 γὰρ

1930 4581 2008 4622 Lus
2037 4583 2101 4622 ex
2137 4565 2296 4622 Patre
2349 4566 2662 4638 bypostasis
2707 4570 2813 4628 est,
2863 4562 3244 4618 indissolutam
3280 4561 3487 4617 habena

1921 4659 2321 4724 exsistentiam,
2354 4659 2457 4714 sub
2485 4659 2553 4712 iis
2583 4671 2702 4727 quae
2745 4670 2867 4710 esse
2901 4654 3076 4724 ipsius
3120 4651 3483 4707 constituunt.

1922 4751 2056 4806 Nam
2109 4751 2440 4822 hypostasis,
2487 4747 2785 4804 secundum
2819 4743 3220 4816 etymologiam,
3252 4741 3488 4812 explica-

1918 4855 2008 4900 tur
2028 4843 2467 4900 subexsistentia.
2523 4841 2800 4911 Siquidem
2856 4837 3039 4900 Pater,
3087 4843 3272 4906 utpote
3304 4849 3482 4898 mens,

1919 4945 2188 5008 quatenus
2212 4945 2296 4991 est
2318 4935 2482 5007 geniti
2518 4949 2704 5000 causa,
2734 4933 2893 5003 quasi
2922 4932 3163 5002 genitum
3197 4929 3394 4984 Filium
3423 4931 3480 4986 in

1923 5047 1981 5086 se
2004 5032 2186 5086 habet.
2206 5030 2568 5098 Quamobrem
2605 5028 2956 5100 evangelista,
2987 5026 3151 5095 hujus
3167 5022 3317 5079 vocis
3341 5025 3481 5089 loco,

1922 5123 2027 5176 ὑπό
2057 5121 2137 5194 [id
2173 5133 2255 5178 est
2283 5141 2302 5173 ι
2326 5120 2485 5192 subi]
2511 5121 2644 5192 πρός
2677 5121 2750 5192 [id
2781 5127 2864 5174 est
2889 5137 2906 5170 ς
2933 5115 3130 5187 apud]:
3157 5114 3483 5184 conscripsit

1921 5214 2110 5270 dicens
2135 5231 2148 5268 :
2174 5235 2191 5266 ι
2214 5214 2271 5269 lu
2302 5215 2572 5285 principio
2593 5222 2709 5268 erat
2733 5213 2991 5275 Verbum,
3023 5220 3077 5267 et
3102 5210 3338 5266 Verbum
3365 5217 3482 5265 erat

1918 5307 2057 5375 apud
2096 5307 2286 5371 Deum,
2319 5316 2373 5362 et
2403 5306 2546 5361 Deus
2571 5316 2688 5360 erat
2708 5303 2942 5360 Verbum
2967 5305 3031 5358 ³¹.
3067 5323 3086 5356 ι
3121 5304 3264 5358 ldem
3296 5302 3482 5374 itaque

1915 5400 2019 5454 sibi
2050 5401 2188 5464 vult,
2242 5408 2297 5455 et
2346 5401 2410 5454 ad
2459 5415 2620 5452 unam
2660 5397 3008 5464 eamdemque
3033 5395 3480 5466 signiﬁcationem

1913 5491 2073 5558 redit,
2103 5492 2227 5558 ὑπό,
2257 5499 2310 5547 et
2342 5492 2498 5563 πρός,
2532 5506 2654 5545 cum
2687 5489 2893 5544 nomini
2921 5488 3214 5542 adduntur.

217 4689 534 4748 ὑπόστασις
548 4683 666 4737 κατ’
681 4682 769 4733 ὲτυ
778 4678 1030 4751 μολογίαν
1050 4677 1125 4729 διε
1135 4675 1455 4748 ρμηνεύεται
1479 4673 1821 4734 ὑ-πό-στασις.

215 4780 345 4837 Kal.
367 4777 482 4848 γὰρ
513 4775 591 4838 ὡς
622 4771 746 4835 νοῦς
777 4772 805 4824 6
833 4767 1042 4836 Πατὴρ,
1066 4766 1184 4818 κατ’
1205 4765 1382 4818 αἰτίαν
1411 4764 1503 4817 τοῦ
1534 4761 1816 4833 γεννητοῦ,

213 4875 302 4938 ὡς
339 4868 605 4942 γεννητὸν
626 4865 716 4919 τὸν
742 4864 867 4917 Υἰδν
901 4864 986 4916 ἐπ’
1013 4861 1172 4915 αὑτὸν
1205 4860 1336 4930 ἔχει.
1362 4856 1451 4910 Διό
1474 4857 1567 4910 καὶ
1598 4857 1626 4909 6
1655 4858 1820 4924 εὐαγ-

213 4962 494 5036 γελιστὴς
545 4957 667 5013 ἀντὶ
721 4954 814 5009 τοῦ
858 4953 1000 5007 «ὑπὸ
1045 4972 1063 5004 ι
1094 4953 1153 5005 τὸ
1200 4968 1220 5004 ι
1261 4949 1394 5023 πρὸς
1420 4968 1436 5000 ι
1474 4947 1821 5036 ἀναγέγραφε

209 5034 410 5126 λέγων
430 5070 444 5083 ·
471 5071 489 5102 ι
516 5051 604 5103 Ἐν
637 5049 778 5119 ἀρχῇ
807 5041 874 5116 ἦν
911 5047 938 5097 6
967 5044 1155 5112 Λόγος,
1196 5043 1289 5095 καὶ
1331 5043 1358 5094 6
1390 5039 1558 5107 Λόγος
1587 5034 1654 5109 ἦν
1683 5037 1816 5109 πρὸς

207 5143 318 5202 τὸν
359 5142 518 5204 Θεὸν,
553 5139 648 5192 καὶ
693 5137 824 5199 Θεὸς
858 5130 926 5205 ἦν
961 5135 990 5187 6
1033 5132 1222 5200 Λόγος,
1259 5151 1276 5182 ι
1316 5128 1522 5184 Οὐκοῦν
1576 5127 1815 5182 ἰσοδύνα-

213 5240 334 5312 μόν
378 5237 521 5294 ἐστι,
562 5229 658 5283 καὶ
701 5226 822 5281 καθ’
866 5225 925 5279 ἓν
963 5225 1359 5312 σημαινόμενον
1412 5219 1816 5290 ἐπαναστρέφον

208 5311 306 5392 τὸ,
330 5327 467 5389 ὑπὸ,
487 5324 586 5378 καὶ
613 5321 769 5391 πρὸς,
800 5316 940 5373 κατὰ
970 5316 1226 5388 πρόθεσιν
1252 5311 1346 5367 τοῦ
1363 5312 1622 5381 ὀνόματος
1650 5326 1816 5381 προσ-

211 5442 282 5479 κε
295 5424 491 5492 ίμενα.

293 5601 346 5632 ³¹
391 5595 554 5651 Joan.
595 5608 652 5656 ι,
690 5592 742 5645 1.

296 5693 424 5765 (59)
461 5689 801 5765 Anglicanus
833 5687 1195 5765 solu_s,__quem
1227 5683 1474 5765 sequitur
1510 5679 1641 5765 edit.
1665 5677 1818 5765 Phari-

208 5748 440 5833 sie‘qsf,
475 5748 896 5820 ἀποϐλέποντες.
947 5748 1086 5812 Edit.
1143 5748 1349 5808 Comm.
1405 5760 1458 5806 et
1509 5751 1630 5813 alii,
1691 5748 1813 5818 βὶέ-

205 5851 497 5908 τονῖεξςκ
596 5900 632 5908 -.
783 5897 860 5908 ..

471 5900 715 5971 Anglic,
748 5897 806 5950 τὸ
839 5894 1121 5949 dum-.6;

1987 5681 2105 5764 μί)
2137 5679 2210 5734 lta
2233 5678 2467 5750 Anglic.,
2500 5683 2667 5731 recte.
2701 5673 2841 5732 Editi
2873 5687 3022 5740 vero,
3071 5672 3187 5744 ἅμα
3240 5668 3335 5724 τοῦ
3385 5666 3477 5726 ιὶδν

1923 5770 2066 5807 νουν.

1998 5821 2109 5891 (42)
2141 5820 2374 5906 Anglia,
2403 5817 2738 5888 γεγέννηται,
