3924 6534
531 391 650 448 9,,

532 599 904 655 cxsistentiam
937 598 1164 660 habens,
1196 610 1297 650 nec
1340 595 1459 650 sine
1484 593 1662 659 Patre,
1700 593 1795 648 sed
1826 593 1967 662 apud
1996 592 2098 645 Pa-

534 697 670 746 trem
713 705 924 759 semper
953 689 1249 750 exsistens,
1289 700 1464 756 neque
1513 685 1674 738 aliam
1727 699 1887 753 quam
1923 683 2099 737 Patris

533 782 866 836 voluntatem
909 781 1138 842 habens,
1185 793 1367 848 neque
1413 778 1573 831 aliam
1624 784 1969 847 potestatem,
2015 777 2099 830 vel

535 872 930 943 operationem,
952 878 1011 924 ut
1031 885 1207 939 neque
1237 869 1396 922 aliam
1429 868 1822 935 substantiam;
1853 870 1944 923 sed
1976 884 2099 922 cum

536 962 719 1018 omnia
748 977 1085 1032 quaecunque
1128 960 1288 1015 Pater
1317 960 1499 1023 habet,
1543 959 1738 1014 habeat
1768 969 1821 1014 et
1869 961 1984 1029 ipse
2012 961 2102 1012 Fi-

537 1054 666 1116 lius,
690 1052 1174 1107 consubstantialis
1193 1059 1279 1107 est
1300 1049 1450 1104 Patri
1481 1059 1534 1104 et
1554 1048 1802 1120 Spiritui.
1832 1049 1930 1104 Hie
1949 1051 2101 1120 juxta

537 1151 820 1215 paternum
845 1144 1156 1207 consil-ium,
1187 1142 1472 1212 antiquum
1503 1151 1663 1211 atque
1679 1157 1888 1207 verum,
1917 1149 2103 1211 utpote

537 1235 719 1304 magni
739 1233 951 1289 consilii
973 1233 1154 1288 Patris
1177 1234 1424 1302 angelus,
1452 1232 1718 1286 mirabilis
1734 1232 2099 1297 consiliarius,

540 1327 632 1396 qui
667 1326 796 1379 olim
831 1333 894 1380 ut
925 1325 1163 1381 Verbum
1207 1325 1388 1379 Patris
1423 1324 1778 1379 multifariam
1813 1325 2103 1393 multisque

539 1419 946 1474 modislocutus
971 1429 1056 1474 est
1086 1419 1339 1489 patribus
1365 1419 1419 1472 in
1445 1417 1757 1487 prophetis;
1791 1415 2104 1470 novissimis

541 1509 734 1565 diebus
761 1509 869 1573 bis,
925 1511 1142 1565 loeutus
1171 1517 1255 1565 est
1288 1509 1469 1572 nobis,
1508 1509 1826 1563 incarnatus
1855 1515 1908 1561 et
1945 1507 2104 1560 homo

544 1598 720 1653 factus
751 1617 764 1652 :
799 1599 911 1668 qui,
947 1606 1006 1652 ut
1051 1599 1147 1660 ait,
1183 1605 1236 1652 et
1262 1598 1460 1652 saecula
1489 1595 1648 1652 fecit:
1684 1611 1793 1650 non
1825 1596 1970 1666 quod
2001 1596 2105 1649 diis

544 1689 867 1758 quibusdam
901 1690 1232 1759 portentosis
1272 1705 1425 1744 suam
1455 1688 1847 1758 providentiam
1878 1687 2108 1742 commi-

547 1781 698 1845 serit,
731 1789 788 1834 ut
820 1781 970 1834 aiunt
991 1781 1226 1848 ethnici;
1249 1781 1343 1835 sed
1375 1782 1489 1850 ipse
1513 1780 1681 1835 Filius
1711 1797 1777 1834 ex
1807 1779 1983 1834 Patris
2012 1781 2107 1834 be-

1657 385 1714 440 S.
1755 377 2213 438 ATHANASIUS.
2252 410 2318 421 —
2354 377 2621 436 SPUBIA.

604 506 657 564 5.
693 506 860 578 Igitur
904 506 1201 566 ὑπόστασις
1242 510 1328 560 est
1375 501 1570 566 Filius,
1616 502 1775 572 quasi
1807 503 1911 556 sub
1943 500 2101 556 Patre
2131 505 2177 561 Α

3661 380 3757 431 θξι

2273 498 2325 552 5.
2365 500 2686 560 Ὑπόστασις
2713 497 2891 550 τοίνυν
2921 496 3066 550 ὲατὶν
3097 497 3126 550 ό
3149 493 3294 559 Υἱὸς,
3354 495 3430 558 ὡς
3456 494 3561 548 ὑπό
3590 512 3644 547 τι
3673 496 3758 547 τὸν

2205 591 2423 661 Πατέρα
2472 590 2657 647 στάσιν
2689 589 2845 659 ἔχων,
2890 588 2982 645 καὶ
3010 587 3070 641 οὐ
3105 587 3269 658 χωρίς
3300 586 3394 639 τοῦ
3429 587 3641 657 Πατρὶς
3671 586 3758 649 ὣν,

2205 682 2338 735 ἀλλὰ
2364 682 2498 752 πρὸς
2524 682 2614 734 τὸν
2642 681 2856 752 Πατέρα
2882 681 2968 733 ἀεὶ
2995 679 3070 732 ὧν
3090 697 3103 709 ·
3129 681 3220 732 καὶ
3247 677 3368 732 οὔτε
3401 677 3613 749 Θέλημα
3646 679 3761 731 ἄλλο

2205 771 2356 842 παρὰ
2387 771 2480 824 τοῦ
2521 771 2732 842 Πατρὸς
2783 771 2940 841 ἔχων,
2991 771 3113 824 οὔτε
3161 770 3263 840 μὴν
3297 770 3525 839 δύναμιν
3560 771 3761 841 ἑτέραν,

2205 861 2326 915 οὗτε
2381 864 2485 933 μὴν
2518 864 2815 935 ἐνέργειαν,
2869 865 2945 929 ὼς
3001 865 3120 917 οὐδὲ
3167 863 3330 931 ἄλλην
3383 863 3595 928 οὐσίαν,
3644 864 3769 916 ἀλλὰ

2207 955 2406 1017 πάντα,
2457 957 2556 1008 ὅσα
2593 956 2702 1026 ἔχει
2752 958 2780 1009 ὁ
2819 958 3029 1028 Πατὴρ,
3065 957 3200 1026 ἔχων
3233 956 3328 1008 καὶ
3378 939 3546 1018 αύτὺς
3573 957 3765 1022 dl‘ibg,

2206 1047 2485 1116 δμοούσιός
2517 1048 2631 1100 ἐστι
2685 1047 2763 1118 τῷ
2814 1048 2988 1119 Πατρὶ
3036 1047 3234 1118 καὶτῷ
3277 1045 3581 1116 Πνεύματι.
3614 1044 3766 1111 Οὗτος

2207 1137 2347 1190 κατὰ
2365 1137 2633 1208 πατρικὴν
2664 1137 2854 1210 βουλὴν
2886 1139 3113 1210 ἀρχαίαν
3145 1138 3238 1190 καὶ
3264 1137 3544 1208 ἀληθινὴν,
3575 1137 3647 1200 ὡς
3671 1157 3756 1208 με.

2208 1227 2379 1296 γὰλης
2423 1226 2614 1298 βουλῆς
2646 1228 2855 1299 Πατρὸς
2886 1228 3129 1297 ἄγγελος,
3187 1227 3496 1298 Θαυμαστὸς
3531 1229 3755 1298 σύμϐου-

2207 1317 2317 1381 λος,
2344 1320 2436 1371 καὶ
2470 1320 2654 1385 πάλαι,
2677 1320 2751 1383 ὡς
2778 1321 2945 1389 Λόγος
2962 1319 3054 1373 τοῦ
3085 1321 3315 1390 Πατρὸς,
3335 1319 3656 1391 πολυμερῶς
3677 1324 3755 1374 καὶ

2208 1410 2558 1482 πολυτρόπως
2599 1411 2835 1482 λαλήσας
2866 1415 2976 1474 τοῖς
3013 1412 3277 1484 πατράσιν
3311 1413 3368 1464 έν
3399 1417 3512 1475 τοῖς
3553 1415 3742 1483 texi]-

2208 1517 2344 1563 ταις,
2379 1503 2462 1553 ἐπ’
2481 1502 2723 1570 ἐσχάτων
2749 1502 2854 1554 τῶν
2885 1502 3103 1572 ἡμερῶν
3124 1503 3328 1555 τούτων
3344 1502 3610 1572 ἐλάλησεν
3639 1505 3756 1572 ἡμῖν

2212 1591 2510 1658 σαρκωθεὶς
2544 1592 2635 1644 καὶ
2655 1585 3092 1663 ἐνανθρωτέήσας,
3115 1591 3192 1654 ὃς,
3228 1587 3508 1661 φηαὶβκαὶ
3535 1594 3658 1654 rei);
3694 1595 3762 1644 αξ-

2212 1679 2354 1743 ῶνας
2386 1681 2664 1751 ἐποίησεν·
2699 1681 2758 1735 ού
2795 1681 2934 1744 Θεοῖς
2961 1698 3068 1735 τισι
3113 1681 3561 1752 τερατευομένοις
3607 1683 3766 1755 ἐγχει-

2216 1773 2386 1843 ρήσας
2413 1773 2508 1844 τὴν
2534 1775 2694 1827 αὑτοῦ
2722 1775 2994 1845 πρόνοιαν,
3016 1774 3154 1828 καθά
3185 1791 3344 1843 φασιν
3360 1775 3636 1845 Ἕλληνες.

549 1870 842 1940 neplacito,
874 1877 926 1923 et
960 1867 1198 1938 Spiritus
1235 1871 1410 1924 sancti
1443 1871 1848 1941 eooperatione,
1893 1885 2108 1924 onmem

2224 1864 2369 1927 ιὺτὸς
2394 1866 2422 1916 ὁ
2456 1864 2582 1926 Υἱὸς
2633 1865 2849 1936 εὐδοκία
2886 1865 2979 1917 τοῦ
3013 1866 3224 1937 Πατρὸς
3256 1868 3349 1919 καὶ
3377 1866 3661 1938 συνεργείᾳ
3688 1867 3765 1919 τοῦ

550 1976 732 2014 rerum
772 1961 1164 2030 providentiam
1224 1963 1513 2031 acceperit.
1549 1961 1828 2031 Siquidem
1877 1976 2115 2014 commu-

551 2052 768 2106 nionem
801 2050 1096 2107 ostendens
1122 2051 1367 2120 ejusdem
1392 2061 1445 2107 et
1475 2053 1638 2107 unius
1662 2052 2014 2122 providentiae
2036 2058 2116 2103 at-

553 2158 656 2213 que
673 2143 1004 2212 operationis
1029 2145 1102 2196 ait
1125 2163 1136 2196 :
1159 2160 1175 2193 (
1201 2142 1360 2197 Pater
1381 2159 1533 2199 meus
1561 2159 1731 2214 usque
1750 2143 1909 2196 modo
1925 2157 2116 2212 opera-

553 2243 662 2297 tur,
685 2242 737 2288 et
751 2249 848 2304 ego
876 2249 1070 2304 operor
1095 2234 1163 2288 ³¹.
1201 2254 1219 2286 ι
1241 2233 1358 2287 Non
1380 2236 1522 2288 enim
1550 2234 1848 2289 secundum
1874 2234 2035 2287 aliam
2063 2241 2117 2287 et

554 2324 714 2377 aliam
733 2325 1122 2393 providentiam
1141 2323 1300 2380 Pater
1317 2334 1370 2380 et
1396 2325 1567 2380 Filius
1583 2335 1900 2396 operantur,
1921 2325 2014 2380 sed
2033 2341 2118 2378 se-

553 2417 793 2470 cundum
825 2432 985 2470 unam
1023 2424 1184 2486 atque
1207 2417 1448 2471 eamdem
1471 2417 1886 2471 substantialem
1921 2416 2119 2470 divini—

554 2508 684 2563 tatis
707 2509 1093 2577 operationem.
1119 2527 1138 2559 ι
1163 2507 1403 2573 Quicum
1423 2509 1493 2562 sit
1523 2529 1540 2561 ι
1561 2509 1642 2580 (ut
1672 2508 1746 2561 ait
1764 2510 1954 2562 iterum
1983 2523 2119 2577 prm-

553 2611 623 2652 co
650 2597 760 2668 ille)
783 2615 800 2647 ι
822 2596 1076 2666 splendor
1108 2598 1291 2667 gloria:
1312 2607 1366 2653 et
1383 2598 1550 2669 ﬁgura
1583 2599 1898 2654 substantiae
1931 2599 2112 2668 eius,»

557 2688 843 2764 palamque
861 2688 1023 2742 etiam
1042 2696 1125 2742 est
1141 2697 1193 2743 et
1216 2688 1393 2744 Patris
1416 2709 1428 2743 :
1453 2690 1698 2760 feratque
1725 2708 1744 2741 ι
1765 2691 1943 2744 omnia
1958 2689 2117 2759 337

556 2777 724 2833 verbo
755 2778 973 2832 virtutis
1000 2779 1195 2848 ipsius,
1228 2781 1610 2851 purgationem
1641 2789 1994 2851 peccatorum
2021 2795 2122 2834 no-

559 2876 801 2924 strorum
846 2868 1074 2934 faciens,
1101 2872 1252 2926 sedet
1287 2872 1340 2925 in
1372 2872 1596 2926 dextera
1626 2872 2022 2942 magnitudinis
2065 2873 2119 2928 in

559 2959 792 3014 excelsis
815 2960 916 3015 ⁸³.»
939 2959 1248 3018 Conversus
1279 2970 1458 3016 autem
1483 2977 1663 3018 sermo
1687 2962 1740 3016 in
1761 2963 2006 3017 eamdem
2037 2978 2123 3018 re-

556 3049 692 3105 cidit
719 3050 1122 3121 cogitationem,
1151 3053 1552 3108 censiderando
1601 3053 1810 3107 scilicet
1875 3053 2125 3124 splendo-

558 3157 696 3208 rem,
749 3142 907 3211 quasi
962 3141 1173 3196 radium
1227 3159 1294 3198 ex
1340 3152 1455 3197 toto
1506 3144 1619 3198 sole
1675 3150 1854 3198 ortum
1887 3185 1904 3211 ,
1963 3145 2121 3215 quasi

560 3234 772 3290 scilicet
803 3250 869 3288 ex
898 3233 1051 3289 disco
1097 3243 1269 3290 totum
1306 3237 1472 3290 solem
1506 3236 1821 3291 continente
1858 3237 2119 3302 oriretur,

561 3323 920 3380 indiscretum
980 3325 1180 3379 habere
1229 3324 1538 3397 fulgorem;
1607 3335 1660 3382 et
1697 3328 1948 3398 ﬁguram,
2003 3343 2126 3384 esse

563 3415 935 3470 ostensionem
981 3415 1301 3471 substantiae
1339 3417 1509 3484 illius,
1562 3432 1658 3488 per
1711 3434 1872 3488 quam
1922 3416 2124 3489 figura-

562 3514 674 3561 tur.

635 3595 685 3651 3.
709 3595 1170 3662 Quemadmodum
1192 3598 1332 3653 enim
1363 3600 1549 3654 annuli
1607 3600 1888 3671 signatorii
1935 3601 2129 3657 chara-

562 3694 680 3742 cter
697 3687 995 3758 impressus
1034 3691 1278 3746 eamdem
1298 3692 1457 3746 habet
1473 3709 1786 3762 expressam
1817 3694 2125 3764 imaginem,

562 3795 684 3850 quae
712 3781 876 3835 etiam
904 3783 1139 3852 sigillum
1162 3795 1524 3853 nuncupatur,
1561 3800 1784 3856 quaeque
1830 3786 2128 3840 secundum

565 3869 928 3927 substantiam
957 3871 1012 3924 in
1046 3872 1192 3926 nullo
1214 3872 1427 3938 deficit;
1458 3873 1533 3927 ita
1561 3890 1774 3944 quoque
1787 3873 1956 3929 Filius
1976 3890 2130 3930 eum-

564 3960 689 4016 dem
714 3977 874 4030 quem
903 3961 1062 4017 Pater
1085 3963 1186 4018 fert
1212 3964 1600 4019 characterem.
1632 3964 1815 4034 Neque
1842 3967 1984 4020 enim
2001 3969 2130 4022 cha.

566 4063 744 4108 racter
790 4069 1082 4124 expressus
1141 4053 1334 4118 variat,
1386 4054 1480 4110 sed
1538 4055 1871 4112 invariabilis
1924 4067 2126 4123 manet,

563 4145 718 4214 juxta
739 4161 856 4200 eam
887 4161 1005 4215 quae
1042 4147 1097 4198 in
1132 4147 1330 4200 annulo
1351 4156 1433 4201 est
1470 4145 1718 4218 ﬁguram,
1771 4150 1884 4205 sive
1923 4151 1977 4204 in
2007 4167 2130 4206 cera

569 4236 685 4291 sive
708 4237 762 4289 in
793 4252 927 4291 auro
960 4238 1314 4305 exprimatur,
1344 4253 1444 4307 pro
1482 4239 1692 4294 ratione
1716 4241 1851 4312 regii
1881 4240 2126 4300 denarii:

567 4337 624 4383 et
650 4329 730 4382 sic
752 4329 932 4382 divina
957 4328 1078 4382 Filii
1103 4329 1271 4400 figura
1301 4330 1623 4386 substantiae
1653 4331 1833 4389 Patris
1887 4335 2129 4390 invaria-

570 4418 678 4474 bile
703 4419 936 4489 sigillum
984 4427 1103 4485 est;
1169 4428 1222 4476 et
1278 4419 1461 4477 ferens
1492 4424 1671 4476 omnia
1712 4425 1878 4479 verbo
1915 4426 2129 4482 virtutis

2218 1956 2372 2023 ἁγίου
2406 1956 2718 2026 Πνεύματος
2747 1958 2924 2010 πᾶσαν
2943 1957 3040 2028 τὴν
3064 1959 3169 2009 τῶν
3191 1957 3360 2009 ὄντων
3382 1957 3637 2028 πρόνοιαν
3656 1959 3771 2010 ἀνα-

2216 2047 2550 2117 δεδεγμένος.
2582 2048 2839 2118 Ἐπείπερ
2871 2049 2964 2102 καὶ
2983 2047 3043 2100 τὸ
3069 2047 3241 2102 κοινὸν
3268 2048 3674 2120 ἐνδεικνύμενος
3691 2051 3772 2118 τῆς

2216 2139 2384 2209 αὐτῆς
2425 2140 2516 2193 καὶ
2544 2141 2677 2210 μιᾶς
2724 2141 2977 2211 προνοίας
3013 2141 3106 2193 καὶ
3133 2141 3434 2212 ἐνεργείας,
3471 2142 3659 2212 φησίν·
3688 2144 3771 2196 «Ὁ

2216 2233 2403 2304 Πατήρ
2448 2249 2549 2302 μου
2605 2232 2708 2295 ἕως
2740 2232 2863 2302 ἄρτι
2897 2232 3203 2303 ἐργάζεται,
3234 2232 3392 2301 κάγὼ
3411 2233 3730 2309 ἐργάζομαι.
3751 2253 3768 2286 ι

2218 2324 2350 2377 Οὐδὲ
2374 2323 2480 2395 γὰρ
2521 2322 2661 2376 κατὰ
2692 2323 2854 2394 ἄλλην
2902 2325 2994 2376 καὶ⁵
3044 2323 3206 2396 ἄλλην
3237 2325 3498 2394 πρόνοιαν
3526 2327 3555 2377 ὁ
3606 2325 3771 2394 Πατὴρ

2219 2418 2309 2470 καὶ
2339 2417 2462 2480 Υἱὸς
2495 2417 2802 2488 ἐργάζεται,
2841 2416 2974 2470 ἀλλὰ
3016 2416 3154 2470 κατὰ
3197 2417 3322 2487 μίαν
3372 2417 3467 2469 καὶ
3499 2418 3600 2487 τὴν
3629 2418 3771 2485 αὐτὴν

2219 2508 2444 2580 ούσιώδη
2461 2509 2559 2578 τῆς
2575 2510 2822 2578 θεότητος
2846 2508 3140 2578 ἐνέργειαν.
3159 2527 3178 2560 t
3207 2510 3301 2571 Ὃς
3323 2508 3398 2561 ὢν
3423 2528 3442 2561 ι
3467 2509 3564 2579 (ὡς
3587 2511 3673 2562 καί
3688 2510 3771 2566 πά-

2218 2599 2298 2653 λιν
2325 2603 2484 2670 φησιν
2511 2603 2538 2652 ὁ
2563 2600 2753 2670 κῆρυξ)
2793 2617 2812 2650 t
2862 2599 3198 2669 ἀπαύγασμα
3235 2601 3332 2670 τῆς
3373 2599 3555 2670 δόξης,
3587 2601 3674 2652 καί
3694 2618 3770 2669 χα-

2223 2693 2431 2763 ρακτὴρ
2451 2692 2546 2762 τῆς
2563 2691 2907 2754 ὑποστάσεως
2921 2691 3086 2744 αὑτοῦ
3123 2710 3141 2742 θ
3174 2692 3348 2763 (δῆλον
3368 2691 3425 2744 δὲ
3455 2693 3549 2744 καὶ
3574 2692 3671 2760 τῆς
3693 2677 3778 2744 τοιῖ

2220 2781 2471 2854 Πατρὸς),
2493 2783 2673 2853 φέρων
2711 2798 2770 2834 τε
2802 2800 2820 2833 σ
2843 2781 2911 2834 τὰ
2943 2783 3122 2835 πάντα
3150 2783 3226 2852 τῷ
3257 2782 3462 2853 ῥήματι
3498 2785 3600 2853 τῆς
3636 2782 3770 2834 δυνά-

2225 2891 2367 2945 μεως
2393 2871 2576 2936 αὐτοῦ,
2595 2871 2932 2944 καθαρισμὸν
2944 2872 3052 2925 τῶν
3074 2873 3354 2944 ἁμαρτιῶν
3377 2874 3537 2944 ἡμῶν
3561 2875 3766 2942 ποιησά-

2221 2981 2401 3034 μενος,
2436 2964 2682 3016 ἐκάθισεν
2724 2967 2779 3017 ὲν
2818 2963 2966 3034 δεξιᾷ
2997 2965 3095 3035 τῆς
3135 2962 3529 3034 μεγαλωσύνης
3561 2965 3619 3016 ὲν
3653 2962 3769 3033 ὑψη-

2220 3053 2353 3117 λοῖς.
2375 3073 2392 3105 ι
2417 3055 2792 3124 Ἀναστρέφων
2824 3054 2880 3107 δὲ
2905 3055 3000 3107 καὶ
3028 3050 3180 3116 αὖθις
3206 3055 3236 3107 ὁ
3261 3053 3418 3122 λόγος
3439 3095 3454 3119 ,
3474 3055 3556 3116 εἰς
3573 3053 3665 3124 τὴν
3689 3054 3768 3105 αὖ·

2224 3144 2320 3214 τὴν
2360 3143 2565 3198 ἔννοιαν
2600 3146 3004 3214 ὲπισυνάγεται,
3036 3145 3399 3216 περιϐλέπων,
3422 3144 3507 3197 ὅτι
3535 3144 3598 3196 τὸ
3617 3145 3770 3198 ἀπαύ-

2226 3252 2432 3306 γασμα,
2456 3235 2532 3298 ὠς
2563 3236 2716 3289 ἀκτὶν
2753 3237 3030 3307 πανήλιος,
3063 3237 3138 3300 ὡς
3188 3239 3252 3290 ὲκ
3298 3237 3484 3290 δίσκου
3532 3239 3770 3307 πανηλξου

2228 3327 2545 3382 ἀδιάστατον
2580 3327 2691 3398 ἔχει
2719 3328 2815 3399 τὴν
2847 3328 3126 3399 ελλαμψιν,
3173 3329 3268 3382 καὶ
3317 3331 3604 3401 χαρακτὴρ
3635 3330 3772 3382 ἔνδεια

2229 3419 2309 3485 ξίς
2336 3420 2419 3483 τίς
2472 3436 2588 3472 εστι
2616 3420 2715 3490 τῆς
2745 3421 3112 3486 ὑποστάσεως,
3140 3420 3206 3473 δι’
3231 3416 3301 3491 ἧς
3339 3422 3433 3474 καὶ
3466 3423 3773 3493 χαρακτηρί-

2227 3510 2396 3574 ζεται.

2297 3602 2348 3656 6.
2403 3602 2491 3665 Ὠς
2521 3598 2632 3655 οἷον
2665 3601 2774 3672 γὰρ
2814 3602 2952 3656 κατὰ
3002 3602 3284 3655 δακτυλίου
3325 3603 3612 3673 χαρακτὴρ
3637 3605 3772 3655 sim-

2230 3692 2532 3762 πούμενος,
2563 3693 2626 3746 τὸ
2666 3692 2796 3746 αὐτὸ
2833 3693 3164 3762 ὲκτύπωμα,
3203 3693 3231 3744 ὃ
3272 3693 3366 3745 καὶ
3411 3694 3772 3765 ὲκσφράγισμα

2231 3783 2605 3854 ἑρμηνεύεται,
2635 3784 2799 3854 μηδὲν
2821 3786 2878 3836 ὲν
2900 3785 3009 3846 τοῖς
3039 3785 3155 3836 κατ’
3180 3783 3366 3836 οὐσίαν
3395 3783 3632 3838 ἐλλεῖπον
3659 3786 3770 3854 ἔχει·

2228 3875 2445 3947 οὕτωςρ
2467 3876 2590 3938 Tib;
2615 3877 2703 3929 τὸν
2728 3876 2887 3935 αὐτὸν
2912 3878 3230 3946 χαρακτῆρα
3255 3875 3349 3928 τοῦ
3376 3876 3589 3947 Πατρὸς
3617 3879 3768 3948 φέρει.

2230 3966 2362 4021 Οὐδὲ
2397 3967 2505 4036 γὰρ
2542 3967 2906 4038 παραλλάσσει
2973 3967 3002 4018 ὁ
3047 3967 3329 4038 χαρακτὴρ
3377 3968 3771 4039 ἐκτυπούμενος,

2229 4058 2340 4113 ἀλλ’
2377 4059 2790 4132 ἀπαράλλακτος
2828 4059 2996 4130 μένει,
3025 4058 3162 4112 κατὰ
3193 4059 3282 4111 τὸν
3315 4060 3491 4112 αὑτὸν*
3512 4063 3568 4115 έν
3596 4061 3666 4131 τῷ
3691 4061 3773 4114 δα-

2229 4149 2429 4219 κτυλίῳ
2456 4149 2798 4220 χαρακτῆρα,
2835 4147 2890 4201 ἐν
2920 4165 2979 4200 τε
3023 4147 3174 4218 κηρῴ
3208 4148 3300 4200 καὶ
3329 4165 3517 4219 χρυσῳ
3546 4150 3775 4202 ἐκτυπού-

2235 4256 2389 4309 μενος
2418 4240 2560 4292 κατὰ
2587 4241 2646 4292 τὸ
2682 4239 2954 4310 βασιλικὸν
2981 4239 3230 4311 δηνάριον
3251 4257 3263 4270 ·
3298 4241 3392 4292 καὶ
3413 4240 3583 4303 οὕτως
3607 4243 3635 4292 ό
3654 4241 3775 4303 Gaio;

2229 4331 2512 4402 χαρακτὴρ
2524 4330 2617 4384 τοῦ
2635 4330 2763 4384 Υίοῠ
2789 4332 2886 4401 τῆς
2911 4330 3002 4384 τοῦ
3030 4331 3236 4401 Πατρός
3259 4332 3602 4395 ὑποστάσεως
3620 4332 3775 4401 ἀπαρ-

2231 4423 2491 4486 άλλακτος
2555 4423 2787 4494 σφραγίς
2837 4426 2984 4488 ἐστι,
3035 4423 3126 4475 καὶ
3172 4422 3349 4493 φέρων
3397 4423 3466 4476 τὰ
3513 4424 3677 4476 πάντα
3712 4422 3778 4491 τῷ

571 4523 704 4576 δύαι,
740 4511 1034 4564 secundum
1061 4511 1236 4581 ipsum
1254 4513 1533 4582 proprium
1554 4528 1710 4567 suum
1733 4514 2119 4583 characterem,

2232 4516 2434 4585 ῥήματι
2477 4515 2575 4583 τῆς
2621 4516 2899 4586 δυνάμεως
2940 4515 3141 4580 αὐτοῦ,
3191 4517 3309 4568 κατ’
3355 4516 3518 4568 αὐτὸν
3553 4518 3634 4568 τὸν
3665 4514 3778 4567 ἴδιον

568 4613 788 4656 carnem
821 4603 976 4670 quasi
1007 4616 1220 4657 ocream
1257 4601 1315 4656 in
1353 4618 1412 4658 se
1444 4603 1704 4672 suscepit,
1723 4619 1948 4674 eamque
1973 4605 2027 4659 in
2044 4621 2128 4661 se-

569 4693 799 4764 metipso
826 4694 1130 4764 obsignavit
1160 4695 1306 4764 (qua!
1339 4710 1425 4750 res
1453 4710 1583 4749 sane
1615 4709 1790 4763 neque
1823 4696 2130 4765 impossibi-

569 4786 662 4851 lis,
694 4802 866 4856 neque
897 4787 1228 4842 incredibilis
1261 4786 1400 4858 est);
1431 4794 1490 4839 ut
1520 4794 1762 4856 tempore
1776 4794 2013 4855 paterna:
2035 4805 2130 4842 vo-

573 4878 823 4942 luntatis,
859 4885 918 4931 ut
963 4878 1245 4932 character
1284 4875 1570 4948 (siquidem
1609 4883 1662 4930 et
1695 4877 1976 4933 character
2025 4882 2130 4950 est)

571 4967 998 5024 lncarnationem
1034 4971 1088 5024 in
1105 4985 1164 5025 se
1192 4971 1534 5040 exprimeret,
1561 4968 1652 5022 illa
1679 4985 1810 5023 usus
1832 4970 1986 5040 quasi
2007 4985 2131 5024 cera

569 5062 658 5119 vel
690 5077 820 5117 auro
852 5081 864 5114 :
899 5060 1330 5131 quandoquidem
1355 5069 1522 5116 totum
1540 5063 1854 5134 mysterium
1884 5061 2129 5115 ineﬂ‘abi-

574 5155 642 5207 lis
705 5155 850 5208 illius
878 5160 931 5208 et
960 5152 1360 5223 inexplicabilis
1395 5151 1788 5209 lncarnationis
1840 5154 2128 5208 subosteu-

574 5245 676 5300 dit.
703 5244 837 5299 Nam
866 5245 996 5298 illud
1023 5247 1184 5300 etiam
1208 5261 1355 5300 nunc
1383 5245 1652 5300 ineffabile
1678 5253 1732 5300 et
1766 5243 2131 5300 inenarrabile

578 5351 780 5407 manet,
806 5342 875 5396 ob
907 5341 1175 5396 rationein
1229 5341 1530 5408 crescendi,
1561 5340 1827 5411 siquidem
1869 5340 2130 5410 gradibus

581 5433 903 5505 quibusdam
941 5435 1192 5505 dogmata
1217 5433 1502 5500 tradimus,
1536 5449 1712 5505 neque
1731 5448 1840 5489 uno
1861 5440 2135 5488 momento

661 5615 704 5646 "
748 5612 904 5670 Joan.
935 5629 989 5680 v,
1029 5613 1116 5667 17.
1191 5612 1235 5645 ³³
1275 5611 1439 5669 Hebr.
1478 5627 1530 5678 ι,
1566 5614 1619 5670 5.

666 5771 775 5842 (45)
804 5767 1038 5839 Anglic.,
1059 5766 1199 5822 καθᾶ
1229 5766 1399 5822 καὶτὸ
1435 5768 1573 5820 ὅλον.

2235 4611 2591 4678 χαρακτῆρα,
2625 4608 2720 4679 τὴν
2763 4609 2837 4671 ὡς
2866 4609 3092 4680 κηρίνην
3125 4609 3298 4680 σάρκα
3342 4610 3422 4671 εἰς
3470 4609 3651 4662 ἑαυτὸν
3703 4609 3777 4659 ἁν-

2235 4698 2448 4764 εδέξατο
2499 4701 2946 4770 ἐντυπωσάμενος
2989 4700 3156 4770 αὐτὴν
3187 4703 3243 4753 ἐν
3287 4700 3464 4770 ἑαυτῷ
3507 4699 3638 4770 (οὐδὲ
3682 4699 3774 4766 γὰρ

2234 4789 2490 4845 ἀδύνατον
2519 4791 2694 4856 τοῦτο,
2721 4793 2838 4846 οὐδὲ
2883 4793 2987 4863 μὴν
3008 4792 3250 4861 ἄπιστον)
3274 4809 3287 4822 ·
3322 4792 3411 4844 ἵνα
3440 4791 3575 4843 κατά
3599 4789 3772 4859 καιρον

2239 4883 2511 4952 πατρικῆς
2545 4884 2794 4947 εὐδοκίας
2817 4923 2832 4948 ,
2867 4884 2942 4947 ὡς
2995 4883 3280 4955 χαρακτὴρ
3321 4883 3465 4952 (ἐπεὶ
3504 4883 3588 4936 καὶ
3615 4897 3772 4950 χαρα-

2237 4976 2414 5046 κτὴρ)
2460 4975 2742 5048 ἐπυπώσῖ]
2794 4979 2850 5028 έν
2892 4976 3211 5046 έαυτῷ”τὴν
3255 4976 3555 5047 σάρκωσίνν
3581 4972 3655 5034 ὡς
3684 4973 3770 5038 χή-

2237 5083 2400 5136 ρωσιν
2440 5067 2642 5138 ταύτην
2689 5068 2900 5138 φέρων,
2953 5068 2986 5138 ἢ
3040 5067 3307 5139 χρύσωσιν
3335 5081 3350 5096 ⁶
3398 5067 3521 5118 ἐπεὶ
3572 5064 3664 5117 καὶ
3719 5063 3771 5114 τὸ

2231 5158 2349 5212 ὅλον
2387 5159 2523 5229 (45)
2578 5161 2871 5230 μυστήριον
2924 5159 3315 5229 ὑπεμφαινεται
3378 5159 3477 5229 τῆς
3537 5156 3772 5224 τοιαύτης

2234 5249 2510 5319 ἀφράστου
2559 5250 2653 5302 καλ⁵
2691 5249 3088 5321 ἀνερμηνεύτου
3140 5247 3479 5318 σαρκώσεως.
3525 5247 3639 5299 Ἔτι
3675 5243 3770 5313 γὰρ

2237 5343 2330 5396 καὶ
2364 5341 2638 5413 ἄφραστον
2677 5341 2770 5394 καὶ
2801 5342 3193 5412 ἀνερμήνευτον
3229 5339 3377 5409 μένει
3417 5338 3502 5391 διὰ
3528 5337 3582 5389 τὸ
3611 5337 3770 5404 31551;-

2238 5432 2385 5487 τικόν
2410 5450 2422 5463 °
2455 5433 2680 5504 ἐπείπερ
2725 5434 2816 5487 καὶ
2843 5433 2963 5487 κατ’
2989 5431 3211 5502 αὔξησιν
3256 5427 3660 5502 δογματίζομεν,
3691 5428 3776 5482 καὶ
