3924 6518
158 438 266 495 σεδ

1077 424 1311 483 SERMO
1347 422 1417 479 IN
1454 415 2069 478 ANNUNTIATIONEH
2106 410 2451 469 DEIPARE.

3282 410 3387 455 9‘20

156 554 218 606 οὗ
271 547 419 604 κατὰ
450 548 512 602 τὸ
553 547 667 618 ἅμα
698 545 798 615 τῆς
845 542 1154 616 σφραγῖδος.
1196 542 1320 595 Ἐπὶ
1367 540 1465 611 μὲν
1494 539 1602 610 γὰρ
1629 538 1726 609 τῆς

1855 543 2001 589 otum
2032 529 2393 602 imprimimus
2417 524 2676 596 sigillum.
2703 520 2888 593 Sigillo
2911 518 3076 582 enim,
3102 531 3227 573 cum
3245 515 3388 569 mul-

158 639 481 713 σφραγῖδος,
505 638 621 708 ἃμα
640 653 700 689 τε
730 635 836 707 πρὸ
865 633 1069 688 πολλῶν
1099 633 1192 686 καὶ
1215 632 1273 683 ἐν
1301 630 1512 693 πολλοῖς
1543 629 1731 698 κηροῖς

155 732 387 785 δύναται
417 725 784 798 ἀναφέρεσθαι
809 725 869 778 τδ
897 721 1223 794 ἐκτύπωμα·
1255 721 1348 774 ἐπὶ
1368 719 1425 773 δὲ
1455 718 1554 789 τῆς
1583 716 1732 779 θείας

157 821 497 893 σαρκώσεως
529 820 626 889 οὐχ
663 817 779 888 ἅμα
804 856 818 882 ,
850 814 986 870 ἀλλὰ
1026 815 1144 868 κατ’
1179 811 1406 882 αὔξησιν
1442 808 1502 862 τὸ
1531 806 1733 860 τέλειον

154 913 567 984 δογματίζεται.
609 910 779 964 Τοῦτο
809 909 853 962 δ’
885 907 951 963 ἂν
980 908 1074 961 καὶ
1102 903 1427 961 διανοεῖσθαι
1455 899 1615 956 πάλιν
1644 898 1736 953 δύ-

154 1020 353 1074 νηται,
394 1002 471 1066 ὡς
511 1000 565 1054 εἴ
606 1017 689 1063 τις
737 999 850 1070 ἔχοι
896 998 1197 1067 λεπτότητα
1235 991 1326 1049 νοῦ
1351 1032 1366 1057 ,
1394 993 1488 1047 καὶ
1513 988 1734 1044 δύναται

156 1094 401 1149 εἰσδῦναι
441 1081 582 1147 κατᾶ
622 1090 819 1163 βάθους
848 1088 940 1145 τοῦ
991 1084 1221 1159 ψυχικοῦ
1251 1083 1605 1156 σπειρομένου
1640 1079 1737 1134 σώ-

158 1203 357 1258 ματος,
384 1185 480 1239 καὶ
510 1184 739 1240 συνιδεῖν
763 1182 1054 1255 ἀφράστως
1079 1180 1174 1236 καὶ
1197 1176 1595 1248 ἁνεκλαλήτως,
1618 1173 1736 1237 πῶς

156 1280 279 1332 ἐκεῖ
315 1277 684 1349 ἐμπίπτοντος
711 1275 806 1329 τοῦ
835 1274 1059 1345 γονίμου
1084 1270 1418 1344 σπέρματος,
1443 1266 1604 1331 εὐθὺς
1638 1265 1736 1337 μὲν

156 1371 251 1424 ἐπί
309 1387 366 1422 τι
402 1369 589 1440 μόριον
635 1365 953 1437 συντρέχει,
985 1362 1125 1417 κατὰ
1158 1361 1351 1433 μικρὸν
1387 1359 1449 1414 δὲ
1481 1357 1575 1411 καὶ
1615 1355 1737 1409 κατ’

157 1464 411 1517 ἐπίδοσιν
434 1462 533 1531 τὴν
562 1457 790 1530 αὔξησιν
813 1455 1095 1528 λαμϐάνει.
1127 1452 1261 1508 Οὐδέ
1288 1452 1399 1524 γὰρ
1435 1449 1557 1504 οὐδέ
1582 1447 1739 1502 τοῦτο

156 1554 252 1608 ἐπὶ
284 1553 396 1606 τῶν
425 1550 548 1614 itam
574 1551 724 1622 ἡμᾶς
754 1547 1019 1611 λαλεῖται,
1061 1545 1199 1616 πλὴν
1226 1545 1308 1597 ὅτι
1349 1541 1618 1613 φαντασίᾳ
1656 1538 1740 1602 ὼς

157 1644 484 1715 ύπέμφασις
522 1641 731 1711 γίνεται
774 1638 1052 1705 ὰλαλήτως
1101 1636 1195 1689 καὶ
1236 1633 1560 1704 ἀφράστωςο
1605 1625 1741 1682 ἀλλὰ

157 1738 283 1790 κατ’
318 1735 547 1805 αὔξησιν
597 1734 695 1805 μὲν
731 1727 824 1786 οὖν
857 1734 890 1802 ἡ
940 1728 1057 1783 θεία
1105 1726 1200 1781 τοῦ
1246 1726 1420 1794 Λόγου
1466 1722 1739 1794 σάρκωσις

157 1828 393 1896 γίνεται,
419 1826 519 1878 οὐκ
540 1822 790 1889 αῦξοντος
811 1819 906 1875 τοῦ
928 1820 1073 1874 θείου
1098 1817 1460 1890 χαρακτῆρος,
1488 1813 1608 1869 οὐδὲ
1633 1813 1740 1883 μὴν

1830 625 1902 681 tis
1932 632 2056 679 ante
2093 620 2454 691 temporibus,
2506 625 2621 671 tum
2656 615 2712 669 in
2748 613 2935 668 multis
2985 610 3128 666 ceris
3154 606 3391 678 exprimi

1830 724 2009 789 potest
2033 715 2209 785 imago
2251 732 2264 767 :
2290 712 2347 765 in
2372 710 2556 764 divina
2581 722 2711 763 vero
2732 704 3130 765 incarnatione,
3164 716 3273 754 non
3315 698 3392 753 si-

1829 807 1963 870 mul,
1987 805 2080 861 sed
2107 803 2344 874 quodam
2375 800 2713 854 incremento
2732 810 2818 851 res
2849 792 3088 866 perfecte
3109 790 3390 848 edocetur.

1831 897 1961 965 Quae
1983 911 2071 952 res
2091 895 2257 966 probe
2290 892 2514 961 intelligi
2544 896 2736 960 queat;
2772 888 2818 942 si
2841 887 2964 957 quis
2989 884 3186 938 mentis
3215 880 3393 938 subti-

1831 988 1986 1044 litate
2017 986 2301 1058 praeditus,
2343 981 2612 1055 profunde
2653 978 2827 1051 possit
2863 981 3147 1047 penetrare
3179 971 3246 1025 ad
3274 984 3396 1023 θοινφ

1831 1097 1934 1152 pus
1975 1081 2210 1134 animale
2241 1092 2417 1147 nuper
2445 1082 2647 1138 satum,
2670 1080 2830 1140 atque
2853 1069 2964 1124 illic
2991 1082 3107 1122 rem
3150 1062 3397 1120 ineﬂabi-

1832 1170 1939 1227 lem
1970 1168 2518 1240 inexplicabilemque
2536 1162 2918 1232 contemplari,
2949 1156 3221 1229 quomodo
3247 1154 3397 1209 scili-

1834 1269 1923 1316 cet
1945 1260 2225 1316 desidente
2245 1258 2356 1313 illie
2383 1254 2603 1327 genitali
2631 1253 2857 1318 semine,
2883 1249 3065 1305 statim
3092 1246 3309 1317 quidem
3342 1245 3400 1299 in

1835 1351 2160 1425 particulam
2194 1347 2484 1420 quamdam
2511 1345 2811 1410 coalescit;
2858 1340 3117 1413 paulatim
3168 1352 3298 1392 vero
3345 1343 3401 1391 et

1835 1459 1933 1516 per
1958 1442 2321 1498 accessionem
2354 1440 2750 1494 incrementum
2780 1434 2997 1503 accipit.
3020 1432 3206 1501 Neque
3254 1428 3401 1485 enim

1837 1534 1971 1591 illud
2002 1534 2181 1603 ipsum
2206 1529 2348 1601 apud
2388 1544 2490 1584 nos
2542 1526 2651 1581 dici
2693 1530 2906 1595 potest;
2965 1536 3156 1576 verum
3211 1519 3405 1588 imagi-

1836 1625 2019 1682 nando
2057 1630 2271 1679 tantum
2303 1619 2509 1692 aliquid
2538 1615 2858 1688 percipitur,
2906 1612 3002 1669 sed
3060 1610 3402 1665 inell'ahiliter

1839 1730 2000 1796 atque
2024 1719 2490 1779 inenarrabiliter.
2512 1716 2699 1786 Itaque
2719 1729 2844 1770 cum
2868 1712 3050 1783 aliquo
3070 1710 3405 1765 incremento

1840 1817 2023 1874 divina
2057 1814 2221 1870 Verbi
2249 1810 2557 1867 lncarnatio
2582 1807 2832 1870 eﬂicitur,
2877 1818 2987 1859 non
3014 1800 3160 1873 quod
3189 1800 3409 1856 divinus

161 1893 523 1984 συναύξοντος
544 1934 560 1949 ο
594 1916 708 1969 ἀλλ’
741 1912 1080 1983 ἐπαυξούσης
1105 1911 1205 1981 τῆς
1244 1908 1489 1980 ἐμψύχου
1538 1904 1739 1975 σαρκὸς

1851 1908 2124 1964 :haracter
2164 1911 2429 1975 augeatur
2457 1901 2543 1956 vel
2577 1906 2932 1962 concrescat;
2990 1893 3086 1950 sed
3130 1899 3410 1948 crescente

161 2009 285 2062 καθ’
316 2009 440 2061 ὅλον
477 2008 539 2061 τὸ
583 2007 874 2079 πλήρωμα,
909 2003 1030 2057 καθ’
1052 2002 1081 2056 δ
1107 2001 1391 2073 ἄνθρωπος
1419 1996 1739 2064 ἐξιδιάζεται

160 2102 257 2155 καὶ
291 2103 664 2171 κυοφορείται.
697 2097 796 2151 Διὰ
826 2096 983 2151 τοῦτο
1009 2095 1336 2166 ἐννεάμηνος
1359 2093 1508 2164 νόμῳ
1540 2089 1743 2160 ἀνθρω-

160 2190 327 2259 πίνης
370 2189 689 2260 κυοφορίας,
732 2185 1023 2241 κάντεῦθεν
1060 2185 1452 2247 θεοῦπόστατος
1484 2179 1741 2252 δογματίσ

162 2281 317 2345 ζεται
347 2281 383 2351 ἡ
416 2280 653 2351 Χριστοῦ
684 2279 958 2350 σάρκωσις
978 2318 994 2344 ,
1028 2278 1122 2332 καὶ
1148 2276 1399 2347 οὐδαμῶς
1450 2273 1736 2344 ἀνθρωπο-

162 2374 475 2438 ’ῡπόττατος
496 2390 510 2403 ·
535 2372 720 2443 ἐπειδὴ
751 2370 891 2425 κατὰ
911 2368 1005 2422 τὸν
1037 2370 1177 2424 θεῖον
1208 2368 1530 2440 χαρακτῆρα
1559 2365 1620 2419 τὸ
1648 2365 1743 2418 άν-

162 2466 443 2539 θρώπινον
473 2466 657 2538 σχῆμα
697 2463 795 2536 τὴν
825 2462 1011 2517 στάσιν
1042 2461 1235 2517 ἐαυτοῦ
1279 2460 1585 2524 ἀνεδέξατο,
1620 2456 1742 2511 καθ’

162 2561 364 2612 ἕνωσιν
411 2558 509 2627 μὲν
543 2557 618 2621 ὡς
673 2556 984 2627 πνεύματος
1020 2554 1159 2627 πρὸς
1197 2552 1391 2625 ψυχήν.
1437 2550 1593 2604 Οὕτω
1635 2547 1745 2621 γὰρ

163 2649 259 2702 δύο
284 2648 348 2701 τέ
395 2650 514 2701 ἐστι
546 2648 641 2701 καὶ
665 2648 762 2718 οὐχ
798 2646 856 2700 ἐν
897 2648 926 2700 ὁ
962 2645 1217 2719 Χριστὸς,
1261 2644 1355 2698 καὶ
1385 2638 1465 2707 εἷς
1502 2641 1597 2696 καὶ
1626 2639 1747 2712 οὐχὶ

164 2737 260 2792 δύο
279 2755 294 2768 ·
330 2739 431 2791 καὶ
472 2736 566 2791 δύο
602 2737 702 2808 μὲν
732 2737 827 2791 καὶ
854 2737 950 2808 οὐχ
981 2736 1040 2790 ἐν
1074 2738 1189 2789 ἐστι
1226 2734 1363 2788 κατὰ
1394 2733 1496 2797 τὰς
1520 2732 1611 2787 δύο
1648 2731 1747 2801 φύ-

168 2847 306 2892 σεις,
340 2828 439 2883 καὶ
470 2822 551 2891 εἷς
588 2829 680 2881 καὶ
708 2827 832 2899 οὐχὶ
857 2827 948 2881 δύο
976 2826 1119 2882 κατὰ
1141 2825 1239 2898 τὴν
1274 2826 1402 2899 μίαν
1430 2825 1743 2878 ὑπόστασιν.

169 2921 264 2973 Διὸ
292 2921 388 2973 καὶ
414 2918 510 2973 δύο
534 2919 632 2990 μὲν
658 2919 783 2990 θελή
794 2918 1219 2990 ματαιλέγομεν,
1244 2917 1337 2972 καὶ
1363 2917 1482 2988 οὐχὶ⁸
1510 2915 1603 2970 δύο
1623 2913 1748 2978 τοὺς

169 3012 453 3076 θέλοντας,
488 3013 582 3065 καὶ¹
612 3009 704 3066 δύο
731 3012 1013 3084 ἐνεργείας
1043 3011 1139 3065 καὶ
1171 3011 1293 3082 οὐχὶ
1319 3010 1413 3064 δύο
1444 3011 1569 3073 τοὺς
1595 3011 1741 3081 ἐνερ-

168 3103 430 3171 γοῦντας.
470 3101 609 3155 Ἀλλ’
643 3102 738 3156 ἕνα
770 3103 867 3174 μὲν
908 3101 1128 3156 θέλοντα
1161 3100 1300 3156 κατὰ
1324 3099 1422 3173 τὴν
1457 3100 1583 3172 μίαν
1613 3098 1747 3153 ὑπό-

173 3215 391 3262 στασιν,
420 3196 512 3250 δύο
541 3196 596 3251 δέ
626 3196 903 3268 θελήματα
934 3195 1028 3250 καὶ
1051 3193 1144 3248 δύο
1173 3192 1467 3266 ἐνεργείας,
1494 3188 1635 3246 κατὰ
1652 3187 1751 3262 τὴν

170 3292 285 3345 τῶν
313 3291 532 3362 φύσεων
564 3288 851 3359 ίδιολογίαν

246 3471 303 3525 7.
341 3470 431 3523 ‘Ev
452 3468 660 3531 τούτοις
684 3460 777 3521 οῦν
796 3467 955 3538 διακη
965 3465 1242 3547 ρύττοντες
1267 3463 1328 3517 τδ
1344 3461 1485 3518 θεῖον
1502 3462 1601 3534 τῆς
1623 3450 1755 3533 σαρ-

171 3563 406 3626 κώσεως
457 3562 554 3617 καὶ
600 3559 1060 3632 ἐνανθρωπήσεως
1105 3559 1418 3629 μυστήριον,
1457 3553 1754 3609 ἀποϐαλλό-

154 3653 321 3725 σμεθα
369 3652 470 3714 τὰς
512 3651 623 3706 τῶν
661 3649 950 3722 αἱρετικῶν
997 3648 1361 3721 βλασφημίας,
1409 3645 1527 3701 καθ’
1552 3647 1619 3713 ἃς
1657 3646 1753 3699 καὶ

174 3744 604 3817 βεϐυθισμὲνους
622 3743 819 3806 αὐτοὺς
841 3740 1356 3813 καταλιμπάνοντες,
1384 3737 1754 3812 μετερχόμεθα

146 3842 256 3903 ἐἰς
288 3837 362 3891 τὰ
396 3837 544 3908 παρὰ
574 3834 668 3889 τοῦ
701 3833 1084 3904 εὐαγγελιστοῦ
1128 3829 1591 3906 καθιστορούμενα
1629 3831 1756 3902 περὶ

172 3931 273 3985 τοῦ
301 3924 702 4000 εύάγγελισμοῦ
722 3927 821 3997 τῆς
843 3925 1100 3980 Θεοτόκου
1123 3941 1215 3979 και
1235 3925 1457 3995 Μητρὸς
1479 3920 1573 3976 τοῦ
1597 3920 1752 3976 Θεοῦ·

174 4024 275 4077 καὶ
304 4023 383 4085 ὡς
407 4021 519 4092 ἔχει
550 4019 880 4083 συντάξεως,
916 4015 1345 4088 διεξοδικώτερον
1391 4012 1753 4085 ἀκουσόμεθα.

175 4112 565 4184 Σημειούμεθα
589 4111 653 4183 δὴ
693 4106 807 4175 οῦν,
850 4110 931 4163 ὅτι
976 4108 1116 4162 κατὰ
1154 4106 1342 4179 καιρὸν
1371 4106 1614 4170 εὐδοκίας
1662 4103 1755 4158 τοῦ

177 4203 454 4279 πατρικοῦ
489 4204 791 4276 θελήματος
834 4203 928 4255 ἐπὶ
963 4198 1353 4273 συμπληρώσει
1383 4197 1491 4252 τῶν
1525 4197 1756 4269 ἐϐδομή-

178 4315 347 4352 κοντα
384 4294 691 4365 ἐὸδομάδων
716 4293 915 4365 Δανιὴλ
937 4291 1032 4345 τοῦ
1055 4292 1353 4365 προφήτου,
1384 4288 1522 4361 μετὰ
1541 4290 1601 4342 τὸ
1623 4290 1758 4342 οίκο-

176 4388 483 4460 δομηθῆναι
520 4384 893 4457 Ἰερουσαλὴμ,
916 4384 972 4437 ἐν
993 4382 1070 4454 τῷ
1095 4380 1416 4453 ἐπιστρέψαι
1443 4379 1540 4451 τὴν
1560 4383 1759 4450 αίχμα-

177 4482 386 4535 λωσίαν
448 4479 617 4533 Ἰούδα
671 4479 778 4533 ἀπὸ
832 4475 1166 4539 Βαόυλῶνος,
1210 4472 1295 4528 διὰ
1346 4472 1610 4545 Σαλαθιήλ
1662 4473 1757 4526 καὶ

190 4571 369 4644 Ἰησοῦ
396 4571 490 4625 τοῦ
515 4572 781 4640 Ἰωσεδὲκ,
806 4569 1104 4643 ἀρχιερέων
1135 4566 1257 4620 τότε
1283 4566 1587 4636 γενομένων
1619 4564 1759 4618 κατὰ

180 4666 283 4736 τὴν
305 4663 698 4735 συμπλήρωσιν
727 4662 835 4716 τῶν
863 4659 1228 4733 τετρακοσίων
1259 4659 1576 4729 ἐνενήκοντα
1600 4655 1754 4720 ἐτῶν,

182 4757 305 4813 κατ’
339 4755 645 4828 ἐφημερίαν
682 4755 959 4828 ίεραρχίας
995 4750 1179 4816 αὑτοῦ,
1226 4748 1438 4821 εἰσῆλθε
1486 4747 1758 4819 Ζαχαρίας

181 4852 263 4912 είς
284 4848 381 4901 τὸν
406 4847 531 4899 ναὸν
565 4844 656 4899 τοῦ
680 4844 813 4898 Θεοῦ
852 4845 1114 4914 θυμιᾶσαι
1135 4860 1149 4873 ·
1184 4844 1278 4897 καὶ
1305 4840 1458 4912 ὤφθη
1486 4838 1634 4910 αύτῷ
1662 4838 1760 4908 ἄγ-

182 4938 342 5006 γελος
373 4938 580 5010 Κυρίου
611 4940 675 4990 ἐκ
703 4936 890 5003 δεξιῶν
915 4935 1010 4990 τοῦ
1038 4936 1442 5008 θυσιαστηρίου,
1472 4936 1566 4989 καὶ
1601 4933 1761 5002 εὐαγ-

183 5031 457 5099 γελίζεται
507 5028 652 5100 αύτῷ
688 5028 817 5100 περὶ
853 5029 1097 5083 Ἰωάννου
1143 5028 1235 5082 τοῦ
1289 5027 1405 5081 υἱοῦ
1458 5025 1641 5089 αὑτοῦ,
1685 5025 1760 5088 ὡς

186 5121 519 5193 συλλήψεται
569 5119 847 5174 Ἐλισάὄετ
874 5120 907 5190 ἡ
932 5120 1068 5191 γυνὴ
1101 5119 1288 5184 αὐτοῦ,
1321 5119 1415 5173 καὶ
1445 5118 1654 5182 τέξεται
1669 5116 1760 5169 τὸν

184 5212 495 5285 Βαπτιστὴν
542 5213 636 5266 καὶ
670 5212 973 5284 πρόδρομον
1013 5211 1104 5264 τοῦ
1147 5212 1402 5284 Χριστοῦ.
1432 5211 1541 5265 Καὶ
1569 5209 1632 5282 δὴ
1659 5208 1761 5279 τῆς

187 5305 504 5377 συλλήψεως
531 5304 849 5375 γενομένης,
878 5301 956 5373 τῷ
1003 5304 1133 5375 μηνὶ
1159 5302 1236 5373 τῷ
1263 5303 1406 5374 ἕκτῳ
1433 5302 1530 5372 τῆς
1571 5303 1628 5355 ἐν
1661 5317 1762 5369 γα·-

188 5398 311 5470 στρὶ
335 5395 628 5467 κυοφορίας
663 5395 960 5460 Ἑλισάόετ,
990 5394 1472 5462 ἐξαποστέλλεταιὸ
1488 5392 1764 5466 ἀρχάγγε-

188 5487 278 5553 λος
334 5488 571 5560 Γαόριὴλ
625 5486 789 5560 παρὰ,
824 5486 982 5552 Θεοῦ,
1030 5488 1110 5550 είς
1158 5485 1409 5559 Ναζαρὲτ
1464 5487 1616 5541 πόλιν
1663 5486 1763 5556 τῆς

190 5580 479 5644 Γαλιλαίας
501 5581 636 5652 πρὸς
661 5582 761 5653 τὴν
785 5579 1058 5652 Παρθένον
1083 5579 1333 5650 Μαριάμ.
1365 5578 1474 5633 Καὶ
1508 5576 1762 5632 εἰσελθὼν

192 5673 327 5745 πρὸς
380 5672 547 5745 αὐτὴν
601 5674 630 5727 ὁ
679 5673 941 5743 ἅγγελος,
988 5669 1265 5742 ἠσπάζετο
1307 5668 1512 5743 ταύτην
1552 5670 1758 5739 λέγων’

266 5853 304 5885 ³⁸
345 5851 478 5909 Luc.
512 5870 559 5919 ι,
594 5853 684 5909 «ιε.

1842 2000 2062 2055 animali
2095 2013 2263 2053 carne
2285 1993 2583 2051 secundum
2613 1998 2826 2047 omnem
2861 1986 3271 2058 plenitudinem,
3303 1999 3410 2054 qua

1842 2088 2007 2143 homo
2029 2086 2251 2157 propria
2281 2091 2477 2139 natura
2495 2080 2693 2137 crescit
2715 2079 2844 2134 dum
2860 2061 2921 2132 in
2957 2084 3111 2131 utero
3142 2084 3408 2146 gestatur.

1843 2177 2205 2246 Quamobrem
2222 2175 2340 2245 lege
2360 2173 2662 2236 hominum,
2690 2182 2887 2224 novem
2936 2165 3205 2222 mensium
3236 2164 3412 2234 spatio

1841 2277 2104 2343 gestatur,
2141 2274 2301 2337 atque
2322 2263 2516 2319 exinde
2535 2259 2741 2317 Christi
2776 2258 3081 2312 lncarnatio
3102 2255 3196 2310 Dei
3228 2255 3407 2326 hypo-

1843 2363 2015 2418 stasin
2043 2360 2239 2415 habere
2262 2356 2484 2421 dicitur,
2508 2361 2563 2409 et
2592 2353 2906 2407 nullatenus
2939 2347 3172 2402 hominis
3199 2366 3211 2401 :
3236 2360 3412 2416 quan-

1844 2453 2130 2524 doquidem
2148 2450 2302 2520 juxta
2318 2448 2563 2503 divinum
2586 2446 2954 2499 characterem
2983 2441 3221 2496 humana
3240 2438 3415 2493 forma

1845 2541 2219 2602 exsistentiam
2275 2555 2433 2598 suam
2508 2537 2736 2607 accepit,
2792 2530 3090 2590 secundum
3154 2531 3413 2586 unionem

1846 2636 2004 2709 quasi
2038 2634 2268 2707 spiritus
2297 2632 2365 2686 ad
2394 2630 2653 2685 animam.
2684 2627 2759 2681 Ea
2786 2626 2930 2682 enim
2960 2625 3171 2680 ratione
3197 2625 3306 2679 duo
3330 2633 3417 2680 est

1846 2729 2100 2786 Christus
2132 2736 2186 2783 et
2232 2740 2341 2780 non
2373 2738 2565 2789 unum,
2584 2735 2657 2775 ac
2682 2719 2842 2775 simul
2873 2734 3040 2773 unum
3066 2725 3119 2773 et
3150 2732 3260 2772 non
3285 2716 3415 2772 duo.

1847 2821 1965 2878 Duo
1989 2820 2207 2892 quidem
2231 2825 2315 2874 est
2334 2826 2387 2874 et
2412 2830 2521 2872 non
2556 2829 2723 2869 unum
2746 2812 3045 2868 secundum
3073 2811 3210 2867 duas
3258 2821 3420 2866 natu-

1844 2906 1977 2979 ras;
2000 2925 2166 2966 unum
2190 2923 2321 2964 vero
2341 2915 2396 2964 et
2432 2922 2541 2962 non
2580 2904 2689 2960 duo
2718 2902 3018 2961 secundum
3048 2917 3210 2956 unam
3245 2902 3420 2973 hypo-

1850 3007 2045 3060 stasin.
2073 3003 2438 3069 Quamobrem
2473 2998 2609 3053 duas
2643 2996 2878 3052 dicimus
2927 2992 3257 3053 voluntates,
3310 3006 3421 3045 non

1850 3099 1990 3155 duos
2015 3097 2284 3164 volentes;
2324 3094 2463 3149 duas
2490 3089 2858 3162 operationes,
2875 3102 2985 3142 non
3019 3085 3157 3141 duos
3185 3099 3419 3155 operan-

1852 3199 1955 3249 tes.
2007 3189 2113 3246 Sed
2162 3203 2332 3244 unum
2368 3185 2589 3258 quidem
2616 3183 2885 3239 volentem
2924 3177 3224 3236 secundum
3252 3190 3421 3230 unam

1853 3280 2196 3356 hypostasin,
2255 3278 2394 3333 duas
2436 3286 2614 3331 autem
2654 3273 2963 3328 voluntates
2986 3278 3041 3326 et
3065 3269 3201 3324 duas
3231 3281 3425 3339 opera-

1851 3377 2030 3433 tiones
2055 3374 2211 3444 juxta
2237 3379 2558 3426 naturarum
2587 3364 2996 3438 proprietatem.

1927 3470 1977 3524 7.
2006 3467 2105 3523 His
2142 3464 2308 3536 igitur
2326 3462 2573 3518 divinum
2594 3457 2956 3531 praedicantes
2981 3451 3303 3526 mysterium
3335 3447 3423 3503 ln-

1854 3559 2211 3623 carnationis,
2273 3555 2564 3625 abjicimus
2625 3550 3013 3606 haereticorum
3057 3543 3427 3615 blasphemiae

1855 3653 2057 3727 quibus
2091 3652 2216 3707 illos
2249 3649 2529 3705 demersos
2582 3643 2975 3712 relinquentes,
3021 3638 3088 3692 ad
3143 3634 3426 3690 historiam

1855 3726 2203 3815 evangelista:
2223 3737 2643 3810 pertransimus,
2678 3748 2785 3804 qua
2818 3737 3009 3787 narrat
3056 3729 3148 3784 ille
3195 3726 3424 3781 Annuu-

1855 3837 2137 3893 tiationem
2171 3832 2417 3903 Deiparaa
2437 3837 2490 3885 et
2516 3828 2613 3883 Dei
2642 3824 2850 3889 Matris,
2880 3830 2936 3878 et
2985 3827 3045 3876 ut
3094 3833 3184 3874 res
3234 3816 3426 3872 ordine

1862 3947 1921 3987 se
1948 3929 2116 3985 habet
2149 3923 2474 3998 explicatius
2522 3920 2827 3976 audiamus.
2895 3913 3010 3970 Hoc
3041 3910 3425 3982 signiﬁcamus

1857 4022 2026 4095 igitur
2055 4035 2201 4091 :quo
2257 4024 2503 4085 tempore
2546 4018 2783 4082 paterna
2843 4003 3109 4063 voluntati
3139 4000 3346 4074 placuit
3372 3999 3430 4054 in

1855 4091 2325 4169 consummatione
2357 4103 2697 4177 septuaginta
2726 4097 3128 4155 hebdomadum
3178 4091 3422 4147 Danielis

1855 4204 2130 4277 pr0pheta3
2162 4209 2282 4272 post
2326 4196 2778 4254 instaurationem
2806 4188 3180 4259 Jerosolymae,
3208 4183 3264 4238 in
3298 4182 3425 4238 red—

1858 4298 1938 4352 itu
1965 4295 2117 4351 Iuda:
2166 4310 2234 4349 ex
2274 4290 2590 4361 captivitate
2615 4284 2962 4357 Babylonica,
3012 4295 3109 4352 per
3159 4277 3426 4333 Salathie-

1859 4388 1966 4444 lem
2008 4393 2062 4442 et
2104 4383 2289 4440 Jesum
2330 4380 2500 4435 ﬁlium
2542 4376 2773 4432 Josedec
2813 4382 2946 4428 tunc
2987 4369 3321 4431 sacerdotes,
3371 4368 3426 4419 in

1860 4476 2336 4536 consummatione
2366 4472 2529 4544 338
2557 4469 3080 4540 quadringentorum
3142 4459 3435 4529 nonaginta

1861 4584 2160 4633 annorum;
2185 4565 2480 4621 Zacharias
2505 4560 2806 4619 secundum
2828 4558 3003 4612 vicem
3036 4550 3323 4611 sacerdotii
3348 4548 3436 4605 sui

1864 4667 2146 4738 ingressus
2175 4671 2260 4719 est
2294 4662 2350 4716 in
2382 4660 2640 4729 templum
2695 4655 2793 4710 Dei
2830 4653 2899 4708 ad
2961 4653 3248 4707 incensum
3303 4645 3436 4703 offe-

1863 4760 2114 4821 rendum,
2146 4753 2505 4826 apparuitque
2537 4750 2612 4803 illi
2646 4746 2872 4818 angelus
2901 4742 3115 4797 Domini
3152 4741 3216 4826 ad
3250 4741 3437 4795 dexte-

1862 4864 1979 4904 ram
2014 4813 2234 4910 altaris:
2264 4813 2826 4908 annuntiavitquevilli
2850 4835 2917 4889 de
2937 4813 3289 4887 Joannedilio
3312 4842 3433 4895 suo,

1864 4956 1972 5011 quo
2001 4944 2330 5006 conceptura
2361 4939 2507 4988 esset
2534 4945 2673 4984 uxor
2692 4943 2789 4983 sua
2814 4924 3081 5001 Elisabet,
3110 4932 3162 4978 et
3192 4922 3436 4992 paritura

1864 5032 2161 5102 Baptistam
2199 5035 2252 5082 et
2285 5037 2675 5097 praecursorem
2698 5020 2927 5076 Christi.
2965 5018 3042 5071 Ac
3085 5014 3437 5084 conceptione

1866 5128 2108 5196 pvracta,
2140 5135 2325 5174 mense
2359 5127 2512 5171 sexto
2540 5114 2873 5185 praegnantis
2910 5108 3173 5173 Elisabet,
3198 5105 3436 5160 mittitur

1866 5195 2225 5282 archangelus
2249 5206 2464 5263 Gabriel
2498 5223 2527 5260 a
2567 5204 2677 5259 Deo
2712 5204 2766 5257 in
2803 5204 2990 5257 urbem
3036 5198 3261 5253 Nazaret
3293 5195 3441 5251 Gali-

1866 5308 1976 5362 laeae
1999 5304 2067 5359 ad
2103 5302 2364 5373 virginem
2394 5298 2639 5353 Mariam.
2664 5295 2730 5350 Et
2776 5296 3060 5365 ingressus
3095 5291 3322 5362 angelus
3371 5287 3443 5342 ad

1868 5398 2016 5454 illam
2048 5393 2302 5452 salutavit
2326 5407 2469 5453 eam,
2491 5390 2679 5444 dicens
2709 5406 2722 5441 :
2752 5406 2769 5438 ι
2792 5388 2924 5452 Ave,
2947 5384 3118 5456 gratia
3142 5384 3323 5453 plena,
3344 5381 3443 5438 Do-

1867 5489 2048 5543 minus
2084 5495 2262 5541 tecum
2295 5484 2391 5537 “.t
2427 5481 2601 5535 Etiam
2630 5479 2719 5535 hic
2742 5477 3224 5533 animadvertimus
3254 5488 3442 5531 vocem

1867 5578 2014 5632 illam
2057 5576 2232 5647 angeli
2287 5572 2590 5628 secundum
2628 5570 2987 5643 prolationem
3044 5566 3268 5638 spiritus
3321 5565 3444 5622 soni

1867 5671 1974 5738 sui,
2013 5667 2468 5742 signiﬁcationem
2518 5663 2744 5731 habere,
2772 5677 2874 5720 nec
2908 5670 3089 5719 tamen
3121 5659 3295 5733 ipsam
3322 5650 3448 5717 esse
