3924 6536
542 405 646 461 ρετ

1687 402 1744 459 S.
1785 403 2246 460 ATHANASIUS.
2289 432 2356 444 —
2395 398 2662 457 SPURIA.
3675 396 3762 452 99.8

538 514 663 572 Filii
689 498 1273 589 bypostasin,"'neque'
1304 515 1476 586 ipsam
1507 529 1630 571 esse
1684 532 1806 586 qua:
1853 517 1996 572 facta
2024 533 2076 574 es

2214 534 2233 568 ι
2263 516 2453 586 Χαῖρε,
2489 511 2920 582 κεχαριτωμένη,
2957 511 2985 565 6
3017 510 3216 582 Κύριος
3255 509 3393 581 μετά
3437 509 3555 563 σοῦ.
3589 527 3609 560 ι
3633 511 3762 564 Κάν-

539 621 672 662 caro
703 626 718 662 :
745 606 840 663 sed
872 605 941 660 ad
967 620 1086 662 eam
1117 621 1328 667 vocem,
1366 604 1523 660 Verbi
1546 614 1600 662 et
1644 605 1738 661 Dei
1774 609 2100 678 proprietas,

2207 605 2379 660 ταῦθα
2419 603 2578 658 πάλιν
2605 601 2931 674 θεωροῦμεν,
2959 603 3041 656 ὅτι
3066 606 3099 672 ἡ
3139 603 3236 672 μὲν
3277 602 3429 673 φωνὴ
3464 602 3561 654 τοῦ
3611 603 3761 671 ἀγγέ-

539 712 664 768 (ιυω
687 697 790 750 alia
819 704 903 752 est
928 696 1229 751 secundum
1259 697 1595 767 bypostasin,
1618 699 1799 752 statim
1822 698 2073 754 descendi

2204 692 2332 758 λου,
2378 693 2519 746 κατὰ
2563 692 2840 764 προφορὰν
2881 692 3188 762 πνεύματος
3236 694 3566 762 ἁπηχήσεως
3614 695 3762 749 αὑτοῦ

539 787 596 842 in
637 793 849 841 uterum
868 785 1105 856 Virginis
1139 805 1154 843 :
1187 773 1671 858 blasphemantque
1709 789 1744 842 ii
1773 789 1864 859 qui
1924 789 2098 853 aiunt,

2203 782 2681 854 διερμηνευομένη,
2714 783 2813 834 οὐκ
2849 782 2984 852 αὑτὴ
3020 782 3078 834 δὲ
3101 778 3224 852 ἦνή
3264 781 3357 833 τοῦ
3385 779 3518 833 Υίοῦ
3549 781 3762 835 ὑπόστα-

536 875 712 945 ipsam
775 876 1086 948 archangeli
1147 891 1359 942 vocem,
1415 877 1582 932 fuisse
1630 878 1948 950 bypostasin
2004 879 2076 934 De

2207 892 2310 938 σις,
2338 874 2459 927 οὐδὲ
2508 873 2645 944 αὑτὴ
2689 875 2879 941 γέγονε
2917 874 3052 945 σάρξ
3075 891 3088 903 ’
3118 873 3254 926 ἀλλά
3297 875 3418 926 κατ’
3466 872 3641 944 αὐτὴν
3680 874 3760 945 τὴν

535 963 723 1022 Verbi.
760 966 991 1038 Ideoque
1012 968 1362 1038 blasphemis
1383 968 1780 1025 damnationem
1806 969 2098 1040 repudian-

533 1065 639 1121 tes,
672 1057 851 1113 locum
882 1061 1284 1115 annotavimus.

2205 966 2408 1038 φωνὴν,
2443 964 2604 1036 ἑτέρα
2633 961 2765 1016 οὖσα
2803 965 2940 1018 κατά
2981 965 3078 1034 τὴν
3106 965 3400 1018 ὑπόστασιν
3451 965 3655 1035 ἰδιότης
3682 966 3757 1019 τοῦ

2202 1060 2375 1126 Λόγου
2421 1057 2516 1110 καὶ
2547 1055 2680 1109 Θεοῦ
2724 1056 2837 1126 ἅμα
2871 1058 3225 1128 ἐπεφοίτησεν
3256 1059 3312 1110 ἐν
3350 1059 3418 1128 τῇ
3467 1057 3652 1125 κοιλίᾳ
3680 1059 3756 1127 τῆς

533 1152 834 1225 Παρθένου.
868 1155 978 1208 Καὶ
1012 1154 1419 1228 βλασφημοῦσιν
1449 1157 1499 1210 oi
1529 1156 1794 1224 λέγοντες,
1835 1157 1914 1208 ὅτι
1961 1154 2096 1226 αὑτὴ
2135 1155 2168 1225 ἡ
2209 1153 2359 1224 φωνὴ
2422 1151 2514 1205 τοῦ
2558 1152 2892 1223 ἀρχαγγέλου
2936 1147 3005 1223 ἦν
3067 1154 3100 1223 ἡ
3165 1152 3459 1215 ὑπόστασις
3503 1151 3601 1204 τοῦ
3641 1152 3754 1205 Θεοῦ

531 1248 726 1316 Λόγου.
755 1248 844 1302 Διὸ
881 1251 974 1303 καὶ
1002 1251 1455 1324 ὲσημειωσάμεθα
1479 1253 1569 1306 τὸν
1601 1253 1784 1317 τόπον,
1828 1251 2249 1322 ἀποϐαλλόμενοι
2283 1249 2380 1320 τῆς
2413 1248 2752 1318 βλασφημίας
2774 1249 2872 1320 τὴν
2901 1249 3239 1318 κατάκρισιν.

601 1339 654 1394 3.
688 1338 823 1394 Cum
845 1341 1060 1396 diversa
1095 1345 1255 1410 igitur
1281 1352 1428 1400 esset
1459 1360 1487 1398 a
1511 1361 1642 1401 voce
1667 1346 1974 1416 archangeli
1994 1346 2090 1417 hy-

530 1430 770 1499 postasis
803 1429 965 1486 Verbi
1004 1441 1058 1485 et
1094 1432 1217 1486 Filii
1270 1433 1385 1495 Dei.
1439 1439 1644 1505 apertis
1675 1438 1827 1507 prius
1873 1453 1970 1508 per
1999 1453 2089 1490 ar-

474 1569 478 1572 .
531 1519 778 1591 changeli
810 1536 995 1575 vocem
1022 1522 1261 1594 Virginis
1291 1526 1539 1589 auribus,
1586 1527 1768 1582 statim
1823 1528 1876 1582 in
1939 1528 2088 1582 illam

531 1611 772 1666 introivit
797 1611 977 1666 divina
1007 1613 1129 1668 Filii
1161 1616 1484 1686 liypostasis.
1517 1617 1632 1684 Qua
1657 1620 1864 1674 ratione
1885 1627 2088 1686 autem,

528 1719 598 1759 ne
627 1705 740 1775 ipsa
771 1705 990 1776 quidem
1021 1705 1189 1778 Virgo
1210 1711 1495 1779 cognovit:
1528 1712 1678 1765 novit
1726 1728 1856 1767 vero
1885 1713 1978 1782 qui
2002 1713 2088 1767 in-

528 1809 748 1865 gressus
769 1802 851 1851 est
883 1811 985 1866 qua
1018 1799 1225 1854 ratione
1243 1800 1311 1854 sit
1336 1801 1629 1871 ingressus.
1654 1802 1832 1868 Quare
1856 1812 1915 1857 ut
1940 1804 2092 1874 igno-

528 1900 658 1941 rans
711 1888 954 1957 mysterii
993 1899 1270 1954 eventum,
1323 1893 1505 1946 statim
1535 1895 1851 1964 perturbata
1885 1904 1967 1951 est
2021 1897 2089 1951 ad

526 1990 830 2034 scr-nionem
857 1980 1032 2049 angeli
1066 1981 1296 2038 dicentis
1331 2001 1346 2038 :
1378 2001 1397 2034 ι
1429 1985 1561 2049 Ave,
1585 1987 1757 2055 gratia
1789 1987 2090 2055 plena,Do-

523 2070 706 2124 minus
730 2079 910 2126 tecum
934 2089 947 2136 ;
977 2080 1078 2126 i-et
1098 2075 1558 2146 cogitabatqualis
1573 2087 1716 2133 esset
1745 2079 1858 2133 haec
1885 2081 2090 2134 saluta-

524 2162 602 2216 tio
618 2163 682 2224 ”;
712 2181 880 2233 quare
914 2169 1248 2238 respondens
1279 2170 1636 2241 archangelus
1658 2172 1794 2226 dixit
1822 2171 1887 2226 ad
1909 2173 2083 2227 illam:

529 2265 548 2299 ι
582 2247 659 2304 Ne
699 2252 914 2317 timeas,
950 2255 1139 2322 Maria,
1171 2259 1423 2314 invenisti
1473 2260 1618 2314 enim
1665 2263 1890 2330 gratiam
1946 2264 2084 2332 apud

519 2335 719 2394 Deam.
756 2339 821 2394 Et
853 2358 980 2398 ecce
1002 2346 1276 2415 concipies
1302 2348 1355 2400 in
1393 2355 1568 2413 utero,
1591 2356 1645 2402 et
1670 2350 1849 2418 paries
1893 2350 2083 2418 ﬁlium,

518 2435 576 2482 et
598 2431 820 2486 vocabis
841 2449 1037 2489 nomen
1069 2437 1189 2505 ejus
1242 2435 1450 2492 Jesum.
1503 2437 1600 2492 llic
1623 2439 1724 2493 erit
1753 2455 2004 2509 magnus,
2031 2447 2086 2494 et

515 2519 691 2578 Filius
744 2523 1011 2581 Altissimi
1065 2528 1370 2582 vocabitur.
1421 2528 1484 2582 Et
1520 2529 1668 2583 dabit
1699 2530 1776 2583 illi
1817 2529 2083 2588 Dominus

514 2611 662 2671 Deus
689 2616 944 2671 thronum
999 2616 1166 2672 David
1233 2620 1408 2688 patris
1467 2620 1610 2690 ejus,
1642 2627 1695 2674 et
1733 2623 1978 2692 regnabit
2027 2624 2082 2677 in

513 2705 678 2760 domo
711 2706 886 2763 Jacob
936 2711 992 2764 in
1045 2711 1266 2776 saecula,
1307 2721 1361 2766 et
1405 2713 1558 2783 regni
1596 2712 1716 2780 ejus
1756 2729 1862 2767 non
1884 2715 1987 2768 erit
2015 2717 2081 2768 ti-

513 2800 603 2854 nis
631 2798 698 2854 ³⁸.
739 2819 757 2852 ι
792 2801 871 2855 Ad
894 2801 1006 2857 liaac
1037 2805 1164 2860 item
1205 2805 1370 2859 verba
1420 2807 1570 2861 stetit
1613 2805 1871 2863 haesitans
1893 2806 2077 2879 Virgo,

512 2897 701 2961 utpote
754 2893 822 2946 ad
853 2904 1102 2949 naturam
1155 2897 1473 2966 respiciens.
1513 2905 1567 2953 et
1609 2898 1676 2954 de
1711 2897 1948 2969 Josepho
1993 2900 2080 2955 cui

513 2981 844 3053 desponsata
874 2995 992 3041 erat
1030 2990 1299 3059 cogitans,
1341 2991 1643 3060 angeloque
1692 2992 1773 3045 sic
1825 2993 2074 3066 reponit:

514 3089 537 3124 ι
575 3071 858 3140 Quomodo
909 3075 997 3130 [iet
1041 3079 1172 3131 mihi
1216 3078 1384 3142 istud,
1447 3081 1703 3149 quoniam
1742 3081 1914 3134 virum
1969 3097 2076 3136 non

509 3175 783 3231 cognosco
807 3163 887 3217 ’7?
913 3182 932 3215 ι
969 3164 1443 3236 Quandoquidem,
1471 3168 1568 3234 ait,
1599 3184 1631 3223 ο
1665 3170 1874 3239 angele,
1898 3170 2072 3225 virum
2103 3200 2144 3255 ρ

508 3266 620 3305 non
647 3268 938 3324 cognosco.
970 3267 1027 3309 tu
1059 3273 1188 3311 vero
1212 3274 1305 3328 per
1336 3259 1491 3328 illud,
1515 3275 1664 3324 ecce,
1690 3261 1833 3330 quod
1864 3269 1948 3318 est
1980 3262 2076 3317 ad-

506 3343 753 3398 verbium
797 3344 1226 3412 demonstrandi,
1276 3350 1380 3414 ais,
1435 3369 1454 3402 ι
1510 3349 1650 3407 Ecce
1700 3353 1994 3424 concipies,
2051 3372 2072 3407 ι

506 3435 668 3504 quasi
749 3443 964 3508 tempus
992 3438 1195 3505 instet;
1244 3441 1436 3512 ignoro
1490 3445 1762 3514 quomodo
1784 3445 1931 3500 istud
1964 3446 2073 3502 fiet.

509 3523 642 3590 Sed,
674 3541 707 3580 ο
741 3529 948 3598 angelo,
1006 3539 1085 3596 tu,
1109 3532 1297 3597 dicito,
1345 3542 1399 3587 tu
1454 3536 1834 3605 interpretare,
1871 3555 1889 3588 ι
1939 3552 2078 3606 quo-

505 3615 668 3669 modo
693 3615 783 3671 ﬁet
817 3618 978 3673 istud.
1028 3639 1048 3672 ι
1083 3618 1438 3692 ιὶθεροηάεηε
1470 3632 1648 3679 autem
1671 3627 1913 3696 angelus,
1942 3626 2079 3680 dixit

505 3704 556 3758 ei
590 3721 606 3760 :
642 3723 661 3757 ι
704 3705 941 3777 Spiritus
961 3720 1186 3796 sanctus
1210 3715 1553 3782 superveniet
1585 3717 1640 3769 in
1673 3723 1748 3782 te,
1797 3725 1850 3771 et
1899 3719 2074 3773 virtus

504 3794 772 3852 Altissimi
811 3794 1157 3858 obumbrabit
1197 3804 1291 3859 tibi
1316 3805 1380 3860 ³⁸.
1421 3826 1440 3857 ι
1473 3805 1598 3861 Haec
1629 3816 1734 3872 est,
1763 3808 1860 3873 ait,
1887 3809 2075 3864 conci-

503 3888 690 3957 piendi
715 3890 890 3946 ratio:
926 3892 1000 3946 ita
1021 3895 1296 3966 eoncipies
1341 3896 1397 3951 in
1427 3907 1604 3958 utero,
1645 3899 1854 3970 Spiritu
1883 3909 2074 3957 sancto

503 3978 562 4033 in
596 3987 649 4034 te
681 3983 1120 4051 superveniente,
1157 3995 1212 4042 et
1237 3987 1438 4044 virtute
1490 3989 1758 4046 Altissimi
1791 4001 1844 4046 te
1875 3992 2071 4046 obum-

502 4070 714 4128 lirante.
757 4093 775 4125 ι
817 4074 1097 4146 ldeoque,.
1121 4078 1218 4143 ait,
1266 4091 1320 4134 et
1343 4082 1487 4152 quod
1518 4094 1772 4138 nascetur
1800 4092 2070 4150 sanctum,

503 4157 674 4216 Filius
695 4162 959 4219 Altissimi
990 4167 1274 4222 vocabitur
1300 4169 1400 4226 ³³.»
1432 4170 1525 4225 illa
1558 4187 1686 4227 vero
1711 4172 1886 4228 adhuc
1910 4174 2072 4228 haesi-

506 4258 655 4315 tans,
691 4269 878 4309 verum
939 4257 1042 4311 sibi
1071 4258 1186 4313 haec
1214 4271 1430 4330 optans,
1466 4266 1578 4318 ait:
1610 4283 1628 4315 ι
1661 4265 1779 4319 Fiat
1805 4267 1938 4320 mihi
1982 4281 2071 4322 se-

503 4342 746 4395 cundum
768 4345 992 4399 verbum
1023 4354 1175 4402 tuum
1201 4348 1268 4405 ‘°.
1309 4370 1329 4404 ι
1376 4350 1442 4405 Ει
1467 4352 1720 4407 discessit
1766 4352 1836 4406 ab
1873 4367 1937 4407 ea
1971 4367 2069 4406 an-

502 4431 682 4501 gelus.
741 4433 876 4489 Nam
925 4441 1254 4510 evangelista
1309 4442 1578 4513 signiﬁcat
1632 4444 1880 4513 angelum
1910 4444 1979 4498 ab
2002 4459 2066 4499 ea

2260 1342 2313 1397 8.
2361 1342 2554 1413 Ἑτέρα
2602 1342 2776 1395 τοίνυν
2824 1342 2974 1412 παρά
3011 1341 3109 1412 τὴν
3142 1337 3323 1412 φωνὴν
3365 1341 3460 1395 τοῦ
3500 1339 3756 1414 ἀρχαγγέ-

2190 1434 2282 1487 λου
2311 1429 2447 1486 οῦσα
2483 1435 2515 1502 ἡ
2555 1433 2844 1496 ὑπόστασις
2873 1432 2967 1486 τοῦ
2997 1433 3169 1501 Λόγου
3200 1432 3295 1486 καὶ
3322 1431 3454 1485 Υίοῦ
3484 1433 3580 1485 τοῦ
3616 1431 3751 1494 Θεοῦ,

2191 1525 2328 1596 ἅμα,
2359 1525 2433 1588 ὡς
2471 1524 2965 1595 προδιανοιχθείσης
3003 1524 3103 1595 τῆς
3145 1525 3312 1594 ἀκοῆς
3345 1525 3446 1606 τῇς
3490 1523 3752 1594 Παρθένου

2189 1617 2276 1670 διὰ
2315 1618 2413 1688 τῆς
2445 1615 2847 1687 ἁρχαγγελικῆς
2890 1617 3089 1685 φωνῆς,
3138 1615 3384 1687 εἰσῆλθεν
3429 1619 3508 1680 είς
3543 1616 3752 1687 αὑτὴνή

2195 1707 2312 1761 θεία
2349 1708 2440 1761 τοῦ
2472 1706 2602 1760 Υἱοῦ
2638 1708 2949 1770 ὑπόστασις.
2988 1708 3076 1771 Ὠς
3108 1707 3242 1778 αὑτὴ
3286 1707 3384 1778 μὲν
3427 1710 3460 1778 ἡ
3494 1708 3751 1778 Παρθένκ

2194 1801 2295 1854 οὑκ
2323 1795 2488 1852 οἶδεν·
2514 1795 2620 1852 οἵδε
2647 1799 2702 1852 δὲ
2722 1800 2760 1871 _6
2793 1798 3066 1864 εἰσελθὼν,
3097 1801 3242 1864 ὅπως
3273 1800 3513 1868 εἰσῆλθε.
3537 1801 3630 1853 Διὸ
3653 1800 3750 1865 καὶ,

2191 1889 2266 1952 ὡς
2304 1889 2377 1960 μὴ
2409 1889 2578 1942 εἰδυῖα
2619 1888 2711 1942 τοῦ
2749 1888 3044 1959 μυστηρίου
3098 1889 3198 1960 τὴν
3228 1889 3473 1953 ἔκϐασιν,
3527 1891 3641 1960 ἅμα
3688 1891 3751 1943 δι-

2190 1980 2460 2052 εταράχθη
2483 1981 2576 2033 ἐπὶ
2596 1980 2672 2051 τῷ
2694 1981 2836 2050 λόγῳ
2856 1979 2948 2032 τοῦ
2966 1980 3195 2049 ἀγγέλου
3212 1981 3481 2044 εἰπόντος,
3514 2001 3532 2031 ι
3572 1984 3747 2052 Χαῖρε,

2190 2069 2620 2141 κεχαριτωμένη,
2655 2071 2683 2123 ὁ
2714 2070 2916 2140 Κύριος
2947 2069 3082 2139 μετά
3117 2069 3230 2131 σοῦ,
3253 2087 3285 2122 »ι
3306 2072 3400 2124 καὶ
3413 2070 3744 2139 διελογίζετο,

2188 2157 2428 2221 ποταπὸς
2459 2158 2543 2230 εἴη
2591 2161 2619 2212 6
2646 2158 2932 2228 ἀσπασμὸς
2956 2153 3139 2222 οὗτος·
3194 2160 3314 2213 ὅθεν
3350 2162 3445 2213 καὶ
3480 2159 3747 2214 ὑπολαΰὼν

2186 2251 2215 2302 6
2245 2251 2597 2322 ἀρχάγγελος,
2627 2246 2744 2304 εἶπε
2762 2251 2893 2322 πρὸς
2910 2252 3076 2322 αὑτήν
3095 2269 3108 2280 °
3141 2270 3158 2303 ι
3184 2252 3275 2323 Μὴ
3294 2251 3484 2321 φοϐοῦ,
3506 2253 3743 2322 Μαριάμ·

2185 2336 2343 2412 εὗρες
2369 2341 2476 2414 γάρ
2502 2343 2660 2414 χάριν
2686 2343 2835 2413 παρά
2869 2342 2946 2412 τῷ
2967 2341 3104 2412 Θεῷ.
3135 2345 3243 2396 Καὶ
3279 2343 3389 2397 ίδοὺ
3437 2343 3679 2414 συλλήψη
3700 2346 3744 2396 ἐν

2189 2437 2406 2508 γαστρὶ,
2445 2440 2537 2491 καὶ
2569 2436 2695 2511 τέξῃ
2729 2437 2866 2501 υίδν,
2907 2439 3000 2491 καὶ
3027 2438 3273 2502 καλέσεις
3311 2439 3372 2492 τὸ
3396 2439 3573 2509 ὄνομα
3596 2438 3742 2490 αὑτοῦ

2196 2526 2420 2596 Ἰησοῦν.
2450 2520 2612 2590 Οὗτος
2639 2528 2788 2579 ἔσται
2825 2527 3014 2597 μέγας.
3043 2527 3136 2579 καὶ
3169 2527 3294 2590 Υἱὸς
3337 2527 3593 2596 Ὑψίστου
3626 2527 3741 2597 κλη-

2184 2617 2428 2690 θήσεται,
2473 2621 2566 2672 καὶ
2596 2618 2753 2671 δώσει
2787 2619 2935 2690 αὑτῷ
2978 2620 3179 2690 Κύριος
3216 2623 3243 2673 ὁ
3267 2619 3398 2682 Θεὸς
3442 2621 3532 2673 τὸν
3572 2621 3741 2691 θρόνον

2181 2709 2345 2762 Δαὸἶδ
2366 2709 2458 2763 τοῦ
2489 2710 2693 2780 πατρὸς
2718 2710 2902 2772 αὑτοῦ,
2928 2711 3020 2764 καὶ
3047 2710 3350 2780 βασιλεύσει
3373 2712 3468 2764 ἐπὶ
3492 2714 3588 2765 τὸν
3611 2709 3740 2765 ὁῖκον

2193 2798 2385 2852 Ἰακὼὸ
2414 2802 2492 2862 εἰς
2511 2801 2636 2864 τοὺς
2665 2799 2889 2863 αἰῶνας,
2916 2801 3007 2853 καὶ
3033 2800 3133 2870 τῆς
3167 2799 3443 2871 βασιλείας
3471 2802 3636 2856 αὑτοῦ
3658 2803 3741 2855 οὑκ

2181 2891 2332 2944 ἔσται
2371 2892 2539 2955 τέλος.
2580 2912 2598 2945 ι
2646 2892 2804 2945 Ἀλλὰ
2841 2893 2949 2964 γὰρ
2979 2894 3073 2947 καὶ
3110 2893 3244 2967 πρὸς
3277 2893 3449 2948 ταῦτα
3482 2895 3613 2966 ἔστη
3643 2897 3741 2948 δια-

2180 2984 2420 3056 ποροῦσα
2445 2985 2476 3054 ἡ
2505 2983 2799 3054 Παρθένος,
2829 2983 2920 3036 καὶ
2947 2983 3021 3047 ὡς
3045 2983 3176 3054 πρὸς
3197 2983 3295 3054 τὴν
3325 2983 3488 3053 φύσιν
3521 2983 3738 3037 ἀποϐλέ-

2180 3090 2374 3138 πουσα,
2405 3074 2498 3127 καὶ
2527 3073 2668 3126 κατά
2704 3073 2793 3126 τὸν
2837 3071 3032 3145 Ἰωσὴφ
3068 3071 3498 3142 διαλογιζομένη,
3535 3071 3651 3124 ἀνθ’
3675 3065 3737 3124 ὧν

2182 3164 2628 3235 μεμνηστευμένη
2674 3163 2818 3234 αὑτῷ
2854 3159 2956 3233 ἦν,
2995 3163 3445 3235 ἀνταποκρίνεται
3490 3163 3631 3234 πρὸς
3662 3163 3738 3215 τὶν

2177 3254 2424 3322 ἄγγελον,
2460 3253 2551 3306 καί
2581 3271 2712 3324 φησι
2732 3271 2746 3284 ·
2776 3273 2793 3305 ι
2832 3254 2954 3316 Πῶς
2982 3253 3128 3306 ἔσται
3167 3271 3257 3325 μοι
3297 3253 3475 3318 τοῦτο,
3511 3254 3635 3307 ἐπεὶ
3659 3256 3738 3310 ἀν-

2177 3343 2279 3414 δρα
2305 3344 2364 3396 οὐ
2402 3343 2683 3411 γινώσκω;
2733 3362 2752 3395 ›
2790 3343 2899 3395 Καὶ
2945 3342 3192 3415 ἐπείπερ,
3234 3338 3488 3414 φησὶνμῦ
3527 3343 3736 3412 ἄγγελε,

2175 3435 2342 3505 ἄνδρα
2377 3435 2438 3488 οὑ
2479 3433 2763 3502 γινώσκω,
2802 3435 2865 3487 σὺ
2905 3433 2962 3486 δὲ
3011 3433 3096 3486 διὰ
3144 3432 3260 3495 τοῦ,
3308 3434 3438 3497 ίόοὑ,
3478 3433 3735 3487 δεικτικοῦ

2177 3529 2582 3599 προσρήματος,
2629 3527 2838 3596 λέγεις,
2867 3535 2908 3578 't
2956 3527 3086 3580 ’1δοὺ
3126 3525 3389 3597 συλλήψῃ,
3425 3546 3443 3578 ι
3494 3529 3571 3590 ὡς
3610 3528 3735 3581 κατα

2177 3619 2362 3690 χρόνον
2405 3619 2695 3672 ὲνεστῶτω
2739 3617 2856 3681 πῶς
2895 3617 3067 3680 ἔσται,
3087 3618 3185 3670 οὑκ
3208 3613 3341 3671 οἶδα.
3362 3618 3504 3670 Ἀλλ’
3533 3620 3671 3678 είπὲ,
3696 3613 3734 3672 ὧ

2173 3692 2390 3774 ἄγγελε,
2404 3707 2495 3759 καὶ
2510 3706 2910 3779 διερμήνευσον,
2936 3705 3080 3770 «πῶς
3096 3707 3243 3760 ἔσται
3259 3707 3411 3760 τοῦτο
3425 3725 3440 3772 ;
3455 3727 3473 3758 ι
3497 3709 3735 3782 Ἀποκρι-

2176 3796 2286 3859 θεὶς
2311 3796 2366 3849 δὲ
2392 3798 2420 3849 6
2457 3796 2702 3865 ἄγγελος,
2739 3793 2890 3852 εἶπεν
2912 3797 3079 3869 αὐτῇ·
3117 3815 3136 3848 ι
3172 3797 3391 3869 Πνεῦμα
3439 3799 3594 3868 ἆγιον
3646 3802 3736 3853 ἐπ-

2173 3887 2449 3940 ελεύσεται
2492 3888 2583 3941 ἐπὶ
2625 3888 2703 3950 σὲ,
2745 3888 2836 3941 καὶ
2886 3887 3112 3960 δύναμις
3149 3889 3398 3959 Ὑψίστου
3426 3891 3728 3944 ἐπισκιάσει

2175 3993 2276 4030 σοι.
2321 3995 2340 4028 ι
2377 3970 2563 4042 Οὗτος,
2595 3976 2777 4046 φησὶν,
2805 3979 2832 4030 6
2852 3978 3049 4049 τρόπος
3074 3979 3172 4050 τῆς
3205 3978 3537 4050 συλλήψεως,
3573 3982 3730 4046 οὕτως

2173 4067 2418 4139 συλλήψῃ
2466 4069 2523 4122 ὲν
2558 4070 2776 4140 γαστρὶ,
2833 4069 3148 4140 Πνεῦματος
3187 4070 3339 4139 ἁγίου
3376 4072 3730 4143 ἐπερχομένου

2175 4176 2275 4222 σοι,
2296 4160 2387 4212 καὶ
2411 4159 2690 4229 δυνάμεως
2719 4160 2968 4230 Ὑψίστου
3005 4159 3426 4232 ὲπισκιαζοὺσης
3457 4179 3561 4215 σοι.
3588 4182 3605 4212 ι
3629 4163 3727 4225 Διό,

2171 4251 2325 4320 φησὶ,
2377 4251 2470 4305 καὶ
2509 4251 2570 4303 τὸ
2627 4250 2958 4322 γεννώμενον
2990 4251 3142 4320 ἅγιον
3174 4253 3298 4315 Υἱὸς
3332 4253 3588 4322 Ὑψίστου
3618 4254 3731 4323 xli;-

2172 4341 2413 4412 θήσεται.
2455 4361 2473 4393 ι
2514 4343 2577 4395 Ἦ
2607 4343 2661 4396 δὲ
2693 4343 2788 4396 καὶ
2825 4343 2903 4396 ἔτι
2932 4343 3281 4416 διαποροῦσα,
3329 4345 3472 4415 πλὴν
3515 4349 3730 4415 ἐπευχοο

2172 4432 2304 4503 μένη
2331 4434 2516 4503 ἑαυτῇ,
2545 4434 2707 4504 φησί’
2742 4453 2759 4484 ‹
2784 4434 2998 4487 Γένοιτό
3040 4452 3129 4504 μοι
3163 4435 3300 4487 κατὰ
3325 4437 3386 4488 τὸ
3414 4438 3567 4507 ῥῆμά
3587 4453 3723 4488 σου.»

500 4518 845 4586 discessisse,
884 4539 951 4578 ne
983 4528 1328 4584 occasionem
1373 4531 1442 4585 iis
1474 4531 1828 4601 relinqueret,
1860 4533 1952 4602 qui
1984 4533 2070 4587 di-

2181 4524 2280 4576 Kai
2317 4523 2554 4595 ἀπῆλθεν
2596 4525 2689 4577 ἀπ’
2735 4525 2905 4595 αὑτῆς
2944 4527 2973 4577 6
3014 4525 3256 4594 ἄγγελος.
3291 4527 3729 4598 Ἐπισημαίνεται

499 4623 626 4664 cere
657 4611 876 4680 vellent,
909 4614 1086 4684 ipsum
1119 4619 1368 4688 angelum
1403 4620 1458 4673 in
1481 4619 1704 4689 Virgine
1727 4621 2063 4675 habitantem

498 4700 840 4760 incarnatum
900 4707 1090 4773 fuisse,
1147 4719 1241 4764 aut
1299 4711 1524 4766 verbum
1562 4712 1736 4783 angeli
1768 4713 2063 4768 secundum

497 4795 857 4864 prolationem
897 4800 1037 4862 soni,
1072 4799 1507 4856 Incarnationem
1547 4812 1828 4872 Operatum
1870 4804 2060 4859 fuisse.

500 4883 607 4940 Sed
635 4885 863 4955 indicat,
895 4889 1219 4948 abscedente
1253 4893 1445 4963 angelo
1497 4891 1760 4962 Spiritum
1815 4903 2061 4949 sanctum

496 4973 555 5028 in
607 4973 882 5048 Virginem
937 4983 1336 5052 supervenisse,
1391 4992 1445 5039 et
1491 4985 1744 5040 virtutem
1798 4985 2061 5040 Altissimi

495 5065 857 5126 obumbrasse
910 5071 990 5126 illi
1022 5093 1037 5127 :
1066 5081 1232 5142 atque
1265 5074 1340 5129 ita
1368 5074 1584 5131 demum
1613 5078 1938 5146 completum
1978 5085 2062 5132 est

499 5166 714 5207 sacrum
747 5158 1116 5227 puerperium.
1146 5160 1356 5228 Quibus
1385 5171 1468 5219 est
1518 5164 1714 5220 iterum
1750 5168 2060 5221 necessario

498 5242 883 5312 insistendum,
916 5263 981 5304 ac
1005 5253 1462 5309 considerandum
1487 5271 1592 5325 qua
1619 5256 1828 5310 ratione
1851 5256 1916 5310 ad
1939 5255 2062 5310 Vir-

497 5334 675 5404 ginem
704 5338 909 5394 dictum
943 5343 1048 5398 sit:
1093 5362 1111 5395 ι
1151 5344 1385 5414 Spiritus
1438 5357 1661 5404 sanctus
1717 5350 2061 5420 superveniet

498 5427 554 5480 in
584 5437 723 5492 te.et
746 5438 916 5490 virtus
941 5436 1205 5493 Altissimi
1238 5440 1584 5495 obumbrabit
1607 5441 1724 5496 tibi.
1756 5461 1773 5494 ι
1802 5440 2057 5510 Nunquid

497 5517 683 5572 eodem
722 5523 879 5577 modo
942 5541 1050 5594 quo
1101 5527 1167 5580 ad
1213 5531 1491 5598 apostolos
1543 5531 1722 5584 aiebat
1774 5531 2052 5596 Christus,

505 5625 525 5659 ι
554 5606 659 5664 Vos
691 5623 869 5670 autem
918 5617 1104 5674 sedete
1145 5620 1199 5673 in
1245 5623 1464 5677 civitate
1509 5621 1831 5687 Jerusalem,
1883 5623 2057 5679 donec

570 5729 615 5760 ⁸⁸
651 5729 781 5787 Luc.
810 5751 845 5799 ι,
882 5735 980 5802 28,
1009 5737 1098 5792 29.
1175 5739 1219 5770 ³⁸
1256 5740 1386 5797 ibid.
1421 5741 1610 5798 50-55.
1682 5743 1724 5775 ³⁷
1765 5741 1895 5796 ibid.
1933 5742 2020 5796 51».

2181 5741 2304 5796 ιδιά,
2342 5743 2428 5797 55.

573 5821 706 5894 (4⁸5⁸)
740 5826 919 5895 γυικη
948 5829 1052 5882 τόν.
1087 5829 1243 5884 Eon.

2168 4615 2277 4686 γὰρ
2304 4615 2458 4669 τοῦτο
2485 4617 2512 4668 6
2555 4614 2964 4686 εὑαγγελιστὴς,
3009 4616 3088 4668 ὅτι
3117 4615 3354 4685 ἀπῆλθεν
3385 4620 3480 4671 ἀπ’
3507 4619 3670 4687 αὑτῆς
3701 4620 3729 4669 6

2169 4706 2417 4775 ἄγγελος,
2463 4707 2548 4761 ἵνα
2593 4707 2666 4778 μὴ
2712 4706 3009 4778 καταλείψῃ
3057 4708 3308 4780 ἀφορμὴν
3349 4711 3465 4772 τοῖς
3498 4711 3727 4763 ἐθέλουσι

2167 4798 2365 4866 λέγειν,
2395 4799 2477 4852 ὅτι
2509 4799 2670 4862 αὑτὸς
2697 4801 2726 4852 6
2755 4798 2979 4867 ἄγγελος
3007 4801 3288 4870 ὲνοικήσας
3309 4801 3368 4852 ὲν
3388 4803 3452 4870 τῇ
3480 4801 3725 4872 Παρθένῳ

2168 4892 2475 4964 ἐσαρκώθη,
2522 4894 2641 4946 οὑδὲ
2684 4894 2765 4946 ὅτι
2799 4895 2827 4945 6
2866 4893 3020 4963 λόγος
3065 4894 3227 4947 αὑτοῦ
3275 4896 3417 4949 κατά
3455 4896 3725 4966 προφορὰν

2164 4986 2492 5057 ἁπηχήσεως
2543 4986 2810 5057 ἐνήργησε
2860 4985 2957 5056 τὴν
3003 4985 3448 5057 ὲνανθρώπησιν·
3499 4988 3607 5041 ἀλλ’
3643 4987 3724 5038 ὅτι

2164 5076 2487 5140 ἀπελθόντος
2506 5075 2599 5129 τοῦ
2625 5077 2854 5145 ἀγγέλου
2883 5077 3113 5148 ἐπῆλθεν
3140 5079 3229 5131 ἐπὶ
3253 5078 3349 5149 τὴν
3374 5077 3639 5148 Παρθένον
3665 5076 3725 5130 τὸ

2165 5168 2316 5236 ἆγιον
2343 5168 2586 5238 Πνεῦμα,
2611 5169 2704 5222 καὶ
2735 5169 3059 5224 ἐπεσκίασεν
3085 5171 3218 5240 αὑτῇ
3254 5172 3287 5239 ἡ
3319 5170 3549 5241 δύναμις
3581 5167 3724 5238 Ὑψί-

2162 5275 2287 5312 στου
2305 5276 2319 5290 ⁶
2348 5261 2438 5313 καὶ
2452 5258 2623 5323 οὑτως
2641 5259 2862 5332 ὕστερον
2885 5261 3133 5332 ἐτελέσθη
3155 5263 3213 5313 τὸ
3232 5262 3495 5333 σωτήριον
3517 5262 3609 5330 κύῃ
3620 5279 3720 5330 μα.

2169 5352 2339 5422 Ὑπὲρ
2363 5346 2436 5406 ὧν
2465 5353 2557 5407 καὶ
2585 5350 2737 5416 αὖθις
2758 5353 2862 5425 χρὴ
2895 5354 3033 5408 κατὰ
3065 5353 3124 5406 τὸ
3150 5353 3722 5425 (ἅδ’),ἀναγκαῖονὲπι-

2145 5437 2374 5513 στῆσαι,
2393 5445 2487 5497 καὶ
2506 5445 2922 5514 ἐπισκέψασθαι,
2949 5446 3064 5509 πῶς
3076 5447 3285 5517 εἴρηται
3317 5445 3453 5517 πρὸς
3475 5446 3564 5516 τὴν
3580 5444 3722 5515 Παρ-

2159 5534 2310 5589 θένον
2335 5553 2347 5566 ·
2388 5555 2405 5587 ι
2435 5537 2656 5608 Πνεῦμα
2689 5537 2840 5606 ἅγιον
2884 5539 3228 5592 ἐπελεύσεται
3271 5540 3362 5592 ἐπὶ
3403 5539 3480 5602 σὲ,
3516 5538 3601 5591 καὶ
3627 5535 3721 5590 δύο

2157 5640 2316 5694 ναμις
2361 5625 2611 5693 Ὑψίστου
2659 5628 2966 5681 ἐπισκιάσει
3001 5645 3099 5681 σοι.
3152 5649 3168 5677 ι
3206 5624 3352 5700 τΑρα
3395 5629 3497 5700 γὰρ
3529 5627 3719 5695 ὥσπερ

2509 5743 2552 5776 ³⁵
2593 5744 2722 5800 ibid.
2835 5747 2879 5777 ‘°
2920 5746 3049 5800 ibid.
3083 5747 3169 5801 38.
