4022 6382
269 293 380 348 929

1165 293 1394 350 SERMO
1435 295 1502 349 IN
1541 295 2165 353 ANNUNTIATIO‘NEM
2209 299 2550 356 DElPARE.

3407 310 3510 368 930

266 409 361 464 καὶ
399 407 536 480 πρὸς
563 409 689 472 τοὺς
728 405 1064 471 ἀποστόλους
1111 407 1260 478 ἔλεγε
1289 411 1542 482 Χριστὸς,
1596 431 1615 463 ι
1663 412 1807 483 ’Υμεῑ

1912 414 2254 476 Linduamini
2306 415 2506 472 virtute
2535 431 2601 472 ex
2650 417 2762 472 alto
2789 419 2856 484 δ’,
2894 437 2913 471 ι
2951 419 3161 493 Spiritu
3214 430 3410 480 sancto
3452 424 3514 480 in

264 503 319 555 δὲ
391 500 654 553 καθίσατε
705 501 762 552 ὲν
839 501 906 570 τῇ
957 500 1106 553 πόλει
1157 501 1540 573 Ἰερουσαλὴμ,
1606 502 1709 566 ἕως
1784 496 1846 554 οὗ

263 591 552 662 ὲνδύσησθε
591 591 816 662 δύναμιν
845 590 904 654 ἐξ
947 589 1132 660 ὕψους,
1171 613 1190 644 ›
1225 593 1538 656 ἐπελθόντος
1559 593 1651 646 τοῦ
1687 595 1843 662 ἁγίου

263 683 576 752 Πνεύματος
627 685 712 750 ἐφ’
741 683 912 753 apag;
944 684 1139 753 ἐπίσης
1179 684 1287 756 γὰρ
1320 687 1352 756 ή
1399 686 1718 754 ἐπαγγελία,
1749 687 1844 739 καὶ

261 777 324 828 ὲκ
347 773 440 827 τοῦ
474 776 589 828 ἴσου
610 775 808 846 τρόπου
836 775 1204 845 λαμϐάνεσθαι
1227 777 1473 841 δύναται,
1495 777 1724 848 ἐπείπερ
1747 779 1840 830 καὶ

253 866 488 926 ¹ἐνταῦθα
530 867 755 937 δύναμιν
778 866 836 932 ἐξ
867 867 1122 937 Ὑψίστου
1163 869 1547 923 ἐπελεύσεσθαι
1593 870 1682 922 ἐπὶ
1714 871 1839 933 τοὺς

258 959 588 1022 ἀποστόλους
617 960 710 1013 καὶ
737 959 1051 1029 Πνεύματος
1093 961 1247 1029 ἁγίου
1270 963 1594 1033 παρουσίαν.
1621 962 1684 1014 Τί
1709 958 1837 1026 οῦν;

1946 521 2044 562 vos
2083 507 2535 578 superveniente?
2581 507 2831 578 Equalis
2861 513 3061 584 quippe
3091 523 3173 570 est
3200 516 3510 586 promissio,

1947 602 2001 650 et
2034 596 2150 666 pari
2194 597 2407 652 ratione
2461 598 2632 668 accipi
2686 608 2886 669 potest,
2941 605 3380 674 quandoquidem
3423 607 3513 661 hic

1946 703 2162 759 quoque
2183 689 2403 751 dicitur,
2447 690 2703 746 virtutem
2733 708 2797 747 ex
2819 693 3102 750 Altissimo
3135 698 3189 751 in
3235 700 3511 768 apostolos

1945 780 2321 844 adventuram,
2358 795 2458 834 nec
2489 797 2598 835 non
2635 779 2871 853 Spiritus
2919 786 3094 840 sancti
3143 792 3508 858 praesentiam.

1945 867 2084 934 Quid
2116 870 2315 939 igitur?
2340 871 2503 942 339
2531 871 2670 926 Num
2705 875 2846 929 sicut
2903 880 3167 947 apostolis
3197 882 3422 950 spiritus
3456 889 3512 936 et

1943 961 2119 1017 virtus
2141 963 2406 1016 Altissimi
2442 965 2801 1032 promittitur,
2827 969 2901 1020 ita
2929 985 3148 1042 quoque
3185 971 3438 1042 Virgini?

258 1045 366 1122 ἄρα
388 1053 464 1114 ὡς
481 1052 616 1123 πρὸς
633 1054 759 1116 τοὺς
771 1054 1095 1117 ἀποστόλους
1111 1056 1170 1107 τὸ
1194 1055 1421 1124 Πνεῦμα
1443 1056 1536 1108 καὶ
1559 1057 1590 1124 ἡ
1609 1055 1833 1124 δύναμις
1849 1051 1942 1106 τοῦ
1971 1054 2223 1124 Ὑψίστου
2241 1056 2594 1126 ἐπήγγελται,
2612 1057 2780 1121 οὕτως
2807 1062 2898 1112 καὶ
2918 1063 3052 1133 πρὸς
3071 1065 3169 1134 τὴν
3198 1065 3472 1136 Παρθένον
3493 1083 3510 1130 ;

324 1141 376 1194 9.
409 1143 517 1195 Καὶ
551 1145 601 1195 εί
635 1144 734 1214 μὲν
765 1144 935 1208 οὕτως
980 1146 1166 1217 ὥσπερ
1197 1147 1290 1200 καὶ
1323 1149 1403 1209 είς
1429 1147 1554 1210 τοὺς
1592 1148 1825 1200 ἀποστό-

258 1241 396 1298 λους,
429 1235 522 1289 καὶ
573 1238 607 1306 ἡ
646 1237 870 1307 δύναμις
899 1239 991 1291 τοῦ
1027 1239 1278 1306 Ὑψίστου
1331 1239 1424 1291 καὶ
1468 1241 1500 1308 ή
1547 1239 1829 1302 ἑπέλευσις

256 1323 346 1377 τοῦ
381 1325 700 1396 Πνεύματος
732 1328 952 1395 γέγονε,
1009 1328 1104 1380 καὶ¹
1136 1329 1193 1379 ὲν
1241 1331 1355 1392 τοῖς
1403 1329 1718 1393 ἀποστόλοις
1765 1329 1826 1383 οὑ

255 1417 697 1488 παρηκολούθησε
717 1419 987 1490 σάρκωσις
1008 1437 1019 1448 ·
1052 1419 1229 1489 δῆλον,
1249 1422 1330 1474 ὅτι
1357 1421 1514 1490 (4.3")
1533 1420 1652 1474 οὔτε
1675 1422 1732 1473 ὲν
1759 1424 1826 1492 τῇ

256 1506 515 1578 Παρθένῳ
539 1509 572 1579 ἠ
604 1509 830 1579 δύναμις
858 1509 1166 1581 ἐσαρκώθη,
1187 1510 1310 1563 οὔτε
1335 1511 1395 1564 τὸ
1426 1512 1647 1584 Πνεῦμα
1675 1514 1829 1583 ἐνην-

1931 1145 1967 1176 "-'
1991 1145 2045 1202 9.
2064 1146 2216 1212 Quod
2239 1149 2308 1214 si,
2327 1158 2382 1200 ut
2402 1150 2453 1202 in
2472 1151 2754 1218 apostolis,
2777 1153 2950 1209 virtus
2968 1156 3228 1210 Altissimi
3252 1167 3302 1212 et
3320 1157 3513 1213 adven—

1936 1244 2026 1292 tus
2045 1237 2280 1308 Spiritus
2303 1241 2474 1294 sancti
2492 1242 2609 1303 fuit,
2623 1252 2673 1296 et
2693 1243 2745 1296 in
2763 1246 3022 1312 apostolis
3043 1262 3150 1301 non
3167 1256 3249 1301 est
3264 1249 3510 1305 incarna-

1936 1330 2014 1385 tio
2030 1329 2342 1393 subsecuta,
2358 1347 2458 1385 nec
2473 1333 2527 1386 in
2551 1331 2766 1403 Virgine
2785 1335 2949 1404 igitur
2963 1337 3136 1393 virtus
3153 1347 3236 1393 est
3252 1340 3509 1396 incarna-

1939 1429 2015 1484 ta,
2034 1437 2207 1492 neque
2227 1421 2462 1492 Spiritus
2484 1423 2644 1478 homo
2667 1425 2843 1480 factus
2857 1436 2961 1491 est,
2981 1433 3194 1486 etiamsi
3209 1431 3376 1487 Filius
3394 1434 3509 1502 ipse

1934 1513 2091 1584 juxta
2107 1531 2449 1570 communem
2471 1517 2750 1587 theologia:
2762 1534 2920 1574 usum
2938 1520 3151 1576 dicatur
3165 1522 3338 1580 virtus
3350 1525 3510 1579 Altis-

250 1595 572 1667 θρώπησεν,
611 1603 657 1652 εί
712 1602 805 1654 καὶ
847 1602 1007 1665 αὐτὸς
1053 1605 1080 1654 ό
1124 1602 1267 1665 ’Υἱὸς
1300 1603 1440 1656 κατὰ
1492 1604 1807 1673 κοινολογίαι

1929 1607 2074 1661 simi.
2091 1607 2196 1661 Sed
2224 1608 2365 1662 sicut
2387 1608 2442 1662 in
2459 1599 2732 1678 apostolos
2749 1611 2867 1665 ideo
2883 1612 3060 1668 virtus
3079 1615 3382 1678 advenit,ut
3397 1617 3508 1671 vim

250 1687 525 1757 θεολογίας
576 1690 795 1760 λέγεται
843 1692 1070 1763 δύναμις
1108 1693 1386 1763 Ὑψίστου.
1459 1696 1596 1748 Ἀλλ’
1637 1696 1826 1770 ὥσπερ

249 1778 306 1831 ἐν
332 1782 444 1842 τοῖς
467 1781 786 1845 ἀποστόλοις
812 1785 844 1854 ἡ
871 1781 1099 1854 δύναμις
1149 1784 1284 1855 πρὸς
1315 1783 1375 1838 τὸ
1407 1784 1661 1839 δύνασθαι
1687 1788 1827 1841 κατὰ

249 1871 426 1940 πάσης
461 1872 846 1946 ἀντικειμένης
904 1875 1184 1947 δυνάμεως
1239 1878 1474 1944 ἐγένετο,
1517 1880 1610 1931 καὶ
1657 1882 1688 1948 ἠ
1725 1882 1824 1932 ὲπ-

247 1958 454 2025 έλευσις
468 1961 562 2014 τοῦ
583 1963 721 2016 Πνεύ
730 1982 896 2033 ματος
919 1967 1039 2020 καθ’
1064 1969 1162 2021 ὅλα
1182 1968 1249 2021 τὰ
1268 1967 1538 2033 οὑσιωδῶς
1554 1971 1825 2043 προσόντα

243 2066 413 2135 αὑτῷ,
450 2070 745 2139 ὲνεργοῦσα
786 2074 843 2124 ὲν
879 2074 1010 2127 πᾶσι
1064 2075 1328 2146 σημείοις,
1361 2077 1454 2129 καὶ
1484 2076 1695 2147 τέρασι,
1727 2078 1820 2131 καὶ

235 2156 527 2228 δυνάμεσι,
555 2161 692 2233 πρὸς
723 2161 1009 2232 βεϐαίωσιν
1045 2167 1137 2218 καὶ
1160 2165 1424 2220 πίστωσιν
1456 2169 1553 2238 τῆς
1583 2168 1818 2239 Χριστοῦ

243 2247 608 2318 ἐπαγγελίαςο
658 2252 799 2306 οὕτω
826 2257 920 2309 καὶ
956 2257 1048 2309 ἐπὶ
1079 2260 1144 2328 τῇ
1179 2258 1438 2330 Παρθένῳ
1470 2262 1502 2331 ὴ
1539 2261 1820 2325 ὲπέλευσις

237 2339 338 2394 τοῦ
369 2343 686 2414 Πνεῦματος
707 2345 941 2414 ἐγένετο,
961 2348 1017 2399 ὲν
1047 2351 1178 2400 πᾶσι
1211 2354 1322 2413 τοῖς
1348 2339 1622 2417 assumas;
1650 2371 1820 2425 προσ-

242 2432 391 2486 οῦσιν
419 2434 566 2504 αύτῷ
580 2435 723 2488 κατά
747 2438 844 2508 τὴν
877 2438 1154 2510 θεαρχίαν,
1189 2442 1346 2514 χάριν
1374 2445 1654 2514 ἐμποιοῦν,
1684 2447 1819 2518 πρὸς

238 2526 303 2578 τὸ
337 2527 394 2579 ἐν
442 2529 573 2581 πᾶσι
618 2529 831 2601 χαίρειν
867 2532 1054 2602 αὑτήν.
1099 2534 1359 2605 Ἐπείπερ
1406 2538 1499 2589 κα)⁸
1528 2537 1615 2591 διὰ
1661 2539 1816 2593 τοῦτο

240 2621 656 2691 κεχαριτωμένη
692 2623 1146 2696 προσωνομάσθη,
1177 2626 1264 2678 διὰ
1293 2627 1353 2680 τὸ
1392 2629 1448 2682 ἐν
1491 2629 1690 2693 πάσαις
1717 2630 1816 2701 χά-

1934 1699 2011 1754 illi
2038 1699 2300 1754 haberent
2315 1710 2502 1754 contra
2521 1717 2734 1756 omnem
2769 1703 3140 1760 adversariam
3157 1715 3504 1776 potestatem,

1931 1791 2138 1870 fuitque
2163 1791 2426 1847 adventus
2449 1791 2683 1863 Spiritus
2709 1797 3005 1852 secundum
3028 1800 3208 1853 omnia
3232 1815 3351 1870 qua:
3376 1800 3506 1856 sub—

1927 1868 2790 1956 stantialiterineosunt,operans
2808 1888 2862 1942 in
2876 1887 3307 1962 o'mnibussignis
3320 1903 3373 1950 et
3387 1911 3507 1966 pro-

1927 1973 2088 2044 digiis
2113 1982 2166 2029 ct
2188 1976 2480 2031 virtutibus
2501 1977 2566 2030 ad
2600 1980 3030 2036 confirmandam
3061 1992 3116 2039 et
3153 1987 3500 2042 asserendam

1926 2065 2126 2120 Christi
2150 2067 2565 2138 promissionem
2588 2085 2601 2134 ;
2628 2069 2700 2122 ita
2721 2076 2775 2124 et
2798 2069 2852 2124 in
2874 2069 3092 2142 Virgine
3114 2072 3214 2128 fuit
3236 2075 3502 2134 adventus

1927 2155 2164 2226 Spiritus
2175 2159 2372 2222 sancti,
2388 2175 2509 2212 cum
2525 2161 2779 2216 omnibus
2795 2177 2915 2232 quae
2929 2163 3358 2224 substantialiler
3369 2169 3421 2224 in
3435 2184 3504 2225 eo

1925 2255 2053 2302 sunt
2073 2249 2284 2304 ratione
2305 2250 2473 2306 divini
2493 2252 2853 2323 principatus.
2876 2257 3107 2326 gratiam
3127 2258 3204 2312 illi
3227 2259 3498 2327 tribuetis,

1923 2348 1984 2395 ut
2013 2341 2069 2395 in
2113 2342 2368 2397 omnibus
2419 2343 2512 2398 illa
2547 2345 2829 2416 gauderet.
2874 2347 3154 2418 Siquidem
3207 2365 3274 2407 eo
3304 2354 3498 2424 'gratia

1925 2435 2082 2505 plena
2108 2445 2300 2491 vocata
2325 2444 2409 2492 est
2441 2441 2584 2508 quod
2614 2441 2868 2498 omnibus
2896 2457 2992 2512 per
3014 2441 3278 2514 Spiritum
3303 2448 3497 2517 gratiis

1926 2528 2132 2597 repleta
2167 2537 2333 2590 esset.
2361 2541 2414 2585 et
2446 2533 2590 2601 quod
2623 2534 2796 2589 virtus
2831 2532 3100 2590 Altissimi
3137 2536 3498 2595 obumbraret

1921 2619 2062 2689 ipsi;
2087 2620 2339 2689 quodque
2361 2622 2661 2679 iii-haberet
2683 2632 2798 2679 toto
2819 2625 3198 2697 conceptionis
3223 2637 3491 2700 tempore,

238 2739 353 2792 ρισι
377 2726 498 2787 ταῖς
520 2724 607 2777 διὰ
628 2726 721 2778 τοῦ
753 2727 1062 2797 Πνεύματος
1085 2729 1466 2800 ἐμπεπλῆσθαι
1490 2733 1658 2802 αὑτήν
1681 2751 1693 2762 ·
1718 2734 1807 2788 καὶ

1914 2707 2045 2774 ἰιηο,
2070 2717 2127 2762 ιιι
2149 2710 2335 2772 credo,
2355 2711 2520 2768 etiam
2538 2722 2659 2784 post
2681 2720 3111 2787 conceptionem.
3138 2719 3323 2790 Neque
3348 2721 3493 2776 enim

234 2813 464 2884 δύναμιν
506 2817 761 2886 Ὑψίστου
822 2819 1159 2883 ἐπισκιάζειν
1210 2821 1380 2893 αὑτῇ,
1417 2825 1509 2876 καί
1564 2824 1706 2894 ἔχειν
1753 2827 1807 2878 ὲν

1920 2798 2156 2855 arbitror
2181 2799 2248 2854 ad
2283 2812 2498 2871 tempus
2544 2803 2600 2857 in
2632 2803 2852 2875 Virgine
2907 2805 3107 2862 factum
3160 2809 3295 2864 illud
3343 2826 3488 2870 esse.

234 2906 402 2958 παντὶ
432 2906 610 2977 χρόνῳ
643 2907 722 2977 τῷ
755 2909 895 2961 κατὰ
933 2909 1032 2978 τὴν
1068 2889 1352 2980 σύλληψιν,
1392 2889 1728 2967 πεπίστευκα
1753 2914 1807 2968 δὲ

1912 2889 2005 2944 sed
2038 2892 2182 2971 omni
2213 2899 2471 2963 tempore,
2503 2902 2558 2949 et
2600 2904 2737 2962 tum,
2773 2905 2826 2952 et
2850 2896 2986 2967 jam,
3014 2899 3137 2953 etin
3171 2910 3490 2970 perpetuum

1912 2977 2069 3004 hui...“
2109 2977 2262 3004 "Lm-..
2303 2982 2706 3004 ...ι---...ι.--...Αμ
2765 2987 2856 3004 νοι-
2934 2988 2945 2999 ο
2985 2996 2997 3004 .
3049 2996 3062 3004 .
3200 2989 3292 3004 ι.-.
3363 2993 3373 3003 .
3440 2993 3452 3004 .

231 2994 318 3048 ἂι
349 2971 619 3066 καί-μετά
659 2971 757 3068 την
807 2971 1083 3070 σύλληψιν.
1119 2971 1385 3073 Οὐδὲ-γάρ
1418 3004 1552 3074 πρὸς
1595 3006 1805 3076 καιρὸν,

1912 2977 2075 3033 habet
2109 2977 2266 3050 Virgo
2299 2982 2714 3040 obumbrantem
2755 2987 2859 3042 sibi
2899 2988 3155 3068 virtutem
3187 2989 3478 3056 Altissimi,

228 3085 310 3149 ὡς
342 3087 624 3158 πείθομαι,
658 3091 814 3144 τοῦτο
852 3092 1069 3160 ἐγένετο
1114 3095 1172 3147 ὲν
1199 3097 1265 3164 τῇ
1308 3095 1586 3167 Παρθένῳ,
1617 3097 1728 3151 ἀλλ’
1751 3101 1808 3152 ἐν

232 3178 399 3230 παντὶ
424 3178 623 3248 καιρῷ,
655 3180 749 3232 καὶ
781 3181 920 3244 τότε,
964 3183 1054 3235 καὶ
1081 3183 1192 3247 νῦν,
1225 3185 1317 3236 καὶ
1351 3187 1430 3249 είς
1466 3184 1525 3237 τὸ
1559 3186 1805 3259 διηνεκὲς

230 3269 660 3332 ὲπισκιάζουσαν
685 3272 821 3342 αὐτῇ
844 3272 1041 3342 ἔχουσα
1065 3274 1162 3345 τὴν
1188 3275 1414 3346 δύναμιν
1435 3277 1527 3329 τοῦ
1553 3279 1804 3347 Ὑψίστου

230 3359 267 3428 ἡ
305 3359 606 3430 Παρθένος,
639 3363 732 3414 καὶ
755 3362 850 3432 τὴν
883 3364 1162 3418 ὲπέλευσιν
1189 3366 1280 3419 τοῦ
1305 3369 1461 3434 ἁγίου
1496 3370 1807 3440 Πνεύματος

230 3451 608 3524 ἐπερχομένην
648 3454 820 3526 αὑτῇ’
871 3457 957 3509 ’ίνα
1000 3461 1412 3531 κεχαριτωμένη
1450 3463 1605 3534 μένῃ.
1649 3463 1806 3517 Οὕτω

228 3555 338 3625 γὰρ
392 3555 751 3626 διανοούμεθα
805 3559 930 3628 περὶ
967 3561 1178 3612 τούτου·
1219 3559 1397 3614 Ἦσαν
1447 3564 1582 3633 αὐτῇ
1631 3564 1806 3618 πάντα

224 3647 646 3717 κεχαριτωμένα
674 3647 760 3700 διὰ
794 3648 888 3700 τοῦ
931 3650 1250 3721 Πνεύματος
1281 3655 1374 3706 καὶ
1401 3654 1498 3724 τῆς
1529 3655 1623 3708 τοῦ
1655 3656 1805 3724 Ὑψί-

228 3751 356 3789 στου
383 3737 704 3806 δυνάμεως’
737 3739 826 3790 καὶ
864 3741 980 3810 οὑχ,
1017 3742 1092 3805 ὡς
1133 3744 1181 3794 οἱ
1216 3745 1478 3814 αίρετικοί
1507 3764 1688 3814 φασιν,
1720 3750 1801 3801 ὅτι

224 3826 474 3900 ἐνέργειά
499 3846 585 3891 τις
610 3829 759 3899 παρὰ
788 3831 881 3884 τοῦ
907 3833 1042 3884 Πνεύ
1053 3851 1216 3902 ματος
1242 3835 1456 3903 ἐγένετο
1486 3840 1541 3889 ὲν
1564 3842 1628 3909 τῇ
1654 3843 1802 3911 Παρ-

223 3918 382 3992 θένῳ,
409 3921 503 3975 τοῦ
538 3921 859 3991 τελεσθῆναι
896 3924 993 3995 τὴν
1042 3921 1335 3996 σὲρκωσιν.
1369 3929 1487 3982 Κᾶν
1532 3931 1639 4003 γὰρ
1673 3933 1800 3987 ἄνευ

229 4015 456 4084 σπορᾶς,
477 4014 578 4082 οὑχ
613 4011 755 4065 οὕτω
781 4015 979 4083 φαμὲν,
1004 4015 1083 4068 ὅτι
1108 4016 1248 4070 κατὰ
1281 4019 1377 4090 τὴν
1405 4021 1667 4092 διαίρεσιν
1692 4024 1798 4078 τῶν

223 4106 582 4175 χαρισμάτων
616 4104 711 4156 τοῦ
759 4106 1072 4176 Πνεύματος
1101 4109 1430 4180 διαιροῦντος
1463 4112 1586 4183 ἰδίᾳ,
1619 4113 1800 4178 καθὼς

221 4195 493 4265 βούλεται,
525 4196 827 4267 διεπλάσθη
863 4199 1020 4269 σὰρξ,
1054 4202 1202 4271 παρὰ
1230 4201 1329 4274 τὴν
1362 4205 1658 4260 ὑπόστασιν
1697 4208 1798 4280 τὴν

208 4298 588 4364 ὲξιδιάζουσαν
626 4299 720 4353 τοῦ
767 4301 894 4355 Υἰοῦ
923 4301 1014 4354 τοῦ
1063 4302 1217 4367 Θεοῦ,
1271 4304 1344 4375 μὴ
1377 4305 1613 4373 γένοιτοί
1647 4310 1803 4364 τοῦτο

206 4391 326 4462 γὰρ
359 4395 418 4445 τὸ
448 4393 594 4446 οὕτω
633 4397 847 4464 φρονεῖν
889 4395 1103 4448 Παύλου
1144 4395 1236 4450 τοῦ
1270 4399 1624 4469 Σαμοσατέως
1659 4403 1795 4466 ἐστὶ,

202 4484 308 4536 καὶ
334 4484 445 4536 τῶν
470 4484 675 4536 λοιπῶν
711 4485 1000 4554 αίρετικῶν
1019 4503 1032 4517 ⁸
1073 4487 1186 4540 ἀλλ’
1214 4487 1355 4542 οὕτω
1385 4489 1614 4562 λέγομεν
1648 4493 1790 4546 κατὰ

199 4574 307 4646 τὴν
337 4575 454 4627 τῶν
507 4575 806 4646 όρθοδόξων
853 4576 1136 4646 δογμάτων
1164 4577 1460 4650 ὀρθότητα,
1505 4584 1586 4636 ὃτι
1628 4583 1789 4637 δυνά-

202 4684 358 4738 μεως
410 4667 507 4720 και
558 4666 876 4737 Πνεῦματος
930 4667 1172 4740 ἐπλήσθη
1230 4673 1263 4741 ή
1311 4672 1598 4743 Παρθένος.
1645 4677 1788 4747 Πρὸς

189 4759 482 4830 ἀγιασμόν
525 4759 708 4829 μέντοι
758 4761 854 4831 τῆς
905 4762 1104 4832 σαρκὸς
1155 4763 1362 4833 αὐτῆς,
1399 4767 1492 4819 καὶ
1541 4767 1677 4838 πρὸς
1726 4769 1787 4822 τὸ

184 4852 465 4906 δύνασθαι
493 4853 679 4922 φέρειν
706 4852 765 4904 τὺ
787 4855 1046 4925 σωτήριον
1063 4853 1270 4926 κύημα,
1295 4857 1464 4920 οὕτως
1483 4859 1788 4924 ἀκολούθως

180 4945 338 5015 αὑτῇ
373 4947 406 5011 ἡ
445 4945 564 4997 θεία
596 4945 691 4997 τοῦ
721 4945 896 5012 Λόγου
936 4946 1252 5012 ὑπόστασις,
1298 4949 1683 5022 ὲνσκηνώσασα
1723 4957 1780 5008 ἐν

176 5041 362 5109 αὐτῇ,
388 5037 684 5110 ὲσαρκώθη
715 5041 809 5092 καὶ
840 5039 1260 5111 ἐνηνθρώπησεν
1281 5061 1294 5072 ·
1333 5045 1392 5096 οὐ
1423 5043 1648 5115 δυνάμει
1686 5047 1780 5100 καὶ

176 5131 475 5200 ἐνεργείᾳ,
505 5129 622 5183 ἀλλ’
659 5132 971 5197 ὑποστάσει,
1007 5131 1126 5185 καθ’
1150 5133 1270 5187 ὅλον
1291 5135 1352 5187 τὸ
1381 5135 1654 5208 πλήρωμα
1681 5122 1780 5208 τῆς

174 5242 475 5312 θεότητος,
509 5240 651 5311 αὐτὴ
684 5243 717 5312 ή
747 5241 997 5313 ἀρχίθεος
1037 5243 1129 5294 καὶ
1155 5243 1485 5314 ὑπεράρχιος
1523 5244 1614 5297 τοῦ
1650 5245 1779 5299 Υίοῦ

167 5335 286 5389 τοῦ
343 5333 484 5387 Θεοῦ
536 5335 833 5397 ὑπόστασις
885 5334 1169 5406 ἐσαρκώθη
1218 5337 1312 5389 καὶ
1365 5337 1771 5410 ὲνηνθρὼπησε.

167 5423 615 5496 Προαπεδείχθη
646 5423 774 5496 γὰρ,
803 5426 884 5477 ὅτι
917 5427 1013 5498 οὑχ
1038 5427 1350 5492 ὑπόστασις,
1374 5428 1487 5482 ἀλλ’
1518 5429 1704 5502 ὥσπερ
1739 5433 1772 5502 ἡ

160 5524 350 5580 οὐσία
370 5524 471 5577 καὶ
488 5525 523 5593 ἡ
552 5523 790 5589 ἐξουσία,
809 5525 901 5577 καὶ
923 5524 1187 5593 βασιλεία,
1213 5527 1305 5578 καὶ
1328 5527 1394 5580 τὰ
1418 5526 1550 5580 ἄλλα
1574 5527 1770 5593 πάντα,

153 5615 208 5671 ει
261 5614 408 5665 κατὰ
453 5612 734 5680 θεολογίαν
772 5613 1152 5684 προτέθειται,
1187 5616 1282 5686 οὑχ
1311 5617 1605 5682 ὑπόστασις
1643 5620 1772 5674 ἔκα-

205 5707 268 5738 ιῖ
316 5705 459 5760 Luc.
499 5720 631 5757 xxrv
659 5745 672 5766 ,
708 5704 798 5758 49.

254 5798 427 5869 (43")
468 5796 650 5866 Vulg.,
676 5795 936 5866 δηλονότι.
972 5796 1127 5854 Eutr.

1909 3074 1963 3122 et
2014 3067 2276 3138 Spiritum
2321 3072 2374 3125 in
2434 3088 2493 3128 se
2550 3078 3058 3147 supervenientem;
3113 3080 3374 3136 nimirum
3429 3090 3490 3136 ut

1908 3159 2083 3227 gratia
2141 3162 2300 3230 plena
2353 3174 2590 3220 maneat.
2654 3164 2769 3222 Hoc
2808 3169 2952 3223 enim
3012 3180 3172 3240 pacto
3215 3187 3278 3226 ea
3318 3171 3386 3227 de
3430 3188 3489 3227 re

1909 3248 2216 3317 cogitamus
2249 3270 2261 3305 :
2294 3251 2465 3307 Erant
2488 3256 2536 3309 ei
2579 3259 2761 3312 omnia
2800 3261 2975 3329 gratia
3008 3262 3165 3332 plena
3223 3278 3320 3333 per
3365 3261 3488 3336 Spi-

1907 3340 2075 3396 ritum
2147 3352 2423 3411 sanctum,
2471 3356 2524 3402 et
2571 3365 2669 3419 per
2727 3353 2985 3408 virtutem
3040 3355 3332 3411 Altissimi.
3382 3357 3486 3413 Ne-

1907 3447 2038 3500 que,
2095 3442 2153 3487 ut
2213 3437 2367 3490 aiunt
2423 3439 2686 3506 haeretici,
2719 3444 2901 3514 aliqua
2945 3446 3242 3518 ἐνέργειαιι
3278 3447 3484 3519 Spiritu

1911 3533 2102 3579 sancto
2129 3525 2273 3580 facta
2302 3537 2387 3582 est
2415 3529 2468 3583 in
2500 3530 2744 3601 Virgine,
2779 3542 2840 3588 ut
2861 3596 2868 3603 ,
2893 3538 3260 3607 compleretur
3302 3539 3484 3595 incar-

1906 3616 2074 3670 natio.
2098 3615 2214 3671 Etsi
2239 3619 2383 3673 enim
2410 3621 2615 3690 absque
2634 3624 2862 3688 semine,
2888 3641 2996 3680 non
3019 3629 3253 3686 dicimus
3278 3639 3479 3695 tamen,

1905 3721 2002 3777 per
2025 3708 2345 3764 divisionem
2364 3713 2656 3780 gratiarum
2690 3715 2926 3785 Spiritus
2943 3719 3234 3774 dividentis
3252 3724 3479 3792 singulis

1905 3807 2066 3864 prout
2088 3799 2220 3863 vult,
2247 3798 2580 3856 eil‘ormatam
2608 3803 2776 3860 fuisse
2795 3821 3015 3863 carnem
3038 3810 3182 3864 circa
3202 3813 3476 3882 propriam

1903 3884 2022 3941 Filii
2045 3887 2141 3944 Dei
2169 3890 2505 3962 hypostasin,
2527 3894 2698 3951 absit!
2727 3896 3006 3967 Ejusmodi
3026 3903 3167 3956 enim
3185 3905 3473 3968 sententia.

1902 3975 2054 4032 Pauli
2089 3977 2422 4037 Samosateni
2461 3992 2515 4039 et
2561 3987 2891 4058 reliquorum
2930 3991 3304 4046 haereticorum
3358 4003 3472 4062 est;

1901 4068 1996 4124 sed
2044 4072 2119 4125 ita
2163 4073 2396 4130 dicimus
2444 4079 2746 4134 secundum
2787 4083 3212 4139 orthodoxorum
3261 4085 3475 4157 dogma-

1902 4171 2019 4217 tum
2043 4166 2331 4234 puritatem
2351 4189 2363 4223 :
2382 4169 2535 4236 Quod
2554 4173 2752 4229 virtute
2767 4182 2820 4229 et
2840 4174 3043 4246 Spiritu
3063 4188 3254 4234 sancto
3272 4182 3472 4251 repleta

1912 4255 1982 4310 sit
1999 4253 2184 4327 Virgo,
2205 4275 2326 4314 cum
2346 4262 2410 4314 ad
2436 4265 2917 4323 sanctiﬁcationem
2938 4271 3119 4326 carnis
3137 4289 3267 4338 suae,
3288 4284 3396 4329 tum
3413 4284 3473 4331 ut

1905 4356 2089 4416 posset
2106 4359 2319 4418 gestare
2341 4354 2633 4410 salutarem
2657 4357 2845 4414 fetum.
2870 4359 2981 4416 Hoc
3003 4371 3160 4430 pacto
3177 4359 3336 4436 igitur
3353 4368 3470 4438 ipsa

1897 4436 2080 4492 divina
2104 4439 2263 4495 Verbi
2290 4443 2618 4514 hypostasis,
2639 4448 2917 4521 inVirgine
2941 4453 3271 4523 inhabitans,
3296 4436 3469 4514 incar-

1895 4536 2020 4582 nata
2036 4539 2117 4584 est
2130 4539 2182 4585 et
2198 4531 2584 4591 humanitatem
2600 4543 2926 4610 assumpsit:
2948 4558 3054 4598 non
3068 4547 3268 4602 virtute
3279 4555 3330 4602 et
3346 4564 3468 4618 ope-

1896 4622 2131 4686 ratione,
2147 4625 2240 4678 sed
2259 4625 2559 4696 hypostasi,
2575 4633 2874 4686 secundum
2890 4641 3056 4688 totam
3077 4637 3465 4704 plenitudinem

1898 4710 2354 4787 Divinitatis,ipsa
2372 4737 2491 4790 quae
2505 4723 2571 4776 ab
2588 4723 2747 4777 initio
2764 4733 2816 4778 et
2835 4727 2971 4779 ultra
2993 4727 3204 4781 initium
3224 4729 3365 4784 Deus
3380 4740 3464 4785 est

1896 4805 2017 4860 Filii
2037 4807 2130 4863 Dei
2149 4808 2479 4880 hypostasis,
2500 4813 2780 4868 incarnata
2804 4824 2886 4870 est
2905 4824 2956 4871 et
2973 4817 3364 4874 humanitatem
3382 4835 3463 4877 as-

1897 4899 2148 4967 sumpsit.
2185 4897 2445 4969 Superius
2481 4905 2621 4957 enim
2657 4907 2939 4974 probatum
2973 4907 3091 4970 fuit,
3134 4909 3278 4978 quod
3317 4911 3461 4965 sicut

1881 4988 2207 5056 substantia,
2216 4995 2532 5060 potentia,et
2549 5009 2770 5064 regnum
2785 5005 2836 5050 et
2849 4997 2951 5050 alia
2967 4998 3295 5069 omnia,qua:
3302 4998 3458 5070 juxta

1883 5077 2210 5150 theologiam
2235 5081 2320 5136 his
2354 5083 2648 5152 adduntur,
2672 5088 2885 5157 singula
2917 5088 3050 5151 haec,
3076 5089 3318 5160 inquam,
3340 5108 3452 5148 non

1882 5167 2196 5240 hypostasis
2226 5173 2506 5242 dicuntur,
2525 5178 2618 5233 sed
2637 5180 2780 5234 circa
2807 5180 3123 5250 hypostasin
3146 5185 3450 5240 secundum

1883 5263 2243 5333 substantiam
2259 5269 2542 5336 speciatim
2559 5269 3009 5342 interpretantur;
3028 5274 3108 5329 sic
3131 5276 3376 5347 operatio
3397 5289 3451 5334 et

1881 5353 2059 5409 virtus
2079 5356 2226 5410 circa
2246 5358 2566 5430 hypostasin
2590 5362 3023 5420 substantialiter
3044 5365 3378 5434 referuntur,
3393 5379 3450 5426 ct

1881 5445 1936 5500 in
1976 5461 2266 5506 commune
2305 5451 2523 5521 quidem
2566 5452 2633 5508 ad
2663 5470 3105 5530 unamquamque
3135 5470 3447 5517 sanctarum

1877 5537 2043 5594 trium
2065 5540 2368 5597 divinarum
2387 5543 2783 5615 hypostasium,
2808 5549 3021 5618 proprie
3045 5549 3174 5606 item
3197 5550 3264 5608 ad
3281 5565 3445 5607 unam

1878 5627 2003 5687 Filii
2024 5632 2140 5701 Dei,
2161 5634 2500 5692 incarnatam
2521 5645 2575 5695 et
2600 5637 2873 5696 hominem
2898 5640 3116 5700 factam.
