4022 6382
569 391 665 446 931

1721 377 1780 432 S.
1820 374 2275 431 ATHANASIUS.
2317 405 2388 416 —-
2427 375 2694 432 SPURIA.

3691 374 3784 423 93?.

569 524 692 563 στον
723 506 967 575 λέγεται,
1008 502 1140 556 ἀλλὰ
1172 502 1298 572 περὶ
1341 499 1437 570 τὴν
1478 497 1773 552 ὑπόστασιν
1805 498 1924 550 κατ’
1961 495 2149 550 οὐσίαν
2189 495 2295 565 ἰδίᾳ
2348 494 2842 565 διερμηνευόμενα⁶
2889 489 3066 552 οὕτως
3133 489 3226 542 καὶ
3265 489 3298 557 ἡ
3345 486 3602 557 ἐνέργεια
3646 486 3782 547 ιαἰή

563 600 788 670 δύναμις
831 598 955 665 περὶ
981 595 1077 665 τὴν
1125 593 1417 646 ὑπόστασιν
1450 590 1720 652 ούσιωδῶς
1759 589 2117 659 ἀναφέρεται·
2156 587 2250 639 καὶ
2293 585 2486 647 κοινῶς
2523 585 2620 654 μὲν
2646 585 2726 650 ἐφ’
2753 581 2985 652 ἑκάστης
3013 580 3122 633 τῶν
3160 578 3328 645 ἁγίων
3401 575 3568 646 τριῶν
3635 577 3785 644 θεαρ-

563 693 730 764 χικῶν
751 689 1121 752 ύποστάσεων,
1153 687 1303 750 ἰδίως
1331 687 1388 739 δέ
1412 687 1504 738 καὶ
1537 687 1622 738 ἐπ’
1655 685 1820 756 αὐτὴν
1860 685 1957 756 τὴν
1997 685 2123 754 μίαν
2159 681 2250 735 τοῦ
2281 681 2410 733 Υίοῦ
2439 679 2531 732 τοῦ
2569 677 2703 730 Θεοῦ
2747 675 3122 747 σαρκωθείσαν
3148 674 3241 726 καὶ
3269 670 3781 742 ἐνανθρωπήσασαν.

632 789 719 842 10.
753 785 1071 855 Supervenit
1105 784 1270 852 igitur
1302 779 1537 851 Spiritus
1582 791 1806 836 sanctus
1853 781 1908 834 in
1936 779 2115 849 Virgi-

2292 777 2378 830 10.
2422 773 2652 844 Ἐπῆλθε
2691 773 2869 824 τοίνυν
2907 769 2966 822 τὸ
2993 767 3218 838 Πνεῦμα
3263 767 3324 820 τὸ
3365 767 3518 834 ἅγιον
3555 766 3647 817 ἐπὶ
3695 764 3786 834 τὴν

560 894 684 933 nem
711 887 763 932 et
793 875 1154 931 sanctificavit
1192 875 1362 938 illam,
1397 882 1455 927 ut
1493 874 1547 927 in
1604 873 1834 928 Psalmis
1890 874 1963 927 ait
1994 871 2119 939 Spi-

558 971 698 1023 ritus
729 986 741 1022 :
780 987 797 1018 ι
833 967 1207 1021 Sanctiﬁcavit
1261 967 1675 1020 tabernaculum
1711 981 1870 1020 suum
1906 965 2123 1020 Altissi-

556 1076 678 1116 mus
708 1061 774 1125 δ’,
801 1080 819 1112 ι
841 1067 894 1114 et
917 1059 1264 1114 obumbravit
1282 1059 1456 1114 virtus
1481 1059 1741 1114 Altissimi
1760 1058 2122 1113 corroborans

553 1169 696 1220 eam,
726 1161 780 1206 et
825 1153 1021 1206 divinae
1065 1153 1271 1207 umbrat
1325 1153 1696 1207 ostensionem
1741 1151 2021 1216 inducens,
2067 1160 2124 1204 ut

553 1242 683 1296 hinc
717 1242 968 1296 instituta
997 1242 1183 1298 videre
1210 1250 1413 1312 posset,
1437 1250 1700 1312 quantum
1738 1242 1942 1296 scilicet
1970 1248 2121 1309 pote-

551 1343 638 1386 rat
664 1333 866 1396 videre,
899 1332 1068 1387 Deum
1097 1333 1282 1388 formae
1303 1345 1576 1403 expertem
1609 1334 1664 1387 in
1694 1335 1806 1402 ipsa
1831 1340 2118 1404 gestatum.

551 1423 737 1494 Neque
765 1424 910 1478 enim
940 1424 1330 1494 suspicandum
1361 1431 1446 1479 est
1508 1423 1782 1494 Virginem
1822 1423 2120 1479 secundum

553 1516 862 1586 simplicem
906 1523 1118 1570 naturae
1160 1517 1546 1588 proprietatem
1583 1515 1749 1572 Deum
1792 1515 1845 1568 in
1879 1530 1937 1570 se
1970 1513 2122 1568 habi-

551 1615 758 1662 tantem
787 1607 972 1663 videre
1006 1607 1248 1676 potuisse
1305 1610 1323 1678 (
1349 1621 1471 1660 cum
1495 1623 1562 1662 ne
1593 1609 1709 1676 ipsa
1761 1607 1975 1676 quidem
2004 1605 2121 1659 ani-

552 1702 736 1765 malis,
768 1700 1048 1755 rationalis
1081 1708 1134 1755 et
1170 1699 1471 1770 spiritualis
1511 1699 1814 1753 incarnatio
1849 1698 1901 1752 id
1937 1699 2120 1754 videre

554 1793 815 1863 potuerit)
841 1809 856 1858 ;
882 1791 976 1846 sed
1007 1806 1106 1860 pro
1134 1791 1366 1855 viribus,
1406 1789 1974 1866 utpotqobumhrante
2003 1789 2119 1858 ipsa

556 1885 819 1940 Altissimi
853 1885 1072 1949 virtute,
1103 1891 1157 1938 et
1182 1883 1337 1953 quasi
1386 1883 1634 1938 umbram
1672 1881 1922 1945 faciente,
1950 1890 2009 1936 ut
2039 1885 2120 1936 vi-

556 1977 727 2041 deret,
762 1985 1029 2047 quatenus
1079 1983 1308 2046 poterat,
1365 1975 1755 2029 inhabitantem
1812 1973 2000 2029 Deum.
2054 1971 2120 2026 Et

557 2067 1010 2137 quemadmodum
1050 2082 1151 2121 nos
1185 2067 1446 2121 habentes
1471 2066 1708 2120 animam
1743 2066 1797 2120 in
1830 2080 1993 2120 carne
2022 2080 2119 2121 no-

554 2170 674 2216 stra
705 2161 1116 2224 inhabitantem,
1151 2175 1270 2214 eam
1293 2167 1352 2214 ut
1382 2160 1438 2214 in
1481 2175 1540 2214 se
1575 2167 1660 2216 est
1692 2174 1802 2214 non
1831 2174 2122 2230 possumus

552 2254 758 2316 videre,
789 2253 880 2307 sed
907 2253 1059 2322 quasi
1085 2252 1310 2306 umbras
1335 2250 1596 2322 quasdam
1627 2259 1682 2307 et
1713 2250 1918 2306 formas
1945 2265 1975 2304 a
2000 2250 2125 2305 viri-

552 2343 656 2399 bus
678 2351 732 2398 et
753 2343 1165 2412 operationibus
1194 2342 1314 2412 ejus
1337 2358 1353 2407 ;
1373 2341 1478 2396 tale
1507 2342 1763 2411 quiddam
1792 2349 1908 2396 tum
1933 2340 2122 2413 Virgo,

551 2444 669 2489 tum
705 2435 821 2505 i'psa
861 2435 1144 2490 rationalis
1181 2442 1235 2489 et
1266 2434 1573 2504 intelligens
1607 2435 1785 2487 anima
1810 2434 1995 2489 videre
2028 2449 2126 2503 po.

552 2526 679 2588 tuit,
700 2525 919 2594 jamque
940 2532 1118 2594 potest
1147 2539 1244 2594 per
1271 2524 1502 2578 traditas
1527 2523 1628 2579 sibi
1659 2524 1944 2581 facultates
1963 2526 2126 2599 3&0

552 2625 718 2686 atque
753 2617 917 2671 vires.
950 2616 1458 2685 Atque-secundum
1484 2615 1622 2670 hanc
1649 2617 1912 2672 rationem
1944 2623 2124 2688 pot-ius

551 2723 642 2764 res
680 2707 1060 2777 pertractanda
1088 2715 1192 2770 est,
1224 2707 1369 2777 quod
1403 2706 1596 2761 fecerit
1640 2707 1905 2764 Dominus
1953 2710 2126 2766 homi.

551 2813 698 2861 nem,
730 2807 783 2852 et
831 2797 900 2852 ad
944 2797 1234 2868 imaginem
1275 2797 1366 2852 Dei
1410 2797 1598 2852 fecerit
1638 2798 1838 2867 ipsum.
1868 2799 2004 2854 Nam
2053 2801 2122 2856 ad

551 2887 842 2959 imaginem
876 2896 930 2944 et
974 2888 1384 2944 similitudinem
1432 2888 1744 2958 hujusmodi
1792 2892 2124 2948 incarnatio-

550 2982 640 3035 nis
671 2988 724 3034 et
747 2988 1040 3050 assumpta:
1064 2980 1420 3036 humanitatis
1456 2979 1584 3036 fecit
1617 2980 1757 3038 Deus
1806 2983 2118 3054 hominem;

553 3082 614 3127 ut
647 3073 700 3126 in
729 3088 786 3128 se
818 3083 1038 3143 gestans
1071 3074 1216 3128 illam
1265 3073 1557 3144 imaginem
1607 3083 1661 3129 et
1688 3075 2116 3140 similitudinem,

553 3179 625 3219 ne
659 3165 932 3219 dubitaret
959 3165 1026 3220 de
1062 3165 1329 3233 ejusmodi
1359 3167 1734 3222 incarnatione
1763 3177 1814 3223 et
1842 3178 2120 3240 assumpta

556 3255 894 3312 humanitate
918 3274 933 3323 ;
959 3255 1410 3322 lncarnationcm,
1435 3258 1680 3328 inquam,
1710 3267 1762 3313 et
1789 3269 2119 3330 assumptam

555 3347 976 3412 humanitatem,
1010 3364 1132 3403 nam
1161 3365 1277 3404 eam
1310 3364 1418 3404 una
1469 3350 1672 3420 duplici
1724 3367 1854 3406 voce
1893 3353 2124 3422 appella-

555 3454 701 3504 mus,
752 3455 854 3494 nec
918 3441 1094 3496 solum
1140 3441 1570 3497 incarnationem
1617 3441 1991 3512 praedicamus,
2029 3442 2121 3497 sed

553 3535 715 3588 etiam
740 3543 1076 3604 assumptam
1112 3533 1534 3602 humanitatem;
1558 3550 1627 3590 ne
1650 3535 1825 3604 impiis
1854 3535 2122 3590 haereticis

554 3625 808 3679 videatur
836 3640 937 3680 nos
963 3633 1140 3680 mente
1169 3633 1224 3681 et
1268 3627 1480 3682 ratione
1509 3635 1782 3681 carentem
1833 3627 2125 3696 praedicare

560 3716 1026 3780 incarnationem;
1060 3716 1155 3771 sed
1191 3716 1423 3772 dicendo
1469 3716 1900 3771 incarnationem
1943 3725 1997 3770 et
2036 3732 2124 3772 as-

570 3817 842 3878 sumptam
877 3809 1292 3873 humanitatem,
1324 3825 1426 3864 nos
1457 3817 1510 3863 et
1538 3824 1756 3864 carnem
1799 3809 2039 3872 credere,
2071 3820 2125 3865 et

559 3901 795 3954 animam
854 3899 1180 3954 rationalem
1231 3908 1285 3954 et
1337 3901 1730 3970 intelligentem
1793 3902 2118 3972 significare.

557 3996 797 4066 Ideoque
826 4010 920 4051 eos
951 3996 1043 4064 qui
1095 3996 1283 4050 dicunt
1317 4013 1479 4050 unam
1537 3996 1630 4052 Dei
1657 3996 1819 4052 Verbi
1870 4005 2122 4052 naturam

557 4089 917 4151 incarnatam,
947 4102 1120 4157 neque
1153 4089 1358 4142 addunt
1381 4089 1695 4154 animatam,
1728 4091 2044 4145 rationalem
2072 4099 2126 4146 et

558 4178 968 4247 intelligentem,
1009 4194 1114 4232 non
1142 4179 1434 4233 admodum
1472 4180 1784 4248 recipimus,
1817 4181 1923 4235 nisi
1962 4195 2128 4252 expo-

559 4277 716 4331 nant,
734 4277 788 4324 et
809 4269 1155 4340 dogmatibus
1174 4268 1431 4337 adjiciant
1451 4270 1580 4324 dicti
1608 4271 2123 4341 interpretationem.

561 4359 697 4415 Illud
727 4361 895 4424 enim,
935 4361 1086 4431 prius
1121 4361 1446 4430 simpliciter
1475 4363 1682 4417 dictum
1714 4380 1744 4418 a
1775 4364 2124 4434 quibusdam,

560 4450 906 4519 postmodum
949 4451 1003 4503 in
1052 4466 1273 4521 pravam
1320 4455 1642 4508 sententiam
1689 4456 1978 4513 deductum
2021 4466 2125 4524 est,

562 4540 831 4596 haereticis
859 4556 1044 4596 vocem
1078 4542 1224 4596 illam
1253 4543 1686 4614 depravantibus.

633 4655 722 4711 11.
777 4653 1127 4710 Sanctificata
1187 4657 1352 4726 igitur
1386 4657 1622 4728 Spiritus
1671 4663 1845 4717 sancti
1893 4663 2129 4718 adventu

561 4747 748 4819 Virgo,
799 4757 852 4802 et
897 4747 1253 4803 corroborata
1316 4749 1514 4805 virtute
1569 4745 1855 4816 Altissimi,
1906 4755 2129 4825 gravida

2222 864 2532 936 Παρθένον,
2568 862 2659 914 καὶ
2699 860 2925 932 ἡγίασεν
2967 857 3139 927 αὐτὴν
3161 897 3176 920 ,
3220 857 3294 919 ὡς
3327 856 3417 909 καί¹
3459 855 3516 907 ἐν
3547 853 3787 922 Ψαλμοῖς

2221 974 2354 1028 φησι
2400 957 2462 1008 τὸ
2512 953 2774 1023 Πνεῦμαο
2831 971 2849 1002 ι
2905 950 3202 1019 Ἠγιὰσατο
3247 951 3507 1018 σκήνωμα
3555 945 3718 999 αὐτοῦ
3760 948 3786 998 ὀ

2224 1047 2506 1116 "fdas-“cog,
2534 1065 2552 1097 ι
2580 1046 2673 1098 καὶ
2700 1043 3024 1096 ἐπεσκίασεν
3057 1045 3090 1112 ἡ
3118 1041 3342 1111 δύναμις
3377 1039 3468 1092 τοῦ
3511 1039 3784 1107 Ὑψίστου,

2221 1132 2581 1204 δυναμώσασα
2615 1132 2780 1201 αὐτὴν
2800 1171 2815 1195 ,
2850 1131 2945 1184 καὶ
2987 1131 3146 1192 σκιᾶς
3186 1129 3334 1190 θείας
3365 1129 3666 1198 ἐμφανείας
3692 1131 3786 1199 ἐμ-

2224 1227 2514 1296 ποιήσασα,
2560 1225 2646 1276 ἵνα
2680 1223 2830 1276 ἔνθεν
2861 1222 3172 1292 τυπουμένη
3211 1220 3334 1272 ἰδεῖν
3385 1219 3639 1289 δύνηται,
3675 1219 3786 1272 καθ’

2226 1315 2346 1368 ὅσον
2385 1314 2606 1367 δύναται
2646 1313 2790 1377 ἰδεῖν,
2816 1312 2906 1364 τὸν
2939 1312 2997 1363 ἐν
3034 1312 3169 1380 αὐτῇ
3197 1308 3626 1380 κυοφορούμενον
3654 1309 3787 1363 ἀνεί-

2221 1403 2339 1456 δεον
2362 1403 2512 1456 Θεόν.
2537 1402 2687 1473 Μηδὲ
2717 1402 2824 1474 γάρ
2855 1399 3214 1470 ὑποληπτέον,
3239 1401 3321 1452 ὅτι
3345 1398 3465 1452 καθ’
3494 1400 3673 1468 ἁπλῆν
3698 1399 3787 1468 τῆς

2221 1496 2436 1566 φύσεως
2487 1495 2721 1565 ἰδιότητα
2768 1495 2894 1548 ίδεῖν
2927 1494 3158 1564 ἠδύνατο
3193 1492 3281 1546 τὸν
3327 1494 3382 1544 ἐν
3420 1494 3557 1562 αὐτῇ
3602 1492 3788 1560 ἐνσκη-

2219 1588 2466 1642 νώσαντα
2499 1588 2628 1640 Θεὺν
2672 1587 3002 1658 ήΠαρθένος
3053 1585 3245 1656 (τοῦτο
3287 1583 3394 1654 γὰρ
3431 1582 3550 1636 οὔτε
3592 1583 3785 1662 αὐτὴ-ὴ

2219 1675 2480 1746 ἔμψυχος,
2529 1675 2719 1745 λογική
2750 1692 2810 1727 τε
2857 1675 2948 1728 καὶ
2981 1675 3140 1745 νοερά
3176 1674 3446 1746 σάρκωσις
3491 1673 3618 1726 ἰδεῖν
3663 1672 3785 1740 ἡδύ-

2218 1766 2420 1837 νατο)’
2477 1766 2612 1820 ἀλλά
2651 1765 2792 1819 κατά
2836 1766 2894 1818 τὸ
2950 1765 3210 1831 δυνατὸν,
3253 1765 3327 1829 ὠς
3371 1764 3788 1834 ἐπισκιαζούσης

2219 1859 2386 1928 αὐτῆς
2413 1857 2514 1928 τῆς
2555 1857 2650 1911 τοῦ
2693 1857 2946 1927 Ὑψίστου
2992 1858 3304 1928 δυνάμεως,
3353 1855 3446 1909 καὶ
3491 1851 3602 1907 οἷον
3636 1856 3787 1916 σκιὰς

2219 1947 2554 2019 ἐμποιούσης
2589 1947 2724 2019 πρὸς
2744 1947 2804 2000 τὸ
2838 1944 2963 2000 ἰδεῖν
2989 1948 3080 2002 τὸν
3105 1944 3468 2016 ἐνσκηνοῦντα
3492 1945 3646 1998 Θεόν.
3684 1944 3788 1997 Καὶ

2220 2034 2590 2109 ὥσπερ.ἡμεῖς
2625 2037 2777 2090 αὐτοὶ
2823 2036 2999 2108 ψυχὴν
3037 2035 3398 2106 ἐνσκηνοῦσαν
3432 2035 3489 2087 ἐν
3528 2037 3596 2106 τῇ
3628 2034 3786 2106 σαρκὶ

2150 2148 2194 2205 Β
2219 2127 2375 2198 ἡμῶν
2401 2127 2634 2198 ἔχοντες,
2665 2129 2764 2199 οὐχ
2790 2127 2863 2191 ὡς
2908 2128 3056 2179 ἔστιν
3086 2128 3119 2196 ὴ
3149 2125 3293 2196 ψυχὴ
3339 2126 3463 2178 ίδείν
3490 2125 3660 2196 αὐτὴν
3701 2125 3786 2177 δυ-

2227 2218 2454 2288 νάμεθα,
2485 2219 2597 2272 ἀλλ’
2639 2216 2749 2272 οἷον
2781 2218 2936 2282 σκιάς
2971 2219 3139 2288 αὐτῆς
3181 2219 3274 2270 καὶ
3296 2216 3499 2279 τύπους
3544 2216 3654 2270 ἀπὸ
3686 2215 3787 2267 τῶν

2223 2309 2505 2380 δυνάμεων
2541 2311 2709 2381 αὐτῆς
2749 2311 2841 2363 καὶ
2898 2308 3005 2362 τῶν
3054 2310 3370 2380 ἐνεργειῶν·
3405 2308 3615 2362 τοιοῦτο
3652 2308 3686 2377 ἥ
3733 2323 3788 2358 τε

2224 2399 2515 2469 Παρθένος,
2551 2401 2645 2452 καὶ
2683 2400 2820 2470 αὑτὴ
2853 2401 2885 2470 ή
2918 2399 3109 2469 λογικὴ
3143 2399 3237 2452 καὶ
3275 2399 3437 2471 νοερά
3475 2398 3623 2470 ψυχὴ
3669 2398 3788 2451 ίδεῐν

2224 2489 2473 2560 ἠδύνατο,
2497 2492 2590 2544 καὶ
2618 2490 2712 2544 νῦν
2732 2490 2788 2544 δὲ
2809 2490 3028 2543 δύναται
3062 2492 3126 2544 ἐκ
3145 2490 3253 2544 τῶν
3287 2490 3641 2561 ἐνδιδομένων
3656 2491 3785 2558 αὐτῇ

2225 2582 2500 2652 δυνάμεων
2547 2582 2641 2636 καὶ
2682 2582 2987 2652 ἐνεργειῶν.
3035 2583 3143 2636 Καὶ
3196 2584 3336 2635 κατὰ
3373 2583 3564 2636 τοῦτον
3597 2581 3784 2651 μᾶλλον

2225 2672 2476 2740 ἀναλογεῖ
2522 2671 2676 2739 λόγον
2698 2710 2713 2735 ,
2739 2672 2819 2724 ὅτι
2850 2671 3103 2739 ἐποίησεν
3135 2671 3163 2722 ὁ
3192 2670 3322 2733 Θεὸς
3356 2671 3447 2723 τὸν
3485 2668 3785 2739 ἄνθρωπον,

2226 2764 2318 2816 καὶ
2351 2764 2470 2815 κατ’
2503 2762 2686 2814 είκόνα
2733 2761 2867 2814 Θεοῦ
2917 2761 3168 2831 ἐποίησεν
3209 2760 3387 2812 αὐτόν.
3437 2761 3574 2814 Κατ’
3616 2758 3789 2811 εἰκόνα

2225 2852 2333 2922 γάρ
2359 2853 2450 2904 καὶ
2475 2851 2733 2921 ὁμοίωσιν
2759 2851 2854 2920 τῆς
2883 2849 3136 2920 τοιαύτης
3172 2850 3496 2920 σαρκώσεως
3526 2851 3619 2902 καὶ
3646 2851 3788 2902 ἐναν-

2227 2943 2560 3016 θρωπήσεως
2602 2943 2851 3012 ἐποίησεν
2887 2945 2914 2996 ὁ
2951 2943 3080 3006 Θεὸς
3121 2943 3210 2996 τὸν
3255 2942 3568 3014 ἄνθρωπον·
3600 2943 3702 3003 ἵνα,
3733 2942 3787 2991 ἐν

2226 3033 2373 3104 αύτῷ
2411 3034 2590 3104 φέρων
2612 3032 2672 3084 τὸ
2710 3034 2828 3085 κατ’
2870 3031 3051 3084 εἰκόνα
3082 3033 3174 3085 καὶ
3217 3033 3494 3101 ὁμοίωσιν,
3526 3030 3601 3102 μὴ
3631 3032 3788 3100 ἀμφί-

2224 3124 2377 3177 ϐολον
2416 3125 2514 3196 ἔχῃ
2549 3124 2614 3176 τὰ
2640 3125 2732 3177 ἐπὶ
2759 3124 2856 3194 τῆς
2884 3123 3136 3194 τοιαύτης
3166 3122 3492 3194 σαρκώσεως
3523 3124 3617 3176 καὶ
3646 3125 3788 3175 ἐναν-

2225 3215 2562 3287 θρωπήσεως
2588 3232 2600 3245 ο
2640 3215 2964 3284 σαρκώσεως
3008 3215 3115 3286 γὰρ
3161 3215 3256 3268 καὶ
3297 3214 3785 3286 ἐνανθρωπήσεως·

2224 3309 2315 3360 καί
2355 3324 2418 3376 γε
2461 3308 2555 3360 καὶ
2612 3306 2973 3377 συνεκφράσει
3014 3308 3384 3378 προσηγορίαν
3431 3307 3786 3378 κηρύττομεν,

2225 3401 2318 3452 καὶ
2363 3399 2423 3451 ού
2473 3400 2631 3469 μόνον
2672 3399 2942 3471 σάρκωσιν
2994 3400 3427 3469 καταγγέλλομεν
3453 3439 3468 3463 ,
3521 3398 3656 3451 ἀλλὰ
3705 3398 3791 3450 καὶ

2150 3515 2192 3572 C
2225 3491 2660 3564 évaveptbrmatv'
2712 3493 2797 3544 ἵνα
2844 3493 2916 3562 μὴ
2963 3492 3090 3562 δοκῇ
3133 3494 3244 3554 τοῖς
3284 3491 3464 3553 ἀθέοις
3508 3491 3790 3560 αἱρετικοῖς

2226 3583 2432 3652 ἄψυχον
2475 3585 2569 3636 καὶ
2599 3584 2757 3636 ἄνουν
2788 3584 2880 3635 καὶ
2928 3583 3117 3651 ἄλογον
3153 3584 3425 3652 σάρκωσιν
3454 3581 3790 3651 δογματίζειν

2225 3675 2392 3744 ἡμᾶς,
2428 3673 2563 3726 ἀλλά
2602 3673 2690 3726 διὰ
2729 3674 2818 3726 τοῦ
2866 3673 3042 3741 λέγειν
3087 3673 3357 3744 σάρκωσιν
3401 3674 3496 3726 καὶ
3528 3670 3790 3742 ἐνανθρὼ-

2227 3783 2410 3835 πησιν,
2454 3767 2552 3836 τήν
2591 3782 2649 3818 τε
2687 3767 2860 3836 σάρκα
2898 3765 3167 3816 πιστεύειν
3203 3766 3369 3834 ἡμᾶς,
3403 3766 3506 3834 τήν
3535 3781 3595 3816 τε
3623 3763 3790 3832 ψυχὴν

2225 3856 2446 3926 λογικήν
2478 3874 2536 3909 τε
2566 3856 2656 3909 καὶ
2683 3856 2872 3927 νοεράν
2898 3857 3369 3926 διασημαίνοντας.
3419 3857 3513 3908 Διὸ
3547 3857 3640 3909 καὶ
3674 3857 3791 3915 τοὺς

2225 3944 2480 4013 λέγοντας
2516 3945 2644 4015 μίαν
2679 3944 2838 4014 φύσιν
2859 3943 2952 3996 τοῦ
2987 3944 3119 3995 Θεοῦ
3149 3943 3322 4011 Λόγου
3351 3943 3790 4014 σεσαρκωμένην,

2227 4039 2320 4091 καὶ
2368 4039 2440 4108 μὴ
2483 4038 2836 4107 ἐπιφέροντας
2878 4035 3268 4106 ἐψυχωμένην,
3315 4035 3543 4106 λογικήν
3599 4051 3655 4086 τε
3703 4031 3793 4084 καὶ

2227 4131 2446 4202 νοερᾶν,
2486 4131 2545 4182 οὑ
2593 4131 2730 4184 πάνυ
2775 4129 3182 4198 ἀποδεχόμεθα,
3233 4127 3370 4199 πλὴν
3418 4127 3792 4196 ἐπιλυομένους

2228 4223 2323 4275 καὶ
2360 4223 2417 4275 ἐν
2446 4221 2708 4291 δόγμασιν
2743 4220 3090 4284 ἀνατιθέντας
3119 4220 3220 4290 τὴν
3253 4221 3550 4290 ἑρμηνείαν
3579 4219 3673 4288 τῆς
3701 4217 3793 4287 ρή-

2231 4330 2387 4376 σεως·
2435 4315 2507 4365 Τὸ
2554 4312 2660 4384 γὰρ
2709 4315 2800 4366 καὶ
2857 4311 3045 4383 πρώην
3096 4311 3386 4374 ἀπλάστως
3438 4311 3642 4383 ἐρρήθη
3694 4305 3794 4360 ὑπό

2227 4418 2408 4466 τινων,
2459 4400 2573 4454 ἀλλ’
2615 4401 2998 4470 ἐκακουργήθη
3057 4399 3304 4470 ὕστερον,
3355 4397 3793 4470 πονηρευομένων

2230 4493 2336 4546 τῶν
2363 4493 2648 4566 αίρετικῶν
2677 4492 2817 4545 κατά
2850 4493 2948 4561 τὴν
2980 4493 3156 4562 ῥῆσιν.

2305 4672 2364 4724 Η
2381 4712 2392 4725 .
2425 4671 2768 4739 Ἀγιασθεῖσα
2791 4670 2966 4723 τοίνυν
2985 4672 3050 4740 τῇ
3069 4667 3346 4722 ἐπελεύσει
3361 4669 3454 4722 τοῦ
3472 4670 3626 4737 ἁγίου
3641 4668 3794 4722 Πνεύ-
3811 4655 3826 4672 ’

2239 4783 2400 4836 ματος
2430 4769 2462 4834 ἡ
2491 4763 2782 4834 Παρθένος,
2801 4765 2894 4817 καὶ
2921 4761 3297 4832 δυναμωθείσα
3331 4763 3395 4815 ἐκ
3422 4763 3523 4832 τῆς
3543 4760 3633 4813 τοῦ
3660 4759 3792 4826 Ὑψὶα

561 4854 688 4894 eum
723 4846 895 4908 gestat
927 4839 1020 4908 qtti
1050 4839 1347 4894 secundum
1380 4842 1655 4911 pr0priam
1681 4859 1836 4898 suam
1869 4845 2124 4916 hyposta-

2237 4874 2359 4909 στου
2393 4856 2689 4924 δυνάμεως,
2729 4854 2983 4924 κυοφορεῖ
3012 4853 3102 4905 τὸν
3141 4852 3281 4906 κατὰ
3315 4853 3414 4922 τὴν
3441 4851 3792 4918 ἐξιδιάζουσαν

564 4933 653 4988 sin
693 4930 863 4988 Filius
913 4931 1006 4988 Dei
1035 4940 1140 4996 est,
1199 4932 1500 4988 secundum
1548 4950 1712 4988 unam
1764 4937 1982 4992 deitatis
2021 4954 2133 4992 sua:

564 5032 815 5080 naturam
861 5044 874 5079 :
917 5025 1168 5095 paritque
1208 5040 1332 5081 eum
1378 5026 1722 5082 incarnatum
1756 5037 1808 5084 et
1859 5030 2130 5083 hominem

563 5117 768 5171 factum
815 5119 971 5186 juxta
1025 5117 1257 5172 duarum
1316 5125 1637 5174 nalurarum
1681 5122 2066 5191 proprietatem
2117 5141 2128 5175 :

561 5209 656 5278 qui
699 5224 765 5264 ex
808 5209 1022 5266 duobus
1054 5219 1106 5266 et
1159 5212 1215 5266 in
1265 5212 1478 5269 duobus
1531 5213 1876 5282 praedicatur,
1927 5216 2132 5284 absque

561 5301 902 5365 confusione,
931 5303 1232 5358 mutatione
1267 5311 1322 5359 et
1359 5303 1626 5360 divisione
1669 5324 1682 5359 :
1728 5322 1837 5360 non
1867 5306 2130 5360 deiferum

565 5388 862 5454 hominem,
886 5391 981 5446 sed
1025 5392 1300 5448 hominem
1335 5409 1556 5450 carnem
1589 5404 1914 5466 gestantem.
1948 5395 2133 5465 Neque

566 5477 730 5543 enim,
757 5486 815 5532 ut
841 5483 1035 5535 iterum
1054 5481 1323 5547 dicamus,
1357 5484 1461 5540 hoc
1495 5493 1657 5556 pacto
1689 5487 2000 5556 intelligunt
2029 5488 2136 5542 ha:-

567 5571 744 5632 retici,
776 5573 867 5626 sed
904 5581 1064 5641 prout
1097 5573 1302 5629 dictum
1336 5584 1440 5640 est,
1492 5579 1792 5633 secundum
1840 5579 2134 5634 efficaciam

571 5655 805 5720 Spiritus
825 5666 878 5712 et
907 5660 1123 5717 virtutis
1152 5661 1440 5732 Altissimi,
1483 5675 1698 5724 uterum
1747 5677 1991 5741 gestasse
2021 5669 2138 5726 Vir-

644 5810 686 5844 ⁸³
726 5809 867 5868 Psal.
905 5829 1028 5882 ην,
1067 5816 1118 5870 5.

2231 4947 2393 5002 αὑτοῦ
2415 4947 2709 5000 ὑπόστασιν
2733 4946 2862 4998 Υίὸν
2891 4945 2982 4998 τοῦ
3014 4944 3169 5010 Θεοῦ,
3189 4944 3329 4997 κατὰ
3355 4945 3456 5016 τὴν
3488 4946 3615 5014 μίαν
3642 4941 3792 4997 αὑτοῦ

2229 5042 2326 5108 τῆς
2348 5037 2598 5105 θεότητος
2620 5035 2778 5104 φύσιν
2794 5053 2806 5064 ·
2833 5036 2925 5088 καὶ
2944 5035 3114 5088 τίκτει
3137 5035 3324 5087 τοῦτον
3343 5035 3690 5106 σαρκωθέντα
3711 5033 3792 5084 καὶ

2231 5127 2387 5180 ἐνανθ
2395 5129 2546 5197 ρωπή
2554 5143 2720 5180 σαντα
2739 5127 2878 5180 κατά
2893 5127 2991 5198 τὴν
3002 5126 3109 5179 τῶν
3122 5127 3214 5179 δύο
3228 5120 3442 5194 φύσεων
3462 5128 3693 5196 ἰδιότητα
3709 5143 3720 5155 ·
3739 5128 3794 5175 ἐκ

2230 5220 2322 5272 δύο
2347 5220 2440 5272 καὶ
2458 5222 2515 5272 ἐν
2543 5219 2637 5272 δύο
2666 5218 3120 5290 δογματιζόμενον
3140 5218 3486 5288 ἀσυγχύτως,
3507 5219 3794 5290 ἀτρέπτως,

2233 5309 2583 5380 ἀδιαιρέτως·
2608 5311 2667 5362 οὐ
2703 5309 2960 5380 θεοφόρον
2985 5308 3287 5380 ἄνθρωπον,
3313 5309 3450 5363 ἀλλά
3478 5309 3798 5380 σαρκοφόρον

2235 5400 2386 5458 Θεόν.
2420 5400 2511 5469 Μὴ
2544 5400 2686 5469 γὰρ,
2728 5401 2802 5463 ὡς
2838 5400 2998 5454 πάλιν
3043 5401 3246 5466 εἰπεῖν,
3297 5400 3441 5454 οὕτω
3473 5401 3638 5453 ταῦτα
3679 5400 3798 5468 νοή-

2240 5503 2432 5554 σαντες
2461 5491 2509 5542 οί
2541 5491 2826 5560 αἱρετικοὶ,
2855 5490 2968 5543 ἀλλ’
2993 5484 3104 5544 οἷον
3132 5492 3367 5563 εἴρηται,
3391 5494 3512 5544 κατ’
3537 5491 3802 5560 ἐνέργειαν

2241 5583 2555 5654 Πνεύματος
2584 5583 2678 5636 καὶ
2709 5584 2988 5654 δυνάμεως
3017 5583 3268 5653 Ὑψίστου
3298 5583 3597 5654 γενομένην
3624 5581 3715 5651 τὴν
3743 5582 3804 5631 ἐν

2243 5673 2507 5746 Παρθένῳ
2539 5675 2856 5747 κυοφορίαν,
2889 5675 3146 5745 θεοφόρον
3177 5673 3465 5745 ἄνθρωπον
3508 5674 3595 5727 τὸν
3627 5669 3808 5736 ὲκ-τῆς
