3924 6510
170 426 277 480 955

1087 424 1315 481 SERMO
1360 425 1422 479 IN
1463 422 2077 480 ANNUNTIATIONEM
2125 422 2466 479 DEIPARE.

3305 429 3409 485 954

172 545 456 615 Παρθένου
479 545 865 616 ὲδογμάτισαψ
904 547 1287 619 πεφορημένην
1335 547 1484 600 Θείαν
1517 547 1743 617 δύναμιν

1852 545 2046 614 ginem,
2078 545 2456 616 Dcil'erumque
2487 544 2756 602 hominem
2779 562 2844 601 ex
2869 546 3088 618 Virgine
3107 545 3412 602 docuerunt

170 638 266 689 καὶ
303 638 584 706 ἐνέργειαν
620 636 713 690 τοῦ
746 637 1080 708 Πνεῦματος,
1105 640 1472 709 ἐνεργήσαντα
1509 639 1746 691 ἐναντίον

167 729 372 798 Φαραὼ
399 729 492 780 καὶ
524 729 737 782 πάντων
767 729 874 782 τῶν
905 730 1033 781 υἱῶν
1063 731 1275 803 Ἰσραήλ
1315 731 1448 800 (44).
1467 731 1624 783 Ὅθεν
1654 731 1747 784 καὶ

168 819 653 889 προσλαμβάνουσι
678 820 776 883 τὰς
807 821 955 892 παρὰ
989 821 1081 874 τοῦ
1104 823 1402 894 κορυφαίου
1427 823 1627 892 φωνὰς,
1651 822 1746 893 δη-

173 911 545 980 μηγοροῦντος
563 915 619 965 ἐν
649 915 768 975 ταῖς
782 912 1020 984 Πράξεσι
1048 915 1174 984 περὶ
1190 914 1445 985 Χριστοῦ,
1464 915 1555 967 καὶ
1583 913 1746 968 αὐτοῦ

173 1003 269 1071 μὲν
299 1002 480 1073 ὀρθῶς
508 1004 774 1072 λέγοντος,
798 997 942 1057 οὗτοι
981 1005 1036 1057 δὲ
1067 1004 1336 1076 στρεὸλῶς
1366 1007 1457 1058 καὶ
1499 1005 1748 1074 πονηρῶς

169 1093 634 1164 ἐκλαμϐάνοντες,
657 1095 774 1147 ἀνθ’
799 1089 874 1149 ὧν
900 1096 993 1150 καί
1025 1113 1186 1166 φησιν
1209 1096 1342 1166 (45)·
1377 1115 1396 1148 ι
1431 1095 1635 1166 Ἰησοῦν
1658 1096 1748 1151 τὸν

168 1186 278 1237 ἀπὸ
324 1185 602 1256 Ναζαρὲτ,
633 1186 692 1238 ὃν
745 1187 960 1257 ἔχρισεν
999 1191 1026 1240 6
1066 1188 1197 1251 Θεὸς
1227 1187 1502 1258 Πνεύματι
1534 1187 1690 1256 ἁγίῳ·
1723 1207 1741 1240 ι

167 1276 413 1330 τοιοῦτον
441 1278 708 1346 λέγοντες,
739 1280 820 1331 ὅτι
854 1281 911 1331 ὲν
937 1282 1132 1351 γαστρὶ
1154 1280 1252 1350 τῆς
1284 1279 1560 1350 Παρθένου
1583 1279 1748 1332 ἔπλα-

171 1383 260 1419 σεν
291 1369 321 1419 6
370 1368 505 1431 Θεὸς
555 1368 837 1440 ἄνθρωπον
882 1369 1010 1422 ἄνευ
1066 1372 1310 1441 σπορᾶς,
1362 1369 1607 1440 ἐνεργείᾳ
1651 1367 1744 1421 τοῦ

170 1458 528 1530 Πνεῦματος,
579 1462 673 1513 καὶ
728 1461 944 1533 ἔχρισεν
976 1461 1136 1515 αὐτὸν
1183 1462 1412 1532 δύναμιν
1458 1461 1744 1530 Ὑψίστου,

167 1553 243 1615 ὡς
296 1554 396 1606 καὶ
457 1554 633 1607 ἔλαιον
689 1553 1061 1622 ἀγαλλιάσεως
1113 1553 1262 1623 παρὰ
1315 1553 1440 1615 τοὺς
1493 1552 1748 1623 μετόχους

165 1644 362 1708 αὑτοῦ,
404 1645 736 1716 γέγραπται.
771 1646 883 1698 Καὶ
927 1645 1115 1699 τοῦτον
1156 1645 1283 1697 Υίὸν
1335 1644 1586 1714 Ὑψίστου
1621 1644 1749 1697 ἑκάτ-

165 1736 330 1790 λεσεν
378 1739 414 1808 ἡ
448 1738 660 1808 Γραφὴ,
691 1731 800 1789 οἷον
842 1737 935 1788 καὶ
983 1736 1194 1808 εἴρηται
1238 1737 1296 1790 ὲν
1336 1739 1450 1800 τοῖς
1477 1736 1746 1806 Ψαλμοῖς,

168 1829 429 1897 λέγοντος
455 1829 552 1882 τοῦ
579 1829 714 1882 Θεοῦ
750 1829 888 1900 πρὸς
918 1827 1147 1892 πολλούς
1166 1845 1183 1871 ε
1219 1846 1238 1878 ι
1280 1826 1420 1896 Ἐγὼ
1452 1823 1600 1893 εἶπα,
1625 1827 1747 1881 Θεοί

168 1925 319 1985 ἐστε,
347 1922 447 1975 καὶ
469 1923 576 1974 υἱοὶ
610 1921 864 1992 Ὑψίστου
899 1921 1118 1984 πάντες.
1147 1939 1164 1972 ι
1194 1921 1371 1993 Ἀπερ
1405 1919 1628 1974 τοιαῦτα
1659 1919 1750 1973 τὸν

159 2014 280 2068 τῶν
308 2013 604 2087 αἱρετικῶν
633 2014 918 2084 δογμάτων
939 2014 1301 2085 διελέγχοντες
1344 2013 1490 2078 νοῦν,
1529 2014 1623 2066 καὶ
1651 2015 1750 2067 ὲπ-

167 2107 439 2178 ανορθοῦν
460 2105 894 2178 προθυμούμενοι
926 2106 1014 2160 διὰ
1042 2106 1136 2160 τοῦ
1173 2107 1438 2175 παρόντος
1466 2105 1753 2177 κηρύγμα-

166 2215 262 2261 τος
287 2239 302 2262 ,
346 2198 616 2268 λέγομεν,
646 2199 729 2251 ὃτι
777 2199 838 2251 οὐ
897 2197 1154 2269 θεοφόρος
1205 2197 1490 2269 ἄνθρωπός
1534 2199 1684 2250 ἐστιν
1725 2199 1754 2251 6

167 2289 435 2359 Χριστὸς,
461 2289 596 2342 ἀλλὰ
627 2291 960 2361 σαρκοφόρος
1007 2289 1168 2354 Θεὸς,
1213 2289 1328 2344 ἀνθ’
1357 2283 1433 2343 ὧν
1474 2291 1567 2343 καὶ
1621 2289 1754 2354 Θεὸς

166 2379 270 2440 ὢν,
312 2378 601 2448 ἄνθρωπον
651 2378 879 2449 ὲφόρεσε
928 2377 1048 2430 καθ’
1089 2377 1210 2431 ὅλον
1239 2378 1302 2430 τὸ
1335 2377 1608 2448 πλήρωμα
1654 2376 1754 2446 τῆς

169 2472 620 2541 ἀνθρωπότητοςο
651 2471 785 2534 Θεὸς
826 2469 1030 2534 τέλειος
1064 2472 1158 2524 καὶ¹
1215 2470 1499 2542 ἄνθρωπος
1529 2469 1750 2533 τέλειος,

161 2559 253 2628 εἷς
290 2564 369 2618 ἂν
407 2565 547 2618 κατὰ
583 2565 712 2634 μίαν
743 2565 1060 2629 ὑπόστασιν,
1091 2563 1185 2616 κα)⁸
1223 2564 1287 2616 ὲκ
1315 2561 1410 2615 δύο
1433 2563 1526 2616 καὶ
1567 2562 1624 2614 ὲν
1657 2562 1752 2615 δύο

164 2659 296 2721 ταῖς
330 2657 545 2726 φύσεσι.
576 2655 774 2710 Τοῦτον
807 2657 917 2728 γὰρ
962 2656 1049 2710 τὸν
1097 2655 1403 2726 ἄνθρωπον,
1434 2655 1492 2708 ὃν
1532 2656 1622 2708 καὶ
1659 2654 1750 2708 λέο

166 2766 368 2819 γομεν,
398 2750 478 2802 ὅτι
507 2749 756 2820 ἐφόρεσε,
782 2747 966 2800 τοῦτον
993 2749 1020 2800 6
1045 2745 1176 2808 Θεὸς
1199 2746 1291 2798 καὶ
1317 2743 1504 2816 Πατὴρ
1534 2743 1750 2816 εὐδοκία

163 2839 364 2904 αὐτοῦ,
392 2842 486 2894 καὶ
515 2840 802 2912 συνεργείᾳ
835 2838 927 2892 τοῦ
957 2838 1110 2908 ἁγίου
1140 2836 1454 2907 Πνεύματος
1487 2836 1628 2890 κατὰ
1652 2836 1750 2908 τὴν

169 2934 309 3004 μίαν
346 2934 677 3004 αὐτουργίαν
705 2933 794 2986 τοῦ
837 2931 986 2996 Υίοῦ,
1033 2931 1216 3002 έχρισε
1259 2931 1535 3002 Πνεῦματι
1586 2930 1748 3000 ἁγίῳ,

168 3029 360 3079 πᾶσαν
386 3026 663 3096 ἐνέργειαν
689 3023 984 3096 παρασχὼν
1013 3021 1180 3092 αὐτῷ,
1217 3022 1311 3075 καὶ
1337 3021 1566 3092 δύναμιν
1601 3021 1750 3091 Ὑψί-

169 3138 302 3173 στου
355 3118 692 3190 περιέζωσε,
743 3117 877 3184 πρὸς
922 3116 982 3170 τὸ
1037 3114 1294 3168 δύνασθαι
1342 3113 1526 3185 φέρειν
1570 3114 1749 3184 πάσης

1847 651 1969 690 esse
1995 644 2258 705 gestatam
2301 632 2393 689 Dei
2435 636 2689 690 virtutem
2729 644 2782 690 et
2827 635 3118 691 ellicaclam
3151 635 3406 706 Spiritus,

1848 728 1939 795 qui
1979 737 2232 796 operatus
2269 728 2340 781 sit
2387 743 2570 783 coram
2603 727 2884 782 Pharaone
2911 737 2965 782 et
3000 729 3254 783 omnibus
3285 728 3412 783 liliis

1846 815 2032 873 Israel.
2064 817 2405 888 Quapropter
2432 820 2592 875 verba
2618 828 2884 889 usurpant
2904 818 3170 889 Principis
3194 828 3416 888 aposto-

1848 907 2022 960 lorum
2061 909 2405 977 praedicantis
2440 909 2494 962 in
2532 911 2761 964 Actibus
2794 909 2861 964 de
2884 910 3120 975 Christo,
3151 911 3240 979 qui
3267 916 3414 966 recte

1849 999 2063 1067 quidem
2097 999 2313 1054 locutus
2341 1007 2425 1054 est
2460 1019 2472 1054 :
2508 1007 2562 1052 at
2593 1001 2669 1054 illi
2715 1009 2960 1057 tortuose
2982 1010 3036 1057 et
3070 1003 3302 1073 maligne
3328 1003 3413 1057 in-

1848 1091 2150 1159 terpretati,
2187 1107 2312 1146 cum
2351 1093 2440 1147 ille
2476 1093 2676 1148 dixerit
2714 1113 2726 1148 :
2762 1113 2781 1145 ι
2811 1092 2997 1149 Jesum
3046 1094 3412 1159 Nazareuum,

1847 1198 2006 1253 quem
2038 1185 2194 1238 unxit
2222 1183 2365 1240 Deus
2397 1185 2601 1254 Spiritu
2638 1193 2827 1241 sancto
2861 1186 2928 1253 ”,
2971 1207 2990 1239 ι
3047 1187 3114 1242 de
3166 1189 3284 1258 ipso
3337 1191 3412 1244 illi

1849 1275 2021 1336 aiunt,
2065 1276 2210 1344 quod
2259 1277 2316 1330 in
2363 1285 2520 1330 utero
2563 1277 2806 1348 Virginis
2853 1278 3218 1336 ell’ormaverit
3272 1280 3418 1337 Deus

1848 1369 2119 1424 hominem
2149 1370 2269 1425 sine
2297 1371 2524 1433 semine,
2559 1372 2878 1439 operatione
2923 1371 3161 1441 Spiritus
3218 1373 3412 1437 sancti,

1847 1470 1901 1516 et
1927 1464 2144 1516 unxerit
2171 1477 2294 1516 eum
2315 1462 2517 1517 virtute
2533 1462 2821 1528 Altissimi,
2847 1463 2926 1517 uti
2956 1465 3222 1534 scriptum
3247 1473 3331 1521 est
3347 1465 3414 1532 “,

1848 1557 1968 1610 oleo
1998 1557 2379 1613 exsultationis
2429 1572 2538 1628 pra:
2582 1560 2930 1614 consortibus
2965 1559 3107 1628 ejus.
3152 1559 3418 1630 lluncque

1851 1650 2114 1705 Altissimi
2159 1649 2358 1704 Filium
2395 1651 2608 1706 vocavit
2644 1650 2949 1720 Scriptura,
2980 1667 3090 1722 qua
3118 1654 3330 1709 ratione
3359 1656 3416 1710 in

1848 1741 2081 1798 Psalmis
2110 1742 2318 1797 dictum
2349 1754 2453 1810 est,
2489 1743 2598 1800 Deo
2624 1730 2822 1799 multos
2857 1745 3168 1816 alloqueute
3200 1761 3213 1798 :
3253 1763 3272 1797 ι
3306 1745 3416 1815 Ego

1851 1835 1965 1888 dixi
1992 1853 2006 1888 :
2039 1833 2124 1887 Dii
2148 1835 2303 1896 estis,
2337 1845 2390 1890 et
2422 1834 2516 1889 ﬁlii
2572 1835 2787 1890 Excelsi
2833 1850 3023 1890 omnes
3051 1836 3119 1890 ".
3159 1854 3177 1888 ι
3210 1835 3339 1902 Quae
3365 1846 3418 1892 et

1855 1924 2075 1982 similia.
2105 1939 2228 1986 nos,
2253 1933 2312 1978 ut
2344 1925 2722 1980 haereticorum
2745 1924 3058 1996 dogmatum
3085 1926 3417 1982 sententiam

1855 2015 2220 2081 confutemus,
2255 2026 2309 2072 et
2336 2017 2438 2073 hac
2466 2019 2850 2087 praedicatione
2894 2021 3256 2091 corrigamus,
3282 2019 3422 2075 dici-

1855 2123 1977 2162 mus
2005 2108 2305 2171 Christum,
2344 2123 2454 2162 non
2491 2107 2766 2163 Deil'erum
2798 2109 3096 2176 hominem,
3123 2112 3218 2167 sed
3250 2111 3420 2166 Deum

1853 2214 2076 2254 carnem
2103 2207 2404 2270 gestantem
2441 2215 2586 2267 esse,
2617 2202 2874 2271 quoniam
2915 2201 3058 2257 Deus
3091 2217 3217 2256 cum
3251 2212 3418 2265 esset.

1855 2292 2128 2347 hominem
2157 2293 2389 2361 gestavit
2413 2293 2714 2348 secundum
2753 2293 3145 2362 plenitudinem
3169 2293 3420 2350 humanae

1853 2387 2061 2436 natura:
2096 2397 2110 2433 :
2148 2381 2290 2437 Deus
2329 2381 2603 2453 perfectus
2644 2391 2698 2438 et
2744 2383 2906 2438 homo
2947 2382 3242 2454 perfectus,
3279 2400 3421 2442 unus

1853 2474 2152 2528 secundum
2184 2489 2347 2528 unam
2395 2475 2738 2545 hypostasin,
2789 2482 2844 2531 et
2896 2492 2962 2530 ex
2997 2477 3210 2533 duabus
3257 2486 3421 2549 atque

1853 2562 1909 2616 in
1941 2562 2154 2618 duabus
2188 2563 2419 2618 naturis.
2454 2561 2611 2619 Hunc
2643 2565 2787 2620 enim
2821 2563 3117 2629 hominem,
3145 2581 3305 2636 quem
3340 2568 3423 2622 di-

1853 2653 2028 2709 cimus
2049 2653 2194 2723 quod
2237 2652 2520 2726 (Verbum)
2563 2656 2876 2726 gestaverit,
2904 2655 3246 2726 buncipsum
3279 2656 3420 2714 Deus

1855 2753 1908 2799 et
1940 2741 2101 2799 Pater
2132 2745 2414 2800 voluntate
2443 2761 2564 2810 sua,
2605 2754 2658 2801 et
2688 2747 2999 2816 operatione
3030 2745 3262 2816 Spiritus
3293 2763 3422 2802 san-

1853 2836 1950 2897 cti,
1985 2851 2092 2890 una
2125 2835 2250 2892 item
2285 2845 2546 2907 operante
2575 2837 2734 2905 Filio,
2770 2840 2924 2894 unxit
2957 2838 3162 2908 Spiritu
3207 2850 3421 2906 sancto,

1853 2928 2100 2983 tribuens
2140 2929 2188 2983 ei
2246 2943 2462 2986 omnem
2520 2929 2839 2995 efﬁcaciam,
2900 2932 3098 2986 virtute
3151 2933 3421 2988 Altissi-i

1852 3020 2235 3075 circumcinxit
2284 3021 2456 3086 illum,
2509 3032 2568 3076 ut
2621 3030 2805 3093 posset
2860 3022 3041 3078 omnis
3095 3022 3422 3079 adversari-at

1853 3112 2434 3194 potestatisimpetum
2466 3115 2759 3179 sustinere,
2810 3130 3134 3186 omnemque
3175 3118 3417 3171 curatio-

160 3210 563 3280 ἀντικειμένης
625 3209 906 3278 δυνάμεως
967 3204 1302 3278 προσϐολὴν,
1363 3205 1456 3258 καὶ
1505 3205 1747 3276 ὲνεργεῖν

1854 3221 1975 3260 nem
2008 3207 2061 3259 in
2094 3206 2292 3276 populo
2335 3209 2569 3278 operari.
2608 3207 2882 3277 Siquidem
2927 3217 2978 3264 et
3018 3209 3212 3264 tentari
3251 3224 3281 3262 a
3317 3208 3417 3264 Sa-

166 3307 357 3357 πᾶσαν
393 3301 686 3371 θεραπείαν
724 3303 780 3352 ὲν
808 3298 884 3368 τῷ
937 3297 1079 3368 λαῷο
1132 3297 1361 3367 ἐπείπερ
1407 3296 1500 3348 καὶ
1553 3295 1749 3366 πειρά-

167 3395 369 3461 ζεσθαι
404 3393 509 3446 ὑπὸ
559 3391 653 3445 τοῦ
685 3391 897 3443 Σατανᾶ
934 3388 1275 3452 κατεδέξατο,
1310 3387 1404 3439 καὶ
1447 3387 1625 3438 πᾶσαν
1659 3403 1752 3439 τα-

165 3489 436 3544 πείνωσιν
485 3485 577 3537 καὶ
639 3482 912 3553 πτωχείαν
983 3480 1272 3550 ὑπέμεινεν
1346 3480 1404 3531 ἐν
1475 3480 1540 3548 τῇ
1588 3476 1752 3548 σαρκὶ

164 3579 377 3634 αὑτοῦ·
408 3576 588 3639 καθὼς
635 3576 728 3628 καὶ
775 3574 902 3645 περὶ
944 3572 1132 3625 τούτου
1165 3573 1192 3624 6
1247 3569 1419 3641 μέγας
1465 3568 1753 3640 ίεροκήρυξ

163 3673 274 3744 βοᾷ
326 3670 532 3738 λέγων·
579 3688 596 3720 ι
646 3668 719 3720 Τὸ
755 3667 862 3738 γὰρ
914 3664 1172 3719 ἀδύνατον
1222 3663 1314 3716 τοῦ
1350 3662 1543 3732 νόμου,
1602 3664 1659 3714 ὲν
1705 3653 1749 3727 ᾧ

163 3765 392 3834 ἠσθένει
437 3763 524 3816 διὰ
548 3765 644 3832 τῆς
691 3760 906 3831 σαρκὸς,
937 3761 965 3811 6
1006 3757 1136 3819 Θεὸς
1165 3756 1255 3808 τὸν
1295 3753 1485 3807 ἑαυτοῦ
1527 3751 1749 3823 πέμψας

1851 3304 1981 3352 tana
2001 3298 2190 3362 voluit,
2216 3313 2541 3369 omnemque
2558 3299 2917 3354 humilitatem
2944 3308 3425 3371 paupertatemque

1855 3389 1910 3442 in
1949 3403 2113 3442 carne
2153 3404 2250 3444 sua
2283 3389 2553 3453 toleravit,
2587 3390 3040 3460 quemadmodum
3077 3407 3307 3462 magnus
3333 3407 3424 3446 sa-

1855 3496 2054 3550 cerque
2088 3481 2178 3535 ille
2210 3495 2388 3550 przeco
2420 3481 2617 3534 clamat
2649 3501 2660 3534 :
2700 3501 2719 3533 ι
2754 3481 2889 3535 Nam
2913 3483 3057 3552 quod
3089 3482 3427 3553 impossibile

1855 3583 1972 3628 erat
2003 3574 2127 3643 legi,
2165 3573 2220 3626 in
2259 3587 2366 3642 quo
2395 3571 2774 3626 infirmabatur
2816 3589 2912 3641 per
2958 3588 3180 3628 carnem
3224 3593 3237 3627 :
3284 3574 3426 3630 Deus

1854 3662 2053 3718 Filium
2079 3679 2237 3718 suum
2268 3665 2488 3718 mittens
2517 3663 2572 3716 in
2597 3663 2954 3718 similitudine
2981 3665 3165 3720 carnis
3192 3666 3420 3734 peccati,

1855 3764 1910 3812 et
1954 3757 2021 3811 de
2071 3763 2314 3825 peccato,
2353 3754 2630 3808 damnavit
2676 3764 2956 3824 peccatum
3000 3756 3053 3809 in
3102 3771 3264 3810 carne
3301 3756 3369 3813 “.
3401 3774 3422 3808 ›

166 3858 300 3910 Υξὸν
366 3857 423 3907 ὲν
495 3852 798 3924 ὁμοιώματι
857 3849 1056 3922 σαρκὸς
1114 3847 1425 3918 ἁμαρτίας,
1475 3845 1570 3898 καὶ
1621 3845 1748 3915 περὶ

1852 3843 2036 3914 Itaque
2065 3842 2236 3898 Filius
2271 3841 2362 3897 Dei
2393 3845 2488 3912 qui
2514 3843 2570 3896 in
2603 3858 2824 3898 carnem
2864 3843 3165 3908 descendit,
3200 3845 3316 3914 ipse
3343 3845 3426 3899 di-

161 3945 472 4017 ἀμαρτίας,
515 3944 802 4013 κατέκρινε
833 3941 931 4011 τὴν
980 3938 1253 4009 ἁμαρτίαν
1283 3939 1340 3990 ἐν
1393 3939 1460 4007 τῇ
1497 3935 1688 4007 σαρκί.
1727 3953 1745 3986 ι

1852 3934 1992 3988 citur
2030 3933 2193 3986 homo
2227 3931 2429 3998 factus,
2488 3941 2548 3985 ut
2593 3932 2722 3986 alibi
2765 3933 2841 3985 ait
2881 3951 2894 3986 :
2933 3952 2950 3985 ι
2996 3932 3066 3986 At
3112 3932 3206 3987 ubi
3273 3935 3426 3988 venit

166 4037 388 4092 Οὐκοῦν
415 4039 443 4090 6
473 4035 600 4100 Υἱὸς
641 4032 734 4088 τοῦ
774 4032 929 4096 Θεοῦ,
961 4034 1016 4084 ὲν
1049 4029 1213 4100 σαρκὶ
1245 4028 1555 4098 γενόμενος,
1591 4026 1750 4088 αὐτὸς

1852 4023 2132 4096 plenitudo
2173 4025 2456 4094 temporis,
2494 4023 2642 4078 misit
2691 4023 2835 4080 Deus
2883 4023 3080 4078 Filium
3126 4040 3307 4090 suum,
3346 4024 3426 4078 la-

161 4132 227 4183 λέ
241 4147 395 4198 (erat
417 4125 862 4200 ὲνανθρωπήσας,
889 4123 1078 4194 ὥσπερ
1113 4122 1206 4175 καὶ
1240 4121 1296 4172 ὲν
1333 4118 1511 4181 ἄλλοις
1551 4117 1713 4188 φησίν
1735 4133 1747 4146 ·

171 4246 190 4276 ς
222 4227 356 4276 ὐτε
391 4223 448 4275 δὲ
468 4217 598 4291 ἦλθε
631 4220 691 4272 τὸ
723 4219 995 4290 πλήρωμα
1025 4214 1118 4268 τοῦ
1143 4213 1358 4284 χρόνου,
1378 4209 1754 4276 ἐξαπέστειλεν

1854 4123 2002 4169 ctum
2042 4131 2110 4169 ex
2141 4115 2387 4178 muliere,
2420 4112 2622 4167 factum
2657 4113 2758 4168 sub
2796 4114 2934 4185 lege,
2968 4121 3028 4168 ut
3059 4129 3154 4169 eos
3196 4113 3290 4184 qui
3319 4115 3421 4168 sub

1855 4209 1972 4278 lege
1998 4215 2156 4261 erant
2185 4207 2478 4262 redimeret
2507 4207 2572 4261 "’.
2607 4225 2625 4258 ο

164 4321 195 4371 6
221 4319 360 4379 Θεὸς
389 4317 481 4368 τὸν
508 4314 636 4367 Υίὸν
661 4311 844 4374 αὐτοῦ,
907 4310 1198 4380 γενόμενον
1241 4311 1306 4362 ὲκ
1344 4307 1624 4376 γυναικὸς,
1685 4304 1973 4375 γενόμενον
2026 4304 2129 4357 ὑπὸ
2179 4303 2375 4374 νόμον,
2431 4303 2518 4357 ἵνα
2552 4304 2680 4366 τοὺς
2719 4301 2823 4355 ὑπὸ
2860 4304 3023 4374 νόμον
3062 4302 3173 4375 (46)
3236 4301 3428 4372 ἐξαγο-

165 4412 338 4481 ράσῃ.
373 4427 394 4458 ›

242 4501 332 4554 li.
367 4495 670 4550 Κάντεῦθεν
695 4495 1046 4567 σημειωτέον,⁵
1063 4495 1146 4548 ὅτι
1173 4493 1388 4566 πρῶτον
1409 4493 1436 4545 6
1456 4491 1584 4555 Υἱὸς
1607 4487 1750 4562 παρὰ

1929 4482 2084 4555 34],
2123 4483 2209 4538 12.
2243 4482 2420 4553 Atque
2472 4484 2600 4539 hinc
2652 4483 2954 4540 notandum
3000 4484 3144 4554 quod
3187 4485 3425 4554 primum

166 4593 266 4647 τοῦ
299 4591 514 4660 Πατρὸς
549 4591 844 4661 πέμπεται,
880 4589 972 4641 καὶ
1004 4588 1122 4640 τότε
1152 4589 1356 4656 γίνεται
1393 4587 1457 4638 ὲκ
1480 4583 1753 4652 γυναικὸς,

166 4686 235 4740 οὐ
267 4683 486 4755 πρῶτον
517 4682 742 4750 γίνεται,
773 4682 866 4734 καὶ
899 4684 962 4734 ἐκ
992 4681 1110 4732 τότε
1139 4678 1249 4748 (47)
1284 4678 1583 4748 πέμπεταιο
1621 4673 1757 4728 ἀλλὰ

169 4779 394 4850 πρῶτον
433 4777 727 4847 πέμπεται,
761 4775 855 4829 καὶ
883 4774 1002 4828 τότε
1026 4773 1232 4842 γίνεται
1259 4772 1320 4823 ὲκ
1341 4769 1619 4838 γυναικός.
1646 4767 1756 4819 Καὶ

166 4873 386 4934 τούτοις
411 4872 524 4930 τοῖς
550 4868 922 4930 ἀποστολικοῖς
969 4864 1346 4936 συμφωνοῦσιν
1379 4864 1427 4914 οἱ
1455 4861 1752 4932 προφῆται,

169 4961 587 5031 ἀπεσταλμένον
617 4959 776 5012 αὑτὸν
805 4957 930 5010 Υίὸν
957 4955 1224 5023 λέγοντες.
1259 4953 1370 5006 Καὶ
1404 4951 1664 5022 πρότερον
1695 4949 1753 5002 ὲν

181 5051 564 5122 Ἠσαῒᾳάῦτοῦ
579 5049 671 5104 τοῦ
694 5047 1097 5118 ἀπεσταλμένου
1112 5046 1356 5114 λέγοντος
1378 5043 1559 5098 ἄκουε
1573 5063 1590 5093 ι
1617 5041 1756 5110 Ἐγώ

169 5150 289 5218 εἰμι
321 5145 559 5216 πρῶτος,
596 5143 690 5196 καὶ
712 5140 822 5210 ἐγώ
853 5143 966 5210 εἰμι
989 5142 1066 5203 είς
1096 5139 1187 5191 τὸν
1215 5137 1406 5201 αἰῶνα,
1450 5137 1542 5189 καὶ
1571 5137 1603 5206 ἡ
1637 5134 1756 5205 χείρ

173 5257 277 5310 μου
307 5235 632 5307 ὲθεμελίωσε
661 5235 760 5306 τὴν
791 5234 914 5303 γῆν,
946 5233 1040 5286 κα)¹
1078 5233 1112 5302 ἡ
1147 5230 1294 5294 δεξιά
1324 5245 1423 5300 μου
1459 5227 1755 5298 ὲστερέωσε

169 5333 264 5385 τὸν
291 5330 536 5402 οὐρανόν*
573 5347 588 5379 ι
616 5328 710 5381 καὶ
741 5324 1088 5396 ἐξερχόμενος
1130 5321 1196 5375 τὰ
1224 5320 1364 5375 κατὰ
1397 5319 1582 5393 καιρὸν
1610 5321 1759 5388 ἐνερ-

171 5423 353 5492 γείας,
398 5420 658 5474 συνάπτει
679 5417 872 5487 λέγων·
898 5433 932 5480 ,ι
955 5415 1065 5468 Kal.
1096 5413 1190 5468 νῦν
1219 5413 1421 5483 Κύριος
1449 5407 1756 5465 ἀπέσταλκὲ

247 5581 294 5614 ⁵⁸
331 5577 456 5635 Act.
493 5595 559 5646 χ,
595 5575 688 5633 38.

175 5668 350 5706 uvm
373 5693 386 5715 ,
426 5650 494 5705 ιε
513 5693 527 5716 ,
568 5649 655 5704 13.

145 5752 170 5788 ’ί
246 5767 360 5834 (54)
392 5765 488 5820 His
536 5763 647 5820 fere
679 5763 862 5834 verbis
898 5771 1128 5817 utuntur
1187 5759 1459 5832 Ephesina
1515 5753 1756 5826 synodus

175 5859 229 5913 p.
250 5839 385 5913 26-35,
414 5845 484 5913 _et
513 5833 988 5913 ghalcedonensis.

248 5911 364 5980 (AB)
399 5905 635 5977 Anglic.,
669 5905 762 5957 καί
802 5920 982 5974 φασιν.

784 5575 832 5609 ⁵⁸
869 5573 1015 5630 Psal.
1051 5586 1202 5635 XLIV,
1237 5570 1290 5625 8.
1365 5569 1411 5599 "
1451 5566 1606 5652 Psal.-
1653 5578 1851 5628 Lxxxt,
1887 5563 1941 5618 6.

1854 4575 2025 4631 Filius
2052 4592 2083 4629 a
2110 4574 2270 4630 Patre
2301 4575 2570 4643 mittatur,
2589 4591 2653 4630 ac
2675 4583 2788 4631 tum
2812 4575 3057 4630 nascitur
3076 4591 3144 4630 ex
3176 4576 3424 4644 muliere,

1853 4685 1963 4725 non
1998 4653 2236 4739 primum
2257 4669 2502 4723 nascitur
2523 4678 2577 4724 et
2598 4677 2730 4726 tunc
2760 4671 3028 4735 mittitur;
3063 4670 3156 4726 sed
3191 4672 3427 4741 primum

1855 4761 2112 4824 mittitur,
2147 4774 2212 4814 ac
2251 4758 2447 4813 deinde
2474 4760 2722 4814 nascitur
2750 4775 2816 4815 ex
2848 4759 3096 4814 muliere.
3132 4759 3310 4830 Atque
3336 4759 3425 4814 his

1856 4852 2174 4922 apostolicis
2220 4849 2383 4903 dictis
2432 4858 2738 4906 consonant
2783 4851 3077 4920 prophetae,
3111 4850 3205 4922 qui
3243 4852 3425 4920 ipsum

1857 4945 2054 4999 Filium
2105 4961 2226 5002 esse
2275 4947 2507 4999 missum
2553 4943 2764 4997 dicunt.
2800 4942 2865 4995 Et
2898 4944 3132 5013 primum
3191 4942 3248 4996 in
3292 4941 3428 4997 Isaia

1858 5039 2030 5110 ipsius
2073 5038 2167 5108 qui
2220 5039 2422 5094 missus
2449 5044 2532 5092 est
2561 5036 2724 5090 verba
2759 5036 3004 5090 ausculta
3043 5054 3054 5089 :
3096 5054 3115 5086 ι
3163 5034 3275 5106 Ego
3306 5049 3427 5090 sum

1857 5131 2088 5200 primus,
2123 5139 2178 5184 et
2204 5145 2304 5199 ego
2332 5143 2452 5182 sum
2488 5130 2542 5182 in
2588 5127 2807 5190 saecula,
2839 5135 2892 5181 et
2927 5141 3122 5181 manus
3147 5141 3265 5193 mea
3294 5125 3420 5182 fun-

1859 5221 2012 5276 davit
2041 5229 2264 5284 terram,
2292 5226 2346 5274 et
2373 5219 2596 5274 dextera
2615 5233 2734 5273 mea
2759 5216 3291 5284 ﬁrmavitcoelum";
3323 5235 3341 5267 ι
3366 5222 3420 5270 et

1859 5322 2150 5384 postquam
2185 5310 2458 5380 percurrit
2495 5309 2662 5366 variis
2697 5309 3034 5378 temporibus
3075 5307 3250 5363 editas
3296 5323 3425 5377 ope-

1859 5405 2122 5470 rationes,
2155 5403 2340 5459 subdit
2369 5421 2385 5457 :
2423 5421 2442 5454 ι
2477 5401 2542 5456 Ει
2574 5417 2721 5456 nunc
2767 5401 3028 5458 Dominus
3059 5401 3207 5456 misit
3235 5416 3340 5466 me,
3373 5408 3428 5454 et

3233 5556 3280 5590 "‘
3316 5553 3424 5614 lsa.

2038 5561 2084 5594 “
2125 5558 2284 5624 Rom.
2320 5572 2459 5625 vm,
2496 5560 2549 5615 3.
2650 5558 2696 5590 ⁸⁷
2737 5558 3039 5646 ϐαὶειηιν,
3076 5557 3130 5622 4,

1940 5750 2053 5824 (46)
2089 5749 2324 5824 Anglic,
2357 5747 2464 5824 ὑπὸ
2485 5747 2686 5824 νόμου.²

1939 5820 2050 5893 (47)
2093 5821 2329 5894 Anglic.,
2371 5820 2464 5874 καὶ
2503 5821 2640 5874 τότε.
