3924 6544
524 421 632 478 935

1687 420 1742 475 3.
1783 417 2240 476 ATIIANASEUS.
2281 450 2350 460 —
2389 416 2660 474 SPURIA.

3673 416 3779 471 936

517 536 754 608 Spiritus
786 537 997 608 ejus";
1026 556 1042 588 ι
1076 535 1164 591 his
1195 533 1478 591 manifeste
1505 533 1791 592 declarans
1829 554 1888 592 se
1916 537 2080 593 Deum

2189 554 2278 608 με,
2313 537 2406 589 καὶ
2453 536 2512 589 τὸ
2555 536 2780 607 Πνεῦμα
2817 537 3002 591 αὐτοῦ’
3051 557 3068 589 ι
3125 537 3371 610 φανερῶς
3419 538 3508 592 διὰ
3561 538 3776 590 τούτων

516 645 660 692 esse,
705 630 796 700 qui
859 630 987 684 fecit
1031 629 1230 683 coelum
1263 635 1318 683 et
1357 635 1580 692 terram,
1615 629 1736 682 ait:
1775 647 1795 680 ι
1830 628 1895 683 Et
1940 647 2087 684 nunc

517 723 780 780 Dominus
815 724 961 778 misit
995 739 1080 778 me
1103 730 1158 778 et
1190 722 1426 793 Spiritus
1454 721 1593 792 ejus.
1625 740 1646 774 ι
1675 721 1739 775 Et
1767 739 1862 793 per
1881 725 2087 778 Zacha-

517 817 654 871 riam
690 817 764 869 ait
793 835 806 870 :
836 833 855 866 ι
889 814 1077 870 Gaude
1104 822 1159 870 et
1193 816 1393 878 laetare,
1424 813 1534 868 ﬁlia
1569 811 1721 878 Sion,
1748 815 1874 884 quia
1903 816 2085 881 venio,

515 915 570 963 et
596 908 852 963 habitabo
880 909 937 962 in
968 907 1145 962 medio
1169 909 1267 971 tui,
1293 915 1347 962 et
1381 905 1696 977 confugient
1730 915 1919 977 gentes
1946 909 2086 961 mul-

515 1010 585 1056 ta:
613 1000 679 1054 ad
710 999 995 1054 Dominum
1031 999 1086 1054 in
1111 1000 1204 1053 illa
1235 999 1322 1054 die
1348 1018 1361 1054 :
1389 1007 1443 1054 et
1470 1015 1766 1070 cognosces
1815 1001 1941 1071 quia
1977 1000 2084 1056 Do-

514 1094 697 1148 minus
727 1092 878 1147 misit
917 1105 1004 1146 me
1030 1091 1097 1146 ad
1127 1098 1182 1145 te
1195 1091 1265 1146 '°.
1293 1109 1312 1143 ι
1339 1091 1470 1146 lude
1512 1092 1646 1161 ipse,
1682 1091 2003 1146 incarnatus
2031 1098 2087 1146 et

514 1183 678 1237 homo
725 1183 930 1247 factus,
967 1198 1089 1238 sese
1131 1181 1426 1237 conﬁtetur
1457 1183 1609 1238 aiens
1636 1202 1650 1237 :
1677 1183 1876 1238 Missus
1909 1199 2028 1238 sum
2057 1198 2087 1237 a

511 1273 693 1338 Patre,
727 1282 802 1338 et,
824 1274 973 1330 misit
1012 1289 1097 1328 me
1122 1272 1302 1341 Pater,
1331 1274 1676 1345 idipsumque
1715 1275 1900 1330 multis
1933 1275 2088 1330 testi-

514 1366 709 1421 licatur
741 1367 942 1421 verbis.
974 1363 1162 1432 Itaque
1197 1380 1305 1419 non
1336 1373 1395 1419 ut
1428 1366 1590 1420 homo
1618 1366 1822 1422 missus
1851 1373 1956 1429 est,
1990 1364 2086 1421 sed

513 1466 574 1512 ut
599 1458 740 1514 Deus
769 1468 822 1513 et
851 1457 1138 1523 Dominus,
1170 1457 1362 1526 Filius,
1391 1473 1421 1512 a
1450 1457 1679 1511 Domino
1707 1457 1902 1512 Patre:
1926 1456 2087 1527 quale

513 1551 646 1604 illud
679 1557 763 1606 est
800 1569 813 1604 :
855 1569 874 1602 ι
932 1549 1077 1606 Pluit
1123 1550 1389 1606 Dominus
1422 1565 1452 1604 a
1487 1549 1797 1604 Domino“.
1829 1568 1848 1601 ι
1891 1547 1937 1602 Α
1981 1547 2088 1602 Do-

513 1642 663 1698 mino
691 1642 896 1697 dictum
925 1653 1028 1698 est.
1058 1642 1124 1698 Et
1159 1644 1290 1697 illud
1315 1662 1328 1698 :
1351 1661 1370 1694 ‹
1404 1642 1547 1697 Dixit
1574 1642 1838 1698 Dominus
1857 1641 2086 1697 Domino

513 1735 717 1792 meo".
752 1753 772 1786 ι
806 1734 1017 1806 Accipit
1073 1743 1256 1790 autem
1308 1735 1362 1789 in
1411 1735 1563 1790 hisce
1597 1734 1779 1789 verbis
1826 1733 2085 1788 thronum

512 1823 705 1891 David,
740 1827 832 1896 qui
861 1835 1151 1882 enarratur
1193 1843 1316 1882 esse
1351 1827 1714 1895 corporaliter
1747 1833 1901 1896 pater
1923 1807 2084 1895 ejus:

2189 626 2515 698 παραδείξας
2559 627 2770 692 ἑαυτὸν,
2805 629 2886 681 ὅτι
2933 629 3094 692 αὐτὸς
3126 630 3154 681 6
3183 629 3311 692 Θεὸς
3345 631 3374 682 6
3417 629 3653 698 ποιήσας
3681 627 3776 679 τὸν

2186 720 2410 791 οὐρανὸν
2467 719 2561 772 καὶ
2604 719 2702 790 τὴν
2753 720 2857 791 γῆν
2892 720 3060 790 λέγει’
3095 739 3115 773 ι
3148 722 3259 774 Kal
3298 720 3392 775 νῦν
3420 721 3624 792 Κύριος
3659 721 3771 772 ἀπ-

2188 809 2415 863 ἐσταλκέ
2443 826 2530 880 με,
2562 809 2656 862 καὶ
2675 809 2735 862 τὸ
2751 809 2974 881 Πνεῦμα
3002 811 3219 864 αὑτοῦ.»
3253 813 3361 864 Καὶ
3381 810 3466 864 διὰ
3494 813 3770 880 Ζαχαρίου

2186 899 2360 969 λέγων
2375 915 2388 928 ·
2413 918 2432 949 ι
2456 899 2668 971 Τέρπου
2684 902 2777 954 καὶ
2800 902 3111 972 εὐφραίνου,
3132 901 3362 973 θύγατερ
3377 900 3535 965 Σιὼν,
3563 903 3647 955 ὅτι
3677 902 3769 973 ἐρ-

2187 1011 2352 1064 χομαι
2375 993 2484 1064 (48)
2507 994 2602 1046 καὶ
2631 996 3034 1066 κατασκηνώσω
3057 999 3114 1050 ἐν
3149 995 3297 1068 μέσῳ
3332 1014 3444 1056 σου,
3471 997 3569 1049 καὶ
3599 1014 3769 1049 κατα-

2189 1086 2470 1156 φεύξονται
2501 1085 2624 1158 ἔθνη
2660 1086 2828 1141 πολλὰ
2858 1088 2950 1140 ἐπὶ
2980 1087 3181 1160 Κύριον
3211 1089 3268 1142 ἐν
3298 1090 3364 1158 τῇ
3407 1088 3596 1159 ἡμέρα
3627 1087 3768 1140 ἐκεί-

2186 1195 2252 1250 νῃ
2271 1196 2286 1210 ’
2316 1179 2410 1232 καὶ
2437 1178 2732 1252 ἐπιγνώσῃ,
2756 1181 2850 1233 ’ὅτι
2900 1179 3103 1252 Κύριος
3138 1179 3501 1244 ἐξαπέσταλκὲ
3529 1197 3596 1251 με
3628 1180 3766 1250 πρὸς

2189 1270 2268 1323 σέ.
2307 1288 2325 1322 ι
2372 1269 2646 1323 Ἐντεῦθεν
2677 1271 2770 1324 καὶ
2799 1271 2959 1334 αὐτὸς
2991 1273 3020 1324 6
3052 1270 3352 1342 σαρκωθεὶς
3380 1271 3472 1323 καὶ
3497 1270 3764 1340 ἐνανθρω-

2186 1362 2366 1432 πήσας
2405 1359 2710 1431 διομολογεῖ
2763 1360 2924 1416 αύτδν
2975 1361 3178 1430 λέγων’
3231 1362 3566 1433 mmmam
3616 1361 3764 1432 παρὰ

2187 1453 2281 1508 τοῦ
2318 1454 2564 1523 Πατρός·
2601 1454 2714 1516 καὶ,
2744 1453 3076 1508 Ἀπέσταλκέ
3105 1472 3171 1526 με
3201 1454 3230 1506 ὁ
3255 1454 3463 1525 Πατὴρ,
3515 1454 3584 1507 τα
3629 1455 3763 1508 αὐτὰ

2186 1545 2246 1597 ἐν
2300 1543 2520 1607 πολλαῖς
2570 1544 2792 1614 ρήσεσιν
2850 1545 3256 1618 ἐπιμαρτυρῶν.
3303 1544 3511 1598 Οὐκοῦν
3555 1547 3652 1616 οὐχ
3691 1546 3763 1608 ὡς

2185 1635 2468 1708 ἄνθρωπος
2503 1637 2801 1708 ἀπεστάλη,
2837 1636 2950 1690 ἀλλ’
2983 1637 3059 1702 ὡς
3076 1637 3229 1701 Θεὸς,
3251 1638 3346 1690 καὶ
3379 1637 3615 1708 Κύριος,
3636 1637 3762 1700 Tib;

2188 1729 2339 1802 παρὰ
2365 1730 2568 1800 Κυρίου
2595 1729 2688 1783 τοῦ
2707 1730 2939 1801 Πατρὸς,
2959 1730 3032 1794 ὡς
3048 1731 3140 1784 καὶ
3164 1732 3243 1794 τὸ,
3269 1752 3286 1782 ι
3315 1731 3544 1804 Ἐϐρεξε
3565 1732 3764 1803 Κύρικ

2188 1821 2341 1894 παρὰ
2370 1822 2606 1892 Κυρίου,
2649 1841 2668 1874 ι
2699 1824 2848 1896 παρὰ
2887 1824 3094 1896 Κυρίου
3151 1828 3354 1878 κεῖται·
3388 1827 3485 1879 καὶ
3510 1825 3591 1888 τὸ,
3625 1844 3647 1876 ι
3678 1822 3763 1878 Εἷ-

518 1935 537 1968 ‹
581 1915 648 1970 Ει
701 1918 950 1988 regnabit
1004 1917 1059 1972 in
1108 1917 1272 1972 domo
1312 1914 1483 1971 Iacob
1508 1915 1564 1969 in
1599 1915 1821 1979 saecula,
1846 1921 1900 1969 et
1931 1912 2080 1984 regni

2187 1931 2287 1967 πεν
2318 1916 2347 1968 6
2388 1914 2592 1988 Κύριος
2632 1914 2711 1986 τῷ
2764 1916 2954 1987 Κυρίῳ
3003 1934 3126 1986 μου.
3174 1936 3194 1970 ι
3233 1916 3516 1987 Λαμϐἀνει
3555 1919 3610 1972 δέ
3664 1918 3770 1970 κὰκ»

510 2007 632 2077 ejus
665 2025 773 2064 non
803 2011 906 2065 erit
936 2009 1058 2066 linis
1078 2009 1144 2064 ⁸³.
1178 2028 1197 2061 ι

2183 2007 2394 2072 τούτοις
2419 2007 2512 2062 τδν
2542 2007 2730 2079 θρόνον
2756 2008 3036 2076 Δαϐὶδ,τοῦ
3069 2010 3395 2080 σωματικῶς
3421 2013 3758 2079 γενεαλογου-

510 2104 674 2176 μένου
701 2103 906 2177 πατρὸς
933 2103 1098 2158 αὑτοῦ
1117 2121 1133 2137 ο
1177 2122 1196 2156 ι
1233 2104 1345 2158 Καὶ
1379 2102 1685 2174 βασιλεύσει
1708 2103 1802 2156 ἐπὶ
1816 2103 1908 2158 τὸν
1934 2101 2082 2157 οἷκον
2130 2102 2326 2158 Ἰακὼϐ
2350 2104 2430 2168 είς
2458 2104 2585 2168 τοὺς
2615 2104 2834 2171 αἰῶνας,
2864 2105 2958 2159 καὶ
2992 2107 3087 2177 τῆς
3115 2105 3391 2176 βασιλείας
3448 2107 3612 2162 αὑτοῦ
3665 2107 3755 2159 οὐκ

507 2203 663 2258 ἔσται
684 2203 853 2268 τέλος.
897 2223 916 2256 ι

575 2321 662 2377 15.
691 2319 966 2392 intelligas
994 2322 1156 2376 velim
1190 2334 1498 2377 sermonem
1529 2319 1947 2390 doctrinamque
1975 2317 2081 2373 hac

505 2411 562 2468 in
588 2412 901 2467 narratione
925 2415 1282 2468 constitutam
1318 2431 1333 2466 :
1362 2409 1546 2465 omnia
1579 2410 1724 2464 enim
1758 2410 2083 2465 concutiunt

503 2510 558 2558 et
581 2510 996 2575 perscrutantur
1021 2502 1360 2569 haeretici,“
1391 2515 1512 2557 cum
1539 2500 1886 2555 simulatione
1912 2499 2082 2554 inter-

503 2602 700 2666 rogant
729 2613 743 2649 :
776 2593 916 2649 Num
949 2594 1083 2649 illud
1118 2593 1549 2649 incarnationem
1580 2591 1784 2647 Christi
1817 2591 2082 2646 subsecu-

504 2698 620 2744 tum
654 2689 854 2755 fuerit;
900 2703 970 2742 an
1015 2687 1223 2742 scilicet
1269 2684 1545 2755 acceperit
1604 2683 1862 2737 thronum
1908 2681 2078 2737 David

503 2779 678 2850 patris
709 2778 819 2842 sui,
861 2785 915 2831 et
941 2777 1251 2849 regnaverit
1275 2776 1330 2830 in
1359 2775 1522 2830 domo
1548 2771 1716 2829 Iacob
1751 2774 1808 2828 in
1851 2774 2072 2829 saecula.

504 2870 716 2939 Quibus
748 2871 822 2925 ita
853 2869 1272 2940 respondemus,
1291 2883 1414 2923 cum
1439 2867 1675 2938 quadam
1697 2865 2078 2922 observatione

503 2962 959 3020 considerandum
1007 2978 1150 3028 esse,
1179 2961 1430 3032 angelum
1476 2959 1568 3015 ubi
1606 2959 1705 3025 ait,
1766 2976 1785 3011 ι
1826 2958 1892 3012 Ει
1929 2959 2080 3015 dabit

504 3057 584 3113 illi
625 3057 887 3115 Dominus
913 3063 1169 3113 thronum
1207 3057 1453 3121 David“,
1486 3076 1505 3108 ι
1543 3073 1888 3129 nequaquam
1918 3057 2078 3112 addi-

503 3150 672 3219 disse,
695 3161 756 3207 ut
789 3151 1137 3207 conﬁrmaret
1154 3160 1208 3206 et
1237 3151 1620 3206 corroboraret
1641 3168 1656 3218 ;
1679 3151 1776 3205 sed
1802 3149 2071 3217 absolute,

509 3261 530 3294 ι
552 3251 605 3298 et
619 3243 788 3298 dabit.
826 3263 845 3297 ι
871 3243 1008 3298 Hinc
1032 3251 1242 3313 oportet
1262 3258 1329 3298 ex
1356 3242 1422 3298 iis
1444 3257 1566 3313 qua:
1584 3257 1644 3297 re
1664 3250 1718 3298 et
1737 3250 1898 3313 Opere
1927 3257 2078 3298 com-

503 3337 650 3408 pleta
674 3346 822 3403 sunt,
838 3335 1213 3392 difficultatem
1237 3335 1470 3392 solvere.
1488 3334 1624 3390 Nam
1643 3335 1798 3402 illud,
1822 3355 1840 3388 ι
1866 3336 2038 3401 dabit,
2054 3355 2072 3389 ι

503 3428 709 3484 dictum
743 3436 846 3494 est,
884 3428 958 3482 ita
983 3435 1043 3482 ut
1067 3427 1407 3484 transtulerit
1431 3443 1659 3498 regnum
1693 3428 1851 3490 illud.
1876 3435 1936 3483 ut
1964 3427 2079 3500 ipse

503 3518 757 3576 Christus
819 3519 886 3574 ad
932 3518 1151 3577 Iudaeos
1211 3521 1442 3591 loquens
1506 3521 1900 3592 interpretatus
1951 3530 2074 3578 est:

508 3632 528 3663 ι
568 3608 692 3667 [deo
720 3613 998 3668 auferetur
1026 3629 1057 3666 a
1087 3612 1245 3668 vobis
1293 3629 1542 3684 regnum,
1579 3622 1633 3670 et
1677 3613 1899 3668 dabitur
1930 3612 2080 3684 genti

501 3703 725 3759 facienti
790 3703 1004 3760 fructus
1044 3705 1245 3774 ejus".
1287 3724 1305 3758 ι
1334 3704 1523 3776 Itaque
1569 3713 1794 3776 accepto
1827 3705 2078 3762 Christus

500 3809 669 3864 regno
723 3793 964 3861 Davidis,
1012 3794 1297 3849 transtulit
1353 3795 1485 3850 illud
1541 3795 1799 3866 deditque
1867 3797 2076 3852 sanctis

500 3887 937 3944 Christianorum
987 3889 1232 3959 regibus,
1274 3897 1335 3943 ut
1372 3896 1716 3944 converteret
1762 3904 1856 3944 eos
1883 3888 1951 3942 ad
1980 3888 2078 3942 do-

499 3992 649 4031 mum
682 3975 871 4041 Jacob,
905 3985 959 4033 et
993 3977 1234 4033 traderet
1269 3977 1418 4033 illam
1464 3978 1523 4032 in
1551 3978 1905 4049 Opprobrium
1935 3984 1989 4032 et
2021 3978 2077 4032 in

500 4067 877 4137 direptionem.
922 4069 1134 4139 Regnat
1159 4068 1215 4122 in
1255 4067 1602 4124 Christianos
1655 4068 1711 4122 in
1753 4069 1973 4131 szecula,
2022 4075 2077 4123 et

500 4161 654 4230 regni
702 4160 824 4229 ejus
872 4175 983 4213 non
1025 4161 1130 4214 erit
1174 4160 1317 4215 ﬁnis.
1350 4159 1538 4230 Neque
1571 4159 1715 4214 enim
1753 4161 1844 4213 alii
1875 4161 2076 4230 populo

497 4249 841 4317 relinquetur
873 4247 1032 4318 juxta
1073 4247 1320 4303 visiones
1358 4247 1598 4303 Danielis
1625 4249 1941 4319 prophetae;
1980 4249 2074 4304 sed

497 4340 798 4410 praedicant
826 4341 1148 4414 (prephetaz)
1183 4341 1362 4411 ipsum
1391 4339 1670 4396 Christum
1717 4356 1900 4411 regem
1925 4356 2068 4406 esse,

500 4442 935 4504 perseverantem
959 4449 1134 4504 usque
1157 4433 1226 4488 ad
1251 4434 1550 4489 secundum
1570 4449 1728 4489 suum
1750 4432 2070 4488 adventum:

2254 2311 2343 2366 15.
2371 2310 2481 2364 Kal.
2504 2309 2757 2364 κατανόει
2777 2310 2936 2379 λόγον
2965 2311 3058 2364 καὶ
3088 2299 3266 2383 δόγμα
3301 2313 3750 2385 συνυφιστάμεπν

2179 2405 2245 2473 τῇ
2277 2403 2530 2472 ἐξηγήσει
2553 2401 2746 2474 ταύτῃ.
2771 2400 3001 2472 Ζητοῦσι
3025 2401 3132 2473 γὰρ
3159 2403 3632 2475 παρασαλεύοντες
3653 2407 3748 2475 (l9)

2181 2492 2361 2546 πάντα
2404 2493 2452 2544 oi
2479 2493 2763 2564 αίρετικοὶ,
2806 2493 2898 2546 καὶ
2940 2493 3267 2566 διερωτῶσιν
3303 2496 3743 2567 ὑποκρινόμενοι·

2185 2585 2248 2638 Et
2267 2583 2424 2637 τοῦτο
2451 2583 2898 2655 παρηκολούθησε
2931 2588 2995 2655 τῇ
3029 2585 3299 2657 σαρκώσει
3345 2588 3585 2658 Χριστοῦ
3604 2606 3618 2619 ·
3644 2590 3745 2658 ἦτοι

2183 2676 2434 2739 λαϐόντος
2479 2676 2572 2728 τὸν
2612 2675 2798 2746 θρόνον
2845 2677 3010 2731 Δαϐὶδ
3051 2679 3146 2732 τοῦ
3192 2680 3400 2750 πατρὸς
3449 2680 3638 2748 αὑτοῦ,
3667 2682 3748 2734 καὶ

2183 2764 2602 2836 βασιλεύσαντος
2633 2765 2724 2818 ἐπὶ
2751 2766 2843 2819 τὸν
2869 2761 3018 2820 οἷκον
3052 2765 3248 2820 Ἰακὼϐ
3275 2768 3355 2832 είς
3382 2771 3508 2827 reb;
3543 2769 3744 2832 αἰῶνας.

2182 2857 2326 2930 Πρὸς
2355 2857 2448 2920 οὒς
2466 2857 2905 2929 ἀποκρινόμενοι,
2937 2858 3114 2929 φαμὲν
3142 2860 3224 2912 ὅτι
3253 2859 3370 2930 μετ’
3387 2859 3748 2932 ἐπιτηρήσεως

2181 2950 2264 3003 δεῖ
2287 2953 2592 3020 προσέχειν,
2619 2951 2720 3016 ὅτι,
2743 2952 2986 3015 εἰπόντος
3005 2951 3098 3006 τοῦ
3126 2951 3385 3021 ἀγγέλου,
3421 2971 3443 3004 ι
3467 2954 3577 3006 Καὶ
3607 2954 3747 3007 δώσει

2180 3043 2329 3114 αύτῷ
2366 3043 2568 3115 Κύριος
2596 3044 2684 3097 τὸν
2721 3043 2908 3116 θρόνον
2940 3044 3125 3110 Δαϐὶδ,
3168 3062 3187 3096 ι
3219 3045 3322 3099 οὐκ
3355 3046 3747 3116 ἐπεσημήνατο,

2181 3137 2266 3205 ἐφ’
2295 3129 2339 3204 ᾧ
2371 3134 2620 3207 στηρίξαι
2677 3135 2710 3206 ἢ
2759 3134 3083 3206 βεϐαιῶσαι·
3117 3135 3232 3190 ἀλλ’
3264 3136 3552 3200 ἀπολύτως
3594 3136 3745 3204 λέγει,

2187 3246 2206 3279 ι
2244 3229 2337 3281 καὶ
2365 3226 2546 3282 δώσει.
2585 3246 2605 3280 ι
2642 3227 2955 3282 Κάντεῦθεν
2985 3228 3088 3299 χρὴ
3117 3230 3181 3281 ἐκ
3204 3227 3313 3282 τῶν
3335 3229 3459 3282 κατ’
3485 3229 3745 3299 ἐνέργειαν

2179 3319 2647 3373 ἀποτελεσθέντων
2672 3318 3026 3373 ἐπιλύσασθαι
3053 3319 3112 3373 τὸ
3139 3319 3340 3390 ἄπορον
3361 3337 3373 3349 ·
3402 3321 3487 3373 ὅτι
3515 3320 3576 3372 τὸ
3607 3339 3625 3369 ι
3665 3319 3747 3373 δὼ-

2181 3429 2263 3465 σει
2287 3431 2304 3463 ι
2323 3413 2556 3484 εἴρηται,
2601 3413 2686 3481 ἐφ’
2713 3406 2757 3480 ᾧ
2776 3413 3111 3483 μεταστῆσαι
3134 3411 3322 3466 τοῦτον
3351 3412 3442 3466 τὸν
3463 3413 3745 3482 θρόνον,ὠς

2177 3505 2273 3558 καὶ
2319 3503 2478 3568 αὐτὸς
2517 3505 2546 3556 6
2585 3504 2820 3576 Χριστὸς
2850 3503 3218 3575 διερμηνεύων
3267 3504 3418 3572 ἔλεγε
3455 3506 3591 3576 πρὸς
3627 3505 3742 3557 Ἰουο

2177 3596 2382 3659 δαίους’
2423 3615 2440 3648 ι
2478 3595 2576 3649 Διὰ
2599 3595 2755 3649 τοῦτο
2787 3596 3084 3666 ἀρθήσεται
3115 3595 3208 3664 ἀφ’
3238 3595 3392 3666 ὑμῶν
3426 3598 3461 3667 ἡ
3494 3595 3740 3666 βασιλεία.

2179 3688 2275 3740 καὶ
2304 3687 2588 3757 δοθήσεται
2624 3686 2768 3741 ἔθνει
2801 3686 3042 3740 ποιοῦντι
3074 3687 3201 3749 τοὺς
3227 3687 3477 3757 καρποὺς
3503 3688 3684 3757 αὐτῆς,
3723 3704 3737 3735 ι

2179 3778 2388 3832 Ούκοῦν
2412 3778 2591 3831 λαϐὼν
2614 3781 2642 3832 6
2662 3779 2894 3849 Χριστὸς
2918 3777 3007 3830 τὸν
3030 3777 3217 3848 θρόνον
3229 3777 3413 3839 Δαϐὶδ,
3433 3779 3741 3847 μετέστησεν

2177 3869 2338 3922 αὑτὸν
2368 3870 2461 3922 καὶ
2505 3870 2671 3922 ἔδωκε
2710 3872 2821 3932 τοῖς
2859 3867 3036 3937 ἁγίοις
3066 3868 3407 3940 Χριστιανῶν
3458 3869 3740 3938 βασιλεῦσι,

2178 3961 2580 4032 ἐπαναστρέψαι
2607 3961 2827 4023 τούτους
2859 3961 2952 4014 ἐπὶ
2976 3961 3066 4014 τὸν
3094 3956 3240 4013 οἷκον
3274 3959 3470 4013 Ἰακώϐ
3491 3978 3504 3990 ·
3521 3962 3632 4014 .καὶ
3654 3978 3742 4012 πσ-

2180 4052 2368 4124 ραδοὺς
2401 4053 2562 4105 αὑτὸν
2591 4053 2670 4116 είς
2688 4050 2990 4123 ὀνειδισμὸν
3015 4051 3110 4105 καὶ
3130 4053 3210 4114 είς
3233 4051 3566 4124 διαρπαγὴν,
3608 4053 3741 4121 βασι-

2177 4141 2320 4195 λεύει
2368 4145 2424 4194 ἐν
2469 4143 2811 4213 Χριπιανοῖς
2839 4141 2918 4204 είς
2947 4141 3074 4203 τοὺς
3097 4140 3321 4204 αἰῶνας,
3357 4143 3452 4193 καί¹
3478 4142 3575 4210 τῆς
3606 4141 3739 4210 βασι-

2176 4232 2323 4294 λείας
2373 4230 2536 4284 αύτοῦ
2589 4233 2688 4284 ούκ
2735 4231 2886 4283 ἔσται
2936 4229 3123 4292 τέλος⁶
3151 4229 3273 4282 οὐδὲ
3319 4229 3428 4300 γὰρ
3454 4229 3568 4301 λαῴ
3593 4229 3742 4298 Etim»

2177 4324 2804 4394 ύπολειφθήσεται,κατὰ
2833 4322 2930 4386 τὰς
2963 4324 3178 4393 ὁράσεις
3202 4321 3401 4392 Δανιὴλ
3424 4322 3521 4374 τοῦ
3552 4323 3742 4392 προσή-

2174 4434 2288 4471 του·
2309 4417 2420 4470 ἀλλ’
2437 4415 2896 4488 ἀνακηρύττουσιν
2914 4416 3073 4468 αὐτὸν
3096 4415 3328 4486 Χριστὸν
3355 4414 3580 4483 βασιλέα
3596 4408 3739 4468 εἶναι.

498 4541 609 4597 quo
635 4533 877 4596 tempore
899 4541 1021 4581 cum
1051 4526 1283 4592 veneria,
1307 4541 1404 4581 rex
1427 4525 1667 4580 manebit
1694 4525 1750 4579 in
1779 4524 2000 4588 saecula,
2020 4532 2074 4580 et

2183 4508 2339 4562 αὑτὸν
2377 4508 2573 4578 διαρκῆ
2609 4506 2769 4579 μέχρι
2797 4507 2896 4578 τῆς
2937 4505 3193 4579 δευτέρας
3234 4505 3402 4560 αὑτοῦ
3431 4505 3738 4575 παρουσίας,

497 4617 649 4689 regni
677 4633 797 4688 ejus
826 4633 934 4672 non
959 4617 1065 4673 erit
1087 4617 1231 4673 ﬁnis.
1255 4616 1392 4673 Cum
1414 4617 1559 4672 enim
1583 4623 1746 4672 natus
1765 4631 1834 4671 ex
1855 4613 2079 4686 Virgine

2183 4600 2299 4654 καθ’
2331 4601 2398 4671 ἢν
2425 4600 2794 4671 ἐλευσόμενος,
2827 4601 2977 4670 μένει
3013 4599 3262 4672 βασιλεὺς
3287 4600 3369 4664 είς
3389 4601 3519 4663 τοὺς
3536 4598 3735 4689 αἰῶνας.
3765 4643 3780 4670 I

497 4710 681 4765 omnia
714 4710 1065 4781 compleverit
1104 4724 1226 4781 quae
1254 4714 1504 4778 spectant
1536 4705 1898 4762 oeconomiam
1931 4719 2080 4759 mor-

500 4801 570 4856 tis
598 4808 652 4856 et
681 4800 882 4866 crucis,
909 4807 963 4855 et
989 4807 1116 4871 post
1147 4798 1606 4854 resurrectionem
1629 4797 1826 4852 dixerit
1859 4816 1871 4852 ε
1897 4815 1915 4847 ι
1943 4795 2079 4850 Data

493 4903 582 4950 est
615 4895 748 4949 mihi
795 4895 974 4951 omnis
1007 4900 1253 4964 potestas
1309 4893 1365 4947 in
1411 4892 1552 4947 coelo
1591 4897 1645 4945 et
1678 4889 1734 4944 in
1773 4888 2014 4956 terra";
2057 4909 2076 4942 ι

491 4986 606 5057 jam
628 4987 754 5043 inde
771 4987 1039 5057 regnavit,
1062 4992 1115 5042 et
1139 4985 1578 5040 Christianorum
1603 4999 1696 5038 rex
1716 4980 2044 5051 praedicatur
2063 4983 2077 5020 ε

494 5079 955 5152 quemadmodum
985 5079 1140 5133 initio
1174 5091 1398 5148 precum
1443 5081 1636 5128 mutuo
1662 5071 2072 5142 compellantes,

494 5173 735 5230 clamare
765 5173 944 5228 solent
973 5191 986 5226 :
1015 5169 1229 5234 Venite,
1266 5169 1559 5225 adoremus
1617 5170 1672 5219 et
1721 5163 2076 5233 procidamus

495 5279 681 5321 coram
731 5264 953 5322 Christo
989 5262 1137 5334 Rege
1167 5268 1380 5317 nostro.
1406 5256 1474 5311 Et
1501 5261 1771 5311 venturus
1793 5253 1849 5307 in
1877 5266 2076 5323 magno

494 5363 551 5411 et
573 5356 775 5412 illustri
808 5353 1051 5412 secundo
1087 5354 1321 5408 adventu
1368 5362 1494 5412 suo,
1537 5346 1654 5416 ipse
1693 5342 1935 5398 manebit
1978 5356 2075 5395 rex

496 5449 553 5504 in
580 5447 801 5511 saecula,
827 5453 883 5503 et
910 5443 1065 5517 regni
1096 5443 1217 5513 ejus
1246 5455 1356 5496 non
1383 5438 1491 5494 erit
1531 5435 1678 5491 ﬁnis.
1715 5431 1996 5504 Siquidem
2026 5431 2074 5484 is

573 5601 616 5634 δ’
654 5599 758 5656 lsa.
801 5615 993 5664 nvm,
1056 5596 1146 5651 16.
1252 5595 1298 5627 ³⁸
1339 5587 1778 5664 Zach.__rr,_lo,
1831 5585 1919 5639 ll.

494 5857 671 5917 deest.

2023 5582 2069 5614 ⁸¹
2112 5581 2248 5639 Gen.
2313 5597 2442 5645 χιχ,
2505 5579 2596 5634 24.

439 5725 449 5731 .
495 5672 544 5705 ⁸⁸
582 5652 758 5727 ibid."
787 5652 1063 5724 'rblat'th.
1100 5682 1228 5732 xxi,
1264 5665 1354 5720 45.
1429 5661 1476 5696 ⁸⁸
1514 5659 1707 5715 Matth.
1743 5670 1954 5720 xxvm,
1992 5652 2080 5708 18.

565 5787 677 5859 (68)
719 5785 1138 5861 Ληειίωηηὸτι
1209 5783 1316 5839 ῑδοὺ
1370 5781 1622 5854 ἔρχομαι.
1661 5779 1722 5834 In
1749 5773 1896 5839 aliis,
1950 5769 2059 5824 ίδού
2115 5775 2124 5788 ‘

2178 4692 2273 4745 καὶ
2323 4691 2423 4760 τῆς
2473 4688 2748 4760 βασιλείας
2793 4689 2958 4744 αὑτοῦ
3013 4690 3114 4744 ούκ
3165 4689 3318 4743 ἔσται
3359 4689 3533 4753 τέλος.
3565 4676 3740 4754 Είγέιρ

2179 4779 2454 4852 γεννηθεὶς
2502 4782 2568 4835 ἐκ
2607 4782 2706 4852 τῆς
2738 4780 3035 4853 Παρθένου,
3071 4781 3166 4834 καὶ
3217 4780 3396 4833 πάντα
3426 4779 3649 4841 τελέσας
3681 4777 3739 4827 τὰ

2179 4871 2321 4928 κατὰ
2369 4875 2466 4944 τὴν
2511 4871 2818 4942 οἰκονομίαν
2851 4872 2944 4925 τοῦ
2976 4870 3206 4926 θανάτου
3234 4871 3326 4924 καὶ
3358 4869 3456 4923 τοῦ
3499 4863 3737 4937 σταυροῦ.

2177 4965 2417 5029 ἀναστάς
2443 4982 2606 5037 φησιν
2625 4981 2639 4997 ·
2677 4983 2696 5017 ι
2743 4963 2926 5035 Ἐδόθη
2961 4981 3048 5035 μοι
3083 4965 3231 5016 πᾶσα
3260 4963 3480 5026 ἐξουσία
3508 4962 3566 5013 ἐν
3596 4961 3740 5028 obpa-

2176 5058 2253 5130 νῷ
2281 5060 2372 5113 καὶ
2401 5059 2494 5112 ἐπὶ
2520 5059 2650 5128 γῆς·
2689 5075 2708 5109 ι
2740 5057 2839 5128 ἤδη
2871 5055 3078 5110 ἐκεῖθεν
3117 5055 3452 5117 ἐϐασίλευσε,
3488 5055 3582 5107 κα)⁵
3621 5053 3736 5104 ἀνα-

2177 5151 2505 5225 κηρύττεται
2545 5147 2888 5222 Χριστιανῶν
2927 5145 3214 5217 βασιλεύς·
3252 5145 3327 5209 ὡς
3365 5145 3460 5198 καὶ
3504 5142 3622 5197 κατ’
3650 5142 3734 5208 ἁρ-

2176 5244 2279 5314 χὰς
2321 5244 2431 5298 τῶν
2477 5242 2655 5314 εὐχῶν
2713 5239 3140 5311 συγκαλούμενοι
3196 5235 3473 5307 ἀλλήλους,
3513 5233 3728 5301 ἀνακρά-

2177 5336 2327 5400 ζουσι
2363 5335 2608 5403 λέγοντες
2627 5351 2641 5365 ·
2678 5332 2860 5394 Δεῦτε,
2893 5333 3372 5404 προσκυνήσωμεν,
3398 5328 3489 5380 καὶ
3512 5322 3724 5396 προσπέ-

2179 5443 2362 5498 σωμεν
2411 5425 2560 5496 αύτῷ
2593 5423 2814 5497 Χριστῷ
2843 5424 2922 5496 τῷ
2949 5422 3160 5493 βασιλεῖ
3181 5419 3357 5491 ἡμῶν.
3391 5418 3505 5472 Καὶ
3521 5414 3721 5487 ἐρχόμε-

2698 5581 2743 5612 "
2808 5579 2953 5636 Psal.
2987 5593 3096 5643 clx,
3157 5577 3211 5632 l.
3310 5575 3356 5607 ⁸³
3393 5571 3519 5628 Luc.
3557 5552 3708 5633 ι,ᾝί

2242 5765 2353 5832 (4m
2416 5760 3232 5836 Αηειὶοαη.,παρακελεύοντες.
3273 5755 3462 5830 ριιεω
3517 5747 3705 5806 seem"!

2154 5837 2426 5898 .Nannius
2459 5845 2563 5890 est.
