3924 6530
170 384 270 443 957

1103 386 1338 443 SERMO
1367 387 1431 441 IN
1471 385 2086 443 ANNUNTIATIONEM
2130 385 2478 443 DEIPKRJE.

3309 388 3412 444 938

169 528 251 572 νος
287 529 432 568 κατα
460 510 559 582 τὴν
608 509 846 581 μεγάλην
877 507 970 562 καὶ
1021 506 1260 576 ἐπιφανῆ
1291 504 1453 558 αὐτοῦ
1480 505 1737 576 δευτέραν
1765 560 1767 565 ,

1873 524 1956 578 pse
2001 507 2096 579 qui
2139 523 2204 562 ex
2267 504 2491 576 Virgine
2523 512 2685 560 natus
2725 514 2830 569 est,
2892 521 2991 562 rex
3036 515 3139 570 est,
3185 514 3241 562 et
3301 508 3416 577 ipse

171 602 497 672 παρουσίαν,
522 602 681 665 αὐτὸς
709 603 858 673 μένει
885 601 1132 672 βασιλεὺς
1156 603 1235 664 εἰς
1261 602 1384 664 τοὺς
1408 600 1630 664 αἰῶνας,
1654 601 1746 654 καὶ

1850 597 2110 652 Dominus
2145 595 2306 652 Deus.
2338 595 2578 664 Eiusque
2616 598 2812 666 gratia,
2846 614 2968 667 qua:
3003 598 3179 667 ipsum
3206 600 3414 670 genuit.

169 695 262 760 τῆς
293 694 576 764 βασιλείας
604 695 767 748 αὐτοῦ
799 696 897 748 οὐκ
927 695 1076 748 ἔσται
1107 693 1276 756 τέλος.
1310 693 1419 746 Καὶ
1447 693 1567 744 ἐπεὶ
1587 692 1746 755 αὐτὸς

1873 690 2077 760 {egina,
2112 687 2339 742 Domina
2377 695 2430 741 et
2464 685 2691 757 Deipara
2732 687 2951 758 proprie
2997 702 3062 742 ac
3098 705 3226 745 vere
3275 704 3418 759 prae-

172 786 426 856 βασιλεύς
459 789 605 840 ἐστιν
629 790 657 840 ὁ
682 791 745 840 ἐκ
769 789 870 857 τῆς
905 785 1179 858 Παρθένου
1201 783 1498 853 γεννηθεὶς,
1530 782 1624 836 καὶ
1653 783 1748 836 αύο

1850 783 2083 836 dicatur.

168 880 257 943 τὸς
307 880 518 950 Κύριος
565 881 593 932 ὁ
649 880 799 944 Θεός.
831 883 908 933 Δι’
937 881 1096 933 αὐτὸν
1127 880 1220 932 καὶ
1249 881 1282 948 ὴ
1321 876 1555 931 τεκοῦσα
1587 877 1747 931 αὑτὸν
1787 876 2091 948 βασίλισσα,
2116 878 2212 932 καὶ
2240 877 2418 950 Κυρία
2451 879 2543 932 καὶ
2563 876 2841 942 Θεοτόκος,
2879 877 3079 951 κυρίως
3142 878 3232 932 καὶ
3289 876 3420 947 ἀλη-

171 973 277 1036 θῶς
305 973 715 1042 δογματίζεται.

239 1089 330 1143 ﬂ.
365 1089 480 1142 Καὶ
520 1089 882 1159 ὲφαρμόζεται
917 1088 1207 1142 κάντεῦθεν
1262 1087 1441 1156 λέγειν
1491 1087 1566 1151 ὡς
1613 1086 1748 1158 πρὸς

171 1179 339 1248 αὐτὴν
369 1180 687 1250 ἀφορῶντας
718 1181 882 1249 ἡμᾶς,
914 1182 1008 1232 καὶ
1036 1179 1169 1250 πρὸς
1200 1179 1360 1232 αὑτὸν
1389 1179 1480 1231 τὸν
1504 1177 1560 1244 ἐξ
1582 1177 1749 1246 αὐτῆς

172 1271 436 1341 τεχθέντα
467 1271 802 1342 σαρκοφὸρον
829 1270 956 1322 Υίὸν
990 1271 1188 1339 αὐτῆς⁵
1209 1268 1322 1322 Νῦν
1349 1287 1368 1319 ι
1408 1267 1652 1340 παρέστη
1688 1270 1751 1320 ἐκ

169 1363 362 1428 δεξιῶν
403 1380 496 1416 σου
549 1365 605 1416 ὲν
655 1362 933 1433 ἱματισμῷ
963 1361 1257 1432 διαχρύσῳ,
1295 1360 1750 1432 περιϐεϐλημένη,

174 1454 595 1526 πεποικιλμένη.
631 1475 648 1506 ι
691 1455 797 1507 Καὶ
825 1455 932 1524 γὰρ
969 1454 1113 1508 καθά
1154 1453 1288 1524 γυνὴ
1322 1453 1684 1523 ἐχρημάτισεν
1719 1453 1752 1522 ἡ

174 1547 493 1615 βασίλισσα,
523 1548 617 1601 καὶ
643 1547 845 1618 Κυρία,
879 1548 974 1600 καὶ
1001 1548 1198 1618 Μήτηρ
1227 1547 1319 1599 τοῦ
1353 1544 1509 1609 Θεοῦ,
1541 1542 1757 1596 κατὰτὸ

172 1642 486 1708 γυναικεῖον
510 1640 678 1709 αὐτῆς
709 1638 914 1708 σχῆμα,
949 1638 1042 1691 καὶ
1067 1637 1161 1690 νῦν
1185 1637 1258 1700 ὡς
1303 1636 1582 1707 βασίλισσα
1612 1650 1758 1706 παρ’

173 1733 446 1803 ισταμένη
478 1735 539 1785 ἐκ
567 1730 753 1796 δεξιῶν
795 1731 888 1785 τοῦ
926 1729 1310 1801 παμϐασιλέως
1329 1729 1456 1782 Υίοῦ
1488 1729 1674 1799 αὐτῆς.
1696 1729 1753 1781 ὲν

1924 1084 2011 1138 IL.
2044 1082 2289 1153 IIincque
2316 1084 2471 1138 decet
2495 1098 2592 1137 nos
2617 1098 2735 1136 eam
2762 1083 3137 1152 respicientes,
3172 1098 3272 1138 nec
3313 1100 3419 1138 non

1855 1191 1919 1230 ex
1970 1191 2033 1230 ea
2077 1175 2319 1245 genitum
2376 1173 2707 1228 carniferum
2755 1173 2943 1235 ﬁlium,
2985 1175 3170 1228 dicere
3207 1191 3221 1227 :
3256 1173 3419 1228 Nunc

1862 1288 1880 1320 ι
1910 1268 2080 1324 astitit
2115 1283 2144 1321 a
2178 1267 2384 1322 dextris
2417 1269 2525 1322 tuis
2557 1269 2610 1320 in
2637 1268 2835 1322 vestitu
2865 1268 3149 1332 deaurato,
3178 1268 3420 1322 circum-

1857 1361 2080 1421 amicta,
2109 1360 2442 1414 circumdata
2477 1341 2824 1423 varietate".
2866 1381 2884 1412 ι
2921 1361 2992 1415 Ut
3021 1362 3168 1415 enim
3197 1359 3419 1422 femina.

1856 1449 2060 1521 Regina
2091 1458 2173 1505 est
2203 1458 2364 1521 atque
2397 1450 2625 1505 Domina
2661 1461 2714 1505 et
2740 1450 2907 1507 Mater
2936 1451 3027 1506 Dei
3065 1471 3079 1507 :
3107 1453 3330 1522 jamque
3364 1462 3422 1505 ut

1855 1544 2037 1613 regina
2067 1542 2227 1614 342
2261 1550 2447 1596 astans
2488 1558 2517 1595 a
2561 1541 2769 1597 dextris
2819 1543 3064 1596 omnium
3110 1543 3252 1614 regis
3295 1541 3422 1597 Filii

1856 1638 1964 1700 sui,
1997 1637 2052 1690 in
2082 1638 2278 1691 vestitu
2302 1635 2564 1689 deaurato
2593 1635 3022 1704 incorruptionis
3051 1642 3105 1689 et
3141 1637 3424 1688 immorta-

1856 1727 2044 1791 litatis,
2075 1726 2506 1790 circumamicta,
2539 1726 2800 1780 varietate
2839 1726 3176 1780 circumdata
3199 1765 3212 1789 ,
3251 1730 3426 1780 sacris

176 1821 481 1893 ἱματισμῷ,
501 1822 772 1893 διαχρύσῳ
810 1821 910 1892 τῆς
944 1820 1268 1890 ἀφθαρσίας,
1301 1819 1755 1890 περιϐεϐλημένη.

1873 1816 2042 1872 verbis
2087 1817 2426 1880 celebratur;
2463 1831 2571 1869 non
2617 1816 2836 1885 quidem
2876 1817 3176 1871 secundum
3220 1817 3428 1887 simpli-

175 1914 601 1984 πεποικιλμένη,
633 1914 982 1984 ἱερολογεῖται
1000 1929 1015 1943 ο
1044 1911 1157 1966 ἀνθ’
1187 1906 1261 1966 ὧν
1294 1911 1426 1982 μηδὲ
1449 1911 1568 1964 καθ’
1597 1910 1764 1964 ἁπλό-

174 2023 319 2078 τητα
361 2005 755 2076 πνευματικὴν,
789 2005 882 2058 καὶ⁸
922 1999 1032 2058 οἷον
1073 2004 1311 2076 ἀσαρκον
1342 2001 1761 2073 καὶάσώματον

176 2095 685 2169 παρίσταται,ἀλλὰ
718 2093 1149 2165 περιϐεϐλημένη
1189 2093 1286 2163 μὲν
1323 2092 1463 2146 κατά
1493 2091 1591 2163 τὴν
1625 2109 1762 2145 παν-

175 2189 491 2259 αγεστάτην
530 2187 698 2257 αὐτῆς
742 2186 916 2256 σάρκα
945 2185 1044 2254 τὴν
1081 2183 1388 2255 ἀφθαρσίαν
1442 2183 1534 2236 καὶ
1571 2183 1763 2236 ἀθαναο

177 2284 325 2345 σίαν,
373 2281 469 2334 καὶ
522 2278 911 2348 πεποικιλμένη
946 2275 1089 2331 κατά
1117 2277 1184 2330 τὰ
1216 2277 1561 2348 ὲπερείδοντα
1588 2276 1760 2346 αὐτῆς

172 2373 278 2442 τὴν
312 2371 497 2442 σάρκα
551 2367 937 2437 παναγιῶτατα
972 2368 1125 2421 ὀστᾶ.
1167 2367 1276 2420 Καὶ
1310 2365 1418 2436 γὰρ
1441 2366 1534 2420 καὶ
1561 2367 1627 2418 ὲκ
1653 2366 1761 2418 τῶν

177 2465 407 2534 σαρκῶν
471 2463 638 2533 αὐτῆς
693 2463 786 2514 καὶ
835 2462 899 2513 ὲκ
957 2459 1065 2513 τῶν
1107 2458 1310 2512 ὀστέων
1353 2457 1546 2528 αὐτῆς,
1591 2457 1668 2521 ῶς
1697 2460 1762 2510 ἐκ

175 2555 281 2612 τοῦ
313 2553 484 2607 πάλαι
527 2552 717 2622 Ἀδὰμ,
745 2553 773 2603 ὁ
799 2551 917 2613 νέος
961 2549 1149 2621 Ἀδὰμ,
1208 2551 1328 2603 κατ’
1351 2549 1764 2620 ἀντιπρόσωπον

176 2646 398 2708 ⁴πλάσας
425 2644 600 2715 ἑαυτῷ
626 2644 724 2715 τὴν
765 2643 840 2706 ὡς
870 2643 1108 2715 πλευρὰν
1155 2641 1450 2712 σάρκωσιν,
1482 2641 1634 2711 φέρει
1667 2641 1765 2693 αύ-

173 2740 280 2807 τὴν
308 2737 423 2806 (50)
455 2738 534 2798 εἰς
573 2737 634 2788 τὸ
676 2735 941 2804 διηνεκές.
976 2735 1086 2788 Καὶ¹
1136 2733 1384 2786 ἐντεῦθεν
1434 2735 1467 2803 ἡ
1510 2732 1604 2786 νέα
1632 2733 1763 2795 Εὔα,

177 2831 386 2901 Μήτηρ
406 2830 505 2899 τῆς
530 2828 673 2898 ζωῆς
704 2826 1100 2898 ὀνομαζομένη,
1130 2826 1278 2896 μένει
1306 2824 1763 2897 περιϐεϐλημένη,

179 2920 608 2990 πεποικιλμένη,
652 2921 732 2981 είς
779 2916 1031 2988 ἀπαρχὴν
1065 2916 1206 2987 ζωῆς
1249 2916 1513 2969 ἀθανάτου
1545 2913 1766 2970 ’πάντων

181 3012 294 3065 τῶν
329 3010 568 3076 ζώντων.
596 3009 852 3081 Είπωμεν
870 3009 1048 3062 τοίνυν
1076 3008 1168 3061 καὶ
1195 3002 1349 3070 αὖθις
1373 3009 1466 3060 καὶ
1487 3007 1645 3060 πάλιν
1675 3007 1768 3060 καὶ⁵

183 3104 274 3155 ἀεὶ
303 3104 402 3156 καὶ
419 3102 509 3156 διὰ
537 3101 847 3165 παντὸς,ὠς
867 3101 1002 3172 πρὸς
1023 3100 1182 3154 αὐτὸν
1206 3099 1296 3153 τὸν
1321 3099 1541 3168 βασιλέα
1568 3098 1768 3170 Κύριον

1863 1910 2078 1964 citatem
2113 1909 2451 1978 spiritualem
2479 1917 2532 1962 et
2572 1910 2728 1979 quasi
2766 1909 2886 1963 sine
2922 1924 3088 1964 carne
3118 1916 3172 1964 et
3199 1924 3427 1980 corpore

1861 2010 2021 2065 astat,
2071 2001 2167 2056 sed
2211 2000 2644 2064 circumamicta,
2679 2001 2977 2055 secundum
3003 2017 3158 2057 suam
3190 2004 3427 2057 sanctis-

1861 2093 2052 2145 simam
2085 2105 2327 2156 carnem,
2366 2091 2774 2161 incorruptione
2818 2103 2874 2149 et
2915 2093 3343 2158 immortalitate,
3375 2104 3429 2149 et

1859 2181 2195 2236 circumdata
2227 2183 2510 2246 varietate,
2537 2183 2838 2238 secundum
2871 2198 2994 2239 ossa
3028 2185 3149 2254 ejus
3189 2186 3428 2241 sanctis-

1860 2274 1997 2328 sima
2026 2289 2145 2345 qua:
2176 2290 2398 2330 carnem
2431 2276 2604 2345 ipsius
2635 2275 2882 2332 fulciunt.
2909 2276 3122 2332 Etenim
3153 2293 3217 2332 ex
3251 2279 3431 2332 carni-

1860 2367 1962 2420 bus
1991 2375 2044 2420 et
2091 2367 2310 2423 ossibus
2338 2368 2478 2437 ejus,
2507 2369 2664 2438 quasi
2694 2383 2762 2422 ex
2788 2369 2955 2423 veteri
2997 2370 3228 2434 Adamo,
3256 2387 3430 2426 novus

1861 2459 2029 2512 Adam
2085 2459 2520 2514 lncarnationem
2552 2460 2652 2515 sibi
2677 2460 2834 2530 quasi
2865 2471 3072 2518 costam
3104 2453 3429 2527 eﬁormavit,

1862 2560 2143 2622 gestatque
2187 2552 2332 2605 illam
2361 2552 2415 2604 in
2447 2557 2787 2622 perpetuum.
2819 2552 2995 2625 Atque
3024 2553 3151 2609 hinc
3177 2563 3260 2610 est
3287 2556 3431 2626 quod

1864 2659 2004 2699 nova
2051 2645 2183 2708 Eva,
2237 2642 2406 2696 Mater
2438 2643 2563 2698 vitae
2606 2652 2940 2715 nuncupata,
2976 2656 3158 2701 manet
3205 2649 3434 2702 circum-

1866 2734 2063 2787 amicta
2095 2743 2150 2788 et
2196 2733 2533 2787 circumdata
2586 2734 2868 2800 varietate,
2905 2733 2972 2788 ad
3013 2736 3281 2806 primitias
3313 2741 3436 2792 vitae

1867 2825 2192 2878 immortalis
2226 2823 2469 2879 omnium
2503 2824 2823 2880 viventium.
2846 2825 3100 2882 Dicamus
3131 2828 3295 2898 igitur
3329 2829 3430 2883 ite-

1868 2931 1988 2969 rum
2019 2923 2182 2984 atque
2210 2917 2404 2970 iterum
2435 2931 2648 2987 semper
2672 2927 2726 2972 et
2760 2918 2812 2971 iu
2845 2927 3186 2989 perpetuum,
3211 2935 3335 2974 cum
3366 2921 3435 2974 ad

1867 3010 2046 3079 ipsum
2099 3007 2297 3079 Regem
2329 3007 2617 3062 Dominum
2667 3017 2722 3064 et
2765 3009 2954 3077 Deum,
2988 3020 3100 3065 tum
3150 3013 3217 3067 ad
3260 3004 3435 3083 ipsam

1871 3103 2150 3172 Reginam,
2185 3101 2471 3156 Dominam
2522 3111 2575 3156 et
2630 3101 2913 3173 Deiparam
2963 3105 3338 3174 respicientes,
3370 3121 3438 3160 ex

185 3197 284 3249 καὶ
316 3196 474 3258 Θεὸν,
514 3197 607 3248 καὶ
641 3195 776 3264 πρὸς
802 3194 970 3262 αὐτὴν
1006 3192 1103 3262 τὴν
1135 3191 1448 3261 βασίλισσαν
1481 3189 1688 3261 Κυρίαν
1708 3207 1767 3242 τε

1873 3204 2020 3248 motu
2051 3193 2284 3263 quodam
2305 3194 2778 3263 contemplationis
2795 3195 3095 3265 spiritualis
3129 3210 3192 3250 ac
3226 3197 3440 3267 perspi-

188 3289 284 3340 καὶ
299 3288 563 3340 Θεοτόκον
583 3285 1002 3348 ἀποϐλέποντες,
1025 3285 1236 3355 κινήσει
1260 3282 1490 3354 θεωρίας
1514 3283 1604 3336 τοῦ
1633 3282 1772 3336 κατά

190 3378 317 3432 νοῦν
346 3379 510 3449 ἡμῶν
538 3377 844 3449 διορατικοῦ
876 3376 1152 3447 ὀφθαλμοῦ
1171 3393 1186 3408 ·
1229 3396 1246 3428 ι
1280 3376 1531 3447 Παρέστη
1559 3378 1590 3446 ή
1627 3375 1774 3445 βασί-

190 3471 351 3523 λισσα
384 3472 448 3522 ἐκ
477 3466 664 3532 δεξιῶν
696 3485 788 3522 σου
820 3471 877 3520 ὲν
912 3466 1190 3538 ἱματισμῷ
1222 3467 1520 3537 διαχρύσῳ;
1556 3466 1774 3538 περιϐε-

190 3560 465 3630 ϐλημένη,
493 3559 905 3629 πεποικιλμένη.
945 3577 960 3608 ο
1001 3559 1109 3610 Καὶ
1141 3557 1206 3626 δὴ
1249 3556 1506 3620 ἄκουσον,
1539 3555 1772 3627 θύγατερ

189 3653 358 3707 Δαϐιδ
399 3653 492 3704 καὶ
548 3650 817 3721 Ἀϐραὰμ,
853 3650 945 3702 καὶ
1001 3649 1178 3702 κλῖνον
1208 3649 1270 3700 τὸ
1299 3644 1391 3710 οὖς
1419 3665 1511 3700 σου
1566 3649 1645 3710 είς
1679 3648 1774 3718 τὴν

187 3744 379 3816 δέησιν
440 3742 615 3814 ἡμῶν,
661 3741 755 3794 καὶ
811 3741 886 3812 μὴ
935 3739 1162 3811 ὲπιλάθῃ
1198 3738 1292 3792 τοῦ
1331 3738 1457 3792 λαοῦ
1489 3755 1611 3801 σου,
1645 3737 1776 3808 μηδὲ

192 3839 356 3912 ἡμῶν
386 3837 481 3890 τοῦ
503 3835 650 3888 οἴκου
684 3835 894 3905 Πατρός
925 3851 1037 3888 σου.
1068 3834 1310 3904 Πατέρες
1338 3833 1446 3902 γάρ
1483 3848 1577 3884 σου
1611 3830 1774 3900 ἐσμὲν

195 3931 346 3988 κατά
395 3929 494 4000 τὴν
554 3927 844 3996 ἀναλογίαν
873 3925 1010 3996 (51),
1042 3924 1135 3978 καὶ
1169 3922 1416 3993 θυγάτηρ
1451 3921 1608 3992 ἡμῶν
1639 3920 1778 3974 κατά

190 4023 296 4094 τὴν
325 4020 444 4089 ἐξῆ
455 4016 568 4088 μῶν
604 4017 877 4087 γέννησιν,
907 4016 1000 4068 καὶ
1031 4015 1236 4086 πρέπον
1273 4014 1354 4067 σοί
1381 4015 1526 4066 ἐστιν
1555 4011 1629 4074 ὡς
1655 4011 1776 4080 Μη-

190 4116 331 4184 τέρα
360 4111 454 4164 τοῦ
488 4109 620 4162 Θεοῦ
648 4108 962 4178 γενομένην,
995 4106 1307 4177 βασίλισσαν
1338 4122 1396 4158 τε
1425 4104 1518 4156 καὶ
1546 4102 1774 4170 Κυρίαν,

193 4209 296 4261 καὶ
326 4202 719 4266 δέσποιναν,δι’
749 4201 908 4253 αὑτὸν
935 4201 1026 4253 τὸν
1053 4203 1116 4252 ὲκ
1149 4196 1242 4252 σοῦ
1274 4197 1532 4269 τεχθέντα
1555 4195 1779 4265 βασιλέα

193 4301 296 4355 καὶ
334 4298 562 4368 Κύριον,
614 4296 708 4348 καλ⁵
752 4294 904 4356 Θεὸν,
935 4293 1027 4346 καὶ
1070 4291 1355 4361 δεσπότην,
1399 4287 1775 4360 μνημονεύειν,

195 4388 566 4462 παρεστῶσαν
613 4386 706 4439 ἐπὶ
758 4383 850 4436 τοῦ
886 4385 1014 4454 ἡμῖν
1057 4384 1150 4453 μὲν
1182 4381 1433 4452 φοϐεροῦ,
1463 4381 1544 4432 σοὶ
1569 4379 1625 4431 δὲ
1655 4395 1779 4448 τερ-

195 4480 362 4542 πνοῦ,
399 4479 494 4532 καὶ
547 4476 728 4538 πάσας
779 4474 1105 4543 παρέχοντος
1131 4473 1389 4544 χάριτας·
1433 4470 1549 4524 ἀνθ’
1578 4462 1654 4524 ὧν
1683 4469 1778 4521 καὶ

195 4570 622 4643 κεχαριτωμένη
645 4566 986 4637 ὠνομάσθης,
1016 4565 1090 4628 ὼς
1108 4565 1286 4632 πάσης
1307 4565 1479 4633 χαρᾶς
1495 4561 1777 4623 ἀνάπλεως

196 4663 616 4733 ἀναδειχθείσα,
646 4661 735 4714 διὰ
765 4660 864 4730 τῆς
894 4658 983 4711 ἐπὶ
1020 4658 1078 4710 σὲ
1118 4654 1210 4709 τοῦ
1256 4656 1411 4724 ἁγίου
1464 4654 1780 4724 Πνεύματος

197 4755 567 4813 ὲπελεύσεως.
605 4751 695 4804 Διὸ
724 4750 820 4804 καὶ
859 4748 921 4801 τὸ
963 4745 1248 4818 πρόσωπόν
1283 4762 1374 4798 σου
1414 4744 1779 4805 λιτανεύοντες

197 4851 252 4903 οἱ
287 4846 536 4901 πλούσιοι
564 4843 656 4896 τοῦ
690 4841 820 4896 λαοῦ
849 4838 1297 4908 πεπλουτισμένοι
1319 4835 1572 4890 τοιούτων
1600 4834 1780 4888 καλῶν

201 4943 300 4996 καὶ
343 4933 734 5007 πνευματικῶν
782 4931 1171 5002 θεωρημάτων,
1210 4929 1336 4998 περὶ
1390 4926 1482 4980 σοῦ
1536 4926 1777 4996 βοῶμεν·

199 5030 496 5102 Μνήσθητι
530 5025 708 5097 ἡμῶν,
728 5024 965 5093 παναγία
985 5022 1246 5093 Παρθένε,
1277 5021 1370 5074 καὶ
1415 5019 1550 5090 μετά
1575 5018 1634 5071 τὸ
1659 5035 1781 5086 γεν-

199 5127 370 5195 νῆσαι
401 5121 667 5192 παρθένος
691 5118 942 5190 μείνασα,
972 5118 1065 5170 καὶ
1091 5115 1300 5177 ἀντίδος
1347 5115 1479 5183 ἡμῖν
1514 5113 1633 5164 ἀντὶ
1672 5111 1782 5164 τῶν

204 5215 424 5289 μικρῶν
456 5213 661 5266 τούτων
689 5209 886 5280 λογίων
917 5208 1156 5279 μεγάλας
1185 5207 1284 5268 τὰς
1311 5204 1515 5276 δωρεὰς
1546 5203 1652 5257 ἀπὸ
1688 5203 1782 5256 τοῦ

202 5310 440 5367 πλούτου
486 5306 595 5359 τῶν
625 5302 979 5376 χαρισμάτων
1012 5319 1127 5364 σου,
1163 5297 1574 5369 κεχαριτωμένη
1594 5314 1606 5326 ·
1645 5297 1783 5366 ὑπὲρ

200 5398 300 5468 ὧν,
335 5404 436 5457 καὶ
463 5400 540 5465 ὡς
573 5397 944 5467 ὑποκειμένων
970 5395 1062 5448 καὶ
1095 5389 1431 5446 συστατικῶν
1483 5387 1782 5459 διαφωνῶν,

271 5615 321 5648 ⁸⁷
361 5611 514 5668 Psal.
549 5625 696 5676 XLIV,
734 5608 822 5664 10.
894 5609 940 5640 ⁸⁸
971 5605 1102 5662 ibid.
1140 5604 1226 5657 Η.

275 5807 395 5881 (ω)
429 5807 509 5863 Ita
541 5807 758 5878 Anglic.
785 5801 928 5860 Editi
959 5815 1085 5856 vero
1115 5803 1168 5854 et
1191 5795 1304 5858 alii,
1331 5793 1528 5859 αὑτόν.,

528 5898 800 5958 Ρλτειοι.
849 5895 967 5957 Gn.
1016 5887 1311 5952 XXVIII.

1873 3285 2018 3339 cacis
2043 3286 2185 3339 oculi
2215 3285 2420 3340 nostri:
2447 3307 2464 3334 4
2489 3285 2673 3339 Astitit
2698 3285 2902 3357 Regina
2935 3301 2965 3341 a
2999 3287 3204 3345 dextris
3233 3291 3344 3346 tuis
3384 3291 3439 3345 in

1873 3380 2066 3433 vestitu
2105 3379 2365 3433 deaurato
2389 3417 2404 3440 ,
2445 3379 2873 3443 circumamicta,
2918 3381 3174 3435 varietate
3201 3383 3441 3436 circum-

1875 3469 2020 3524 data.
2047 3489 2065 3522 ι
2087 3469 2271 3540 Etjam
2289 3471 2438 3535 audi,
2457 3470 2566 3524 ﬁlia
2585 3469 2752 3524 David
2775 3479 2827 3526 et
2843 3471 3138 3536 Abraham,
3164 3482 3218 3527 et
3240 3473 3441 3529 inclina

1875 3573 2061 3614 aurem
2115 3572 2262 3616 tuam
2308 3563 2375 3615 ad
2418 3561 2869 3630 supplicationem
2901 3568 3167 3626 nostram,
3208 3580 3275 3618 ne
3302 3565 3443 3619 obli-

1876 3651 2106 3706 viscaris
2134 3653 2319 3722 pepuli
2347 3651 2446 3714 tui,
2466 3667 2641 3721 neque
2664 3660 2909 3706 nostrum
2935 3652 3239 3721 quidomus
3263 3653 3440 3709 Patris

1879 3758 2070 3798 sumus
2104 3744 2183 3798 tui
2204 3743 2271 3798 ⁸⁸.
2304 3741 2494 3797 Patres
2521 3757 2754 3812 namque
2777 3744 2853 3796 tui
2881 3757 3069 3797 sumus
3091 3745 3326 3812 quadam
3354 3760 3441 3798 ra-

1881 3837 2047 3900 tione,
2077 3844 2132 3892 et
2170 3836 2280 3890 ﬁlia
2307 3843 2496 3890 nostra
2529 3844 2586 3889 tu
2629 3851 2689 3889 es
2729 3850 2824 3904 per
2854 3836 3257 3904 generationem
3294 3845 3440 3892 tuam

1879 3943 1943 3983 ex
1976 3929 2133 3983 nobis
2154 3925 2448 3995 :decetque
2471 3935 2542 3990 te,
2567 3933 2751 3995 utpote
2774 3924 2867 3979 Dei
2891 3924 3137 3991 Matrem,
3157 3925 3441 3996 Reginam,

1878 4019 2164 4074 Dominam
2213 4027 2267 4074 et
2316 4021 2524 4082 heram.
2572 4025 2794 4088 prepter
2854 4017 3077 4088 Regem,
3135 4017 3440 4083 Dominum,

1880 4110 2050 4167 Deum
2099 4117 2153 4164 et
2190 4110 2383 4164 herum
2422 4126 2487 4164 ex
2521 4117 2572 4164 te
2616 4117 2825 4173 natum,
2860 4117 3110 4165 nostrum
3143 4110 3446 4178 recordari,

1879 4210 2147 4258 astantem
2179 4202 2255 4255 illi
2309 4202 2405 4272 qui
2429 4202 2690 4256 terribilis
2718 4201 2899 4267 nobis,
2924 4202 3018 4256 tibi
3039 4202 3317 4271 jucundus
3337 4210 3442 4268 est,

1880 4309 2178 4364 omnesque
2207 4294 2306 4348 tibi
2347 4295 2574 4364 largitur
2611 4295 2846 4363 gratias;
2883 4294 3026 4348 unde
3069 4294 3242 4364 gratia
3288 4295 3445 4364 plena

1881 4396 2192 4459 nuncupata
2238 4403 2318 4450 es,
2370 4386 2530 4456 quasi
2581 4386 2732 4440 omni
2787 4386 2971 4441 laetitia
3021 4386 3200 4457 plena,
3229 4395 3450 4458 propter

1882 4481 2170 4536 adventum
2192 4477 2426 4549 Spiritus
2457 4478 2632 4534 sancti
2664 4478 2716 4532 in
2746 4487 2817 4533 te.
2847 4477 3208 4545 Quamobrem
3237 4481 3448 4534 vultum

1883 4583 2034 4626 tuum
2091 4573 2448 4642 deprecamur
2503 4586 2694 4625 omnes
2748 4569 2944 4625 divites
2998 4569 3197 4639 plebis,
3247 4571 3448 4624 talibus

1881 4663 2036 4717 ditati
2073 4662 2230 4718 bonis
2260 4677 2324 4717 ac
2350 4662 2728 4732 spiritualibus
2754 4661 3303 4729 contemplationibus
3337 4678 3351 4713 :
3380 4661 3448 4713 ad

1881 4763 1935 4810 te
1965 4756 2263 4810 clamamus
2293 4773 2307 4809 :
2338 4753 2644 4809 Recordare
2671 4752 3230 4819 nostri,sanctissima
3261 4749 3448 4820 Virgo,

1881 4862 2003 4917 quae
2035 4855 2158 4916 post
2185 4856 2398 4916 partum
2432 4849 2584 4916 virgo
2609 4843 3046 4916 permansisti,et
3079 4843 3259 4897 tribue
3291 4844 3451 4897 nobis

1883 4954 1982 5008 pro
2013 4938 2225 5008 exiguis
2253 4937 2336 4991 bis
2363 4937 2728 4997 sermonibus.
2755 4949 2950 5004 magna
2981 4934 3127 4988 dona
3153 4948 3216 4988 ex
3241 4932 3449 4987 divitiis

1883 5029 2179 5099 gratiarum
2235 5035 2470 5089 tuarum,
2521 5042 2554 5082 o
2603 5026 2776 5096 gratia
2825 5027 2982 5094 plena
3021 5042 3033 5078 :
3071 5039 3172 5093 pro
3227 5024 3448 5093 quibus,

1883 5120 2042 5193 quasi
2062 5122 2208 5177 veris
2245 5130 2299 5175 et
2334 5119 2675 5173 celebrandis
2714 5117 2988 5178 laudibus,
3026 5116 3125 5170 tibi
3169 5116 3238 5170 ad
3285 5129 3452 5169 enco-

1884 5218 2074 5278 mium,
2111 5216 2159 5270 si
2197 5230 2303 5283 qua
2329 5215 2525 5278 virtus,
2559 5213 2604 5268 si
2634 5227 2739 5282 qua
2772 5212 2916 5275 laus,
2949 5225 2980 5264 a
3008 5209 3190 5271 nobis,
3216 5224 3315 5262 nec
3341 5223 3453 5261 non

1885 5309 1952 5363 ab
2004 5307 2153 5362 omni
2191 5313 2440 5361 creatura
2482 5305 2718 5375 hymnus
2744 5303 2991 5366 oﬂ‘ertur,
3028 5301 3201 5371 gratia
3254 5302 3452 5370 plena.

1887 5401 2146 5466 Dominae,
2179 5399 2273 5454 Dei
2307 5397 2464 5452 Matri
2503 5407 2558 5453 et
2591 5412 2732 5453 arca:
2761 5394 3237 5452 sanctiﬁcationis.

1958 5784 2068 5856 (51)
2101 5760 2429 5856 Inmargine
2445 5780 2654 5851 Anglic.
2687 5778 2906 5851 legitur,
2934 5769 3451 5847 [ογιεγενεαλογίαιο.

2069 5905 2073 5909 .
2917 5897 2919 5900 -
3139 5867 3228 5928 30.
3459 5883 3465 5892 -
