3924 6504
523 383 622 436 959

1625 379 1682 435 S.
1725 378 2189 434 ATIIANASEUS.
2232 378 2552 434 -—DUBIA.
3654 381 3742 435 960

518 496 880 568 διαφερόντως
896 511 984 548 σοι
1016 493 1151 565 πρὸς
1173 492 1466 564 ἐγκώμιον,
1496 493 1550 546 εἴ
1581 509 1666 556 τις
1695 494 1889 566 ἀρετὴ,
1924 493 2018 546 καὶ
2045 493 2098 547 ετ
2127 510 2210 556 τις
2251 492 2489 558 ἔπαινος,
2520 493 2856 564 προσάγεται
2909 509 2991 545 σοι
3041 494 3169 564 παρ’
3205 492 3361 563 ἡμῶν
3433 493 3526 546 καὶ
3589 497 3742 567 πάσης

519 590 618 661 τῆς
645 588 873 651 κτίσεως
897 586 1082 657 ὕμνος,
1103 586 1170 655 τῇ
1204 585 1724 658 κεχαριτωμένῃ,ιτῇ
1756 587 1936 658 Κυρίᾳ
1960 586 2092 658 (52),
2131 590 2196 658 τῇ
2232 587 2413 658 Μητρὶ
2438 587 2532 640 τοῦ
2564 586 2721 651 Θεοῦ,
2762 587 2856 640 καὶ
2888 585 3108 656 κιϐωτῷ
3139 585 3232 638 τοῦ
3267 586 3628 655 ἁγιάσματος.

595 684 681 738 l5.
720 681 860 737 Ecce
887 682 999 750 jam
1030 695 1060 733 a
1096 682 1343 750 praesenti
1383 687 1627 750 tempore
1672 689 1726 735 et
1769 682 1930 736 initio
1961 683 2086 742 diei.

2269 683 2352 738 15.
2399 683 2529 738 ’ἰδοὺ
2581 683 2646 754 δὴ
2690 683 2781 736 καὶ
2825 684 2930 736 ἀπὸ
2966 683 3060 736 τοῦ
3092 681 3186 735 νῦν
3221 683 3313 736 καὶ
3347 683 3524 754 ἀρχῆς
3554 685 3742 755 ἡμέρας

521 775 677 846 quasi
708 773 980 844 primitias
1001 771 1232 828 encomii
1269 773 1366 826 tibi
1411 774 1771 844 archangelus
1804 774 2084 829 contexuit

520 863 836 920 clamando:
863 883 882 914 ‹
918 867 1052 928 Ave,
1083 864 1258 935 gratia
1289 864 1466 934 plena,
1491 865 1750 920 Dominus
1771 867 2032 921 tecum”.
2061 886 2079 918 ι

518 957 738 1013 Beatam
776 965 828 1012 te
862 957 1052 1011 dicunt
1083 971 1274 1012 omnes
1313 957 1709 1027 generationes.
1747 959 1822 1012 Ac
1851 958 2084 1028 primum

517 1064 707 1105 omnes
727 1049 978 1106 caelestes
1001 1049 1313 1120 angelorum
1346 1049 1687 1114 bierarchias,
1710 1059 1902 1120 etquae
1923 1065 2086 1120 super

518 1148 717 1195 terram
743 1146 892 1204 sunt,
906 1139 1277 1195 hierarchicas
1295 1155 1491 1195 manus
1515 1139 1910 1203 attollentes,te
1929 1141 2089 1196 bene-

516 1232 706 1286 dicunt
736 1247 857 1303 qua:
893 1232 947 1287 in
985 1232 1140 1287 caelis
1163 1247 1222 1287 es
1244 1230 1547 1296 benedicta,
1578 1241 1630 1288 et
1669 1231 1723 1286 in
1752 1240 1898 1288 terra
1927 1234 2085 1288 beata

401 1373 419 1392 ,
516 1324 850 1395 praedicaris.
887 1342 906 1374 ι
957 1323 1246 1379 Benedicta
1277 1331 1335 1377 tn
1370 1324 1423 1377 in
1456 1323 1779 1380 mulieribus
1815 1333 1870 1378 et
1920 1325 2088 1380 bene-

516 1415 696 1472 dictus
746 1417 958 1470 fructus
995 1415 1203 1470 ventris
1236 1415 1398 1470 tui”.
1433 1438 1450 1466 ι
1479 1414 1759 1484 Ejusmodi
1787 1423 1840 1470 te
1865 1415 2088 1472 benedi-

515 1509 807 1575 ctionibus,
841 1508 1013 1578 prima
1049 1507 1357 1562 liicrarchia
1399 1507 1742 1572 thronorum,
1781 1508 2084 1573 cherubim,

515 1607 570 1656 et
589 1597 890 1670 seraphim,
921 1599 1013 1669 qui
1047 1597 1366 1652 inﬂammati
1399 1599 1766 1670 appellantur,
1794 1598 2087 1653 dicuntur-

515 1708 623 1766 que
667 1707 789 1748 esse
833 1691 1116 1763 plenitudo
1156 1692 1486 1763 cognitionis
1528 1691 1619 1747 Dei
1653 1699 1707 1747 et
1736 1691 1921 1764 Regis,
1945 1692 2089 1748 cele-

516 1787 638 1842 brat
669 1784 858 1839 dicens
887 1804 902 1839 :
934 1783 1228 1839 Benedicta
1260 1793 1318 1837 tu
1355 1785 1408 1837 in
1441 1784 1767 1838 mulieribus
1787 1823 1804 1847 ,
1839 1790 1893 1838 et
1924 1785 2090 1839 bene«

516 1874 697 1930 dictus
744 1883 938 1930 venter
984 1884 1132 1937 tuus,
1172 1874 1264 1944 qui
1297 1873 1466 1928 Deum
1517 1877 1773 1945 gestavit,
1804 1882 1859 1929 et
1899 1875 2086 1937 ubera,

2185 774 2260 839 ὡς
2293 774 2544 846 ἀπαρχὴν
2588 775 2883 845 ὲγκωμίου,
2917 773 3316 846 προσεπλέξατό
3365 790 3449 826 σοι
3502 775 3625 827 κατ’
3665 778 3742 829 i1:-

2185 862 2398 935 ώνυμον
2426 863 2696 935 ἐγκώμιον
2733 867 2762 918 6
2784 865 3116 935 ἀρχάγγελος
3145 864 3303 935 βοῶν·
3335 883 3354 914 ιι
3380 865 3584 935 Χαῖρε,
3610 882 3743 935 κεχα·

2191 956 2480 1027 ριτωμένη,
2535 958 2564 1009 6
2620 956 2822 1028 Κύριος
2877 956 3017 1028 μετὰ
3054 955 3171 1009 σοῦ.
3219 975 3236 1006 ι
3287 957 3664 1027 Μακαρίζουσί
3695 977 3742 1011 σε

2187 1047 2354 1099 πᾶσαι
2387 1047 2442 1099 αἱ
2476 1046 2677 1114 γενεαὶ,
2702 1046 3081 1118 καὶπρότερον
3105 1047 3160 1099 αἱ
3192 1047 3312 1100 κατ’
3334 1047 3572 1122 οὐρανὸν
3599 1051 3741 1102 πᾶσαι

2183 1139 2290 1190 τῶν
2311 1138 2551 1207 ἀγγέλων
2580 1138 2890 1210 τετραρχίαι
2913 1139 3046 1209 (55),
3071 1140 3164 1192 καὶ
3184 1139 3293 1193 τῶν
3317 1141 3410 1192 ἐπὶ
3437 1136 3567 1210 γῆς,
3589 1141 3745 1212 ίεραρ-

2186 1230 2343 1300 χικὰς
2383 1233 2569 1301 χεῖρας
2599 1229 2941 1302 ὲπαίρουσαι,
2973 1229 3253 1299 εὐλογοῦσί
3286 1248 3345 1284 σε
3376 1233 3479 1302 τὴν
3512 1235 3575 1286 ὲν
3605 1234 3741 1306 οὐρα-

2185 1326 2293 1387 νοῖς
2324 1323 2709 1394 εὐλογημένην,
2731 1323 2822 1377 καὶ
2849 1324 2941 1376 ἐπὶ
2969 1323 3072 1394 γῆς
3105 1323 3574 1396 μακαριζομένην.
3613 1344 3630 1376 ι
3663 1325 3745 1378 Εὐ-

2185 1412 2456 1485 λογημένη
2499 1416 2562 1468 σὺ
2592 1415 2649 1466 ὲν
2688 1415 2925 1483 γυναιξὶ,
2961 1415 3054 1467 καὶ
3091 1413 3457 1484 εὐλογημένος
3496 1417 3524 1468 6
3558 1417 3744 1487 καρπὸς

2184 1508 2282 1579 τῆς
2323 1496 2670 1570 κοιλίαςσου.
2707 1527 2725 1560 s
2760 1508 2992 1562 Τοιαῦτα
3013 1509 3046 1578 ἠ
3068 1507 3254 1578 πρώτη
3291 1507 3400 1562 τῶν
3435 1508 3644 1578 θρόνων
3671 1525 3744 1578 χε-

2187 1599 2384 1672 ρουϐίμ
2419 1617 2475 1653 τε
2509 1600 2604 1653 καὶ
2650 1600 2892 1671 σεραφὶμ
2928 1601 3171 1673 ίεραρχία
3199 1601 3534 1673 ὲμπρηστῶν
3569 1601 3749 1655 ἀνακα-

2184 1691 2480 1763 λουμένων,
2517 1691 2551 1762 ἢ
2580 1691 2781 1761 πλῆθος
2813 1690 3066 1760 γνώσεως
3099 1692 3351 1761 γενέσθαι
3380 1692 3479 1746 τοῦ
3513 1693 3648 1746 Θεοῦ
3669 1695 3746 1747 καὶ

2190 1783 2470 1856 βασιλέως,
2487 1782 2799 1852 εὐλογοῦσαι
2815 1783 3059 1852 λέγουσι·
3086 1785 3348 1855 Μακαρία
3371 1785 3435 1838 σὺ
3457 1787 3517 1855 ἐν
3533 1785 3744 1852 γυναιξὶ.

2189 1877 2282 1931 καὶ
2317 1876 2560 1948 μακαρία
2608 1877 2642 1947 ἡ
2694 1875 2869 1929 κοιλία
2904 1892 2995 1928 σου
3031 1875 3162 1929 Θεὸν
3187 1875 3526 1946 βαστάσασα,
3551 1878 3640 1930 καὶ
3662 1894 3747 1946 μα-

517 1983 639 2037 qua:
665 1967 845 2022 infans
879 1967 996 2038 ipse
1028 1966 1195 2021 suxit.
1226 1965 1480 2021 Secunda
1504 1965 1812 2022 bierarcbia
1839 1967 2086 2021 domina-

2191 1969 2345 2033 σθοὶ,
2401 1968 2495 2032 οὒς
2551 1968 2711 2032 αὐτὸς
2761 1967 3032 2040 νηπιάσας
3081 1967 3364 2041 ὲθήλασεν.
3418 1969 3486 2022 Ἡ
3542 1968 3743 2040 δευτέρα

519 2059 749 2125 tionum,
784 2037 1144 2123 virtutum,et
1176 2064 1532 2129 potestatum,
1555 2057 1625 2113 ad
1677 2068 1730 2113 te
1782 2059 2086 2128 respiciens

2191 2061 2441 2133 ίεραρχία
2486 2061 2594 2114 τῶν
2647 2037 2979 2132 κυριοτήτων
3017 2061 3111 2114 uel
3137 2037 3438 2131 δῦνάμεων,
3479 2061 3576 2114 καὶ
3611 2037 3743 2124 ἐξον-

518 2152 735 2217 clamat,
761 2160 920 2222 prout
955 2152 1164 2207 scilicet
1194 2151 1384 2206 didicit
1425 2167 1455 2206 a
1485 2152 1804 2207 sublimiore
1845 2160 1900 2207 et
1937 2154 2086 2222 prius

2191 2153 2319 2208 σιῶν
2339 2153 2472 2224 πρὸς
2491 2153 2550 2206 σὲ
2569 2152 2966 2206 ἁναὸλέπουσαι
2991 2152 3204 2223 βοῶσιν,
3217 2153 3291 2216 ὡς
3317 2152 3589 2222 μαθοῦσαι
3613 2152 3742 2224 παρὰ

519 2243 733 2299 initiata
771 2241 1077 2298 hierarcbia
1111 2261 1124 2297 :
1153 2241 1444 2298 Benedicta
1472 2253 1528 2298 tu
1555 2244 1610 2299 in
1658 2244 2003 2312 mulieribus,
2036 2250 2086 2300 et

2189 2247 2286 2316 τῆς
2317 2245 2652 2318 ὑψηλοτέρας
2681 2244 2858 2299 αὐτῶν
2880 2244 2974 2298 καὶ
2989 2244 3422 2317 προτελουμένης
3459 2244 3736 2314 ἱεραρχίας”

518 2333 834 2390 benedictus
857 2342 1045 2390 venter
1067 2334 1322 2406 tuus,qui
1346 2334 1514 2390 Deum
1538 2335 1830 2398 continuit,
1849 2343 1900 2389 et
1924 2336 2086 2389 ubera

2190 2337 2540 2409 Εὐλογημένη
2570 2338 2633 2391 σὺ
2669 2338 2726 2390 ὲν
2752 2335 2998 2405 γυναιξὶ,
3030 2336 3126 2390 καὶ
3153 2336 3496 2407 εὐλογημένη
3525 2337 3558 2406 ἡ
3595 2336 3746 2389 κοιλία

516 2440 638 2497 quae
684 2426 994 2482 nutrierunt
1043 2425 1210 2482 Deum
1266 2425 1530 2482 infantem
1591 2425 1818 2481 factum.
1880 2427 2086 2484 Similia

2193 2446 2306 2493 σου,
2346 2431 2380 2499 ἡ
2443 2429 2574 2483 Θεὸν
2626 2430 2940 2501 χωρήσασα,
2977 2428 3070 2481 καὶ
3126 2427 3319 2498 μασθοὶ
3367 2427 3415 2479 o'i
3472 2426 3744 2497 ἐξέθρεψεν

516 2531 755 2590 quoque,
789 2517 947 2572 tertia
976 2516 1405 2589 principatuum,
1431 2518 1748 2588 angelorum
1775 2527 1831 2575 et
1857 2520 2086 2574 archan-

2189 2521 2320 2575 Θεὸν
2354 2520 2562 2575 παιδίον
2615 2520 2923 2590 γενόμενον.
2956 2518 3190 2573 Τοιαῦτα
3249 2520 3343 2573 καὶ
3387 2521 3418 2591 ή
3462 2521 3616 2592 τρίτη
3653 2519 3743 2573 τῶν

516 2609 761 2682 gelorum
817 2608 1147 2674 liierarcbia,
1194 2609 1350 2678 jussa
1397 2624 1428 2664 a
1469 2610 1722 2664 mittente
1761 2610 1872 2666 Deo
1904 2621 1964 2666 ut
1998 2628 2086 2682 per

2190 2612 2394 2683 ἀρχῶν,
2433 2610 2679 2681 ἀγγέλων
2701 2627 2758 2664 τε
2793 2611 2886 2664 καὶ
2917 2609 3272 2682 ἀρχαγγέλων
3311 2610 3586 2680 ἱεραρχία,
3608 2627 3742 2663 κεκε-

517 2716 686 2756 unum
751 2699 1136 2770 archangelum
1201 2698 1530 2769 Gabrielem,
1609 2701 2086 2773 magniﬁcentissi-

2190 2704 2460 2775 λευσμένη
2491 2704 2584 2757 καί
2618 2702 3064 2774 ὲπιτετραμμένη
3106 2701 3255 2774 παρὰ
3293 2701 3386 2754 τοῦ
3414 2702 3745 2756 ἀποστείλαν-

517 2807 689 2859 mum,
723 2799 777 2847 et
826 2792 996 2846 multa
1042 2793 1491 2862 complectentem
1533 2794 1793 2866 hymnum
1825 2795 2086 2850 concele-

2189 2813 2280 2859 τος
2337 2792 2492 2857 Θεοῦ,
2551 2795 2627 2858 ὼς
2680 2795 2747 2849 δι’
2795 2793 2912 2858 ἑνὸς
2969 2793 3304 2866 ἀρχαγγέλου
3383 2792 3481 2846 τοῦ
3538 2793 3746 2864 Γαϐριὴλ

515 2879 656 2947 bret,
689 2897 906 2954 semper
933 2881 1134 2937 clamat
1168 2901 1181 2938 :
1222 2901 1240 2934 ι
1273 2883 1406 2947 Ave,
1427 2885 1600 2953 gratia
1626 2885 1804 2954 plena,
1831 2883 2086 2940 Dominus

2191 2886 2386 2959 ἑκϐοᾷν
2428 2886 2539 2954 (54)
2574 2886 2663 2939 τὸν
2708 2883 3245 2956 ὲκφαντορικὼτατον
3294 2886 3389 2938 καὶ
3445 2885 3743 2956 περιληπτι-

517 2984 716 3032 tecum.
749 2994 768 3028 ι
799 2975 880 3030 Ab
914 2976 981 3032 iis
1009 2973 1208 3042 edocti,
1239 2991 1340 3032 nos
1371 2977 1464 3046 qui
1497 2985 1727 3032 terrenre
1755 2993 1948 3033 sumus
1973 2979 2086 3034 hie-

2191 2976 2428 3032 κώτατον
2441 2976 2627 3047 ὕμνον,
2642 2976 2726 3029 ἀεὶ
2740 2978 2877 3030 ἁνακ
2886 2977 3055 3047 ρὰζει·
3081 2994 3098 3028 ι
3118 2977 3308 3048 Χαῖρε,
3333 2977 3743 3048 κεχαριτωμένη,

517 3070 766 3134 rarcbite,
799 3069 1158 3124 exultationes
1208 3068 1303 3124 Dei
1356 3069 1411 3125 in
1457 3077 1676 3141 gutture
1723 3071 1980 3135 ferentes,
2005 3069 2086 3124 vel

2189 3071 2218 3123 6
2244 3069 2449 3141 Κύριος
2495 3067 2632 3138 μετὰ
2675 3069 2789 3121 σοῦ.
2842 3088 2860 3120 ι
2898 3067 3031 3121 Ἀπὸ
3056 3067 3260 3121 τούτων
3292 3068 3387 3121 καὶ
3415 3070 3467 3121 οἱ
3501 3069 3639 3122 κατὰ
3667 3066 3742 3136 τὴν

515 3161 735 3216 easdem
767 3159 995 3215 mutuati
1035 3175 1219 3227 voces,
1263 3168 1317 3216 te
1366 3162 1670 3217 exaltamus
1702 3161 1863 3234 353
1893 3177 2086 3232 magna

2189 3162 2282 3215 ἐπὶ
2309 3161 2411 3232 γῆς
2441 3161 2722 3232 ίεραρχίαν
2754 3160 2852 3224 τὰς
2879 3159 3114 3230 ὑψώσεις
3154 3158 3249 3213 τοῦ
3293 3159 3430 3213 Θεοῦ
3472 3161 3529 3212 ἐν
3562 3159 3638 3229 τῷ
3669 3158 3741 3211 λά-

514 3259 571 3307 et
622 3249 728 3304 alta
788 3265 920 3306 voce
979 3258 1242 3306 canentes
1276 3271 1289 3306 :
1345 3269 1364 3302 ι
1398 3251 1531 3318 Ave,
1559 3255 1735 3324 gratia
1773 3256 1954 3326 plena,
1983 3254 2086 3308 Do-

2194 3267 2354 3322 ρυγγι
2378 3250 2654 3323 φέροντες,
2689 3248 2950 3321 μαθόντες
2978 3249 3010 3320 ἢ
3041 3249 3408 3319 δανειζόμενοι
3434 3248 3535 3311 τὰς
3564 3246 3737 3317 φωνᾶς.

515 3342 698 3397 minus
725 3349 924 3396 tecum.
952 3361 969 3393 ι
994 3342 1269 3399 lntercede
1299 3359 1396 3414 pro
1426 3345 1584 3402 nobis
1609 3345 1834 3400 Domina
1859 3354 1912 3401 et
1936 3347 2085 3411 hera,

2189 3343 2496 3414 ἀννψοῦμεν
2529 3342 2736 3413 μεγάλῃ
2766 3342 2859 3396 καὶ
2881 3338 3184 3412 διαπρυσίῳ
3209 3342 3274 3410 τῇ
3305 3341 3454 3409 φωνῇ
3499 3337 3736 3406 λέγοντες*

518 3432 726 3504 Regina
770 3441 823 3488 et
875 3431 1048 3488 Mater
1093 3433 1210 3499 Dei,
1238 3437 1364 3506 quia
1395 3452 1461 3492 ex
1494 3437 1652 3493 nobis
1682 3445 1801 3491 orta
1831 3452 1890 3492 es
1919 3447 1998 3500 tu,
2034 3445 2086 3492 et

2196 3454 2214 3486 ι
2249 3437 2456 3506 Χαῖρε,
2520 3433 2950 3504 κεχαριτωμένη,
3005 3435 3034 3486 6
3093 3431 3295 3504 Κύριος
3362 3431 3502 3501 μετὰ
3567 3430 3682 3485 σοῦ.
3715 3450 3730 3481 ι

518 3523 610 3592 qui
659 3540 724 3579 cx
778 3533 830 3580 le
885 3527 1102 3594 genitus
1152 3541 1370 3584 carnem
1425 3537 1604 3599 gestat
1665 3527 1808 3584 Deus
1851 3536 2084 3583 noster:

2190 3526 2488 3597 Πρέσϐευε,
2518 3525 2714 3595 Κυρία,
2763 3525 2856 3578 καὶ
2907 3524 3182 3586 δέσποινα,
3220 3524 3508 3594 βασίλισσά
3560 3540 3617 3576 τε
3664 3526 3732 3576 καὶ

517 3631 677 3688 quem
709 3616 864 3670 decet
899 3617 1070 3687 gloria
1109 3625 1164 3672 et
1196 3619 1624 3691 magniﬁcentia,
1659 3620 1950 3690 omnisque
1989 3620 2086 3674 ho-

2189 3619 2389 3690 Μήτηρ
2428 3617 2586 3682 Θεοῦ,
2621 3618 2760 3689 ὑπὲρ
2801 3617 2990 3688 ἡμῶν
3027 3618 3109 3670 ὃτι
3151 3618 3208 3683 ἐξ
3252 3615 3408 3687 ἡμῶν
3435 3617 3498 3669 σύ
3533 3634 3589 3669 τε
3615 3617 3735 3670 καὶὸ

517 3723 641 3772 nor,
673 3707 918 3762 adoratio
949 3717 1001 3762 et
1034 3710 1334 3780 gratiarum
1389 3713 1554 3776 actio,
1579 3727 1705 3767 cum
1761 3710 1924 3766 Patre
1966 3710 2086 3781 ejus

2188 3712 2252 3764 ὲκ
2281 3709 2373 3763 σοῦ
2406 3709 2612 3781 τεχθεὶς
2639 3709 2974 3782 σαρκοςρόρος
3011 3708 3139 3772 Θεὸς
3165 3708 3355 3779 ἡμῶν·
3388 3702 3432 3776 ᾧ
3486 3709 3670 3778 πρέπει
3706 3709 3732 3776 ἡ

519 3799 676 3854 initio
705 3809 944 3867 carente,
980 3808 1035 3854 et
1076 3809 1290 3867 sancto,
1327 3803 1471 3858 bono
1501 3804 1827 3874 viviﬁcoque
1881 3800 2086 3872 Spiritu

2189 3801 2316 3868 δόξα
2350 3803 2444 3854 καὶ
2485 3804 2516 3871 ὴ
2550 3801 3010 3874 μεγαλοπρέπεια,
3040 3799 3189 3854 πᾶσά
3220 3816 3278 3852 τε
3308 3800 3442 3870 τιμὴ
3477 3799 3568 3853 καὶ
3595 3815 3730 3868 apos-

518 3906 664 3946 nunc
684 3898 737 3944 et
763 3906 976 3963 semper
1004 3901 1056 3947 et
1087 3893 1142 3946 in
1167 3894 1367 3948 saecula
1405 3895 1754 3949 saeculorum.
1785 3895 1977 3947 Amen.

2191 3891 2415 3963 κύνησις
2449 3892 2542 3946 καὶ
2571 3890 2909 3964 εὐχαριστία,
2945 3890 3041 3945 σὺν
3080 3890 3158 3962 τῷ
3189 3891 3412 3960 ἀνάρχῳ
3464 3889 3619 3943 αὐτοῦ
3646 3889 3732 3940 Πα-

517 3988 625 4060 τρὶ,
646 3989 740 4042 καὶ⁸
765 3989 842 4061 τῷ
866 3991 1026 4062 ἁγίῳ,
1051 3989 1144 4044 καὶ
1171 3986 1380 4059 ἀγαθῷ,
1410 3989 1504 4041 καὶ
1524 3986 1774 4058 ζωοποιῷ
1795 3984 2093 4057 Πνεῦματι,
2127 3984 2222 4039 νῦν
2246 3986 2338 4038 καὶ
2363 3986 2468 4050 ἀεὶ,
2495 3985 2590 4039 καὶ
2617 3987 2696 4048 είς
2730 3984 2856 4048 τοὺς
2890 3983 3090 4048 αἰῶνας
3119 3982 3226 4036 τῶν
3257 3981 3492 4037 αἰώνων.
3525 3983 3693 4054 Ἀμήν.

591 4105 636 4137 ³⁸
679 4103 812 4160 Luc.
852 4122 904 4170 ι,
929 4107 1020 4160 28.

568 4197 904 4268 (32)Anglic.
943 4203 1006 4271 τῇ
1027 4203 1107 4253 Κυ
1152 4202 1289 4272 ius;
1327 4198 1712 4270 βασιλίσση,τῇ
1731 4196 2004 4267 δεσποίνῃ,
2023 4197 2090 4267 τῇ

568 4268 720 4324 incol.
740 4268 1024 4324 Basilicus.
1045 4281 1098 4324 et
1116 4203 1336 4324 gelo}.
1364 4275 1430 4324 τῆ
1460 4259 1658 4324 κυρία.
1680 4271 1746 4324 τῆ
1775 4267 2086 4324 βασιλίσσῃ.

515 4259 1024 4409 ῐέξιείιιειιὲ.
1045 4281 1098 4325 et
1116 4259 1261 4325 Félc.
1281 4259 1338 4332 τί,
1364 4275 1430 4342 τῇ
1460 4259 1658 4342 κυρία,
1680 4259 1746 4340 τῇ
1775 4259 2086 4338 βασιλίσσῃῖ

2271 4192 2380 4262 (55)
2409 4193 2468 4246 F.
2499 4195 2792 4265 ἰεραρχίαι.

2269 4266 2381 4334 (54)
2419 4264 2632 4336 Anglic.
2661 4265 2789 4336 βοᾷν
2817 4264 3174 4334 simpliciter.‘

925 4533 998 4586 IN
1025 4531 1400 4587 SERMONEM
1440 4531 1527 4586 DE
1564 4531 1814 4596 CENSU,
1858 4530 1988 4586 SEU
2026 4529 2534 4587 DESCRIPTIONE
2578 4528 2898 4584 DEIPAIUE
2941 4527 3340 4585 ADMONITIO.

588 4644 744 4700 dunc
781 4647 1061 4702 Athanasii
1102 4664 1212 4702 esse
1254 4650 1458 4718 putavit
1506 4647 1681 4702 Lucas
1728 4647 2078 4709 Holstenius,
2133 4647 2223 4718 qui
2276 4647 2665 4715 ineptissimum
2703 4647 2858 4699 illum
2882 4644 3168 4716 Dialogum
3193 4688 3208 4712 ,
3234 4644 3523 4714 Josephum
3552 4647 3671 4698 inter
3692 4653 3732 4696 et

517 4738 724 4791 beatam
771 4737 1054 4809 Virginem,
1096 4740 1184 4810 qui
1213 4756 1360 4795 num.
1395 4739 1428 4794 6
1460 4741 1685 4810 legitur,
1739 4739 2138 4807 interpolatoris
2185 4737 2414 4807 alicujus
2462 4736 2694 4790 audacia
2725 4736 2966 4790 additum
3014 4737 3179 4806 fuisse
3219 4737 3563 4805 suspicatur,
3606 4736 3730 4802 cujus

514 4830 750 4898 opinioni
779 4833 1070 4905 suﬂ‘ragari
1119 4834 1255 4902 forte
1300 4832 1580 4888 vidcantur
1614 4833 1944 4903 Lipomanus
1968 4843 2020 4887 et
2061 4832 2277 4898 Surius,
2308 4831 2398 4902 qui
2428 4832 2565 4884 hunc
2612 4839 2900 4885 tractatum
2932 4832 2988 4885 in
3045 4831 3175 4885 Vitis
3208 4841 3538 4894 sanctorum,
3568 4829 3732 4883 antisse

516 4920 738 4995 Dialogo
774 4923 999 4980 edidere.
1034 4924 1136 4980 Sed
1165 4942 1283 4979 cum
1314 4925 1570 4996 Dialogus
1598 4926 1688 4980 ille
1718 4926 1772 4979 in
1818 4924 2195 4992 manuscriptis
2237 4923 2477 4977 erunibus
2507 4938 2625 4992 quae
2669 4923 2925 4991 inspicere
2955 4923 3108 4976 licuit
3152 4929 3453 4990 compareat
3474 4959 3490 4980 ,
3538 4931 3731 4991 quorum

512 5013 727 5083 quidam
760 5026 882 5072 sunt
909 5031 1004 5072 occ
1037 5017 1247 5070 circiter
1276 5034 1560 5081 annorum,
1593 5017 1925 5071 arbitramur
1959 5017 2024 5069 ab
2060 5016 2175 5085 ipso
2206 5014 2370 5069 Surio
2424 5024 2474 5068 et
2525 5013 2818 5083 Lipomano
2847 5054 2864 5077 ,
2914 5025 3092 5080 utpote
3144 5015 3426 5068 ridiculum
3453 5054 3467 5076 ,
3508 5020 3730 5066 resectum

511 5104 696 5173 fuisse.
731 5107 956 5162 Etiamsi
980 5124 1136 5177 porro
1171 5107 1254 5160 hic
1290 5107 1545 5178 Dialogus
1595 5107 1862 5162 ascititius
1898 5116 2056 5167 esset,
2100 5105 2270 5158 multa
2323 5107 2435 5159 alia
2467 5114 2796 5173 superessent
2847 5104 3059 5169 νοθείας
3111 5107 3286 5185 signa.
3339 5103 3577 5157 Primum
3618 5100 3734 5154 enim

512 5199 738 5252 multum
766 5199 1007 5254 abhorret
1031 5198 1126 5253 hoc
1157 5197 1483 5267 Opusculum
1520 5197 1584 5251 ab
1621 5197 1904 5252 Athanasii
1933 5197 2032 5250 illa
2053 5198 2318 5266 gravitate
2363 5207 2414 5252 et
2453 5198 2582 5267 styli
2620 5196 2889 5268 ἐνεργείᾳ.
2929 5196 2987 5249 2°
3017 5195 3214 5258 Multa,
3242 5211 3337 5261 pro
3361 5193 3614 5264 Opusculi
3637 5191 3734 5243 breo

511 5296 692 5354 vitate,
725 5291 929 5344 insueta
959 5288 1208 5344 vocabula
1235 5289 1318 5342 hic
1349 5298 1582 5352 exstant,
1617 5298 1675 5342 ut
1707 5298 1785 5342 est
1815 5288 1949 5342 illud
1981 5305 2086 5342 κυνι

2186 5289 2514 5352 ωσσοῦντας,
2544 5289 2680 5343 illud
2717 5290 2843 5343 item
2879 5288 3048 5360 μαζὸς
3087 5288 3383 5360 ἁγιόριζος,
3412 5288 3551 5355 γάλα
3575 5286 3734 5354 ξενορ-

515 5380 660 5453 ρυές,
692 5391 740 5435 et
767 5380 1111 5451 φλεϐοσυλία.
1156 5379 1288 5434 Item
1321 5396 1466 5434 num.
1507 5382 1557 5443 7,
1588 5391 1869 5450 postquam
1893 5381 2094 5433 dictum
2126 5377 2228 5447 fuit
2253 5378 2524 5433 stabulum
2556 5380 3038 5435 Betltlehemiticum
3071 5390 3247 5450 typum
3273 5395 3449 5450 gerere
3479 5376 3730 5434 Ecclesia,

511 5474 695 5542 paucis
725 5473 1011 5541 interjectis
1036 5472 1146 5525 Itazc
1198 5472 1441 5541 leguntur
1465 5487 1483 5524 :
1515 5472 1716 5543 Θρόνος
1755 5474 1787 5543 ἡ
1817 5471 2086 5542 Παρθένος

2186 5472 2456 5543 κρατῆρες
2492 5473 2540 5525 οί
2578 5473 2786 5543 μαζοὶ,
2849 5472 3164 5526 ἀναϐόλαιον
3217 5473 3250 5542 ὴ
3304 5470 3728 5540 ἐνανθρὼπησκ.

513 5566 830 5638 ριπιστῆρες
852 5565 919 5618 τὰ
942 5565 1224 5636 χερουὸὶμ,
1249 5565 1430 5630 δίσκος
1459 5565 1523 5618 τὸ
1577 5565 1730 5634 ἅγιον
1770 5563 2015 5634 Πνεῦμα,
2046 5563 2074 5614 ὁ

2186 5565 2286 5635 τὴρ
2309 5564 2747 5635 δισκοκάλυμμα.
2799 5565 2932 5631 Qute
2980 5565 3261 5635 nugatoria
3305 5580 3418 5619 esse
3449 5579 3592 5617 nemo
3637 5576 3725 5613 non

509 5656 772 5721 fatemur;
799 5658 914 5728 quis
951 5657 1088 5710 enim
1128 5657 1262 5725 [erat
1295 5656 1553 5725 Spiritum
1584 5657 1754 5719 disco,
1789 5655 2007 5709 Patrem
2039 5656 2174 5711 disci
2203 5657 2448 5726 operculo
2487 5657 2753 5725 conferri,
2786 5658 2875 5710 ubi
2908 5658 3080 5727 angeli
3113 5655 3443 5710 sacerdotum
3465 5695 3479 5716 ,
3509 5661 3723 5722 pastores

509 5748 853 5800 diaconorum
881 5748 1045 5817 ofﬁcio
1073 5746 1363 5817 funguntur
1385 5789 1401 5815 ,
1443 5759 1499 5802 ut
1531 5747 1722 5802 ibidem
1746 5747 1962 5802 dicitur.
1997 5747 2096 5801 His
2120 5748 2202 5826 de.
2222 5749 2399 5802 causis
2429 5748 2705 5804 homiliam
2733 5750 2891 5804 istam
2919 5765 3188 5805 censemus
3224 5747 3508 5803 Athanasio
3535 5740 3719 5813 abjudi-

510 5849 682 5892 catam
714 5847 966 5907 oportere.
1009 5835 1383 5905 Pra'fatiauem
1431 5853 1590 5908 porro
1625 5837 1891 5894 IIolstenii
1930 5839 2267 5909 subjicimus.
