4022 6382
315 361 399 418 9H
1242 353 1474 410 SERMO
1512 351 1580 407 IN
1619 347 2248 406 ANNUNTIATIONEM
2288 346 2641 404 DEIPABE.
3441 350 3548 406 MS

319 495 588 559 l’rmfatio
619 497 972 584 Hons'remt
1003 495 1078 584 in
1127 501 1366 584 septem
1402 488 1700 584 homilias
1730 505 1874 567 qum
1920 504 2045 584 noti
2083 494 2579 584 consequenter,
2604 483 2724 584 sed
2763 484 2944 584 Juxta
2979 502 3192 584 rerum
3243 489 3305 547 et
3350 501 3547 567 argu-

671 575 871 638 menti
902 564 1502 637 ordinem'inferius
1539 564 1765 646 positae
1797 574 1972 628 sunt.
2008 568 2166 626 Sunt
2197 574 2414 626 autem
2446 564 2730 626 homines
2763 564 3140 643 hujusmodi
3179 583 3197 625 :

376 816 414 870 I.
455 815 518 869 In
549 813 946 884 descriptionem
975 814 1080 866 sive
1117 826 1327 864 censum
1359 808 1524 862 beatae
1573 804 1823 875 Virginis.

375 905 436 962 ll.
476 908 535 961 In
568 907 698 962 illud
732 905 920 960 Matth.
958 919 1069 968 xxi,
1099 901 1155 962 2.
1191 901 1270 954 Ite
1296 901 1351 953 in
1379 898 1673 960 castellum,
1704 894 1839 966 quod
1865 904 2046 948 contra
2079 910 2164 946 vos
2197 900 2296 948 est.

375 999 458 1053 lli.
500 998 557 1053 In
591 999 722 1054 illud
752 999 910 1052 Lucas
935 1013 1046 1062 xix,
1079 996 1167 1056 '56,
1214 993 1384 1046 Eunte
1411 1000 1583 1044 autem
1605 989 1718 1052 illo,
1751 987 2147 1042 substernebant
2179 989 2503 1041 vestimenta.

375 1089 459 1146 IV.
501 1089 565 1143 In
603 1088 661 1144 S.
701 1090 935 1160 quintam
972 1088 1180 1156 feriam,
1211 1093 1261 1138 et
1287 1082 1630 1152 proditionem
1659 1079 1834 1133 ludat.

377 1182 438 1238 V.
484 1182 550 1237 In
585 1182 646 1238 S.
687 1183 916 1244 Pascha,
948 1191 995 1234 et
1022 1183 1075 1234 in
1100 1194 1274 1232 recens
1309 1175 1658 1238 illuminatos,
1683 1171 1914 1226 Sabbato
1941 1172 1995 1224 in
2030 1169 2202 1223 Albis.

375 1273 464 1328 Vl.
507 1273 574 1327 In
605 1287 798 1326 ca'cttm
823 1290 855 1326 a
889 1272 1182 1331 nativitate,
1210 1267 1366 1321 Joan.
1399 1281 1454 1320 lx

375 1364 486 1450 Vll.
528 1363 595 1418 In
620 1362 723 1420 SS.
763 1364 948 1418 Patres
976 1371 1024 1417 et
1049 1359 1354 1430 prop/tetas,
1391 1366 1439 1412 et
1483 1351 1838 1410 venerandam
1868 1348 2184 1413 Ecclesium,
2220 1349 2586 1422 psalmumque
2610 1351 2927 1406 tricesimum
2965 1362 3234 1424 quartum.

1887 1485 1962 1507 ﬂ

1367 1577 1598 1634 LUCAS
1637 1574 2131 1633 IIOLSTENIUS
2179 1571 2522 1631 LECTORI.

375 1699 510 1756 Cum
541 1699 652 1756 divi
676 1698 963 1754 Athanasii
995 1712 1158 1769 opera
1191 1695 1378 1752 recudi
1430 1710 1461 1750 a
1503 1695 1859 1766 typographis
1898 1692 2168 1756 audirem,
2205 1708 2319 1746 rem
2356 1707 2442 1746 me
2476 1690 2748 1747 facturum
2782 1692 3088 1747 existimavi
3111 1698 3164 1746 et
3191 1691 3412 1762 publico
3441 1697 3550 1748 uti-

329 1805 431 1854 cm,
469 1805 571 1845 nec
599 1790 757 1846 bonis
785 1789 1070 1859 doctisque
1103 1787 1370 1856 ingratam
1393 1825 1408 1849 ,
1439 1785 1486 1841 si
1516 1792 1712 1840 caetera
1749 1783 2085 1840 sanctissimi
2126 1780 2311 1837 Patris
2339 1782 2600 1836 ἀνέκδοτα
2627 1784 3028 1856 conquirerem,
3055 1793 3108 1840 et
3139 1786 3194 1840 in
3227 1785 3404 1842 lucem
3443 1786 3547 1840 hac

310 1883 593 1937 occasione
623 1882 999 1952 producerem.
1049 1877 1254 1948 Collegi
1305 1892 1435 1948 ergo
1487 1890 1655 1947 opera
1698 1876 2056 1930 tumultuaria
2101 1890 2166 1930 ex
2201 1873 2663 1929 Christianissimi
2713 1874 2876 1946 Regis
2921 1876 3266 1945 bibliotheca,
3296 1887 3458 1949 atque
3485 1891 3550 1932 ex

308 1969 385 2026 Cl.
429 1979 486 2024 et
516 1969 584 2022 ll.
617 1967 678 2022 P.
727 1967 1028 2034 Sirmondi,
1063 1967 1312 2036 meisque
1362 1964 1581 2020 schedis
1635 1965 1891 2019 homilias
1947 1972 2158 2036 septem
2191 1961 2473 2017 Athanasii
2512 1964 2734 2021 nomine
2781 1975 3150 2036 prtenotatas:
3185 1983 3362 2038 neque
3406 1969 3554 2024 enim

309 2062 588 2117 Athanasii
619 2076 810 2128 omnes
834 2074 954 2115 esse
991 2058 1214 2122 Credat,
1253 2057 1342 2112 cui
1371 2057 1455 2134 vel
1484 2056 1773 2112 minimum
1808 2058 1862 2111 in
1899 2056 2053 2111 hisce
2094 2055 2292 2111 studiis
2317 2053 2534 2124 judicii,
2563 2057 2767 2128 quique
2798 2059 2879 2113 vel
2905 2059 3082 2115 obiter
3113 2067 3325 2115 tantum
3357 2069 3555 2114 caetera

307 2156 420 2225 ejus
447 2153 654 2224 scripta
681 2154 1003 2223 inspexerit.
1044 2152 1318 2220 Quocirca
1351 2165 1418 2206 ne
1444 2149 1717 2205 carbones
1750 2150 1996 2205 thesauri
2029 2150 2151 2204 loco
2185 2148 2472 2204 venditare
2503 2150 2713 2217 videar,
2751 2153 3105 2208 indicandum
3134 2153 3326 2224 paucis
3359 2152 3555 2208 existi~

309 2248 470 2312 mavi,
496 2247 638 2302 unde
668 2247 915 2317 singulas
934 2245 1402 2316 deprompserim;
1440 2252 1554 2298 tum
1581 2257 1759 2297 meam
1795 2243 1862 2298 de
1891 2243 1959 2298 iis
1992 2241 2344 2308 sententiam,
2374 2243 2528 2298 nullo
2546 2254 2728 2300 tamen
2764 2248 3013 2303 veritatis
3029 2257 3123 2302 aut
3149 2251 3555 2321 κριτικωτέρων

309 2338 641 2410 pmjudicio,
677 2337 925 2408 proferre
959 2337 1122 2392 volui.
1172 2334 1358 2389 Primo
1383 2348 1513 2404 ergo
1548 2333 1670 2388 loco
1696 2341 1982 2404 comparet
2017 2332 2261 2389 Homilia
2287 2336 2341 2388 in
2379 2335 2783 2405 descriptionem
2818 2336 2886 2393 Β.
2929 2337 3184 2410 Virginis,
3221 2348 3349 2397 ante
3375 2341 3554 2396 trien-

309 2432 452 2487 nium
482 2451 513 2487 a
544 2448 631 2487 me
664 2431 860 2487 Oxonii
904 2431 959 2485 in
989 2429 1192 2485 celebri
1235 2430 1326 2484 illa
1355 2428 1649 2484 Bodleiana
1699 2429 2028 2484 bibliotheca
2062 2444 2126 2484 ex
2158 2429 2236 2486 ill.
2272 2431 2475 2500 equitis
2505 2429 2725 2486 Henrici
2773 2430 2963 2486 Savilii
3017 2435 3353 2492 membranis
3399 2444 3555 2490 tran-

306 2523 530 2593 scripta.
560 2521 756 2593 Beperi
795 2521 1040 2576 eamdem
1081 2521 1134 2575 in
1183 2521 1423 2591 quinque
1453 2531 1548 2575 aut
1579 2536 1673 2576 sex
1722 2519 1890 2590 regiis
1937 2519 2243 2586 codicibus,
2275 2523 2608 2577 assumentis
2639 2524 2969 2594 quibusdam
3015 2529 3317 2583 auctiorem
3353 2547 3366 2583 :
3425 2543 3552 2586 cum

307 2616 501 2683 quibus
529 2622 584 2670 et
606 2612 674 2668 Η.
714 2613 780 2668 P.
804 2612 1083 2668 Sirmondi
1118 2613 1396 2681 exemplar
1424 2609 1610 2666 Romae
1635 2612 1972 2684 descriptum
2019 2613 2315 2668 consentit.
2350 2613 2540 2670 Latine
2566 2615 2886 2685 iampridem
2913 2632 3034 2689 eam
3060 2619 3352 2676 ediderunt
3380 2620 3554 2693 Lipo~

306 2723 497 2761 manus
526 2714 582 2762 et
611 2705 808 2760 Surius
839 2706 894 2759 in
925 2702 1063 2758 Vitis
1095 2711 1430 2770 sanctorum,
1463 2705 1556 2759 sed
1589 2705 1931 2775 paraphrasi,
1959 2714 2019 2759 ut
2052 2707 2248 2771 solent,
2275 2707 2520 2761 liberiori
2549 2725 2562 2761 :
2619 2707 2674 2761 in
2707 2724 2815 2778 qua
2850 2685 3110 2781 Dialogus
3160 2711 3282 2778 ille,
3327 2729 3396 2769 ne
3420 2685 3555 2785 q-uid

306 2801 524 2868 gravius
545 2799 748 2861 dicam,
773 2797 936 2867 plane
967 2797 1382 2864 intempestivus
1417 2796 1560 2849 inter
1589 2792 1887 2864 Josephum
1920 2807 1973 2850 et
2008 2795 2222 2850 beatam
2257 2791 2559 2866 Virginem,
2585 2798 2772 2851 nescio
2807 2807 2990 2852 utrum
3015 2798 3187 2855 Graeci
3229 2805 3558 2874 exemplaris

307 2892 440 2953 title,
467 2905 535 2944 an
559 2889 776 2943 illorum
803 2886 1034 2956 judicio.
1059 2885 1300 2939 oniissus
1330 2893 1434 2938 est.
1464 2884 1574 2954 Ego
1600 2890 1658 2937 ut
1691 2885 1746 2937 in
1784 2884 2176 2954 manuscriptis
2217 2883 2502 2940 codicibus
2530 2886 2740 2955 reperi,
2789 2887 2860 2940 ita
2893 2888 3033 2942 bona
3066 2888 3170 2944 fide
3202 2903 3556 2961 reprzesento,

307 2983 441 3036 bona
476 2982 656 3048 malis,
686 2992 742 3035 et
769 2979 976 3052 χρύσεα
1003 2975 1278 3048 χαλκείοις
1316 2976 1597 3043 permista.
1632 2972 1819 3044 Neque
1867 2975 2039 3030 solius
2084 2975 2373 3031 Athanasii
2416 2990 2480 3031 ca
2513 2974 2752 3040 fortuna,
2787 2986 2846 3032 ut
2885 2977 3358 3049 ineptissimorum
3388 2983 3561 3039 inter-

308 3077 608 3146 polatorum
644 3089 838 3128 manus
866 3073 1095 3136 subiret,
1127 3087 1252 3125 cum
1279 3069 1682 3140 Cltrysostomi,
1717 3068 1934 3134 Procli,
1963 3070 2305 3139 aliorumque
2336 3069 2588 3125 bomilias
2613 3109 2627 3131 .
2665 3071 2936 3127 similibus
2965 3074 3283 3144 sequiorum
3331 3076 3560 3131 saeculo-

306 3180 427 3222 rum
457 3166 678 3236 ineptiis
704 3164 937 3220 fmdatas
973 3164 1027 3216 in
1052 3161 1241 3216 iisdem
1272 3161 1436 3230 regiis
1466 3159 1752 3213 codicibus
1785 3158 2109 3213 invenerim.
2148 3157 2215 3211 Et
2241 3158 2426 3213 fucum
2456 3158 2744 3216 manifeste
2767 3171 3006 3232 arguunt
3031 3162 3316 3234 Lipomani
3339 3175 3394 3220 et
3414 3163 3560 3221 0xo~

305 3255 516 3310 niensis
543 3253 836 3309 academize
863 3251 1196 3322 exemplaria
1232 3268 1244 3305 :
1277 3265 1400 3303 cum
1433 3249 1503 3304 ab
1536 3249 1644 3302 illis
1679 3248 1918 3318 penitus,
1947 3250 2016 3302 ab
2040 3249 2145 3304 hoc
2179 3260 2361 3304 autem
2388 3266 2640 3321 magnam
2668 3262 2875 3322 partem
2901 3265 3216 3312 assumeuta
3240 3259 3330 3312 illa
3353 3259 3557 3319 absint.

304 3346 654 3417 Golnparatio
698 3347 968 3416 spelunca:
1026 3342 1485 3398 Bethlehemitica:
1533 3349 1587 3396 et
1621 3341 1877 3396 Ecclesiae
1916 3343 2126 3411 prolixe
2155 3357 2185 3394 a
2212 3353 2404 3398 sancto
2441 3343 2713 3400 Germano
2743 3349 2800 3400 ὲν
2829 3351 2894 3419 τῇ
2924 3354 3162 3422 μυστικῇ
3199 3351 3402 3426 θεωρίᾳ
3435 3369 3562 3424 per-

306 3444 615 3491 tractatur:
650 3437 705 3490 in
735 3451 796 3491 ea
822 3444 1002 3489 tamen
1031 3433 1083 3488 id
1109 3433 1390 3504 proprium
1405 3431 1687 3486 Athanasii
1709 3441 1812 3498 est,
1837 3432 1984 3502 quod
2012 3431 2309 3503 Josephum
2342 3435 2719 3508 ἐφημερευτήν
2752 3441 3008 3507 appellat,
3035 3456 3169 3498 voce
3208 3444 3339 3499 mihi
3373 3447 3562 3502 hactt-

305 3547 410 3586 nus
438 3531 632 3586 nullibi
666 3531 822 3587 lecta.
873 3532 1142 3590 Vicarium
1177 3536 1349 3600 verti,
1383 3551 1507 3590 cum
1534 3533 1876 3588 commodius
1919 3533 2055 3587 nihil
2097 3542 2431 3588 occurreret.
2468 3534 2676 3588 Alludit
2707 3544 2891 3591 autem
2939 3538 3006 3592 ad
3058 3542 3404 3612 ἐφημερίας,
3445 3545 3562 3602 sive

304 3623 456 3679 vices
490 3625 833 3684 sacerdotum
865 3624 1256 3695 Leviticorum,
1291 3642 1523 3698 quarum
1547 3634 1601 3681 et
1642 3625 1699 3678 Β.
1737 3624 1914 3680 Lucas
1947 3640 2068 3696 cap.
2109 3640 2125 3678 ι
2165 3625 2430 3678 meminit.
2472 3625 2612 3691 Quid
2657 3625 3011 3694 φλεόοσυλίας
3041 3646 3138 3685 vox
3167 3633 3272 3688 sibi
3303 3635 3431 3688 velit
3456 3637 3561 3695 sub

309 3715 417 3768 line
445 3712 568 3782 ejus
599 3712 762 3786 344
798 3713 1056 3782 homilias,
1083 3718 1317 3788 ingenue
1351 3717 1525 3771 fateor
1556 3730 1644 3769 me
1669 3716 1885 3769 nescire
1916 3733 1929 3769 ε
1955 3729 2054 3769 nec
2087 3713 2444 3769 eruditissimi
2475 3717 2599 3778 viri,
2627 3732 2764 3786 quos
2784 3733 2846 3773 ea
2880 3734 3044 3789 super
3068 3737 3125 3777 re
3155 3725 3562 3791 consului,.no-

306 3807 439 3861 dum
489 3808 642 3861 illum
674 3810 928 3879 expedire
978 3818 1294 3881 potuerunt.
1345 3809 1609 3866 Versione
1643 3809 1738 3872 ita,
1777 3810 1854 3863 uti
1907 3809 2176 3863 sententia
2208 3823 2501 3878 exposcere
2544 3811 2774 3875 videtur,
2811 3820 3088 3884 utcunque
3141 3820 3414 3887 expressi,
3457 3799 3560 3878 nec

309 3899 471 3970 longe
502 3915 588 3955 me
607 3900 678 3956 ab
705 3901 990 3957 Athanasii
1018 3911 1198 3958 mente
1224 3904 1512 3959 aberrasse
1536 3908 1687 3972 puto.
1720 3898 2001 3966 Sequentes
2027 3897 2162 3952 duas
2192 3896 2440 3952 homitias
2471 3914 2536 3954 ex
2564 3902 2727 3954 unico
2754 3899 2925 3972 Regio
2957 3907 3254 3976 exemplari
3288 3914 3558 3966 transcri-

310 3992 434 4063 psi:
469 3991 754 4050 Athanasii
779 4010 875 4050 eas
906 4011 1031 4051 esse
1060 4011 1192 4051 sane
1233 3995 1584 4059 crediderim,
1616 4007 1792 4064 neque
1833 3991 2132 4062 quidquam
2179 3990 2357 4053 video,
2390 4005 2490 4046 cur
2523 3992 2682 4046 aliter
2709 3993 2970 4062 judicem.
3000 3995 3262 4062 Quartam
3311 4000 3458 4054 illam
3501 4004 3557 4061 in

310 4095 370 4149 S.
405 4107 653 4162 magnam
679 4092 918 4161 quintam
947 4091 1137 4161 feriam
1158 4131 1174 4157 ,
1213 4107 1282 4146 ex
1309 4090 1500 4146 eodem
1533 4088 1703 4160 Regio
1728 4089 1920 4146 codice
1958 4097 2014 4144 et
2047 4089 2111 4143 Β.
2139 4087 2200 4142 Ρ.
2236 4087 2514 4142 Sirmondi
2549 4089 2844 4158 exemplari
2877 4103 3228 4160 repraesento.
3286 4094 3461 4154 Habet
3494 4116 3557 4156 ea

309 4187 659 4242 characteres
687 4183 801 4238 sive
840 4193 997 4238 notas
1028 4197 1320 4252 expressas
1368 4181 1493 4252 styli
1535 4178 1895 4234 Athanasiani

1990 4177 2184 4232 Pliotio
2215 4176 2557 4245 observatas,
2585 4176 2647 4229 τὸ
2675 4178 2964 4250 ἀπέριττον
2988 4181 3082 4233 καὶ
3111 4181 3170 4234 τὸ
3201 4183 3387 4256 δριμύ,
3416 4198 3474 4242 ut
3503 4199 3557 4245 ιιι

310 4279 504 4351 quinta
527 4278 617 4331 illa
641 4279 694 4330 in
719 4274 777 4332 S.
808 4271 1034 4340 Pascha,
1065 4292 1185 4330 meo
1207 4274 1416 4346 judicio
1455 4274 1697 4329 omnium
1731 4273 1933 4343 optima
1964 4281 2018 4326 et
2044 4269 2474 4342 elegantissima,
2500 4284 2663 4340 quam
2699 4271 2792 4326 uni
2832 4269 2893 4325 P.
2930 4269 3225 4330 Sirmondo
3259 4277 3522 4336 debemus
3542 4322 3558 4345 ,

312 4373 408 4443 qui
438 4371 625 4425 Romae
655 4369 752 4424 abs
783 4383 841 4423 se
870 4368 1202 4437 descriptam
1232 4366 1566 4438 perbenigne
1613 4379 1828 4420 mecum
1863 4364 2307 4419 communicavit.
2358 4359 2655 4416 Sabbatum
2685 4363 2785 4433 τῆς
2815 4363 3180 4437 ἀπολυσίμου.
3229 4385 3339 4441 quo
3375 4371 3444 4427 ad
3475 4389 3561 4427 re-

308 4477 444 4519 cens
473 4459 778 4529 baptizatos
809 4471 926 4511 eam
957 4456 1197 4510 habitam
1255 4455 1542 4525 inscriptio
1591 4463 1827 4508 testatur
1849 4493 1862 4517 ,
1919 4453 2194 4522 appellant
2222 4451 2436 4518 Graeci,
2479 4452 2626 4521 quod
2674 4453 3012 4510 Dominicam
3050 4457 3104 4512 in
3135 4443 3308 4525 Albis,
3337 4464 3474 4531 sive,
3499 4475 3560 4520 ut

309 4559 477 4614 iidem
502 4562 724 4620 vocant,
745 4551 1026 4624 Κυριακὴν
1044 4549 1136 4603 τοῦ
1167 4549 1496 4619 Ἀντιπάσχα
1514 4546 1792 4618 ριἐειξθάίῑ,
1809 4561 1897 4615 qm

1971 4543 2251 4600 Paschalis
2270 4545 2556 4610 festivitas,
2579 4552 2695 4599 toto
2715 4547 2936 4602 octiduo
2965 4549 3091 4603 olim
3124 4553 3397 4620 celebrata
3421 4559 3559 4625 (δια-

309 4645 641 4716 καινήσιμον
671 4655 788 4696 eam
816 4639 1172 4707 septimanam
1203 4635 1516 4693 Graecorum
1549 4637 1776 4690 rituales
1805 4633 1931 4688 libri
1958 4641 2176 4699 vocant,
2202 4637 2272 4689 ob
2297 4635 2556 4697 ﬁdelium,
2589 4635 2645 4688 ni
2665 4633 2843 4702 fallor,
2873 4653 2972 4707 per
2999 4625 3341 4710 baptismatis
3377 4663 3561 4705 sacra.

310 4747 558 4793 mentum
587 4730 1036 4802 revocationem),
1068 4745 1132 4786 eo
1161 4729 1250 4786 die
1285 4729 1552 4792 finiretur,
1575 4735 1858 4797 cmtusque
1889 4727 2031 4782 sacri
2062 4727 2404 4781 solverentur
2424 4763 2439 4790 ,
2490 4724 2546 4780 id
2580 4726 2724 4780 enim
2762 4728 2907 4782 λύειν
2946 4733 3060 4787 sive
3083 4735 3338 4791 ἀπολύειν
3391 4740 3558 4799 iidem

309 4837 536 4892 vocant,
570 4824 714 4879 unde
746 4833 1056 4894 postremus
1085 4822 1412 4876 solemnium
1449 4821 1717 4875 festorum
1753 4819 1871 4874 dies
1893 4818 2155 4882 ἀπόλυσις
2193 4818 2468 4888 quondam
2500 4821 2821 4885 vocabatur,
2855 4823 2999 4892 quod
3033 4840 3098 4879 ex
3135 4826 3336 4884 Basilio
3369 4830 3560 4888 Seleu-

307 4922 485 4976 ciensi
523 4918 755 4986 aliisque
780 4914 1102 4985 jampridem
1132 4911 1198 4966 ν.
1231 4911 1313 4966 Cl.
1366 4920 1421 4968 et
1465 4911 1839 4967 amicissimus
1884 4908 2127 4964 Joannes
2162 4909 2432 4964 Meursius
2457 4911 2514 4965 in
2545 4910 2828 4968 Glossario
2863 4931 2963 4969 suo
2992 4916 3201 4973 docuit.
3251 4921 3329 4976 Eo
3373 4933 3557 4989 autem

309 5014 558 5067 Sabbato
589 5007 916 5064 Christianae
943 5006 1151 5060 militia:
1191 5005 1420 5070 tirones,
1467 5019 1662 5074 magno
1690 5002 1931 5058 Sabbato
1960 5002 2285 5072 baptizatos,
2305 5002 2458 5058 albas
2491 5013 2673 5061 vestes
2702 5007 3023 5078 deposuisse
3056 5014 3242 5071 notius
3271 5024 3374 5078 est.
3393 5036 3558 5089 quam

307 5114 368 5158 ut
400 5102 638 5158 indicari
667 5101 908 5166 debeata

383 5195 574 5264 Rejeci
609 5192 827 5248 tandem
849 5192 905 5246 in
944 5190 1102 5245 linem
1127 5189 1262 5244 duas
1288 5189 1562 5254 Itomilias,
1597 5203 1718 5258 quae
1746 5197 1944 5258 praeter
1977 5187 2196 5240 titulum
2228 5187 2364 5241 nihil
2398 5190 2578 5259 magni
2617 5191 2763 5246 illius
2795 5191 3082 5250 Athanasii
3108 5197 3310 5256 habent
3338 5221 3352 5258 :
3392 5212 3486 5260 aut
3513 5209 3561 5264 si

306 5305 555 5360 unquam
586 5303 712 5342 eum
747 5296 952 5356 patrem
993 5291 1369 5355 agnoverunt,
1406 5286 1479 5336 ita
1527 5298 1677 5336 nunc
1705 5280 2048 5351 interpolata:
2077 5288 2227 5343 sunt,
2262 5281 2677 5338 utAthanasius
2710 5285 2846 5354 ipse,
2880 5286 2924 5341 si
2960 5303 3054 5345 eas
3082 5290 3283 5362 legeret
3311 5337 3326 5362 ,
3367 5313 3560 5355 earum

302 5380 699 5436 auctoritatem
728 5378 1030 5447 defugeret,
1056 5376 1110 5429 in
1149 5375 1349 5444 quibus
1379 5389 1480 5428 nec
1512 5373 1662 5438 vola,
1700 5372 1846 5444 quod
1877 5371 2054 5438 aiunt,
2085 5385 2186 5426 nec
2211 5372 2497 5442 vestigium
2537 5373 2741 5442 ingenii
2777 5377 3008 5450 stylique
3042 5381 3190 5439 illius
3220 5389 3556 5456 agnoscitur,

301 5476 469 5530 Prior
496 5483 682 5527 tamen
717 5473 821 5526 ista
851 5472 902 5525 in
936 5486 1130 5526 carcum
1158 5479 1365 5533 natum,
1399 5469 1580 5523 minus
1612 5470 1982 5524 contaminata
2010 5473 2096 5522 est
2125 5482 2154 5520 a
2184 5466 2516 5520 rhetorculis
2545 5466 2690 5531 istis,
2724 5470 2817 5540 qui
2857 5487 2923 5527 ex
2954 5475 3178 5545 Optimis
3202 5476 3302 5538 SS.
3329 5479 3555 5538 Patrum

299 5571 552 5629 homiliis
587 5567 835 5636 dialogos
866 5568 1138 5638 pessimos
1171 5564 1331 5620 nobis
1361 5565 1784 5620 concinnarunt.
1836 5563 2028 5620 Prodit
2057 5577 2120 5617 ea
2161 5577 2227 5616 ex
2257 5559 2424 5632 Regio
2452 5563 2828 5635 manuscripto
2853 5607 2868 5634 ,
2912 5569 3200 5626 emendata
3247 5580 3430 5631 tamen
3461 5576 3560 5631 ali—

293 5673 441 5738 quot
474 5663 615 5718 locis
645 5677 714 5716 ex
736 5659 798 5714 P.
829 5661 1105 5715 Sirmondi
1139 5660 1457 5730 exemplari,
1493 5659 1652 5729 cujus
1683 5676 1785 5730 ope
1818 5659 2035 5730 egregie
2061 5658 2270 5728 aliquot
2303 5657 2420 5711 loca
2449 5658 2687 5714 restitui.

371 5758 670 5813 Postrema
701 5753 793 5809 illa
844 5754 897 5806 in
935 5751 1034 5808 SS.
1077 5751 1264 5806 Patres
1316 5762 1367 5804 et
1415 5753 1783 5822 patriarchas,
1829 5751 2171 5825 ineptissima
2204 5760 2307 5817 est,
2339 5759 2393 5805 et
2444 5752 2561 5825 ipso
2606 5768 2736 5810 rure
2775 5756 3064 5816 inﬂcetior.
3102 5759 3294 5835 Reperi
3325 5779 3443 5820 eam
3497 5765 3554 5821 in
