4022 6382
488 349 594 415 945
1607 348 1669 404 S.
1703 334 2087 393 ATHANASIU

2195 364 2266 375 —
2304 331 2526 388 DUBIA.
3622 319 3727 375 9η

494 473 659 527 unico
684 470 856 543 Regio
878 468 1084 529 codice,
1109 480 1218 535 quo
1243 460 1379 517 nihil
1413 473 1498 513 me
1528 457 1705 525 magis
1731 454 2030 509 barbarum
2064 450 2269 505 vidisse
2299 446 2545 510 memini,
2578 444 2714 500 adeo
2737 442 2886 497 nulla
2910 440 3313 513 orthographia
3345 446 3438 493 aut
3466 447 3729 493 constru-

492 564 693 633 ctionjs
729 530 867 615 ralia
900 559 1060 614 isthic
1083 530 1322 612 servata.
1348 559 1404 605 et
1434 558 1543 604 tota
1571 547 1717 600 vitiis
1743 546 2012 606 scatebat,
2044 554 2280 612 quorum
2323 538 2615 593 maximam
2650 547 2853 606 partem
2895 535 3125 598 sustuli,
3179 533 3253 588 ita
3287 541 3349 586 ut
3375 531 3480 602 legi
3526 530 3729 585 intelli-

494 624 657 722 gique
673 652 786 721 jam
814 655 995 720 queat.
1036 644 1311 699 Potuisset
1357 640 1477 696 sine
1508 637 1713 694 scelere
1738 634 1937 701 omitti,
1968 633 2072 687 nisi
2103 629 2408 687 doctissimi
2444 628 2546 682 viri
2574 627 2696 696 ejus
2720 626 3048 680 auctoritate
3095 622 3427 694 jampridem
3460 622 3519 675 in
3547 621 3729 677 crucis

497 710 604 797 Esi:
624 710 899 813 probando
920 736 1319 805 asserendoque
1346 731 1578 786 fuissent
1607 728 1713 783 usi.
1765 725 2009 792 Quorum
2039 738 2140 793 ego
2174 721 2442 792 judicium
2478 718 2826 773 vehementer
2865 716 2969 770 hac
2998 716 3053 769 in
3097 721 3250 785 parte
3275 712 3556 769 desidero.
3594 710 3726 765 Nam

496 805 717 904 qua-de
742 831 1066 902 imaginibus
1100 827 1203 884 sub
1235 825 1394 880 ﬁnem
1438 822 1712 892 leguntur,
1745 816 2211 872 lconoelastarum
2249 822 2490 881 tempora
2521 809 2772 880 sapiunt,
2824 807 3002 878 iisque
3055 807 3360 876 impostor,
3410 805 3724 875 quicunque

501 897 717 981 demum
750 924 797 977 is
831 897 1013 987 fuerit,
1040 917 1209 974 veluti
1240 930 1403 972 sorex
1433 928 1536 968 suo
1566 911 1776 981 judicio
1805 906 2094 963 manifeste
2124 920 2182 960 se
2210 902 2410 974 prodit.
2442 901 2583 959 Loca
2613 900 2926 971 Scriptura,
2951 914 3071 970 qua
3116 898 3414 969 imaginum
3446 897 3570 952 usui
3611 913 3730 967 pro-

495 1018 673 1076 bando
724 1018 1042 1084 afferuntur,
1073 1010 1365 1069 admodum
1402 1005 1799 1081 ἁπροσδιόνυσσ
1841 1009 1969 1057 sunt
2003 1019 2019 1056 :
2053 1000 2087 1053 ιι

2191 1040 2192 1048 χ
2222 999 2367 1055 enim
2404 999 2459 1052 in
2494 998 2660 1052 verbo
2691 996 2942 1068 γράφειν,
2970 1011 3079 1066 quo
3113 993 3286 1049 Graci
3316 1002 3372 1049 et
3401 993 3729 1064 scripturam

496 1118 552 1166 et
605 1111 872 1181 picturam
910 1105 1219 1179 promiscue
1273 1102 1602 1174 signiticant.
1654 1095 1809 1163 Quod
1848 1094 1915 1149 de
1957 1092 2231 1147 Zacharia
2250 1091 2514 1163 sanguine
2548 1090 2774 1154 scribit,
2827 1096 2984 1144 notas
3013 1088 3132 1158 ejus
3157 1096 3209 1143 et
3233 1088 3465 1159 vestigia
3496 1088 3553 1145 in
3591 1095 3731 1148 saxis

495 1207 814 1277 apparuisse
834 1245 850 1268 ,
880 1204 932 1258 id
954 1210 1009 1259 et
1038 1200 1360 1257 Tertulliani
1392 1194 1717 1250 auctoritate
1745 1189 2098 1246 confirmatur
2128 1186 2317 1258 cap.'8
2365 1186 2635 1255 Scarpiaci
2668 1185 2960 1257 :quamvis
2989 1182 3047 1239 Β.
3103 1181 3473 1257 Hieronymus
3516 1188 3569 1241 iu
3602 1203 3729 1242 mu

496 1298 690 1355 Matth.
732 1305 793 1353 ut
835 1298 983 1368 pium
1005 1302 1368 1351 commentum
1399 1289 1452 1343 id
1480 1288 1674 1343 elevet.

564 1389 717 1445 Hanc
735 1389 989 1445 editionis
1016 1394 1215 1442 nostra
1248 1384 1511 1437 rationem
1538 1376 1725 1449 paucis
1747 1373 2123 1445 exponendam
2156 1372 2341 1443 putavi
2375 1390 2389 1428 :
2432 1380 2486 1426 et
2515 1381 2664 1426 certa
2708 1384 2794 1425 me
2824 1385 2956 1442 spes
2993 1377 3141 1425 tenet
3185 1369 3366 1424 bonos
3392 1376 3447 1424 et
3489 1369 3731 1425 eruditos

498 1483 669 1550 viros,
699 1483 747 1537 si
777 1496 886 1535 non
915 1493 1159 1550 operam,
1191 1485 1336 1532 certe
1363 1481 1618 1529 conatum
1660 1480 1715 1526 et
1750 1470 2086 1524 voluntatem
2138 1472 2382 1519 nostram
2413 1463 2760 1533 probaturos.
2810 1462 3016 1519 Catera
3061 1478 3181 1532 qua
3246 1462 3430 1516 adhuc
3475 1451 3731 1517 latent'in

498 1576 666 1631 Italia
690 1583 744 1632 et
771 1574 1043 1644 Hispania
1067 1569 1409 1627 bibliothecis
1438 1568 1529 1622 alii
1553 1566 1780 1628 dabunt,
1814 1561 2110 1633 prasertim
2132 1557 2582 1614 Commentarium
2610 1566 2913 1626 perpetuum
2929 1556 2984 1610 in
3009 1555 3274 1619 Psalmos,
3293 1551 3443 1624 quod
3470 1568 3573 1623 ego
3616 1553 3731 1623 pal-

502 1668 735 1721 marium
769 1664 1052 1722 Athanasii
1076 1678 1216 1733 opus
1259 1661 1532 1717 existimo.
1561 1657 1693 1725 Qua
1722 1655 1778 1710 in
1814 1654 1873 1710 S.
1904 1652 2124 1707 Antonii
2168 1650 2285 1703 Vita
2327 1665 2394 1705 ex
2428 1649 2801 1720 manuscripto
2830 1647 3019 1705 codice
3064 1645 3512 1704 reverendissimi
3535 1653 3590 1702 et
3616 1648 3727 1701 cla-

502 1758 711 1815 rissimi
745 1758 948 1815 domini
977 1757 1155 1813 Caroli
1187 1756 1253 1811 de
1288 1754 1578 1818 Montehal,
1602 1751 1815 1807 abbatis
1859 1747 2043 1803 Sancti
2067 1745 2305 1800 Amantii
2352 1744 2698 1822 suppleviet
2727 1744 3048 1809 emendavi,
3091 1743 3325 1800 seorsim
3372 1741 3736 1814 typographus

503 1854 676 1917 dabit,
703 1863 796 1909 aut
828 1854 1218 1910 Hascbelianis
1257 1853 1401 1907 notis
1439 1853 1672 1915 inseret;
1716 1844 2016 1901 mihienim
2046 1857 2191 1898 nunc
2214 1856 2402 1897 eorum
2438 1841 2595 1911 copia
2643 1854 2754 1894 non
2799 1847 2902 1903 est,
2941 1854 3043 1896 nec
3087 1840 3163 1895 ita
3193 1839 3272 1893 uti
3318 1838 3512 1894 vellem
3551 1852 3733 1892 recen-

506 1963 627 2003 sere
647 1948 793 2004 licet.
832 1947 982 2007 Vale.
1013 1956 1067 2004 et
1100 1946 1205 2001 hoc
1245 1946 1612 2017 qualicunque
1662 1953 1855 1997 nostro
1897 1937 2082 1993 labore
2112 1934 2296 1992 fruere
2337 1934 2587 1992 feliciter.
2627 1934 3048 2003 Antissiodoro,
3100 1931 3435 1991 clalacuvt.
3474 1930 3735 1989 Postridie

506 2038 636 2097 ldus
655 2039 926 2096 Octobris.

1582 2285 1717 2340 ΤΟΥ
1754 2283 1846 2337 ΕΝ
1884 2282 2110 2336 ΑΓΙΟῙΣ
2145 2282 2414 2335 ΠΑΤΡΟΣ
2455 2281 2652 2338 ΗΜΩΝ

1810 2426 2446 2519 ΑΘΑΝΑΣΙΟΥ

772 2593 902 2648 ΕΙΣ
934 2591 1381 2647 ΑΠΟΓΡΑΦΗΝ
1396 2590 1507 2661 (55)
1548 2593 1689 2645 ΤΗΣ
1718 2591 1949 2645 ΛΓΙΑΣ
1965 2589 2261 2655 ΜΔΡΙΑΣ,
2292 2594 2427 2647 ΚΑΙ
2450 2590 2570 2645 ΕΙΣ
2606 2590 2745 2644 ΤυΝ
2770 2588 3016 2651 ΙΩΣΗΦ,
3046 2587 3291 2641 ΛΟΓΟΣ
3323 2585 3458 2657 (56).

1516 2835 1609 2924 S.
1688 2837 1796 2924 P.
1876 2834 1995 2924 N.
2068 2828 2713 2924 ATHANASII

618 3037 700 3094 FN
734 3033 1038 3094 CENSUM
1078 3031 1257 3091 SIVE
1285 3029 1901 3088 DESCRIPTIONEM
1947 3025 2087 3086 SAN

2191 3026 2274 3082 '15
2307 3024 2592 3092 nam,
2632 3024 2722 3080 ET
2762 3021 2849 3078 IN
2878 3017 3307 3084 JOSEPHUII,
3342 3005 3631 3077 θεαιιῶ

596 3303 649 3356 1.
676 3294 1139 3363 Quemadmodum
1189 3293 1424 3365 operarii
1477 3291 1731 3349 aurifera
1777 3300 1939 3348 terra
1969 3308 2083 3348 me-

2254 3292 2306 3347 1.
2334 3292 2543 3362 Ὠσπερ
2577 3289 2627 3342 οἱ
2653 3286 2753 3359 τὴν
2784 3285 3027 3358 χρυσῖτιν
3066 3279 3169 3350 γῆν
3198 3275 3543 3352 μεταλλεὺειν
3569 3271 3742 3345 λαχόνο

510 3389 641 3443 tal‘s
682 3386 989 3444 cllodienda
1022 3385 1190 3450 nacti,
1249 3401 1373 3439 cum
1436 3383 1492 3438 in
1545 3399 1735 3439 venam
1796 3384 2078 3447 incidunt,

2191 3400 2274 3447 τες
2304 3382 2550 3455 ἐργάται,
2586 3377 2722 3433 ἐπὰν
2763 3377 2962 3448 εὖρωσι
3008 3371 3178 3442 φλέϐα
3214 3370 3482 3442 ψήγματα
3521 3367 3616 3422 τοῦ
3654 3369 3742 3438 ζη-

510 3479 727 3553 quasiti
756 3479 874 3534 auri
903 3486 1147 3533 ramenta
1178 3476 1548 3540 exhibentem,
1580 3475 1693 3531 illie
1734 3489 1953 3545 operam
1983 3489 2083 3544 po-

2191 3472 2442 3545 τουμένου
2467 3466 2892 3541 προϐάλλουσαν,
2915 3464 3030 3516 ἐκεῖ
3058 3456 3424 3529 σχολάζουσιν,
3465 3458 3583 3509 ἐκεῖ
3621 3470 3745 3524 παρ-

511 3578 651 3624 nunt
678 3584 857 3632 suam,
883 3568 994 3623 illic
1016 3567 1299 3635 effodiunt,
1335 3575 1523 3638 utpote
1553 3566 1639 3621 via
1675 3566 1748 3620 ibi
1777 3565 1845 3619 ad
1870 3565 2083 3620 lucrum

511 3668 961 3725 cornmonstrata,
995 3676 1104 3716 non
1147 3672 1292 3715 retro
1321 3660 1521 3715 cedunt
1547 3700 1563 3724 ,
1611 3674 1712 3714 nec
1744 3668 1868 3714 ante
1897 3659 2082 3714 sedem

511 3751 870 3815 commutant,
911 3769 1074 3825 quam
1126 3753 1419 3824 proposita
1460 3752 1538 3807 rei
1577 3751 1860 3807 latibulum
1894 3752 2086 3821 depre-

512 3847 778 3915 hendant;
821 3847 1009 3903 eadem
1058 3862 1285 3918 prorsus
1317 3847 1529 3901 ratione
1561 3860 1663 3900 nos
1714 3843 2086 3901 ecclesiastici

509 3939 694 4010 operis
724 3938 1131 4002 distributores,
1164 3935 1367 3991 Lucam
1394 3936 1781 4007 evangelistam
1819 3949 1931 4004 pra
1971 3948 2089 3988 ma-

513 4030 676 4084 nibus
698 4028 981 4090 habentes,
1006 4038 1068 4081 ut
1091 4027 1430 4082 Dominicum
1472 4024 1700 4096 virginei
1735 4031 1934 4095 partus
1964 4024 2086 4078 the-

515 4136 736 4176 saurum
766 4120 1217 4189 contemplemur,
1254 4133 1362 4173 non
1395 4125 1520 4172 ante
1544 4117 1705 4171 finem
1735 4116 2088 4187 perquirendi

516 4211 803 4276 faciamus,
831 4226 996 4281 quam
1047 4211 1356 4280 propositas
1407 4210 1701 4280 diligenter
1761 4209 2089 4279 colligamus

515 4303 755 4358 divitias.
804 4302 1170 4369 Quamobrem
1225 4303 1417 4356 ordine
1467 4300 1815 4369 evangelista
1861 4300 2091 4366 vestigia

517 4395 916 4468 indagabimus,
956 4410 1022 4449 ne
1062 4392 1340 4464 quidpiam
1376 4393 1527 4446 lucro
1552 4388 1803 4444 faciendo
1833 4389 2087 4444 idoneum

516 4490 855 4546 omittamus.
877 4486 1262 4542 Etiamsienim
1294 4484 1455 4539 verba
1481 4482 1753 4553 principio
1783 4481 1976 4551 exigua
2010 4480 2094 4533 vi-

516 4578 772 4643 deantur,
792 4589 846 4633 at
869 4593 1063 4647 magna
1081 4576 1269 4646 gratia
1291 4573 1549 4644 mysteria
1563 4615 1575 4628 .
1595 4570 1766 4626 Nemo
1783 4585 2090 4626 sermonem

2184 3564 2516 3637 ορύττουσιν,
2551 3559 2626 3623 ὡς
2673 3554 2851 3628 ὁδηγῷ
2880 3551 2972 3608 τοῦ
3000 3551 3219 3624 κέρδους
3238 3567 3252 3580 ο
3301 3549 3395 3602 καὶ
3423 3548 3484 3601 οὐ
3528 3546 3748 3601 κατόπιν

2184 3634 2445 3714 ὁδεύουσι,
2496 3648 2573 3720 μὴ
2624 3645 2885 3717 πρότερον
2923 3642 3013 3694 τὸν
3052 3640 3213 3694 τόπον
3257 3637 3598 3709 ἁμείδοντες,
3653 3634 3748 3695 ἕως

2185 3741 2245 3801 οὗ
2275 3746 2366 3799 τὸν
2394 3743 2597 3814 φωλεὸν
2629 3737 2720 3793 τοῦ
2746 3734 3102 3809 προκειμένου
3128 3730 3476 3786 καταλάϐωσι
3495 3746 3508 3759 ·
3542 3728 3632 3783 τὸν
3663 3726 3751 3779 αὖ·

2185 3836 2276 3892 τὸν
2318 3835 2515 3906 τρόπον
2564 3829 2678 3899 (57)
2722 3829 2814 3881 καὶ
2857 3828 3014 3896 ἡμεῖς
3058 3824 3107 3875 οἱ
3154 3814 3752 3906 τῆςλὲκκλησιαστικῆς

2188 3897 2448 3994 ἐργασίας
2477 3897 2777 3988 ὲργνοδόται,
2810 3912 2902 3965 τὸν
2944 3904 3329 3977 εὐαγγελιστὴν
3358 3903 3573 3956 Λουκᾶν
3622 3897 3753 3970 μετὰ

2188 3989 2376 4086 χεῖρας
2415 4011 2648 4080 ἔχοντες,
2686 4006 2821 4078 πρὸς
2848 4000 3173 4070 κατανόησιν
3196 3994 3289 4049 τοῦ
3319 3990 3637 4047 δεσποτικοῦ
3663 3989 3755 4059 τῆς

2189 4084 2253 4159 εκ
2280 4084 2576 4176 Παρθένου
2623 4098 2981 4169 ἀποκυήσεως
3034 4087 3328 4162 θησαυροῦ,
3381 4086 3442 4139 οὐ
3501 4084 3755 4176 πρότερον

2188 4201 2288 4268 τῆς
2333 4160 2559 4268 ἐρεύνης
2603 4160 2957 4259 παυσώμεθα,
3006 4160 3115 4246 ἕως
3159 4160 3221 4235 οὗ
3274 4180 3364 4232 τὸν
3403 4160 3757 4268 προκείμενον

2191 4263 2417 4343 πλοῦτον
2449 4263 2687 4356 γνήσίως
2718 4275 3122 4348 ἀναλεξώμεθα.
3155 4270 3254 4325 Διὰ
3283 4269 3441 4325 τοῦτο
3488 4271 3584 4323 καὶ
3624 4263 3758 4320 κατὰ

2191 4382 2341 4448 τάξιν
2368 4381 2457 4434 τὸν
2490 4374 2881 4446 εὐαγγελιςτὴν
2913 4366 3299 4441 ἁνιχνεύσομεν
3329 4363 3460 4434 (58),
3485 4363 3573 4414 ἵνα
3601 4359 3757 4432 μηδὲν

2191 4474 2299 4528 τῶν
2328 4469 2630 4544 ἐπικερδῶν
2663 4464 3104 4533 καταλείπωμεν.
3140 4460 3203 4513 Εἰ
3231 4456 3340 4527 γὰρ
3372 4455 3469 4508 καὶ
3504 4453 3674 4525 μικρὰ
3706 4454 3758 4504 ἐν

2194 4568 2498 4637 προοιμίοις
2532 4562 2598 4616 τὰ
2632 4561 2871 4633 ῥήματα,
2901 4554 3012 4610 ἀλλ’
3050 4554 3197 4623 ὅμως
3225 4550 3437 4621 μεγάλα
3470 4547 3572 4618 τῆς
3594 4544 3761 4616 χαρᾶς

518 4672 796 4737 fastidiat,
837 4668 997 4743 quasi
1033 4668 1189 4741 parvi
1234 4666 1491 4721 momenti
1517 4665 1805 4720 lectionem
1837 4664 2087 4719 audierit.

2286 4653 2620 4726 μυσταγωγή
2631 4665 2794 4721 ματα.
2830 4646 2940 4701 Καὶ
2982 4644 3169 4716 μηδεὶς
3200 4640 3471 4711 ἁκηδιάσῃ
3498 4636 3577 4708 τῷ
3600 4637 3761 4704 λόγῳ,

517 4765 651 4820 Nam
673 4765 719 4820 si
743 4770 1019 4834 spectetur
1035 4761 1149 4814 nati
1170 4756 1383 4812 Domini
1408 4762 1671 4826 potestas,
1685 4753 1883 4825 exigua
1898 4762 1953 4808 et
1970 4768 2092 4824 per-

520 4872 682 4928 quam
708 4853 870 4927 345
909 4851 1103 4923 exigua
1166 4858 1295 4906 sunt
1341 4863 1461 4917 qua
1505 4843 1665 4900 modo
1731 4844 1871 4898 lecta
1930 4850 2090 4910 sunt,

520 4949 684 5021 panni
708 4948 936 5008 scilicet,
959 4957 1197 5019 praesepe
1216 4981 1232 5006 ,
1259 4938 1635 4994 incommodus
1668 4936 1840 4992 locus.
1869 4933 1933 4988 Et
1962 4934 2077 4990 hac

519 5040 740 5112 quidem
768 5040 962 5110 exigua
991 5045 1153 5103 sunt,
1189 5048 1311 5104 qua
1367 5041 1549 5086 autem
1586 5028 1642 5083 in
1690 5029 1845 5083 hisce
1882 5042 2086 5098 prepo-

521 5139 728 5185 uuntur
755 5128 985 5200 mystica
1030 5112 1188 5187 sunt,
1233 5135 1426 5190 nempe
1456 5127 1644 5173 uterus
1673 5115 2086 5179 inenarrabilis,

519 5223 675 5279 sinus
717 5213 1317 5289 incomprehensibilis,
1365 5212 1532 5265 ubera
1577 5217 1766 5264 sancte
1798 5206 2043 5263 radicata
2070 5243 2086 5269 ,

594 5400 704 5469 (55)
739 5400 977 5469 Colbert.
1009 5397 1047 5469 j
1068 5436 1083 5459 ,
1132 5394 1262 5469 τῆς.
1281 5391 1586 5469 ὑπεραγίας
1618 5382 2087 5469 ’γεννήσεωςυτοῦ

524 5456 730 5549 Κυείόυ
764 5472 859 5524 καὶ
902 5465 1037 5521 Θεοῦ
1070 5456 1483 5533 ’καὶΓΣωτῆρος
1525 5459 1685 5531 ἡμῶν
1730 5456 1908 5527 Ἰήσοῦ
1952 5456 2094 5525 Χρι-

527 5556 707 5679 ﬁgis)
733 5606 812 5661 Ex
838 5620 972 5662 mss.
1003 5602 1141 5674 Reg.
1171 5600 1346 5657 Oxon.
1375 5601 1444 5654 Β.
1467 5598 1530 5656 P.
1559 5593 1861 5655 Sirmondi.
1886 5599 1939 5646 et
1965 5588 2090 5644 Col-

524 5676 708 5819 “8.1)
733 5744 890 5802 Colb.
913 5745 966 5811 1,
1001 5752 1123 5815 post
1154 5742 1379 5818 τρόπον,
1422 5740 1586 5795 habet
1620 5736 1707 5811 όή.
1733 5732 1939 5790 Ibidem
1967 5729 2091 5801 qui-

2197 4745 2372 4817 μικρὰ
2405 4744 2475 4797 τὰ
2504 4737 3033 4814 παραναγνωσθέντα
3063 4736 3129 4805 τῇ
3155 4734 3289 4803 ἁκοῇ
3320 4731 3613 4801 δεξάμενος
3638 4728 3759 4799 (ὸ9).

2205 4840 2292 4902 Ὠς
2323 4838 2433 4908 γὰρ
2466 4835 2602 4907 πρὸς
2629 4832 2727 4904 τὴν
2753 4831 2979 4900 δύναμιν
3006 4826 3099 4880 τοῦ
3131 4822 3480 4895 γεννηθέντος
3501 4820 3764 4873 Δεσπότου

2196 4928 2370 5004 μικρὰ
2396 4928 2490 4981 καὶ
2511 4925 2716 4995 σφόδρα
2741 4922 2908 4994 μικρὰ
2931 4920 3000 4974 τὰ
3023 4914 3573 4990 παραναγνωσθὲντα,
3600 4912 3767 4983 σπάρ-

2192 5039 2354 5093 γανα,
2378 5020 2472 5073 καὶ
2503 5018 2699 5086 φάτνη,
2726 5014 2821 5067 καὶ
2845 5013 3009 5075 τόπος
3039 5007 3427 5079 ἀνεπιτήδειος.
3457 5006 3571 5059 Καὶ
3599 5003 3764 5059 ταῦτα

2199 5110 2297 5183 μὲν
2328 5107 2515 5179 μικρὰ,
2549 5103 2618 5158 τὰ
2639 5103 2694 5156 δὲ
2723 5102 3057 5174 προκείμενα
3089 5098 3351 5170 μυστικά’
3378 5096 3592 5166 γαστὴρ
3616 5096 3767 5179 ἀνερέ

2202 5176 2487 5272 μήνευτος,
2535 5195 2734 5257 κόλπος
2764 5192 3145 5283 dxi-cyma;
3177 5188 3311 5261 (60),
3358 5185 3531 5259 μαζδς
3563 5176 3797 5257 ἁγιόριῖ

2194 5381 2318 5434 dam
2352 5394 2485 5432 mss.
2514 5378 2589 5441 ὡς
2614 5377 2712 5446 τῆς
2738 5376 2860 5430 ὲκκ.

2266 5448 2378 5517 (58)
2409 5447 2567 5503 Colb.
2595 5448 2648 5512 1,
2671 5443 2733 5517 2,
2757 5443 3181 5517 ἀνιχνεύσαμεν.
3266 5506 3305 5517 __
3330 5510 3344 5517 _
3367 5508 3383 5517 _

2264 5504 2378 5587 (59)
2409 5519 2565 5573 Colb.
2590 5504 2648 5580 l,
2690 5504 2746 5587 Ξ,
2788 5504 3240 5587 προσδεξάμενος,
3266 5506 3473 5587 Ibidem
3509 5508 3641 5565 edit.
3684 5504 3767 5567 Ὠς

2192 5579 2387 5660 γὰρτὸ
2412 5587 2583 5660 πρός,
2613 5586 2707 5660 sed
2742 5585 2802 5638 τό
2834 5579 2986 5660 deest
3094 5582 3250 5660 Coll}:
3281 5581 3334 5660 1,
3369 5579 3420 5660 2.

2267 5641 2380 5727 (60)
2408 5641 2803 5727 Οὸιίλγτόκος
2838 5655 2999 5727 ᾴκατ.
3034 5653 3155 5709 Mox
3206 5641 3449 5708 Colbert.
3508 5648 3561 5715 1,
3604 5641 3769 5719 μαζδς

2196 5722 2404 5798 ἄριξος.
2441 5728 2597 5786 Colb.
2626 5726 2683 5794 2,
2712 5722 2958 5800 ᾶρῤιξος.
