3924 6518
1262 150 1290 197 ἱ

158 431 273 489 965

1206 427 1441 484 SERMO
1475 426 1563 482 DE
1596 421 2101 489 DESCRIPTiONE
2135 418 2480 475 DEIPARIE.

3304 424 3408 481 946

154 553 271 619 ξος,
300 550 449 621 γάλα
480 548 784 626 sempth
817 551 956 623 θήλη
988 550 1087 624 τῆθς
1119 554 1353 625 φυσικῆς
1381 554 1553 625 νομῆς
1588 552 1741 607 ἁλλο-

1849 545 1925 600 lac
1961 544 2183 600 insolito
2213 543 2388 597 fluens
2426 540 2622 604 modo,
2670 540 2909 596 mamilla
2963 557 2994 596 a
3039 538 3271 595 naturali
3322 512 3423 594 or—I

153 644 310 715 τρία,
344 645 380 715 ἡ
418 644 620 714 Μήτηρ
657 643 749 696 τοῦ
791 643 995 715 Κυρίου
1030 644 1405 716 ἐναπόγραφος
1438 644 1549 716 (6i)
1594 661 1743 714 γενο-

158 735 317 805 μένη,
358 735 388 785 6
433 733 678 805 μνηστὴρ
710 733 905 805 Ἰωσὴφ
932 734 1212 805 ὀνόματος,
1257 736 1351 789 καὶ
1391 737 1451 789 οὐ
1486 736 1744 808 πράγμα-

150 844 247 890 τος
281 825 569 879 κοινωνίαν
603 824 999 896 ἀσπαζόμενος.

222 915 529 978 2.Ἠκουες
547 915 747 986 ἀρτίως
759 915 853 969 τοῦ
870 915 1253 989 εὐαγγελιστοῦ
1271 918 1452 971 Λουκᾶ
1467 917 1713 987 λέγοντος
1725 935 1739 950 ’
1830 906 1833 909 ’

154 1025 177 1057 ι
234 1007 326 1058 Ἑν
372 1008 491 1070 ταῖς
552 1005 787 1077 ἡμέραις
833 1008 1069 1073 ἐκείναις
1120 1007 1309 1079 ἐξῆλθε
1362 1009 1540 1080 δόγμα
1594 1009 1745 1081 παρὰ

148 1097 442 1169 Καίσαρος
474 1096 808 1166 Αὐγούστου,
843 1099 1258 1173 ἀπογράφεσθαι
1308 1104 1488 1155 πᾶσαν
1536 1101 1634 1173 τὴν
1664 1105 1743 1155 οἰ-

152 1190 456 1262 κουμένην.
492 1190 639 1262 Αὕτη
672 1192 705 1263 ἡ
733 1192 1024 1265 ἀπογραφὴ
1060 1192 1249 1266 πρώτη
1284 1192 1520 1261 ἐγένετο,
1545 1194 1747 1265 ἠγεμο-⁸

152 1282 409 1347 νεύοντος
436 1285 533 1354 τῆς
561 1283 758 1354 Συρίας
789 1273 1084 1357 Κυρηνίου.
1115 1285 1226 1340 Καὶ
1253 1285 1574 1357 ἐπορεύοντο
1607 1284 1744 1339 πάν-

151 1388 249 1435 τες
292 1372 733 1444 ἀπογράφεσθαι,
783 1375 1011 1439 ἕκαστος
1061 1377 1141 1438 εἰς
1192 1375 1289 1447 τὴν
1338 1375 1532 1430 ἐαυτοῦ
1571 1376 1742 1430 ⁴[πόλιν.

166 1463 475 1535 Ἑπορεύθη
520 1464 578 1517 δὲ
620 1465 714 1518 καί¹
757 1465 955 1537 Ἰωσὴφ
997 1466 1062 1519 ἐκ
1107 1465 1207 1536 τῆς
1241 1466 1528 1531 Γαλιλαίας
1557 1469 1621 1521 ἐκ
1652 1467 1748 1520 πό-

152 1553 296 1617 λεως
340 1552 629 1627 Ναζαρὲθ,
680 1556 761 1619 εἰς
811 1556 909 1628 τὴν
954 1556 1211 1611 Ἰουδαίαν
1264 1557 1411 1628 (62),
1458 1560 1538 1622 εἰς
1594 1557 1754 1616 πόλιν

152 1645 348 1709 Δαδὶδ,
378 1647 500 1717 ἥτις
521 1646 765 1700 καλεῖται
807 1648 1076 1720 Βηθλεέμ,
1107 1647 1197 1702 διὰ
1225 1649 1288 1704 τδ
1315 1645 1454 1704 εἶναι
1486 1648 1648 1703 αὐτὸν
1688 1648 1747 1717 ἐξ

149 1738 308 1790 οἴκου
331 1738 429 1791 καὶ
461 1740 692 1811 πατριᾶς
719 1738 904 1802 Δαόὶδ,
936 1740 1354 1812 ἀπογράφεσθαι
1389 1741 1486 1796 σὺν
1514 1740 1745 1813 Μαριὰμ

152 1827 222 1896 τῇ
261 1829 719 1901 μεμνηστευμένῃ
759 1828 906 1900 αὐτῷ
930 1831 1169 1897 γυναικὶ,
1202 1829 1333 1903 οΰσῃ
1370 1830 1572 1901 ἐγκύῳ.
1607 1850 1625 1883 ι
1656 1828 1746 1885 Εἷ-

151 1914 247 1979 δες
276 1914 398 1980 πῶς
428 1916 601 1988 μικρὰ
631 1919 697 1973 τὰ
732 1921 970 1991 ῥήματα.
1005 1921 1099 1975 καὶ
1137 1922 1345 1993 μεγάλα
1373 1922 1440 1977 τὰ
1470 1939 1749 1992 μυσταγω-
1781 1911 1822 1966 Β

153 2008 421 2077 γήματα;
466 2008 525 2062 '0
568 2008 771 2081 Κύριος
812 2014 1195 2085 ἐκυοφορεῖτο,
1249 2015 1343 2068 καὶ
1388 2013 1576 2088 πρώτη
1609 2016 1745 2069 ἀπο-

154 2098 347 2169 γραφὴ
373 2098 743 2169 ἐνομοθετεῖτο
770 2102 798 2153 ὁ
824 2103 1005 2157 πᾶσαν
1033 2104 1131 2174 τὴν
1160 2104 1335 2159 κτίσιν
1370 2105 1747 2176 ἐναπόγραφον

151 2188 324 2258 ἔχων,
351 2189 448 2242 καὶ
480 2190 617 2262 πρὸς
649 2191 776 2256 τοὺς
824 2195 1016 2248 ἑαυτοῦ
1045 2196 1292 2268 μαθητὰς
1324 2200 1532 2270 φήσας·
1563 2218 1582 2250 ι
1616 2202 1749 2255 Χαί-

154 2295 283 2344 ρετε
313 2280 410 2332 καὶ
446 2279 799 2349 ἀγαλλιᾶσθε,
837 2284 918 2337 δτι
958 2284 1027 2339 τὰ
1065 2287 1305 2356 ὀνόματα
1343 2289 1494 2360 ὑμῶν
1534 2290 1745 2362 ἐγράφη

152 2372 215 2424 ἐν
245 2373 365 2435 τοῖς
400 2371 646 2443 οὐρανοῖς
675 2373 807 2445 (65).
849 2394 868 2426 ι
912 2376 1001 2429 Ἐν
1033 2381 1146 2442 τοῖς
1177 2381 1389 2452 μικροῖς
1426 2380 1748 2454 Ῥωμαϊκοῖς

152 2459 350 2528 κώδιξι
404 2463 502 2534 τὴν
549 2465 742 2518 ἐαυτοῦ
794 2466 1005 2539 μητέρα
1054 2469 1434 2541 ἐναπόγραφον
1495 2472 1747 2542 γενέσθαι

154 2552 481 2624 συνεχώρει.
530 2555 628 2620 Τίς
677 2556 753 2627 μὴ
810 2556 1054 2631 λαλήσῃ;
1099 2549 1196 2624 Τίς
1248 2561 1322 2633 μὴ
1369 2562 1621 2637 θαυμάσῃ
1648 2565 1747 2636 τὴν

152 2642 253 2698 τοῦ
288 2644 497 2716 Κυρίου
522 2647 961 2715 ωγκατάὸασιν;
988 2651 1134 2704 Ἀνω
1157 2651 1458 2725 ἐλεύθερος,
1487 2655 1580 2710 καὶ
1602 2657 1748 2710 κάτω

154 2736 544 2807 ἐναπόγραφος
562 2753 577 2769 ·
604 2738 718 2792 ἀνω
748 2739 896 2804 Υἱὸς,
925 2742 1020 2797 καὶ
1044 2743 1192 2797 κάτω
1218 2743 1428 2809 δούλοςο
1455 2746 1566 2801 ἀνω
1590 2746 1746 2818 βασι·-

154 2827 305 2892 λεύς,
331 2830 429 2882 καὶ
454 2830 604 2883 κάτω
628 2830 922 2902 μισθωτός⁸
947 2832 1059 2887 ἀνω
1083 2833 1354 2900 πλούσιος,
1379 2836 1474 2890 καὶ
1497 2837 1646 2892 κάτω
1670 2841 1747 2893 ἐν-

150 2919 284 2989 δεής
297 2938 314 2952 -
335 2920 451 2974 ἄνω
475 2921 964 2994 προσκυνούμενος,
985 2926 1079 2978 καὶ
1098 2925 1248 2980 κάτω
1265 2927 1558 2998 φορολογού
1566 2946 1744 3001 μενος·

152 3013 270 3068 ἄνω
289 3012 473 3076 θεῖκὺς
493 3012 698 3085 θρόνος,
716 3016 810 3069 καὶ
832 3015 984 3069 κάτω
1002 3016 1317 3088 ἀγροικικὺν
1335 3019 1617 3090 σπήλαιον·
1637 3020 1747 3075 ἄνω

152 3106 183 3156 6
203 3103 461 3174 πατρῷος
479 3106 575 3159 καὶ
604 3105 987 3177 ἀκατάληπτος
1021 3108 1240 3173 κόλπος,
1262 3109 1355 3163 καὶ
1381 3110 1529 3164 κάτω
1555 3111 1746 3181 ἀλογο-

153 3197 409 3306 τροφείαί
433 3194 648 3306 μικῖὸν,
667 3196 762 3249 καὶ
778 3195 996 3265 φάτνιον
1017 3197 1258 3267 (64).Τίς
1285 3198 1357 3271 μὴ
1375 3198 1625 3277 θαυμάσῃ
1654 3218 1749 3272 με-
1772 3245 1818 3306 C

152 3283 296 3350 γάλα
321 3286 437 3339 ἀνω
466 3284 785 3356 πράγματα,
827 3287 921 3340 καὶ
965 3287 1135 3359 μικρὰ
1164 3288 1314 3342 κάτω
1336 3289 1655 3361 σπάργανα;
1688 3291 1746 3344 '0

154 3377 302 3431 λύων
316 3376 526 3430 ἐδέδετο
541 3392 553 3404 ·
576 3379 604 3431 6
618 3376 833 3449 τρέφων
857 3378 1115 3451 ἐτρέφετο
1136 3397 1149 3410 ·
1174 3381 1203 3433 ό
1230 3381 1609 3453 ἀκατάληπτος
1630 3400 1748 3435 παι-

152 3468 266 3521 δίον
282 3468 536 3538 ἐφαίνετο
550 3485 563 3497 ·
582 3470 610 3522 ό
631 3466 814 3539 πηγὰς
835 3468 1085 3523 ἀπολύων
1102 3470 1212 3542 (65)
1228 3472 1396 3543 μαζὸν
1416 3472 1713 3537 ἐδανείζετο
1727 3491 1741 3505 '

154 3562 184 3612 6
214 3558 398 3611 πάντα
428 3557 631 3628 φέρων,
661 3557 1080 3631 ἀνερμηνεύτως
1128 3560 1354 3633 ἐφέρετο
1376 3578 1389 3593 ο
1425 3563 1453 3615 6
1494 3562 1743 3635 μηδαμοῦ

155 3648 672 3720 ἀπολιμπανόμενος
695 3652 752 3704 ἐν
780 3650 937 3723 μέρει
965 3651 1068 3705 ἀπε
1077 3652 1389 3723 ριγράπτως
1412 3654 1743 3727 περιγραφό-

56 3770 61 3774 ο
158 3756 346 3811 μενος.
375 3741 438 3792 Ὢ
463 3739 574 3793 τῶν
606 3740 923 3812 παραδόξων
966 3743 1335 3814 πραγμάτωνί
1372 3745 1435 3798 Ἡ
1465 3744 1744 3800 Ἐλισάϐετ

155 3835 216 3885 ἐν
246 3831 480 3902 οἰκίσκῳ
511 3831 721 3904 φαιδρῷ
754 3834 1056 3905 ἀπεκύησε,
1088 3834 1180 3888 καὶ
1212 3835 1245 3905 ἡ
1278 3835 1552 3908 Παρθένος
1583 3837 1640 3889 ἐν
1666 3837 1744 3909 τῷ

161 3923 350 3996 μικρῷ
399 3924 649 3995 σπηλαίῳ
710 3926 1034 3997 ἐγέννησεν·
1094 3928 1344 3998 Ἰωάννης
1384 3928 1477 3981 ἐπὶ
1521 3928 1741 4000 κλίνης,

159 4016 259 4070 καὶ
284 4018 314 4070 6
350 4016 556 4087 Κύριος
579 4017 637 4070 ἐν
660 4017 855 4090 φάτνῃ.
891 4019 1003 4089 Οὐχ
1040 4018 1225 4082 ἁπλῶς
1254 4020 1287 4091 ἡ
1312 4018 1405 4072 τοῦ
1444 4019 1651 4093 Κυρίου
1680 4021 1743 4075 ἐκ

158 4107 446 4178 Παρθένου
480 4108 764 4179 γέννησις·
803 4111 902 4181 οὐχ
944 4109 1132 4175 ἁπλῶς
1174 4110 1235 4164 τὸ
1267 4113 1380 4174 τοῖς
1408 4112 1744 4184 σπαργάνοις

159 4198 325 4251 αὐτὸν
356 4198 775 4271 κατειληθῆναν
813 4202 911 4272 οὐχ
946 4200 1131 4265 ἁπλῶς
1158 4200 1218 4254 τὸ
1272 4201 1440 4273 μαζὸν
1481 4201 1705 4256 ἐλκῦσαι
1726 4219 1738 4232 ·

160 4289 263 4360 οὐχ
292 4288 484 4351 ἁπλῶς
510 4289 574 4343 τὸ
598 4292 657 4344 ἐν
682 4290 857 4364 φάτνῃ
890 4290 1242 4362 ἀνακλιθῆναι
1266 4292 1379 4364 (66)
1397 4310 1409 4324 ο
1433 4293 1530 4364 οὐχ
1555 4293 1741 4358 ἁπλῶς

160 4383 222 4435 τὸ
240 4384 308 4452 τῇ
333 4379 431 4434 τοῦ
449 4381 757 4449 Αὐγούστου
780 4383 1074 4454 ἀπογραφῇ
1104 4383 1509 4456 προσκληθῆναι
1526 4398 1541 4413 ο
1567 4385 1742 4439 πάντα

159 4470 253 4524 διὰ
282 4470 358 4534 τὶ,
393 4471 489 4524 καὶ
520 4470 657 4541 πρὸς
688 4471 762 4535 τι,
789 4473 885 4525 καλ⁸
918 4470 1309 4544 αἰνιγματώδη.
1345 4472 1439 4525 Ἐκ
1464 4472 1738 4545 Παρθένου

159 4563 433 4626 τίκτεται,
469 4562 557 4616 ἴνα
599 4562 691 4616 τὸν
732 4564 796 4616 ἐκ
826 4562 1103 4635 Παρθένου
1140 4563 1245 4634 γῆς
1272 4563 1740 4635 χοοπλαστηθέντα

160 4650 596 4722 πρωτόπλαστον
633 4652 804 4724 Ἀδὰμ
836 4651 1211 4724 διορθώσηται.
1247 4654 1587 4727 Σπαργάνοις
1614 4672 1742 4708 κατ-

161 4738 401 4808 είληται,
438 4737 529 4792 ἴνα
556 4737 654 4802 τὰς
675 4738 862 4812 σειρὰς
880 4740 990 4794 τῶν
1028 4740 1309 4812 ἁμαρτιῶν
1332 4743 1489 4814 ἡμῶν
1518 4742 1739 4818 ἐκλύσῃ,

160 4828 345 4899 δεσμά
370 4829 591 4901 δεσμοῖς
612 4829 773 4897 λύων,
788 4830 931 4885 κατὰ
955 4830 1014 4885 τὸ
1038 4834 1244 4901 φάσκον
1263 4834 1425 4906 ῥητόν
1443 4852 1458 4866 ο
1484 4853 1503 4886 ι
1528 4835 1739 4906 Σειραῖς

160 4919 275 4988 γὰρ
312 4916 422 4972 τῶν
448 4918 642 4973 ἐαυτοῦ
675 4921 959 4993 ἁμαρτιῶν
986 4922 1212 4987 ἕκαστος
1235 4924 1544 4994 σφίγγεται.
1570 4944 1587 4977 ι
1619 4926 1742 4980 Μα-

163 5008 258 5072 ζδν
295 5009 578 5074 εἵλκυσεν,
611 5012 701 5066 ἵνα
730 5012 791 5066 τὸ
831 5012 972 5082 γάλα
1003 5015 1101 5085 τῆς
1128 5016 1346 5087 χάριτος
1374 5015 1570 5089 βρύσῃ,
1607 5018 1743 5090 ὅπερ

162 5102 228 5153 ἐκ
279 5101 384 5173 τῆς
433 5102 643 5169 οἰκείας
693 5103 933 5177 πλευρᾶς
969 5107 1231 5161 ἀνέδλυσε
1274 5108 1420 5180 (67)’
1451 5108 1592 5177 γάλα
1633 5108 1743 5180 γὰρ

235 5255 282 5286 ⁸⁸
320 5254 460 5311 Luc.
499 5271 570 5322 ιι,
604 5256 716 5313 1-5.
797 5258 840 5293 ⁸¹
872 5258 1005 5315 Luc.
1042 5276 1112 5326 ι,
1145 5258 1233 5316 20.
1312 5262 1357 5294 ⁶²
1394 5260 1555 5319 Prov.
1590 5280 1641 5324 ν.
1676 5262 1746 5316 22

238 5414 357 5489 (ﬁ!)
393 5412 552 5489 9.0“)-
584 5416 638 5489 ι..
664 5417 722 5469 ὲν
739 5416 1113 5489 βιπογραφαῖς.

242 5483 361 5557 (62)
395 5483 543 5557 Hinc,
580 5486 660 5557 εἰς
682 5485 799 5557 τὴν
822 5483 1104 5550 Ἰουδαίαν.
1151 5487 1349 5544 desunt
1375 5489 1431 5543 in
1476 5487 1741 5543 Colberti-

166 5571 241 5609 no
271 5554 481 5629 Letj.
510 5554 866 5629 lnfraiigi'em,
902 5558 1347 5629 ἀπογράψασθαι.

240 5623 358 5700 (ξὸ)
388 5623 480 5680 Sic
501 5641 637 5683 mss.
664 5625 807 5682 Editi
835 5643 984 5692 vero,
1016 5623 1073 5683 ἐν
1108 5623 1186 5699 τῷ
1207 5627 1439 5700 οὐρανῷ,
1485 5631 1597 5692 τοῖς
1646 5646 1748 5698 μα-
1814 5676 1815 5679 η

165 5696 357 5836 κρῖἔίἳ)
390 5764 546 5841 Colb.
576 5767 627 5833 Ι,
656 5766 716 5841 2,
738 5767 864 5841 *τῶν
897 5768 1116 5841 ἀλόγων
1132 5771 1165 5839 ἡ
1206 5768 1380 5841 φάτνη
1418 5767 1591 5841 τούτῳ
1619 5767 1749 5841 ἀνά-

171 5852 397 5903 παυσις.
452 5836 551 5901 Τίς
608 5837 687 5911 μὴ
732 5836 1022 5913 θαυμάσει,
1067 5836 1163 5905 τίς
1197 5836 1277 5912 μὴ
1314 5836 1616 5911 ἐκπλαγείη

1846 638 1972 692 dine
1999 638 2198 702 aliena,
2232 634 2401 690 Mater
2433 632 2660 687 Domini'
2678 649 2846 689 censu
2881 632 3174 703 descripta,
3215 629 3413 700 Ioseph

1847 743 2082 799 sponsus
2115 728 2356 791 nomine,
2387 741 2486 780 nec
2514 740 2573 779 re
2590 726 2866 780 consortio
2894 723 3113 779 fruitur.

1921 935 1974 984 Δ.
2005 927 2218 985 Audisti
2242 928 2402 984 modo
2434 928 2637 985 Lucam
2668 930 3058 1001 evangelistam
3096 931 3363 986 dicentem
3395 948 3410 984 :

1850 1039 1871 1073 ‹
1930 1020 1991 1077 In
2014 1023 2208 1078 diebus
2232 1023 2340 1079 illis
2366 1039 2380 1076 :
2408 1024 2541 1078 exiit
2566 1024 2803 1080 edictum
2835 1040 2866 1078 a
2898 1024 3113 1080 Caesare
3145 1024 3410 1093 Augusto,

1845 1111 2339 1169 utdescriberetur
2388 1112 2684 1168 universus
2713 1112 2882 1168 orbis.
2935 1111 3059 1166 Haec
3115 1111 3414 1181 descriptio

1844 1198 2019 1267 prima
2072 1198 2214 1253 facta
2267 1206 2354 1256 est
2406 1198 2512 1254 sub
2562 1199 2794 1270 praeside
2844 1200 3015 1272 Syria:
3045 1199 3299 1271 Cyrenio.
3349 1199 3415 1255 Et

1845 1290 1998 1343 ibant
2022 1304 2216 1344 omnes
2235 1296 2296 1343 ut
2318 1287 2730 1360 proﬁterentur,
2771 1290 2972 1361 singuli
3002 1290 3055 1345 in
3080 1305 3234 1345 suam
3280 1290 3414 1345 civi-

1846 1387 2038 1436 tatem.
2067 1379 2355 1437 Profectus
2392 1388 2478 1437 est
2516 1387 2698 1437 autem
2738 1389 2794 1437 et
2820 1381 3018 1452 Joseph
3042 1396 3073 1434 a
3098 1380 3313 1435 Galilaaa
3346 1381 3414 1436 de

1846 1472 2067 1526 civitate
2086 1470 2354 1525 Nazareth
2377 1472 2431 1527 in
2446 1469 2708 1537 Iudaeam,
2733 1472 2787 1526 in
2811 1471 3082 1527 civitatem
3108 1469 3274 1526 David
3297 1487 3416 1541 quae

1846 1572 2073 1619 vocatur
2118 1562 2428 1630 Bethleem,
2468 1578 2535 1619 eo
2557 1564 2702 1634 quod
2750 1572 2897 1620 esset
2949 1565 3016 1620 de
3060 1564 3221 1619 domo
3254 1572 3306 1620 et
3335 1564 3417 1618 fa-

1846 1653 1996 1707 milia
2027 1651 2219 1719 David,
2246 1660 2306 1706 ut
2344 1653 2702 1733 profiteretur
2726 1668 2850 1706 cum
2896 1651 3063 1707 Maria
3088 1653 3415 1723 desponsata

1846 1742 1949 1799 sibi
1985 1757 2156 1797 uxore
2208 1749 2520 1813 praegnante
2572 1743 2637 1797 ⁶⁰.
2679 1760 2699 1795 ι
2745 1741 2960 1806 Viden’,
3008 1758 3171 1814 quam
3223 1742 3415 1814 exigua

1846 1833 2034 1897 verba,
2074 1847 2236 1903 quam
2293 1847 2487 1902 magna
2539 1833 2831 1904 mysteria?
2873 1832 3136 1889 Dominus
3177 1832 3232 1888 in
3262 1840 3418 1889 utero

1849 1931 2114 1995 gestatur,
2149 1930 2204 1979 et
2232 1924 2411 1995 prima
2433 1923 2730 1995 descriptio
2760 1924 3013 1980 edicitur.
3053 1924 3157 1991 Qui
3200 1925 3416 1980 univer-

1849 2029 1964 2070 sam
1993 2026 2297 2069 creaturam
2327 2012 2657 2084 descriptam
2689 2012 2872 2077 habet,
2904 2012 3107 2085 quique
3134 2013 3418 2085 discipulis

1847 2105 1984 2167 suis,
2011 2104 2089 2159 ait
2122 2122 2135 2157 :
2167 2120 2187 2155 ι
2224 2102 2467 2159 Gaudete
2483 2113 2537 2159 et
2569 2103 2859 2171 exsultate,
2900 2105 3029 2173 quia
3080 2105 3303 2159 nomina
3324 2121 3417 2159 ve-

1848 2206 1959 2250 stra
1991 2194 2193 2265 scripta
2251 2201 2380 2249 sunt
2425 2193 2481 2247 in
2538 2193 2692 2249 caelis
2720 2194 2788 2261 “,
2828 2214 2847 2246 ι
2888 2194 2943 2249 in
2982 2195 3166 2265 parvis
3191 2193 3418 2250 Latinis

1847 2284 2128 2341 codicibus
2159 2282 2386 2339 Matrem
2437 2298 2593 2339 suam
2645 2282 2885 2339 describi
2937 2283 3232 2340 concessit.
3282 2282 3418 2350 Quis

1847 2389 1956 2428 non
1986 2370 2433 2443 loquatur?Quis
2453 2388 2563 2427 non
2606 2370 2836 2428 miretur
2891 2372 3149 2427 humilem
3201 2370 3418 2427 Domini

1846 2465 2384 2537 attemperationem?
2440 2463 2677 2521 Sursum
2723 2465 2895 2530 liber,
2956 2465 3214 2521 deorsum
3249 2479 3419 2522 censu

1847 2557 2157 2628 descriptus
2191 2571 2204 2611 :
2242 2572 2460 2613 sursum
2491 2555 2682 2622 Filius,
2714 2557 2969 2613 deorsum
3022 2572 3214 2613 servus
3243 2576 3257 2612 :
3291 2573 3418 2611 sur-

1847 2664 1968 2704 sum
2022 2664 2139 2712 rex,
2197 2647 2455 2703 deorsum
2507 2651 2930 2703 mercenarius:
2972 2662 3189 2703 sursum
3244 2646 3418 2711 dives.

1846 2741 2101 2798 deorsum
2132 2756 2338 2813 egenus
2370 2758 2383 2794 :
2411 2755 2631 2796 sursum
2660 2741 2940 2807 adorator,
2965 2739 3219 2796 deorsum
3241 2740 3419 2795 tribu-

1847 2839 1963 2885 tum
2020 2831 2184 2887 solvit
2230 2849 2243 2886 :
2284 2845 2504 2887 sursum
2560 2830 2779 2885 divinus
2833 2831 3088 2894 thronus,
3161 2828 3418 2886 deorsum

1848 2924 2104 2993 Spelunca
2152 2922 2361 2977 rustica
2399 2940 2413 2977 :
2446 2937 2665 2978 sursum
2724 2930 2983 2992 paternus
3029 2928 3084 2975 et
3114 2919 3419 2992 incompre-

1847 3013 2130 3070 hensibilis
2164 3013 2341 3078 sinus,
2362 3013 2617 3069 deorsum
2641 3012 2914 3068 stabulum
2942 3026 3168 3081 parvum
3198 3018 3252 3066 et
3281 3026 3422 3082 prae-

1849 3122 1996 3173 sepe.
2023 3105 2159 3173 Quis
2179 3121 2287 3160 non
2306 3105 2594 3160 mirabitur
2619 3119 2843 3176 magnas
2876 3119 3094 3160 sursum
3115 3117 3224 3170 res,
3253 3110 3307 3158 et
3336 3103 3421 3155 vi-

1854 3196 1931 3251 les
1962 3195 2216 3251 deorsum
2240 3194 2487 3266 pannos?
2515 3193 2618 3260 Qui
2638 3195 2818 3261 solvit,
2845 3192 3045 3263 ligatur
3069 3210 3081 3247 :
3102 3192 3193 3261 qui
3224 3191 3417 3255 nutrit,

1846 3285 2121 3339 enutritur
2157 3303 2169 3339 :
2200 3282 2975 3362 incompreltensibjil‘iskpuer
3017 3285 3240 3363 apparet
3280 3298 3293 3334 :
3325 3279 3417 3350 qui

1847 3375 2024 3430 fontes
2054 3376 2324 3430 scaturire
2359 3375 2510 3440 facit,
2538 3374 2706 3428 ubera
2735 3379 3013 3427 mutuatur
3054 3387 3069 3426 :
3115 3373 3207 3442 qui
3233 3373 3419 3427 omnia

1845 3474 2037 3538 geStat,
2074 3466 2441 3537 inexplicabili
2474 3466 2635 3521 modo
2678 3472 2922 3537 gestator
2953 3483 2967 3519 :
3015 3465 3107 3535 qui
3144 3479 3445 3535 nusquam.

1844 3574 1952 3614 non
1979 3570 2082 3625 est,
2110 3558 2164 3614 in
2193 3568 2342 3615 certo
2367 3559 2488 3615 loco
2517 3558 2989 3629 incircumscripte
3005 3557 3414 3613 circumscribi-

1844 3659 1952 3707 tur.
1984 3651 2135 3708 Ores
2169 3653 2499 3723 stupendasl
2541 3651 2777 3707 Elisabet
2809 3649 2863 3705 in
2899 3651 3168 3704 concinna
3189 3648 3418 3704 aedicula

1845 3746 2006 3816 parit,
2037 3756 2090 3801 et
2117 3744 2283 3816 Virgo
2311 3744 2367 3800 in
2416 3760 2581 3816 parva
2615 3744 2787 3815 gignit
2846 3742 3105 3812 spelunca
3138 3761 3151 3797 :
3181 3740 3419 3798 Joannes

1844 3835 1898 3890 in
1930 3836 2089 3900 lecto,
2125 3835 2388 3891 Dominus
2419 3834 2475 3889 in
2504 3834 2792 3906 praesepio.
2828 3831 2945 3888 Non
2977 3833 3095 3888 sine
3124 3848 3288 3888 causa
3308 3830 3417 3886 Do-

1844 3928 2027 3984 minus
2059 3945 2129 3983 ex
2148 3926 2370 3997 Virgine
2392 3933 2554 3982 natus
2583 3945 2596 3982 :
2622 3941 2732 3981 non
2765 3925 2885 3980 sine
2906 3939 3072 3980 causa
3120 3923 3317 3994 pannis
3336 3926 3418 3979 in—

1844 4020 2059 4075 volutus
2084 4028 2169 4075 est
2200 4039 2213 4074 :
2246 4035 2347 4075 nec
2378 4021 2497 4075 sine
2532 4032 2697 4073 causa
2736 4017 3031 4071 mamillam
3071 4017 3218 4071 suxit
3260 4034 3274 4070 :
3307 4032 3416 4071 non

1845 4112 1963 4166 sine
2025 4124 2194 4165 causa
2251 4109 2307 4164 in
2359 4109 2627 4181 praesepio
2673 4107 2970 4163 reclinatus
3021 4114 3273 4162 estznec
3298 4106 3423 4161 sine

1843 4217 2011 4258 causa
2046 4201 2278 4272 Augusti
2298 4201 2667 4272 descriptione
2708 4199 2916 4255 accitus
2962 4205 3079 4264 est;
3119 4197 3303 4252 omnia
3348 4213 3418 4252 ex

1844 4299 1993 4345 certa
2020 4305 2187 4347 causa
2215 4298 2270 4345 et
2287 4290 2520 4353 ratione,
2552 4290 2654 4344 etsi
2674 4288 2911 4351 occulta,
2931 4299 3149 4358 peracta
3172 4294 3320 4343 sunt.
3339 4286 3420 4342 Ex.

1844 4379 2067 4453 Virgine
2096 4382 2363 4445 nascitur,
2422 4387 2481 4435 ut
2511 4380 2747 4451 primum
2808 4378 3085 4435 hominem
3123 4378 3298 4433 Adam
3348 4394 3421 4434 ex

1842 4473 1971 4528 limo
2004 4471 2232 4543 virginis
2270 4481 2429 4529 terra:
2461 4471 2752 4527 formatum
2777 4470 3055 4528 reformet.
3104 4470 3310 4536 [armis
3334 4471 3418 4526 in-

1843 4568 2097 4631 volvitur,
2130 4573 2191 4621 ut
2241 4575 2588 4637 peccatorum
2643 4572 2958 4621 nostrorum
3004 4579 3180 4621 nexus
3217 4563 3414 4627 solvat,
3452 4568 3523 4617 κ

1844 4659 2061 4715 vincula
2119 4658 2355 4715 vinculis
2416 4661 2667 4723 solvens,
2727 4658 2884 4727 juxta
2946 4656 3154 4713 dictum
3218 4655 3415 4710 illud:

1853 4769 1871 4802 ι
1912 4749 2302 4822 Unusquisque
2361 4751 2509 4806 enim
2551 4750 2784 4805 vinculis
2809 4756 3152 4820 peccatorum
3191 4762 3417 4802 suorum

1846 4845 2242 4915 constringitur
2279 4846 2345 4899 ⁶’.
2382 4863 2401 4896 ι
2446 4842 2736 4898 Mamillam
2786 4842 2967 4902 suxit,
3000 4848 3062 4895 ut
3088 4842 3275 4912 gratiae
3310 4840 3414 4904 lac,

1847 4932 1995 5002 quod
2017 4948 2082 4987 ex
2102 4934 2273 4988 latere
2301 4932 2422 5003 ejus
2447 4932 2674 4997 efﬂuxit,
2724 4931 3016 4988 scaturiret
3046 4951 3059 4986 :
3094 4931 3230 4985 nihil
3269 4930 3418 4985 enim

1848 5021 1995 5075 aliud
2025 5021 2109 5075 lac
2138 5029 2242 5086 est,
2278 5021 2385 5077 nisi
2416 5022 2639 5094 sanguis
2675 5022 3001 5077 albescens:
3056 5021 3110 5074 in
3151 5021 3415 5094 praesepio

1850 5111 2152 5168 reclinatus
2179 5120 2287 5179 est,
2317 5120 2378 5168 ut
2408 5088 2708 5169 humanum
2750 5129 2921 5186 genus
2949 5088 3417 5168 hrutorntﬁ—r'nore

1845 5420 2033 5562 9:065)
2067 5486 2222 5545 Colb.
2284 5487 2339 5554 Ι,
2388 5486 2445 5554 2,
2489 5487 2672 5560 πηγὰς
2706 5487 2906 5562 βρύων.
2961 5486 3106 5542 Infra
3148 5486 3302 5544 Colb.
3356 5483 3417 5552 9.,

1846 5560 2281 5633 “sphaeram-

1920 5626 2218 5712 (ϐϐἱξροιί).
2249 5630 2300 5696 l,
2326 5632 2381 5697 Ξ,
2415 5626 2758 5702 ἀνατεθῆναι.
2808 5626 2953 5685 Infra
2985 5628 3139 5684 Colb.
3188 5626 3239 5690 l,
3283 5627 3420 5683 am-

1848 5700 2166 5770 γματωδῶς.
2639 5700 2646 5702 ⁷

1921 5770 2049 5843 (67)
2073 5770 2150 5835 Ita
2178 5770 2561 5847 manuscripti.
2584 5770 2730 5829 Editi
2754 5785 2902 5845 vero,
2936 5767 3253 5849 ἀνέόρυσεν.
