4022 6382
546 377 657 439 9L7

1708 365 1768 425 s.
1802 362 2262 422 ATHANASIUS.
2295 394 2365 404 —
2398 348 2632 420 ΒΗΜΛ.

3694 357 3796 417 948

543 491 821 563 desipiens
873 461 1204 559 corrigeret,
1248 482 1592 552 duorumque
1639 479 1959 535 animalium
1990 493 2095 534 ese:

2219 475 2368 529 οὐδὲν
2422 474 2611 547 ἔτερόν
2655 474 2804 529 ἐστιν
2846 473 2879 546 ἢ
2919 467 3059 544 αἷμα
3113 470 3423 527 λευκανθέν.
3485 470 3575 525 Ἐν
3623 469 3794 545 φάτνῃ

541 583 730 640 fleret:
769 593 999 651 quorum
1036 575 1270 633 duorum
1342 572 1696 629 animalium?
1743 571 1980 635 Ethnici,
2023 568 2123 625 Ju-

541 672 795 743 daicique
818 668 1025 745 populi,
1053 667 1123 723 de
1150 666 1351 738 quibus
1382 665 1648 736 scriptum
1678 672 1764 720 est
1795 680 1809 717 :
1847 681 1867 715 ι
1908 664 1969 718 In
2000 678 2117 718 me-

538 762 634 817 dio
670 762 905 817 duorum
963 757 1283 813 animalium
1336 756 1690 826 cognosceris
1724 756 1793 813 ⁸⁸.
1837 775 1857 810 ι
1902 755 2121 811 Descri-

537 851 779 922 ptionem
808 850 913 906 sub
942 849 1189 921 Augusto
1240 847 1457 904 Caesare
1501 847 1744 914 admisit,
1774 855 1834 903 ut
1866 846 2117 903 incondi-

536 951 653 997 tum
703 940 855 996 orbis
901 946 1105 996 statum
1161 948 1531 1009 componeret.
1598 937 1721 1008 ipsa
1774 937 1976 1008 quippe
2016 934 2112 992 de-

533 1032 780 1102 scriptio,
810 1029 965 1102 probi
991 1029 1047 1085 in
1079 1030 1214 1086 orbe
1248 1027 1417 1084 futuri
1445 1028 1654 1084 ordinis
1691 1027 1889 1100 pignus
1914 1029 2037 1085 fuit.

2218 569 2511 642 ἀνεκλίθη,
2547 569 2635 623 ἴνα
2669 570 2772 642 τὴν
2813 567 3035 636 ἀλογίαν
3063 568 3161 639 τῆς
3197 563 3618 638 ἁνθρωπότητος
3654 563 3795 631 διορ-

2218 662 2478 733 θώσηται,
2511 661 2607 714 καὶ
2653 660 2762 714 τῶν
2791 660 2884 713 δύο
2917 657 3073 724 ζώων
3118 656 3290 729 τροφὴ
3333 655 3559 724 γένηται
3578 670 3593 683 ο
3626 655 3791 705 ποίων

2217 755 2311 810 δύο
2343 752 2536 819 ζώωνς
2567 752 2661 806 τοῦ
2694 751 2906 806 ὲθνικοῦ
2929 751 3026 805 καὶ
3056 748 3151 802 τοῦ
3188 745 3477 803 Ἰουδαῖκοῦ
3503 742 3637 797 λαοῦ
3665 746 3791 815 περὶ

2217 840 2293 901 ὧν
2325 846 2663 917 γέγραπται·
2702 861 2721 894 ι
2762 843 2852 895 Ἐν
2889 841 3040 914 μέσῳ
3076 840 3169 893 δύο
3224 836 3379 902 ζώων
3424 835 3742 907 γνωσθήσῃ.
3766 855 3783 886 ι

2218 936 2329 1010 Τὴν
2356 935 2450 989 ἐπὶ
2470 933 2780 1003 Αὐγούστου
2798 933 3075 1002 Καίσαρος
3094 927 3421 1001 ἀπογραφὴν
3447 926 3784 993 κατεδέξατο,

2216 1032 2307 1087 ἵνα
2359 1031 2459 1102 τὴν
2510 1028 2893 1100 οίκουμενικὴν
2935 1026 3162 1092 ἀταξίαν
3214 1022 3598 1096 διορθώσηται.
3642 1021 3785 1092 Αὕτη

531 1124 640 1197 γὰρ
664 1127 697 1197 ἠ
720 1124 1016 1199 ἀπογραφὴ
1034 1125 1135 1195 τῆς
1158 1126 1544 1198 οίκουμενικῆς
1566 1125 1819 1191 εὐταξίας
1846 1127 2105 1199 ἀρῤαὸὼν
2134 1129 2447 1201 γεγένηται.

599 1221 654 1278 5.
687 1219 752 1276 Et
768 1221 914 1291 quod
937 1237 1066 1277 vera
1092 1222 1207 1278 haec
1232 1222 1364 1289 sint,
1417 1223 1613 1293 paucis
1663 1224 1909 1294 percipe.
1943 1225 2109 1281 Ante-

530 1321 693 1377 quam
719 1307 984 1365 Dominus
1000 1309 1167 1367 homo
1200 1311 1371 1376 fieret,
1397 1311 1679 1366 hominum
1708 1328 1882 1383 genus
1914 1329 2109 1384 magna

527 1399 779 1471 tyrannis
804 1400 1127 1471 occupabat,
1159 1401 1309 1456 nulla
1335 1402 1548 1458 ratione
1579 1408 1726 1458 terra
1769 1405 2113 1473 gubernaba-

529 1501 639 1556 tur,
694 1493 847 1563 regia
894 1493 1134 1564 dignitas
1199 1492 1439 1548 ludibrio
1505 1501 1645 1560 erat,
1680 1494 1824 1566 apud
1862 1496 2113 1554 homines

527 1582 731 1639 multos
774 1585 969 1655 ingens
1028 1599 1218 1656 regum
1265 1584 1429 1640 turba
1476 1586 1877 1643 cxoriebatur:
1929 1589 1973 1644 si
2022 1589 2113 1643 cui

524 1682 683 1729 erant
722 1684 942 1731 centum
992 1676 1216 1733 circiter
1248 1677 1503 1735 homines
1533 1679 1762 1747 subditi,
1807 1680 2017 1752 regium
2063 1681 2111 1738 is

526 1767 632 1824 sibi
663 1768 912 1824 habitum
936 1772 1200 1826 continuo
1230 1772 1551 1844 usurpabat.
1584 1771 1736 1829 Talis“
1787 1781 1905 1828 erat
1935 1773 2105 1830 homi-

2284 1227 2338 1280 ὅ.
2389 1223 2502 1277 Καὶ
2558 1223 2639 1276 ὅτι
2691 1217 2864 1291 ἀληθῆ
2918 1215 2989 1271 ea
3039 1214 3335 1285 λεγόμενα,
3400 1209 3489 1265 διὰ
3543 1210 3785 1282 βραχέων

2216 1318 2402 1374 ἄκουε.
2428 1316 2545 1389 Πρὸ
2569 1316 2669 1386 τῆς
2713 1312 2808 1366 τοῦ
2853 1310 3059 1383 Κυρίου
3105 1306 3574 1379 ὲνανθρωπήσεως
3621 1302 3784 1375 πολλὴ

2216 1406 2469 1479 τυραννὶς
2499 1404 2634 1473 (68)
2696 1403 2757 1456 τὸ
2806 1400 2915 1455 τῶν
2964 1396 3265 1470 ἀνθρώπων
3318 1398 3540 1466 κατεῖχε
3597 1394 3779 1473 γένος*

2210 1498 2421 1566 ἀλόγως
2459 1496 2522 1549 τὸ
2571 1496 2670 1566 τῆς
2718 1494 2822 1565 γῆς
2870 1491 3200 1563 ἐκυϐερνᾶτο
3238 1488 3463 1560 χωρίον·
3505 1484 3783 1551 ἐνέπαιζον

2211 1590 2291 1650 εἰς
2327 1588 2390 1640 τὸ
2450 1584 2732 1657 βασιλικὸν
2782 1584 3032 1654 ἀξίωμα·
3087 1580 3296 1635 πολλῶν
3326 1579 3436 1634 τῶν
3487 1579 3783 1653 ἀνθρώπων

2210 1678 2413 1750 πλῆθος
2446 1676 2711 1748 βασιλέων
2759 1676 3172 1746 ὲφυτουργεῖτοο
3204 1673 3400 1726 ἑκατόν
3439 1671 3544 1726 πού
3587 1689 3673 1735 τις
3698 1672 3782 1731 ἄν·

2207 1772 2340 1843 δρας
2371 1771 2508 1842 ἔχων
2560 1769 2651 1835 ὑφ’
2708 1767 2931 1830 ἑαυτὸν,
2985 1765 3187 1830 εὐθέως
3242 1765 3305 1819 τὸ
3358 1763 3460 1835 τῆς
3511 1763 3781 1834 βασιλείας

522 1877 656 1916 num
689 1861 1061 1935 356-pugna
1088 1883 1101 1918 :
1137 1880 1264 1919 cum
1294 1874 1569 1920 certorum
1601 1866 1847 1921 locorum
1908 1867 2095 1936 princi

2211 1862 2591 1934 ὲσφετερίξετο
2626 1859 2833 1930 σχῆμα.
2876 1853 3111 1926 Τοιαύτη
3140 1854 3251 1907 τῶν
3283 1853 3453 1907 ὲθνῶν
3488 1855 3521 1923 ἡ
3550 1852 3778 1923 apina-

523 1960 687 2025 patus
731 1956 1027 2023 ambirent,
1075 1972 1177 2013 nec
1214 1973 1282 2014 ex
1336 1960 1457 2013 loco
1490 1958 1789 2015 transirent
1818 1960 1873 2014 in
1906 1960 2104 2025 alium;

522 2045 628 2102 nisi
660 2046 996 2120 quandoque
1025 2048 1128 2103 sibi
1162 2056 1355 2105 mutuo
1391 2050 1594 2106 bellum
1646 2050 1932 2108 inferrent.
1968 2051 2106 2107 Cum

520 2135 728 2193 diutius
742 2136 1013 2207 ejusmodi
1034 2137 1286 2195 confusio
1307 2149 1703 2211 perseveraret,
1732 2142 1827 2197 ubi
1866 2143 2104 2213 primum

521 2225 785 2285 Dominus
813 2229 868 2285 in
914 2237 1062 2286 terra
1116 2230 1423 2302 virgineum
1480 2233 1770 2305 occupavit
1816 2235 2099 2305 palatium,

519 2322 822 2390 permultos
846 2321 969 2378 illos
1001 2322 1229 2379 abstulit
1251 2324 1612 2395 principatus,
1634 2340 1697 2378 ac
1726 2326 2100 2380 monarcltiam

518 2414 781 2482 instituit,
808 2413 903 2469 ubi
930 2414 1304 2470 Romanorum
1333 2416 1621 2486 imperium
1644 2434 1835 2473 omnes
1856 2418 2103 2474 obtinere

516 2504 778 2572 decrevit,
838 2505 909 2561 ad
965 2507 1224 2563 cmlestis
1278 2507 1491 2563 scilicet
1552 2508 1765 2579 imperii
1831 2525 2101 2565 normam.

517 2593 988 2664 Quemadmodum
1039 2596 1190 2651 cnim
1245 2612 1414 2652 unum
1466 2597 1519 2652 in
1572 2599 1714 2653 caelo
1743 2598 1837 2653 Dei
1879 2615 2103 2671 regnum

515 2686 746 2750 obtinet,
776 2701 1077 2758 omnesque
1116 2688 1292 2758 angeli
1324 2689 1595 2743 voluntati
1635 2689 1756 2760 ejus
1798 2690 2105 2760 subjiciun-

515 2786 635 2845 tur;
661 2777 1000 2836 dzemonibus
1038 2779 1397 2834 barbarorum
1426 2795 1581 2835 more
1611 2781 1899 2852 imperium
1919 2782 2101 2839 detre-

513 2868 792 2925 ctantibus
816 2869 1005 2926 eadem
1034 2871 1248 2926 ratione
1273 2879 1328 2926 et
1362 2871 1418 2926 in
1452 2880 1616 2938 terra,
1666 2873 1793 2929 licet
1822 2875 2103 2944 permulue

512 2961 626 3016 sint
674 2961 956 3017 indomitae
998 2970 1211 3034 gentes,
1255 2978 1429 3018 unum
1486 2972 1669 3019 tamen
1725 2963 2099 3021 Romanorum

510 3052 801 3123 imperium
833 3053 1061 3112 obtinet.
1098 3055 1261 3112 Probi
1290 3056 1460 3127 igitur
1480 3054 1711 3126 hujusce
1736 3058 1948 3114 ordinis
1965 3074 2100 3113 con-

509 3143 774 3200 stituendi
803 3160 992 3211 causa,
1012 3148 1243 3217 primam
1268 3148 1374 3205 sub
1401 3147 1650 3219 Augusto
1675 3148 2097 3220 descriptionem

2206 1957 2509 2030 τοπαρχίας
2551 1954 2892 2024 ἀγαπῶντες,
2919 1953 3011 2006 καὶ
3040 1950 3206 2004 τόπον
3248 1951 3313 2003 ὲκ
3342 1946 3512 2000 τόπου
3555 1945 3631 2017 μὴ
3666 1943 3779 1997 δια-

2207 2051 2501 2114 ϐαίνοντες,
2549 2050 2599 2101 εἰ
2640 2045 2716 2118 μὴ
2762 2046 2964 2118 τρόπον
3004 2042 3127 2097 τινὰ
3158 2042 3278 2096 κατ’
3323 2038 3572 2109 ἀλλήλων
3614 2034 3775 2090 ὡπλί-

2207 2161 2385 2200 σαντο.
2436 2141 2653 2211 Ταύτης
2705 2140 2804 2211 τῆς
2862 2135 3175 2207 συγχύσεως
3224 2127 3780 2204 χρονοτριδουμένης.

2207 2236 2366 2309 μόνον
2398 2236 2426 2288 ὁ
2467 2232 2671 2303 Κύριος
2722 2229 3044 2296 κατεδέξατο
3091 2224 3183 2278 ἐπὶ
3215 2224 3319 2294 γῆς
3348 2222 3410 2276 τὺ
3456 2219 3781 2294 παρθενικδν

2203 2327 2420 2398 οἰκῆσαι
2454 2324 2736 2388 παλάτιον,
2766 2320 2969 2384 εὐθέως
2986 2319 3086 2389 τὴν
3112 2317 3209 2389 μὲν
3240 2313 3579 2385 πολυαρχίαν
3604 2309 3778 2377 must,

2202 2420 2302 2489 τὴν
2346 2419 2402 2473 δὲ
2441 2416 2739 2489 μοναρχίαν
2783 2412 3095 2485 φυτουργεϊ,
3128 2409 3229 2480 τὴν
3275 2405 3562 2478 Ῥωμαίων
3609 2402 3780 2475 ἀρχὴν

2203 2510 2420 2564 πάντων
2471 2506 2829 2580 ἡγεμονεύειν
2878 2501 3189 2576 κληρώσας,
3223 2499 3364 2554 κατά
3412 2499 3646 2570 μίμησιν
3679 2495 3778 2566 τῆς

2202 2605 2525 2677 ἐπουρανίου
2564 2601 2869 2676 διατριϐῆς.
2900 2601 3109 2671 Ὠσπερ
3141 2597 3250 2667 γὰρ
3281 2597 3340 2649 ὲν
3371 2592 3588 2666 οὐρανῷ
3619 2591 3714 2662 μία
3739 2591 3774 2661 ﬁ

2199 2696 2293 2752 τοῦ
2320 2694 2455 2748 Θεοῦ
2494 2693 2740 2764 βασιλεία
2770 2692 2982 2766 κρατεῖ,
3008 2689 3102 2743 καὶ
3137 2687 3338 2749 πάντες
3372 2686 3421 2738 οἱ
3450 2682 3671 2752 ἄγγελοι
3700 2681 3777 2753 τῷ

2201 2787 2466 2858 θελήματι
2515 2785 2679 2840 αὐτοῦ
2744 2784 3170 2843 ὑποτάσσονται,
3220 2778 3330 2832 τῶν
3376 2777 3646 2847 δαιμόνων
3696 2773 3777 2826 δίσ-

2200 2896 2302 2949 κην
2323 2877 2433 2950 (69)
2464 2876 2753 2950 βαρϐάρων
2781 2874 3227 2947 ἀφηνιασάντωψ
3259 2869 3350 2923 τὸν
3380 2867 3544 2923 αὐτὸν
3579 2867 3774 2939 τρόπον

2200 2969 2295 3023 κοιλ⁸
2320 2969 2413 3021 ἐπὶ
2443 2968 2541 3039 τῆς
2570 2968 2696 3039 γῆς,
2726 2969 2775 3022 εί
2810 2967 2905 3025 καὶ
2938 2963 3109 3019 πολλά
3134 2962 3203 3018 τὰ
3241 2961 3594 3016 ἀνυπότακτα
3627 2959 3771 3027 ἔθνη,

2197 3061 2312 3114 ἀλλ’
2341 3061 2490 3131 ὅμως
2524 3058 2621 3129 μία
2644 3062 2678 3132 ἡ
2712 3058 2821 3113 τῶν
2855 3055 3141 3129 Ῥωμαίων
3170 3052 3413 3126 βασιλεία
3442 3054 3653 3123 κρατεῖ.
3676 3050 3774 3102 Διά
3812 3058 3825 3072 ⁸

2199 3150 2404 3222 ταύτην
2434 3146 2527 3205 οὖν
2568 3150 2667 3219 τὴν
2695 3150 2951 3216 εὐταξίαν
2977 3147 3078 3220 τὴν
3118 3143 3341 3218 πρώτην
3384 3143 3711 3215 ἀπογραφὴν
3743 3142 3773 3194 ὁ

510 3251 610 3292 rex
638 3239 696 3294 in
733 3244 892 3293 utero
920 3246 1165 3308 gestatus
1219 3240 1361 3296 edici
1416 3218 1695 3296 mandavit
1728 3218 1905 3297 :unde
1950 3252 2002 3297 et
2036 3258 2095 3297 se

2199 3218 2636 3318 κυοφορούμενος
2683 3244 2937 3317 βασιλεὺς
2970 3218 3298 3315 προσέταξεν
3332 3240 3427 3294 ἐπὶ
3464 3237 3769 3308 Αὐγούστου

510 3328 631 3402 ipse
667 3330 723 3386 in
755 3328 990 3389 Romani
1033 3332 1251 3402 imperii
1276 3349 1447 3389 censu
1472 3332 1710 3390 describi
1746 3334 1994 3405 permisit
2022 3336 2091 3390 ad

511 3421 986 3482 confirmationem
1007 3431 1338 3482 statutarum
1363 3426 1566 3496 legum.
1591 3424 1730 3480 Tum
1751 3426 1897 3481 enim
1941 3427 2091 3498 regis

506 3514 597 3569 lex
625 3513 856 3580 obtinet,
891 3529 1016 3571 cum
1048 3516 1200 3588 prior
1226 3516 1344 3588 ipse
1363 3532 1528 3587 quam
1547 3515 1669 3572 tulit
1690 3516 1860 3588 legem
1878 3518 2088 3588 implet.

507 3603 642 3661 Nam
673 3607 768 3679 qui
798 3608 971 3679 legem
994 3608 1170 3680 ponit.
1202 3624 1303 3665 nec
1333 3609 1542 3680 implet,
1574 3609 1622 3665 is
1669 3609 1804 3680 legis
1861 3610 2092 3681 abroga-

504 3704 593 3756 tor
618 3706 705 3754 est
739 3700 924 3769 potius
945 3716 1110 3772 quam
1161 3701 1461 3773 legislator.
1521 3700 1656 3757 Boni
1694 3700 1862 3772 igitur
1894 3701 2087 3770 hujus-

504 3787 652 3845 modi
686 3788 898 3845 ordinis
953 3790 1191 3861 ponendi
1243 3806 1433 3856 causa,
1473 3792 1651 3862 prima
1694 3791 1798 3849 sub
1838 3791 2088 3862 Augusto

502 3877 802 3949 descriptio
829 3879 973 3949 facta
997 3889 1102 3945 est,
1118 3888 1181 3935 ut
1206 3887 1261 3936 et
1281 3881 1419 3952 legis
1447 3881 1631 3937 cultus
1661 3881 1993 3948 auferretur,
2028 3889 2083 3938 et

500 3965 816 4027 Judaaorum
847 3975 999 4026 natio
1029 3970 1402 4034 cohiberetur,
1434 3980 1492 4027 ut
1538 3988 1609 4028 ne
1657 3975 1932 4043 perversis
1986 3973 2085 4029 Ju-

502 4060 655 4124 dzeis,
691 4061 738 4117 si
768 4076 869 4117 suo
884 4061 1010 4133 jure
1031 4064 1503 4127 viverent,liceret
1529 4064 1785 4119 innoxios
1811 4066 2080 4133 occidere,

502 4150 600 4207 sed
629 4153 978 4208 necessitatis
1000 4152 1133 4224 jugo
1158 4154 1374 4225 legibus
1405 4162 1679 4225 parerent.

2200 3336 2636 3410 συγκροτηθῆναι
2658 3354 2673 3368 ο
2703 3337 2823 3391 ὅθεν
2860 3335 2955 3390 καὶ
2987 3333 3149 3398 αὐτὸς
3173 3332 3366 3387 ἑαυτὸν
3396 3330 3772 3401 ὲναπόγραφον

2196 3428 2450 3497 γενέσθαι
2477 3430 2543 3499 τῇ
2579 3427 2868 3498 Ῥωμαίων
2906 3426 3048 3497 ἀρχῇ
3096 3423 3459 3499 παρεχώρησε
3510 3422 3648 3494 πρὸς
3684 3421 3770 3492 βε-

2196 3517 2425 3571 ϐαίωσιν
2454 3518 2561 3571 τῶν
2597 3515 3001 3588 θεσπιζομένων
3047 3515 3250 3587 νόμων.
3288 3515 3419 3568 Τότε
3462 3512 3573 3585 γὰρ
3616 3512 3767 3584 βασι-

2192 3610 2329 3675 λέως
2354 3612 2519 3682 νόμος
2553 3616 2765 3684 κρατεῖ,
2789 3614 2876 3665 ὅτε
2905 3613 2933 3664 ὁ
2954 3608 3259 3681 νομοθετῶν
3286 3606 3538 3679 βασιλεὺς
3559 3606 3767 3677 πρῶτος

2193 3701 2457 3775 πληρώσῃ
2492 3701 2581 3756 τὸν
2614 3703 2796 3775 νόμον.
2832 3704 2891 3755 '0
2922 3700 3029 3772 γὰρ
3073 3699 3187 3771 (70)
3217 3697 3524 3772 νομοθετῶν
3562 3698 3654 3751 καὶ
3694 3696 3763 3767 μὴ
3823 3704 3828 3708 ”

2190 3791 2412 3864 πληρῶν
2444 3792 2773 3866 καθαιρέτης
2802 3791 3027 3861 ὲστὶν,ἧ
3057 3791 3171 3862 (71)
3201 3790 3512 3861 νομοδότης.
3546 3788 3644 3844 Διά
3669 3788 3764 3858 τὴν

2192 3882 2589 3955 προλεχθεῖσαν
2635 3881 2728 3939 οὖν
2764 3882 3050 3950 εὐταξίαν,
3086 3884 3120 3953 ἡ
3159 3883 3249 3935 ἐπὶ
3289 3879 3600 3950 Αὐγούστου
3633 3880 3764 3933 ἀπο-

2190 3975 2378 4049 γραφὴ
2409 3974 2597 4048 πρώτη
2615 3976 2859 4046 γέγονεν,
2886 3976 3033 4037 ὅπως
3059 3973 3152 4028 καὶ
3180 3975 3214 4044 ἡ
3241 3971 3335 4026 τοῦ
3365 3972 3529 4044 νόμου
3545 3968 3761 4043 λατρεία

2194 4067 2523 4140 μετενεχθῇ,
2582 4070 2679 4123 καὶ
2728 4067 2790 4121 τὸ
2847 4067 2957 4121 τῶν
3016 4065 3282 4121 Ἰουδαίων
3347 4063 3513 4134 φῦλον
3562 4078 3760 4133 καταρ-

2190 4161 2334 4234 γηθῇ
2364 4162 2477 4232 (72)
2514 4161 2652 4233 πρὸς
2673 4162 2735 4215 τδ
2767 4161 2841 4234 μὴ
2886 4161 3084 4227 ἐξεῖναι
3130 4159 3315 4213 λοιπὸν
3359 4161 3470 4222 τοῖς
3511 4157 3759 4218 ἀτάκτοις

513 4246 789 4311 Ἰουδαίοις
849 4249 1145 4326 αὐτονομίᾳ
1196 4248 1501 4324 χρωμένοις
1564 4248 1812 4320 φονεύειν
1871 4254 1998 4317 τοὺς
2062 4256 2388 4322 ἀνευθύνους
2412 4299 2426 4323 ,
2470 4256 2698 4313 ἔπεσθαι
2755 4258 2814 4313 δὲ
2862 4260 2975 4320 τοῖς
3029 4256 3214 4329 νόμοις
3255 4255 3335 4327 τῷ
3378 4256 3478 4325 τῆς
3518 4254 3757 4324 ἀνάγκης

497 4336 651 4411 ζυγῷ
675 4337 812 4411 (75)-

562 4455 621 4512 ι.
659 4454 986 4513 Necessaria
1012 4457 1194 4529 itaque
1222 4456 1327 4512 fuit
1349 4458 1668 4529 supradicta
1700 4460 1804 4516 sub
1832 4460 2082 4533 Augusto

2256 4464 2310 4519 4.
2349 4462 2649 4534 Ἀναγκαία
2675 4461 2853 4517 τοίνυν
2877 4461 2910 4533 ἡ
2943 4459 3298 4533 προλεχθεῖσα
3326 4458 3421 4513 ἐπὶ
3447 4460 3754 4527 Αὐγούστου

493 4546 816 4620 descriptio.
847 4548 969 4621 Ipsa
1000 4550 1202 4621 quippe
1231 4548 1552 4620 descriptio,
1574 4550 1888 4609 Iudaeorum
1914 4570 2086 4628 p0pu-

489 4642 604 4705 lum
634 4642 927 4712 depressit,
957 4641 1395 4698 Christianorum
1436 4652 1627 4699 contra
1664 4660 1836 4716 genus
1874 4648 2082 4704 exalta-

487 4734 588 4797 vit,
619 4732 846 4799 Judaeis,
877 4732 1112 4788 Romani
1145 4742 1291 4789 metu
1333 4733 1568 4803 imperii,
1604 4752 1713 4792 non
1748 4738 2077 4796 audentibus

487 4826 675 4898 priore
706 4842 810 4884 suo
831 4828 911 4884 uti
939 4824 1146 4885 furore.
1179 4826 1526 4900 Quapropter
1550 4839 1673 4899 post
1705 4846 1825 4886 eam
1865 4830 2074 4887 descri-

487 4919 751 4997 ptionem,
780 4934 905 4973 cum
933 4915 1225 4972 Dominum
1251 4918 1795 4988 comprehendissent
1835 4929 1890 4976 et
1910 4921 2072 4975 morti

486 4996 703 5077 tradere
760 5010 1105 5075 festinarent,
1169 5025 1281 5065 non
1336 5010 1457 5066 ausi
1480 5018 1609 5067 sunt
1638 5012 1910 5068 arbitratu
1968 5025 2072 5066 suo

488 5118 669 5174 agere,
694 5103 838 5167 sicut
861 5104 991 5159 olim
1026 5118 1151 5163 cum
1181 5103 1482 5179 prephelis,
1516 5119 1657 5176 quos
1687 5118 1832 5162 caeco
1862 5103 2069 5178 impetu

559 5257 605 5290 "
645 5257 851 5327 llabac.
892 5274 990 5326 In,
1024 5258 1081 5322 2.

580 5413 671 5488 es)
699 5413 787 5488 ⁸ιιει
814 5416 969 5488 coib.
996 5416 1051 5483 ι,
1073 5417 1130 5482 2,
1151 5415 1299 5488 Editi
1320 5432 1473 5482 vero,
1496 5415 1778 5488 τυραννίσι,

583 5483 673 5557 69)
699 5484 780 5541 Ita
792 5487 962 5564 poli).
993 5488 1048 5564 ᾖ,
1071 5488 1126 5542 2.
1145 5486 1473 5564 Editi‘vero,
1508 5483 1608 5564 μία
1626 5484 1894 5564 πλειόνων
1920 5483 2068 5564 ﬁam.

484 5553 606 5629 λεία
622 5553 834 5629 κρατεῖ,
857 5557 968 5613 τῶν
1000 5553 1267 5629 δαιμόνων
1292 5553 1468 5628 δίκηνέ
1494 5553 1600 5629 etc.
1626 5553 2069 5629 ΜφΑηιξεζάφα-

484 5623 797 5691 νισθὲντων,
844 5642 948 5698 pro
981 5623 1420 5698 ἀφηνιασάντωνζ
1454 5623 1603 5698 Infra
1635 5624 1785 5691 editi,
1819 5623 2068 5698 βασριεία

490 5698 707 5767 κρατεῖ,
733 5692 929 5769 Ᾱὲπεὶδὴ
961 5692 1168 5751 ἀνωθεν
1197 5699 1501 5769 ἐκρατεῖτο,
1531 5696 1620 5765 διά
1671 5692 1886 5750 ταυτόν.
1922 5692 2068 5749 Editi

478 5779 611 5820 vero
638 5775 699 5821 ut
729 5767 785 5820 in
811 5767 981 5822 textu.
1271 5767 1279 5769 ἡ
1318 5826 1321 5827 ν

558 5834 671 5910 (70)
698 5837 854 5901 Colb.
881 5837 935 5905 1,
957 5836 1014 5909 2,
1040 5837 1172 5903 Τότε
1199 5837 1255 5891 δὲ
1282 5835 1543 5919 βασιλέως
1573 5836 1737 5921 νόμος
1770 5838 1962 5911 κρατεῖ
1982 5851 2066 5903 τε.

2188 4557 2513 4629 ἀπογραφήο
2549 4555 2688 4626 αὐτη
2726 4557 2760 4627 ὴ
2796 4553 3090 4626 ἀπογραφὴ
3125 4553 3188 4606 τὸ
3218 4554 3314 4624 μὲν
3347 4551 3457 4605 τῶν
3494 4553 3755 4609 Ἰουδαίων

2182 4642 2517 4697 ἐταπείνωσε
2541 4640 2727 4710 φῦλον,
2747 4642 2809 4695 τδ
2838 4642 2895 4695 δὲ
2918 4641 3026 4695 τῶν
3060 4641 3401 4712 Χριστιανῶν
3431 4641 3532 4695 ύπε
3543 4642 3752 4714 ρύψωσε

2179 4736 2372 4804 γένος’
2426 4734 2622 4807 μηκέτι
2673 4733 2999 4806 τολμώντων
3050 4733 3319 4787 Ἰουδαίων
3357 4732 3467 4802 (74)
3505 4733 3613 4787 δέει
3656 4732 3753 4802 τῆς

2189 4828 2477 4899 Ῥωμαίων
2509 4826 2685 4898 ἀρχῆς
2715 4828 2781 4897 τῇ
2825 4825 3065 4898 προτέρᾳ
3106 4823 3405 4896 κεχρῆσθαι
3441 4825 3627 4895 μανίᾳ.
3660 4821 3753 4876 Διὸ

2174 4923 2270 4974 καὶ
2306 4919 2443 4992 μετά
2486 4920 2585 4992 τὴν
2628 4919 2953 4990 ἀπογραφὴν
2985 4917 3210 4987 ταύτην,
3253 4916 3343 4970 τὸν
3373 4915 3579 4988 Κύριον
3620 4929 3751 4985 κραε

2173 5012 2459 5083 τησαντες,
2498 5010 2594 5064 καὶ
2640 5010 2853 5081 θανάτῳ
2898 5008 3232 5081 παραδοῦναι
3268 5006 3610 5070 σπεύδοντες,
3647 5004 3751 5061 οὐκ

2172 5101 2476 5193 ἐτόλμησαν
2530 5101 2672 5161 κατὰ
2719 5101 2781 5157 τὸ
2828 5100 3019 5160 δοκοῦν
3070 5101 3253 5164 αὐτοῖς
3312 5097 3702 5170 διαπράξασθαι
3736 5138 3755 5161 ,

2164 5409 2253 5471 ὅτε
2283 5409 2492 5480 πρῶτος
2522 5409 2682 5475 αὐτὸς
2711 5409 2898 5464 τοῦτον
2928 5408 3140 5480 πληροῖ.
3209 5408 3251 5460 0
3279 5404 3413 5480 γάρ.

2238 5428 2253 5464 ε
2283 5427 2492 5549 πρῶτος
2522 5427 2682 5475 αὐτος
2711 5427 2898 5464 τουτον
2928 5427 3140 5492 πληροιέ
3209 5427 3251 5460 υ
3279 5427 3343 5473 γα

2238 5481 2341 5553 (71Δ
2379 5481 2532 5553 {Adde
2565 5481 2789 5553 μᾶλλον,
2818 5487 2912 5533 aut
2936 5480 3138 5553 legeuou
3163 5493 3261 5550 pro
3287 5478 3343 5549 ἡ.

2239 5548 2352 5621 (72)
2374 5550 2525 5606 Colb.
2566 5548 2621 5617 ἶ,
2656 5551 2713 5617 2,
2749 5548 3106 5621 καταρτισθῇ.

2242 5604 2355 5696 (23')
2380 5604 2536 5696 ῥοιῇ·
2576 5604 2627 5696 ἰί
2656 5604 2713 5696 ἒξ
2752 5622 2817 5696 τῆ
2840 5606 2939 5696 τῆς
2974 5604 3219 5696 Mm;
3246 5615 3381 5696 ξοεῇ·
3421 5687 3445 5696 -
3492 5682 3629 5696 ...._.

2170 5762 2183 5774 ,
2242 5660 2548 5817 viantem
2581 5660 2637 5759 ξ’,
2659 5660 2720 5761 5;
2741 5660 3465 5771 έέιειιςντῑξςεςιῖέωξῆςυε.
3492 5682 3652 5751 eam,
3673 5687 3748 5744 ιιι

2170 5779 2224 5817 ιη
2284 5779 2347 5817 ex
2378 5778 2433 5817 ll.

2170 5779 2224 5817 in
2264 5778 2433 5827 textu,
