3924 6518
192 391 296 448 949

1194 391 1426 447 SERMO
1465 390 1552 444 DE
1593 389 2096 446 DESCRIPTIONE
2135 388 2478 446 DEIPARAE.

3333 392 3440 449 950

192 508 312 564 καθ’
340 507 640 578 ὁμοιότητα
669 505 775 560 τῶν
811 505 1102 578 προφητῶν
1125 548 1140 570 ,
1183 506 1274 570 οὐς
1310 507 1623 578 ἀδιακρισια
1653 506 1762 577 (75)

1872 505 2232 572 dilaniarunt;
2265 507 2357 560 sed
2381 504 2556 559 Pilato
2583 520 2766 560 coram
2799 512 3062 562 steterunt
3088 514 3200 560 tum
3241 505 3440 562 Roma-

190 597 596 670 διεσπάραξαν·
648 599 782 652 ἀλλὰ
830 597 906 668 τῷ
959 597 1173 668 Πιλάτῳ
1217 599 1624 670 προσήνεγκαν,
1669 597 1768 668 ἄρ-

189 706 338 759 χοντι
407 688 731 759 Ῥωμαίων,
788 688 1034 758 ἐντυχίαν
1093 688 1545 759 εἰσπραξαμένῳ,
1615 687 1768 752 δίκας

188 780 591 852 ἀπαιτούμενοι
642 781 748 832 τῶν
801 781 1141 852 λεγομένων,
1193 780 1586 848 συγκατάθεσιν
1637 780 1767 851 μεθ-

185 870 523 940 οδευόμενοι.
557 870 645 924 Διὸ
672 871 767 924 καὶ
788 873 816 924 6
841 872 1090 938 Πιλᾶτος,
1108 875 1136 926 ὁ
1165 873 1450 942 Ῥωμαίων
1472 873 1675 944 ἄρχων,
1693 871 1768 934 ὡς

184 955 298 1013 εἶδε
326 962 458 1024 τούς
493 961 774 1026 Ἰουδαίους
808 962 1317 1032 κυνογλωσσοῦντας
1360 962 1498 1015 κατὰ
1535 963 1634 1032 τῆς
1671 961 1766 1015 τοῦ

187 1053 408 1124 Κυρίου
448 1053 782 1124 ἀναιρέσεως
804 1054 937 1126 (76),
979 1055 1072 1108 καὶ
1110 1054 1298 1118 εἰδὼς,
1329 1055 1410 1107 ὅτι
1456 1055 1539 1109 διὰ
1574 1054 1767 1124 φθόνον

182 1143 523 1214 παρέδωκαν
549 1145 730 1209 αὐτὸν,
754 1145 1011 1218 ἐπηρώτα
1033 1147 1157 1209 τούς
1184 1147 1489 1209 Ἰουδαίους,
1510 1145 1730 1215 φάσκων
1749 1163 1762 1177 ·

182 1231 396 1298 Καθὼς
442 1237 557 1288 ἴστε
601 1237 803 1300 πάντες
857 1239 1073 1308 σαφῶς,
1128 1240 1280 1292 οὐδὲν
1328 1239 1476 1303 ἄξιον
1537 1240 1765 1295 θανάτου

183 1326 439 1397 εὑρίσκω
470 1331 528 1382 ἐν
565 1328 641 1399 τῷ
681 1329 950 1402 ἀνθρώπῳ
976 1332 1147 1403 τούτῳ
1166 1374 1179 1397 ,
1207 1327 1252 1384 ὦ
1284 1333 1538 1386 Ἰουδαῖοι.
1575 1334 1638 1387 Τί
1671 1333 1767 1404 τὴν

182 1415 301 1470 τῶν
336 1418 628 1489 Ῥωμαίων
670 1420 844 1492 ἀρχὴν
887 1421 1133 1492 μολύνειν
1193 1423 1478 1488 σπεύδετε,
1528 1426 1768 1497 ἀκρασίᾳ

185 1509 527 1577 κρατοῦντες
551 1511 641 1564 τὸν
663 1512 891 1580 δίκαιον,
915 1516 1008 1568 καὶ
1034 1515 1124 1569 τὸν
1149 1515 1440 1570 ἀνεύθυνον
1471 1517 1767 1571 ὑπεύθυνον

182 1595 332 1653 εἶναι
369 1600 650 1670 θέλοντες;
696 1605 862 1658 Οὐδὲν
894 1606 1044 1671 ἄξιον
1071 1606 1299 1662 θανάτου
1331 1609 1570 1680 εὑρίσκω
1603 1613 1660 1664 ὲν
1691 1609 1768 1681 τῷ

182 1691 470 1764 ἀνθρώπῳ
506 1695 698 1765 τούτῳ.
737 1697 952 1751 Μᾶλλον
991 1694 1084 1752 οὖν
1123 1697 1152 1752 6
1203 1699 1492 1770 Βαραϐϐᾶς
1531 1701 1642 1771 (77)
1677 1719 1770 1770 φο-

183 1786 381 1856 νευθῇ,
413 1790 443 1840 ὁ
475 1788 531 1841 δὲ
577 1789 809 1860 Χριστὸς
839 1791 1116 1861 ἀπολυθῇ·
1153 1792 1233 1845 ὅτι
1275 1795 1478 1857 ἐκεῖνος
1522 1793 1623 1864 μὲν
1670 1812 1766 1863 φο-

1874 611 2068 650 norum
2100 597 2338 666 praesidi,
2369 605 2629 652 exacturo
2663 604 2722 651 ut
2752 612 2934 652 coram
2968 614 3027 653 se
3057 584 3436 668 accusaretur;

1875 686 2037 757 idque
2061 695 2119 742 ut
2137 703 2236 758 pro
2269 689 2430 744 dictis
2459 688 2578 758 ejus
2623 703 2815 759 poenas
2847 699 3225 760 exposcerent,
3269 700 3322 746 et
3353 706 3441 746 ar-

1874 777 2042 834 tificio
2064 794 2391 836 consensum
2418 780 2538 852 ejus
2576 779 2902 836 obtinerent.
2934 781 3300 847 Quamobrem
3351 782 3442 836 Pi-

1875 870 2037 944 latus,
2076 879 2263 942 utpote
2288 871 2658 928 Romanorum
2691 889 2911 946 praeses,
2956 885 3015 929 ut
3055 873 3268 931 Iudaeos
3307 875 3442 929 vidit

1873 962 2069 1016 canina
2119 962 2300 1033 lingua
2325 961 2537 1017 Domini
2586 978 2772 1018 necem
2822 964 3182 1034 postulantes,
3239 979 3443 1034 gnarus

1873 1067 1968 1109 eos
2008 1067 2119 1122 prae
2145 1052 2346 1108 invidia
2385 1052 2676 1110 tradidisse
2725 1053 2899 1114 illum.
2951 1055 3320 1126 interrogabat
3349 1053 3442 1108 Ju-

1874 1143 2022 1200 dazos
2052 1144 2206 1200 hisce
2237 1145 2454 1200 verbis:
2491 1142 2562 1199 Ut
2607 1145 2778 1216 probe
2833 1147 3005 1202 nostis
3060 1162 3270 1205 omnes.
3308 1145 3442 1199 nihil
3523 1197 3529 1206 ,

1873 1242 2050 1289 morte
2096 1235 2319 1307 dignum
2371 1237 2586 1293 invenio
2638 1239 2691 1292 in
2755 1240 2859 1294 hoc
2921 1238 3158 1302 homine,
3189 1237 3439 1296 oJudaei.

1873 1324 2015 1390 Quid
2048 1323 2416 1380 Romanorum
2457 1325 2744 1396 imperium
2769 1328 3010 1398 polluere
3033 1328 3326 1394 conamini,
3356 1344 3443 1398 pe-

1873 1415 2111 1470 tulanter
2155 1415 2365 1486 justum
2433 1417 2734 1489 capientes,
2790 1427 2844 1473 et
2897 1419 3168 1474 insontem
3229 1425 3438 1472 sontem

1872 1521 1995 1561 esse
2024 1507 2314 1564 volentes?
2342 1507 2488 1563 Nihil
2516 1517 2693 1564 morte
2721 1509 2944 1580 dignum
2971 1510 3189 1564 invenio
3230 1509 3284 1564 in
3336 1509 3440 1564 hoc

1873 1598 2112 1654 homine.
2142 1598 2420 1656 Barabbas
2463 1615 2596 1671 ergo
2635 1601 2939 1666 occidatur,
2975 1601 3227 1656 Christus
3259 1609 3439 1656 autem

1873 1689 2180 1745 dimittatur
2212 1711 2226 1748 :
2267 1693 2395 1762 quia
2426 1692 2516 1749 ille
2567 1694 2786 1764 quidem
2840 1693 3110 1748 homicida
3143 1701 3198 1748 et
3229 1692 3444 1749 seditio-

1874 1794 1990 1845 sus,
2026 1781 2114 1838 hic
2133 1799 2262 1838 vero
2293 1784 2569 1841 beneficus
2601 1793 2655 1847 et
2683 1785 2806 1839 vitae
2835 1785 3077 1856 largitor,
3104 1785 3442 1856 quandoqui-

183 1878 394 1948 νευτὴς
413 1879 508 1932 καὶ
534 1881 853 1952 στασιώδης,
881 1877 1035 1946 οὗτος
1062 1883 1117 1936 δὲ
1145 1884 1437 1956 εὐεργέτης
1457 1887 1550 1939 καὶ
1573 1885 1763 1950 ζωοδό-

1872 1872 1993 1929 dem
2034 1875 2174 1930 hanc
2208 1876 2471 1934 adversus
2510 1879 2660 1937 illum
2682 1881 3085 1934 accusationem
3110 1877 3438 1934 adornastis.

183 1983 322 2037 της·
350 1970 542 2041 ἐπειδὴ
577 1971 671 2024 καὶ
708 1973 912 2044 ταύτην
961 1976 1081 2030 κατ’
1107 1976 1270 2030 αὐτοῦ
1311 1977 1409 2047 τὴν
1439 1977 1768 2048 κατηγορίαν

185 2059 540 2126 ἡσπάσασθε.
587 2063 696 2116 Καὶ
723 2063 894 2128 οὕτως
927 2066 983 2119 δὲ
1024 2067 1289 2120 Ἰουδαίων
1331 2068 1404 2139 μὴ
1457 2067 1771 2138 συντιθεμέ-

182 2167 319 2214 νων,
350 2152 467 2205 till”
510 2154 701 2226 ἐχθρὸν
746 2155 840 2210 τοῦ
887 2157 1164 2230 Καίσαρος
1185 2160 1274 2213 τὸν
1319 2160 1548 2214 Πιλᾶτον
1597 2179 1768 2232 φημι-

184 2239 421 2308 ζόντων,
451 2244 645 2308 οἵτινες
677 2246 818 2301 κατὰ
861 2249 1152 2321 πρόσωπον
1191 2249 1376 2319 ἔλεγον
1418 2250 1496 2323 τῷ
1529 2252 1766 2324 Πιλάτῳ,

185 2333 584 2405 συνηγοροῦντι
617 2335 694 2408 τῷ
725 2338 976 2410 Χριστῷ·
1020 2358 1039 2390 ι
1064 2342 1178 2394 Οὐκ
1229 2336 1277 2394 εἷ
1312 2341 1461 2412 φίλος
1499 2342 1592 2396 τοῦ
1631 2343 1769 2396 Καί-

184 2441 381 2493 σαρος,
411 2445 429 2476 ι
458 2428 646 2499 ἐπειδὴ
683 2428 774 2483 τὸν
806 2430 1030 2500 λέγοντα
1062 2433 1250 2488 ἑαυτὸν
1280 2434 1500 2505 βασιλέα
1545 2435 1770 2500 ζωοποι-

182 2517 368 2570 εἰσθαι
401 2517 594 2582 θέλεις.
630 2521 738 2574 Καὶ
777 2522 949 2586 οὕτως
977 2525 1084 2592 (78)
1113 2526 1141 2579 6
1171 2526 1401 2590 Πιλᾶτος
1435 2527 1494 2578 οὐ
1532 2528 1767 2599 συνεχώ-

186 2622 326 2677 ρησε
351 2610 466 2674 τοῖς
499 2607 766 2674 Ἰουδαίοις
792 2614 856 2682 τῇ
887 2613 1063 2685 οἰκείᾳ
1095 2613 1288 2687 γνώμῃ
1316 2618 1422 2669 πᾶν
1455 2617 1634 2670 ὁτιοῦν
1656 2617 1770 2672 δια-

184 2700 524 2770 πράξασθαι.
561 2704 622 2756 El
659 2705 767 2776 γὰρ
814 2707 880 2760 ἂν
925 2705 1266 2779 συνεχώρησε
1311 2711 1422 2772 τοῖς
1478 2710 1766 2775 Ἰουδαίοις,

181 2791 235 2842 οἱ
275 2790 521 2845 Ἰουδαῖοι
553 2792 718 2857 λίθοις
753 2795 843 2847 τὸν
876 2794 1078 2867 Κύριον
1101 2797 1446 2851 ἐθανάτωσαν
1467 2839 1479 2863 ,
1507 2799 1540 2869 ἢ
1575 2800 1769 2872 ξυλίνῳ

183 2881 375 2950 πρίονι
407 2883 764 2955 κατέπρισαν.
818 2885 1018 2939 Τούτου
1051 2886 1108 2939 δὲ
1162 2889 1556 2959 πραττομένου,
1607 2895 1769 2962 ἡμεῖς

182 2973 280 3024 τὸν
324 2975 558 3046 σταυρὸν
602 2976 1004 3048 ἐζημιούμεθα·
1041 2979 1227 3050 ἐπειδὴ
1260 2979 1543 3052 Ῥωμαίων
1583 2983 1769 3052 κριτή-

73 3110 82 3118 .
188 3081 308 3135 ριον
333 3067 396 3118 τὸ
438 3067 531 3120 τοῦ
568 3069 804 3140 σταυροῦ
845 3069 1020 3136 ξύλον.
1055 3071 1144 3126 Διὸ
1182 3073 1275 3125 καὶ
1324 3073 1353 3124 6
1392 3074 1620 3138 Πιλᾶτος
1668 3076 1767 3128 ἑπ-

185 3156 382 3228 ηρώτα
411 3160 537 3223 τοὺς
566 3160 885 3225 Ἰουδαίους·
921 3180 939 3213 ι
971 3163 1035 3214 Τί
1067 3161 1245 3216 θέλετε
1276 3165 1487 3235 ποιήσω
1537 3163 1763 3236 Ἰησοῦν,

1875 1967 2074 2023 Verum
2108 1985 2230 2024 cum
2263 1985 2332 2025 ne
2363 1971 2466 2026 hac
2523 1971 2742 2041 quidem
2790 1972 3003 2027 ratione
3044 1971 3443 2026 assentirentur

1870 2058 2062 2127 Judaei,
2110 2061 2203 2116 sed
2229 2062 2462 2118 Caasaris
2516 2063 2800 2118 inimicum
2846 2062 3080 2118 Pilatum
3137 2065 3444 2133 proclama-

1873 2159 2022 2216 rent;
2046 2149 2330 2221 Pilatoque
2367 2151 2572 2206 Christi
2616 2153 2976 2222 patrocinium
3027 2152 3344 2223 suscipienti
3382 2153 3438 2206 in

1873 2241 2068 2297 faciem
2090 2243 2334 2298 dicerent
2371 2263 2383 2300 :
2419 2264 2438 2297 ι
2476 2243 2594 2300 Non
2613 2260 2673 2300 es
2702 2245 2912 2299 amicus
2942 2244 3172 2300 Caesaris
3202 2245 3268 2309 “,
3315 2264 3332 2296 ι
3365 2245 3440 2298 si-

1869 2334 2089 2405 quidem
2129 2335 2265 2390 velis
2297 2351 2420 2391 eum
2445 2337 2627 2392 vivere
2658 2337 2750 2407 qui
2775 2352 2834 2392 se
2863 2352 3043 2406 regem
3079 2336 3230 2392 dicit.
3271 2337 3337 2391 At
3373 2351 3442 2391 ne

1870 2425 1944 2479 ita
1972 2426 2192 2496 quidem
2240 2424 2445 2482 Iudaeis
2513 2429 2786 2483 concessit
2845 2426 3074 2492 Pilatus,
3133 2434 3191 2481 ut
3224 2427 3440 2496 quidvis

1869 2518 2094 2588 proprio
2129 2525 2351 2588 agerent
2412 2519 2660 2574 arbitrio.
2699 2517 2754 2573 Si
2791 2534 3024 2588 namque
3073 2519 3440 2573 concessisset

1872 2609 2002 2674 illis,
2029 2607 2204 2664 Judaei
2233 2607 2521 2664 Dominum
2557 2610 2827 2680 lapidibus
2885 2610 3308 2675 interemissent,
3347 2617 3441 2663 aut

1870 2714 2021 2754 serra
2052 2700 2226 2770 lignea
2269 2699 2684 2757 dissecuissent.
2709 2700 2862 2768 Quod
2911 2703 2958 2757 si
2991 2702 3188 2757 factum
3223 2701 3439 2762 fuisset,

1869 2807 1971 2846 nos
2009 2793 2188 2847 crucis
2218 2792 2483 2864 iacturam
2529 2791 2872 2851 fecissemus.
2904 2794 3036 2850 Nam
3070 2795 3211 2864 apud
3243 2794 3440 2851 Roma-

1870 2899 1971 2940 nos
2013 2883 2365 2955 supplicium,
2395 2884 2577 2940 crucis
2625 2894 2743 2940 erat
2794 2884 3020 2956 lignum.
3075 2885 3438 2951 Quamobrem

1870 2973 2239 3046 interrogabat
2265 2972 2482 3029 Judteos
2510 2973 2718 3031 Pilatus
2751 2990 2766 3028 :
2805 2993 2823 3027 ι
2866 2974 3006 3043 Quid
3045 2976 3211 3030 vultis
3241 2973 3438 3030 faciam

1866 3067 1935 3120 de
1957 3064 2110 3130 Jesu,
2140 3065 2234 3137 qui
2271 3065 2472 3120 dicitur
2496 3063 2750 3122 Christus
2780 3067 2860 3120 ‘5?
2892 3085 2910 3119 ›
2939 3069 3009 3120 At
3061 3067 3138 3121 illi
3163 3065 3431 3123 Romano-

1869 3171 1990 3210 rum
2048 3158 2296 3214 instituto
2330 3158 2544 3224 confisi,
2589 3159 2898 3214 clamurunt
2933 3177 2948 3214 :
2985 3178 3002 3211 ι
3043 3158 3194 3215 Tolle
3218 3199 3234 3226 ,
3284 3162 3434 3227 tolle,

182 3255 278 3303 τείν
320 3250 612 3322 λεγόμενον
660 3254 892 3325 Χριστόν
922 3254 1063 3324 (79);
1097 3273 1113 3305 ι
1153 3257 1216 3307 Oi
1260 3255 1337 3319 δὲ,
1367 3228 1432 3326 τῇ
1481 3228 1763 3326 Ῥωμαίων

1872 3249 2125 3320 erucifige
2155 3267 2277 3306 eum
2297 3251 2364 3315 “,
2403 3269 2422 3304 ›
2453 3258 2506 3306 et
2530 3251 2818 3307 confestim
2839 3249 3045 3308 Pilatus
3078 3253 3270 3307 annuit
3301 3271 3314 3308 :
3349 3251 3439 3308 de-

182 3346 414 3417 παιδεία
447 3347 796 3417 θαρροῦντες,
840 3348 1106 3419 ἐϐόησαν·
1143 3368 1160 3398 ι
1185 3345 1374 3420 τΑρον,
1418 3345 1568 3420 ἆρον,
1604 3348 1767 3402 σταύ-

185 3455 366 3511 ρωσον
399 3438 563 3491 αὐτόν
583 3458 596 3469 ·
627 3458 645 3489 ι
695 3440 790 3493 καὶ
824 3439 1024 3503 εὐθέως
1058 3441 1086 3492 6
1143 3440 1373 3504 Πιλᾶτος
1415 3441 1760 3494 συνένευσεν·

185 3531 400 3585 ἄνωθεν
431 3530 540 3601 γὰρ
565 3529 828 3601 ἐκέκτητο
848 3516 920 3584 ’τὸ
950 3530 1142 3602 νεῦμα.

257 3623 312 3679 5.
359 3623 459 3676 Διὰ
485 3623 687 3693 ταύτην
718 3620 810 3676 οὖν
840 3622 937 3694 τὴν
976 3621 1224 3687 εὐταξίαν
1263 3625 1294 3694 ή
1325 3623 1416 3676 ἐπὶ
1457 3622 1765 3691 Αὐγούστου

180 3719 469 3787 Καίσαρος
497 3715 686 3788 πρώτη
719 3717 1011 3787 ἀπογραφὴ
1036 3716 1437 3787 ὲνομοθετεῖτο·
1471 3719 1518 3768 εἰ
1552 3719 1625 3786 μὴ
1659 3717 1768 3787 γάρ

182 3807 662 3882 προενομοθετήθη
700 3811 733 3879 ἡ
778 3807 1072 3879 ἀπογραφὴ
1115 3808 1278 3878 αὐτη,
1322 3809 1423 3861 οὐκ
1457 3808 1523 3862 ἂν
1569 3808 1628 3860 τὸ
1672 3807 1766 3861 τοῦ

181 3901 397 3972 Κυρίου
435 3900 595 3970 σῶμα
638 3899 820 3972 τελείᾳ
856 3903 1001 3971 ταφῇ
1050 3899 1355 3972 παρεδόθη·
1397 3899 1618 3970 ἔμελλον
1659 3899 1766 3972 γὰρ

179 3992 380 4054 παῖδες
417 3990 684 4044 Ἰουδαίων
717 3993 781 4062 τῇ
811 3990 1225 4064 ὑπερϐαλλούσῃ
1254 3991 1419 4063 μανίᾳ
1445 3992 1478 4063 ἢ
1508 3992 1640 4063 πυρὶ
1665 4008 1768 4045 πα-

179 4082 441 4154 ραδοῦναι
469 4081 531 4134 τὸ
557 4081 652 4134 τοῦ
685 4082 890 4154 Κυρίου
923 4082 1102 4153 σῶμα,
1141 4083 1172 4154 ἢ
1215 4083 1458 4157 θαλάσσῃ
1495 4101 1769 4139 καταπον-

174 4174 375 4238 τίζειν.
402 4175 464 4227 Εἰ
497 4173 606 4244 γὰρ
627 4175 718 4227 τὸν
756 4175 906 4244 φίλον
944 4175 1210 4248 Ἰερεμίαν
1239 4177 1318 4240 είς
1344 4177 1548 4230 λάκκον
1575 4176 1766 4250 βορὸόο

179 4285 280 4339 ρου
314 4267 629 4337 κατήγαγον
674 4266 817 4338 (80)·
861 4268 914 4320 τί
955 4266 1175 4338 ἔμελλον
1213 4271 1294 4332 είς
1335 4269 1394 4323 τὸ
1423 4269 1516 4322 τοῦ
1561 4270 1765 4342 Κυρίου

180 4359 347 4428 σῶμα
369 4357 818 4430 διαπράττεσθαι,
846 4362 895 4413 εί
932 4360 1007 4431 μὴ
1040 4361 1129 4415 τὸν
1166 4361 1470 4431 Ῥωμαϊκὸν
1497 4361 1660 4432 νόμον
1686 4359 1765 4416 εἷ-

175 4467 276 4520 χον
319 4449 716 4519 κολαφίζοντας
737 4449 829 4502 Διὸ
873 4451 968 4504 καὶ
1007 4451 1116 4503 τῶν
1155 4451 1423 4506 Ἰουδαίων
1455 4451 1529 4523 μὴ
1560 4470 1768 4524 συγχω-

178 4542 464 4613 ρουμένων
492 4540 641 4614 παρὰ
673 4541 768 4595 τοῦ
799 4541 1030 4595 Πιλάτου
1059 4541 1311 4606 δέξασθαι
1346 4543 1407 4596 τὸ
1437 4543 1530 4597 τοῦ
1561 4545 1764 4616 Κυρίου

173 4634 365 4704 σῶμα,
405 4633 603 4704 Ἰωσὴφ
631 4634 659 4686 6
691 4633 801 4686 ἀπὸ
841 4633 1220 4705 Ἀριμαθαίας,
1255 4635 1405 4705 φίλος
1429 4634 1504 4689 ὢν
1533 4635 1625 4688 τοῦ
1666 4637 1761 4688 Πι-

1866 3356 2028 3412 super
2050 3342 2195 3398 enim
2219 3350 2411 3398 nutum
2439 3342 2587 3400 hunc
2613 3353 2920 3415 acceperat.

1935 3632 2094 3704 347
2125 3634 2176 3688 5.
2214 3631 2296 3688 Ob
2327 3646 2451 3688 eum
2500 3631 2665 3704 igitur
2692 3634 2921 3705 probum
2973 3634 3220 3690 ordinem
3252 3635 3431 3706 prima

1867 3726 1971 3781 sub
2019 3729 2266 3795 Augusto
2302 3724 2516 3780 Caesare
2548 3723 2845 3794 descriptio
2894 3725 3072 3780 edicta
3129 3724 3265 3781 fuit:
3326 3728 3434 3782 nisi

1865 3818 2010 3874 enim
2053 3817 2233 3886 edicta
2285 3815 2518 3880 fuisset,
2564 3830 2908 3886 nequaquam
2961 3814 3176 3870 Domini
3232 3831 3434 3886 corpus

1866 3907 2120 3979 perfecta:
2147 3907 2439 3978 sepultura:
2456 3890 2712 3961 traditum
2746 3905 2939 3962 fuisset
2965 3924 2980 3974 ;
3023 3908 3266 3962 futurum
3285 3909 3432 3962 enim

1866 4011 1982 4055 erat
2009 4009 2067 4055 ut
2085 3998 2276 4064 Judaei,
2304 4013 2416 4070 prae
2447 3998 2615 4054 nimio
2638 3997 2844 4063 furore,
2873 4013 3072 4068 corpus
3098 3997 3314 4053 Domini
3338 4008 3432 4053 aut

1869 4091 1924 4144 in
1953 4091 2131 4162 ignem
2161 4090 2516 4162 conjicerent.
2549 4099 2644 4146 aut
2674 4093 2730 4144 in
2762 4104 2913 4145 mare
2939 4089 3334 4161 demergerent.
3375 4088 3433 4144 Si

1865 4183 2010 4237 enim
2040 4183 2276 4238 amicum
2299 4181 2400 4238 sibi
2426 4179 2716 4237 Jeremiam
2741 4181 2796 4236 in
2819 4182 2996 4237 lacum
3027 4179 3170 4238 caeni
3200 4180 3435 4236 demise-

1866 4281 2015 4338 runt,
2047 4272 2177 4342 quid
2209 4271 2402 4327 facturi
2439 4279 2598 4327 erant
2649 4271 2705 4326 in
2737 4269 2952 4328 Domini
2981 4286 3206 4342 corpus,
3237 4271 3344 4326 nisi
3373 4283 3435 4327 se

1866 4358 2209 4414 cohibentem
2236 4358 2568 4428 reperissent
2602 4355 2975 4414 Romanorum
3008 4357 3221 4427 legem?
3251 4355 3433 4424 Quare

1867 4468 1988 4506 cum
2013 4449 2215 4506 Judmis
2253 4449 2480 4505 minime
2533 4447 2926 4504 concederetur
2954 4463 2984 4502 a
3015 4445 3189 4503 Pilato
3222 4455 3281 4501 ut
3308 4463 3432 4502 cor-

1869 4559 1970 4614 pus
2002 4541 2214 4596 Domini
2250 4541 2581 4612 acciperent,
2605 4539 2805 4611 Joseph
2834 4538 2904 4594 ab
2924 4538 3271 4600 Arimathzea,
3296 4536 3434 4591 ami-

1867 4651 1966 4691 cus
1997 4632 2154 4688 Pilati
2180 4673 2196 4699 ,
2247 4632 2436 4689 adiens
2487 4633 2660 4698 illum,
2697 4631 2850 4702 petiit
2885 4630 2955 4685 ab
2999 4645 3064 4685 eo
3093 4645 3292 4699 corpus
3320 4628 3429 4682 Do-

169 4726 365 4786 λάτου,
397 4722 709 4795 προσελθὼν
741 4725 982 4795 ᾐτήσατο
1003 4725 1130 4795 παρ’
1157 4725 1320 4779 αὐτοῦ
1344 4701 1405 4779 τὸ
1430 4725 1525 4779 τοῦ
1553 4727 1759 4798 Κυρίου

1872 4709 2246 4790 ιιιίηί,ἐιιειο
2290 4740 2390 4795 pro
2419 4740 2483 4778 ea
2515 4739 2573 4778 re
2611 4701 2813 4793 ingenti
2870 4722 3063 4792 pretio.
3113 4719 3430 4774 Necessaria

173 4817 366 4887 σῶμα,
399 4816 730 4888 ἀσύγκριτον
777 4834 828 4870 τι
875 4816 986 4886 (81)
1035 4818 1418 4886 προσενέγκας.
1459 4819 1761 4888 Ἀναγκαία

1872 4818 2047 4888 itaque
2079 4818 2180 4872 fuit
2209 4815 2506 4886 descriptio
2559 4814 2663 4869 sub
2687 4813 2933 4883 Augusto
2965 4812 3177 4867 Czesare
3235 4811 3375 4866 facta
3410 4829 3425 4864 :

169 4910 364 4962 τοίνυν
400 4910 434 4980 ἡ
477 4909 770 4982 ἀπογραφὴ
804 4910 838 4980 ἠ
882 4909 978 4962 ἐπὶ
1022 4909 1330 4978 Αὐγούστου
1370 4909 1646 4983 Καίσαρος
1669 4927 1681 4940 ·
1711 4913 1760 4964 εί

1872 4910 2079 4966 tametsi
2108 4909 2273 4972 enim,
2305 4908 2382 4962 uti
2415 4906 2575 4962 modo
2619 4905 2858 4968 audisti,
2905 4919 3141 4976 sponsus
3192 4901 3430 4973 Virginis

247 5068 294 5098 “
335 5064 496 5121 Joan.
536 5081 659 5132 xu,
698 5065 785 5120 12.
863 5066 908 5096 ⁸³
953 5065 1140 5122 Matth.
1180 5081 1362 5128 xxvn,
1394 5065 1486 5124 22.
1563 5065 1609 5097 “
1646 5062 1763 5120 Joat

1872 5081 1931 5119 ,ιχ
1953 5105 1970 5130 ,
2008 5063 2093 5119 15.

1935 5217 2177 5290 (79)Α8ἰο
2199 5216 2356 5290 Cplb.
2383 5219 2436 5280 ‘l,
2456 5219 2512 5272 2.
2535 5217 2684 5290 Editi
2711 5232 2863 5290 vero,
2881 5217 2944 5290 δν
2957 5217 3153 5290 λέγετε
3179 5219 3427 5290 Χριστόν.

1862 5287 2009 5344 Infra
2042 5288 2195 5357 Colb.
2227 5288 2282 5348 2.
2309 5289 2752 5357 συγκατένευσεν.
2781 5287 2919 5342 Ibid.
2942 5288 3099 5342 Colb.
3126 5289 3177 5352 l,
3206 5287 3260 5349 2,
3295 5288 3431 5342 ἄνω-

1861 5361 1951 5448 θεν
1980 5359 2088 5431 γὰρ
2117 5353 2183 5432 ἦν
2203 5359 2266 5412 τὸ
2291 5353 2504 5432 πνεῦμα
2529 5356 2783 5421 τοιούτως
2807 5357 3077 5428 γενέσθαι.
3107 5357 3204 5412 Διά
3229 5357 3431 5426 ταύτην

1860 5447 2060 5571 τοέζθ)
2077 5499 2307 5566 Quidam
2351 5513 2494 5571 ῐῐιεεζ
2519 5499 2875 5571 κατήγγισαν.
2923 5495 3068 5571 Infra
3107 5511 3240 5551 mss.
3274 5505 3332 5550 ut
3356 5497 3428 5571 _in

1863 5567 2036 5626 textu.
2071 5571 2208 5625 Editi
2223 5585 2383 5646 _vero,
2426 5568 2534 5621 τῶν
2561 5567 2844 5646 Ἰουδαίων.
2871 5567 3056 5640 μηδενὶ
3090 5567 3432 5646 συγχωρούν-

1860 5657 1991 5726 τῳν.
2051 5681 2066 5700 .
2116 5683 2131 5696 .
2193 5635 2347 5704 οὗτος
2394 5637 2710 5692 προσελθὼν
2752 5635 2988 5710 ᾐτήσατο
3020 5635 3172 5707 παρὰ
3194 5635 3294 5689 τοῦ
3335 5639 3428 5690 Πι-

1863 5727 2046 5904 "uigil
2092 5780 2247 5838 Colb.
2284 5783 2334 5851 l,
2367 5781 2421 5847 ‘2,
2458 5779 2783 5857 άσύκγριτον
2821 5776 3001 5850 τιμήν.
3042 5775 3210 5848 Editi,
3259 5777 3431 5847 ασύγ-

1863 5867 1986 5904 κοιτ
2019 5870 2046 5904 ν
2078 5869 2152 5904 τι.
2209 5870 2211 5873 ·

1861 5867 2046 5924 κριτον
2078 5869 2152 5905 τι.
2209 5870 2211 5873 ·

246 5224 364 5288 (75)
401 5221 558 5276 Colb.
582 5221 630 5283 Ι,
661 5220 718 5286 2,
744 5220 1092 5292 άδιακρίτως.
1113 5220 1236 5275 Mox
1261 5221 1761 5292 ἰὶόθω,ί⁹Ρωμαίων

163 5292 682 5378 ψευδοκατηγορίας
713 5290 1070 5378 πλασάμενοι,
1117 5290 1761 5378 καὶιάεξοιιτούμενοιιτῶν

164 5359 228 5421 τε
247 5359 488 5434 τομένων
525 5359 623 5434 τὴν
653 5359 946 5434 ἀπόδειξιν.
968 5362 1073 5434 Διὸ,
1093 5363 1186 5416 κα).
1219 5363 1246 5414 6
1271 5360 1391 5434 Πιλ.
1424 5359 1540 5434 Mox
1574 5362 1759 5425 iidem,

166 5430 359 5491 γυνῶν
391 5432 549 5501 δίκην
577 5430 964 5501 ὑλακτοῦντας,
987 5432 1077 5486 alii
1108 5430 1650 5501 κοινογλωσσοῦντας.

247 5503 366 5573 (76)
407 5499 516 5573 Sic
553 5518 684 5557 mss.
735 5500 889 5573 Editi
925 5516 1089 5573 vero,
1121 5499 1506 5573 ἀναιρέσεω-ςη
1535 5500 1758 5557 omissis

168 5569 403 5696 pugna.)
439 5569 584 5696 210;,
616 5573 818 5634 πάντες
859 5571 1047 5627 deerat
1081 5572 1137 5626 in
1182 5569 1367 5634 editis,
1403 5571 1761 5642 habeturque

168 5662 229 5696 tn
277 5659 345 5695 ,ιο
411 5685 423 5696 .
486 5681 501 5696 ι
566 5684 579 5695 .

166 5662 229 5701 ιιι
259 5659 423 5696 1.0m.
449 5659 501 5706 ιι,
525 5659 579 5696 z.

247 5713 365 5777 (77)
393 5711 496 5783 Sic?
515 5727 649 5768 mss.
684 5710 849 5783 Edit‘i,
873 5712 906 5783 ἢ
947 5711 1082 5774 ὅλως
1163 5709 1297 5783 βαρ.

248 5783 367 5853 (78)
408 5782 563 5840 Colb.
596 5783 618 5837 Ι
650 5823 664 5844 ,
688 5781 756 5850 2,
800 5779 1082 5844 ζωοποιεῖν
1119 5779 1311 5847 θέλεις.
1341 5781 1484 5836 Ἀλλ’
1511 5782 1629 5838 οὐδὲ
1664 5783 1754 5837 οῦ-

167 5871 304 5918 τως.
