3924 6512
520 414 623 472 951

1650 413 1708 468 s.
1751 411 2215 469 ATHANASIUS.
2239 442 2308 452 —
2333 390 2573 467 busta;

493 534 756 589 ‘mmrore
783 531 1015 589 alTectus
1042 540 1127 588 est
1156 571 1173 595 ,
1225 539 1463 586 attamen
1519 531 1758 589 mundus
1801 536 2090 588 universus

2215 530 2299 605 τὰρ
2344 531 2438 584 καὶ
2488 533 2517 585 ό
2562 529 2806 601 μνηστὴρ
2848 528 2947 599 τῆς
2995 526 3293 598 Παρθένου,
3337 520 3526 587 καθὼς
3556 524 3756 595 ἀρτίως

519 624 917 695 pmstantioris
964 621 1174 679 ordinis
1216 622 1430 677 initium
1466 622 1698 692 accepit.
1756 620 1899 689 Quid
1958 623 2092 677 illud

521 724 627 780 est,
667 714 918 785 Sponsus
952 711 1193 783 Virginis
1224 726 1459 767 mmrore
1493 714 1721 769 affectus
1752 715 1875 769 est?
1902 712 2093 783 paucis

522 809 793 862 ausculta.
846 805 981 861 Cum
1021 804 1219 876 Ioseph
1262 803 1504 876 Virginis
1531 821 1769 876 sponsus
1792 849 1807 872 ,
1842 813 1902 859 ut
1931 804 2094 859 modo

522 899 745 962 audisti,
775 909 994 970 propter
1025 898 1254 970 Augusti
1287 912 1512 953 censum
1555 898 1610 951 in
1659 896 1932 951 Bethleem
1961 911 2095 949 con-

522 992 689 1047 cessit
757 1006 881 1046 cum
937 989 1105 1044 Maria
1160 988 1491 1071 despgnsata
1566 988 1672 1044 sibi
1737 1002 1907 1042 uxore
1956 1001 2097 1057 prte-

527 1087 767 1152 gnante,
821 1080 1107 1151 ignorabat
1147 1078 1350 1151 Ioseph
1394 1078 1713 1151 mysterium
1765 1079 1820 1133 in
1875 1076 2097 1150 Virgine

525 1173 802 1238 abditum,
837 1172 1069 1228 necdum
1123 1172 1300 1243 angeli
1346 1171 1628 1226 oraculum
1675 1179 1997 1242 acceperat:
2042 1179 2096 1224 at

524 1263 713 1335 Virgo,
738 1270 852 1318 tum
881 1280 948 1319 ex
972 1265 1157 1320 verbis
1178 1303 1193 1328 ,
1237 1270 1352 1316 tum
1393 1277 1460 1318 ex
1490 1263 1629 1318 uteri
1656 1272 1902 1330 tumore,
1944 1269 2096 1318 certo

526 1356 734 1412 sciebat
771 1354 903 1427 quid
954 1363 1165 1426 gestum
1214 1361 1397 1420 esset;
1460 1362 1668 1424 quanto
1723 1354 1867 1408 enim
1924 1353 2098 1425 magis

529 1457 719 1506 uterus
746 1449 1164 1511 intumesccbat,
1194 1453 1347 1501 tanto
1379 1448 1713 1502 securiorem
1735 1444 1904 1516 Virgo
1932 1446 2095 1501 vitam

528 1542 780 1614 degebat,
820 1556 931 1595 una
994 1539 1359 1611 virginitatem
1410 1551 1638 1594 servans
1687 1535 2096 1601 intemeratam,

530 1631 809 1703 fetumque
854 1637 1071 1702 gestans
1115 1629 1253 1684 citra
1292 1628 1377 1684 vel
1422 1627 1703 1682 minimam
1753 1626 2096 1691 molestiam;

530 1738 630 1780 nec
661 1731 872 1779 tantum
913 1722 1005 1777 illo
1035 1729 1290 1792 gravata,
1322 1728 1587 1793 quantum
1624 1721 1817 1774 levata.

2194 624 2410 694 ἤκουες,
2441 622 2791 691 ὲστὺγνασεν,
2824 621 2937 675 ἀλλ’
2973 622 3123 691 ὅμως
3142 623 3171 675 6
3201 619 3424 689 σύμπας
3450 615 3653 686 γόσμος
3681 617 3759 687 ἀρ-

2195 716 2292 787 χὴν
2314 714 2563 781 εὐταξίας
2590 714 2823 780 ἐδέξατο.
2841 714 2908 767 Τί
2945 713 3112 775 ἐστιν,
3147 711 3206 763 '0
3236 707 3485 781 μνηστὴρ
3510 711 3610 777 τῆς
3623 707 3757 777 Παρ-

2156 807 2346 877 ,θένου
2392 807 2740 874 ἐστύγνασεν,
2774 804 2937 858 ἄκουε
2980 803 3069 857 διὰ.
3113 801 3379 872 βραχέων.
3422 798 3620 853 ’Πνίκα
3656 797 3756 850 Ἰω-

2198 897 2305 969 σὴφ
2333 900 2362 951 ό
2396 895 2643 968 μνηστήρ
2675 896 2771 965 τῆς
2802 893 3100 965 Παρθένου,
3125 889 3305 953 καθὼς
3329 888 3535 958 ἀρτίως
3557 888 3754 956 ἢκουες,

2194 988 2283 1043 διὰ
2309 987 2403 1059 τὴν
2430 987 2754 1058 ἀπογραφὴν
2773 984 2865 1038 τοῦ
2887 983 3196 1052 Αὐγούστου
3221 980 3318 1051 τὴν
3358 978 3610 1049 Βηθλεὲμ
3645 992 3758 1030 κατα

2196 1079 2468 1150 ελάμσανε
2497 1079 2593 1133 σὺν
2637 1076 2867 1151 Μαριὰμ
2895 1079 2960 1146 τῇ
3012 1073 3462 1146 μεμνηστευμένῃ
3494 1067 3646 1138 αὐτῷ
3675 1086 3758 1136 γυ,

2197 1171 2371 1233 ναικὶ,
2412 1169 2548 1242 οὔσῃ
2598 1168 2799 1239 ὲγκύῳ,
2835 1168 3016 1237 ἠγνόει
3050 1169 3079 1220 ό
3118 1164 3314 1235 Ἰωσὴφ
3346 1163 3407 1217 τὺ
3454 1165 3513 1215 ἐν
3559 1163 3625 1230 τῇ
3660 1160 3755 1230 (82)

2200 1261 2461 1332 Παρθένῳ
2495 1258 3047 1332 μυσταγωγούμενον·
3072 1256 3172 1310 οὐκ
3194 1250 3262 1325 ἦν
3283 1252 3497 1306 οὐδέπω
3527 1249 3757 1321 χρησμὸν

2196 1353 2429 1423 ἀγγέλου
2490 1350 2798 1422 δεξάμενος.
2864 1350 2928 1403 Ἡ
2965 1349 3022 1402 δὲ
3077 1345 3350 1418 Παρθένος
3416 1344 3479 1397 τὸ
3536 1342 3758 1409 ἀσφαλὲς

2198 1444 2481 1514 ἐκέκτητο.
2502 1442 2596 1494 καὶ
2616 1440 2696 1512 τῷ
2716 1440 2859 1511 λόγῳ
2879 1440 2973 1492 καὶ
2993 1436 3070 1509 τῷ
3094 1436 3244 1507 ὂγκῳ
3262 1452 3277 1467 δ
3301 1436 3425 1489 ὅσον
3439 1432 3550 1504 γὰρ
3567 1433 3759 1501 τῆςτα-

2201 1532 2362 1603 στρδς
2389 1534 2421 1602 ὴ
2455 1528 2681 1599 αὔξησις
2721 1529 2950 1597 ἐγίνετο,
2979 1526 3232 1581 τοσοῦτον
3267 1527 3301 1596 ἡ
3330 1523 3608 1595 Παρθένος
3641 1523 3760 1591 ἀμεο

2202 1623 2515 1696 ριμνότερον
2557 1618 2670 1689 βίον
2701 1618 2999 1691 διέτριϐενο
3033 1616 3170 1688 ὁμοῦ
3210 1616 3306 1669 ml.
3346 1615 3447 1685 τὴν
3479 1613 3761 1683 παρθενίαν

2200 1713 2497 1786 ἀμόλυντον
2554 1710 2897 1782 φυλάττουσα
2917 1749 2932 1771 ,
2989 1708 3083 1762 καὶ
3144 1706 3236 1760 τὸν
3289 1705 3448 1759 τόκον
3509 1702 3759 1757 ἂσκυλτον

2202 1805 2429 1875 ἄγουσα,
2469 1802 2529 1857 οὒ
2559 1800 2811 1855 τοσοῦτον
2853 1797 3182 1869 κοπουμένη,
3227 1797 3351 1850 ὅσον
3387 1793 3759 1863 κουφιζομένη.

601 1903 656 1959 6.
696 1901 902 1957 Horum
933 1916 1097 1957 causa
1129 1901 1327 1956 anxius
1354 1898 1578 1970 Joseph,
1606 1912 1729 1953 cum
1745 1895 1954 1952 videret
1981 1912 2099 1951 eam

2274 1896 2327 1951 6.
2359 1894 2504 1967 Πρὸς
2535 1891 2744 1955 τούτοις
2788 1889 3034 1959 ἀγωνιῶν
3066 1888 3175 1960 (8'5)
3211 1888 3242 1939 6
3280 1884 3501 1956 Ἰωσὴφ,
3537 1885 3612 1946 ὡς
3638 1879 3762 1937 εἶδεν

532 2004 747 2050 uterum
796 2001 1046 2066 gestare,
1111 1991 1496 2063 ignoraretque
1552 1990 1701 2045 intus
1757 1988 2101 2044 reconditum

533 2088 873 2151 thesaurum,
920 2082 1442 2145 maeroreafiectus,
1472 2080 1747 2162 Virginem
1789 2081 1846 2135 in
1874 2079 1961 2134 via
2007 2079 2106 2134 ob.

529 2174 769 2245 jurgavit
807 2172 958 2228 hisce
988 2172 1203 2226 verbis:
1238 2168 1380 2238 Quid
1411 2167 1508 2223 tibi
1550 2166 1797 2232 videtur,
1827 2181 1861 2222 o
1900 2165 2107 2220 Maria?

533 2268 723 2322 Nonne
751 2273 808 2319 tu
842 2279 903 2319 es
926 2279 1046 2334 qua:
1075 2272 1134 2317 ut
1162 2262 1472 2318 verecunda
1500 2260 1671 2333 Virgo
1718 2259 1773 2313 in
1805 2259 1990 2329 templi
2019 2273 2107 2314 se-

534 2368 627 2429 pto
658 2373 718 2415 es
764 2357 1039 2413 educata?
1079 2354 1270 2412 Nonne
1310 2364 1369 2410 tu
1400 2371 1482 2419 es,
1514 2369 1548 2409 ο
1598 2353 1764 2408 Maria
1785 2392 1800 2417 ,
1858 2367 1979 2423 quae
2005 2351 2108 2406 viri

534 2460 816 2523 aspectum
852 2466 960 2505 non
1001 2449 1356 2505 sustinebas?
1389 2446 1581 2504 Nonne
1627 2455 1682 2501 tu
1713 2462 1794 2509 es,
1822 2460 1854 2500 o
1900 2443 2067 2498 Maria
2091 2486 2106 2510 ,

535 2557 657 2612 quae
704 2549 894 2596 contra
925 2540 1268 2612 propositum
1297 2544 1450 2593 tuum
1486 2552 1571 2592 me
1611 2536 1667 2590 in
1716 2550 1976 2606 sponsum
2010 2535 2108 2589 ad-

538 2633 777 2688 misisti?
803 2629 993 2688 Nonne
1018 2639 1075 2685 tu
1118 2646 1199 2694 es,
1228 2645 1261 2685 ο
1287 2628 1478 2693 Maria,
1509 2643 1630 2698 quae
1656 2627 1988 2698 virginitatis
2017 2641 2110 2681 ro-

539 2740 655 2778 sam
692 2723 1200 2780 immarcessibilem
1237 2735 1455 2777 servare
1509 2717 1874 2790 peroptabas?
1920 2715 2111 2771 Nonne

540 2828 598 2874 tu
641 2834 733 2885 es,
786 2832 819 2873 o
857 2815 1048 2877 Maria,
1081 2830 1201 2886 qua:
1241 2813 1548 2868 Susauuam
1605 2809 1900 2882 diligebas,
1950 2807 2114 2879 Egy,

540 2914 708 2984 ptiam
736 2910 965 2968 oderas?
993 2908 1184 2966 Nonne
1218 2915 1276 2961 tu
1313 2921 1394 2969 es,
1440 2919 1474 2960 ο
1506 2903 1670 2958 Maria
1696 2944 1711 2969 ,
1743 2918 1863 2973 quae
1891 2902 1943 2956 vi
1992 2909 2112 2956 stu-

520 3002 749 3075 ‘pratam
782 3002 1020 3058 Thamar
1077 3014 1218 3070 saepe
1277 2997 1497 3068 legebas
1536 2996 1581 3027 "
1607 3035 1622 3061 ,
1688 3005 1741 3050 et
1781 2993 2111 3065 impudicum

539 3100 842 3150 Amnonem
871 3092 1265 3151 exsecrabare?
1292 3088 1564 3157 Quorsum
1620 3089 1753 3144 abiit
1798 3089 1891 3144 ille
1933 3088 2112 3143 conti—

2205 1989 2372 2061 αὐτὴν
2403 1988 2544 2042 κατὰ
2587 1986 2817 2058 γαστρὸς
2856 1985 3104 2056 ἔχουσαν,
3150 1982 3242 2036 τὸν
3271 1980 3483 2035 ἔνδοθεν
3510 1978 3761 2049 θησαυρὸν

2204 2081 2433 2151 ἀγνοῶν,
2486 2077 2809 2147 στυγνάσας,
2852 2075 2993 2130 κατὰ
3034 2075 3133 2146 τὴν
3177 2073 3294 2127 ὁδὸν
3317 2070 3607 2125 ἁντέδαλλε
3640 2069 3761 2139 πρὸς

2205 2174 2303 2246 τὴν
2346 2172 2640 2244 Παρθένον,
2674 2170 2882 2239 λέγων’
2922 2168 2987 2221 Τί
3036 2184 3118 2221 σοι
3148 2165 3210 2219 τὸ
3240 2165 3421 2230 δόξαν,
3460 2161 3761 2234 Μαρία;0·ξ›

2209 2268 2272 2320 σὺ
2302 2260 2352 2319 εἶ
2379 2268 2413 2336 ή
2445 2264 2520 2328 ὡς
2544 2262 2820 2333 αἰδέσιμος
2850 2259 3125 2331 Παρθένος
3151 2260 3208 2311 ὲν
3233 2259 3346 2321 τοῖς
3370 2258 3537 2327 ίεροῖς
3568 2251 3765 2323 περιδό-

2207 2357 2320 2420 λοις
2360 2357 2770 2427 ἀνατραφεῖσας
2818 2353 2893 2407 Οὐ
2942 2351 3008 2405 σὺ
3041 2346 3092 2404 εῐ
3136 2346 3393 2421 Μαριὰμ,
3429 2346 3466 2416 ὴ
3501 2345 3764 2416 πρόσωπον

2209 2449 2399 2521 ἀνδρὸς
2442 2447 2716 2519 θεωρῆσαι
2762 2445 2836 2517 μὴ
2882 2441 3322 2512 καταδεχομένης
3351 2439 3427 2493 Οὐ
3474 2437 3538 2490 σὺ
3572 2432 3619 2488 εἷ
3658 2435 3764 2488 Μα-

2213 2542 2368 2615 ριὰμ,
2418 2543 2452 2611 ἡ
2514 2538 2664 2611 παρὰ
2715 2537 2972 2608 πρόθεσιν
3032 2531 3472 2602 κατεγγυηθῆναι
3524 2547 3613 2600 μοι
3662 2543 3764 2579 πη-

2212 2635 2399 2688 σθεῖσα
2431 2633 2575 2702 (84);
2615 2632 2690 2685 06
2722 2632 2785 2684 σὺ
2821 2625 2871 2683 εἳ
2897 2626 3150 2701 Μαριὰμ,
3183 2627 3216 2697 ἠ
3253 2622 3312 2677 τὸ
3354 2622 3453 2692 τῆς
3492 2618 3764 2702 παρθενίας

2213 2727 2363 2798 ῥόδον
2410 2725 2719 2796 ἀμάραντον
2768 2721 2997 2792 φυλάξαι
3030 2715 3475 2792 προσευξαμένης
3509 2711 3584 2765 υῠ
3631 2710 3693 2762 σὺ
3726 2701 3769 2759 ei

2211 2818 2465 2890 Μαριὰμ,
2490 2820 2524 2889 ἠ
2554 2816 2652 2888 τὴν
2680 2816 2965 2870 Σωσάνναν
2992 2811 3342 2882 ἀγαπήσασα,
3378 2804 3474 2858 καί⁵
3502 2803 3600 2874 τὴν
3629 2803 3768 2869 Δίγυ-

2214 2912 2375 2966 πτίαν
2407 2909 2720 2980 μισήσασα;
2763 2906 2836 2958 Οὐ
2885 2905 2950 2957 σὺ
2984 2899 3036 2956 εἷ
3070 2900 3323 2970 Μαριὰμ,
3360 2899 3394 2970 ἠ
3429 2896 3531 2967 τὴν
3559 2894 3769 2966 βιασθεῖ-

2216 3019 2314 3056 σαν
2349 3001 2547 3071 Θάμαρ
2590 2994 2982 3065 ἅναλεγομένη,
3030 2991 3127 3045 καὶ
3171 2990 3262 3043 τὸν
3313 2990 3552 3044 ἄτακτον
3599 2984 3768 3055 Ἀμνὺν

2217 3089 2643 3165 βδελυττομὲνη;
2676 3085 2786 3141 Ποῦ
2819 3102 2912 3139 σου
2951 3084 3050 3154 τῆς
3078 3079 3429 3154 σωφροσύνης
3455 3082 3485 3133 ό
3517 3077 3768 3148 θάλαμοςς

542 3187 742 3242 ιιθιιῑὶω
774 3194 881 3240 tua:
904 3183 1216 3239 thalamus?
1263 3181 1535 3249 Quorsum
1590 3180 1679 3236 ille
1709 3180 1977 3236 castitatis
2008 3179 2112 3233 im-

2217 3184 2328 3239 Ποῦ
2364 3200 2458 3237 σου
2492 3182 2591 3253 τῆς
2622 3178 2845 3248 ἁγνείας
2876 3180 2909 3249 ὴ
2938 3175 3163 3238 ἇσπιλος
3194 3173 3441 3238 παστάς;
3478 3171 3589 3225 Ποῦ
3617 3166 3770 3223 σουὼ

544 3280 849 3335 maculatus
882 3277 1111 3333 thorus?
1165 3274 1438 3345 Quorsum
1472 3274 1809 3331 verecundus
1857 3274 1947 3329 ille
1989 3273 2113 3329 vul-

547 3370 678 3426 tus?
716 3368 825 3441 Ego
857 3368 1064 3439 pudore
1091 3366 1317 3431 afficior,
1349 3374 1406 3421 tu
1435 3365 1770 3422 confidenter
1796 3364 1947 3435 agis?
1977 3362 2117 3430 Quia

545 3470 828 3535 peccatum
851 3461 987 3518 sileo
1007 3468 1184 3526 tuum,
1208 3468 1265 3514 tu
1305 3459 1532 3530 propius
1569 3457 1828 3513 accedere
1849 3454 2119 3512 festinas?

546 3555 664 3615 Non
687 3555 840 3610 vides
870 3552 973 3609 alvi
1006 3560 1113 3608 tuae
1145 3560 1413 3607 tumorem
1431 3551 1456 3603 ἓ
1483 3548 1634 3605 lntus
1661 3548 1844 3605 infans
1868 3548 2115 3620 palpitat,

547 3658 600 3703 et
624 3658 680 3702 tu
710 3645 868 3717 quasi
913 3645 1049 3701 nihil
1092 3653 1316 3715 experta
1347 3642 1541 3698 hilaris
1569 3641 1669 3698 es?
1709 3641 1852 3704 Abi,
1908 3638 2078 3695 Maria
2100 3678 2117 3703 ,

547 3741 780 3812 remigra
814 3739 868 3793 in
893 3739 1114 3794 domum
1157 3743 1305 3791 tuam
1344 3757 1358 3792 :
1395 3751 1577 3807 quare
1596 3734 1869 3807 pudicitia:
1899 3741 2005 3787 tua:
2037 3733 2120 3787 fu-

547 3851 684 3899 rem,
718 3850 843 3889 cum
890 3833 985 3888 illo
1027 3831 1359 3889 describare.
1394 3829 1505 3900 Ego
1543 3827 1933 3885 contumeliam
1972 3827 2118 3880 illam

549 3937 660 3981 non
690 3920 939 3985 admitto,
973 3921 1178 3974 nullam
1206 3919 1270 3973 ad
1295 3933 1512 3990 prauam
1538 3916 1936 3987 deprecandam
1980 3916 2124 3970 inve-

534 4006 669 4074 ‘nies
688 4017 1118 4073 excusationem.
1147 4014 1286 4069 Tum
1318 4015 1482 4086 Virgo
1518 4014 1583 4067 ad
1613 4010 1944 4082 Josephum:
1981 4009 2122 4076 Quid

552 4108 875 4180 indignaris,
895 4108 966 4161 mi
990 4107 1225 4176 sponse?
1254 4104 1396 4174 Quid
1445 4121 1531 4160 me
1578 4114 1635 4158 ut
1682 4104 2006 4173 impudicam
2028 4102 2125 4156 da-

553 4198 747 4263 muas?
775 4197 914 4264 Quid
942 4197 1355 4252 contumeliosis
1377 4196 1552 4251 oculis
1568 4195 1708 4249 uteri
1729 4195 1830 4249 mei
1858 4204 2124 4249 tumorem

554 4288 865 4360 conspicis?
891 4287 1033 4355 Quid
1060 4304 1145 4343 me
1170 4286 1236 4342 ad
1266 4286 1700 4343 erubescendum
1730 4286 1914 4356 cogis?
1941 4282 2126 4339 Gloria

526 4372 529 4375 ’
555 4397 676 4436 sum
709 4381 1018 4445 mulierum,
1044 4394 1074 4433 a
1123 4379 1306 4449 priore
1338 4379 1459 4434 illas
1484 4367 1824 4447 turpitudine
1854 4390 2128 4446 emergere

558 4471 659 4534 feci
689 4489 702 4525 :
737 4470 899 4527 Evam
925 4469 1210 4525 revocavi:
1248 4469 1465 4541 igneum
1502 4468 1753 4523 transtuli
1787 4467 2047 4538 gladium,
2076 4471 2129 4519 et

2221 3275 2523 3333 αίδεστικὸν
2549 3273 2867 3345 πρόσωπον;
2913 3267 3053 3338 Ἐγὼ
3080 3266 3422 3338 αἰσχύνομαι,
3449 3265 3545 3318 καὶ
3576 3264 3639 3316 σὺ
3660 3263 3769 3332 παρο

2224 3365 2503 3441 ῥησιάζεις
2526 3382 2541 3431 ;
2568 3364 2688 3417 Ὅτι
2713 3358 2900 3414 σιωπῶ
2926 3358 3025 3429 τὴν
3057 3354 3329 3427 ἁμαρτίαν
3354 3370 3470 3415 σου,
3497 3350 3638 3404 οὓτω
3658 3348 3769 3415 πλη-

2225 3440 2498 3528 σιέστερον
2523 3457 2719 3527 χωρεῖν
2744 3451 3022 3519 ὲπείγεσαι
3053 3446 3196 3519 (85);
3226 3446 3338 3515 Οὐχ
3361 3445 3496 3515 ὁρᾷς
3516 3442 3607 3495 τὸν
3633 3440 3768 3508 όγιων

2223 3552 2323 3622 τῆς
2356 3549 2561 3613 κοιλίας
2596 3562 2723 3611 σου;
2761 3543 2949 3598 Ἐνδον
2990 3541 3052 3594 τὸ
3083 3539 3279 3612 βρέφος
3329 3535 3573 3607 σπαίρει,
3603 3534 3689 3587 καὶ
3717 3532 3768 3584 σὺ

2224 3644 2301 3708 ὡς
2351 3642 2680 3711 άπείραστος
2732 3633 3053 3708 πειρασμῶν
3096 3630 3392 3703 φαιδρύνῃς
3449 3624 3770 3688 ’Δπιθι,Μα-

2228 3735 2393 3808 ριάμ’
2422 3729 2758 3803 ὑπόστρεψον
2784 3730 2864 3792 εἰς
2893 3727 2984 3780 τδν
3012 3720 3159 3779 οἶκόν
3189 3739 3282 3776 σου
3300 3737 3315 3751 ·
3352 3712 3770 3808 ἐπιζήτησον-τὸν

2227 3806 2560 3898 κλεψίγαμον
2579 3842 2593 3857 ο
2622 3824 2814 3894 ἐκείνῳ
2843 3814 3273 3890 ὲναπογράφηθι.
3308 3810 3619 3882 Ἀλλοτρίαν
3641 3806 3771 3898 ὕϐριν

2227 3919 2289 3972 οὐ
2315 3897 2675 3986 καταδεχομαι
2700 3929 2714 3944 ·
2763 3912 2862 3982 οὐχ
2890 3909 3163 3981 εὑρίσκεις
3205 3902 3503 3972 ἀπολογίαν
3542 3898 3667 3971 πρὸς
3689 3897 3771 3966 τὴν

2227 4010 2516 4083 τιμωρίαν.
2543 4008 2604 4061 Ἠ
2630 4007 2685 4060 δὲ
2714 4004 2983 4076 Παρθένος
3013 4000 3149 4072 πρὸς
3183 3999 3276 4052 τὸν
3312 3997 3512 4068 Ἰωσήφ
3533 4012 3551 4029 ο
3585 3991 3645 4046 Τί
3669 3990 3773 4042 δυσο

2229 4100 2520 4173 κεραίνεις.
2559 4097 2796 4169 μνῆστερ
2827 4092 2993 4165 ὲμοῦς
3021 4091 3085 4143 Τί
3113 4090 3189 4153 ὡς
3235 4088 3473 4142 ἀτάκτου
3510 4100 3609 4155 μου
3631 4096 3772 4173 mgf.

2229 4167 2519 4262 ᾇηφίζεις
2548 4167 2613 4241 Τί
2654 4167 3008 4256 νὲφυϐρίστοις
3050 4177 3345 4249 ὀφθαλμοῖς
3376 4175 3469 4228 τὸν
3515 4173 3665 4242 ὃγκον
3690 4167 3774 4235 τῆς

2231 4281 2466 4354 γαστρός
2503 4298 2601 4351 μου
2640 4266 3016 4349 πέριϐλέπειςζ
3054 4271 3119 4324 Τί
3152 4267 3407 4341 ὲρυθίηᾷν
3435 4282 3506 4337 με
3536 4273 3774 4324 κεπτ·

2234 4376 2453 4441 κάζεις;
2504 4374 2640 4440 Δόξα
2671 4371 2777 4426 τῶν
2821 4367 3096 4439 γυναικῶν
3129 4366 3361 4434 γέγονα·
3405 4363 3508 4426 τῆς
3539 4355 3775 4431 προτέρας

2235 4467 2405 4531 αὐτὰς
2431 4464 2694 4535 αἰσχύνης
2723 4460 3000 4516 ἀπέδυσαο
3037 4457 3136 4528 τὴν
3178 4455 3323 4509 Εὔαν
3354 4448 3772 4517 ἀπκαλεσάμηγ

556 4573 614 4616 ιιι
634 4541 1218 4630 ιηοὶυὺοῖἷρουιιιιιίῗ
1249 4559 1420 4615 Nemo
1447 4574 1638 4630 pmnas
1669 4574 1696 4611 a
1730 4574 1815 4613 me
1843 4572 2114 4629 reposcere

2232 4562 2331 4633 τὴν
2365 4558 2621 4630 φλογίνην
2653 4552 2922 4626 ῥομφαίαν
2956 4550 3291 4623 μετέστησαο
3320 4545 3414 4602 καὶ
3440 4543 3505 4596 σὺ

556 4655 775 4735 poterit,
811 4670 933 4725 quae
955 4668 1300 4709 communem
1331 4652 1576 4708 omnium
1613 4660 1765 4722 gesto
1816 4649 2127 4705 Dominum.

559 4744 612 4797 Si
641 4741 709 4797 de
739 4758 823 4798 me
863 4742 979 4813 ipsa
1009 4742 1381 4798 testimonium
1436 4740 1643 4806 feram,
1707 4740 1888 4797 inanis
1945 4741 2131 4811 gloriae

556 4834 751 4903 cupida
793 4834 1188 4904 deprehendar.
1249 4833 1535 4888 Paululum
1588 4841 1866 4905 exspecta,
1899 4830 2129 4903 Ioseph,

557 4929 763 4999 tibique
806 4936 1053 4999 pastores
1079 4942 1206 4982 vera
1245 4926 1691 4998 persuadebunt,
1746 4935 1801 4983 te
1835 4927 1977 4996 magi
2013 4942 2133 4983 cer-

448 4994 752 5120 7Niorem
801 4994 1043 5077 facient:
1081 4994 1263 5076 stella—
1293 5020 1503 5092 pudore
1533 5019 1730 5075 afficiet
1767 5040 1779 5075 :
1836 4994 2013 5091 angeli
2064 5019 2133 5078 ad

559 5115 1043 5185 campunctionem
1065 5113 1402 5169 excitabunt.
1427 5111 1547 5166 Jam
1573 5111 1815 5175 dubitas,
1837 5113 1998 5182 paulo
2012 5118 2136 5182 post

556 5208 783 5278 gloriam
818 5206 994 5272 dabis,
1023 5206 1119 5261 ubi
1149 5206 1426 5261 cmlestem
1457 5205 1760 5260 exercitum
1791 5205 1978 5258 audies
2005 5218 2131 5257 cum

556 5309 825 5359 concentu
861 5301 1189 5355 clamantem
1225 5318 1241 5358 :
1282 5317 1300 5351 ι
1338 5297 1522 5358 Gloria
1558 5298 1610 5363 in
1645 5298 1876 5360 excelsis
1912 5297 2041 5361 Deo,
2078 5302 2134 5353 et

631 5457 674 5488 "
714 5456 914 5519 Genes.
951 5473 1179 5514 xxxvnt.

634 5611 756 5684 (δὴ
780 5612 934 5668 Colb.
972 5614 1025 5678 1,
1046 5612 1322 5684 Ξηὴγνόει
1348 5614 1377 5666 6
1400 5613 1600 5684 Ἰωσὴφ
1628 5614 1695 5682 τῇ
1731 5608 1853 5684 ξένῃ
1883 5624 2142 5684 πραγμα-

567 5681 856 5765 τεὲιιξωτὸιεν
904 5686 1015 5765 Eii.“
1046 5678 1201 5765 Infra;
1240 5683 1428 5765 iidem.
1466 5678 1852 5765 χρὴ’ματισμὸν
1882 5678 2137 5747 ἀγγέλου.

637 5750 749 5814 (83)
777 5751 869 5805 Sic
900 5750 1056 5809 Cblb.
1087 5754 1137 5815 i,
1167 5753 1222 5807 ‘2.
1256 5753 1396 5807 Editi
1428 5750 1592 5816 vero,
1611 5750 1840 5818 ἀγνοῶν.

641 5820 749 5890 ςδι)
776 5822 866 5876 Sic
893 5837 1026 5878 mss.
1065 5821 1219 5879 Colb.
1254 5822 1395 5879 Editi
1433 5838 1582 5888 vero,
1616 5816 1669 5895 ἢ
1701 5818 1840 5877 κατὰ
1885 5816 2140 5891 πρόθεσιν

2238 4627 2456 4721 60-61va
2487 4643 2923 4728 παρασκευάζεις
2954 4639 3100 4710 (86);
3133 4638 3318 4700 Οὐδεὶς
3349 4635 3503 4697 δίκας
3528 4631 3620 4702 ἐμὲ
3641 4627 3776 4728 bavi}.

2239 4718 2813 4811 σεται-εἰσπράξασθαι
2838 4751 2851 4765 ⁸
2890 4733 3063 4788 κοινὸν
3100 4730 3207 4802 γὰρ
3238 4727 3515 4797 Δεσπότην
3538 4718 3775 4811 gaesa-{en

2251 4832 2375 4887 Ἐὰν
2406 4829 2516 4899 ἐγὼ
2553 4808 2689 4900 περὶ
2732 4825 2971 4897 ἐμαυτῆς
3022 4822 3372 4894 μαρτυρήσω,
3419 4817 3496 4879 ὡς
3538 4808 3776 4872 κενόδοξέῆ

2229 4942 2322 4993 ,τις
2346 4920 2735 4994 εὑρεθήσομαι.
2772 4917 2981 4989 Μικρὸν
3007 4914 3366 4985 καρτέρησον,
3394 4904 3441 4962 ὧ
3474 4906 3681 4975 Ἰωσὴφ,
3701 4900 3779 4954 καὶ

2241 5014 2495 5086 ποιμένες
2543 5029 2602 5066 σε
2632 5011 2907 5064 πείσουσιν
2927 5025 2942 5039 ο
2980 5008 3142 5080 μάγοι
3182 5021 3241 5058 σε
3272 4999 3777 5086 πληροφορήαουσιν’

2240 5083 2417 5179 ἀστήρ
2448 5123 2507 5159 σε
2539 5104 2879 5175 δυσωπήσει·
2916 5097 3135 5169 ἄγγελοί
3168 5114 3227 5150 σε
3272 5092 3639 5156 κατανύξουσι.
3684 5083 3782 5139 Νῦν

2240 5198 2618 5270 ἀμφιϐάλλεις,
2649 5194 2764 5266 μετ’
2794 5194 2855 5247 οὐ
2880 5192 3014 5247 πολὺ
3040 5191 3098 5244 δὲ
3122 5187 3384 5254 δοξάσεις,
3416 5186 3502 5238 ὅτε
3526 5183 3618 5253 τῆς

2247 5268 2429 5367 ρανίου
2463 5291 2719 5363 στρατιᾶς
2739 5286 2989 5351 ἁκούσεις
3015 5280 3320 5355 συμφώνως
3346 5277 3576 5350 podiam:
3615 5291 3635 5323 ι
3667 5268 3785 5332 Δόξι

2249 5601 2689 5675 κατεγγυηθῆναι
2715 5598 2788 5675 μὴ
2821 5595 3123 5675 75.55395?“-
3180 5663 3192 5675 .
3258 5660 3271 5675 .
3651 5656 3717 5675 ....

2319 5651 2443 5799 £83).
2466 5651 2735 5728 'C'o'ibf
2751 5651 2980 5754 galtlditi
3004 5678 3151 5723 vero,
3177 5660 3466 5757 ὲπήγεσας.
3497 5651 3630 5706 Idem
3651 5655 3785 5701 mar.

2350 5763 2445 5799 oo:
2467 5743 2705 5799 σπαίοει.
2733 5738 2900 5799 Edttl,
2932 5735 3090 5797 male,
3127 5730 3360 5799 σπείρει.

2286 5730 2445 5819 ptst
2467 5743 2705 5819 σπαῳει.
2728 5738 2900 5819 βόίιί,
2932 5735 3090 5797 male,
3127 5730 3360 5819 σπείρει.

2321 5800 2618 5889 (ἐθίζοιὺὶ
2648 5810 2780 5878 1,2,
2822 5800 2893 5883 με
2918 5800 3366 5872 καταναγκάζεις.
