4022 6382
559 327 672 384 955
1760 327 1817 380 S.
1861 324 2324 384 ATHANASIUS.
2358 353 2426 365 —
2454 321 2708 379 ~DUBIA.-
3726 323 3819 381 956

559 445 785 519 iamiam
827 445 1209 516 evangelistam
1257 444 1458 498 Lucam
1497 443 1805 498 dicentem:
1846 463 1866 494 ‹
1912 440 2133 496 Factum

2239 441 2501 512 εχάραξεν
2528 442 2556 494 ὁ
2586 438 2770 505 τόπος,
2827 435 2953 490 ἔνθα
2994 437 3028 506 ἡ
3079 434 3357 506 Παρθένος
3421 436 3710 506 ἀπεκύησε
3739 440 3819 493 τὸν

563 545 648 592 est
673 546 850 591 autem
881 552 1004 589 cum
1031 547 1213 592 essent
1249 535 1344 599 ibi,
1390 535 1594 605 impleti
1627 543 1754 590 sunt
1802 537 1920 591 dies
1951 544 2010 589 ut
2044 551 2134 605 pa-

2244 531 2467 601 Κύριον,
2503 529 2698 599 ἤκουες
2730 526 2933 598 ἀρτίως
2967 523 3062 578 τοῦ
3100 525 3489 593 εὐαγγελιστοῦ
3525 529 3714 580 Λουκᾱ
3742 527 3817 580 λέ-

562 637 709 684 reret
745 629 912 681 lilium
972 643 1132 682 suum
1165 629 1619 698 primogenitum,
1669 636 1724 682 et
1773 628 1969 698 pannis
2009 643 2132 682 eum

2243 637 2428 690 γοντος
2447 634 2460 648 ⁶
2498 639 2516 670 ι
2549 619 2658 672 Καὶ
2678 618 2894 686 ἐγένετο
2911 619 2970 669 ἐν
2999 613 3077 686 τῷ
3104 611 3240 668 εἶναι
3266 616 3464 679 αὐτοὺς
3496 619 3635 680 ἐκεῖ,
3669 619 3819 690 ἐπλή-

563 721 826 785 involvit,
860 732 912 774 et
964 721 1246 775 reclinavit
1275 737 1398 774 eum
1440 723 1491 774 in
1547 722 1833 791 przrsepio,
1870 720 1998 791 quia
2025 735 2134 774 non

2247 714 2454 783 σθησαν
2495 713 2548 764 αἱ
2593 712 2796 781 ἡμέραι
2836 708 2929 764 τοῦ
2966 711 3143 762 τεκεῖν
3173 709 3346 780 αὐτὴν
3376 711 3470 764 τὸν
3501 711 3620 764 υίὸν
3663 711 3818 781 αὐτῆς

560 822 677 866 erat
702 813 781 868 eis
823 812 976 869 locus
1009 814 1062 867 in
1098 815 1405 868 diversorio
1439 815 1506 869 ⁷ο.
1553 833 1571 865 ι

2245 805 2336 859 τὸν
2370 804 2480 874 (95)
2530 803 2871 875 πρωτότοκον
2892 819 2904 833 ο
2940 803 3030 855 καὶ
3058 802 3492 873 ἐσπαργάνωσεν
3520 803 3704 869 αὐτὸν,
3736 803 3817 857 καὶ

561 901 842 956 ἀνέκλινεν
875 904 1032 957 αὐτὸν
1065 906 1123 957 ἐν
1151 908 1215 976 τῇ
1257 905 1452 976 φάτνῃ,
1483 906 1565 958 ὃτι
1592 904 1690 957 οὐκ
1729 899 1797 975 ἦν
1837 903 2016 964 αὐτοῖς
2058 900 2221 960 τόπος
2255 899 2314 950 ἐν
2344 895 2422 966 τῷ
2450 894 2810 964 καταλύματι.
2855 911 2873 943 ι

634 993 686 1049 8.
714 993 758 1050 0
787 1011 874 1050 res
904 997 1288 1052 admirabiles!
1329 1013 1501 1067 papa},
1529 1013 1692 1066 quam
1727 998 1922 1066 exigua
1952 995 2141 1055 verba,

560 1100 724 1156 quam
757 1102 950 1156 magna
992 1089 1281 1159 mysteria!
1321 1108 1338 1141 ι
1376 1088 1599 1142 Factum
1635 1097 1750 1152 est,
1801 1103 1923 1141 cum
1958 1095 2145 1141 essent

563 1177 660 1243 ibi,
695 1179 898 1249 impleti
932 1191 1059 1234 sunt
1090 1181 1206 1237 dies
1241 1189 1300 1235 ut
1344 1189 1579 1252 pareret.
1633 1200 1652 1232 ι
1690 1179 1733 1235 Ο
1774 1195 1886 1236 rem
1918 1187 2141 1250 stupen-

561 1269 1003 1350 damkgondi‘tpr
1029 1282 1331 1344 temporum
1373 1273 1655 1327 deﬁnitum
1704 1283 1917 1342 tempus
1944 1287 2136 1342 exspe-

561 1343 1190 1440 ctant!“Qu-iicrminum
1231 1365 1462 1432 tempori
1519 1362 1822 1425 constituit,
1869 1370 2132 1416 statutum

523 1433 543 1444 ’”
563 1433 834 1502 mensium
884 1452 1120 1520 Spatium
1169 1453 1536 1522 exspectavit;
1588 1459 1649 1504 ut
1705 1466 1864 1506 nemo
1913 1452 2142 1520 phanta-

564 1536 703 1592 siam
753 1547 846 1592 aut
893 1541 1127 1609 speciem
1161 1550 1371 1595 tantum
1432 1541 1564 1597 illud
1613 1557 1735 1598 esse
1777 1543 2134 1598 existimaret.

568 1647 589 1681 ι
627 1627 851 1684 Factum
881 1640 984 1696 est,
1015 1649 1140 1686 eum
1168 1643 1352 1689 essent
1375 1634 1473 1695 ibi,
1512 1634 1719 1705 impleti
1751 1641 1880 1689 sunt
1911 1634 2047 1697 dies,
2078 1640 2138 1688 ut

567 1730 788 1792 pareret
834 1723 1001 1777 lilium
1058 1741 1216 1779 suum
1287 1727 1706 1796 primogenitum
1749 1743 1762 1779 :

565 1829 692 1870 eum
733 1815 960 1870 involvit
989 1827 1042 1871 et
1072 1818 1359 1872 reclinavit
1395 1835 1517 1874 eum
1555 1820 1606 1873 in
1639 1820 1920 1890 praesepio.
1965 1838 1984 1870 ι
2012 1816 2141 1872 Per-

565 1905 744 1977 pende
777 1907 1066 1977 mysticum
1107 1906 1344 1980 Virginis
1384 1917 1598 1979 partum
1635 1928 1647 1962 :
1709 1910 1824 1978 ipsa
1885 1908 2133 1978 peperit,

565 1996 684 2067 ipsa
717 1999 911 2080 pannis
944 2000 1186 2054 involvit.
1242 2001 1388 2056 Inter
1421 2001 1652 2057 feminas
1706 2002 1868 2070 hujus
1913 2001 2136 2064 saculi,

564 2091 670 2143 alia
695 2091 856 2160 parit,
881 2092 983 2146 alia
1019 2091 1214 2172 pannis
1246 2093 1475 2148 involvit
1501 2112 1514 2147 :
1554 2093 1694 2163 apud
1723 2092 1996 2162 Virginem
2027 2107 2137 2146 non

562 2180 722 2248 item;
759 2183 872 2251 ipsa
907 2184 1131 2252 peperit,
1161 2184 1280 2254 ipsa
1311 2187 1509 2265 palmis
1544 2185 1804 2238 involvit:
1843 2186 1961 2254 ipsa
1996 2183 2142 2238 infa-

561 2273 802 2342 tigabilis
830 2283 1005 2330 mater
1025 2315 1040 2340 ,
1088 2275 1205 2345 ipsa
1252 2277 1512 2331 obstetrix
1542 2276 1662 2331 sine
1713 2278 1995 2346 magistra,
2026 2291 2136 2330 non

560 2364 727 2438 349
748 2367 996 2436 permisit
1026 2383 1354 2438 quemquam
1381 2368 1608 2437 impuris
1639 2369 1892 2422 manibus
1922 2374 2137 2438 partum

560 2459 944 2514 intemeratum
1003 2460 1354 2530 contingere;
1411 2459 1530 2530 ipsa
1596 2475 1693 2530 per
1749 2476 1872 2515 sese
1927 2462 2140 2515 curavit

561 2565 710 2613 etim,
735 2550 828 2618 qui
851 2565 916 2604 ex
945 2565 1025 2613 se,
1057 2557 1110 2604 et
1135 2558 1262 2604 ante
1282 2565 1362 2614 se,
1392 2557 1446 2605 et
1470 2557 1692 2620 prapter
1719 2565 1776 2604 se
1799 2558 1961 2606 natus
1984 2561 2100 2606 erat
2121 2570 2134 2606 :

569 2658 588 2691 ι
623 2640 687 2694 Ει
711 2641 906 2724 pinnis
935 2657 1058 2696 eum
1083 2642 1311 2695 involvit
1336 2660 1350 2696 :
1373 2649 1428 2695 et
1449 2641 1735 2695 reclinavit
1762 2657 1885 2696 eum
1921 2643 1974 2696 in
2002 2658 2140 2718 prae-

563 2733 734 2801 sepio,
761 2733 888 2802 quia
912 2749 1019 2787 non
1044 2741 1161 2790 erat
1183 2732 1450 2788 eis-locus
1469 2733 1526 2787 in
1547 2732 1873 2788 diversorio.
1898 2753 1917 2785 ι
1944 2733 2136 2798 Vides,

562 2841 596 2880 o
623 2826 840 2887 dilecte,
861 2826 1139 2896 quomodo
1170 2826 1428 2882 Ecclesiae
1458 2833 1646 2898 typum
1683 2825 1842 2880 nobis
1866 2825 1978 2895 jam
2011 2834 2139 2882 ante

561 2917 872 2988 depinxerit
895 2919 1000 2974 vile
1025 2918 1570 2994 illuzldiversorium,
1602 2918 1696 2973 ubi
1727 2916 1894 2988 Virgo
1922 2918 2013 2972 illa
2041 2934 2137 2988 pe-

561 3010 702 3080 perit
730 3027 851 3080 qua:
880 3013 1044 3065 semel
1071 3021 1287 3066 uterum
1326 3009 1579 3082 gestavit,
1613 3025 1714 3066 nec
1747 3008 1991 3066 secunda
2018 3009 2137 3065 vice

563 3103 773 3170 genuit,
806 3117 907 3156 nec
955 3103 1299 3157 contumeliae
1337 3112 1520 3157 notam
1551 3102 1853 3158 sustinuit:
1888 3101 2016 3157 licet
2050 3102 2138 3156 in-

563 3192 685 3248 sani
722 3193 969 3262 quidam,
1002 3195 1148 3262 quod
1184 3195 1456 3250 audierint
1489 3195 1692 3249 Lucam
1743 3194 2138 3264 evangelistam

564 3286 646 3342 sic
686 3285 995 3355 loquentem
1023 3304 1036 3338 :
1067 3303 1085 3337 ι
1119 3285 1186 3340 Ει
1220 3289 1428 3357 peperit
1458 3286 1624 3342 lilium
1666 3303 1827 3344 suum
1867 3288 2142 3359 primoge-

563 3377 805 3443 nitum,»
855 3379 1150 3434 secundam
1203 3377 1374 3435 fuisse
1436 3377 1676 3451 Virginis
1725 3378 2137 3449 conceptionem

564 3469 875 3535 docuerint,
919 3471 1385 3541 incorruptionem
1421 3471 1478 3524 in
1512 3471 1919 3540 corruptionem
1952 3477 2133 3524 trans-

563 3571 842 3619 mutantes
875 3583 887 3618 :
916 3563 969 3618 in
1020 3563 1139 3619 suis
1180 3563 1528 3634 dogmatibus
1561 3565 1635 3618 ita
1674 3565 1960 3634 loquentes
1989 3584 2000 3619 :
2035 3563 2139 3619 Ne—

561 3667 833 3724 quaquam
861 3653 1256 3725 primogenitus
1278 3653 1460 3709 dictus
1484 3653 1670 3717 fuerit,
1699 3653 1808 3709 nisi
1833 3653 2139 3722 subsequa-

559 3753 651 3798 tur
681 3745 840 3799 alter.
871 3744 1185 3800 Adversarii
1226 3752 1407 3798 autem
1441 3745 1634 3809 nostri,
1669 3760 1777 3799 non
1826 3744 1988 3799 modo
2028 3743 2139 3797 Lu-

560 3852 680 3890 cam
729 3853 840 3893 sua:
881 3836 1167 3907 pravitatis
1205 3837 1514 3906 producunt
1551 3845 1776 3902 testem;
1833 3836 1928 3891 sed
1971 3835 2136 3890 etiam

559 3929 949 3998 evangelistam
1001 3927 1312 3982 Matthmum
1363 3928 1457 3997 qui
1515 3943 1578 3982 ea
1634 3928 1753 3997 ipsa
1800 3935 2039 3993 enarret,
2083 3937 2138 3982 et

561 4019 806 4088 apertius
839 4017 1017 4071 adhuc
1053 4017 1302 4081 allirmet,
1339 4024 1504 4087 atque
1531 4017 1652 4087 ejus
1683 4033 1844 4072 voces
1873 4017 2024 4086 impii
2058 4017 2136 4072 illi

561 4106 866 4177 proferunt,
900 4107 962 4181 in.
988 4110 1212 4178 scriptis
1242 4110 1359 4164 suis
1391 4125 1454 4163 ea
1485 4109 1767 4176 loquentes
1787 4125 1907 4178 qua:
1933 4108 2133 4179 Ioseph

560 4199 618 4252 in
651 4197 862 4254 visione
903 4202 1179 4270 accepisse
1215 4201 1496 4264 scribitur,
1533 4201 1784 4254 Matthreo
1801 4202 2134 4272 evangelista

561 4288 776 4344 dicente
807 4308 820 4344 :
852 4307 871 4340 ι
905 4291 1170 4360 Apparuit
1192 4298 1373 4344 autem
1399 4291 1626 4358 angelus
1657 4290 1867 4344 Domini
1898 4291 1950 4343 in
1983 4305 2135 4344 som—

2311 988 2364 1042 8.
2399 989 2461 1040 Ὢ
2491 987 2597 1039 τῶν
2628 985 2945 1056 παραδόξων
2968 985 3341 1057 πραγμάτωνί
3378 985 3566 1056 βαϐαὶ,
3599 985 3716 1049 πῶς
3739 1003 3814 1057 μι-

2245 1079 2355 1152 κρὰ
2380 1079 2448 1133 τὰ
2491 1080 2731 1150 ῥήματα,
2783 1079 2878 1130 καὶ
2925 1065 3248 1150 μεγάλαπὰ
3298 1081 3812 1150 μυσταγωγήματαί

2253 1192 2270 1224 ι
2315 1171 2561 1238 Ἐγένετο
2593 1173 2652 1224 ἐν
2681 1170 2761 1241 τῷ
2800 1167 2939 1224 εἶναι
2981 1172 3175 1234 αὐτοὺς
3209 1173 3345 1234 ἐκεῖ,
3389 1171 3739 1242 ἐπλήσθησαν
3766 1175 3812 1226 αι

2246 1262 2451 1333 ἡμέραι
2480 1260 2576 1314 τοῦ
2607 1263 2786 1314 τεκεῖν
2818 1260 3004 1330 αὑτήν.
3045 1279 3062 1311 ι
3105 1262 3167 1312 Ὠ
3192 1261 3301 1314 τῶν
3332 1261 3656 1332 παραδόξων
3690 1280 3812 1333 πρα-

2246 1354 2495 1422 γμάτων,
2537 1354 2565 1406 ὁ
2605 1351 2712 1405 τῶν
2755 1351 2962 1424 χρόνων
3012 1352 3242 1424 ποιητὴς
3284 1353 3594 1426 ὡρισμένον
3638 1354 3813 1424 χρόνον

2246 1446 2597 1518 περιέμενενί
2654 1447 2714 1499 '0
2774 1444 3030 1517 ὁροθέτης
3072 1445 3179 1498 τῶν
3231 1445 3439 1516 χρόνων
3488 1445 3812 1516 προθεσμίαν

2248 1536 2431 1606 μηνῶν
2465 1535 2742 1606 ἀνέμενεν,
2775 1535 2864 1587 ἵνα
2891 1533 3080 1605 μηδεὶς
3112 1535 3411 1603 φαντασίαν
3435 1534 3468 1605 ἢ
3495 1534 3718 1606 δόκησιν
3740 1553 3813 1589 νο-

2247 1629 2376 1700 μίσῃ
2412 1627 2543 1698 (96).
2579 1647 2598 1679 ‹
2623 1627 2868 1696 Ἐγένετο
2905 1629 2963 1679 ἐν
2990 1625 3068 1696 τῷ
3096 1621 3234 1680 εἶναι
3262 1627 3460 1690 αὐτοὺς
3488 1628 3629 1690 ἐκεῖ,
3664 1626 3813 1697 ἐπλή-

1828 1734 1881 1780 et
1942 1727 2136 1810 pagis
2170 1723 2212 1777 Β
2241 1719 2445 1791 σθησαν
2482 1721 2539 1773 αἱ
2571 1719 2776 1791 ἡμέραι
2807 1717 2902 1771 τοῦ
2929 1719 3106 1771 τεκεῖν
3125 1717 3292 1789 αὐτὴν
3310 1718 3530 1772 τὺνυίὸν
3548 1719 3716 1788 αὐτῆς
3735 1719 3814 1771 τὸν

2241 1811 2612 1884 πρωτότοκονο
2643 1812 2735 1865 καὶ
2767 1811 3192 1884 ἐσπαργάνωσεν
3221 1811 3403 1874 αὐτὸν,
3433 1812 3529 1865 κα).
3551 1811 3814 1864 ἀνέκλινεν

2240 1904 2401 1958 αὐτὸν
2427 1905 2484 1958 ἐν
2508 1906 2574 1975 τῇ
2605 1903 2800 1975 φάτνῃ.
2840 1923 2859 1954 ι
2893 1904 3064 1957 Βλέπε
3089 1905 3188 1976 τὴν
3221 1905 3489 1975 μυστικὴν
3521 1904 3814 1974 ἀποκύησιν

2238 1995 2336 2064 τῆς
2382 1995 2695 2066 Παρθένου*
2748 1995 2886 2067 αὕτη
2935 1996 3154 2055 ἔτεκεν.
3201 1995 3338 2067 αὕτη
3373 1996 3811 2068 ἐσπαργάνωσεν.

2252 2086 2376 2138 Ἐπὶ
2409 2087 2516 2138 τῶν
2560 2087 2838 2157 κοσμικῶν
2871 2087 3144 2156 γυναικῶν
3173 2087 3308 2158 άλλη
3342 2087 3540 2149 τίκτει,
3568 2089 3663 2141 καὶ
3692 2087 3813 2157 άλλη

2241 2182 2572 2250 σπαργανοῖ·
2617 2181 2708 2233 ἐπὶ
2738 2180 2794 2233 δὲ
2833 2180 2934 2250 τῆς
2980 2180 3255 2251 Παρθένου
3303 2181 3401 2251 οὐχ
3433 2179 3612 2245 οὕτως
3636 2199 3650 2212 ·
3687 2181 3811 2250 αὕτη

2238 2269 2444 2334 ἔτεκεν,
2475 2271 2568 2324 καὶ
2601 2270 2738 2342 αὓτη
2784 2271 3240 2342 ἐσπαργάνωσεν·
3278 2272 3371 2324 καὶ
3426 2272 3566 2344 αὕτη
3627 2273 3814 2337 ἀκοπος

2243 2359 2430 2434 μήτηρ
2483 2363 2575 2416 καὶ
2627 2363 2907 2427 ἀδίδακτος
2969 2366 3123 2433 μαῖα,
3181 2364 3242 2416 οὐ
3295 2362 3676 2434 συνεχώρησεν
3729 2368 3811 2418 άν-

2239 2452 2426 2521 άγνοις
2459 2454 2645 2525 χερσῖν
2678 2455 2788 2525 (97)
2823 2454 3062 2524 ἅψασθαί
3093 2471 3215 2508 τινα
3274 2455 3369 2509 τοῦ
3417 2457 3690 2528 άχράντου
3733 2456 3812 2508 τό·

2239 2563 2368 2599 κου’
2425 2546 2563 2617 αὕτη
2614 2546 2702 2600 διὰ
2747 2548 2944 2618 ἑαυτῆς
2982 2546 3074 2599 τὸν
3129 2545 3191 2612 ἐξ
3250 2547 3418 2618 αὐτῆς
3444 2586 3459 2610 ,
3504 2547 3613 2618 πρὸ
3657 2548 3813 2617 αὐτῆς

2239 2638 2334 2690 καὶ
2384 2637 2524 2707 ὑπὲρ
2565 2639 2731 2709 αὐτῆς
2783 2637 3146 2709 ἐθεράπευσεν
3176 2653 3191 2668 ·
3235 2656 3254 2688 ι
3292 2639 3401 2692 Καὶ
3465 2638 3812 2709 ἐσπαργάνω-

2242 2744 2333 2780 σεν
2401 2729 2600 2792 αὑτὸν,
2666 2731 2759 2782 καὶ
2825 2729 3102 2784 ἀνέκλινεν
3149 2730 3310 2784 αὐτὸν
3366 2731 3422 2782 ἐν
3485 2733 3553 2801 τῇ
3614 2731 3810 2803 φάτνῃ,

2237 2817 2372 2872 διότι
2396 2821 2496 2873 οὐκ
2527 2815 2594 2889 ἦν
2618 2821 2802 2883 αὐτοῖς
2833 2821 2996 2884 τόπος
3029 2822 3087 2874 ἐν
3109 2820 3184 2892 τῷ
3211 2820 3572 2892 καταλύματι.
3605 2841 3623 2873 ι
3651 2816 3811 2884 Εἶδες,

2239 2903 2285 2963 ὧ
2325 2909 2465 2978 φίλε,
2512 2909 2630 2973 πῶς
2663 2909 2762 2980 τῆς
2809 2911 3133 2982 Ἐκκλησίας
3168 2911 3258 2964 τὸν
3300 2911 3469 2964 τύπον
3511 2911 3812 2983 προανεζωο

2239 3002 2491 3074 γράφησε
2529 3002 2637 3074 (98)
2680 3001 2742 3054 τὸ
2793 3001 3006 3066 εὐτελὲς
3036 3001 3400 3072 καταγώγιον,
3434 3001 3564 3056 ἔνθα
3601 3003 3811 3073 ἡἨαρ-

2243 3094 2394 3158 θένος
2441 3094 2647 3157 ἔτεκεν,
2702 3095 2736 3164 ἡ
2794 3092 2940 3159 ἅπαξ
2987 3081 3394 3163 κυοφορῆσασα,
3437 3095 3534 3146 καὶ
3577 3093 3812 3163 δεύτεροι

2245 3188 2319 3258 μὴ
2342 3189 2666 3257 γεννήσασα,
2707 3185 2801 3238 καὶ
2833 3183 3040 3256 ὕϐρεως
3069 3185 3305 3254 ἔμφασιν
3341 3184 3416 3254 μὴ
3451 3185 3808 3255 ὑπομείνασιν

2241 3280 2290 3332 εί
2318 3279 2412 3333 καί
2453 3295 2595 3340 τινες
2623 3277 2902 3348 μανέντες,
2937 3275 3024 3329 διὰ
3050 3276 3111 3329 τὸ
3149 3275 3380 3330 ἀκοῦσαι
3410 3277 3610 3340 αὐτοὺς
3639 3277 3811 3344 λέγον-

2239 3389 2330 3436 τος
2363 3371 2456 3425 τοῦ
2504 3370 2888 3441 εὐαγγελιστοῦ
2917 3371 3135 3424 Δουκᾶ·
3177 3388 3196 3422 ι
3238 3370 3346 3424 Καὶ
3384 3369 3543 3423 ἔτεκε
3586 3371 3677 3423 τὸν
3708 3370 3810 3423 υίδν

2239 3464 2408 3534 αὐτῆς
2437 3462 2527 3516 τὸν
2563 3461 2926 3534 πρωτότοκον,
2967 3478 2987 3512 ι
3022 3459 3114 3512 καὶ
3141 3458 3398 3530 δευτέραν
3433 3458 3693 3528 σύλληψιν
3723 3457 3812 3526 τῆς

2242 3557 2519 3628 Παρθένου
2551 3555 2910 3624 ἐδογμάτισαν
2946 3552 3078 3624 (99),
3115 3552 3212 3625 τὴν
3239 3551 3552 3624 ἀφθαρσίαν
3585 3555 3667 3614 είς
3695 3549 3811 3620 φθο-

2242 3649 2343 3718 ράν
2387 3647 2837 3719 μεταϐάλλοντες·
2868 3646 3168 3716 φάσκοντες
3211 3647 3269 3698 ἐν
3319 3648 3432 3709 τοῖς
3463 3645 3687 3709 οἰκείοις
3732 3643 3810 3696 δό-

2238 3755 2476 3809 γμασιν·
2521 3739 2634 3793 Οὐκ
2677 3739 2742 3793 ἂν
2783 3737 2997 3810 λεχθείη
3038 3737 3402 3807 πρωτότοκος,
3439 3736 3697 3808 δευτέρου
3742 3736 3810 3807 μὴ

2240 3831 2841 3902 παρακολουθήσαντος.
2879 3831 2952 3883 Οὐ
2992 3829 3150 3900 μόνον
3182 3828 3240 3881 δὲ
3277 3830 3324 3880 οί
3358 3828 3418 3892 ἐξ
3447 3828 3700 3890 ἐναντίας
3729 3825 3811 3879 τὸν

2237 3923 2452 3976 Δουκᾶν
2483 3921 2583 3991 τῆς
2626 3920 2833 3983 οἰκείας
2877 3919 3203 3992 ἀϐελτηρίας
3251 3917 3647 3988 προϐάλλονται
3682 3916 3811 3988 μάρ-

2235 4029 2396 4085 τυρα,
2426 4011 2560 4064 ἀλλὰ
2587 4014 2680 4066 καὶ
2711 4011 2803 4064 τὸν
2843 4008 3230 4080 εὐαγγελιστὴν
3262 4007 3540 4063 Ματθαῖον
3572 4009 3643 4062 τὰ
3682 4007 3810 4062 αὐτὰ

2240 4103 2534 4172 μηνύοντα,
2575 4103 2670 4155 καὶ
2718 4102 2799 4155 ἔτι
2845 4100 3174 4173 σαφέστερον
3214 4100 3644 4171 παρεγγυῶντα·
3695 4101 3808 4153 ὅθεν

2237 4195 2332 4247 καὶ
2373 4195 2470 4257 τὰς
2521 4195 2728 4248 ἐκείνου
2763 4193 2937 4258 λέξεις
2983 4193 3431 4264 φανεροποιοῦσιν
3474 4196 3522 4247 οἰ
3558 4194 3726 4256 ἄθεοι,
3756 4192 3809 4244 ἐν

2234 4286 2348 4347 τοῖς
2399 4284 2606 4336 ἑαυτῶν
2658 4285 3052 4356 συγγράμμασι
3103 4283 3352 4350 λέγοντες
3416 4286 3562 4357 άπερ
3620 4283 3808 4354 Ἰωσὴφ

560 4380 648 4436 nis
675 4377 902 4449 Ioseph,
951 4380 1141 4435 dicens
1171 4397 1186 4434 :
1212 4378 1413 4449 Ioseph
1453 4380 1525 4432 [ili
1559 4378 1750 4442 David,
1783 4379 1896 4432 noli
1941 4379 2133 4438 timere

2239 4376 2295 4426 ἐν
2323 4375 2556 4446 ὀπτασίᾳ
2589 4376 2662 4446 (1)
2694 4376 2983 4446 δεξάμενος
3009 4375 3443 4447 ἀναγέγραπται,
3466 4376 3560 4429 τοῦ
3589 4377 3808 4444 εὐαγγε-

558 4471 812 4542 accipere
841 4471 1064 4525 Mariam
1097 4472 1385 4542 coniugem
1419 4479 1590 4533 tuam,
1626 4471 1772 4540 quod
1797 4470 1944 4525 enim
1975 4471 2030 4524 in
2064 4486 2128 4525 ea

560 4569 752 4615 natum
785 4568 893 4623 est,
929 4577 994 4616 ex
1042 4559 1248 4629 Spiritu
1289 4571 1482 4616 sancto
1523 4568 1630 4616 est.
1673 4559 1912 4632 Surgens
1946 4567 2127 4616 autem

556 4651 780 4724 Joseph,
838 4653 937 4715 ait,
983 4654 1190 4722 accepit
1239 4653 1458 4706 Mariam
1511 4651 1797 4722 coniugem
1845 4667 2036 4719 suam;
2076 4660 2131 4707 et

558 4761 670 4800 non
715 4743 972 4816 cognovit
1020 4759 1140 4800 eam
1175 4745 1349 4799 donec
1383 4744 1592 4815 peperit
1621 4743 1791 4798 ﬁlium
1833 4759 1992 4799 suum
2021 4744 2131 4815 pri-

557 4837 976 4908 mogenitum".
1010 4855 1029 4888 ι
1067 4833 1243 4890 Simili
1289 4836 1452 4890 modo
1495 4835 1794 4891 adversarii
1826 4835 1924 4891 has
1966 4850 2130 4892 voces

556 4937 901 4994 mutuantur,
947 4935 1008 4983 ut
1053 4929 1344 4998 gloriosam
1374 4926 1649 4998 Virginem
1687 4928 1929 4984 secundo
1967 4943 2131 4998 pepe-

557 5022 702 5077 risse
729 5021 982 5076 doceant.
1015 5019 1122 5076 Sed
1149 5033 1319 5089 apage
1344 5019 1737 5074 absurditatem
1772 5037 1786 5073 :
1811 5008 2130 5073 immacula-

559 5122 674 5168 tum
711 5128 940 5184 prorsus
971 5113 1271 5184 permansit
1303 5110 1405 5164 hoc
1434 5108 1717 5181 virginale,
1747 5118 1801 5165 et
1829 5109 2126 5180 gloriosum

624 5229 672 5261 ⁷ο
711 5227 842 5284 Luc.
880 5245 954 5291 tl,
987 5228 1054 5291 6,
1090 5228 1142 5283 7.
1217 5227 1262 5258 "
1305 5223 1492 5280 Matth.
1527 5240 1574 5291 ι,
1605 5224 1808 5281 20-25.

630 5319 739 5389 (95)
769 5321 925 5378 Coll).
981 5320 1031 5382 1,
1068 5320 1124 5385 2,
1166 5319 1333 5391 αυτὴν
1366 5321 1461 5374 καὶ
1506 5319 1691 5373 ἔτεκεν
1754 5319 1844 5371 τὸν
1877 5337 1938 5374 π.
1961 5317 2132 5372 Paulo

559 5388 916 5472 postzn'ticlem,
931 5391 1064 5472 διότι
1085 5393 1184 5444 οὐκ
1202 5388 1290 5472 ἦν.

633 5461 749 5531 (96),
776 5460 1125 5517 Colbertinus
1152 5457 1362 5532 primus
1401 5467 1454 5514 et
1487 5457 2134 5532 sec_unduts,_vppien_fci;v

564 5527 823 5608 ἐνσαρκον
855 5527 1180 5608 οῖκονομίαν.
1207 5532 1425 5608 -Ἒτεκε,
1448 5530 1616 5608 φησὶ,
1647 5529 1738 5582 τὸν
1766 5527 2100 5608 regeeae.

638 5549 823 5655 ςαρκον
855 5549 1180 5603 οικονομιαν.
1214 5549 1425 5594 “mus,
1463 5549 1616 5599 φησι,
1647 5549 1738 5582 τον
1775 5549 1795 5580 ι
1817 5549 1890 5612 ιον
1916 5549 2100 5608 αυττγς.

638 5602 694 5683 (ll
732 5601 750 5668 )
785 5601 935 5683 Colb.
974 5602 1025 5683 1,
1058 5603 1278 5683 ευαγὲσι
1305 5600 1484 5683 χερσίἱ
1515 5599 1681 5683 infra,
1710 5607 1830 5669 post
1854 5598 1914 5662 εξ
1938 5601 2128 5680 αὑτης,

566 5674 764 5798 legitur
797 5673 891 5727 ut
925 5671 1030 5742 πρὸ
1060 5670 1230 5744 αὐτῆς
1264 5671 1321 5726 in
1364 5670 1648 5727 codicibus
1691 5684 1848 5734 mss.,
1875 5685 2033 5728 secus
2073 5670 2126 5724 in

570 5759 616 5798 οι
642 5752 750 5798 itis.

570 5742 753 5806 editis.

2237 4465 2418 4519 λιστοῦ
2449 4467 2729 4522 Ματθαίου
2761 4468 3041 4536 λέγοντοςο
3079 4485 3099 4519 ι
3138 4467 3315 4538 Ὠφθη
3348 4466 3404 4520 δὲ
3429 4467 3656 4536 ἄγγελος
3705 4468 3808 4520 Κυ-

2235 4557 2350 4627 ρίου
2383 4559 2504 4612 κατ’
2538 4558 2670 4631 ὄναρ
2696 4559 2773 4631 τῷ
2817 4559 3036 4629 Ἰωσὴφ,
3083 4558 3290 4627 λέγων·
3337 4558 3534 4628 Ἰωσὴφ
3573 4560 3686 4622 υίὸς
3713 4560 3807 4609 Δα-

2230 4649 2336 4714 ϐὶδ,
2366 4651 2441 4722 μὴ
2479 4645 2721 4722 φοϐηθῇς
2767 4649 3104 4720 παραλαϐεῖν
3150 4649 3385 4722 Μαριὰμ
3423 4650 3523 4720 τὴν
3580 4648 3808 4719 γυναῖκά

2231 4761 2366 4797 σοιν
2420 4745 2482 4798 τὸ
2535 4747 2644 4816 γὰρ
2678 4747 2734 4798 ἐν
2783 4745 2919 4813 αὐτῇ
2957 4742 3030 4814 (2)
3083 4742 3360 4815 γεννηθὲν,
3387 4744 3450 4796 ἐκ
3499 4742 3807 4812 Πνεύματός

2228 4837 2376 4889 ἐστιν
2443 4835 2616 4903 ἁγίου.
2691 4833 2950 4894 Ἀναστάς
3003 4833 3080 4897 δὲ,
3136 4834 3331 4905 φησιν,
3408 4834 3628 4904 Ἰωσὴφ,
3676 4849 3804 4904 παρ·

2230 4923 2389 4977 έλαϐε
2420 4926 2652 4996 Μαριάμ
2684 4924 2784 4994 τὴν
2825 4925 3056 4991 γυναῖκα
3078 4922 3264 4986 αὐτοῦ,
3301 4922 3394 4976 καὶ
3437 4923 3804 4994 ἐπορεύθησαν

2236 5017 2316 5081 είς
2361 5017 2668 5085 Αἴγυπτον·
2729 5016 2823 5069 καὶ
2873 5017 2972 5068 οὐκ
3028 5017 3323 5084 ἐγίνωσκεν
3377 5017 3568 5088 αὐτὴν,
3604 5018 3705 5079 ἕως
3748 5033 3804 5069 ου

2235 5109 2390 5162 ἔτεκε
2423 5109 2512 5162 τὸν
2545 5109 2657 5162 υἱὸν
2681 5109 2851 5179 αὐτῆς
2886 5107 2974 5161 τὸν
3007 5109 3365 5180 πρωτότοκον.
3407 5129 3426 5160 ι
3457 5109 3689 5180 Ὁμοίως
3719 5109 3802 5160 καὶ

2311 5316 2423 5402 εει
2459 5315 2612 5402 9919-
2643 5316 2691 5402 εν
2715 5315 3319 5402 enervem“:

2313 5388 2425 5454 (99)
2459 5385 2726 5456 Σύλληψιν
2763 5382 3121 5456 ἐδογμάτισαν
3146 5382 3247 5455 τὴν
3272 5383 3551 5454 Παρθένον
3589 5382 3804 5453 ὑπομεῖο

2243 5475 2349 5511 ναι.
2379 5459 2468 5508 Sic
2495 5457 2651 5511 Colb.
2686 5458 2737 5518 1,
2764 5455 2818 5508 2.

2315 5527 2389 5596 (1)
2423 5527 2496 5578 Ita
2534 5526 2690 5581 Colb.
2723 5525 2776 5583 2.
2809 5530 2974 5579 recte.
3014 5523 3156 5577 Editi
3203 5538 3348 5584 vero,
3397 5525 3581 5594 φαμὲν
3615 5523 3802 5589 Ἰωσὴφ

2240 5598 2357 5667 μετ’
2387 5597 2668 5667 ὀπτασίαν.

2305 5667 2382 5740 (:2)
2420 5667 2511 5740 Sic
2537 5666 2712 5740 rColh‘.
2763 5664 2811 5725 1,
2929 5661 3081 5740 Editi
3114 5679 3266 5740 vero,
3296 5661 3806 5740 7.§y_wv'_‘i_\va3_15_z;

2234 5731 2511 5811 παράλαϐε
2531 5735 2764 5807 Μαριάμ
2799 5733 2894 5802 τὴν
2925 5735 3153 5800 γυναῖκα
3184 5750 3296 5797 σου,
3321 5731 3460 5787 διότι
3490 5735 3550 5787 τὸ
3575 5737 3631 5787 ἐν
3660 5734 3803 5801 αὒτῇ.
