3924 6574
174 446 290 501 957

1193 458 1430 519 saeuo
1468 460 1558 516 or.
1593 441 2096 521 DESCRIPTIONE
2119 464 2463 523 verum.

3327 470 3433 530 958

167 563 251 633 (5)
275 566 493 629 ταύτας
519 564 619 629 τὰς
650 567 839 659 λέξεις
863 572 913 625 οἱ
947 571 1004 638 ἔξ
1036 573 1282 638 ἐναντίας
1324 578 1752 649 παρεγγυῶνται,

1869 580 2143 636 cimelium
2195 596 2597 654 :nequaquam
2650 582 2914 665 po‘!:rtum
2966 583 3071 639 fuit
3132 587 3432 643 tecundum

168 658 237 709 ἐκ
267 657 533 730 δευτέρου
562 660 660 731 τὴν
681 658 886 727 ἔνδοξον
907 664 1180 736 Παρθένον
1198 671 1531 742 κυοφορῆσαι
1562 671 1764 743 δογμα-

1871 672 2069 728 malum
2116 690 2504 746 :nequaquam
2563 673 2908 744 prolanatum
2964 675 3067 730 fuit
3121 692 3216 732 vas
3273 678 3430 746 illud,

168 747 445 838 τέζοντες.
518 751 660 805 Ἀλλ’
713 754 893 823 ἄπαγε
951 758 1051 828 τῆς
1106 756 1373 824 ἀτοπίαςῐ
1433 762 1752 832 ἀκηλίδωτω

1867 765 2013 835 quod
2046 763 2217 820 Deum
2251 766 2578 821 altissimum
2619 767 2907 822 continuit.
2937 765 3198 823 Dominus
3227 768 3430 838 primo-

168 836 366 908 ἔμεινε
403 841 624 906 πάντως
646 843 707 896 τὸ
737 844 1058 916 παρθενικὺν
1085 849 1178 902 καὶ
1208 849 1414 915 ἔνδοξον
1446 853 1756 923 κειμήλιον·

1866 855 2082 925 genitus
2113 873 2179 912 ex
2208 857 2427 930 Virgine
2462 857 2689 924 audivit,
2728 874 2790 914 ac
2827 859 2995 930 probe
3038 860 3273 928 audivit;
3318 877 3429 917 non

168 930 275 983 οὐκ
303 931 583 1005 ὲμολύνθη
615 937 643 988 6
672 934 921 1009 δεύτερος
949 937 1176 1010 οὐρανός
1195 957 1209 969 ο
1263 941 1363 993 οὐκ
1397 942 1465 1012 ὴχ
1476 941 1670 1017 ρειὼθη
1698 944 1752 999 τὸ

1866 947 2013 1018 quod
2060 949 2362 1004 secundum
2415 965 2480 1006 ex
2528 948 2716 1005 eodem
2761 966 2955 1020 genere
2994 952 3281 1016 acciverit;
3333 952 3428 1008 sed

166 1020 269 1075 τοῦ
318 1022 576 1095 Ὑψίστου
606 1025 938 1098 θεοχὼρητον
966 1028 1177 1093 σκεῦος.
1211 1031 1556 1102 Πρωτότοκος
1587 1035 1616 1087 6
1646 1034 1760 1088 Κύ-

171 1132 295 1185 ριος
329 1116 562 1187 ήκουσεν
588 1119 653 1171 ὲκ
681 1118 779 1189 τῆς
808 1119 1085 1191 Παρθένου
1106 1138 1120 1152 ·
1155 1121 1250 1175 καὶ
1283 1118 1463 1187 καλῶς
1491 1124 1720 1196 ἤκουσεν
1740 1143 1755 1158 ·

166 1206 275 1276 οὐχ
320 1206 408 1260 δτι
462 1207 712 1280 δεύτερόν
762 1227 884 1263 τινα
937 1212 1224 1284 ὁμοιογενῆ
1279 1214 1753 1284 προσεκαλέσατο·

166 1297 289 1351 ἀλλ’
342 1300 428 1353 δτι
488 1302 829 1372 πρωτότοκος
883 1305 1128 1377 ὑπῆρχε,
1181 1307 1456 1361 τουτέστιν
1489 1307 1755 1381 ἀσύγκρι-

163 1404 284 1453 τος.
326 1391 463 1445 Ούδὲ
497 1393 605 1464 γὰρ
640 1393 739 1464 (4),
770 1394 858 1449 διὰ
887 1394 946 1449 τὸ
983 1398 1154 1449 εἰπεῖν
1199 1397 1289 1451 τὸν
1323 1398 1588 1470 μακάριον
1618 1399 1766 1454 Παῦ-

1868 1038 1996 1108 quia
2027 1039 2447 1110 primogenitus,
2483 1040 2535 1094 id
2570 1049 2655 1096 est
2688 1040 3126 1111 incomparabilis
3160 1050 3296 1096 erat.
3319 1042 3426 1097 Ne-

1859 1143 1966 1197 que
1992 1129 2134 1183 enim
2165 1130 2295 1199 quia
2324 1129 2384 1183 B.
2417 1129 2617 1187 Paulus
2645 1130 2711 1186 de
2745 1143 2946 1186 aeterna
2979 1129 3191 1185 Domini
3235 1147 3298 1186 ex
3327 1130 3430 1185 Pa-

1857 1224 1940 1273 tre
1982 1220 2330 1289 generatione
2370 1221 2483 1276 ait:
2514 1240 2533 1272 ι
2567 1220 2667 1288 Qui
2701 1230 2782 1277 est
2816 1221 3205 1292 primogenitus
3250 1222 3428 1276 omnis

1856 1319 2121 1364 creatura:
2157 1311 2225 1378 ",
2256 1330 2273 1362 ι
2334 1312 2632 1367 naturalem
2694 1313 2872 1367 statim
2931 1311 3144 1366 Domini
3190 1306 3426 1367 Tratretn

1871 1401 2199 1471 conscripsit
2227 1419 2240 1456 :
2267 1417 2442 1470 neque
2469 1417 2684 1457 rursum
2716 1403 2832 1472 ipse
2853 1401 3075 1468 Paulus,
3103 1418 3225 1457 cum
3248 1403 3426 1475 ipsum

165 1477 264 1536 λον
314 1484 577 1556 περὶτῆς
624 1484 718 1539 τοῦ
770 1487 975 1558 Κυρίου
1023 1489 1088 1541 ὲκ
1121 1488 1214 1542 τοῦ
1264 1489 1479 1562 Πατρὸς
1524 1491 1752 1563 ἀνάρχοι

1864 1489 2152 1547 Dominum
2184 1493 2600 1564 primogenitum
2635 1509 2701 1549 ex
2727 1495 2959 1550 mortuis
2982 1496 3214 1562 vocavit,
3240 1496 3423 1550 statim

164 1577 509 1647 γεννήσεως,
540 1577 600 1642 ὃς
633 1578 748 1631 ἐστι
778 1579 1122 1650 πρωτότοκος
1155 1579 1333 1651 πάσης
1366 1580 1613 1645 κτίσεως,
1656 1581 1755 1653 ἤδη

163 1665 265 1718 καὶ
294 1664 527 1734 ἀδελφὸν
567 1665 659 1720 τοῦ
704 1667 907 1739 Κυρίου
961 1668 1187 1738 φυσικὸν
1231 1669 1598 1741 συνέγραψεν·
1639 1671 1754 1725 οὐδ’

1863 1582 2031 1636 alium
2072 1582 2302 1637 Domino
2334 1583 2563 1639 similem
2596 1584 2829 1652 induxit,
2858 1585 2951 1656 qui
2980 1586 3096 1657 pari
3138 1588 3299 1642 modo
3341 1587 3424 1642 in-

1859 1671 2074 1727 fernum
2105 1673 2527 1730 conculcaverit.

162 1753 233 1810 αὖ
266 1758 441 1812 πάλιν
478 1760 507 1813 6
535 1759 696 1823 αὐτὸς
722 1759 953 1826 Παῦλος,
1018 1761 1109 1816 τὸν
1161 1762 1326 1815 αὐτὸν
1383 1763 1585 1835 Κύριον
1624 1764 1964 1836 πρωτότοκον
2002 1767 2066 1818 ὲκ
2100 1765 2206 1819 τῶν
2252 1765 2460 1838 νεκρῶν
2500 1765 2755 1832 καλέσας,
2813 1765 2913 1839 ήδη
2953 1766 3046 1820 καὶ
3102 1766 3284 1837 ὅμοιον
3330 1765 3423 1820 τοῦ

161 1849 381 1922 Κυρίου
418 1856 812 1926 παρεισήγαγε,
847 1857 1239 1930 παραπλησίως
1258 1857 1346 1912 τὸν
1378 1857 1510 1931 ᾅδην
1527 1861 1858 1932 πατήσαντα.

237 1945 297 1999 9.
357 1945 452 2000 Διό
515 1947 677 2003 ἄκουε
728 1951 998 2016 συνετῶς,
1047 1952 1141 2006 καὶ
1200 1952 1418 2006 πίστευε
1473 1953 1752 2024 θεοφιλῶς.

1927 1954 1979 2008 9.
2021 1949 2382 2019 Quamobrem
2425 1948 2722 2020 prudenter
2765 1945 2914 2009 audi,
2969 1959 3033 2000 ac
3072 1944 3161 2016 pie
3192 1943 3419 2001 credito.

162 2035 529 2106 Πρωτὸτοκος
574 2041 604 2095 6
638 2034 838 2113 Κύριος
891 2044 956 2097 ὲκ
997 2041 1105 2096 τῶν
1136 2044 1364 2115 νεκρῶν,
1398 2044 1492 2100 καὶ
1536 2045 1601 2099 ὲκ
1655 2044 1750 2099 τοῦ

163 2124 394 2199 Πατρδς
419 2131 511 2184 καὶ
530 2132 593 2184 ὲκ
623 2132 720 2202 τῆς
748 2131 1046 2204 Παρθένου,
1071 2134 1157 2188 ἵνα
1174 2135 1261 2189 διὰ
1286 2137 1501 2190 πάντων
1532 2136 1749 2210 γνωσθῇ

163 2219 229 2271 τὺ
274 2220 565 2290 μοναδικδν
604 2222 705 2294 τῆς
735 2224 983 2297 υίότητος
1024 2226 1258 2298 ἀξίωμα.
1312 2227 1661 2307 ’Μριτος
1697 2229 1753 2284 δὲ

162 2311 195 2363 6
232 2310 558 2377 δεσποτικὸς
588 2315 777 2378 τόκος·
824 2316 957 2370 ὅπου
991 2316 1100 2389 γὰρ
1137 2320 1171 2391 ἡ
1213 2320 1411 2392 Μήτηρ
1458 2320 1751 2392 Παρθένος,

166 2406 295 2468 πῶς
350 2406 510 2470 τόκος
554 2407 1021 2479 ἑρμηνευόμενος;
1081 2409 1310 2480 Ὁμοίως
1350 2411 1441 2465 καὶ
1473 2410 1557 2474 τὸ,
1582 2413 1753 2465 εἰπεῖν

165 2495 264 2549 τὸν
318 2497 708 2571 εύαγγελιστήν
752 2500 1029 2554 Ματθαῖον
1076 2502 1205 2575 περὶ
1247 2500 1342 2556 τοῦ
1397 2503 1625 2576 Ἰωσὴφ,
1669 2506 1750 2559 δτι

173 2605 195 2639 ι
236 2588 356 2642 οὐκ
401 2589 696 2658 ἐγίνωσκεν
724 2591 1050 2663 αὖτὴν,·ἒως
1078 2587 1139 2646 οῦ
1179 2592 1333 2650 ἔτεκε
1377 2593 1469 2648 τὸν
1507 2594 1620 2650 υίδν
1661 2596 1751 2649 αύ-

168 2680 272 2750 τῆς
304 2679 398 2733 τὸν
445 2683 787 2753 πρωτότοκον
811 2699 825 2714 ·
883 2702 902 2736 ι
960 2685 1060 2738 οὐκ
1091 2685 1386 2753 ἐγίνωσκεν
1431 2685 1540 2757 γὰρ
1582 2687 1751 2757 αὐτὴν

166 2770 412 2843 ἀληθῶς,
446 2772 552 2836 ἔως
582 2769 641 2828 οῦ
674 2774 825 2828 ἔτεκε
871 2775 960 2828 τὸν
995 2776 1105 2829 υἱὸν
1138 2776 1310 2847 αὐτῆς
1342 2777 1436 2831 τὸν
1479 2779 1753 2850 πρωτότο·

167 2880 292 2918 κον.
330 2865 477 2929 Ἕως
516 2859 576 2920 οὗ
606 2868 638 2937 ἡ
674 2866 950 2938 Παρθένος
996 2869 1280 2939 ὲκυοιρόρει
1315 2868 1415 2939 (5).
1443 2870 1545 2923 οὐκ
1584 2869 1754 2939 ἐγνώ-

172 2955 326 3027 ριζεν
358 2954 529 3027 αὐτὴν
560 2956 590 3008 6
627 2957 823 3029 Ἰωσήφ
842 2973 855 2987 ·
891 2958 991 3012 ούκ
1027 2959 1162 3030 ᾔδει,
1192 2959 1245 3012 τί
1274 2960 1334 3013 τὸ
1362 2961 1421 3014 ὲν
1446 2960 1582 3032 αὐτῇ
1607 2977 1621 2991 ·
1653 2962 1754 3017 οὐκ

169 3047 312 3119 ᾔδει,
341 3048 398 3100 τί
442 3047 505 3101 τό
534 3050 1091 3120 πραγματευόμενον·
1123 3050 1224 3104 οὐκ
1268 3051 1403 3122 ⁴ᾔδει,
1451 3051 1505 3104 τί
1546 3051 1608 3104 τὸ
1655 3068 1754 3105 κα-

166 3137 646 3209 τασκευαζόμενον
664 3156 681 3171 ·
727 3139 885 3211 μόνον
925 3140 1033 3212 γὰρ
1078 3140 1253 3205 ἔτεκε,
1300 3140 1394 3195 καὶ
1431 3140 1554 3193 τότε
1585 3139 1753 3209 ἐγνώ-

173 3247 296 3301 ρισε
318 3246 333 3260 ·
373 3230 499 3284 τότε
531 3230 672 3299 ἔγνω
703 3233 732 3285 6
771 3231 968 3302 Ἰωσὴφ
994 3230 1079 3296 τίς
1114 3230 1188 3303 (6)
1217 3227 1285 3303 ἦν
1313 3232 1347 3302 ή
1388 3230 1613 3302 δύναμις
1651 3232 1751 3301 τῆς

1857 2040 2263 2110 Primogenitus
2291 2048 2375 2095 est
2402 2037 2573 2094 Filius
2602 2053 2669 2094 ex
2697 2038 2952 2101 mortuis,
2994 2050 3061 2092 ex
3091 2034 3249 2091 Patre
3272 2043 3325 2090 et
3356 2049 3424 2090 ex

1854 2133 2097 2206 Virgine,
2154 2143 2212 2188 ut
2260 2147 2357 2203 per
2406 2131 2591 2186 omnia
2646 2130 2809 2185 unica
2856 2129 3131 2185 ﬁliationis
3184 2129 3423 2199 dignitas

1854 2233 2260 2299 agnosceretur.
2306 2223 2757 2295 lncomparabilis
2798 2231 2978 2278 autem
3014 2229 3098 2278 est
3143 2221 3424 2276 Dominica

1852 2320 2034 2391 proles
2061 2337 2073 2373 :
2099 2333 2224 2372 nam
2258 2315 2348 2370 ubi
2380 2323 2554 2371 mater
2581 2312 2769 2386 Virgo,
2795 2328 3030 2385 quanam
3063 2313 3272 2367 ratione
3296 2327 3424 2382 pro-

1853 2411 1933 2465 les
1955 2406 2300 2480 explicatur?
2319 2406 2582 2461 Similiter
2604 2405 2755 2476 quod
2782 2402 3116 2473 evangelista
3136 2400 3423 2455 Matthaeus

1852 2502 1919 2558 de
1951 2501 2189 2573 Josepho
2220 2500 2368 2555 dicat
2406 2518 2420 2554 :
2466 2519 2486 2551 ι
2508 2500 2632 2555 Non
2665 2498 3028 2570 cognoscebat
3064 2512 3216 2559 eam,
3249 2494 3421 2550 donec

1853 2593 2060 2665 peperit
2087 2592 2257 2647 ﬁlium
2286 2606 2446 2646 suum
2473 2590 2925 2662 primogenitum.
2958 2607 2977 2641 ι
3006 2587 3125 2643 Non
3152 2588 3311 2658 plane
3326 2600 3422 2640 co-

1851 2683 2145 2755 gnoscebat
2175 2696 2318 2744 eam,
2350 2681 2528 2736 donec
2558 2681 2768 2750 peperit
2819 2679 2987 2733 lilium
3022 2692 3180 2733 suum
3212 2678 3420 2748 primo-

1851 2773 2113 2845 genitum.
2155 2771 2339 2826 Donec
2385 2779 2601 2827 uterum
2647 2767 2818 2840 Virgo
2848 2768 3118 2839 gestabat,
3171 2782 3281 2823 non
3327 2781 3423 2821 co-

1852 2862 2146 2932 poscebat
2193 2874 2314 2915 eam
2371 2857 2570 2928 Joseph
2606 2872 2743 2912 :nec
2795 2857 3002 2911 sciebat
3043 2854 3173 2926 quid
3220 2854 3275 2909 in
3329 2854 3422 2909 illa

1851 2960 2019 3017 esset,
2072 2949 2363 3020 ignorabat
2392 2947 2521 3019 quid
2570 2947 2773 3018 negotii
2803 2954 3101 3018 gereretur,
3137 2944 3422 3016 ignorabat

1851 3038 1982 3109 quid
2020 3044 2419 3108 appararetur:
2453 3044 2618 3107 atque
2646 3043 2777 3089 tunc
2805 3035 2980 3091 solum
3009 3033 3264 3104 cognovit
3294 3047 3420 3089 cum

1850 3131 1942 3185 illa
1969 3129 2181 3200 peperit
2211 3148 2225 3184 :
2253 3137 2385 3185 tunc
2416 3128 2637 3198 agnovit
2667 3125 2867 3197 Ioseph
2898 3141 3145 3196 quaenam
3178 3124 3420 3196 Virginis
3464 3164 3486 3189 .

1849 3230 1997 3278 esset
2028 3221 2227 3284 virtus,
2251 3227 2320 3289 et
2357 3219 2489 3290 quid
2537 3217 2682 3274 Deus
2729 3218 2909 3273 facere
2939 3218 3195 3290 dignatus
3230 3223 3416 3274 esset:

169 3300 478 3387 Παρθένου,
501 3319 597 3372 καὶ
615 3319 668 3372 τί
687 3300 953 3389 γενέσθαι
974 3300 1282 3392 κατηξιώθη
1304 3336 1318 3351 ·
1337 3300 1470 3373 τότε
1493 3300 1651 3388 ἔγνω.
1667 3300 1749 3380 δτι

1857 3318 1983 3366 tunc
2013 3310 2164 3365 novit
2202 3324 2323 3366 eam
2358 3309 2526 3364 ubera
2555 3307 2794 3375 dedisse,
2823 3324 2922 3364 nec
2952 3309 3006 3363 in
3040 3323 3176 3365 vena
3201 3323 3300 3365 sua
3329 3323 3421 3364 ra-

172 3407 348 3476 μαζδν
382 3408 643 3473 ἐπέδωκε,
676 3411 771 3463 καὶ
793 3408 1145 3480 φλεὸοσυλίαν
1175 3409 1273 3480 ούχ
1302 3410 1559 3480 ὑπέμεινε
1585 3426 1599 3440 ·
1626 3411 1751 3464 τότε

169 3497 334 3566 ἔγνω,
367 3498 451 3552 ὅτι
497 3498 831 3569 ἐξελόχευσε,
874 3500 969 3553 καλ⁵
1002 3500 1071 3553 τὰ
1132 3499 1242 3553 τῶν
1275 3498 1446 3571 λοχῶν
1501 3500 1563 3554 ού
1617 3517 1750 3555 κατ-

170 3589 367 3658 ,νόησε
387 3603 402 3618 ·
457 3587 578 3642 τότε
621 3588 782 3657 ἔγνω,
812 3590 892 3642 ὅτι
921 3589 1085 3660 θηλὺν
1110 3592 1365 3662 παρεῖχεν
1393 3592 1426 3663 ή
1453 3591 1752 3663 ἀκρότομος

170 3681 352 3752 πέτρα
392 3683 457 3753 τῇ
501 3684 663 3752 νοητῇ
706 3682 912 3753 πέτρᾳ·
961 3683 1084 3736 τότε
1126 3681 1266 3751 ἔγνω
1311 3685 1339 3736 6
1401 3683 1619 3754 Ἰωσὴφ,
1669 3684 1751 3737 ὅτι

170 3773 305 3843 περὶ
338 3771 510 3840 αὐτῆς
554 3770 791 3843 ἔγραψεν
851 3772 1114 3836 Ἡσαΐας·
1153 3791 1171 3823 ι
1226 3770 1358 3825 Ἰδοὺ
1405 3772 1439 3844 ή
1485 3770 1752 3844 παρθένος

170 3866 233 3918 ὲν
259 3864 459 3935 γαστρὶ
491 3862 625 3928 ἔξει.
666 3883 684 3915 ι
723 3863 821 3917 Διὰ
850 3864 911 3918 τὺ
939 3863 1265 3934 ἀσύγκριτον
1295 3861 1581 3936 τοιγαροῦν
1603 3880 1753 3935 πρω-

169 3957 397 4020 τότοκος
426 3957 456 4009 6
498 3956 728 4026 Ἰησοῦς.
764 3957 827 4011 El
861 3956 918 4010 δὲ
960 3954 1040 4009 δεῖ
1070 3953 1440 4025 ἐπαληθεῦσαι
1480 3953 1556 4026 τῷ
1585 3954 1749 4026 λόγῳ,

168 4049 203 4102 6
249 4047 414 4112 αὐτὸς
451 4048 655 4120 Κύριος
699 4049 794 4102 καὶ
838 4047 1151 4120 Μονογενὴς
1202 4048 1266 4100 ἐκ
1310 4046 1542 4118 Πατρός·
1592 4046 1752 4116 μόνος

171 4137 284 4209 γὰρ
313 4138 382 4190 ὲκ
426 4137 589 4208 μόνου
632 4135 882 4208 ἀνάρχως
909 4135 1266 4205 γεγέννηται·
1300 4132 1330 4184 6
1359 4131 1519 4195 αὐτὸς
1546 4130 1751 4203 Κύριος

170 4230 275 4282 καὶ
305 4226 616 4299 Μονογενής
651 4227 745 4281 καὶ
780 4226 1119 4298 πρωτότοκος
1137 4242 1151 4256 ·
1189 4224 1504 4296 Μονογενὴς
1549 4226 1613 4278 ὲκ
1656 4223 1749 4277 τοῦ

173 4319 415 4391 Πατρὸς,
461 4318 771 4389 Μονογενὴς
815 4320 880 4371 ὲκ
924 4318 1025 4388 τῆς
1091 4316 1314 4388 μητρὸς,
1360 4317 1447 4371 διὰ
1492 4316 1583 4371 τὸν
1627 4316 1751 4387 ὅρον

169 4412 277 4481 τῆς
307 4410 637 4482 οἰκονομίας.
672 4410 823 4480 Ἔχει
853 4409 960 4481 γὰρ
989 4408 1214 4472 πολλοὺς
1245 4408 1530 4479 ἀδελφοὺς,
1560 4408 1622 4462 ού
1646 4407 1748 4477 φύ-

170 4517 282 4564 σει,
308 4496 445 4554 ἀλλά
473 4499 678 4571 χάριτι,
712 4499 806 4552 καὶ
834 4499 892 4552 ὲν
917 4501 984 4569 τῇ
1016 4496 1275 4570 Παρθένῳ
1299 4499 1394 4551 καὶ
1437 4499 1494 4551 ὲν
1532 4496 1610 4568 τῷ
1634 4497 1747 4550 Πα-

1853 3404 2033 3475 pinam
2085 3403 2457 3469 sustinuisse;
2485 3412 2616 3458 tunc
2660 3403 2813 3457 novit
2850 3416 2971 3457 eam
3016 3402 3316 3473 peperisse,
3364 3414 3423 3459 et

1852 3513 1973 3568 qute
2017 3497 2083 3552 ad
2119 3506 2334 3568 partum
2367 3497 2602 3552 attinent
2643 3512 2756 3551 non
2796 3496 3015 3552 novisse
3043 3514 3057 3550 :
3083 3503 3214 3551 tunc
3257 3495 3421 3552 scivit

1852 3588 2145 3643 mamillam
2175 3604 2207 3643 a
2235 3595 2505 3659 praerupta
2538 3595 2712 3658 petra,
2743 3587 3011 3657 spirituali
3042 3596 3209 3656 petra
3235 3587 3418 3650 datam

1852 3678 2021 3735 fuisse
2043 3697 2056 3734 :
2078 3687 2209 3734 tunc
2244 3678 2639 3749 novitJoseph,
2665 3678 2732 3733 de
2759 3678 2847 3732 illa
2871 3677 3064 3733 Isaiam
3093 3679 3417 3748 scripsisse:

1857 3790 1876 3825 ι
1909 3770 2049 3827 Ecce
2115 3771 2270 3842 virgo
2348 3770 2644 3840 concipiet.
2676 3788 2696 3823 ι
2759 3767 3175 3839 lncomparabtli
3236 3768 3424 3838 itaque

1852 3865 2013 3920 modo
2047 3863 2440 3935 primogenitus
2482 3869 2568 3918 est
2598 3844 3051 3927 Jesusfﬂuod—si
3077 3861 3132 3915 in
3166 3858 3244 3915 rei
3275 3859 3423 3915 veris

1852 3964 1962 4011 tate
1983 3955 2130 4025 loqui
2157 3961 2406 4024 Oporteat
2432 3993 2451 4019 ,
2486 3953 2605 4024 ipse
2634 3952 2898 4009 Dominus
2924 3963 2977 4008 et
3005 3950 3328 4024 Unigenitus
3350 3968 3415 4010 ex

1851 4046 2055 4113 Patre;
2088 4045 2252 4117 350
2276 4045 2427 4101 solus
2468 4059 2704 4114 namque
2732 4060 2797 4099 ex
2829 4043 2968 4109 solo,
3007 4043 3127 4099 sine
3152 4043 3424 4115 principio

1851 4147 2014 4194 natus
2052 4146 2136 4194 est
2162 4157 2175 4192 :
2209 4137 2353 4192 idem
2384 4136 2650 4193 Dominus
2679 4143 2734 4192 et
2765 4133 3093 4208 Unigenitus
3123 4144 3178 4192 et
3210 4136 3420 4207 primo.

1850 4229 2104 4299 genitus:
2136 4226 2463 4298 Unigenitus
2512 4243 2580 4282 ex
2611 4226 2794 4291 Patre,
2826 4224 3150 4298 Unigenitus
3191 4242 3258 4283 ex
3299 4241 3421 4282 ma-

1852 4331 1954 4386 tre,
1989 4328 2210 4392 propter
2240 4320 2565 4374 mconomia:
2595 4317 2896 4373 decretum.
2923 4316 3095 4372 Habet
3111 4318 3256 4373 enim
3279 4319 3419 4373 mul.

1851 4423 1937 4470 tos
1976 4412 2197 4478 fratres,
2246 4426 2357 4467 non
2393 4419 2612 4476 natura,
2653 4410 2749 4466 sed
2779 4410 2975 4482 gratia.
3010 4416 3066 4465 et
3109 4408 3165 4464 in
3196 4408 3423 4481 Virgine

1849 4515 1902 4563 et
1940 4507 1995 4561 in
2035 4505 2217 4559 Patre.
2250 4501 2429 4559 Simili
2461 4517 2681 4573 quoque
2709 4501 2872 4558 modo
2924 4501 2979 4556 in
3018 4502 3419 4558 resurrectione

168 4591 287 4664 τρί.
344 4589 574 4662 ὀμοίως
612 4591 707 4643 καὶ
736 4589 794 4643 ὲν
834 4590 901 4660 τῇ
931 4589 1223 4643 ἀναστάσει
1263 4588 1374 4659 ἔχει
1415 4587 1676 4658 ἀδελφοὺς
1721 4590 1749 4642 6

1857 4599 2049 4655 fratres
2076 4598 2240 4652 habet
2265 4595 2530 4652 Dominus
2558 4613 2572 4651 :
2596 4596 2884 4666 ecquinam
2907 4594 3024 4649 illi?
3042 4593 3185 4649 Ante
3204 4609 3416 4664 omnes,

168 4683 413 4755 Κύριος·
477 4684 574 4736 καὶ⁸
618 4681 763 4745 τίνες
812 4675 993 4746 οὗτος
1055 4680 1170 4753 Πρὸ
1227 4683 1444 4735 πάντων
1497 4682 1548 4734 οἱ
1603 4682 1748 4751 ἅγιοι

169 4775 483 4841 ἀπόστολοι,
530 4773 667 4846 πρὸς
717 4772 811 4838 οὓς
854 4774 884 4827 6
934 4772 1135 4844 Κύριος
1169 4772 1309 4844 ἔφη·
1369 4791 1388 4825 ι
1439 4773 1747 4846 Πορεύομαι

172 4868 313 4941 πρὸς
338 4868 431 4921 τὸν
460 4867 679 4939 Πατέρα
705 4882 829 4938 μου,
858 4866 953 4920 καὶ
968 4864 1185 4936 Πατέρα
1221 4864 1401 4936 ὑμῶν·
1436 4883 1455 4917 ι
1496 4864 1631 4935 πρὸς
1656 4863 1749 4927 οὒς

169 4963 204 5016 6
234 4960 436 5032 Κύριος
466 4960 570 5031 ἔφη
593 4974 607 4988 ·
643 4978 662 5011 ι
717 4959 908 5030 Ὑμεῖς
937 4957 1017 5023 δὲ,
1047 4957 1492 5031 προσευχόμενοι,
1527 4957 1712 5025 λέγετε
1733 4972 1747 4986 ·

169 5053 358 5123 Πάτερ
398 5052 555 5123 ἡμῶν
594 5053 625 5106 6
668 5052 727 5104 ὲν
771 5054 883 5114 τοῖς
915 5051 1163 5122 οὐρανοῖς
1196 5050 1293 5121 (7),
1337 5048 1652 5120 ἁγιασθήτω
1693 5049 1755 5101 τὸ

170 5146 353 5216 ὄνομα
382 5161 501 5209 σου,
552 5159 572 5196 ι
616 5145 675 5197 ὲν
695 5141 917 5215 Χριστῷ
957 5140 1131 5216 Ἰησοῦ
1173 5141 1252 5212 τῷ
1280 5141 1467 5213 Κυρίῳ
1497 5139 1674 5212 ήμῶν,
1704 5132 1751 5208 ᾧ

172 5243 210 5309 ἡ
258 5238 386 5305 δόξα
433 5239 527 5291 καὶ
567 5236 632 5291 τὸ
687 5237 888 5312 κράτος
933 5235 1028 5289 νῦν
1068 5236 1163 5289 καὶ
1203 5234 1311 5297 ἀεὶ,
1361 5234 1455 5289 καὶ
1498 5234 1578 5297 εις
1622 5233 1749 5303 τοὺς

172 5328 380 5392 αἰῶνας
409 5327 519 5381 τῶν
550 5326 781 5382 αἰώνων.
823 5326 1018 5396 Ἀμήν.

1853 4689 2028 4746 sancti
2060 4686 2315 4759 apostoli,
2362 4686 2566 4758 quibus
2600 4684 2866 4740 Dominus
2895 4685 3027 4739 dicit
3059 4702 3072 4739 :
3102 4703 3121 4736 ι
3157 4681 3308 4739 Vado
3348 4685 3419 4747 ad

1853 4781 2070 4836 Patrem
2117 4794 2297 4834 meum
2341 4786 2396 4834 et
2424 4776 2639 4833 Patrem
2673 4784 2914 4832 vestrum
2932 4775 3007 4842 ";
3037 4795 3055 4829 ι
3089 4774 3293 4846 quibus
3319 4773 3422 4831 Do-

1855 4872 2039 4928 minus
2078 4872 2192 4927 ait:
2223 4890 2243 4923 ι
2279 4869 2391 4925 Vos
2420 4877 2603 4926 autem
2646 4885 2771 4925 cum
2798 4868 2990 4933 oratis,
3021 4868 3225 4924 dicite:
3257 4866 3423 4924 Pater

1857 4970 2063 5030 noster,
2086 4962 2177 5033 qui
2195 4977 2255 5018 es
2272 4961 2326 5016 in
2343 4961 2518 5027 ctelis,
2536 4959 2906 5017 sanctiﬁcetur
2925 4975 3120 5015 nomen
3136 4960 3365 5025 tuum“,
3391 4976 3413 5012 ι

1859 5054 1914 5109 in
1951 5053 2173 5111 Christo
2198 5052 2328 5109 Jesu
2349 5051 2579 5110 Domino
2607 5061 2818 5118 nostro,
2855 5052 2944 5107 cui
2965 5052 3137 5124 gloria
3165 5059 3220 5107 et
3248 5052 3420 5122 lmpe~

1854 5144 1995 5199 rium
2040 5160 2187 5200 nunc
2224 5153 2278 5202 et
2324 5158 2559 5215 semper,
2606 5153 2663 5200 et
2709 5145 2766 5200 in
2819 5143 3020 5200 saecula
3069 5140 3415 5207 saeculorum.

1853 5235 2052 5294 Amen.

247 5483 291 5514 "
329 5434 637 5545 Coloss.'t.
672 5480 760 5537 l5.
833 5478 1063 5539 "Joan.
1123 5479 1329 5546 “.17.
1423 5478 1470 5511 "
1506 5477 1693 5535 Matth.
1724 5494 1814 5538 vt.
1845 5477 1899 5540 9.
1938 5476 2024 5534 10.

248 5633 324 5706 (5)
357 5630 674 5706 eoin-1.3.
715 5629 946 5706 ὀμοίως
962 5633 1070 5706 γάρ

247 5705 327 5779 μ)
350 5702 508 5779 Qolb.
531 5701 584 5779 l_,
604 5700 676 5779 2,_
705 5700 1067 5779 πρωτοτόκων
1101 5703 1427 5779 ἀσύγκριτός
1465 5706 1579 5759 ἐστι
1610 5705 1745 5779 πρὸς

175 5771 319 5847 ωὗςζ
335 5773 486 5847 “@995
518 5771 853 5847 τῷν.ἀν9’ρὼ·
874 5774 950 5847 Οὐ
987 5773 1067 5827 δεῖ
1092 5774 1221 5847 γάρ·

250 5844 329 5920 (5)
362 5843 519 5900 ροιι).
553 5843 604 5906 1,
630 5840 686 5910 2,
712 5840 1023 5921 ἀπεκύησεν

2030 5629 2119 5709 ξίι·
2140 5631 2301 5709 galli.
2322 5632 2369 5709 l_.
2386 5630 2442 5709 ⁴Ξζ
2467 5629 2743 5709 Εειρξξωσ.
2760 5630 2859 5701 τὴν
2874 5626 3149 5709 Παρθένον
3173 5628 3280 5709 τίς,
3313 5637 3421 5709 etc:

1922 5702 1998 5784 (.7)
2030 5703 2104 5784 Ita
2132 5703 2288 5784 (ξομ).
2322 5703 2381 5784 ρ,
2410 5702 2465 5758 2.
2504 5700 2823 5784 [Edi‘ti‘vero’
2842 5700 3242 5784 sic,.’obpavo§5'
3274 5700 3421 5778 αὐτῷ

1851 5766 2105 5861 negaretur;
2128 5773 2284 5861 δόξα,
2321 5766 2442 5859 ᾄμα,
2466 5772 2541 5843 τῷ
2570 5770 2704 5853 Υίῷ.ἲ
2735 5771 2835 5861 καὶ.
2858 5771 2998 5846 ἁγίῳ
3044 5766 3142 5828 καὶ
3169 5766 3429 5853 {uomuit

1851 5844 2015 5903 αὑτοῦ
2044 5844 2339 5925 Πνεύματι,
2366 5844 2623 5912 πάντοτε,
2644 5844 2758 5914 νῦν,
2790 5852 2893 5907 etc.

3086 5948 3130 5955 ο..
