4022 6382
536 342 648 401 959
1523 403 1530 409 θ
1647 364 1649 366 ·
1691 340 1745 396 8.
1788 337 2248 395 ATHANASIUS.
2289 368 2358 379 -—-
2397 336 2627 394 DUBIA.
3689 341 3783 398 960

1236 645 1304 700 ΙΝ
1347 643 1724 700 SERMONEM
1763 643 1848 697 DE
1887 642 2309 700 NATIVITATE
2346 641 2624 699 CHRISTI
2666 642 2984 701 MONITUM

615 785 774 840 Haud
799 787 876 837 ita
903 782 1102 852 pridem
1135 797 1422 836 sermonem
1450 781 1514 835 de
1553 779 1845 834 Nativitate
1874 778 2074 834 Christi
2115 796 2182 835 ex
2212 779 2510 835 Barociano
2549 779 2746 843 codice,
2785 795 2883 833 sua
2913 795 3072 832 manu
3108 780 3456 848 exscriptum,
3492 783 3780 834 transmisit

543 881 691 933 nobis
745 880 822 932 vir
855 878 1190 932 doctissimus
1220 874 1452 929 Iacobus
1503 873 1643 938 Mill,
1677 874 1991 943 principalis
2027 874 2236 943 collegii
2267 874 2602 942 Oxoniensis,
2643 875 2795 942 cujus
2831 874 3094 943 prolixam
3129 891 3255 945 erga
3307 892 3402 929 nos
3443 877 3775 940 uoluntatem,

541 976 694 1044 inque
725 973 915 1027 studiis
957 973 1149 1026 nostris
1181 971 1542 1040 promovendis
1573 969 1892 1023 desiderium
1930 987 2032 1023 non
2062 969 2220 1024 semel
2254 970 2451 1038 experti
2483 985 2685 1023 sumus.
2725 967 3000 1022 Indicarat
3031 969 3140 1037 ipse
3168 969 3319 1023 nobis
3356 970 3407 1023 in
3442 969 3671 1040 quodam
3704 987 3778 1024 εο-

539 1068 652 1121 dice
689 1067 1012 1120 Barocciano
1044 1074 1143 1118 tres
1161 1075 1368 1119 exstare
1389 1064 1634 1118 homilias
1660 1064 1951 1118 Athanasio
1970 1063 2271 1118 attributas.
2291 1063 2710 1134 Rogantibusque
2743 1073 2800 1117 ut
2827 1081 3008 1118 earum
3033 1064 3180 1118 nobis
3199 1067 3402 1132 copiam
3435 1065 3654 1134 faceret,
3676 1065 3778 1119 hate

545 1161 634 1214 ille
674 1161 937 1220 rescripsit
980 1173 998 1210 :
1031 1157 1292 1214 llomilias
1318 1159 1384 1213 de
1414 1158 1703 1212 Nativitate
1733 1156 1934 1212 Christi
1957 1157 2102 1227 quod
2130 1164 2362 1228 spectat,
2400 1165 2618 1212 exstant
2646 1157 2763 1212 istae
2784 1173 2974 1213 omnes
3004 1157 3059 1212 in
3091 1158 3388 1227 exemplari
3424 1158 3519 1211 illo
3564 1174 3668 1212 ms.
3697 1159 3777 1212 cui

545 1263 798 1321 acceptas
833 1251 1045 1320 pridem
1081 1249 1230 1305 dedit
1279 1251 1350 1304 cl.
1388 1248 1704 1305 Ilolstenius
1732 1249 1988 1305 homilias
2015 1264 2154 1319 quas
2199 1249 2254 1303 in
2291 1256 2498 1303 tomum
2524 1247 2563 1300 ll
2611 1247 2845 1318 Operum
2893 1248 3176 1303 Athanasii
3216 1248 3283 1301 ad
3315 1247 3474 1301 ﬁnem
3509 1246 3778 1315 conjeclas

539 1348 720 1404 vides.
749 1345 966 1421 Prima),
998 1346 1157 1415 cujus
1200 1345 1570 1415 apographum
1609 1345 1812 1415 petitis,
1845 1359 1972 1414 pars
2001 1345 2127 1414 prim

2192 1359 2349 1413 isque
2392 1343 2458 1398 ad
2487 1343 2652 1398 verba
2691 1343 2815 1407 ista,
2837 1345 2930 1397 καὶ
2956 1345 3004 1397 el
3028 1343 3210 1416 βούλῃ,
3235 1343 3534 1414 ἐρώτησον,
3567 1351 3694 1406 etc.,
3719 1359 3780 1397 ex

541 1441 766 1496 homilia
789 1440 1020 1509 quadam
1048 1447 1308 1509 excerpta
1341 1447 1425 1494 est
1453 1439 1694 1510 (rejectis
1728 1439 1856 1492 hinc
1890 1439 2017 1493 inde
2047 1439 2296 1509 plurimis
2317 1453 2415 1508 pro
2441 1438 2668 1510 arbitrijo
2693 1438 3057 1507 deﬂoratoris)
3079 1454 3244 1510 quam
3275 1440 3377 1494 sub
3407 1438 3780 1510 Chrysostomi

541 1529 766 1584 nomine
793 1529 934 1582 inter
965 1528 1456 1599 ἀμφισϐητούμενα
1486 1544 1514 1581 a
1563 1527 1767 1581 Savilio
1800 1529 2106 1598 evulgatam
2153 1529 2321 1584 habes
2354 1537 2504 1583 tomo
2532 1527 2598 1595 V,
2624 1527 2857 1599 'quaaque
2886 1530 3094 1600 jamdiu
3139 1529 3534 1586 Chrvsostomo
3573 1531 3781 1600 adjudi-

545 1629 666 1676 cata
717 1629 804 1677 est
846 1637 875 1674 a
907 1620 1110 1692 Cyrillo
1161 1621 1552 1683 Alexandrino,
1604 1621 1744 1675 libro
1773 1622 1856 1674 Ad
1896 1621 2144 1691 Reginus.
2195 1620 2424 1691 Reliqua
2465 1623 2670 1686 omnia,
2712 1622 2833 1677 luce
2879 1631 3141 1693 quantum
3181 1622 3339 1678 video
3383 1638 3496 1676 non
3546 1623 3780 1693 indigna.

547 1713 767 1768 aliunde
816 1713 1101 1782 desumpta
1133 1721 1276 1768 sunt.
1317 1712 1605 1767 Homiliam
1636 1713 1901 1784 integram
1949 1713 2093 1769 dedi.
2128 1713 2378 1769 Secunda
2408 1715 2630 1769 homilia
2662 1715 2730 1770 de
2759 1713 3050 1769 Nativitate
3075 1713 3304 1777 Christi,
3348 1715 3559 1784 integra
3590 1714 3694 1768 sub
3722 1713 3785 1767 ti-

547 1806 664 1864 tulo
699 1803 1076 1878 Chrysostomi
1125 1812 1306 1859 exstat
1351 1805 1404 1858 in
1440 1814 1588 1859 tomo
1619 1803 1685 1867 ν,
1725 1821 1789 1860 ex
1839 1805 2075 1860 editione
2121 1804 2416 1862 Frontonis
2447 1806 2623 1861 Ducaai
2659 1808 2805 1862 hom.
2835 1807 2923 1870 51,
2963 1814 3022 1860 ut
3056 1814 3109 1861 et
3141 1806 3298 1861 tertia
3345 1815 3476 1861 tom.
3513 1804 3555 1857 ν
3589 1803 3775 1866 Savil..

547 1902 784 1973 praeﬁxis
813 1901 1075 1956 duntaxat
1105 1899 1225 1956 istis
1258 1900 1436 1954 verbis
1466 1919 1478 1953 :
1507 1900 1559 1952 τί
1613 1899 1771 1953 τοῦτο
1805 1903 2027 1972 σημεῖον
2068 1902 2135 1955 ἀν

2198 1903 2513 1972 λεγόμενον;
2547 1901 2673 1956 Haec
2700 1903 2784 1955 vir
2815 1902 3162 1956 clarissimus.
3196 1899 3378 1954 Prima
3411 1901 3589 1969 itaque
3626 1897 3786 1951 homi-

549 1995 644 2057 lia,
673 2009 812 2062 quw,
840 2003 895 2046 ut
918 1993 1075 2058 probe
1105 1995 1308 2046 monuit
1331 1993 1458 2061 ipse,
1480 1992 1646 2046 multa
1668 1994 1823 2063 refert
1853 1995 2000 2048 initio
2031 2011 2095 2050 ex
2117 2013 2350 2051 sermone
2379 1998 2432 2050 in
2465 1996 2811 2049 Nativitatem
2843 1994 3063 2055 Christi,
3095 2011 3217 2048 cuso
3246 1995 3298 2048 in
3332 1993 3374 2046 V
3395 2003 3526 2046 tom.
3565 1991 3784 2061 Operam

547 2090 907 2160 Chrysostomi
937 2105 1001 2142 ex
1031 2089 1257 2143 editione
1289 2086 1475 2142 Savilii
1503 2106 1556 2158 p.
1596 2089 1722 2153 846,
1759 2092 1896 2145 inter
1926 2092 2135 2162 ἀμφιὸα

2196 2093 2395 2164 .όμενσ.,
2431 2092 2561 2152 Ιιανε,
2596 2092 2834 2160 inquam,
2860 2091 3096 2154 homilia,
3131 2090 3254 2158 quia
3285 2088 3512 2156 exceptis
3536 2085 3784 2140 clausulis

546 2181 813 2235 nonnullis
838 2181 932 2234 sub
967 2183 1174 2235 initium
1211 2181 1333 2236 hinc
1362 2181 1482 2235 inde
1523 2182 1808 2250 dispersis,
1847 2184 1956 2236 alia
1998 2185 2209 2238 omnino
2252 2193 2328 2238 est
2359 2183 2424 2236 ab
2461 2183 2557 2236 illa
2589 2182 2884 2246 Saviliana,
2918 2182 3115 2235 idcirco
3163 2181 3246 2234 hic
3287 2181 3428 2234 inter
3458 2178 3785 2247 supposilitia

547 2276 716 2328 locum
742 2275 893 2330 habet
921 2293 938 2330 :
965 2294 1088 2331 nam
1119 2294 1183 2332 ne
1214 2278 1478 2345 suspicari
1502 2278 1704 2348 quidem
1735 2278 1852 2332 licet
1884 2295 2002 2332 eam
2028 2296 2138 2334 esse
2168 2279 2446 2333 Athanasii
2472 2295 2488 2332 :
2517 2295 2637 2332 cum
2665 2278 2862 2348 liquido
2894 2287 3088 2331 constet
3122 2277 3285 2346 fuisse
3306 2276 3455 2329 illam
3481 2291 3546 2328 ex
3574 2275 3787 2327 lauda“

545 2365 908 2434 Chrysostomi
937 2369 1156 2422 homilia
1189 2370 1252 2423 de
1280 2369 1572 2423 Nativitate
1603 2378 1936 2436 excerptum:
1976 2387 2156 2441 quam,
2192 2380 2247 2424 ut
2283 2371 2486 2425 erudite
2520 2370 2746 2426 advertit
2786 2371 2862 2424 oir
2895 2370 3244 2432 clarissimus,
3290 2369 3666 2438 Chrysostomo
3693 2366 3784 2419 ad-

542 2457 888 2522 judicandam
928 2462 1114 2514 suadet
1162 2461 1418 2532 Cyrillus,
1467 2464 1556 2532 qui
1587 2480 1702 2518 eam
1756 2476 1812 2516 ut
1854 2463 2214 2535 Chrysostomi
2245 2466 2407 2534 {etum
2449 2475 2704 2521 memorat
2746 2467 2800 2519 in
2833 2465 2965 2518 libro
2990 2468 3107 2526 ταῖς
3138 2462 3484 2525 Βασιλίσσαις
3515 2461 3779 2527 inscripto,

548 2549 712 2616 p.50,
747 2552 834 2604 ubi
863 2553 975 2621 ejus
1002 2554 1353 2624 fragmentum
1385 2574 1487 2611 non
1531 2558 1792 2612 modicum
1817 2560 1992 2627 a/fert.
2029 2558 2265 2614 Secunda
2295 2577 2412 2632 qua:
2440 2562 2576 2616 inter
2624 2561 2986 2631 Chrysostomi
3019 2558 3188 2626 Opera
3219 2557 3441 2610 habetur
3471 2557 3524 2609 in
3566 2555 3787 2609 editione

551 2639 838 2698 Frontonis
868 2645 1049 2701 Ducazi
1093 2665 1307 2703 numero
1349 2651 1438 2713 5|,
1474 2667 1528 2720 p.
1553 2652 1678 2715 “7,
1708 2661 1756 2706 et
1797 2655 1952 2706 tertia
1977 2671 2094 2723 qua:
2133 2655 2272 2707 inter
2298 2654 2533 2724 ejusdem
2566 2654 2929 2728 Chrysostomi
2961 2651 3132 2720 Opera
3173 2658 3438 2718 comparet
3476 2649 3529 2699 in
3571 2645 3787 2699 editione

553 2737 770 2807 Savilii,
806 2751 932 2795 tom.
975 2743 1036 2809 V,
1061 2761 1112 2812 p.
1147 2746 1269 2804 851.
1303 2763 1419 2800 cum
1443 2749 1496 2800 in
1518 2748 1630 2802 solo
1661 2748 1959 2802 Barociano
1993 2751 2170 2803 codice
2199 2752 2441 2820 legantur
2470 2752 2678 2804 nomine
2721 2748 3022 2811 Athanasii,
3056 2761 3119 2801 ex
3166 2744 3350 2798 mendo
3387 2751 3515 2810 puta
3543 2739 3785 2811 quodam,

552 2833 790 2901 aliasque
821 2835 874 2887 in
904 2834 1058 2889 editis
1099 2845 1149 2889 et
1177 2837 1445 2891 codicibus
1473 2842 1596 2891 bene
1645 2840 1825 2892 multis
1856 2851 2059 2894 exstent
2087 2840 2452 2911 Chrysostomi
2481 2844 2707 2902 nomine.
2741 2844 2795 2895 in
2839 2840 3063 2894 editione
3103 2839 3337 2908 ejusdem
3367 2835 3728 2907 Chrysostomi
3760 2851 3790 2887 a

555 2927 704 2982 nobis
733 2929 1043 2984 adornanda
1075 2943 1388 3000 reponentur
1416 2949 1434 2986 :
1459 2934 1648 3003 ibique,
1678 2935 1784 2988 Deo
1815 2936 2047 2999 iuvante,
2077 2936 2202 3006 quid
2228 2937 2291 2991 de
2326 2938 2434 2992 illis
2467 2938 2795 2992 sentiendum
2828 2935 3184 3005 indagabitur.

626 3021 912 3092 Propalam
947 3035 1118 3078 autem
1143 3035 1220 3081 est
1249 3027 1384 3081 hanc
1407 3045 1562 3099 quam
1580 3029 1811 3093 edimus,
1836 3041 1951 3099 post
1979 3030 2216 3086 Nestorii
2243 3049 2410 3088 wvum
2434 3036 2806 3102 conscriptam,
2832 3050 2921 3087 seu
2943 3032 3114 3100 potius
3145 3027 3569 3082 consarcinatum
3591 3024 3784 3094 fuisse:

551 3127 617 3165 ex
656 3112 720 3165 iis
750 3114 948 3168 scilicet
994 3132 1109 3186 quae
1154 3133 1248 3185 pro
1295 3120 1581 3172 asserenda
1629 3136 1747 3174 voce
1783 3121 2042 3184 Θεοτόκος
2083 3120 2351 3177 dicuntur.
2393 3121 2852 3178 Commonstratur
2893 3123 3032 3175 enim
3075 3119 3137 3174 Β.
3174 3117 3440 3187 Virginem
3493 3132 3596 3170 non
3639 3112 3786 3167 modo

553 3205 834 3275 Θεοδόχον,
866 3223 1040 3261 verum
1070 3211 1231 3263 etiam
1261 3212 1519 3266 Θεοτόκον
1547 3230 1675 3268 esse.
1707 3214 1776 3266 At
1807 3214 1954 3268 nulla
1984 3225 2095 3267 erat
2119 3233 2141 3270 ο

2202 3233 2226 3269 o
2249 3215 2528 3270 Athanasii
2547 3220 2608 3270 de
2633 3233 2749 3270 voce
2769 3217 3022 3277 Θεοτόκος
3056 3211 3426 3273 controversia,
3447 3225 3564 3279 qua:
3594 3207 3790 3262 demum

556 3293 796 3352 Nestorii
847 3309 1070 3370 tempore
1114 3313 1254 3358 mota
1279 3305 1398 3374 fuit.
1436 3305 1790 3372 Quamobrem
1817 3325 1907 3362 nec
1939 3308 2220 3364 Athanasii
2249 3326 2380 3375 esse,
2414 3327 2504 3364 nec
2533 3320 2652 3364 ante
2683 3307 2984 3364 Nestorium
3011 3306 3266 3377 prodiisse
3296 3305 3515 3359 videtur.

1627 3627 1762 3681 ΤΟΥ
1799 3629 1887 3681 ΕΝ
1926 3629 2144 3682 ΑΓΙΟῘΣ
2180 3630 2450 3684 ΠΑΤΡΟΣ
2484 3632 2682 3685 ΙὶΜΩΝ

1883 3793 2518 3882 ΑΘΑΝΑΣΙΟΥ

1537 3974 1664 4027 ΕΙΣ
1715 3975 1858 4028 ΤΗΝ
1891 3972 2464 4056 ΓΕΝΝΗΣΙΝΙΤΟΥ
2515 3974 2840 4028 ΧΡΙΣΤΟΥ.

1556 4253 1652 4345 S.
1727 4255 1830 4343 P.
1915 4257 2031 4346 N.
2127 4255 2770 4347 ATHANASII

1707 4465 1795 4522 IN
1836 4465 2364 4524 NATIVITATEM
2402 4430 2727 4523 cuius“.

2122 4607 2198 4624 ξ

629 4683 682 4736 ί.
723 4680 1037 4753 Mysterium
1062 4680 1220 4736 video
1242 4697 1462 4746 novum,
1482 4684 1615 4741 solis
1638 4685 1759 4742 loco
1779 4688 1948 4742 solem
1961 4688 2125 4757 justi-
2152 4699 2199 4755 Α

2299 4689 2350 4743 1.
2377 4689 2688 4760 Μυστήριον
2709 4687 2856 4754 ξένον
2882 4686 3082 4758 βλέπω,
3102 4689 3218 4741 ἀντὶ
3243 4687 3392 4758 ἡλίου
3419 4687 3508 4740 τὸν
3529 4689 3676 4758 ἥλιον
3699 4687 3790 4757 τῆς

560 4775 648 4828 tia:
670 4773 724 4827 in
765 4772 1043 4843 Virginem
1085 4775 1292 4838 venire,
1320 4775 1798 4848 incircumscripto
1832 4780 2014 4834 modo.
2046 4779 2125 4836 Ne

2227 4779 2573 4850 δικαιοσύνης
2620 4781 3047 4852 ἀπεριγράπτως
3080 4780 3403 4850 χωρήσαντα
3433 4781 3490 4832 ὲν
3537 4782 3603 4850 τῇ
3651 4780 3791 4848 Παρ-

559 4879 741 4934 quaare
763 4863 1056 4934 quomodo,
1083 4865 1178 4920 ubi
1201 4864 1312 4921 Deo
1340 4867 1411 4922 ita
1437 4869 1636 4937 placet.
1671 4877 1963 4940 superatur
1989 4873 2124 4927 ordo

2229 4873 2542 4943 OévqinKai
2573 4872 2646 4943 μὴ
2681 4872 2833 4943 ζήτει
2866 4871 3013 4935 πῶς·
3048 4873 3182 4924 ὅπου
3211 4870 3319 4944 γὰρ
3351 4871 3480 4934 Θεὸς
3531 4869 3787 4940 βούλεται,

561 4962 792 5008 naturae.
820 4952 1063 5024 Namque
1085 4955 1276 5019 voluit,
1315 4959 1512 5026 potuit,
1534 4957 1837 5022 descendit,
1871 4960 2122 5015 redemit.

2233 4967 2438 5018 νικᾶται
2469 4964 2680 5033 φύσεως
2709 4963 2878 5027 τάξις.
2907 4963 3208 5034 Ἦϐουλὴθη
3238 4962 3366 5034 γὰρ,
3390 4962 3646 5034 ἠδυνήθη,
3664 4979 3789 5014 κατ-

526 5070 536 5076 -
564 5043 682 5097 ιτηει
711 5047 1022 5100 concurrite
1043 5046 1258 5099 omnia:
1277 5045 1420 5102 Deus
1435 5048 1528 5117 qui
1554 5049 1772 5104 exsistit
1790 5056 1845 5105 et
1867 5051 2114 5120 ιιι-ωοιεί-

2227 5053 2407 5122 ἧλθεν,
2470 5052 2662 5106 ἔσωσε.
2698 5052 3035 5124 Συνδράμετε
3077 5053 3285 5106 πάντα·
3315 5052 3449 5112 Θεὸς
3493 5053 3728 5122 σήμερον
3766 5053 3793 5102 ὁ

562 5138 680 5202 stit,
705 5137 863 5193 hodie
883 5138 936 5192 id
955 5137 1186 5192 eﬂicitur
1199 5139 1343 5208 quod
1363 5155 1469 5194 non
1493 5149 1610 5194 erat
1631 5160 1644 5194 :
1664 5156 1788 5195 cum
1818 5143 1963 5197 enim
1985 5142 2125 5198 Deus

2228 5144 2304 5196 ὢν
2331 5146 2422 5198 καὶ
2449 5143 2630 5217 προὼν
2657 5145 2863 5212 γίνεται
2892 5146 3026 5217 ὅπερ
3045 5145 3144 5199 οὐκ
3171 5141 3240 5216 ἦν
3258 5162 3270 5174 ·
3303 5143 3378 5198 ὢν
3405 5143 3509 5215 γὰρ
3540 5145 3693 5208 Θεὸς,
3721 5144 3794 5211 γι-

561 5235 728 5288 esset,
752 5227 913 5281 homo
930 5227 1177 5292 efﬁcitur,
1195 5243 1297 5283 nec
1321 5237 1496 5284 cessat
1513 5245 1638 5286 esse
1654 5230 1818 5287 Deus.
1836 5231 1947 5287 Nec
1966 5248 2124 5287 exce-

2233 5249 2382 5286 νεται
2419 5233 2724 5306 ἄνθρωπος,
2775 5235 2874 5286 οὐκ
2919 5234 3114 5298 ἐκστὰς
3159 5235 3253 5287 τοῦ
3286 5230 3424 5286 εἶναι
3461 5234 3609 5297 Θεὸς.
3662 5231 3794 5288 Οὔτε

383 5343 527 5414 /
564 5315 702 5414 dens
716 5317 915 5374 deitate
929 5320 1091 5374 homo
1105 5319 1284 5374 factus
1299 5330 1409 5387 est;
1429 5336 1604 5391 neque
1625 5338 1817 5378 rursus
1829 5337 1895 5377 ex
1914 5323 1971 5377 hc

2234 5323 2341 5393 γὰρ
2382 5328 2501 5380 κατ’
2531 5325 2784 5380 ἔκστασιν
2818 5325 3071 5396 θεότητος
3093 5326 3312 5394 γέγονεν
3338 5324 3643 5394 ἄνθρωπος,
3676 5322 3792 5378 οὔτε

567 5405 840 5472 profectus
878 5417 931 5462 et
984 5417 1178 5463 auctus
1224 5407 1368 5466 Deus
1419 5418 1503 5465 est
1533 5410 1792 5477 ell'ectus;
1844 5412 1938 5468 sed
1989 5411 2122 5466 Ver-

2233 5415 2396 5469 πάλιν
2431 5417 2488 5481 ἐξ
2523 5415 2856 5488 ’ἀνθρώπων
2894 5415 3034 5469 κατὰ
3083 5417 3362 5487 προκοπὴν
3404 5415 3593 5484 γέγονε
3635 5415 3789 5476 Θεός⁸

570 5491 699 5545 bum
743 5508 865 5548 cum
914 5505 1090 5563 esset,
1139 5498 1369 5568 ideoque
1420 5499 1774 5568 impatibilis,
1822 5499 1996 5555 iactus
2043 5508 2128 5554 est

2232 5503 2365 5558 ἀλλὰ
2387 5506 2556 5574 Λόγος
2593 5506 2690 5570 ὢν,
2716 5506 2802 5559 διὰ
2827 5505 2984 5560 τοῦτο
3011 5505 3222 5578 ἀπαθὴς
3261 5506 3481 5574 γέγονεν
3496 5506 3793 5578 ἄνθρωπος.

571 5582 735 5635 homo
756 5623 770 5646 ,
815 5594 1008 5639 natura
1038 5595 1388 5656 permanente
1421 5589 1725 5643 immutata.
1774 5589 1951 5660 Atque
1989 5606 2130 5644 πονο

2231 5595 2605 5666 ἀμεταϐλήτου
2625 5640 2637 5646 -
2657 5597 2921 5666 μενούσης
2955 5597 3054 5665 τῆς
3102 5595 3331 5665 φύσεως.
3365 5597 3472 5649 Καὶ
3520 5595 3672 5664 ξένην
3707 5595 3794 5648 καὶ

570 5683 629 5734 ct
669 5673 813 5729 invio
850 5691 1166 5749 prostessus
1217 5678 1442 5746 itinere,
1501 5696 1566 5736 ex
1622 5681 1742 5735 alvo
1792 5679 1989 5751 prodiit
2044 5681 2130 5739 in-

2235 5685 2432 5757 ἀτριϐῆ
2503 5685 2722 5755 βαδίσας
2786 5687 2942 5750 ὁδὸν,
3014 5688 3070 5753 ἐξ
3137 5687 3482 5758 ἀγεωργήτου
3565 5685 3795 5761 προῆλθε
