  <div class='ocr_page' id='page_1' title='image "/cluster/home/n/w/nwhite01/storage/ocr_20150623/28/hvd.32044019207737/498.png"; bbox 0 0 4022 6382; ppageno 0'>
   <div class='ocr_carea' id='block_1_1' title="bbox 197 307 342 360">
    <p class='ocr_par' dir='ltr' id='par_1_1' title="bbox 197 307 342 360">
     <span class='ocr_line' id='line_1_1' title="bbox 197 307 342 360; baseline -0.021 0"><span class='ocrx_word' id='word_1_1' title='bbox 197 321 201 326; x_wconf 80' lang='lat'><strong>‘</strong></span> <span class='ocrx_word' id='word_1_2' title='bbox 247 307 342 360; x_wconf 76' lang='lat'><strong>961</strong></span> 
     </span>
    </p>
   </div>
   <div class='ocr_carea' id='block_1_2' title="bbox 1285 297 2459 357">
    <p class='ocr_par' dir='ltr' id='par_1_2' title="bbox 1285 297 2459 357">
     <span class='ocr_line' id='line_1_2' title="bbox 1285 297 2459 357; baseline -0.003 -1"><span class='ocrx_word' id='word_1_3' title='bbox 1285 302 1518 357; x_wconf 77' lang='lat' dir='ltr'><strong>SERMO</strong></span> <span class='ocrx_word' id='word_1_4' title='bbox 1550 300 1618 355; x_wconf 81' lang='lat' dir='ltr'><strong>1N</strong></span> <span class='ocrx_word' id='word_1_5' title='bbox 1657 299 2128 356; x_wconf 75' lang='lat' dir='ltr'><strong>NATIVITATEM</strong></span> <span class='ocrx_word' id='word_1_6' title='bbox 2169 297 2459 354; x_wconf 68' lang='lat' dir='ltr'><strong>CHRISTI.</strong></span> 
     </span>
    </p>
   </div>
   <div class='ocr_carea' id='block_1_3' title="bbox 3382 294 3488 351">
    <p class='ocr_par' dir='ltr' id='par_1_3' title="bbox 3382 294 3488 351">
     <span class='ocr_line' id='line_1_3' title="bbox 3382 294 3488 351; baseline 0.019 -2"><span class='ocrx_word' id='word_1_7' title='bbox 3382 294 3488 351; x_wconf 66' lang='lat'><strong>962</strong></span> 
     </span>
    </p>
   </div>
   <div class='ocr_carea' id='block_1_4' title="bbox 243 410 1818 492">
    <p class='ocr_par' dir='ltr' id='par_1_4' title="bbox 243 417 1818 492">
     <span class='ocr_line' id='line_1_4' title="bbox 243 417 1818 492; baseline -0.003 -17"><span class='ocrx_word' id='word_1_8' title='bbox 243 420 510 492; x_wconf 81' lang='grc' dir='ltr'>γαστρὸς,</span> <span class='ocrx_word' id='word_1_9' title='bbox 560 419 682 473; x_wconf 77' lang='grc' dir='ltr'>οὕτε</span> <span class='ocrx_word' id='word_1_10' title='bbox 744 421 868 480; x_wconf 76' lang='grc' dir='ltr'>τοὺς</span> <span class='ocrx_word' id='word_1_11' title='bbox 916 419 1178 487; x_wconf 77' lang='grc' dir='ltr'><strong>ἀγγέλους</strong></span> <span class='ocrx_word' id='word_1_12' title='bbox 1223 419 1386 472; x_wconf 80' lang='grc' dir='ltr'>αὐτοῦ</span> <span class='ocrx_word' id='word_1_13' title='bbox 1431 421 1668 490; x_wconf 75' lang='grc' dir='ltr'><strong>ἐρήμους</strong></span> <span class='ocrx_word' id='word_1_14' title='bbox 1721 417 1818 487; x_wconf 78' lang='grc' dir='ltr'>τῆς</span> 
     </span>
    </p>
   </div>
   <div class='ocr_carea' id='block_1_5' title="bbox 1918 410 3484 492">
    <p class='ocr_par' dir='ltr' id='par_1_5' title="bbox 1918 410 3484 482">
     <span class='ocr_line' id='line_1_5' title="bbox 1918 410 3484 482; baseline -0.003 -13"><span class='ocrx_word' id='word_1_15' title='bbox 1918 424 2099 477; x_wconf 88' lang='lat' dir='ltr'><strong>tacta,</strong></span> <span class='ocrx_word' id='word_1_16' title='bbox 2152 414 2454 468; x_wconf 73' lang='lat' dir='ltr'><strong>illaborata.</strong></span> <span class='ocrx_word' id='word_1_17' title='bbox 2525 410 2712 482; x_wconf 82' lang='lat' dir='ltr'><strong>Neque</strong></span> <span class='ocrx_word' id='word_1_18' title='bbox 2778 413 3000 482; x_wconf 78' lang='lat' dir='ltr'><strong>angelos</strong></span> <span class='ocrx_word' id='word_1_19' title='bbox 3056 412 3201 467; x_wconf 86' lang='lat' dir='ltr'><strong>Deus</strong></span> <span class='ocrx_word' id='word_1_20' title='bbox 3263 412 3484 481; x_wconf 84' lang='lat' dir='ltr'><strong>reliquit</strong></span> 
     </span>
    </p>
   </div>
   <div class='ocr_carea' id='block_1_6' title="bbox 245 510 1816 583">
    <p class='ocr_par' dir='ltr' id='par_1_6' title="bbox 245 510 1816 583">
     <span class='ocr_line' id='line_1_6' title="bbox 245 510 1816 583; baseline -0.003 -16"><span class='ocrx_word' id='word_1_21' title='bbox 245 511 568 576; x_wconf 71' lang='grc' dir='ltr'><strong>ἐπιστασίας</strong></span> <span class='ocrx_word' id='word_1_22' title='bbox 602 511 911 572; x_wconf 82' lang='grc' dir='ltr'>κατέλιπεν,</span> <span class='ocrx_word' id='word_1_23' title='bbox 939 511 1060 565; x_wconf 72' lang='grc' dir='ltr'>οὔτε</span> <span class='ocrx_word' id='word_1_24' title='bbox 1093 515 1158 583; x_wconf 82' lang='grc' dir='ltr'>τῇ</span> <span class='ocrx_word' id='word_1_25' title='bbox 1200 512 1334 582; x_wconf 88' lang='grc' dir='ltr'>πρὸς</span> <span class='ocrx_word' id='word_1_26' title='bbox 1374 511 1520 580; x_wconf 81' lang='grc' dir='ltr'>ἡμᾶς</span> <span class='ocrx_word' id='word_1_27' title='bbox 1558 510 1816 581; x_wconf 88' lang='grc' dir='ltr'>ἐνανθρω-</span> 
     </span>
    </p>
   </div>
   <div class='ocr_carea' id='block_1_7' title="bbox 247 599 1818 674">
    <p class='ocr_par' dir='ltr' id='par_1_7' title="bbox 247 599 1818 674">
     <span class='ocr_line' id='line_1_7' title="bbox 247 599 1818 674; baseline -0.001 -19"><span class='ocrx_word' id='word_1_28' title='bbox 247 605 430 674; x_wconf 78' lang='grc' dir='ltr'>πὴσει,</span> <span class='ocrx_word' id='word_1_29' title='bbox 468 603 570 673; x_wconf 83' lang='grc' dir='ltr'>τῆς</span> <span class='ocrx_word' id='word_1_30' title='bbox 621 603 825 665; x_wconf 76' lang='grc' dir='ltr'><strong>αἰκείας</strong></span> <span class='ocrx_word' id='word_1_31' title='bbox 857 601 1106 674; x_wconf 82' lang='grc' dir='ltr'><strong>θεότητος</strong></span> <span class='ocrx_word' id='word_1_32' title='bbox 1131 601 1348 663; x_wconf 82' lang='grc' dir='ltr'>ἐκστάς.</span> <span class='ocrx_word' id='word_1_33' title='bbox 1393 599 1553 653; x_wconf 76' lang='grc' dir='ltr'>Ἀλλὰ</span> <span class='ocrx_word' id='word_1_34' title='bbox 1583 601 1818 670; x_wconf 82' lang='grc' dir='ltr'><strong>βασιλεῖς</strong></span> 
     </span>
    </p>
   </div>
   <div class='ocr_carea' id='block_1_8' title="bbox 247 689 1818 765">
    <p class='ocr_par' dir='ltr' id='par_1_8' title="bbox 247 689 1818 765">
     <span class='ocr_line' id='line_1_8' title="bbox 247 689 1818 765; baseline 0 -19"><span class='ocrx_word' id='word_1_35' title='bbox 247 695 340 761; x_wconf 78' lang='grc' dir='ltr'>μὲν</span> <span class='ocrx_word' id='word_1_36' title='bbox 371 695 464 746; x_wconf 89' lang='grc' dir='ltr'><strong>τὸν</strong></span> <span class='ocrx_word' id='word_1_37' title='bbox 495 693 812 765; x_wconf 77' lang='grc' dir='ltr'><strong>ἐπουράνιον</strong></span> <span class='ocrx_word' id='word_1_38' title='bbox 846 693 1070 764; x_wconf 79' lang='grc' dir='ltr'>βασιλέα</span> <span class='ocrx_word' id='word_1_39' title='bbox 1100 689 1260 764; x_wconf 81' lang='grc' dir='ltr'>ἦλθον</span> <span class='ocrx_word' id='word_1_40' title='bbox 1308 693 1696 764; x_wconf 80' lang='grc' dir='ltr'>προσκυνῆσαι,</span> <span class='ocrx_word' id='word_1_41' title='bbox 1726 693 1818 746; x_wconf 90' lang='grc' dir='ltr'><strong>τὸν</strong></span> 
     </span>
    </p>
   </div>
   <div class='ocr_carea' id='block_1_9' title="bbox 245 785 1818 856">
    <p class='ocr_par' dir='ltr' id='par_1_9' title="bbox 245 785 1818 856">
     <span class='ocr_line' id='line_1_9' title="bbox 245 785 1818 856; baseline 0 -18"><span class='ocrx_word' id='word_1_42' title='bbox 245 785 571 854; x_wconf 76' lang='grc' dir='ltr'>γεννηθέντα</span> <span class='ocrx_word' id='word_1_43' title='bbox 601 785 853 856; x_wconf 74' lang='grc' dir='ltr'>ἀρρήτως</span> <span class='ocrx_word' id='word_1_44' title='bbox 897 789 962 839; x_wconf 84' lang='grc' dir='ltr'><strong>ἐκ</strong></span> <span class='ocrx_word' id='word_1_45' title='bbox 1000 785 1228 856; x_wconf 88' lang='grc' dir='ltr'>Πατρὸς,</span> <span class='ocrx_word' id='word_1_46' title='bbox 1261 787 1496 856; x_wconf 79' lang='grc' dir='ltr'><strong>σήμερον</strong></span> <span class='ocrx_word' id='word_1_47' title='bbox 1542 785 1598 838; x_wconf 85' lang='grc' dir='ltr'><strong>δέ</strong></span> <span class='ocrx_word' id='word_1_48' title='bbox 1632 787 1695 838; x_wconf 83' lang='grc' dir='ltr'><strong>ἐκ</strong></span> <span class='ocrx_word' id='word_1_49' title='bbox 1721 785 1818 856; x_wconf 85' lang='grc' dir='ltr'>τῆς</span> 
     </span>
    </p>
   </div>
   <div class='ocr_carea' id='block_1_10' title="bbox 249 876 1816 947">
    <p class='ocr_par' dir='ltr' id='par_1_10' title="bbox 249 876 1816 947">
     <span class='ocr_line' id='line_1_10' title="bbox 249 876 1816 947; baseline 0 -19"><span class='ocrx_word' id='word_1_50' title='bbox 249 876 523 946; x_wconf 80' lang='grc' dir='ltr'>Παρθένου</span> <span class='ocrx_word' id='word_1_51' title='bbox 573 876 886 946; x_wconf 83' lang='grc' dir='ltr'>τικτόμενον</span> <span class='ocrx_word' id='word_1_52' title='bbox 914 877 978 929; x_wconf 85' lang='grc' dir='ltr'>δι’</span> <span class='ocrx_word' id='word_1_53' title='bbox 1009 877 1108 947; x_wconf 84' lang='grc' dir='ltr'><strong>ἐμέ</strong></span> <span class='ocrx_word' id='word_1_54' title='bbox 1127 894 1140 907; x_wconf 82' lang='grc'><em>’</em></span> <span class='ocrx_word' id='word_1_55' title='bbox 1172 877 1306 929; x_wconf 84' lang='grc' dir='ltr'><strong>ἀλλά</strong></span> <span class='ocrx_word' id='word_1_56' title='bbox 1346 878 1462 929; x_wconf 89' lang='grc' dir='ltr'>τότε</span> <span class='ocrx_word' id='word_1_57' title='bbox 1500 877 1596 946; x_wconf 80' lang='grc' dir='ltr'><strong>μὲν</strong></span> <span class='ocrx_word' id='word_1_58' title='bbox 1626 893 1816 946; x_wconf 89' lang='grc' dir='ltr'>γεννη-</span> 
     </span>
    </p>
   </div>
   <div class='ocr_carea' id='block_1_11' title="bbox 245 966 1818 1038">
    <p class='ocr_par' dir='ltr' id='par_1_11' title="bbox 245 966 1818 1038">
     <span class='ocr_line' id='line_1_11' title="bbox 245 966 1818 1038; baseline 0 -18"><span class='ocrx_word' id='word_1_59' title='bbox 245 967 355 1030; x_wconf 74' lang='grc' dir='ltr'>θεὶς</span> <span class='ocrx_word' id='word_1_60' title='bbox 387 967 530 1020; x_wconf 73' lang='grc' dir='ltr'>κατὰ</span> <span class='ocrx_word' id='word_1_61' title='bbox 557 967 654 1038; x_wconf 84' lang='grc' dir='ltr'>τὴν</span> <span class='ocrx_word' id='word_1_62' title='bbox 687 966 868 1036; x_wconf 77' lang='grc' dir='ltr'>φύσιν,</span> <span class='ocrx_word' id='word_1_63' title='bbox 905 971 1142 1038; x_wconf 81' lang='grc' dir='ltr'>σήμερον</span> <span class='ocrx_word' id='word_1_64' title='bbox 1169 968 1225 1021; x_wconf 81' lang='grc' dir='ltr'>δὲ</span> <span class='ocrx_word' id='word_1_65' title='bbox 1258 968 1344 1021; x_wconf 84' lang='grc' dir='ltr'>διὰ</span> <span class='ocrx_word' id='word_1_66' title='bbox 1377 969 1474 1038; x_wconf 78' lang='grc' dir='ltr'><strong>τὴν</strong></span> <span class='ocrx_word' id='word_1_67' title='bbox 1502 968 1693 1021; x_wconf 85' lang='grc' dir='ltr'>ἑαυτοῦ</span> <span class='ocrx_word' id='word_1_68' title='bbox 1718 969 1818 1037; x_wconf 80' lang='grc' dir='ltr'><strong>φύ-</strong></span> 
     </span>
    </p>
   </div>
   <div class='ocr_carea' id='block_1_12' title="bbox 247 1057 1817 1130">
    <p class='ocr_par' dir='ltr' id='par_1_12' title="bbox 247 1057 1817 1130">
     <span class='ocr_line' id='line_1_12' title="bbox 247 1057 1817 1130; baseline 0 -18"><span class='ocrx_word' id='word_1_69' title='bbox 247 1076 347 1112; x_wconf 90' lang='grc' dir='ltr'>σιν.</span> <span class='ocrx_word' id='word_1_70' title='bbox 386 1058 741 1130; x_wconf 82' lang='grc' dir='ltr'>Πρὸάἰώνων</span> <span class='ocrx_word' id='word_1_71' title='bbox 775 1058 884 1129; x_wconf 79' lang='grc' dir='ltr'>γὰρ</span> <span class='ocrx_word' id='word_1_72' title='bbox 911 1058 1188 1129; x_wconf 66' lang='grc' dir='ltr'>γεννηθεὶς</span> <span class='ocrx_word' id='word_1_73' title='bbox 1221 1060 1284 1110; x_wconf 89' lang='grc' dir='ltr'><strong>ἐκ</strong></span> <span class='ocrx_word' id='word_1_74' title='bbox 1311 1057 1404 1110; x_wconf 88' lang='grc' dir='ltr'><strong>τοῦ</strong></span> <span class='ocrx_word' id='word_1_75' title='bbox 1440 1058 1650 1129; x_wconf 87' lang='grc' dir='ltr'>Πατρὸς</span> <span class='ocrx_word' id='word_1_76' title='bbox 1680 1059 1755 1121; x_wconf 84' lang='grc' dir='ltr'>ὡς</span> <span class='ocrx_word' id='word_1_77' title='bbox 1788 1061 1817 1112; x_wconf 99' lang='lat'><strong>6</strong></span> 
     </span>
    </p>
   </div>
   <div class='ocr_carea' id='block_1_13' title="bbox 243 1146 1815 1222">
    <p class='ocr_par' dir='ltr' id='par_1_13' title="bbox 243 1146 1815 1222">
     <span class='ocr_line' id='line_1_13' title="bbox 243 1146 1815 1222; baseline -0.001 -18"><span class='ocrx_word' id='word_1_78' title='bbox 243 1152 509 1221; x_wconf 83' lang='grc' dir='ltr'>γεννήσας</span> <span class='ocrx_word' id='word_1_79' title='bbox 536 1146 667 1216; x_wconf 78' lang='grc' dir='ltr'>οἶδε,</span> <span class='ocrx_word' id='word_1_80' title='bbox 710 1151 947 1221; x_wconf 85' lang='grc' dir='ltr'>σήμερον</span> <span class='ocrx_word' id='word_1_81' title='bbox 979 1152 1042 1203; x_wconf 86' lang='grc' dir='ltr'><strong>ἐκ</strong></span> <span class='ocrx_word' id='word_1_82' title='bbox 1081 1151 1180 1220; x_wconf 83' lang='grc' dir='ltr'>τῆς</span> <span class='ocrx_word' id='word_1_83' title='bbox 1226 1151 1502 1222; x_wconf 80' lang='grc' dir='ltr'>Παρθένου</span> <span class='ocrx_word' id='word_1_84' title='bbox 1537 1151 1679 1221; x_wconf 82' lang='grc' dir='ltr'>ὑπὲρ</span> <span class='ocrx_word' id='word_1_85' title='bbox 1714 1151 1815 1220; x_wconf 78' lang='grc' dir='ltr'><strong>φύ-</strong></span> 
     </span>
    </p>
   </div>
   <div class='ocr_carea' id='block_1_14' title="bbox 246 1240 1817 1312">
    <p class='ocr_par' dir='ltr' id='par_1_14' title="bbox 246 1240 1817 1312">
     <span class='ocr_line' id='line_1_14' title="bbox 246 1240 1817 1312; baseline 0.001 -17"><span class='ocrx_word' id='word_1_86' title='bbox 246 1258 327 1296; x_wconf 86' lang='grc' dir='ltr'><strong>σιν</strong></span> <span class='ocrx_word' id='word_1_87' title='bbox 356 1241 574 1312; x_wconf 84' lang='grc' dir='ltr'>ἐτέχθη,</span> <span class='ocrx_word' id='word_1_88' title='bbox 603 1240 784 1305; x_wconf 89' lang='grc' dir='ltr'>καθὼς</span> <span class='ocrx_word' id='word_1_89' title='bbox 825 1243 859 1310; x_wconf 82' lang='grc' dir='ltr'><strong>ἡ</strong></span> <span class='ocrx_word' id='word_1_90' title='bbox 909 1241 999 1294; x_wconf 91' lang='grc' dir='ltr'><strong>τοῦ</strong></span> <span class='ocrx_word' id='word_1_91' title='bbox 1047 1242 1360 1312; x_wconf 84' lang='grc' dir='ltr'>Πνεῦματος</span> <span class='ocrx_word' id='word_1_92' title='bbox 1401 1241 1688 1295; x_wconf 84' lang='grc' dir='ltr'>ἐπίσταται</span> <span class='ocrx_word' id='word_1_93' title='bbox 1718 1243 1817 1311; x_wconf 88' lang='grc' dir='ltr'>χά-</span> 
     </span>
    </p>
   </div>
   <div class='ocr_carea' id='block_1_15' title="bbox 247 1331 1815 1404">
    <p class='ocr_par' dir='ltr' id='par_1_15' title="bbox 247 1331 1815 1404">
     <span class='ocr_line' id='line_1_15' title="bbox 247 1331 1815 1404; baseline 0 -18"><span class='ocrx_word' id='word_1_94' title='bbox 247 1349 346 1404; x_wconf 86' lang='grc' dir='ltr'>ρις.</span> <span class='ocrx_word' id='word_1_95' title='bbox 382 1334 441 1386; x_wconf 87' lang='lat'><strong>&#39;0</strong></span> <span class='ocrx_word' id='word_1_96' title='bbox 471 1333 706 1396; x_wconf 82' lang='grc' dir='ltr'>Παλαιὸς</span> <span class='ocrx_word' id='word_1_97' title='bbox 733 1331 840 1386; x_wconf 86' lang='grc' dir='ltr'>τῶν</span> <span class='ocrx_word' id='word_1_98' title='bbox 867 1333 1089 1404; x_wconf 82' lang='grc' dir='ltr'>ἡμερῶν</span> <span class='ocrx_word' id='word_1_99' title='bbox 1123 1333 1333 1387; x_wconf 81' lang='grc' dir='ltr'>παιδίον</span> <span class='ocrx_word' id='word_1_100' title='bbox 1367 1333 1586 1402; x_wconf 89' lang='grc' dir='ltr'>γέγονεν</span> <span class='ocrx_word' id='word_1_101' title='bbox 1609 1349 1624 1364; x_wconf 72' lang='grc' dir='ltr'><strong><em>ο</em></strong></span> <span class='ocrx_word' id='word_1_102' title='bbox 1659 1335 1688 1386; x_wconf 87' lang='lat'><strong>6</strong></span> <span class='ocrx_word' id='word_1_103' title='bbox 1725 1333 1815 1386; x_wconf 73' lang='grc' dir='ltr'><strong>ἐπὶ</strong></span> 
     </span>
    </p>
   </div>
   <div class='ocr_carea' id='block_1_16' title="bbox 245 1423 1815 1497">
    <p class='ocr_par' dir='ltr' id='par_1_16' title="bbox 245 1423 1815 1497">
     <span class='ocr_line' id='line_1_16' title="bbox 245 1423 1815 1497; baseline 0.001 -20"><span class='ocrx_word' id='word_1_104' title='bbox 245 1425 429 1496; x_wconf 79' lang='grc' dir='ltr'>θρόνου</span> <span class='ocrx_word' id='word_1_105' title='bbox 486 1425 694 1494; x_wconf 70' lang='grc' dir='ltr'>ὑψηλου</span> <span class='ocrx_word' id='word_1_106' title='bbox 733 1423 1038 1494; x_wconf 85' lang='grc' dir='ltr'>καθήμενος</span> <span class='ocrx_word' id='word_1_107' title='bbox 1077 1427 1132 1476; x_wconf 89' lang='grc' dir='ltr'><strong>ἐν</strong></span> <span class='ocrx_word' id='word_1_108' title='bbox 1180 1425 1353 1497; x_wconf 80' lang='grc' dir='ltr'>φάτνῃ</span> <span class='ocrx_word' id='word_1_109' title='bbox 1383 1425 1621 1478; x_wconf 82' lang='grc' dir='ltr'>τίθεται·</span> <span class='ocrx_word' id='word_1_110' title='bbox 1662 1427 1690 1478; x_wconf 92' lang='lat'><strong>6</strong></span> <span class='ocrx_word' id='word_1_111' title='bbox 1719 1426 1815 1478; x_wconf 80' lang='grc' dir='ltr'><strong>ἀν-</strong></span> 
     </span>
    </p>
   </div>
   <div class='ocr_carea' id='block_1_17' title="bbox 245 1514 1810 1586">
    <p class='ocr_par' dir='ltr' id='par_1_17' title="bbox 245 1514 1810 1586">
     <span class='ocr_line' id='line_1_17' title="bbox 245 1514 1810 1586; baseline -0.001 -17"><span class='ocrx_word' id='word_1_112' title='bbox 245 1517 384 1584; x_wconf 61' lang='grc' dir='ltr'>αφὴς</span> <span class='ocrx_word' id='word_1_113' title='bbox 413 1515 510 1568; x_wconf 68' lang='grc' dir='ltr'>καὶ</span> <span class='ocrx_word' id='word_1_114' title='bbox 543 1516 833 1586; x_wconf 83' lang='grc' dir='ltr'>ἀσώματος</span> <span class='ocrx_word' id='word_1_115' title='bbox 874 1515 1059 1585; x_wconf 74' lang='grc' dir='ltr'>χερσὶν</span> <span class='ocrx_word' id='word_1_116' title='bbox 1088 1514 1452 1582; x_wconf 82' lang='grc' dir='ltr'>ἀνθρωπίναις</span> <span class='ocrx_word' id='word_1_117' title='bbox 1485 1515 1774 1568; x_wconf 81' lang='grc' dir='ltr'>εἱλίσσεται</span> <span class='ocrx_word' id='word_1_118' title='bbox 1795 1532 1810 1546; x_wconf 73' lang='grc' dir='ltr'><strong>ο</strong></span> 
     </span>
    </p>
   </div>
   <div class='ocr_carea' id='block_1_18' title="bbox 243 1605 1815 1681">
    <p class='ocr_par' dir='ltr' id='par_1_18' title="bbox 243 1605 1815 1681">
     <span class='ocr_line' id='line_1_18' title="bbox 243 1605 1815 1681; baseline 0.003 -24"><span class='ocrx_word' id='word_1_119' title='bbox 243 1607 268 1657; x_wconf 88' lang='lat'><strong>6</strong></span> <span class='ocrx_word' id='word_1_120' title='bbox 301 1606 364 1658; x_wconf 74' lang='grc' dir='ltr'>τὰ</span> <span class='ocrx_word' id='word_1_121' title='bbox 409 1607 508 1675; x_wconf 84' lang='grc' dir='ltr'>τῆς</span> <span class='ocrx_word' id='word_1_122' title='bbox 552 1606 824 1677; x_wconf 86' lang='grc' dir='ltr'>ἁμαρτίας</span> <span class='ocrx_word' id='word_1_123' title='bbox 864 1605 1105 1658; x_wconf 85' lang='grc' dir='ltr'>διασπῶν</span> <span class='ocrx_word' id='word_1_124' title='bbox 1147 1606 1320 1674; x_wconf 79' lang='grc' dir='ltr'>δεσμὰ</span> <span class='ocrx_word' id='word_1_125' title='bbox 1371 1609 1428 1661; x_wconf 83' lang='grc' dir='ltr'><strong>ἐν</strong></span> <span class='ocrx_word' id='word_1_126' title='bbox 1480 1611 1815 1681; x_wconf 82' lang='grc' dir='ltr'>σπαργάνοις</span> 
     </span>
    </p>
   </div>
   <div class='ocr_carea' id='block_1_19' title="bbox 1921 504 3489 576">
    <p class='ocr_par' dir='ltr' id='par_1_19' title="bbox 1921 504 3489 576">
     <span class='ocr_line' id='line_1_19' title="bbox 1921 504 3489 576; baseline 0 -17"><span class='ocrx_word' id='word_1_127' title='bbox 1921 520 2020 560; x_wconf 89' lang='lat' dir='ltr'><strong>sua</strong></span> <span class='ocrx_word' id='word_1_128' title='bbox 2065 505 2460 576; x_wconf 75' lang='lat' dir='ltr'><strong>gubernatione</strong></span> <span class='ocrx_word' id='word_1_129' title='bbox 2499 504 2743 566; x_wconf 87' lang='lat' dir='ltr'><strong>orbatos,</strong></span> <span class='ocrx_word' id='word_1_130' title='bbox 2786 519 2961 573; x_wconf 77' lang='lat' dir='ltr'><strong>neque</strong></span> <span class='ocrx_word' id='word_1_131' title='bbox 3003 504 3166 557; x_wconf 89' lang='lat' dir='ltr'><strong>homo</strong></span> <span class='ocrx_word' id='word_1_132' title='bbox 3207 504 3348 573; x_wconf 88' lang='lat' dir='ltr'><strong>apud</strong></span> <span class='ocrx_word' id='word_1_133' title='bbox 3389 520 3489 559; x_wconf 88' lang='lat' dir='ltr'><strong>nos</strong></span> 
     </span>
    </p>
   </div>
   <div class='ocr_carea' id='block_1_20' title="bbox 1917 591 3490 662">
    <p class='ocr_par' dir='ltr' id='par_1_20' title="bbox 1917 591 3490 662">
     <span class='ocr_line' id='line_1_20' title="bbox 1917 591 3490 662; baseline 0 -15"><span class='ocrx_word' id='word_1_134' title='bbox 1917 592 2303 662; x_wconf 76' lang='lat' dir='ltr'><strong>351factus,</strong></span> <span class='ocrx_word' id='word_1_135' title='bbox 2345 591 2565 662; x_wconf 89' lang='lat' dir='ltr'><strong>propria</strong></span> <span class='ocrx_word' id='word_1_136' title='bbox 2616 593 2853 647; x_wconf 77' lang='lat' dir='ltr'><strong>excessit</strong></span> <span class='ocrx_word' id='word_1_137' title='bbox 2916 592 3136 647; x_wconf 90' lang='lat' dir='ltr'><strong>deitate.</strong></span> <span class='ocrx_word' id='word_1_138' title='bbox 3179 591 3284 646; x_wconf 88' lang='lat' dir='ltr'><strong>Sed</strong></span> <span class='ocrx_word' id='word_1_139' title='bbox 3337 609 3490 662; x_wconf 83' lang='lat' dir='ltr'><strong>reges</strong></span> 
     </span>
    </p>
   </div>
   <div class='ocr_carea' id='block_1_21' title="bbox 1917 683 3490 752">
    <p class='ocr_par' dir='ltr' id='par_1_21' title="bbox 1917 683 3490 752">
     <span class='ocr_line' id='line_1_21' title="bbox 1917 683 3490 752; baseline 0.001 -17"><span class='ocrx_word' id='word_1_140' title='bbox 1917 683 2135 751; x_wconf 86' lang='lat' dir='ltr'><strong>quidem</strong></span> <span class='ocrx_word' id='word_1_141' title='bbox 2161 683 2439 737; x_wconf 77' lang='lat' dir='ltr'><strong>cmlestem</strong></span> <span class='ocrx_word' id='word_1_142' title='bbox 2480 698 2659 752; x_wconf 86' lang='lat' dir='ltr'><strong>regem</strong></span> <span class='ocrx_word' id='word_1_143' title='bbox 2685 684 2968 737; x_wconf 88' lang='lat' dir='ltr'><strong>adoratum</strong></span> <span class='ocrx_word' id='word_1_144' title='bbox 2992 691 3276 747; x_wconf 88' lang='lat' dir='ltr'><strong>venerunt,</strong></span> <span class='ocrx_word' id='word_1_145' title='bbox 3302 683 3490 737; x_wconf 75' lang='lat' dir='ltr'><strong>inetia-</strong></span> 
     </span>
    </p>
   </div>
   <div class='ocr_carea' id='block_1_22' title="bbox 1916 771 3487 842">
    <p class='ocr_par' dir='ltr' id='par_1_22' title="bbox 1916 771 3487 842">
     <span class='ocr_line' id='line_1_22' title="bbox 1916 771 3487 842; baseline -0.001 -16"><span class='ocrx_word' id='word_1_146' title='bbox 1916 772 2010 826; x_wconf 85' lang='lat' dir='ltr'><strong>hili</strong></span> <span class='ocrx_word' id='word_1_147' title='bbox 2039 771 2200 826; x_wconf 88' lang='lat' dir='ltr'><strong>modo</strong></span> <span class='ocrx_word' id='word_1_148' title='bbox 2235 787 2301 826; x_wconf 83' lang='lat' dir='ltr'><strong>ex</strong></span> <span class='ocrx_word' id='word_1_149' title='bbox 2334 771 2496 828; x_wconf 91' lang='lat' dir='ltr'><strong>Patre</strong></span> <span class='ocrx_word' id='word_1_150' title='bbox 2532 773 2805 842; x_wconf 86' lang='lat' dir='ltr'><strong>genitum;</strong></span> <span class='ocrx_word' id='word_1_151' title='bbox 2844 780 2897 824; x_wconf 88' lang='lat' dir='ltr'><strong>et</strong></span> <span class='ocrx_word' id='word_1_152' title='bbox 2921 771 3082 826; x_wconf 86' lang='lat' dir='ltr'><strong>hodie</strong></span> <span class='ocrx_word' id='word_1_153' title='bbox 3129 780 3352 842; x_wconf 77' lang='lat' dir='ltr'><strong>propter</strong></span> <span class='ocrx_word' id='word_1_154' title='bbox 3400 787 3487 824; x_wconf 88' lang='lat' dir='ltr'><strong>me</strong></span> 
     </span>
    </p>
   </div>
   <div class='ocr_carea' id='block_1_23' title="bbox 1916 861 3490 932">
    <p class='ocr_par' dir='ltr' id='par_1_23' title="bbox 1916 861 3490 932">
     <span class='ocr_line' id='line_1_23' title="bbox 1916 861 3490 932; baseline 0.001 -17"><span class='ocrx_word' id='word_1_155' title='bbox 1916 877 1978 916; x_wconf 86' lang='lat' dir='ltr'><strong>ex</strong></span> <span class='ocrx_word' id='word_1_156' title='bbox 2013 861 2234 932; x_wconf 82' lang='lat' dir='ltr'><strong>Virgine</strong></span> <span class='ocrx_word' id='word_1_157' title='bbox 2267 871 2489 928; x_wconf 92' lang='lat' dir='ltr'><strong>natum;</strong></span> <span class='ocrx_word' id='word_1_158' title='bbox 2518 863 2611 917; x_wconf 87' lang='lat' dir='ltr'><strong>sed</strong></span> <span class='ocrx_word' id='word_1_159' title='bbox 2630 872 2743 916; x_wconf 93' lang='lat' dir='ltr'><strong>tum</strong></span> <span class='ocrx_word' id='word_1_160' title='bbox 2767 863 2984 932; x_wconf 84' lang='lat' dir='ltr'><strong>quidem</strong></span> <span class='ocrx_word' id='word_1_161' title='bbox 3009 864 3268 932; x_wconf 85' lang='lat' dir='ltr'><strong>genitum,</strong></span> <span class='ocrx_word' id='word_1_162' title='bbox 3294 879 3490 918; x_wconf 89' lang='lat' dir='ltr'><strong>secun-</strong></span> 
     </span>
    </p>
   </div>
   <div class='ocr_carea' id='block_1_24' title="bbox 1915 951 3488 1024">
    <p class='ocr_par' dir='ltr' id='par_1_24' title="bbox 1915 951 3488 1024">
     <span class='ocr_line' id='line_1_24' title="bbox 1915 951 3488 1024; baseline 0.003 -19"><span class='ocrx_word' id='word_1_163' title='bbox 1915 951 2043 1005; x_wconf 92' lang='lat' dir='ltr'><strong>dum</strong></span> <span class='ocrx_word' id='word_1_164' title='bbox 2075 961 2327 1005; x_wconf 84' lang='lat' dir='ltr'><strong>naturam</strong></span> <span class='ocrx_word' id='word_1_165' title='bbox 2363 971 2374 1005; x_wconf 91' lang='lat'><strong>:</strong></span> <span class='ocrx_word' id='word_1_166' title='bbox 2412 953 2514 1006; x_wconf 90' lang='lat' dir='ltr'><strong>hac</strong></span> <span class='ocrx_word' id='word_1_167' title='bbox 2574 952 2662 1006; x_wconf 93' lang='lat' dir='ltr'><strong>die</strong></span> <span class='ocrx_word' id='word_1_168' title='bbox 2704 968 2833 1006; x_wconf 83' lang='lat' dir='ltr'><strong>vero</strong></span> <span class='ocrx_word' id='word_1_169' title='bbox 2870 962 3092 1023; x_wconf 76' lang='lat' dir='ltr'><strong>propter</strong></span> <span class='ocrx_word' id='word_1_170' title='bbox 3124 969 3275 1008; x_wconf 92' lang='lat' dir='ltr'><strong>suam</strong></span> <span class='ocrx_word' id='word_1_171' title='bbox 3317 954 3488 1024; x_wconf 84' lang='lat' dir='ltr'><strong>ipsius</strong></span> 
     </span>
    </p>
   </div>
   <div class='ocr_carea' id='block_1_25' title="bbox 1914 1042 3488 1114">
    <p class='ocr_par' dir='ltr' id='par_1_25' title="bbox 1914 1042 3488 1114">
     <span class='ocr_line' id='line_1_25' title="bbox 1914 1042 3488 1114; baseline 0.002 -20"><span class='ocrx_word' id='word_1_172' title='bbox 1914 1049 2186 1094; x_wconf 89' lang='lat' dir='ltr'><strong>naturam.</strong></span> <span class='ocrx_word' id='word_1_173' title='bbox 2219 1043 2588 1114; x_wconf 45' lang='lat' dir='ltr'><strong>altilesaacula</strong></span> <span class='ocrx_word' id='word_1_174' title='bbox 2622 1057 2855 1112; x_wconf 90' lang='lat' dir='ltr'><strong>namque</strong></span> <span class='ocrx_word' id='word_1_175' title='bbox 2873 1044 3098 1112; x_wconf 87' lang='lat' dir='ltr'><strong>genitus</strong></span> <span class='ocrx_word' id='word_1_176' title='bbox 3120 1058 3190 1100; x_wconf 73' lang='lat' dir='ltr'><strong>ex</strong></span> <span class='ocrx_word' id='word_1_177' title='bbox 3210 1042 3392 1107; x_wconf 88' lang='lat' dir='ltr'><strong>Patre,</strong></span> <span class='ocrx_word' id='word_1_178' title='bbox 3428 1052 3488 1097; x_wconf 86' lang='lat' dir='ltr'><strong>ut</strong></span> 
     </span>
    </p>
   </div>
   <div class='ocr_carea' id='block_1_26' title="bbox 1915 1132 3484 1205">
    <p class='ocr_par' dir='ltr' id='par_1_26' title="bbox 1915 1132 3484 1205">
     <span class='ocr_line' id='line_1_26' title="bbox 1915 1132 3484 1205; baseline 0.001 -19"><span class='ocrx_word' id='word_1_179' title='bbox 1915 1133 2066 1186; x_wconf 92' lang='lat' dir='ltr'><strong>novit</strong></span> <span class='ocrx_word' id='word_1_180' title='bbox 2089 1136 2181 1201; x_wconf 90' lang='lat' dir='ltr'><strong>qui</strong></span> <span class='ocrx_word' id='word_1_181' title='bbox 2209 1132 2385 1201; x_wconf 86' lang='lat' dir='ltr'><strong>ipsum</strong></span> <span class='ocrx_word' id='word_1_182' title='bbox 2417 1135 2622 1202; x_wconf 83' lang='lat' dir='ltr'><strong>genuit,</strong></span> <span class='ocrx_word' id='word_1_183' title='bbox 2645 1134 2806 1188; x_wconf 88' lang='lat' dir='ltr'><strong>hodie</strong></span> <span class='ocrx_word' id='word_1_184' title='bbox 2830 1149 2896 1187; x_wconf 76' lang='lat' dir='ltr'><strong>ex</strong></span> <span class='ocrx_word' id='word_1_185' title='bbox 2927 1134 3148 1205; x_wconf 83' lang='lat' dir='ltr'><strong>Virgine</strong></span> <span class='ocrx_word' id='word_1_186' title='bbox 3183 1151 3347 1204; x_wconf 84' lang='lat' dir='ltr'><strong>supra</strong></span> <span class='ocrx_word' id='word_1_187' title='bbox 3385 1152 3484 1189; x_wconf 89' lang='lat' dir='ltr'><strong>na-</strong></span> 
     </span>
    </p>
   </div>
   <div class='ocr_carea' id='block_1_27' title="bbox 3563 1024 3602 1074">
    <p class='ocr_par' dir='ltr' id='par_1_27' title="bbox 3563 1024 3602 1074">
     <span class='ocr_line' id='line_1_27' title="bbox 3563 1024 3602 1074; baseline 0 -34"><span class='ocrx_word' id='word_1_188' title='bbox 3563 1024 3602 1074; x_wconf 53' lang='grc' dir='ltr'><em>ν</em></span> 
     </span>
    </p>
   </div>
   <div class='ocr_carea' id='block_1_28' title="bbox 1915 1224 3582 1296">
    <p class='ocr_par' dir='ltr' id='par_1_28' title="bbox 1915 1224 3582 1296">
     <span class='ocr_line' id='line_1_28' title="bbox 1915 1224 3582 1296; baseline 0.007 -24"><span class='ocrx_word' id='word_1_189' title='bbox 1915 1227 2093 1275; x_wconf 91' lang='lat' dir='ltr'><strong>turam</strong></span> <span class='ocrx_word' id='word_1_190' title='bbox 2127 1224 2343 1291; x_wconf 85' lang='lat' dir='ltr'><strong>genitus</strong></span> <span class='ocrx_word' id='word_1_191' title='bbox 2364 1233 2468 1288; x_wconf 85' lang='lat' dir='ltr'><strong>est,</strong></span> <span class='ocrx_word' id='word_1_192' title='bbox 2487 1232 2546 1278; x_wconf 88' lang='lat' dir='ltr'><strong>ut</strong></span> <span class='ocrx_word' id='word_1_193' title='bbox 2573 1224 2723 1277; x_wconf 87' lang='lat' dir='ltr'><strong>novit</strong></span> <span class='ocrx_word' id='word_1_194' title='bbox 2753 1225 2974 1294; x_wconf 83' lang='lat' dir='ltr'><strong>spiritus</strong></span> <span class='ocrx_word' id='word_1_195' title='bbox 2997 1228 3188 1295; x_wconf 88' lang='lat' dir='ltr'><strong>gratia.</strong></span> <span class='ocrx_word' id='word_1_196' title='bbox 3215 1227 3486 1296; x_wconf 86' lang='lat' dir='ltr'><strong>Antiquus</strong></span> <span class='ocrx_word' id='word_1_197' title='bbox 3531 1249 3582 1286; x_wconf 69' lang='grc' dir='ltr'><em>ν</em></span> 
     </span>
    </p>
   </div>
   <div class='ocr_carea' id='block_1_29' title="bbox 1914 1313 3486 1386">
    <p class='ocr_par' dir='ltr' id='par_1_29' title="bbox 1914 1313 3486 1386">
     <span class='ocr_line' id='line_1_29' title="bbox 1914 1313 3486 1386; baseline 0.004 -20"><span class='ocrx_word' id='word_1_198' title='bbox 1914 1313 2122 1366; x_wconf 89' lang='lat' dir='ltr'><strong>dierum</strong></span> <span class='ocrx_word' id='word_1_199' title='bbox 2162 1313 2340 1368; x_wconf 83' lang='lat' dir='ltr'><strong>l‘actus</strong></span> <span class='ocrx_word' id='word_1_200' title='bbox 2387 1325 2471 1369; x_wconf 89' lang='lat' dir='ltr'><strong>est</strong></span> <span class='ocrx_word' id='word_1_201' title='bbox 2517 1315 2698 1370; x_wconf 80' lang='lat' dir='ltr'><strong>infans</strong></span> <span class='ocrx_word' id='word_1_202' title='bbox 2749 1317 2889 1386; x_wconf 89' lang='lat' dir='ltr'><strong>:qui</strong></span> <span class='ocrx_word' id='word_1_203' title='bbox 2935 1318 2987 1370; x_wconf 90' lang='lat' dir='ltr'><strong>in</strong></span> <span class='ocrx_word' id='word_1_204' title='bbox 3021 1319 3217 1372; x_wconf 83' lang='lat' dir='ltr'><strong>throno</strong></span> <span class='ocrx_word' id='word_1_205' title='bbox 3263 1320 3486 1374; x_wconf 85' lang='lat' dir='ltr'><strong>sedebat</strong></span> 
     </span>
    </p>
   </div>
   <div class='ocr_carea' id='block_1_30' title="bbox 1920 1391 3559 1489">
    <p class='ocr_par' dir='ltr' id='par_1_30' title="bbox 1920 1391 3559 1489">
     <span class='ocr_line' id='line_1_30' title="bbox 1920 1391 3559 1489; baseline 0.004 -31"><span class='ocrx_word' id='word_1_206' title='bbox 1920 1406 2158 1472; x_wconf 80' lang='lat' dir='ltr'><strong>excelso,</strong></span> <span class='ocrx_word' id='word_1_207' title='bbox 2181 1407 2236 1460; x_wconf 91' lang='lat' dir='ltr'><strong>in</strong></span> <span class='ocrx_word' id='word_1_208' title='bbox 2262 1407 2526 1489; x_wconf 52' lang='lat' dir='ltr'><strong>prmio</strong></span> <span class='ocrx_word' id='word_1_209' title='bbox 2555 1409 2835 1476; x_wconf 85' lang='lat' dir='ltr'><strong>reponitur</strong></span> <span class='ocrx_word' id='word_1_210' title='bbox 2866 1425 2881 1461; x_wconf 89' lang='lat'><strong>:</strong></span> <span class='ocrx_word' id='word_1_211' title='bbox 2911 1411 3004 1478; x_wconf 88' lang='lat' dir='ltr'><strong>qui</strong></span> <span class='ocrx_word' id='word_1_212' title='bbox 3030 1410 3290 1464; x_wconf 88' lang='lat' dir='ltr'><strong>intactilis</strong></span> <span class='ocrx_word' id='word_1_213' title='bbox 3315 1420 3368 1466; x_wconf 90' lang='lat' dir='ltr'><strong>et</strong></span> <span class='ocrx_word' id='word_1_214' title='bbox 3400 1391 3559 1465; x_wconf 69' lang='lat' dir='ltr'><strong>inJ/</strong></span> 
     </span>
    </p>
   </div>
   <div class='ocr_carea' id='block_1_31' title="bbox 1918 1499 3561 1573">
    <p class='ocr_par' dir='ltr' id='par_1_31' title="bbox 1918 1499 3561 1573">
     <span class='ocr_line' id='line_1_31' title="bbox 1918 1499 3561 1573; baseline 0.003 -22"><span class='ocrx_word' id='word_1_215' title='bbox 1918 1511 2217 1568; x_wconf 81' lang='lat' dir='ltr'><strong>corporeus</strong></span> <span class='ocrx_word' id='word_1_216' title='bbox 2265 1506 2382 1568; x_wconf 73' lang='lat' dir='ltr'><strong>est,</strong></span> <span class='ocrx_word' id='word_1_217' title='bbox 2424 1499 2675 1556; x_wconf 81' lang='lat' dir='ltr'><strong>manibus</strong></span> <span class='ocrx_word' id='word_1_218' title='bbox 2727 1499 3023 1555; x_wconf 80' lang='lat' dir='ltr'><strong>involvitur</strong></span> <span class='ocrx_word' id='word_1_219' title='bbox 3067 1500 3320 1558; x_wconf 81' lang='lat' dir='ltr'><strong>humanis</strong></span> <span class='ocrx_word' id='word_1_220' title='bbox 3351 1502 3561 1573; x_wconf 51' lang='lat' dir='ltr'><strong>:quij/</strong></span> 
     </span>
    </p>
   </div>
   <div class='ocr_carea' id='block_1_32' title="bbox 1918 1591 3481 1662">
    <p class='ocr_par' dir='ltr' id='par_1_32' title="bbox 1918 1591 3481 1662">
     <span class='ocr_line' id='line_1_32' title="bbox 1918 1591 3481 1662; baseline 0.003 -20"><span class='ocrx_word' id='word_1_221' title='bbox 1918 1591 2134 1659; x_wconf 88' lang='lat' dir='ltr'><strong>peccati</strong></span> <span class='ocrx_word' id='word_1_222' title='bbox 2183 1591 2400 1645; x_wconf 89' lang='lat' dir='ltr'><strong>vincula</strong></span> <span class='ocrx_word' id='word_1_223' title='bbox 2449 1591 2729 1661; x_wconf 87' lang='lat' dir='ltr'><strong>discerpit,</strong></span> <span class='ocrx_word' id='word_1_224' title='bbox 2764 1593 2817 1645; x_wconf 91' lang='lat' dir='ltr'><strong>in</strong></span> <span class='ocrx_word' id='word_1_225' title='bbox 2871 1592 3068 1662; x_wconf 89' lang='lat' dir='ltr'><strong>pannis</strong></span> <span class='ocrx_word' id='word_1_226' title='bbox 3103 1594 3481 1662; x_wconf 75' lang='lat' dir='ltr'><strong>complicatur.</strong></span> 
     </span>
    </p>
   </div>
   <div class='ocr_carea' id='block_1_33' title="bbox 244 1683 1818 1765">
    <p class='ocr_par' dir='ltr' id='par_1_33' title="bbox 244 1694 1810 1765">
     <span class='ocr_line' id='line_1_33' title="bbox 244 1694 1810 1765; baseline 0.003 -17"><span class='ocrx_word' id='word_1_227' title='bbox 244 1695 571 1764; x_wconf 73' lang='grc' dir='ltr'>ἐμπλέκεται</span> <span class='ocrx_word' id='word_1_228' title='bbox 595 1711 608 1724; x_wconf 72' lang='grc'><strong><em>⁸</em></strong></span> <span class='ocrx_word' id='word_1_229' title='bbox 643 1696 738 1748; x_wconf 79' lang='grc' dir='ltr'><strong>καὶ</strong></span> <span class='ocrx_word' id='word_1_230' title='bbox 771 1694 956 1765; x_wconf 79' lang='grc' dir='ltr'>ἐπειδὴ</span> <span class='ocrx_word' id='word_1_231' title='bbox 985 1695 1139 1748; x_wconf 91' lang='grc' dir='ltr'>τοῦτο</span> <span class='ocrx_word' id='word_1_232' title='bbox 1171 1695 1331 1752; x_wconf 85' lang='grc' dir='ltr'>θέλει.</span> <span class='ocrx_word' id='word_1_233' title='bbox 1362 1699 1494 1752; x_wconf 86' lang='grc' dir='ltr'>Τίνα</span> <span class='ocrx_word' id='word_1_234' title='bbox 1514 1695 1605 1751; x_wconf 80' lang='grc' dir='ltr'><strong>οὖν</strong></span> <span class='ocrx_word' id='word_1_235' title='bbox 1629 1699 1810 1752; x_wconf 76' lang='grc' dir='ltr'>ἔτεκεν</span> 
     </span>
    </p>
   </div>
   <div class='ocr_carea' id='block_1_34' title="bbox 1918 1683 3483 1765">
    <p class='ocr_par' dir='ltr' id='par_1_34' title="bbox 1918 1683 3483 1756">
     <span class='ocr_line' id='line_1_34' title="bbox 1918 1683 3483 1756; baseline 0.003 -21"><span class='ocrx_word' id='word_1_236' title='bbox 1918 1683 2028 1737; x_wconf 92' lang='lat' dir='ltr'><strong>lmo</strong></span> <span class='ocrx_word' id='word_1_237' title='bbox 2056 1701 2202 1748; x_wconf 86' lang='lat' dir='ltr'><strong>vero,</strong></span> <span class='ocrx_word' id='word_1_238' title='bbox 2232 1686 2359 1756; x_wconf 88' lang='lat' dir='ltr'><strong>quia</strong></span> <span class='ocrx_word' id='word_1_239' title='bbox 2381 1685 2436 1740; x_wconf 91' lang='lat' dir='ltr'><strong>id</strong></span> <span class='ocrx_word' id='word_1_240' title='bbox 2467 1685 2544 1738; x_wconf 90' lang='lat' dir='ltr'><strong>illi</strong></span> <span class='ocrx_word' id='word_1_241' title='bbox 2563 1686 2758 1754; x_wconf 85' lang='lat' dir='ltr'><strong>placet.</strong></span> <span class='ocrx_word' id='word_1_242' title='bbox 2785 1685 3086 1750; x_wconf 88' lang='lat' dir='ltr'><strong>Quemnam</strong></span> <span class='ocrx_word' id='word_1_243' title='bbox 3120 1686 3285 1756; x_wconf 84' lang='lat' dir='ltr'><strong>igitur</strong></span> <span class='ocrx_word' id='word_1_244' title='bbox 3317 1685 3483 1754; x_wconf 86' lang='lat' dir='ltr'><strong>Virgo</strong></span> 
     </span>
    </p>
   </div>
   <div class='ocr_carea' id='block_1_35' title="bbox 244 1767 1818 1862">
    <p class='ocr_par' dir='ltr' id='par_1_35' title="bbox 244 1785 1812 1862">
     <span class='ocr_line' id='line_1_35' title="bbox 244 1785 1812 1862; baseline 0.003 -25"><span class='ocrx_word' id='word_1_245' title='bbox 244 1788 274 1855; x_wconf 76' lang='grc' dir='ltr'><strong>ἡ</strong></span> <span class='ocrx_word' id='word_1_246' title='bbox 306 1787 613 1857; x_wconf 85' lang='grc' dir='ltr'>Παρθένος;</span> <span class='ocrx_word' id='word_1_247' title='bbox 667 1786 768 1839; x_wconf 89' lang='grc' dir='ltr'><strong>Τὸν</strong></span> <span class='ocrx_word' id='word_1_248' title='bbox 808 1785 1081 1856; x_wconf 86' lang='grc' dir='ltr'>Δεσπότην</span> <span class='ocrx_word' id='word_1_249' title='bbox 1113 1787 1211 1858; x_wconf 78' lang='grc' dir='ltr'>τῆς</span> <span class='ocrx_word' id='word_1_250' title='bbox 1266 1787 1502 1856; x_wconf 78' lang='grc' dir='ltr'>φύσεως.</span> <span class='ocrx_word' id='word_1_251' title='bbox 1554 1789 1670 1841; x_wconf 85' lang='grc' dir='ltr'><strong>Κᾶν</strong></span> <span class='ocrx_word' id='word_1_252' title='bbox 1705 1790 1812 1862; x_wconf 77' lang='grc' dir='ltr'><strong>γάρ</strong></span> 
     </span>
    </p>
   </div>
   <div class='ocr_carea' id='block_1_36' title="bbox 1918 1767 3481 1862">
    <p class='ocr_par' dir='ltr' id='par_1_36' title="bbox 1918 1776 3481 1842">
     <span class='ocr_line' id='line_1_36' title="bbox 1918 1776 3481 1842; baseline 0.003 -15"><span class='ocrx_word' id='word_1_253' title='bbox 1918 1776 2157 1842; x_wconf 84' lang='lat' dir='ltr'><strong>peperit?</strong></span> <span class='ocrx_word' id='word_1_254' title='bbox 2187 1777 2476 1830; x_wconf 91' lang='lat' dir='ltr'><strong>Dominum</strong></span> <span class='ocrx_word' id='word_1_255' title='bbox 2506 1785 2736 1831; x_wconf 60' lang='lat' dir='ltr'><strong>natura).</strong></span> <span class='ocrx_word' id='word_1_256' title='bbox 2770 1776 2996 1830; x_wconf 84' lang='lat' dir='ltr'><strong>Etiamsi</strong></span> <span class='ocrx_word' id='word_1_257' title='bbox 3027 1777 3170 1831; x_wconf 91' lang='lat' dir='ltr'><strong>enim</strong></span> <span class='ocrx_word' id='word_1_258' title='bbox 3205 1788 3258 1830; x_wconf 88' lang='lat' dir='ltr'><strong>ttt</strong></span> <span class='ocrx_word' id='word_1_259' title='bbox 3294 1779 3481 1841; x_wconf 82' lang='lat' dir='ltr'><strong>sileas,</strong></span> 
     </span>
    </p>
   </div>
   <div class='ocr_carea' id='block_1_37' title="bbox 245 1878 1814 1952">
    <p class='ocr_par' dir='ltr' id='par_1_37' title="bbox 245 1878 1814 1952">
     <span class='ocr_line' id='line_1_37' title="bbox 245 1878 1814 1952; baseline 0.003 -23"><span class='ocrx_word' id='word_1_260' title='bbox 245 1879 304 1929; x_wconf 77' lang='grc' dir='ltr'><strong>σὺ</strong></span> <span class='ocrx_word' id='word_1_261' title='bbox 345 1879 577 1948; x_wconf 78' lang='grc' dir='ltr'>σιωπᾷς,</span> <span class='ocrx_word' id='word_1_262' title='bbox 628 1881 662 1949; x_wconf 87' lang='grc' dir='ltr'>ὴ</span> <span class='ocrx_word' id='word_1_263' title='bbox 717 1878 874 1947; x_wconf 79' lang='grc' dir='ltr'>φύσις</span> <span class='ocrx_word' id='word_1_264' title='bbox 909 1879 1026 1949; x_wconf 87' lang='grc' dir='ltr'>βοᾷ.</span> <span class='ocrx_word' id='word_1_265' title='bbox 1066 1881 1256 1932; x_wconf 85' lang='grc' dir='ltr'>Ἐτεκε</span> <span class='ocrx_word' id='word_1_266' title='bbox 1307 1879 1414 1952; x_wconf 79' lang='grc' dir='ltr'>γὰρ</span> <span class='ocrx_word' id='word_1_267' title='bbox 1465 1882 1497 1951; x_wconf 85' lang='grc' dir='ltr'>ἡ</span> <span class='ocrx_word' id='word_1_268' title='bbox 1539 1882 1814 1952; x_wconf 87' lang='grc' dir='ltr'>Παρθένος</span> 
     </span>
    </p>
   </div>
   <div class='ocr_carea' id='block_1_38' title="bbox 243 1964 1815 2043">
    <p class='ocr_par' dir='ltr' id='par_1_38' title="bbox 243 1964 1815 2043">
     <span class='ocr_line' id='line_1_38' title="bbox 243 1964 1815 2043; baseline 0.003 -22"><span class='ocrx_word' id='word_1_269' title='bbox 243 1968 447 2040; x_wconf 72' lang='grc' dir='ltr'>Μαρία,</span> <span class='ocrx_word' id='word_1_270' title='bbox 479 1969 556 2031; x_wconf 79' lang='grc' dir='ltr'>ὡς</span> <span class='ocrx_word' id='word_1_271' title='bbox 584 1971 612 2022; x_wconf 93' lang='lat'><strong>6</strong></span> <span class='ocrx_word' id='word_1_272' title='bbox 637 1969 846 2039; x_wconf 72' lang='grc' dir='ltr'>τεχθεὶς</span> <span class='ocrx_word' id='word_1_273' title='bbox 866 1964 1124 2039; x_wconf 73' lang='grc' dir='ltr'>’τεχθῆναι</span> <span class='ocrx_word' id='word_1_274' title='bbox 1149 1969 1430 2040; x_wconf 79' lang='grc' dir='ltr'>ἠθέλησεν.</span> <span class='ocrx_word' id='word_1_275' title='bbox 1461 1972 1536 2023; x_wconf 80' lang='grc' dir='ltr'><strong>Οὐ</strong></span> <span class='ocrx_word' id='word_1_276' title='bbox 1566 1971 1673 2043; x_wconf 83' lang='grc' dir='ltr'>γὰρ</span> <span class='ocrx_word' id='word_1_277' title='bbox 1707 1971 1815 2026; x_wconf 81' lang='grc' dir='ltr'><strong>ἀπὸ</strong></span> 
     </span>
    </p>
   </div>
   <div class='ocr_carea' id='block_1_39' title="bbox 241 2058 1814 2131">
    <p class='ocr_par' dir='ltr' id='par_1_39' title="bbox 241 2058 1814 2131">
     <span class='ocr_line' id='line_1_39' title="bbox 241 2058 1814 2131; baseline 0.001 -19"><span class='ocrx_word' id='word_1_278' title='bbox 241 2061 334 2131; x_wconf 85' lang='grc' dir='ltr'>τῆς</span> <span class='ocrx_word' id='word_1_279' title='bbox 363 2060 579 2129; x_wconf 79' lang='grc' dir='ltr'>φύσεως</span> <span class='ocrx_word' id='word_1_280' title='bbox 610 2059 894 2131; x_wconf 75' lang='grc' dir='ltr'>ἐστρεπτο,</span> <span class='ocrx_word' id='word_1_281' title='bbox 922 2058 1035 2113; x_wconf 83' lang='grc' dir='ltr'>ἀλλ’</span> <span class='ocrx_word' id='word_1_282' title='bbox 1056 2059 1131 2122; x_wconf 86' lang='grc' dir='ltr'>ὡς</span> <span class='ocrx_word' id='word_1_283' title='bbox 1176 2059 1450 2129; x_wconf 82' lang='grc' dir='ltr'>Δεσπότης</span> <span class='ocrx_word' id='word_1_284' title='bbox 1475 2060 1575 2130; x_wconf 84' lang='grc' dir='ltr'>τῆς</span> <span class='ocrx_word' id='word_1_285' title='bbox 1603 2062 1814 2130; x_wconf 81' lang='grc' dir='ltr'>φύσεως</span> 
     </span>
    </p>
   </div>
   <div class='ocr_carea' id='block_1_40' title="bbox 245 2150 1811 2224">
    <p class='ocr_par' dir='ltr' id='par_1_40' title="bbox 245 2150 1811 2224">
     <span class='ocr_line' id='line_1_40' title="bbox 245 2150 1811 2224; baseline 0.002 -20"><span class='ocrx_word' id='word_1_286' title='bbox 245 2150 386 2216; x_wconf 79' lang='grc' dir='ltr'>ξένον</span> <span class='ocrx_word' id='word_1_287' title='bbox 427 2153 734 2224; x_wconf 82' lang='grc' dir='ltr'>γεννήσεως</span> <span class='ocrx_word' id='word_1_288' title='bbox 781 2152 1042 2221; x_wconf 83' lang='grc' dir='ltr'>εἰσήγαγε</span> <span class='ocrx_word' id='word_1_289' title='bbox 1069 2151 1300 2222; x_wconf 62' lang='grc' dir='ltr'>ζτρόπον.</span> <span class='ocrx_word' id='word_1_290' title='bbox 1349 2152 1557 2223; x_wconf 84' lang='grc' dir='ltr'>Ὅμως,</span> <span class='ocrx_word' id='word_1_291' title='bbox 1591 2153 1686 2206; x_wconf 80' lang='grc' dir='ltr'>καὶ</span> <span class='ocrx_word' id='word_1_292' title='bbox 1717 2155 1811 2208; x_wconf 80' lang='grc' dir='ltr'><strong>ἄν·</strong></span> 
     </span>
    </p>
   </div>
   <div class='ocr_carea' id='block_1_41' title="bbox 242 2240 1814 2313">
    <p class='ocr_par' dir='ltr' id='par_1_41' title="bbox 242 2240 1814 2313">
     <span class='ocr_line' id='line_1_41' title="bbox 242 2240 1814 2313; baseline 0.001 -19"><span class='ocrx_word' id='word_1_293' title='bbox 242 2241 455 2313; x_wconf 87' lang='grc' dir='ltr'>θρωπος</span> <span class='ocrx_word' id='word_1_294' title='bbox 485 2243 794 2313; x_wconf 88' lang='grc' dir='ltr'>γενόμενος,</span> <span class='ocrx_word' id='word_1_295' title='bbox 841 2244 940 2312; x_wconf 75' lang='grc' dir='ltr'><strong>οὐχ</strong></span> <span class='ocrx_word' id='word_1_296' title='bbox 985 2240 1062 2306; x_wconf 81' lang='grc' dir='ltr'>ὡς</span> <span class='ocrx_word' id='word_1_297' title='bbox 1117 2240 1400 2313; x_wconf 76' lang='grc' dir='ltr'>ἅνθρωπος</span> <span class='ocrx_word' id='word_1_298' title='bbox 1428 2243 1687 2299; x_wconf 82' lang='grc' dir='ltr'>τίκτεται.</span> <span class='ocrx_word' id='word_1_299' title='bbox 1751 2245 1814 2297; x_wconf 84' lang='grc' dir='ltr'>Εἰ</span> 
     </span>
    </p>
   </div>
   <div class='ocr_carea' id='block_1_42' title="bbox 241 2331 1813 2403">
    <p class='ocr_par' dir='ltr' id='par_1_42' title="bbox 241 2331 1813 2403">
     <span class='ocr_line' id='line_1_42' title="bbox 241 2331 1813 2403; baseline 0.002 -19"><span class='ocrx_word' id='word_1_300' title='bbox 241 2332 345 2402; x_wconf 81' lang='grc' dir='ltr'>γὰρ</span> <span class='ocrx_word' id='word_1_301' title='bbox 376 2335 441 2385; x_wconf 87' lang='grc' dir='ltr'><strong>ἐκ</strong></span> <span class='ocrx_word' id='word_1_302' title='bbox 478 2331 659 2384; x_wconf 88' lang='grc' dir='ltr'>κοινοῦ</span> <span class='ocrx_word' id='word_1_303' title='bbox 687 2331 864 2402; x_wconf 83' lang='grc' dir='ltr'>γάμου</span> <span class='ocrx_word' id='word_1_304' title='bbox 906 2331 1161 2401; x_wconf 83' lang='grc' dir='ltr'>προῆλθε,</span> <span class='ocrx_word' id='word_1_305' title='bbox 1193 2331 1440 2403; x_wconf 82' lang='grc' dir='ltr'>καθάπερ</span> <span class='ocrx_word' id='word_1_306' title='bbox 1472 2333 1647 2401; x_wconf 83' lang='grc' dir='ltr'>κάγὼ,</span> <span class='ocrx_word' id='word_1_307' title='bbox 1681 2333 1813 2402; x_wconf 82' lang='grc' dir='ltr'>ψεῦ-</span> 
     </span>
    </p>
   </div>
   <div class='ocr_carea' id='block_1_43' title="bbox 241 2421 1816 2496">
    <p class='ocr_par' dir='ltr' id='par_1_43' title="bbox 241 2421 1816 2496">
     <span class='ocr_line' id='line_1_43' title="bbox 241 2421 1816 2496; baseline 0.001 -20"><span class='ocrx_word' id='word_1_308' title='bbox 241 2424 322 2488; x_wconf 86' lang='grc' dir='ltr'><strong>δος</strong></span> <span class='ocrx_word' id='word_1_309' title='bbox 367 2427 482 2486; x_wconf 85' lang='grc' dir='ltr'>τοῖς</span> <span class='ocrx_word' id='word_1_310' title='bbox 520 2424 734 2486; x_wconf 77' lang='grc' dir='ltr'>πολλοῖς</span> <span class='ocrx_word' id='word_1_311' title='bbox 774 2421 1071 2492; x_wconf 78' lang='grc' dir='ltr'>ἐνομίζετο.</span> <span class='ocrx_word' id='word_1_312' title='bbox 1109 2423 1220 2475; x_wconf 87' lang='grc' dir='ltr'>Νῦν</span> <span class='ocrx_word' id='word_1_313' title='bbox 1252 2421 1338 2476; x_wconf 83' lang='grc' dir='ltr'>διὰ</span> <span class='ocrx_word' id='word_1_314' title='bbox 1375 2424 1532 2476; x_wconf 92' lang='grc' dir='ltr'>τοῦτο</span> <span class='ocrx_word' id='word_1_315' title='bbox 1573 2424 1637 2477; x_wconf 85' lang='grc' dir='ltr'>ὲκ</span> <span class='ocrx_word' id='word_1_316' title='bbox 1668 2426 1816 2496; x_wconf 78' lang='grc' dir='ltr'>Παρ-</span> 
     </span>
    </p>
   </div>
   <div class='ocr_carea' id='block_1_44' title="bbox 243 2513 1815 2586">
    <p class='ocr_par' dir='ltr' id='par_1_44' title="bbox 243 2513 1815 2586">
     <span class='ocr_line' id='line_1_44' title="bbox 243 2513 1815 2586; baseline 0.002 -20"><span class='ocrx_word' id='word_1_317' title='bbox 243 2514 393 2568; x_wconf 88' lang='grc' dir='ltr'>θένου</span> <span class='ocrx_word' id='word_1_318' title='bbox 431 2515 674 2568; x_wconf 85' lang='grc' dir='ltr'>τίκτεται</span> <span class='ocrx_word' id='word_1_319' title='bbox 712 2516 740 2567; x_wconf 78' lang='grc' dir='ltr'><strong>ὁ</strong></span> <span class='ocrx_word' id='word_1_320' title='bbox 766 2513 1099 2584; x_wconf 89' lang='grc' dir='ltr'>τικτόμενος,</span> <span class='ocrx_word' id='word_1_321' title='bbox 1126 2515 1220 2566; x_wconf 76' lang='grc' dir='ltr'><strong>καὶ</strong></span> <span class='ocrx_word' id='word_1_322' title='bbox 1245 2514 1342 2583; x_wconf 84' lang='grc' dir='ltr'>τὴν</span> <span class='ocrx_word' id='word_1_323' title='bbox 1377 2515 1586 2586; x_wconf 88' lang='grc' dir='ltr'>μητέρα</span> <span class='ocrx_word' id='word_1_324' title='bbox 1632 2515 1815 2570; x_wconf 88' lang='grc' dir='ltr'>λοιπὸν</span> 
     </span>
    </p>
   </div>
   <div class='ocr_carea' id='block_1_45' title="bbox 243 2604 1815 2678">
    <p class='ocr_par' dir='ltr' id='par_1_45' title="bbox 243 2604 1815 2678">
     <span class='ocr_line' id='line_1_45' title="bbox 243 2604 1815 2678; baseline 0.002 -20"><span class='ocrx_word' id='word_1_325' title='bbox 243 2606 511 2678; x_wconf 86' lang='grc' dir='ltr'>διατηρεῖ,</span> <span class='ocrx_word' id='word_1_326' title='bbox 550 2606 646 2658; x_wconf 73' lang='grc' dir='ltr'><strong>καὶ</strong></span> <span class='ocrx_word' id='word_1_327' title='bbox 676 2605 776 2674; x_wconf 85' lang='grc' dir='ltr'>τὴν</span> <span class='ocrx_word' id='word_1_328' title='bbox 806 2605 1100 2676; x_wconf 87' lang='grc' dir='ltr'>παρθενίαν</span> <span class='ocrx_word' id='word_1_329' title='bbox 1125 2604 1314 2658; x_wconf 76' lang='grc' dir='ltr'>ἄλυτον</span> <span class='ocrx_word' id='word_1_330' title='bbox 1335 2605 1701 2673; x_wconf 79' lang='grc' dir='ltr'>διαφυλάττει,</span> <span class='ocrx_word' id='word_1_331' title='bbox 1730 2609 1815 2661; x_wconf 88' lang='grc' dir='ltr'><strong>ἴνα</strong></span> 
     </span>
    </p>
   </div>
   <div class='ocr_carea' id='block_1_46' title="bbox 240 2689 1816 2765">
    <p class='ocr_par' dir='ltr' id='par_1_46' title="bbox 240 2689 1816 2765">
     <span class='ocr_line' id='line_1_46' title="bbox 240 2689 1816 2765; baseline -0.003 -16"><span class='ocrx_word' id='word_1_332' title='bbox 240 2698 268 2749; x_wconf 90' lang='lat'><strong>6</strong></span> <span class='ocrx_word' id='word_1_333' title='bbox 305 2695 456 2760; x_wconf 82' lang='grc' dir='ltr'>ξένος</span> <span class='ocrx_word' id='word_1_334' title='bbox 487 2695 583 2765; x_wconf 86' lang='grc' dir='ltr'>τῆς</span> <span class='ocrx_word' id='word_1_335' title='bbox 615 2695 864 2764; x_wconf 80' lang='grc' dir='ltr'>κυήσεως</span> <span class='ocrx_word' id='word_1_336' title='bbox 910 2692 1110 2763; x_wconf 88' lang='grc' dir='ltr'>τρόπος</span> <span class='ocrx_word' id='word_1_337' title='bbox 1160 2689 1393 2755; x_wconf 86' lang='grc' dir='ltr'>πίστεώς</span> <span class='ocrx_word' id='word_1_338' title='bbox 1444 2709 1532 2762; x_wconf 93' lang='grc' dir='ltr'><strong>μοι</strong></span> <span class='ocrx_word' id='word_1_339' title='bbox 1578 2693 1816 2763; x_wconf 85' lang='grc' dir='ltr'>μεγάλης</span> 
     </span>
    </p>
   </div>
   <div class='ocr_carea' id='block_1_47' title="bbox 242 2782 1815 2856">
    <p class='ocr_par' dir='ltr' id='par_1_47' title="bbox 242 2782 1815 2856">
     <span class='ocr_line' id='line_1_47' title="bbox 242 2782 1815 2856; baseline -0.003 -16"><span class='ocrx_word' id='word_1_340' title='bbox 242 2787 498 2856; x_wconf 80' lang='grc' dir='ltr'>πρόξενος</span> <span class='ocrx_word' id='word_1_341' title='bbox 523 2784 766 2853; x_wconf 87' lang='grc' dir='ltr'>γένηται.</span> <span class='ocrx_word' id='word_1_342' title='bbox 805 2783 966 2835; x_wconf 83' lang='grc' dir='ltr'>Ὅθεν</span> <span class='ocrx_word' id='word_1_343' title='bbox 1015 2782 1118 2836; x_wconf 82' lang='grc' dir='ltr'><strong>κᾶν</strong></span> <span class='ocrx_word' id='word_1_344' title='bbox 1168 2783 1384 2854; x_wconf 85' lang='grc' dir='ltr'>Ἕλλην,</span> <span class='ocrx_word' id='word_1_345' title='bbox 1424 2783 1526 2836; x_wconf 85' lang='grc' dir='ltr'>κᾶν</span> <span class='ocrx_word' id='word_1_346' title='bbox 1568 2783 1815 2847; x_wconf 88' lang='grc' dir='ltr'>Ἰουδαῖός</span> 
     </span>
    </p>
   </div>
   <div class='ocr_carea' id='block_1_48' title="bbox 244 2869 1812 2946">
    <p class='ocr_par' dir='ltr' id='par_1_48' title="bbox 244 2869 1812 2946">
     <span class='ocr_line' id='line_1_48' title="bbox 244 2869 1812 2946; baseline -0.003 -19"><span class='ocrx_word' id='word_1_347' title='bbox 244 2891 306 2944; x_wconf 88' lang='grc' dir='ltr'><strong>με</strong></span> <span class='ocrx_word' id='word_1_348' title='bbox 331 2874 535 2946; x_wconf 76' lang='grc' dir='ltr'>ἐρωτᾷ,</span> <span class='ocrx_word' id='word_1_349' title='bbox 570 2873 619 2924; x_wconf 89' lang='grc' dir='ltr'><strong>εἰ</strong></span> <span class='ocrx_word' id='word_1_350' title='bbox 649 2870 880 2941; x_wconf 77' lang='grc' dir='ltr'>Χριστὸς</span> <span class='ocrx_word' id='word_1_351' title='bbox 901 2871 1040 2923; x_wconf 83' lang='grc' dir='ltr'>κατὰ</span> <span class='ocrx_word' id='word_1_352' title='bbox 1070 2869 1228 2939; x_wconf 80' lang='grc' dir='ltr'>φύσιν</span> <span class='ocrx_word' id='word_1_353' title='bbox 1262 2871 1481 2939; x_wconf 88' lang='grc' dir='ltr'>γέγονεν</span> <span class='ocrx_word' id='word_1_354' title='bbox 1509 2870 1812 2942; x_wconf 82' lang='grc' dir='ltr'>ἄνθρωπος,</span> 
     </span>
    </p>
   </div>
   <div class='ocr_carea' id='block_1_49' title="bbox 240 2961 1818 3036">
    <p class='ocr_par' dir='ltr' id='par_1_49' title="bbox 240 2961 1818 3036">
     <span class='ocr_line' id='line_1_49' title="bbox 240 2961 1818 3036; baseline 0 -21"><span class='ocrx_word' id='word_1_355' title='bbox 240 2965 270 3034; x_wconf 78' lang='grc' dir='ltr'>ἦ</span> <span class='ocrx_word' id='word_1_356' title='bbox 297 2963 454 3036; x_wconf 76' lang='grc' dir='ltr'>παρὰ</span> <span class='ocrx_word' id='word_1_357' title='bbox 485 2963 584 3034; x_wconf 78' lang='grc' dir='ltr'>τὴν</span> <span class='ocrx_word' id='word_1_358' title='bbox 611 2961 801 3015; x_wconf 77' lang='grc' dir='ltr'>ἑαυτοῦ</span> <span class='ocrx_word' id='word_1_359' title='bbox 836 2961 1017 3029; x_wconf 70' lang='grc' dir='ltr'>φύσιν,</span> <span class='ocrx_word' id='word_1_360' title='bbox 1049 2961 1278 3031; x_wconf 90' lang='grc' dir='ltr'>ἐροῦμαι</span> <span class='ocrx_word' id='word_1_361' title='bbox 1316 2961 1566 3031; x_wconf 88' lang='grc' dir='ltr'>μάρτυρα</span> <span class='ocrx_word' id='word_1_362' title='bbox 1595 2961 1686 3014; x_wconf 91' lang='grc' dir='ltr'><strong>τοῦ</strong></span> <span class='ocrx_word' id='word_1_363' title='bbox 1732 2963 1818 3015; x_wconf 85' lang='grc' dir='ltr'>λό-</span> 
     </span>
    </p>
   </div>
   <div class='ocr_carea' id='block_1_50' title="bbox 239 3051 1811 3125">
    <p class='ocr_par' dir='ltr' id='par_1_50' title="bbox 239 3051 1811 3125">
     <span class='ocr_line' id='line_1_50' title="bbox 239 3051 1811 3125; baseline -0.001 -18"><span class='ocrx_word' id='word_1_364' title='bbox 239 3071 334 3122; x_wconf 89' lang='grc' dir='ltr'><strong>γου</strong></span> <span class='ocrx_word' id='word_1_365' title='bbox 377 3057 485 3125; x_wconf 79' lang='grc' dir='ltr'><strong>τὴν</strong></span> <span class='ocrx_word' id='word_1_366' title='bbox 531 3053 756 3108; x_wconf 78' lang='grc' dir='ltr'>ἄσπιλον</span> <span class='ocrx_word' id='word_1_367' title='bbox 799 3051 898 3120; x_wconf 84' lang='grc' dir='ltr'>τῆς</span> <span class='ocrx_word' id='word_1_368' title='bbox 945 3051 1240 3122; x_wconf 82' lang='grc' dir='ltr'>παρθενίας</span> <span class='ocrx_word' id='word_1_369' title='bbox 1275 3052 1544 3124; x_wconf 80' lang='grc' dir='ltr'>σφραγῖδα</span> <span class='ocrx_word' id='word_1_370' title='bbox 1599 3051 1811 3106; x_wconf 84' lang='grc' dir='ltr'>καλῶν’</span> 
     </span>
    </p>
   </div>
   <div class='ocr_carea' id='block_1_51' title="bbox 237 3141 1494 3215">
    <p class='ocr_par' dir='ltr' id='par_1_51' title="bbox 237 3141 1494 3215">
     <span class='ocr_line' id='line_1_51' title="bbox 237 3141 1494 3215; baseline -0.003 -17"><span class='ocrx_word' id='word_1_371' title='bbox 237 3146 408 3210; x_wconf 80' lang='grc' dir='ltr'>οὕτως</span> <span class='ocrx_word' id='word_1_372' title='bbox 441 3145 551 3215; x_wconf 74' lang='grc' dir='ltr'><strong>γάρ</strong></span> <span class='ocrx_word' id='word_1_373' title='bbox 582 3144 715 3206; x_wconf 87' lang='grc' dir='ltr'>Θεὸς</span> <span class='ocrx_word' id='word_1_374' title='bbox 743 3143 908 3195; x_wconf 80' lang='grc' dir='ltr'>νικῶν</span> <span class='ocrx_word' id='word_1_375' title='bbox 941 3141 1041 3212; x_wconf 77' lang='grc' dir='ltr'>τῆς</span> <span class='ocrx_word' id='word_1_376' title='bbox 1079 3141 1291 3210; x_wconf 81' lang='grc' dir='ltr'>φύσεως</span> <span class='ocrx_word' id='word_1_377' title='bbox 1324 3141 1494 3204; x_wconf 81' lang='grc' dir='ltr'>τάξιν.</span> 
     </span>
    </p>
   </div>
   <div class='ocr_carea' id='block_1_52' title="bbox 306 3231 1816 3304">
    <p class='ocr_par' dir='ltr' id='par_1_52' title="bbox 306 3231 1816 3304">
     <span class='ocr_line' id='line_1_52' title="bbox 306 3231 1816 3304; baseline -0.005 -13"><span class='ocrx_word' id='word_1_378' title='bbox 306 3237 359 3291; x_wconf 73' lang='grc'>2.</span> <span class='ocrx_word' id='word_1_379' title='bbox 385 3237 500 3290; x_wconf 81' lang='grc' dir='ltr'><strong>Καὶ</strong></span> <span class='ocrx_word' id='word_1_380' title='bbox 531 3238 579 3288; x_wconf 91' lang='grc' dir='ltr'><strong>εἰ</strong></span> <span class='ocrx_word' id='word_1_381' title='bbox 612 3234 796 3304; x_wconf 81' lang='grc' dir='ltr'>βούλῃ,</span> <span class='ocrx_word' id='word_1_382' title='bbox 831 3231 1104 3303; x_wconf 82' lang='grc' dir='ltr'>ἐρώτησον</span> <span class='ocrx_word' id='word_1_383' title='bbox 1153 3232 1244 3284; x_wconf 90' lang='grc' dir='ltr'><strong>τὸν</strong></span> <span class='ocrx_word' id='word_1_384' title='bbox 1281 3233 1549 3302; x_wconf 83' lang='grc' dir='ltr'>μακάριον</span> <span class='ocrx_word' id='word_1_385' title='bbox 1601 3232 1816 3285; x_wconf 76' lang='grc' dir='ltr'>Λουκᾶν</span> 
     </span>
    </p>
   </div>
   <div class='ocr_carea' id='block_1_53' title="bbox 239 3323 1816 3395">
    <p class='ocr_par' dir='ltr' id='par_1_53' title="bbox 239 3323 1816 3395">
     <span class='ocr_line' id='line_1_53' title="bbox 239 3323 1816 3395; baseline -0.004 -17"><span class='ocrx_word' id='word_1_386' title='bbox 239 3329 326 3379; x_wconf 81' lang='grc' dir='ltr'><strong>τὸν</strong></span> <span class='ocrx_word' id='word_1_387' title='bbox 352 3325 769 3395; x_wconf 77' lang='grc' dir='ltr'>εὐαγγελιστὴν,</span> <span class='ocrx_word' id='word_1_388' title='bbox 799 3325 893 3376; x_wconf 76' lang='grc' dir='ltr'>καὶ</span> <span class='ocrx_word' id='word_1_389' title='bbox 936 3323 1285 3394; x_wconf 82' lang='grc' dir='ltr'>ἀποκρίνεταί</span> <span class='ocrx_word' id='word_1_390' title='bbox 1327 3339 1407 3374; x_wconf 88' lang='grc' dir='ltr'><strong>σοι</strong></span> <span class='ocrx_word' id='word_1_391' title='bbox 1437 3323 1564 3394; x_wconf 73' lang='grc' dir='ltr'>περὶ</span> <span class='ocrx_word' id='word_1_392' title='bbox 1605 3323 1700 3392; x_wconf 83' lang='grc' dir='ltr'>τῆς</span> <span class='ocrx_word' id='word_1_393' title='bbox 1729 3324 1816 3374; x_wconf 84' lang='grc' dir='ltr'>ἐν-</span> 
     </span>
    </p>
   </div>
   <div class='ocr_carea' id='block_1_54' title="bbox 243 3411 1818 3489">
    <p class='ocr_par' dir='ltr' id='par_1_54' title="bbox 243 3411 1818 3489">
     <span class='ocr_line' id='line_1_54' title="bbox 243 3411 1818 3489; baseline -0.005 -18"><span class='ocrx_word' id='word_1_394' title='bbox 243 3420 443 3489; x_wconf 84' lang='grc' dir='ltr'>σάρκου</span> <span class='ocrx_word' id='word_1_395' title='bbox 481 3415 648 3469; x_wconf 82' lang='grc' dir='ltr'>αὑτοῦ</span> <span class='ocrx_word' id='word_1_396' title='bbox 690 3415 1018 3485; x_wconf 87' lang='grc' dir='ltr'>οἰκονομίας.</span> <span class='ocrx_word' id='word_1_397' title='bbox 1060 3414 1380 3484; x_wconf 86' lang='grc' dir='ltr'>Ἀρχόμενος</span> <span class='ocrx_word' id='word_1_398' title='bbox 1409 3413 1515 3483; x_wconf 84' lang='grc' dir='ltr'>γὰρ</span> <span class='ocrx_word' id='word_1_399' title='bbox 1534 3412 1705 3474; x_wconf 75' lang='grc' dir='ltr'>οὕτως</span> <span class='ocrx_word' id='word_1_400' title='bbox 1733 3411 1818 3464; x_wconf 74' lang='grc' dir='ltr'>λέο</span> 
     </span>
    </p>
   </div>
   <div class='ocr_carea' id='block_1_55' title="bbox 240 3502 1820 3578">
    <p class='ocr_par' dir='ltr' id='par_1_55' title="bbox 240 3502 1820 3578">
     <span class='ocr_line' id='line_1_55' title="bbox 240 3502 1820 3578; baseline -0.006 -15"><span class='ocrx_word' id='word_1_401' title='bbox 240 3527 323 3577; x_wconf 87' lang='grc' dir='ltr'><strong>γει</strong></span> <span class='ocrx_word' id='word_1_402' title='bbox 345 3527 358 3540; x_wconf 90' lang='grc'><strong>·</strong></span> <span class='ocrx_word' id='word_1_403' title='bbox 389 3530 406 3561; x_wconf 77' lang='grc' dir='ltr'><strong>ι</strong></span> <span class='ocrx_word' id='word_1_404' title='bbox 433 3511 524 3562; x_wconf 84' lang='grc' dir='ltr'>Ἑν</span> <span class='ocrx_word' id='word_1_405' title='bbox 548 3508 606 3560; x_wconf 82' lang='grc' dir='ltr'><strong>δὲ</strong></span> <span class='ocrx_word' id='word_1_406' title='bbox 646 3506 724 3578; x_wconf 77' lang='grc' dir='ltr'>τῷ</span> <span class='ocrx_word' id='word_1_407' title='bbox 759 3506 887 3578; x_wconf 74' lang='grc' dir='ltr'>μηνὶ</span> <span class='ocrx_word' id='word_1_408' title='bbox 915 3505 990 3575; x_wconf 79' lang='grc' dir='ltr'><strong>τῷ</strong></span> <span class='ocrx_word' id='word_1_409' title='bbox 1017 3506 1158 3576; x_wconf 72' lang='grc' dir='ltr'>ἕκτῳ</span> <span class='ocrx_word' id='word_1_410' title='bbox 1194 3506 1290 3575; x_wconf 82' lang='grc' dir='ltr'>τῆς</span> <span class='ocrx_word' id='word_1_411' title='bbox 1337 3502 1648 3573; x_wconf 76' lang='grc' dir='ltr'>συλλήψεως</span> <span class='ocrx_word' id='word_1_412' title='bbox 1684 3502 1820 3554; x_wconf 85' lang='grc' dir='ltr'>Ἐλι-</span> 
     </span>
    </p>
   </div>
   <div class='ocr_carea' id='block_1_56' title="bbox 241 3590 1820 3666">
    <p class='ocr_par' dir='ltr' id='par_1_56' title="bbox 241 3590 1820 3666">
     <span class='ocr_line' id='line_1_56' title="bbox 241 3590 1820 3666; baseline -0.004 -17"><span class='ocrx_word' id='word_1_413' title='bbox 241 3597 401 3650; x_wconf 75' lang='grc' dir='ltr'>σάὸετ</span> <span class='ocrx_word' id='word_1_414' title='bbox 432 3595 717 3666; x_wconf 84' lang='grc' dir='ltr'>ἀπεστάλη</span> <span class='ocrx_word' id='word_1_415' title='bbox 748 3598 776 3648; x_wconf 90' lang='lat'><strong>6</strong></span> <span class='ocrx_word' id='word_1_416' title='bbox 801 3594 1026 3663; x_wconf 82' lang='grc' dir='ltr'>ἅγγελος</span> <span class='ocrx_word' id='word_1_417' title='bbox 1059 3594 1297 3664; x_wconf 77' lang='grc' dir='ltr'>Γαϐριὴλ</span> <span class='ocrx_word' id='word_1_418' title='bbox 1330 3592 1434 3644; x_wconf 85' lang='grc' dir='ltr'><strong>ὑπὸ</strong></span> <span class='ocrx_word' id='word_1_419' title='bbox 1459 3591 1550 3644; x_wconf 90' lang='grc' dir='ltr'><strong>τοῦ</strong></span> <span class='ocrx_word' id='word_1_420' title='bbox 1575 3590 1706 3644; x_wconf 84' lang='grc' dir='ltr'>Θεοῦ</span> <span class='ocrx_word' id='word_1_421' title='bbox 1740 3593 1820 3654; x_wconf 90' lang='grc' dir='ltr'><strong>εἰς</strong></span> 
     </span>
    </p>
   </div>
   <div class='ocr_carea' id='block_1_57' title="bbox 238 3680 1820 3760">
    <p class='ocr_par' dir='ltr' id='par_1_57' title="bbox 238 3680 1820 3760">
     <span class='ocr_line' id='line_1_57' title="bbox 238 3680 1820 3760; baseline -0.003 -21"><span class='ocrx_word' id='word_1_422' title='bbox 238 3688 388 3741; x_wconf 83' lang='grc' dir='ltr'>πόλιν</span> <span class='ocrx_word' id='word_1_423' title='bbox 416 3689 522 3758; x_wconf 86' lang='grc' dir='ltr'><strong>τῆς</strong></span> <span class='ocrx_word' id='word_1_424' title='bbox 547 3687 855 3750; x_wconf 90' lang='grc' dir='ltr'>Γαλιλαίας,</span> <span class='ocrx_word' id='word_1_425' title='bbox 978 3686 1146 3756; x_wconf 78' lang='grc' dir='ltr'>ὄνομα</span> <span class='ocrx_word' id='word_1_426' title='bbox 1185 3681 1460 3754; x_wconf 79' lang='grc' dir='ltr'>Ναζαρὲτ,</span> <span class='ocrx_word' id='word_1_427' title='bbox 1507 3683 1643 3753; x_wconf 84' lang='grc' dir='ltr'>πρὸς</span> <span class='ocrx_word' id='word_1_428' title='bbox 1681 3699 1820 3753; x_wconf 87' lang='grc' dir='ltr'>παρ-</span> 
     </span>
    </p>
   </div>
   <div class='ocr_carea' id='block_1_58' title="bbox 239 3770 1821 3854">
    <p class='ocr_par' dir='ltr' id='par_1_58' title="bbox 239 3770 1821 3854">
     <span class='ocr_line' id='line_1_58' title="bbox 239 3770 1821 3854; baseline -0.004 -24"><span class='ocrx_word' id='word_1_429' title='bbox 239 3777 386 3832; x_wconf 84' lang='grc' dir='ltr'>θένον</span> <span class='ocrx_word' id='word_1_430' title='bbox 412 3778 906 3850; x_wconf 84' lang='grc' dir='ltr'>μεμνηστευμένην</span> <span class='ocrx_word' id='word_1_431' title='bbox 937 3775 1089 3846; x_wconf 82' lang='grc' dir='ltr'>ἀνδρί</span> <span class='ocrx_word' id='word_1_432' title='bbox 1114 3770 1158 3842; x_wconf 81' lang='grc' dir='ltr'>ᾧ</span> <span class='ocrx_word' id='word_1_433' title='bbox 1184 3775 1354 3844; x_wconf 74' lang='grc' dir='ltr'>ὄνομα</span> <span class='ocrx_word' id='word_1_434' title='bbox 1388 3774 1603 3854; x_wconf 52' lang='grc' dir='ltr'>Ἰωσὴφ,</span> <span class='ocrx_word' id='word_1_435' title='bbox 1644 3773 1735 3825; x_wconf 71' lang='grc' dir='ltr'><strong>καὶ</strong></span> <span class='ocrx_word' id='word_1_436' title='bbox 1761 3773 1821 3825; x_wconf 90' lang='grc' dir='ltr'><strong>τὸ</strong></span> 
     </span>
    </p>
   </div>
   <div class='ocr_carea' id='block_1_59' title="bbox 235 3862 1820 3939">
    <p class='ocr_par' dir='ltr' id='par_1_59' title="bbox 235 3862 1820 3939">
     <span class='ocr_line' id='line_1_59' title="bbox 235 3862 1820 3939; baseline -0.006 -17"><span class='ocrx_word' id='word_1_437' title='bbox 235 3869 402 3939; x_wconf 70' lang='grc' dir='ltr'>ὄνομα</span> <span class='ocrx_word' id='word_1_438' title='bbox 421 3870 528 3939; x_wconf 84' lang='grc' dir='ltr'>τῆς</span> <span class='ocrx_word' id='word_1_439' title='bbox 552 3868 819 3939; x_wconf 86' lang='grc' dir='ltr'>παρθένου</span> <span class='ocrx_word' id='word_1_440' title='bbox 853 3867 1103 3937; x_wconf 86' lang='grc' dir='ltr'>Μαριάμ.</span> <span class='ocrx_word' id='word_1_441' title='bbox 1129 3866 1238 3919; x_wconf 74' lang='grc' dir='ltr'><strong>Καὶ</strong></span> <span class='ocrx_word' id='word_1_442' title='bbox 1263 3862 1514 3916; x_wconf 87' lang='grc' dir='ltr'>εἰσελθὼν</span> <span class='ocrx_word' id='word_1_443' title='bbox 1538 3866 1566 3916; x_wconf 89' lang='lat'><strong>6</strong></span> <span class='ocrx_word' id='word_1_444' title='bbox 1594 3863 1820 3930; x_wconf 82' lang='grc' dir='ltr'>ἄγγελος</span> 
     </span>
    </p>
   </div>
   <div class='ocr_carea' id='block_1_60' title="bbox 238 3954 1821 4033">
    <p class='ocr_par' dir='ltr' id='par_1_60' title="bbox 238 3954 1821 4033">
     <span class='ocr_line' id='line_1_60' title="bbox 238 3954 1821 4033; baseline -0.005 -20"><span class='ocrx_word' id='word_1_445' title='bbox 238 3961 370 4033; x_wconf 70' lang='grc' dir='ltr'>πρὸς</span> <span class='ocrx_word' id='word_1_446' title='bbox 397 3961 574 4033; x_wconf 78' lang='grc' dir='ltr'>αὐτὴν</span> <span class='ocrx_word' id='word_1_447' title='bbox 608 3955 728 4012; x_wconf 84' lang='grc' dir='ltr'>εἷπε</span> <span class='ocrx_word' id='word_1_448' title='bbox 755 3977 768 3989; x_wconf 89' lang='grc'><strong>·</strong></span> <span class='ocrx_word' id='word_1_449' title='bbox 834 3961 1027 4030; x_wconf 83' lang='grc' dir='ltr'>Χαῖρε,</span> <span class='ocrx_word' id='word_1_450' title='bbox 1072 3957 1506 4027; x_wconf 87' lang='grc' dir='ltr'>κεχαριτωμένη,</span> <span class='ocrx_word' id='word_1_451' title='bbox 1555 3955 1583 4006; x_wconf 91' lang='lat'><strong>6</strong></span> <span class='ocrx_word' id='word_1_452' title='bbox 1619 3954 1821 4021; x_wconf 83' lang='grc' dir='ltr'>Κύριος</span> 
     </span>
    </p>
   </div>
   <div class='ocr_carea' id='block_1_61' title="bbox 237 4043 1818 4117">
    <p class='ocr_par' dir='ltr' id='par_1_61' title="bbox 237 4043 1818 4117">
     <span class='ocr_line' id='line_1_61' title="bbox 237 4043 1818 4117; baseline -0.006 -13"><span class='ocrx_word' id='word_1_453' title='bbox 237 4051 375 4117; x_wconf 76' lang='grc' dir='ltr'>μετὰ</span> <span class='ocrx_word' id='word_1_454' title='bbox 403 4049 527 4103; x_wconf 86' lang='grc' dir='ltr'>σοῦ.</span> <span class='ocrx_word' id='word_1_455' title='bbox 561 4049 912 4117; x_wconf 82' lang='grc' dir='ltr'>Εὐλογημένη</span> <span class='ocrx_word' id='word_1_456' title='bbox 941 4047 1006 4098; x_wconf 81' lang='grc' dir='ltr'><strong>σὺ</strong></span> <span class='ocrx_word' id='word_1_457' title='bbox 1034 4049 1092 4098; x_wconf 88' lang='grc' dir='ltr'><strong>ἐν</strong></span> <span class='ocrx_word' id='word_1_458' title='bbox 1117 4045 1374 4114; x_wconf 79' lang='grc' dir='ltr'>γυναιξίν.</span> <span class='ocrx_word' id='word_1_459' title='bbox 1417 4044 1480 4096; x_wconf 84' lang='grc' dir='ltr'><strong>Ἦ</strong></span> <span class='ocrx_word' id='word_1_460' title='bbox 1508 4043 1586 4105; x_wconf 82' lang='grc' dir='ltr'><strong>δὲ,</strong></span> <span class='ocrx_word' id='word_1_461' title='bbox 1619 4043 1818 4105; x_wconf 88' lang='grc' dir='ltr'>ἰδοῦσα,</span> 
     </span>
    </p>
   </div>
   <div class='ocr_carea' id='block_1_62' title="bbox 233 4135 1820 4213">
    <p class='ocr_par' dir='ltr' id='par_1_62' title="bbox 233 4135 1820 4213">
     <span class='ocr_line' id='line_1_62' title="bbox 233 4135 1820 4213; baseline -0.004 -21"><span class='ocrx_word' id='word_1_462' title='bbox 233 4139 570 4213; x_wconf 78' lang='grc' dir='ltr'>διεταράχθη</span> <span class='ocrx_word' id='word_1_463' title='bbox 603 4140 696 4190; x_wconf 74' lang='grc' dir='ltr'><strong>ἐπὶ</strong></span> <span class='ocrx_word' id='word_1_464' title='bbox 729 4137 803 4206; x_wconf 82' lang='grc' dir='ltr'><strong>τῷ</strong></span> <span class='ocrx_word' id='word_1_465' title='bbox 840 4137 981 4207; x_wconf 86' lang='grc' dir='ltr'>λόγῳ</span> <span class='ocrx_word' id='word_1_466' title='bbox 1011 4136 1194 4200; x_wconf 82' lang='grc' dir='ltr'>αὑτοῦ,</span> <span class='ocrx_word' id='word_1_467' title='bbox 1227 4136 1320 4188; x_wconf 78' lang='grc' dir='ltr'><strong>καὶ</strong></span> <span class='ocrx_word' id='word_1_468' title='bbox 1363 4135 1689 4202; x_wconf 75' lang='grc' dir='ltr'>διελογίζετο</span> <span class='ocrx_word' id='word_1_469' title='bbox 1722 4151 1820 4186; x_wconf 87' lang='grc' dir='ltr'>πο-</span> 
     </span>
    </p>
   </div>
   <div class='ocr_carea' id='block_1_63' title="bbox 233 4223 1824 4300">
    <p class='ocr_par' dir='ltr' id='par_1_63' title="bbox 233 4223 1824 4300">
     <span class='ocr_line' id='line_1_63' title="bbox 233 4223 1824 4300; baseline -0.002 -19"><span class='ocrx_word' id='word_1_470' title='bbox 233 4231 402 4294; x_wconf 82' lang='grc' dir='ltr'>ταπὸς</span> <span class='ocrx_word' id='word_1_471' title='bbox 429 4231 526 4300; x_wconf 78' lang='grc' dir='ltr'>εἴη</span> <span class='ocrx_word' id='word_1_472' title='bbox 549 4232 577 4282; x_wconf 92' lang='lat'><strong>6</strong></span> <span class='ocrx_word' id='word_1_473' title='bbox 612 4229 901 4298; x_wconf 85' lang='grc' dir='ltr'>ἀσπασμὸς</span> <span class='ocrx_word' id='word_1_474' title='bbox 937 4223 1109 4291; x_wconf 78' lang='grc' dir='ltr'>οὗτος.</span> <span class='ocrx_word' id='word_1_475' title='bbox 1154 4228 1264 4281; x_wconf 78' lang='grc' dir='ltr'>Καὶ</span> <span class='ocrx_word' id='word_1_476' title='bbox 1293 4223 1445 4279; x_wconf 82' lang='grc' dir='ltr'>εἶπεν</span> <span class='ocrx_word' id='word_1_477' title='bbox 1471 4227 1607 4296; x_wconf 80' lang='grc' dir='ltr'>αὐτῇ</span> <span class='ocrx_word' id='word_1_478' title='bbox 1655 4228 1683 4278; x_wconf 91' lang='lat'><strong>6</strong></span> <span class='ocrx_word' id='word_1_479' title='bbox 1725 4226 1824 4294; x_wconf 84' lang='grc' dir='ltr'><strong>ἄγ-</strong></span> 
     </span>
    </p>
   </div>
   <div class='ocr_carea' id='block_1_64' title="bbox 232 4314 1822 4394">
    <p class='ocr_par' dir='ltr' id='par_1_64' title="bbox 232 4314 1822 4394">
     <span class='ocr_line' id='line_1_64' title="bbox 232 4314 1822 4394; baseline -0.003 -20"><span class='ocrx_word' id='word_1_480' title='bbox 232 4323 409 4386; x_wconf 85' lang='grc' dir='ltr'>γελος·</span> <span class='ocrx_word' id='word_1_481' title='bbox 442 4324 538 4394; x_wconf 84' lang='grc' dir='ltr'><strong>Μὴ</strong></span> <span class='ocrx_word' id='word_1_482' title='bbox 566 4321 758 4392; x_wconf 74' lang='grc' dir='ltr'>φοϐοῦ,</span> <span class='ocrx_word' id='word_1_483' title='bbox 786 4321 1035 4392; x_wconf 73' lang='grc' dir='ltr'>Μαριάμο</span> <span class='ocrx_word' id='word_1_484' title='bbox 1054 4314 1210 4390; x_wconf 77' lang='grc' dir='ltr'>εὗρες</span> <span class='ocrx_word' id='word_1_485' title='bbox 1237 4320 1346 4390; x_wconf 82' lang='grc' dir='ltr'><strong>γὰρ</strong></span> <span class='ocrx_word' id='word_1_486' title='bbox 1367 4319 1525 4389; x_wconf 85' lang='grc' dir='ltr'>χάριν</span> <span class='ocrx_word' id='word_1_487' title='bbox 1553 4317 1701 4389; x_wconf 84' lang='grc' dir='ltr'>παρὰ</span> <span class='ocrx_word' id='word_1_488' title='bbox 1730 4317 1822 4373; x_wconf 90' lang='grc' dir='ltr'><strong>τοῦ</strong></span> 
     </span>
    </p>
   </div>
   <div class='ocr_carea' id='block_1_65' title="bbox 234 4412 1819 4486">
    <p class='ocr_par' dir='ltr' id='par_1_65' title="bbox 234 4412 1819 4486">
     <span class='ocr_line' id='line_1_65' title="bbox 234 4412 1819 4486; baseline 0.001 -23"><span class='ocrx_word' id='word_1_489' title='bbox 234 4412 392 4468; x_wconf 83' lang='grc' dir='ltr'>Θεοῦ.</span> <span class='ocrx_word' id='word_1_490' title='bbox 437 4415 556 4468; x_wconf 73' lang='grc' dir='ltr'>Καὶ</span> <span class='ocrx_word' id='word_1_491' title='bbox 602 4413 710 4466; x_wconf 81' lang='grc' dir='ltr'>ἰδοὺ</span> <span class='ocrx_word' id='word_1_492' title='bbox 751 4412 990 4484; x_wconf 75' lang='grc' dir='ltr'>συλλήψῃ</span> <span class='ocrx_word' id='word_1_493' title='bbox 1036 4414 1092 4464; x_wconf 85' lang='grc' dir='ltr'><strong>ἐν</strong></span> <span class='ocrx_word' id='word_1_494' title='bbox 1139 4413 1354 4482; x_wconf 78' lang='grc' dir='ltr'>γαστρὶ,</span> <span class='ocrx_word' id='word_1_495' title='bbox 1399 4413 1491 4465; x_wconf 77' lang='grc' dir='ltr'><strong>καὶ</strong></span> <span class='ocrx_word' id='word_1_496' title='bbox 1517 4412 1645 4486; x_wconf 80' lang='grc' dir='ltr'>τέξῃ</span> <span class='ocrx_word' id='word_1_497' title='bbox 1686 4413 1819 4477; x_wconf 78' lang='grc' dir='ltr'>υἱὸν,</span> 
     </span>
    </p>
   </div>
   <div class='ocr_carea' id='block_1_66' title="bbox 1915 1864 3484 1938">
    <p class='ocr_par' dir='ltr' id='par_1_66' title="bbox 1915 1864 3484 1938">
     <span class='ocr_line' id='line_1_66' title="bbox 1915 1864 3484 1938; baseline 0.003 -21"><span class='ocrx_word' id='word_1_498' title='bbox 1915 1864 2031 1934; x_wconf 89' lang='lat' dir='ltr'><strong>ipsa</strong></span> <span class='ocrx_word' id='word_1_499' title='bbox 2069 1866 2268 1920; x_wconf 70' lang='lat' dir='ltr'><strong>ciamat</strong></span> <span class='ocrx_word' id='word_1_500' title='bbox 2324 1875 2542 1922; x_wconf 87' lang='lat' dir='ltr'><strong>natura.</strong></span> <span class='ocrx_word' id='word_1_501' title='bbox 2591 1867 2808 1937; x_wconf 88' lang='lat' dir='ltr'><strong>Peperit</strong></span> <span class='ocrx_word' id='word_1_502' title='bbox 2853 1867 3052 1937; x_wconf 89' lang='lat' dir='ltr'><strong>quippe</strong></span> <span class='ocrx_word' id='word_1_503' title='bbox 3101 1869 3254 1938; x_wconf 84' lang='lat' dir='ltr'><strong>virgo</strong></span> <span class='ocrx_word' id='word_1_504' title='bbox 3293 1867 3484 1936; x_wconf 79' lang='lat' dir='ltr'><strong>Maria,</strong></span> 
     </span>
    </p>
   </div>
   <div class='ocr_carea' id='block_1_67' title="bbox 1913 1957 3484 2027">
    <p class='ocr_par' dir='ltr' id='par_1_67' title="bbox 1913 1957 3484 2027">
     <span class='ocr_line' id='line_1_67' title="bbox 1913 1957 3484 2027; baseline 0.003 -18"><span class='ocrx_word' id='word_1_505' title='bbox 1913 1971 2083 2024; x_wconf 89' lang='lat' dir='ltr'><strong>quare</strong></span> <span class='ocrx_word' id='word_1_506' title='bbox 2107 1958 2199 2027; x_wconf 89' lang='lat' dir='ltr'><strong>qui</strong></span> <span class='ocrx_word' id='word_1_507' title='bbox 2229 1965 2390 2013; x_wconf 89' lang='lat' dir='ltr'><strong>natus</strong></span> <span class='ocrx_word' id='word_1_508' title='bbox 2412 1968 2495 2014; x_wconf 89' lang='lat' dir='ltr'><strong>est</strong></span> <span class='ocrx_word' id='word_1_509' title='bbox 2522 1960 2676 2014; x_wconf 90' lang='lat' dir='ltr'><strong>nasci</strong></span> <span class='ocrx_word' id='word_1_510' title='bbox 2711 1959 2902 2012; x_wconf 88' lang='lat' dir='ltr'><strong>voluit.</strong></span> <span class='ocrx_word' id='word_1_511' title='bbox 2928 1957 3046 2013; x_wconf 81' lang='lat' dir='ltr'><strong>Non</strong></span> <span class='ocrx_word' id='word_1_512' title='bbox 3083 1960 3226 2013; x_wconf 90' lang='lat' dir='ltr'><strong>enim</strong></span> <span class='ocrx_word' id='word_1_513' title='bbox 3276 1967 3484 2013; x_wconf 64' lang='lat' dir='ltr'><strong>natura:</strong></span> 
     </span>
    </p>
   </div>
   <div class='ocr_carea' id='block_1_68' title="bbox 1914 2045 3482 2119">
    <p class='ocr_par' dir='ltr' id='par_1_68' title="bbox 1914 2045 3482 2119">
     <span class='ocr_line' id='line_1_68' title="bbox 1914 2045 3482 2119; baseline 0.002 -20"><span class='ocrx_word' id='word_1_514' title='bbox 1914 2045 2082 2117; x_wconf 81' lang='lat' dir='ltr'><strong>legem</strong></span> <span class='ocrx_word' id='word_1_515' title='bbox 2117 2049 2476 2117; x_wconf 90' lang='lat' dir='ltr'><strong>sequebatur;</strong></span> <span class='ocrx_word' id='word_1_516' title='bbox 2509 2049 2606 2104; x_wconf 90' lang='lat' dir='ltr'><strong>sed</strong></span> <span class='ocrx_word' id='word_1_517' title='bbox 2640 2062 2897 2119; x_wconf 88' lang='lat' dir='ltr'><strong>tanquam</strong></span> <span class='ocrx_word' id='word_1_518' title='bbox 2945 2057 3154 2104; x_wconf 69' lang='lat' dir='ltr'><strong>natura:</strong></span> <span class='ocrx_word' id='word_1_519' title='bbox 3197 2049 3482 2108; x_wconf 74' lang='lat' dir='ltr'><strong>Dominus.</strong></span> 
     </span>
    </p>
   </div>
   <div class='ocr_carea' id='block_1_69' title="bbox 1914 2140 3485 2197">
    <p class='ocr_par' dir='ltr' id='par_1_69' title="bbox 1914 2140 3485 2197">
     <span class='ocr_line' id='line_1_69' title="bbox 1914 2140 3485 2197; baseline 0.003 -5"><span class='ocrx_word' id='word_1_520' title='bbox 1914 2154 2112 2194; x_wconf 89' lang='lat' dir='ltr'><strong>novum</strong></span> <span class='ocrx_word' id='word_1_521' title='bbox 2141 2141 2436 2196; x_wconf 83' lang='lat' dir='ltr'><strong>nativitatis</strong></span> <span class='ocrx_word' id='word_1_522' title='bbox 2486 2140 2698 2196; x_wconf 80' lang='lat' dir='ltr'><strong>induxit</strong></span> <span class='ocrx_word' id='word_1_523' title='bbox 2755 2143 2995 2196; x_wconf 86' lang='lat' dir='ltr'><strong>modum.</strong></span> <span class='ocrx_word' id='word_1_524' title='bbox 3039 2142 3291 2196; x_wconf 87' lang='lat' dir='ltr'><strong>Attamen</strong></span> <span class='ocrx_word' id='word_1_525' title='bbox 3321 2143 3485 2197; x_wconf 87' lang='lat' dir='ltr'><strong>homo</strong></span> 
     </span>
    </p>
   </div>
   <div class='ocr_carea' id='block_1_70' title="bbox 1915 2230 3484 2302">
    <p class='ocr_par' dir='ltr' id='par_1_70' title="bbox 1915 2230 3484 2302">
     <span class='ocr_line' id='line_1_70' title="bbox 1915 2230 3484 2302; baseline 0.001 -18"><span class='ocrx_word' id='word_1_526' title='bbox 1915 2231 2040 2286; x_wconf 88' lang='lat' dir='ltr'><strong>licet</strong></span> <span class='ocrx_word' id='word_1_527' title='bbox 2062 2230 2236 2286; x_wconf 79' lang='lat' dir='ltr'><strong>factus</strong></span> <span class='ocrx_word' id='word_1_528' title='bbox 2259 2233 2353 2296; x_wconf 92' lang='lat' dir='ltr'><strong>sit,</strong></span> <span class='ocrx_word' id='word_1_529' title='bbox 2390 2247 2497 2287; x_wconf 91' lang='lat' dir='ltr'><strong>non</strong></span> <span class='ocrx_word' id='word_1_530' title='bbox 2536 2240 2790 2302; x_wconf 83' lang='lat' dir='ltr'><strong>tanquam</strong></span> <span class='ocrx_word' id='word_1_531' title='bbox 2815 2233 2977 2286; x_wconf 83' lang='lat' dir='ltr'><strong>homo</strong></span> <span class='ocrx_word' id='word_1_532' title='bbox 3029 2233 3290 2287; x_wconf 85' lang='lat' dir='ltr'><strong>nascitur.</strong></span> <span class='ocrx_word' id='word_1_533' title='bbox 3348 2232 3484 2286; x_wconf 86' lang='lat' dir='ltr'><strong>Nam</strong></span> 
     </span>
    </p>
   </div>
   <div class='ocr_carea' id='block_1_71' title="bbox 1915 2321 3485 2394">
    <p class='ocr_par' dir='ltr' id='par_1_71' title="bbox 1915 2321 3485 2394">
     <span class='ocr_line' id='line_1_71' title="bbox 1915 2321 3485 2394; baseline 0.001 -18"><span class='ocrx_word' id='word_1_534' title='bbox 1915 2321 1960 2376; x_wconf 89' lang='lat' dir='ltr'><strong>si</strong></span> <span class='ocrx_word' id='word_1_535' title='bbox 1982 2337 2050 2377; x_wconf 78' lang='lat' dir='ltr'><strong>ex</strong></span> <span class='ocrx_word' id='word_1_536' title='bbox 2073 2323 2281 2393; x_wconf 90' lang='lat' dir='ltr'><strong>vulgari</strong></span> <span class='ocrx_word' id='word_1_537' title='bbox 2308 2324 2560 2394; x_wconf 89' lang='lat' dir='ltr'><strong>conjugio</strong></span> <span class='ocrx_word' id='word_1_538' title='bbox 2588 2324 2728 2379; x_wconf 85' lang='lat' dir='ltr'><strong>sicut</strong></span> <span class='ocrx_word' id='word_1_539' title='bbox 2758 2331 2812 2378; x_wconf 88' lang='lat' dir='ltr'><strong>et</strong></span> <span class='ocrx_word' id='word_1_540' title='bbox 2833 2339 2931 2393; x_wconf 85' lang='lat' dir='ltr'><strong>ego</strong></span> <span class='ocrx_word' id='word_1_541' title='bbox 2948 2324 3236 2393; x_wconf 90' lang='lat' dir='ltr'><strong>prodiisset</strong></span> <span class='ocrx_word' id='word_1_542' title='bbox 3257 2365 3271 2386; x_wconf 89' lang='lat'><strong>,</strong></span> <span class='ocrx_word' id='word_1_543' title='bbox 3300 2323 3352 2376; x_wconf 92' lang='lat' dir='ltr'><strong>id</strong></span> <span class='ocrx_word' id='word_1_544' title='bbox 3372 2340 3485 2378; x_wconf 88' lang='lat' dir='ltr'><strong>rem</strong></span> 
     </span>
    </p>
   </div>
   <div class='ocr_carea' id='block_1_72' title="bbox 1913 2413 3484 2471">
    <p class='ocr_par' dir='ltr' id='par_1_72' title="bbox 1913 2413 3484 2471">
     <span class='ocr_line' id='line_1_72' title="bbox 1913 2413 3484 2471; baseline 0.001 -1"><span class='ocrx_word' id='word_1_545' title='bbox 1913 2429 2035 2470; x_wconf 88' lang='lat' dir='ltr'><strong>esse</strong></span> <span class='ocrx_word' id='word_1_546' title='bbox 2083 2415 2366 2468; x_wconf 82' lang='lat' dir='ltr'><strong>conﬁctam</strong></span> <span class='ocrx_word' id='word_1_547' title='bbox 2415 2415 2570 2468; x_wconf 91' lang='lat' dir='ltr'><strong>multi</strong></span> <span class='ocrx_word' id='word_1_548' title='bbox 2625 2415 3051 2470; x_wconf 77' lang='lat' dir='ltr'><strong>existimassem.</strong></span> <span class='ocrx_word' id='word_1_549' title='bbox 3099 2413 3254 2469; x_wconf 88' lang='lat' dir='ltr'><strong>Nunc</strong></span> <span class='ocrx_word' id='word_1_550' title='bbox 3303 2425 3484 2471; x_wconf 88' lang='lat' dir='ltr'><strong>autem</strong></span> 
     </span>
    </p>
   </div>
   <div class='ocr_carea' id='block_1_73' title="bbox 1917 2505 3486 2577">
    <p class='ocr_par' dir='ltr' id='par_1_73' title="bbox 1917 2505 3486 2577">
     <span class='ocr_line' id='line_1_73' title="bbox 1917 2505 3486 2577; baseline 0.002 -19"><span class='ocrx_word' id='word_1_551' title='bbox 1917 2505 2038 2560; x_wconf 91' lang='lat' dir='ltr'><strong>ideo</strong></span> <span class='ocrx_word' id='word_1_552' title='bbox 2062 2521 2125 2560; x_wconf 77' lang='lat' dir='ltr'><strong>ex</strong></span> <span class='ocrx_word' id='word_1_553' title='bbox 2158 2505 2377 2577; x_wconf 83' lang='lat' dir='ltr'><strong>Virgine</strong></span> <span class='ocrx_word' id='word_1_554' title='bbox 2405 2507 2669 2571; x_wconf 87' lang='lat' dir='ltr'><strong>nascitur,</strong></span> <span class='ocrx_word' id='word_1_555' title='bbox 2705 2514 3044 2576; x_wconf 88' lang='lat' dir='ltr'><strong>matremque</strong></span> <span class='ocrx_word' id='word_1_556' title='bbox 3073 2518 3361 2562; x_wconf 81' lang='lat' dir='ltr'><strong>conservat</strong></span> <span class='ocrx_word' id='word_1_557' title='bbox 3417 2509 3486 2561; x_wconf 83' lang='lat' dir='ltr'><strong>il-</strong></span> 
     </span>
    </p>
   </div>
   <div class='ocr_carea' id='block_1_74' title="bbox 1915 2597 3485 2689">
    <p class='ocr_par' dir='ltr' id='par_1_74' title="bbox 1915 2597 3485 2689">
     <span class='ocr_line' id='line_1_74' title="bbox 1915 2597 3485 2689; baseline 0.001 -40"><span class='ocrx_word' id='word_1_558' title='bbox 1915 2597 2156 2658; x_wconf 86' lang='lat' dir='ltr'><strong>libatam,</strong></span> <span class='ocrx_word' id='word_1_559' title='bbox 2179 2612 2239 2651; x_wconf 88' lang='lat' dir='ltr'><strong>ac</strong></span> <span class='ocrx_word' id='word_1_560' title='bbox 2266 2599 2388 2666; x_wconf 88' lang='lat' dir='ltr'><strong>ejus</strong></span> <span class='ocrx_word' id='word_1_561' title='bbox 2408 2597 2773 2668; x_wconf 84' lang='lat' dir='ltr'><strong>virginitatem</strong></span> <span class='ocrx_word' id='word_1_562' title='bbox 2803 2597 3182 2689; x_wconf 50' lang='lat' dir='ltr'><strong>immuni</strong></span> <span class='ocrx_word' id='word_1_563' title='bbox 3206 2597 3485 2661; x_wconf 85' lang='lat' dir='ltr'><strong>custodit;</strong></span> 
     </span>
    </p>
   </div>
   <div class='ocr_carea' id='block_1_75' title="bbox 1917 2686 3484 2756">
    <p class='ocr_par' dir='ltr' id='par_1_75' title="bbox 1917 2686 3484 2756">
     <span class='ocr_line' id='line_1_75' title="bbox 1917 2686 3484 2756; baseline 0.001 -16"><span class='ocrx_word' id='word_1_564' title='bbox 1917 2693 1973 2740; x_wconf 90' lang='lat' dir='ltr'><strong>ut</strong></span> <span class='ocrx_word' id='word_1_565' title='bbox 2004 2687 2244 2742; x_wconf 86' lang='lat' dir='ltr'><strong>insolens</strong></span> <span class='ocrx_word' id='word_1_566' title='bbox 2272 2695 2460 2756; x_wconf 91' lang='lat' dir='ltr'><strong>partus</strong></span> <span class='ocrx_word' id='word_1_567' title='bbox 2485 2686 2701 2747; x_wconf 89' lang='lat' dir='ltr'><strong>modus,</strong></span> <span class='ocrx_word' id='word_1_568' title='bbox 2733 2701 2942 2756; x_wconf 57' lang='lat' dir='ltr'><strong>magna</strong></span> <span class='ocrx_word' id='word_1_569' title='bbox 2994 2686 3123 2740; x_wconf 82' lang='lat' dir='ltr'><strong>inihi</strong></span> <span class='ocrx_word' id='word_1_570' title='bbox 3182 2688 3302 2742; x_wconf 83' lang='lat' dir='ltr'><strong>ﬁdei</strong></span> <span class='ocrx_word' id='word_1_571' title='bbox 3327 2687 3484 2743; x_wconf 80' lang='lat' dir='ltr'><strong>foret.</strong></span> 
     </span>
    </p>
   </div>
   <div class='ocr_carea' id='block_1_76' title="bbox 1921 2775 3486 2847">
    <p class='ocr_par' dir='ltr' id='par_1_76' title="bbox 1921 2775 3486 2847">
     <span class='ocr_line' id='line_1_76' title="bbox 1921 2775 3486 2847; baseline -0.002 -15"><span class='ocrx_word' id='word_1_572' title='bbox 1921 2777 2070 2833; x_wconf 86' lang='lat' dir='ltr'><strong>Unde</strong></span> <span class='ocrx_word' id='word_1_573' title='bbox 2099 2777 2145 2832; x_wconf 91' lang='lat' dir='ltr'><strong>si</strong></span> <span class='ocrx_word' id='word_1_574' title='bbox 2173 2777 2254 2831; x_wconf 88' lang='lat' dir='ltr'><strong>vel</strong></span> <span class='ocrx_word' id='word_1_575' title='bbox 2275 2777 2516 2846; x_wconf 89' lang='lat' dir='ltr'><strong>gentilis,</strong></span> <span class='ocrx_word' id='word_1_576' title='bbox 2549 2777 2634 2831; x_wconf 85' lang='lat' dir='ltr'><strong>vel</strong></span> <span class='ocrx_word' id='word_1_577' title='bbox 2659 2775 2879 2831; x_wconf 68' lang='lat' dir='ltr'><strong>Judazus</strong></span> <span class='ocrx_word' id='word_1_578' title='bbox 2908 2791 2993 2829; x_wconf 89' lang='lat' dir='ltr'><strong>me</strong></span> <span class='ocrx_word' id='word_1_579' title='bbox 3018 2776 3328 2847; x_wconf 87' lang='lat' dir='ltr'><strong>interroget,</strong></span> <span class='ocrx_word' id='word_1_580' title='bbox 3355 2792 3486 2830; x_wconf 91' lang='lat' dir='ltr'><strong>num</strong></span> 
     </span>
    </p>
   </div>
   <div class='ocr_carea' id='block_1_77' title="bbox 1916 2867 3490 2933">
    <p class='ocr_par' dir='ltr' id='par_1_77' title="bbox 1916 2867 3490 2933">
     <span class='ocr_line' id='line_1_77' title="bbox 1916 2867 3490 2933; baseline -0.002 -7"><span class='ocrx_word' id='word_1_581' title='bbox 1916 2869 2168 2926; x_wconf 86' lang='lat' dir='ltr'><strong>Christus</strong></span> <span class='ocrx_word' id='word_1_582' title='bbox 2203 2869 2501 2924; x_wconf 88' lang='lat' dir='ltr'><strong>secundum</strong></span> <span class='ocrx_word' id='word_1_583' title='bbox 2533 2877 2790 2922; x_wconf 91' lang='lat' dir='ltr'><strong>naturam</strong></span> <span class='ocrx_word' id='word_1_584' title='bbox 2845 2869 3007 2922; x_wconf 93' lang='lat' dir='ltr'><strong>homo</strong></span> <span class='ocrx_word' id='word_1_585' title='bbox 3039 2867 3216 2923; x_wconf 84' lang='lat' dir='ltr'><strong>factus</strong></span> <span class='ocrx_word' id='word_1_586' title='bbox 3255 2870 3346 2933; x_wconf 91' lang='lat' dir='ltr'><strong>sit,</strong></span> <span class='ocrx_word' id='word_1_587' title='bbox 3394 2881 3490 2923; x_wconf 87' lang='lat' dir='ltr'><strong>aut</strong></span> 
     </span>
    </p>
   </div>
   <div class='ocr_carea' id='block_1_78' title="bbox 1917 2958 3491 3030">
    <p class='ocr_par' dir='ltr' id='par_1_78' title="bbox 1917 2958 3491 3030">
     <span class='ocr_line' id='line_1_78' title="bbox 1917 2958 3491 3030; baseline -0.003 -13"><span class='ocrx_word' id='word_1_588' title='bbox 1917 2971 2106 3017; x_wconf 90' lang='lat' dir='ltr'><strong>contra</strong></span> <span class='ocrx_word' id='word_1_589' title='bbox 2135 2975 2290 3016; x_wconf 88' lang='lat' dir='ltr'><strong>suam</strong></span> <span class='ocrx_word' id='word_1_590' title='bbox 2323 2969 2597 3023; x_wconf 88' lang='lat' dir='ltr'><strong>naturam,</strong></span> <span class='ocrx_word' id='word_1_591' title='bbox 2626 2975 2725 3030; x_wconf 88' lang='lat' dir='ltr'><strong>pro</strong></span> <span class='ocrx_word' id='word_1_592' title='bbox 2746 2959 3104 3028; x_wconf 86' lang='lat' dir='ltr'><strong>responsione</strong></span> <span class='ocrx_word' id='word_1_593' title='bbox 3141 2967 3336 3013; x_wconf 88' lang='lat' dir='ltr'><strong>testem</strong></span> <span class='ocrx_word' id='word_1_594' title='bbox 3385 2958 3491 3012; x_wconf 83' lang='lat' dir='ltr'><strong>hu-</strong></span> 
     </span>
    </p>
   </div>
   <div class='ocr_carea' id='block_1_79' title="bbox 1914 3034 3489 3122">
    <p class='ocr_par' dir='ltr' id='par_1_79' title="bbox 1914 3034 3489 3122">
     <span class='ocr_line' id='line_1_79' title="bbox 1914 3034 3489 3122; baseline -0.003 -16"><span class='ocrx_word' id='word_1_595' title='bbox 1914 3053 2071 3122; x_wconf 89' lang='lat' dir='ltr'><strong>jusce</strong></span> <span class='ocrx_word' id='word_1_596' title='bbox 2097 3053 2176 3108; x_wconf 87' lang='lat' dir='ltr'><strong>rei</strong></span> <span class='ocrx_word' id='word_1_597' title='bbox 2207 3053 2486 3108; x_wconf 88' lang='lat' dir='ltr'><strong>advocabo</strong></span> <span class='ocrx_word' id='word_1_598' title='bbox 2519 3034 2928 3105; x_wconf 65' lang='lat' dir='ltr'><strong>iinmaculatum</strong></span> <span class='ocrx_word' id='word_1_599' title='bbox 2943 3050 3274 3119; x_wconf 90' lang='lat' dir='ltr'><strong>virginitatis</strong></span> <span class='ocrx_word' id='word_1_600' title='bbox 3302 3053 3489 3120; x_wconf 83' lang='lat' dir='ltr'><strong>signa-</strong></span> 
     </span>
    </p>
   </div>
   <div class='ocr_carea' id='block_1_80' title="bbox 1842 3117 3382 3213">
    <p class='ocr_par' dir='ltr' id='par_1_80' title="bbox 1842 3117 3382 3213">
     <span class='ocr_line' id='line_1_80' title="bbox 1842 3117 3382 3213; baseline -0.005 -14"><span class='ocrx_word' id='word_1_601' title='bbox 1842 3117 1885 3176; x_wconf 66' lang='grc' dir='ltr'><strong>δ</strong></span> <span class='ocrx_word' id='word_1_602' title='bbox 1918 3145 2100 3199; x_wconf 88' lang='lat' dir='ltr'><strong>culum</strong></span> <span class='ocrx_word' id='word_1_603' title='bbox 2131 3165 2144 3200; x_wconf 90' lang='lat'>:</span> <span class='ocrx_word' id='word_1_604' title='bbox 2181 3147 2256 3198; x_wconf 91' lang='lat' dir='ltr'><strong>ita</strong></span> <span class='ocrx_word' id='word_1_605' title='bbox 2279 3157 2471 3213; x_wconf 88' lang='lat' dir='ltr'><strong>nempe</strong></span> <span class='ocrx_word' id='word_1_606' title='bbox 2504 3141 2649 3196; x_wconf 89' lang='lat' dir='ltr'><strong>Deus</strong></span> <span class='ocrx_word' id='word_1_607' title='bbox 2678 3149 2888 3195; x_wconf 79' lang='lat' dir='ltr'><strong>naturae</strong></span> <span class='ocrx_word' id='word_1_608' title='bbox 2925 3141 3382 3195; x_wconf 88' lang='lat' dir='ltr'><strong>vincitordinem.</strong></span> 
     </span>
    </p>
   </div>
   <div class='ocr_carea' id='block_1_81' title="bbox 1987 3229 3489 3302">
    <p class='ocr_par' dir='ltr' id='par_1_81' title="bbox 1987 3229 3489 3302">
     <span class='ocr_line' id='line_1_81' title="bbox 1987 3229 3489 3302; baseline -0.003 -13"><span class='ocrx_word' id='word_1_609' title='bbox 1987 3235 2042 3290; x_wconf 67' lang='lat'><strong>2.</strong></span> <span class='ocrx_word' id='word_1_610' title='bbox 2104 3236 2257 3300; x_wconf 85' lang='lat' dir='ltr'><strong>Quod</strong></span> <span class='ocrx_word' id='word_1_611' title='bbox 2282 3234 2328 3290; x_wconf 93' lang='lat' dir='ltr'><strong>si</strong></span> <span class='ocrx_word' id='word_1_612' title='bbox 2392 3235 2590 3299; x_wconf 88' lang='lat' dir='ltr'><strong>libeat,</strong></span> <span class='ocrx_word' id='word_1_613' title='bbox 2664 3232 2939 3302; x_wconf 86' lang='lat' dir='ltr'><strong>interroga</strong></span> <span class='ocrx_word' id='word_1_614' title='bbox 3005 3231 3222 3286; x_wconf 91' lang='lat' dir='ltr'><strong>beatum</strong></span> <span class='ocrx_word' id='word_1_615' title='bbox 3286 3229 3489 3284; x_wconf 87' lang='lat' dir='ltr'><strong>Luca</strong></span> 
     </span>
    </p>
   </div>
   <div class='ocr_carea' id='block_1_82' title="bbox 1918 3325 3491 3397">
    <p class='ocr_par' dir='ltr' id='par_1_82' title="bbox 1918 3325 3491 3397">
     <span class='ocr_line' id='line_1_82' title="bbox 1918 3325 3491 3397; baseline 0 -17"><span class='ocrx_word' id='word_1_616' title='bbox 1918 3326 2350 3395; x_wconf 80' lang='lat' dir='ltr'><strong>evangelistam,</strong></span> <span class='ocrx_word' id='word_1_617' title='bbox 2400 3325 2608 3393; x_wconf 88' lang='lat' dir='ltr'><strong>tibique</strong></span> <span class='ocrx_word' id='word_1_618' title='bbox 2664 3327 2753 3380; x_wconf 90' lang='lat' dir='ltr'><strong>ille</strong></span> <span class='ocrx_word' id='word_1_619' title='bbox 2807 3327 3156 3397; x_wconf 87' lang='lat' dir='ltr'><strong>respondebit</strong></span> <span class='ocrx_word' id='word_1_620' title='bbox 3187 3325 3255 3382; x_wconf 88' lang='lat' dir='ltr'><strong>de</strong></span> <span class='ocrx_word' id='word_1_621' title='bbox 3287 3326 3406 3395; x_wconf 84' lang='lat' dir='ltr'><strong>ejus</strong></span> <span class='ocrx_word' id='word_1_622' title='bbox 3433 3325 3491 3380; x_wconf 86' lang='lat' dir='ltr'><strong>in</strong></span> 
     </span>
    </p>
   </div>
   <div class='ocr_carea' id='block_1_83' title="bbox 1919 3413 3491 3483">
    <p class='ocr_par' dir='ltr' id='par_1_83' title="bbox 1919 3413 3491 3483">
     <span class='ocr_line' id='line_1_83' title="bbox 1919 3413 3491 3483; baseline 0.001 -15"><span class='ocrx_word' id='word_1_623' title='bbox 1919 3429 2082 3468; x_wconf 87' lang='lat' dir='ltr'><strong>carne</strong></span> <span class='ocrx_word' id='word_1_624' title='bbox 2109 3413 2432 3467; x_wconf 71' lang='lat' dir='ltr'><strong>meonomia.</strong></span> <span class='ocrx_word' id='word_1_625' title='bbox 2474 3414 2566 3468; x_wconf 82' lang='lat' dir='ltr'><strong>liis</strong></span> <span class='ocrx_word' id='word_1_626' title='bbox 2592 3415 2735 3468; x_wconf 89' lang='lat' dir='ltr'><strong>enim</strong></span> <span class='ocrx_word' id='word_1_627' title='bbox 2761 3415 2876 3483; x_wconf 86' lang='lat' dir='ltr'><strong>ipse</strong></span> <span class='ocrx_word' id='word_1_628' title='bbox 2908 3417 3088 3470; x_wconf 91' lang='lat' dir='ltr'><strong>verbis</strong></span> <span class='ocrx_word' id='word_1_629' title='bbox 3115 3416 3356 3470; x_wconf 88' lang='lat' dir='ltr'><strong>orditur:</strong></span> <span class='ocrx_word' id='word_1_630' title='bbox 3389 3435 3407 3467; x_wconf 78' lang='grc' dir='ltr'><strong>ι</strong></span> <span class='ocrx_word' id='word_1_631' title='bbox 3433 3413 3491 3470; x_wconf 79' lang='lat' dir='ltr'><strong>In</strong></span> 
     </span>
    </p>
   </div>
   <div class='ocr_carea' id='block_1_84' title="bbox 1920 3504 3492 3574">
    <p class='ocr_par' dir='ltr' id='par_1_84' title="bbox 1920 3504 3492 3574">
     <span class='ocr_line' id='line_1_84' title="bbox 1920 3504 3492 3574; baseline 0.001 -17"><span class='ocrx_word' id='word_1_632' title='bbox 1920 3520 2105 3559; x_wconf 88' lang='lat' dir='ltr'><strong>mense</strong></span> <span class='ocrx_word' id='word_1_633' title='bbox 2134 3511 2314 3558; x_wconf 89' lang='lat' dir='ltr'><strong>autem</strong></span> <span class='ocrx_word' id='word_1_634' title='bbox 2368 3509 2522 3556; x_wconf 76' lang='lat' dir='ltr'><strong>sexto</strong></span> <span class='ocrx_word' id='word_1_635' title='bbox 2551 3506 2925 3574; x_wconf 88' lang='lat' dir='ltr'><strong>conceptionis</strong></span> <span class='ocrx_word' id='word_1_636' title='bbox 2981 3504 3240 3569; x_wconf 88' lang='lat' dir='ltr'><strong>Elisabet,</strong></span> <span class='ocrx_word' id='word_1_637' title='bbox 3288 3505 3492 3560; x_wconf 89' lang='lat' dir='ltr'><strong>missus</strong></span> 
     </span>
    </p>
   </div>
   <div class='ocr_carea' id='block_1_85' title="bbox 1920 3593 3491 3665">
    <p class='ocr_par' dir='ltr' id='par_1_85' title="bbox 1920 3593 3491 3665">
     <span class='ocr_line' id='line_1_85' title="bbox 1920 3593 3491 3665; baseline -0.001 -16"><span class='ocrx_word' id='word_1_638' title='bbox 1920 3602 2000 3649; x_wconf 74' lang='lat' dir='ltr'><strong>est</strong></span> <span class='ocrx_word' id='word_1_639' title='bbox 2021 3594 2246 3665; x_wconf 89' lang='lat' dir='ltr'><strong>angelus</strong></span> <span class='ocrx_word' id='word_1_640' title='bbox 2281 3593 2496 3650; x_wconf 83' lang='lat' dir='ltr'><strong>Gabriel</strong></span> <span class='ocrx_word' id='word_1_641' title='bbox 2521 3609 2550 3647; x_wconf 91' lang='lat' dir='ltr'><strong>a</strong></span> <span class='ocrx_word' id='word_1_642' title='bbox 2584 3593 2693 3648; x_wconf 90' lang='lat' dir='ltr'><strong>Deo</strong></span> <span class='ocrx_word' id='word_1_643' title='bbox 2720 3599 2774 3647; x_wconf 90' lang='lat' dir='ltr'><strong>in</strong></span> <span class='ocrx_word' id='word_1_644' title='bbox 2809 3595 3081 3648; x_wconf 89' lang='lat' dir='ltr'><strong>civitatem</strong></span> <span class='ocrx_word' id='word_1_645' title='bbox 3113 3594 3366 3657; x_wconf 66' lang='lat' dir='ltr'><strong>Galilaaae,</strong></span> <span class='ocrx_word' id='word_1_646' title='bbox 3402 3596 3491 3650; x_wconf 88' lang='lat' dir='ltr'><strong>cui</strong></span> 
     </span>
    </p>
   </div>
   <div class='ocr_carea' id='block_1_86' title="bbox 1923 3681 3490 3754">
    <p class='ocr_par' dir='ltr' id='par_1_86' title="bbox 1923 3681 3490 3754">
     <span class='ocr_line' id='line_1_86' title="bbox 1923 3681 3490 3754; baseline 0.001 -18"><span class='ocrx_word' id='word_1_647' title='bbox 1923 3699 2118 3738; x_wconf 90' lang='lat' dir='ltr'><strong>nomen</strong></span> <span class='ocrx_word' id='word_1_648' title='bbox 2147 3681 2400 3747; x_wconf 85' lang='lat' dir='ltr'><strong>Nazaret,</strong></span> <span class='ocrx_word' id='word_1_649' title='bbox 2436 3683 2505 3737; x_wconf 87' lang='lat' dir='ltr'><strong>ad</strong></span> <span class='ocrx_word' id='word_1_650' title='bbox 2534 3683 2801 3754; x_wconf 88' lang='lat' dir='ltr'><strong>virginem</strong></span> <span class='ocrx_word' id='word_1_651' title='bbox 2836 3683 3220 3752; x_wconf 89' lang='lat' dir='ltr'><strong>desponsatam</strong></span> <span class='ocrx_word' id='word_1_652' title='bbox 3240 3685 3380 3748; x_wconf 87' lang='lat' dir='ltr'><strong>viro,</strong></span> <span class='ocrx_word' id='word_1_653' title='bbox 3399 3685 3490 3738; x_wconf 90' lang='lat' dir='ltr'><strong>cui</strong></span> 
     </span>
    </p>
   </div>
   <div class='ocr_carea' id='block_1_87' title="bbox 1922 3773 3492 3844">
    <p class='ocr_par' dir='ltr' id='par_1_87' title="bbox 1922 3773 3492 3844">
     <span class='ocr_line' id='line_1_87' title="bbox 1922 3773 3492 3844; baseline 0.002 -17"><span class='ocrx_word' id='word_1_654' title='bbox 1922 3789 2118 3828; x_wconf 90' lang='lat' dir='ltr'><strong>nomen</strong></span> <span class='ocrx_word' id='word_1_655' title='bbox 2153 3783 2269 3828; x_wconf 89' lang='lat' dir='ltr'><strong>erat</strong></span> <span class='ocrx_word' id='word_1_656' title='bbox 2292 3773 2514 3844; x_wconf 83' lang='lat' dir='ltr'><strong>Joseph,</strong></span> <span class='ocrx_word' id='word_1_657' title='bbox 2575 3785 2626 3829; x_wconf 91' lang='lat' dir='ltr'><strong>et</strong></span> <span class='ocrx_word' id='word_1_658' title='bbox 2671 3790 2869 3828; x_wconf 91' lang='lat' dir='ltr'><strong>nomen</strong></span> <span class='ocrx_word' id='word_1_659' title='bbox 2901 3775 3150 3844; x_wconf 85' lang='lat' dir='ltr'><strong>virginis,</strong></span> <span class='ocrx_word' id='word_1_660' title='bbox 3199 3774 3388 3828; x_wconf 76' lang='lat' dir='ltr'><strong>Maria.</strong></span> <span class='ocrx_word' id='word_1_661' title='bbox 3427 3775 3492 3830; x_wconf 82' lang='lat' dir='ltr'><strong>Et</strong></span> 
     </span>
    </p>
   </div>
   <div class='ocr_carea' id='block_1_88' title="bbox 1920 3863 3556 3934">
    <p class='ocr_par' dir='ltr' id='par_1_88' title="bbox 1920 3863 3556 3934">
     <span class='ocr_line' id='line_1_88' title="bbox 1920 3863 3556 3934; baseline 0.002 -18"><span class='ocrx_word' id='word_1_662' title='bbox 1920 3864 2200 3932; x_wconf 84' lang='lat' dir='ltr'><strong>ingressus</strong></span> <span class='ocrx_word' id='word_1_663' title='bbox 2232 3865 2458 3932; x_wconf 87' lang='lat' dir='ltr'><strong>angelus</strong></span> <span class='ocrx_word' id='word_1_664' title='bbox 2485 3863 2552 3918; x_wconf 90' lang='lat' dir='ltr'><strong>ad</strong></span> <span class='ocrx_word' id='word_1_665' title='bbox 2580 3879 2700 3917; x_wconf 90' lang='lat' dir='ltr'><strong>eam</strong></span> <span class='ocrx_word' id='word_1_666' title='bbox 2724 3865 2861 3918; x_wconf 80' lang='lat' dir='ltr'><strong>dixit</strong></span> <span class='ocrx_word' id='word_1_667' title='bbox 2897 3884 2910 3918; x_wconf 91' lang='lat'>:</span> <span class='ocrx_word' id='word_1_668' title='bbox 2943 3865 3078 3926; x_wconf 85' lang='lat' dir='ltr'><strong>Ave,</strong></span> <span class='ocrx_word' id='word_1_669' title='bbox 3099 3865 3275 3934; x_wconf 77' lang='lat' dir='ltr'><strong>gratia</strong></span> <span class='ocrx_word' id='word_1_670' title='bbox 3307 3867 3488 3934; x_wconf 90' lang='lat' dir='ltr'><strong>plena,</strong></span> <span class='ocrx_word' id='word_1_671' title='bbox 3519 3885 3556 3913; x_wconf 76' lang='grc' dir='ltr'><strong>ο</strong></span> 
     </span>
    </p>
   </div>
   <div class='ocr_carea' id='block_1_89' title="bbox 1921 3953 3492 4020">
    <p class='ocr_par' dir='ltr' id='par_1_89' title="bbox 1921 3953 3492 4020">
     <span class='ocr_line' id='line_1_89' title="bbox 1921 3953 3492 4020; baseline 0.001 -13"><span class='ocrx_word' id='word_1_672' title='bbox 1921 3953 2186 4008; x_wconf 88' lang='lat' dir='ltr'><strong>Dominus</strong></span> <span class='ocrx_word' id='word_1_673' title='bbox 2214 3961 2414 4008; x_wconf 86' lang='lat' dir='ltr'><strong>tecum.</strong></span> <span class='ocrx_word' id='word_1_674' title='bbox 2445 3953 2739 4009; x_wconf 90' lang='lat' dir='ltr'><strong>Benedicta</strong></span> <span class='ocrx_word' id='word_1_675' title='bbox 2772 3961 2828 4007; x_wconf 88' lang='lat' dir='ltr'><strong>tu</strong></span> <span class='ocrx_word' id='word_1_676' title='bbox 2859 3955 2914 4008; x_wconf 86' lang='lat' dir='ltr'><strong>in</strong></span> <span class='ocrx_word' id='word_1_677' title='bbox 2936 3955 3279 4010; x_wconf 88' lang='lat' dir='ltr'><strong>mulieribus.</strong></span> <span class='ocrx_word' id='word_1_678' title='bbox 3317 3955 3492 4020; x_wconf 85' lang='lat' dir='ltr'><strong>Quem</strong></span> 
     </span>
    </p>
   </div>
   <div class='ocr_carea' id='block_1_90' title="bbox 1922 4045 3495 4115">
    <p class='ocr_par' dir='ltr' id='par_1_90' title="bbox 1922 4045 3495 4115">
     <span class='ocr_line' id='line_1_90' title="bbox 1922 4045 3495 4115; baseline -0.001 -15"><span class='ocrx_word' id='word_1_679' title='bbox 1922 4061 2046 4100; x_wconf 90' lang='lat' dir='ltr'><strong>cum</strong></span> <span class='ocrx_word' id='word_1_680' title='bbox 2076 4046 2303 4102; x_wconf 88' lang='lat' dir='ltr'><strong>vidisset</strong></span> <span class='ocrx_word' id='word_1_681' title='bbox 2329 4045 2442 4108; x_wconf 90' lang='lat' dir='ltr'><strong>illa,</strong></span> <span class='ocrx_word' id='word_1_682' title='bbox 2479 4045 2697 4099; x_wconf 90' lang='lat' dir='ltr'><strong>turbata</strong></span> <span class='ocrx_word' id='word_1_683' title='bbox 2726 4054 2808 4100; x_wconf 93' lang='lat' dir='ltr'><strong>cst</strong></span> <span class='ocrx_word' id='word_1_684' title='bbox 2839 4045 2894 4098; x_wconf 93' lang='lat' dir='ltr'><strong>in</strong></span> <span class='ocrx_word' id='word_1_685' title='bbox 2938 4060 3187 4099; x_wconf 91' lang='lat' dir='ltr'><strong>sermone</strong></span> <span class='ocrx_word' id='word_1_686' title='bbox 3244 4045 3385 4115; x_wconf 89' lang='lat' dir='ltr'><strong>ejus,</strong></span> <span class='ocrx_word' id='word_1_687' title='bbox 3440 4055 3495 4100; x_wconf 91' lang='lat' dir='ltr'><strong>et</strong></span> 
     </span>
    </p>
   </div>
   <div class='ocr_carea' id='block_1_91' title="bbox 1923 4134 3495 4208">
    <p class='ocr_par' dir='ltr' id='par_1_91' title="bbox 1923 4134 3495 4208">
     <span class='ocr_line' id='line_1_91' title="bbox 1923 4134 3495 4208; baseline 0.001 -16"><span class='ocrx_word' id='word_1_688' title='bbox 1923 4138 2218 4208; x_wconf 90' lang='lat' dir='ltr'><strong>cogitabat,</strong></span> <span class='ocrx_word' id='word_1_689' title='bbox 2250 4137 2428 4207; x_wconf 85' lang='lat' dir='ltr'><strong>qualis</strong></span> <span class='ocrx_word' id='word_1_690' title='bbox 2461 4146 2606 4192; x_wconf 87' lang='lat' dir='ltr'><strong>esset</strong></span> <span class='ocrx_word' id='word_1_691' title='bbox 2636 4137 2735 4190; x_wconf 89' lang='lat' dir='ltr'><strong>ista</strong></span> <span class='ocrx_word' id='word_1_692' title='bbox 2758 4136 3035 4190; x_wconf 88' lang='lat' dir='ltr'><strong>salutatio.</strong></span> <span class='ocrx_word' id='word_1_693' title='bbox 3071 4134 3137 4188; x_wconf 89' lang='lat' dir='ltr'><strong>Et</strong></span> <span class='ocrx_word' id='word_1_694' title='bbox 3161 4135 3236 4190; x_wconf 88' lang='lat' dir='ltr'><strong>ait</strong></span> <span class='ocrx_word' id='word_1_695' title='bbox 3267 4139 3495 4207; x_wconf 77' lang='lat' dir='ltr'><strong>angelus</strong></span> 
     </span>
    </p>
   </div>
   <div class='ocr_carea' id='block_1_92' title="bbox 1923 4225 3498 4297">
    <p class='ocr_par' dir='ltr' id='par_1_92' title="bbox 1923 4225 3498 4297">
     <span class='ocr_line' id='line_1_92' title="bbox 1923 4225 3498 4297; baseline 0.001 -15"><span class='ocrx_word' id='word_1_696' title='bbox 1923 4230 1969 4282; x_wconf 78' lang='lat' dir='ltr'><strong>ei</strong></span> <span class='ocrx_word' id='word_1_697' title='bbox 2005 4244 2018 4279; x_wconf 91' lang='lat'>:</span> <span class='ocrx_word' id='word_1_698' title='bbox 2056 4227 2135 4282; x_wconf 82' lang='lat' dir='ltr'><strong>Ne</strong></span> <span class='ocrx_word' id='word_1_699' title='bbox 2171 4231 2387 4291; x_wconf 88' lang='lat' dir='ltr'><strong>timeas,</strong></span> <span class='ocrx_word' id='word_1_700' title='bbox 2413 4227 2613 4294; x_wconf 82' lang='lat' dir='ltr'><strong>Maria;</strong></span> <span class='ocrx_word' id='word_1_701' title='bbox 2645 4226 2896 4281; x_wconf 89' lang='lat' dir='ltr'><strong>invenisti</strong></span> <span class='ocrx_word' id='word_1_702' title='bbox 2921 4225 3066 4280; x_wconf 89' lang='lat' dir='ltr'><strong>enim</strong></span> <span class='ocrx_word' id='word_1_703' title='bbox 3097 4225 3324 4296; x_wconf 87' lang='lat' dir='ltr'><strong>gratiam</strong></span> <span class='ocrx_word' id='word_1_704' title='bbox 3352 4227 3498 4297; x_wconf 86' lang='lat' dir='ltr'><strong>apud</strong></span> 
     </span>
    </p>
   </div>
   <div class='ocr_carea' id='block_1_93' title="bbox 1928 4304 3492 4392">
    <p class='ocr_par' dir='ltr' id='par_1_93' title="bbox 1928 4304 3492 4392">
     <span class='ocr_line' id='line_1_93' title="bbox 1928 4304 3492 4392; baseline -0.002 -15"><span class='ocrx_word' id='word_1_705' title='bbox 1928 4323 2116 4378; x_wconf 87' lang='lat' dir='ltr'><strong>Deum.</strong></span> <span class='ocrx_word' id='word_1_706' title='bbox 2145 4323 2212 4377; x_wconf 87' lang='lat' dir='ltr'><strong>Et</strong></span> <span class='ocrx_word' id='word_1_707' title='bbox 2237 4339 2363 4378; x_wconf 89' lang='lat' dir='ltr'><strong>ecce</strong></span> <span class='ocrx_word' id='word_1_708' title='bbox 2394 4323 2672 4392; x_wconf 87' lang='lat' dir='ltr'><strong>concipies</strong></span> <span class='ocrx_word' id='word_1_709' title='bbox 2722 4323 2778 4375; x_wconf 91' lang='lat' dir='ltr'><strong>in</strong></span> <span class='ocrx_word' id='word_1_710' title='bbox 2805 4329 2963 4376; x_wconf 89' lang='lat' dir='ltr'><strong>utero</strong></span> <span class='ocrx_word' id='word_1_711' title='bbox 2989 4327 3044 4375; x_wconf 90' lang='lat' dir='ltr'><strong>et</strong></span> <span class='ocrx_word' id='word_1_712' title='bbox 3087 4323 3268 4390; x_wconf 86' lang='lat' dir='ltr'><strong>paries</strong></span> <span class='ocrx_word' id='word_1_713' title='bbox 3300 4304 3492 4381; x_wconf 69' lang='lat' dir='ltr'><strong>fuﬁum.</strong></span> 
     </span>
    </p>
   </div>
   <div class='ocr_carea' id='block_1_94' title="bbox 1927 4411 3498 4484">
    <p class='ocr_par' dir='ltr' id='par_1_94' title="bbox 1927 4411 3498 4484">
     <span class='ocr_line' id='line_1_94' title="bbox 1927 4411 3498 4484; baseline -0.001 -18"><span class='ocrx_word' id='word_1_714' title='bbox 1927 4426 1979 4468; x_wconf 88' lang='lat' dir='ltr'><strong>et</strong></span> <span class='ocrx_word' id='word_1_715' title='bbox 2016 4415 2240 4470; x_wconf 90' lang='lat' dir='ltr'><strong>vocabis</strong></span> <span class='ocrx_word' id='word_1_716' title='bbox 2270 4430 2465 4470; x_wconf 82' lang='lat' dir='ltr'><strong>nomen</strong></span> <span class='ocrx_word' id='word_1_717' title='bbox 2496 4415 2615 4484; x_wconf 91' lang='lat' dir='ltr'><strong>ejus</strong></span> <span class='ocrx_word' id='word_1_718' title='bbox 2665 4411 2874 4468; x_wconf 74' lang='lat' dir='ltr'><strong>Iesum.</strong></span> <span class='ocrx_word' id='word_1_719' title='bbox 2916 4411 3016 4466; x_wconf 87' lang='lat' dir='ltr'><strong>Hic</strong></span> <span class='ocrx_word' id='word_1_720' title='bbox 3046 4413 3150 4466; x_wconf 87' lang='lat' dir='ltr'><strong>erit</strong></span> <span class='ocrx_word' id='word_1_721' title='bbox 3193 4428 3422 4483; x_wconf 87' lang='lat' dir='ltr'><strong>magnus</strong></span> <span class='ocrx_word' id='word_1_722' title='bbox 3443 4419 3498 4465; x_wconf 77' lang='lat' dir='ltr'><strong>et</strong></span> 
     </span>
    </p>
   </div>
   <div class='ocr_carea' id='block_1_95' title="bbox 234 4497 1818 4574">
    <p class='ocr_par' dir='ltr' id='par_1_95' title="bbox 234 4497 1818 4574">
     <span class='ocr_line' id='line_1_95' title="bbox 234 4497 1818 4574; baseline -0.001 -18"><span class='ocrx_word' id='word_1_723' title='bbox 234 4506 328 4556; x_wconf 77' lang='grc' dir='ltr'>καὶ</span> <span class='ocrx_word' id='word_1_724' title='bbox 377 4507 640 4568; x_wconf 84' lang='grc' dir='ltr'>καλέσεις</span> <span class='ocrx_word' id='word_1_725' title='bbox 686 4503 746 4556; x_wconf 88' lang='grc' dir='ltr'><strong>τὸ</strong></span> <span class='ocrx_word' id='word_1_726' title='bbox 781 4504 949 4574; x_wconf 79' lang='grc' dir='ltr'>ὄνομα</span> <span class='ocrx_word' id='word_1_727' title='bbox 993 4503 1156 4557; x_wconf 81' lang='grc' dir='ltr'>αὐτοῦ</span> <span class='ocrx_word' id='word_1_728' title='bbox 1201 4503 1424 4574; x_wconf 78' lang='grc' dir='ltr'>Ἰησοῦν.</span> <span class='ocrx_word' id='word_1_729' title='bbox 1454 4497 1622 4567; x_wconf 76' lang='grc' dir='ltr'>Οὗτος</span> <span class='ocrx_word' id='word_1_730' title='bbox 1668 4503 1818 4556; x_wconf 76' lang='grc' dir='ltr'>ἔσται</span> 
     </span>
    </p>
   </div>
   <div class='ocr_carea' id='block_1_96' title="bbox 1918 4497 3496 4574">
    <p class='ocr_par' dir='ltr' id='par_1_96' title="bbox 1926 4501 3496 4568">
     <span class='ocr_line' id='line_1_96' title="bbox 1926 4501 3496 4568; baseline 0.001 -12"><span class='ocrx_word' id='word_1_731' title='bbox 1926 4503 2097 4560; x_wconf 85' lang='lat' dir='ltr'><strong>Filius</strong></span> <span class='ocrx_word' id='word_1_732' title='bbox 2155 4505 2423 4560; x_wconf 84' lang='lat' dir='ltr'><strong>Altissimi</strong></span> <span class='ocrx_word' id='word_1_733' title='bbox 2483 4504 2790 4568; x_wconf 87' lang='lat' dir='ltr'><strong>vocabitur,</strong></span> <span class='ocrx_word' id='word_1_734' title='bbox 2822 4511 2876 4558; x_wconf 88' lang='lat' dir='ltr'><strong>et</strong></span> <span class='ocrx_word' id='word_1_735' title='bbox 2905 4503 3055 4557; x_wconf 86' lang='lat' dir='ltr'><strong>dabit</strong></span> <span class='ocrx_word' id='word_1_736' title='bbox 3106 4502 3183 4555; x_wconf 92' lang='lat' dir='ltr'><strong>illi</strong></span> <span class='ocrx_word' id='word_1_737' title='bbox 3232 4501 3496 4557; x_wconf 89' lang='lat' dir='ltr'><strong>Dominus</strong></span> 
     </span>
    </p>
   </div>
   <div class='ocr_carea' id='block_1_97' title="bbox 235 4594 1822 4670">
    <p class='ocr_par' dir='ltr' id='par_1_97' title="bbox 235 4594 1822 4670">
     <span class='ocr_line' id='line_1_97' title="bbox 235 4594 1822 4670; baseline 0.001 -23"><span class='ocrx_word' id='word_1_738' title='bbox 235 4601 408 4670; x_wconf 73' lang='grc' dir='ltr'>μέγας</span> <span class='ocrx_word' id='word_1_739' title='bbox 432 4599 533 4653; x_wconf 73' lang='grc' dir='ltr'><strong>καὶ</strong></span> <span class='ocrx_word' id='word_1_740' title='bbox 576 4596 704 4659; x_wconf 86' lang='grc' dir='ltr'>Υἱὸς</span> <span class='ocrx_word' id='word_1_741' title='bbox 745 4595 999 4664; x_wconf 71' lang='grc' dir='ltr'>Ὑψίστου</span> <span class='ocrx_word' id='word_1_742' title='bbox 1033 4594 1380 4666; x_wconf 87' lang='grc' dir='ltr'>κληθήσεται,</span> <span class='ocrx_word' id='word_1_743' title='bbox 1410 4596 1504 4648; x_wconf 75' lang='grc' dir='ltr'>καὶ</span> <span class='ocrx_word' id='word_1_744' title='bbox 1534 4594 1693 4647; x_wconf 83' lang='grc' dir='ltr'>δώσει</span> <span class='ocrx_word' id='word_1_745' title='bbox 1722 4595 1822 4648; x_wconf 81' lang='grc' dir='ltr'>αὑ-</span> 
     </span>
    </p>
   </div>
   <div class='ocr_carea' id='block_1_98' title="bbox 230 4685 1824 4765">
    <p class='ocr_par' dir='ltr' id='par_1_98' title="bbox 230 4685 1824 4765">
     <span class='ocr_line' id='line_1_98' title="bbox 230 4685 1824 4765; baseline -0.004 -21"><span class='ocrx_word' id='word_1_746' title='bbox 230 4693 308 4761; x_wconf 84' lang='grc' dir='ltr'>τῷ</span> <span class='ocrx_word' id='word_1_747' title='bbox 331 4693 546 4765; x_wconf 79' lang='grc' dir='ltr'>Κύριος</span> <span class='ocrx_word' id='word_1_748' title='bbox 589 4689 618 4741; x_wconf 88' lang='lat'><strong>6</strong></span> <span class='ocrx_word' id='word_1_749' title='bbox 647 4687 776 4750; x_wconf 85' lang='grc' dir='ltr'>Θεὸς</span> <span class='ocrx_word' id='word_1_750' title='bbox 806 4687 896 4740; x_wconf 89' lang='grc' dir='ltr'><strong>τὸν</strong></span> <span class='ocrx_word' id='word_1_751' title='bbox 935 4685 1122 4757; x_wconf 88' lang='grc' dir='ltr'>θρόνον</span> <span class='ocrx_word' id='word_1_752' title='bbox 1155 4685 1316 4739; x_wconf 81' lang='grc' dir='ltr'>Δαυῒδ</span> <span class='ocrx_word' id='word_1_753' title='bbox 1357 4685 1450 4738; x_wconf 88' lang='grc' dir='ltr'><strong>τοῦ</strong></span> <span class='ocrx_word' id='word_1_754' title='bbox 1495 4687 1700 4757; x_wconf 89' lang='grc' dir='ltr'>πατρὸς</span> <span class='ocrx_word' id='word_1_755' title='bbox 1727 4686 1824 4738; x_wconf 80' lang='grc' dir='ltr'><strong>αὐ-</strong></span> 
     </span>
    </p>
   </div>
   <div class='ocr_carea' id='block_1_99' title="bbox 231 4773 1822 4853">
    <p class='ocr_par' dir='ltr' id='par_1_99' title="bbox 231 4773 1822 4853">
     <span class='ocr_line' id='line_1_99' title="bbox 231 4773 1822 4853; baseline -0.004 -17"><span class='ocrx_word' id='word_1_756' title='bbox 231 4785 346 4837; x_wconf 87' lang='grc' dir='ltr'>τοῦ.</span> <span class='ocrx_word' id='word_1_757' title='bbox 366 4785 482 4838; x_wconf 76' lang='grc' dir='ltr'>Καὶ</span> <span class='ocrx_word' id='word_1_758' title='bbox 510 4779 817 4853; x_wconf 78' lang='grc' dir='ltr'>βασιλεύσει</span> <span class='ocrx_word' id='word_1_759' title='bbox 847 4779 938 4831; x_wconf 73' lang='grc' dir='ltr'><strong>ἐπὶ</strong></span> <span class='ocrx_word' id='word_1_760' title='bbox 957 4779 1047 4830; x_wconf 87' lang='grc' dir='ltr'><strong>τὸν</strong></span> <span class='ocrx_word' id='word_1_761' title='bbox 1075 4773 1219 4830; x_wconf 86' lang='grc' dir='ltr'>οἷκον</span> <span class='ocrx_word' id='word_1_762' title='bbox 1249 4775 1441 4830; x_wconf 80' lang='grc' dir='ltr'>Ἰακὼϐ</span> <span class='ocrx_word' id='word_1_763' title='bbox 1471 4779 1548 4839; x_wconf 89' lang='grc' dir='ltr'><strong>εἰς</strong></span> <span class='ocrx_word' id='word_1_764' title='bbox 1580 4779 1705 4840; x_wconf 84' lang='grc' dir='ltr'>τοὺς</span> <span class='ocrx_word' id='word_1_765' title='bbox 1735 4778 1822 4830; x_wconf 85' lang='grc' dir='ltr'>αἰ-</span> 
     </span>
    </p>
   </div>
   <div class='ocr_carea' id='block_1_100' title="bbox 231 4864 1824 4942">
    <p class='ocr_par' dir='ltr' id='par_1_100' title="bbox 231 4864 1824 4942">
     <span class='ocr_line' id='line_1_100' title="bbox 231 4864 1824 4942; baseline -0.004 -15"><span class='ocrx_word' id='word_1_766' title='bbox 231 4877 399 4941; x_wconf 83' lang='grc' dir='ltr'>ῶνας,</span> <span class='ocrx_word' id='word_1_767' title='bbox 426 4875 529 4928; x_wconf 77' lang='grc' dir='ltr'>καὶ</span> <span class='ocrx_word' id='word_1_768' title='bbox 555 4873 658 4942; x_wconf 83' lang='grc' dir='ltr'>τῆς</span> <span class='ocrx_word' id='word_1_769' title='bbox 696 4870 969 4940; x_wconf 88' lang='grc' dir='ltr'>βασιλείας</span> <span class='ocrx_word' id='word_1_770' title='bbox 995 4867 1158 4921; x_wconf 83' lang='grc' dir='ltr'>αὑτοῦ</span> <span class='ocrx_word' id='word_1_771' title='bbox 1195 4870 1296 4921; x_wconf 83' lang='grc' dir='ltr'><strong>οὐκ</strong></span> <span class='ocrx_word' id='word_1_772' title='bbox 1323 4869 1473 4921; x_wconf 77' lang='grc' dir='ltr'>ἔσται</span> <span class='ocrx_word' id='word_1_773' title='bbox 1502 4869 1669 4932; x_wconf 68' lang='grc' dir='ltr'>τέλος.</span> <span class='ocrx_word' id='word_1_774' title='bbox 1690 4864 1824 4921; x_wconf 79' lang='grc' dir='ltr'>Εἶπε</span> 
     </span>
    </p>
   </div>
   <div class='ocr_carea' id='block_1_101' title="bbox 230 4959 1819 5038">
    <p class='ocr_par' dir='ltr' id='par_1_101' title="bbox 230 4959 1819 5038">
     <span class='ocr_line' id='line_1_101' title="bbox 230 4959 1819 5038; baseline -0.003 -20"><span class='ocrx_word' id='word_1_775' title='bbox 230 4967 285 5020; x_wconf 82' lang='grc' dir='ltr'>δὲ</span> <span class='ocrx_word' id='word_1_776' title='bbox 324 4967 566 5038; x_wconf 79' lang='grc' dir='ltr'>Μαριὰμ</span> <span class='ocrx_word' id='word_1_777' title='bbox 607 4961 744 5034; x_wconf 86' lang='grc' dir='ltr'>πρὸς</span> <span class='ocrx_word' id='word_1_778' title='bbox 768 4962 858 5014; x_wconf 87' lang='grc' dir='ltr'><strong>τὸν</strong></span> <span class='ocrx_word' id='word_1_779' title='bbox 886 4960 1144 5028; x_wconf 59' lang='grc' dir='ltr'>ἄγγελον</span> <span class='ocrx_word' id='word_1_780' title='bbox 1183 4959 1308 5022; x_wconf 83' lang='grc' dir='ltr'><strong>Πῶς</strong></span> <span class='ocrx_word' id='word_1_781' title='bbox 1341 4959 1491 5012; x_wconf 73' lang='grc' dir='ltr'>ἔσται</span> <span class='ocrx_word' id='word_1_782' title='bbox 1527 4977 1615 5029; x_wconf 88' lang='grc' dir='ltr'><strong>μοι</strong></span> <span class='ocrx_word' id='word_1_783' title='bbox 1641 4960 1819 5023; x_wconf 88' lang='grc' dir='ltr'>τοῦτο,</span> 
     </span>
    </p>
   </div>
   <div class='ocr_carea' id='block_1_102' title="bbox 233 5051 1824 5130">
    <p class='ocr_par' dir='ltr' id='par_1_102' title="bbox 233 5051 1824 5130">
     <span class='ocr_line' id='line_1_102' title="bbox 233 5051 1824 5130; baseline -0.006 -18"><span class='ocrx_word' id='word_1_784' title='bbox 233 5059 356 5112; x_wconf 69' lang='grc' dir='ltr'>ἐπεὶ</span> <span class='ocrx_word' id='word_1_785' title='bbox 387 5061 568 5130; x_wconf 82' lang='grc' dir='ltr'>ἄνδρα</span> <span class='ocrx_word' id='word_1_786' title='bbox 599 5057 662 5109; x_wconf 77' lang='grc' dir='ltr'>οὐ</span> <span class='ocrx_word' id='word_1_787' title='bbox 715 5055 1003 5122; x_wconf 81' lang='grc' dir='ltr'>γινώσκω;</span> <span class='ocrx_word' id='word_1_788' title='bbox 1044 5053 1153 5106; x_wconf 74' lang='grc' dir='ltr'><strong>Καὶ</strong></span> <span class='ocrx_word' id='word_1_789' title='bbox 1190 5052 1506 5123; x_wconf 81' lang='grc' dir='ltr'>ἀποκριθεὶς</span> <span class='ocrx_word' id='word_1_790' title='bbox 1536 5053 1564 5103; x_wconf 87' lang='lat'><strong>6</strong></span> <span class='ocrx_word' id='word_1_791' title='bbox 1596 5051 1824 5120; x_wconf 80' lang='grc' dir='ltr'>ἄγγελος</span> 
     </span>
    </p>
   </div>
   <div class='ocr_carea' id='block_1_103' title="bbox 233 5143 1824 5220">
    <p class='ocr_par' dir='ltr' id='par_1_103' title="bbox 233 5143 1824 5220">
     <span class='ocr_line' id='line_1_103' title="bbox 233 5143 1824 5220; baseline -0.006 -15"><span class='ocrx_word' id='word_1_792' title='bbox 233 5149 385 5204; x_wconf 78' lang='grc' dir='ltr'>εἶπεν</span> <span class='ocrx_word' id='word_1_793' title='bbox 413 5152 595 5220; x_wconf 76' lang='grc' dir='ltr'>αὑτῇο</span> <span class='ocrx_word' id='word_1_794' title='bbox 629 5147 852 5217; x_wconf 86' lang='grc' dir='ltr'>Πνεῦμα</span> <span class='ocrx_word' id='word_1_795' title='bbox 882 5147 1034 5214; x_wconf 71' lang='grc' dir='ltr'>ἅγιον</span> <span class='ocrx_word' id='word_1_796' title='bbox 1083 5143 1433 5198; x_wconf 82' lang='grc' dir='ltr'>ἐπελεύσεται</span> <span class='ocrx_word' id='word_1_797' title='bbox 1478 5143 1568 5196; x_wconf 80' lang='grc' dir='ltr'><strong>ἐπὶ</strong></span> <span class='ocrx_word' id='word_1_798' title='bbox 1603 5145 1682 5208; x_wconf 83' lang='grc' dir='ltr'><strong>σὲ,</strong></span> <span class='ocrx_word' id='word_1_799' title='bbox 1729 5144 1824 5197; x_wconf 78' lang='grc' dir='ltr'>καὶ</span> 
     </span>
    </p>
   </div>
   <div class='ocr_carea' id='block_1_104' title="bbox 232 5234 1824 5312">
    <p class='ocr_par' dir='ltr' id='par_1_104' title="bbox 232 5234 1824 5312">
     <span class='ocr_line' id='line_1_104' title="bbox 232 5234 1824 5312; baseline -0.006 -17"><span class='ocrx_word' id='word_1_800' title='bbox 232 5240 748 5312; x_wconf 70' lang='grc' dir='ltr'>δύναμιςὙψίστου</span> <span class='ocrx_word' id='word_1_801' title='bbox 779 5235 1085 5289; x_wconf 81' lang='grc' dir='ltr'>ἐπισκιάσει</span> <span class='ocrx_word' id='word_1_802' title='bbox 1104 5252 1205 5290; x_wconf 90' lang='grc' dir='ltr'>σοι.</span> <span class='ocrx_word' id='word_1_803' title='bbox 1237 5253 1255 5285; x_wconf 74' lang='lat' dir='ltr'><strong>r</strong></span> <span class='ocrx_word' id='word_1_804' title='bbox 1278 5235 1456 5288; x_wconf 72' lang='grc' dir='ltr'>...Καὶ</span> <span class='ocrx_word' id='word_1_805' title='bbox 1481 5234 1824 5305; x_wconf 88' lang='grc' dir='ltr'>δυσχεραίνε-</span> 
     </span>
    </p>
   </div>
   <div class='ocr_carea' id='block_1_105' title="bbox 233 5325 1824 5402">
    <p class='ocr_par' dir='ltr' id='par_1_105' title="bbox 233 5325 1824 5402">
     <span class='ocr_line' id='line_1_105' title="bbox 233 5325 1824 5402; baseline -0.005 -17"><span class='ocrx_word' id='word_1_806' title='bbox 233 5349 340 5386; x_wconf 85' lang='grc' dir='ltr'>ται.</span> <span class='ocrx_word' id='word_1_807' title='bbox 380 5331 658 5402; x_wconf 77' lang='grc' dir='ltr'>Εἰσῆλθεν</span> <span class='ocrx_word' id='word_1_808' title='bbox 699 5331 962 5399; x_wconf 80' lang='grc' dir='ltr'>ἄσαρκος,</span> <span class='ocrx_word' id='word_1_809' title='bbox 1023 5325 1364 5396; x_wconf 79' lang='grc' dir='ltr'>ἐκυοφορήθη</span> <span class='ocrx_word' id='word_1_810' title='bbox 1418 5327 1824 5396; x_wconf 81' lang='grc' dir='ltr'>ὲννεαμηνιαῖον</span> 
     </span>
    </p>
   </div>
   <div class='ocr_carea' id='block_1_106' title="bbox 236 5417 1827 5495">
    <p class='ocr_par' dir='ltr' id='par_1_106' title="bbox 236 5417 1827 5495">
     <span class='ocr_line' id='line_1_106' title="bbox 236 5417 1827 5495; baseline -0.006 -16"><span class='ocrx_word' id='word_1_811' title='bbox 236 5427 426 5495; x_wconf 80' lang='grc' dir='ltr'>χρόνον</span> <span class='ocrx_word' id='word_1_812' title='bbox 450 5426 514 5477; x_wconf 84' lang='grc' dir='ltr'><strong>ἐν</strong></span> <span class='ocrx_word' id='word_1_813' title='bbox 545 5427 614 5494; x_wconf 75' lang='grc' dir='ltr'>τῇ</span> <span class='ocrx_word' id='word_1_814' title='bbox 647 5423 828 5493; x_wconf 74' lang='grc' dir='ltr'>μήτρᾳ</span> <span class='ocrx_word' id='word_1_815' title='bbox 858 5421 957 5490; x_wconf 78' lang='grc' dir='ltr'>τῆς</span> <span class='ocrx_word' id='word_1_816' title='bbox 989 5417 1286 5487; x_wconf 86' lang='grc' dir='ltr'>Παρθένου.</span> <span class='ocrx_word' id='word_1_817' title='bbox 1313 5417 1572 5488; x_wconf 81' lang='grc' dir='ltr'>Εἰσῆλθεν</span> <span class='ocrx_word' id='word_1_818' title='bbox 1599 5419 1672 5480; x_wconf 82' lang='grc' dir='ltr'>ὡς</span> <span class='ocrx_word' id='word_1_819' title='bbox 1700 5417 1827 5488; x_wconf 71' lang='grc' dir='ltr'>ἠθέ-</span> 
     </span>
    </p>
   </div>
   <div class='ocr_carea' id='block_1_107' title="bbox 234 5509 1826 5590">
    <p class='ocr_par' dir='ltr' id='par_1_107' title="bbox 234 5509 1826 5590">
     <span class='ocr_line' id='line_1_107' title="bbox 234 5509 1826 5590; baseline -0.004 -22"><span class='ocrx_word' id='word_1_820' title='bbox 234 5515 420 5588; x_wconf 79' lang='grc' dir='ltr'>λησεν,</span> <span class='ocrx_word' id='word_1_821' title='bbox 454 5513 809 5590; x_wconf 79' lang='grc' dir='ltr'>ἐκυοφορήθη</span> <span class='ocrx_word' id='word_1_822' title='bbox 837 5511 911 5576; x_wconf 84' lang='grc' dir='ltr'>ὡς</span> <span class='ocrx_word' id='word_1_823' title='bbox 945 5510 1230 5582; x_wconf 77' lang='grc' dir='ltr'>ηὐδόκησε.</span> <span class='ocrx_word' id='word_1_824' title='bbox 1257 5509 1530 5580; x_wconf 77' lang='grc' dir='ltr'>Προῆλθεν</span> <span class='ocrx_word' id='word_1_825' title='bbox 1562 5509 1636 5572; x_wconf 78' lang='grc' dir='ltr'>ὡς</span> <span class='ocrx_word' id='word_1_826' title='bbox 1671 5509 1826 5562; x_wconf 78' lang='grc' dir='ltr'>ἐδου-</span> 
     </span>
    </p>
   </div>
   <div class='ocr_carea' id='block_1_108' title="bbox 307 5690 834 5760">
    <p class='ocr_par' dir='ltr' id='par_1_108' title="bbox 307 5690 834 5760">
     <span class='ocr_line' id='line_1_108' title="bbox 307 5690 834 5760; baseline -0.011 -9"><span class='ocrx_word' id='word_1_827' title='bbox 307 5698 355 5727; x_wconf 80' lang='grc'>²⁸</span> <span class='ocrx_word' id='word_1_828' title='bbox 393 5696 537 5750; x_wconf 87' lang='lat' dir='ltr'><strong>Luc.</strong></span> <span class='ocrx_word' id='word_1_829' title='bbox 575 5709 616 5760; x_wconf 93' lang='grc' dir='ltr'><strong>ι,</strong></span> <span class='ocrx_word' id='word_1_830' title='bbox 646 5690 834 5746; x_wconf 72' lang='lat'><strong>26-35.</strong></span> 
     </span>
    </p>
   </div>
   <div class='ocr_carea' id='block_1_109' title="bbox 1925 4593 3493 4662">
    <p class='ocr_par' dir='ltr' id='par_1_109' title="bbox 1925 4593 3493 4662">
     <span class='ocr_line' id='line_1_109' title="bbox 1925 4593 3493 4662; baseline -0.003 -12"><span class='ocrx_word' id='word_1_831' title='bbox 1925 4597 2068 4652; x_wconf 88' lang='lat' dir='ltr'><strong>Deus</strong></span> <span class='ocrx_word' id='word_1_832' title='bbox 2096 4597 2354 4651; x_wconf 91' lang='lat' dir='ltr'><strong>thronum</strong></span> <span class='ocrx_word' id='word_1_833' title='bbox 2393 4595 2563 4650; x_wconf 91' lang='lat' dir='ltr'><strong>David</strong></span> <span class='ocrx_word' id='word_1_834' title='bbox 2614 4593 2794 4650; x_wconf 85' lang='lat' dir='ltr'><strong>Patris</strong></span> <span class='ocrx_word' id='word_1_835' title='bbox 2846 4594 2990 4662; x_wconf 89' lang='lat' dir='ltr'><strong>ejus,</strong></span> <span class='ocrx_word' id='word_1_836' title='bbox 3031 4599 3086 4647; x_wconf 92' lang='lat' dir='ltr'><strong>et</strong></span> <span class='ocrx_word' id='word_1_837' title='bbox 3144 4593 3388 4662; x_wconf 89' lang='lat' dir='ltr'><strong>regnabit</strong></span> <span class='ocrx_word' id='word_1_838' title='bbox 3438 4593 3493 4646; x_wconf 91' lang='lat' dir='ltr'><strong>in</strong></span> 
     </span>
    </p>
   </div>
   <div class='ocr_carea' id='block_1_110' title="bbox 1925 4682 3493 4756">
    <p class='ocr_par' dir='ltr' id='par_1_110' title="bbox 1925 4682 3493 4756">
     <span class='ocr_line' id='line_1_110' title="bbox 1925 4682 3493 4756; baseline -0.004 -13"><span class='ocrx_word' id='word_1_839' title='bbox 1925 4689 2088 4743; x_wconf 88' lang='lat' dir='ltr'><strong>domo</strong></span> <span class='ocrx_word' id='word_1_840' title='bbox 2110 4687 2280 4742; x_wconf 84' lang='lat' dir='ltr'><strong>Jacob</strong></span> <span class='ocrx_word' id='word_1_841' title='bbox 2297 4689 2350 4740; x_wconf 89' lang='lat' dir='ltr'><strong>in</strong></span> <span class='ocrx_word' id='word_1_842' title='bbox 2374 4697 2659 4751; x_wconf 64' lang='lat' dir='ltr'><strong>internum,</strong></span> <span class='ocrx_word' id='word_1_843' title='bbox 2685 4693 2740 4740; x_wconf 88' lang='lat' dir='ltr'><strong>et</strong></span> <span class='ocrx_word' id='word_1_844' title='bbox 2765 4687 2915 4756; x_wconf 88' lang='lat' dir='ltr'><strong>regni</strong></span> <span class='ocrx_word' id='word_1_845' title='bbox 2933 4685 3052 4752; x_wconf 89' lang='lat' dir='ltr'><strong>ejus</strong></span> <span class='ocrx_word' id='word_1_846' title='bbox 3079 4699 3188 4738; x_wconf 92' lang='lat' dir='ltr'><strong>non</strong></span> <span class='ocrx_word' id='word_1_847' title='bbox 3211 4684 3316 4737; x_wconf 89' lang='lat' dir='ltr'><strong>erit</strong></span> <span class='ocrx_word' id='word_1_848' title='bbox 3349 4682 3493 4737; x_wconf 89' lang='lat' dir='ltr'><strong>linis.</strong></span> 
     </span>
    </p>
   </div>
   <div class='ocr_carea' id='block_1_111' title="bbox 1928 4773 3497 4846">
    <p class='ocr_par' dir='ltr' id='par_1_111' title="bbox 1928 4773 3497 4846">
     <span class='ocr_line' id='line_1_111' title="bbox 1928 4773 3497 4846; baseline -0.004 -13"><span class='ocrx_word' id='word_1_849' title='bbox 1928 4779 2072 4833; x_wconf 81' lang='lat' dir='ltr'><strong>Dixit</strong></span> <span class='ocrx_word' id='word_1_850' title='bbox 2101 4787 2280 4834; x_wconf 86' lang='lat' dir='ltr'><strong>autem</strong></span> <span class='ocrx_word' id='word_1_851' title='bbox 2302 4778 2472 4831; x_wconf 88' lang='lat' dir='ltr'><strong>Maria</strong></span> <span class='ocrx_word' id='word_1_852' title='bbox 2511 4777 2580 4831; x_wconf 90' lang='lat' dir='ltr'><strong>ad</strong></span> <span class='ocrx_word' id='word_1_853' title='bbox 2610 4777 2858 4846; x_wconf 87' lang='lat' dir='ltr'><strong>angelum</strong></span> <span class='ocrx_word' id='word_1_854' title='bbox 2903 4794 2916 4829; x_wconf 92' lang='lat'>:</span> <span class='ocrx_word' id='word_1_855' title='bbox 2950 4774 3234 4840; x_wconf 90' lang='lat' dir='ltr'><strong>Quomodo</strong></span> <span class='ocrx_word' id='word_1_856' title='bbox 3256 4773 3343 4828; x_wconf 82' lang='lat' dir='ltr'><strong>ﬁet</strong></span> <span class='ocrx_word' id='word_1_857' title='bbox 3365 4774 3497 4827; x_wconf 90' lang='lat' dir='ltr'><strong>mihi</strong></span> 
     </span>
    </p>
   </div>
   <div class='ocr_carea' id='block_1_112' title="bbox 1927 4865 3499 4938">
    <p class='ocr_par' dir='ltr' id='par_1_112' title="bbox 1927 4865 3499 4938">
     <span class='ocr_line' id='line_1_112' title="bbox 1927 4865 3499 4938; baseline -0.005 -14"><span class='ocrx_word' id='word_1_858' title='bbox 1927 4871 2097 4934; x_wconf 89' lang='lat' dir='ltr'><strong>istud,</strong></span> <span class='ocrx_word' id='word_1_859' title='bbox 2120 4872 2376 4938; x_wconf 89' lang='lat' dir='ltr'><strong>quoniam</strong></span> <span class='ocrx_word' id='word_1_860' title='bbox 2442 4870 2618 4924; x_wconf 89' lang='lat' dir='ltr'><strong>virum</strong></span> <span class='ocrx_word' id='word_1_861' title='bbox 2679 4883 2784 4921; x_wconf 92' lang='lat' dir='ltr'><strong>non</strong></span> <span class='ocrx_word' id='word_1_862' title='bbox 2825 4866 3141 4936; x_wconf 86' lang='lat' dir='ltr'><strong>cognosco?</strong></span> <span class='ocrx_word' id='word_1_863' title='bbox 3168 4865 3234 4917; x_wconf 88' lang='lat' dir='ltr'><strong>Et</strong></span> <span class='ocrx_word' id='word_1_864' title='bbox 3271 4879 3499 4932; x_wconf 80' lang='lat' dir='ltr'><strong>respou-</strong></span> 
     </span>
    </p>
   </div>
   <div class='ocr_carea' id='block_1_113' title="bbox 1930 4953 3498 5028">
    <p class='ocr_par' dir='ltr' id='par_1_113' title="bbox 1930 4953 3498 5028">
     <span class='ocr_line' id='line_1_113' title="bbox 1930 4953 3498 5028; baseline -0.004 -16"><span class='ocrx_word' id='word_1_865' title='bbox 1930 4959 2065 5013; x_wconf 81' lang='lat' dir='ltr'><strong>dens</strong></span> <span class='ocrx_word' id='word_1_866' title='bbox 2083 4959 2304 5028; x_wconf 88' lang='lat' dir='ltr'><strong>angelus</strong></span> <span class='ocrx_word' id='word_1_867' title='bbox 2336 4957 2474 5010; x_wconf 80' lang='lat' dir='ltr'><strong>dixit</strong></span> <span class='ocrx_word' id='word_1_868' title='bbox 2503 4957 2552 5011; x_wconf 91' lang='lat' dir='ltr'><strong>ei</strong></span> <span class='ocrx_word' id='word_1_869' title='bbox 2587 4973 2601 5008; x_wconf 89' lang='lat'><strong>:</strong></span> <span class='ocrx_word' id='word_1_870' title='bbox 2641 4955 2878 5026; x_wconf 90' lang='lat' dir='ltr'><strong>Spiritus</strong></span> <span class='ocrx_word' id='word_1_871' title='bbox 2899 4964 3121 5010; x_wconf 86' lang='lat' dir='ltr'><strong>sanctus</strong></span> <span class='ocrx_word' id='word_1_872' title='bbox 3153 4953 3498 5023; x_wconf 85' lang='lat' dir='ltr'><strong>superveniet</strong></span> 
     </span>
    </p>
   </div>
   <div class='ocr_carea' id='block_1_114' title="bbox 1931 5043 3497 5113">
    <p class='ocr_par' dir='ltr' id='par_1_114' title="bbox 1931 5043 3497 5113">
     <span class='ocr_line' id='line_1_114' title="bbox 1931 5043 3497 5113; baseline -0.005 -10"><span class='ocrx_word' id='word_1_873' title='bbox 1931 5051 2076 5113; x_wconf 91' lang='lat' dir='ltr'><strong>inte,</strong></span> <span class='ocrx_word' id='word_1_874' title='bbox 2101 5059 2154 5104; x_wconf 88' lang='lat' dir='ltr'><strong>et</strong></span> <span class='ocrx_word' id='word_1_875' title='bbox 2178 5051 2350 5104; x_wconf 89' lang='lat' dir='ltr'><strong>virtus</strong></span> <span class='ocrx_word' id='word_1_876' title='bbox 2373 5048 2635 5103; x_wconf 82' lang='lat' dir='ltr'><strong>Altissimi</strong></span> <span class='ocrx_word' id='word_1_877' title='bbox 2663 5047 3009 5102; x_wconf 87' lang='lat' dir='ltr'><strong>obumbrabit</strong></span> <span class='ocrx_word' id='word_1_878' title='bbox 3034 5046 3129 5100; x_wconf 90' lang='lat' dir='ltr'><strong>tibi</strong></span> <span class='ocrx_word' id='word_1_879' title='bbox 3147 5045 3212 5100; x_wconf 86' lang='grc'><strong>⁷⁸.</strong></span> <span class='ocrx_word' id='word_1_880' title='bbox 3229 5043 3497 5112; x_wconf 69' lang='lat' dir='ltr'><strong>i..../Egre</strong></span> 
     </span>
    </p>
   </div>
   <div class='ocr_carea' id='block_1_115' title="bbox 1931 5134 3498 5210">
    <p class='ocr_par' dir='ltr' id='par_1_115' title="bbox 1931 5134 3498 5210">
     <span class='ocr_line' id='line_1_115' title="bbox 1931 5134 3498 5210; baseline -0.005 -13"><span class='ocrx_word' id='word_1_881' title='bbox 1931 5144 2139 5197; x_wconf 89' lang='lat' dir='ltr'><strong>scilicet</strong></span> <span class='ocrx_word' id='word_1_882' title='bbox 2176 5142 2306 5196; x_wconf 91' lang='lat' dir='ltr'><strong>illud</strong></span> <span class='ocrx_word' id='word_1_883' title='bbox 2341 5142 2567 5196; x_wconf 82' lang='lat' dir='ltr'><strong>ferebat.</strong></span> <span class='ocrx_word' id='word_1_884' title='bbox 2595 5141 2884 5210; x_wconf 84' lang='lat' dir='ltr'><strong>Ingressus</strong></span> <span class='ocrx_word' id='word_1_885' title='bbox 2933 5149 3111 5192; x_wconf 89' lang='lat' dir='ltr'><strong>autem</strong></span> <span class='ocrx_word' id='word_1_886' title='bbox 3149 5136 3350 5207; x_wconf 81' lang='lat' dir='ltr'><strong>(Jesus)</strong></span> <span class='ocrx_word' id='word_1_887' title='bbox 3401 5134 3498 5204; x_wconf 82' lang='lat' dir='ltr'><strong>qui</strong></span> 
     </span>
    </p>
   </div>
   <div class='ocr_carea' id='block_1_116' title="bbox 1932 5226 3504 5304">
    <p class='ocr_par' dir='ltr' id='par_1_116' title="bbox 1932 5226 3504 5304">
     <span class='ocr_line' id='line_1_116' title="bbox 1932 5226 3504 5304; baseline -0.003 -18"><span class='ocrx_word' id='word_1_888' title='bbox 1932 5235 2114 5289; x_wconf 76' lang='lat' dir='ltr'><strong>carnis</strong></span> <span class='ocrx_word' id='word_1_889' title='bbox 2135 5243 2252 5289; x_wconf 85' lang='lat' dir='ltr'><strong>erat</strong></span> <span class='ocrx_word' id='word_1_890' title='bbox 2283 5249 2498 5302; x_wconf 80' lang='lat' dir='ltr'><strong>expers,</strong></span> <span class='ocrx_word' id='word_1_891' title='bbox 2525 5243 2766 5304; x_wconf 89' lang='lat' dir='ltr'><strong>gestatus</strong></span> <span class='ocrx_word' id='word_1_892' title='bbox 2795 5240 2878 5289; x_wconf 90' lang='lat' dir='ltr'><strong>est</strong></span> <span class='ocrx_word' id='word_1_893' title='bbox 2910 5244 3105 5286; x_wconf 89' lang='lat' dir='ltr'><strong>novem</strong></span> <span class='ocrx_word' id='word_1_894' title='bbox 3139 5227 3420 5283; x_wconf 89' lang='lat' dir='ltr'><strong>mensibus</strong></span> <span class='ocrx_word' id='word_1_895' title='bbox 3446 5226 3504 5281; x_wconf 91' lang='lat' dir='ltr'><strong>in</strong></span> 
     </span>
    </p>
   </div>
   <div class='ocr_carea' id='block_1_117' title="bbox 1933 5322 3504 5396">
    <p class='ocr_par' dir='ltr' id='par_1_117' title="bbox 1933 5322 3504 5396">
     <span class='ocr_line' id='line_1_117' title="bbox 1933 5322 3504 5396; baseline -0.004 -16"><span class='ocrx_word' id='word_1_896' title='bbox 1933 5334 2088 5380; x_wconf 89' lang='lat' dir='ltr'><strong>utero</strong></span> <span class='ocrx_word' id='word_1_897' title='bbox 2116 5324 2374 5396; x_wconf 87' lang='lat' dir='ltr'><strong>Virginis.</strong></span> <span class='ocrx_word' id='word_1_898' title='bbox 2411 5325 2694 5394; x_wconf 86' lang='lat' dir='ltr'><strong>Ingressus</strong></span> <span class='ocrx_word' id='word_1_899' title='bbox 2733 5333 2817 5380; x_wconf 91' lang='lat' dir='ltr'><strong>est</strong></span> <span class='ocrx_word' id='word_1_900' title='bbox 2847 5331 3007 5395; x_wconf 92' lang='lat' dir='ltr'><strong>prout</strong></span> <span class='ocrx_word' id='word_1_901' title='bbox 3032 5322 3225 5382; x_wconf 89' lang='lat' dir='ltr'><strong>voluit,</strong></span> <span class='ocrx_word' id='word_1_902' title='bbox 3257 5326 3504 5389; x_wconf 89' lang='lat' dir='ltr'><strong>gestatus</strong></span> 
     </span>
    </p>
   </div>
   <div class='ocr_carea' id='block_1_118' title="bbox 1932 5409 3506 5487">
    <p class='ocr_par' dir='ltr' id='par_1_118' title="bbox 1932 5409 3506 5487">
     <span class='ocr_line' id='line_1_118' title="bbox 1932 5409 3506 5487; baseline -0.003 -18"><span class='ocrx_word' id='word_1_903' title='bbox 1932 5416 2035 5470; x_wconf 77' lang='lat' dir='ltr'><strong>fuit</strong></span> <span class='ocrx_word' id='word_1_904' title='bbox 2071 5424 2129 5470; x_wconf 93' lang='lat' dir='ltr'><strong>ut</strong></span> <span class='ocrx_word' id='word_1_905' title='bbox 2155 5417 2258 5472; x_wconf 88' lang='lat' dir='ltr'><strong>sibi</strong></span> <span class='ocrx_word' id='word_1_906' title='bbox 2292 5417 2517 5486; x_wconf 87' lang='lat' dir='ltr'><strong>placuit.</strong></span> <span class='ocrx_word' id='word_1_907' title='bbox 2564 5415 2773 5471; x_wconf 85' lang='lat' dir='ltr'><strong>Prodiit</strong></span> <span class='ocrx_word' id='word_1_908' title='bbox 2819 5424 2877 5470; x_wconf 92' lang='lat' dir='ltr'><strong>ut</strong></span> <span class='ocrx_word' id='word_1_909' title='bbox 2907 5419 3044 5487; x_wconf 85' lang='lat' dir='ltr'><strong>ipse</strong></span> <span class='ocrx_word' id='word_1_910' title='bbox 3087 5411 3360 5482; x_wconf 87' lang='lat' dir='ltr'><strong>cupiebat.</strong></span> <span class='ocrx_word' id='word_1_911' title='bbox 3417 5409 3506 5465; x_wconf 82' lang='lat' dir='ltr'><strong>ln-</strong></span> 
     </span>
    </p>
   </div>
   <div class='ocr_carea' id='block_1_119' title="bbox 1933 5505 3506 5581">
    <p class='ocr_par' dir='ltr' id='par_1_119' title="bbox 1933 5505 3506 5581">
     <span class='ocr_line' id='line_1_119' title="bbox 1933 5505 3506 5581; baseline -0.005 -16"><span class='ocrx_word' id='word_1_912' title='bbox 1933 5510 2468 5581; x_wconf 79' lang='lat' dir='ltr'><strong>gressusestearuis</strong></span> <span class='ocrx_word' id='word_1_913' title='bbox 2499 5523 2730 5581; x_wconf 80' lang='lat' dir='ltr'><strong>expers;</strong></span> <span class='ocrx_word' id='word_1_914' title='bbox 2767 5507 2956 5579; x_wconf 73' lang='lat' dir='ltr'><strong>lactus</strong></span> <span class='ocrx_word' id='word_1_915' title='bbox 3001 5513 3088 5564; x_wconf 91' lang='lat' dir='ltr'><strong>est</strong></span> <span class='ocrx_word' id='word_1_916' title='bbox 3121 5505 3305 5568; x_wconf 89' lang='lat' dir='ltr'><strong>homo,</strong></span> <span class='ocrx_word' id='word_1_917' title='bbox 3341 5505 3506 5558; x_wconf 70' lang='lat' dir='ltr'><strong>unita</strong></span> 
     </span>
    </p>
   </div>
  </div>
