4022 6382
554 280 663 340 963
1672 266 1728 320 S.
1770 257 2229 318 ATHANASIUS.
2269 289 2341 300 —-
2375 258 2601 315 DUBIA.
3700 262 3794 320 966

555 395 780 452 deitatis
801 393 1122 450 oeconomia.
1153 387 1338 460 Neque
1370 389 1508 443 duos
1533 386 1766 441 dicimus
1818 382 1982 438 ﬁlios.
2017 379 2112 436 sed

2239 379 2370 449 λήθη.
2398 376 2655 447 Εἰσῆλθεν
2674 376 2929 448 ἄσαρκος,
2949 378 3166 444 ἐγένετο
3184 376 3491 449 ἄνθρωπος,
3516 379 3794 451 ἡνωμένης

559 505 749 549 unum,
790 489 1071 555 ipsumque
1103 499 1166 537 ac
1189 481 1436 536 eumdem
1486 476 1836 546 intelligimus
1865 473 1955 527 Dei
1982 470 2116 526 Ver-

557 579 685 634 bum
717 585 768 631 ct
807 575 1090 628 Dominum
1114 578 1359 626 nostrum
1389 567 1576 622 Jesum
1601 566 1901 620 Christum.
1921 562 2121 618 Factus

554 677 642 724 est
676 669 837 721 homo
866 685 878 719 :
906 664 1113 733 fuitque
1135 673 1327 716 natura
1385 660 1569 713 homo.
1627 656 1832 710 Factus
1861 663 1947 709 est
1975 655 2120 723 quod

526 775 665 814 .-non
695 767 832 818 erat,
856 764 909 808 et
939 752 1200 809 remansit
1231 749 1374 818 quod
1401 755 1538 803 erat.
1567 746 1812 815 Namque
1844 763 1864 796 ι
1900 742 1957 797 ln
1975 743 2124 813 prin-

554 852 697 920 cipio
715 856 833 903 erat
895 846 1122 900 Verbum
1152 851 1204 897 et
1235 840 1471 896 Verbum
1523 847 1640 895 erat
1669 837 1810 908 apud
1841 835 2028 899 Deum,
2069 842 2124 889 et

558 940 699 995 Deus
727 937 1091 993 eratVerbum
1117 937 1165 967 "
1187 975 1200 989 .
1236 953 1255 986 ι
1294 933 1492 987 Factus
1521 941 1605 987 est
1634 945 1784 992 caro,
1812 943 1913 982 nec
1942 927 2124 980 amisit

556 1030 698 1099 quod
722 1037 859 1084 erat.
890 1047 907 1080 ι
945 1028 1007 1082 Ει
1039 1028 1300 1082 habitavit
1329 1027 1385 1079 in
1435 1023 1593 1078 nobis
1617 1023 1684 1077 ".
1731 1041 1750 1073 ι
1785 1019 1943 1082 Illud,
1975 1037 1992 1070 ι
2031 1019 2127 1072 ha-

558 1119 746 1173 bitavit
779 1119 833 1172 in
871 1119 1063 1183 nobis;
1099 1137 1116 1169 ι
1145 1117 1197 1171 id
1223 1123 1328 1179 est,
1353 1115 1638 1170 nobiscum
1666 1118 2016 1166 conversatus
2042 1117 2126 1163 est

551 1210 706 1282 juxta
735 1218 983 1265 sanctum
1035 1208 1348 1270 Jeremiam,
1387 1208 1496 1260 imo
1538 1205 1719 1275 potius
1781 1203 1901 1271 ejus
1960 1200 2121 1253 mini-

555 1312 730 1358 strum
761 1301 971 1354 Baruch
1009 1319 1021 1355 :
1058 1319 1077 1350 ι
1119 1299 1219 1353 llic
1254 1299 1395 1354 Deus
1424 1307 1632 1359 noster,
1650 1309 1752 1350 nec
1771 1292 2129 1349 aestimabilur

556 1393 698 1447 alius
723 1391 984 1446 adversus
1005 1405 1152 1444 eum.
1185 1389 1288 1455 Qui
1313 1388 1592 1443 adinvenit
1621 1399 1836 1440 omnem
1875 1383 2014 1436 viam
2047 1382 2129 1434 di-

557 1485 821 1554 sciplinas,
877 1493 931 1537 et
983 1481 1210 1536 tradidit
1268 1481 1414 1534 illam
1478 1464 1880 1547 Jacob'puero
1934 1489 2034 1531 suo
2077 1483 2132 1529 ct

560 1576 724 1631 Israel
749 1575 951 1629 dilecto
999 1589 1120 1628 suo.
1175 1572 1306 1628 Post
1334 1573 1450 1627 haec
1480 1570 1536 1625 in
1561 1570 1724 1625 terris
1749 1571 1901 1625 visus
1937 1577 2044 1633 est,
2078 1575 2132 1622 et

558 1683 684 1724 cum
715 1666 1029 1721 hominibus
1061 1671 1420 1721 conversatus
1435 1672 1519 1720 cst
1561 1663 1626 1720 ⁷⁸.
1664 1681 1684 1714 ι

635 1845 689 1899 5.
718 1842 856 1898 Audi
889 1842 1054 1912 igitur
1083 1841 1360 1912 Evangelii
1408 1856 1596 1896 vocem
1627 1857 1641 1893 :
1673 1856 1931 1912 magnum
1981 1842 2127 1896 enim

564 1932 1020 2002 nobis-quidpiam
1079 1931 1351 2000 signilicat
1377 1929 1492 1986 haec
1529 1931 1705 2000 angeli
1747 1946 1853 1984 vox
1897 1929 1965 1984 ad
2000 1945 2128 1983 san-

560 2033 703 2078 rtam
731 2022 1000 2092 Virginem
1031 2037 1045 2074 :
1076 2040 1094 2072 ι
1126 2021 1288 2077 Ecce.
1313 2021 1508 2090 inquit,
1557 2021 1834 2092 concipies
1880 2023 1937 2076 in
1967 2021 2129 2092 352

563 2123 738 2177 utero,
769 2121 822 2168 et
855 2114 1033 2184 paries
1056 2112 1246 2178 lilium,
1277 2119 1331 2168 et
1363 2113 1585 2167 vocabis
1618 2128 1816 2168 nomen
1851 2113 1972 2182 ejus
2002 2113 2134 2166 Eni--

563 2205 806 2270 manuel,
831 2202 976 2273 quod
1017 2213 1100 2257 est
1131 2204 1572 2271 interpretatum,
1607 2200 1903 2255 Nobiscum
1931 2201 2125 2256 Deus.»

560 2294 886 2366 Priusquam
915 2296 969 2349 in
1005 2307 1159 2349 utero
1204 2309 1338 2364 puer
1366 2295 1767 2362 conciperetur,
1797 2300 2024 2350 vocatus
2050 2300 2134 2347 cst

564 2389 726 2450 Deus,
755 2389 984 2448 scilicet.
1011 2385 1304 2440 Nobiscum
1337 2384 1503 2438 Deus.
1528 2381 1812 2453 Propheta:
1839 2383 2002 2455 igitur
2028 2399 2138 2439 ser-

562 2479 712 2533 moni
741 2477 982 2532 concinit
1022 2476 1175 2541 illud,
1215 2491 1234 2526 ι
1267 2491 1391 2530 cum
1423 2474 1738 2530 hominibus
1779 2483 2134 2530 conversatus

561 2578 670 2632 est,
706 2587 724 2620 ι
762 2576 816 2624 et
853 2568 1024 2623 illud:
1072 2587 1091 2619 ‹
1133 2569 1396 2623 habitavit
1438 2568 1495 2622 in
1536 2567 1715 2622 nobis.
1747 2585 1766 2618 ι
1810 2567 1950 2622 Ante
2004 2582 2137 2621 con-

565 2662 870 2731 eeptionem
901 2677 1030 2732 ergo
1060 2677 1216 2732 puer,
1252 2668 1480 2716 vocatus
1508 2668 1592 2716 est
1637 2660 1800 2715 Deus.
1831 2659 1950 2725 Quo
1977 2668 2137 2728 pacto

567 2755 732 2826 igitur
769 2754 993 2823 Deipara
1023 2769 1131 2807 non
1168 2752 1330 2806 fuerit
1363 2758 1556 2808 sancta
1583 2753 1737 2822 virgo
1770 2750 1979 2804 Maria?
2000 2749 2136 2805 Cum

567 2849 751 2916 itaque
780 2861 976 2901 nomen
998 2845 1128 2898 illud
1155 2845 1359 2900 nullam
1390 2844 1627 2899 hominis
1650 2843 1843 2897 habeat
1867 2843 2141 2913 signiﬁca-

566 2941 792 3003 tionem,
828 2938 971 2995 Deus
1001 2947 1084 2994 est
1104 2953 1238 3008 puer
1268 2938 1358 2992 ille
1378 2945 1560 3000 natus,
1591 2937 1684 3006 qui
1712 2934 1952 3006 Virginis
1975 2943 2134 2989 natu-

2220 471 2318 540 τῆς
2351 470 2598 541 θεότητος
2617 471 2682 540 τῇ
2713 469 3010 540 οἰκονομία.
3035 470 3143 520 Kal.
3171 471 3228 522 οὐ
3256 468 3491 539 λέγομεν
3524 471 3618 523 δύο
3636 473 3793 537 υἱοὺς,

2221 561 2335 614 ἀλλ’
2367 559 2462 612 ἕνα
2490 560 2585 612 καὶ
2615 558 2707 611 τὸν
2740 558 2899 611 αὑτὸν
2925 559 3152 630 νοοῦμεν
3195 561 3283 613 τὸν
3335 561 3434 614 τοῦ
3469 562 3607 614 Θεοῦ
3635 564 3796 630 Λόγον

2222 651 2314 704 καὶ
2342 651 2433 704 τὸν
2470 649 2670 720 Κύριον
2697 649 2854 720 ἡμῶν
2878 651 3082 720 Ἰησοῦν
3121 653 3375 722 Χριστὸν.
3438 654 3689 721 Ἐγένετο
3714 655 3796 707 ἄν·

2223 744 2438 813 θρωπος
2486 744 2579 796 καὶ
2603 737 2691 813 ἦν,
2721 741 2797 795 ὢν
2816 744 2880 812 τῇ
2933 743 3112 812 φύσει.
3145 744 3392 812 Ἐγένετο
3419 744 3447 797 ὅ
3469 746 3571 798 οὐκ
3599 741 3688 816 ἦν,
3715 748 3796 799 καὶ

2223 836 2432 906 ἔμεινεν
2450 835 2478 888 ὃ
2497 830 2583 905 ἦν.
2605 853 2622 886 ι
2647 835 2732 886 Ἐν
2757 836 2895 904 ἀρχῇ
2923 853 2937 882 ι
2962 835 3070 904 γὰρ
3089 853 3106 885 ι
3130 830 3196 905 ἦν
3217 837 3243 887 6
3266 836 3460 904 Λόγος,
3483 837 3617 888 καὶὸ
3638 837 3796 904 Λόγος

2222 925 2287 998 ἦν
2315 927 2450 996 πρὸς
2469 927 2559 979 τὸν
2581 925 2731 990 Θεὸν,
2765 926 2860 978 καὶ
2881 926 3011 988 Θεὸς
3034 921 3103 996 ἦν
3134 926 3162 976 6
3188 927 3381 994 Λόγος.
3409 946 3428 977 ι
3460 924 3608 997 Σὰρξ
3631 927 3796 995 ἐγένε-

2223 1037 2303 1082 το,
2328 1021 2426 1072 οὐκ
2454 1018 2787 1088 ἀποθέμενος
2815 1017 2843 1070 δ
2864 1013 2951 1088 ἦν.
2981 1036 3000 1070 ‹
3031 1019 3139 1071 Καὶ
3169 1019 3483 1088 ἐσκήνωσεν
3513 1020 3573 1072 ἐν
3607 1021 3791 1090 ἡμῖν.»

2227 1113 2316 1174 Τὸ,
2343 1131 2361 1161 ι
2388 1113 2722 1182 Ἐσκήνωσεν
2745 1113 2801 1162 ἐν
2830 1112 2958 1181 ἡμῖν
2978 1149 2993 1174 ,
3023 1130 3040 1161 ι
3075 1111 3217 1163 τοῦτ’
3239 1110 3353 1163 ἔστι
3392 1111 3794 1182 συνανεστράςςη

2225 1204 2377 1271 ἡμῖν,
2398 1203 2538 1255 κατὰ
2564 1202 2656 1254 τὸν
2681 1201 2834 1269 ἅγιον
2873 1203 3004 1271 Ἰερε
3014 1201 3160 1271 μίαν,
3189 1199 3388 1270 μᾶλλον
3415 1201 3473 1253 δὲ
3497 1202 3590 1254 τὸν
3616 1202 3792 1254 τούτου

2227 1293 2497 1364 ὑπουργὸν
2527 1292 2735 1364 Βάρουχ
2759 1309 2772 1322 ·
2812 1311 2830 1341 ι
2855 1288 3018 1356 Οὗτος
3049 1294 3078 1344 6
3106 1291 3236 1355 Θεὸς
3272 1291 3436 1362 ήμῶν
3467 1292 3528 1344 οὐ
3559 1292 3795 1364 λογισθή‹

2230 1402 2379 1439 σεται
2422 1387 2605 1458 ἕτερος
2637 1385 2771 1456 πρὸς
2799 1386 2980 1448 αὐτὸν,
3019 1384 3077 1449 6;
3111 1384 3296 1455 ἐξεῦρε
3327 1387 3508 1438 πᾶσαν
3535 1385 3656 1438 ὁίὸν
3692 1387 3796 1438 ἐπι-

2231 1481 2461 1550 στήμης,
2512 1479 2606 1532 καὶ
2651 1479 2847 1532 ἔδωκεν
2877 1477 3042 1549 αὐτὴν
3076 1477 3268 1531 Ἰακὼϐ
3316 1478 3394 1549 τῷ
3439 1478 3593 1531 παιδὶ
3623 1477 3796 1540 αὑτοῦ,

2229 1572 2322 1625 καὶ
2360 1569 2574 1642 Ἰσραὴλ
2601 1568 2680 1640 τῷ
2708 1569 3047 1639 ἠγαπημένῳ
3090 1569 3180 1621 ὑπ’
3209 1568 3396 1622 αὐτοῦ.
3460 1569 3617 1624 Μετὰ
3641 1568 3798 1622 ταῦτα

2233 1663 2325 1716 ἐπὶ
2357 1663 2462 1733 τῆς
2488 1661 2593 1732 γῆς
2625 1661 2801 1733 ὤφθη,
2835 1661 2926 1714 καὶ
2963 1663 3073 1724 τοῖς
3105 1659 3413 1733 ἀνθρώποις
3442 1661 3797 1731 συνανεστρά-

2235 1771 2329 1824 φη.
2371 1772 2390 1805 ι

2299 1846 2350 1899 5.
2376 1844 2570 1897 ’Ἄκουε
2596 1839 2687 1897 οὖν
2714 1844 2807 1896 καὶ
2845 1842 2938 1896 τοῦ
2968 1842 3295 1912 Εὐαγγελίου
3327 1843 3427 1915 τῆς
3455 1843 3674 1914 φωνῆς’
3711 1859 3799 1914 με·

2230 1937 2402 2008 γὰλην
2432 1935 2539 2008 γὰρ
2569 1939 2698 2007 ήμῖν
2727 1936 2960 2008 ἔμφασιν
2992 1939 3145 2009 φέρει
3177 1938 3211 2007 ἡ
3241 1936 3338 1990 τοῦ
3387 1937 3626 2006 ἀγγέλου
3661 1936 3802 2010 φωνὴ

2233 2029 2370 2099 πρὸς
2433 2029 2530 2100 τὴν
2583 2029 2746 2097 ἁγίαν
2795 2029 3069 2101 Παρθένον
3125 2029 3366 2101 ῥηθεῖσα.
3413 2029 3612 2092 «Ἰδοὺ,
3658 2030 3800 2101 φησὶ,

2235 2118 2473 2190 συλλήψῃ
2522 2121 2579 2171 ἐν
2624 2119 2841 2191 γαστρὶ,
2887 2119 2980 2172 καὶ
3011 2119 3137 2190 τέξῃ
3181 2118 3314 2181 υἱὸν,
3349 2118 3445 2172 καὶ
3475 2118 3720 2181 καλέσεις
3750 2118 3802 2172 τὸ

2231 2213 2398 2281 ὄνομα
2432 2212 2596 2265 αὐτοῦ
2643 2211 3010 2283 Ἐμμανουήλ.
3044 2213 3288 2264 τουτέστι
3339 2211 3804 2282 μεθερμηνευόμε-

2234 2321 2343 2366 νον,
2381 2303 2515 2356 Μεθ’
2548 2304 2703 2374 ἡμῶν
2749 2306 2777 2357 6
2809 2303 2959 2365 Θεός.
2991 2322 3009 2354 ι
3059 2303 3170 2374 Πρὸ
3220 2302 3313 2355 τοῦ
3357 2303 3727 2374 συλληφθῆναι
3754 2304 3804 2354 ἐν

2237 2397 2420 2466 μήτρα
2453 2393 2582 2458 Θεὸς
2637 2394 2839 2466 ἐκλήθη
2871 2395 2931 2447 τὸ
2961 2394 3169 2448 παιδίον
3214 2395 3274 2448 τὸ
3306 2394 3442 2448 Μεθ’
3471 2394 3632 2464 ἡμῶν
3663 2393 3802 2456 Θεός.

2236 2487 2455 2558 Συνᾲδει
2482 2482 2573 2539 οὖν
2603 2486 2680 2557 τῷ
2699 2487 2791 2540 τοῦ
2827 2488 3102 2558 προφήτου
3133 2486 3276 2556 λόγῳ
3303 2486 3386 2548 τὸ,
3410 2505 3428 2537 ι
3457 2489 3572 2550 τοῖς
3609 2483 3804 2556 ἀνθρώ-

2237 2595 2358 2640 ποις
2393 2580 2854 2650 συνανεστρὰφη,ι
2875 2579 2966 2630 καὶ
2988 2579 3048 2631 τὸ
3071 2617 3086 2642 ,
3133 2595 3150 2628 ι
3189 2579 3498 2648 ἐσκήνωσεν
3529 2577 3586 2630 ἐν
3618 2577 3798 2647 ἡμῖν.»

2239 2671 2352 2740 Πρὸ
2386 2671 2486 2739 τῆς
2517 2666 2608 2723 οὖν
2643 2671 2954 2741 συλλήψεως
3009 2670 3140 2733 Θεὸς
3191 2670 3449 2740 κέκληται
3488 2670 3550 2723 τὸ
3585 2670 3801 2722 παιδίον.

2240 2762 2361 2824 Πῶς
2377 2757 2469 2815 οὖν
2491 2761 2551 2814 οὑ
2596 2762 2852 2826 Θεοτόκος
2869 2764 2902 2832 ή
2923 2761 3051 2829 ἁγία
3077 2762 3351 2832 Παρθένος
3371 2761 3560 2834 Μαρία
3579 2779 3595 2828 ;
3643 2763 3806 2814 Ἐπει-

2239 2851 2301 2923 δὴ
2331 2848 2422 2906 οὖν
2448 2850 2570 2904 οὔτε
2601 2854 2736 2917 ὅλως
2765 2852 3049 2924 ἀνθρώπου
3081 2853 3191 2923 ἔχει
3219 2854 3319 2924 τὴν
3352 2853 3652 2925 ἑρμηνείαν
3689 2851 3805 2905 αὐτὸ

2239 2945 2427 3014 ὄνομα,
2459 2944 2590 3008 Θεὸς
2631 2945 2690 2999 τὸ
2727 2947 2936 3000 παιδίον
2967 2944 3028 2998 τὸ
3062 2946 3250 3016 τεχθὲν
3288 2946 3349 2999 τὸ
3403 2945 3478 3016 μή
3527 2945 3693 2998 λῦσαν
3719 2943 3806 3012 τῆς

566 3030 734 3086 ralem
764 3031 910 3084 illam
933 3030 1296 3100 virginitatem
1328 3045 1438 3083 non
1471 3030 1663 3094 solvit;
1690 3027 1786 3084 sed
1825 3028 1900 3082 ita
1925 3028 2138 3097 genitus

2241 3040 2517 3112 Παρθένου
2549 3040 2647 3111 τὴν
2679 3039 2819 3093 κατὰ
2861 3037 3019 3108 φύσιν
3050 3037 3374 3110 παρθενίαν·
3407 3037 3524 3091 ἀλλ’
3558 3037 3727 3098 οὕτως
3752 3036 3806 3086 ἐκ

567 3138 632 3176 ex
661 3121 912 3192 Deipara,
935 3121 1076 3176 Deus
1104 3130 1187 3176 est
1215 3129 1268 3176 et
1296 3121 1492 3186 homo;
1518 3120 1660 3175 Deus
1707 3119 2006 3175 secundum
2040 3135 2140 3175 na-

569 3222 769 3273 turam.
793 3213 956 3267 homo
995 3213 1122 3282 quia
1164 3212 1236 3266 ita
1283 3212 1486 3281 placuit
1531 3211 1655 3280 ipsi.
1706 3209 1905 3268 Factus
1962 3221 2141 3268 autem

472 3305 755 3440 /1omo,
785 3315 869 3360 est
912 3305 1073 3358 etiam
1109 3305 1272 3366 Deus.
1329 3303 1647 3373 conjunctis
1677 3303 1893 3359 scilicet
1931 3305 2142 3360 duabus

573 3396 805 3440 naturis,
849 3397 915 3440 At
949 3395 1181 3440 fortasse.
1210 3395 1355 3440 dicet.
1405 3395 1753 3440 adversarius
1783 3413 1794 3440 ξ
1827 3393 1882 3440 Si
1918 3394 2142 3440 Dninara

612 3396 806 3450 aturis-
847 3397 915 3448 At
947 3395 1181 3450 fortasse
1210 3395 1355 3450 dicet
1405 3395 1753 3450 adversarius
1782 3413 1794 3448 :
1827 3393 1883 3448 Si
1918 3394 2143 3464 Deipara

573 3487 757 3559 Virgo,
787 3487 896 3544 Deo
926 3487 1104 3543 Verbo
1133 3504 1197 3541 ex
1233 3487 1450 3558 Virgine
1489 3487 1705 3540 initium
1767 3487 1984 3540 tribuis.
2040 3484 2146 3541 Ne-

569 3596 844 3651 quaquam
875 3583 999 3636 dico
1016 3582 1193 3650 ipsum
1220 3595 1285 3634 ex
1309 3590 1496 3634 sancta
1524 3577 1750 3650 Virgine
1782 3580 1998 3634 initium
2056 3593 2146 3633 ac-

567 3674 799 3741 cepisse.
830 3671 1005 3726 absit!
1036 3675 1177 3728 Ante
1221 3674 1418 3728 saecula
1448 3673 1592 3727 enim
1629 3681 1768 3736 erat,
1794 3673 1911 3742 ipse
1945 3671 2146 3741 quippe

570 3764 770 3818 saecula
800 3761 952 3827 fecit,
1009 3764 1124 3834 ipse
1161 3773 1246 3820 est
1277 3766 1546 3820 universa:
1571 3766 1650 3818 rei
1680 3771 1879 3819 creata:
1929 3761 2140 3832 opifex,

483 3875 517 3902 υ
572 3865 632 3908 ut
657 3856 734 3908 ait
762 3857 1104 3927 Evangelista
1137 3872 1151 3909 :
1192 3875 1211 3908 ι
1244 3856 1439 3911 Omnia
1468 3873 1563 3927 per
1596 3858 1773 3926 ipsum
1815 3857 1956 3909 facta
1997 3862 2144 3920 sunt,

571 3954 626 3999 et
648 3950 768 4002 sine
794 3947 913 4017 ipso
947 3947 1149 4003 factum
1185 3958 1270 4002 est
1302 3948 1438 4001 nihil
1492 3949 1637 4018 quod
1675 3948 1878 4001 factum
1901 3955 1987 4001 est
2013 3947 2080 4000 ".
2124 3964 2142 3997 ι

2245 3134 2338 3204 τῆς
2371 3133 2635 3186 Θεοτόκου
2673 3133 2904 3202 τεχθεὶς,
2935 3132 3067 3194 Θεὸς
3092 3132 3185 3184 xal.
3214 3130 3529 3202 ἅνθρωπος·
3563 3129 3693 3190 Θεὸς
3722 3129 3809 3199 μὲν

2242 3226 2384 3279 κατὰ
2417 3225 2600 3296 φύσιν,
2628 3225 2910 3297 ἄνθρωπος
2932 3224 2989 3276 δὲ
3021 3225 3090 3277 δι’
3123 3223 3329 3276 οἰκείαν
3363 3222 3634 3275 εὐδοκίαν.
3670 3219 3810 3273 Γενό-

2247 3334 2405 3387 μενος
2437 3318 2493 3370 δὲ
2522 3316 2827 3388 ἄνθρωπος,
2853 3317 2966 3369 ἐστι
2993 3317 3084 3369 καὶ
3118 3315 3270 3378 Θεὸς,
3314 3315 3614 3386 ήνωμένων
3645 3313 3810 3384 μέντοι

2229 3407 2350 3459 τῶν
2395 3407 2487 3460 δύο
2518 3407 2752 3476 φύσεων.
2797 3405 2933 3458 Ἀλλ’
2972 3407 3100 3468 ἴσως
3144 3407 3260 3476 ἐρεῖ
3294 3408 3321 3458 ὁ
3358 3404 3416 3470 ἐξ
3450 3403 3730 3466 ἐναντίαςο
3756 3403 3810 3454 El

2245 3499 2504 3562 Θεοτόκος
2544 3499 2576 3567 ή
2606 3497 2898 3569 Παρθένος,
2933 3496 3106 3568 ἀρχὴν
3139 3495 3294 3559 δίδως
3321 3495 3400 3565 τῷ
3428 3495 3549 3565 Θεῷ
3580 3496 3735 3566 Λόγῳ
3757 3497 3812 3547 ἐκ

2246 3589 2342 3660 τῆς
2375 3589 2674 3659 Παρθένου.
2723 3588 2796 3641 Οὐ
2851 3585 2994 3654 λέγω
3041 3585 3201 3639 αὑτὸν
3235 3587 3409 3656 ἀρχὴν
3449 3585 3727 3656 εἰληφέναι
3757 3585 3813 3636 ἐκ

2245 3680 2342 3749 τῆς
2375 3680 2534 3748 ἁγίας
2569 3679 2846 3750 Παρθένου
2868 3693 2882 3707 ο
2927 3677 3140 3745 ἄπαγεί
3187 3679 3300 3749 Πρὸ
3328 3678 3436 3748 γὰρ
3464 3677 3576 3741 τῶν
3619 3677 3813 3750 αἰώνων

2247 3771 2490 3842 ὑπῆρχεν
2512 3787 2526 3800 ⁸
2563 3771 2726 3832 αὐτὸς
2770 3769 2878 3840 γὰρ
2918 3770 3010 3821 καὶ
3039 3769 3164 3831 τοὺς
3191 3769 3392 3831 αἰῶνας
3419 3769 3699 3839 ἐποίησεν,
3729 3771 3815 3822 αὑ-

2245 3856 2337 3919 τὸς
2363 3859 2457 3910 καὶ
2483 3857 2664 3926 πάσης
2695 3855 2922 3919 κτίσεώς
2946 3858 3062 3908 ἐστι
3085 3855 3431 3926 δημιουργὸς,
3455 3857 3640 3922 καθώς
3669 3875 3817 3928 φησιν

2247 3948 2732 4020 ὁΕὑαγγελιστήςσ
2757 3968 2775 4000 ι
2813 3948 2994 4001 Πάντα
3026 3948 3092 4000 δι’
3125 3948 3289 4000 αὑτοῦ
3321 3949 3556 4016 ἐγένετο,
3597 3952 3690 4003 καὶ
3717 3969 3816 4019 χω-

573 4036 674 4092 llic
700 4038 816 4109 ipse
844 4056 937 4108 per
961 4056 1120 4109 quem
1141 4041 1325 4095 omnia
1361 4039 1503 4094 facta
1536 4049 1685 4102 sunt,
1713 4055 1902 4093 novem
1932 4053 2138 4093 menses

2253 4041 2338 4112 ρὶς
2367 4040 2532 4094 αὑτοῦ
2566 4042 2782 4109 ἐγένετο
2811 4041 2933 4094 οὑδέ
2965 4039 3022 4093 ἓν
3051 4039 3079 4092 ὂ
3103 4039 3341 4107 γέγονεν.
3365 4059 3384 4091 ι
3429 4036 3620 4106 Οὗτος,
3669 4041 3735 4094 δι’
3765 4035 3820 4094 οὗ

577 4131 631 4185 in
664 4140 822 4185 utero
863 4133 1027 4202 degit,
1064 4149 1166 4190 nec
1220 4134 1402 4190 sinum
1465 4142 1749 4204 paternum
1791 4134 2054 4188 deseruit.
2091 4133 2138 4186 In

2249 4133 2318 4187 τὰ
2358 4135 2538 4188 πάντα
2577 4135 2794 4202 ἐγένετο
2836 4137 3242 4205 ἐννεαμηνιαῖον
3284 4133 3475 4205 καιρὸν
3520 4137 3579 4188 ἐν
3634 4134 3820 4204 γαστρὶ

577 4227 732 4298 ιιιέςο
762 4221 998 4294 Virginis
1025 4241 1150 4278 eum
1181 4233 1348 4290 esset,
1384 4240 1415 4279 a
1454 4240 1815 4294 supernarum
1885 4227 2138 4279 virtutum

2251 4226 2489 4294 ἐγένετο,
2524 4226 2619 4278 καὶ
2645 4227 2754 4280 τῶν
2777 4227 2992 4280 κόλπων
3012 4225 3119 4279 τῶν
3160 4226 3440 4297 πατρικῶν
3473 4227 3576 4279 οὐκ
3598 4226 3823 4298 ἀπηλλο-

579 4295 776 4383 ροιῖιιιο
802 4314 1053 4370 laudibus
1075 4315 1455 4370 celebrabatur
1475 4325 1529 4370 et
1545 4315 1896 4372 adorabatur.
1917 4316 1973 4369 In
1994 4300 2138 4370 utch

2251 4318 2482 4390 τριώθη.
2515 4319 2604 4370 Ἐν
2623 4321 2688 4390 τῇ
2724 4321 2908 4391 μήτρᾳ
2938 4319 3039 4389 τῆς
3065 4295 3343 4391 Παρθένου
3367 4317 3462 4382 ὢν,
3492 4320 3599 4373 ὑπὸ
3621 4295 3714 4373 τοδ
3734 4319 3820 4390 δή·

577 4403 818 4476 Virginis
849 4421 972 4461 cum
993 4414 1159 4473 esset,
1185 4407 1381 4464 caelum
1431 4416 1485 4463 et
1521 4415 1724 4462 terram
1755 4408 2032 4478 implebat,
2056 4410 2138 4478 qui

2262 4429 2363 4483 μου
2411 4411 2521 4465 τῶν
2554 4412 2666 4465 ἄνω
2705 4413 2983 4482 δυνάμεων
3021 4411 3380 4479 ἐδοξολογεῖτο
3420 4412 3518 4464 καὶ
3559 4428 3820 4481 προσεκυ-

576 4503 776 4556 caelum
807 4508 862 4556 et
891 4513 1088 4556 terram
1119 4510 1320 4572 gestat,
1343 4515 1452 4556 non
1485 4501 1704 4565 robore,
1730 4500 1823 4556 sed
1862 4511 1995 4555 nutu
2024 4518 2146 4558 suo.

577 4593 677 4649 llic
711 4603 867 4649 utero
893 4595 1211 4666 gestabatur
1244 4604 1302 4649 ut
1322 4597 1507 4660 homo,
1547 4596 1877 4663 operabatur
1896 4603 1957 4648 ut
1985 4594 2148 4656 Deus,

578 4701 689 4741 non
734 4687 1163 4757 circumquaque
1202 4687 1414 4742 delatus
1445 4688 1500 4742 in
1556 4685 1801 4759 Virginis
1855 4695 2031 4751 utero,
2055 4689 2152 4743 sed

578 4793 761 4848 on‘ima
778 4779 1167 4848 complectens,
1192 4781 1375 4834 omnia
1400 4780 1714 4850 gubernans
1731 4787 1789 4833 ut
1816 4779 1979 4845 Deus,
1999 4781 2153 4850 juxta

565 4871 688 4925 vim
716 4871 954 4926 nominis
983 4870 1129 4925 illius
1161 4889 1214 4925 ει
1243 4871 1537 4926 Nobiscum
1560 4871 1724 4935 Deus,
1759 4891 1777 4923 ι
1809 4872 1902 4941 qui
1939 4873 2152 4927 seilicet

579 4977 647 5017 ex
666 4961 886 5033 Virgine
910 4971 1070 5019 natus
1098 4970 1204 5018 est.
1235 4962 1391 5029 Quod
1415 4965 1460 5018 si
1499 4965 1706 5019 dixeris
1745 4979 1871 5018 eum
1923 4966 2014 5034 qui
2050 4978 2152 5017 na-

583 5067 673 5112 tus
700 5067 784 5112 est
815 5056 1141 5126 simpliciter
1165 5071 1395 5126 puerum
1438 5073 1582 5119 esse,
1635 5072 1745 5110 non
1778 5055 1946 5110 Deum
1969 5095 1983 5118 ,
2025 5054 2153 5109 audi

581 5161 834 5216 magnum
864 5163 1170 5216 praeconem
1225 5148 1418 5203 Isaiam
1443 5149 1767 5203 clamantem
1802 5156 1856 5203 et
1880 5150 2152 5203 dicentem

585 5237 806 5308 ingrata:
827 5237 1147 5310 Synagogaa.
1184 5256 1278 5296 seu
1311 5241 1494 5312 potius
1526 5255 1802 5310 exagogze,
1828 5240 1882 5293 id
1912 5248 2018 5304 est,
2065 5240 2152 5295 fo-

583 5343 674 5382 ras
703 5330 878 5399 ejecto
908 5333 1078 5386 cmtui
1111 5331 1424 5386 Iudaeorum
1451 5351 1464 5386 :
1500 5349 1518 5381 ι
1557 5331 1698 5386 Puer
1735 5339 1898 5385 natus
1925 5330 2030 5399 est}
2053 5345 2157 5383 no-

586 5417 692 5482 bis,
728 5420 870 5476 lilius
890 5422 1052 5478 datus
1081 5433 1168 5478 est
1197 5424 1389 5489 nobis;
1435 5423 1594 5493 cujus
1624 5423 1964 5493 principatus
1994 5436 2159 5490 super

587 5508 875 5565 humerum
908 5514 1049 5582 ejus.
1083 5513 1148 5570 Et
1176 5523 1402 5570 vocatur
1431 5531 1630 5570 nomen
1657 5515 1801 5586 ejus,
1820 5514 2001 5584 magni
2026 5529 2158 5568 con-

660 5687 707 5721 "
739 5688 898 5746 Joan.
935 5706 986 5758 ι,
1027 5692 1079 5751 1.
1154 5695 1199 5727 ⁷⁷
1238 5693 1369 5750 ibid.
1405 5695 1490 5749 ιι.

2254 4505 2418 4559 νεῖτο.
2451 4504 2540 4556 Ἐν
2571 4505 2768 4574 γαστρὶ
2801 4503 2898 4573 τῆς
2938 4503 3213 4574 Παρθένου
3239 4502 3334 4566 ὢν,
3371 4504 3463 4557 τὸν
3489 4505 3718 4575 οὐρανὸν
3741 4502 3823 4557 καὶ

2253 4595 2354 4662 τὴν
2399 4597 2502 4666 γῆν
2531 4594 2793 4666 ἐπλήρου,
2823 4595 2851 4646 6
2883 4595 2974 4647 τὸν
3001 4595 3231 4666 οὐρανὸν
3265 4596 3357 4648 καὶ
3385 4595 3482 4666 τὴν
3515 4597 3619 4667 γῆν
3656 4597 3824 4667 φέρων

2225 4713 2228 4715 -
2254 4688 2317 4740 οὐ
2338 4687 2585 4758 δυνάμει,
2610 4687 2746 4740 ἀλλὰ
2769 4686 3017 4757 νεύματι.
3047 4681 3213 4751 Οὗτος
3240 4687 3344 4740 ὑπὸ
3370 4689 3585 4758 μήτρας
3605 4689 3818 4756 ἐφέρετο

2261 4779 2360 4850 μὲν
2411 4780 2486 4842 ὡς
2522 4778 2828 4849 ἄνθρωπος,
2863 4777 3148 4850 εἰργάζετο
3180 4778 3238 4830 δὲ
3280 4778 3356 4836 ὡς
3385 4777 3518 4840 Θεός
3541 4794 3554 4808 ·
3590 4779 3652 4831 οὺ
3684 4793 3824 4845 περι-

2259 4871 2556 4942 φερόμενος
2598 4871 2655 4923 ἐν
2682 4873 2746 4941 τῇ
2781 4873 2962 4942 μήτρᾳ
2993 4871 3093 4940 τῆς
3145 4869 3441 4941 Παρθένου,
3481 4868 3622 4922 ἀλλὰ
3654 4868 3820 4921 πάντα

2259 4962 2605 5032 περικρατῶν
2633 4963 2726 5014 καὶ
2746 4962 2948 5014 διέπων
2975 4963 3050 5025 ὡς
3073 4961 3207 5024 Θεὸς
3234 4959 3372 5013 κατὰ
3401 4960 3502 5029 τὴν
3527 4959 3714 5030 κλῆσιν
3736 4953 3819 5007 τοῦ

2257 5053 2542 5123 ὀνόματος,
2567 5072 2586 5106 ι
2606 5055 2738 5116 Θεὸς
2766 5053 2882 5125 μεθ’
2902 5053 3080 5124 ἡμῶν,
3105 5073 3123 5103 ι
3149 5055 3178 5106 6
3201 5053 3266 5104 ἐκ
3292 5050 3571 5122 Παρθένου
3603 5046 3817 5119 τεχθείς.

2261 5143 2325 5195 Εἰ
2358 5143 2414 5196 δὲ
2454 5143 2632 5212 λέγεις
2663 5143 2872 5196 παιδίον
2919 5142 3072 5212 ψιλὸν
3104 5141 3165 5194 τὸ
3211 5139 3418 5210 τεχθὲν,
3451 5140 3548 5192 καὶ
3581 5140 3641 5191 οὐ
3678 5135 3820 5194 Θεὸς.

2258 5234 2421 5288 ἄκουε
2452 5236 2544 5288 τοῦ
2579 5236 2813 5306 μεγάλου
2843 5237 3082 5306 κήρυκος
3109 5234 3328 5287 Ἡσαΐου
3363 5231 3596 5301 βοῶντος
3624 5229 3715 5282 καὶ
3739 5226 3820 5278 λέ-

2257 5343 2447 5391 γοντος
2493 5330 2627 5401 πρὸς
2667 5329 2764 5399 τὴν
2808 5329 3102 5399 ἀχάριστον
3147 5325 3485 5396 συναγωγήν,
3543 5321 3738 5394 μᾶλλον
3771 5318 3822 5370 δὲ

2261 5418 2546 5491 ἐξαγωγὴν
2596 5420 2706 5473 τῶν
2756 5420 3058 5474 Ἰουδαίων·
3095 5420 3178 5472 ὃτι
3225 5435 3245 5470 ι
3288 5416 3506 5469 Παιδίον
3550 5410 3820 5484 ἐγεννήθη.

2262 5513 2373 5577 υἱὸς
2400 5514 2495 5567 καὶ
2526 5512 2680 5584 ἐδόθη
2711 5515 2842 5586 ἡμῖν
2861 5529 2874 5543 ·
2904 5507 2964 5566 οὗ
2990 5513 3022 5582 ἡ
3053 5509 3193 5582 ἀρχὴ
3223 5510 3315 5563 ἐπὶ
3340 5508 3432 5562 τοῦ
3469 5507 3620 5579 ὤμου
3647 5501 3820 5564 αὑτοῦ.

1597 5696 1643 5727 ⁷⁸
1681 5692 1893 5749 Barueh
1924 5707 1986 5750 nl
2008 5733 2023 5760 ,
2055 5691 2248 5750 ὅδε-58.
2324 5693 2370 5725 ⁷⁹
2403 5689 2562 5747 Joan.
2601 5707 2654 5758 ι,
2687 5693 2740 5748 5.
