4022 6382
258 295 359 349 965

1312 292 1545 350 SERIO
1585 293 1652 348 IN
1691 291 2157 348 NATIVITATEM
2196 292 2494 352 CHRISTI.

3401 301 3506 359 966

258 406 348 459 καὶ
382 405 628 458 καλεῖται
656 404 720 456 τὸ
757 403 928 474 ὄνομα
975 404 1160 468 αὐτοῦ,
1209 405 1469 476 Μεγάλης
1508 405 1701 476 βουλῆς
1739 404 1822 474 ἄγ-

1937 406 2046 460 silii
2072 406 2331 476 angelus,
2370 405 2726 471 admirabilis,
2761 408 3128 474 consiliarius,
3147 409 3290 468 Deus
3321 412 3499 480 fortis.

255 498 431 568 γελος,
453 496 794 566 θαυμαστὸς.
824 494 1146 565 σύμϐουλος,
1169 495 1301 560 Θεος
1326 497 1562 567 ἰσχυρὸς,
1594 495 1840 563 ἐξουσια-

257 589 406 660 στῆς,
449 588 633 659 ἄρχων
681 589 924 660 είρήνης,
978 589 1161 660 πατὴρ
1187 589 1280 659 τοῦ
1311 588 1591 658 μέλλοντος
1624 588 1836 651 αἰῶνος.

267 681 460 750 Ἀμήν.
496 698 516 731 ι
581 679 801 732 Παιδίον
847 679 990 733 κατὰ
1050 680 1210 749 φύσιν
1256 680 1384 732 πότε
1443 680 1656 747 ἐγένετο
1707 679 1839 743 Θεὸς

254 769 628 840 ἐξουσιαστής,
659 770 735 834 ὡς
761 771 822 823 τὸ
853 771 1060 825 παιδίον
1092 770 1270 834 τοῦτο,
1311 770 1600 840 ἐπικληθὲν
1645 790 1662 821 ι
1701 769 1835 824 Μεθ’

255 867 287 934 ή
295 863 411 934 μῶν
446 860 639 926 δ’Θεός
674 881 690 929 ;

329 955 382 1008 4.
414 956 477 1008 Εί
499 955 556 1008 δὲ
577 955 708 1018 Θεὸς
731 954 967 1026 ἰσχυρὸς,
987 952 1354 1025 ἐξουσιαστής,
1372 954 1466 1007 καὶ
1487 953 1668 1024 ἄρχων
1687 953 1836 1023 εἰρή-

254 1065 372 1118 νης,
391 1049 486 1100 καὶ⁵
515 1047 696 1120 πατὴρ
722 1047 814 1102 τοῦ
851 1047 1137 1118 μέλλοντος
1152 1046 1346 1110 αίῶνος
1366 1047 1426 1099 τὸ
1455 1045 1664 1100 παιδίον
1694 1045 1834 1098 τὸέκ

251 1141 351 1211 τῆς
393 1141 668 1213 Παρθένου
706 1139 917 1211 τεχθὲν,
956 1138 1074 1202 πῶς
1098 1139 1157 1191 οὐ
1191 1138 1506 1208 Θεοτόκοςή
1535 1137 1830 1209 Παρθένος,

252 1231 388 1285 ἀλλὰ
415 1233 688 1304 Θεοδόχος,
724 1235 771 1285 εἰ
798 1234 892 1286 καὶ
927 1231 1206 1295 συνέλαϐε,
1241 1231 1334 1286 καὶ
1379 1231 1556 1293 ἔτεκε,
1586 1232 1679 1284 καὶ
1700 1231 1833 1295 Θεὸς

251 1325 315 1378 τὸ
340 1325 567 1396 τεχθέν;
615 1328 724 1381 Καὶ
755 1325 915 1380 πάλιν
945 1323 1094 1395 αὐτῴ
1124 1323 1288 1393 λέγω,
1318 1325 1394 1387 ὡς
1435 1323 1699 1395 ἠθέλησεν
1723 1325 1834 1376 είσ-

256 1419 440 1490 ῆλθεν,
505 1419 580 1483 ὡς
634 1419 934 1490 ηὐδόκησεν
985 1415 1368 1487 ἐκυοφορήθη,
1408 1414 1828 1490 ὠςῂέιῄυλήθη

255 1509 519 1580 προῆλθεν
551 1512 580 1563 ό
611 1509 842 1579 τεχθείς.
879 1508 942 1561 Τί
987 1508 1210 1579 ἐρευνᾷς
1239 1506 1404 1560 αὐτοῦ
1435 1506 1534 1576 τὴν
1577 1504 1826 1576 θέλησιν;

255 1601 319 1654 Τί
343 1601 676 1674 ἐξακριϐάζῃ
705 1599 865 1654 αὐτοῦ
898 1601 996 1670 τὴν
1023 1599 1306 1664 εὐδοκίαν;
1344 1599 1408 1652 Τί
1433 1598 1710 1670 ἐξιχνιάζῃ
1739 1599 1830 1650 αὐ-

252 1691 344 1747 τοῦ
377 1694 473 1765 τὴν
511 1693 794 1764 βούλησιν;
827 1695 1022 1746 ’Δκουε
1062 1691 1210 1762 παρὰ
1262 1691 1496 1753 Παύλου,
1545 1689 1741 1761 μᾶλλον
1768 1689 1825 1742 δὲ

252 1786 662 1856 καταγινώσκου
691 1785 783 1838 ὐπ’
798 1783 960 1840 αὐτοῦ
983 1801 997 1814 ·
1037 1801 1056 1835 ι
1083 1783 1174 1854 Τῷ
1195 1783 1304 1856 γὰρ
1337 1783 1634 1854 βουλήματι
1661 1779 1822 1834 αὐτοῦ

249 1877 336 1942 τίς
359 1877 657 1950 ἀνθέστηκε
679 1895 693 1942 ;
733 1897 752 1930 ι
785 1875 993 1930 Μενοῦν
1019 1892 1105 1944 γε,
1153 1870 1198 1929 ὦ
1221 1875 1497 1946 ἄνθρωπε,
1525 1874 1588 1927 σὺ
1613 1874 1697 1936 τίς
1723 1867 1774 1925 ei
1798 1873 1827 1925 ό

246 1971 483 2042 ἐρευνῶν
503 1972 595 2024 καὶ
623 1970 940 2041 ἐξιχνιάζων
957 1969 1121 2023 αὐτοῦ
1153 1969 1250 2038 τὴν
1280 1968 1552 2038 γέννησιν,
1574 1966 1669 2020 τοῦ
1697 1984 1828 2040 προ-

249 2064 420 2134 φήτου
436 2063 684 2132 λέγοντος
698 2080 712 2092 ο
725 2083 741 2114 ι
755 2063 862 2133 Τὴν
877 2061 1070 2131 γενεὰν
1085 2060 1248 2114 αὐτοῦ
1269 2061 1351 2124 τίς
1369 2060 1714 2131 διηγήσεται;
1731 2079 1747 2108 ι
1768 2060 1824 2114 '0

248 2156 532 2226 προφήτης
544 2154 734 2225 φεύγει
752 2155 850 2226 τὴν
869 2153 1060 2222 γενεὰν
1076 2153 1241 2206 αὐτοῦ
1256 2153 1634 2225 διηγήσασθαι,
1650 2154 1742 2206 καὶ
1759 2153 1823 2207 σὺ

244 2245 342 2316 τὴν
386 2246 545 2314 φύσιν
599 2243 929 2317 περιεργάζῃ
977 2245 1072 2298 καὶ
1124 2245 1636 2316 πολυπραγμονεῖςς
1678 2246 1736 2297 ’0
1765 2245 1823 2298 δὲ

244 2336 637 2408 εὐαγγελιστὴς
669 2338 883 2400 Λουκᾶς
930 2338 1030 2408 τὴν
1070 2337 1221 2390 κάτω
1253 2338 1504 2408 γέννησιν
1546 2337 1708 2392 αὐτοῦ
1741 2338 1821 2393 δι-

243 2430 544 2501 ηγούμενος
577 2430 720 2484 οὓτω
740 2430 891 2496 λέγει
913 2447 926 2460 ο
965 2449 982 2481 ι
1011 2430 1272 2500 Ποιμένες
1311 2425 1450 2500 ἦσαν
1491 2431 1548 2482 ἐν
1572 2432 1637 2500 τῇ
1670 2427 1822 2500 χώρᾳ

241 2524 305 2591 τῇ
347 2522 483 2592 αὐτῇ
511 2521 930 2592 ἀγραυλοῦντες,
955 2523 1048 2575 καὶ
1074 2521 1437 2591 φυλάσσοντες
1465 2521 1705 2590 φυλακὰς
1729 2523 1820 2574 ἐπὶ¹

241 2614 338 2685 τὴν
361 2615 596 2686 ποίμνην
626 2615 804 2668 αὐτῶν
833 2632 846 2645 ·
874 2615 966 2668 καὶ
1000 2615 1106 2668 [Bob
1136 2613 1363 2682 ἄγγελος
1383 2615 1587 2686 Κυρίου
1616 2616 1816 2686 ἐπέστη

241 2706 446 2770 αὐτοῖς,
493 2707 588 2759 καὶ
633 2705 758 2771 δόξα
810 2707 1015 2780 Κυρίου
1063 2706 1432 2778 περιέλαμψεν
1475 2707 1691 2769 αὐτοὺς,
1727 2707 1818 2760 καὶ

241 2796 588 2868 ἐφοϐήθησαν
622 2797 786 2866 φόϐον
817 2798 1010 2869 μέγαν.
1049 2800 1157 2852 Καὶ
1192 2794 1344 2850 εἶπεν
1381 2797 1563 2861 αὐτοῖς
1600 2799 1814 2866 eam-

239 2887 349 2952 λοςο
377 2891 473 2962 Μὴ
504 2890 752 2960 φοϐεῖσθε
771 2908 784 2920 ·
820 2891 926 2944 ἰδοὺ
956 2892 1063 2962 γὰρ
1107 2889 1524 2960 εὐαγγελίζομαι
1557 2891 1683 2960 ὑμῖν
1715 2907 1814 2960 χα-

242 2981 340 3050 ρὰν
383 2983 648 3054 μεγάλην,
691 2984 814 3053 ἥτις
852 2983 1003 3036 ἔσται
1034 2984 1192 3036 παντὶ
1231 2982 1307 3053 τῷ
1331 2982 1470 3053 λαῷ·
1508 2983 1588 3035 δτι
1619 2981 1810 3052 ἐτέχθη

238 3072 367 3143 ὑμῖν
402 3075 641 3147 σήμερον
665 3077 876 3147 Σωτὴρ,
907 3077 965 3140 ὃς
990 3079 1103 3130 ἐστι
1131 3075 1362 3147 Χριστὸς
1393 3074 1596 3145 Κύριος
1627 3075 1683 3126 ἐν
1713 3074 1812 3126 πό-
1841 3101 1881 3158 C

234 3162 313 3219 λει
345 3167 534 3220 Δαυῖδ.
562 3188 580 3219 ι
616 3169 673 3220 ’0
715 3167 945 3236 ἄγγελος
986 3167 1220 3236 Χριστὸν
1255 3167 1349 3220 καὶ
1404 3166 1605 3237 Κύριον
1643 3166 1811 3234 λέγει,

234 3257 725 3330 εὐαγγελιζόμενος
755 3261 882 3322 τοὺς
909 3259 1195 3330 ποιμένας,
1218 3258 1307 3312 τὸν
1332 3257 1590 3328 τεχθέντα
1623 3258 1688 3309 ἐκ
1716 3259 1813 3328 τῆς

231 3348 535 3421 Παρθένου.
556 3353 620 3404 Εἰ
648 3347 741 3405 οῦν
772 3351 974 3422 Κύριος
1011 3355 1039 3405 ό
1065 3351 1296 3422 τεχθεὶς,
1323 3349 1437 3412 πῶς
1458 3349 1519 3402 οὐ
1549 3349 1811 3418 Κυριοτό-

229 3456 321 3503 κος
347 3443 383 3512 ή
419 3441 727 3513 Παρθένος;
775 3441 914 3510 Ἐγὼ
941 3442 998 3496 δὲ
1029 3441 1171 3510 λέγω
1201 3442 1294 3495 καὶ
1318 3442 1360 3493 Χ
1369 3439 1695 3511 ριστοτόκον,
1722 3441 1813 3493 καὶ

227 3529 586 3601 Κυριοτόκον,
648 3533 744 3585 καὶ
798 3533 1218 3604 Σωτηριοτόκον,
1281 3533 1376 3584 καὶ
1422 3531 1682 3583 Θεοτόκον
1715 3529 1810 3600 τὴν

1942 505 2174 567 potens,
2239 499 2495 569 princeps
2568 501 2752 568 pacis,
2811 510 2965 570 pater
3047 503 3211 558 futuri
3292 509 3497 562 saeculi.

1937 589 2108 644 Amen
2138 590 2206 644 '°.
2245 609 2263 640 ι
2296 589 2441 645 Puer
2474 592 2776 646 secundum
2842 601 3094 648 naturam
3152 597 3500 664 quandonam

1941 680 2119 734 factus
2145 689 2229 735 est
2269 679 2413 736 Deus
2445 690 2660 752 potens.
2702 685 3164 753 quemadmodum
3210 703 3345 758 puer
3378 666 3681 755 iste,""

1937 774 2030 842 qui
2057 773 2474 829 cognominatur
2501 793 2518 824 ι
2557 773 2851 830 Nobiscum
2885 775 3060 830 Deus?
3097 799 3116 828 ι

2005 954 2060 1010 4.
2093 953 2247 1020 Quod
2275 955 2321 1010 si
2343 956 2484 1011 lilius
2509 957 2600 1011 ille
2629 973 2696 1011 ex
2725 955 2948 1028 Virgine
3007 966 3193 1024 natus,
3243 972 3328 1016 est
3359 960 3502 1018 Deus

1937 1047 2114 1111 tortis,
2148 1059 2362 1118 potens,
2412 1049 2665 1118 princeps
2704 1051 2854 1118 pacis
2876 1090 2892 1114 ,
2925 1059 2979 1106 et
3008 1059 3162 1122 pater
3195 1053 3360 1107 futuri
3403 1071 3503 1109 sa:-

1933 1139 2064 1202 culi,
2086 1154 2257 1209 quare
2285 1138 2449 1209 Virgo
2513 1156 2620 1194 non
2653 1143 2757 1194 erit
2793 1141 3058 1214 Deipara:
3091 1143 3184 1199 scd
3214 1144 3305 1200 Dei
3342 1161 3503 1201 exce-

1934 1232 2100 1301 ptrix,
2142 1231 2409 1300 siquidem
2440 1233 2690 1301 concepit
2735 1241 2790 1287 et
2815 1235 3044 1304 peperit,
3080 1235 3330 1307 Deusque
3367 1237 3498 1293 illud

1931 1333 2015 1378 est
2039 1323 2183 1392 quod
2205 1333 2391 1375 natum
2417 1323 2540 1377 est?
2566 1321 2804 1378 Rursum
2847 1312 2965 1396 ipsi.
2985 1327 3194 1382 IlIram:
3232 1327 3299 1382 Ut
3325 1329 3498 1383 voluit

1931 1413 2212 1482 ingressus
2237 1421 2342 1475 est,
2371 1422 2428 1466 ut
2452 1415 2554 1468 sibi
2587 1416 2789 1484 placuit
2816 1427 3060 1487 gestatus
3093 1419 3148 1472 iu
3195 1428 3348 1474 utero
3373 1419 3496 1483 fuit.

1931 1513 1990 1559 ιιι
2020 1505 2176 1560 libuit
2203 1505 2421 1576 genitus
2448 1505 2664 1576 prodiit.
2703 1506 2815 1560 Cur
2837 1509 2956 1577 ejus
3006 1511 3334 1565 voluntatem
3367 1527 3499 1566 exa-

1928 1597 2146 1653 minas?
2172 1596 2286 1652 Cur
2315 1598 2435 1668 ejus
2459 1599 2859 1668 beneplacitum
2914 1601 3227 1673 perquiris?
3262 1601 3372 1657 Cur
3395 1603 3496 1658 de-

1928 1698 2135 1742 cretum
2172 1689 2507 1761 investigas?
2536 1691 2763 1748 Paulum
2794 1695 2945 1759 audi,
3001 1697 3108 1750 imo
3131 1697 3311 1766 potius
3339 1695 3406 1750 ab
3432 1708 3500 1748 eo

1929 1781 2274 1837 convincare.
2312 1801 2331 1834 ι
2365 1781 2640 1838 Voluntati
2665 1787 2808 1840 enim
2833 1787 2953 1856 ejus
2978 1789 3102 1858 quis
3135 1789 3330 1843 restitit
3357 1786 3438 1841 “‘3
3473 1805 3492 1838 ι

1928 1870 1992 1924 Ει
2023 1887 2152 1928 sane
2175 1875 2298 1944 quis
2320 1883 2376 1928 tu
2407 1891 2488 1940 es,
2525 1891 2558 1931 ο
2589 1878 2770 1940 Ιιοιιιο,
2805 1882 2897 1949 qui
2920 1880 3166 1950 inquiras
3193 1888 3246 1936 et
3275 1880 3494 1936 investi-

1926 1978 2021 2034 ges
2065 1965 2186 2034 ejus
2217 1967 2594 2022 nativitatem?
2642 1969 2778 2022 Cum
2813 1972 2959 2024 dicat
2991 1971 3254 2040 propheta
3286 1989 3300 2025 :
3340 1989 3359 2022 ι
3392 1968 3500 2027 Ge-

1925 2056 2262 2111 nerationetn
2297 2057 2417 2126 ejus
2469 2059 2594 2128 quis
2647 2060 2928 2114 enarrabit
2949 2061 3037 2114 ⁸⁸2
3073 2081 3090 2112 ι
3133 2059 3338 2115 [ienuit
3367 2076 3497 2132 pro-

1924 2147 2084 2216 pheta
2109 2151 2513 2218 generationem
2569 2149 2689 2219 ejus
2745 2167 3024 2217 enarrare,
3073 2161 3126 2207 et
3157 2160 3212 2206 ιιι
3245 2163 3494 2209 naturam

1922 2240 2044 2308 ejus
2095 2241 2316 2296 curiose
2365 2241 2639 2312 perquiris
2673 2250 2727 2297 et
2762 2243 3097 2314 investigas?
3144 2243 3490 2316 Evangelista
3542 2287 3553 2301 .

1922 2347 2087 2402 porro
2110 2331 2285 2388 Lucas
2311 2335 2431 2404 ejus
2459 2335 2513 2388 in
2540 2335 2742 2390 inlimis
2773 2338 3178 2406 generationem
3224 2353 3490 2394 enarrans

1921 2425 1998 2478 ait
2030 2439 2044 2474 :
2074 2443 2091 2475 ‹
2131 2423 2389 2480 Pastores
2432 2435 2590 2480 erant
2621 2426 2675 2480 in
2708 2428 2930 2497 regione
2961 2428 3149 2484 eadem
3205 2429 3494 2501 vigilantes

1919 2522 1974 2568 et
2003 2515 2377 2570 custodientes
2443 2517 2659 2584 vigilias
2723 2533 2889 2588 super
2939 2535 3154 2590 gregem
3207 2537 3390 2577 suum.
3430 2521 3495 2578 Et

1919 2622 2046 2661 ecce
2073 2609 2297 2678 angelus
2327 2608 2541 2692 Domini
2579 2611 2729 2666 stetit
2761 2611 2905 2680 juxta
2931 2611 3074 2677 illos,
3107 2621 3161 2668 et
3189 2613 3359 2685 gloria
3387 2612 3494 2670 Do-

1919 2701 2050 2754 mini
2079 2701 2442 2756 circumlulsit
2474 2703 2616 2767 illos,
2637 2713 2690 2759 et
2715 2705 3016 2758 timuerunt
3049 2705 3488 2778 timoremagno.

1917 2792 2170 2864 Dixitque
2232 2795 2341 2850 illis
2386 2795 2852 2866 angelus:Nolite
2894 2798 3086 2852 timere
3128 2813 3298 2853 :ecce
3344 2799 3489 2853 enim

1915 2887 2226 2956 evangelizo
2260 2887 2415 2942 vobis
2442 2889 2698 2959 gaudium
2725 2903 2999 2959 magnum,
3031 2888 3178 2959 quod
3213 2888 3316 2943 erit
3339 2889 3491 2946 omni

1915 2982 2116 3050 populo
2150 2998 2162 3034 ε
2198 2981 2325 3050 quia
2352 2987 2516 3036 natus
2538 2987 2623 3035 est
2654 2980 2812 3034 vobis
2862 2979 3025 3035 hodie
3074 2981 3344 3045 Salvator,
3393 2981 3488 3052 qui

1914 3079 1997 3124 est
2029 3071 2284 3126 Christus
2342 3069 2603 3126 Dominus
2633 3072 2686 3126 in
2719 3071 2940 3125 civitate
2967 3069 3136 3127 David
3155 3072 3220 3127 ⁸³.
3259 3091 3278 3124 ι
3308 3073 3491 3144 Ange-

1916 3163 2000 3217 lus
2033 3164 2413 3234 evangelizans
2444 3164 2760 3234 pastoribus
2789 3181 2910 3220 eum
2944 3166 3036 3236 qui
3069 3173 3232 3220 natus
3274 3174 3393 3221 erat
3421 3181 3488 3222 ex

1914 3253 2156 3325 Virgine,
2182 3255 2463 3311 Christum
2519 3263 2574 3310 et
2621 3255 2907 3311 Dominum
2966 3259 3144 3329 ipsum
3189 3267 3364 3314 vocat.
3429 3257 3488 3315 Si

1911 3361 2042 3416 ergo
2075 3346 2340 3401 Dominus
2388 3355 2471 3402 est
2505 3348 2600 3417 qui
2631 3359 2792 3404 natus
2828 3357 2937 3414 est,
2972 3351 3064 3419 qui
3096 3366 3203 3404 non
3243 3349 3487 3405 Domini-

1911 3451 2040 3504 para
2075 3434 2239 3507 Virgo
2285 3437 2489 3490 fuerit?
2536 3435 2646 3507 Ego
2677 3452 2807 3492 vero
2868 3447 2924 3493 et
2984 3439 3381 3510 Christiparam
3430 3447 3486 3494 et

1911 3527 2409 3599 Dominiparam,et
2441 3518 2926 3600 Salvatoriparam,
2957 3540 3012 3587 et
3045 3531 3326 3602 Dciparam
3358 3532 3482 3588 dico

1909 3629 2154 3676 sanctam
2188 3619 2468 3692 Virginem
2491 3637 2634 3686 esse,
2657 3622 2820 3691 ‘juxta
2847 3638 3036 3678 vocem
3075 3624 3274 3694 angeli,
3304 3623 3398 3693 qui
3426 3631 3482 3676 et

1909 3714 2222 3784 pastoribus
2263 3721 2317 3768 et
2346 3712 2558 3785 Virgini
2624 3715 2876 3769 nuntium
2929 3717 3130 3770 attulit.
3183 3714 3240 3770 Si
3301 3716 3478 3784 angeli

1910 3804 2244 3859 Salvatorem
2273 3803 2625 3860 et°ClIristuIn
2650 3812 2703 3860 et
2729 3804 3012 3860 Dominum
3044 3812 3098 3859 et
3129 3803 3295 3860 Deum
3317 3803 3479 3877 353

1907 3896 2223 3967 praedicant,
2254 3911 2355 3950 nos
2389 3911 2559 3967 quare
2593 3897 2966 3952 testimonium
3008 3897 3224 3950 illorum
3253 3911 3480 3966 respue-

1907 3989 2064 4044 mus?
2094 3990 2380 4060 Ingressus
2413 3999 2498 4046 est
2526 3991 2580 4045 in
2612 3990 2890 4062 Virginem
2909 3992 3094 4047 carnis
3119 4007 3335 4062 expers,
3361 3983 3672 4056 cor-V

1903 4082 2164 4151 poraliter
2196 4091 2254 4135 ut
2281 4082 2386 4137 sibi
2414 4082 2620 4151 placuit
2651 4091 2901 4155 gestatus
2940 4092 3024 4140 est
3065 4098 3165 4139 :ex
3193 4083 3478 4154 dispensa-

1903 4173 2050 4228 tione
2091 4188 2186 4244 per
2242 4183 2547 4230 maternam
2594 4191 2851 4246 egressus
2879 4182 2964 4229 εει
2994 4184 3268 4241 naturam,
3303 4190 3478 4245 neque

223 3618 391 3686 ἁγίαν
418 3621 696 3693 Παρθένον
729 3621 870 3674 κατὰ
899 3622 998 3692 τὴν
1027 3620 1207 3691 φωνὴν
1227 3618 1320 3672 τοῦ
1344 3618 1576 3686 ἀγγέλου
1604 3617 1696 3671 τοῦ
1722 3618 1811 3670 εὐ-

223 3713 665 3784 αγγελισαμένου
709 3716 835 3777 τοὺς
860 3715 1123 3784 ποιμένας
1161 3714 1256 3766 καὶ
1287 3712 1384 3783 τὴν
1418 3710 1710 3782 Παρθένον.
1747 3711 1808 3764 Εἰ

221 3805 448 3874 ἄγγελοι
472 3807 722 3878 Σωτῆρα,
749 3808 842 3860 καὶ
878 3806 1128 3878 Χριστὸν,
1165 3805 1258 3858 καὶ
1289 3804 1510 3875 Κύριον,
1552 3804 1645 3856 καὶ
1676 3803 1807 3856 Θεὸν

218 3897 610 3968 κηρύττουσιν,
634 3900 798 3969 ἡμεῖς
829 3899 880 3951 τί
905 3896 1322 3969 ἀποκρουόμεθα
1349 3894 1526 3949 αὐτῶν
1545 3894 1641 3966 τὴν
1671 3911 1809 3966 μαρ-

216 3991 446 4061 τυρίαν;
469 3990 720 4060 εἰσῆλθεν
743 3991 801 4042 ἐν
831 3993 896 4060 τῇ
926 3990 1184 4062 Παρθένῳ
1218 3990 1474 4060 ἄσαρκος,
1512 3989 1808 4058 ἐκυοιρορή-

217 4079 283 4152 θη
312 4083 648 4152 σωματικῶς
670 4082 766 4135 καὶ
796 4081 978 4144 καθὼς
1001 4081 1318 4153 ηὐδόκησεν.
1351 4079 1568 4151 Ἐξῆλθε
1592 4079 1681 4132 διὰ
1708 4080 1807 4150 τῆς

217 4174 502 4244 μητρικῆς
549 4172 765 4242 φύσεως
818 4172 1195 4243 οἰκονομικῶς,
1248 4173 1308 4225 οὐ
1360 4172 1541 4242 μέντοι
1574 4171 1713 4242 μετὰ
1745 4170 1806 4224 τὸ

208 4265 478 4336 τεχθῆναι
514 4263 698 4336 ήνώθη
725 4267 754 4318 ό
782 4264 912 4328 Θεὸς
951 4265 1122 4334 Λόγος
1151 4267 1218 4336 τῇ
1247 4264 1544 4336 οἰκονομίᾳ.
1589 4262 1801 4335 Προῆλ-

1925 4279 2080 4318 amen
2104 4276 2226 4334 post
2260 4273 2474 4336 partum
2512 4267 2700 4320 unitus
2729 4274 2812 4321 est
2846 4265 2989 4321 Deus
3035 4263 3270 4320 Verbum
3321 4267 3476 4320 carni

209 4355 304 4412 θεν
333 4358 632 4430 ἀτρέπτως
658 4360 725 4428 τῇ
753 4356 910 4426 φύσει
935 4357 1223 4428 γενόμενος
1253 4357 1281 4410 ὃ
1313 4357 1412 4410 οὐκ
1438 4353 1526 4428 ἦν,
1564 4357 1752 4428 μείνας
1773 4354 1802 4408 δ

1920 4373 1998 4411 )er
2030 4357 2496 4429 dispensationem
2526 4369 2841 4428 assumpta).
2875 4357 3084 4414 Prodiit
3113 4361 3202 4429 qui
3224 4360 3478 4414 immuta-

204 4443 295 4522 ἦν.
332 4453 456 4505 Ούκ
488 4450 802 4513 ἀλλοιωθεὶς
837 4453 903 4521 τῇ
944 4450 1124 4521 οὐσίᾳ,
1155 4449 1344 4502 ἐαυτὸν
1375 4449 1628 4512 ἐκένωσε,
1651 4465 1803 4501 τουτ-

1920 4447 2035 4502 uilis
2065 4457 2263 4504 natura
2317 4459 2454 4514 erat,
2512 4449 2690 4506 factus
2716 4450 2860 4521 quod
2907 4467 3017 4505 non
3065 4458 3205 4515 erat,
3248 4466 3476 4506 manens

206 4511 326 4594 έστι
386 4540 581 4603 καθὼς
635 4511 1118 4610 ἡϐουλήθήίούί
1149 4538 1237 4606 ὑφ’
1291 4538 1476 4608 ἐτέρου
1523 4511 1797 4601 κενωθεὶς,

1920 4539 2050 4608 ιιιοᾶ
2080 4549 2218 4594 erat.
2264 4538 2386 4594 Non
2440 4511 2748 4596 substantia
2807 4551 3072 4605 mutatus,
3125 4511 3534 4610 semctipsumb

205 4634 432 4704 μορφὴν
482 4632 672 4686 δούλου
707 4631 930 4684 ἐλαϐεν’
964 4631 1024 4684 οὐ
1075 4629 1330 4692 κενωθεὶς
1379 4630 1476 4700 τῆς
1528 4629 1796 4700 θεότητος,

1920 4631 2240 4699 :xinanivit;
2279 4633 2373 4687 sed
2405 4641 2464 4687 ut
2489 4633 2595 4688 sibi
2622 4634 2865 4704 placuit:
2894 4648 3000 4686 nec
3029 4633 3097 4686 ab
3147 4631 3254 4685 alio
3286 4632 3476 4684 exina-

201 4727 348 4778 κατὰ
379 4726 480 4780 τὸν
516 4724 784 4795 μακάριον
840 4721 1050 4776 Παῦλον
1095 4722 1188 4775 τὸν
1236 4723 1494 4792 λέγοντα·
1537 4723 1688 4783 «Ὃς,
1740 4722 1798 4772 ἐν

1920 4723 2261 4784 titionem,et
2286 4723 2514 4777 formam
2535 4725 2681 4777 illam
2709 4724 2850 4779 servi
2879 4723 3121 4792 accepit;
3159 4735 3259 4774 nec
3276 4721 3474 4774 amissa

201 4820 391 4888 μορφῇ
431 4815 575 4870 Θεοῦ
609 4815 891 4886 ὑπάρχων,
922 4816 1021 4886 οὐχ
1047 4816 1337 4888 ἁρπαγμὸν
1365 4815 1610 4886 ήγήσατο
1635 4812 1695 4865 τὸ
1725 4807 1800 4864 εἷ-

1920 4815 2282 4882 leitatejuxta
2313 4815 2532 4870 beatum
2575 4814 2826 4877 Paulum,
2881 4817 2974 4885 qui
3007 4817 3083 4867 ait
3108 4832 3119 4867 :
3147 4833 3165 4864 ι
3196 4813 3298 4880 Qui
3350 4829 3474 4866 cum

195 4925 286 4962 ναι
323 4909 420 4963 ίσα
455 4907 602 4978 Θεῷ,
647 4906 782 4960 ἀλλὰ
831 4909 1023 4963 ἑαυτὸν
1074 4907 1309 4962 ἐκένωσε
1363 4905 1572 4978 μορφήν
1617 4903 1802 4956 δούλου

1920 4925 1954 4962 ιι
1995 4908 2172 4962 forma
2201 4907 2293 4962 Dei
2327 4916 2495 4971 esset,
2521 4924 2632 4964 non
2649 4908 2896 4979 rapinam
2925 4908 3224 4961 arbitratus
3242 4914 3325 4960 est
3353 4921 3476 4961 esse

195 4997 406 5056 λαϐὼν.
436 5021 456 5053 ι
481 4999 784 5053 Ἐκένωσεν
810 5001 1022 5066 ἐαυτὸν,
1059 5000 1349 5070 γενόμενος
1381 4999 1409 5052 ὃ
1431 4999 1530 5050 οὐκ
1570 4991 1638 5066 ἦν
1659 5013 1672 5026 '
1710 4995 1804 5048 καὶ

1920 5017 1957 5056 ;ε
1983 5003 2248 5072 aequalem
2283 5000 2425 5069 Deo;
2459 5003 2555 5057 sed
2616 5003 2971 5072 semetipsum
3020 5000 3323 5056 exinanivit
3370 4998 3475 5052 for-

197 5095 362 5148 πάλιν
394 5093 538 5147 αὐτὸ
568 5092 732 5160 λέγω,
777 5093 965 5161 μείνας
1011 5093 1040 5146 ὃ
1099 5087 1189 5164 ἦν,
1221 5092 1355 5154 Θεὸς
1397 5089 1505 5159 γὰρ
1536 5083 1604 5158 ἦν
1637 5088 1666 5140 ό
1699 5087 1803 5140 Λό-

1920 5110 2038 5147 nam
2073 5095 2216 5149 servi
2248 5094 2520 5162 accipiens
2541 5095 2641 5149 ⁸⁵.»
2681 5093 3043 5163 Semetipsum
3067 5092 3391 5154 exinanivit,
3418 5091 3473 5144 id

194 5199 292 5252 γος
315 5181 486 5247 οὗτος
507 5201 522 5214 ο
557 5184 635 5246 ὼς
671 5183 880 5237 παιδίον
912 5184 1223 5254 γενόμενος,
1253 5183 1330 5245 ὡς
1359 5181 1475 5242 υίὸς
1499 5175 1799 5242 δοξάζεται.

1920 5180 2120 5234 :ﬂ’ectus
2151 5179 2294 5250 quod
2312 5195 2420 5233 non
2443 5189 2580 5246 erat,
2607 5191 2661 5236 et
2684 5190 2743 5235 ut
2771 5181 2970 5236 iterum
3019 5180 3220 5238 dicam,
3249 5193 3473 5233 manens

193 5277 471 5347 Εἰσῆλθεν
499 5275 810 5347 ἀσώματος,
828 5277 1114 5330 ἐνεδύσατο
1149 5274 1309 5345 σῶμα
1335 5270 1514 5334 καθὼς
1543 5270 1794 5342 ὴθέλησε,

1924 5271 2050 5339 ιιιοά
2111 5279 2250 5326 erat.
2323 5270 2468 5325 Deus
2528 5272 2675 5326 enim
2739 5281 2858 5328 erat
2917 5271 3023 5326 hoc
3085 5269 3344 5330 Verbum.
3376 5267 3474 5339 qui

191 5368 288 5421 καὶ
313 5367 609 5437 κατεπόθη
638 5367 697 5419 τὸ
723 5367 915 5437 θνητὸν
944 5368 1048 5421 ὐπὸ
1071 5366 1172 5435 τῆς
1197 5365 1361 5435 ζωῆς.

1920 5360 2062 5430 ιιιαεί
2119 5362 2379 5431 parvulus
2413 5362 2590 5416 fat-tus
2638 5370 2744 5426 est,
2789 5363 2945 5431 quasi
2998 5361 3142 5415 lilius
3195 5359 3469 5432 gloriﬁca-

190 5467 303 5514 tus.
345 5458 652 5528 Ingressus
677 5467 760 5513 est
789 5459 1166 5530 incorporeus,
1191 5471 1392 5524 corpus
1420 5452 1596 5508 induit
1625 5458 1786 5524 prout
1828 5453 2021 5519 voluit,
2077 5462 2244 5524 atque
2304 5455 2624 5524 absorptum
2658 5461 2744 5508 est
2787 5455 2932 5525 quod
2966 5454 3195 5509 mortale
3257 5459 3373 5506 erat
3437 5461 3476 5510 a

189 5555 324 5609 vita.

3631 4517 3664 4533 ρ

3537 4526 3626 4560 κν

256 5710 304 5742 ⁸⁸
347 5708 460 5765 lsa.
505 5723 592 5770 ιτ,
634 5706 686 5761 6.
763 5708 803 5740 ⁸¹
851 5707 1008 5762 llom.
1048 5723 1138 5773 Ix,
1177 5707 1258 5762 l9.
1336 5709 1380 5739 ⁸³
1417 5705 1520 5762 isa.
1559 5717 1690 5770 LIII,
1725 5702 1781 5757 8.

1942 5701 2077 5758 Luc.
2118 5718 2186 5769 ιι,
2221 5702 2378 5758 8-H.
2455 5701 2500 5733 ⁸⁸
2543 5701 2777 5775 Philipp.
2818 5719 2891 5770 ιι,
2922 5703 2957 5758 6
