4022 6382
277 355 384 413 969

1297 355 1532 413 εΕιιΜο
1563 353 1634 409 ΙΝ
1669 349 2145 409 NATIVITATEM
2185 345 2485 406 CHltlSTl.

3423 342 3529 398 970

279 472 374 525 καὶ
419 469 824 542 εἰδωλολάτρης,
853 471 953 525 οὐκ
982 470 1093 543 ἔχει
1126 470 1491 543 κληρονομίαν
1519 471 1576 531 ὲν
1607 470 1674 539 τῇ
1699 466 1852 538 βασι-

1957 476 2061 530 tra,
2090 479 2200 518 non
2257 462 2421 517 habet
2475 456 2842 515 hereditatem
2890 456 2948 512 in
2993 470 3164 527 regno
3214 455 3429 512 Domini
3473 467 3530 515 et

279 563 399 634 λείᾳ
427 563 632 634 Κυρίου
663 563 758 617 καὶ
787 562 945 620 Θεοῦ.
986 583 1005 616 ι

351 655 406 709 6.
431 654 594 706 Ὥστε
633 653 1005 708 ἀποδέδεικται
1032 653 1124 707 τὸν
1152 654 1357 726 Κύριον
1399 653 1493 706 καὶ
1530 651 1661 704 Θεὸν
1693 645 1854 713 εἶναι,

282 746 378 800 καὶ
400 745 533 798 Θεὸν
564 745 655 797 τὸν
685 744 907 815 Κύριον.
941 746 1004 797 Εἰ
1041 745 1097 798 δὲ
1129 747 1226 798 καὶ
1256 745 1462 798 τούτων
1499 744 1598 796 οὐκ
1624 742 1853 813 ἀνάσχῃ.

284 834 514 890 πείσωσί
535 851 594 887 σε
613 835 662 886 οἰ
683 832 933 905 δαίμονες
956 836 1005 888 οἰ
1029 836 1086 887 ὲν
1107 836 1174 905 τῇ
1201 831 1355 904 χώρᾳ
1381 832 1488 886 τῶν
1508 830 1858 902 Γεργεσηνῶν

284 927 611 1001 κράζοντες·
655 946 675 979 ι
714 927 837 987 Ἔα,
893 927 947 979 τί
989 927 1117 996 ἡμῖν
1159 926 1253 979 καὶ
1292 926 1394 989 σοὶ,
1426 923 1523 976 Υἱὲ
1548 922 1642 975 τοῦ
1688 920 1854 985 Θεοῦ;

284 1014 447 1089 ἦλθες
474 1012 577 1086 ᾧδε
620 1016 727 1088 πρὸ
776 1017 968 1087 καιροῦ
1002 1017 1289 1087 βασανίσαι
1328 1017 1494 1086 ἡμᾶς.
1535 1034 1554 1067 ι
1592 1013 1879 1081 Πειθέτω-¹

287 1110 387 1165 σάν
425 1128 485 1163 σε
513 1112 563 1164 οἰ
588 1110 857 1181 δαίμονες.
883 1110 945 1162 Εἰ
970 1109 1069 1180 τὴν
1099 1108 1401 1180 μαρτυρίαν
1435 1107 1647 1179 Πέτρου
1683 1123 1860 1177 παρα-

284 1200 609 1276 γράφῃζκαὶ
628 1206 708 1267 εἰς
726 1204 824 1274 τὴν
843 1201 937 1255 τοῦ
953 1201 1285 1269 Εὐαγγελίου
1304 1200 1488 1271 φωνὴν
1506 1198 1854 1271 ἀποστρέφῃο

282 1297 385 1369 τὴν
432 1294 571 1349 κατά
600 1296 826 1366 Μάρκον
861 1292 1153 1364 αἰδέσθητι.
1186 1290 1456 1362 Φοϐήθητι
1502 1290 1594 1343 τὸν
1630 1289 1859 1359 ἄγγελον

282 1388 377 1442 τὸν
425 1387 706 1460 εἰρηκότα,
752 1386 978 1457 Σωτῆρα
1011 1384 1103 1439 καὶ
1138 1382 1375 1455 Χριστὸν
1413 1383 1507 1437 καὶ
1533 1382 1737 1454 Κύριον
1766 1382 1859 1435 τὸν

282 1480 542 1550 τεχθέντα
574 1480 640 1532 ὲκ
668 1479 768 1549 τῆς
814 1474 1113 1547 Παρθένου.
1144 1474 1268 1528 Ἐπὶ
1318 1474 1528 1537 τούτοις
1574 1474 1855 1538 ἁπιστεϊς;

283 1572 596 1625 Χαλίνωσον
622 1569 719 1642 τὴν
750 1568 925 1641 ὁρμὴν
950 1568 1050 1639 τῆς
1082 1565 1431 1638 βλασφημίας
1458 1583 1574 1631 σου,
1606 1565 1702 1619 καὶ
1729 1564 1861 1636 ὁμο-

279 1664 510 1734 λόγησον
546 1662 644 1734 τὴν
674 1661 770 1716 τοῦ
808 1659 1039 1730 ἀγγέλου
1086 1658 1265 1732 φωνὴν
1289 1660 1389 1731 τὴν
1418 1663 1477 1713 ὲν
1512 1656 1591 1729 τῷ
1616 1657 1860 1726 Εὐαγγε-

280 1746 399 1823 λιῳ
427 1750 731 1822 λεχθεῖσαν,
791 1748 1154 1822 Ἐμμανουὴλ,
1198 1749 1442 1803 τουτέστι
1484 1749 1623 1803 Μεθ’
1689 1746 1860 1816 ἡμῶν

1961 555 2057 612 Dei
2084 556 2152 611 ”.
2196 574 2216 608 ι

2030 647 2195 722 354
2242 647 2297 703 6.
2354 646 2798 703 Demonstratum
2859 643 3043 714 itaque
3087 648 3172 699 est
3218 641 3529 705 Dominum,

1966 736 2169 803 Deum;
2193 744 2247 793 et
2277 736 2480 802 Deum,
2501 735 2789 791 Dominum
2835 749 2976 791 esse.
3011 733 3166 801 Quod
3197 734 3243 791 si
3279 733 3393 788 haec
3424 748 3533 788 non

1963 829 2222 892 admittis,
2253 830 2307 884 id
2321 829 2419 884 tibi
2438 829 2518 885 vel
2537 835 2808 884 daemones
2833 828 3195 897 persuadeant
3222 827 3280 882 in
3315 826 3534 898 regione

1961 919 2391 990 Gergesenorum
2422 920 2721 976 clamantes
2746 935 2759 971 :
2791 937 2809 971 ι
2837 918 2988 985 Sine,
3006 918 3136 990 quid
3157 918 3257 973 tibi
3273 925 3327 974 et
3350 919 3533 983 nobis,

1963 1009 2065 1065 Fili
2080 1009 2212 1066 Dei?
2236 1012 2342 1067 huc
2363 1012 2563 1067 venisti
2597 1020 2721 1066 ante
2743 1022 2954 1082 tempus
2978 1018 3233 1081 torquere
3268 1024 3369 1065 nos
3401 1010 3469 1065 ”.
3508 1030 3529 1063 ι

1963 1102 2023 1157 Id
2043 1102 2163 1167 tibi,
2180 1104 2427 1174 inquam,
2449 1104 2721 1158 daemones
2738 1103 3121 1172 persuadeant.
3138 1101 3194 1157 Si
3208 1100 3355 1157 Petri
3383 1103 3530 1157 testi-

1965 1194 2206 1248 monium
2232 1208 2477 1257 recusas,
2503 1200 2557 1249 et
2585 1192 2864 1263 Evangelii
2898 1209 3087 1249 vocem
3114 1194 3361 1263 respuis;
3386 1193 3534 1248 illam

1965 1284 2132 1340 Marci
2170 1300 2358 1341 vocem
2390 1300 2693 1341 revereare.
2727 1285 2992 1356 Angelutn
3031 1299 3242 1349 verere,
3293 1284 3385 1354 qui
3434 1283 3533 1348 ait,

1966 1376 2326 1441 Salvatorem,
2357 1377 2634 1433 Christum
2675 1384 2729 1431 et
2776 1376 3065 1431 Dominum
3102 1360 3225 1432 esse
3266 1376 3416 1430 illum
3440 1376 3535 1447 qui

1964 1479 2127 1525 natus
2154 1486 2220 1525 ex
2257 1469 2479 1541 Virgine
2505 1481 2607 1527 est.
2624 1471 2708 1524 An
2732 1470 2882 1527 hisce
2907 1486 3017 1525 non
3048 1470 3272 1526 credis?
3298 1468 3535 1526 Refrena

1965 1564 2222 1633 impetum
2253 1563 2600 1633 blasphemia:
2624 1573 2752 1625 tum,
2771 1572 2824 1617 et
2846 1561 3105 1617 conlitere
3127 1562 3303 1633 angeli
3322 1577 3534 1629 vocem,

1963 1669 2084 1723 qua:
2134 1654 2190 1709 in
2240 1653 2532 1725 Evangelia
2562 1652 2789 1719 dicitur,
2825 1652 3164 1718 Emmanuel,
3202 1652 3257 1707 id
3290 1661 3395 1718 est,
3440 1669 3537 1707 no-

1965 1745 2165 1799 biscum
2195 1743 2356 1799 Deus.
2391 1744 2535 1799 Ante
2554 1743 2965 1814 conceptionem
2998 1742 3143 1800 Deus
3173 1751 3404 1799 vocatur
3429 1758 3444 1797 :
3480 1754 3536 1801 et

279 1849 313 1899 ὁ
353 1846 522 1911 Θεός.
560 1844 676 1916 Πρὸ
701 1845 800 1915 τῆς
846 1842 1157 1915 συλλήψεως
1190 1842 1325 1906 Θεὸς
1365 1841 1644 1895 καλεῖται·
1671 1840 1766 1894 καὶ
1802 1840 1852 1892 ἐν

1961 1833 2092 1890 dum
2152 1836 2461 1907 concipitur
2512 1852 2608 1907 per
2663 1837 3062 1902 mconomiam,
3094 1851 3197 1891 nec
3233 1835 3535 1892 secundum

277 1936 357 2007 τῷ
389 1935 757 2007 συλληφθῆναι
790 1934 951 1989 αὐτὸν
977 1934 1335 2007 οἰκονομικῶς
1356 1935 1417 1988 ού
1453 1934 1593 1988 κατά
1617 1933 1776 2004 φύσιν
1799 1934 1857 1986 ὲν

276 2030 344 2099 τῇ
393 2029 594 2099 γαστρὶ
632 2027 734 2097 τῆς
762 2026 1037 2100 Παρθένου
1070 2027 1208 2099 ἀρνῇ
1237 2025 1398 2079 αὐτὸν
1429 2023 1560 2079 Θεὸν
1589 2020 1765 2088 εἷναι;
1794 2023 1858 2076 Εἰ

278 2116 337 2169 δὲ
368 2116 640 2188 ὁμολογῇς
673 2117 834 2171 αὑτὸν
861 2112 995 2170 Θεὸν
1028 2113 1168 2170 εἶναι
1190 2118 1249 2169 ὲν
1272 2118 1338 2186 τῇ
1362 2116 1560 2187 γαστρὶ
1590 2115 1690 2184 τῆς
1713 2115 1862 2185 Παρ-

279 2204 458 2269 θένου,
499 2207 637 2277 ὅπερ
690 2208 784 2260 καὶ
834 2207 1002 2271 ἐστιν,
1031 2208 1125 2260 καὶ⁸
1151 2206 1389 2279 ἡνῶσθαι
1420 2207 1582 2260 αὐτὸν
1613 2206 1702 2259 τὸν
1727 2206 1859 2260 Θεὸν

276 2295 454 2364 Λόγον
501 2300 566 2368 τῇ
602 2298 853 2369 ἐνσάρκῳ
903 2298 1205 2368 οἰκονομίᾳ,
1258 2296 1311 2350 τί
1359 2297 1580 2366 φεύγεις
1600 2297 1861 2351 Θεοτόκον

275 2386 458 2457 λέγειν
506 2389 603 2461 τὴν
643 2389 946 2463 Παρθένονς
994 2389 1058 2444 Εἰ
1104 2388 1366 2465 Θεοτόκος
1405 2390 1506 2442 οὑκ
1555 2389 1692 2454 ἔστι,
1736 2388 1860 2444 οὐδὲ

277 2481 556 2553 Παρθένος
578 2482 716 2553 μετά
746 2482 925 2538 τόκον.
972 2480 1114 2552 Ἐγὼ
1142 2481 1200 2535 δὲ
1225 2480 1389 2550 λέγω,
1412 2484 1472 2535 ὲν
1501 2485 1568 2553 τῇ
1602 2481 1858 2554 συλλήψει

273 2571 375 2641 τῆς
416 2571 757 2643 παρθενικῆς
785 2574 997 2644 μήτρας
1026 2571 1124 2636 ὢν,
1146 2573 1206 2626 ὲν
1229 2574 1343 2635 τοῖς
1366 2572 1461 2625 τοῦ
1488 2573 1700 2645 Πατρὸς
1731 2573 1861 2627 κόλ-

274 2677 404 2726 ποις
453 2663 690 2735 ἐκάθητο
742 2663 817 2735 μὴ
868 2662 1362 2735 περιγραφόμενος.
1404 2663 1859 2737 Ἀπλῇγὰρυκαὶ

270 2756 629 2828 ἀσύνθετοὶᾐ
658 2756 821 2829 φύσις
849 2758 881 2828 ἡ
911 2756 1031 2811 θεία
1066 2756 1140 2828 μὴ
1168 2758 1637 2830 περιγραφομένη.
1664 2758 1860 2826 Ἀτρε-

269 2864 409 2911 πτος
451 2850 485 2919 ὴ
530 2849 710 2918 φύσις,
740 2850 833 2903 καὶ
880 2846 1233 2912 ἀναλλοίωτος
1260 2852 1292 2919 ή
1319 2850 1497 2903 οὐσία.
1530 2850 1639 2903 Καὶ
1666 2848 1857 2904 τοῦτον

266 2939 358 2993 τὸν
395 2941 453 2992 ἐν
479 2943 591 3004 τοῖς
624 2941 847 3005 κόλποις
887 2941 983 2995 τοῦ
1032 2940 1243 3013 Πατρὸς
1274 2941 1425 3005 ὅντα,
1454 2940 1641 2995 τοῦτον
1697 2941 1855 2996 ἔτεκε

266 3032 362 3085 νῦν
385 3035 456 3101 τῇ
489 3033 769 3105 οἰκονομίᾳ
789 3033 1146 3105 ήιῐΙαρθένος.
1165 3033 1254 3097 Ὣς
1268 3032 1545 3114 Μησεν
1576 3033 1820 3103 εἰσῆλθεν
1837 3050 1851 3064 ο

264 3121 341 3186 ὡς
362 3123 660 3195 ηὑδόκησε,
684 3125 991 3197 συνελήφθη
1017 3127 1076 3178 ὲν
1096 3127 1161 3197 τῇ
1191 3126 1390 3197 γαστρὶ
1414 3126 1513 3196 τῆς
1538 3125 1817 3197 Παρθένου
1835 3142 1849 3156 ⁸

1961 1934 2235 1992 naturam,
2265 1928 2321 1981 in
2355 1935 2512 1982 utero
2549 1924 2986 2000 Virginis,negas
3016 1927 3185 1983 Deum
3212 1927 3365 1983 illum
3390 1929 3539 1985 esse?
3608 1913 3701 1963 ιλ

1960 2019 2118 2086 Quod
2155 2021 2201 2076 si
2227 2020 2523 2077 conﬁteare
2554 2023 2734 2092 ipsum
2775 2036 2900 2078 esse
2929 2020 3095 2077 Deum
3127 2022 3181 2076 in
3217 2029 3371 2078 utero
3410 2019 3538 2077 Vir-

1959 2112 2122 2180 ginis,
2148 2112 2293 2183 quod
2339 2112 2501 2168 etiam
2555 2113 2636 2168 sic
2676 2128 2737 2168 se
2775 2113 2970 2180 habet;
3019 2121 3075 2168 et
3130 2113 3309 2183 ipsum
3363 2112 3537 2169 Deum

1962 2200 2198 2258 Verbum
2224 2204 2435 2258 unitum
2476 2202 2645 2260 fuisse
2693 2205 2846 2258 carni
2892 2218 2991 2273 per
3039 2203 3533 2275 dispensationem,

1959 2311 2061 2352 cur
2093 2295 2281 2351 renuis
2310 2293 2591 2366 Virginem
2621 2309 2817 2350 vocare
2847 2294 3173 2366 Dciparam?
3204 2294 3263 2350 Si
3298 2294 3536 2367 Deipara

1960 2405 2070 2445 non
2101 2395 2209 2456 est,
2260 2403 2437 2458 neque
2467 2385 2634 2458 Virgo
2664 2394 2788 2458 post
2834 2394 3073 2456 partum.
3136 2387 3207 2441 At
3247 2403 3348 2460 ego
3385 2388 3537 2453 dico,

1958 2495 2107 2545 eum,
2136 2480 2277 2547 dum,
2306 2488 2615 2552 gestaretur
2657 2489 2902 2534 materno
2934 2480 2989 2534 in
3041 2486 3219 2545 utero,
3252 2481 3307 2536 in
3354 2479 3540 2539 Patris

1960 2572 2084 2629 sinu
2110 2572 2649 2643 incircumscriptum
2682 2571 2911 2627 sedisse.
2951 2570 3193 2643 Simplex
3226 2589 3463 2646 namque
3484 2584 3652 2646 (λβ

1958 2662 2324 2737 incomposita
2368 2672 2454 2719 est
2501 2672 2698 2718 natura
2720 2661 2928 2727 divina,
2954 2677 3057 2718 nec
3093 2661 3535 2738 circumscripta:

1956 2753 2314 2811 lmmutabilis
2340 2762 2539 2810 natura
2567 2762 2620 2811 et
2645 2754 2987 2811 invariabilis
3018 2754 3351 2814 substantia.
3376 2756 3537 2813 Hunc

1960 2853 2140 2900 autem
2171 2847 2353 2916 ipsum
2382 2846 2476 2917 qui
2504 2846 2559 2900 in
2589 2846 2714 2900 sinu
2748 2844 2925 2900 Patris
2948 2853 3053 2911 est,
3077 2862 3226 2901 nunc
3251 2863 3348 2918 per
3383 2864 3538 2905 (nco-

1958 2938 2198 2991 nomiam
2231 2935 2398 3009 Virgo
2431 2936 2641 3009 genuit.
2678 2935 2748 2993 Ut
2791 2936 2982 3000 voluit,
3018 2937 3300 3005 introivit;
3335 2939 3538 2995 ιιιηείὸί

1956 3031 2182 3102 placuit,
2221 3043 2520 3103 conceptus
2560 3038 2644 3086 est
2673 3029 2730 3086 in
2773 3040 2932 3086 utero
2958 3027 3219 3100 Virginis.
3249 3029 3319 3086 Ut
3340 3032 3536 3096 voluit,

1957 3130 2120 3178 natus
2148 3122 2435 3192 processit.
2470 3120 2612 3188 Quid
2638 3127 2695 3176 tu
2732 3122 2949 3177 curiose
2978 3122 3213 3193 inquiris
3230 3124 3350 3194 ejus
3374 3140 3538 3197 gene-

263 3213 342 3275 ὡς
355 3213 651 3285 ἐϐουλήθη,
669 3215 905 3288 προῆλθε
924 3214 1155 3288 τεχθείς.
1173 3217 1245 3269 Σὺ
1266 3215 1318 3269 τί
1337 3218 1672 3291 περιεργάζῃ
1689 3218 1852 3272 αὑτοῦ

1956 3213 2382 3269 τειίοιιειιιῖᾼιιι
2406 3222 2465 3268 ut
2494 3213 2663 3269 Deum
2684 3214 2817 3270 timc
2842 3235 2857 3269 :
2884 3222 2977 3268 aut
3008 3224 3070 3269 ut
3089 3215 3284 3271 herum
3315 3232 3534 3273 verere:

264 3305 366 3377 τὴν
389 3307 687 3376 γέννησινς
725 3309 797 3361 Ἢ
826 3308 903 3371 ὡς
939 3306 1070 3361 Θεὸν
1107 3305 1394 3379 φοὸήθητι,
1429 3307 1463 3379 ἢ
1490 3307 1855 3387 ὼςίδεσπότην

263 3396 627 3469 αἰδέσθητι,ἢ
659 3398 735 3462 ὡς
762 3399 987 3471 κτιστὴν
1019 3398 1115 3451 καὶ
1141 3398 1471 3471 δημιουργὸν
1499 3398 1850 3470 εύλαὸήθητι,

261 3487 295 3560 ἤ
329 3489 408 3554 ὡς
442 3490 653 3560 Κύριον
684 3489 979 3562 τρόμησον,
1012 3490 1045 3562 ἢ
1074 3490 1148 3554 ὡς
1174 3491 1367 3562 κριτὴν
1393 3488 1601 3561 φρίξον.
1643 3489 1855 3559 Ἐντρέ-

258 3578 429 3647 ψουσί
484 3596 543 3632 σε
584 3580 636 3633 οἱ
683 3579 936 3651 δαίμονες
965 3582 1015 3633 οἱ
1057 3580 1186 3643 τοὺς
1215 3581 1431 3653 χοίρους
1458 3579 1851 3647 ἀπελάσαντες,

257 3674 355 3725 καὶ
404 3674 511 3744 τὴν
565 3672 767 3745 ἀγέλην
815 3672 895 3744 τῷ
952 3671 1122 3745 βυθίῳ
1174 3672 1387 3745 θανάτῳ
1436 3670 1852 3737 ἀποπνίξαντες.

269 3764 508 3818 Ἐκεῖνοι
536 3764 851 3834 ἐπιγνόντες
876 3764 967 3818 τὸν
993 3764 1260 3836 δεσπότην
1283 3763 1503 3834 λέγουσι
1527 3781 1542 3795 ο
1576 3783 1595 3816 ι
1635 3765 1699 3817 Τί
1722 3765 1855 3836 ἡμῖν

258 3858 353 3909 καὶ
392 3856 506 3922 σοὶ,
535 3856 634 3910 Υἱὲ
668 3856 763 3911 τοῦ
791 3856 957 3923 Θεοῦ;
990 3851 1155 3930 ἦλθες
1193 3856 1300 3929 πρὸ
1334 3857 1527 3930 καιροῦ
1567 3856 1855 3928 βασανίσαι

255 3948 430 4018 ἡμᾶς.
479 3966 502 4000 ι
546 3948 774 4002 Ἐκεῖνοι
804 3948 896 4003 τὸν
929 3948 1173 4004 κίνδυνον
1225 3949 1318 4002 καὶ
1365 3950 1463 4023 τὴν
1495 3950 1723 4021 ἀπειλὴν
1752 3950 1853 4019 τῆς

254 4038 504 4107 βασάνου
568 4040 863 4111 φεύγουσι,
896 4040 991 4094 καὶ
1039 4040 1104 4094 σὺ
1149 4041 1271 4095 καθ’
1313 4041 1505 4095 ἑαυτοῦ
1535 4042 1634 4113 τὴν
1670 4040 1852 4112 κρίσιν

248 4132 352 4203 τῆς
375 4133 621 4203 βασάνου
651 4133 876 4206 ἐφέλκῃ.
918 4135 1145 4189 Ἐκεῖνοι
1161 4134 1404 4204 ἔγνωσαν
1436 4135 1527 4188 τὸν
1550 4138 1614 4188 ὲκ
1634 4135 1851 4208 Μαρίας

246 4225 523 4295 τεχθέντα
546 4225 751 4297 Κύριον
782 4228 877 4279 καὶ
914 4226 1108 4298 κριτὴν
1135 4226 1228 4280 τοῦ
1257 4227 1456 4292 παντὸς
1492 4228 1721 4298 κόσμου,
1754 4226 1851 4280 καὶ

250 4316 458 4381 ἰδόντες
511 4317 674 4372 αὑτὸν
727 4318 833 4389 πρὸ
860 4318 959 4387 τῆς
989 4320 1224 4389 κρίσεως
1273 4320 1581 4391 ὲτρόμησαν
1604 4336 1617 4351 ·
1653 4319 1749 4373 καὶ
1783 4320 1847 4373 σὺ

248 4406 462 4471 ταύτην
488 4408 589 4479 τὴν
621 4404 803 4481 κρίσιν
829 4410 935 4481 πρὸ
969 4409 1263 4481 ὀφθαλμῶν
1283 4411 1424 4483 ἔχων
1462 4414 1847 4485 καταφρονεῖς,

248 4492 346 4545 καὶ
373 4492 484 4545 οὐκ
508 4493 815 4572 tamin-wn;
846 4503 955 4578 Καὶ
980 4500 1141 4555 πάλιν
1167 4503 1341 4557 ταῦτα
1359 4504 1524 4573 λέγω,
1548 4506 1642 4558 καὶ
1670 4504 1846 4573 λέγων

243 4671 344 4745 τὴν
398 4674 670 4729 ὑπόθεσιν
688 4691 703 4706 ο
731 4675 871 4731 ὥστε
908 4680 966 4732 ὲν
991 4686 1189 4749 γνώσει
1217 4687 1517 4757 ἀσφαλείας
1551 4689 1846 4743 ἀσάλευτον

241 4765 394 4836 ἔχειν
451 4768 559 4840 τὴν
590 4768 775 4825 πίστιν
806 4772 902 4824 καὶ
925 4773 1023 4844 τὴν
1056 4776 1297 4846 κρηπῖδα
1334 4781 1434 4851 τῆς
1478 4780 1714 4845 πίστεως
1744 4782 1846 4854 τὴν

238 4859 550 4929 ὁμολογίαν
576 4859 804 4930 βεὸαίαν
828 4864 1095 4934 κατέχειν.

188 4980 203 4993 ο
311 4952 366 5004 7.
400 4952 584 5005 Πάλιν
612 4953 705 5005 ἐπὶ
735 4953 796 5006 τὸ
830 4956 1184 5027 προκείμενον
1214 4959 1520 5033 βαδιοῦμεν,
1552 4962 1719 5035 ὀρθὴν
1748 4964 1846 5018 καὶ

232 5040 436 5113 ἀκλινῆ
469 5041 577 5113 τὴν
621 5042 744 5095 ὁδὸν
793 5044 894 5114 τῆς
941 5046 1179 5113 πίστεως
1210 5051 1642 5116 ἀναδεικνύντες.
1686 5050 1843 5124 Ἐμοὶ

234 5134 337 5202 μὲν
380 5133 501 5203 γὰρ
554 5132 617 5184 τὸ
668 5131 845 5201 λέγειν
890 5135 991 5189 οὐκ
1037 5136 1292 5209 ὀκνηρὸν,
1328 5140 1458 5209 ὑμῖν
1487 5138 1543 5191 δὲ
1576 5139 1837 5209 ἀσφαλές.

231 5217 408 5288 Οὗτος
437 5225 471 5277 δ
499 5224 640 5287 Θεὸς
666 5224 880 5294 εἰσῆλθε
904 5227 994 5280 διά
1024 5228 1125 5298 τῆς
1147 5230 1318 5300 ἀκοῆς
1346 5231 1446 5302 τῆς
1468 5231 1746 5302 Παρθένου
1762 5231 1839 5294 ὡς

229 5316 537 5391 ἠθέλησεν.
565 5317 906 5389 ὲκυοφορήθη
934 5319 1009 5381 ὡς
1032 5320 1321 5390 ηὐδόκησε,
1361 5322 1595 5394 προῆλθε
1627 5322 1839 5394 τεχθεὶς

226 5407 303 5471 ὡς
333 5407 919 5480 ἡδουλήθηέίσῆλθεν
948 5407 1239 5483 ἀσώματος
1263 5409 1339 5473 ὡς
1364 5410 1647 5483 ἠθέλησεν·
1681 5415 1841 5466 ἐκνο-

227 5502 447 5575 φορήθη
475 5504 506 5555 ό
534 5499 820 5584 almam;
846 5501 904 5552 ὲν
926 5479 1215 5572 1551*:th
1242 5503 1443 5570 σκεύει,
1470 5479 1529 5558 ἐν
1553 5508 1620 5575 τῇ
1655 5509 1838 5576 μήτρᾳ

222 5593 323 5664 τῆς
372 5591 670 5664 Παρθένου
716 5591 1094 5662 οἰκῶομικῶς,
1142 5593 1218 5657 ὡς
1262 5594 1550 5667 ηὐδόκησε.
1589 5596 1833 5668 Προῆλθε

290 5751 345 5783 ’⁸
380 5749 598 5820 Ephes.
623 5763 679 5814 v,
704 5746 757 5801 5.
839 5748 886 5779 ⁹⁹
924 5746 1055 5802 Luc.
1095 5765 1166 5811 iv,
1197 5750 1286 5805 5i.

572 5842 844 5902 ΡΔτιιοι..
872 5841 987 5905 Gs.
1025 5844 1317 5906 XXVIII.

1956 3315 2050 3362 aut
2071 3316 2131 3361 ut
2148 3305 2460 3363 Creatorem
2495 3315 2551 3362 et
2568 3307 2814 3378 opiﬁcem
2840 3309 2960 3363 cole
2991 3315 3121 3364 :aut
3154 3317 3214 3364 ut
3245 3307 3537 3365 Dominum

1957 3397 2192 3455 formida
2226 3417 2241 3452 :
2269 3409 2363 3454 aut
2400 3407 2461 3454 ut
2487 3398 2728 3469 judicem
2762 3398 2943 3454 horrc.
2973 3398 3189 3456 Pudore
3217 3408 3273 3456 te
3302 3400 3540 3457 aﬁicient

1955 3493 2232 3546 daemones
2258 3492 2352 3562 qui
2381 3506 2580 3561 porcos
2611 3490 2959 3561 pepulerunt,
2993 3499 3048 3546 et
3094 3498 3267 3547 totum
3316 3508 3534 3565 gregem

1956 3583 2289 3653 praecipitem
2343 3590 2527 3637 actum
2573 3580 2932 3638 suﬁocarunt.
2970 3581 3051 3637 llli
3086 3596 3211 3639 cum
3244 3582 3537 3639 Dominum

1955 3681 2185 3728 nossent
2235 3673 2391 3726 aiunt
2424 3689 2438 3725 :
2473 3690 2492 3724 ι
2525 3670 2665 3740 Quid
2696 3672 2859 3729 nobis
2884 3681 2940 3728 et
2974 3673 3107 3738 tibi,
3140 3671 3244 3727 Fili
3278 3674 3412 3730 Dei?
3442 3690 3538 3730 ve-

1955 3765 2086 3821 nisti
2108 3774 2232 3820 ante
2259 3773 2474 3835 tempus
2495 3773 2751 3836 torquere
2776 3780 2931 3820 nos.»
2956 3765 3033 3819 illi
3054 3765 3358 3837 periculum
3384 3782 3538 3823 com-

1953 3859 2424 3928 minationemque
2455 3858 2709 3929 supplicii
2741 3857 3055 3929 refugiunt;
3085 3865 3141 3913 et
3167 3868 3225 3915 tu
3254 3859 3354 3915 tibi
3386 3860 3535 3929 judi-

1954 3951 2100 4005 cium
2133 3949 2384 4021 supplicii
2408 3950 2660 4005 attrabis.
2691 3949 2771 4005 llli
2802 3958 3007 4005 norunt
3041 3948 3333 4006 hominum
3366 3960 3421 4007 et
3444 3952 3538 4021 ju-

1955 4040 2131 4098 dicem
2164 4041 2357 4097 mundi
2390 4041 2579 4107 totius,
2612 4059 2678 4097 ex
2709 4041 2878 4097 Maria
2904 4043 3170 4114 genitum,
3201 4059 3363 4116 quem
3407 4060 3534 4100 cum

1952 4134 2037 4189 vel
2062 4144 2190 4189 ante
2210 4132 2482 4204 judicium
2506 4133 2790 4199 viderent,
2815 4142 3199 4193 contremuere
3229 4156 3243 4193 :
3277 4145 3332 4194 et
3354 4148 3408 4194 tu
3438 4139 3531 4210 qui
3622 4193 3640 4211 ,

1952 4226 2057 4281 hoc
2080 4241 2192 4297 pra:
2217 4226 2394 4282 oculis
2417 4226 2689 4296 judicium
2720 4228 2908 4292 habes,
2936 4228 3072 4283 nihil
3098 4245 3262 4286 curas
3291 4247 3394 4286 nec
3414 4248 3535 4287 [ηει-

1950 4317 2103 4373 tuis?
2122 4317 2362 4374 Rursum
2389 4318 2505 4375 haec
2520 4318 2697 4375 dicam
2734 4335 2835 4375 nec
2864 4321 3026 4376 ﬁnem
3059 4321 3280 4378 dicendi
3312 4322 3532 4382 faciam.

1951 4421 2010 4464 ut
2047 4411 2210 4481 plane
2239 4410 2399 4467 vobis
2430 4411 2564 4466 dicti
2589 4412 2738 4466 illius
2791 4423 3175 4485 argumentum
3208 4415 3448 4485 aperiam
3481 4428 3535 4471 et

1949 4501 2219 4558 declarem
2244 4520 2259 4569 ;
2290 4511 2350 4558 ut
2378 4518 2444 4560 ex
2473 4513 2623 4559 certa
2646 4504 2959 4573 cognitione
2991 4504 3201 4561 ﬁrmam
3226 4515 3393 4577 atque
3420 4515 3534 4562 sta-

145 4590 149 4593 '
246 4584 310 4635 ού
364 4584 684 4655 παύσομαι,
724 4593 969 4658 καθαρὰν
1009 4596 1372 4650 ὲκλευκαίνων
1403 4598 1531 4666 ὑμῖν
1561 4595 1655 4649 τοῦ
1682 4596 1842 4665 λόγου

1956 4594 2114 4651 bilem
2158 4595 2319 4651 ﬁdem
2345 4596 2665 4660 habeamus,
2698 4605 2753 4652 et
2785 4596 2909 4652 ﬁdei
2961 4596 3381 4654 fundamentum
3409 4614 3532 4654 cer-

1946 4692 2058 4740 tam
2083 4688 2291 4744 scilicet
2317 4688 2722 4747 confessionem
2748 4689 3103 4747 retineamus.

2021 4951 2072 5007 7.
2108 4951 2189 5006 Ad
2218 4965 2334 5006 rem
2384 4951 2583 5006 iterum
2631 4950 2946 5017 redeamus,
2979 4957 3186 5007 rectam
3218 4959 3274 5008 et
3301 4951 3527 5008 minime

1945 5041 2211 5098 deﬂexam
2238 5043 2384 5097 viam
2417 5041 2541 5098 ﬁdei
2577 5043 2878 5098 ostensuri.
2910 5042 3037 5098 Haec
3084 5058 3172 5099 me
3199 5042 3386 5099 dicere
3414 5059 3525 5099 non

1945 5134 2115 5206 piget,
2170 5134 2436 5204 vobisque
2486 5141 2667 5188 tutum
2714 5142 2822 5190 est.
2880 5134 2980 5189 Hic
3038 5133 3185 5190 Deus
3241 5134 3526 5205 ingressus

1943 5234 2028 5281 cst
2087 5241 2187 5296 per
2246 5226 2491 5280 auditum
2523 5225 2784 5297 Virginis,
2818 5235 2981 5297 prout
3021 5225 3222 5292 voluit;
3280 5232 3528 5297 gestatus

1944 5326 2101 5374 utero
2134 5327 2238 5382 est,
2271 5325 2330 5372 ut
2351 5319 2454 5375 sibi
2486 5319 2648 5374 libuit
2677 5337 2693 5373 :
2719 5326 2884 5373 natus
2913 5317 3136 5389 prodiit,
3170 5329 3229 5372 ut
3261 5318 3365 5374 sibi
3409 5319 3525 5389 pla-

1942 5413 2097 5467 cuit:
2126 5412 2484 5491 incorporeus
2514 5413 2796 5485 ingressus
2828 5423 2934 5478 est,
2972 5422 3033 5469 ut
3083 5412 3259 5468 voluit
3295 5428 3310 5466 :
3344 5422 3528 5485 gesta-

1944 5510 2034 5560 tus
2063 5504 2265 5576 estqui
2291 5504 2442 5559 nullo
2464 5505 2734 5562 contineri
2774 5512 2974 5577 potest,
3008 5505 3063 5561 in
3093 5521 3226 5561 vase
3260 5508 3352 5578 qui
3390 5523 3526 5563 con-

1943 5595 2119 5653 linere
2146 5603 2348 5667 potest,
2371 5595 2688 5669 in_V.irginis
2719 5598 2880 5653 vulva
2907 5612 3005 5669 per
3033 5597 3524 5669 dispensationem,

3171 5836 3242 5905 31
