4022 6382
550 261 660 320 97!

1683 271 1743 328 S.
1781 262 2251 328 ATIIANASIUS.
2275 300 2342 311 —
2375 271 2649 328 SPURIA.

3694 280 3789 334 θτι

554 390 619 436 ut
643 380 747 436 sibi
782 382 1000 452 placuit.
1029 379 1237 435 Prodiit
1265 389 1426 437 natus
1460 381 1603 438 Deus
1636 389 1688 437 et
1716 381 1902 448 homo,
1935 392 2119 461 utjo-

2216 384 2425 454 τεχθεὶς
2452 385 2585 449 Θεὸς
2615 385 2709 439 καὶ
2736 385 3038 459 ἄνθρωπος,
3057 388 3131 453 ὠς
3159 387 3458 461 ἐϐουλήθη.
3501 389 3791 460 Ἐγένετοὸ

555 474 679 529 luit.
704 472 903 528 Factus
929 480 1012 528 est
1035 471 1179 541 quod
1209 487 1315 526 non
1365 483 1503 536 erat,
1536 475 1742 529 habens
1777 459 2117 534 invariaﬁlis

2217 479 2317 531 ούκ
2346 472 2435 547 ἦν,
2469 476 2607 547 ἔχων
2637 476 2992 531 ἀναλλοιώτου
3035 478 3221 543 οὐσίας
3251 479 3281 533 6
3307 474 3400 551 ἦν.
3439 480 3573 545 Θεὸς
3603 481 3709 553 γὰρ
3731 479 3791 554 ἦν

553 557 879 642 gihstantize
900 556 1042 626 quod
1077 562 1213 609 erat.
1267 555 1409 612 Deus
1437 559 1581 612 enim
1612 567 1730 613 erat
1766 559 2026 624 Verbum,
2064 570 2119 617 et

2216 569 2245 620 6
2290 567 2477 636 Λόγος,
2528 568 2624 621 καὶ
2665 569 2696 621 6
2737 567 2907 636 Λόγος
2935 563 3004 639 ἦν
3043 570 3177 642 πρὸς
3197 570 3291 622 τὸν
3319 569 3459 624 Θεόν
3485 585 3500 599 ⁸
3534 574 3789 642 καίτοιγε

603 646 795 701 erhum
823 653 939 701 erat
970 645 1113 712 apud
1148 643 1335 701 Deum.
1361 644 1593 701 Proinde
1615 647 1910 716 Apostolus
1943 649 2112 705 dicit:

560 754 577 786 ι
612 735 760 789 Misit
796 737 935 790 Deus
987 731 1182 787 Filium
1217 749 1376 787 suum
1407 733 1608 788 factum
1643 749 1712 788 ex
1757 736 1986 790 muliere
2018 738 2057 790 ¹.
2092 755 2111 788 ι

551 827 709 884 Hunc
757 826 952 882 Filium
1007 827 1155 882 misit
1190 825 1350 892 Deus,
1402 825 1607 880 factum
1645 843 1713 881 ex
1762 828 2007 890 muliere,
2048 843 2115 882 ex

550 920 900 975 immaculata
933 927 1126 973 natura
1148 918 1408 989 genitum,
1434 933 1498 972 ex
1531 918 1788 973 ineffabili
1809 920 2115 974 substantia

550 1013 951 1084 procedentem,
982 1011 1075 1082 qui
1105 1027 1169 1066 ex
1219 1021 1443 1081 paterno
1491 1010 1617 1064 sinu
1675 1025 1781 1065 non
1820 1010 2112 1074 abscessit,

547 1107 641 1174 qui
674 1120 739 1159 ex
772 1104 919 1174 regio
949 1104 1147 1158 throno
1198 1119 1306 1159 non
1343 1113 1556 1160 amotus
1601 1111 1720 1169 est;
1751 1102 1845 1159 sed
1895 1103 2116 1174 praprie

546 1212 715 1251 unum
746 1208 870 1249 cum
904 1195 1064 1251 Patre
1094 1195 1351 1251 thronum
1391 1203 1643 1267 occupat,
1671 1210 1778 1249 una
1809 1196 1962 1250 sedet
1988 1210 2111 1249 cum

543 1288 677 1353 illo;
702 1302 810 1341 non
847 1288 1045 1358 gratia,
1071 1287 1166 1342 sed
1189 1287 1371 1341 divina
1401 1296 1615 1351 natura,
1646 1297 1699 1342 et
1741 1294 1965 1356 paterna
1991 1285 2116 1340 sub-

544 1383 767 1436 stantia.
800 1379 1086 1447 Quomodo
1132 1396 1368 1451 namque
1409 1381 1611 1436 isthinc
1657 1391 1899 1436 semotus
1945 1387 2111 1442 esset,

542 1470 634 1527 dic
668 1472 833 1537 mihi;
862 1486 986 1525 cum
1012 1472 1127 1541 ipse
1154 1472 1338 1527 dicat:
1378 1489 1397 1524 ι
1434 1472 1545 1543 Ego
1580 1473 1632 1526 in
1664 1471 1845 1538 Patre,
1870 1480 1924 1526 et
1953 1471 2114 1526 Pater

542 1563 597 1618 in
627 1579 712 1619 me
737 1564 796 1617 '?
826 1583 844 1615 ι
872 1560 937 1616 Ει
962 1578 1180 1617 rursum
1214 1581 1228 1618 :
1266 1581 1284 1614 t
1307 1563 1465 1618 Pater
1487 1571 1667 1618 autem
1693 1565 1746 1618 in
1778 1580 1863 1620 me
1887 1579 2112 1619 manens

542 1654 659 1723 ipse
682 1653 813 1707 facit
841 1668 1004 1722 opera
1038 1653 1076 1708 ³.
1109 1672 1128 1704 ι
1158 1651 1337 1723 Ipsum
1366 1651 1643 1725 (dicimus)
1678 1662 1865 1707 natum
1911 1669 1976 1709 ex
2000 1652 2113 1707 Ma-

2214 658 2309 712 τοῦ
2351 659 2670 712 Ἀποστόλου
2693 659 2943 728 λέγοντος
2962 676 2974 689 ·
3002 680 3021 711 ι
3061 661 3473 725 Ἐξαπέστειλεν
3505 664 3535 716 6
3557 663 3691 728 Θεὸς
3708 666 3788 716 τὸν

2216 748 2344 801 Υίὸν
2379 749 2565 811 αὑτοῦ,
2613 749 2903 821 γενόμενον
2953 753 3018 804 ὲκ
3067 753 3347 820 γυναικός.
3387 771 3407 805 ι
3456 754 3661 808 Τοῦτον
3709 755 3788 808 τὸν

2215 840 2344 894 Υἱὸν
2363 840 2739 907 ἐξαπέστειλεν
2772 844 2800 894 6
2824 841 2954 906 Θεὸς
2975 843 3262 914 γενόμενον
3297 846 3364 898 ὲκ
3392 847 3674 914 γυναικὸς,
3708 847 3787 900 τὸν

2214 932 2279 985 ὲκ
2325 931 2425 1001 τῆς
2479 932 2751 1003 ἀχράντου
2803 931 3019 1001 φύσεως
3061 933 3413 1004 γεννηθέντα,
3455 935 3547 989 τὸν
3591 938 3656 989 ὲκ
3697 937 3786 1005 τῆς

2214 1025 2492 1095 ἀφράστου
2559 1024 2746 1088 ούσίας
2798 1023 3162 1095 προελθόντα,
3213 1025 3306 1078 τὸν
3363 1026 3473 1080 τῶν
3516 1027 3784 1099 πατρικῶν

2213 1115 2428 1169 κόλπων
2475 1116 2577 1169 οὐκ
2623 1114 3156 1187 ἀπαλλοτριωθέντα.
3222 1115 3314 1169 τὸν
3364 1115 3462 1169 τοῦ
3515 1116 3783 1186 βασιλικοῦ

2214 1207 2402 1278 θρόνου
2459 1206 2533 1278 μὴ
2598 1205 2950 1277 χωρισθέντα,
2981 1206 3115 1260 ἀλλὰ
3151 1207 3295 1271 ἰδίως
3344 1208 3423 1279 τῷ
3460 1210 3639 1281 Πατρὶ
3674 1228 3785 1265 συν-

2212 1297 2529 1370 θρονεύοντα
2555 1299 2649 1351 καὶ
2681 1297 3165 1369 συγκαθεζόμενον,
3204 1302 3306 1353 οὐκ
3350 1301 3410 1353 ὲν
3442 1302 3652 1373 χάριτι,
3679 1302 3782 1356 ἀλλ’

2211 1391 2270 1443 ὲν
2314 1389 2466 1461 θεῖκῇ
2517 1389 2676 1459 φύσει
2723 1390 2818 1443 καὶ
2856 1394 3093 1461 πατρικῇ
3114 1390 3292 1461 οὐσίᾳ.
3328 1393 3454 1457 Πῶς
3480 1394 3593 1467 γὰρ
3624 1394 3783 1466 κεχώ-

2215 1499 2411 1553 ρισται,
2467 1483 2673 1553 φράσον
2724 1499 2834 1552 μοι,
2866 1483 3026 1536 αύτοῦ
3066 1483 3337 1552 λέγοντος,
3374 1505 3393 1537 ι
3446 1487 3594 1555 Ἐγὼ
3619 1490 3678 1541 ἐν
3715 1487 3781 1558 τῷ

2211 1570 2405 1641 Πατρὶ,
2424 1572 2516 1624 καὶ
2544 1573 2572 1625 6
2601 1572 2790 1641 Πατὴρ
2823 1573 2880 1625 ὲν
2911 1572 3051 1643 ἐμοί·
3086 1593 3103 1625 ι
3126 1573 3218 1627 καὶ
3244 1574 3408 1629 πάλιν
3427 1592 3441 1606 ·
3472 1594 3491 1629 ι
3524 1577 3583 1630 '0
3609 1579 3784 1650 Πατήρ

2214 1676 2317 1730 μου
2346 1662 2373 1713 ό
2415 1662 2474 1713 ἐν
2503 1662 2625 1733 ἐμοὶ
2656 1663 2852 1732 μένων,
2886 1664 3049 1727 αὐτὸς
3082 1668 3226 1717 ποιεῖ
3251 1666 3320 1719 τὰ
3349 1667 3528 1737 ἔργας
3564 1688 3583 1720 ι
3622 1670 3782 1722 Αὐτὸν

541 1745 622 1800 ria
651 1744 895 1816 Virgine.
927 1744 1085 1799 IIunc
1116 1754 1242 1801 ante
1270 1746 1679 1815 conceptionem
1711 1745 1934 1815 angelus
1986 1744 2109 1797 Em-

2212 1752 2298 1806 τὸν
2326 1752 2588 1824 τεχθέντα
2615 1756 2678 1808 ὲκ
2703 1755 2801 1825 τῆς
2830 1755 2990 1824 ἁγίας
3025 1756 3320 1828 Παρθένου,
3350 1757 3542 1811 τοῦτον
3565 1761 3672 1831 πρὸ
3694 1762 3783 1833 τῆς

542 1838 759 1892 manuel
785 1836 1024 1897 vocavit,
1050 1836 1105 1889 id
1134 1844 1239 1902 est,
1271 1854 1289 1887 ι
1329 1833 1625 1890 Nobiscum
1662 1833 1825 1900 Deus,
1858 1853 1877 1886 ι
1915 1834 2108 1906 dequo

539 1928 756 1985 locutus
795 1937 879 1984 est
932 1929 1102 1983 Isaias
1138 1928 1400 1999 propheta
1430 1927 1471 1980 ’⁵.
1502 1925 1678 1992 Ilunc,
1706 1928 1945 1997 inquam,
1979 1941 2110 1996 pue-

538 2036 661 2075 rum
698 2019 793 2092 qui
830 2035 897 2074 ex
931 2016 1154 2089 Virgine
1178 2017 1471 2088 processit,
1498 2018 1663 2072 Deum
1689 2017 1903 2080 fortem,
1928 2028 2110 2087 poten-

540 2121 670 2178 tem,
702 2112 1000 2184 principem
1035 2112 1217 2184 pacis.
1265 2119 1474 2182 patrem
1521 2109 1691 2164 futuri
1726 2109 1932 2164 seculi.
1977 2107 2109 2174 Qui-

537 2221 663 2259 nam
700 2205 982 2277 puerulus,
1016 2203 1318 2259 secundum
1372 2214 1620 2259 naturam
1679 2201 1895 2272 genitus
1916 2238 1933 2266 ,
1965 2198 2108 2255 Deus

537 2295 695 2351 fortis
726 2306 1024 2372 potensque
1060 2293 1202 2349 luit?
1225 2292 1360 2360 Quis
1386 2307 1519 2363 puer
1539 2301 1698 2346 natus
1714 2290 1874 2361 355
1896 2291 2107 2345 stellam

328 2438 331 2441 ,
465 2383 759 2456 Λιιωιίι
782 2402 902 2456 quae
930 2386 1292 2456 perquisitum
1326 2374 1975 2453 inlantem‘signiticaret;
1999 2383 2108 2435 imo

328 2438 331 2441 ,
595 2387 759 2441 traxit
782 2402 902 2456 quae
930 2386 1292 2456 perquisitum
1326 2385 1586 2439 infantem
1602 2383 1975 2453 'signiﬁcaret;
1999 2383 2106 2435 imo

311 2383 721 2594 Atius
772 2485 1065 2547 angustum
1111 2474 1325 2529 Domini
1367 2471 1772 2527 diversorium?
1803 2470 1939 2537 Quis
1970 2485 2106 2541 puer

537 2583 723 2594 unum...
756 2583 815 2594 Λ..ν
854 2565 1072 2594 ἢδη-,ιη
1119 2565 1327 2594 ..ιιι-...νει
1385 2572 1441 2594 ..ι
1490 2579 1548 2594 οη
1601 2563 1927 2594 ηιΙΛιαηιοηιθ
1970 2562 2105 2594 Πιιίο

537 2583 725 2639 magos
755 2583 821 2622 ex
854 2565 1073 2622 Oriente
1119 2565 1352 2629 vocavit,
1385 2572 1444 2619 ut
1490 2579 1549 2619 se
1599 2563 1927 2618 adorarent?
1970 2562 2108 2629 Quis

535 2675 672 2731 puer
701 2668 907 2716 natura:
931 2657 1244 2713 conditione
1270 2657 1484 2728 genitus
1506 2655 1648 2710 dona
1676 2670 1706 2708 a
1739 2655 1912 2725 magis
1947 2668 2109 2709 acce-

537 2755 653 2824 pit?
683 2752 941 2824 Danaque
963 2753 1055 2807 illa
1073 2751 1651 2813 consideremusmum
1678 2749 1776 2814 illi,
1802 2758 1861 2802 ut
1892 2747 2109 2802 intlrmo

537 2847 745 2903 homini
788 2846 972 2902 oblata
1019 2845 1164 2911 sint;
1198 2858 1380 2897 annon
1415 2842 1595 2913 potius
1646 2849 1704 2894 ut
1751 2840 1884 2903 Deo,
1915 2840 2030 2911 regi
2055 2847 2111 2895 et

536 2935 766 2990 homini.
815 2933 1024 2989 Aurum
1060 2940 1119 2988 ut
1162 2933 1315 3004 regi;
1346 2932 1474 2987 thus
1515 2939 1575 2985 ut
1621 2929 1765 2998 Deo;
1800 2931 2020 3002 myrrha
2051 2938 2109 2984 ut

536 3028 741 3084 homini
802 3027 871 3082 ad
922 3028 1276 3098 sepulturam.
1312 3024 1519 3080 Aurum
1568 3025 1787 3095 quidem
1841 3032 1899 3079 ut
1948 3025 2106 3096 regi:

2209 1844 2521 1915 συλλήψεως
2546 1846 2574 1897 6
2610 1846 2836 1914 ἄγγελος
2863 1847 3208 1919 Ἐμμανουὴλ
3238 1847 3499 1914 κέκληκε.
3524 1852 3781 1917 τουτέστι,

2213 1953 2232 1986 ι
2273 1935 2405 1988 Μεθ’
2428 1934 2583 2006 ἡμῶν
2608 1939 2636 1990 6
2663 1936 2814 2001 Θεὸς,
2849 1956 2868 1988 ι
2908 1936 2968 1990 ὂν
2997 1933 3146 1991 εἶπεν
3178 1938 3406 2002 Ἠσαῖας
3431 1942 3459 1993 6
3487 1942 3782 2013 προφήτης,

2206 2026 2267 2079 τὸ
2301 2028 2510 2081 παιδίον
2541 2027 2699 2082 τοῦτο
2742 2029 2803 2083 τὸ
2839 2030 2904 2082 ὲκ
2929 2028 3030 2098 τῆς
3056 2029 3330 2101 Παρθένου
3362 2033 3783 2104 προελθὸν,Θεὸν

2211 2121 2449 2192 ἰσχυρὸν,
2483 2120 2858 2193 ἐξουσιαςτὴν,
2892 2122 3127 2194 ἄρχοντα
3177 2126 3423 2195 εἰρήνης,
3456 2126 3672 2199 πατέρα
3696 2125 3782 2180 τοῦ

2211 2214 2492 2285 μέλλοντος
2537 2204 2752 2279 αἰῶνός.
2785 2216 2940 2268 Ποῖον
2976 2214 3183 2268 παιδίον
3218 2217 3361 2269 κατὰ
3392 2216 3558 2285 φύσιν
3605 2216 3784 2287 τεχθὲν

2206 2303 2337 2368 Θεὸς
2366 2305 2602 2376 ἰσχυρὸς,
2628 2304 2978 2376 ὲξουσιαστὴς
3010 2305 3258 2375 ὲγένετος
3286 2307 3446 2360 Ποῖον
3472 2307 3685 2360 παιδίον
3705 2323 3783 2359 τε-

2206 2392 2333 2462 χθὲν
2362 2393 2566 2464 ἀστέρα
2618 2378 2836 2448 εἵλκυσε
2872 2393 3143 2466 μηνύοντα
3172 2393 3265 2448 τοῦ
3295 2394 3629 2467 ζητουμένου
3666 2395 3781 2467 βρέ-

2209 2502 2361 2555 φους,
2405 2486 2603 2557 μᾶλλον
2630 2486 2685 2539 δὲ
2717 2487 3009 2551 Δεσπότου,
3032 2487 3094 2540 τὸ
3115 2489 3386 2542 στενωπὸν
3413 2489 3780 2557 καταγώγιονς

2208 2578 2365 2630 Ποῖον
2414 2577 2625 2630 παιδίον
2688 2578 2894 2648 μάγους
2939 2577 2997 2645 ἐξ
3046 2578 3319 2632 ἀνατολῶν
3354 2579 3783 2651 προσεκαλέσατο

2208 2669 2577 2743 προσκυνῆσαι
2618 2668 2797 2740 minii;
2831 2671 2988 2724 Ποῖον
3016 2670 3224 2723 παιδίον
3249 2671 3388 2725 κατὰ
3414 2671 3578 2739 φύσιν
3598 2672 3782 2742 τεχθὲν

2207 2759 2356 2832 δῶρά
2396 2776 2525 2813 ποτε
2563 2758 2907 2831 προσηνέχθη
2936 2759 3088 2830 παρὰ
3131 2759 3495 2832 μάγωνςΚαὶ
3537 2760 3605 2815 τὰ
3644 2760 3781 2831 δῶρα

2208 2852 2456 2922 εἴδωμεν,
2476 2855 2523 2905 εί
2541 2852 2616 2916 ὡς
2635 2851 2851 2905 ἀσθενεῖ
2875 2850 3145 2923 ἀνθρώπῳ
3161 2853 3531 2924 προσηνέχθη.
3561 2855 3657 2907 καὶ
3674 2854 3783 2922 οὐχὶ

2209 2939 2348 3010 Θεῷ,
2382 2940 2590 3011 βασιλεῖ
2610 2943 2702 2995 καὶ
2728 2940 3028 3013 ἀνθρώπῳ·
3072 2943 3271 3013 χρυσὸν
3308 2944 3407 3013 μὲν
3450 2944 3529 3008 ώς
3559 2944 3780 3015 βασιλεῖ,

2209 3028 2424 3085 λίϐανον
2444 3031 2501 3084 δὲ
2520 3032 2596 3094 ὡς
2623 3029 2764 3102 Θεῷ,
2791 3031 2885 3085 καὶ
2910 3029 3155 3103 σμύρναν
3178 3030 3254 3095 ώς
3276 3031 3552 3105 ἀνθρώπῳ
3588 3036 3670 3097 είς
3706 3035 3783 3088 ὲν-

540 3137 559 3170 ι
598 3118 758 3183 Deus,
781 3118 1048 3189 judicium
1096 3125 1250 3173 tuum
1283 3122 1395 3189 regi
1423 3118 1513 3183 da,
1548 3126 1601 3173 et
1642 3117 1915 3186 justitiam
1952 3125 2138 3179 tuamt

2212 3124 2525 3194 ιαφιασμόν.
2557 3124 2769 3196 Χρυσὸν
2799 3124 2898 3195 μὲν
2922 3123 2997 3187 ώς
3028 3122 3239 3194 βασιλεί
3256 3141 3283 3157 ο·
3298 3143 3318 3176 ι
3341 3124 3399 3177 ὐ
3419 3125 3575 3189 Θεὸς,
3591 3126 3654 3178 τὸ
3674 3126 3784 3196 κρῖ-

537 3211 649 3266 tllio
674 3213 816 3282 regis
841 3212 884 3268 '.
920 3231 941 3263 ι
982 3209 1096 3266 Hoc
1123 3211 1330 3267 dictum
1359 3210 1582 3281 protulit
1630 3209 1822 3265 David.
1859 3208 2107 3266 Posthtec

535 3302 759 3373 angelus
780 3318 903 3358 cum
935 3304 1198 3358 salutaret
1227 3300 1453 3358 Mariam
1486 3318 1498 3355 :
1533 3318 1552 3351 ι
1594 3299 1661 3355 Ει
1690 3300 1840 3355 dabit
1883 3300 1960 3354 illi
2000 3299 2109 3353 Do-

535 3392 716 3449 minus
746 3391 888 3448 Deus
923 3394 1106 3449 sedem
1156 3391 1324 3448 David
1355 3391 1525 3462 patris
1581 3390 1721 3461 ejus,
1751 3401 1807 3446 et
1857 3389 2108 3462 regnabit

534 3488 587 3540 in
617 3485 837 3542 domum
861 3486 1031 3542 Jacoh
1061 3487 1115 3540 in
1143 3485 1367 3549 saecula,
1409 3493 1462 3539 et
1510 3482 1664 3554 regni
1688 3483 1808 3554 ejus
1849 3498 1958 3538 non
2000 3484 2108 3538 erit

535 3578 657 3635 linis
685 3580 725 3633 ⁸.
766 3599 785 3633 ι
813 3578 920 3650 Ipsi
951 3581 1122 3650 gloria
1147 3588 1201 3634 ct
1232 3577 1519 3649 imperium
1559 3578 1617 3633 in
1646 3577 1847 3633 saecula
1874 3576 2108 3632 saculo-

530 3685 673 3726 rum.
692 3671 885 3728 Amen.

2216 3216 2295 3287 μά
2340 3232 2432 3269 σου
2475 3215 2554 3286 τῷ
2604 3215 2809 3285 βασιλεί
2840 3215 2948 3279 δὸς,
2971 3216 3064 3269 καὶ
3093 3216 3191 3287 τὴν
3221 3215 3573 3288 δικαιοσύνην
3596 3234 3689 3270 σου
3714 3215 3785 3286 τῷ

2212 3306 2314 3378 υἱῷ
2337 3307 2431 3361 τοῦ
2460 3306 2736 3378 βασιλέως.
2763 3326 2781 3358 ι
2806 3305 3021 3378 Ταύτην
3040 3304 3137 3377 τὴν
3163 3306 3349 3377 φωνὴν
3373 3302 3529 3359 εἶπεν
3553 3309 3583 3360 6
3611 3305 3781 3359 Aa6l6.

2212 3396 2368 3452 Μετὰ
2414 3396 2585 3451 ταῦτα
2639 3399 2668 3450 6
2708 3394 2936 3465 ἄγγελος
2983 3398 3062 3460 εἰς
3094 3395 3185 3449 τὸν
3216 3395 3505 3466 ἀσπασμὸν
3540 3395 3643 3466 τῆς
3671 3395 3784 3450 Μα-

2215 3490 2365 3561 ρίας’
2417 3507 2437 3540 ι
2487 3489 2597 3542 Καὶ⁵
2646 3487 2806 3542 δώσει
2853 3486 3002 3559 αύτῷ
3047 3488 3304 3560 Κύριοςό
3334 3486 3466 3551 Θεὸς
3491 3489 3583 3543 τὸν
3611 3488 3785 3559 θρόνον

2217 3577 2382 3632 Δαϐὶδ
2403 3576 2493 3631 τοῦ
2524 3578 2728 3651 πατρὸς
2752 3578 3049 3643 aurati,qu
3079 3578 3383 3648 βασιλεύσει
3411 3579 3507 3633 ἐπὶ
3534 3579 3628 3633 τὸν
3648 3574 3785 3631 οἷκον

2231 3670 2423 3724 Ἰακὼὸ
2447 3670 2527 3734 είς
2547 3670 2673 3735 τοὺς
2706 3670 2927 3736 αἰῶνας,
2958 3673 3170 3744 καὶτῆς
3198 3669 3475 3742 βασιλείας
3502 3671 3667 3727 αὐτοῦ
3695 3672 3786 3725 οὐκ
3892 3669 3894 3671 ’

530 3762 679 3820 ἔσται
716 3766 886 3829 τέλος.
924 3785 942 3817 ι
968 3766 1093 3819 Ὅτι
1126 3764 1277 3837 αύτῷ
1316 3766 1350 3837 ὴ
1386 3764 1514 3833 δόξα
1561 3764 1654 3818 καὶ
1687 3764 1748 3818 τὸ
1786 3764 1991 3837 κράτος
2027 3764 2108 3824 είς
2140 3763 2266 3827 τοὺς
2298 3761 2502 3825 αίῶνας
2524 3762 2633 3815 τῶν
2662 3762 2895 3818 αἰώνων.
2938 3764 3131 3834 Ἀμήν.

1355 4123 1423 4180 ια
1462 4122 1802 4179 HOMILIAM
1840 4123 1929 4178 DE
1964 4121 2245 4178 CHRISTI
2277 4119 2600 4180 OCCURSU
2631 4122 2975 4180 MONITUM.

604 4311 758 4367 Hanc
802 4312 1029 4381 primum
1075 4310 1236 4365 edidit
1266 4310 1639 4382 Combeﬁsius,
1677 4313 1756 4368 vir
1783 4312 1846 4367 de
1874 4330 1929 4367 re
1970 4314 2259 4375 litterario,
2290 4315 2621 4383 potissimum
2653 4316 3014 4371 ecclesiastica
3051 4313 3177 4367 bene
3233 4313 3478 4376 meritus,
3518 4314 3612 4383 qui
3644 4311 3782 4357 ιυίαπι

531 4406 823 4462 Athanasio
852 4421 1087 4460 asserere
1119 4421 1215 4474 pro
1246 4407 1388 4460 virili
1440 4418 1663 4463 conatus
1695 4418 1773 4463 est
1801 4409 1896 4478 (8).
1934 4407 2100 4479 thue
2138 4420 2448 4479 argumenta
2476 4422 2722 4465 occurrat
2761 4412 3035 4478 desumpta
3077 4425 3142 4463 ea:
3187 4421 3491 4463 memoratu
3529 4417 3676 4454 num.
3721 4397 3784 4452 15

531 4499 779 4556 Nestorio
810 4516 871 4553 ac
907 4498 1175 4570 Eutyche,
1198 4499 1275 4555 ait
1298 4514 1480 4554 eorum
1506 4500 1720 4553 nomina
1754 4517 1786 4552 a
1813 4499 2036 4553 librario
2068 4502 2293 4571 quodam
2331 4510 2448 4571 post
2477 4499 2720 4555 Nestorii
2755 4511 2803 4556 et
2842 4499 3095 4570 Eutychis
3130 4508 3336 4554 wtntcm
3378 4492 3583 4545 ίηδενια
3629 4490 3785 4559 [κίκι

527 4595 836 4667 adjectaque
898 4594 1155 4655 Simonis,
1190 4592 1504 4656 Marcionis,
1533 4590 1757 4647 Sabellii
1799 4601 1849 4645 et
1888 4593 2006 4645 Arii
2040 4594 2340 4647 nominibus
2368 4611 2387 4648 :
2419 4592 2558 4664 quod
2586 4594 2666 4646 ita
2696 4605 2896 4664 gestum
2922 4593 3087 4659 fuisse
3114 4586 3232 4639 ideo
3263 4594 3481 4655 pugnat,
3512 4584 3652 4654 quod
3684 4599 3787 4636 me-

528 4691 748 4744 moratis
782 4689 978 4744 ibidem
1008 4689 1276 4759 prtedictis
1305 4689 1590 4752 ha'reticis,
1615 4703 1796 4741 eorum
1827 4702 1950 4740 mox
1977 4703 2183 4743 errares
2212 4698 2500 4751 recenseat,
2529 4688 2593 4742 de
2624 4686 2865 4742 Nestorii
2896 4700 3013 4739 vero
3049 4690 3099 4736 et
3127 4680 3389 4764 .Eutychis
3418 4679 3708 4734 hwresibus
3727 4693 3785 4731 ne

527 4782 739 4837 verbum
783 4784 995 4855 quidem
1042 4784 1228 4855 faciat.
1268 4783 1457 4837 Verum
1488 4782 1741 4851 fatemur,
1771 4779 1921 4834 nobis
1963 4779 2120 4848 plane
2160 4798 2264 4834 non
2300 4780 2515 4850 liquere,
2547 4795 2660 4833 esse
2687 4776 2921 4833 Nestorii
2952 4783 3001 4829 et
3029 4771 3281 4842 Eutycltis
3306 4770 3522 4824 nomina
3551 4769 3649 4822 hoc
3677 4766 3784 4821 loco

527 4880 803 4950 adjectitia
837 4895 856 4934 :
891 4898 1038 4945 nam,
1068 4862 1421 4951 prieterquam
1471 4875 1608 4946 quod
1654 4885 1868 4931 exstant
1897 4876 1952 4929 in
1981 4875 2185 4931 duobus
2225 4876 2493 4930 codicibus
2519 4875 2700 4944 regiis,
2731 4873 2800 4928 ad
2821 4887 3046 4943 quorum
3068 4869 3222 4939 ﬁdem
3255 4867 3366 4921 Iuec
3388 4865 3613 4920 hamilia
3649 4863 3785 4919 edita
3813 4884 3833 4903 ο

527 4975 661 5043 fuit;
688 4990 806 5028 cum
834 4976 1062 5044 scriptor
1099 4975 1195 5028 iste
1222 4981 1341 5042 post
1385 4970 1557 5026 allata
1585 4987 1678 5026 sea:
1705 4953 2181 5025 Itwresiarcharum
2214 4973 2432 5025 nomina
2462 4971 2661 5025 multas
2690 4969 2911 5024 ha'reses
2936 4971 3203 5028 memoret,
3229 4962 3393 5015 tacito
3423 4957 3786 5012 luereticarum

526 5069 755 5133 nomine,
778 5084 828 5123 υ.
872 5085 924 5138 g.
977 5066 1310 5128 Docitarum,
1340 5063 1849 5132 Apollinaristarum
1889 5062 2253 5131 aliorumque;
2286 5077 2414 5114 sane
2457 5061 2676 5113 innuere
2715 5060 2941 5116 videtur,
2974 5067 3301 5125 nequaquam
3340 5048 3444 5104 sibi
3483 5048 3538 5101 id
3581 5044 3786 5102 consilii

527 5163 714 5230 fuisse,
740 5173 798 5217 ut
836 5162 1127 5233 promissis
1163 5157 1463 5215 nominibus
1494 5156 1753 5220 Simonis,
1796 5154 2116 5217 Marcionis,
2154 5153 2397 5219 Sabellii,
2428 5154 2568 5218 Arii,
2608 5151 2871 5215 Nestorii,
2909 5146 3186 5218 Eutychis,
3223 5142 3525 5198 earumdem
3555 5142 3783 5195 omnium

527 5252 746 5309 haereses
787 5254 970 5310 ordine
1012 5263 1196 5321 postea
1241 5261 1578 5315 memoraret,
1606 5251 1696 5305 sed
1723 5250 1910 5303 allatis
1950 5260 2180 5319 quatuor
2214 5251 2454 5317 priorum
2498 5246 2792 5309 erroribus,
2817 5244 3047 5313 reliquas
3070 5238 3307 5307 deinceps
3351 5236 3572 5292 httreses
3596 5245 3653 5288 ut
3681 5246 3786 5286 sese

528 5349 793 5400 memoria:
821 5348 1106 5417 offerebant
1139 5346 1480 5402 recensuisse.
1515 5345 1667 5411 Quod
1694 5346 1873 5414 utique
1902 5344 2177 5414 prudentis
2207 5343 2417 5398 lectoris
2440 5341 2651 5414 judicio
2687 5341 3045 5408 permittatur.
3100 5332 3182 5387 Ad
3236 5333 3368 5398 Ιιιεσ,
3417 5331 3530 5386 alia
3579 5337 3785 5385 exstant

603 5523 618 5554 '
656 5522 831 5577 Galat.
869 5538 943 5588 tv,
980 5525 1035 5580 5.
1110 5527 1131 5557 '
1168 5521 1328 5579 Joan.
1365 5539 1478 5587 xiv,
1519 5523 1606 5578 I0.
1683 5521 1704 5553 ³
1743 5520 1876 5578 ibid.
1956 5519 1976 5552 ⁸
2014 5518 2116 5576 lsa.
2158 5536 2209 5575 ix
2235 5561 2250 5588 ,
2286 5521 2339 5576 6.
2416 5522 2437 5553 '
2477 5518 2627 5577 Psal.
2663 5532 2824 5584 Lxxt,
2860 5517 2917 5573 9..

594 5699 673 5770 ᾀ8)
704 5698 761 5754 In
787 5698 1119 5756 Bibliotheca
1150 5698 1253 5755 PP.
1280 5707 1414 5754 tom.
1445 5699 1485 5763 I,
1514 5714 1566 5769 p.
1592 5698 1717 5753 496.

2996 5516 3017 5550 ⁸
3055 5514 3192 5569 Luc.
3235 5529 3289 5580 ι,
3323 5511 3414 5568 32.
