4022 6382
288 307 395 363 975
1340 317 1619 373 HOMILIA
1659 319 1725 373 ΙΝ
1765 320 1835 376 Ο(

1937 321 2144 379 lRSUM
2186 323 2448 382 DOMINI.
3414 339 3515 394 97‘

284 448 340 502 in
381 448 479 551 [iac
511 450 747 551 lioniilia,
770 469 894 551 qua:
924 467 1040 522 post
1075 458 1306 514 Nestorii
1335 472 1540 516 a'tatem
1596 467 1945 534 conscriptam
1987 467 2138 521 illam
2187 478 2446 540 arguant;
2473 479 2529 524 ut
2556 481 2632 526 est
2662 473 2796 526 illud
2824 491 3038 529 numero
3075 476 3110 530 4
3130 495 3142 531 :
3166 477 3264 530 Διὰ
3296 477 3356 530 τὸ
3384 496 3518 551 χρη-

289 544 512 644 ματίσαι
545 547 729 600 τοῦτον
757 549 886 602 Θεὸν
916 553 1006 605 καὶ
1039 553 1342 626 ἄνθρωπον,
1379 559 1509 628 μίαν
1538 559 1597 623 ἐξ
1654 561 1978 634 ἀμφοτέρων
2033 564 2348 630 ὑπόστασιν,
2382 567 2474 620 καὶ
2511 567 2598 621 διὰ
2647 571 2774 640 μιᾶς
2800 569 3001 643 ταύτης
3031 573 3196 644 ἄμφω
3223 544 3518 628 ταῦτα-καὶ

285 637 412 692 ὄντα
460 643 554 694 καὶ
598 646 1010 716 γνωριζόμενον.
1045 648 1109 703 Et
1155 653 1300 721 quod
1353 655 1424 709 sil.
1478 671 1583 708 una
1626 655 1764 711 Deus
1809 674 1835 709 a

1940 674 1970 712 e
2011 659 2195 723 homo,
2233 677 2341 716 una
2379 679 2444 718 ex
2489 673 2721 734 utroque
2757 666 3084 738 liypostasis,
3136 683 3198 723 ac
3228 685 3324 740 per
3353 685 3514 724 unam

285 732 432 786 illam
476 734 850 805 (hyposmsim)
881 747 1166 811 utrumque
1191 751 1272 798 cst
1303 759 1365 797 ac
1398 745 1756 814 dignoscitur.
1793 749 1924 813 Quae
1968 751 2086 805 licet
2127 770 2304 808 revera
2330 757 2400 809 sit
2421 732 2703 812 Athanasii
2750 732 3027 826 sein—lentia,
3053 732 3106 814 at
3139 732 3518 818 vix-concesse-

287 828 390 879 rim
421 827 768 883 Athanasium
796 831 874 883 his
902 848 1016 884 eam
1050 836 1360 900 explicuisse
1394 838 1582 893 verbis.
1622 837 1871 894 Indicant
1901 843 2027 896 item
2074 845 2127 898 in
2159 847 2454 914 posteriora
2489 847 2738 902 Nestorio
2767 859 3016 920 tempora,
3056 871 3171 923 qua:
3209 871 3424 908 numero
3451 853 3516 908 16

285 917 555 1014 dicuntur,
589 919 792 973 beatam
835 922 1029 976 scilicet
1087 925 1342 994 Virginem
1393 928 1581 997 ubique
1623 939 1886 984 terrarum
1914 933 2174 988 Θεοτόκον
2203 939 2395 992 vocari.
2431 939 2560 1002 Qua:
2594 956 2690 994 vox
2721 917 3012 998 Athanasio
3051 917 3164 998 licet
3199 945 3379 1014 ignota
3413 962 3517 999 non

284 1006 444 1075 fuerit
475 1048 489 1072 ,
523 1019 578 1062 at
607 1027 706 1064 non
759 1023 873 1066 erat
925 1015 1036 1084 ejus
1084 1034 1188 1070 arvo
1237 1019 1420 1088 ubique
1444 1032 1708 1074 terrarum
1752 1025 2017 1094 evulgata.
2052 1026 2256 1097 Stylum
2287 1032 2331 1081 si
2365 1042 2584 1098 spectes,
2617 1032 2681 1085 ab
2726 1034 3092 1090 Athanasiano
3133 1006 3516 1092 alienissimum

283 1097 488 1199 fateare
509 1118 708 1201 necesse
735 1115 846 1166 est;
875 1121 991 1158 cum
1025 1108 1164 1175 apud
1194 1110 1563 1176 Athanasium,
1602 1124 1728 1169 teste
1773 1116 1986 1180 Pliotio,
2019 1137 2220 1188 semper
2248 1125 2494 1191 emineat,
2525 1125 2586 1178 τὸ
2611 1127 2918 1198 ἀπέριττον,
2962 1147 3023 1184 ac
3068 1133 3114 1184 vi
3161 1133 3328 1201 magis
3359 1147 3516 1201 quam

285 1189 435 1256 copia
490 1191 757 1292 verborum
809 1196 897 1250 ille
936 1199 1182 1268 gaudeat.
1215 1202 1453 1271 Scriptor
1495 1217 1670 1260 autem
1703 1208 1801 1262 iste
1839 1210 2069 1281 aliquam
2111 1213 2228 1266 licet
2263 1189 2535 1284 elegantia:
2573 1189 2819 1287 pride-rat
2846 1189 3065 1289 speciem
3091 1263 3105 1286 ,
3145 1223 3214 1276 ad
3249 1189 3514 1292 ξλυαρίαν

283 1300 447 1381 usque
476 1288 627 1342 verba
658 1308 790 1360 sarpe
834 1294 1333 1368 multiplicat:quod
1363 1303 1616 1356 nemiuem
1650 1314 1774 1372 puto
1799 1323 1899 1360 non
1939 1306 2299 1363 adversurum.
2335 1311 2506 1365 Tanta
2539 1313 2752 1381 insuper
2781 1288 2958 1370 vocum
2985 1288 3276 1372 Athanasio
3305 1288 3516 1371 minime

282 1378 634 1483 familiarium
661 1390 808 1454 sylva
835 1387 916 1441 hic
933 1393 1127 1458 passim
1159 1395 1409 1461 occurrit,
1442 1405 1496 1449 ut
1526 1399 1603 1452 vel
1624 1398 1744 1452 hinc
1769 1401 1940 1454 solum
1980 1406 2188 1470 νοθείας
2222 1409 2386 1475 possit
2407 1409 2536 1476 ferri
2560 1378 2821 1478 judicium
2850 1426 2868 1464 .°
2896 1424 2949 1464 ut
2978 1420 3120 1476 sunt,
3151 1410 3516 1483 νυμφοστόλος

280 1477 514 1574 μουκᾶς,
556 1481 1017 1551 χοροστατοῦντος,
1046 1487 1389 1561 ὲκφαντορέα,
1411 1489 1810 1560 χειραπλοῦντι,
1843 1493 2206 1568 βρεφοιρανής,
2243 1500 2602 1569 νεκροφανῶς,
2621 1501 2992 1572 θεοφύτευτος,
3025 1504 3306 1574 ὀμιωτόω.
3333 1514 3381 1559 et
3407 1503 3516 1558 alia

281 1569 404 1626 bene
436 1577 624 1640 multa,
651 1595 869 1647 quorum
910 1582 1140 1635 omnium
1173 1585 1273 1637 vim
1301 1594 1348 1638 et
1381 1586 1822 1656 signiﬁcationem
1862 1591 1914 1642 in
1943 1589 2294 1648 Onouiastico
2322 1594 2535 1648 videsis.

1376 1808 1513 1861 ΤΟΥ
1550 1810 1641 1862 ΕΝ
1677 1812 1896 1866 ΑΙἸΟΙΣ
1930 1814 2198 1868 ΠΑΤΡΟΣ
2235 1817 2433 1871 ΗΜΩΝ

1579 1961 2212 2054 ΑΘΑΝΑΣΙΟΥ

382 2119 617 2194 διυΙὌΣ
663 2121 790 2175 ΕΙΣ
843 2124 988 2180 ΤΗΝ
1029 2126 1377 2184 ΥΠΑΝΤΗΝ
1416 2133 1557 2185 ΤΟΥ
1591 2135 1890 2195 ΚΥΡΙΟΥ,
1930 2139 2065 2190 ΚΑΙ
2112 2139 2325 2206 ΘΕΟΥ,
2377 2138 2512 2192 ΚΑΙ
2560 2139 2893 2193 ΣΩΤῊΡΟΣ
2937 2141 3148 2194 ΗΜΩΝ
3191 2141 3412 2194 ΙΗΣΟΥ

1367 2247 1372 2250 ·
1735 2228 1867 2280 ΧΡΙ
1865 2230 1911 2280 Σ
1920 2228 2064 2280 ΤΟΥ.

1295 2485 1392 2576 8.
1471 2488 1576 2591 Ρ.
1655 2489 1772 2577 Ν.
1853 2490 2498 2582 ATHANASII

473 2654 722 2714 SERMO
759 2656 850 2712 IN
889 2655 1274 2716 OCCURSUM
1317 2659 1600 2718 DOMINI
1640 2661 1771 2719 DEI
1827 2663 1918 2721 AC
1958 2663 2418 2725 SALVATORIS
2465 2666 2744 2725 NOSTRI
2779 2667 2962 2726 JESU
2994 2669 3317 2726 CHRISTI.

342 2882 396 2934 1.
431 2882 512 2935 Τὰ
543 2885 642 2953 τῆς
675 2882 953 2954 παρούσης
979 2885 1128 2956 ἱερᾶς
1163 2887 1516 2960 πανηγύρεως
1551 2891 1583 2959 ή
1611 2889 1835 2958 εὐαγγε-

2016 2893 2065 2946 1.
2135 2891 2458 2948 Ρπεεεηιειιι
2517 2907 2728 2946 sacram
2787 2892 3183 2947 solemnitatem
3259 2901 3512 2963 personet

269 2973 396 3045 λικὴ
424 2975 657 3042 σάλπιγξ
679 2977 1004 3047 περιηχείτω
1022 2978 1095 3047 (9)
1123 2994 1136 3008 °
1160 2980 1251 3031 καὶ
1279 2981 1402 3042 τοὺς
1431 2979 1508 3050 τῷ
1554 2981 1835 3054 οαρθενικῷ

1943 2984 2251 3053 evangelica
2279 2983 2428 3038 tuba.
2460 2981 2829 3052 Mysticusque
2869 2983 3178 3051 nuptiarum
3219 2982 3513 3036 adornator

267 3065 405 3135 τῷδε
437 3066 687 3136 νυμφῶνι
739 3068 796 3133 ἐξ
839 3067 1159 3139 εἰλικρινοῦς
1199 3069 1434 3134 διανοίας
1465 3073 1842 3142 παραστάντας

268 3158 418 3226 ἡμᾶς
451 3159 478 3210 ὁ
511 3159 773 3227 μυστικὸς
804 3159 1165 3228 νυμφοστόλος
1198 3162 1411 3224 Λουκᾶς
1435 3161 1568 3232 πρὸς
1607 3164 1706 3234 τὴν
1735 3164 1841 3218 τῶν

266 3249 324 3300 ὲν
355 3249 507 3318 αύτῴ
554 3249 734 3304 καλῶν
774 3251 1099 3321 κατανόησιν
1124 3250 1200 3321 τῷ
1240 3252 1382 3322 λόγῳ
1411 3255 1836 3324 χειραγωγείτω.

265 3341 405 3394 Ούδὲ
438 3343 546 3412 γὰρ
576 3343 742 3403 ὅσιον,
787 3342 950 3394 αὐτοῦ
995 3345 1442 3413 χοροπατοῦντος
1484 3345 1552 3398 τὰ
1601 3349 1717 3400 κατ’
1746 3348 1840 3400 αύ-

264 3432 360 3503 τὴν
395 3433 526 3500 (10).
573 3434 758 3504 ἔτερόν
798 3451 917 3486 τινα
961 3433 1116 3502 λόγον
1156 3436 1351 3499 ἔξωθεν
1389 3438 1836 3509 παρεισάγεσθαι,

264 3525 542 3595 μηδεμίαν
571 3528 670 3596 μὲν
693 3526 1044 3596 εὐπρέπειαν,
1067 3527 1164 3580 ούκ
1193 3527 1368 3595 ὀλίγον
1390 3528 1445 3580 δὲ
1473 3529 1642 3602 ταύτῃ
1666 3528 1726 3581 τὸ
1754 3525 1838 3581 αἶ-

261 3633 395 3688 σχος
437 3618 906 3690 περιποιούμενον.
955 3620 1040 3682 Ὠς
1077 3620 1201 3692 γὰρ,
1247 3621 1396 3690 ἡλίου
1436 3620 1690 3691 καθαρῶς
1723 3623 1840 3674 ὲπι-

257 3708 596 3779 λάμποντος,
655 3712 856 3780 ματαία
909 3729 989 3774 τις
1040 3714 1072 3782 ἡ
1122 3712 1214 3764 τοῦ
1265 3711 1456 3782 λύχνου
1515 3712 1707 3780 φαῦσις
1745 3715 1839 3766 καὶ

257 3801 573 3871 ἄχρηστος·
623 3800 796 3865 οὕτως
845 3803 972 3856 ἔνθα
1022 3805 1255 3867 Λουκᾶς,
1310 3804 1342 3875 ἢ
1395 3803 1550 3867 ἄλλος
1599 3822 1681 3868 τις
1731 3805 1838 3859 τῶν

253 3893 664 3960 εὐαγγελιστῶν
720 3895 1056 3965 ἁπηχήσειε,
1118 3896 1224 3958 πᾶς
1275 3894 1427 3962 λόγος
1490 3894 1689 3965 ἀργὸς,
1743 3894 1838 3948 καὶ

252 3986 599 4056 προσκορὴς,
637 3985 730 4038 καὶ
761 3986 1032 4055 ἀνόνητος.
1063 3986 1278 4053 Λεγέτω
1300 3985 1363 4056 δὴ
1393 3981 1542 4048 οὗτος
1584 3985 1684 4054 τῆς
1714 3986 1837 4056 ἐορ-

248 4074 349 4145 τῆς
399 4077 466 4128 τὰ
498 4075 877 4146 γνωρίσματα,
912 4078 1006 4130 καὶ
1034 4077 1292 4130 δεικνύτω
1325 4077 1530 4146 ταύτην
1562 4077 1670 4144 (ll)
1698 4071 1835 4145 μᾶλ-

249 4164 342 4218 λον
370 4170 488 4230 τοῖς
521 4167 820 4238 φιλεόρτοις
844 4169 1022 4239 ἡμῖνῆ
1055 4172 1166 4232 τοῖς
1191 4168 1567 4238 φιλοπολέμοις
1597 4166 1695 4229 τὰς
1733 4182 1837 4219 πα-

1942 3073 2139 3138 Lucas,
2181 3089 2280 3128 nos
2319 3074 2410 3144 qui
2460 3073 2709 3144 virginali
2751 3074 2943 3127 liuicce
2984 3073 3294 3142 nuptiarum
3337 3073 3512 3126 thala-

1941 3181 2032 3219 mo
2071 3181 2204 3234 pura
2236 3174 2416 3220 mente
2448 3166 2803 3229 intersumus,
2827 3164 3011 3219 verbis
3037 3166 3151 3219 suis
3177 3165 3408 3218 deducat
3444 3164 3510 3219 ad

1941 3254 2354 3324 intelligentiam
2419 3253 2687 3307 bonorum
2745 3254 2799 3306 in
2851 3267 2917 3306 eo
2954 3252 3354 3307 exsistentium.
3393 3247 3510 3304 Non

1940 3347 2093 3400 decet
2126 3347 2291 3406 enim,
2327 3345 2394 3399 ad
2425 3360 2488 3400 ea
2526 3345 2776 3399 initiante
2827 3343 2970 3398 Luca
2993 3385 3008 3411 ,
3042 3343 3205 3396 alium
3247 3342 3514 3397 extrinse-

1940 3454 2039 3493 cus
2077 3438 2359 3492 admittere
2411 3452 2740 3499 sermonem,
2783 3436 2924 3490 unde
2968 3436 3070 3505 ipsi
3109 3434 3325 3489 decoris
3387 3434 3511 3503 qui-

1939 3532 2059 3586 dem
2091 3531 2244 3594 nihil,
2285 3545 2385 3584 nec
2409 3528 2681 3582 modicum
2719 3527 2904 3596 probri
2932 3526 3208 3580 aﬂ'eratur.
3235 3524 3508 3590 Quemad-

1940 3622 2160 3676 modum
2201 3621 2344 3674 enim
2386 3619 2499 3674 sole
2536 3619 2738 3673 clarius
2778 3618 3012 3682 lucente,
3044 3632 3218 3671 vanus
3270 3617 3510 3671 inutilis-

1939 3726 2044 3780 que
2084 3710 2315 3763 luceruaa
2349 3708 2560 3778 fulgor;
2602 3709 2676 3760 ita
2716 3707 2804 3760 ubi
2843 3704 3038 3770 Lucas,
3079 3713 3173 3758 aut
3211 3705 3335 3774 quis
3371 3706 3510 3760 alius

1938 3801 2392 3868 evangelistarum
2460 3804 2750 3867 personat,
2817 3809 2997 3850 sermo
3057 3794 3235 3864 quivis
3297 3793 3509 3848 otiosus

1937 3891 2100 3962 356
2118 3899 2222 3954 est,
2255 3890 2540 3952 molestus,
2581 3887 2918 3956 inutilisque.
2957 3885 3239 3955 Loquatur
3262 3900 3392 3954 ergo
3420 3885 3509 3938 ille

1939 3991 1998 4036 ut
2035 3997 2135 4037 nos
2175 3981 2241 4034 ad
2286 3980 2594 4036 festivitatis
2650 3978 2898 4032 notitiam
2959 3976 3212 4031 deducat.
3267 3974 3509 4045 Eamque

1938 4075 2094 4130 nobis
2146 4073 2266 4129 festi
2316 4073 2659 4133 amantibus.
2689 4069 2932 4140 apertius
2980 4085 3143 4139 quam
3199 4068 3342 4124 tuba:
3383 4067 3507 4122 belli

1939 4167 2150 4238 cupidis
2185 4168 2480 4222 instructas
2522 4165 2690 4227 acies,
2721 4161 2992 4218 ostendat.
3028 4159 3195 4216 Plane
3233 4161 3504 4231 loquetur,

253 4260 515 4325 ρατάξεις
557 4261 614 4310 αἱ
646 4259 962 4328 σάλπιγγες.
1003 4261 1158 4326 Αέξει
1195 4260 1252 4313 δὲ
1293 4261 1506 4322 πάντως
1550 4259 1641 4312 καὶ
1670 4257 1833 4321 δείξει

1937 4259 2220 4329 perspicue
2239 4257 2530 4311 admodum
2553 4254 2823 4318 ostendet,
2847 4269 3034 4309 aurem
3061 4253 3222 4308 modo
3250 4253 3507 4309 benevole

256 4349 402 4413 μάλα
427 4349 665 4421 τρανῶς,
699 4352 866 4420 ἀκοὴν
903 4351 1056 4421 ἡμῶν
1099 4349 1454 4404 ὑποτιθέντων
1493 4347 1833 4419 εὐγνώμονα.

249 4433 361 4485 Καὶ
390 4433 460 4504 δὴ
498 4441 844 4503 προσεκτέον,
882 4442 972 4493 καὶ
1003 4440 1152 4513 πάσῃ
1187 4441 1396 4511 φυλακῇ
1429 4439 1712 4510 τηρητέον,
1745 4439 1832 4490 ἵνα

250 4525 349 4598 μὴ,
383 4526 696 4596 κατήγορον
740 4531 826 4579 τὸν
857 4534 1149 4603 συνήγορον
1200 4534 1292 4586 καὶ
1323 4532 1512 4604 κριτὴν
1557 4531 1646 4584 τὸν
1688 4546 1826 4583 παν-

243 4616 563 4689 ηγυριστὴν
589 4616 948 4686 παραφρόνως
970 4623 1429 4692 ἀπεργασάμενοι,
1456 4619 1832 4692 μεταμελετῶ-

247 4723 349 4776 μεν
381 4705 503 4776 (12)
528 4706 617 4757 ἐπ’
644 4705 905 4774 ἐσχάτων,
936 4705 1072 4775 πλὴν
1097 4709 1344 4780 ἀνωφελῆ
1375 4711 1467 4764 καὶ
1498 4712 1747 4780 ἀνόνητα.

314 4795 372 4849 2.
418 4814 439 4847 ι
485 4794 782 4864 ’Λνήγαγον
812 4813 829 4844 ι
859 4796 906 4846 οἱ
933 4800 1107 4862 γονεῖς
1136 4798 1196 4850 τὸ
1231 4800 1436 4854 παιδίον
1469 4802 1675 4872 Ἰησοῦν
1708 4824 1726 4857 ι
1752 4806 1830 4868 είς

252 4884 615 4957 Ἱεροσόλυμα
653 4886 999 4956 παραστῆσαι
1040 4887 1116 4958 τῷ
1145 4890 1350 4961 Κυρίῳ,
1401 4893 1579 4958 καθὼς
1627 4896 1830 4967 γέγρα-

239 4995 377 5032 πται
426 4981 489 5030 ἐν
534 4977 686 5048 νόμῳ
711 4978 931 5049 Κυρίου.
977 4999 994 5032 ι
1042 4981 1135 5044 Τίς
1160 4981 1224 5034 ἂν
1251 4985 1488 5052 ἐφίκοιτο
1529 4986 1683 5054 λόγος
1719 4987 1826 5040 τῶν

1933 4353 2291 4422 praebeamus.
2326 4348 2641 4403 Curandum
2665 4349 2810 4402 enim
2845 4355 3010 4416 atque
3055 4346 3203 4400 omni
3248 4346 3506 4401 sollicitu-

1933 4443 2060 4498 dine
2096 4442 2418 4500 cavendum,
2447 4451 2507 4494 ut
2537 4456 2606 4495 ne
2633 4446 2921 4509 patronum
2947 4447 3341 4502 accusatorem,
3377 4453 3507 4494 con-

1933 4535 2373 4604 cionatoremque
2395 4533 2635 4602 iudicem
2659 4532 2856 4587 stolide
2892 4529 3214 4593 efﬁcientes,
3239 4529 3504 4599 paeniten-

1935 4626 2008 4679 tia
2047 4625 2267 4680 tandem
2305 4626 2431 4679 licet
2462 4624 2639 4678 inutili
2669 4632 2724 4678 et
2762 4623 3099 4678 infructuosa
3146 4621 3430 4676 ducamur.

1997 4804 2051 4857 2.
2099 4821 2118 4855 ι
2165 4801 2430 4857 Tulerunt
2474 4819 2494 4854 ι
2538 4807 2791 4870 parentes
2844 4814 3070 4870 puerum
3121 4795 3328 4860 Iesum,
3380 4814 3399 4848 ι
3445 4795 3499 4850 in

1929 4894 2254 4958 Jerusalem,
2306 4899 2365 4945 ut
2420 4891 2677 4947 sisterent
2714 4901 2838 4944 eum
2882 4889 3132 4952 Domino,
3178 4887 3322 4941 sicut
3361 4887 3499 4940 scri-

1934 4972 2082 5054 ptum
2114 4993 2198 5039 est
2237 4984 2288 5036 in
2339 4985 2453 5052 Iege
2493 4981 2766 5036 Domini".
2800 4999 2818 5032 ι
2863 4980 2996 5046 Quis
3055 4994 3234 5033 sermo
3271 4991 3334 5032 ea
3378 4993 3499 5047 quae

235 5067 596 5138 λεγομένων;
646 5068 799 5132 Ποίος
847 5069 970 5132 νοῦς
1016 5071 1072 5123 ὲν
1121 5075 1366 5147 περινοίᾳ
1412 5075 1504 5130 τοῦ
1547 5076 1824 5147 θαύματος

1937 5077 2242 5131 dictasunt
2279 5075 2640 5144 assequatur?
2678 5073 2809 5140 Qua:
2845 5088 3000 5128 mens
3049 5086 3164 5126 rem
3211 5069 3284 5124 ita
3334 5069 3499 5124 mira—

237 5159 637 5230 περιγένηται;
685 5160 817 5212 Ποία
862 5162 997 5234 ἀκοὴ
1032 5163 1093 5217 τὸ
1135 5167 1416 5236 μεγαλεῖον
1459 5172 1698 5244 χωρήσει
1725 5169 1818 5223 τοῦ

1937 5169 2087 5224 bilem
2133 5165 2578 5236 complectatur:
2597 5165 2732 5232 Quis
2770 5166 2989 5220 auditus
3037 5171 3242 5217 tantam
3269 5163 3499 5232 excipiet

233 5250 399 5322 διηγή
411 5267 623 5322 ματος;
657 5252 720 5304 Ὢ
745 5252 852 5306 τῶν
880 5253 1125 5327 φοϐερῶν
1158 5257 1548 5329 ἀκουσμάτωνί
1589 5261 1646 5314 Ὀ
1686 5278 1820 5332 προ-

1937 5257 2336 5314 narrationem?
2369 5254 2414 5311 O
2447 5256 2785 5310 tremendam
2842 5255 3156 5312 lectionem!
3213 5253 3500 5325 Antiquior

306 5408 327 5438 ⁷
349 5405 492 5461 Luc.
520 5423 580 5469 ιι,
615 5405 705 5460 22.

307 5564 387 5635 (9)
425 5561 568 5632 Reg.
591 5561 649 5623 2,
671 5578 835 5633 περιη
875 5565 1033 5615 εἷται.

307 5641 318 5689 t
337 5635 423 5689 t0)
467 5633 546 5686 Ita
579 5631 721 5689 Reu.‘
749 5633 800 5686 l.
831 5580 1122 5689 Eombells.
1151 5629 1335 5688 omisit
1368 5631 1457 5688 τά.
1490 5631 1624 5689 Rea.
1660 5635 1717 5689 2.
1751 5636 1822 5689 τὰ

1996 5567 2108 5639 (ll)
2142 5564 2221 5622 ita
2253 5566 2551 5623 Combeﬁs.
2584 5567 2702 5623 Duo
2725 5583 2858 5625 mss.
2885 5567 3113 5634 habent,
3137 5567 3332 5642 ταύτῃ.
3352 5565 3505 5624 Infra

1937 5637 2062 5689 Rea.
2085 5639 2138 5689 2.
2170 5655 2270 5689 nm
2300 5639 2581 5689 πολέμοις.
2601 5641 2766 5689 habet
2797 5638 3201 5689 φιλοπολέμοις.

303 5630 423 5712 (ιο)
451 5630 546 5712 ita
579 5631 721 5703 Reg:
747 5630 800 5686 'l.
826 5630 1122 5689 'Combetls.
1151 5630 1335 5688 omisit
1368 5631 1457 5688 τά.
1490 5631 1624 5705 Reg.
1660 5635 1717 5704 2,
1751 5636 1822 5692 τὰ

1937 5630 2270 5712 θεῖ-ΞΔ)το
2300 5639 2581 5712 πολέμοις,
2601 5641 2766 5712 liabet
2797 5630 3201 5712 φιλοπολέμοις.

226 5707 353 5757 κατ’
399 5703 590 5755 αὐτόν.
1581 5703 1595 5705 ⁷
1703 5703 1707 5704 ί
1999 5703 2111 5777 (12)
2140 5703 2273 5782 Reg.
2304 5709 2360 5774 2,
2401 5703 2866 5782 μεταμελητῶμὲν
2895 5708 3014 5780 μέν.
