4022 6382
320 729 505 907 /

553 335 663 392 975

1687 329 1751 385 S.
1787 326 2250 385 ATHANASIUS.
2289 357 2360 369 --
2398 324 2677 384 SPURIA.

3728 304 3812 361 976

556 448 799 513 smculis,
832 461 1004 503 novus
1038 464 1052 501 :
1092 445 1185 516 qui
1224 453 1351 501 ante
1380 452 1596 515 tempus
1624 444 1748 511 fuit,
1772 444 1828 499 in
1853 454 2131 515 tempore:

2239 440 2799 522 αιώνιο-εὶεερεφατος
2820 452 2834 467 θ
2869 433 2975 489 ὑπὸ
3010 431 3203 505 χρόνον
3213 428 3530 522 Wire;
3552 439 3566 453 ·
3591 423 3652 522 εν
3683 438 3815 490 περι-

559 542 616 596 ἱη
674 538 1212 619 circumscriptione,
1268 536 1362 609 qui
1419 536 1931 606 incircumscriptus
1980 544 2067 591 est
2118 555 2130 590 :

557 641 797 688 aeternus
834 631 946 693 ille,
994 627 1176 683 infans
1219 648 1233 685 :
1268 629 1522 699 quodque
1559 627 1855 682 maximum
1894 635 1998 690 est,
2041 625 2135 681 Dei

559 724 750 791 Filius,
781 721 1018 778 hominis
1045 718 1216 777 Filius
1253 720 1490 777 efficitur
1510 727 1674 789 atque
1702 718 1965 773 creditur.
1992 716 2135 784 Quid

558 819 705 884 novi,
742 818 871 888 quid
902 816 1144 871 insolens
1182 813 1354 869 illud?
1388 815 1520 881 Quae
1574 812 1760 868 isthmc
1788 818 1939 865 tanta
1970 808 2135 865 Verbi

557 926 683 982 erga
712 924 812 966 nos
857 909 1272 980 attemperatio?
1295 906 1563 963 Tulerunt
1592 912 1845 978 parentes
1881 920 2132 975 puerum.

508 1002 521 1015 '
556 1000 700 1068 Quid
734 1001 837 1068 ais,
874 1014 1159 1055 sacrorum
1186 998 1648 1069 evangelistarum
1677 993 2135 1051 excellentissime

556 1104 610 1149 et
648 1092 1082 1166 sapientissime!
1114 1091 1258 1158 Quid
1298 1089 1537 1162 profers,
1571 1104 1604 1144 ο
1631 1088 1873 1144 caelestis
1919 1086 2135 1157 exposi-

558 1187 725 1242 tionis
762 1194 1048 1242 enarrator
1086 1192 1140 1241 et
1179 1184 1475 1255 magister?
1504 1181 1645 1249 Quid
1676 1180 1911 1252 profers,
1951 1196 1983 1236 ο
2018 1196 2136 1251 my-

558 1278 695 1333 stice
714 1278 1108 1348 cogitationum
1133 1273 1373 1344 Spiritus
1395 1272 1727 1344 descriptor?
1748 1271 1822 1327 De
1844 1270 1950 1326 Deo
1972 1271 2135 1325 verba

561 1364 695 1420 facis
721 1379 776 1419 et
802 1364 1028 1419 localem
1048 1376 1321 1418 memoras
1346 1362 1673 1419 transitum?
1700 1360 1822 1416 Vin’
1843 1370 1920 1426 tu,
1947 1369 2133 1415 natum

557 1476 624 1514 ex
679 1459 927 1530 Virgine,
999 1458 1196 1514 Filium
1253 1457 1349 1514 Dei
1407 1460 1476 1512 ad
1553 1457 1686 1512 ﬁnes
1745 1472 1918 1528 usque
1973 1461 2135 1509 terrm

559 1554 863 1617 declarare,
888 1567 952 1608 ac
983 1552 1234 1608 carnales
1273 1555 1329 1606 in
1360 1550 1599 1606 medium
1621 1549 1815 1605 aﬂ'erre
1841 1556 2092 1621 parentes
2112 1551 2137 1601 ’ἰ

559 1643 702 1698 Num
741 1644 836 1699 Dei
891 1659 1090 1714 parens
1128 1644 1184 1697 in
1223 1650 1371 1697 terra
1432 1655 1664 1711 usquam
1729 1638 1992 1694 habetur?
2050 1637 2134 1690 An

486 1726 818 1807 Aarentes
840 1735 984 1792 Deus
1012 1735 1212 1790 habet?
1235 1734 1319 1788 An
1348 1731 1531 1788 infans
1558 1731 1684 1788 est?
1713 1729 1853 1787 Num
1891 1737 2137 1802 gestatur

565 1830 709 1885 Deus
746 1844 777 1883 a
819 1828 1172 1900 parentibus?
1207 1827 1341 1893 Quis
1374 1841 1559 1882 sermo
1585 1826 1715 1880 ille?
1741 1824 1885 1895 quod
1934 1835 2137 1895 myste-

563 1923 746 1978 rium?
797 1921 1062 1977 Tulerunt
1104 1928 1358 1993 parentes
1396 1935 1625 1991 puerum
1661 1938 1674 1974 :
1707 1919 1908 1991 quibus
1965 1917 2140 1971 mani-

564 2014 706 2069 bus?
737 2013 936 2083 quibus
979 2020 1255 2083 gestantes
1291 2010 1475 2067 ulnis?
1517 2010 1781 2065 Tremunt
1831 2010 2136 2072 cherubim,

513 2106 770 2204 )ultum
798 2116 1048 2160 avertunt
1077 2104 1372 2175 serapltim,
1415 2104 1640 2158 horrent
1679 2103 1880 2174 angeli,
1921 2108 2139 2172 stupent

560 2199 892 2269 archangeli,
927 2213 1224 2270 omnesque
1274 2198 1538 2253 caelorum
1581 2198 1836 2254 virtutes.
1879 2204 2025 2250 metu
2056 2194 2138 2249 fa-

552 2291 697 2346 ciem
744 2290 1046 2361 ohtegnnt;
1096 2298 1150 2346 et
1199 2298 1259 2345 tu
1298 2291 1557 2346 mortales
1583 2289 1799 2343 inducis
1827 2286 2137 2342 materiales

555 2383 652 2454 qui
691 2388 923 2454 gestent,
966 2380 1059 2452 qui
1093 2387 1367 2448 moveant,
1392 2378 1487 2449 qui
1524 2376 1918 2432 circumferant
1949 2375 2140 2429 illum?

558 2473 715 2542 Quod
750 2474 1114 2530 miraculum?
1152 2473 1285 2540 Quae
1326 2473 1455 2527 res?
1496 2470 1645 2542 quod
1699 2466 2140 2524 arcanum?Tu-

559 2570 742 2624 lerunt
780 2575 1034 2638 parentes
1073 2581 1301 2638 puerum
1340 2584 1353 2620 :
1400 2564 1517 2619 hazc
1557 2562 1704 2618 enim
1763 2560 1951 2616 dixisti
2013 2574 2138 2615 cum

560 2661 898 2716 nativitatem
947 2659 1107 2715 nobis
1159 2672 1449 2714 enarrares
1483 2674 1497 2710 :
1534 2671 1598 2710 ea
1636 2654 1838 2725 quippe
1867 2652 1935 2708 de
1974 2666 2140 2708 causa

2171 1791 2215 1846 Β

2236 514 2844 617 λήψειῖἀὲεείληπτος
2869 542 2882 557 ⁶
2923 528 2952 580 ὁ
2977 526 3150 617 ἀΐδιος
3189 522 3382 594 νήπιος
3408 536 3422 549 ο
3457 516 3523 570 τὸ
3558 514 3812 617 μέγιστον,

2234 628 2264 681 ό
2290 625 2415 690 Υἱὸς
2438 607 2702 678 τποῦ
2729 622 2858 684 Υἰὺς
2899 616 3188 690 ἀνθρώπου
3219 615 3314 668 καί
3355 613 3574 682 γίνεται
3616 607 3711 662 καὶ
3741 624 3812 658 πι-

2238 717 2504 773 στεύεται.
2558 716 2623 770 Τί
2676 716 2736 770 τὸ
2789 713 2961 779 ξένον,
3009 711 3063 765 τί
3118 710 3179 763 τὸ
3241 704 3588 779 παράδοξονς
3649 700 3810 769 Τίςή

2235 809 2471 881 τοσαύτη
2513 808 2606 863 τοῦ
2648 807 2822 876 Λόγου
2866 805 2996 876 περὶ
3028 804 3177 875 ἡμᾶς
3226 795 3665 881 ωγκατάὸασις-
3688 791 3812 862 (15);

2249 879 2547 974 ’Λνήγαγον
2577 901 2626 955 οί
2675 902 2855 969 γονεῖς
2894 896 2956 950 τὸ
2997 895 3229 950 παιδίον.
3277 892 3344 945 Τί
3394 889 3605 956 λέγεις,
3635 879 3686 974 ἔ)
3726 883 3814 935 τῶν

2237 954 2401 1067 ἱερῶν
2426 954 3150 1063 εῦαγγελιστῶννὲξοχώτατε
3179 985 3273 1039 καὶ
3300 954 3589 1052 σοφώτατε
3611 954 3721 1043 ς’Τί
3745 974 3813 1027 λέ-

2233 1105 2373 1158 γεις,
2406 1081 2452 1141 ὦ
2494 1087 2596 1158 τῆς
2637 1084 2896 1157 οὐρανίας
2925 1078 3287 1152 ὲκφαντορίας
3328 1073 3579 1147 ἐξηγητά
3620 1069 3716 1124 καί
3752 1068 3815 1122 δι·

2235 1181 2506 1247 δάσκαλε;
2538 1179 2604 1233 Τί
2634 1178 2834 1248 λέγεις,
2867 1170 2912 1230 ὦ
2957 1172 3184 1246 μυστικὲ
3228 1168 3539 1239 λογογράφε
3567 1162 3679 1218 τῶν
3706 1178 3812 1231 νοη·

2241 1272 2424 1345 μάτων
2445 1271 2537 1326 τοῦ
2568 1269 2914 1340 Πνεῦματος;
2945 1265 3081 1337 Περί
3112 1260 3247 1315 Θεοῦ
3277 1257 3526 1328 διαλέγῃ,
3552 1256 3650 1307 καὶ
3677 1270 3809 1345 τοπι-

2237 1343 2338 1436 κῆς
2367 1362 2720 1436 μεταϐάσεως
2752 1357 3061 1430 μέμνησαι;
3087 1352 3216 1406 Υἰὸν
3241 1348 3378 1404 Θεοῦ
3408 1348 3501 1402 τὸν
3529 1349 3596 1399 ὲκ
3623 1343 3814 1436 Παρθέῖ

2237 1433 2328 1510 νου
2369 1433 2635 1525 ’τεχθέντα
2680 1450 2856 1522 βούλει
2899 1442 3266 1517 διατρανῶσαι
3312 1442 3428 1504 τοῖς
3475 1437 3705 1508 πέρασι,
3736 1433 3815 1487 καὶ

2240 1548 2533 1621 σαρκικοὺς
2558 1545 2639 1609 εἰς
2665 1543 2826 1616 μέσον
2857 1538 3128 1612 παράγεῖς
3147 1536 3324 1605 γονεῖς
3349 1530 3499 1598 ;Καὶ
3523 1528 3673 1582 ἔστιν

2236 1620 2370 1694 Θεοῦ
2398 1639 2591 1709 γονεὺς
2637 1635 2729 1689 ὲπὶ
2759 1638 2859 1707 τῆς
2896 1632 3001 1702 γῆς
3029 1647 3044 1696 ;
3076 1630 3149 1683 Ἥ
3183 1627 3294 1698 ἔχει
3333 1626 3516 1694 γονεῖς
3560 1621 3729 1686 Θεόςς
3756 1620 3814 1672 Ἦ

2237 1730 2493 1805 νηπιάζει
2525 1729 2693 1792 Θεόςς
2719 1728 2791 1780 Ἢ
2817 1722 3142 1797 βαστάζεται
3172 1719 3279 1774 ὑπὸ
3302 1716 3509 1787 γονέων
3533 1713 3669 1777 Θεός
3694 1728 3709 1773 ς
3735 1710 3815 1805 Τίς

2238 1826 2267 1877 ὁ
2296 1804 2487 1892 λόγος,
2528 1821 2580 1876 τί
2628 1819 2689 1872 τὸ
2732 1818 3069 1891 μυστήριον;
3107 1814 3413 1882 Ἀνήγαγον
3458 1808 3510 1863 οἰ
3554 1809 3730 1876 γονεῖς
3764 1804 3817 1857 τὸ

2239 1917 2469 1971 παιδίον.
2514 1916 2667 1969 Τίσιν
2710 1912 2818 1985 ἀρα
2862 1908 3177 1979 παλάμαιςο
3229 1903 3501 1973 ἀγκάλαις
3543 1899 3603 1953 δὲ
3648 1897 3815 1959 ποίαις

2236 2008 2425 2062 τοῦτον
2460 2002 2852 2077 βαστάζοντες;
2884 1999 2964 2052 Τά
2994 1995 3258 2068 χερουῦὶμ
3300 1995 3518 2067 τρέμει,
3554 1990 3626 2045 τὰ
3666 2005 3815 2059 aspa-

2238 2101 2343 2171 φὶμ
2376 2096 2800 2169 ἀποστρέφεται,
2836 2090 3056 2160 ἄγγελοι
3108 2089 3446 2160 φρίττουσιν,
3493 2080 3811 2156 ἀρχάγγελοι

2237 2189 2723 2259 καταπλήττονται,
2747 2183 2842 2238 καὶ
2868 2183 3037 2236 πᾶσαι
3070 2182 3126 2234 αἱ
3158 2180 3416 2250 δυνάμεις
3449 2175 3561 2230 τῶν
3584 2171 3814 2245 οὒρανῶν

2240 2282 2389 2355 φόϐῳ
2414 2282 2512 2345 τάς
2550 2279 2703 2351 ὄψεις
2738 2275 3219 2332 κατακαλύπτουσι
3264 2270 3414 2342 (14)·
3465 2268 3564 2322 καὶ
3606 2266 3671 2319 σὺ
3701 2264 3813 2336 βρο-

2208 2376 2365 2440 τοὺς
2410 2373 2652 2442 εἰσάγεις
2688 2371 2909 2434 ὲνύλους
2958 2365 3326 2440 βαστάζοντας
3356 2361 3572 2429 τοῦτον,
3610 2360 3706 2413 καὶ
3742 2375 3815 2410 κι-

561 2754 787 2824 angelos
816 2752 1101 2816 induxisti,
1143 2760 1333 2806 natum
1380 2748 1544 2805 simul
1576 2758 1630 2802 et
1668 2747 1848 2801 locum
1884 2745 2005 2815 ejus
2044 2759 2139 2816 pa-
2180 2758 2181 2761 ‘

561 2845 806 2902 storibus
833 2844 1179 2899 declarantes
1201 2851 1364 2912 atque
1398 2840 1778 2896 renuntiantes
1811 2855 1825 2891 :
1860 2836 2141 2891 caelestem

560 2951 779 3008 quoque
818 2935 965 2990 illam
999 2934 1427 2997 multitudinem,
1470 2932 1579 2986 alta
1623 2944 1759 2985 voce
1813 2927 2139 2982 clamantem

561 3029 715 3085 hisce
760 3027 993 3084 verbis:
1035 3044 1056 3079 ι
1108 3025 1294 3082 Gloria
1332 3025 1388 3080 in
1434 3022 1719 3078 altissimis
1773 3020 1905 3086 Deo,
1956 3025 2012 3073 et
2082 3016 2141 3072 in

560 3128 706 3175 terra
747 3135 850 3191 pax
865 3119 907 3175 ³.
946 3138 965 3172 ι
998 3117 1441 3189 Puerperamque
1491 3114 1780 3185 diligenter
1811 3111 1996 3168 omnia
2042 3110 2141 3166 oh-
2168 3141 2207 3195 ρ

561 3220 895 3274 servantem,
927 3223 991 3264 ac
1019 3223 1143 3263 cum
1172 3205 1500 3278 virginitatis
1528 3202 1828 3275 signaculis
1853 3199 2142 3257 confercn-

561 3302 707 3358 tem?
749 3300 937 3363 Plane,
970 3298 1167 3370 inquit,
1203 3314 1271 3352 ne
1321 3304 1381 3351 tu
1445 3293 1772 3349 miraculum
1821 3291 2006 3355 modo,
2048 3288 2143 3347 sed

559 3394 921 3452 oeconomiam
962 3406 1179 3463 quoque
1203 3389 1417 3460 respice
1445 3406 1461 3444 :
1492 3402 1669 3458 neque
1697 3386 1843 3441 enim
1876 3384 2043 3453 Deus,
2075 3400 2143 3441 ex

559 3491 758 3539 natura
809 3498 931 3547 sua,
972 3481 1153 3537 nudus
1191 3489 1250 3536 ut
1283 3479 1466 3535 infans
1502 3483 1749 3542 curatur,
1782 3484 1836 3531 et
1881 3474 2143 3530 maternis

560 3572 1040 3628 circumscribitur
1094 3571 1275 3638 ulnis;
1329 3568 1426 3626 sed
1500 3568 1787 3623 mortalem
1845 3564 2144 3635 assumpsit

558 3674 839 3728 naturam,
871 3666 982 3720 imo
1018 3665 1199 3736 potius
1238 3678 1430 3719 revera
1476 3662 1642 3716 homo
1679 3659 1857 3715 factus
1882 3665 1987 3724 est,
2018 3672 2147 3729 pec-

559 3756 666 3812 cati
696 3757 823 3811 licct
855 3771 1073 3827 expers.
1103 3754 1409 3822 Quomodo,
1442 3767 1617 3824 quave
1648 3751 1899 3807 ratione?
1922 3748 2145 3821 Nequeo

559 3849 765 3914 dicere,
787 3851 885 3915 ait,
904 3846 1269 3905 inenarrabile
1301 3848 1503 3920 quippe
1534 3855 1589 3901 et
1613 3860 1842 3917 prorsus
1877 3843 2145 3899 ineffabile

559 3942 695 3998 illud
727 3953 847 4011 est;
876 3958 986 3999 non
1010 3944 1145 3999 mihi
1176 3943 1357 4007 modo,
1386 3955 1571 3997 verum
1597 3940 1703 4011 ipsi
1732 3953 1950 4010 quoque
1983 3952 2147 4008 puer-

2237 2468 2460 2531 νοῦντας
2514 2466 2608 2521 καὶ
2657 2464 3042 2537 περιάγοντας.
3106 2458 3171 2512 Τί
3245 2457 3307 2512 τὸ
3368 2454 3596 2525 θαῦμα;
3651 2451 3717 2504 Τί
3762 2446 3814 2501 τὸ

2239 2563 2511 2635 πρᾶγμας
2547 2559 2613 2612 Τί
2649 2558 2711 2612 τὸ
2750 2559 3096 2630 ἀπόρρητον;
3131 2552 3434 2623 Ἀνήγαγον
3466 2547 3518 2600 οἰ
3548 2546 3723 2615 γονεῖς
3761 2540 3815 2594 τὸ

2239 2655 2477 2709 παιδίονο
2516 2650 2698 2721 ταῦτα
2747 2651 2858 2723 γὰρ
2904 2647 3106 2717 ἔλεγες,
3157 2644 3228 2698 τὰ
3281 2640 3410 2712 περί
3450 2638 3550 2710 τὴν
3581 2637 3813 2706 γέννησιν

2241 2750 2373 2821 ἡμῖν
2401 2744 2628 2817 ἱστορῶν
2655 2761 2670 2775 ο
2706 2742 2896 2798 τούτου
2930 2740 3039 2811 γὰρ
3075 2736 3235 2809 χάριν
3269 2733 3364 2789 καὶ
3407 2732 3536 2795 τοὺς
3564 2727 3814 2821 ἀγγέλους

2240 2819 2533 2912 εἰσήγαγες
2555 2839 2664 2901 τοῖς
2695 2834 2916 2907 ποιμέσι
2944 2832 3035 2886 τὸν
3059 2830 3219 2884 τόκον
3246 2824 3384 2897 ὁμοῦ
3418 2821 3517 2878 καὶ
3542 2821 3635 2876 τὸν

2241 2934 2300 2986 ὲν
2396 2922 2555 2993 οὗτος
2577 2924 2995 2987 ὑποδεικνύντας
3017 2921 3112 2975 καὶ
3153 2915 3573 2987 διαγγέλλοντας
3594 2928 3610 2943 ο
3640 2911 3736 2983 τήν
3759 2924 3811 3001 τε
3852 2908 3877 2919 ‘

2239 2999 2499 3096 οὐρανίαν
2523 3021 2738 3091 ἐκείνην
2783 3015 3012 3087 πληθὺν,
3044 3007 3445 3085 μεγαλοφὼνως
3476 3004 3707 3096 βοῶσαν,
3730 2999 3814 3096 καὶ

2240 3091 2500 3183 λέγουσαν
2521 3127 2534 3142 ο
2570 3128 2591 3162 ι
2626 3109 2764 3175 Δόξα
2795 3110 2853 3161 ὲν
2898 3104 3141 3174 ὑψίστοις
3183 3098 3324 3170 Θεῷ,
3353 3096 3449 3152 καὶ
3491 3095 3586 3148 ἐπὶ
3617 3094 3718 3163 γῆς
3743 3091 3813 3183 εί-

2247 3182 2414 3275 ρήνησ
2452 3220 2471 3254 ι
2528 3198 2625 3255 καί
2660 3198 2757 3270 τὴν
2792 3194 3060 3250 τεκοῦσαν
3110 3190 3290 3244 πάντα
3341 3187 3459 3259 μετ’
3511 3182 3815 3255 ἐπιμελείας

2239 3293 2624 3366 διατηροῦσαν,
2655 3291 2751 3345 καὶ
2788 3290 2906 3352 ταῖς
2935 3285 3034 3358 τῆς
3058 3280 3358 3354 παρθενίας
3393 3280 3660 3350 σφραγῖσι
3691 3290 3814 3343 συμ-

2242 3388 2573 3451 6άλλουσαν;
2606 3385 2732 3447 Ναὶ,
2758 3382 2914 3454 φησί,
2947 3380 3042 3432 καὶ
3066 3376 3142 3449 μὴ
3166 3374 3304 3448 πρὸς
3336 3372 3399 3426 τὸ
3428 3369 3618 3441 θαῦμα
3648 3367 3812 3438 μόνον,

2241 3480 2377 3536 ἀλλὰ
2424 3479 2522 3534 καὶ
2574 3476 2710 3549 πρὸς
2756 3475 2853 3547 τὴν
2902 3470 3214 3540 οἰκονομίαν
3260 3463 3564 3520 ἀπόϐλεπε.
3617 3460 3692 3514 Οὐ
3720 3456 3815 3528 γὰρ

2240 3574 2375 3637 Θεὸς
2400 3570 2594 3635 οὕτως,
2628 3567 2704 3633 ὡς
2735 3566 2858 3637 ἔφυ,
2889 3562 3094 3635 γυμνὸς
3122 3559 3570 3633 βρεφουργεῖται,
3596 3552 3689 3606 καὶ
3721 3566 3813 3620 μη-

2240 3665 2457 3734 τρικαῖς
2486 3658 2713 3722 ὠλέναις
2738 3652 3210 3729 ὲμπεριγράφεται
3237 3646 3371 3720 (15),
3406 3644 3547 3734 ἀλλά
3572 3642 3670 3714 τὴν
3706 3640 3814 3734 βρο-

2240 3728 2390 3806 τείαν
2414 3749 2574 3821 φύσιν
2599 3728 3022 3819 ὑπειλημμένος,
3050 3739 3249 3812 μᾶλλον
3287 3737 3345 3791 δὲ
3373 3733 3699 3805 αὐτόχρημα
3726 3728 3813 3796 τῆς

2243 3841 2519 3915 ἁμαρτίας
2546 3839 2715 3911 χωρὶς
2749 3836 2892 3891 κατὰ
2912 3833 3169 3904 ἀλήθειαν
3194 3827 3488 3899 γενόμενος
3520 3823 3811 3915 ἄνθρωπος.

2241 3909 2379 4000 Πτῶςν
2402 3935 2497 3988 καὶ
2684 3931 2919 4003 τρόπον;
2954 3927 3069 3980 Οὐκ
3103 3923 3213 3995 ἔχω
3249 3920 3452 3990 λέγειν,
3499 3913 3666 3986 φησίν
3686 3909 3815 4003 13p-

558 4050 733 4107 peraa;
781 4037 893 4090 imo
943 4051 1121 4106 neque
1172 4035 1278 4105 ipsi
1337 4033 1524 4098 modo,
1574 4031 1873 4086 humanam
1909 4029 2053 4085 enim
2091 4035 2141 4084 et

2246 4031 2409 4107 ρητον
2436 4024 2543 4098 γάρ
2584 4001 2763 4089 τοῦτο,
2795 4021 2890 4076 καὶ
2933 4014 3213 4079 παντελῶς
3242 4014 3652 4107 ἁνερμῄνευτον
3670 4048 3687 4072 ,
3725 4001 3814 4107 οὐκ

561 4126 681 4197 ipsa
726 4135 983 4181 naturam
1032 4094 1230 4183 sortita
1260 4133 1365 4190 est,
1398 4124 1621 4181 tametsi
1677 4123 1853 4195 gratia
1906 4122 2141 4177 hominis

2244 4094 2368 4192 ξ’ιῖἆί
2397 4094 2577 4191 μόνον,
2605 4116 2742 4170 ἀλλά
2765 4115 2859 4169 καὶ
2882 4112 3019 4182 αὐτῇ
3049 4112 3115 4180 τῇ
3150 4094 3420 4176 tum“
3449 4101 3637 4197 καὶ,μοῦ
3659 4094 3815 4197 ταύτῃ

560 4215 933 4270 conditionem
972 4225 1288 4286 superante,
1312 4215 1552 4281 donata;
1586 4192 1876 4269 sed'etiam
1904 4214 2141 4267 materia:

2248 4215 2427 4286 μόνον,
2461 4210 2808 4282 ἀνθρωπίνης
2840 4205 2949 4278 γὰρ
2980 4203 3073 4257 καὶ
3107 4198 3245 4270 αὑτὴ
3287 4196 3515 4286 φύσεως
3540 4192 3746 4286 ἔλαχεν,
3770 4201 3794 4237 ε

559 4307 776 4376 experti
807 4281 1062 4369 naturae,—
1075 4320 1197 4376 quae
1223 4313 1307 4361 est
1341 4311 1470 4377 post
1498 4303 1730 4374 primam
1757 4303 1949 4374 prima.
1990 4301 2141 4368 Quod

2244 4281 2342 4359 καὶ
2393 4303 2490 4374 τῆς
2536 4281 2678 4373 ὑπὲρ
2725 4298 3010 4370 ἄνθρωπον
3053 4290 3387 4363 κατηξίωται
3431 4284 3545 4357 (16)
3582 4281 3810 4377 χάριτῆςέ

3798 4185 3838 4308 ‘v

561 4394 610 4450 si
640 4394 761 4464 ipsa
793 4396 1035 4451 materia:
1075 4410 1274 4466 expers
1319 4406 1539 4459 natura,
1572 4406 1694 4464 quae
1741 4393 2003 4465 mysterio
2044 4392 2141 4446 mi-

2246 4396 2383 4453 ἀλλὰ
2420 4363 2517 4449 δέει
2548 4363 2685 4470 αὐτῇ
2719 4395 2785 4465 τῇ
2813 4363 2961 4460 dicit,»
3002 4386 3182 4458 φύσει,
3212 4383 3307 4437 και
3335 4380 3530 4471 πρώτῃ
3564 4374 3695 4471 μετᾶ
3720 4363 3810 4433 τὴν

559 4485 841 4551 nistravit,
870 4486 1191 4558 mysterium
1218 4485 1489 4558 ignoravit
1517 4485 1761 4549 omnino,
1786 4482 1918 4554 quid
1952 4481 2086 4536 illud
2114 4498 2141 4536 a

2249 4487 2472 4562 πρώτην
2523 4486 2586 4539 Εἰ
2629 4486 2687 4539 δὲ
2714 4484 2810 4539 καὶ
2835 4481 2996 4544 ἄῦλος
3037 4476 3220 4548 φύσις,
3250 4473 3346 4529 καὶ
3369 4470 3513 4562 αὐτῂ
3542 4474 3577 4532 η
3603 4470 3679 4562 np
3722 4473 3812 4527 μυ-

559 4590 650 4631 me
685 4575 1011 4632 discendum
1037 4576 1309 4648 exposcis,
1341 4575 1582 4639 homine,
1615 4574 1708 4645 qui
1745 4588 1817 4629 ne
1856 4572 1990 4629 illud
2029 4572 2147 4643 qui-

2252 4550 2459 4651 «£11th
2490 4576 2994 4649 καθυπουργήσασα
3035 4566 3312 4623 παντελῶς
3361 4554 3596 4651 ἠγνόησε
3624 4550 3684 4651 τὸ
3723 4563 3813 4651 μυ-

559 4668 685 4724 dem
715 4667 863 4741 quod
891 4642 1124 4740 pedibus
1158 4667 1420 4731 occurrit,
1441 4642 1772 4737 quandoque
1793 4664 2001 4720 sciam?
2024 4642 2141 4731 Quo

2252 4675 2491 4745 στήριον,
2528 4668 2643 4733 πῶς
2667 4666 2828 4722 τοῦτο
2853 4663 2981 4734 παρ’
3004 4655 3139 4730 ἐμοῦ
3176 4651 3367 4726 μαθεῖν
3396 4646 3697 4717 ἐπιζητεῖς,
3724 4642 3811 4694 ἀν-

559 4760 726 4820 modo
769 4760 946 4824 factus
988 4768 1072 4816 est
1112 4758 1315 4815 homo?
1343 4758 1433 4813 dic
1457 4758 1575 4829 ipse
1595 4759 1829 4829 primum
1853 4756 1920 4812 de
1946 4757 2142 4827 teipso,

2250 4733 2622 4837 Bptb'rroupqS‘
2668 4756 2800 4810 αὐτὸ
2838 4753 2897 4806 τὸ
2928 4733 2985 4803 ἐν
3020 4748 3176 4801 ποσὶν
3214 4742 3360 4795 ἔστιν
3397 4737 3486 4791 ὅτε
3527 4733 3812 4837 γινώσκονζ

558 4855 836 4930 quomodo
860 4853 1040 4912 factus
1069 4854 1148 4910 sis
1182 4852 1368 4915 homo,
1403 4859 1458 4907 et
1487 4819 1694 4907 tum-de
1715 4849 1902 4905 divina
1923 4819 2141 4921 quoque

2246 4819 2373 4922 τὸυ
2407 4819 2531 4918 Πῶς
2564 4819 2794 4920 ’γέγονεν
2823 4842 3142 4914 άνθρωπος;
3175 4832 3294 4888 εἰπὲ
3326 4831 3391 4930 σὺ
3437 4827 3581 4930 περῖ
3599 4819 3812 4930 σεαυτοῦ

564 4910 596 4930 η
740 4910 752 4915 ν
932 4910 940 4911 κ
1023 4910 1033 4912 -
1354 4910 1364 4915 -
1940 4910 1958 4921 .
2055 4910 2070 4921 .

558 4951 940 5008 incarnatione
997 4947 1369 5012 scrutaberis;
1425 4945 1538 5001 imo
1586 4960 1656 5002 ne
1717 4954 1832 5000 tum
1872 4945 2141 5016 quidem:

2249 4910 2487 5018 πριῖλτον,
2511 4910 2664 5004 ’πάς-
2681 4937 2908 5007 γέγονας
2926 4910 3240 5018 ’ἀνθρωποῇ
3268 4921 3362 4975 καὶ
3392 4918 3514 5018 τότε
3551 4910 3816 5018 διερευνηῐ

561 5056 737 5111 neque
793 5042 938 5101 enim
992 5041 1041 5098 si
1088 5038 1370 5112 generatio
1427 5044 1522 5092 tua
1560 5045 1690 5092 nota
1728 5037 1821 5102 sit,
1862 5045 1917 5093 et
1955 5037 2141 5092 divina

2250 4998 2363 5097 σέις
2514 4998 2644 5101 περὶ
2670 4998 2771 5098 τῆς
2800 5021 2949 5085 θείας
2982 4998 3309 5112 σαρκώσεως
3326 5025 3342 5040 °
3379 5006 3579 5079 μᾶλλον
3607 5005 3665 5112 de
3691 4998 3813 5074 μηδὲ

562 5133 747 5187 statim
808 5133 915 5188 erit
971 5154 985 5189 :

562 5218 674 5276 Dei.

633 5398 686 5453 3.
726 5398 1079 5474 Nequaquam
1109 5404 1298 5476 igitur,
1326 5402 1483 5470 illud,
1515 5421 1531 5455 ι
1564 5403 1858 5474 quomodo,
1896 5421 1915 5453 ι
1948 5399 2142 5473 exqui-

574 5626 577 5633 ι
635 5551 659 5583 ⁸
695 5550 830 5610 Luc.
874 5570 937 5622 ll,
972 5555 1061 5614 14.

786 5707 918 5781 Beg.
945 5711 1000 5775 2,
1035 5714 1356 5780 κατάϐασις.

639 5778 751 5851 (16)
787 5778 1021 5853 Ιιιίίἰεε.
1049 5785 1103 5840 2.
1129 5784 1197 5840 At
1226 5778 1358 5857 Reg.
1386 5784 1438 5851 l,
1466 5781 1998 5837 κατακαλύπτονται.

1041 5130 1287 5202 alioquin
1340 5136 1489 5187 esset
1554 5127 1677 5202 ipsa
1735 5129 1998 5194 hominis,
2034 5143 2141 5183 non

2247 5126 2369 5180 τότε
2388 5141 2401 5155 ·
2428 5122 2549 5176 οὐδὲ
2581 5120 2690 5191 γὰρ
2717 5114 3014 5185 ἐπειδήπερ

3047 5072 3081 5181 ἦ
3129 5106 3196 5178 σὴ
3237 5072 3491 5174 γέννησις
3527 5072 3830 5169 γνώριμοςλ

2250 5217 2351 5290 ἤδη
2382 5215 2477 5270 καί
2499 5216 2533 5285 ἠ
2560 5182 2696 5267 Θεοῦ
2719 5226 2734 5241 ο
2763 5209 2798 5281 ἢ
2825 5182 2935 5279 γάρ
2962 5182 3029 5259 ἀν
3055 5197 3123 5273 ἦν
3144 5195 3369 5266 κάκείνη
3395 5189 3702 5264 ἀνθρώπου,
3725 5182 3815 5239 καὶ

2244 5310 2307 5362 οὐ
2337 5307 2493 5362 Θεοῦ.
3552 5376 3555 5377 ν
3675 5373 3686 5377 _
3789 5363 3813 5377 -

2317 5400 2371 5454 3.
2404 5398 2612 5453 Οὔκουν
2635 5392 2953 5464 ἐξεταστέον
2972 5389 3053 5456 τὸ,
3088 5406 3109 5440 ι
3139 5385 3284 5449 πῶς·
3320 5401 3338 5435 ι
3368 5382 3478 5451 ὅσῳ
3502 5376 3613 5450 γὰρ
3640 5373 3703 5427 σὺ
3727 5373 3815 5425 τοῦ

2320 5705 2433 5776 (l5)
2470 5701 2563 5758 Sic
2586 5704 2725 5776 licg.
2747 5700 2815 5776 ᾖς
2842 5699 2974 5776 ἰξεε.
3004 5705 3182 5776 autem
3213 5696 3276 5776 l,_
3286 5691 3717 5776 περιγράφεται.

2323 5765 2433 5847 (i6)
2469 5778 2540 5829 ita
2584 5765 2716 5845 Reg.
2747 5773 2815 5839 2;
2857 5765 2989 5842 Reg.
3023 5770 3076 5835 l,
3105 5765 3428 5838 κατηξίωτο.
