4022 6382
224 338 325 393 977

1289 343 1573 401 HOMILIA
1606 345 1679 402 IN
1713 345 2090 403 OCCURSUM
2130 346 2384 406 DOMINI.

3367 354 3471 409 978

221 451 349 507 Θεοῦ
383 456 785 529 ταπεινότερος,
820 457 1057 530 τοσοῦτῳ
1088 460 1183 514 καὶ
1211 462 1308 534 τῆς
1351 465 1450 533 σῆς
1491 468 1776 537 γεννήσεω‹

1897 466 2128 521 rendum
2173 474 2259 523 est
2295 485 2308 522 :
2344 474 2554 538 quanto
2603 467 2747 523 enim
2783 476 2841 522 tu
2886 465 2997 523 Deo
3030 466 3275 533 inferior,
3317 476 3470 523 tanto

220 546 654 619 ἀπορρητοτέρα,
688 549 779 602 καὶ
803 547 883 602 ἔτι
911 549 1128 620 μᾶλλον,
1152 553 1185 624 ή
1213 553 1306 607 τοῦ
1323 554 1478 608 Θεοῦ.
1518 574 1536 606 ι
1578 558 1799 629 Ἀνήγα-

218 654 306 705 γον
344 657 365 690 ι
405 640 453 692 οἱ
486 643 663 708 γονεῖς
688 641 750 694 τὸ
775 641 984 696 παιδίον
1023 644 1230 715 Ἰησοῦν
1257 646 1368 718 (17)
1406 666 1425 698 ι
1459 650 1538 714 εἰς
1575 650 1802 721 Ἰεροσό-

220 728 379 799 λυμα.
409 749 427 780 ι
491 731 557 784 Τί
605 733 736 785 ποτε
791 732 900 802 ἄρα
947 733 1273 806 δράσοντες;
1305 739 1514 808 Μήτιγε
1547 739 1647 810 τὴν
1703 738 1797 794 τοῦ

233 820 445 892 Ἰσραὴλ
481 821 757 892 βασιλείαν
800 825 1275 899 παραληψόμενοις
1313 830 1347 901 ἢ
1386 829 1526 884 ὅπλα
1569 830 1800 901 χαλκεύ-

221 928 426 976 σοντες,
468 913 499 985 ἢ
539 914 767 987 στρατὸν
798 919 1233 989 συγκινήσοντες,
1259 921 1293 991 ἢ
1327 921 1454 975 ἄλλο
1480 938 1533 975 τι
1569 921 1678 975 τῶν
1700 940 1800 993 χα-

222 1005 501 1074 μαιπετῶν
565 1007 659 1061 καὶ
720 1009 1069 1081 προσκαίρων
1122 1012 1672 1085 συνεπικερδήσοντες
1717 1013 1795 1086 τῷ

221 1096 395 1162 παιδί;
424 1096 522 1163 Οὔ,
548 1099 740 1172 φησίν·
773 1100 907 1155 ἀλλὰ
926 1121 945 1153 ι
967 1102 1312 1174 παραστῆσαι
1336 1102 1414 1174 τῷ
1434 1105 1642 1176 Κυρίῳ,
1664 1104 1799 1159 καθ-

215 1185 292 1252 ὼς
321 1188 632 1262 γέγραπται
675 1193 733 1245 ὲν
774 1192 920 1265 νόμῳ
949 1193 1175 1265 Κυρίου.
1210 1212 1230 1246 ι
1257 1193 1322 1247 Τί
1350 1196 1478 1265 φῂς,
1505 1195 1792 1268 ἀνθρωπε;

219 1285 311 1336 καὶ
352 1283 467 1338 ἔστι
506 1284 603 1338 τοῦ
636 1286 853 1358 ἀληθῶς
888 1287 1023 1341 Θεοῦ
1068 1286 1197 1352 ﬁeri;
1216 1303 1232 1319 ο
1260 1288 1292 1359 ἢ
1323 1287 1415 1341 τοῦ
1445 1289 1648 1361 κυρίως
1681 1290 1794 1362 (i8)

217 1373 420 1444 Κυρίου
454 1374 661 1446 Κύριος
692 1377 917 1450 ἓτεροςς
956 1379 1130 1442 Ἔστι,
1162 1377 1316 1449 φησὶ,
1350 1379 1445 1432 καὶ
1482 1380 1556 1451 μὴ
1578 1380 1761 1455 δείσῃς
1774 1398 1789 1414 ⁹

214 1461 274 1513 ού
296 1461 406 1533 γὰρ
440 1463 581 1517 κατά
610 1465 772 1533 φύσιν
799 1466 979 1531 τοῦτο,
1009 1466 1149 1521 κατὰ
1175 1468 1334 1538 χάριν
1362 1467 1420 1521 δὲ
1458 1470 1553 1525 καὶ
1588 1472 1795 1526 οἰκονο-

219 1551 343 1621 μίαν
367 1552 467 1625 τὴν
500 1555 779 1610 ἀνωτάτω.
813 1558 1025 1629 Ὠσπερ
1057 1558 1165 1631 γὰρ
1190 1560 1298 1615 τῶν
1335 1562 1397 1615 ού
1426 1563 1633 1634 κυρίως
1660 1564 1791 1620 υἱῶν

214 1644 400 1716 Πατὴρ
438 1647 468 1698 ὁ
513 1645 646 1711 Θεὸς
682 1648 930 1717 λέγεται·
966 1669 985 1702 ι
1024 1649 1164 1720 Ἐγὼ
1189 1652 1297 1725 γὰρ
1324 1693 1339 1718 ,
1380 1656 1544 1727 φησὶν
1568 1697 1583 1719 ,
1638 1652 1788 1725 εἶπα,

212 1734 332 1787 Θεοί
379 1738 525 1804 ἐστε,
559 1738 657 1792 καὶ
692 1740 799 1793 υίοὶ
833 1741 1088 1812 Ὑψίστου
1140 1744 1379 1808 πάντεςο
1430 1764 1451 1797 ι
1502 1746 1644 1801 οὕτω
1696 1750 1791 1802 καὶ

1901 559 2170 613 occultior
2203 558 2297 614 Dei
2333 559 2611 630 generatio
2641 570 2725 617 est
2753 574 2914 630 quam
2949 567 3062 615 tua.
3099 578 3119 612 ι
3148 558 3414 615 Tulerunt
3445 582 3463 612 ι

1898 660 2152 721 parentes
2180 667 2406 722 puerum
2436 650 2622 707 Jesum
2649 671 2669 703 ι
2707 653 2761 706 in
2792 650 3115 709 Jerusalem.
3150 672 3169 705 ›
3197 653 3335 718 Quid
3386 655 3468 707 fa-

1898 734 2077 794 cturi?
2109 741 2270 812 357
2296 740 2436 795 Num
2476 749 2536 796 ut
2564 740 2782 798 lsraelis
2830 757 3057 812 regnum
3101 744 3469 812 occuparent?

1897 845 1968 885 an
2019 839 2079 885 ut
2112 846 2265 886 arma
2317 830 2685 889 fabricarent?
2715 839 2811 887 aut
2836 834 3135 903 exercitum
3179 835 3469 905 cogerent?

1897 936 1967 978 an
1998 934 2056 977 ut
2082 925 2359 994 quidpiam
2404 925 2550 980 aliud
2577 941 2645 980 ex
2677 925 2877 982 inlimis
2908 933 2961 981 et
2984 927 3349 998 temporancis
3379 928 3467 980 lu-

1897 1014 1976 1070 cri
2013 1031 2185 1087 puero
2222 1018 2640 1087 compararent?
2668 1016 2910 1081 Minime,
2950 1019 3161 1089 inquit;
3209 1021 3326 1083 sed,
3364 1039 3381 1071 ι
3409 1028 3467 1075 ιιι

1897 1106 2154 1163 sisterent
2180 1122 2305 1162 eum
2335 1105 2588 1173 Domino,
2619 1108 2761 1163 sicut
2814 1109 3079 1178 scriptum
3114 1116 3199 1164 est
3246 1111 3299 1164 in
3350 1111 3466 1182 lege

1896 1197 2134 1253 Domini.
2175 1218 2194 1251 ι
2230 1199 2369 1266 Quid
2405 1200 2507 1265 ais,
2556 1217 2589 1255 ο
2634 1200 2841 1256 homo?
2869 1210 3024 1258 estne
3056 1202 3176 1272 ejus
3210 1204 3303 1273 qui
3341 1220 3468 1259 vere

1896 1285 2041 1343 Deus
2087 1294 2192 1354 est,
2243 1287 2416 1356 Deus;
2474 1296 2567 1343 aut
2616 1290 2738 1359 ejus
2788 1292 2878 1361 qui
2929 1292 3148 1362 proprie
3201 1290 3465 1350 Dominus

1894 1386 1998 1446 est,
2039 1378 2305 1436 Dominus
2363 1380 2537 1436 alter?
2572 1379 2668 1436 Est
2705 1382 2884 1452 plane,
2911 1398 3012 1438 nec
3052 1383 3173 1440 ideo
3205 1394 3417 1441 metuas
3446 1406 3459 1441 :

1894 1485 2006 1525 non
2041 1477 2123 1526 est
2155 1471 2356 1542 quippe
2380 1486 2476 1541 per
2513 1478 2763 1527 naturam
2791 1472 2944 1538 illud,
2981 1474 3077 1530 sed
3110 1490 3204 1545 per
3232 1476 3461 1546 gratiam

1892 1568 1947 1616 et
1993 1577 2285 1632 supernam
2337 1563 2721 1618 oeconomiam.
2784 1562 3251 1631 Quemadmodum
3304 1570 3460 1622 enim

1891 1667 2080 1707 eorum
2135 1654 2229 1725 qui
2277 1670 2386 1709 non
2445 1665 2574 1711 sunt
2625 1656 2841 1726 proprie
2903 1657 2998 1711 filii
3046 1657 3206 1714 Pater
3260 1660 3462 1715 dicitur

1891 1742 2035 1801 Deus
2089 1763 2103 1799 :
2151 1744 2285 1800 Nam
2329 1764 2349 1797 ι
2399 1745 2539 1818 Ego,
2587 1747 2694 1812 ait,
2742 1748 2852 1802 dixi
2897 1748 3029 1806 :Dii
3081 1752 3249 1814 estis,
3280 1760 3335 1807 et
3363 1753 3462 1807 ﬁlii

212 1827 301 1881 τοῦ
336 1828 546 1900 κυρίως
583 1829 717 1885 Υίοῦ
743 1832 885 1886 κατὰ
917 1833 1079 1903 φύσιν
1123 1835 1425 1907 (ὁμοούσιος
1462 1838 1570 1911 γὰρ
1605 1840 1635 1892 6
1663 1841 1776 1905 Υἱὸς

1891 1835 2106 1894 Excelsi
2134 1841 2404 1906 omnes”;
2432 1858 2450 1890 ι
2481 1839 2557 1893 ita
2585 1856 2802 1910 quoque
2853 1841 3001 1897 illius
3032 1843 3124 1913 qui
3159 1843 3459 1899 secundum

211 1916 284 1988 τῷ
310 1919 531 1991 Πατρὶ),
562 1922 706 1978 κατὰ
729 1923 888 1996 χάριν
913 1924 969 1980 δὲ
994 1927 1089 1981 καὶ
1123 1930 1432 2001 οἰκονομίαν
1463 1930 1595 1997 Θεὸς
1628 1932 1784 2003 λέγε-

211 2024 294 2061 ται
328 2026 344 2041 ο
407 2029 427 2063 ι
497 2012 799 2069 Ἀναϐαίνω
862 2018 989 2090 γὰρ,
1031 2021 1184 2091 φησὶ,
1243 2022 1377 2095 πρὸς
1415 2024 1505 2077 τὸν
1568 2027 1785 2097 Πατέρα

214 2116 308 2168 μου
339 2101 436 2154 καὶ
459 2102 677 2177 Πατέρα
698 2105 870 2176 ὑμῶν,
897 2108 992 2162 καὶ¹
1017 2109 1148 2165 Θεόν
1179 2130 1280 2184 μου
1302 2115 1393 2168 καὶ
1413 2114 1543 2168 Θεὸν
1573 2116 1724 2188 ὑμῶν
1759 2138 1778 2171 ι

212 2188 367 2243 Ὄτου
396 2192 557 2264 χάριν
594 2213 615 2246 ι
649 2195 769 2248 οὐδὲ
828 2198 1090 2270 ἀδελφοὺς
1141 2203 1288 2273 ἡμᾶς
1347 2206 1375 2258 6
1417 2205 1542 2270 Υίδς
1599 2207 1782 2262 καλεῖν

208 2280 622 2354 ἐπαισχύνεταιθ
668 2288 987 2358 Ἀπαγγελῶ
1035 2292 1162 2364 γὰρ,
1216 2296 1369 2366 φησὶ,
1400 2296 1460 2349 τὸ
1486 2296 1656 2369 ὄνομά
1688 2316 1781 2354 σου

208 2373 311 2435 τοῖς
332 2374 583 2444 ἀδελφοῖς
611 2393 733 2447 μου,
768 2379 826 2431 ὲν
855 2379 1006 2451 μέσῳ
1032 2380 1353 2453 Ἐκκλησίας
1379 2384 1602 2457 ὑμνήσω
1634 2404 1715 2441 σε.
1755 2406 1776 2441 ι

213 2486 230 2517 ι
252 2466 447 2533 Καθὼς
475 2471 784 2542 γέγραπται
817 2474 875 2526 ὲν
903 2475 1053 2546 νόμῳ
1077 2476 1301 2548 Κυρίου.
1334 2497 1351 2530 ι
1374 2479 1436 2531 Ὢ
1456 2480 1555 2551 τῆς
1582 2483 1785 2536 οἰκονο-

209 2558 363 2628 μίαςί
400 2560 447 2614 ὣ
480 2562 582 2633 τῆς
610 2563 1018 2634 ἀνεξιχνιάστου
1049 2568 1175 2640 περὶ
1194 2571 1343 2640 ἡμᾶς
1369 2570 1464 2624 τοῦ
1495 2572 1668 2643 Λόγου
1703 2577 1782 2629 oi-

205 2652 458 2721 κονομίας
488 2654 583 2707 καὶ
620 2655 980 2728 ἀγαθότητοςῐ
1023 2657 1081 2713 '0
1105 2660 1401 2732 νομοθέτης
1433 2662 1536 2717 ὑπὸ
1574 2663 1664 2719 τὸν
1692 2666 1780 2720 νό-

206 2756 329 2808 μον·
373 2744 406 2795 6
458 2742 570 2797 τῶν
621 2746 933 2803 Μωσαῖκῶν
981 2753 1417 2824 προσταγμάτων
1460 2754 1617 2828 δοτὴρ
1664 2760 1778 2823 τοῖς

204 2834 694 2906 προσταττομένοις
752 2838 1083 2895 ύποκύπτειν
1133 2844 1233 2897 οὐκ
1286 2845 1661 2904 ἀπαναίνεται.
1718 2850 1776 2904 '0

202 2919 294 2990 τῆς
336 2922 434 2975 τοῦ
470 2923 636 2995 νόμου
681 2927 922 3000 κατάρας
961 2929 1331 3003 ἐλευθερώσας
1353 2934 1444 2988 τὸν
1471 2937 1772 3009 ὄθθρωπον,

202 3009 273 3073 ὡς
296 3011 589 3086 ἄνθρωπος
616 3016 694 3087 τῷ
722 3018 871 3090 νόμῳ
905 3019 1177 3077 δουλεύειν
1201 3024 1301 3079 οὐκ
1325 3026 1701 3085 ἀναϐάλλεται.

1889 1939 2140 1986 naturam
2166 1930 2338 1987 Filius
2364 1941 2446 1988 est
2476 1932 2983 1999 (consubstantialis
3015 1938 3161 1992 enim
3180 1946 3262 1993 est
3309 1937 3459 1993 Patri

1887 2020 2098 2094 Filius),
2133 2040 2230 2096 per
2248 2025 2476 2096 gratiam
2509 2034 2686 2080 autem
2717 2034 2771 2081 et
2800 2030 3181 2094 (economiam,
3211 2030 3352 2087 Deus
3378 2031 3461 2087 di-

1883 2115 2028 2169 citur
2055 2132 2070 2168 :
2104 2133 2124 2166 ι
2155 2114 2408 2172 Ascendo
2444 2118 2612 2183 enim,
2643 2119 2842 2190 inquit,
2866 2122 2935 2177 ad
2958 2119 3176 2179 Patrem
3205 2140 3386 2180 meum
3404 2134 3460 2181 et

1882 2200 2098 2259 Patrem
2118 2213 2380 2269 vestrum,
2411 2205 2578 2262 Deum
2600 2222 2779 2263 meum
2804 2216 2859 2265 et
2890 2208 3055 2266 Deum
3074 2220 3316 2268 vestrum
3341 2215 3404 2269 ‘°.
3434 2234 3451 2267 ι

1883 2294 2222 2366 Quapropter
2241 2316 2260 2349 ι
2290 2313 2398 2352 non
2420 2298 2776 2355 confunditur
2795 2298 2965 2360 Filius
2994 2319 3097 2359 nos
3126 2320 3324 2359 vocare
3348 2306 3451 2360 ira-

1881 2392 2012 2452 tres,
2029 2387 2105 2439 ait
2127 2388 2300 2442 enim:
2319 2386 2594 2444 Nuntiabo
2615 2405 2816 2448 nomen
2840 2400 2993 2449 tuum
3015 2395 3274 2467 fratribus
3299 2400 3452 2464 meis,

1881 2476 1935 2531 in
1953 2478 2128 2534 medio
2148 2478 2402 2536 Ecclesiae
2427 2481 2659 2538 laudabo
2681 2493 2754 2539 te.
2795 2503 2817 2538 ι
2845 2517 2918 2528 --
2954 2505 2973 2538 ι
3009 2487 3162 2543 Sicut
3191 2491 3453 2560 scriptum

1877 2576 1960 2623 est
1989 2567 2043 2622 in
2094 2569 2210 2642 iege
2248 2569 2459 2626 Domini
2499 2574 2561 2626 “.
2595 2592 2615 2636 ι
2649 2572 2693 2629 0
2742 2578 3138 2634 ceconomiam!
3184 2596 3218 2634 o
3252 2580 3457 2651 imper-

1875 2661 2226 2719 scrutabilem
2258 2662 2421 2719 Verbi
2461 2681 2589 2737 erga
2625 2683 2725 2725 nos
2763 2670 3113 2727 clementiam
3161 2688 3225 2728 ac
3278 2674 3460 2730 boni-

1853 2753 2072 2826 .tatem!
2106 2751 2408 2825 Legislator
2430 2757 2532 2812 sub
2557 2759 2671 2830 lege
2699 2780 2712 2815 :
2743 2759 3108 2819 Mosaicorum
3140 2764 3283 2819 lator
3314 2781 3454 2835 pra:—

1873 2852 2181 2913 eeptorum.
2208 2862 2317 2901 non
2365 2856 2586 2905 recusat
2629 2851 2766 2921 ipsis
2811 2853 3100 2921 subjacere
3136 2860 3446 2927 praeceptis.

1875 2933 1980 3000 Qui
2005 2949 2036 2988 a
2066 2935 2203 3007 legis
2242 2940 2535 2995 maledicto
2563 2942 2839 2999 hominem
2868 2944 3141 3010 liberavit,
3168 2962 3279 3002 non
3311 2963 3449 3004 cun-

1874 3031 2058 3079 ctatur
2095 3025 2201 3097 ipsi
2247 3028 2352 3098 legi
2388 3037 2445 3084 ut
2483 3032 2648 3087 homo
2689 3034 2915 3091 servire.

266 3103 316 3157 ι.
358 3123 376 3155 ι
409 3104 614 3170 Καθὼς
644 3109 761 3162 ἐστι
788 3111 1171 3183 γεγραμμένον
1211 3117 1269 3168 ἐν
1310 3116 1459 3189 νόμῳ
1486 3121 1713 3191 Κυρίου.
1747 3141 1767 3174 ι

1942 3117 1998 3175 ι.
2042 3137 2062 3171 ι
2108 3117 2261 3176 Sicut
2305 3124 2565 3194 scriptum
2594 3133 2679 3181 est
2713 3126 2767 3181 in
2804 3127 2920 3199 lege
2951 3126 3185 3185 Domini.
3227 3151 3248 3185 ι
3280 3132 3449 3200 Quis-

199 3192 292 3257 Τίς
326 3195 355 3246 6
390 3194 637 3290 γράψας,
667 3198 785 3265 τίς;
827 3200 884 3254 '0
923 3202 1144 3274 Κύριος.
1176 3205 1287 3277 Ούχ
1321 3200 1403 3271 εἷς
1435 3209 1530 3263 καὶ
1555 3212 1584 3264 6
1610 3212 1772 3278 αὐτός

1877 3223 2003 3265 nam
2030 3222 2115 3268 est
2134 3213 2225 3283 qui
2257 3192 2516 3287 scripsit?
2548 3218 2690 3288 quis,
2720 3192 2964 3290 inquam,
2988 3224 3116 3278 est?
3162 3223 3444 3283 Dominus.

198 3283 338 3338 ἐστιν
361 3279 546 3351 οὗτος,
579 3290 610 3342 ὁ
639 3289 735 3342 σὺν
766 3292 943 3364 Πατρὶ
971 3294 1066 3348 καὶ
1092 3296 1767 3371 Πνεύματιδοξαζόμενος;

196 3372 317 3436 Ναὶ,
353 3376 525 3447 φησίν
546 3394 558 3407 ·
592 3376 728 3432 άλλά
758 3380 856 3450 τῆς
892 3383 1203 3454 οἰκονομίας
1229 3385 1407 3451 τοῦτο,
1443 3389 1537 3442 καὶ
1568 3388 1662 3443 τοῦ
1695 3390 1769 3463 μὴ

196 3467 516 3538 νομισθῆναι
566 3469 682 3532 τοῖς
728 3473 1114 3544 χριστομάχοις
1160 3476 1424 3542 ἀντίθεος.
1482 3498 1505 3533 ‹
1552 3483 1642 3555 Μὴ
1678 3501 1767 3538 νο-

196 3550 382 3622 μίσητε
437 3553 574 3626 γάρ,
633 3557 817 3627 φησὶν,
869 3559 951 3614 ὅτι
1005 3558 1170 3633 ἦλθον
1222 3566 1524 3624 καταλῦσαι
1562 3550 1653 3626 τὸν
1683 3572 1771 3626 νό-

193 3658 289 3711 μον
328 3645 360 3716 ἧ
402 3647 541 3711 τοὺς
586 3651 901 3721 προφήταςα
942 3654 1044 3711 οὐκ
1082 3650 1246 3727 ἦλθον
1278 3660 1600 3727 καταλῦσαι,
1632 3664 1768 3721 ἀλλὰ

190 3735 501 3808 πληρῶσαι.
535 3759 554 3791 ι
592 3742 702 3796 Καὶ
726 3743 781 3796 τί
820 3741 968 3809 ξένον
1005 3748 1055 3801 εί
1082 3749 1111 3801 6
1140 3749 1392 3821 γέννησιν
1425 3754 1519 3808 καὶ
1558 3756 1765 3829 φάτνην

190 3829 278 3881 καὶ
311 3833 633 3904 σπάργανα,
665 3834 758 3888 καὶ
794 3837 1095 3911 περιτομὴν
1132 3842 1561 3916 καταδεξάμενος
1597 3848 1763 3902 ὀκτα-

187 3918 405 3991 ήμερον,
438 3925 543 3978 καὶ
576 3929 924 3999 παραστῆναι
954 3928 1134 3986 ἔναντι
1160 3934 1367 4005 Κυρίου
1396 3938 1538 3992 κατὰ
1567 3940 1658 3994 τὸν
1678 3942 1765 3996 νό-

188 4026 281 4078 μον
304 4014 527 4071 ἄνεισιν
553 4019 634 4082 είς
669 4020 1033 4094 Ἱεροσόλυμα*
1065 4024 1124 4089 ὅς
1152 4043 1215 4095 γε
1238 4028 1492 4085 τοσοῦτον
1515 4033 1616 4087 οὐκ
1640 4035 1761 4088 ἐπι-

183 4103 519 4162 καλύπτεται
546 4109 780 4176 τούτοις,
809 4113 890 4167 ὅτι
912 4115 1006 4168 καὶ
1025 4116 1104 4187 τῷ
1124 4119 1380 4192 Στεφάνῳ
1403 4120 1764 4179 λιθολευστου-

188 4194 325 4289 μένῳ
356 4200 499 4271 πρὸς
546 4201 819 4257 Ἰουδαίων
862 4206 928 4258 ὲκ
962 4207 1154 4275 δεξιῶν
1188 4211 1399 4266 ἑστῶτα
1428 4214 1521 4267 τοῦ
1550 4216 1761 4289 Πατρὸς

186 4281 467 4375 ἐμφανίζει
497 4292 715 4359 ἑαυτὸν,
743 4295 918 4349 καίτοι
951 4299 1070 4368 μονί
1077 4318 1184 4370 μην
1208 4301 1344 4373 ἔχων
1363 4305 1461 4375 τὴν
1486 4308 1550 4360 ὲκ
1573 4281 1760 4375 δεξίῶν

184 4374 367 4429 τούτου
401 4383 680 4457 καθέδραν
706 4388 799 4441 καὶ
828 4388 1181 4447 ἀδιάπτωτον.
1216 4412 1234 4445 ι
1267 4391 1401 4450 Eine
1420 4396 1549 4472 γὰρ,
1575 4402 1756 4473 φησὶν,

1870 3297 2066 3356 Nonne
2102 3317 2245 3358 unus
2286 3313 2448 3375 atque
2486 3306 2533 3362 is
2563 3306 2679 3376 ipse
2725 3313 2831 3373 est,
2883 3311 2975 3379 qui
3017 3328 3142 3366 cum
3187 3311 3349 3368 Patre
3391 3321 3450 3370 et

1877 3389 2084 3462 Spiritu
2123 3395 2489 3462 gloriﬁcatur?
2519 3397 2714 3465 Etiam,
2746 3402 2921 3473 inquit
2949 3422 2963 3471 ;
2993 3404 3087 3459 sed
3122 3405 3253 3463 illud
3299 3422 3449 3463 (nco-

1874 3486 2071 3541 nomiaa
2091 3496 2198 3554 est,
2234 3498 2289 3545 et
2316 3504 2387 3544 ne
2414 3488 2668 3546 Christus
2696 3493 2934 3549 inimicis
2969 3496 3085 3552 suis
3110 3512 3233 3554 esse
3259 3499 3447 3554 videa-

1874 3572 2282 3648 ιιιι·’άντίΘεος,
2335 3582 2389 3639 id
2440 3591 2545 3649 est,
2603 3583 2715 3641 Deo
2765 3587 3133 3647 adversarius.
3185 3609 3207 3644 ι
3265 3591 3445 3650 Nolite

1870 3670 2017 3726 enim
2064 3679 2291 3741 putare,
2355 3673 2561 3745 inquit,
2609 3676 2739 3747 quia
2790 3680 3032 3734 venerim
3088 3682 3301 3739 solvere
3363 3683 3443 3740 le-

1870 3776 1990 3831 gem
2033 3771 2128 3817 aut
2168 3763 2459 3834 prophetas
2503 3784 2516 3820 :
2550 3781 2660 3822 non
2703 3768 2827 3823 veni
2874 3770 3105 3838 solvere,
3145 3773 3238 3828 sed
3276 3774 3446 3829 adim-

1869 3854 2018 3924 plere
2040 3856 2103 3911 ¹¹.
2138 3875 2157 3909 ι
2211 3855 2354 3924 Quid
2394 3874 2560 3929 porro
2603 3861 2824 3928 mirum,
2858 3863 2904 3918 si
2957 3864 3006 3918 is
3048 3866 3143 3935 qui
3184 3868 3442 3922 nativita-

1868 3954 1998 4011 tem,
2045 3962 2308 4019 praasepe,
2358 3966 2593 4022 pannos,
2626 3954 3101 4013 circumcisionem
3152 3967 3279 4029 post
3322 3961 3441 4017 dies

1866 4045 1993 4094 octo
2018 4038 2256 4103 admisit,
2292 4041 2340 4098 is
2383 4043 2500 4113 ipse
2527 4045 2649 4101 sisli
2676 4043 2907 4102 Domino
2936 4051 3235 4106 secundum
3268 4052 3439 4123 legem

1866 4129 2096 4185 voluerit
2138 4132 2195 4187 in
2235 4132 2537 4192 Jerusalem
2573 4157 2587 4192 :
2622 4140 2713 4210 qui
2758 4147 2972 4197 tantum
3015 4143 3172 4199 abest
3212 4152 3273 4199 ut
3304 4145 3457 4216 ipsis

1864 4221 2034 4278 latere
2065 4225 2215 4290 velit,
2249 4237 2309 4281 ut
2337 4224 2614 4300 Stephano
2643 4248 2672 4286 a
2700 4232 2905 4292 Judaais
2934 4235 3193 4306 lapidato,
3222 4243 3378 4295 stans
3407 4254 3439 4293 a

1863 4313 2071 4372 dextris
2101 4315 2279 4375 Patris
2326 4322 2411 4377 sui
2450 4327 2801 4395 apparuerit;
2834 4342 3147 4400 quanquam
3186 4330 3437 4387 stabilem

1861 4415 2286 4481 perpetuamque
2314 4426 2345 4465 a
2374 4412 2579 4472 dextris
2604 4418 2722 4485 ejus
2764 4418 2925 4477 habet
2949 4407 3133 4477 sedem
3166 4437 3180 4474 :
3226 4441 3248 4476 ‹
3292 4422 3438 4478 Dixit

3470 4194 3523 4242 V

183 4466 211 4579 ἑ
253 4467 456 4540 Κύριος
506 4474 589 4542 τῷ
630 4477 821 4549 Κυρίῳ
885 4497 1012 4551 μου,
1058 4482 1241 4538 Κάθου
1286 4487 1351 4540 ὲκ
1394 4466 1596 4555 δεξιῶν*
1632 4466 1754 4563 μου,

1877 4466 1880 4474 .
1962 4466 1977 4478 .
2197 4466 2213 4481 ,
2610 4466 2720 4485 -,--
2764 4466 3133 4477 unum“...
3167 4466 3180 4474 .
3229 4466 3246 4476 .

1877 4496 2028 4561 enim,
2085 4498 2292 4570 inquit,
2342 4500 2601 4562 Dominus
2634 4506 2864 4564 Domino
2888 4527 3037 4579 meo,
3073 4511 3202 4569 sede
3235 4529 3265 4568 a
3298 4514 3435 4570 dex-

184 4555 284 4620 ἒως
322 4559 390 4614 ἂν
424 4560 507 4614 θῶ
539 4562 669 4626 τοὺς
702 4566 927 4640 ἐχθρούς
972 4588 1068 4626 σου
1103 4574 1391 4632 ὑποπόδιον
1435 4579 1545 4633 τῶν

2016 4555 2026 4561 ,
2161 4555 2177 4570 ,
2279 4555 2290 4564 .
2396 4555 2598 4562 ,κέ---η
2634 4555 2862 4564 --.πη-ν
2888 4555 3037 4579 ...νη
3073 4555 3202 4569 ,ιν-,ν
3235 4555 3265 4568 ..
3298 4555 3431 4570 ..νηί

1877 4585 1969 4641 tris
2011 4589 2147 4644 meis
2178 4607 2191 4643 :
2226 4592 2403 4648 donec
2432 4610 2628 4665 ponam
2672 4598 2928 4657 inimicos
2973 4610 3097 4660 tuos
3134 4604 3431 4660 scabellum

184 4664 292 4702 σου.
335 4670 354 4701 ι
408 4652 558 4706 Ἀλλ’
590 4654 767 4708 ἐκεῖνο
816 4659 914 4728 μὲν
956 4661 1069 4716 ἄνω
1110 4664 1204 4719 καὶ
1249 4666 1468 4735 θεῖκῶς,
1507 4671 1665 4727 τοῦτο
1704 4676 1760 4731 δὲ

182 4736 325 4791 κάτω
353 4741 450 4795 καὶ
475 4744 840 4814 οἰκονομικῶς
872 4747 961 4803 διὰ
990 4750 1088 4824 τὴν
1114 4754 1436 4829 πρόσληψιν,
1464 4763 1560 4815 καὶ
1585 4762 1674 4816 διὰ
1700 4766 1760 4819 τὸ

180 4832 512 4901 χρηματίσαι
535 4833 725 4887 τοῦτον
749 4836 881 4891 Θεὸν
901 4842 994 4895 καὶ
1015 4842 1319 4916 ἄνθρωπον,
1350 4849 1480 4920 μίαν
1503 4851 1562 4917 ἐξ
1582 4854 1758 4924 ἀμερο-

176 4919 342 5016 τέρων
368 4925 700 4980 ὑπόστασιν⁸
728 4929 820 4982 καὶ
849 4930 938 4985 διὰ
970 4937 1100 5006 μιᾶς
1122 4939 1328 5011 ταύτης
1353 4919 1527 5014 Ϋᾶμφω
1558 4919 1752 5016 ταῦτα,

177 5009 265 5062 καὶ
291 5009 422 5066 ὄντα
449 5016 548 5068 καὶ
577 5017 1001 5089 γνωριζόμενονο
1028 5024 1115 5078 ἵνα
1144 5030 1208 5098 τῇ
1240 5009 1493 5105 κοινωνία
1517 5034 1625 5088 τῶν
1654 5009 1756 5106 qui;

179 5114 309 5153 σεων
355 5106 454 5157 καὶ
496 5106 611 5158 τῶν
656 5109 871 5163 οίκείων
914 5112 1140 5181 ταύταις
1192 5119 1497 5191 ἰδιωμάτων
1549 5127 1754 5200 ῥᾴστην

177 5190 302 5260 ἡμῖν
322 5198 417 5253 καὶ
441 5201 867 5273 συντομωτάτην
902 5205 1002 5278 τὴν
1062 5190 1334 5283 σωτηρίαν
1393 5190 1756 5294 περιττοίήση-

174 5298 276 5341 ται.

243 5375 295 5432 5.
337 5397 360 5431 ι
404 5382 534 5437 Ὅτι
578 5384 689 5437 πᾶν
719 5384 886 5459 ἄρσεν
925 5387 1191 5460 διανοῖγον
1233 5398 1449 5469 μήτραν
1486 5400 1638 5471 ἅγιον
1668 5402 1752 5476 τῷ

1864 4679 2061 4748 pedum
2108 4692 2326 4738 tuorum
2380 4686 2443 4740 ι’.
2489 4707 2508 4738 ι
2568 4687 2675 4745 Sed
2714 4692 2848 4748 illud
2885 4694 3127 4764 quidem,
3172 4712 3430 4766 superne,

1860 4777 1914 4822 et
1954 4778 2140 4840 utpote
2181 4773 2324 4831 Deus
2354 4796 2369 4843 ;
2409 4776 2512 4833 hoc
2544 4790 2723 4837 autem
2758 4782 2969 4840 inferne
2997 4793 3053 4841 et
3083 4801 3181 4855 per
3217 4787 3528 4841 mcono-V"

1864 4860 2026 4914 iniam
2088 4874 2383 4935 assumpta;
2424 4876 2656 4934 naturae,
2701 4880 2757 4928 et
2809 4874 2954 4944 quod
3005 4876 3077 4931 sit
3129 4892 3239 4931 una
3288 4875 3433 4933 Deus

1859 4957 2024 5022 atque
2072 4944 2236 5012 homo
2278 4967 2380 5014 :et
2427 4977 2535 5017 una
2578 4979 2645 5019 ex
2697 4973 2931 5036 utroque
2976 4969 3286 5040 hypostasis
3321 4989 3334 5026 :
3364 4985 3430 5028 ac

1859 5060 1957 5114 per
1986 5062 2147 5101 unam
2179 5049 2326 5103 illam
2359 5051 2729 5129 (hypostasin)
2762 5066 3054 5131 utrumque
3090 5077 3214 5118 esse
3236 5063 3430 5133 digno-

1856 5136 2030 5191 scitur
2061 5156 2077 5205 ;
2111 5147 2172 5193 ut
2208 5149 2527 5199 naturarum
2550 5149 2956 5215 communione,
2989 5157 3151 5218 atque
3180 5153 3430 5222 proprie-

1855 5234 2029 5283 tatum
2071 5230 2140 5286 iis
2185 5236 2636 5305 competentium,
2671 5236 2986 5294 facillimam
3016 5241 3176 5297 nobis
3207 5256 3274 5297 ac
3303 5243 3431 5299 bre-

1858 5318 2087 5376 vissimo
2113 5326 2441 5396 compendio
2468 5328 2698 5384 salutem
2731 5329 3075 5385 conciliaret.

1928 5409 1981 5466 5.
2028 5430 2047 5463 ‹
2094 5412 2233 5480 Quia
2258 5429 2421 5471 omne
2447 5418 2812 5474 masculinum
2839 5418 3165 5492 adaperiens
3197 5425 3431 5493 vulvam.

238 5534 259 5566 ’
295 5535 442 5594 Psal.
481 5554 688 5608 Lxxsi,
722 5540 778 5596 ε.
856 5543 900 5577 ⁸⁸⁵
937 5542 1093 5600 Joan.
1132 5562 1236 5613 xx,
1278 5549 1365 5604 17.
1444 5554 1487 5586 ⁸⁸
1527 5554 1692 5614 Hebr.
1733 5572 1772 5612 ιι

1877 5562 1916 5627 l,
1953 5563 2040 5619 12.
2118 5567 2162 5598 ³³
2203 5566 2393 5625 Matth.
2431 5587 2487 5638 v,
2523 5571 2610 5627 i7.
2691 5572 2735 5605 “
2772 5573 2920 5631 Psal.
2959 5591 3070 5642 cur,
3105 5576 3156 5631 l.

239 5690 644 5778 (ii-ultanﬁeg.
793 5696 1472 5778 ’quoﬁvndeest_in__neg.
1523 5710 1572 5765 l.
1617 5713 1740 5769 Mox

176 5755 299 5831 Iug.
332 5755 390 5831 ε,
424 5755 665 5835 sum}.
700 5765 832 5838 iicg.
857 5755 891 5823 ἰ
920 5780 973 5825 et
1002 5755 1553 5849 εοιιιιέοιέξιιῆὲξζγεῖ

1921 5719 2034 5790 (18)
2073 5721 2276 5795 Κύριος
2304 5724 2458 5783 deest
2484 5726 2539 5782 in
2570 5726 2700 5799 Reg.
2725 5727 2783 5783 2.
