4022 6382
589 391 697 451 979

1714 383 1775 440 s.
1814 380 2279 438 ATHANASIUS.
2319 411 2385 425 .-
2428 353 2700 438 SPURIA.
3531 418 3537 433 .
3738 381 3818 438 930

599 514 850 565 sanctum
886 504 1115 559 Domino
1141 502 1421 558 vocabitur
1451 503 1514 557 “.
1540 518 1560 554 ι
1585 499 1726 567 Quid
1750 515 1903 573 ergo,
1923 515 1993 555 an
2026 513 2155 556 san-

2264 498 2450 571 Κυρίῳ
2474 497 2821 570 κληθήσεται.
2864 516 2882 550 ι
2907 496 2973 550 Τί
2998 488 3113 562 οὖν,
3136 498 3244 560 πᾶς
3273 496 3630 570 πρωτότοκος
3652 495 3816 565 am;

597 608 721 656 ctus
750 597 930 654 omnis
956 595 1389 667 primogenitus?
1418 593 1604 650 Restat
1632 594 1817 664 igitur.
1848 601 1907 648 ut
1937 593 2156 656 lsmael,

600 692 764 754 Esau,
796 699 850 746 et
880 695 1005 744 ante
1028 688 1152 743 illos
1182 685 1340 754 Cain,
1365 687 1625 758 multique
1653 686 1745 740 alii
1770 684 1878 741 Deo
1908 686 2067 741 invisi
2095 699 2161 740 ac

600 778 874 834 maledicti
909 778 1176 842 homines,
1200 776 1348 849 quod
1388 777 1548 848 primi
1570 778 1785 831 vulvam
1820 777 2157 847 aperuerint,

600 869 770 925 sancti
802 867 1031 924 Domino
1050 875 1337 925 vocentur.
1364 866 1545 936 Ecqua
1566 868 1634 922 de
1661 883 1828 922 causa
1852 867 1919 922 de
1937 866 2162 922 lsmaele

598 958 800 1014 dicitur
840 977 855 1014 ε
896 976 917 1011 ι
951 957 1101 1029 Ejice
1130 960 1381 1014 ancillam
1424 967 1477 1013 et
1515 959 1682 1013 lilium
1716 960 1836 1029 ejus
1873 960 1957 1013 ‘5?
1990 978 2009 1011 ι
2047 958 2162 1013 Cur

595 1049 662 1103 de
684 1048 826 1105 Esau
849 1066 864 1101 :
889 1066 909 1102 ι
933 1048 1103 1105 Jacob
1124 1048 1312 1113 dilexi,
1328 1049 1469 1104 Esau
1496 1056 1675 1104 autem
1702 1049 1828 1103 odio
1847 1049 2009 1104 habui
2034 1048 2116 1101 “‘l
2136 1067 2155 1103 ι

596 1142 727 1209 Qua:
753 1155 920 1198 causa
948 1140 1070 1206 fuit,
1096 1141 1144 1197 si
1168 1149 1391 1198 sanctus
1417 1140 1551 1196 Cain
1576 1140 1804 1196 Domino
1831 1148 1969 1203 erat,
2016 1140 2160 1210 quod

596 1243 697 1300 pro
723 1229 873 1285 caede
909 1229 1119 1295 fratris,
1150 1232 1352 1302 septies
1378 1231 1512 1287 ultio
1540 1232 1609 1287 ab
1648 1246 1714 1287 eo
1751 1232 2163 1301 reposceretur?

599 1320 655 1375 Si
690 1336 853 1377 omne
885 1323 1251 1378 masculinum
1289 1321 1613 1393 adaperiens
1642 1323 1878 1388 vulvam,
1911 1330 2159 1377 sanctum

601 1411 831 1469 Domino
847 1408 1168 1481 vocabitur;
1198 1412 1326 1483 quid
1356 1414 1479 1484 plus
1519 1412 1680 1469 habet
1704 1414 1975 1472 Christus.
1997 1428 2160 1485 quam

599 1503 831 1559 Ruben?
861 1502 1002 1570 Quid
1041 1504 1273 1574 amplius
1315 1506 1392 1560 illi
1432 1520 1595 1577 quam
1634 1506 1911 1561 Amuoni?
1941 1504 2073 1559 Nam
2106 1511 2161 1562 et

601 1596 707 1665 ipsi
744 1611 964 1667 quoque
1006 1598 1185 1666 primo
1234 1605 1394 1668 partu
1444 1597 1598 1661 editi,
1641 1597 1858 1652 vulvam
1909 1596 2163 1651 videntur

601 1685 906 1754 aperuisse.
949 1683 1055 1739 Sed
1094 1699 1224 1740 cave
1254 1701 1321 1740 ne
1351 1684 1645 1740 ferventius
1675 1686 1818 1740 circa
1849 1684 2162 1756 Scripturas

603 1774 836 1839 insilias,
886 1788 952 1828 ac
1001 1774 1216 1845 longius
1259 1791 1290 1830 a
1338 1782 1481 1830 meta
1521 1791 1802 1831 excurras.
1831 1773 1951 1831 Non
1993 1775 2158 1842 enim,

2261 590 2372 662 (19)
2412 591 2549 662 Ὦρα
2585 606 2667 643 σοι
2706 588 2911 656 λοιπὸν,
2955 588 3050 642 καὶ
3090 587 3331 660 Ἰσμαὴλ,
3365 591 3461 642 καὶ
3511 587 3713 650 Ἡσαῦ,
3745 588 3818 640 καὶ

2259 681 2366 754 πρὸ
2394 680 2599 735 τούτων
2636 682 2726 735 τὸν
2762 681 2924 745 Κάῖν,
2958 681 3052 734 καὶ
3097 678 3323 742 πολλοὺς
3355 678 3555 741 ἄλλους
3584 678 3694 730 τῶν
3724 677 3816 730 θεο-

2261 772 2474 841 στυγῶν
2498 789 2557 825 τε
2581 773 2674 826 καὶ
2691 771 3083 843 κατηραμένων
3107 770 3334 841 ἀνδρῶν,
3357 768 3439 837 τῷ
3458 768 3714 839 πρώτους
3727 765 3799 837 (20

2260 869 2455 932 αὐτοὺς
2485 866 2742 932 διανοῖξαι
2785 867 3015 938 μήτραν,
3053 865 3237 933 ἁγίους
3281 863 3363 935 τῷ
3405 864 3606 935 Κυρίῳ
3633 861 3813 916 καλεῖν.

2259 959 2370 1014 Καὶ
2393 960 2537 1022 τίνος
2563 959 2723 1030 χάριν
2752 958 2966 1026 λέγεται
2994 957 3122 1026 περὶ⁸
3154 955 3397 1026 Ἰσμαὴλ,
3433 956 3517 1008 ὅτι
3547 974 3568 1006 ι
3606 954 3816 1008 Ἔκϐαλε

2256 1048 2356 1121 τὴν
2387 1048 2675 1119 παιδίσκην
2705 1048 2801 1102 καὶ
2832 1046 2922 1101 τὸν
2955 1047 3067 1100 υἱὸν
3094 1047 3295 1116 αὐτῆς
3334 1065 3354 1098 ι
3395 1045 3527 1116 περὶ
3547 1043 3608 1096 δὲ
3646 1042 3814 1105 Ἠσαῦ,

2259 1139 2341 1192 ὅτι
2374 1159 2392 1191 ‹
2421 1139 2523 1192 Τὸν
2539 1137 2731 1192 Ἰακὼϐ
2758 1138 3038 1208 ἠγάπησα,
3076 1135 3165 1190 τὸν
3196 1136 3253 1188 δὲ
3300 1134 3473 1188 Ἦσαῦ
3504 1132 3771 1204 ἐμίσησας
3797 1150 3813 1183 ι

2260 1229 2415 1294 Τίνος
2444 1228 2499 1282 δὲ
2527 1228 2706 1300 χάριν,
2736 1231 2783 1282 εί
2812 1229 2963 1297 ἅγιος
2991 1223 3059 1299 ἦν
3085 1227 3162 1298 τῷ
3184 1228 3374 1298 Κυρίῳ
3395 1227 3423 1278 ὁ
3450 1224 3619 1290 Κάῖν,
3650 1226 3739 1278 ἐπὶ
3756 1224 3817 1295 τῷ

2258 1320 2447 1375 τούτου
2486 1322 2630 1392 φόνῳ
2664 1320 2803 1374 ἑπτὰ
2850 1319 3205 1390 ὲκδικούμενα
3251 1317 3587 1388 παρελύετος
3630 1318 3695 1370 Εἰ
3729 1318 3817 1370 πᾶν

2260 1416 2423 1488 ἄρσεν
2452 1415 2717 1485 διανοῖγον
2744 1417 2955 1487 μήτραν
2974 1415 3125 1484 ἆγιον
3156 1415 3233 1486 τῷ
3258 1415 3450 1487 Κυρίῳ
3482 1414 3816 1486 κληθήσεται,

2259 1510 2314 1562 τί
2343 1509 2502 1562 πλέον
2532 1508 2646 1579 ἔχει
2675 1510 2911 1581 Χριστὸς
2941 1508 3034 1563 τοῦ
3073 1508 3327 1579 Ῥουϐίμ;
3364 1508 3430 1561 Τί
3465 1508 3522 1561 δὲ
3554 1508 3618 1561 τὸ
3653 1524 3820 1578 περισ·

2262 1601 2353 1654 σὸν
2378 1601 2566 1655 τούτου
2594 1602 2730 1673 πρὸς
2763 1602 2854 1656 τὸν
2898 1599 3109 1672 Ἀμνὼν
3134 1600 3277 1672 (21);
3308 1599 3404 1654 καὶ
3434 1600 3547 1671 γάρ
3573 1601 3672 1653 καὶ
3694 1593 3820 1652 οὗτοι

2260 1691 2468 1757 δόξαιεν
2512 1692 2598 1755 ἂν,
2642 1692 2721 1762 τῷ
2768 1693 2998 1765 πρώτως
3051 1692 3436 1763 ἀππεχθῆναι,
3482 1693 3821 1763 μήτρανπως

2262 1783 2538 1849 διανοῖξαι.
2585 1784 2721 1837 Ἀλλ’
2752 1786 2873 1856 ὅρα,
2907 1784 2981 1856 μὴ
3008 1784 3221 1857 θερμῶς
3250 1784 3379 1857 ᾀττε
3408 1784 3539 1857 περὶ
3562 1784 3632 1837 τὰ
3653 1785 3819 1855 Γράμ-

605 1869 800 1940 inquit,
835 1870 909 1924 ita
933 1869 1046 1924 dixi
1074 1886 1091 1924 :
1125 1868 1298 1925 Omne
1324 1871 1737 1941 primogenitum
1771 1877 2021 1924 sanctum
2059 1868 2165 1923 Do-

2268 1847 2563 1947 ματαξκαὶ
2602 1875 2677 1948 μὴ
2708 1847 3028 1949 πόρρῳπῆς
3056 1847 3581 1948 νθσσήςάπάτρεχε.
3618 1847 3710 1929 Οὐ·
3730 1847 3822 1945 γάρ

609 1960 760 2015 mino
788 1960 1073 2015 vocabitur
1106 1980 1120 2016 :
1150 1960 1393 2031 alioquin
1428 1961 1496 2017 ad
1537 1962 1752 2016 brutam
1798 1976 1971 2031 usque
1998 1968 2161 2015 natu-

604 2067 720 2107 ram
764 2053 1027 2109 sanctitas
1065 2060 1409 2123 permearet:
1446 2052 1541 2110 sed
1578 2072 1591 2108 :
1629 2072 1648 2106 ι
1689 2053 1860 2107 Omne
1904 2053 2164 2108 masculi-

602 2159 735 2198 num
766 2144 1021 2215 aperiens
1057 2144 1274 2201 vulvam
1313 2164 1330 2201 :
1378 2163 1397 2197 ι
1440 2143 1669 2212 Quando
1711 2145 1920 2201 scilicet
1957 2145 2165 2214 absque

599 2235 893 2290 concubitu
928 2243 1118 2307 partus
1151 2236 1394 2291 evenerit
1435 2254 1448 2289 :
1486 2251 1608 2291 cum
1648 2251 1756 2290 non
1786 2252 1852 2290 ex
1882 2235 2163 2305 sanguini-

599 2326 722 2391 bus,
769 2341 946 2398 neque
992 2342 1058 2382 ex
1108 2326 1275 2398 358
1319 2327 1595 2382 voluntate
1644 2328 1747 2382 viri
1797 2328 1883 2392 ﬂ;
1948 2327 2043 2383 sed
2097 2343 2163 2382 ex

600 2418 807 2490 Spiritu
836 2428 1030 2475 sancto
1067 2418 1211 2475 fetus
1245 2419 1518 2489 susceptio
1547 2417 1711 2472 fuerit
1739 2439 1751 2474 :
1785 2435 1907 2473 cum
1948 2418 2165 2473 nemine

599 2510 734 2565 foris
782 2510 1058 2580 pulsante,
1103 2508 1286 2566 infans
1326 2510 1443 2580 ipse
1481 2509 1629 2564 intus
1668 2512 1942 2579 aperuerit
1986 2528 1999 2563 :
2040 2524 2162 2565 cum

597 2604 929 2673 virginitatis
965 2604 1263 2676 signaculis
1302 2611 1465 2674 atque
1505 2602 1695 2672 septis,
1729 2602 1976 2658 infractis
2017 2604 2165 2658 intus

597 2697 963 2763 conservatis,
983 2698 1130 2753 foras
1150 2696 1292 2753 fetus
1304 2695 1567 2752 exsilierit
1586 2712 1599 2748 :
1619 2696 1697 2752 sic
1713 2696 1895 2764 utique
1914 2712 1929 2749 :
1954 2714 1972 2747 ι
1994 2692 2167 2751 Omne

598 2788 964 2846 masculinum
1025 2787 1345 2859 adaperiens
1389 2786 1601 2841 vulvam
1641 2795 1887 2843 sanctum
1940 2785 2205 2863 Domino.

598 2880 903 2936 vocabitur.
940 2900 960 2933 ι
988 2880 1122 2935 Nam
1164 2880 1277 2936 illic
1309 2879 1527 2950 quidem
1555 2894 1665 2934 non
1702 2877 1941 2933 infantes
1978 2879 2167 2934 vulvas

600 2973 953 3046 adaperuere,
976 2975 1069 3029 sed
1101 2973 1202 3028 viri
1231 2990 1355 3028 cum
1385 2973 1611 3028 muliere
1634 2986 1978 3042 congressus.
2007 2969 2164 3038 Nam,

603 3083 625 3119 ι
656 3066 945 3138 cognovit,
984 3067 1180 3137 inquit,
1242 3065 1412 3121 Adam
1463 3064 1629 3120 Evam
1685 3079 1907 3121 uxorem
1968 3080 2164 3130 suam,

2260 1968 2436 2033 τοῦτο,
2480 1971 2664 2041 φησὶν,
2702 1964 2874 2036 εἷπον,
2924 1970 3004 2023 ὅτι
3041 1971 3156 2024 Πᾶν
3197 1969 3544 2043 πρωτότοκον
3580 1969 3731 2039 ἆγιον
3757 1966 3822 2039 τῷ

2260 2062 2452 2133 Κυρίῳ
2498 2062 2851 2135 κληθήσεται’
2900 2061 2934 2133 ἢ
2982 2063 3086 2134 γὰρ
3132 2061 3199 2116 ἂν
3243 2060 3388 2115 οὕτω
3434 2062 3532 2115 καὶ
3575 2061 3711 2131 πρὸς
3740 2058 3822 2128 τὴν

2261 2152 2452 2221 ἄλογον
2481 2153 2640 2222 φύσιν
2667 2155 2700 2224 ἡ
2726 2153 2948 2224 ἁγιότης
2969 2153 3251 2207 διέϐαινεν·
3282 2152 3399 2207 ἀλλ’
3423 2153 3510 2206 ὅτι
3532 2154 3651 2206 Πᾶν
3677 2152 3821 2222 ἄρσεν

2261 2242 2526 2311 διανοῖγον
2568 2246 2797 2315 μήτραψ
2835 2244 3130 2306 τουτέστιν,
3177 2244 3345 2297 Ὅταν
3380 2242 3767 2317 ὰπὲρογάμως
3796 2242 3821 2293 ό

2260 2333 2419 2397 τόκος
2448 2334 2641 2405 προϐῇ·
2671 2335 2799 2387 ὅταν
2823 2335 2923 2387 οὐκ
2956 2333 3013 2400 ἐξ
3046 2333 3314 2405 αἱμάτων,
3352 2333 3475 2385 οὐδὲ
3510 2335 3575 2386 ὲκ
3608 2332 3822 2402 θελήμαο

2261 2442 2353 2489 τος
2388 2424 2607 2494 σαρκὸς,
2635 2425 2755 2478 οὐδὲ
2784 2427 2847 2477 ἐκ
2876 2423 3176 2494 θελήματος
3205 2421 3418 2495 ἀνδρὸς,
3446 2423 3561 2476 ἀλλ’
3595 2421 3654 2487 ἐξ
3686 2422 3818 2489 άγίου

2263 2511 2402 2567 Πνεύ
2411 2530 2577 2584 ματος
2606 2515 2639 2585 ἡ
2667 2512 2760 2567 τοῦ
2782 2514 3099 2583 τικτομένου
3120 2512 3345 2584 γένηται
3370 2511 3665 2583 σύλληψις
3692 2512 3817 2569 ὅταν,

2268 2604 2494 2676 μηδενὸς
2531 2603 2728 2671 ἔξωθεν
2760 2604 3110 2676 κρούσαντος,
3149 2603 3281 2658 αὐτὸ
3312 2605 3372 2657 τὸ
3414 2604 3616 2674 βρέφος
3644 2600 3819 2654 ἔσωθεν

2263 2694 2522 2767 διανοίξῃο
2563 2697 2711 2759 ὅταν,
2744 2695 2845 2767 τῆς
2862 2694 3531 2773 ααρἚΞΞκῙ-εφρααέδων
3567 2694 3663 2747 καὶ
3698 2690 3819 2745 κλεί-

2265 2788 2408 2860 θρων
2433 2787 2745 2860 ἀσαλεύτων
2770 2781 3185 2860 φῦἧαῖτομένων
3205 2787 3436 2852 ἔνδοθεν,
3460 2787 3568 2854 ἔξω
3589 2786 3648 2840 τὸ
3666 2781 3822 2838 τικτό-

2269 2856 2429 2952 μενον
2455 2856 2761 2954 ὲκῖδήψ’
2783 2856 2931 2935 οὕτω
2958 2899 2977 2932 ι
3011 2856 3127 2933 Πᾶν
3152 2879 3315 2950 ἄρσεν
3334 2878 3606 2947 διανοῖγον
3631 2876 3819 2948 μήτραν

2266 2974 2419 3043 ἄγιον
2447 2972 2525 3044 τῷ
2543 2975 2738 3045 Κυρίῳ
2762 2974 3110 3045 κληθήσεται.
3138 2992 3158 3025 ι
3191 2970 3338 3025 Ἐκεῖ
3368 2972 3466 3043 μὲν
3496 2970 3607 3042 γὰρ
3631 2969 3741 3023 οὐδὲ
3762 2964 3821 3018 τὰ

2269 3066 2442 3139 βρέφη
2474 3065 2576 3130 τὰς
2611 3068 2819 3138 μήτρας
2847 3064 3129 3160 διήέιξεν,
3155 3064 3271 3119 ἀλλ’
3301 3066 3336 3135 ἡ
3365 3063 3459 3117 τοῦ
3497 3062 3686 3134 ἀνδρὸς
3705 3057 3821 3160 πρὸς

601 3173 721 3228 quae
751 3160 1004 3229 concepit
1047 3168 1100 3213 et
1139 3158 1348 3230 peperit
1373 3156 1507 3212 Cain
1541 3155 1609 3211 η.
1655 3175 1674 3208 ι
1715 3153 1813 3210 Hic
1847 3163 2026 3212 autem
2055 3172 2162 3212 non

2264 3158 2365 3230 τὴν
2409 3161 2644 3227 γυναῖκα
2697 3149 3002 3222 συνέλευᾶς
3034 3175 3049 3189 ·
3106 3174 3126 3208 ι
3184 3157 3366 3226 Ἔγνω
3444 3154 3557 3226 γὰρ
3577 3194 3593 3217 ,
3656 3149 3819 3243 φησὶν.

600 3251 749 3316 item,
796 3250 893 3306 sed
941 3250 1060 3320 ipse
1109 3249 1271 3316 fetus,
1318 3251 1491 3307 vulva:
1537 3249 1682 3306 fores
1733 3250 1967 3320 aperuit,
2016 3250 2167 3306 nullo

598 3357 765 3413 egens
794 3341 1040 3398 exterius
1067 3344 1273 3399 carnali
1310 3342 1628 3397 concubitu.
1681 3340 1894 3395 Etenim
1917 3383 1931 3405 ,
1979 3360 1998 3393 ι
2054 3341 2167 3396 An-

601 3444 817 3504 tequam
849 3473 866 3500 ,
915 3434 1136 3506 inquit,
1208 3436 1599 3500 convenirent,
1683 3435 1903 3489 inventa
1953 3442 2037 3490 est
2111 3435 2167 3489 in

600 3534 757 3581 utero
798 3525 1010 3580 habens
1046 3524 1115 3580 de
1156 3524 1359 3596 Spiritu
1396 3532 1588 3580 sancto
1615 3525 1679 3578 ¹⁹.
1720 3542 1739 3576 ι
1770 3522 1923 3578 Licet
1953 3538 2169 3594 quoque

599 3612 817 3667 brevius
854 3628 1043 3669 vocem
1079 3613 1333 3685 excipere
1373 3625 1535 3684 atque
1572 3613 1942 3685 interpretari,
1977 3612 2169 3669 subin-

603 3702 900 3773 telligendo
944 3703 1293 3761 extrinsecus
1335 3724 1353 3756 ι
1387 3703 1629 3775 Virginis
1672 3724 1691 3757 ι
1735 3720 1945 3769 vocem,
1991 3712 2051 3758 ut
2088 3703 2170 3761 sic

598 3804 1005 3867 consequenter
1061 3797 1451 3867 intelligatur:
1499 3815 1518 3849 ι
1577 3797 1750 3853 Omne
1803 3798 2166 3854 masculinum

600 3888 920 3958 adaperiens
947 3891 1162 3944 vulvam
1195 3891 1480 3961 virginem,
1511 3898 1765 3945 sanctum
1806 3890 2034 3947 Domino
2073 3906 2169 3945 vo-

600 3980 830 4035 cabitur.
896 4000 915 4033 ι
967 3980 1122 4046 Quod
1171 3982 1226 4036 in
1278 3981 1499 4036 Christo
1553 3983 1731 4037 solum
1783 3983 2002 4047 accidit,
2044 3997 2166 4037 cum

602 4073 806 4127 nemini
841 4072 933 4127 alii
962 4074 1014 4127 id
1039 4088 1327 4129 commune
1358 4073 1543 4130 fuerit.
1575 4072 1697 4144 Ipse
1738 4090 1974 4145 namque
2018 4076 2169 4131 solus

602 4161 880 4232 Virginem
904 4164 1123 4218 vulvam
1156 4165 1213 4218 in
1242 4180 1409 4221 carne
1438 4165 1716 4221 nascendo
1743 4168 1955 4235 aperuit
1990 4187 2004 4221 :
2028 4182 2172 4222 eam-

603 4269 710 4324 que
747 4255 876 4310 item
914 4254 1215 4327 Virginem,
1254 4265 1315 4312 ut
1353 4265 1479 4313 ante
1509 4265 1726 4328 partum
1765 4265 1902 4326 erat,
1942 4273 2170 4315 conser-

601 4345 768 4401 vavit.

2279 3248 2448 3320 ’Δδὰμ
2489 3247 2633 3303 Εὕαν
2675 3248 2774 3322 τὴν
2820 3251 3054 3319 γυναῖκα
3100 3247 3300 3313 αὑτοῦ,
3355 3246 3451 3301 καὶ
3510 3240 3823 3300 συλλαϐοῦσα

2268 3339 2422 3394 ἔτεκε
2447 3339 2539 3393 τὸν
2565 3340 2727 3394 Κάῖν.
2764 3360 2784 3393 ›
2832 3338 3095 3394 Ἐνταῦθα
3122 3338 3179 3392 δὲ
3213 3339 3311 3409 οὐχ
3340 3337 3537 3401 οὕτως,
3567 3335 3679 3390 ἀλλ’
3712 3329 3825 3387 αὐτὸ

2266 3432 2328 3486 τὸ
2351 3432 2543 3504 τεχθὲν
2567 3432 2667 3496 τὰς
2687 3432 2789 3503 τῆς
2821 3433 3034 3503 μήτρας
3062 3430 3291 3502 διήνοιξε
3321 3429 3517 3494 πύλας,
3558 3428 3690 3499 μηδὲ
3715 3424 3825 3497 μιᾶς

2269 3521 2597 3594 προσδεηθὲν
2643 3522 2909 3592 σαρκικῆς
2946 3519 3274 3590 συμφωνίας
3321 3518 3430 3572 ἀπὸ
3475 3519 3587 3571 τῶν
3628 3515 3821 3582 ἔξωθεν.

2274 3632 2294 3666 ι
2346 3614 2483 3685 Πρὶν
2531 3612 2565 3685 ἦ
2609 3612 2737 3686 γὰρ,
2786 3612 2939 3683 φησὶ,
2988 3610 3256 3664 συνελθεῖν
3305 3610 3524 3674 αὐτοὺς,
3553 3608 3742 3681 εὑρέθη
3777 3606 3825 3657 ὲν

2268 3705 2468 3775 γαστρί¹
2516 3702 2711 3774 ἔχουσα
2759 3706 2824 3758 ἐκ
2869 3702 3187 3774 Πνεύματος
3231 3702 3408 3771 ἁγίου.
3452 3722 3471 3754 ι
3519 3701 3746 3755 Δύνασαι
3775 3697 3824 3750 δὲ

2269 3798 2364 3851 καὶ
2395 3795 2506 3866 (22)
2544 3795 3058 3867 συνεκδοχικὼτερον
3097 3794 3195 3863 τὴν
3238 3793 3421 3865 φωνὴν
3458 3793 3707 3847 ἐκλαϐεῖν
3738 3788 3825 3857 τῆς

2270 3889 2573 3960 Παρθένου,
2593 3887 2789 3953 ἔξωθεν
2810 3885 3268 3958 συνακουομένης,
3293 3886 3360 3939 ἵν’
3382 3884 3495 3960 τὸ
3514 3883 3821 3957 ἑξῆς-οὓτως·

2275 3998 2295 4031 ι
2327 3981 2443 4034 Πᾶν
2483 3979 2647 4050 ἄρσεν
2685 3980 2952 4048 διανοῖγον
2996 3980 3208 4051 μήτραν
3253 3978 3542 4049 παρθένον,
3578 3977 3725 4045 ἅγιον
3759 3966 3827 4039 τῷ

2268 4073 2461 4144 Κυρίῳ
2490 4070 2839 4144 κληθήσεται.
2877 4091 2898 4124 ι
2933 4073 3107 4145 Ὅπερ
3145 4073 3304 4144 μόνον
3338 4072 3449 4143 (25)
3484 4073 3577 4125 ἐπὶ
3612 4062 3827 4142 Χριστοῦ

2270 4165 2607 4235 πέπρακται,
2634 4164 2857 4236 μηδενὸς
2881 4164 3039 4220 ἄλλου
3070 4167 3178 4219 τῶν
3209 4166 3428 4219 πάντων
3460 4157 3829 4230 κεκοινωνηκό-

2270 4274 2365 4320 τος
2396 4256 2476 4327 τῷ
2504 4257 2767 4327 χρήματι.
2800 4257 2978 4320 Μόνος
3006 4259 3115 4329 γὰρ
3151 4254 3301 4321 οὗτος
3334 4257 3603 4328 παρθένον
3637 4256 3869 4326 μήτρανι

2276 4339 2688 4416 σαρκὶ’τεχθεὶς
2712 4344 2992 4417 ὲξανέῳξεο
3019 4347 3113 4399 καὶ
3142 4345 3303 4400 πάλιν
3331 4346 3538 4417 ταύτην
3563 4343 3826 4415 παρθένονν

2270 4436 2346 4500 ὡς
2365 4436 2471 4509 πρὸ
2497 4435 2588 4488 τοῦ
2616 4436 2799 4500 τόκου,
2829 4437 3145 4509 τεεῄρῃκεν.

674 4522 729 4580 6.
785 4543 806 4577 ι
864 4523 927 4580 Et
982 4534 1041 4580 ut
1097 4526 1292 4582 darent
1350 4526 1610 4592 hostiam,
1667 4527 1968 4584 secundum
2026 4531 2165 4601 quod

2346 4529 2402 4583 6.
2450 4547 2468 4580 ι
2499 4528 2610 4582 Καὶ
2635 4529 2730 4583 τοῦ
2765 4509 2948 4584 δοῦναι
2976 4509 3172 4584 θυσίαν
3200 4529 3339 4584 κατὰ
3381 4530 3443 4583 τὸ
3473 4524 3752 4599 εἰρημένον
3778 4524 3828 4573 ὲν

599 4611 809 4667 dictum
861 4622 946 4670 est
997 4616 1053 4669 in
1106 4616 1223 4687 lege
1265 4615 1482 4672 Domini
1520 4634 1535 4671 :
1582 4632 1682 4688 par
1726 4626 2023 4686 turturum,
2077 4630 2165 4676 aut

2278 4620 2429 4692 νόμῳ
2463 4621 2689 4693 Κυρίου’
2724 4621 2916 4690 ζεῦγος
2944 4624 3239 4694 τρυγόνων,
3268 4622 3301 4689 ἢ
3340 4617 3433 4671 δύο
3467 4618 3716 4679 νεοσσοὺς
3743 4630 3830 4665 πε-

600 4704 743 4761 duos
773 4706 952 4778 pullos
982 4708 1356 4763 columbarum
1389 4709 1457 4765 '°.
1495 4728 1514 4762 ι
1543 4708 1684 4778 Quid
1722 4711 1890 4765 vero?
1924 4710 2165 4774 Etiamne

2283 4713 2566 4785 ριστερῶν.
2615 4732 2635 4766 ι
2685 4715 2751 4768 Τί
2797 4714 2887 4780 δὲ;
2954 4715 3065 4768 Καὶ
3125 4711 3323 4786 θυσίας.
3359 4707 3504 4762 κατὰ
3547 4708 3636 4762 τὸν
3684 4705 3831 4775 νόμον

603 4799 815 4855 hostias
879 4800 1180 4859 secundum
1251 4800 1421 4872 legem
1501 4802 1743 4857 obtulit?
1801 4801 1983 4874 Ecqua
2040 4820 2165 4875 ergo

2277 4807 2575 4878 ἀνήνεγκε;
2603 4806 2714 4859 Καὶ
2758 4806 2875 4871 πῶς
2906 4822 3069 4877 φησιν
3096 4806 3124 4858 ὁ
3152 4802 3381 4866 Παῦλος,
3420 4803 3503 4855 ὅτι
3543 4821 3562 4853 ι
3601 4795 3831 4855 Τοιοῦτος

602 4892 816 4947 ratione
850 4891 1054 4949 Paulus
1090 4894 1165 4948 ait
1198 4912 1211 4949 :
1255 4913 1272 4946 ι
1309 4893 1459 4951 Talis
1489 4894 1718 4951 decebat
1749 4902 1807 4950 ut
1836 4896 1996 4951 nobis
2026 4905 2165 4954 esset

2283 4899 2416 4969 ἡμῖν
2461 4897 2698 4970 ἔπρεπεν
2746 4899 3057 4970 ἀρχιερεὺς,
3102 4897 3160 4959 ὃς
3192 4896 3290 4948 οὐκ
3327 4894 3437 4964 ἔχει
3481 4890 3602 4946 καθ’
3642 4888 3833 4960 ἡμέραν

604 4982 849 5052 pontifex
901 4984 997 5054 qui
1053 4999 1163 5040 non
1204 4983 1429 5041 haberet
1466 4988 1851 5043 necessitatem
1889 4988 2165 5059 quotidie,

2281 4988 2550 5061 ἀνάγκην,
2596 4987 2784 5057 ὥσπερ
2828 4990 2877 5041 ei
2920 4990 3214 5061 ἀρχιερεῖς,
3257 4985 3520 5057 πρότερον
3568 4982 3703 5051 ὑπὲρ
3737 4974 3835 5028 τῶν

603 5077 1066 5146 quemadmodum
1101 5077 1409 5149 pontifices,
1448 5079 1601 5149 prius
1639 5095 1738 5150 pro
1791 5082 1908 5139 suis
1958 5080 2165 5138 delicti

2286 5082 2430 5136 ἰδίων
2481 5081 2765 5154 ἁμαρτιῶν
2812 5080 2999 5145 θυσίας
3032 5078 3344 5148 ἀναφέρειν,
3394 5076 3582 5129 ἔπειτα
3621 5071 3721 5125 τῶν
3750 5063 3835 5120 τοῦ

602 5167 811 5223 hostias
840 5170 1058 5233 offerre,
1091 5168 1287 5226 deinde
1335 5186 1432 5238 pro
1456 5171 1671 5242 populi.
1706 5170 1824 5228 Hoc
1860 5173 2005 5229 enim
2048 5171 2165 5230 fecit

2281 5173 2430 5228 λαοῦ.
2457 5173 2627 5227 Τοῦτο
2646 5173 2753 5245 γὰρ
2776 5173 3029 5243 ἐποίησεν
3053 5168 3270 5240 ἐφάπαξ
3289 5168 3478 5222 ἑαυτὸν
3503 5166 3831 5233 ἀνενέγκαςοο

602 5258 771 5313 semel
809 5260 1164 5330 semetipsum
1205 5258 1486 5318 oﬂ‘erendo
1539 5261 1585 5293 “
1610 5302 1628 5327 ,
1682 5279 1703 5314 ι
1758 5261 1864 5318 hoc
1905 5272 2026 5332 est,
2078 5280 2165 5337 pel

2280 5266 2526 5320 τουτέστι
2552 5265 2641 5319 διά
2675 5265 2772 5320 τοῦ
2801 5263 3038 5336 σταυροῦ
3065 5262 3361 5328 θυσιάσας;
3396 5259 3459 5314 Ei
3487 5260 3544 5314 δὲ
3572 5258 3661 5312 καὶ
3690 5248 3838 5312 αὐτὸς

672 5411 927 5489 “ﬁgod.
953 5431 1099 5489 _Illl,
1133 5416 1215 5489 f2_;
1254 5414 1401 5489 Luc.
1428 5432 1503 5482 ιι,
1539 5415 1630 5473 2‘5.
1671 5414 1753 5489 λ’
1789 5417 1989 5476 Genes.
2025 5434 2155 5482 ut,

2268 5462 2282 5475 .
2365 5419 2409 5451 ¹⁶
2445 5418 2679 5475 Malach.
2715 5437 2770 5486 ι,
2800 5419 2856 5475 2.
2937 5419 2978 5452 ³⁷
3009 5417 3167 5475 Joan.
3204 5434 3261 5483 ι,
3296 5418 3385 5475 l5.
3424 5421 3432 5489 ξ
3463 5421 3509 5455 ’⁸
3545 5418 3731 5476 Genes.
3766 5422 3837 5471 ιτ.

606 5480 653 5532 1.
733 5482 776 5514 ι’
814 5482 1006 5539 Matth.
1045 5501 1098 5551 1,
1132 5480 1221 5541 l8.
1296 5490 1342 5520 ²⁰
1379 5480 1514 5543 Luc.
1552 5504 1627 5551 ιι,
1663 5487 1757 5544 24.
1834 5489 2089 5575 "uﬂebr.
2128 5480 2165 5545 ν

2269 5491 2339 5547 26
2356 5528 2372 5554 ,
2403 5488 2495 5543 27.

678 5593 788 5680 ς19)
822 5598 1352 5680 iasplicatiojstbazc
1384 5606 1620 5661 habetur
1657 5604 1830 5680 apud
1892 5605 2177 5680 Amphilo-
2353 5604 2466 5680 (QQ)
2496 5604 2585 5680 ita
2614 5605 2761 5680 Reg.
2788 5605 2845 5680 2.
2882 5607 2950 5680 At
2976 5609 3111 5679 Reg.
3151 5608 3204 5671 1,
3237 5605 3488 5680 πρώτως.

606 5664 813 5748 chium,
848 5664 1081 5748 Homilia
1114 5673 1195 5748 de
1232 5690 1486 5748 occursu.
1520 5689 1644 5748 pag.
1679 5664 1786 5740 95;
1819 5664 2165 5748 itaque-simi-

2356 5664 2470 5748 l?!)
2496 5674 2630 5748 Bes-
2665 5664 2728 5748 ἓῖ
2755 5675 3003 5748 Ἀμμῶνα

609 5734 826 5819 Ιιβμιιίο
854 5749 959 5799 est.
992 5747 1052 5819 ut
1075 5743 1324 5819 videatur
1351 5734 1738 5814 scriptor'iste
1774 5734 1858 5800 'ab
1897 5734 2165 5816 Amphilo-

2503 5734 2634 5819 διὲξ.
2666 5734 2722 5819 ἓξ
2756 5734 2980 5819 δύνάσαι
3006 5749 3115 5819 γὰρ
3146 5763 3324 5802 συνεκ.

609 5804 736 5859 chio
760 5822 881 5861 eam
918 5817 1222 5865 mutuatus.
1465 5804 1483 5814 ’
2003 5804 2021 5816 ’

2359 5804 2469 5887 (25)
2507 5804 2638 5885 Reg.
2674 5815 2728 5883 2,
2768 5816 2944 5886 μόνος.
