4022 6382
231 326 329 382 981

1290 324 1573 381 HOMlLlA
1614 325 1678 379 IN
1719 324 2096 381 OCCURSUM
2129 323 2367 382 DOMINI

3373 327 3477 384 983

232 442 508 496 θυσιάσων
539 441 845 513 ἀνέρχεται,
888 443 1101 514 πρῶτον
1129 445 1226 516 μὲν
1252 446 1603 517 εὑρεθήσεται
1629 446 1809 518 κυρῶν

1923 463 2126 502 :rucem
2157 463 2276 504 sese
2302 446 2673 517 immolando?
2693 444 2849 513 Quod
2880 445 2926 502 si
2960 443 3338 502 immolaturus
3359 446 3477 517 ipse

230 551 286 587 τε
318 534 414 587 καὶ
456 532 723 587 συνιστῶν
768 532 940 587 ταῦτα
981 536 1126 607 ἆπερ
1173 536 1334 600 αὐτὸς
1378 533 1552 601 οὗτος,
1583 537 1719 606 πρὸς
1749 537 1809 590 τὸ

231 627 480 696 κρεῖττον
522 624 750 695 ἀμεῖψαι
798 624 1144 694 παρεγένετο·
1184 626 1372 681 ἔπειτα
1419 629 1476 682 δὲ
1515 629 1609 682 καὶ
1648 629 1810 693 αὐτὸς

235 717 383 769 ἐσται
413 716 523 770 τῶν
551 714 757 769 πολλῶν
777 710 877 781 εἷς,
897 716 1161 771 δουλεύων
1186 722 1251 791 τῇ
1274 720 1366 774 τοῦ
1385 721 1549 792 νόμου
1570 721 1805 793 κατάρᾳ.

240 810 350 863 Καὶ
381 809 530 874 τίνος
558 810 715 881 χάριν
743 812 771 863 ό
799 809 1011 874 Παῦλός
1033 827 1215 882 φησιν,
1244 812 1325 865 δτι
1358 831 1376 863 ι
1408 811 1642 884 Χριστὸς
1662 814 1811 884 ἡμᾶς

236 901 565 974 ἐξηγόρασεν
595 903 659 955 ἐκ
680 902 779 973 τῆς
804 900 1047 973 κατάρας
1066 901 1159 954 τοῦ
1182 902 1378 973 νόμου;
1408 922 1427 953 3
1461 903 1532 955 Ἦ
1554 903 1652 972 οὐχ
1671 902 1812 975 ὑπὲρ

236 993 329 1047 τοῦ
369 992 607 1064 βρέφους
632 992 835 1058 causa;
864 990 961 1057 Οὒ,
989 993 1208 1063 φήσειεν
1246 993 1331 1057 ἂν,
1371 994 1465 1047 καὶ
1508 992 1654 1064 μάλα
1691 1009 1814 1061 γεν-

236 1083 439 1147 ναίωςό
456 1083 863 1155 εὐαγγελιστὴς,
878 1082 991 1135 ἀλλ’
1006 1083 1145 1153 ὑπὲρ
1155 1083 1253 1153 τῆς
1263 1083 1324 1135 τὸ
1337 1082 1534 1153 βρέφος
1548 1083 1813 1155 τεκούσης

238 1176 478 1247 Μητρός.
507 1176 617 1229 Καὶ
643 1175 801 1228 τοῦτο
827 1175 982 1245 δῆλον
1010 1174 1120 1245 (24)
1148 1176 1213 1228 ἐκ
1236 1174 1343 1227 τῶν
1372 1173 1816 1247 ἀνωθενείρημὲ-

238 1282 341 1320 νων
370 1282 384 1295 ο
416 1284 436 1316 ι
469 1265 598 1318 Ὅτε
629 1263 755 1337 γάρ,
792 1263 974 1335 φησὶν,
1021 1263 1364 1335 ἐπλήσθησαν
1406 1266 1461 1317 αἱ
1487 1264 1690 1334 ἡμέραι
1719 1264 1815 1318 τοῦ

239 1354 579 1426 καθαρισμοῦ
615 1355 799 1425 αὐτῆς,
834 1354 1103 1423 ἀνήγαγον
1137 1352 1197 1405 τὺ
1224 1353 1432 1407 παιδίον
1470 1355 1549 1417 είς
1593 1353 1813 1424 Ἰεροσό-

238 1446 384 1517 λυμα
429 1447 777 1517 παραστῆσαι
820 1444 898 1515 τῷ
941 1443 1148 1515 Κυρίῳ,
1196 1443 1378 1507 καθὼς
1410 1444 1718 1515 γέγραπται
1759 1445 1816 1496 ἐν

239 1539 393 1609 νόμῳ
424 1538 651 1609 Κυρίουο
692 1557 711 1589 3
746 1537 902 1590 τοῦτο
942 1536 1070 1607 περὶ
1114 1534 1205 1589 τοῦ
1249 1534 1500 1610 βρέφους·
1546 1554 1564 1587 ι
1605 1535 1816 1589 καὶτοῦ

238 1629 423 1683 δοῦναι
456 1628 647 1681 θυσίαν
688 1628 827 1681 κατά
862 1626 924 1681 τὸ
954 1626 1241 1700 εἰρημένον
1284 1628 1343 1680 ἐν
1389 1628 1541 1698 νόμῳ
1586 1628 1816 1699 Κυρίου,

242 1720 438 1789 ζεῦγος
463 1720 759 1792 τρυγόνων,
791 1719 823 1792 ἢ
844 1719 936 1773 δύο
958 1720 1209 1783 νεοσσοὺς
1234 1719 1588 1791 περιστερῶνο
1614 1738 1634 1772 3
1662 1719 1821 1774 τοῦτο

242 1786 373 1883 περὶ
543 1786 823 1883 Παρθένου
861 1813 953 1866 καὶ
981 1811 1073 1865 τοῦ
1107 1786 1320 1884 ταύτης⁷
1347 1786 1653 1886 μνηστῆρος
1681 1816 1813 1888 (εδ).
1856 1786 1893 1839 Β

242 1903 303 1955 Εἰ
331 1903 390 1956 δὲ
432 1903 525 1957 καὶ
560 1902 688 1974 περὶ
728 1901 822 1956 τοῦ
854 1902 1087 1975 βρέφους
1126 1903 1319 1970 ταῦτα,
1363 1904 1511 1972 ξένον
1543 1906 1713 1961 οὐδέν.
1759 1908 1818 1961 'U

241 1995 349 2066 γὰρ
378 1995 777 2066 περιτμηθῆναι
797 1996 935 2049 κατά
961 1997 1053 2050 τὸν
1075 1997 1237 2069 νόμον
1256 1998 1329 2069 μὴ
1350 1997 1683 2065 ἀπαξιώσας,
1702 1999 1820 2064 πῶς

244 2085 310 2138 ἀν
347 2084 449 2147 τάς
479 2084 620 2137 κατὰ
647 2085 809 2155 νόμον
844 2084 1032 2149 θυσίας
1066 2087 1372 2152 ἀπείπατο;
1399 2081 1443 2156 ᾧ
1474 2105 1537 2157 γε
1566 2088 1820 2143 τοσοῦτον

247 2175 397 2246 ἀπῆν
433 2176 494 2229 τὸ
526 2176 924 2231 ἀναϐάλλεσθαι
957 2177 1128 2232 ταῦτα
1165 2180 1261 2243 καὶ
1302 2168 1714 2252 ὑπερτίθεσθαι,
1738 2182 1819 2235 ὅτι

244 2267 336 2320 καὶ
371 2266 433 2321 τὸ
472 2266 716 2320 Ἰωάννου
751 2266 1033 2338 βάπτισμα
1068 2268 1431 2340 βαπτισθῆναι
1463 2270 1524 2323 οὐ
1566 2272 1819 2344 παρῃτή-

244 2375 396 2411 σατο·
427 2359 605 2412 καίτοι
628 2358 721 2412 τοῦ
763 2359 1056 2428 βαπτιστοῦ
1088 2361 1277 2431 χρείαν
1302 2362 1516 2433 ἔχοντος
1539 2364 1629 2417 ὑπ’
1655 2365 1819 2420 αὑτοῦ

246 2449 636 2521 βαπτισθῆναι.
690 2449 829 2503 Ἀλλ’
865 2451 1015 2522 ὅμως
1044 2452 1296 2506 τοσοῦτον
1329 2456 1459 2526 ἡμῖν
1487 2456 1817 2528 συγκατέϐη,

244 2547 334 2598 καὶ
371 2541 545 2607 οὕτως
571 2543 675 2597 ὑπὸ
702 2543 802 2613 τῆς
829 2543 964 2608 ἰδίας
992 2544 1400 2617 φιλανθρωπίας
1422 2548 1725 2619 κεκίνηται,
1746 2549 1822 2613 ώς

253 2634 324 2706 μὴ
355 2634 428 2688 τά
457 2633 603 2688 κατά
629 2634 792 2705 νόμον
826 2635 1004 2705 μόνον,
1037 2634 1172 2689 ἀλλά
1201 2638 1294 2691 καὶ
1324 2639 1554 2710 σταυρὸν
1594 2641 1687 2694 καὶ
1724 2639 1820 2695 θά-

246 2745 404 2781 νατον
430 2725 847 2792 καταδέξασθαι,
881 2727 966 2781 ῐνα
996 2730 1131 2800 πρὸς
1150 2730 1340 2784 ἐαυτὸν
1364 2732 1510 2802 ἡμᾶς
1529 2732 1818 2806 ἀνελκύσῃ,

245 2819 399 2873 κάτω
431 2818 720 2888 κειμένους
749 2819 806 2870 ἐν
836 2818 913 2889 τῷ
952 2819 1048 2889 τῆς
1076 2820 1438 2890 παραϐάσεως
1466 2821 1739 2893 πτώματι.

311 2910 368 2965 7.
430 2929 451 2961 ε
491 2910 601 2963 Καὶ
642 2910 749 2963 ἰδοὺ
802 2905 891 2981 ἦν,
946 2912 1128 2983 φησὶν,
1179 2913 1464 2985 ἄνθρωπος
1523 2917 1580 2968 ἐν
1626 2917 1824 2987 Ἰερου-

247 3000 450 3072 σαλὴμ,
489 2994 534 3068 ᾧ
572 3000 743 3070 ὄνομα
781 3000 1025 3072 Συμεών·
1063 3002 1157 3055 καλ⁸
1185 3004 1213 3055 ό
1238 3003 1520 3074 ἄνθρωπος
1557 3001 1711 3072 οὗτος
1746 3007 1815 3061 δίο

1910 536 2189 605 ascendat,
2228 539 2465 608 primum
2500 538 2717 609 quidem
2758 537 3095 605 comperitur
3131 551 3195 593 ea
3234 536 3472 601 firmare,

1909 629 1978 683 iis
2013 618 2392 707 auctoritatem
2432 630 2691 700 prmbere,
2726 645 2847 700 quae
2876 630 2991 699 ipse
3019 628 3073 684 in
3105 629 3298 684 melius
3326 643 3476 685 com-

1909 725 2222 773 mutaturus
2252 718 2505 774 accessit.
2538 716 2763 783 Deinde,
2796 718 2911 788 ipse
2943 732 3157 788 quoque
3193 732 3335 772 unus
3372 717 3478 772 erit

1910 822 1977 862 ex
2026 798 2212 864 multis
2250 809 2343 879 qui
2386 808 2522 879 legis
2566 807 2854 864 maledicto
2913 807 3244 865 serviebant.
3293 807 3477 877 Ecqua

1911 916 2042 970 ergo
2095 902 2307 956 ratione
2348 899 2552 957 Paulus
2590 902 2666 957 ait
2707 919 2720 956 :
2763 919 2782 953 ι
2823 900 3076 956 Christus
3109 914 3209 957 nos
3249 899 3479 955 redemit

1911 1007 1979 1047 ex
2006 991 2320 1048 maledicto
2375 992 2511 1063 legis
2549 992 2639 1046 “‘2
2681 1010 2701 1045 ι
2740 991 2937 1048 Annon
2996 991 3095 1061 pro
3146 1005 3315 1061 puero
3362 989 3478 1045 haec

1913 1083 2055 1137 diota
2086 1084 2248 1137 sunt?
2275 1081 2413 1145 Non,
2440 1082 2583 1139 dicet
2611 1082 2843 1154 ingenue
2869 1081 3221 1152 evangelista,
3254 1081 3347 1137 sed
3379 1095 3479 1151 pro

1915 1182 2088 1231 matre
2120 1176 2275 1245 pueri
2318 1175 2601 1247 genitrice.
2637 1174 2794 1240 Quod
2821 1189 2885 1229 ex
2918 1188 3082 1243 supra
3111 1173 3274 1230 dictis
3301 1174 3477 1245 palam

1914 1246 2016 1323 est.
2041 1266 2199 1333 Nam,
2238 1285 2256 1319 ι
2294 1246 2580 1338 postquam
2627 1265 2832 1336 impleti
2885 1273 3054 1330 sunt,
3105 1263 3318 1335 inquit,
3363 1263 3481 1319 dies

1916 1359 2252 1431 purgationis
2301 1358 2458 1429 ejus,
2508 1358 2748 1414 tulerunt
2785 1372 3014 1429 puerum
3051 1357 3105 1411 in
3143 1354 3478 1419 Jerusalem,

1918 1458 1976 1504 ut
2011 1451 2266 1518 sisterent
2311 1466 2433 1504 eum
2483 1447 2734 1513 Domino,
2790 1448 2933 1503 sicut
2980 1447 3246 1517 scriptum
3287 1454 3370 1501 est
3420 1446 3474 1500 in

1918 1540 2033 1613 lege
2058 1536 2271 1593 Domini
2307 1557 2321 1593 :
2362 1558 2380 1590 ι
2425 1537 2528 1592 hoc
2558 1536 2626 1592 de
2652 1551 2821 1607 puero
2855 1555 2869 1592 :
2904 1553 2923 1587 ι
2966 1546 3019 1591 et
3067 1547 3127 1590 ut
3158 1536 3349 1591 darent
3386 1536 3485 1588 lio-

1920 1631 2101 1694 stiam',
2139 1630 2435 1687 secundum
2462 1626 2606 1700 quod
2627 1628 2833 1683 dictum
2864 1635 2948 1683 est
2972 1629 3025 1681 in
3069 1629 3184 1699 lege
3228 1626 3480 1690 Domini,

1919 1732 2018 1790 par
2062 1718 2333 1775 turturum
2366 1760 2381 1781 ,
2437 1729 2531 1774 aut
2573 1718 2712 1775 duos
2752 1720 2927 1792 pullos
2980 1719 3353 1774 columbarum
3391 1736 3405 1771 :
3460 1736 3480 1769 3

1917 1812 2024 1867 hoc
2067 1813 2135 1871 de
2167 1810 2383 1883 Virgine
2412 1826 2476 1865 ac
2504 1811 2622 1881 ejus
2663 1827 2885 1881 sponso.
2914 1810 3070 1878 Quod
3103 1812 3150 1865 si
3178 1810 3244 1866 de
3272 1809 3481 1864 infante

1918 1915 2137 1970 quoque
2179 1900 2453 1965 dicantur,
2506 1900 2640 1954 nihil
2677 1900 2996 1957 absurdum.
3037 1900 3141 1967 Qui
3181 1901 3325 1956 enim
3374 1915 3483 1955 non

1919 1990 2249 2061 dedignatus
2280 1999 2363 2046 est
2398 1991 2697 2046 secundum
2738 1992 2910 2063 legem
2954 1991 3310 2055 circumcidi,
3341 2006 3483 2062 quo-

1919 2085 2080 2139 modo
2113 2083 2245 2155 legis
2269 2084 2478 2140 hostias
2499 2084 2845 2140 recusasset?
2870 2082 2973 2150 Qui
3003 2091 3213 2137 tantum
3243 2083 3396 2137 abest
3430 2087 3488 2136 ut

1919 2192 1983 2231 ea
2029 2175 2268 2232 differret
2301 2184 2395 2231 aut
2434 2175 2838 2243 intermitteret,
2876 2184 2934 2231 ut
2978 2191 3046 2231 ne
3091 2173 3322 2231 Joannis
3364 2173 3483 2244 qui-

1920 2268 2043 2325 dem
2086 2268 2361 2340 baptismo
2406 2268 2673 2340 baptizari
2726 2267 3028 2335 abnuerit;
3086 2268 3303 2325 etiamsi
3372 2268 3490 2337 ipse

1922 2361 2162 2431 Baptista
2206 2376 2345 2432 opus
2389 2360 2615 2417 haberet
2650 2358 2720 2416 ab
2745 2376 2812 2415 eo
2844 2359 3131 2430 baptizari.
3168 2360 3248 2415 ita
3290 2359 3493 2414 nihilo-

1919 2453 2110 2509 minus
2160 2468 2219 2508 se
2270 2452 2432 2509 nobis
2484 2451 2897 2523 attemperavit,
2948 2458 3111 2522 atque
3162 2458 3313 2506 tanta
3361 2468 3490 2523 erga

1921 2559 2022 2600 nos
2062 2545 2349 2599 clementia
2387 2550 2669 2615 permotus
2707 2552 2827 2609 est;
2870 2553 2930 2597 ut
2970 2557 3077 2597 non
3117 2543 3295 2598 solum
3338 2543 3488 2612 lega-

1921 2638 2027 2702 lia,
2067 2636 2163 2692 sed
2216 2651 2436 2691 crucem
2494 2644 2659 2707 atque
2714 2641 2943 2689 mortem
2999 2632 3332 2696 sustineret,
3380 2647 3490 2703 quo

1921 2745 2025 2786 nos
2064 2728 2278 2785 inferne
2319 2729 2376 2783 in
2421 2726 2877 2799 transgressionis
2922 2724 3084 2780 ruina
3114 2723 3395 2796 jacentes,
3422 2724 3487 2779 ad

1923 2837 1982 2880 se
2004 2821 2366 2893 pertraheret.

1995 2915 2045 2968 7.
2085 2932 2103 2966 ι
2146 2913 2212 2967 Et
2246 2928 2408 2979 ecce,
2461 2911 2661 2983 inquit,
2711 2911 2877 2967 homo
2908 2915 3027 2967 erat
3065 2909 3121 2965 in
3161 2908 3489 2972 Jerusalem,

1922 3007 2011 3061 cui
2050 3021 2248 3061 nomen
2280 3006 2514 3076 Symeon
2550 3024 2564 3061 :
2600 3014 2655 3060 et
2689 3003 2852 3060 homo
2878 3003 2981 3059 iste
3002 3004 3207 3073 justus,
3245 3011 3299 3059 et
3327 3001 3492 3055 time-

246 3109 404 3157 καιος
443 3093 539 3146 καὶ
585 3092 838 3163 εὐλαϐὴς,
875 3093 1302 3167 προσδεχόμενος
1342 3098 1686 3170 παράκλησιν
1730 3099 1821 3153 τοῦ

1925 3103 2077 3151 ratus
2119 3104 2448 3165 exspectans
2482 3094 2918 3149 consolationem
2962 3091 3128 3148 lsrael
3166 3092 3235 3145 ³⁸.
3281 3109 3301 3144 3
3357 3090 3494 3159 Quis

257 3182 497 3256 Ἰσραήλ.
534 3202 553 3235 3
589 3183 683 3247 Τίς
729 3182 795 3237 ἀν
841 3182 1132 3257 ἀξιώτερον
1169 3186 1384 3241 ἔπαινον
1418 3188 1526 3242 τῶν
1558 3190 1824 3261 βραχυτά-

248 3293 351 3329 των
382 3277 597 3331 τούτων
629 3277 890 3349 ῥημάτων
927 3279 1005 3350 τῷ
1036 3278 1189 3352 ἀνδρὶ
1218 3283 1635 3353 προσκομίσειες
1663 3302 1681 3334 ι
1716 3286 1825 3338 Καὶ⁹

251 3365 353 3419 ἰδοὺ
394 3362 470 3439 ἦν
514 3366 822 3439 ἄνθρωπος·
859 3388 878 3421 3
916 3369 1202 3441 ἄνθρωπος
1240 3372 1302 3424 τὸ
1342 3372 1684 3443 φαινόμενον,
1732 3374 1826 3428 καὶ

249 3458 385 3531 ὑπὲρ
421 3458 717 3530 ἄνθρωπον
746 3460 806 3513 τὸ
834 3459 1141 3532 νοούμενονο
1168 3461 1451 3532 ἅνθρωπος
1484 3464 1581 3534 τὴν
1614 3465 1822 3529 οὐσίαν,

249 3551 377 3605 ἀλλὰ
400 3552 506 3623 τὴν
533 3551 690 3619 ἀξίαν
719 3552 896 3624 πολλῷ
923 3553 999 3625 τῷ
1026 3555 1175 3626 μέσῳ
1202 3554 1309 3607 τῶν
1334 3554 1639 3629 ἀνθρώπων
1661 3557 1828 3630 ὑπερ-

248 3643 502 3713 κείμενος
524 3643 655 3714 (26)·
688 3645 787 3716 τὴν
815 3645 975 3715 φύσιν
1001 3645 1307 3718 ἄνθρωπος,
1340 3646 1473 3701 ἀλλά
1497 3648 1593 3719 τὴν
1627 3651 1826 3722 ἀρετὴν

247 3734 501 3805 ἄγγελος.
558 3736 878 3809 Ἀνθρωπος
920 3738 1176 3819 αἰσθητὸν
1218 3739 1316 3809 μὲν
1367 3740 1687 3812 ἐνδιαίτημα
1730 3741 1827 3813 τὴν

248 3830 393 3885 κάτω
451 3830 809 3902 Ἰερουσαλὴμ
851 3830 1206 3902 κεκτημένοςο
1254 3833 1440 3904 νοητὸν
1481 3833 1537 3886 δὲ
1579 3833 1677 3904 τὴν
1716 3834 1827 3888 ἀνω

259 3921 621 3995 Ἰερουσαλὴμ
649 3922 746 3993 τὴν
783 3923 1136 3996 μητρόπολιν,
1175 3943 1193 3975 ι
1226 3919 1294 3996 ἦς
1330 3926 1578 3996 τεχνίτης
1613 3926 1706 3979 καὶ
1736 3926 1830 3997 δη-

252 4013 510 4084 μιουργὸς
529 4013 558 4064 ὁ
581 4011 735 4074 Θεός·
770 4031 788 4063 3
817 4011 913 4065 ἀνθ
924 4029 1103 4084 ρωπος
1125 4011 1433 4085 ἀνθρώποις
1457 4015 1555 4084 μὲν
1574 4017 1638 4086 τῇ
1666 4015 1829 4086 σαρκὶ

250 4103 849 4177 συναναστρεφόμενος,
893 4103 1143 4173 ἀγγέλοις
1177 4104 1234 4158 δὲ
1270 4103 1348 4177 τῷ
1386 4105 1654 4176 πνεύματι
1693 4123 1831 4180 συμ-

250 4195 688 4266 πολιτευόμενος
719 4193 918 4265 μᾶλλον
942 4194 998 4248 δὲ
1026 4196 1120 4249 καὶ
1145 4195 1253 4249 τῶν
1281 4196 1527 4267 ἀγγέλων
1550 4197 1579 4250 ό
1602 4196 1830 4269 Συμεὼν

250 4286 571 4360 ὑπέρτερος·
622 4287 779 4357 είπερ
822 4287 914 4340 τὸν
962 4289 1190 4352 ἐκείνοις
1227 4288 1475 4355 ἀθέατον,
1520 4286 1674 4354 οὗτος
1705 4292 1831 4367 ἰδεῖν

252 4381 607 4451 κατηξίωται·
634 4380 730 4432 καὶ
750 4380 850 4433 οὐκ
881 4379 1007 4434 ἰδεῖν
1037 4380 1217 4452 μόνον,
1244 4382 1359 4435 ἀλλ’
1384 4382 1413 4435 ὃ
1434 4382 1621 4436 τούτου
1648 4385 1832 4453 μεῖζον

1925 3187 2042 3243 viro
2092 3187 2389 3259 digniorem
2463 3185 2689 3256 laudem}
2728 3201 2889 3258 quam
2958 3200 3133 3257 pauca
3187 3180 3495 3241 istiusmodi

1925 3280 2091 3335 verba
2128 3281 2568 3349 complectuntur
2605 3276 2801 3333 aﬂ'erre
2837 3276 3052 3348 possit?
3094 3293 3113 3327 ι
3155 3272 3296 3329 Ecce
3329 3273 3494 3327 homo

1924 3378 2087 3436 erat;
2141 3388 2161 3423 3
2213 3369 2376 3424 homo
2426 3368 2713 3424 videbatur
2746 3376 2801 3423 et
2848 3381 3014 3437 supra
3060 3365 3335 3422 hominem
3371 3378 3497 3419 esse

1926 3461 2352 3532 intelligebatur.
2413 3459 2588 3516 Homo
2645 3459 2997 3526 substantia;
3066 3458 3161 3515 sed
3229 3455 3497 3527 dignitate

1926 3568 2125 3624 magno
2156 3552 2410 3608 homines
2449 3552 2739 3608 intervallo
2776 3550 3074 3622 superabat
3113 3565 3129 3603 :
3170 3556 3369 3604 natura
3396 3546 3495 3602 ho-

1927 3656 2052 3705 mo,
2112 3641 2207 3696 sed
2280 3641 2484 3696 virtute
2550 3640 2798 3711 angelus.
2879 3637 3057 3693 Homo
3128 3637 3217 3691 cui
3275 3635 3494 3706 quidem

1927 3731 2187 3787 sensibile
2220 3730 2588 3785 habitaculum
2612 3737 2729 3785 erat
2759 3729 2985 3784 inferior
3018 3729 3109 3783 illa
3142 3727 3443 3783 Jerusalem
3477 3740 3495 3791 ;

1928 3824 2215 3895 spirituale
2265 3839 2430 3889 vero,
2494 3837 2729 3895 superna
2788 3822 3126 3886 Jerusalem,
3182 3819 3498 3890 Metropolis

1927 3918 2056 3982 illa,
2101 3935 2120 3967 ε
2165 3916 2328 3987 cujus
2366 3914 2557 3971 artifex
2606 3915 2966 3985 conditorque
3008 3913 3153 3969 Deus
3200 3911 3267 3967 ".
3319 3931 3338 3964 3
3384 3909 3498 3965 llo-

1927 4026 2056 4074 mo,
2108 4008 2202 4081 qui
2256 4022 2418 4063 carne
2470 4023 2597 4064 cum
2645 4007 2962 4063 hominibus
2998 4020 3110 4061 una
3146 4002 3495 4066 versabatur,

1929 4104 2124 4175 spiritu
2180 4110 2359 4158 autem
2416 4115 2541 4156 cum
2589 4099 2795 4171 angelis
2863 4097 3129 4170 degebat,
3190 4096 3301 4151 imo
3362 4092 3498 4164 ipsis

1930 4196 2137 4266 angelis
2190 4193 2443 4266 superior
2501 4192 2737 4265 Symeon
2804 4206 2820 4243 :
2888 4187 3158 4261 siquidem
3222 4201 3348 4243 eum
3403 4184 3500 4255 qui

1928 4287 2093 4359 359
2121 4284 2531 4355 inaspectabilis
2584 4282 2721 4354 ipsis
2757 4288 2862 4344 est,
2894 4279 3082 4335 videre
3117 4278 3316 4333 meruit
3347 4293 3363 4344 ;
3397 4288 3500 4330 nec

1930 4379 2096 4435 modo
2128 4378 2334 4442 videre,
2369 4377 2462 4433 sed
2510 4376 2655 4447 quod
2694 4373 3044 4447 praestantius
3083 4386 3148 4427 ac
3194 4368 3501 4425 mirabilius

248 4467 315 4543 ῆν
341 4475 435 4527 καὶ
478 4461 942 4544 παραδοξότερονξ
972 4474 1068 4527 καλ⁸
1105 4473 1581 4543 ἐναγκαλίσασθαι.
1623 4492 1642 4527 ι
1673 4475 1822 4529 Καὶέ

1936 4480 2041 4536 est,
2082 4478 2137 4527 et
2181 4471 2326 4529 ulnis
2366 4469 2670 4539 suscipere.
2715 4486 2734 4518 ι
2775 4465 2841 4519 Et
2890 4465 3055 4519 homo
3102 4462 3190 4517 ille
3223 4462 3427 4531 justus,
3475 4477 3496 4512 3

251 4562 536 4634 ἄνθρωπος
569 4557 728 4625 οὗτος
771 4562 997 4626 δίκαιος·
1030 4582 1049 4615 3
1096 4563 1343 4616 ἀπεδίδου
1373 4564 1482 4635 γάρ
1517 4563 1733 4635 ἑκάστῳ
1765 4564 1826 4617 τὸ

251 4656 368 4706 κατ’
399 4654 578 4720 ἀξίαν*
613 4654 694 4724 τῷ
727 4654 823 4724 μὲν
862 4654 1004 4725 λόγῳ
1030 4654 1091 4706 τὸ
1124 4652 1193 4707 τά
1227 4653 1346 4707 θεῖα
1379 4655 1471 4708 καὶ
1504 4657 1703 4709 ἐννοεῖν
1734 4654 1826 4708 καὶ

251 4742 582 4815 λογίζεσθαι·
631 4745 695 4798 τὸ
744 4742 1165 4815 αίχμαλωτίζειν
1226 4747 1331 4798 πᾶν
1375 4745 1553 4817 νόημα
1599 4746 1680 4808 εἰς
1729 4744 1825 4815 τὴν

251 4838 499 4910 ὑπακοὴν
527 4837 641 4908 (27)
676 4836 771 4890 τοῦ
794 4835 1051 4908 Χριστοῦ’
1072 4835 1133 4888 τὸ
1165 4835 1238 4907 μὴ
1263 4838 1553 4907 ἐπανιστᾷν
1583 4835 1680 4907 τὴν
1710 4836 1827 4889 κτί-

252 4947 335 4984 σιν
366 4931 445 5002 τῷ
462 4930 699 4999 Κτίστῃ,
730 4929 871 4982 κατά
894 4930 1019 4993 τοὺς
1050 4931 1307 5001 ἄφρονας·
1332 4928 1393 4982 τὸ
1418 4928 1582 5000 μηδὲν
1607 4926 1712 4993 ἔξω
1734 4930 1832 5000 τῆς

252 5022 399 5089 θείας
437 5021 579 5081 εἶναι
622 5025 880 5097 προνοίας
913 5024 1330 5096 ὑπολαμϐάνειν·
1371 5024 1434 5078 τὸ
1469 5023 1556 5076 διὰ
1585 5023 1695 5077 τῶν
1720 5023 1832 5095 (28)

251 5115 571 5185 κτισμάτων
596 5114 872 5184 ἀναλόγως
899 5114 990 5168 τδν
1010 5115 1390 5185 Γενεσιουργδν
1422 5117 1637 5168 ἐννοεῖνο
1664 5114 1742 5186 τῷ
1769 5114 1826 5168 δὲ

252 5204 406 5278 θυμῷ
437 5206 541 5279 τὴν
576 5206 720 5261 κατά
747 5205 839 5260 τοῦ
884 5206 1059 5276 ὄφεως
1099 5206 1422 5277 αὐστηρίαν,
1467 5205 1528 5260 τὸ
1560 5206 1698 5260 κατά
1728 5207 1828 5277 τῆς

1929 4566 2129 4636 cuique
2162 4564 2309 4621 enim
2344 4579 2442 4634 pro
2476 4564 2602 4633 jure
2635 4572 2689 4617 et
2719 4559 3035 4616 conditione
3065 4555 3361 4611 tribuebat.
3389 4550 3502 4606 Ra-

1929 4658 2065 4713 tioni
2103 4656 2351 4727 quidem,
2387 4663 2447 4709 ut
2476 4654 2659 4708 divina
2686 4653 2951 4721 cogitaret
2994 4663 3059 4702 ac
3094 4646 3448 4702 meditaretur
3480 4663 3497 4699 :

1932 4757 1990 4802 ut
2035 4761 2259 4802 sensum
2304 4759 2521 4800 omnem
2561 4744 2859 4813 eaptivaret
2893 4742 2950 4796 in
2992 4737 3315 4807 obsequium
3349 4733 3504 4789 Chri-

1930 4840 2001 4896 sti
2036 4841 2082 4871 "
2118 4854 2131 4891 :
2162 4848 2224 4893 ut
2263 4853 2353 4901 ne,
2395 4837 2776 4907 insipientium
2818 4848 2990 4897 more,
3032 4839 3284 4888 creatura
3318 4827 3503 4881 insur-

1932 4940 2082 5002 geret
2105 4931 2160 4984 in
2186 4929 2501 4984 Creatorem
2537 4947 2549 4982 :
2581 4935 2639 4981 ut
2669 4942 2736 4981 ne
2766 4925 2899 4996 quid
2928 4932 3081 4980 extra
3107 4921 3345 4978 divinam
3380 4933 3502 4974 esse

1932 5020 2333 5092 providentiam
2408 5017 2751 5073 existimaret
2816 5034 2830 5070 :
2895 5022 2956 5069 ut
3018 5028 3087 5068 ex
3149 5009 3504 5081 proportione

1934 5110 2169 5183 quadam
2209 5125 2307 5180 per
2343 5117 2552 5173 creata,
2592 5108 2910 5164 Creatorem
2951 5102 3277 5174 intelligeret
3305 5100 3373 5154 “.
3407 5097 3507 5153 Irae

1932 5213 2112 5259 autem
2137 5242 2153 5267 ,
2188 5200 2563 5258 austeritatem
2594 5200 2649 5254 in
2680 5207 2987 5269 serpentem
3010 5236 3025 5259 ,
3076 5192 3417 5249 severitatem
3453 5190 3508 5244 in

321 5362 365 5392 “
405 5361 589 5417 Calat.
625 5375 728 5427 ιιι,
762 5361 850 5418 15.
924 5361 972 5394 ’⁸
1006 5359 1136 5416 Luc.
1177 5375 1251 5427 ιι,
1283 5360 1373 5416 ‘25.
1451 5360 1498 5391 “
1536 5359 1698 5416 llcbr.
1735 5375 1822 5426 ιι,

1923 5371 1949 5415 ι.
2025 5361 2070 5392 ’⁵
2110 5355 2151 5412 ll
2182 5357 2313 5412 Cor.
2348 5372 2418 5423 κ,
2452 5357 2506 5411 5.
2582 5356 2629 5387 "
2668 5353 2825 5410 ltum.
2861 5369 2914 5418 ι,
2946 5350 3039 5405 20.

323 5545 438 5609 (Ἧι)
466 5543 606 5615 Reg.
628 5543 683 5605 2,
717 5542 886 5615 δηλοῖ.

326 5616 438 5679 (25)
477 5611 578 5669 Sic
602 5615 737 5740 Reg.
773 5611 832 5674 2.
865 5613 1053 5684 probe.
1076 5612 1144 5667 At
1166 5611 1302 5682 Reg.
1341 5612 1394 5676 l,
1435 5614 1752 5738 pvijmoepoc.

326 5686 441 5740 (26l
485 5686 620 5740 Reg.
724 5725 738 5740 .
789 5683 1269 5740 ὑπεοεκκείιιενος.
1317 5682 1497 5740 infra.
1550 5684 1616 5740 ἀν
1655 5702 1752 5740 mm

326 5686 441 5753 (26)
485 5686 637 5757 Reg.
679 5682 738 5757 2,
789 5682 1269 5757 ὑπερεκκείμενος.
1317 5682 1497 5749 infra,
1526 5682 1828 5757 ’ἄνθρωποι

261 5766 383 5813 ante
414 5754 674 5828 αίσθητόν
696 5756 753 5810 in
776 5754 1050 5826 solo'lleg.
1074 5754 1111 5807 2
1139 5760 1336 5811 exstat.

2005 5546 2117 5669 (Ξῖ)
2150 5545 2228 5601 ita
2252 5545 2388 5617 Reg.
2415 5545 2452 5600 2
2472 5553 2527 5601 et
2555 5542 2621 5599 G.
2648 5544 2945 5615 Scriptum
2970 5547 3171 5594 textus.
3199 5538 3263 5591 ll.
3304 5541 3350 5604 Ι,
3382 5541 3516 5594 ὑπο-

2005 5634 2038 5669 Υ
2066 5635 2127 5669 .ν.

1933 5634 2127 5685 ταγην.

2154 5684 2291 5759 Reg.
2320 5684 2377 5753 2,
2406 5686 2469 5743 τὸ
2501 5688 2565 5740 ἐκ
2591 5683 2720 5739 τῶν.
