4022 6382
508 399 617 457 983
1584 392 1642 448 S.
1682 391 2147 448 ATHANAotUS.
2181 420 2249 433 —
2290 386 2566 446 SPURlA.
3648 374 3753 459 98a

509 525 801 590 peccatum
836 533 849 568 :
883 514 1261 570 inclementem
1300 519 1465 582 atque
1495 510 1692 565 durum
1728 524 1857 581 erga
1885 509 2081 580 impios
2112 529 2124 569 ι

2224 507 2457 579 μαρτίας
2486 504 2778 572 ἀπότομον·
2814 498 2875 552 τὸ
2900 496 3041 551 κατὰ
3061 495 3170 550 τῶν
3202 492 3550 548 ἀσεϐούντων
3586 488 3757 557 ἀσυμ-

525 580 781 666 inimum.
811 606 885 660 Ea
911 605 1093 660 Helias
1113 580 1389 659 adversus
1406 603 1612 657 Achabi
1646 601 1990 658 centenarios
2014 602 2081 665 ’⁷,

2220 603 2357 666 εαθὲς
2388 601 2480 654 καὶ
2504 599 2796 670 ἀνήμερον.
2827 595 2885 647 '0
2922 593 3108 655 Ἠλίας
3132 590 3229 662 μὲν
3249 587 3392 642 κατὰ
3417 584 3526 639 τῶν
3563 580 3762 653 ’Ᾱχαὰϐ

516 701 747 756 Pltinees
773 707 964 755 contra
994 696 1406 751 Madianiticum
1456 697 1636 751 scelus
1671 696 1716 728 ⁸⁸
1758 715 1772 750 :
1802 693 2001 750 Petrus
2031 702 2087 750 et

2220 693 2691 766 τεντηκοντάρχωνο
2743 686 2928 750 Φινεὲς
2977 684 3035 738 δὲ
3079 682 3223 737 κατὰ
3266 679 3360 734 τοῦ
3407 674 3760 766 Μαδιανιτίου

518 792 718 848 Paulus
747 810 763 858 ;
798 791 951 863 prior
986 789 1205 860 quidem
1250 796 1439 844 contra
1468 787 1738 843 Ananiam
1768 794 1823 844 et
1856 786 2089 858 Sapphi-

2220 765 2412 852 ιύσουςσ
2441 785 2648 855 Πέτρος
2674 780 2749 834 δὲ.
2770 778 2864 833 καὶ
2899 775 3127 839 Παῦλος,
3156 775 3185 827 ὁ
3216 772 3313 844 μὲν
3338 769 3485 823 κατὰ
3521 765 3761 863 ΙΑνανίου

519 901 636 940 ram
685 884 730 918 ²⁹
773 899 791 950 ;
857 881 1129 953 posterior
1191 896 1321 937 vero
1375 887 1567 936 contra
1626 878 1871 951 Elymam
1926 856 1983 910 δοῖ
2030 884 2087 935 et

2220 879 2281 932 at
2309 875 2644 946 Σαπφείρας,
2678 872 2706 924 ὁ
2735 869 2792 922 δὲ
2832 865 2974 921 κατὰ
3012 863 3218 933 Ἐλύμα
3251 861 3349 915 καὶ
3391 856 3761 953 Ἀλεξάνδρου,

517 946 888 1031 Alexandrum
918 973 962 1005 “
994 979 1049 1028 et
1081 971 1219 1027 alios
1249 971 1474 1036 multos,
1494 946 1802 1041 justissime
1825 986 1960 1027 usus
1981 976 2087 1027 est.

2220 962 2282 1017 ai.
2308 959 2520 1016 πολλῶν
2541 958 2712 1013 ἄλλων
2736 954 3049 1009 δικαιότατα
3071 950 3448 1021 ἀπεχρήσατο.
3468 948 3549 1018 Τῇ
3574 946 3632 999 δὲ
3657 947 3766 997 ἐπι-

517 1066 820 1138 Cupiditati
852 1072 1055 1130 autem,
1090 1070 1152 1118 ut
1179 1062 1239 1117 in
1273 1062 1393 1133 lege
1436 1039 1651 1117 Domini
1685 1070 1945 1132 perpetuo
1977 1074 2092 1116 me-

2221 1053 2358 1126 υμίᾳ
2386 1052 2448 1107 τὸ
2481 1051 2708 1123 μελετᾷν
2733 1050 2790 1103 ὲν
2814 1049 2962 1119 νόμῳ
2983 1046 3188 1118 Κυρίου
3216 1040 3533 1104 διαπαντόςο
3566 1039 3628 1092 τὸ
3654 1039 3766 1090 ἐπι-

519 1131 812 1220 ditaretur,
857 1153 1255 1210 desiderabiles
1298 1131 1639 1208 existimaret
1672 1131 2092 1222 justiﬁcationes

2227 1147 2410 1222 υμητὰ
2429 1146 2682 1219 ἡγεῖσθαι
2701 1143 2768 1197 τὰ
2789 1140 3130 1212 δικαιώματα
3150 1137 3359 1209 Κυρίου
3384 1134 3528 1206 ὑπὲρ
3550 1131 3765 1204 χρυσίον

519 1246 734 1303 Domini
780 1260 950 1317 super
1003 1259 1203 1299 aurum
1243 1250 1299 1300 et
1334 1243 1573 1314 lapidem
1607 1244 1912 1314 pretiosum
1952 1243 2094 1298 mul-

2220 1242 2288 1296 :ai.
2314 1239 2461 1293 λίθον
2482 1238 2661 1308 τίμιον
2688 1234 2874 1296 πολὺν,
2902 1231 2998 1286 καὶ
3025 1230 3336 1300 γλυκύτερα
3359 1227 3502 1297 ὑπὲρ
3531 1224 3660 1317 μέλι
3679 1222 3767 1317 καί

521 1344 658 1402 tum,
679 1343 733 1391 et
756 1313 1032 1390 dulciores
1061 1349 1228 1404 super
1257 1334 1363 1389 mel
1390 1313 1446 1389 et
1470 1313 1650 1389 favum
1682 1333 1727 1366 "
1758 1352 1772 1389 :
1804 1340 1862 1388 ut
1891 1332 2096 1388 diceret

2220 1331 2401 1404 ιηρίον·
2443 1328 2505 1382 τὸ
2551 1327 2728 1396 λέγειν
2784 1324 2921 1395 μετὰ
2970 1319 3163 1375 Δαυϊδο
3206 1338 3226 1372 ι
3269 1318 3358 1381 Ὠς
3408 1313 3676 1386 ἀγαπητὰ
3706 1313 3766 1365 τὰ

521 1439 647 1478 cum
676 1423 882 1480 Davide
919 1443 933 1480 :
971 1443 992 1476 ι
1028 1422 1204 1490 Quam
1232 1424 1432 1479 dilecta
1466 1424 1819 1480 tabernacula
1848 1430 1964 1488 tua,
1986 1422 2093 1477 Do-

2220 1420 2531 1493 ηιηνώματά
2556 1436 2669 1484 σου,
2695 1415 2866 1487 Κύριε
2893 1414 3001 1467 τῶν
3036 1412 3338 1482 δυνάμεων·
3387 1407 3647 1465 ἐπιποθεί
3681 1405 3768 1458 καὶ

522 1515 673 1569 mine
700 1514 967 1569 virtutum
1008 1532 1021 1568 :
1054 1513 1395 1585 concupiscit
1432 1522 1487 1570 et
1529 1513 1711 1571 deﬁcit
1751 1513 1931 1568 anima
1976 1528 2097 1568 mea

2220 1514 2430 1569 ηκλείπει
2452 1513 2485 1584 ἡ
2509 1511 2651 1582 ψυχή
2688 1527 2788 1581 μου
2817 1509 2897 1572 εἰς
2922 1506 3020 1570 τὰς
3046 1504 3215 1567 αὐλὰς
3242 1502 3337 1556 τοῦ
3369 1501 3603 1574 Κυρίου.
3629 1519 3646 1550 ι
3669 1499 3766 1552 Οὐ-

523 1606 581 1660 in
616 1605 758 1659 atria
796 1604 1010 1660 Domini
1047 1606 1112 1659 ³³.
1153 1624 1173 1659 ι
1208 1606 1287 1661 Ita
1313 1608 1499 1676 justus
1535 1614 1654 1661 erat
1684 1604 1919 1678 Symeon
1948 1605 2097 1660 nullo

2220 1623 2301 1670 rm;
2328 1601 2396 1677 ἦν
2422 1604 2628 1667 δίκαιος
2652 1603 2679 1655 ὁ
2708 1598 2950 1672 Συμεὼν,
2982 1596 3208 1668 μηδενὸς
3236 1594 3411 1656 εἴδους
3441 1592 3543 1663 τῆς
3572 1590 3769 1663 ἀρετῆς

525 1695 750 1750 virtutis
777 1711 978 1767 genere
996 1696 1295 1755 destitutus
1328 1717 1342 1753 :
1379 1697 1648 1768 siquidem
1671 1697 1945 1768 justitiam
1968 1695 2095 1752 reli-

2220 1696 2608 1769 »στερούμενος
2658 1695 2817 1763 εἴπερ
2859 1686 3285 1763 ὲμπεριεκτικὴν
3344 1687 3504 1756 ῐσμεν
3548 1686 3651 1755 τὴν
3694 1684 3767 1736 διο

528 1803 669 1858 quas
716 1802 910 1843 omnes
948 1789 1326 1847 existimamus
1360 1791 1646 1861 complecti
1693 1792 1944 1855 virtutes,
1975 1805 2096 1861 qua:

2220 1788 2488 1860 ιαιοσύνην
2521 1787 2616 1841 καὶ
2646 1785 2754 1840 τῶν
2783 1783 2957 1838 ἄλλων
2989 1780 3179 1836 πασῶν
3212 1780 3447 1851 ἀρετῶν,
3488 1778 3615 1831 ὅσαι
3657 1779 3769 1839 ταῖς

529 1881 814 1950 genericas
840 1880 976 1937 istas
1000 1882 1432 1953 subsequuntur.
1466 1860 1499 1936 cf
1520 1883 1833 1939 Timoratus
1861 1903 1880 1936 ι
1911 1860 2097 1954 porro,

2220 1883 2442 1953 femini;
2463 1877 2688 1941 ταύταις
2714 1874 3138 1946 ὐποϐεϐήκασιν.
3173 1892 3191 1924 ι
3211 1871 3463 1942 Εὐλαϐὴς
3498 1890 3517 1921 ι
3546 1869 3605 1923 δὲ
3631 1867 3765 1931 πῶςς

529 1987 638 2041 qua
695 1971 955 2028 ratione?
1007 1972 1153 2043 quod
1206 1984 1488 2031 vereretur
1530 1974 1724 2032 faciem
1778 1974 1994 2031 Domini
2047 1982 2102 2029 et

2220 1970 2594 2043 ;ὐλαϐούμενος
2628 1968 2738 2022 ἀπὸ
2771 1964 3060 2039 προσώπου
3095 1963 3301 2036 Κυρίου
3342 1962 3439 2016 καὶ
3470 1961 3581 2014 τῶν
3615 1958 3768 2013 αὐτοῦ

531 2063 789 2118 mandata
810 2064 931 2134 ejus
958 2082 973 2119 :
1000 2065 1207 2136 legerat
1231 2066 1431 2138 quippe
1462 2066 1595 2122 illud
1627 2082 1731 2123 nec
1758 2068 1878 2122 sine
1906 2081 2101 2137 magna

2220 2063 2635 2140 προσταγμάτων
2652 2078 2667 2091 ·
2702 2056 2998 2129 ἀνεγνώκει
3029 2056 3138 2127 γὰρ
3164 2055 3258 2109 καὶ
3277 2055 3398 2108 λίαν
3424 2051 3768 2124 ἐπεσκεμμέ-

531 2157 829 2213 attentione
861 2172 875 2209 :
907 2175 928 2210 ‹
984 2154 1162 2227 Super
1209 2174 1371 2227 quem
1413 2159 1742 2231 respiciam,
1782 2159 1891 2216 nisi
1937 2174 2103 2230 super

2220 2177 2307 2224 ρως
2331 2155 2414 2225 τὸ,
2450 2174 2470 2208 ι
2512 2154 2637 2209 Ἐπὶ
2676 2152 2798 2206 τινα
2841 2148 3119 2219 ὲπιϐλέψω
3151 2146 3264 2201 ἀλλ’
3299 2146 3332 2218 ἢ
3365 2147 3460 2200 ἐπὶ
3483 2145 3578 2199 τὸν
3607 2145 3771 2217 πρᾶον

530 2246 713 2302 mitem
739 2288 756 2311 ,
833 2255 890 2303 et
964 2249 1231 2320 quietum,
1302 2258 1357 2307 et
1434 2259 1754 2308 trementem
1819 2265 2102 2309 sermones

2220 2252 2298 2307 ιαὶ
2325 2248 2547 2323 ἡσύχιον
2570 2246 2664 2301 καὶ
2689 2241 2964 2318 τρέμοντα
2987 2258 3088 2313 μου
3119 2241 3245 2304 τοὺς
3268 2238 3497 2308 λόγους;
3532 2257 3553 2290 ι

529 2351 681 2393 meos
721 2339 767 2371 “
789 2340 819 2396 ?.
849 2357 871 2392 ι

619 2429 672 2485 8.
730 2448 750 2482 ι
787 2430 1125 2503 Exspectans
1163 2434 1595 2491 consolationem
1629 2434 1818 2491 Israel.
1860 2455 1880 2489 ι
1927 2433 2103 2503 Quam

2274 2431 2329 2487 8.
2370 2449 2390 2484 ‹
2438 2424 2873 2500 Προσδεχὸμενος
2916 2417 3256 2492 παράκλησιν
3312 2413 3433 2468 τοῦ·
3468 2412 3707 2485 Ἰσραήλ.
3749 2430 3765 2463 ι

532 2526 1012 2582 causolationem?
1051 2524 1182 2580 Eam
1239 2527 1451 2583 scilicet
1497 2541 1662 2598 quam
1715 2526 1988 2583 Abraham
2048 2528 2107 2584 in

2220 2524 2370 2580 Ποίαν
2400 2517 2775 2592 παράκλησιν;
2816 2514 2916 2566 Ἦν
2957 2508 3207 2581 Ἀϐραὰμ
3243 2508 3300 2560 ὲν
3333 2505 3570 2575 ἀγγέλου
3607 2506 3770 2598 ἑωρα-

533 2614 712 2685 angeli
746 2618 925 2686 specie
954 2616 1170 2680 videns,
1200 2616 1472 2688 religiose,
1502 2594 1563 2671 ut
1585 2616 1697 2673 Deo
1727 2617 2104 2684 conveniebat,

2220 2614 2317 2680 ιιὼς
2350 2614 2606 2685 σχήματι,
2640 2605 2955 2678 θεοπρεπῶς
2998 2598 3391 2675 προσεκύνησε.
3419 2598 3588 2651 Ποίαν
3616 2594 3773 2688 παρά-

533 2706 782 2762 adoravit
807 2708 883 2761 ³⁸.
914 2706 1089 2775 Quam
1113 2686 1580 2766 consolationem?
1648 2707 1724 2765 De
1760 2723 1867 2779 qua
1908 2706 2110 2780 praefa-

2220 2707 2430 2777 ιιλησινς
2461 2700 2595 2773 Περί⁵
2616 2694 2684 2772 ἦς
2720 2695 2912 2753 Ἰακὼϐ
2946 2692 3347 2767 προηγόρευσεν
3366 2706 3381 2721 ⁸
3424 2708 3442 2741 ι
3471 2690 3587 2744 Οὐκ
3608 2686 3773 2741 ἐκλεί-

534 2807 625 2851 tus
652 2807 738 2854 est
772 2797 941 2856 Jacob
976 2818 993 2857 :
1032 2819 1052 2853 ι
1090 2800 1211 2856 Νοη
1254 2800 1490 2867 deﬁciet,
1532 2800 1702 2865 aiens,
1748 2801 2003 2872 princeps
2041 2815 2112 2856 ex

2220 2796 2299 2868 ψει
2320 2795 2523 2868 ἄρχων,
2556 2790 2727 2845 εἰπὼν
2757 2788 2890 2863 ((29),
2915 2786 2975 2851 ἐξ
3010 2785 3199 2848 Ἰούδα,
3239 2783 3358 2872 οὐδὲ
3386 2781 3687 2854 ἡγούμενος
3715 2781 3772 2872 ἐκ

533 2888 694 2956 Juda,
736 2907 914 2963 neque
949 2893 1060 2949 dux
1085 2910 1150 2949 ex
1193 2892 1494 2950 femoribus
1526 2893 1668 2964 ejus,
1710 2870 1885 2949 donec
1926 2870 2111 2950 veniat

2220 2888 2318 2945 τῶν
2358 2886 2549 2959 μηρῶν
2591 2883 2781 2946 αὐτοῦ,
2831 2881 2934 2944 ἓως
2956 2878 3023 2934 ἂν
3063 2877 3190 2949 ἔλθῃ
3229 2870 3274 2946 ᾧ
3315 2876 3642 2935 ἀπόκειται,
3689 2870 3774 2924 καὶ

534 2982 625 3035 cui
656 2983 957 3052 repositum
1002 2992 1109 3051 est,
1139 2992 1194 3040 et
1215 2986 1330 3056 ipse
1357 2985 1691 3054 exspectatio
1727 2985 1969 3055 gentium
1989 2984 2055 3039 ’⁸.
2084 3002 2107 3037 ι

2220 2978 2374 3042 αὐτὸς
2410 2973 2706 3050 προσδοκία
2741 2971 2929 3056 ἐθνῶν.
2966 2989 2985 3022 ι
3035 2967 3195 3022 Ἀλλὰ
3227 2966 3387 3022 ποίαν
3417 2964 3772 3037 παράκλησινς

439 3066 442 3070 ’
539 3070 715 3139 Quam
764 3053 1512 3146 consolationem-inquam?
1540 3075 1672 3130 Eam
1710 3053 1885 3147 ipsam
1908 3075 1977 3132 de
2004 3090 2113 3148 qua

2220 3068 2390 3141 Αὐτὴν
2435 3066 2651 3138 ἐκείνην
2706 3064 2835 3135 περὶ
2862 3055 2931 3133 ἦς
2970 3058 3218 3129 Βαλαὰμ,
3261 3060 3310 3111 εἰ
3342 3057 3559 3127 καὶτῆς
3594 3053 3775 3124 ἐκκλη-

540 3162 786 3228 Dalaam,
848 3166 973 3220 licet
1018 3173 1176 3222 extra
1232 3167 1659 3224 ecclesiasticam
1687 3169 1868 3222 aulam
1919 3174 2110 3236 staret,

2220 3161 2500 3232 σιαστικῆς
2556 3158 2726 3230 αὐλῆς
2778 3153 2974 3222 ἔξωθεν
3025 3149 3290 3224 ἑστηκὼς,
3347 3152 3771 3223 προεφήτευσεν·

542 3255 889 3325 prophetavit
928 3256 1016 3312 liis
1047 3256 1235 3314 verbis
1266 3275 1282 3313 :
1318 3276 1338 3308 ι
1366 3249 1599 3325 om
1623 3258 1779 3314 stella
1812 3273 1880 3314 ex
1919 3255 2117 3324 Jacob,

2221 3274 2242 3309 ι
2287 3251 2577 3316 ’Δνατελεῖ,
2633 3249 2827 3317 λέγων,
2882 3247 3081 3317 ἄστρον
3111 3242 3171 3308 ἐξ
3228 3241 3453 3307 Ἰακὼϐ,
3508 3241 3604 3294 καὶ
3657 3240 3777 3292 ἀνα-

541 3354 597 3401 et
620 3355 808 3419 surget
843 3348 1007 3404 homo
1043 3364 1111 3406 ex
1146 3346 1311 3407 Israel
1335 3350 1378 3382 ³⁷
1404 3369 1417 3405 :
1442 3368 1462 3402 ι
1503 3348 1637 3405 Eam
1689 3351 1861 3422 ipsam
1893 3350 1960 3407 de
2009 3366 2119 3423 qua

540 3435 759 3509 Moyses
785 3441 862 3494 ait
893 3458 908 3495 :
948 3461 966 3493 ί
994 3439 1322 3512 Prophetam
1351 3442 1638 3497 suscitabit
1670 3442 1826 3499 vobis
1858 3441 2120 3500 Dominus

541 3527 689 3586 Deus
727 3539 916 3588 noster
978 3549 1047 3589 ex
1099 3533 1366 3590 fratribus
1422 3534 1622 3591 vestris
1673 3534 1820 3591 sicut
1868 3550 1956 3590 me
1988 3535 2054 3591 ³⁸.
2091 3554 2112 3588 ι

540 3621 696 3679 Hanc
729 3626 1163 3683 consolationem
1199 3627 1551 3699 exspectabat
1582 3627 1842 3701 Symeon,
1894 3637 2119 3700 accepto

542 3714 784 3785 Spiritus
816 3718 990 3774 sancti
1019 3720 1265 3777 oraculo.
1298 3719 1443 3788 Quid
1469 3720 1685 3792 igitur?
1711 3720 1968 3794 Nunquid
1997 3737 2118 3778 eam

542 3823 760 3879 semper
803 3818 1146 3881 exspectans,
1179 3827 1275 3881 spe
1311 3826 1409 3867 sua
1449 3813 1673 3876 excidit,
1718 3821 1812 3867 aut
1840 3820 2122 3883 exspecta-

541 3900 693 3956 tione
720 3900 1022 3959 frustratus
1046 3912 1131 3959 est
1157 3904 1181 3957 ’ἒ
1202 3902 1574 3975 Nequaquam,
1609 3905 1832 3962 minime
1854 3905 2120 3977 gentium;

544 3992 640 4047 sed
684 4000 739 4047 et
785 3994 923 4067 vidit
951 4002 1006 4049 et
1055 3995 1205 4051 ulnis
1236 3995 1471 4067 excepit.
1506 3995 1550 4051 0
1606 3997 1860 4053 virtutem
1892 3998 2034 4052 viri!
2087 4003 2157 4052 θ’

544 4066 865 4151 praeclaras;
885 4086 1140 4155 pietatem
1171 4066 1567 4157 puritatemque
1590 4089 1604 4141 l
1630 4106 1650 4139 «
1676 4085 1736 4143 In
1764 4104 1905 4157 quae,
1929 4108 1949 4140 ι
1967 4088 2124 4158 juxta

546 4169 607 4226 Β.
627 4170 856 4225 Paulum
888 4172 950 4243 [ι.
988 4172 1257 4246 Petrum],
1290 4192 1310 4226 ι
1343 4176 1656 4231 desiderant
1694 4178 1868 4247 angeli
1908 4178 2127 4250 prospi-

546 4274 673 4315 cere
698 4260 772 4327 ”;
800 4279 818 4312 ι
853 4260 907 4314 in
947 4277 1011 4317 ea
1037 4263 1153 4331 ipsa
1183 4261 1441 4334 Symeon,
1467 4280 1576 4319 non
1604 4267 1918 4337 prospicere
1939 4268 2121 4334 modo,

547 4350 643 4406 sed
672 4366 807 4421 pure
838 4352 1072 4422 ingredi,
1129 4368 1194 4408 ea
1245 4363 1587 4411 contrectare
1638 4356 1814 4427 iisque
1856 4374 1989 4429 pure
2018 4360 2126 4415 ini-

546 4445 672 4500 tiari
705 4443 876 4498 valuit
904 4448 916 4499 !

617 4625 671 4681 9.
716 4644 737 4678 ι
773 4624 840 4679 Ει
869 4628 1015 4681 venit
1063 4629 1119 4682 in
1161 4627 1368 4697 Spiritu
1393 4626 1449 4681 in
1480 4628 1740 4697 templum
1762 4629 1828 4685 ⁸ο.
1860 4647 1879 4679 ι
1945 4628 1990 4682 Ο
2019 4629 2127 4682 mi-

2219 3346 2471 3417 στήσεται
2489 3341 2773 3414 ἄνθρωπος
2796 3336 2854 3402 ἐξ
2896 3334 3136 3409 Ἰσραήλ.
3169 3353 3188 3385 t
3218 3334 3394 3405 Αὐτὴν
3419 3333 3635 3401 ἐκείνην
3663 3329 3779 3401 περὶ

2216 3435 2286 3513 ἧς
2321 3437 2559 3508 Μωῦσῆς
2615 3451 2802 3505 φησιν,
2836 3432 2917 3485 ὅτι
2953 3449 2972 3481 ι
3006 3428 3297 3500 Προφήτην
3341 3428 3469 3498 ὑμῖν
3500 3425 3779 3494 ἀναστήσει

2218 3531 2420 3602 Κύριος
2445 3530 2474 3582 6
2496 3527 2627 3590 Θεὸς
2653 3523 2808 3597 ἡμῶν
2833 3524 2898 3577 ὲκ
2926 3522 3032 3577 τῶν
3053 3518 3294 3589 ἀδελφῶν
3321 3518 3496 3589 ὐμῶν.
3530 3517 3605 3582 ὡς
3635 3513 3774 3586 ἐμέ.»

2219 3624 2433 3695 Ταύτην
2458 3620 2557 3693 τὴν
2582 3617 2946 3690 παράκλησιν,
2994 3615 3082 3668 διὰ
3127 3611 3444 3682 Πνεύματος
3479 3611 3635 3680 ἁγίου
3661 3624 3782 3679 χρη-

2222 3713 2502 3788 ματισθεὶς
2540 3708 2786 3783 Συμεὼν,
2837 3706 3207 3781 προσεδέχετο.
3262 3704 3328 3757 Τί
3375 3699 3506 3770 οῦν;
3555 3704 3682 3773 μήτι
3723 3715 3780 3767 γε

2219 3808 2330 3878 ἄρα
2383 3803 2583 3875 ταύτην
2629 3802 2715 3856 ἀεὶ
2772 3798 3196 3872 προσδεχόμενος
3243 3794 3481 3867 ἐψεύσθη
3522 3812 3638 3858 πως
3687 3789 3780 3845 τῶν

2220 3892 2538 3965 ὲλπίδων,ἢ
2587 3891 2687 3962 τῆς
2738 3887 3062 3961 προσδοκίας
3114 3887 3447 3958 διήμαρτεν,
3495 3881 3780 3954 Οὐμενουν,

2220 3985 2473 4059 οὐδαμῶς
2495 4001 2509 4016 ·
2542 3982 2679 4038 ἀλλὰ
2714 3982 2808 4036 καὶ
2855 3977 2960 4034 εἶδε
3018 3979 3114 4033 καὶ
3168 3977 3580 4048 ὲνηγκαλίσατο.
3613 3975 3675 4027 Ὢ
3697 3973 3783 4042 τῆς

2220 4078 2315 4134 τοῦ
2344 4075 2535 4148 ἀνδρὸς
2568 4074 2797 4146 ἀρετῆςί
2833 4070 2878 4125 ὣ
2913 4071 3012 4142 τῆς
3045 4068 3483 4142 ὑπερϐαλλούσης
3514 4063 3784 4124 εὐλαϐείας

2222 4173 2317 4229 κα)⁵
2376 4166 2774 4238 καθαρότητοςῐ
2813 4183 2831 4216 ι
2872 4165 2967 4228 Εἰς
3024 4164 3078 4230 ἃ,
3132 4181 3151 4215 ι
3198 4161 3338 4215 κατὰ
3381 4162 3472 4214 τὸν
3532 4160 3784 4231 μακάριον

2223 4267 2432 4325 Παῦλον
2447 4264 2512 4337 [ί.
2525 4264 2632 4319 Πέτ
2640 4262 2775 4335 ρον],
2787 4281 2803 4313 ι
2816 4255 3170 4331 ἐπιθυμοῦσιν
3186 4253 3404 4323 ἄγγελοι
3422 4251 3750 4324 παρακύψαι,
3763 4266 3780 4297 ι

2224 4359 2330 4423 εἰς’
2365 4357 2539 4412 ταῦτα
2596 4353 2818 4425 Συμεὼν
2864 4353 2925 4406 οὐ
2969 4345 3286 4422 παρακύψαι
3320 4346 3499 4416 μόνον,
3543 4342 3675 4397 ἀλλὰ
3701 4338 3785 4394 καὶ

2225 4451 2480 4523 καθαρῶς
2526 4445 2883 4519 ἐμϐατεῦσαι,
2927 4443 3022 4496 καὶ¹
3062 4438 3379 4512 ψηλαφῂαι
3433 4436 3640 4499 ταῦτα,
3698 4428 3786 4484 καὶ

2154 4531 2197 4586 1)
2224 4539 2538 4610 ἁκραιφνῶς
2563 4536 2833 4609 μυηθῆναι
2869 4530 3166 4601 δεδύνηται.

2296 4609 2349 4684 9.
2387 4609 2413 4681 «ν
2442 4631 2553 4682 Καὶ
2594 4624 2754 4699 ἦλθεν
2782 4628 2839 4680 ὲν
2877 4624 2954 4695 τῷ
2983 4620 3258 4691 Πνεύματι
3287 4620 3366 4681 εἰς
3392 4617 3454 4671 τὸ
3489 4615 3651 4688 ἱερόν.
3684 4630 3702 4663 ι
3729 4609 3788 4661 Ὦ

546 4716 797 4770 raculum
824 4718 836 4771 !
868 4715 947 4772 Nc
990 4718 1107 4774 suis
1152 4717 1372 4787 quidem
1418 4717 1650 4788 pedibus
1691 4719 1760 4772 ad
1798 4718 2124 4774 sacramenti

2223 4718 2319 4774 τοῦ
2349 4718 2656 4790 θαύματοςῑ
2690 4717 2824 4771 Οὐδὲ
2857 4715 3011 4768 ποσὶν
3041 4708 3258 4771 οἰκείοις
3293 4708 3429 4778 πρὸς
3454 4708 3551 4778 τὴν
3576 4702 3666 4759 τοῦ
3694 4717 3788 4773 μυ-

547 4807 913 4863 ministerium
963 4825 1098 4865 usus
1153 4817 1259 4866 est.
1326 4807 1536 4865 Currus
1588 4809 1693 4880 ipsi
1754 4819 1840 4866 est
1889 4807 2124 4881 Spiritus

2226 4811 2446 4884 στηρίου
2480 4808 2756 4863 διακονίαν
2803 4807 3065 4878 κέχρηται
3101 4802 3243 4876 (50)"
3282 4801 3433 4871 ἅρμα
3456 4799 3514 4852 δὲ
3535 4798 3702 4866 τούτῳ
3734 4790 3789 4846 τὸ

548 4907 774 4956 sanctus
817 4901 909 4970 qui
952 4916 1078 4957 eum
1128 4900 1290 4972 quasi
1331 4900 1556 4962 alatum.
1608 4901 1692 4956 vel
1751 4903 1908 4973 quasi
1959 4902 2123 4956 alium

2226 4901 2451 4973 Πνεῦμα
2497 4900 2557 4954 τὶ
2620 4900 2776 4968 ἆγιον
2825 4898 3031 4968 γίνεται
3060 4895 3152 4949 καὶ
3189 4888 3300 4947 οἷον
3324 4889 3628 4959 ὑπόπτερον
3657 4899 3787 4943 τινα.

548 4994 692 5048 aeris
722 5008 1007 5049 cursorem
1048 4993 1377 5058 Ambacum,
1415 4992 1470 5049 in
1504 4992 1762 5064 templum
1791 4994 2026 5058 inducit,
2060 5006 2124 5048 ac

2232 4993 2327 5047 καὶ
2350 4990 2736 5064 αἰθεροδρόμον
2776 4988 3097 5059 Ἀμϐακοὺμ
3150 4984 3328 5046 ἄλλον,
3379 4981 3517 5054 πρὸς
3560 4979 3648 5032 τὸν
3675 4974 3789 5028 ναὸν

549 5085 696 5140 sistit
746 5088 991 5143 sacrario
1021 5087 1088 5141 ιι.
1131 5086 1230 5141 His
1263 5089 1424 5158 plane
1453 5088 1634 5143 verbis
1666 5088 2003 5159 compellans
2045 5085 2124 5142 νίς

2232 5083 2463 5153 εἰσάγει,
2482 5083 2578 5137 καὶ
2605 5080 2683 5149 τῷ
2712 5079 2843 5151 ἱερῷ
2868 5079 3107 5150 παριστᾷ
3126 5094 3139 5107 ·
3176 5076 3392 5137 πάντως
3439 5090 3540 5126 που
3580 5066 3789 5124 τοιαῦτα

549 5193 670 5234 rum
704 5198 718 5234 :
760 5178 991 5246 Accede,
1030 5179 1230 5235 dilecte
1264 5195 1454 5245 senex,
1506 5195 1615 5250 quo
1650 5158 1988 5236 redditorum
2024 5177 2124 5233 tibi

2230 5176 2368 5248 πρὸς
2400 5175 2562 5228 αὐτὸν
2585 5173 2741 5242 λέγον
2779 5174 2873 5226 καὶ⁹
2900 5169 3412 5243 προσφθεγγόμενον
3437 5164 3549 5237 (51)
3570 5181 3585 5194 ·
3612 5158 3788 5231 Δεῦρο,

621 5335 665 5365 ’⁷
707 5333 773 5386 IV
813 5333 947 5403 Reg.
984 5351 1040 5399 ι,
1076 5338 1164 5391 14.
1241 5337 1287 5368 ’⁸
1321 5334 1484 5390 Num.
1524 5351 1651 5397 xxv,
1684 5334 1739 5388 9.
1816 5335 1861 5369 ν
1900 5333 2040 5403 Λοιοῲ
2061 5348 2115 5396 ν,

2280 5329 2325 5361 ³⁰
2365 5337 2484 5403 Act.
2525 5328 2741 5403 ηιμ-8.
2818 5329 2859 5359 ³⁸
2901 5326 2920 5380 1
2961 5327 3180 5403 Τίιιιηι,
3214 5326 3304 5403 2ο.
3331 5325 3426 5403 ’-³⁸
3466 5323 3610 5379 l’sal.
3646 5330 3790 5403 ιγιιὶ.

555 5402 642 5457 Η.
719 5406 765 5435 ⁸³
802 5386 947 5459 Ρειῖί.
986 5386 1225 5468 Lxxxut,
1255 5386 1759 5468 sfii'isii'fiixi-i,
1784 5403 1838 5459 2.
1919 5386 1965 5435 ³⁸
2002 5386 2124 5457 Geni

2239 5416 2404 5460 mu,
2437 5400 2491 5455 2.
2568 5401 2613 5431 ³⁸
2638 5386 2845 5454 Πεπεε.
2883 5414 3057 5465 thx,
3096 5386 3183 5452 10.
3261 5397 3304 5429 ³⁷
3328 5394 3490 5450 Num.
3528 5408 3673 5457 xxiv,
3709 5386 3789 5442 l7.

555 5473 601 5503 ³⁸
641 5472 796 5529 Deut.
838 5491 1004 5539 xvm,
1048 5478 1135 5532 15.
1211 5478 1256 5508 ³⁸
1294 5476 1313 5528 l
1345 5475 1489 5530 Petr.
1526 5492 1564 5542 ι,
1605 5475 1693 5531 12.
1769 5475 1814 5505 ⁶⁰
1852 5472 1986 5528 Luc.
2020 5488 2094 5539 tt,

2220 5515 2221 5523 χ
2298 5471 2342 5502 δι
2382 5469 2516 5528 Dan.
2550 5486 2662 5535 xlv,
2698 5470 2787 5528 55.

2306 5695 2523 5766 (5t)_lta
2743 5686 2799 5752 9.,
2847 5690 3070 5760 optime.
3119 5685 3187 5741 At
3238 5680 3374 5754 Reg.
3410 5682 3465 5746 1,
3508 5678 3676 5748 λέγων
3705 5664 3789 5726 καὶ

630 5703 741 5776 (ξ.εῆ
777 5702 851 5776 ita
884 5704 1016 5768 Reg.
1048 5705 1103 5758 “2.
1137 5705 1207 5759 At
1236 5707 1290 5760 in
1320 5706 1450 5776 Reg.
1488 5707 1537 5768 l,
1570 5703 1740 5759 εἰπών
1774 5704 1900 5759 dces

2234 5761 2764 5838 προσςρθεγγόμενος.

631 5774 742 5845 (50)
777 5772 904 5845 llcg.
938 5776 993 5839 ‘2,
1027 5772 1419 5847 ἀποκέχρηταιῖ
