3924 6528
136 426 240 482 985

1206 417 1492 476 HOMILIA
1533 417 1597 472 IN
1638 415 2018 474 OCCURSUM
2057 416 2319 475 DOMINI.
2358 492 2361 497 Α

3297 414 3406 473 986

140 539 230 603 ἴθι,
255 536 429 610 γέρον
446 536 603 607 .φίλε,
635 536 725 590 ἵνα
757 535 866 590 τῶν
896 534 1065 590 πάλαι
1084 552 1167 589 σοι
1194 532 1727 608 κεχρηματισμένων

1832 533 1956 589 olim
2004 536 2354 591 oraculorum
2400 541 2657 589 eventum
2694 533 2905 605 liquido
2943 532 3275 603 conspicias,
3304 548 3407 585 no-

137 630 441 701 θαυμάτων
471 627 570 693 τὰς
599 627 856 692 ἐκϐάσεις
897 627 1144 700 ἐναργῶς
1170 628 1403 699 κατόψῃ,
1455 628 1549 680 καὶ
1585 624 1728 697 γνῷς

136 723 258 775 οἴων
314 721 669 793 πραγμάτων
722 719 932 792 μύστης
964 719 1316 791 ὲταμιεύθης,
1341 721 1460 783 οἱάς
1477 718 1728 782 εὐκλείας

138 813 283 883 παρά
318 814 458 877 τοὺς
507 813 697 877 ἄλλους
738 811 1063 884 τετύχηκας.
1121 810 1311 884 Δεῦρο,
1338 810 1439 875 τὰς
1475 809 1729 875 ἐκϐάσεις

133 906 228 975 τῆς
260 903 444 975 καλῆς
471 903 580 975 (52)
614 904 815 975 ἀρετῆς
848 902 1196 973 ἀναλάμϐανε
1216 918 1231 933 ο
1269 900 1363 955 καὶ
1402 901 1438 954 ἆ
1462 901 1728 973 ’πρότερον

136 997 164 1048 ὁ
190 992 433 1062 θεόπτης
463 991 734 1065 αἰσθητῶς
773 991 871 1063 μὲν
890 994 956 1064 τῇ
981 992 1158 1064 πέτρᾳ
1179 993 1243 1063 τῇ
1269 992 1329 1045 ὲν
1351 990 1501 1054 Σινᾶ,
1524 990 1729 1063 νοητῶς

138 1090 193 1143 δὲ
216 1093 283 1162 τῇ
317 1108 391 1144 πε
401 1092 460 1163 p‘t
482 1091 574 1146 τὸν
593 1091 726 1144 Θεὸν
751 1092 986 1164 άρῤαγεῖ
1013 1090 1343 1154 σκεπασθεὶς
1363 1090 1546 1144 πίστει
1576 1089 1728 1161 μόλις

138 1184 211 1244 ὡς
228 1185 320 1238 διά
346 1202 502 1250 τινος
534 1185 696 1256 ὀπῆς,
746 1186 846 1256 τῆς
870 1185 1138 1257 ἀμυδρᾶς,
1180 1179 1357 1255 οἶμαι,
1381 1182 1613 1255 θεωρίας
1635 1182 1729 1237 καὶ

139 1274 415 1344 γνώσεως,
459 1278 517 1330 ἐν
554 1275 816 1329 ὀπισθίων
850 1276 980 1329 εῖδει
1012 1275 1298 1330 τεθέαται·
1338 1274 1511 1330 ταῦτα
1536 1276 1601 1328 σὺ
1634 1274 1728 1328 νῦν

138 1364 382 1437 ἐναργῶς
410 1364 821 1436 καταμάνθανε,
841 1364 936 1418 καὶ
966 1363 1258 1435 μετάϐαινε
1289 1363 1473 1417 λοιπὸν
1502 1363 1610 1417 ἀπὸ
1636 1360 1745 1416 τοῦλ

138 1458 366 1511 θανάτου
426 1458 526 1514 τοῦ
581 1460 639 1511 ὲν
666 1457 744 1529 τῷ
776 1456 989 1528 σώματι
1042 1458 1181 1529 πρὸς
1224 1458 1323 1528 τὴν
1362 1455 1508 1529 ζωὴν
1546 1457 1645 1528 τὴν
1671 1457 1729 1510 ὲν

140 1548 414 1619 πνεύματι
437 1566 452 1579 ·
488 1549 583 1603 κα)¹
608 1549 699 1602 τὸν
728 1549 787 1601 ὲν
820 1549 1110 1620 γράμματι
1124 1549 1311 1620 νόμον,
1328 1541 1372 1616 ᾧ
1388 1546 1566 1612 καλῶς
1591 1546 1729 1617 άγαν

140 1642 229 1695 καὶ
272 1640 549 1711 θεοφιλῶς
604 1640 1045 1712 ἐλειτουργήσας,
1103 1639 1337 1712 μετάθες
1372 1639 1507 1712 πρὸς
1549 1638 1639 1691 τὸν
1670 1640 1729 1691 ἐν

142 1733 338 1804 χάριτι.
403 1732 716 1803 Κέκμηκας
745 1733 853 1806 γάρ
897 1730 1098 1795 ἱκανῶς
1139 1731 1237 1803 ἤδη
1278 1733 1391 1795 τοῖς
1414 1730 1607 1794 τύποις
1634 1730 1729 1784 καὶ

1828 624 2083 697 verisque
2126 626 2348 698 quantis
2397 625 2563 681 rebus
2604 625 2904 695 initiandus
2937 631 3247 683 reservatus
3305 623 3404 683 sis.

1828 725 2090 787 quantam
2142 734 2254 789 pra:
2289 717 2685 789 aliis-gloriam
2726 718 2805 774 sis
2849 725 3199 772 consecutus.
3247 713 3407 774 Veni,

1829 813 2105 881 pratelarae
2148 812 2373 868 virtutis
2402 820 2512 867 tua:
2557 821 2812 867 eventum
2851 811 3090 882 percipe.
3150 809 3229 864 Ac
3288 824 3410 877 qua:

1830 903 1961 957 olim
1999 903 2089 960 ille
2139 903 2235 959 Dei
2278 905 2579 974 inspector,
2630 904 2963 960 sensibiliter
2994 902 3211 973 quidem
3254 909 3408 970 petra

1829 995 2030 1051 montis
2060 993 2232 1057 Sinai,
2267 994 2626 1065 spiritualiter
2674 1001 2855 1049 autem
2888 992 3123 1048 infracta
3153 1007 3252 1047 sua
3281 1004 3410 1059 erga

1830 1083 1997 1141 Deum
2049 1084 2152 1159 (ide
2196 1085 2481 1152 obtectus,
2518 1085 2610 1139 vix
2661 1085 2822 1155 quasi
2872 1100 2971 1156 per
3022 1085 3267 1138 foramen
3313 1083 3411 1137 ob-

1830 1190 2027 1240 scurae,
2065 1176 2283 1245 opinor,
2324 1177 2717 1247 speculationis
2744 1184 2911 1247 atque
2942 1174 3278 1244 cognitionis
3312 1189 3412 1246 po-

1830 1267 2122 1321 steriorum
2177 1267 2361 1338 specie
2406 1268 2545 1322 vidit
2594 1268 2675 1334 ";
2714 1284 2778 1324 ea
2817 1275 2877 1324 tu
2911 1268 3071 1324 modo
3124 1268 3412 1339 perspicue

1829 1358 2069 1423 ediscas,
2113 1366 2279 1428 atque
2316 1359 2538 1415 demum
2580 1368 2833 1416 transeas
2861 1376 2891 1415 a
2924 1361 3199 1431 corporali
3236 1367 3414 1414 morte

1830 1449 1899 1505 ad
1948 1450 2119 1505 vitam
2172 1451 2512 1522 spiritualem
2547 1470 2560 1505 :
2598 1466 2664 1507 ac
2718 1452 2892 1521 legem
2951 1468 3071 1523 qua:
3130 1451 3186 1506 in
3235 1451 3413 1506 littera

1830 1543 1935 1598 sita
1981 1553 2082 1607 est,
2142 1544 2235 1599 cui
2280 1544 2451 1615 probe
2509 1543 2804 1599 admodum
2854 1559 2920 1598 ac
2966 1544 3223 1615 religioso
3284 1559 3414 1615 erga

1829 1632 1998 1689 Deum
2057 1633 2252 1691 all'ectu
2287 1636 2636 1700 ministrasti,
2703 1642 2979 1690 commuta
3013 1637 3065 1690 in
3121 1652 3240 1692 eam
3291 1652 3415 1707 quae

1829 1727 1992 1799 360
2020 1737 2105 1785 est
2132 1728 2185 1783 in
2217 1728 2416 1799 gratia.
2472 1728 2701 1783 Multum
2734 1743 2968 1798 namque
2999 1729 3053 1783 in
3104 1728 3294 1799 ﬁguris
3333 1739 3416 1784 at-

140 1827 254 1886 ταῖς
284 1825 476 1886 σκιαῖς
496 1841 508 1852 ⁸
532 1824 722 1876 νεάσαι
766 1838 826 1874 σε
858 1821 940 1875 δεῖ
962 1824 1027 1893 τῇ
1056 1820 1283 1894 ἀληθείᾳ
1303 1821 1509 1885 λοιπὸν,
1547 1823 1632 1876 ἵνα
1659 1820 1727 1874 τὰ

1832 1834 1936 1889 que
1967 1819 2178 1875 umbris
2203 1820 2488 1875 laborasti.
2523 1818 2643 1874 Jam
2678 1828 2731 1875 te
2752 1828 2967 1890 oportet
3005 1821 3059 1875 in
3084 1822 3308 1878 veritate
3327 1822 3417 1890 ju-

144 1917 260 1988 τέλη
284 1916 399 1971 τῶν
415 1916 661 1986 νομικῶν
678 1931 971 1987 παρατηρη
981 1914 1165 1986 μάτων
1186 1914 1297 1987 (55)
1320 1915 1461 1989 ἀρχή
1488 1931 1568 1968 σοι
1592 1914 1727 1987 πρὸς

1832 1910 1951 1965 nior
1988 1909 2159 1975 ellici,
2209 1920 2270 1966 ut
2299 1910 2555 1982 legalium
2599 1910 3048 1966 Observationum
3099 1911 3256 1976 lines,
3306 1913 3415 1966 ini-

140 2009 206 2063 τὰ
237 2010 340 2080 τῆς
371 2009 602 2080 χάριτος
635 2008 954 2080 χρηματίσῃ
986 2007 1314 2079 διδάγματα.

208 2102 294 2156 10.
330 2101 525 2156 Ταῦτα
549 2100 690 2155 κατά
727 2100 789 2153 τὸ
827 2098 1015 2171 νοητὸν
1049 2097 1141 2164 οὖς
1172 2102 1200 2154 6
1227 2099 1369 2164 θεῖος
1412 2093 1565 2164 οὗτος
1598 2116 1732 2170 πρε-

146 2191 343 2264 σϐύτης
372 2191 620 2255 ἀκούσας
644 2190 796 2262 παρά
812 2188 907 2244 τοῦ
933 2190 1270 2262 Πνεύματος,
1285 2192 1459 2262 χαρᾶς
1473 2190 1609 2255 ὅλως
1636 2192 1731 2245 καὶ

141 2282 484 2355 εὐφροσύνης
536 2281 927 2354 πεπλήρωται’
980 2280 1076 2335 καὶ
1130 2277 1243 2334 οἷον
1283 2279 1470 2345 ἔνθους
1507 2281 1612 2334 ὑπὸ
1633 2279 1727 2334 τοῦ

144 2374 382 2444 θάμϐους
436 2373 749 2444 γενόμενος,
809 2370 1010 2437 οὑτωσί
1060 2389 1178 2435 πως
1227 2371 1306 2443 τῷ
1364 2372 1728 2444 διαλεγομένῳ

145 2464 665 2537 προσαντημείϐετο·
723 2465 835 2517 Καὶ
895 2460 1056 2537 ἦλθεν
1107 2466 1309 2530 ἐκεῖνα,
1376 2464 1723 2536 Παράκλητε,

145 2560 281 2632 άπερ
330 2561 451 2630 ἐγὼ
509 2559 809 2615 θεάσασθαι
862 2559 1348 2633 κεχρημάτισμαι;
1381 2561 1517 2625 ὅλως
1563 2557 1728 2633 ἦλθεν

144 2652 342 2717 ἐκεῖνα,
388 2653 540 2725 άπερ
592 2652 720 2706 ἰδεῖν
759 2649 872 2720 ἐγὼ
913 2652 1065 2723 παρά
1107 2649 1200 2704 σοῦ
1244 2653 1725 2725 προεπήγγελμαι;

147 2744 240 2808 Ab;
290 2741 586 2816 τοιγαροῦν
638 2742 718 2815 τῷ
779 2745 924 2816 γήρᾳ
978 2746 1169 2815 χεῖρα,
1209 2743 1556 2815 Παράκλητε,
1616 2744 1725 2806 δός.

158 2837 379 2901 ’Υπόθες
416 2854 509 2909 μοι
546 2836 644 2907 τὴν
687 2834 843 2907 παρὰ
889 2834 982 2889 σοῦ
1028 2834 1226 2907 χάριν,
1263 2835 1483 2901 ὑπόθες.
1524 2837 1597 2890 Τὸ
1619 2837 1729 2910 γὰρ

146 2928 300 2999 σῶμά
336 2946 432 2996 μοι
470 2927 752 2998 κέκμηκεν
778 2926 903 2997 ἤδη,
935 2926 1031 2979 καὶ
1065 2924 1303 2996 βαδίζειν
1325 2926 1436 2997 (54)
1466 2925 1723 2992 ἐξατονεῖ.

151 3021 425 3075 Βάστασον
453 3020 637 3084 αὐτὸς,
662 3014 707 3073 ὦ
749 3019 911 3087 φύσις
963 3018 1267 3090 παντουργὲ
1305 3018 1397 3072 καὶ
1453 3019 1727 3091 ἀκάματε,

152 3110 418 3180 βάστασόν
475 3126 543 3181 με
596 3109 689 3163 τὸν
742 3108 966 3179 ἀσθενῆ,
1020 3108 1113 3162 τὸν
1157 3109 1409 3179 γέροντα,
1444 3110 1537 3163 καὶ
1593 3110 1730 3182 πρὸς

1829 2003 1967 2058 tium
2013 2003 2112 2057 tibi
2147 2002 2259 2059 sint
2300 2003 2365 2058 ad
2397 2007 2588 2074 gratiae
2613 2003 2964 2058 documenta.

1899 2096 1986 2151 l0.
2024 2096 2121 2151 His
2164 2095 2491 2167 intelligibili
2533 2110 2665 2150 aure
2713 2111 2744 2148 a
2784 2094 2988 2165 Spiritu
3018 2095 3243 2160 auditis,
3277 2096 3417 2150 divi-

1827 2206 1933 2246 nus
1972 2205 2136 2245 senex
2185 2189 2385 2260 gaudio
2427 2188 2589 2259 plane
2625 2198 2789 2260 atque
2820 2189 3008 2245 laetitia
3040 2189 3279 2259 repletus
3307 2195 3413 2252 est,

1829 2298 1893 2337 ac
1938 2289 2162 2353 stupore
2223 2281 2384 2352 quasi
2445 2282 2739 2347 attonitus,
2796 2281 3118 2351 alllatusque
3157 2279 3413 2344 Numine,

1829 2375 1943 2430 haec
1976 2375 2087 2430 fere
2115 2374 2465 2445 compellanti
2500 2374 2745 2443 reposuit
2780 2393 2795 2428 :
2830 2373 3064 2444 Ergone,
3113 2371 3414 2434 Paraclete,

1827 2473 2095 2521 venerunt
2134 2466 2247 2531 illa,
2277 2481 2399 2536 qua:
2419 2465 2665 2521 visurum
2694 2481 2781 2520 me
2812 2465 3042 2520 oraculo
3072 2458 3302 2534 aecepi?
3331 2463 3415 2516 An

1829 2557 1989 2627 plane
2018 2563 2285 2612 venerunt
2318 2555 2410 2610 illa
2457 2571 2579 2627 qua:
2607 2572 2693 2611 me
2716 2562 3145 2625 conspecturum
3181 2552 3414 2625 pollice-

1828 2649 1999 2703 bare?
2025 2647 2244 2703 Manum
2276 2648 2543 2704 senectuti
2577 2649 2813 2719 porrige,
2843 2646 3144 2709 Paraclete,
3176 2645 3411 2716 porrige,

1828 2742 2072 2811 inquam.
2108 2740 2350 2794 Gratiam
2386 2754 2634 2811 suppone
2675 2748 2864 2805 tuam;
2904 2753 3172 2809 suppone,
3202 2751 3409 2809 quaeso.

1826 2832 2107 2888 Caducum
2154 2847 2356 2903 corpus
2405 2847 2586 2887 meum
2630 2830 2885 2886 incedere
2933 2831 3026 2885 vix
3075 2837 3276 2900 potest.
3331 2826 3415 2882 Tu

1828 2934 2060 2996 gestato,
2113 2939 2318 2995 quaeso,
2345 2938 2379 2978 o
2408 2933 2609 2977 natura
2660 2923 2904 2976 omnium
2939 2919 3120 2991 opifex
3162 2925 3214 2975 et
3257 2917 3414 2973 inde-

1830 3016 1997 3081 fessa,
2029 3024 2241 3087 gestato
2268 3030 2355 3071 me
2399 3014 2753 3078 imbecillum,
2788 3028 2997 3080 senem,
3031 3019 3087 3069 et
3114 3026 3280 3082 quam
3319 3025 3416 3067 ce-

1830 3110 2050 3166 lerrime
2099 3124 2165 3165 eo
2198 3108 2481 3164 adducito.
2519 3107 2654 3162 Nam
2680 3107 2726 3164 si
2750 3107 2982 3178 pedibus
3010 3104 3146 3163 meis
3178 3104 3281 3160 iter
3314 3119 3413 3175 ag-

148 3203 320 3256 ἐκεῖνα
378 3203 448 3255 τὸ
499 3202 666 3272 τάχος
706 3199 982 3269 ἀπάγαγε.
1023 3198 1150 3254 Ἐάν
1183 3200 1292 3273 γὰρ
1324 3199 1537 3272 θελήσω
1575 3203 1727 3256 ποσὶν

1833 3202 2050 3273 grediar
2079 3242 2092 3267 ,
2135 3200 2191 3256 in
2221 3201 2308 3256 via
2354 3200 2676 3264 cunctabor,
2717 3199 2808 3253 illa
2842 3197 3060 3254 interim
3095 3195 3413 3258 abscedent,

150 3295 358 3358 οἰκείοις
421 3293 561 3364 πρὸς
616 3292 825 3360 βάδισιν
865 3290 1193 3363 χρήσασθαι,
1245 3290 1482 3364 χρονίξω
1516 3296 1733 3359 πάντως

148 3387 202 3436 ἐν
227 3389 290 3457 τῇ
314 3384 446 3456 ὀδῷ,
474 3386 701 3438 κάκεῖνα
748 3383 1103 3455 παρέρχεται,
1137 3384 1232 3438 καὶ
1261 3385 1322 3439 οὐ
1357 3383 1546 3458 θεωρῶ
1570 3387 1729 3442 αύτά.

152 3476 251 3529 Καὶ
281 3478 334 3530 οἴ
371 3493 468 3548 μοι
499 3474 604 3528 τῶν
632 3474 994 3547 σκυθρωπῶν,
1015 3477 1061 3528 εί
1089 3473 1236 3539 ξένος
1276 3475 1481 3530 τούτων
1503 3481 1731 3550 γενήσο-

153 3588 261 3639 μαι,
289 3561 364 3624 ὧν
393 3568 495 3633 τὰς
524 3567 795 3640 ἐμφάσεις
833 3567 944 3639 (55)
977 3567 1259 3639 πόρρωθεν
1293 3568 1522 3623 ἕλαϐονί
1565 3570 1732 3626 Οὔπω

148 3661 308 3716 ταῦτα
334 3661 481 3715 κατά
513 3660 636 3714 νοῦν
666 3662 694 3713 6
726 3659 1039 3733 πρεσϐύτης
1065 3658 1470 3726 ἀνετυπώσατο,
1500 3663 1595 3717 καὶ
1612 3666 1731 3729 ταῖς

150 3752 233 3805 τοῦ
266 3753 371 3807 νεὼ
396 3753 596 3817 πύλαις
625 3753 818 3806 θᾶττον
845 3752 878 3824 ἢ
913 3752 1071 3821 λόγος
1104 3751 1457 3824 παρίσταται.
1497 3771 1516 3804 ι
1556 3750 1731 3808 Ἦλθε

149 3844 248 3915 γάρ
274 3848 330 3900 ὲν
363 3845 448 3916 τῷ
480 3843 780 3915 Πνεύματι,
819 3841 1004 3913 φησὶν,
1059 3842 1115 3894 ὲν
1153 3839 1231 3911 τῷ
1261 3840 1411 3913 ἱερῷ.
1439 3860 1457 3891 ι
1493 3842 1726 3917 Τοιαύτη

1838 3309 1941 3349 nec
1992 3293 2312 3363 conspicere
2362 3291 2550 3345 licebit
2594 3290 2748 3346 mibi.
2815 3291 2893 3345 Ac
2946 3305 3027 3344 va:
3060 3288 3215 3355 mihi,
3250 3303 3415 3358 quam

1839 3387 1995 3443 triste
2040 3384 2192 3449 illud,
2218 3385 2265 3438 si
2313 3383 2380 3439 iis
2429 3384 2706 3454 privabor,
2735 3398 2967 3454 quorum
3002 3382 3213 3453 jamdiu
3246 3382 3418 3437 visio-

1838 3493 1937 3532 nes
1966 3475 2175 3545 accepi.
2241 3472 2367 3529 Haec
2401 3474 2621 3528 vixdum
2658 3488 2826 3529 senex
2860 3473 3044 3527 animo
3064 3479 3412 3541 conceperat,

1833 3578 2001 3641 atque
2033 3569 2099 3623 ad
2134 3568 2319 3639 templi
2354 3566 2501 3623 fores
2524 3568 2689 3622 citius
2720 3567 2870 3621 dicto
2901 3568 3157 3623 sistitur:
3197 3583 3217 3618 ι
3255 3564 3417 3620 Venit

1832 3663 2012 3725 enim,
2060 3660 2267 3730 inquit,
2323 3659 2379 3713 in
2416 3657 2699 3728 Spirituin
2725 3659 3009 3729 templum.
3035 3677 3052 3709 ι
3087 3657 3414 3727 Hujusmodi

1831 3760 1917 3808 est
1968 3750 2113 3807 enim
2147 3749 2325 3804 virtus
2362 3747 2622 3818 Spiritus,
2665 3755 2725 3803 ut
2754 3749 2826 3803 sit
2859 3749 2937 3803 illi
2966 3749 3220 3804 voluntas
3253 3762 3411 3817 opus,

1830 3854 1884 3902 et
1926 3860 2016 3900 res
2055 3844 2187 3915 ipsae
2240 3843 2536 3913 cogitatum
2569 3841 3001 3911 subsequantur.

148 3940 304 4014 γάρὴ
368 3941 467 3995 τοῦ
517 3939 833 4011 Πνεῦματως
883 3937 1131 4010 δύναμις,
1174 3937 1333 4008 ἔργον
1365 3939 1481 4010 ,τὴν
1536 3938 1790 4024 βούλησιν
1829 3944 2048 4015 ἔχουσα,
2096 3940 2192 3995 καὶ
2254 3943 2322 4012 τῇ
2396 3938 2645 4011 βουλήσει
2712 3937 3279 4012 συμπαρομαρτοῦντα
3339 3935 3413 3989 τὰ

150 4033 465 4104 πράγματα.

216 4147 297 4204 ll.
339 4168 360 4201 ι
408 4148 520 4202 Καὶ
554 4149 610 4201 ὲν
636 4146 715 4217 τῷ
763 4145 1006 4215 εἰσάγειν
1044 4147 1170 4210 τοὺς
1198 4149 1376 4216 γονεῖς
1416 4148 1478 4202 τὸ
1516 4150 1728 4205 παιδίον

164 4240 377 4312 Ἰησοῦν,
414 4238 510 4293 τοῦ
538 4238 764 4309 ποιῆσαι
814 4238 956 4292 κατά
998 4237 1062 4291 τὸ
1095 4237 1402 4309 εἰθισμένον
1443 4238 1536 4293 τοῦ
1562 4241 1728 4311 νόμου

152 4332 267 4403 πρ).
291 4329 487 4391 αὐτοῦ,
518 4330 612 4384 καὶ
646 4329 807 4393 αὐτὸς
833 4328 1051 4394 ἐδέξατο
1079 4329 1211 4382 αὐτὸ
1243 4331 1323 4394 είς
1353 4329 1453 4394 τάς
1482 4331 1729 4400 ἀγκάλας

150 4419 319 4474 αὐτοῦ.
348 4441 368 4472 ι
410 4416 564 4483 Εἶδες
584 4417 890 4489 ἀπάντησιν
920 4417 1077 4490 ξένην
1107 4420 1201 4472 καὶ
1238 4419 1376 4492 ὑπὲρ
1412 4420 1726 4490 ἄνθρωπον;

152 4505 289 4574 Εἶδες
302 4512 633 4580 ἀπάντησιν,
650 4510 750 4562 οὐκ
766 4510 829 4563 ἐκ
843 4509 1131 4580 συντυχίας
1146 4510 1310 4577 τινὸς,
1332 4512 1365 4583 ἢ
1388 4511 1728 4583 συνθήματος

149 4606 455 4677 γενομένην,
474 4605 589 4659 ἀλλ’
606 4607 671 4658 ὲκ
686 4607 1061 4678 πνευματικῆς
1077 4609 1357 4680 ἐνεργείας
1374 4610 1468 4663 καὶ
1483 4611 1725 4682 χάριτος;

153 4697 266 4761 Καὶ,
282 4697 327 4752 ὣ
339 4696 437 4752 τοῦ
454 4697 729 4768 θαύματος
750 4698 762 4751 l
785 4697 906 4751 οὐδὲ
920 4700 1115 4769 μικρόν
1137 4718 1188 4753 τι
1211 4699 1336 4753 θάτε
1346 4718 1437 4772 ρος
1463 4702 1728 4775 προέλαϐε

152 4784 381 4859 θάτερον,
415 4787 529 4841 ἀλλ’
562 4786 699 4858 ὁμοῦ
719 4788 952 4858 Χριστός
970 4805 1029 4841 τε
1048 4790 1140 4843 καὶ
1152 4790 1397 4860 Συμεὼν,
1428 4794 1456 4846 6
1493 4793 1589 4863 μὲν
1608 4795 1728 4857 ταῖς

157 4883 433 4952 μητρικαῖς
457 4880 703 4945 ὠλέναις,
730 4883 759 4935 ό
782 4880 839 4934 δὲ
869 4881 948 4952 τῷ
983 4882 1263 4952 Πνεύματι
1290 4882 1715 4954 βασταζόμενος,

151 4974 208 5041 τῇ
234 4973 322 5026 τοῦ
374 4973 522 5044 ἱεροῦ
557 4972 690 5044 φλιᾷ
732 4974 1211 5047 παρειστήκεισαν.
1257 4974 1316 5028 '0
1353 4974 1453 5046 μὲν
1481 4969 1593 5041 οὖν,
1620 4976 1718 5047 τῆς

150 5063 270 5133 πρὸς
307 5067 413 5136 γῆν
468 5065 767 5129 ἁνανεύσας
807 5064 1128 5135 συγκύψεως
1146 5083 1159 5096 ·
1180 5066 1331 5120 κάτω
1359 5062 1557 5138 γὰρῆν
1579 5067 1719 5132 τέως

151 5155 405 5207 (mvede
430 5153 509 5224 τῷ
539 5156 687 5225 γήρᾳ
717 5156 1098 5225 καμπτόμενος
1120 5172 1134 5184 ·
1167 5154 1338 5227 βραχύ
1371 5172 1423 5208 τι
1450 5154 1526 5208 τὼ
1566 5155 1717 5220 πόδε,

150 5241 235 5313 τὴν
264 5244 562 5319 βακτηρίαν
596 5246 779 5317 ῥίψας,
816 5247 1248 5318 ἐπιστηρίζεται,
1281 5247 1375 5300 καὶ
1407 5248 1504 5310 τὰς
1532 5250 1718 5319 χεῖρας

150 5334 399 5401 ἐκτείνας,
446 5336 555 5390 τῶν
603 5336 883 5409 μητρικῶν
928 5338 1180 5406 ἀγκαλῶν
1224 5338 1408 5392 λαϐεῖν
1462 5340 1720 5409 ἐπειρᾶτο

148 5423 228 5478 τὸν
255 5428 600 5500 θεάνθρωπον
632 5430 855 5499 νήπιοψ
899 5430 932 5500 ἡ
962 5430 1020 5482 δὲ
1076 5430 1269 5502 μικρὸν
1302 5430 1400 5502 μὲν
1453 5431 1715 5502 ἐπέσχεν*

208 5580 251 5615 ⁸³
289 5582 458 5638 Exod.
490 5597 699 5652 xxxut,
731 5582 824 5640 21.
898 5584 948 5618 ⁸⁸
984 5583 1121 5642 Luc.
1158 5602 1235 5654 ιι,
1270 5585 1363 5643 27.

212 5758 317 5836 (ξὲ)
340 5762 529 5836 Καλῆς
552 5763 706 5836 deest
736 5764 790 5819 in
817 5763 952 5836 Reg.
983 5765 1039 5820 2.

212 5832 315 5905 (55)
349 5832 555 5907 Ιίεεζῖ,
588 5835 696 5890 τῶν
724 5832 931 5908 νοητῶν
965 5853 1099 5909 παρ.

1902 4148 1989 4204 li.
2036 4166 2055 4201 ι
2095 4147 2163 4201 Et
2202 4162 2326 4202 cum
2377 4143 2703 4200 inducerent
2733 4158 2961 4214 puerum
2994 4140 3180 4198 Iesum
3213 4157 3410 4213 paren-

1829 4254 1911 4300 tes
1938 4243 2080 4313 ejus,
2112 4248 2173 4296 ut
2204 4240 2449 4295 facerent
2497 4237 2799 4295 secundum
2835 4235 3288 4292 consuetudinem
3335 4236 3405 4290 le-

1826 4337 1910 4405 gis
1944 4351 2041 4407 pro
2082 4349 2189 4390 eo:
2221 4340 2274 4388 et
2309 4333 2425 4402 ipse
2462 4330 2674 4400 accepit
2699 4345 2825 4385 eum
2852 4329 2907 4383 in
2940 4329 3099 4384 ulnas
3132 4344 3262 4384 suas
3284 4327 3349 4383 ⁸³.
3384 4346 3404 4381 ι

1835 4426 2091 4481 Vidistin’
2120 4440 2410 4480 occursum
2453 4422 2779 4484 mirabilem,
2811 4437 2874 4475 ac
2901 4436 3063 4491 supra
3093 4420 3412 4475 hominem?

1830 4517 2425 4578 Vidistin’occursum,
2484 4529 2595 4568 non
2626 4527 2793 4567 causa
2823 4517 2917 4565 aut
2973 4511 3272 4564 constituto
3327 4507 3407 4561 fa-

1833 4619 2005 4674 ctum,
2030 4608 2125 4664 sed
2150 4624 2218 4663 ex
2252 4606 2526 4678 spirituali
2558 4605 2874 4675 operatione
2927 4610 2983 4657 et
3016 4600 3232 4672 gratia?
3263 4599 3346 4662 Et,
3378 4612 3413 4653 o

1834 4717 1923 4756 res
1961 4700 2116 4766 ntira,
2164 4714 2236 4754 ne
2266 4698 2550 4752 minimum
2586 4695 2805 4766 quidem
2837 4693 2974 4747 alter
2999 4692 3228 4745 alterum
3268 4686 3431 4759 prat-'

1832 4792 2142 4863 occupavit,
2179 4790 2275 4845 sed
2307 4804 2415 4843 una
2467 4787 2720 4842 Christus
2746 4791 2799 4839 et
2837 4783 3095 4854 Symeon,
3146 4780 3409 4834 maternis

1823 4884 1915 4940 ille
1969 4883 2137 4947 ulnis,
2192 4880 2285 4936 hic
2340 4879 2548 4950 Spiritu
2586 4884 2854 4947 gestatus,
2898 4873 2965 4928 ad
2995 4872 3182 4943 templi
3224 4871 3409 4925 limina

1822 4973 1985 5030 simul
2035 4976 2324 5028 steterunt.
2385 4967 2616 5039 Symeon
2685 4973 2866 5021 autem
2914 4979 2943 5017 a
2987 4963 3255 5017 curvitate
3309 4975 3409 5016 sua

1823 5078 2027 5134 corpus
2070 5063 2328 5132 erigens:
2361 5076 2487 5115 nam
2520 5075 2631 5131 prae
2682 5063 2969 5113 senectute
3017 5069 3246 5124 corpore
3278 5068 3408 5107 cur-

1827 5171 1929 5209 vus
1961 5169 2280 5226 pronusque
2322 5161 2461 5218 erat,
2495 5151 2707 5221 abjecto
2736 5149 2955 5209 baculo,
2990 5146 3217 5218 pedibus
3259 5145 3409 5200 brevi

1821 5255 2066 5317 tempore
2126 5245 2357 5312 nititur,
2403 5244 2757 5312 extensisque
2808 5239 3083 5301 manibus,
3141 5235 3406 5292 infantem

1821 5337 1988 5393 Deum
2024 5338 2299 5392 hominem
2340 5336 2602 5390 maternis
2650 5350 2717 5389 ex
2752 5332 2897 5387 ulnis
2938 5331 3188 5401 accipere
3235 5342 3405 5383 cona-

1818 5430 2002 5486 batur.
2056 5427 2348 5483 Paululum
2415 5424 2587 5481 Mater
2635 5424 2906 5492 cohibuit,
2959 5421 3194 5480 necdum
3256 5420 3405 5481 enim

1896 5762 2007 5832 (34)
2040 5760 2173 5832 Res-
2196 5759 2253 5832 2.
2287 5757 2535 5832 ﬂeo-’50)»

1882 5829 1997 5904 (53$)
2034 5829 2167 5904 Reg.
2192 5830 2249 5896 2,
2276 5829 2373 5894 τὰς
2402 5829 2677 5895 ἐκϐάσεις.
