4022 6382
598 325 703 382 987

1713 321 1771 375 S.
1813 318 2278 377 ATHANASIUS.
2321 351 2390 361 -—
2430 317 2698 375 SPURIA.

3736 318 3811 375 988

596 447 748 502 clare
800 452 1022 500 noverat
1062 458 1245 499 senem
1295 442 1351 497 in
1400 442 1605 513 Spiritu
1665 440 1722 495 in
1767 441 2029 511 templum
2079 440 2136 493 ad

2234 443 2332 499 τοῦ
2381 440 2490 511 γάρ
2541 458 2628 494 πω
2668 440 2851 509 σαφῶς
2911 439 3024 510 ᾔδει
3073 438 3173 510 τὴν
3215 440 3273 492 ὲν
3304 439 3590 511 Πνεύματι
3626 440 3746 512 πρὸς
3769 442 3812 494 τὸ

594 536 835 590 venisse.
877 533 1026 596 Post,
1050 539 1120 591 ,ιιι
1154 532 1393 590 divinum
1432 532 1570 586 vidit
1603 530 1886 591 infantem,
1921 531 1977 585 in
2024 531 2170 586 ulnis

597 626 993 679 subsultautem
1022 624 1136 678 suis
1164 662 1180 688 ,
1231 632 1395 693 atque
1426 622 1481 677 in
1513 623 1662 678 illius
1712 623 1925 677 insilire
1971 636 2168 677 manus

596 719 1033 779 contendentem,
1075 716 1255 771 statim
1280 717 1561 787 cognoscit
1596 716 1704 771 vim
1754 715 1998 788 mysterii
2050 732 2168 770 ma-

592 820 807 877 nusque
844 808 1140 878 porrigenti
1197 810 1315 863 seni
1364 809 1535 863 tradit
1577 808 1752 864 illum.
1800 809 2025 878 Accipe,
2053 810 2166 864 cla-

594 913 775 962 mans,
805 898 968 952 homo
994 900 1484 964 venerabilissime,
1516 915 1638 955 eum
1670 901 1763 970 qui
1795 900 1849 954 in
1880 909 1952 966 te,
1991 901 2165 971 magis

586 1007 751 1062 quam
788 992 844 1045 in
894 1007 979 1047 me
1033 1007 1355 1063 puerperam
1378 1031 1393 1056 ,
1432 992 1642 1048 insilire
1680 991 1946 1067 festinat:
1980 995 2165 1063 accipe

586 1081 739 1135 illum
772 1081 866 1151 qui
917 1090 970 1137 te
1016 1082 1187 1152 magis
1243 1097 1408 1152 quam
1458 1082 1660 1154 Joseph
1697 1084 1899 1153 expetit
1932 1102 1945 1138 :
1979 1083 2163 1154 accipe

583 1173 735 1227 illum
772 1173 863 1242 qui
909 1175 1164 1229 amicitia:
1203 1182 1308 1228 tuae
1349 1190 1513 1233 suum
1550 1191 1678 1247 erga
1707 1191 1795 1231 me
1827 1175 2046 1231 Matrem
2077 1175 2161 1230 af-

584 1264 785 1318 fectum
827 1264 1152 1332 posthabere
1203 1265 1423 1320 videtur
1454 1284 1467 1320 :
1502 1266 1720 1335 accipe,
1749 1280 1813 1320 ac
1842 1280 1875 1320 a
1913 1274 1966 1321 te
2015 1265 2161 1321 desi-

580 1357 768 1411 derato
808 1358 1072 1412 arbitratu
1119 1366 1212 1413 tuo
1259 1358 1461 1413 fruere.
1512 1357 1638 1413 Haec
1680 1358 1931 1429 Deipara,
1981 1373 2046 1413 ac
2100 1359 2157 1414 in

581 1448 732 1501 senis
760 1449 1012 1504 manibus
1043 1449 1214 1503 filium
1244 1449 1477 1519 reponit.
1533 1447 1671 1503 Tum
1700 1450 1790 1504 ille
1812 1490 1827 1515 ,
1858 1465 2021 1520 quam
2066 1465 2159 1505 ce-

580 1537 804 1594 lerrime
854 1541 1115 1596 inclinato
1171 1542 1228 1596 in
1273 1558 1501 1612 puerum
1534 1543 1708 1607 vultu,
1763 1543 2048 1613 oculisque
2099 1543 2155 1597 in

576 1629 700 1698 ejus
732 1630 878 1686 labia
925 1633 1153 1689 intentis
1186 1653 1201 1689 :
1238 1633 1326 1691 his
1353 1649 1477 1690 eum
1525 1633 1695 1690 ferme
1742 1634 1967 1690 vocibus
2003 1647 2155 1689 com-

574 1723 796 1794 pellavit
825 1743 837 1779 :

644 1985 735 2042 12.
774 1984 907 2053 Quae
957 1995 1107 2043 tanta
1148 2000 1241 2047 tua
1283 1992 1400 2047 haec
1444 2007 1572 2063 erga
1611 2008 1712 2051 nos
1750 1993 2001 2051 homines
2039 1996 2149 2052 cle-

572 2078 775 2132 mentia
811 2087 866 2134 et
904 2082 1302 2151 attemperatio,
1344 2081 1609 2141 Domine?
1662 2085 1793 2153 Quae
1829 2096 1995 2143 tanta:
2047 2088 2150 2143 mi-

571 2170 867 2226 serationis
897 2182 1002 2227 tum
1040 2174 1283 2231 divitiae?
1333 2174 1473 2243 Quid
1514 2186 1661 2233 tuam
1702 2180 1871 2233 movit
1908 2181 2147 2236 clemen-

568 2262 726 2327 tiam,
788 2273 847 2319 ut
883 2281 987 2322 nos
1025 2267 1324 2326 vilissimos
1361 2271 1651 2326 visitares?
1708 2270 1892 2341 Ecqua
1931 2272 2144 2327 ratione

569 2353 637 2408 ad
678 2371 778 2412 nos
807 2360 980 2421 venis,
1017 2375 1050 2414 ο
1087 2361 1320 2433 benigne
1361 2376 1427 2417 ac
1459 2363 1725 2418 bonorum
1764 2379 1977 2431 amans,
2036 2363 2144 2420 Do-

565 2449 751 2504 mine?
794 2449 878 2505 An
910 2452 1192 2507 cherubim
1233 2463 1397 2525 atque
1442 2456 1714 2526 seraphim
1762 2457 2143 2512 commovisti?

565 2540 649 2592 An
710 2540 876 2595 alium
932 2557 1147 2611 omnem
1198 2545 1502 2601 caelestium
1562 2554 1814 2603 ornatum
1872 2546 2143 2604 adducis?

564 2629 705 2686 Num
761 2651 782 2685 ι
825 2637 1118 2689 commotio
1180 2637 1427 2707 quaedam
1468 2638 1611 2693 facta
1649 2646 1774 2705 est,
1830 2638 1915 2693 vel
1979 2639 2139 2708 spiri-

562 2731 656 2778 tus
690 2725 913 2795 grandis
946 2734 999 2781 et
1038 2726 1197 2784 fortis
1235 2730 1559 2796 subvertens
1599 2738 1815 2787 montes
1852 2739 1908 2787 et
1946 2739 2136 2789 conte-

561 2829 691 2870 rens
728 2826 949 2885 petras;
1007 2819 1090 2873 vel
1128 2820 1269 2890 ignis
1305 2820 1466 2877 facile
1515 2830 1833 2888 exterrens,
1873 2838 1938 2878 ac
1976 2839 2134 2880 acce-

557 2907 753 2963 dentes
790 2922 1158 2978 consumens;
1198 2913 1282 2968 vel
1321 2929 1429 2969 vox
1467 2928 1615 2969 aura:
1652 2916 1834 2971 tenuis
1853 2915 1921 2994 ⁸⁸,
1955 2935 1975 2969 ι
2017 2919 2135 2988 qui-

556 3002 663 3057 bus
699 3009 754 3058 te
789 3003 918 3056 olim
959 3002 1231 3060 Thesbitae
1267 3005 1601 3061 exhibuisti?
1628 3005 2004 3077 Nequaquam,
2045 3008 2133 3063 in-

555 3093 697 3162 quit,
736 3108 770 3149 o
807 3110 972 3150 senex
1012 3095 1295 3166 sapientia:
1332 3096 1736 3153 studiosissime
1768 3116 1781 3153 :
1811 3114 1934 3153 cum
1974 3100 2124 3156 nulla

554 3198 739 3239 rerum
778 3200 967 3241 earum
1006 3187 1163 3243 vobis
1200 3201 1456 3258 appareo.
1495 3187 1572 3242 Ea
1609 3190 1754 3244 enim
1794 3205 1987 3261 capere
2032 3207 2129 3248 ne-

551 3276 673 3345 quit
708 3287 904 3332 natura
943 3280 1193 3335 mortalis
1250 3280 1699 3352 materialisque;
1750 3282 1847 3338 sed
1907 3297 2129 3340 carnem

552 3363 760 3429 ferens,
828 3367 1093 3438 vobisque
1156 3368 1411 3427 similis:
1466 3370 1646 3428 infans
1708 3380 1769 3427 ut
1831 3373 2007 3440 vides,
2063 3388 2129 3432 ac

550 3459 821 3527 corporali
858 3467 1066 3515 statura
1115 3461 1292 3518 adhuc
1334 3464 1592 3533 puerulus
1643 3472 1698 3520 et
1733 3466 2124 3537 imperfectus:

603 3547 707 3618 ει
729 3548 909 3604 infans
939 3551 1114 3606 adhuc
1142 3553 1338 3623 pannis
1363 3552 1657 3618 involutus,
1686 3564 1931 3611 materna
1948 3557 2126 3613 adhuc

551 3638 720 3693 ubera
769 3641 1031 3698 ambabus
1086 3645 1497 3715 apprehendens
1560 3649 1813 3706 manibus
1854 3669 1868 3706 :
1918 3650 2121 3717 infans,

548 3729 845 3784 obscurum
886 3732 1093 3804 aliquid
1131 3735 1399 3794 hactenus
1450 3739 1735 3808 proferens
1773 3740 2124 3797 intercisum-

545 3836 675 3889 que,
710 3823 780 3877 ob
805 3839 924 3878 eam
956 3842 1119 3895 quam
1159 3843 1226 3883 ex
1276 3828 1445 3884 Maria
1485 3833 1693 3902 sumpsi
1738 3848 1957 3890 carnem
1994 3834 2122 3889 :in-

546 3909 669 3966 fans
708 3928 866 3982 quem
906 3918 1051 3973 ulnis
1088 3921 1486 3990 complecteris,
1542 3927 1633 3995 qui
1676 3925 1744 3980 ad
1783 3936 2015 3983 matrem
2067 3935 2123 3983 et

549 4000 719 4055 ubera
763 4006 1021 4075 respicio.
1080 4008 1145 4062 Et
1194 4011 1311 4066 haec
1355 4014 1573 4083 quidem
1612 4016 1726 4086 jam
1775 4020 1995 4074 adsunt.
2052 4018 2122 4074 At

545 4089 694 4145 brevi
719 4102 905 4161 postea
933 4097 1023 4150 ubi
1050 4101 1228 4155 aetatis
1260 4103 1599 4158 tricesimum
1632 4107 1864 4178 attigero
1889 4124 2116 4175 annum,

547 4190 659 4234 tum
690 4180 918 4240 Joannis
948 4186 1276 4257 baptismate
1321 4193 1680 4263 baptizandus
1716 4214 1860 4264 sum,
1897 4202 2119 4256 traden-

543 4269 669 4332 dus,
704 4270 921 4326 vinctus
955 4274 1021 4329 ad
1054 4274 1311 4346 Caipham
1342 4281 1713 4353 adducendus,
1744 4292 2112 4362 exspuendus,

545 4359 791 4427 tolitphis
820 4362 1132 4430 caedendus,
1163 4365 1534 4436 flagellandus.
1562 4373 1777 4429 demum
1801 4359 2117 4450 cruciﬁgen-

541 4450 645 4505 dus
673 4466 738 4506 ac
762 4452 952 4509 lancea
980 4456 1364 4525 perforandus,
1396 4463 1543 4518 velut
1569 4475 1819 4523 mortuus
1848 4468 1905 4523 in
1932 4473 2115 4541 sepul-
2141 4493 2188 4552 ι)

538 4554 636 4594 cro
663 4540 1035 4612 deponendus,
1072 4546 1330 4602 seductor
1354 4551 1652 4615 vocandus,
1676 4552 1926 4624 denique,
1951 4540 2109 4626 quid-

536 4631 665 4701 quid
695 4631 947 4688 humana:
975 4638 1251 4706 proprium
1284 4649 1494 4696 naturae
1522 4642 1705 4708 fuerit,
1754 4646 1979 4711 perinde
2026 4656 2108 4703 at-

533 4737 641 4790 que
667 4737 796 4789 vos,
830 4736 1024 4794 praeter
1051 4738 1332 4797 peccatum
1364 4744 1661 4789 assumant.
1728 4733 1839 4789 Nec
1867 4737 2104 4803 mireris,

533 4827 668 4868 neve
704 4814 1064 4885 obstupescas
1093 4820 1300 4885 animo,
1336 4832 1431 4875 aut
1452 4824 1751 4893 percellare
1782 4845 1795 4880 :
1823 4827 1925 4882 hoc
1950 4843 2106 4882 nam-

528 4917 635 4971 que
666 4908 989 4976 mysterium
1040 4916 1123 4964 est
1154 4925 1183 4963 a
1212 4912 1428 4967 saaculis
1457 4925 1618 4985 atque
1662 4921 2107 4988 generationibus

524 4998 821 5052 occultum.
863 4999 979 5055 Hoc
1012 5017 1265 5074 magnum
1298 5012 1383 5060 est
1413 5003 1591 5062 Patris
1618 5011 1902 5067 consilium
1932 5031 1947 5080 ;
1990 5013 2105 5069 haec

522 5101 717 5158 magna
746 5090 865 5159 ejus
892 5093 1256 5162 praescientia,
1284 5095 1442 5166 cujus
1472 5115 1572 5169 ego
1626 5103 1852 5173 angelus
1889 5119 1919 5157 a
1976 5120 2104 5175 pro-

519 5176 696 5246 phctis
726 5178 820 5236 Dei
848 5181 1029 5238 aﬂlatu
1059 5184 1351 5256 praedictus
1379 5204 1498 5245 sum
1520 5190 1567 5222 "
1587 5233 1601 5247 .
1644 5190 1768 5248 Haec
1798 5210 1990 5266 magna
2019 5205 2105 5252 est

594 5329 639 5362 “
681 5331 743 5387 lll
780 5335 913 5408 Reg.
946 5355 1058 5403 χιιι,
1098 5343 1184 5398 15.
1274 5344 1322 5377 ⁸⁸
1355 5344 1460 5401 lsa.
1498 5361 1576 5413 ιι,
1607 5344 1680 5413 6;
1710 5346 1938 5405 Malacb.
1971 5364 2055 5413 ιιι,
2088 5351 2139 5405 1.

740 5517 819 5602 ita
850 5520 984 5602 Reg.
1093 5525 1328 5602 AtReg1
1358 5530 1409 5595 Ι,
1444 5531 1677 5602 ἑωρᾶτο.

740 5587 873 5660 Reg.
905 5586 961 5653 Ξῖ
996 5596 1103 5649 τῶν
1125 5586 1390 5660 οὐρανῶν.

754 5656 884 5730 Beg.
908 5663 964 5724 2,
996 5666 1089 5718 καὶ
1116 5656 1222 5730 πρὸ
1249 5668 1455 5724 τούτου.

606 5726 719 5798 (59)
753 5726 884 5801 Reg.
921 5733 977 5789 9.
1005 5726 1383 5792 περιπτεῦσαι.

2273 531 2417 603 ἱερὸν
2473 531 2566 584 τοῦ
2615 530 2871 602 γέροντος
2917 530 3131 600 ἄφιξιν·
3183 529 3375 602 ἔπειτα
3406 531 3477 597 δ’,
3521 532 3602 595 ὥς
3632 531 3810 586 τὸθεῖον

2269 623 2466 695 βρέφος
2483 628 2601 688 ταῖς
2632 622 2837 694 ταύτης
2864 622 3131 691 ἀγκάλαις
3162 622 3307 696 ἐώρα
3335 623 3451 696 (56)
3479 627 3809 698 περισκιρτῶν

2267 716 2360 768 καὶ
2391 716 2528 786 πρὸς
2569 715 2669 779 τὰς
2696 715 2903 768 ἐκείνου
2949 714 3206 786 παλάμας
3238 717 3665 789 παρεκπηδῆσαι
3703 719 3810 787 φιλο-

2264 806 2498 870 νεικοῦν,
2533 805 2726 860 θᾶττόν
2752 823 2812 860 τε
2835 804 3093 872 γινώσκει
3120 806 3214 859 τοῦ
3235 806 3542 877 μυστηρίου
3568 808 3664 878 τὴν
3690 808 3809 863 δύνα-

2266 912 2358 966 μιν
2378 911 2390 925 ·
2425 897 2520 949 καὶ
2551 894 2629 966 τῷ
2654 893 2932 965 πρεσϐύτῃ
2975 893 3353 965 χειραπλοῦντι
3379 895 3543 949 τοῦτο
3582 914 3807 967 προσεπι-

2260 986 2458 1039 δίδωσι·
2481 986 2661 1054 Δέξαι,
2692 985 2892 1057 βοῶσα,
2920 984 3263 1059 γεραρώτερε
3286 986 3570 1059 ἄνθρωπε,
3590 989 3680 1042 τὸν
3707 990 3809 1060 πρὸς

2262 1076 2323 1127 σὲ
2381 1076 2579 1146 μᾶλλον
2634 1075 2676 1148 ἢ
2700 1075 2836 1147 πρὸς
2873 1077 2973 1147 ἐμὲ
3007 1076 3106 1148 τὴν
3133 1076 3398 1132 τεκοῦσαν
3430 1077 3528 1132 νῦν
3559 1081 3808 1151 ἐπειγόμε-

2262 1183 2348 1219 νον
2374 1184 2387 1195 -
2413 1167 2559 1231 δέξαι
2589 1167 2680 1220 τὸν
2708 1167 2769 1219 σὲ
2815 1165 3080 1220 ποθοῦντα
3118 1167 3316 1238 μᾶλλον
3344 1168 3378 1241 ἢ
3427 1169 3660 1241 Ἰωσήφ·
3691 1171 3807 1238 δέξαι

2257 1257 2348 1310 τὸν
2377 1258 2632 1331 δευτέραν
2654 1258 2751 1325 τῆς
2780 1259 2878 1330 σῆς
2904 1258 3083 1328 φιλίας
3097 1260 3194 1331 τὴν
3222 1260 3359 1331 πρὸς
3380 1262 3484 1333 ἐμὲ
3499 1264 3605 1334 τὴν
3632 1266 3805 1336 μητέρα

2261 1351 2514 1422 στοργήν,
2545 1352 2621 1415 ὡς
2659 1351 2824 1417 ἔοικε,
2856 1350 3199 1423 λογιζόμενον
3218 1370 3231 1383 ⁸
3261 1354 3436 1419 δέξαι,
3463 1356 3583 1419 καὶ,
3612 1356 3684 1421 ὡς
3709 1357 3805 1426 βού-

2256 1441 2359 1505 λει,
2386 1441 2478 1495 τοῦ
2505 1442 2836 1513 ποθουμένου
2866 1444 3231 1499 καταπόλαυε.
3263 1445 3452 1498 Ταῦτα
3467 1441 3625 1500 εἶπεν
3652 1448 3803 1516 nam.

2256 1533 2431 1597 τόκος,
2485 1535 2578 1588 καὶ
2631 1537 2749 1598 ταῖς
2789 1534 2881 1589 τοῦ
2921 1534 3224 1607 πρεσϐύτου
3273 1536 3559 1608 παλάμαις
3594 1539 3683 1592 τὸν
3718 1540 3804 1595 υἱὸν

2254 1625 2581 1698 ἐπιτίθησιν.
2629 1628 2687 1681 '0
2721 1627 2798 1693 δὲ,
2842 1627 2939 1700 τὴν
2991 1627 3132 1698 ὄψιν,
3177 1628 3252 1692 ὡς
3288 1624 3400 1699 εἷχε
3447 1631 3636 1701 τάχος,
3661 1632 3805 1703 τούτῳ

2256 1719 2708 1789 προσεπικλίνας,
2772 1720 2866 1774 καὶ
2913 1722 3025 1783 τοῖς
3097 1719 3299 1790 χείλεσι
3346 1720 3543 1774 τούτου
3593 1740 3805 1795 προσεπ-

2180 1793 2224 1848 B
2253 1811 2469 1881 ερείσας
2492 1813 2558 1867 τά
2589 1812 2834 1884 ὄμματα,
2858 1810 3090 1866 τοιαῖσδέ
3119 1828 3221 1864 που
3272 1814 3479 1880 φωναῖς
3511 1793 3650 1883 πρὸς
3672 1814 3805 1867 αὐτὸν

2254 1902 2604 1973 ἀπεχρήσατο
2620 1920 2633 1934 ’

2322 1994 2408 2049 12.
2429 1996 2525 2058 Τίς
2556 1994 2845 2066 ήτοσαύτη
2878 1994 3006 2067 περὶ
3035 1995 3181 2065 ἡμᾶς
3209 2010 3304 2047 σου
3335 1992 3710 2066 φιλανθρωπία
3727 1996 3803 2050 καὶ

2248 2085 2675 2154 συγκατάϐασις.
2697 2085 2976 2151 Δέσποτα;
3006 2086 3103 2149 Τίς
3135 2088 3163 2139 ὁ
3180 2085 3435 2149 τοσοῦτος
3464 2086 3694 2151 πλοῦτος
3721 2087 3801 2158 τῆς

2246 2176 2647 2249 εὐσπλαγχνίας
2669 2195 2794 2243 sou;
2822 2179 2887 2231 Τί
2909 2179 2967 2232 τὸ
2992 2179 3218 2249 κινῆσαν
3241 2178 3337 2250 τὴν
3378 2180 3480 2251 σὴν
3513 2181 3799 2251 ἀγαθότητα

2242 2268 2369 2331 τοὺς
2402 2270 2691 2334 ταπεινοὺς
2733 2272 2879 2341 ἡμᾶς
2926 2268 3367 2340 ὲπισκέψασθαις
3421 2271 3660 2344 Πότερον
3703 2271 3800 2336 πῶς

2241 2359 2373 2429 ἡμῖν
2388 2359 2563 2429 ἦκεις,
2591 2358 2933 2433 φιλάνθρωπε
2950 2359 3042 2413 καὶ
3072 2359 3337 2430 φιλάγαθε
3364 2361 3647 2428 Δέσποτα;
3675 2359 3800 2433 ’Δρά

2240 2461 2305 2514 γε
2351 2444 2421 2499 τά
2473 2449 2740 2519 χερουϐὶμ
2778 2449 2871 2501 καὶ
2902 2447 2972 2501 τὰ
2995 2451 3236 2521 σεραφὶμ
3271 2453 3628 2523 συγκινήσας,
3655 2452 3687 2524 ἢ
3718 2453 3799 2522 τὴν

2240 2533 2456 2588 ἅπασαν
2486 2537 2595 2590 τῶν
2626 2528 2892 2611 οὗρανίων
2921 2535 3033 2608 (57)
3058 2538 3418 2611 διακόσμησιν
3448 2542 3796 2613 ὲπαγόμενος;

2236 2622 2386 2699 *Δρά
2412 2644 2475 2697 γε
2517 2649 2535 2681 ι
2568 2630 2896 2702 συσσεισμός
2933 2648 3017 2695 τις
3066 2630 3219 2704 ὣν,ἢ
3276 2633 3496 2705 πνεῦμα
3545 2636 3683 2705 μέγα
3720 2635 3796 2687 καὶ

2234 2721 2493 2794 κραταιὸν
2520 2722 2734 2777 διαλύον
2760 2723 2861 2796 ὅρη
2910 2724 3004 2778 καὶ
3058 2725 3338 2797 συντρίϐον
3378 2727 3608 2798 πέτρας,
3642 2728 3673 2799 ἦ
3704 2726 3795 2796 πῦρ
3837 2722 3840 2724 ⁷

2233 2811 2523 2882 δειματοῦν
2576 2813 2777 2886 ῥᾳδίως
2824 2813 2917 2870 καὶ
2965 2817 3358 2870 καταναλίσκον
3386 2819 3513 2883 τοὺς
3554 2835 3797 2890 προστυγ-

2233 2903 2526 2974 χάνονταςσ
2559 2906 2593 2977 ἢ
2642 2906 2793 2978 φωνὴ
2830 2905 3004 2978 αὔρας
3037 2907 3261 2977 λεπτῆς,
3295 2927 3315 2961 ι
3349 2903 3431 2973 οἷς
3451 2911 3548 2963 καὶ
3592 2909 3667 2981 τῷ
3696 2909 3790 2979 (58)

2231 2995 2462 3069 Θεσϐίτῃ
2494 2997 2717 3050 σεαυτὸν
2735 2998 3074 3067 ἐνεφάνισας
3096 2997 3192 3065 οὒ,
3213 3016 3285 3071 φη
3294 3001 3395 3063 σὶν,
3415 2996 3461 3053 ὦ
3479 3001 3543 3069 γέ
3553 3018 3642 3072 ρον
3670 3000 3794 3071 φιλο-

2234 3086 2512 3156 σοφώτατε
2532 3105 2546 3119 ο
2579 3087 2755 3142 οὐδενὶ
2784 3087 2988 3143 τούτων
3011 3090 3139 3161 ὑμῖν
3186 3089 3578 3163 ἑμφανίζομαι.
3611 3091 3681 3145 οὐ
3703 3089 3792 3160 γὰρ

2230 3174 2338 3232 οἶδε
2362 3179 2534 3234 ταῦτα
2565 3184 2761 3253 χωρεῖν
2790 3182 3006 3255 ἡφύσις
3033 3185 3065 3254 ἡ
3095 3182 3262 3255 θνητή
3295 3200 3354 3237 τε
3388 3185 3482 3237 καὶ
3508 3184 3788 3256 πρόσυλος

2228 3270 2365 3325 ἀλλὰ
2396 3273 2732 3346 σαρκοφόρος
2757 3291 2860 3339 τις,
2881 3275 2975 3328 καὶ
3006 3274 3134 3345 ὑμῖν
3157 3274 3567 3347 παραπλήσιοςο
3598 3280 3788 3348 νιξπιος,

2228 3361 2304 3425 ὡς
2331 3364 2483 3435 ὁρᾷς,
2517 3367 2611 3418 καὶ
2644 3366 2742 3438 τὴν
2777 3365 3095 3437 σωματικὴν
3131 3366 3349 3437 ἠλικίαν
3369 3366 3511 3432 τέως
3535 3368 3789 3441 βρεφοφα-

2227 3455 2324 3525 νὴς
2358 3456 2450 3509 καὶ
2476 3455 2787 3520 ἀτέλεστος*
2827 3458 3022 3529 νήπιος
3050 3457 3129 3511 ἔτι
3161 3461 3499 3531 σπαργάνοις
3530 3476 3791 3534 περισφιγ-

2225 3547 2478 3618 γόμενος,
2508 3549 2588 3604 ἔτι
2614 3550 2722 3602 τῶν
2766 3549 3036 3621 μητρῴων
3078 3550 3263 3622 μαζῶν
3285 3552 3488 3622 ἀμφοῖν
3521 3554 3789 3625 περιδρασο

2229 3641 2456 3711 σόμενος
2484 3644 2605 3695 ταῖν
2658 3645 2838 3713 χεροῖν
2859 3658 2871 3672 ⁸
2896 3643 3105 3713 νήπιος,
3135 3644 3347 3714 ἄσημόν
3375 3662 3428 3698 τι
3464 3646 3561 3700 κα)⁵
3583 3662 3787 3717 περικε-

2224 3733 2497 3802 κομμένον
2522 3732 2600 3785 ἔτι
2634 3732 2722 3786 διὰ
2746 3734 2844 3806 τὴν
2872 3734 2935 3786 ὲκ
2955 3734 3173 3803 Μαρίας
3200 3735 3378 3807 σάρκα
3402 3737 3785 3808 φθεγγόμενος·

2224 3824 2413 3893 νήπιος
2438 3824 2703 3892 ἀγκάλαις
2726 3825 2823 3895 μὲν
2845 3827 2963 3888 ταῖς
2989 3828 3108 3890 σαῖς
3153 3828 3527 3897 συνεχόμενος,
3565 3830 3788 3882 ἀποσκο-

2223 3915 2340 3966 πῶν
2357 3914 2414 3967 δὲ
2442 3917 2578 3987 πρὸς
2599 3918 2697 3988 τὴν
2732 3917 2943 3989 μητέρα
2971 3920 3066 3972 καὶ
3098 3918 3189 3973 τὸν
3218 3919 3410 3991 μαζόν.
3442 3921 3555 3974 Καὶ
3586 3921 3681 3976 νῦν
3701 3919 3790 3991 μὲι

2220 4006 2424 4060 ταῦτα’
2459 4010 2652 4080 μικρὸν
2682 4009 2738 4062 δὲ
2760 4009 3005 4083 ὕστερον,
3030 4012 3153 4066 ὅσον
3182 4013 3479 4083 τριάκοντα
3507 4013 3605 4083 ἐτη
3648 4029 3791 4083 περι-

2222 4098 2453 4152 σπεῦσαι
2487 4100 2597 4170 (59)
2625 4101 2834 4173 χρόνον,
2884 4104 2978 4156 καὶ
2993 4103 3052 4156 τὸ
3086 4103 3330 4158 Ἰωάννου
3359 4104 3788 4178 βαπτισθήσομαι

2220 4188 2521 4261 βάπτισμα,
2540 4192 2632 4244 καὶ
2646 4192 3068 4264 προδοθήσομαι,
3081 4194 3174 4247 καὶ
3188 4195 3379 4267 δήμιος
3394 4197 3532 4269 πρὸς
3546 4198 3788 4264 Καϊάφαν

2216 4279 2546 4351 ἀχθήσομαι.
2598 4284 2693 4336 καὶ
2731 4284 3207 4355 ἐμπτυσθήσομαι,
3251 4286 3344 4339 καὶ
3401 4288 3789 4358 κολαφισθήσο-

2220 4388 2316 4442 μαι
2352 4371 2484 4443 (40),
2526 4374 3088 4446 φραγγελωθήσομαι·
3118 4377 3270 4442 τέλος
3312 4381 3785 4452 σταυρωθήσομαι,

2216 4464 2308 4517 καὶ
2333 4464 2500 4538 λόγχῃ
2521 4468 2848 4538 νυγήσομαι,
2871 4469 2967 4522 κα)⁹
2989 4468 3145 4540 τάφῳ
3173 4473 3524 4542 νεκροφανῶς
3547 4472 3789 4541 συγκλειρ

2217 4555 2507 4628 σθήσομαι,
2542 4559 2635 4612 καὶ
2655 4558 2854 4622 πλάνος
2883 4558 3343 4632 δνομασθήσομαι,
3362 4564 3458 4617 καὶ
3488 4565 3595 4618 πᾶν
3611 4560 3786 4618 ὁτιοῦν

2213 4648 2279 4701 ἂν
2296 4648 2380 4719 εἴη
2403 4650 2502 4720 τῆς
2526 4650 2870 4721 ἀνθρωπίνης
2883 4650 3012 4705 ἴδιον
3027 4651 3259 4720 φύσεως,
3279 4655 3659 4727 παραπλήσιον
3676 4652 3784 4724 (41)

2213 4739 2363 4809 ὑμῖν,
2389 4741 2491 4812 τῆς
2533 4741 2809 4811 ἁμαρτίας
2841 4744 3029 4813 χωρὶς.
3061 4744 3405 4816 ἀναδέξομαι.
3420 4748 3532 4800 Καὶ
3555 4747 3628 4819 μὴ
3654 4746 3782 4800 θαυ-

2214 4831 2415 4904 μάσῃς,
2443 4833 2577 4902 μηδὲ
2602 4832 2694 4887 τὸν
2721 4832 2846 4886 νοῦν
2867 4835 3064 4907 έκστῇς
3084 4836 3178 4890 καί
3204 4837 3595 4910 καταπλαγῇςο
3629 4837 3778 4891 τοῦττ

2207 4924 2317 4994 γὰρ
2338 4923 2398 4977 τὸ
2432 4925 2724 4996 μυστήριον
2757 4925 2817 4978 τὸ
2860 4926 3347 4999 ἀποκεκρυμμένον
3392 4930 3502 4984 ἀπὸ
3525 4930 3633 4983 τῶν
3656 4926 3781 4983 αίώ-

2205 5031 2310 5067 νων
2352 5016 2447 5068 καὶ
2485 5013 2594 5068 ἀπὸ
2621 5015 2731 5069 τῶν
2781 5017 2981 5084 γενεῶν
3005 5034 3020 5048 ·
3054 5017 3266 5089 τοῦτοή
3311 5020 3520 5093 μεγάλη
3551 5020 3644 5074 τοῦ
3670 5021 3780 5074 Πα-

2203 5106 2330 5177 τρδς
2356 5106 2464 5177 (42)
2503 5105 2664 5178 βουλή
2697 5124 2758 5160 τε
2796 5109 2891 5161 καὶ
2919 5110 2952 5180 ἡ
2978 5109 3302 5182 πρόγνωσις,
3332 5105 3401 5183 ἧς
3418 5111 3646 5181 ἄγγελος
3667 5107 3776 5177 ἐγὼ

2202 5200 2314 5258 τοῖς
2349 5196 2630 5269 θεηγόροις
2684 5199 3125 5271 προηγόρευμαι·
3172 5200 3330 5256 τοῦτο
3367 5203 3399 5255 ὁ
3443 5203 3579 5275 πρὸς
3632 5202 3774 5273 ὑμᾶς

2417 5542 2548 5621 βεδε.
2576 5544 2632 5621 ξ,
2660 5547 2755 5599 καὶ
2790 5548 3219 5621 ῥαπισθήσομαι.

2275 5611 2386 5690 (1‘!)
2419 5611 2553 5690 Bes-
2584 5614 2640 5690 ἓν
2681 5611 3099 5690 πςρᾳπλησίὼςο

2273 5681 2382 5765 (4})
2415 5681 2546 5765 Reg.
2580 5686 2636 5745 2,
2664 5681 2774 5740 ’ποῦ’
2794 5681 2950 5743 Θεοῦξ
2980 5681 3103 5747 Mox
3137 5692 3301 5761 idem,
3336 5695 3449 5759 τοῖς
3489 5690 3766 5765 θεηγόροις

2202 5755 2581 5825 προῦπηγόρευ
2589 5772 2704 5825 μαι.
