4022 6382
273 369 377 424 989

1327 364 1612 422 HOMiLlA
1649 365 1718 421 IN
1754 366 2130 425 OCCURSUM
2165 367 2419 425 DOMINI.

3419 370 3525 425 990

273 482 467 549 οἶκτος,
488 484 584 536 καὶ
603 482 665 536 τὸ
708 482 781 555 μὴ
809 481 1090 553 βούλεσθαι
1122 480 1337 552 βλέπειν
1364 482 1464 554 τὴν
1497 482 1636 554 ὲμὴν
1662 482 1845 536 εἰκόνα

1952 498 2073 554 erga
2129 499 2225 539 vos
2274 481 2673 546 misericordia,
2730 483 2880 552 quod
2932 482 3099 537 nolim
3156 496 3333 536 meam
3385 483 3524 536 ima-

275 572 456 636 δεινῶς
480 572 1007 644 ἀνδραποδιζομένην
1037 575 1147 637 τοῖς
1172 574 1423 645 δαίμοσι·
1458 575 1519 628 τὸ
1552 574 1626 646 μὴ
1655 575 1841 647 φέρειν

275 667 402 736 ὁρᾷν
427 665 517 717 τὸν
565 663 785 740 βασιλέα
816 664 914 736 τῆς
944 665 1173 729 κτίσεως
1213 666 1399 730 κακῶς
1418 668 1485 738 τῇ
1520 667 1693 719 κτίσει
1723 666 1843 719 δου-

274 755 495 809 λεύοντα
515 772 530 786 °
560 756 622 809 τὸ
658 756 732 828 μὴ
752 758 1034 828 καρτερεῖν
1060 757 1284 829 θεωρεῖν
1308 758 1398 813 τὸν
1414 758 1726 829 ἀποστάτην
1750 759 1845 812 καὶ⁹

273 843 617 915 ὑπερήφανον
693 842 787 895 τοῦ
852 843 987 914 ἐμοῦ
1050 845 1333 917 σφαλερῶς
1379 847 1845 916 κατεπαιρόμενον

274 937 612 1006 πλάσματος.
666 934 853 988 Ταῦτά
894 951 961 1007 με
991 934 1100 988 τῶν
1136 934 1415 1006 πατρικῶν
1445 936 1847 1006 ἀνεκφοιτήτως

275 1026 598 1099 ἐξανέστησε
655 1027 888 1092 κόλπων,
953 1025 1048 1079 καὶ
1092 1020 1174 1090 ”ὼς
1213 1027 1360 1095 ὑμᾶς
1393 1023 1490 1095 τὴν
1522 1024 1608 1078 διὰ
1644 1026 1847 1095 σαρκὸς

276 1120 497 1193 πορείαν
536 1118 859 1189 ποιήσασθαι
885 1116 1151 1189 πεποίηκε
1171 1135 1185 1147 ’
1213 1116 1386 1170 ταῦτά
1424 1132 1490 1187 με
1524 1116 1847 1187 γεννηθῆναι

275 1214 365 1266 καὶ
387 1211 670 1282 νηπιάσαι,
695 1209 884 1282 καὶτῷ
910 1207 1038 1280 ἱερῷ
1061 1208 1428 1281 παραστῆναι,
1459 1208 1551 1262 καὶ
1576 1211 1697 1270 ταῖς
1730 1211 1849 1270 σαῖς

275 1303 536 1372 ἀγκάλαις
561 1302 916 1373 ἀνακλιθῆναι
955 1301 1272 1369 πεποίηκεν.
1314 1301 1387 1352 Οὐ
1411 1299 1520 1370 γὰρ
1569 1295 1638 1371 ἦν
1674 1298 1848 1363 ἄλλως

274 1398 362 1451 τὸν
382 1396 641 1469 τύραννον
658 1395 1036 1467 δεσμευθῆναι,
1067 1398 1159 1449 καὶ
1184 1395 1251 1448 τὰ
1289 1393 1478 1447 τούτου
1506 1392 1678 1463 σκεύη
1697 1392 1850 1463 διαρ-

275 1486 571 1558 πασθῆναι,
622 1488 671 1541 εί
724 1487 798 1558 μὴ
833 1485 1223 1558 παραπλησίως
1263 1485 1392 1556 ύμῖν
1439 1484 1538 1554 τῆς
1573 1484 1850 1555 ἁμαρτίας

278 1581 443 1652 χωρὶς
473 1579 786 1651 κοινωνήσω
820 1578 919 1649 τῆς
958 1578 1403 1649 ἀνθρωπότητος·
1438 1578 1538 1630 οὐκ
1563 1572 1631 1647 ἦν
1674 1576 1848 1641 ἄλλως

277 1673 381 1727 τῶν
423 1672 774 1726 πολυπλόκων
801 1670 895 1724 τοῦ
928 1669 1053 1743 ᾅδου
1086 1669 1304 1743 ἀρκύων
1330 1669 1419 1722 τὸν
1452 1666 1625 1738 Ἀδὰμ
1643 1666 1847 1738 ἀναθῆ-

273 1782 379 1830 ναι,
414 1766 510 1819 καὶ
541 1763 641 1836 τὴν
684 1762 906 1835 πρώτην
952 1764 1280 1817 κατάστασιν
1317 1759 1712 1831 ἀπολήψεσθαι,
1753 1760 1849 1812 καὶ

1948 578 2127 648 ginem
2161 577 2482 648 conspicere
2524 576 2911 633 miserabiliter
2951 591 2982 630 a
3030 576 3371 633 daemonibus
3404 578 3526 632 vin-

1948 676 2092 733 ctam
2122 689 2134 725 :
2164 669 2309 740 quod
2348 686 2456 724 non
2488 668 2656 724 feram
2686 667 2887 740 Regem
2914 677 3178 739 creaturae
3211 668 3529 739 conSpicere

1916 762 1919 763 ⁷
1951 762 2055 832 ipsi
2099 768 2366 817 creaturae
2395 762 2593 817 misere
2637 765 2965 817 servientem
2992 780 3004 815 :
3035 761 3181 831 quod
3217 776 3326 815 non
3359 762 3530 816 susti-

1950 868 2107 908 neam
2139 859 2440 923 apostatam
2479 852 2630 907 illum
2651 859 2815 923 atque
2843 852 3138 922 superbum
3174 867 3396 907 cernere
3430 852 3528 907 ad-

1951 959 2145 999 versus
2174 943 2450 1013 opiﬁcium
2482 958 2663 999 meum
2703 942 2932 999 subdole
2960 943 3354 1014 insurgentem.
3401 941 3526 997 Ha-c

1952 1051 2041 1092 me
2076 1052 2143 1092 ex
2181 1044 2409 1106 paterno
2446 1037 2572 1092 sinu
2604 1037 2934 1099 excitarunt,
2967 1034 3093 1091 licet
3122 1035 3251 1091 inde
3300 1036 3524 1090 minime

1953 1128 2321 1192 discesserim,
2370 1139 2532 1199 atque
2560 1144 2742 1184 meum
2793 1127 2863 1182 ad
2912 1143 3012 1184 vos
3048 1129 3107 1184 in
3145 1142 3316 1183 carne
3342 1127 3528 1199 profe-

1954 1228 2099 1275 ctum
2125 1219 2440 1279 effecerunt.
2472 1219 2602 1275 Haec
2638 1221 2691 1274 in
2723 1236 2889 1276 causa
2906 1222 3145 1283 fuerunt,
3175 1220 3320 1290 quod
3343 1228 3524 1280 natus,

1956 1310 2137 1367 infans
2184 1311 2391 1378 ﬁerem,
2441 1311 2497 1366 in
2528 1312 2733 1382 templo
2763 1312 3011 1377 sisteret,
3045 1312 3261 1382 tuisque
3291 1313 3345 1366 in
3380 1312 3528 1368 ulnis

1955 1403 2273 1458 reclinarer.
2303 1400 2420 1457 Non
2446 1403 2590 1458 enim
2623 1403 2761 1459 alias
2803 1404 2917 1460 ﬁeri
2952 1405 3130 1475 potuit
3160 1415 3220 1459 ut
3259 1412 3529 1477 tyrannus

1957 1495 2329 1567 colligaretur,
2362 1502 2532 1565 utque
2574 1510 2706 1551 vasa
2754 1496 2904 1550 illius
2952 1496 3359 1566 diriperentur;
3417 1496 3528 1551 nisi

1954 1585 2071 1655 pari
2111 1593 2274 1655 atque
2315 1602 2416 1641 vos
2441 1584 2672 1650 ratione,
2728 1596 2957 1655 excepto
2995 1596 3237 1656 peccato,
3281 1587 3530 1640 humana:

1953 1685 2162 1733 natura!
2199 1679 2473 1749 particeps
2505 1678 2708 1734 ﬁerem.
2749 1677 2867 1732 Non
2899 1687 3109 1750 poterat
3154 1678 3310 1733 aliter
3358 1677 3530 1731 Adam

1962 1770 2257 1841 implicatis
2289 1770 2487 1825 inferni
2516 1770 2726 1841 laqueis
2767 1771 2925 1838 solvi,
2973 1779 3136 1841 atque
3175 1771 3410 1841 priorem
3442 1786 3531 1825 re-

213 1924 223 1936 .
274 1854 333 1907 τὸ
364 1854 485 1908 ὅλον
528 1854 659 1908 Θεὸν
686 1852 871 1907 τοῦτον
912 1853 1185 1921 γενέσθαι,
1229 1854 1278 1905 εἰ
1312 1852 1385 1923 μὴ
1408 1850 1517 1919 ἐγὼ
1564 1850 1850 1921 ἄνθρωπος

1955 1878 2177 1917 sumere
2215 1862 2607 1926 conditionem,
2649 1877 2713 1917 ac
2767 1863 2987 1917 demum
3027 1860 3170 1917 efﬁci
3204 1860 3369 1928 Deus,
3420 1861 3526 1916 nisi

274 1943 541 2015 γένωμαι,
572 1942 666 1997 καὶ
689 1946 787 2015 τῆς
816 1942 985 2013 αὐτῆς
1015 1942 1163 2013 αύτῷ
1196 1942 1506 2010 κοινωνήσω
1544 1940 1637 1993 καὶ
1666 1939 1852 2003 οὐσίας

276 2039 367 2091 καὶ
396 2036 634 2108 φύσεως.

345 2129 433 2182 15.
473 2128 668 2182 Τοίνυν
701 2126 799 2190 τὰς
841 2126 942 2196 τῆς
973 2125 1435 2198 ἐνανθρωπήσεως
1466 2141 1567 2194 της
1594 2125 1735 2195 ἐμῆς
1768 2124 1851 2177 αἰ-

276 2218 394 2282 τίας
429 2218 645 2289 μαθὼν,
680 2218 837 2272 ἄπιθι
856 2236 870 2249 ο
902 2217 996 2271 καὶ
1031 2216 1369 2293 σκυθρωπῶς
1397 2219 1454 2270 ὲν
1484 2204 1597 2280 τοῖς
1622 2218 1700 2279 είς
1726 2215 1851 2287 ᾅδου

270 2309 351 2381 ’τῷ
384 2309 570 2380 Ἀδὰμ
620 2309 953 2381 διατρίϐοντι,
989 2308 1408 2380 φαιδροπρεπῶς
1453 2307 1813 2379 ὲμφανίσθητι
1834 2325 1847 2338 ·

278 2402 369 2455 καὶ
396 2403 519 2455 ἀντὶ
546 2401 655 2455 τῶν
681 2402 739 2454 ὲν
769 2400 968 2464 λύπαις
995 2399 1199 2453 ὠδίνων
1229 2400 1296 2453 τὰ
1319 2400 1421 2469 τῆς
1445 2402 1619 2470 χαρᾶς
1645 2403 1710 2471 τῇ
1738 2398 1853 2471 Εὕα

277 2493 593 2563 διακόμισον
632 2491 957 2562 εὐαγγέλια⁸
1019 2490 1203 2556 Ἦκει,
1251 2491 1444 2559 λέγων,
1486 2491 1850 2563 ήλύτρωσις·

276 2585 393 2653 ἥκει
420 2586 448 2637 6
475 2584 683 2655 ρύστης
712 2599 724 2614 ·
769 2584 894 2653 ἥκει
923 2583 957 2653 ἡ
986 2580 1178 2651 ἄφεσις
1201 2599 1214 2612 ·
1241 2583 1366 2653 ἥκει
1401 2584 1430 2636 6
1464 2581 1848 2654 ἐλευθερωτής.

278 2674 480 2746 Μηκέτι
515 2673 725 2746 θρήνει,
757 2671 916 2742 φύσις
963 2673 991 2742 ή
1022 2671 1367 2743 ἀνθρωπεία·
1400 2669 1520 2741 ἥξει
1550 2671 1660 2741 γὰρ
1696 2673 1725 2723 6
1755 2672 1852 2724 ἅν·

277 2764 631 2835 τιληψόμενος
671 2763 845 2835 ὑμῶν,
876 2760 996 2834 ῆξει
1020 2763 1113 2815 καὶ
1143 2763 1205 2815 ού
1245 2763 1467 2834 χρονιεῖ.
1503 2761 1718 2815 Τούτων
1744 2760 1855 2815 τοί-

277 2872 369 2908 νυν
394 2856 503 2909 τῶν
536 2855 694 2909 θείων
722 2854 912 2923 φωνῶν
941 2852 1082 2908 κατὰ
1126 2852 1191 2907 τὸ
1231 2853 1418 2926 νοερὸν
1453 2848 1546 2917 οὖς
1593 2856 1624 2908 6
1666 2852 1855 2925 Ἀϐρα-

281 2950 454 3017 μιαῖος
483 2949 697 3009 ἐκεῖνος
724 2942 963 3007 ἀκούσας
989 2943 1317 3016 πρεσϐύτης,
1342 2945 1438 2997 τοῦ
1459 2944 1644 3015 γήρως
1665 2942 1853 3014 ὥσπερ

277 3035 332 3088 ἐν
356 3035 496 3106 λήθῃ
543 3034 852 3104 γενόμενος,
886 3031 1080 3086 θᾶττον
1124 3031 1372 3105 ἀνέθορε,
1406 3032 1503 3086 καὶ
1549 3030 1853 3105 προθυμίας

275 3128 390 3192 ὅλος
419 3125 710 3199 πλησθεὶς,
729 3124 1077 3199 γεγωνοτάτῃ
1106 3126 1279 3195 φωνῇ’
1304 3143 1322 3175 ι
1344 3122 1640 3195 ’1σχύσατε,
1665 3126 1849 3196 φησὶν,

275 3219 557 3288 ἀνειμέναι
596 3220 797 3288 χεῖρες,
845 3216 1130 3289 ἰσχύσατεθ
1163 3215 1368 3285 γόνατα
1406 3215 1846 3287 παραλελυμένα,

270 3308 622 3382 emersam:
640 3325 654 3338 ·
695 3327 715 3360 ι
745 3309 953 3379 κνῆμαι
982 3306 1458 3379 συντετριμμέναι,
1489 3307 1846 3380 κρατυνθῆτε,

275 3401 375 3465 ἵνα,
408 3402 508 3473 τήν
556 3401 636 3463 είς
673 3398 801 3471 ᾅδου
840 3397 1065 3471 πορείαν
1102 3397 1406 3464 εύθυὸόλως
1435 3399 1724 3463 ἀνύσασαι,
1754 3416 1852 3471 τη-

272 3490 526 3547 λικούτων
575 3488 797 3559 ἀγαθῶν
825 3488 1044 3558 ἄγγελοι
1086 3490 1463 3562 χρηματίσητε
1505 3493 1619 3554 τοῖς
1651 3489 1851 3560 προγό-

277 3601 397 3647 νοις.
430 3580 550 3637 Εἶθ’
581 3582 660 3644 ὡς
686 3576 800 3651 εἶχε
823 3580 1021 3651 τάχους
1049 3580 1183 3655 πρὸς
1208 3580 1269 3633 τὺ
1309 3580 1449 3635 θεῖον
1497 3580 1851 3652 ἐπιστραφεὶς

277 3674 488 3746 βρέφος-ι
507 3694 526 3726 ι
554 3671 669 3727 Νῦν
688 3671 961 3736 ἀπολύεις,
979 3671 1104 3744 ἔφη,
1129 3671 1220 3725 τὸν
1241 3672 1424 3726 δοῦλόν
1451 3690 1565 3737 σου,
1584 3674 1847 3737 Δέσποτα,

275 3767 411 3821 κατὰ
434 3766 496 3820 τὸ
525 3765 682 3839 ῥῆμά
723 3780 816 3818 σου
846 3765 907 3818 ἑν
948 3765 1172 3835 εἰρήνῃο
1202 3765 1284 3817 ὅτι
1324 3760 1465 3818 εἶδον
1489 3766 1538 3818 οἱ
1576 3765 1844 3836 ὀφθαλμοί

279 3876 373 3930 μου
404 3859 464 3912 τὸ
498 3858 769 3929 σωτήριόν
812 3873 905 3909 σου
928 3872 942 3886 ·
979 3856 1007 3909 ὂ
1039 3855 1340 3926 ἡτοίμασας
1372 3857 1513 3910 κατὰ
1560 3857 1850 3929 πρόσωπον

274 3951 485 4004 πάντων
512 3950 626 4003 τῶν
654 3947 801 4000 λαῶν
821 3966 837 3978 ·
879 3946 995 4017 φῶς
1030 3948 1111 4010 εἰς
1154 3947 1496 4017 ἀποκάλυψιν
1539 3948 1730 4013 ἐθνῶν,
1752 3949 1850 4002 καὶ

274 4041 421 4109 δόξαν
468 4041 565 4094 τοῦ
618 4037 749 4092 λαοῦ
802 4055 893 4091 σου
951 4036 1183 4110 Ἰσραήλ.
1226 4057 1246 4090 ι
1288 4039 1353 4091 Ὢ
1394 4040 1493 4111 τῆς
1522 4039 1761 4104 ζέσεωςι
1805 4038 1850 4093 ὣ

272 4134 365 4203 τῆς
419 4128 790 4206 θερμότητοςί
860 4113 1075 4200 Ἐπειδὴ
1126 4144 1230 4195 σοι,
1268 4130 1454 4201 φησὶν,
1490 4125 1535 4184 ὧ
1576 4131 1847 4197 Δέσποτα,

273 4223 439 4276 ταῦτα
469 4223 643 4287 ἔδοξε,
681 4222 775 4274 καὶ
814 4219 1032 4290 ἐλεῆσαι
1057 4219 1121 4273 τὸ
1161 4219 1252 4273 σὺν
1286 4222 1391 4275 ὑπὸ
1422 4223 1518 4294 τῆς
1550 4222 1683 4287 ἰδίας
1729 4223 1850 4293 φιλ-

275 4312 585 4383 ανθρωπίας
614 4313 899 4383 κεκίνησαι
926 4310 1166 4381 πλάσμα,
1192 4311 1304 4380 ἐγώ
1352 4330 1411 4365 τε
1433 4314 1559 4385 περὶ
1580 4314 1678 4377 τὰς
1702 4316 1852 4369 ὲλπί-

273 4400 365 4464 δας
388 4402 486 4456 οὐκ
520 4401 797 4472 ἐψεύσθην
828 4400 964 4471 (45),
992 4401 1087 4454 καὶ
1110 4403 1138 4454 6
1161 4401 1256 4455 τοῦ
1285 4402 1430 4456 θείου
1472 4407 1852 4477 χρηματισμὸς

272 4491 591 4563 Πνεύματος
625 4491 1089 4564 ἀπαραχάρσκτος
1119 4490 1332 4563 ἔμεινεν
1351 4508 1365 4522 ⁸
1395 4495 1661 4549 ἀπόλυσόν
1695 4515 1761 4568 με
1792 4497 1853 4551 τὸ
1883 4531 1928 4587 D

272 4583 430 4653 τάχος
450 4598 464 4611 ·
498 4582 794 4647 ἀπόλυσον,
825 4581 1035 4652 δέομαι.
1065 4583 1156 4653 Μή
1191 4600 1257 4654 με
1297 4585 1533 4658 κατέχῃς
1563 4587 1654 4640 ἐπὶ
1690 4586 1848 4653 πολὺ,

272 4675 513 4728 Δέσποτα
531 4688 547 4704 ⁶
589 4674 666 4745 μὴ
714 4672 958 4744 βραδύνω
985 4672 1159 4727 ταῦτα
1184 4678 1297 4739 τοῖς
1320 4678 1613 4748 γενάρχαις
1645 4681 1848 4733 ἀποκο-

277 4764 424 4837 μίσαι
444 4767 515 4821 τα
546 4766 818 4838 χαροποιὰ
840 4764 1162 4835 εὐαγγέλια·
1185 4766 1260 4839 μὴ
1289 4769 1536 4843 προλόῶῃ
1567 4770 1638 4824 τὰ
1676 4771 1848 4845 βρέφη

276 4875 361 4927 με,
390 4859 662 4921 Δέσποτα,
693 4857 730 4912 ἃ.
749 4857 835 4911 διὰ
864 4859 923 4911 σὲ
952 4857 1043 4911 τὸν
1085 4856 1222 4930 πρὸς
1269 4859 1507 4931 Ἡρώδου
1548 4860 1706 4929 φόνον
1748 4863 1851 4917 ὑπι-

273 4949 471 5019 έμεινε.
505 4950 704 5022 Νήπιά
744 4952 846 5003 εἰσι
874 4950 969 5004 καὶ
995 4948 1170 5021 γοργὰ
1204 4950 1299 5004 καὶ
1327 4951 1585 5023 εύκίνητα
1610 4967 1626 4982 ·
1654 4951 1765 5021 ἐγὼ
1790 4952 1847 5007 δὲ

272 5041 445 5112 γέρων
471 5043 570 5096 καὶ
617 5040 819 5111 βραδὺς
852 5041 946 5095 καὶ
977 5041 1295 5113 δυσκίνητος
1315 5063 1326 5072 ·
1372 5044 1466 5097 καὶ
1494 5043 1706 5099 δέδοικα
1738 5047 1844 5118 μή-

271 5147 393 5192 που,
416 5130 721 5202 ταχύτερον
744 5130 1121 5203 προδραμόντα
1156 5150 1256 5202 μου
1288 5134 1557 5204 μεγίστων
1586 5134 1725 5192 οὕτω
1756 5141 1851 5193 καὶ

270 5220 538 5293 λαμπρῶν
584 5221 806 5290 ἀγαθῶν
840 5223 1059 5291 ἄγγελοι
1101 5226 1215 5288 τοῖς
1258 5225 1352 5279 τοῦ
1397 5226 1589 5295 γένους
1631 5230 1850 5302 προπά-

270 5328 417 5383 τορσι
453 5314 725 5382 γένωνται
770 5313 902 5385 (μ).
939 5313 1095 5369 Οὕτω
1130 5314 1230 5386 μὲν
1277 5313 1370 5372 οὖν
1410 5320 1440 5372 6
1487 5319 1628 5384 θεῖος
1680 5319 1852 5384 ὅντως

272 5401 426 5473 ἀνὴρ,
465 5405 563 5458 καὶ
591 5406 693 5475 τῆς
731 5404 964 5477 Χριστοῦ
997 5408 1301 5477 παρουσίας
1324 5411 1640 5484 διαπρύσιος
1674 5412 1850 5483 κῆρυξ

273 5492 694 5569 εὐχαριστήσας,
725 5498 881 5552 τοῦτο
910 5498 1019 5570 γὰρ
1046 5500 1106 5575 τὸ
1130 5498 1223 5552 τὸν
1254 5502 1385 5556 Θεὸν
1426 5504 1719 5576 εὐλογῆσαι
1760 5506 1853 5577 δη-

344 5647 388 5679 "
422 5652 507 5706 Cf.
544 5602 653 5708 lsa:
687 5670 848 5716 xxxv,
888 5655 942 5709 3.
1019 5654 1064 5686 "
1100 5653 1236 5710 Luc.
1274 5672 1345 5723 ιι,
1380 5657 1469 5716 29.

348 5799 455 5874 (45)
493 5802 623 5875 Reg.
651 5807 706 5873 2,
733 5811 788 5862 οὐ
814 5808 1151 5882 διεψεύςθην.

1952 1954 2114 2009 homo
2140 1971 2240 2025 ego
2278 1954 2484 2019 ﬁerem,
2534 1962 2696 2025 atque
2729 1955 2916 2009 eadem
2969 1969 3074 2025 qua
3107 1953 3196 2010 ille
3223 1953 3527 2010 substantia

1952 2057 2116 2117 atque
2145 2056 2341 2102 natura
2374 2047 2648 2117 particeps
2675 2045 2869 2101 forem.

2024 2140 2110 2196 15.
2142 2139 2272 2196 Meae
2299 2141 2482 2209 itaque
2509 2138 2901 2194 incarnationis
2927 2151 3126 2194 causas
3156 2137 3385 2194 edoctus
3430 2139 3530 2193 ab-

1954 2229 2113 2285 scede
2156 2248 2170 2285 :
2218 2245 2284 2285 ac
2326 2230 2537 2284 Adamo
2577 2243 2700 2283 cum
2727 2228 2948 2283 tristitia
2981 2227 3036 2282 in
3065 2225 3282 2282 inferno
3325 2227 3529 2298 degen-

1952 2324 1992 2377 ti
2034 2338 2157 2377 cum
2180 2322 2454 2377 hilaritate
2490 2336 2556 2377 ac
2590 2321 2773 2376 laztitia
2802 2328 2856 2376 te
2892 2320 3045 2376 siste.
3079 2317 3204 2374 Eva;
3240 2320 3366 2374 item
3416 2334 3519 2387 pro
3604 2392 3607 2396 π

1953 2418 2144 2480 partus
2172 2409 2455 2466 doloribus
2497 2408 2676 2464 fausta
2711 2410 2942 2478 laetaque
2974 2407 3126 2464 defer
3151 2410 3364 2463 nuntia.
3417 2406 3528 2464 Ve-

1952 2503 2051 2567 nit,
2088 2503 2260 2571 aiens,
2289 2501 2611 2572 redemptio,
2639 2502 2789 2557 venit
2822 2500 3156 2573 Redemptor
3177 2540 3193 2565 ,
3246 2500 3395 2556 venit
3438 2517 3527 2557 νε·-

1953 2596 2162 2659 missio,
2192 2596 2342 2650 venit
2370 2594 2634 2650 liberator
2665 2611 2679 2648 :
2714 2610 2784 2649 ne
2813 2593 2958 2648 ultra
2990 2594 3211 2664 lugeas,
3246 2609 3279 2648 ο
3330 2593 3529 2648 buma-

1953 2701 2081 2741 num
2106 2701 2317 2756 genus;
2356 2686 2538 2742 veniet
2566 2686 2711 2742 enim
2740 2686 2833 2757 qui
2866 2700 3024 2755 opem
3060 2684 3222 2748 ferat,
3255 2685 3436 2741 veniet
3473 2692 3530 2740 et

1952 2787 2060 2827 non
2101 2771 2357 2828 tardabit.
2389 2771 2601 2829 Divinis
2639 2772 2793 2830 hisce
2823 2773 3052 2829 vocibus
3094 2775 3365 2844 spirituali
3395 2789 3530 2829 aure

1953 2861 2156 2918 auditis
2202 2862 2611 2919 Abrahamicus‘
2653 2863 2745 2918 ille
2800 2878 2989 2927 senex,
3019 2863 3321 2920 senectutis
3364 2864 3528 2934 quasi

1952 2953 2156 3009 oblitus
2174 2993 2189 3018 ,
2226 2952 2373 3010 illico
2401 2954 2622 3010 exsiliit.
2674 2951 3043 3025 Repletusque
3070 2955 3352 3011 alacritate
3378 2970 3526 3026 pra:-

1954 3044 2062 3100 alta
2093 3059 2228 3101 voce
2276 3046 2392 3102 haec
2422 3046 2639 3103 locutus
2664 3053 2749 3103 est
2774 3065 2787 3102 :
2830 3065 2850 3098 ι
2878 3045 3299 3112 Confortamini,
3332 3061 3530 3103 manus

1953 3136 2234 3192 dissolutae
2258 3178 2273 3202 ,
2340 3136 2723 3193 confortamini
2757 3156 2771 3193 :
2820 3153 2994 3210 genua
3048 3138 3340 3203 dissoluta,
3364 3138 3531 3208 erigi-

1955 3226 2089 3282 mini
2116 3226 2162 3260 “
2196 3247 2210 3284 :
2252 3248 2271 3282 ι
2319 3227 2468 3284 tibiae
2526 3229 2810 3296 contritae,
2858 3229 3237 3296 roboramini;
3277 3237 3337 3284 ut
3374 3238 3529 3285 recto

1952 3332 2120 3376 cursu
2149 3319 2252 3376 iter
2279 3320 2333 3374 in
2361 3318 2637 3375 infernum
2682 3334 2956 3385 emensae,
2997 3326 3273 3377 tantorum
3326 3322 3532 3376 nuntia:

1952 3412 2222 3468 bonorum
2252 3412 2692 3482 progenitoribus
2739 3411 2881 3468 sitis.
2922 3410 3061 3467 Tum
3090 3452 3106 3478 ,
3145 3428 3308 3483 quam
3363 3412 3531 3468 citius

1955 3504 2132 3576 potuit
2165 3503 2231 3557 ad
2272 3502 2515 3558 divinum
2545 3518 2843 3559 conversus
2865 3503 3128 3559 Infantem
3156 3522 3170 3559 :
3207 3523 3227 3555 ‹
3265 3502 3421 3558 Nunc
3450 3503 3533 3557 di-

1954 3596 2147 3662 mittis,
2181 3594 2377 3665 inquit,
2407 3610 2624 3649 servum
2660 3601 2814 3650 tuum
2835 3634 2851 3660 ,
2906 3595 3135 3651 Domine
3156 3638 3173 3661 ,
3227 3595 3531 3650 secundum

1952 3687 2177 3742 verbum
2210 3693 2365 3740 tuum
2400 3686 2454 3740 in
2489 3701 2622 3756 pace
2655 3705 2669 3741 :
2699 3687 2829 3755 quia
2852 3686 3110 3742 viderunt
3141 3686 3284 3741 oculi
3320 3686 3422 3741 mei
3448 3701 3531 3741 sa-

1955 3779 2131 3833 lutare
2155 3785 2357 3836 tuum:
2411 3778 2557 3848 quod
2592 3777 2796 3849 parasti
2855 3784 2981 3832 ante
3032 3775 3225 3833 faciem
3280 3776 3528 3831 omnium

1954 3871 2319 3943 populorum:
2374 3871 2559 3927 lumen
2623 3870 2691 3926 ad
2750 3871 3141 3926 revelationem
3191 3869 3434 3941 gentium
3475 3879 3531 3925 et

1955 3963 2182 4035 gloriam
2214 3963 2386 4034 plebis
2437 3970 2544 4018 tua:
2571 3962 2741 4019 Israel
2775 3963 2843 4017 δ”.
2884 3983 2904 4017 ι
2937 3960 2983 4019 Ο
3031 3961 3333 4018 fervorem!
3377 3978 3410 4017 ο
3439 3976 3532 4016 ar-

1953 4057 2167 4112 dentem
2205 4057 2483 4111 animumi
2541 4054 3013 4127 Quandoquidem,
3045 4053 3296 4119 Domine,
3330 4054 3405 4108 ita
3433 4055 3533 4110 de-

1953 4146 2205 4211 crevisti,
2257 4157 2420 4216 atque
2481 4147 2817 4218 benignitate
2855 4154 3136 4217 permotus
3186 4160 3327 4216 opus
3373 4152 3530 4199 tuum

1955 4236 2234 4291 miseraris
2264 4253 2278 4289 :
2310 4251 2486 4306 neque
2514 4251 2616 4307 ego
2648 4252 2744 4307 spe
2777 4236 2966 4306 lapsus
2996 4251 3116 4293 sum
3165 4252 3306 4301 mea,
3348 4250 3413 4289 ac
3448 4235 3536 4289 di-

1953 4325 2063 4380 vini
2089 4325 2327 4395 Spiritus
2357 4327 2641 4381 oraculum
2688 4327 3004 4382 inviolabile
3039 4327 3271 4382 mansit:
3317 4326 3533 4382 dimitte

1954 4429 2042 4469 me
2073 4418 2499 4485 quamprimum,
2532 4416 2767 4477 dimitte,
2795 4431 3016 4486 quaeso;
3072 4431 3140 4471 ne
3186 4431 3271 4471 me
3323 4417 3536 4472 diutius

1955 4505 2238 4562 detineas:
2266 4523 2332 4562 ne
2363 4508 2569 4563 tardem
2601 4509 2794 4580 primis
2822 4508 3145 4579 parentibus
3182 4509 3301 4562 laeta
3337 4508 3532 4563 afferre

1956 4600 2148 4655 nuntia
2175 4621 2188 4655 :
2225 4616 2295 4657 ne
2325 4615 2431 4666 me,
2461 4600 2707 4667 Domine,
2739 4600 2979 4658 infantes
3027 4605 3363 4670 prmveniant
3384 4643 3399 4668 ,
3434 4602 3531 4672 qui

1954 4700 2181 4763 propter
2228 4701 2281 4748 te
2323 4693 2391 4747 ab
2426 4691 2637 4749 Herode
2664 4694 2837 4749 occisi
2873 4703 3003 4748 sunt
3035 4713 3048 4748 :
3082 4695 3234 4764 pueri
3264 4700 3431 4755 sunt,
3463 4708 3529 4747 ac

1952 4784 2126 4853 vegeti
2149 4784 2459 4854 agilesque;
2489 4792 2544 4837 at
2567 4799 2669 4854 ego
2692 4799 2882 4851 senex;
2915 4784 3124 4848 tardus,
3158 4799 3223 4837 ac
3248 4798 3390 4853 aegre
3410 4797 3531 4837 mo-

1951 4876 2116 4932 bilis:
2152 4891 2452 4946 vereorque
2495 4893 2565 4932 ne
2602 4877 2711 4931 cito
2743 4890 2908 4930 cursu
2955 4881 3376 4944 praecurrentes,
3409 4888 3525 4926 ma-

1951 4967 2224 5020 ximorum
2254 4966 2752 5034 praeclarorumque
2801 4964 3070 5018 bonorum
3120 4961 3297 5016 nuntii
3332 4960 3529 5030 primis

1952 5054 2167 5122 generis
2197 5053 2515 5122 parentibus
2544 5053 2674 5107 sint.
2708 5051 2787 5106 lta
2812 5052 2973 5122 362
3003 5052 3161 5120 plane
3190 5049 3409 5104 divinus
3438 5047 3529 5102 ille

1952 5145 2055 5209 vir,
2103 5158 2168 5198 ac
2200 5144 2497 5213 praeclarus
2529 5143 2795 5199 adventus
2823 5142 3028 5197 Christi
3066 5154 3245 5211 praeco
3271 5178 3285 5203 ,
3335 5137 3527 5209 gratiis

1952 5235 2112 5296 actis,
2140 5240 2202 5286 ut
2253 5232 2382 5286 hinc
2412 5233 2615 5302 liquet,
2658 5233 2800 5302 quod
2837 5230 3003 5285 Deum
3050 5228 3405 5291 benedixerit,
3431 5242 3528 5297 ap-

1954 5334 2316 5395 precatusque
2365 5324 2629 5379 dimissus
2683 5333 2787 5378 est.
2824 5322 3037 5378 Amavit
3065 5322 3209 5376 enim
3240 5318 3529 5375 invisibili-

1955 5426 2059 5484 ter,
2083 5417 2300 5488 opinor,
2335 5425 2573 5474 mentem
2615 5418 2735 5486 ejus
2771 5415 3049 5481 Salvator,
3098 5429 3164 5469 ac
3191 5412 3530 5470 obsecratio-

1954 5523 2078 5563 nem
2099 5506 2220 5577 ejus
2249 5506 2412 5577 plane
2463 5506 2765 5572 exaudivit,
2792 5514 2845 5562 et
2876 5513 2935 5562 ut
2977 5504 3252 5577 propriqu
3280 5501 3389 5561 sibi
3423 5505 3537 5563 cul-

2025 5816 2134 5893 (44)
2166 5816 2295 5889 Reg.
2326 5814 2379 5879 2,
2410 5812 2654 5883 γένηται.
