4022 6382
493 355 593 414 991
1627 345 1684 401 S.
1718 337 2187 398 ATHA'NASIUS.
2216 368 2287 380 -—
2310 335 2588 393 SPURIA.
2876 404 2889 414 _
3663 321 3760 378 992

495 480 672 523 torem
714 464 1046 536 assumpsit,
1097 460 1189 532 qui
1237 459 1340 516 sub
1384 459 1501 530 lege
1528 463 1584 513 et
1617 455 1723 512 sub
1762 453 1957 509 umbra
1990 451 2083 506 diu

2204 452 2289 515 ιοί,
2317 447 2755 523 προσευξάμενος
2780 442 3062 499 ἀπελύετο.
3098 441 3319 511 Ἥψατο
3356 439 3469 511 γὰρ
3498 437 3757 536 ἀοράτως,

499 559 838 626 multumque
895 528 1213 617 laborasset,
1261 528 1502 620 tuncque
1554 547 1738 603 divina
1765 546 1955 619 gratia:
1980 544 2077 599 do-

2204 539 2356 613 ιῖμαι,
2381 538 2492 592 τῶν
2525 537 2714 590 τούτου
2749 533 2958 608 φρενῶν
2988 536 3016 587 ό
3046 534 3258 604 Σωτὴρ,
3294 531 3391 586 καὶ
3412 531 3513 601 τῆς
3537 528 3759 597 δεήσεως

499 650 676 704 ctrina
697 647 886 717 junior
911 645 1138 701 effectus
1162 650 1329 698 esset.

2204 634 2374 687 τούτου
2405 629 2548 686 κατὰ
2585 629 2760 683 πάντα
2792 627 3076 699 εἰσήκουσε
3098 666 3112 690 ,
3148 626 3242 678 καὶ
3268 624 3346 689 ὡς
3374 624 3509 677 ἴδιον
3545 620 3757 691 λάτρην,

498 741 816 813 κεκμηκότα
867 740 966 811 μὲν
1029 738 1257 791 πλεῖστα
1309 733 1389 807 τῷ
1436 733 1587 805 νόμῳ
1643 732 1739 787 καὶ
1796 732 1863 802 τῇ
1927 729 2077 800 σκιᾷ,
2112 727 2375 793 νεάζοντα
2400 725 2457 779 δὲ
2490 726 2608 788 τοῖς
2660 721 2824 785 θείοις
2856 721 2955 791 τῆς
3005 719 3224 790 χάριτος
3270 716 3530 787 δόγμασι,
3566 727 3761 782 ,προσ-

498 835 737 889 ελάϐετο.

569 923 654 978 lt.
697 922 897 995 Ioseph
949 931 1131 978 autem
1167 931 1224 979 et
1246 920 1418 977 Mater
1440 920 1583 993 ejus,
1615 939 1633 972 ι
1670 921 1957 978 mirantes.
1994 919 2080 971 in-

2256 909 2345 965 14.
2397 908 2454 962 '0
2493 907 2551 960 δὲ
2596 905 2793 974 Ἰωσὴφ
2839 903 2932 957 καὶ
2958 903 2992 973 ἡ
3031 902 3211 974 μήτηρ
3243 898 3438 965 αὐτοῦ,
3484 918 3504 952 ι
3558 899 3758 972 θαυμά-

500 1018 639 1086 quit,
663 990 1009 1086 erant—super
1037 1016 1125 1071 his
1165 1030 1287 1087 qua:
1331 990 1656 1071 dicebantur
1698 1015 1768 1069 de
1812 1013 1907 1067 illo
1933 1013 2000 1067 ⁸⁸.
2053 1028 2073 1064 ι

2204 1003 2369 1066 ζοντες
2393 1038 2408 1064 ,
2471 997 2636 1069 φησὶν
2662 1035 2677 1055 ,
2736 991 2873 1065 ἦσαν
2921 993 3013 1045 ἐπὶ
3066 992 3177 1055 τοῖς
3235 990 3593 1061 λαλουμένοις
3643 992 3758 1062 περὶ

501 1109 843 1164 Mirabantur
879 1117 1087 1172 autem,
1119 1075 1379 1172 arbitror,
1408 1107 1558 1179 quod
1587 1106 1830 1162 nondum
1860 1106 1928 1161 de
1960 1104 2081 1174 ejus

2204 1090 2373 1146 ιύτοῦ.
2415 1109 2438 1145 ι
2486 1084 2821 1158 Ἐθαύμαζον
2857 1084 2934 1149 δὲ,
2979 1085 3146 1154 μήπω
3178 1081 3413 1147 τελείαν,
3448 1075 3629 1150 οἶμαι,
3675 1081 3759 1133 λα-

502 1202 784 1257 divinitate
811 1203 1078 1257 Certiores
1103 1200 1235 1255 facti
1258 1207 1444 1256 essent
1475 1219 1490 1255 :
1524 1198 1743 1253 tametsi
1769 1197 1903 1252 satis
1924 1200 2082 1250 erant

2204 1183 2372 1246 Ξὸντες
2407 1179 2774 1251 πληροφορίαν
2806 1178 2901 1247 τῆς
2924 1174 3114 1228 τούτου
3139 1174 3393 1245 θεότητος
3411 1189 3426 1202 ·
3461 1172 3645 1226 καίτοι
3673 1175 3760 1245 ἀρ-

503 1294 768 1348 miracula
794 1293 847 1347 in
877 1294 999 1363 ejus
1023 1292 1310 1347 nativitate
1330 1299 1513 1362 gesta;
1541 1289 1655 1354 illa,
1686 1289 1930 1358 inquam,
1961 1300 2083 1357 qua:

2204 1274 2427 1326 ιούντων
2457 1270 2566 1324 τῶν
2589 1267 2729 1322 κατὰ
2752 1267 2849 1338 τὴν
2886 1265 3137 1338 γέννησιν
3164 1263 3462 1335 θαυμάτων
3483 1281 3496 1293 ·
3522 1265 3757 1329 ἐκείνων,

506 1400 693 1455 magos
720 1394 971 1455 spectant
997 1393 1160 1455 atque
1202 1390 1454 1454 pastores
1484 1400 1498 1435 :
1529 1395 1747 1436 necnon
1785 1379 1952 1433 varia:
1978 1393 2079 1431 an-

507 1475 749 1546 gelorum
776 1476 1016 1531 visiones
1051 1477 1351 1546 :quodque
1378 1471 1641 1526 miracula
1690 1478 1915 1540 superat
1967 1483 2086 1523 om-

508 1566 625 1629 nia,
649 1566 980 1637 virginitatis
1025 1564 1375 1621 conservatio
1404 1578 1470 1618 ac
1523 1556 1928 1633 perseverantia
1953 1599 1969 1624 ,
2016 1555 2086 1611 ad

510 1660 594 1714 rei
621 1668 828 1714 certam
860 1658 1041 1724 fidem,
1070 1672 1137 1714 ac
1157 1657 1402 1711 omnium
1429 1668 1783 1711 consensum.
1832 1651 2086 1706 Attamen

513 1765 640 1805 cum
685 1750 934 1805 miraculi
972 1750 1399 1821 magnitudinem
1447 1747 1860 1818 conspicerent,
1922 1753 2087 1814 atque

2189 1365 2352 1436 φημὶ,
2395 1362 2504 1417 τῶν
2537 1361 2678 1416 κατά
2710 1361 2837 1424 τοὺς
2891 1358 3097 1429 μάγους
3146 1357 3241 1410 καὶ
3287 1357 3417 1420 τοὺς
3468 1357 3757 1427 ποιμένας·

2186 1456 2266 1510 ἔτι
2295 1472 2356 1508 τε
2385 1456 2485 1524 τῆς
2514 1453 2771 1524 διαφόρου
2821 1451 2931 1504 τῶν
2978 1450 3224 1520 ἀγγέλων
3272 1449 3621 1513 ἐπιστασίας,
3676 1449 3761 1502 καὶ

2185 1548 2280 1603 τοῦ
2307 1548 2523 1601 πάντων
2556 1545 2849 1617 θαυμάτων
2882 1543 3137 1598 ἐπέκεινα
3167 1542 3470 1615 θαύματος,
3500 1541 3603 1612 τῆς
3635 1559 3763 1612 παρ-

2188 1640 2369 1704 θενίας
2398 1642 2430 1710 ἡ
2468 1638 2683 1709 φυλακὴ
2712 1638 2807 1691 καὶ
2834 1639 3159 1708 συντήρησις
3183 1634 3321 1706 πρὸς
3344 1633 3561 1688 τελείαν
3582 1634 3762 1686 τούτου

2189 1730 2562 1806 πληροφορίαν
2610 1730 2706 1784 καὶ
2749 1729 3163 1798 συγκατάθεσιν.
3226 1726 3365 1780 Ἀλλ’
3413 1727 3587 1798 ὅμως,
3638 1726 3765 1798 πρὸς

516 1841 718 1912 pietate
766 1857 866 1898 sua
905 1816 1263 1913 cogitationes
1318 1816 1601 1896 frenarent
1653 1838 1777 1910 (rati
1828 1851 2086 1908 magnum

2204 1823 2280 1877 τὸν
2319 1822 2483 1891 ὄγκον
2509 1818 2954 1882 ἀποσκοποῦντες
2986 1816 3080 1871 τοῦ
3128 1816 3427 1888 θαύματος,
3455 1818 3552 1870 καὶ
3574 1817 3675 1888 τὴν
3697 1817 3765 1869 οἱ-

515 1946 660 1995 esse,
682 1938 742 1987 ut
780 1948 966 1988 revera
993 1940 1099 2000 est,
1128 1931 1274 2004 quod
1311 1930 1453 1987 Deus
1501 1931 1928 2000 incarnaretur),
1987 1928 2090 1983 ﬂu-

2204 1916 2344 1969 ιείαν
2381 1912 2664 1967 εὐλάϐειαν
2701 1912 3023 1983 χαλινοῦσαν
3060 1911 3187 1974 τοὺς
3216 1909 3515 1980 λογισμοὺς
3561 1908 3765 1979 ἔχοντες
3808 1918 3813 1921 ‘

517 2031 741 2079 ctuante
772 2024 948 2080 adhuc
981 2000 1456 2095 atque—dubitante
1493 2028 1652 2077 erant
1674 2021 1878 2075 animo.
1909 2019 2090 2086 Quare

2204 2008 2360 2080 [μέγα
2402 2006 2512 2078 γάρ
2564 2007 2658 2060 καὶ
2693 2006 2813 2060 κατ’
2868 2004 3121 2075 ἀλήθειαν
3168 2001 3227 2056 ὃν
3277 2001 3338 2055 τὸ
3393 2000 3764 2097 σεσαρκῶσθαι

517 2127 643 2168 cum
670 2113 857 2183 paucis
906 2128 1073 2169 senex
1102 2112 1262 2184 quasi
1305 2111 1593 2167 elementis
1642 2126 1763 2181 quae
1791 2110 1944 2180 pueri
1976 2107 2093 2163 dei-

2204 2101 2324 2155 θεὸν
2372 2098 2796 2171 ὑπελάμϐανον),
2831 2097 2912 2150 ἔτι
2951 2095 3042 2150 τὸν
3082 2093 3207 2149 νοῦν
3239 2092 3430 2146 κλονού
3438 2090 3598 2164 μενον
3636 2086 3766 2161 εἶχον

517 2182 684 2257 tatem
714 2204 1033 2273 spectabant
1060 2182 1396 2267 tradidisset,
1423 2202 1547 2257 illos
1577 2200 1837 2270 deinceps
1868 2199 2093 2269 alloqui-

2204 2194 2289 2248 καὶ
2333 2191 2760 2264 ἀμφιϐάλλοντα.
2793 2188 2957 2244 Ὅθεν
3002 2190 3059 2241 ὲν
3105 2186 3332 2259 βραχέσι
3379 2184 3479 2257 τὴν
3528 2183 3671 2239 κατά
3714 2182 3766 2236 τὺ

518 2300 627 2358 tur,
659 2293 1019 2360 benedicens,
1076 2309 1143 2350 ac
1173 2295 1365 2350 beatos
1396 2293 1521 2349 illos
1552 2291 1854 2363 praedicans
1878 2329 1894 2353 ,
1947 2290 2092 2360 quod

2204 2283 2399 2355 βρέφος
2438 2280 2713 2348 θεολογίαν
2757 2285 2786 2336 ό
2830 2280 3072 2353 πρέσϐυς
3102 2278 3612 2348 στοιχειωσάμενοςι,
3644 2273 3767 2345 πρὸς

517 2391 703 2439 essent
731 2387 1048 2441 oeconomia:
1075 2386 1225 2443 illius
1261 2383 1606 2449 administri;
1640 2397 1705 2438 ea
1725 2397 1847 2453 qua:
1875 2396 2092 2436 crucem

2204 2376 2436 2441 ἐκείνους
2463 2376 2649 2430 λοιπὸν
2675 2373 2774 2437 τὰς
2802 2372 2909 2427 τῶν
2930 2371 3101 2441 λόγων
3129 2369 3283 2441 ἡνίας
3318 2366 3765 2443 μεταχειρίζεται,

518 2475 841 2545 spectabant
867 2477 1073 2546 optime
1100 2484 1156 2533 et
1178 2475 1589 2532 absolutissime
1617 2473 1886 2545 praedixit.

2204 2467 2433 2536 εὐλογῶν
2461 2485 2519 2521 τε
2557 2466 2778 2531 τούτους
2809 2465 2905 2519 καὶ
2933 2462 3249 2536 μακαρίζων
3289 2464 3389 2533 τῆς
3419 2460 3551 2532 περὶ
3578 2458 3673 2530 τὴν
3701 2460 3768 2509 οἰα-

590 2735 677 2792 15.
715 2755 735 2788 ι
776 2726 1059 2793 Benedixit
1104 2736 1273 2804 enim,
1305 2736 1504 2807 inquit,
1535 2736 1642 2793 illis
1668 2737 1922 2809 Symeon,
1946 2746 2001 2793 et
2022 2737 2101 2793 di-

518 2827 600 2882 xit
625 2828 693 2883 ad
725 2828 949 2884 Mariam
997 2828 1222 2884 Matrem
1250 2828 1408 2899 ejus:
1455 2827 1597 2885 Ecce
1637 2830 1728 2884 hic
1769 2831 1982 2901 positus
2010 2839 2097 2887 est

518 2921 575 2976 in
597 2921 835 2986 ruinam,
867 2928 922 2977 et
955 2921 1009 2975 in
1065 2920 1531 2976 resurrectionem
1576 2921 1875 2976 multorum
1922 2921 1980 2975 in
2022 2918 2100 2977 Is-

520 3012 674 3068 rael:
711 3023 763 3068 et
791 3012 847 3067 in
880 3013 1098 3083 signum
1130 3012 1222 3068 cui
1259 3011 1669 3068 contradicetnr
1690 3012 1757 3066 δ’.
1814 3032 1836 3065 ι
1866 3012 2102 3068 Contra-

2198 2558 2459 2631 κονομίαν
2502 2558 2810 2624 διακονίας’
2865 2555 3144 2630 προλέγων
3177 2571 3238 2607 τε
3281 2555 3378 2608 καὶ
3412 2553 3486 2609 τά
3518 2551 3648 2624 περὶ
3684 2549 3764 2603 τὸν

2200 2651 2432 2724 σταυρὸν
2463 2650 2666 2725 ἄριστά
2690 2668 2751 2704 τε
2778 2649 2873 2704 καὶ
2908 2645 3235 2701 τελεώτατα.

2271 2745 2360 2800 15.
2407 2763 2424 2796 ι
2468 2744 2745 2815 Εὐλόγησε
2806 2740 2935 2813 γὰρ,
2994 2739 3190 2810 φησὶν,
3245 2736 3451 2801 αὐτοὺς
3528 2734 3764 2807 Συμεὼν,

2200 2837 2295 2893 καὶ
2321 2832 2441 2890 εἶπε
2477 2835 2612 2910 πρὸς
2636 2835 2868 2908 Μαριὰμ
2896 2832 2996 2904 τὴν
3028 2829 3239 2902 μητέρα
3270 2828 3440 2883 αὐτοῦ
3459 2844 3475 2857 ·
3524 2828 3653 2882 Ἰδοὺ
3679 2821 3761 2880 οῦ-

2199 2947 2290 2997 τος
2322 2931 2499 2984 κεῖται
2528 2931 2609 2993 είς
2655 2927 2863 2982 πτῶσιν
2888 2941 2982 2979 και
3006 2924 3301 2978 ἀνάστασιν
3341 2921 3555 2976 πολλῶν
3599 2922 3673 2974 ὲν.
3695 2916 3767 2988 τῷ

2215 3019 2448 3092 Ἰσραὴλ,
2485 3018 2584 3075 καὶ
2628 3019 2708 3082 εἰς
2752 3017 2977 3087 σημεῖον
3027 3010 3461 3083 ἀντιλεγόμενον.
3528 3030 3547 3063 ι
3605 3011 3766 3063 Ἀντι-

519 3102 667 3157 dicet
702 3103 845 3157 enim
892 3111 1057 3173 atque
1089 3102 1418 3173 disceptabit
1465 3102 1536 3159 de
1582 3103 1677 3158 illo
1702 3142 1719 3170 ,
1748 3117 1812 3157 ac
1850 3103 2096 3160 doctrina

2204 3111 2345 3179 λέξει
2386 3114 2497 3185 γὰρ
2525 3110 2621 3166 καὶ
2664 3106 2962 3180 ἀμφιϐαλεῖ
2989 3105 3118 3178 περὶ
3155 3103 3345 3159 τούτου
3378 3103 3474 3158 καὶ
3516 3102 3613 3157 τοῦ
3658 3100 3767 3156 κατ’

520 3208 644 3248 cum
676 3202 979 3265 spectante,
1018 3194 1208 3249 Simon
1253 3194 1516 3250 adversus
1546 3193 1897 3259 Marcionem,
1933 3196 2095 3253 Arius

2204 3204 2369 3261 αὐτὸν
2417 3204 2688 3275 δόγματος
2739 3201 2918 3272 Σίμων
2964 3197 3101 3271 πρὸς
3145 3196 3237 3251 τδν
3294 3196 3597 3269 Μαρκίωνα
3616 3237 3631 3262 ,
3686 3196 3768 3247 καὶ

521 3284 786 3342 adversus
818 3285 1135 3350 Sabellium,
1157 3286 1431 3359 Eutyches
1460 3286 1730 3343 adversus
1760 3286 2094 3357 Nestorium,

519 3376 740 3445 utrique
799 3378 1063 3434 adversus
1119 3378 1455 3449 Ecclesiam;
1511 3379 1585 3434 ita
1636 3387 1698 3435 ut
1738 3380 1831 3435 alii
1875 3380 2095 3452 quidem

521 3470 693 3524 solam
725 3471 828 3541 ipsi
854 3471 1110 3527 deitatem
1133 3511 1148 3536 ,
1197 3473 1291 3527 alii
1329 3488 1553 3528 carnem
1585 3473 1760 3528 solam
1796 3472 2043 3527 tribuant
2079 3490 2095 3528 :

519 3561 611 3615 alii
645 3570 910 3629 creatum,
939 3579 1004 3619 ac
1038 3571 1277 3635 paterna:
1308 3564 1630 3621 substantiae
1661 3565 1899 3621 alienum
1934 3566 2100 3621 indu-

519 3663 667 3721 cant,
696 3657 787 3711 alii
811 3656 1047 3713 Verbum
1078 3658 1349 3729 quoddam
1384 3659 1665 3730 bypostasi
1693 3674 1757 3714 ac
1787 3660 2097 3716 substantia

518 3764 774 3813 vacuum,
796 3751 1041 3820 nihilque
1070 3749 1390 3822 discrepans
1423 3753 1493 3807 ab
1518 3767 1585 3808 eo
1614 3751 1761 3822 quod
1792 3767 1888 3823 per
1918 3753 2100 3824 prola-

518 3842 721 3897 tionem
771 3842 1071 3899 etfunditur
1106 3862 1119 3898 :
1152 3844 1244 3898 alii
1276 3844 1397 3915 ejus
1424 3862 1520 3916 per
1549 3859 1770 3900 carnem
1806 3843 2099 3899 adventum

517 3934 860 4005 phantasiam
882 3952 1003 3992 esse
1036 3944 1367 4008 suggerant:
1398 3938 1490 3992 alii
1520 3952 1743 3993 carnem
1785 3937 2100 3992 nullatenus

520 4028 822 4096 sumpsisse
853 4029 1210 4093 contendant,
1240 4024 1711 4100 aut‘assumpisse
1737 4030 1978 4100 quidem,
2004 4027 2102 4084 sed

519 4116 896 4185 inanimatam,
927 4128 1090 4190 atque
1122 4120 1488 4185 inefﬁcacem;
1526 4132 1617 4175 aut
1636 4122 1870 4175 animam
1905 4121 2105 4174 baben—

521 4217 650 4274 tem,
667 4210 761 4264 sed
782 4218 963 4266 mente
979 4226 1044 4265 ac
1062 4213 1272 4268 ratione
1287 4213 1624 4269 destitutam.
1645 4213 1870 4268 Demum
1888 4213 1974 4264 alii
1995 4212 2103 4265 alio

519 4299 683 4353 modo
711 4301 1035 4356 luesitabunt
1058 4317 1124 4357 ac
1154 4304 1551 4367 contradicent,
1577 4303 1808 4372 singulis
1838 4303 2101 4356 arbitratu

519 4407 621 4447 suo
645 4407 767 4461 quae
795 4393 971 4462 ipsum
997 4400 1244 4463 spectant
1268 4393 1782 4449 determinantibus.
1824 4411 1842 4442 ι
1872 4391 2006 4446 Nam
2037 4394 2107 4450 de

2208 3298 2427 3370 ’Ἄρειος
2469 3295 2608 3368 πρὸς
2633 3294 2724 3348 τδν
2771 3291 3077 3352 Σαϐέλλιον,
3121 3290 3218 3345 καὶ
3247 3288 3494 3360 Εὐτυχὴς
3524 3287 3663 3359 πρὸς
3687 3286 3768 3339 τὸν

2203 3388 2498 3459 Νεστόριον
2552 3384 2687 3458 (45),
2742 3385 2836 3439 καὶ
2866 3381 3167 3455 ἀμφότεροι
3217 3380 3356 3453 πρὸς
3398 3378 3498 3451 τὴν
3554 3374 3766 3445 Ἐκκλη-

2208 3478 2363 3533 σίαν·
2404 3479 2454 3532 oi
2490 3476 2587 3549 μὲν
2617 3476 2717 3546 τὴν
2752 3474 2979 3546 θεότητα
3009 3474 3198 3545 μόνην,
3249 3473 3298 3525 οἰ
3347 3470 3404 3524 δὲ
3452 3470 3558 3541 τὴν
3605 3467 3767 3539 σάρκα

2203 3570 2380 3642 τούτῳ
2410 3568 2809 3643 προσνέμοντες
2827 3585 2841 3598 ·
2874 3568 2925 3621 οἱ
2963 3566 3060 3637 μὲν
3090 3564 3305 3619 κτιστὸν
3333 3561 3665 3630 εἰσάγοντες,
3686 3559 3770 3614 καὶ

2206 3663 2304 3735 τῆς
2380 3661 2655 3735 πατρικῆς
2693 3662 2880 3724 οὐσίας
2928 3658 3227 3729 ἀλλότριον,
3269 3656 3319 3709 οί
3369 3654 3428 3709 δὲ
3476 3653 3649 3722 Λόγον
3686 3652 3771 3705 ἀν-

2206 3756 2508 3811 υπόστατόν
2535 3771 2661 3808 τινα
2692 3756 2784 3808 καὶ
2810 3750 2962 3806 κενὸν
2989 3749 3195 3813 οὐσίας,
3214 3747 3308 3801 καλ⁸
3337 3746 3504 3820 μηδὲν
3533 3744 3625 3799 τοῦ
3647 3742 3773 3797 κατά

2209 3848 2492 3923 προφορὰν
2541 3846 2798 3919 χεομένου
2848 3841 3285 3897 διεναλλάττοντα
3304 3856 3318 3870 ο
3359 3840 3411 3893 oi.
3446 3839 3545 3910 μὲν
3579 3853 3771 3907 φαντα-

2211 3942 2331 3996 σίαν
2361 3940 2526 3995 αὐτοῦ
2557 3938 2653 4009 τὴν
2691 3937 2779 3992 διὰ
2821 3935 3022 4005 σαρκὸς
3046 3933 3351 4007 παρουσίαν
3379 3931 3772 4002 ὑποτιθέμενοι,

2208 4035 2259 4087 οἱ
2288 4033 2346 4086 δὲ
2369 4032 2501 4104 μηδὲ
2531 4029 2876 4101 ἀνειληφέναι
2903 4027 3080 4099 σάρκα
3107 4024 3337 4079 καθόλου
3363 4021 3743 4092 διατεινόμενοι
3760 4032 3772 4046 ·

2210 4128 2244 4199 ἦ
2279 4126 2630 4197 ἀνειληφέναι
2664 4124 2783 4194 μὲν,
2815 4121 3017 4192 ἄψυχον
3048 4118 3105 4171 δὲ
3133 4114 3335 4187 ταύτην
3364 4113 3457 4167 καὶ
3493 4111 3779 4183 ἀνενέργη-

2209 4230 2322 4285 τον,
2359 4220 2393 4292 ἢ
2421 4218 2596 4290 ψυχὴν
2628 4216 2728 4287 μὲν
2758 4215 3001 4286 ἔχουσαν,
3030 4210 3190 4264 ἄνουν
3219 4208 3275 4261 δὲ
3303 4205 3508 4275 ταύτην
3534 4206 3631 4259 καλ⁵
3662 4202 3778 4292 5.10:-

2212 4328 2307 4381 γον
2327 4330 2341 4344 ο
2383 4289 2478 4365 καὶ
2500 4289 2840 4372 ἁπαξαπλῶς
2878 4302 3024 4356 ἄλλοι
3062 4299 3237 4362 ἄλλως
3278 4294 3645 4369 ἀμφιϐαλοῦσι
3690 4289 3779 4345 καὶ

2214 4401 2598 4467 ἀντιλέξουσιν,
2630 4398 2860 4459 ἕκαστος
2896 4392 3038 4448 κατὰ
3063 4392 3123 4445 τὸ
3169 4390 3358 4445 δοκοῦν
3388 4386 3536 4457 αὐτῷ
3563 4385 3635 4438 τὰ
3662 4381 3777 4451 περὶ

519 4494 666 4538 secta
703 4484 823 4548 hac,
865 4503 883 4535 ι
923 4484 1074 4539 aiunt
1104 4482 1276 4539 Judaei
1309 4485 1374 4540 ad
1420 4484 1670 4549 Paulum,
1727 4503 1747 4535 ‹
1785 4493 1971 4539 notum
2022 4495 2098 4542 est

2209 4491 2374 4545 αὐτοῦ
2425 4487 2905 4561 συμπεραίνοντες.
2956 4502 2976 4535 ι
3033 4482 3169 4553 Περὶ
3205 4479 3313 4551 γὰρ
3366 4478 3469 4548 τῆς
3522 4476 3776 4547 αἱρέσεως

518 4575 679 4632 nobis
696 4577 821 4647 quia
841 4577 1039 4647 ubique
1055 4577 1103 4632 ei
1127 4577 1525 4633 contradicitur
1551 4577 1619 4630 ⁸ο.
1646 4595 1664 4629 ι
1688 4576 2096 4633 Contradicitur

518 4669 762 4739 quidem,
797 4677 854 4723 at
885 4684 992 4724 non
1026 4669 1320 4740 dejicitur:
1361 4678 1729 4740 oppugnatur,
1756 4676 1812 4722 at
1845 4685 1953 4723 non
1981 4671 2104 4725 vin-

518 4764 664 4817 citur
696 4783 709 4817 :
749 4762 873 4816 telis
909 4762 1132 4833 petitur,
1172 4770 1228 4816 at
1260 4779 1367 4817 non
1394 4763 1718 4818 vulneratur
1751 4781 1764 4816 :
1796 4761 2101 4831 obsidetur,

520 4863 575 4907 at
625 4870 735 4909 non
770 4854 985 4925 captiva
1034 4854 1292 4909 ducitur:
1336 4854 1595 4925 quodque
1644 4853 1946 4909 maximum
1977 4864 2101 4921 est,

519 4945 686 5010 cadit,
721 4962 821 5003 nec
845 4946 1188 5011 conteritur,
1224 4945 1361 5017 quin
1395 4947 1578 5016 potius
1616 4947 1671 5002 in
1701 4946 1883 5017 fugam
1918 4950 2102 5004 vertit.

523 5038 598 5092 Ea
628 5041 828 5111 quippe
871 5049 956 5097 est
1001 5054 1154 5111 purae
1184 5039 1309 5094 fidei
1353 5048 1552 5094 nostrae
1582 5040 1899 5109 praestantia
1933 5080 1949 5104 ,
1982 5057 2105 5111 qua:

520 5146 682 5186 omne
708 5140 929 5202 superat
954 5132 1320 5198 miraculum;
1359 5139 1420 5185 ut
1449 5148 1559 5186 non
1590 5132 1755 5189 modo
1797 5132 1940 5203 ipsa,
1977 5133 2105 5190 licet

522 5226 761 5295 undique
807 5224 1052 5282 factiosis
1107 5226 1376 5280 haeresum
1428 5224 1604 5281 turbis
1649 5234 1815 5297 atque
1846 5227 2102 5295 procellis

522 5315 909 5380 circumsessa,
948 5317 1174 5372 immota
1227 5328 1282 5370 et
1340 5317 1673 5373 inconcussa
1705 5325 1965 5381 maneat;
2007 5318 2102 5373 sed

522 5409 766 5463 utetiam
812 5424 881 5464 ex
922 5409 1218 5465 contrariis
1244 5409 1523 5464 contraria
1550 5410 1831 5481 sapienter
1862 5408 2059 5464 eiliciat
2081 5448 2099 5475 ,

587 5588 635 5622 ⁸⁸
673 5587 808 5647 Luc.
852 5606 914 5657 ιι,
947 5592 1036 5648 55.
1111 5591 1158 5624 ⁸³
1194 5590 1327 5646 ibid.
1362 5590 1454 5647 54.
1525 5592 1574 5624 ⁸⁸
1611 5593 1737 5649 Act.
1773 5604 1959 5656 xxvn,
1991 5587 2082 5644 22.

591 5744 704 5813 (ιδ)
737 5744 871 5803 Vide
909 5762 1028 5817 quae
1049 5748 1115 5805 de
1139 5746 1226 5802 his
1254 5746 1495 5802 diximus
1520 5701 1576 5800 in
1604 5745 1830 5803 Monito.

2208 4587 2432 4655 ταύτης,
2458 4605 2476 4637 ι
2498 4582 2634 4655 πρὸς
2653 4582 2743 4635 τὸν
2760 4580 2969 4635 Παῦλον
2990 4578 3041 4631 oi
3069 4574 3306 4631 Ἰουδαῖοί
3328 4590 3482 4644 φασι,
3506 4591 3524 4623 ι
3549 4568 3778 4641 γνωστὸν

2210 4680 2342 4750 ἡμῖν
2382 4679 2550 4737 ἐστιν,
2590 4674 2673 4727 ὅτι
2708 4670 2984 4742 πανταχοῦ
3023 4667 3381 4736 ἀντιλέγεται.
3424 4683 3444 4717 ι
3489 4662 3778 4729 Ἀντιλέγεο

2177 4787 2299 4824 ιται
2336 4770 2457 4840 μὲν,
2490 4766 2605 4822 ἀλλ’
2645 4767 2706 4819 οὐ
2740 4765 3023 4836 βάλλεται·
3081 4761 3418 4831 πολεμεῖται,
3469 4757 3585 4811 ἀλλ’
3614 4757 3674 4809 οὐ
3702 4771 3777 4805 νι-

2211 4862 2405 4913 κᾶται·
2452 4858 2751 4924 τοξεύεται,
2787 4855 2900 4909 ἀλλ’
2946 4854 3008 4908 οὐ
3050 4850 3443 4924 τιτρώσκεταιο
3488 4845 3779 4918 πολιορκεῖ-

2215 4969 2322 5016 ται,
2358 4951 2474 5004 ἀλλ⁹
2507 4951 2608 5004 οὐκ
2640 4946 3118 5019 ἀνδραποδίζεται’
3148 4943 3209 4998 τὸ
3256 4941 3532 5014 μέγιστον,
3577 4938 3774 4996 πίπτει,

2216 5043 2330 5097 ἀλλ’
2378 5045 2438 5096 οὐ
2502 5038 2885 5111 συντρίϐεται·
2954 5037 3149 5110 μᾶλλον
3204 5034 3262 5089 δὲ
3317 5033 3413 5087 καὶ
3463 5030 3771 5102 ἀνατρέπει.

2211 5133 2383 5187 Τοῦτο
2412 5133 2521 5203 γὰρ
2554 5130 2656 5200 τῆς
2680 5130 2927 5202 καθαρᾶς
2960 5130 3189 5190 πίστεως
3216 5123 3372 5195 ἡμῶν
3393 5121 3454 5175 τὸ
3486 5119 3771 5191 ἐξαίρετον,

2210 5226 2306 5278 καὶ
2341 5224 2543 5287 παντὸς
2584 5221 2841 5276 ἐπέκεινα
2882 5220 3186 5293 θαύματος’
3223 5218 3305 5271 ὃτι
3338 5215 3399 5267 οὐ
3430 5214 3590 5285 μόνον
3620 5210 3770 5274 αὕτη.

2211 5315 2391 5370 καίτοι
2431 5313 2769 5384 πανταχόθεν
2815 5313 3058 5387 σφοδρῶς
3109 5305 3618 5381 περιστοιχιζομένη
3664 5300 3775 5360 ταῖς

2211 5408 2277 5460 ἐκ
2296 5406 2404 5461 τῶν
2423 5405 2686 5479 αἱρέσεων
2709 5406 3038 5479 συστροφαῖς
3058 5419 3118 5456 τε
3138 5400 3231 5456 καὶ
3248 5396 3520 5467 λαίλαψιν,
3542 5394 3779 5449 ἄπειστος
