  <div class='ocr_page' id='page_1' title='image "/cluster/home/n/w/nwhite01/storage/ocr_20150623/28/hvd.32044019207737/514.png"; bbox 0 0 4022 6382; ppageno 0'>
   <div class='ocr_carea' id='block_1_1' title="bbox 272 350 380 407">
    <p class='ocr_par' dir='ltr' id='par_1_1' title="bbox 272 350 380 407">
     <span class='ocr_line' id='line_1_1' title="bbox 272 350 380 407; baseline 0 0"><span class='ocrx_word' id='word_1_1' title='bbox 272 350 380 407; x_wconf 77' lang='grc'>995</span> 
     </span>
    </p>
   </div>
   <div class='ocr_carea' id='block_1_2' title="bbox 1337 340 2434 402">
    <p class='ocr_par' dir='ltr' id='par_1_2' title="bbox 1337 340 2434 402">
     <span class='ocr_line' id='line_1_2' title="bbox 1337 340 2434 402; baseline -0.002 -2"><span class='ocrx_word' id='word_1_2' title='bbox 1337 342 1627 400; x_wconf 79' lang='lat' dir='ltr'><strong>HOMILIA</strong></span> <span class='ocrx_word' id='word_1_3' title='bbox 1664 342 1734 398; x_wconf 84' lang='lat' dir='ltr'><strong>IN</strong></span> <span class='ocrx_word' id='word_1_4' title='bbox 1772 343 2159 402; x_wconf 83' lang='lat' dir='ltr'><strong>OCCURSUM</strong></span> <span class='ocrx_word' id='word_1_5' title='bbox 2197 340 2434 400; x_wconf 75' lang='lat' dir='ltr'><strong>DOMINI</strong></span> 
     </span>
    </p>
   </div>
   <div class='ocr_carea' id='block_1_3' title="bbox 3433 342 3544 401">
    <p class='ocr_par' dir='ltr' id='par_1_3' title="bbox 3433 342 3544 401">
     <span class='ocr_line' id='line_1_3' title="bbox 3433 342 3544 401; baseline -0.018 0"><span class='ocrx_word' id='word_1_6' title='bbox 3433 342 3544 401; x_wconf 67' lang='grc'>994</span> 
     </span>
    </p>
   </div>
   <div class='ocr_carea' id='block_1_4' title="bbox 268 449 1854 532">
    <p class='ocr_par' dir='ltr' id='par_1_4' title="bbox 268 449 1854 522">
     <span class='ocr_line' id='line_1_4' title="bbox 268 449 1854 522; baseline -0.004 -5"><span class='ocrx_word' id='word_1_7' title='bbox 268 460 506 517; x_wconf 87' lang='grc' dir='ltr'>διατελεῖ</span> <span class='ocrx_word' id='word_1_8' title='bbox 537 459 632 513; x_wconf 76' lang='grc' dir='ltr'>καὶ</span> <span class='ocrx_word' id='word_1_9' title='bbox 662 457 950 522; x_wconf 82' lang='grc' dir='ltr'>άτίνακτος</span> <span class='ocrx_word' id='word_1_10' title='bbox 969 471 987 489; x_wconf 73' lang='grc' dir='ltr'><strong>ο</strong></span> <span class='ocrx_word' id='word_1_11' title='bbox 1027 449 1143 512; x_wconf 78' lang='grc' dir='ltr'>ἀλλ’</span> <span class='ocrx_word' id='word_1_12' title='bbox 1171 458 1253 512; x_wconf 85' lang='grc' dir='ltr'><strong>ὅτι</strong></span> <span class='ocrx_word' id='word_1_13' title='bbox 1299 457 1394 510; x_wconf 76' lang='grc' dir='ltr'>καὶ</span> <span class='ocrx_word' id='word_1_14' title='bbox 1421 457 1510 513; x_wconf 81' lang='grc' dir='ltr'>διὰ</span> <span class='ocrx_word' id='word_1_15' title='bbox 1550 457 1661 511; x_wconf 89' lang='grc' dir='ltr'><strong>τῶν</strong></span> <span class='ocrx_word' id='word_1_16' title='bbox 1706 459 1854 515; x_wconf 87' lang='grc' dir='ltr'>ἐναν-</span> 
     </span>
    </p>
   </div>
   <div class='ocr_carea' id='block_1_5' title="bbox 1958 449 3539 532">
    <p class='ocr_par' dir='ltr' id='par_1_5' title="bbox 1962 453 3539 532">
     <span class='ocr_line' id='line_1_5' title="bbox 1962 453 3539 532; baseline -0.002 -17"><span class='ocrx_word' id='word_1_17' title='bbox 1962 476 2026 516; x_wconf 87' lang='lat' dir='ltr'><strong>ac</strong></span> <span class='ocrx_word' id='word_1_18' title='bbox 2051 458 2313 532; x_wconf 65' lang='lat' dir='ltr'><strong>praeclara</strong></span> <span class='ocrx_word' id='word_1_19' title='bbox 2337 458 2626 513; x_wconf 79' lang='lat' dir='ltr'><strong>adversum</strong></span> <span class='ocrx_word' id='word_1_20' title='bbox 2643 453 2971 511; x_wconf 70' lang='lat' dir='ltr'><strong>insidiantes</strong></span> <span class='ocrx_word' id='word_1_21' title='bbox 2989 453 3095 510; x_wconf 88' lang='lat' dir='ltr'><strong>sibi</strong></span> <span class='ocrx_word' id='word_1_22' title='bbox 3112 455 3288 525; x_wconf 88' lang='lat' dir='ltr'><strong>erigat</strong></span> <span class='ocrx_word' id='word_1_23' title='bbox 3311 463 3539 529; x_wconf 68' lang='lat' dir='ltr'><strong>tropaea.</strong></span> 
     </span>
    </p>
   </div>
   <div class='ocr_carea' id='block_1_6' title="bbox 266 546 3236 628">
    <p class='ocr_par' dir='ltr' id='par_1_6' title="bbox 266 546 3236 628">
     <span class='ocr_line' id='line_1_6' title="bbox 266 546 3236 628; baseline -0.005 -11"><span class='ocrx_word' id='word_1_24' title='bbox 266 556 397 608; x_wconf 80' lang='grc' dir='ltr'>τίων</span> <span class='ocrx_word' id='word_1_25' title='bbox 443 552 514 605; x_wconf 74' lang='grc' dir='ltr'>τὰ</span> <span class='ocrx_word' id='word_1_26' title='bbox 544 551 763 606; x_wconf 66' lang='grc' dir='ltr'>ἐναντία</span> <span class='ocrx_word' id='word_1_27' title='bbox 805 549 985 620; x_wconf 74' lang='grc' dir='ltr'>σοφῶς</span> <span class='ocrx_word' id='word_1_28' title='bbox 1017 549 1126 623; x_wconf 67' lang='grc'><strong>(46)</strong></span> <span class='ocrx_word' id='word_1_29' title='bbox 1174 558 1590 627; x_wconf 71' lang='grc' dir='ltr'><strong>κατεργάζεται,</strong></span> <span class='ocrx_word' id='word_1_30' title='bbox 1622 556 1849 628; x_wconf 67' lang='grc' dir='ltr'>λαμπρὰ</span> <span class='ocrx_word' id='word_1_31' title='bbox 1875 556 2017 611; x_wconf 74' lang='grc' dir='ltr'>κατὰ</span> <span class='ocrx_word' id='word_1_32' title='bbox 2043 553 2150 607; x_wconf 84' lang='grc' dir='ltr'><strong>τῶν</strong></span> <span class='ocrx_word' id='word_1_33' title='bbox 2183 552 2578 624; x_wconf 79' lang='grc' dir='ltr'>ἐφεδρευόντων</span> <span class='ocrx_word' id='word_1_34' title='bbox 2617 546 2948 602; x_wconf 84' lang='grc' dir='ltr'>διανιστῶσα</span> <span class='ocrx_word' id='word_1_35' title='bbox 2976 548 3236 619; x_wconf 86' lang='grc' dir='ltr'>τρόπαια.</span> 
     </span>
    </p>
   </div>
   <div class='ocr_carea' id='block_1_7' title="bbox 341 676 1854 756">
    <p class='ocr_par' dir='ltr' id='par_1_7' title="bbox 341 676 1854 756">
     <span class='ocr_line' id='line_1_7' title="bbox 341 676 1854 756; baseline -0.001 -17"><span class='ocrx_word' id='word_1_36' title='bbox 341 683 431 739; x_wconf 84' lang='grc'><strong>16.</strong></span> <span class='ocrx_word' id='word_1_37' title='bbox 474 683 728 745; x_wconf 87' lang='grc' dir='ltr'>Τοιοῦτος</span> <span class='ocrx_word' id='word_1_38' title='bbox 762 681 860 753; x_wconf 84' lang='grc' dir='ltr'><strong>μὲν</strong></span> <span class='ocrx_word' id='word_1_39' title='bbox 889 676 1005 746; x_wconf 79' lang='grc' dir='ltr'>οῦν,</span> <span class='ocrx_word' id='word_1_40' title='bbox 1030 683 1213 754; x_wconf 70' lang='grc' dir='ltr'>φησιν,</span> <span class='ocrx_word' id='word_1_41' title='bbox 1241 677 1286 737; x_wconf 82' lang='grc' dir='ltr'><strong>ὦ</strong></span> <span class='ocrx_word' id='word_1_42' title='bbox 1314 686 1557 756; x_wconf 88' lang='grc' dir='ltr'>μακαρία</span> <span class='ocrx_word' id='word_1_43' title='bbox 1588 685 1854 756; x_wconf 78' lang='grc' dir='ltr'>Παρθένε,</span> 
     </span>
    </p>
   </div>
   <div class='ocr_carea' id='block_1_8' title="bbox 267 773 1856 848">
    <p class='ocr_par' dir='ltr' id='par_1_8' title="bbox 267 773 1856 848">
     <span class='ocr_line' id='line_1_8' title="bbox 267 773 1856 848; baseline -0.002 -18"><span class='ocrx_word' id='word_1_44' title='bbox 267 776 326 830; x_wconf 84' lang='grc' dir='ltr'><strong>δν</strong></span> <span class='ocrx_word' id='word_1_45' title='bbox 356 780 422 830; x_wconf 80' lang='grc' dir='ltr'><strong>ἐκ</strong></span> <span class='ocrx_word' id='word_1_46' title='bbox 459 775 701 847; x_wconf 83' lang='grc' dir='ltr'>γαστρός</span> <span class='ocrx_word' id='word_1_47' title='bbox 732 791 824 828; x_wconf 89' lang='grc' dir='ltr'><strong>σου</strong></span> <span class='ocrx_word' id='word_1_48' title='bbox 854 775 1229 846; x_wconf 81' lang='grc' dir='ltr'>προήνεγκας’</span> <span class='ocrx_word' id='word_1_49' title='bbox 1265 773 1482 848; x_wconf 82' lang='grc' dir='ltr'>θραύων</span> <span class='ocrx_word' id='word_1_50' title='bbox 1516 775 1613 847; x_wconf 84' lang='grc' dir='ltr'><strong>μὲν</strong></span> <span class='ocrx_word' id='word_1_51' title='bbox 1658 775 1856 846; x_wconf 72' lang='grc' dir='ltr'>ῥᾳδίως</span> 
     </span>
    </p>
   </div>
   <div class='ocr_carea' id='block_1_9' title="bbox 269 852 1857 940">
    <p class='ocr_par' dir='ltr' id='par_1_9' title="bbox 269 852 1857 940">
     <span class='ocr_line' id='line_1_9' title="bbox 269 852 1857 940; baseline -0.003 -17"><span class='ocrx_word' id='word_1_52' title='bbox 269 875 367 923; x_wconf 72' lang='grc' dir='ltr'><strong>καὶ</strong></span> <span class='ocrx_word' id='word_1_53' title='bbox 409 868 699 940; x_wconf 77' lang='grc' dir='ltr'>ταράσσων</span> <span class='ocrx_word' id='word_1_54' title='bbox 747 852 875 929; x_wconf 78' lang='grc' dir='ltr'>τοὺς</span> <span class='ocrx_word' id='word_1_55' title='bbox 924 866 1147 928; x_wconf 72' lang='grc' dir='ltr'>ἑαυτοὺς</span> <span class='ocrx_word' id='word_1_56' title='bbox 1183 866 1285 935; x_wconf 80' lang='grc' dir='ltr'>τῆς</span> <span class='ocrx_word' id='word_1_57' title='bbox 1314 866 1573 936; x_wconf 81' lang='grc' dir='ltr'><strong>ἀληθείας</strong></span> <span class='ocrx_word' id='word_1_58' title='bbox 1608 868 1857 919; x_wconf 87' lang='grc' dir='ltr'>ἀποσπα-</span> 
     </span>
    </p>
   </div>
   <div class='ocr_carea' id='block_1_10' title="bbox 275 955 1856 1034">
    <p class='ocr_par' dir='ltr' id='par_1_10' title="bbox 275 955 1856 1034">
     <span class='ocr_line' id='line_1_10' title="bbox 275 955 1856 1034; baseline -0.004 -19"><span class='ocrx_word' id='word_1_59' title='bbox 275 961 544 1034; x_wconf 80' lang='grc' dir='ltr'>ράξαντας</span> <span class='ocrx_word' id='word_1_60' title='bbox 563 976 575 986; x_wconf 77' lang='lat'><strong>&#39;</strong></span> <span class='ocrx_word' id='word_1_61' title='bbox 614 957 846 1012; x_wconf 85' lang='grc' dir='ltr'>ἀνιστῶν</span> <span class='ocrx_word' id='word_1_62' title='bbox 872 955 930 1009; x_wconf 83' lang='grc' dir='ltr'>δὲ</span> <span class='ocrx_word' id='word_1_63' title='bbox 959 957 1053 1009; x_wconf 70' lang='grc' dir='ltr'><strong>καὶ</strong></span> <span class='ocrx_word' id='word_1_64' title='bbox 1078 955 1156 1027; x_wconf 82' lang='grc' dir='ltr'>τῷ</span> <span class='ocrx_word' id='word_1_65' title='bbox 1186 956 1361 1026; x_wconf 77' lang='grc' dir='ltr'>Πατρὶ</span> <span class='ocrx_word' id='word_1_66' title='bbox 1390 958 1702 1028; x_wconf 84' lang='grc' dir='ltr'>προσάγων,</span> <span class='ocrx_word' id='word_1_67' title='bbox 1737 957 1856 1009; x_wconf 85' lang='grc' dir='ltr'>ὅσοι</span> 
     </span>
    </p>
   </div>
   <div class='ocr_carea' id='block_1_11' title="bbox 274 1043 1850 1121">
    <p class='ocr_par' dir='ltr' id='par_1_11' title="bbox 274 1043 1850 1121">
     <span class='ocr_line' id='line_1_11' title="bbox 274 1043 1850 1121; baseline -0.004 -17"><span class='ocrx_word' id='word_1_68' title='bbox 274 1052 340 1104; x_wconf 85' lang='grc' dir='ltr'>ἂν</span> <span class='ocrx_word' id='word_1_69' title='bbox 388 1048 731 1121; x_wconf 85' lang='grc' dir='ltr'>πρόσθωνται</span> <span class='ocrx_word' id='word_1_70' title='bbox 764 1045 958 1116; x_wconf 83' lang='grc' dir='ltr'>τούτῳ,</span> <span class='ocrx_word' id='word_1_71' title='bbox 996 1045 1187 1098; x_wconf 77' lang='grc' dir='ltr'>καὶτὰ</span> <span class='ocrx_word' id='word_1_72' title='bbox 1232 1043 1420 1097; x_wconf 84' lang='grc' dir='ltr'>τούτου</span> <span class='ocrx_word' id='word_1_73' title='bbox 1464 1044 1740 1115; x_wconf 78' lang='grc' dir='ltr'>φυλάξωσι</span> <span class='ocrx_word' id='word_1_74' title='bbox 1770 1045 1850 1098; x_wconf 89' lang='grc' dir='ltr'>δι-</span> 
     </span>
    </p>
   </div>
   <div class='ocr_carea' id='block_1_12' title="bbox 272 1135 1850 1214">
    <p class='ocr_par' dir='ltr' id='par_1_12' title="bbox 272 1135 1850 1214">
     <span class='ocr_line' id='line_1_12' title="bbox 272 1135 1850 1214; baseline -0.006 -15"><span class='ocrx_word' id='word_1_75' title='bbox 272 1142 582 1214; x_wconf 84' lang='grc' dir='ltr'>καιώματα.</span> <span class='ocrx_word' id='word_1_76' title='bbox 617 1141 692 1194; x_wconf 85' lang='grc' dir='ltr'><strong>Οὐ</strong></span> <span class='ocrx_word' id='word_1_77' title='bbox 730 1138 834 1210; x_wconf 84' lang='grc' dir='ltr'>μὴν</span> <span class='ocrx_word' id='word_1_78' title='bbox 874 1139 952 1202; x_wconf 85' lang='grc' dir='ltr'><strong>δὲ,</strong></span> <span class='ocrx_word' id='word_1_79' title='bbox 985 1136 1170 1206; x_wconf 85' lang='grc' dir='ltr'>ἐπειδὴ</span> <span class='ocrx_word' id='word_1_80' title='bbox 1209 1135 1448 1189; x_wconf 86' lang='grc' dir='ltr'>τοιοῦτον</span> <span class='ocrx_word' id='word_1_81' title='bbox 1498 1136 1654 1207; x_wconf 71' lang='grc' dir='ltr'>ἔσχες</span> <span class='ocrx_word' id='word_1_82' title='bbox 1703 1138 1850 1203; x_wconf 86' lang='grc' dir='ltr'>Υἱὺν,</span> 
     </span>
    </p>
   </div>
   <div class='ocr_carea' id='block_1_13' title="bbox 272 1227 1852 1303">
    <p class='ocr_par' dir='ltr' id='par_1_13' title="bbox 272 1227 1852 1303">
     <span class='ocr_line' id='line_1_13' title="bbox 272 1227 1852 1303; baseline -0.004 -14"><span class='ocrx_word' id='word_1_83' title='bbox 272 1236 368 1291; x_wconf 72' lang='grc' dir='ltr'><strong>καὶ</strong></span> <span class='ocrx_word' id='word_1_84' title='bbox 420 1232 674 1303; x_wconf 83' lang='grc' dir='ltr'><strong>τοιαύτης</strong></span> <span class='ocrx_word' id='word_1_85' title='bbox 721 1230 983 1299; x_wconf 78' lang='grc' dir='ltr'>λέλογχας</span> <span class='ocrx_word' id='word_1_86' title='bbox 1030 1227 1301 1291; x_wconf 79' lang='grc' dir='ltr'>εὐκλείας,</span> <span class='ocrx_word' id='word_1_87' title='bbox 1338 1227 1415 1291; x_wconf 79' lang='grc' dir='ltr'>ὡς</span> <span class='ocrx_word' id='word_1_88' title='bbox 1455 1227 1636 1298; x_wconf 80' lang='grc' dir='ltr'>πάσης</span> <span class='ocrx_word' id='word_1_89' title='bbox 1682 1228 1852 1300; x_wconf 80' lang='grc' dir='ltr'><strong>ἄρδην</strong></span> 
     </span>
    </p>
   </div>
   <div class='ocr_carea' id='block_1_14' title="bbox 273 1317 1853 1396">
    <p class='ocr_par' dir='ltr' id='par_1_14' title="bbox 273 1317 1853 1396">
     <span class='ocr_line' id='line_1_14' title="bbox 273 1317 1853 1396; baseline -0.007 -15"><span class='ocrx_word' id='word_1_90' title='bbox 273 1326 531 1381; x_wconf 79' lang='grc' dir='ltr'>ἐπέκεινα</span> <span class='ocrx_word' id='word_1_91' title='bbox 559 1320 923 1396; x_wconf 82' lang='grc' dir='ltr'>γνωρισθῆναι</span> <span class='ocrx_word' id='word_1_92' title='bbox 962 1318 1227 1390; x_wconf 78' lang='grc' dir='ltr'><strong>γηγενοῦς</strong></span> <span class='ocrx_word' id='word_1_93' title='bbox 1255 1317 1489 1388; x_wconf 76' lang='grc' dir='ltr'>φύσεως,</span> <span class='ocrx_word' id='word_1_94' title='bbox 1523 1318 1853 1389; x_wconf 81' lang='grc' dir='ltr'><strong>ἀπείραστός</strong></span> 
     </span>
    </p>
   </div>
   <div class='ocr_carea' id='block_1_15' title="bbox 272 1405 1853 1487">
    <p class='ocr_par' dir='ltr' id='par_1_15' title="bbox 272 1405 1853 1487">
     <span class='ocr_line' id='line_1_15' title="bbox 272 1405 1853 1487; baseline -0.009 -16"><span class='ocrx_word' id='word_1_95' title='bbox 272 1435 355 1480; x_wconf 86' lang='grc' dir='ltr'><strong>τις</strong></span> <span class='ocrx_word' id='word_1_96' title='bbox 385 1416 482 1487; x_wconf 75' lang='grc' dir='ltr'><strong>ἔσῃ</strong></span> <span class='ocrx_word' id='word_1_97' title='bbox 508 1414 602 1469; x_wconf 78' lang='grc' dir='ltr'><strong>καὶ</strong></span> <span class='ocrx_word' id='word_1_98' title='bbox 638 1409 873 1481; x_wconf 83' lang='grc' dir='ltr'>ἀπαθὴς,</span> <span class='ocrx_word' id='word_1_99' title='bbox 904 1411 999 1463; x_wconf 76' lang='grc' dir='ltr'><strong>καὶ</strong></span> <span class='ocrx_word' id='word_1_100' title='bbox 1023 1407 1188 1461; x_wconf 73' lang='grc' dir='ltr'>οἱονεὶ</span> <span class='ocrx_word' id='word_1_101' title='bbox 1217 1407 1352 1480; x_wconf 79' lang='grc' dir='ltr'>πρὸς</span> <span class='ocrx_word' id='word_1_102' title='bbox 1376 1408 1476 1470; x_wconf 84' lang='grc' dir='ltr'>τὰς</span> <span class='ocrx_word' id='word_1_103' title='bbox 1508 1405 1719 1481; x_wconf 73' lang='grc' dir='ltr'>θλίψεις</span> <span class='ocrx_word' id='word_1_104' title='bbox 1760 1407 1853 1459; x_wconf 83' lang='grc' dir='ltr'>ἀν-</span> 
     </span>
    </p>
   </div>
   <div class='ocr_carea' id='block_1_16' title="bbox 279 1497 1851 1573">
    <p class='ocr_par' dir='ltr' id='par_1_16' title="bbox 279 1497 1851 1573">
     <span class='ocr_line' id='line_1_16' title="bbox 279 1497 1851 1573; baseline -0.009 -9"><span class='ocrx_word' id='word_1_105' title='bbox 279 1510 485 1573; x_wconf 80' lang='grc' dir='ltr'>άλωτος</span> <span class='ocrx_word' id='word_1_106' title='bbox 503 1525 518 1538; x_wconf 83' lang='lat'><strong>&#39;</strong></span> <span class='ocrx_word' id='word_1_107' title='bbox 540 1504 677 1561; x_wconf 84' lang='grc' dir='ltr'>ἀλλὰ</span> <span class='ocrx_word' id='word_1_108' title='bbox 697 1524 715 1553; x_wconf 78' lang='grc' dir='ltr'><strong>σ</strong></span> <span class='ocrx_word' id='word_1_109' title='bbox 739 1502 832 1558; x_wconf 78' lang='grc' dir='ltr'><strong>καὶ</strong></span> <span class='ocrx_word' id='word_1_110' title='bbox 865 1500 957 1555; x_wconf 87' lang='grc' dir='ltr'><strong>σοῦ</strong></span> <span class='ocrx_word' id='word_1_111' title='bbox 985 1499 1157 1571; x_wconf 82' lang='grc' dir='ltr'>αὐτῆς</span> <span class='ocrx_word' id='word_1_112' title='bbox 1192 1499 1289 1571; x_wconf 83' lang='grc' dir='ltr'>τὴν</span> <span class='ocrx_word' id='word_1_113' title='bbox 1319 1498 1496 1570; x_wconf 79' lang='grc' dir='ltr'>ψυχὴν</span> <span class='ocrx_word' id='word_1_114' title='bbox 1521 1497 1851 1552; x_wconf 80' lang='grc' dir='ltr'><strong>διελεύσεται</strong></span> 
     </span>
    </p>
   </div>
   <div class='ocr_carea' id='block_1_17' title="bbox 275 1584 1848 1673">
    <p class='ocr_par' dir='ltr' id='par_1_17' title="bbox 275 1584 1848 1673">
     <span class='ocr_line' id='line_1_17' title="bbox 275 1584 1848 1673; baseline -0.009 -20"><span class='ocrx_word' id='word_1_115' title='bbox 275 1598 549 1673; x_wconf 80' lang='grc' dir='ltr'>ῥομφαία’</span> <span class='ocrx_word' id='word_1_116' title='bbox 613 1616 634 1649; x_wconf 73' lang='grc' dir='ltr'><strong>ι</strong></span> <span class='ocrx_word' id='word_1_117' title='bbox 683 1595 757 1667; x_wconf 79' lang='grc' dir='ltr'>μὴ</span> <span class='ocrx_word' id='word_1_118' title='bbox 809 1592 917 1665; x_wconf 78' lang='grc' dir='ltr'><strong>γάρ</strong></span> <span class='ocrx_word' id='word_1_119' title='bbox 965 1609 1057 1658; x_wconf 89' lang='grc' dir='ltr'><strong>σε,</strong></span> <span class='ocrx_word' id='word_1_120' title='bbox 1116 1591 1270 1661; x_wconf 65' lang='grc' dir='ltr'>φησι,</span> <span class='ocrx_word' id='word_1_121' title='bbox 1303 1587 1366 1643; x_wconf 80' lang='grc' dir='ltr'><strong>τὸ</strong></span> <span class='ocrx_word' id='word_1_122' title='bbox 1420 1587 1701 1659; x_wconf 81' lang='grc' dir='ltr'>μεγαλεῖον</span> <span class='ocrx_word' id='word_1_123' title='bbox 1753 1584 1848 1641; x_wconf 90' lang='grc' dir='ltr'><strong>τοῦ</strong></span> 
     </span>
    </p>
   </div>
   <div class='ocr_carea' id='block_1_18' title="bbox 272 1678 1849 1763">
    <p class='ocr_par' dir='ltr' id='par_1_18' title="bbox 272 1678 1849 1763">
     <span class='ocr_line' id='line_1_18' title="bbox 272 1678 1849 1763; baseline -0.008 -18"><span class='ocrx_word' id='word_1_124' title='bbox 272 1690 551 1763; x_wconf 83' lang='grc' dir='ltr'><strong>θαύματος</strong></span> <span class='ocrx_word' id='word_1_125' title='bbox 597 1687 734 1761; x_wconf 85' lang='grc' dir='ltr'>πρὸς</span> <span class='ocrx_word' id='word_1_126' title='bbox 789 1685 949 1755; x_wconf 78' lang='grc' dir='ltr'>ὕγκον</span> <span class='ocrx_word' id='word_1_127' title='bbox 1004 1684 1186 1756; x_wconf 80' lang='grc' dir='ltr'>ἐπάρῃ</span> <span class='ocrx_word' id='word_1_128' title='bbox 1235 1681 1577 1752; x_wconf 81' lang='grc' dir='ltr'>φυσήματος.</span> <span class='ocrx_word' id='word_1_129' title='bbox 1621 1679 1685 1733; x_wconf 87' lang='grc' dir='ltr'>Εί</span> <span class='ocrx_word' id='word_1_130' title='bbox 1738 1678 1849 1751; x_wconf 85' lang='grc' dir='ltr'>γὰρ</span> 
     </span>
    </p>
   </div>
   <div class='ocr_carea' id='block_1_19' title="bbox 2032 677 3542 752">
    <p class='ocr_par' dir='ltr' id='par_1_19' title="bbox 2032 677 3542 752">
     <span class='ocr_line' id='line_1_19' title="bbox 2032 677 3542 752; baseline -0.005 -12"><span class='ocrx_word' id='word_1_131' title='bbox 2032 684 2119 740; x_wconf 83' lang='grc'><strong>16.</strong></span> <span class='ocrx_word' id='word_1_132' title='bbox 2160 682 2310 739; x_wconf 84' lang='lat' dir='ltr'><strong>Talis</strong></span> <span class='ocrx_word' id='word_1_133' title='bbox 2342 690 2448 746; x_wconf 90' lang='lat' dir='ltr'><strong>est,</strong></span> <span class='ocrx_word' id='word_1_134' title='bbox 2477 680 2678 752; x_wconf 91' lang='lat' dir='ltr'><strong>inquit,</strong></span> <span class='ocrx_word' id='word_1_135' title='bbox 2703 695 2736 734; x_wconf 95' lang='lat' dir='ltr'><strong>o</strong></span> <span class='ocrx_word' id='word_1_136' title='bbox 2763 681 2923 735; x_wconf 88' lang='lat' dir='ltr'><strong>beata</strong></span> <span class='ocrx_word' id='word_1_137' title='bbox 2953 677 3151 750; x_wconf 85' lang='lat' dir='ltr'><strong>Virgo,</strong></span> <span class='ocrx_word' id='word_1_138' title='bbox 3204 678 3251 734; x_wconf 92' lang='lat' dir='ltr'><strong>is</strong></span> <span class='ocrx_word' id='word_1_139' title='bbox 3287 694 3447 749; x_wconf 84' lang='lat' dir='ltr'><strong>quem</strong></span> <span class='ocrx_word' id='word_1_140' title='bbox 3473 693 3542 732; x_wconf 80' lang='lat' dir='ltr'><strong>ex</strong></span> 
     </span>
    </p>
   </div>
   <div class='ocr_carea' id='block_1_20' title="bbox 1959 769 3541 843">
    <p class='ocr_par' dir='ltr' id='par_1_20' title="bbox 1959 769 3541 843">
     <span class='ocr_line' id='line_1_20' title="bbox 1959 769 3541 843; baseline -0.005 -14"><span class='ocrx_word' id='word_1_141' title='bbox 1959 786 2113 830; x_wconf 87' lang='lat' dir='ltr'><strong>utero</strong></span> <span class='ocrx_word' id='word_1_142' title='bbox 2148 782 2240 828; x_wconf 91' lang='lat' dir='ltr'><strong>tuo</strong></span> <span class='ocrx_word' id='word_1_143' title='bbox 2271 772 2544 843; x_wconf 76' lang='lat' dir='ltr'><strong>protulisti</strong></span> <span class='ocrx_word' id='word_1_144' title='bbox 2577 789 2591 826; x_wconf 89' lang='lat'><strong>:</strong></span> <span class='ocrx_word' id='word_1_145' title='bbox 2627 771 2722 842; x_wconf 90' lang='lat' dir='ltr'><strong>qui</strong></span> <span class='ocrx_word' id='word_1_146' title='bbox 2757 770 2919 825; x_wconf 81' lang='lat' dir='ltr'><strong>facile</strong></span> <span class='ocrx_word' id='word_1_147' title='bbox 2948 769 3165 840; x_wconf 85' lang='lat' dir='ltr'><strong>frangat</strong></span> <span class='ocrx_word' id='word_1_148' title='bbox 3211 776 3266 824; x_wconf 90' lang='lat' dir='ltr'><strong>et</strong></span> <span class='ocrx_word' id='word_1_149' title='bbox 3313 780 3541 823; x_wconf 83' lang='lat' dir='ltr'><strong>contur-</strong></span> 
     </span>
    </p>
   </div>
   <div class='ocr_carea' id='block_1_21' title="bbox 1958 862 3540 935">
    <p class='ocr_par' dir='ltr' id='par_1_21' title="bbox 1958 862 3540 935">
     <span class='ocr_line' id='line_1_21' title="bbox 1958 862 3540 935; baseline -0.004 -13"><span class='ocrx_word' id='word_1_150' title='bbox 1958 868 2047 922; x_wconf 89' lang='lat' dir='ltr'><strong>bet</strong></span> <span class='ocrx_word' id='word_1_151' title='bbox 2082 882 2176 921; x_wconf 86' lang='lat' dir='ltr'><strong>eos</strong></span> <span class='ocrx_word' id='word_1_152' title='bbox 2204 864 2299 935; x_wconf 87' lang='lat' dir='ltr'><strong>qui</strong></span> <span class='ocrx_word' id='word_1_153' title='bbox 2350 878 2471 918; x_wconf 90' lang='lat' dir='ltr'><strong>sese</strong></span> <span class='ocrx_word' id='word_1_154' title='bbox 2507 878 2539 916; x_wconf 92' lang='lat' dir='ltr'><strong>a</strong></span> <span class='ocrx_word' id='word_1_155' title='bbox 2579 863 2810 917; x_wconf 80' lang='lat' dir='ltr'><strong>veritate</strong></span> <span class='ocrx_word' id='word_1_156' title='bbox 2837 862 3217 928; x_wconf 87' lang='lat' dir='ltr'><strong>divulserunt;</strong></span> <span class='ocrx_word' id='word_1_157' title='bbox 3254 865 3540 932; x_wconf 84' lang='lat' dir='ltr'><strong>erigatque</strong></span> 
     </span>
    </p>
   </div>
   <div class='ocr_carea' id='block_1_22' title="bbox 1958 952 3538 1023">
    <p class='ocr_par' dir='ltr' id='par_1_22' title="bbox 1958 952 3538 1023">
     <span class='ocr_line' id='line_1_22' title="bbox 1958 952 3538 1023; baseline -0.001 -14"><span class='ocrx_word' id='word_1_158' title='bbox 1958 964 2011 1010; x_wconf 91' lang='lat' dir='ltr'><strong>et</strong></span> <span class='ocrx_word' id='word_1_159' title='bbox 2035 956 2226 1010; x_wconf 77' lang='lat' dir='ltr'><strong>offerat</strong></span> <span class='ocrx_word' id='word_1_160' title='bbox 2255 953 2402 1009; x_wconf 87' lang='lat' dir='ltr'><strong>Patri</strong></span> <span class='ocrx_word' id='word_1_161' title='bbox 2430 969 2528 1008; x_wconf 91' lang='lat' dir='ltr'><strong>eos</strong></span> <span class='ocrx_word' id='word_1_162' title='bbox 2564 968 2755 1008; x_wconf 88' lang='lat' dir='ltr'><strong>omnes</strong></span> <span class='ocrx_word' id='word_1_163' title='bbox 2791 952 2885 1023; x_wconf 90' lang='lat' dir='ltr'><strong>qui</strong></span> <span class='ocrx_word' id='word_1_164' title='bbox 2914 953 3019 1022; x_wconf 89' lang='lat' dir='ltr'><strong>ipsi</strong></span> <span class='ocrx_word' id='word_1_165' title='bbox 3053 952 3386 1007; x_wconf 69' lang='lat' dir='ltr'><strong>adbaaserint</strong></span> <span class='ocrx_word' id='word_1_166' title='bbox 3413 992 3430 1017; x_wconf 91' lang='lat'><strong>,</strong></span> <span class='ocrx_word' id='word_1_167' title='bbox 3473 966 3538 1007; x_wconf 85' lang='lat' dir='ltr'><strong>ac</strong></span> 
     </span>
    </p>
   </div>
   <div class='ocr_carea' id='block_1_23' title="bbox 1958 1044 3538 1122">
    <p class='ocr_par' dir='ltr' id='par_1_23' title="bbox 1958 1044 3538 1122">
     <span class='ocr_line' id='line_1_23' title="bbox 1958 1044 3538 1122; baseline -0.006 -16"><span class='ocrx_word' id='word_1_168' title='bbox 1958 1052 2078 1122; x_wconf 85' lang='lat' dir='ltr'><strong>ejus</strong></span> <span class='ocrx_word' id='word_1_169' title='bbox 2108 1049 2262 1117; x_wconf 88' lang='lat' dir='ltr'><strong>jussa</strong></span> <span class='ocrx_word' id='word_1_170' title='bbox 2289 1046 2667 1102; x_wconf 88' lang='lat' dir='ltr'><strong>custodierint.</strong></span> <span class='ocrx_word' id='word_1_171' title='bbox 2700 1044 2850 1098; x_wconf 88' lang='lat' dir='ltr'><strong>Licet</strong></span> <span class='ocrx_word' id='word_1_172' title='bbox 2876 1059 3040 1115; x_wconf 88' lang='lat' dir='ltr'><strong>porro</strong></span> <span class='ocrx_word' id='word_1_173' title='bbox 3076 1046 3239 1099; x_wconf 88' lang='lat' dir='ltr'><strong>talem</strong></span> <span class='ocrx_word' id='word_1_174' title='bbox 3279 1059 3538 1116; x_wconf 87' lang='lat' dir='ltr'><strong>suscepe-</strong></span> 
     </span>
    </p>
   </div>
   <div class='ocr_carea' id='block_1_24' title="bbox 1951 1136 3536 1208">
    <p class='ocr_par' dir='ltr' id='par_1_24' title="bbox 1951 1136 3536 1208">
     <span class='ocr_line' id='line_1_24' title="bbox 1951 1136 3536 1208; baseline -0.002 -13"><span class='ocrx_word' id='word_1_175' title='bbox 1951 1141 2028 1195; x_wconf 85' lang='lat' dir='ltr'><strong>ris</strong></span> <span class='ocrx_word' id='word_1_176' title='bbox 2064 1139 2268 1204; x_wconf 83' lang='lat' dir='ltr'><strong>filium,</strong></span> <span class='ocrx_word' id='word_1_177' title='bbox 2317 1152 2380 1192; x_wconf 90' lang='lat' dir='ltr'><strong>ac</strong></span> <span class='ocrx_word' id='word_1_178' title='bbox 2423 1144 2629 1190; x_wconf 85' lang='lat' dir='ltr'><strong>tantam</strong></span> <span class='ocrx_word' id='word_1_179' title='bbox 2666 1147 2964 1191; x_wconf 85' lang='lat' dir='ltr'><strong>consecuta</strong></span> <span class='ocrx_word' id='word_1_180' title='bbox 3019 1136 3097 1192; x_wconf 85' lang='lat' dir='ltr'><strong>sis</strong></span> <span class='ocrx_word' id='word_1_181' title='bbox 3145 1137 3415 1208; x_wconf 78' lang='lat' dir='ltr'><strong>gloriam,</strong></span> <span class='ocrx_word' id='word_1_182' title='bbox 3476 1148 3536 1192; x_wconf 90' lang='lat' dir='ltr'><strong>ut</strong></span> 
     </span>
    </p>
   </div>
   <div class='ocr_carea' id='block_1_25' title="bbox 1952 1227 3532 1301">
    <p class='ocr_par' dir='ltr' id='par_1_25' title="bbox 1952 1227 3532 1301">
     <span class='ocr_line' id='line_1_25' title="bbox 1952 1227 3532 1301; baseline -0.004 -13"><span class='ocrx_word' id='word_1_183' title='bbox 1952 1243 2172 1288; x_wconf 87' lang='lat' dir='ltr'><strong>terrena</strong></span> <span class='ocrx_word' id='word_1_184' title='bbox 2196 1245 2412 1301; x_wconf 91' lang='lat' dir='ltr'><strong>quoque</strong></span> <span class='ocrx_word' id='word_1_185' title='bbox 2440 1229 2590 1285; x_wconf 89' lang='lat' dir='ltr'><strong>omni</strong></span> <span class='ocrx_word' id='word_1_186' title='bbox 2629 1237 2824 1282; x_wconf 86' lang='lat' dir='ltr'><strong>natura</strong></span> <span class='ocrx_word' id='word_1_187' title='bbox 2869 1228 3125 1297; x_wconf 86' lang='lat' dir='ltr'><strong>superior</strong></span> <span class='ocrx_word' id='word_1_188' title='bbox 3166 1227 3532 1298; x_wconf 84' lang='lat' dir='ltr'><strong>agnoscaris;</strong></span> 
     </span>
    </p>
   </div>
   <div class='ocr_carea' id='block_1_26' title="bbox 1952 1318 3533 1395">
    <p class='ocr_par' dir='ltr' id='par_1_26' title="bbox 1952 1318 3533 1395">
     <span class='ocr_line' id='line_1_26' title="bbox 1952 1318 3533 1395; baseline -0.004 -15"><span class='ocrx_word' id='word_1_189' title='bbox 1952 1338 2298 1395; x_wconf 86' lang='lat' dir='ltr'><strong>nequaquam</strong></span> <span class='ocrx_word' id='word_1_190' title='bbox 2326 1320 2686 1377; x_wconf 85' lang='lat' dir='ltr'><strong>tentationum</strong></span> <span class='ocrx_word' id='word_1_191' title='bbox 2736 1319 3170 1389; x_wconf 86' lang='lat' dir='ltr'><strong>passionumque</strong></span> <span class='ocrx_word' id='word_1_192' title='bbox 3215 1334 3410 1390; x_wconf 80' lang='lat' dir='ltr'><strong>expers</strong></span> <span class='ocrx_word' id='word_1_193' title='bbox 3446 1318 3533 1373; x_wconf 82' lang='lat' dir='ltr'><strong>fu-</strong></span> 
     </span>
    </p>
   </div>
   <div class='ocr_carea' id='block_1_27' title="bbox 1951 1412 3537 1487">
    <p class='ocr_par' dir='ltr' id='par_1_27' title="bbox 1951 1412 3537 1487">
     <span class='ocr_line' id='line_1_27' title="bbox 1951 1412 3537 1487; baseline -0.003 -15"><span class='ocrx_word' id='word_1_194' title='bbox 1951 1426 2075 1473; x_wconf 87' lang='lat' dir='ltr'><strong>tura</strong></span> <span class='ocrx_word' id='word_1_195' title='bbox 2115 1433 2215 1482; x_wconf 91' lang='lat' dir='ltr'><strong>es,</strong></span> <span class='ocrx_word' id='word_1_196' title='bbox 2274 1430 2453 1487; x_wconf 90' lang='lat' dir='ltr'><strong>neque</strong></span> <span class='ocrx_word' id='word_1_197' title='bbox 2499 1413 2760 1468; x_wconf 69' lang='lat' dir='ltr'><strong>aerumnis</strong></span> <span class='ocrx_word' id='word_1_198' title='bbox 2811 1427 2985 1466; x_wconf 89' lang='lat' dir='ltr'><strong>vacua</strong></span> <span class='ocrx_word' id='word_1_199' title='bbox 3031 1412 3185 1467; x_wconf 89' lang='lat' dir='ltr'><strong>eris:</strong></span> <span class='ocrx_word' id='word_1_200' title='bbox 3223 1412 3378 1480; x_wconf 90' lang='lat' dir='ltr'><strong>quin,</strong></span> <span class='ocrx_word' id='word_1_201' title='bbox 3419 1430 3438 1462; x_wconf 85' lang='grc'><strong>‹</strong></span> <span class='ocrx_word' id='word_1_202' title='bbox 3481 1422 3537 1467; x_wconf 90' lang='lat' dir='ltr'><strong>et</strong></span> 
     </span>
    </p>
   </div>
   <div class='ocr_carea' id='block_1_28' title="bbox 1952 1507 3529 1582">
    <p class='ocr_par' dir='ltr' id='par_1_28' title="bbox 1952 1507 3529 1582">
     <span class='ocr_line' id='line_1_28' title="bbox 1952 1507 3529 1582; baseline -0.003 -17"><span class='ocrx_word' id='word_1_203' title='bbox 1952 1518 2103 1565; x_wconf 89' lang='lat' dir='ltr'><strong>tuam</strong></span> <span class='ocrx_word' id='word_1_204' title='bbox 2172 1511 2346 1582; x_wconf 89' lang='lat' dir='ltr'><strong>ipsius</strong></span> <span class='ocrx_word' id='word_1_205' title='bbox 2403 1510 2639 1564; x_wconf 88' lang='lat' dir='ltr'><strong>animam</strong></span> <span class='ocrx_word' id='word_1_206' title='bbox 2689 1507 2907 1580; x_wconf 77' lang='lat' dir='ltr'><strong>gladius</strong></span> <span class='ocrx_word' id='word_1_207' title='bbox 2960 1508 3319 1578; x_wconf 86' lang='lat' dir='ltr'><strong>pertransibit</strong></span> <span class='ocrx_word' id='word_1_208' title='bbox 3375 1508 3420 1540; x_wconf 79' lang='lat'>&quot;</span> <span class='ocrx_word' id='word_1_209' title='bbox 3456 1526 3471 1563; x_wconf 88' lang='lat'><strong>:</strong></span> <span class='ocrx_word' id='word_1_210' title='bbox 3509 1526 3529 1560; x_wconf 75' lang='grc' dir='ltr'><strong>ι</strong></span> 
     </span>
    </p>
   </div>
   <div class='ocr_carea' id='block_1_29' title="bbox 1955 1599 3537 1674">
    <p class='ocr_par' dir='ltr' id='par_1_29' title="bbox 1955 1599 3537 1674">
     <span class='ocr_line' id='line_1_29' title="bbox 1955 1599 3537 1674; baseline -0.004 -15"><span class='ocrx_word' id='word_1_211' title='bbox 1955 1619 2025 1659; x_wconf 91' lang='lat' dir='ltr'><strong>ne</strong></span> <span class='ocrx_word' id='word_1_212' title='bbox 2086 1615 2182 1672; x_wconf 89' lang='lat' dir='ltr'><strong>te,</strong></span> <span class='ocrx_word' id='word_1_213' title='bbox 2242 1604 2453 1674; x_wconf 89' lang='lat' dir='ltr'><strong>inquit,</strong></span> <span class='ocrx_word' id='word_1_214' title='bbox 2515 1601 2766 1656; x_wconf 88' lang='lat' dir='ltr'><strong>miraculi</strong></span> <span class='ocrx_word' id='word_1_215' title='bbox 2825 1599 3175 1671; x_wconf 82' lang='lat' dir='ltr'><strong>magnitudo,</strong></span> <span class='ocrx_word' id='word_1_216' title='bbox 3234 1599 3290 1652; x_wconf 91' lang='lat' dir='ltr'><strong>in</strong></span> <span class='ocrx_word' id='word_1_217' title='bbox 3351 1608 3537 1653; x_wconf 81' lang='lat' dir='ltr'><strong>tumo-</strong></span> 
     </span>
    </p>
   </div>
   <div class='ocr_carea' id='block_1_30' title="bbox 1954 1692 3535 1767">
    <p class='ocr_par' dir='ltr' id='par_1_30' title="bbox 1954 1692 3535 1767">
     <span class='ocr_line' id='line_1_30' title="bbox 1954 1692 3535 1767; baseline -0.003 -18"><span class='ocrx_word' id='word_1_218' title='bbox 1954 1710 2070 1752; x_wconf 89' lang='lat' dir='ltr'><strong>rem</strong></span> <span class='ocrx_word' id='word_1_219' title='bbox 2121 1696 2389 1767; x_wconf 73' lang='lat' dir='ltr'><strong>superbia:</strong></span> <span class='ocrx_word' id='word_1_220' title='bbox 2450 1694 2657 1751; x_wconf 82' lang='lat' dir='ltr'><strong>efferat.</strong></span> <span class='ocrx_word' id='word_1_221' title='bbox 2708 1692 2826 1749; x_wconf 91' lang='lat' dir='ltr'><strong>Etsi</strong></span> <span class='ocrx_word' id='word_1_222' title='bbox 2881 1694 3066 1757; x_wconf 90' lang='lat' dir='ltr'><strong>enim,</strong></span> <span class='ocrx_word' id='word_1_223' title='bbox 3101 1692 3312 1763; x_wconf 91' lang='lat' dir='ltr'><strong>inquit,</strong></span> <span class='ocrx_word' id='word_1_224' title='bbox 3367 1706 3535 1762; x_wconf 85' lang='lat' dir='ltr'><strong>supra</strong></span> 
     </span>
    </p>
   </div>
   <div class='ocr_carea' id='block_1_31' title="bbox 272 1770 1854 1858">
    <p class='ocr_par' dir='ltr' id='par_1_31' title="bbox 272 1770 1853 1854">
     <span class='ocr_line' id='line_1_31' title="bbox 272 1770 1853 1854; baseline -0.009 -16"><span class='ocrx_word' id='word_1_225' title='bbox 272 1785 369 1838; x_wconf 74' lang='grc' dir='ltr'><strong>καὶ</strong></span> <span class='ocrx_word' id='word_1_226' title='bbox 422 1782 564 1854; x_wconf 82' lang='grc' dir='ltr'>ὑπὲρ</span> <span class='ocrx_word' id='word_1_227' title='bbox 616 1778 778 1849; x_wconf 82' lang='grc' dir='ltr'>φύσιν</span> <span class='ocrx_word' id='word_1_228' title='bbox 821 1777 1080 1849; x_wconf 87' lang='grc' dir='ltr'>ἐκύησας,</span> <span class='ocrx_word' id='word_1_229' title='bbox 1135 1774 1271 1828; x_wconf 81' lang='grc' dir='ltr'>ἀλλὰ</span> <span class='ocrx_word' id='word_1_230' title='bbox 1319 1772 1500 1841; x_wconf 80' lang='grc' dir='ltr'>θλίψιν</span> <span class='ocrx_word' id='word_1_231' title='bbox 1545 1770 1689 1836; x_wconf 72' lang='grc' dir='ltr'>ἕξεις</span> <span class='ocrx_word' id='word_1_232' title='bbox 1731 1774 1853 1835; x_wconf 86' lang='grc' dir='ltr'>ταῖς</span> 
     </span>
    </p>
   </div>
   <div class='ocr_carea' id='block_1_32' title="bbox 1958 1770 3535 1858">
    <p class='ocr_par' dir='ltr' id='par_1_32' title="bbox 1958 1784 3535 1858">
     <span class='ocr_line' id='line_1_32' title="bbox 1958 1784 3535 1858; baseline -0.001 -16"><span class='ocrx_word' id='word_1_233' title='bbox 1958 1796 2209 1843; x_wconf 86' lang='lat' dir='ltr'><strong>naturam</strong></span> <span class='ocrx_word' id='word_1_234' title='bbox 2257 1797 2470 1843; x_wconf 89' lang='lat' dir='ltr'><strong>uterum</strong></span> <span class='ocrx_word' id='word_1_235' title='bbox 2506 1786 2752 1858; x_wconf 84' lang='lat' dir='ltr'><strong>gestasti,</strong></span> <span class='ocrx_word' id='word_1_236' title='bbox 2790 1795 2846 1842; x_wconf 91' lang='lat' dir='ltr'><strong>at</strong></span> <span class='ocrx_word' id='word_1_237' title='bbox 2901 1784 3250 1840; x_wconf 85' lang='lat' dir='ltr'><strong>alllictionem</strong></span> <span class='ocrx_word' id='word_1_238' title='bbox 3309 1799 3535 1854; x_wconf 84' lang='lat' dir='ltr'><strong>perpes-</strong></span> 
     </span>
    </p>
   </div>
   <div class='ocr_carea' id='block_1_33' title="bbox 170 1859 1854 1941">
    <p class='ocr_par' dir='ltr' id='par_1_33' title="bbox 170 1859 1854 1941">
     <span class='ocr_line' id='line_1_33' title="bbox 170 1859 1854 1941; baseline -0.01 -13"><span class='ocrx_word' id='word_1_239' title='bbox 170 1888 175 1895; x_wconf 85' lang='lat'>&#39;</span> <span class='ocrx_word' id='word_1_240' title='bbox 275 1872 415 1928; x_wconf 74' lang='grc' dir='ltr'>κατὰ</span> <span class='ocrx_word' id='word_1_241' title='bbox 447 1871 609 1941; x_wconf 85' lang='grc' dir='ltr'>φύσιν</span> <span class='ocrx_word' id='word_1_242' title='bbox 650 1867 948 1939; x_wconf 85' lang='grc' dir='ltr'>γεννώσαις</span> <span class='ocrx_word' id='word_1_243' title='bbox 989 1864 1282 1936; x_wconf 76' lang='grc' dir='ltr'>ἐφάμιλλον</span> <span class='ocrx_word' id='word_1_244' title='bbox 1306 1879 1321 1894; x_wconf 83' lang='grc'>⁶</span> <span class='ocrx_word' id='word_1_245' title='bbox 1358 1861 1557 1934; x_wconf 79' lang='grc' dir='ltr'>μᾶλλον</span> <span class='ocrx_word' id='word_1_246' title='bbox 1588 1860 1646 1914; x_wconf 78' lang='grc' dir='ltr'>δὲ</span> <span class='ocrx_word' id='word_1_247' title='bbox 1675 1859 1854 1932; x_wconf 79' lang='grc' dir='ltr'>πολλῷ</span> 
     </span>
    </p>
   </div>
   <div class='ocr_carea' id='block_1_34' title="bbox 276 1952 1856 2035">
    <p class='ocr_par' dir='ltr' id='par_1_34' title="bbox 276 1952 1856 2035">
     <span class='ocr_line' id='line_1_34' title="bbox 276 1952 1856 2035; baseline -0.007 -21"><span class='ocrx_word' id='word_1_248' title='bbox 276 1962 541 2035; x_wconf 78' lang='grc' dir='ltr'>μεγίστην</span> <span class='ocrx_word' id='word_1_249' title='bbox 565 1958 660 2013; x_wconf 76' lang='grc' dir='ltr'><strong>καὶ</strong></span> <span class='ocrx_word' id='word_1_250' title='bbox 688 1955 1153 2033; x_wconf 81' lang='grc' dir='ltr'>ὑπερϐάλλουσαν,</span> <span class='ocrx_word' id='word_1_251' title='bbox 1174 1954 1297 2007; x_wconf 81' lang='grc' dir='ltr'>ὅσον</span> <span class='ocrx_word' id='word_1_252' title='bbox 1324 1953 1528 2006; x_wconf 83' lang='grc' dir='ltr'>ἐκεῖναι</span> <span class='ocrx_word' id='word_1_253' title='bbox 1565 1952 1662 2023; x_wconf 84' lang='grc' dir='ltr'>μὲν</span> <span class='ocrx_word' id='word_1_254' title='bbox 1682 1952 1856 2025; x_wconf 75' lang='grc' dir='ltr'>χωρὶς</span> 
     </span>
    </p>
   </div>
   <div class='ocr_carea' id='block_1_35' title="bbox 273 2040 1855 2123">
    <p class='ocr_par' dir='ltr' id='par_1_35' title="bbox 273 2040 1855 2123">
     <span class='ocr_line' id='line_1_35' title="bbox 273 2040 1855 2123; baseline -0.008 -16"><span class='ocrx_word' id='word_1_255' title='bbox 273 2052 569 2123; x_wconf 77' lang='grc' dir='ltr'>θαυμάτων</span> <span class='ocrx_word' id='word_1_256' title='bbox 588 2049 687 2112; x_wconf 83' lang='grc' dir='ltr'>τὰς</span> <span class='ocrx_word' id='word_1_257' title='bbox 711 2048 837 2121; x_wconf 78' lang='grc' dir='ltr'>περὶ</span> <span class='ocrx_word' id='word_1_258' title='bbox 858 2047 927 2100; x_wconf 79' lang='grc' dir='ltr'>τὰ</span> <span class='ocrx_word' id='word_1_259' title='bbox 944 2046 1114 2099; x_wconf 80' lang='grc' dir='ltr'>τέκνα</span> <span class='ocrx_word' id='word_1_260' title='bbox 1138 2042 1342 2113; x_wconf 70' lang='grc' dir='ltr'>θλίψεις</span> <span class='ocrx_word' id='word_1_261' title='bbox 1359 2043 1658 2113; x_wconf 77' lang='grc' dir='ltr'>ὑπέμειναν</span> <span class='ocrx_word' id='word_1_262' title='bbox 1678 2058 1692 2073; x_wconf 74' lang='grc' dir='ltr'><strong><em>ο</em></strong></span> <span class='ocrx_word' id='word_1_263' title='bbox 1713 2042 1778 2094; x_wconf 81' lang='grc' dir='ltr'><strong>σὺ</strong></span> <span class='ocrx_word' id='word_1_264' title='bbox 1799 2040 1855 2094; x_wconf 82' lang='grc' dir='ltr'>δὲ</span> 
     </span>
    </p>
   </div>
   <div class='ocr_carea' id='block_1_36' title="bbox 275 2132 1855 2217">
    <p class='ocr_par' dir='ltr' id='par_1_36' title="bbox 275 2132 1855 2217">
     <span class='ocr_line' id='line_1_36' title="bbox 275 2132 1855 2217; baseline -0.008 -20"><span class='ocrx_word' id='word_1_265' title='bbox 275 2144 415 2217; x_wconf 74' lang='grc' dir='ltr'>μετὰ</span> <span class='ocrx_word' id='word_1_266' title='bbox 437 2140 706 2211; x_wconf 83' lang='grc' dir='ltr'>τοσαύτην</span> <span class='ocrx_word' id='word_1_267' title='bbox 726 2138 933 2211; x_wconf 82' lang='grc' dir='ltr'>πληθὺν</span> <span class='ocrx_word' id='word_1_268' title='bbox 957 2137 1275 2208; x_wconf 80' lang='grc' dir='ltr'>τεραστίων,</span> <span class='ocrx_word' id='word_1_269' title='bbox 1306 2134 1443 2206; x_wconf 88' lang='grc' dir='ltr'><strong>μετὰ</strong></span> <span class='ocrx_word' id='word_1_270' title='bbox 1467 2134 1565 2198; x_wconf 79' lang='grc' dir='ltr'>τὰς</span> <span class='ocrx_word' id='word_1_271' title='bbox 1592 2132 1855 2196; x_wconf 81' lang='grc' dir='ltr'>ἀπλέτους</span> 
     </span>
    </p>
   </div>
   <div class='ocr_carea' id='block_1_37' title="bbox 270 2221 1855 2299">
    <p class='ocr_par' dir='ltr' id='par_1_37' title="bbox 270 2221 1855 2299">
     <span class='ocr_line' id='line_1_37' title="bbox 270 2221 1855 2299; baseline -0.004 -16"><span class='ocrx_word' id='word_1_272' title='bbox 270 2230 487 2293; x_wconf 87' lang='grc' dir='ltr'>ἐκείνας</span> <span class='ocrx_word' id='word_1_273' title='bbox 533 2228 643 2282; x_wconf 88' lang='grc' dir='ltr'><strong>τῶν</strong></span> <span class='ocrx_word' id='word_1_274' title='bbox 690 2226 1042 2299; x_wconf 82' lang='grc' dir='ltr'>προφητικῶν</span> <span class='ocrx_word' id='word_1_275' title='bbox 1089 2224 1349 2297; x_wconf 80' lang='grc' dir='ltr'>ῥημάτων</span> <span class='ocrx_word' id='word_1_276' title='bbox 1390 2224 1664 2289; x_wconf 81' lang='grc' dir='ltr'>ἐκϐάσεις,</span> <span class='ocrx_word' id='word_1_277' title='bbox 1719 2221 1855 2294; x_wconf 83' lang='grc' dir='ltr'>μετὰ</span> 
     </span>
    </p>
   </div>
   <div class='ocr_carea' id='block_1_38' title="bbox 270 2314 1856 2394">
    <p class='ocr_par' dir='ltr' id='par_1_38' title="bbox 270 2314 1856 2394">
     <span class='ocr_line' id='line_1_38' title="bbox 270 2314 1856 2394; baseline -0.005 -19"><span class='ocrx_word' id='word_1_278' title='bbox 270 2320 370 2392; x_wconf 80' lang='grc' dir='ltr'>τὴν</span> <span class='ocrx_word' id='word_1_279' title='bbox 400 2319 724 2394; x_wconf 84' lang='grc' dir='ltr'>περιϐόητον</span> <span class='ocrx_word' id='word_1_280' title='bbox 748 2318 861 2390; x_wconf 71' lang='grc'><strong>(47)</strong></span> <span class='ocrx_word' id='word_1_281' title='bbox 883 2317 983 2388; x_wconf 81' lang='grc' dir='ltr'><strong>τῆς</strong></span> <span class='ocrx_word' id='word_1_282' title='bbox 1009 2315 1309 2389; x_wconf 80' lang='grc' dir='ltr'>παρθενίας</span> <span class='ocrx_word' id='word_1_283' title='bbox 1341 2315 1588 2386; x_wconf 85' lang='grc' dir='ltr'>φυλακὴν</span> <span class='ocrx_word' id='word_1_284' title='bbox 1617 2314 1712 2366; x_wconf 69' lang='grc' dir='ltr'><strong>κα)⁸</strong></span> <span class='ocrx_word' id='word_1_285' title='bbox 1737 2330 1856 2367; x_wconf 82' lang='grc' dir='ltr'>συν-</span> 
     </span>
    </p>
   </div>
   <div class='ocr_carea' id='block_1_39' title="bbox 269 2405 1856 2485">
    <p class='ocr_par' dir='ltr' id='par_1_39' title="bbox 269 2405 1856 2485">
     <span class='ocr_line' id='line_1_39' title="bbox 269 2405 1856 2485; baseline -0.004 -20"><span class='ocrx_word' id='word_1_286' title='bbox 269 2414 524 2485; x_wconf 82' lang='grc' dir='ltr'>τήρησιν,</span> <span class='ocrx_word' id='word_1_287' title='bbox 556 2411 602 2464; x_wconf 89' lang='grc' dir='ltr'><strong>ῶ</strong></span> <span class='ocrx_word' id='word_1_288' title='bbox 628 2410 723 2464; x_wconf 89' lang='grc' dir='ltr'><strong>τοῦ</strong></span> <span class='ocrx_word' id='word_1_289' title='bbox 756 2409 1059 2481; x_wconf 82' lang='grc' dir='ltr'>θαύματοςὶ</span> <span class='ocrx_word' id='word_1_290' title='bbox 1100 2426 1119 2461; x_wconf 77' lang='grc' dir='ltr'><strong>ι</strong></span> <span class='ocrx_word' id='word_1_291' title='bbox 1157 2409 1251 2463; x_wconf 75' lang='grc' dir='ltr'><strong>καὶ</strong></span> <span class='ocrx_word' id='word_1_292' title='bbox 1283 2407 1378 2461; x_wconf 83' lang='grc' dir='ltr'><strong>σοῦ</strong></span> <span class='ocrx_word' id='word_1_293' title='bbox 1412 2407 1580 2479; x_wconf 80' lang='grc' dir='ltr'>αὐτῆς</span> <span class='ocrx_word' id='word_1_294' title='bbox 1628 2405 1724 2477; x_wconf 85' lang='grc' dir='ltr'><strong>τὴν</strong></span> <span class='ocrx_word' id='word_1_295' title='bbox 1752 2405 1856 2475; x_wconf 82' lang='grc' dir='ltr'><strong>ψυ-</strong></span> 
     </span>
    </p>
   </div>
   <div class='ocr_carea' id='block_1_40' title="bbox 272 2496 1857 2575">
    <p class='ocr_par' dir='ltr' id='par_1_40' title="bbox 272 2496 1857 2575">
     <span class='ocr_line' id='line_1_40' title="bbox 272 2496 1857 2575; baseline -0.005 -18"><span class='ocrx_word' id='word_1_296' title='bbox 272 2502 372 2575; x_wconf 84' lang='grc' dir='ltr'>χὴν</span> <span class='ocrx_word' id='word_1_297' title='bbox 405 2502 741 2556; x_wconf 80' lang='grc' dir='ltr'>διελεύσεται</span> <span class='ocrx_word' id='word_1_298' title='bbox 773 2500 1033 2573; x_wconf 84' lang='grc' dir='ltr'>ῥομφαία.</span> <span class='ocrx_word' id='word_1_299' title='bbox 1076 2519 1097 2553; x_wconf 71' lang='grc' dir='ltr'><strong>ι</strong></span> <span class='ocrx_word' id='word_1_300' title='bbox 1133 2500 1289 2563; x_wconf 86' lang='grc' dir='ltr'>Τίνος</span> <span class='ocrx_word' id='word_1_301' title='bbox 1309 2516 1324 2565; x_wconf 90' lang='grc'><strong>;</strong></span> <span class='ocrx_word' id='word_1_302' title='bbox 1348 2518 1367 2549; x_wconf 74' lang='grc' dir='ltr'><strong>ι</strong></span> <span class='ocrx_word' id='word_1_303' title='bbox 1392 2497 1507 2562; x_wconf 89' lang='grc' dir='ltr'>σοῦ,</span> <span class='ocrx_word' id='word_1_304' title='bbox 1544 2498 1734 2567; x_wconf 77' lang='grc' dir='ltr'>φησὶν,</span> <span class='ocrx_word' id='word_1_305' title='bbox 1764 2496 1857 2550; x_wconf 71' lang='grc' dir='ltr'>αὐε-</span> 
     </span>
    </p>
   </div>
   <div class='ocr_carea' id='block_1_41' title="bbox 270 2589 1855 2667">
    <p class='ocr_par' dir='ltr' id='par_1_41' title="bbox 270 2589 1855 2667">
     <span class='ocr_line' id='line_1_41' title="bbox 270 2589 1855 2667; baseline -0.004 -19"><span class='ocrx_word' id='word_1_306' title='bbox 270 2597 393 2667; x_wconf 78' lang='grc' dir='ltr'>τῆς,</span> <span class='ocrx_word' id='word_1_307' title='bbox 408 2615 428 2647; x_wconf 73' lang='grc' dir='ltr'><strong>ι</strong></span> <span class='ocrx_word' id='word_1_308' title='bbox 444 2595 546 2665; x_wconf 84' lang='grc' dir='ltr'>τῆς</span> <span class='ocrx_word' id='word_1_309' title='bbox 561 2595 652 2649; x_wconf 82' lang='grc' dir='ltr'><strong>τὸν</strong></span> <span class='ocrx_word' id='word_1_310' title='bbox 664 2592 1319 2665; x_wconf 45' lang='grc' dir='ltr'>Γαϐριὴλοεΰμοιρησάσης</span> <span class='ocrx_word' id='word_1_311' title='bbox 1335 2589 1743 2661; x_wconf 77' lang='grc' dir='ltr'>εὐαγγελιστὴν,</span> <span class='ocrx_word' id='word_1_312' title='bbox 1761 2590 1855 2643; x_wconf 78' lang='grc' dir='ltr'><strong>καὶ</strong></span> 
     </span>
    </p>
   </div>
   <div class='ocr_carea' id='block_1_42' title="bbox 272 2681 1852 2757">
    <p class='ocr_par' dir='ltr' id='par_1_42' title="bbox 272 2681 1852 2757">
     <span class='ocr_line' id='line_1_42' title="bbox 272 2681 1852 2757; baseline -0.003 -17"><span class='ocrx_word' id='word_1_313' title='bbox 272 2686 369 2741; x_wconf 90' lang='grc' dir='ltr'><strong>τοῦ</strong></span> <span class='ocrx_word' id='word_1_314' title='bbox 402 2687 564 2740; x_wconf 81' lang='grc' dir='ltr'>τόκου</span> <span class='ocrx_word' id='word_1_315' title='bbox 602 2686 939 2757; x_wconf 87' lang='grc' dir='ltr'>σημάντορα·</span> <span class='ocrx_word' id='word_1_316' title='bbox 990 2705 1010 2737; x_wconf 77' lang='grc' dir='ltr'><strong>ι</strong></span> <span class='ocrx_word' id='word_1_317' title='bbox 1053 2684 1170 2750; x_wconf 89' lang='grc' dir='ltr'>σοῦ,</span> <span class='ocrx_word' id='word_1_318' title='bbox 1205 2704 1225 2737; x_wconf 73' lang='grc' dir='ltr'><strong>ι</strong></span> <span class='ocrx_word' id='word_1_319' title='bbox 1258 2684 1360 2755; x_wconf 83' lang='grc' dir='ltr'><strong>τῆς</strong></span> <span class='ocrx_word' id='word_1_320' title='bbox 1388 2684 1486 2756; x_wconf 79' lang='grc' dir='ltr'><strong>τὴν</strong></span> <span class='ocrx_word' id='word_1_321' title='bbox 1505 2682 1732 2754; x_wconf 88' lang='grc' dir='ltr'>δύναμιν</span> <span class='ocrx_word' id='word_1_322' title='bbox 1757 2681 1852 2735; x_wconf 89' lang='grc' dir='ltr'><strong>τοῦ</strong></span> 
     </span>
    </p>
   </div>
   <div class='ocr_carea' id='block_1_43' title="bbox 285 2772 1853 2847">
    <p class='ocr_par' dir='ltr' id='par_1_43' title="bbox 285 2772 1853 2847">
     <span class='ocr_line' id='line_1_43' title="bbox 285 2772 1853 2847; baseline -0.003 -16"><span class='ocrx_word' id='word_1_323' title='bbox 285 2777 543 2847; x_wconf 78' lang='grc' dir='ltr'>Ὑψίστου</span> <span class='ocrx_word' id='word_1_324' title='bbox 590 2778 1038 2842; x_wconf 78' lang='grc' dir='ltr'>ἐπισκιάζουσαν,</span> <span class='ocrx_word' id='word_1_325' title='bbox 1089 2777 1183 2831; x_wconf 71' lang='grc' dir='ltr'>καὶ</span> <span class='ocrx_word' id='word_1_326' title='bbox 1236 2776 1368 2831; x_wconf 75' lang='grc' dir='ltr'>αὐτὸ</span> <span class='ocrx_word' id='word_1_327' title='bbox 1418 2776 1479 2830; x_wconf 77' lang='grc' dir='ltr'>τὸ</span> <span class='ocrx_word' id='word_1_328' title='bbox 1527 2773 1752 2845; x_wconf 85' lang='grc' dir='ltr'>Πνεῦμα</span> <span class='ocrx_word' id='word_1_329' title='bbox 1791 2772 1853 2827; x_wconf 81' lang='grc' dir='ltr'>τὸ</span> 
     </span>
    </p>
   </div>
   <div class='ocr_carea' id='block_1_44' title="bbox 276 2865 1853 2941">
    <p class='ocr_par' dir='ltr' id='par_1_44' title="bbox 276 2865 1853 2941">
     <span class='ocr_line' id='line_1_44' title="bbox 276 2865 1853 2941; baseline -0.004 -18"><span class='ocrx_word' id='word_1_330' title='bbox 276 2870 453 2940; x_wconf 77' lang='grc' dir='ltr'>ἅγιον,</span> <span class='ocrx_word' id='word_1_331' title='bbox 492 2869 786 2938; x_wconf 80' lang='grc' dir='ltr'>ἐπιφοιτῶν</span> <span class='ocrx_word' id='word_1_332' title='bbox 820 2886 879 2923; x_wconf 89' lang='grc' dir='ltr'><strong>τε</strong></span> <span class='ocrx_word' id='word_1_333' title='bbox 922 2871 1017 2923; x_wconf 57' lang='grc' dir='ltr'><strong>καὶ⁵</strong></span> <span class='ocrx_word' id='word_1_334' title='bbox 1055 2868 1477 2941; x_wconf 83' lang='grc' dir='ltr'>περιιπτάμενὸν</span> <span class='ocrx_word' id='word_1_335' title='bbox 1509 2884 1590 2929; x_wconf 84' lang='grc' dir='ltr'><strong>σε,</strong></span> <span class='ocrx_word' id='word_1_336' title='bbox 1621 2865 1853 2937; x_wconf 86' lang='grc' dir='ltr'>σχούσης</span> 
     </span>
    </p>
   </div>
   <div class='ocr_carea' id='block_1_45' title="bbox 274 2956 1854 3034">
    <p class='ocr_par' dir='ltr' id='par_1_45' title="bbox 274 2956 1854 3034">
     <span class='ocr_line' id='line_1_45' title="bbox 274 2956 1854 3034; baseline -0.004 -18"><span class='ocrx_word' id='word_1_337' title='bbox 274 2961 657 3034; x_wconf 77' lang='grc' dir='ltr'>ἀριδηλότατα’</span> <span class='ocrx_word' id='word_1_338' title='bbox 685 2979 705 3013; x_wconf 76' lang='grc' dir='ltr'><strong>ι</strong></span> <span class='ocrx_word' id='word_1_339' title='bbox 742 2961 835 3014; x_wconf 88' lang='grc' dir='ltr'><strong>σοῦ</strong></span> <span class='ocrx_word' id='word_1_340' title='bbox 859 2962 1046 3033; x_wconf 80' lang='grc' dir='ltr'>αὐτῆς,</span> <span class='ocrx_word' id='word_1_341' title='bbox 1079 2980 1097 3012; x_wconf 76' lang='grc' dir='ltr'><strong>ι</strong></span> <span class='ocrx_word' id='word_1_342' title='bbox 1127 2962 1194 3031; x_wconf 76' lang='grc' dir='ltr'>ἣν</span> <span class='ocrx_word' id='word_1_343' title='bbox 1226 2961 1387 3031; x_wconf 85' lang='grc' dir='ltr'>μάγοι</span> <span class='ocrx_word' id='word_1_344' title='bbox 1419 2957 1555 3029; x_wconf 84' lang='grc' dir='ltr'>μετὰ</span> <span class='ocrx_word' id='word_1_345' title='bbox 1578 2957 1671 3010; x_wconf 91' lang='grc' dir='ltr'><strong>τοῦ</strong></span> <span class='ocrx_word' id='word_1_346' title='bbox 1698 2956 1854 3011; x_wconf 84' lang='grc' dir='ltr'>ἀστέ-</span> 
     </span>
    </p>
   </div>
   <div class='ocr_carea' id='block_1_46' title="bbox 279 3047 1852 3127">
    <p class='ocr_par' dir='ltr' id='par_1_46' title="bbox 279 3047 1852 3127">
     <span class='ocr_line' id='line_1_46' title="bbox 279 3047 1852 3127; baseline -0.007 -18"><span class='ocrx_word' id='word_1_347' title='bbox 279 3069 370 3127; x_wconf 77' lang='grc' dir='ltr'><strong>ρος</strong></span> <span class='ocrx_word' id='word_1_348' title='bbox 400 3053 512 3123; x_wconf 70' lang='grc'><strong>(48)</strong></span> <span class='ocrx_word' id='word_1_349' title='bbox 550 3052 616 3106; x_wconf 80' lang='grc' dir='ltr'>δι’</span> <span class='ocrx_word' id='word_1_350' title='bbox 648 3052 874 3123; x_wconf 80' lang='grc' dir='ltr'>ἀστέρος</span> <span class='ocrx_word' id='word_1_351' title='bbox 901 3051 1254 3122; x_wconf 82' lang='grc' dir='ltr'>ὁδηγηθέντες</span> <span class='ocrx_word' id='word_1_352' title='bbox 1289 3048 1724 3121; x_wconf 85' lang='grc' dir='ltr'>προσεκύνησαν,</span> <span class='ocrx_word' id='word_1_353' title='bbox 1758 3047 1852 3100; x_wconf 79' lang='grc' dir='ltr'><strong>καὶ</strong></span> 
     </span>
    </p>
   </div>
   <div class='ocr_carea' id='block_1_47' title="bbox 1958 1877 3535 1949">
    <p class='ocr_par' dir='ltr' id='par_1_47' title="bbox 1958 1877 3535 1949">
     <span class='ocr_line' id='line_1_47' title="bbox 1958 1877 3535 1949; baseline -0.003 -15"><span class='ocrx_word' id='word_1_354' title='bbox 1958 1892 2088 1934; x_wconf 88' lang='lat' dir='ltr'><strong>sura</strong></span> <span class='ocrx_word' id='word_1_355' title='bbox 2127 1893 2226 1945; x_wconf 90' lang='lat' dir='ltr'><strong>es,</strong></span> <span class='ocrx_word' id='word_1_356' title='bbox 2278 1879 2346 1933; x_wconf 87' lang='lat' dir='ltr'><strong>iis</strong></span> <span class='ocrx_word' id='word_1_357' title='bbox 2393 1893 2514 1949; x_wconf 63' lang='lat' dir='ltr'><strong>qum</strong></span> <span class='ocrx_word' id='word_1_358' title='bbox 2565 1877 2865 1933; x_wconf 88' lang='lat' dir='ltr'><strong>secundum</strong></span> <span class='ocrx_word' id='word_1_359' title='bbox 2910 1884 3161 1931; x_wconf 89' lang='lat' dir='ltr'><strong>naturam</strong></span> <span class='ocrx_word' id='word_1_360' title='bbox 3204 1881 3535 1946; x_wconf 88' lang='lat' dir='ltr'><strong>pepererunt</strong></span> 
     </span>
    </p>
   </div>
   <div class='ocr_carea' id='block_1_48' title="bbox 1959 1970 3531 2042">
    <p class='ocr_par' dir='ltr' id='par_1_48' title="bbox 1959 1970 3531 2042">
     <span class='ocr_line' id='line_1_48' title="bbox 1959 1970 3531 2042; baseline -0.002 -16"><span class='ocrx_word' id='word_1_361' title='bbox 1959 1973 2215 2042; x_wconf 85' lang='lat' dir='ltr'><strong>qualem;</strong></span> <span class='ocrx_word' id='word_1_362' title='bbox 2290 1973 2402 2027; x_wconf 92' lang='lat' dir='ltr'><strong>imo</strong></span> <span class='ocrx_word' id='word_1_363' title='bbox 2466 1974 2639 2028; x_wconf 91' lang='lat' dir='ltr'><strong>multo</strong></span> <span class='ocrx_word' id='word_1_364' title='bbox 2718 1972 2983 2042; x_wconf 87' lang='lat' dir='ltr'><strong>majorem</strong></span> <span class='ocrx_word' id='word_1_365' title='bbox 3064 1979 3119 2028; x_wconf 90' lang='lat' dir='ltr'><strong>et</strong></span> <span class='ocrx_word' id='word_1_366' title='bbox 3176 1970 3531 2042; x_wconf 77' lang='lat' dir='ltr'><strong>graviorem;</strong></span> 
     </span>
    </p>
   </div>
   <div class='ocr_carea' id='block_1_49' title="bbox 1965 2058 3536 2130">
    <p class='ocr_par' dir='ltr' id='par_1_49' title="bbox 1965 2058 3536 2130">
     <span class='ocr_line' id='line_1_49' title="bbox 1965 2058 3536 2130; baseline 0.001 -18"><span class='ocrx_word' id='word_1_367' title='bbox 1965 2058 2127 2130; x_wconf 76' lang='lat'><strong><em>363</em></strong></span> <span class='ocrx_word' id='word_1_368' title='bbox 2166 2067 2439 2129; x_wconf 86' lang='lat' dir='ltr'><strong>quatenus</strong></span> <span class='ocrx_word' id='word_1_369' title='bbox 2470 2060 2682 2115; x_wconf 86' lang='lat' dir='ltr'><strong>scilicet</strong></span> <span class='ocrx_word' id='word_1_370' title='bbox 2711 2060 2816 2115; x_wconf 58' lang='lat' dir='ltr'><strong>illa}</strong></span> <span class='ocrx_word' id='word_1_371' title='bbox 2844 2064 3050 2130; x_wconf 86' lang='lat' dir='ltr'><strong>absque</strong></span> <span class='ocrx_word' id='word_1_372' title='bbox 3083 2060 3351 2114; x_wconf 87' lang='lat' dir='ltr'><strong>miraculo</strong></span> <span class='ocrx_word' id='word_1_373' title='bbox 3379 2058 3536 2113; x_wconf 87' lang='lat' dir='ltr'><strong>dolo-</strong></span> 
     </span>
    </p>
   </div>
   <div class='ocr_carea' id='block_1_50' title="bbox 1964 2151 3537 2226">
    <p class='ocr_par' dir='ltr' id='par_1_50' title="bbox 1964 2151 3537 2226">
     <span class='ocr_line' id='line_1_50' title="bbox 1964 2151 3537 2226; baseline -0.002 -21"><span class='ocrx_word' id='word_1_374' title='bbox 1964 2166 2054 2206; x_wconf 88' lang='lat' dir='ltr'><strong>res</strong></span> <span class='ocrx_word' id='word_1_375' title='bbox 2108 2151 2403 2226; x_wconf 74' lang='lat' dir='ltr'><strong>liberorum</strong></span> <span class='ocrx_word' id='word_1_376' title='bbox 2449 2156 2626 2207; x_wconf 81' lang='lat' dir='ltr'><strong>causa&#39;</strong></span> <span class='ocrx_word' id='word_1_377' title='bbox 2674 2161 2962 2222; x_wconf 89' lang='lat' dir='ltr'><strong>susceptos</strong></span> <span class='ocrx_word' id='word_1_378' title='bbox 3014 2151 3435 2215; x_wconf 86' lang='lat' dir='ltr'><strong>sustinuerunt;</strong></span> <span class='ocrx_word' id='word_1_379' title='bbox 3478 2157 3537 2203; x_wconf 90' lang='lat' dir='ltr'><strong>at</strong></span> 
     </span>
    </p>
   </div>
   <div class='ocr_carea' id='block_1_51' title="bbox 1954 2239 3532 2312">
    <p class='ocr_par' dir='ltr' id='par_1_51' title="bbox 1954 2239 3532 2312">
     <span class='ocr_line' id='line_1_51' title="bbox 1954 2239 3532 2312; baseline -0.001 -19"><span class='ocrx_word' id='word_1_380' title='bbox 1954 2240 2105 2310; x_wconf 88' lang='lat' dir='ltr'><strong>quod</strong></span> <span class='ocrx_word' id='word_1_381' title='bbox 2132 2247 2185 2296; x_wconf 91' lang='lat' dir='ltr'><strong>te</strong></span> <span class='ocrx_word' id='word_1_382' title='bbox 2213 2249 2444 2311; x_wconf 85' lang='lat' dir='ltr'><strong>spectat.</strong></span> <span class='ocrx_word' id='word_1_383' title='bbox 2484 2249 2609 2312; x_wconf 90' lang='lat' dir='ltr'><strong>post</strong></span> <span class='ocrx_word' id='word_1_384' title='bbox 2644 2250 2854 2296; x_wconf 88' lang='lat' dir='ltr'><strong>tantam</strong></span> <span class='ocrx_word' id='word_1_385' title='bbox 2887 2241 3261 2312; x_wconf 86' lang='lat' dir='ltr'><strong>prodigiorum</strong></span> <span class='ocrx_word' id='word_1_386' title='bbox 3288 2239 3532 2302; x_wconf 87' lang='lat' dir='ltr'><strong>turbam,</strong></span> 
     </span>
    </p>
   </div>
   <div class='ocr_carea' id='block_1_52' title="bbox 1954 2328 3533 2401">
    <p class='ocr_par' dir='ltr' id='par_1_52' title="bbox 1954 2328 3533 2401">
     <span class='ocr_line' id='line_1_52' title="bbox 1954 2328 3533 2401; baseline 0 -20"><span class='ocrx_word' id='word_1_387' title='bbox 1954 2334 2079 2398; x_wconf 89' lang='lat' dir='ltr'><strong>post</strong></span> <span class='ocrx_word' id='word_1_388' title='bbox 2108 2328 2539 2385; x_wconf 90' lang='lat' dir='ltr'><strong>innumerabiles</strong></span> <span class='ocrx_word' id='word_1_389' title='bbox 2562 2331 2687 2386; x_wconf 89' lang='lat' dir='ltr'><strong>illos</strong></span> <span class='ocrx_word' id='word_1_390' title='bbox 2712 2330 3101 2401; x_wconf 82' lang='lat' dir='ltr'><strong>prepbetarum</strong></span> <span class='ocrx_word' id='word_1_391' title='bbox 3122 2344 3255 2383; x_wconf 91' lang='lat' dir='ltr'><strong>voce</strong></span> <span class='ocrx_word' id='word_1_392' title='bbox 3284 2342 3533 2398; x_wconf 73' lang='lat' dir='ltr'><strong>praenun-</strong></span> 
     </span>
    </p>
   </div>
   <div class='ocr_carea' id='block_1_53' title="bbox 1954 2417 3532 2491">
    <p class='ocr_par' dir='ltr' id='par_1_53' title="bbox 1954 2417 3532 2491">
     <span class='ocr_line' id='line_1_53' title="bbox 1954 2417 3532 2491; baseline 0.002 -20"><span class='ocrx_word' id='word_1_393' title='bbox 1954 2417 2118 2475; x_wconf 88' lang='lat' dir='ltr'><strong>tiatos</strong></span> <span class='ocrx_word' id='word_1_394' title='bbox 2159 2429 2423 2487; x_wconf 82' lang='lat' dir='ltr'><strong>eventus;</strong></span> <span class='ocrx_word' id='word_1_395' title='bbox 2475 2429 2599 2491; x_wconf 89' lang='lat' dir='ltr'><strong>post</strong></span> <span class='ocrx_word' id='word_1_396' title='bbox 2652 2420 3145 2476; x_wconf 87' lang='lat' dir='ltr'><strong>celebratissimam</strong></span> <span class='ocrx_word' id='word_1_397' title='bbox 3204 2419 3532 2490; x_wconf 75' lang='lat' dir='ltr'><strong>virginitatis</strong></span> 
     </span>
    </p>
   </div>
   <div class='ocr_carea' id='block_1_54' title="bbox 1953 2511 3531 2582">
    <p class='ocr_par' dir='ltr' id='par_1_54' title="bbox 1953 2511 3531 2582">
     <span class='ocr_line' id='line_1_54' title="bbox 1953 2511 3531 2582; baseline -0.003 -16"><span class='ocrx_word' id='word_1_398' title='bbox 1953 2511 2314 2582; x_wconf 82' lang='lat' dir='ltr'><strong>integritatem</strong></span> <span class='ocrx_word' id='word_1_399' title='bbox 2349 2527 2415 2567; x_wconf 92' lang='lat' dir='ltr'><strong>ac</strong></span> <span class='ocrx_word' id='word_1_400' title='bbox 2441 2513 2769 2578; x_wconf 90' lang='lat' dir='ltr'><strong>custodiam,</strong></span> <span class='ocrx_word' id='word_1_401' title='bbox 2797 2527 2831 2568; x_wconf 94' lang='grc' dir='ltr'><strong>ο</strong></span> <span class='ocrx_word' id='word_1_402' title='bbox 2859 2511 3216 2566; x_wconf 83' lang='lat' dir='ltr'><strong>miraculum!</strong></span> <span class='ocrx_word' id='word_1_403' title='bbox 3255 2530 3274 2563; x_wconf 75' lang='grc' dir='ltr'><strong>ι</strong></span> <span class='ocrx_word' id='word_1_404' title='bbox 3306 2518 3360 2565; x_wconf 93' lang='lat' dir='ltr'><strong>et</strong></span> <span class='ocrx_word' id='word_1_405' title='bbox 3379 2518 3531 2563; x_wconf 90' lang='lat' dir='ltr'><strong>tuam</strong></span> 
     </span>
    </p>
   </div>
   <div class='ocr_carea' id='block_1_55' title="bbox 1954 2600 3534 2674">
    <p class='ocr_par' dir='ltr' id='par_1_55' title="bbox 1954 2600 3534 2674">
     <span class='ocr_line' id='line_1_55' title="bbox 1954 2600 3534 2674; baseline -0.001 -19"><span class='ocrx_word' id='word_1_406' title='bbox 1954 2601 2128 2672; x_wconf 90' lang='lat' dir='ltr'><strong>ipsius</strong></span> <span class='ocrx_word' id='word_1_407' title='bbox 2169 2604 2407 2657; x_wconf 90' lang='lat' dir='ltr'><strong>animam</strong></span> <span class='ocrx_word' id='word_1_408' title='bbox 2446 2604 2802 2674; x_wconf 85' lang='lat' dir='ltr'><strong>pertransibit</strong></span> <span class='ocrx_word' id='word_1_409' title='bbox 2844 2605 3080 2674; x_wconf 87' lang='lat' dir='ltr'><strong>gladius.</strong></span> <span class='ocrx_word' id='word_1_410' title='bbox 3122 2623 3141 2656; x_wconf 69' lang='grc' dir='ltr'><strong>ι</strong></span> <span class='ocrx_word' id='word_1_411' title='bbox 3188 2600 3534 2673; x_wconf 75' lang='lat' dir='ltr'><strong>Cujusnam?</strong></span> 
     </span>
    </p>
   </div>
   <div class='ocr_carea' id='block_1_56' title="bbox 1959 2693 3531 2765">
    <p class='ocr_par' dir='ltr' id='par_1_56' title="bbox 1959 2693 3531 2765">
     <span class='ocr_line' id='line_1_56' title="bbox 1959 2693 3531 2765; baseline 0.002 -22"><span class='ocrx_word' id='word_1_412' title='bbox 1959 2709 1978 2742; x_wconf 78' lang='grc' dir='ltr'><strong>ι</strong></span> <span class='ocrx_word' id='word_1_413' title='bbox 2010 2698 2180 2757; x_wconf 90' lang='lat' dir='ltr'><strong>tuam,</strong></span> <span class='ocrx_word' id='word_1_414' title='bbox 2227 2693 2423 2763; x_wconf 87' lang='lat' dir='ltr'><strong>inquit,</strong></span> <span class='ocrx_word' id='word_1_415' title='bbox 2486 2694 2680 2764; x_wconf 90' lang='lat' dir='ltr'><strong>ipsius,</strong></span> <span class='ocrx_word' id='word_1_416' title='bbox 2737 2713 2756 2746; x_wconf 76' lang='grc' dir='ltr'><strong>ι</strong></span> <span class='ocrx_word' id='word_1_417' title='bbox 2804 2709 2925 2765; x_wconf 70' lang='lat' dir='ltr'><strong>quae</strong></span> <span class='ocrx_word' id='word_1_418' title='bbox 2978 2693 3218 2748; x_wconf 85' lang='lat' dir='ltr'><strong>faustum</strong></span> <span class='ocrx_word' id='word_1_419' title='bbox 3275 2693 3531 2748; x_wconf 85' lang='lat' dir='ltr'><strong>nuntium</strong></span> 
     </span>
    </p>
   </div>
   <div class='ocr_carea' id='block_1_57' title="bbox 1953 2780 3535 2856">
    <p class='ocr_par' dir='ltr' id='par_1_57' title="bbox 1953 2780 3535 2856">
     <span class='ocr_line' id='line_1_57' title="bbox 1953 2780 3535 2856; baseline 0.001 -20"><span class='ocrx_word' id='word_1_420' title='bbox 1953 2780 2258 2838; x_wconf 85' lang='lat' dir='ltr'><strong>Gabrielem</strong></span> <span class='ocrx_word' id='word_1_421' title='bbox 2287 2794 2447 2839; x_wconf 89' lang='lat' dir='ltr'><strong>nacta</strong></span> <span class='ocrx_word' id='word_1_422' title='bbox 2476 2801 2536 2841; x_wconf 91' lang='lat' dir='ltr'><strong>es</strong></span> <span class='ocrx_word' id='word_1_423' title='bbox 2568 2801 2633 2839; x_wconf 91' lang='lat' dir='ltr'><strong>ac</strong></span> <span class='ocrx_word' id='word_1_424' title='bbox 2668 2795 2859 2856; x_wconf 88' lang='lat' dir='ltr'><strong>partus</strong></span> <span class='ocrx_word' id='word_1_425' title='bbox 2891 2786 3148 2840; x_wconf 88' lang='lat' dir='ltr'><strong>indicem.</strong></span> <span class='ocrx_word' id='word_1_426' title='bbox 3186 2804 3205 2837; x_wconf 78' lang='grc' dir='ltr'><strong>ι</strong></span> <span class='ocrx_word' id='word_1_427' title='bbox 3239 2783 3412 2839; x_wconf 89' lang='lat' dir='ltr'><strong>Tuam</strong></span> <span class='ocrx_word' id='word_1_428' title='bbox 3447 2782 3535 2854; x_wconf 62' lang='lat' dir='ltr'><strong>ip~</strong></span> 
     </span>
    </p>
   </div>
   <div class='ocr_carea' id='block_1_58' title="bbox 1954 2872 3536 2946">
    <p class='ocr_par' dir='ltr' id='par_1_58' title="bbox 1954 2872 3536 2946">
     <span class='ocr_line' id='line_1_58' title="bbox 1954 2872 3536 2946; baseline -0.001 -19"><span class='ocrx_word' id='word_1_429' title='bbox 1954 2872 2069 2929; x_wconf 91' lang='lat' dir='ltr'><strong>sius</strong></span> <span class='ocrx_word' id='word_1_430' title='bbox 2104 2891 2123 2924; x_wconf 79' lang='grc' dir='ltr'><strong>ι</strong></span> <span class='ocrx_word' id='word_1_431' title='bbox 2142 2873 2448 2946; x_wconf 89' lang='lat' dir='ltr'><strong>(animam),</strong></span> <span class='ocrx_word' id='word_1_432' title='bbox 2472 2891 2592 2946; x_wconf 61' lang='lat' dir='ltr'><strong>qua</strong></span> <span class='ocrx_word' id='word_1_433' title='bbox 2612 2876 2868 2931; x_wconf 85' lang='lat' dir='ltr'><strong>virtutem</strong></span> <span class='ocrx_word' id='word_1_434' title='bbox 2895 2874 3162 2930; x_wconf 88' lang='lat' dir='ltr'><strong>Altissimi</strong></span> <span class='ocrx_word' id='word_1_435' title='bbox 3196 2873 3536 2929; x_wconf 88' lang='lat' dir='ltr'><strong>obumbran-</strong></span> 
     </span>
    </p>
   </div>
   <div class='ocr_carea' id='block_1_59' title="bbox 1952 2964 3532 3037">
    <p class='ocr_par' dir='ltr' id='par_1_59' title="bbox 1952 2964 3532 3037">
     <span class='ocr_line' id='line_1_59' title="bbox 1952 2964 3532 3037; baseline 0.002 -21"><span class='ocrx_word' id='word_1_436' title='bbox 1952 2971 2083 3028; x_wconf 91' lang='lat' dir='ltr'><strong>tem,</strong></span> <span class='ocrx_word' id='word_1_437' title='bbox 2128 2964 2418 3036; x_wconf 89' lang='lat' dir='ltr'><strong>ipsumque</strong></span> <span class='ocrx_word' id='word_1_438' title='bbox 2458 2965 2722 3037; x_wconf 89' lang='lat' dir='ltr'><strong>Spiritum</strong></span> <span class='ocrx_word' id='word_1_439' title='bbox 2765 2975 3015 3022; x_wconf 88' lang='lat' dir='ltr'><strong>sanctum</strong></span> <span class='ocrx_word' id='word_1_440' title='bbox 3050 2966 3118 3019; x_wconf 91' lang='lat' dir='ltr'><strong>ad</strong></span> <span class='ocrx_word' id='word_1_441' title='bbox 3170 2974 3224 3020; x_wconf 91' lang='lat' dir='ltr'><strong>te</strong></span> <span class='ocrx_word' id='word_1_442' title='bbox 3271 2978 3532 3034; x_wconf 85' lang='lat' dir='ltr'><strong>superve-</strong></span> 
     </span>
    </p>
   </div>
   <div class='ocr_carea' id='block_1_60' title="bbox 1954 3053 3535 3115">
    <p class='ocr_par' dir='ltr' id='par_1_60' title="bbox 1954 3053 3535 3115">
     <span class='ocr_line' id='line_1_60' title="bbox 1954 3053 3535 3115; baseline -0.001 -7"><span class='ocrx_word' id='word_1_443' title='bbox 1954 3054 2188 3112; x_wconf 90' lang='lat' dir='ltr'><strong>nientem</strong></span> <span class='ocrx_word' id='word_1_444' title='bbox 2224 3072 2287 3112; x_wconf 91' lang='lat' dir='ltr'><strong>ac</strong></span> <span class='ocrx_word' id='word_1_445' title='bbox 2316 3059 2523 3113; x_wconf 87' lang='lat' dir='ltr'><strong>circum</strong></span> <span class='ocrx_word' id='word_1_446' title='bbox 2558 3069 2611 3115; x_wconf 90' lang='lat' dir='ltr'><strong>te</strong></span> <span class='ocrx_word' id='word_1_447' title='bbox 2656 3061 2928 3114; x_wconf 85' lang='lat' dir='ltr'><strong>volantem</strong></span> <span class='ocrx_word' id='word_1_448' title='bbox 2958 3056 3407 3113; x_wconf 81' lang='lat' dir='ltr'><strong>manifestissime</strong></span> <span class='ocrx_word' id='word_1_449' title='bbox 3435 3053 3535 3107; x_wconf 89' lang='lat' dir='ltr'><strong>ba-</strong></span> 
     </span>
    </p>
   </div>
   <div class='ocr_carea' id='block_1_61' title="bbox 278 3126 1854 3221">
    <p class='ocr_par' dir='ltr' id='par_1_61' title="bbox 278 3126 1851 3217">
     <span class='ocr_line' id='line_1_61' title="bbox 278 3126 1851 3217; baseline -0.004 -20"><span class='ocrx_word' id='word_1_450' title='bbox 278 3126 537 3217; x_wconf 75' lang='grc' dir='ltr'>ποιμὲνες</span> <span class='ocrx_word' id='word_1_451' title='bbox 568 3142 706 3215; x_wconf 85' lang='grc' dir='ltr'>μετὰ</span> <span class='ocrx_word' id='word_1_452' title='bbox 739 3143 983 3213; x_wconf 84' lang='grc' dir='ltr'>ἀγγέλων</span> <span class='ocrx_word' id='word_1_453' title='bbox 1006 3141 1083 3212; x_wconf 83' lang='grc' dir='ltr'><strong>τῷ</strong></span> <span class='ocrx_word' id='word_1_454' title='bbox 1114 3142 1243 3213; x_wconf 84' lang='grc' dir='ltr'>θείῳ</span> <span class='ocrx_word' id='word_1_455' title='bbox 1273 3141 1461 3213; x_wconf 78' lang='grc' dir='ltr'>βρέφει</span> <span class='ocrx_word' id='word_1_456' title='bbox 1488 3139 1851 3210; x_wconf 82' lang='grc' dir='ltr'>συνεμακάρι-</span> 
     </span>
    </p>
   </div>
   <div class='ocr_carea' id='block_1_62' title="bbox 1958 3126 3530 3221">
    <p class='ocr_par' dir='ltr' id='par_1_62' title="bbox 1958 3142 3530 3221">
     <span class='ocr_line' id='line_1_62' title="bbox 1958 3142 3530 3221; baseline -0.004 -19"><span class='ocrx_word' id='word_1_457' title='bbox 1958 3148 2351 3203; x_wconf 71' lang='lat' dir='ltr'><strong>buisti.«Tuam</strong></span> <span class='ocrx_word' id='word_1_458' title='bbox 2371 3151 2543 3221; x_wconf 87' lang='lat' dir='ltr'><strong>ipsius</strong></span> <span class='ocrx_word' id='word_1_459' title='bbox 2562 3151 2822 3214; x_wconf 91' lang='lat' dir='ltr'><strong>animam,</strong></span> <span class='ocrx_word' id='word_1_460' title='bbox 2838 3163 3031 3219; x_wconf 64' lang='lat' dir='ltr'><strong>pquam</strong></span> <span class='ocrx_word' id='word_1_461' title='bbox 3048 3148 3189 3218; x_wconf 89' lang='lat' dir='ltr'><strong>magi</strong></span> <span class='ocrx_word' id='word_1_462' title='bbox 3208 3161 3331 3200; x_wconf 92' lang='lat' dir='ltr'><strong>cum</strong></span> <span class='ocrx_word' id='word_1_463' title='bbox 3350 3142 3530 3209; x_wconf 82' lang='lat' dir='ltr'><strong>stella,</strong></span> 
     </span>
    </p>
   </div>
   <div class='ocr_carea' id='block_1_63' title="bbox 280 3230 1849 3308">
    <p class='ocr_par' dir='ltr' id='par_1_63' title="bbox 280 3230 1849 3308">
     <span class='ocr_line' id='line_1_63' title="bbox 280 3230 1849 3308; baseline -0.004 -17"><span class='ocrx_word' id='word_1_464' title='bbox 280 3254 399 3301; x_wconf 89' lang='grc' dir='ltr'>σαν,</span> <span class='ocrx_word' id='word_1_465' title='bbox 428 3238 522 3290; x_wconf 76' lang='grc' dir='ltr'><strong>καὶ</strong></span> <span class='ocrx_word' id='word_1_466' title='bbox 552 3237 917 3308; x_wconf 85' lang='grc' dir='ltr'>συνύμνησαν·</span> <span class='ocrx_word' id='word_1_467' title='bbox 955 3254 974 3287; x_wconf 78' lang='grc' dir='ltr'><strong>ι</strong></span> <span class='ocrx_word' id='word_1_468' title='bbox 1009 3235 1100 3289; x_wconf 89' lang='grc' dir='ltr'><strong>σοῦ</strong></span> <span class='ocrx_word' id='word_1_469' title='bbox 1134 3234 1325 3304; x_wconf 81' lang='grc' dir='ltr'>αὐτῆς,</span> <span class='ocrx_word' id='word_1_470' title='bbox 1360 3252 1378 3283; x_wconf 74' lang='grc' dir='ltr'><strong>ι</strong></span> <span class='ocrx_word' id='word_1_471' title='bbox 1409 3235 1476 3303; x_wconf 78' lang='grc' dir='ltr'>ἢν</span> <span class='ocrx_word' id='word_1_472' title='bbox 1510 3230 1704 3285; x_wconf 86' lang='grc' dir='ltr'>Ἰακὼϐ</span> <span class='ocrx_word' id='word_1_473' title='bbox 1731 3248 1849 3300; x_wconf 81' lang='grc' dir='ltr'>φοι-</span> 
     </span>
    </p>
   </div>
   <div class='ocr_carea' id='block_1_64' title="bbox 275 3322 1853 3402">
    <p class='ocr_par' dir='ltr' id='par_1_64' title="bbox 275 3322 1853 3402">
     <span class='ocr_line' id='line_1_64' title="bbox 275 3322 1853 3402; baseline -0.006 -19"><span class='ocrx_word' id='word_1_474' title='bbox 275 3329 458 3384; x_wconf 84' lang='grc' dir='ltr'>τῶσαν</span> <span class='ocrx_word' id='word_1_475' title='bbox 486 3330 562 3395; x_wconf 86' lang='grc' dir='ltr'>ὡς</span> <span class='ocrx_word' id='word_1_476' title='bbox 592 3331 853 3402; x_wconf 77' lang='grc' dir='ltr'>οὐρανοὺς</span> <span class='ocrx_word' id='word_1_477' title='bbox 888 3328 1098 3401; x_wconf 81' lang='grc' dir='ltr'>ἑώρακε</span> <span class='ocrx_word' id='word_1_478' title='bbox 1136 3327 1397 3399; x_wconf 86' lang='grc' dir='ltr'>κλίμακα·</span> <span class='ocrx_word' id='word_1_479' title='bbox 1431 3324 1527 3377; x_wconf 56' lang='grc' dir='ltr'><strong>καί⁹</strong></span> <span class='ocrx_word' id='word_1_480' title='bbox 1558 3325 1796 3393; x_wconf 83' lang='grc' dir='ltr'>Μωῦσῆς</span> <span class='ocrx_word' id='word_1_481' title='bbox 1824 3322 1853 3374; x_wconf 84' lang='grc' dir='ltr'><strong>ὁ</strong></span> 
     </span>
    </p>
   </div>
   <div class='ocr_carea' id='block_1_65' title="bbox 279 3414 1850 3491">
    <p class='ocr_par' dir='ltr' id='par_1_65' title="bbox 279 3414 1850 3491">
     <span class='ocr_line' id='line_1_65' title="bbox 279 3414 1850 3491; baseline -0.004 -20"><span class='ocrx_word' id='word_1_482' title='bbox 279 3418 513 3491; x_wconf 79' lang='grc' dir='ltr'>θεόπτης</span> <span class='ocrx_word' id='word_1_483' title='bbox 533 3421 690 3490; x_wconf 80' lang='grc' dir='ltr'>βάτον</span> <span class='ocrx_word' id='word_1_484' title='bbox 708 3419 1102 3491; x_wconf 80' lang='grc' dir='ltr'>πυράφλεκτον,</span> <span class='ocrx_word' id='word_1_485' title='bbox 1121 3418 1214 3471; x_wconf 78' lang='grc' dir='ltr'><strong>καὶ</strong></span> <span class='ocrx_word' id='word_1_486' title='bbox 1229 3416 1468 3487; x_wconf 87' lang='grc' dir='ltr'>λυχνίαν,</span> <span class='ocrx_word' id='word_1_487' title='bbox 1485 3414 1578 3468; x_wconf 74' lang='grc' dir='ltr'>καὶ</span> <span class='ocrx_word' id='word_1_488' title='bbox 1595 3414 1850 3484; x_wconf 86' lang='grc' dir='ltr'>στάμνον,</span> 
     </span>
    </p>
   </div>
   <div class='ocr_carea' id='block_1_66' title="bbox 277 3505 1855 3582">
    <p class='ocr_par' dir='ltr' id='par_1_66' title="bbox 277 3505 1855 3582">
     <span class='ocr_line' id='line_1_66' title="bbox 277 3505 1855 3582; baseline -0.004 -19"><span class='ocrx_word' id='word_1_489' title='bbox 277 3511 374 3563; x_wconf 71' lang='grc' dir='ltr'>καὶ</span> <span class='ocrx_word' id='word_1_490' title='bbox 398 3510 600 3573; x_wconf 85' lang='grc' dir='ltr'>πλάκα,</span> <span class='ocrx_word' id='word_1_491' title='bbox 622 3512 715 3564; x_wconf 70' lang='grc' dir='ltr'>καὶ</span> <span class='ocrx_word' id='word_1_492' title='bbox 728 3510 1023 3582; x_wconf 77' lang='grc' dir='ltr'>τράπεζαν·</span> <span class='ocrx_word' id='word_1_493' title='bbox 1044 3511 1138 3563; x_wconf 73' lang='grc' dir='ltr'><strong>καὶ</strong></span> <span class='ocrx_word' id='word_1_494' title='bbox 1169 3506 1378 3580; x_wconf 86' lang='grc' dir='ltr'>Ἀαρὼν</span> <span class='ocrx_word' id='word_1_495' title='bbox 1396 3505 1590 3579; x_wconf 84' lang='grc' dir='ltr'>ῥάϐδον</span> <span class='ocrx_word' id='word_1_496' title='bbox 1612 3505 1855 3576; x_wconf 86' lang='grc' dir='ltr'>ἀνίκμως</span> 
     </span>
    </p>
   </div>
   <div class='ocr_carea' id='block_1_67' title="bbox 280 3594 1855 3673">
    <p class='ocr_par' dir='ltr' id='par_1_67' title="bbox 280 3594 1855 3673">
     <span class='ocr_line' id='line_1_67' title="bbox 280 3594 1855 3673; baseline -0.006 -17"><span class='ocrx_word' id='word_1_497' title='bbox 280 3601 683 3673; x_wconf 83' lang='grc' dir='ltr'>βλαστήσασαν·</span> <span class='ocrx_word' id='word_1_498' title='bbox 720 3622 738 3653; x_wconf 79' lang='grc' dir='ltr'><strong>ι</strong></span> <span class='ocrx_word' id='word_1_499' title='bbox 778 3602 871 3655; x_wconf 87' lang='grc' dir='ltr'><strong>σοῦ</strong></span> <span class='ocrx_word' id='word_1_500' title='bbox 899 3602 1087 3673; x_wconf 85' lang='grc' dir='ltr'>αὐτῆς,</span> <span class='ocrx_word' id='word_1_501' title='bbox 1126 3621 1145 3652; x_wconf 76' lang='grc' dir='ltr'><strong>ι</strong></span> <span class='ocrx_word' id='word_1_502' title='bbox 1182 3594 1227 3653; x_wconf 81' lang='grc' dir='ltr'><strong>ὧ</strong></span> <span class='ocrx_word' id='word_1_503' title='bbox 1258 3597 1571 3669; x_wconf 74' lang='grc' dir='ltr'>πανάφθορε</span> <span class='ocrx_word' id='word_1_504' title='bbox 1598 3596 1692 3649; x_wconf 77' lang='grc' dir='ltr'><strong>καὶ</strong></span> <span class='ocrx_word' id='word_1_505' title='bbox 1719 3611 1855 3647; x_wconf 88' lang='grc' dir='ltr'>παν-</span> 
     </span>
    </p>
   </div>
   <div class='ocr_carea' id='block_1_68' title="bbox 278 3686 1853 3763">
    <p class='ocr_par' dir='ltr' id='par_1_68' title="bbox 278 3686 1853 3763">
     <span class='ocr_line' id='line_1_68' title="bbox 278 3686 1853 3763; baseline -0.007 -16"><span class='ocrx_word' id='word_1_506' title='bbox 278 3694 503 3763; x_wconf 85' lang='grc' dir='ltr'>άμωμε,</span> <span class='ocrx_word' id='word_1_507' title='bbox 551 3694 618 3763; x_wconf 84' lang='grc' dir='ltr'>ἣν</span> <span class='ocrx_word' id='word_1_508' title='bbox 664 3690 825 3745; x_wconf 75' lang='grc' dir='ltr'><strong>Δαυῖδ</strong></span> <span class='ocrx_word' id='word_1_509' title='bbox 872 3692 970 3763; x_wconf 86' lang='grc' dir='ltr'><strong>μὲν</strong></span> <span class='ocrx_word' id='word_1_510' title='bbox 1018 3689 1247 3744; x_wconf 82' lang='grc' dir='ltr'>κιϐωτὸν</span> <span class='ocrx_word' id='word_1_511' title='bbox 1298 3688 1453 3742; x_wconf 83' lang='grc' dir='ltr'>καλεῖ</span> <span class='ocrx_word' id='word_1_512' title='bbox 1495 3686 1853 3755; x_wconf 86' lang='grc' dir='ltr'>άγιάσματος,</span> 
     </span>
    </p>
   </div>
   <div class='ocr_carea' id='block_1_69' title="bbox 277 3774 1856 3854">
    <p class='ocr_par' dir='ltr' id='par_1_69' title="bbox 277 3774 1856 3854">
     <span class='ocr_line' id='line_1_69' title="bbox 277 3774 1856 3854; baseline -0.005 -19"><span class='ocrx_word' id='word_1_513' title='bbox 277 3782 534 3853; x_wconf 85' lang='grc' dir='ltr'>Σολομὼν</span> <span class='ocrx_word' id='word_1_514' title='bbox 570 3783 627 3835; x_wconf 83' lang='grc' dir='ltr'>δὲ</span> <span class='ocrx_word' id='word_1_515' title='bbox 655 3781 841 3853; x_wconf 79' lang='grc' dir='ltr'>κλίνην</span> <span class='ocrx_word' id='word_1_516' title='bbox 882 3781 1110 3854; x_wconf 86' lang='grc' dir='ltr'>χρυσῆν,</span> <span class='ocrx_word' id='word_1_517' title='bbox 1141 3781 1234 3834; x_wconf 74' lang='grc' dir='ltr'>καὶ</span> <span class='ocrx_word' id='word_1_518' title='bbox 1263 3778 1470 3849; x_wconf 87' lang='grc' dir='ltr'>θρόνον,</span> <span class='ocrx_word' id='word_1_519' title='bbox 1506 3778 1599 3830; x_wconf 75' lang='grc' dir='ltr'><strong>καὶ</strong></span> <span class='ocrx_word' id='word_1_520' title='bbox 1633 3774 1856 3829; x_wconf 85' lang='grc' dir='ltr'>κοιλάδα</span> 
     </span>
    </p>
   </div>
   <div class='ocr_carea' id='block_1_70' title="bbox 276 3867 1854 3946">
    <p class='ocr_par' dir='ltr' id='par_1_70' title="bbox 276 3867 1854 3946">
     <span class='ocr_line' id='line_1_70' title="bbox 276 3867 1854 3946; baseline -0.006 -17"><span class='ocrx_word' id='word_1_521' title='bbox 276 3876 503 3946; x_wconf 86' lang='grc' dir='ltr'>κρίνων·</span> <span class='ocrx_word' id='word_1_522' title='bbox 540 3876 771 3945; x_wconf 76' lang='grc' dir='ltr'>ἀρετῶν,</span> <span class='ocrx_word' id='word_1_523' title='bbox 818 3870 992 3944; x_wconf 76' lang='grc' dir='ltr'>οἶμαι,</span> <span class='ocrx_word' id='word_1_524' title='bbox 1035 3872 1143 3925; x_wconf 89' lang='grc' dir='ltr'><strong>τῶν</strong></span> <span class='ocrx_word' id='word_1_525' title='bbox 1176 3869 1364 3932; x_wconf 86' lang='grc' dir='ltr'>θείων,</span> <span class='ocrx_word' id='word_1_526' title='bbox 1398 3869 1492 3922; x_wconf 69' lang='grc' dir='ltr'><strong>καὶ</strong></span> <span class='ocrx_word' id='word_1_527' title='bbox 1527 3867 1854 3938; x_wconf 82' lang='grc' dir='ltr'>παράδεισον</span> 
     </span>
    </p>
   </div>
   <div class='ocr_carea' id='block_1_71' title="bbox 276 3958 1858 4037">
    <p class='ocr_par' dir='ltr' id='par_1_71' title="bbox 276 3958 1858 4037">
     <span class='ocr_line' id='line_1_71' title="bbox 276 3958 1858 4037; baseline -0.008 -15"><span class='ocrx_word' id='word_1_528' title='bbox 276 3967 660 4037; x_wconf 71' lang='grc' dir='ltr'>θεοφύτευτον.</span> <span class='ocrx_word' id='word_1_529' title='bbox 701 3965 812 4019; x_wconf 56' lang='grc' dir='ltr'><strong>Καὶ⁸</strong></span> <span class='ocrx_word' id='word_1_530' title='bbox 855 3985 873 4016; x_wconf 81' lang='grc' dir='ltr'><strong>ι</strong></span> <span class='ocrx_word' id='word_1_531' title='bbox 900 3964 995 4017; x_wconf 88' lang='grc' dir='ltr'><strong>σοῦ</strong></span> <span class='ocrx_word' id='word_1_532' title='bbox 1026 3985 1045 4017; x_wconf 76' lang='grc' dir='ltr'><strong>ι</strong></span> <span class='ocrx_word' id='word_1_533' title='bbox 1082 3964 1136 4017; x_wconf 80' lang='grc' dir='ltr'>δὲ</span> <span class='ocrx_word' id='word_1_534' title='bbox 1168 3982 1186 4014; x_wconf 83' lang='grc' dir='ltr'><strong>ι</strong></span> <span class='ocrx_word' id='word_1_535' title='bbox 1223 3962 1392 4031; x_wconf 82' lang='grc' dir='ltr'>αὐτῆς</span> <span class='ocrx_word' id='word_1_536' title='bbox 1419 3961 1516 4032; x_wconf 82' lang='grc' dir='ltr'>τὴν</span> <span class='ocrx_word' id='word_1_537' title='bbox 1548 3960 1724 4030; x_wconf 78' lang='grc' dir='ltr'>ψυχὴν</span> <span class='ocrx_word' id='word_1_538' title='bbox 1752 3958 1858 4011; x_wconf 86' lang='grc' dir='ltr'>διε-</span> 
     </span>
    </p>
   </div>
   <div class='ocr_carea' id='block_1_72' title="bbox 276 4049 1859 4130">
    <p class='ocr_par' dir='ltr' id='par_1_72' title="bbox 276 4049 1859 4130">
     <span class='ocr_line' id='line_1_72' title="bbox 276 4049 1859 4130; baseline -0.006 -17"><span class='ocrx_word' id='word_1_539' title='bbox 276 4060 531 4113; x_wconf 86' lang='grc' dir='ltr'>λεύσεται</span> <span class='ocrx_word' id='word_1_540' title='bbox 567 4058 827 4130; x_wconf 77' lang='grc' dir='ltr'>ῥομφαία·</span> <span class='ocrx_word' id='word_1_541' title='bbox 869 4055 963 4109; x_wconf 88' lang='grc' dir='ltr'><strong>σοῦ</strong></span> <span class='ocrx_word' id='word_1_542' title='bbox 1013 4074 1032 4107; x_wconf 76' lang='grc' dir='ltr'><strong>ι</strong></span> <span class='ocrx_word' id='word_1_543' title='bbox 1064 4055 1164 4125; x_wconf 83' lang='grc' dir='ltr'>τῆς</span> <span class='ocrx_word' id='word_1_544' title='bbox 1198 4051 1591 4124; x_wconf 76' lang='grc' dir='ltr'>ἐκλελεγμένης</span> <span class='ocrx_word' id='word_1_545' title='bbox 1620 4052 1711 4104; x_wconf 83' lang='grc' dir='ltr'><strong>καὶ</strong></span> <span class='ocrx_word' id='word_1_546' title='bbox 1753 4049 1859 4123; x_wconf 80' lang='grc' dir='ltr'><strong>πρὸ</strong></span> 
     </span>
    </p>
   </div>
   <div class='ocr_carea' id='block_1_73' title="bbox 277 4143 1858 4220">
    <p class='ocr_par' dir='ltr' id='par_1_73' title="bbox 277 4143 1858 4220">
     <span class='ocr_line' id='line_1_73' title="bbox 277 4143 1858 4220; baseline -0.004 -17"><span class='ocrx_word' id='word_1_547' title='bbox 277 4151 611 4220; x_wconf 83' lang='grc' dir='ltr'>γεννήσεως,</span> <span class='ocrx_word' id='word_1_548' title='bbox 649 4149 750 4218; x_wconf 82' lang='grc' dir='ltr'>τῆς</span> <span class='ocrx_word' id='word_1_549' title='bbox 787 4146 1207 4219; x_wconf 85' lang='grc' dir='ltr'>προωρισμένης</span> <span class='ocrx_word' id='word_1_550' title='bbox 1243 4146 1351 4198; x_wconf 82' lang='grc' dir='ltr'><strong>ἀπὺ</strong></span> <span class='ocrx_word' id='word_1_551' title='bbox 1390 4144 1500 4199; x_wconf 88' lang='grc' dir='ltr'><strong>τῶν</strong></span> <span class='ocrx_word' id='word_1_552' title='bbox 1527 4143 1737 4197; x_wconf 83' lang='grc' dir='ltr'>αἰώνων</span> <span class='ocrx_word' id='word_1_553' title='bbox 1763 4143 1858 4197; x_wconf 72' lang='grc' dir='ltr'>καὶ</span> 
     </span>
    </p>
   </div>
   <div class='ocr_carea' id='block_1_74' title="bbox 276 4234 1857 4309">
    <p class='ocr_par' dir='ltr' id='par_1_74' title="bbox 276 4234 1857 4309">
     <span class='ocr_line' id='line_1_74' title="bbox 276 4234 1857 4309; baseline -0.005 -14"><span class='ocrx_word' id='word_1_554' title='bbox 276 4242 392 4295; x_wconf 75' lang='grc' dir='ltr'><strong>ἀπὸ</strong></span> <span class='ocrx_word' id='word_1_555' title='bbox 428 4241 537 4293; x_wconf 88' lang='grc' dir='ltr'><strong>τῶν</strong></span> <span class='ocrx_word' id='word_1_556' title='bbox 576 4239 798 4309; x_wconf 83' lang='grc' dir='ltr'>γενεῶν⁶</span> <span class='ocrx_word' id='word_1_557' title='bbox 833 4257 853 4288; x_wconf 73' lang='grc' dir='ltr'><strong>ι</strong></span> <span class='ocrx_word' id='word_1_558' title='bbox 901 4238 992 4291; x_wconf 91' lang='grc' dir='ltr'><strong>σοῦ</strong></span> <span class='ocrx_word' id='word_1_559' title='bbox 1035 4238 1225 4307; x_wconf 78' lang='grc' dir='ltr'>αὐτῆς.</span> <span class='ocrx_word' id='word_1_560' title='bbox 1257 4256 1275 4288; x_wconf 73' lang='grc' dir='ltr'><strong>ι</strong></span> <span class='ocrx_word' id='word_1_561' title='bbox 1309 4238 1375 4308; x_wconf 80' lang='grc' dir='ltr'><strong>ῆν</strong></span> <span class='ocrx_word' id='word_1_562' title='bbox 1406 4240 1434 4291; x_wconf 89' lang='grc' dir='ltr'>ὁ</span> <span class='ocrx_word' id='word_1_563' title='bbox 1461 4236 1652 4308; x_wconf 82' lang='grc' dir='ltr'>Πατὴρ</span> <span class='ocrx_word' id='word_1_564' title='bbox 1677 4234 1857 4303; x_wconf 82' lang='grc' dir='ltr'>ἐξελέ-</span> 
     </span>
    </p>
   </div>
   <div class='ocr_carea' id='block_1_75' title="bbox 283 4328 1859 4402">
    <p class='ocr_par' dir='ltr' id='par_1_75' title="bbox 283 4328 1859 4402">
     <span class='ocr_line' id='line_1_75' title="bbox 283 4328 1859 4402; baseline -0.003 -16"><span class='ocrx_word' id='word_1_565' title='bbox 283 4331 432 4396; x_wconf 76' lang='grc' dir='ltr'>ξατο,</span> <span class='ocrx_word' id='word_1_566' title='bbox 463 4333 558 4386; x_wconf 72' lang='grc' dir='ltr'><strong>καὶ</strong></span> <span class='ocrx_word' id='word_1_567' title='bbox 578 4333 607 4385; x_wconf 74' lang='grc' dir='ltr'><strong>ὁ</strong></span> <span class='ocrx_word' id='word_1_568' title='bbox 627 4331 755 4395; x_wconf 83' lang='grc' dir='ltr'>Υίδς</span> <span class='ocrx_word' id='word_1_569' title='bbox 780 4332 1136 4402; x_wconf 81' lang='grc' dir='ltr'>ἐνεσκήνωσε,</span> <span class='ocrx_word' id='word_1_570' title='bbox 1171 4331 1264 4383; x_wconf 75' lang='grc' dir='ltr'>καὶ</span> <span class='ocrx_word' id='word_1_571' title='bbox 1288 4330 1348 4383; x_wconf 84' lang='grc' dir='ltr'><strong>τὸ</strong></span> <span class='ocrx_word' id='word_1_572' title='bbox 1370 4328 1593 4400; x_wconf 83' lang='grc' dir='ltr'>Πνεῦμα</span> <span class='ocrx_word' id='word_1_573' title='bbox 1616 4328 1678 4381; x_wconf 88' lang='grc' dir='ltr'>τὸ</span> <span class='ocrx_word' id='word_1_574' title='bbox 1707 4328 1859 4396; x_wconf 74' lang='grc' dir='ltr'>ἅγιον</span> 
     </span>
    </p>
   </div>
   <div class='ocr_carea' id='block_1_76' title="bbox 281 4419 1860 4495">
    <p class='ocr_par' dir='ltr' id='par_1_76' title="bbox 281 4419 1860 4495">
     <span class='ocr_line' id='line_1_76' title="bbox 281 4419 1860 4495; baseline -0.002 -19"><span class='ocrx_word' id='word_1_575' title='bbox 281 4424 605 4495; x_wconf 88' lang='grc' dir='ltr'>θεοπρεπῶς</span> <span class='ocrx_word' id='word_1_576' title='bbox 636 4423 948 4476; x_wconf 71' lang='grc' dir='ltr'>ἐπεσκίασεν</span> <span class='ocrx_word' id='word_1_577' title='bbox 980 4422 1073 4476; x_wconf 73' lang='grc' dir='ltr'>καὶ</span> <span class='ocrx_word' id='word_1_578' title='bbox 1099 4424 1248 4475; x_wconf 82' lang='grc' dir='ltr'>πᾶσα</span> <span class='ocrx_word' id='word_1_579' title='bbox 1287 4424 1321 4493; x_wconf 80' lang='grc' dir='ltr'><strong>ἡ</strong></span> <span class='ocrx_word' id='word_1_580' title='bbox 1365 4422 1541 4485; x_wconf 87' lang='grc' dir='ltr'>κτίσις</span> <span class='ocrx_word' id='word_1_581' title='bbox 1569 4419 1705 4474; x_wconf 82' lang='grc' dir='ltr'>Θεοῦ</span> <span class='ocrx_word' id='word_1_582' title='bbox 1737 4420 1860 4491; x_wconf 79' lang='grc' dir='ltr'><strong>Μη-</strong></span> 
     </span>
    </p>
   </div>
   <div class='ocr_carea' id='block_1_77' title="bbox 1955 3234 3531 3312">
    <p class='ocr_par' dir='ltr' id='par_1_77' title="bbox 1955 3234 3531 3312">
     <span class='ocr_line' id='line_1_77' title="bbox 1955 3234 3531 3312; baseline -0.005 -18"><span class='ocrx_word' id='word_1_583' title='bbox 1955 3240 2110 3294; x_wconf 89' lang='lat' dir='ltr'><strong>stella</strong></span> <span class='ocrx_word' id='word_1_584' title='bbox 2132 3240 2271 3296; x_wconf 88' lang='lat' dir='ltr'><strong>duce</strong></span> <span class='ocrx_word' id='word_1_585' title='bbox 2300 3243 2603 3297; x_wconf 87' lang='lat' dir='ltr'><strong>adorarunt</strong></span> <span class='ocrx_word' id='word_1_586' title='bbox 2630 3242 2674 3274; x_wconf 83' lang='grc'><strong><em>⁵²</em></strong></span> <span class='ocrx_word' id='word_1_587' title='bbox 2711 3262 2723 3297; x_wconf 94' lang='lat'>:</span> <span class='ocrx_word' id='word_1_588' title='bbox 2760 3256 2926 3312; x_wconf 89' lang='lat' dir='ltr'><strong>quam</strong></span> <span class='ocrx_word' id='word_1_589' title='bbox 2959 3248 3208 3311; x_wconf 84' lang='lat' dir='ltr'><strong>pastores</strong></span> <span class='ocrx_word' id='word_1_590' title='bbox 3246 3244 3301 3292; x_wconf 82' lang='lat' dir='ltr'><strong>et</strong></span> <span class='ocrx_word' id='word_1_591' title='bbox 3330 3234 3531 3305; x_wconf 84' lang='lat' dir='ltr'><strong>angeli,</strong></span> 
     </span>
    </p>
   </div>
   <div class='ocr_carea' id='block_1_78' title="bbox 1955 3331 3533 3413">
    <p class='ocr_par' dir='ltr' id='par_1_78' title="bbox 1955 3331 3533 3413">
     <span class='ocr_line' id='line_1_78' title="bbox 1955 3331 3533 3413; baseline -0.004 -27"><span class='ocrx_word' id='word_1_592' title='bbox 1955 3348 2061 3387; x_wconf 90' lang='lat' dir='ltr'><strong>una</strong></span> <span class='ocrx_word' id='word_1_593' title='bbox 2091 3349 2213 3389; x_wconf 92' lang='lat' dir='ltr'><strong>cum</strong></span> <span class='ocrx_word' id='word_1_594' title='bbox 2250 3333 2434 3389; x_wconf 86' lang='lat' dir='ltr'><strong>divino</strong></span> <span class='ocrx_word' id='word_1_595' title='bbox 2469 3335 2677 3413; x_wconf 81' lang='lat' dir='ltr'><strong>infante</strong></span> <span class='ocrx_word' id='word_1_596' title='bbox 2704 3335 2916 3389; x_wconf 77' lang='lat' dir='ltr'><strong>beatam</strong></span> <span class='ocrx_word' id='word_1_597' title='bbox 2962 3331 3329 3402; x_wconf 70' lang='lat' dir='ltr'><strong>praedicarunt</strong></span> <span class='ocrx_word' id='word_1_598' title='bbox 3368 3334 3533 3396; x_wconf 87' lang='lat' dir='ltr'><strong>atque</strong></span> 
     </span>
    </p>
   </div>
   <div class='ocr_carea' id='block_1_79' title="bbox 1953 3414 3535 3495">
    <p class='ocr_par' dir='ltr' id='par_1_79' title="bbox 1953 3414 3535 3495">
     <span class='ocr_line' id='line_1_79' title="bbox 1953 3414 3535 3495; baseline -0.008 -14"><span class='ocrx_word' id='word_1_599' title='bbox 1953 3428 2305 3481; x_wconf 89' lang='lat' dir='ltr'><strong>celebrarunt</strong></span> <span class='ocrx_word' id='word_1_600' title='bbox 2336 3427 2402 3481; x_wconf 83' lang='lat'><strong>&quot;.</strong></span> <span class='ocrx_word' id='word_1_601' title='bbox 2439 3445 2458 3478; x_wconf 89' lang='grc'><strong>‹</strong></span> <span class='ocrx_word' id='word_1_602' title='bbox 2490 3426 2661 3479; x_wconf 89' lang='lat' dir='ltr'><strong>Tuam</strong></span> <span class='ocrx_word' id='word_1_603' title='bbox 2699 3425 2874 3495; x_wconf 90' lang='lat' dir='ltr'><strong>ipsius</strong></span> <span class='ocrx_word' id='word_1_604' title='bbox 2902 3427 3163 3486; x_wconf 85' lang='lat' dir='ltr'><strong>animam,</strong></span> <span class='ocrx_word' id='word_1_605' title='bbox 3208 3440 3227 3472; x_wconf 71' lang='grc' dir='ltr'><strong>ι</strong></span> <span class='ocrx_word' id='word_1_606' title='bbox 3256 3433 3419 3490; x_wconf 87' lang='lat' dir='ltr'><strong>quam</strong></span> <span class='ocrx_word' id='word_1_607' title='bbox 3443 3414 3535 3469; x_wconf 84' lang='lat' dir='ltr'><strong>Ja-</strong></span> 
     </span>
    </p>
   </div>
   <div class='ocr_carea' id='block_1_80' title="bbox 1954 3506 3534 3583">
    <p class='ocr_par' dir='ltr' id='par_1_80' title="bbox 1954 3506 3534 3583">
     <span class='ocr_line' id='line_1_80' title="bbox 1954 3506 3534 3583; baseline -0.007 -13"><span class='ocrx_word' id='word_1_608' title='bbox 1954 3515 2060 3570; x_wconf 91' lang='lat' dir='ltr'><strong>cob</strong></span> <span class='ocrx_word' id='word_1_609' title='bbox 2086 3516 2289 3569; x_wconf 83' lang='lat' dir='ltr'><strong>scalam</strong></span> <span class='ocrx_word' id='word_1_610' title='bbox 2324 3516 2459 3570; x_wconf 79' lang='lat' dir='ltr'><strong>vidit</strong></span> <span class='ocrx_word' id='word_1_611' title='bbox 2489 3514 2558 3569; x_wconf 89' lang='lat' dir='ltr'><strong>ad</strong></span> <span class='ocrx_word' id='word_1_612' title='bbox 2586 3515 2757 3570; x_wconf 82' lang='lat' dir='ltr'><strong>caelos</strong></span> <span class='ocrx_word' id='word_1_613' title='bbox 2798 3516 3148 3583; x_wconf 87' lang='lat' dir='ltr'><strong>attingentcm</strong></span> <span class='ocrx_word' id='word_1_614' title='bbox 3176 3509 3223 3541; x_wconf 75' lang='lat'><strong>“</strong></span> <span class='ocrx_word' id='word_1_615' title='bbox 3249 3526 3264 3574; x_wconf 92' lang='lat'><strong>;</strong></span> <span class='ocrx_word' id='word_1_616' title='bbox 3292 3506 3534 3577; x_wconf 81' lang='lat' dir='ltr'><strong>Moyses-</strong></span> 
     </span>
    </p>
   </div>
   <div class='ocr_carea' id='block_1_81' title="bbox 1956 3597 3530 3678">
    <p class='ocr_par' dir='ltr' id='par_1_81' title="bbox 1956 3597 3530 3678">
     <span class='ocr_line' id='line_1_81' title="bbox 1956 3597 3530 3678; baseline -0.006 -17"><span class='ocrx_word' id='word_1_617' title='bbox 1956 3623 2063 3678; x_wconf 90' lang='lat' dir='ltr'><strong>que</strong></span> <span class='ocrx_word' id='word_1_618' title='bbox 2108 3608 2197 3663; x_wconf 91' lang='lat' dir='ltr'><strong>ille</strong></span> <span class='ocrx_word' id='word_1_619' title='bbox 2239 3608 2331 3678; x_wconf 91' lang='lat' dir='ltr'><strong>qui</strong></span> <span class='ocrx_word' id='word_1_620' title='bbox 2365 3606 2535 3662; x_wconf 87' lang='lat' dir='ltr'><strong>Deum</strong></span> <span class='ocrx_word' id='word_1_621' title='bbox 2574 3608 2729 3669; x_wconf 88' lang='lat' dir='ltr'><strong>vidit,</strong></span> <span class='ocrx_word' id='word_1_622' title='bbox 2770 3606 2968 3661; x_wconf 86' lang='lat' dir='ltr'><strong>rubum</strong></span> <span class='ocrx_word' id='word_1_623' title='bbox 3015 3602 3422 3659; x_wconf 85' lang='lat' dir='ltr'><strong>incombustum</strong></span> <span class='ocrx_word' id='word_1_624' title='bbox 3458 3597 3530 3663; x_wconf 84' lang='grc'><strong>³⁸,</strong></span> 
     </span>
    </p>
   </div>
   <div class='ocr_carea' id='block_1_82' title="bbox 1956 3690 3623 3767">
    <p class='ocr_par' dir='ltr' id='par_1_82' title="bbox 1956 3690 3623 3767">
     <span class='ocr_line' id='line_1_82' title="bbox 1956 3690 3623 3767; baseline -0.008 -13"><span class='ocrx_word' id='word_1_625' title='bbox 1956 3700 2258 3764; x_wconf 84' lang='lat' dir='ltr'><strong>lucernam,</strong></span> <span class='ocrx_word' id='word_1_626' title='bbox 2289 3714 2494 3766; x_wconf 89' lang='lat' dir='ltr'><strong>arcam,</strong></span> <span class='ocrx_word' id='word_1_627' title='bbox 2526 3699 2877 3767; x_wconf 87' lang='lat' dir='ltr'><strong>tabulamque</strong></span> <span class='ocrx_word' id='word_1_628' title='bbox 2906 3711 2970 3749; x_wconf 87' lang='lat' dir='ltr'><strong>ac</strong></span> <span class='ocrx_word' id='word_1_629' title='bbox 3001 3706 3242 3747; x_wconf 89' lang='lat' dir='ltr'><strong>mensam</strong></span> <span class='ocrx_word' id='word_1_630' title='bbox 3274 3708 3287 3742; x_wconf 86' lang='lat'><strong>:</strong></span> <span class='ocrx_word' id='word_1_631' title='bbox 3325 3690 3528 3752; x_wconf 82' lang='lat' dir='ltr'><strong>Aaron,</strong></span> <span class='ocrx_word' id='word_1_632' title='bbox 3614 3740 3623 3748; x_wconf 79' lang='grc'><strong>,</strong></span> 
     </span>
    </p>
   </div>
   <div class='ocr_carea' id='block_1_83' title="bbox 1957 3777 3528 3861">
    <p class='ocr_par' dir='ltr' id='par_1_83' title="bbox 1957 3777 3528 3861">
     <span class='ocr_line' id='line_1_83' title="bbox 1957 3777 3528 3861; baseline -0.012 -13"><span class='ocrx_word' id='word_1_633' title='bbox 1957 3793 2074 3848; x_wconf 88' lang='lat' dir='ltr'><strong>sine</strong></span> <span class='ocrx_word' id='word_1_634' title='bbox 2123 3791 2351 3846; x_wconf 85' lang='lat' dir='ltr'><strong>humore</strong></span> <span class='ocrx_word' id='word_1_635' title='bbox 2412 3790 2808 3861; x_wconf 85' lang='lat' dir='ltr'><strong>germinantem</strong></span> <span class='ocrx_word' id='word_1_636' title='bbox 2862 3788 3071 3857; x_wconf 80' lang='lat' dir='ltr'><strong>virgam</strong></span> <span class='ocrx_word' id='word_1_637' title='bbox 3131 3779 3419 3850; x_wconf 80' lang='lat' dir='ltr'><strong>conspexit</strong></span> <span class='ocrx_word' id='word_1_638' title='bbox 3458 3777 3528 3830; x_wconf 81' lang='lat'><strong>&#39;°.</strong></span> 
     </span>
    </p>
   </div>
   <div class='ocr_carea' id='block_1_84' title="bbox 1963 3878 3532 3952">
    <p class='ocr_par' dir='ltr' id='par_1_84' title="bbox 1963 3878 3532 3952">
     <span class='ocr_line' id='line_1_84' title="bbox 1963 3878 3532 3952; baseline -0.009 -17"><span class='ocrx_word' id='word_1_639' title='bbox 1963 3902 1981 3935; x_wconf 81' lang='grc' dir='ltr'><strong>ι</strong></span> <span class='ocrx_word' id='word_1_640' title='bbox 2018 3882 2191 3936; x_wconf 88' lang='lat' dir='ltr'><strong>Tuam</strong></span> <span class='ocrx_word' id='word_1_641' title='bbox 2213 3883 2387 3952; x_wconf 88' lang='lat' dir='ltr'><strong>ipsius</strong></span> <span class='ocrx_word' id='word_1_642' title='bbox 2407 3883 2664 3945; x_wconf 85' lang='lat' dir='ltr'><strong>animam,</strong></span> <span class='ocrx_word' id='word_1_643' title='bbox 2698 3901 2717 3933; x_wconf 77' lang='grc' dir='ltr'><strong>ι</strong></span> <span class='ocrx_word' id='word_1_644' title='bbox 2749 3894 2782 3933; x_wconf 96' lang='lat' dir='ltr'><strong>o</strong></span> <span class='ocrx_word' id='word_1_645' title='bbox 2807 3879 2969 3949; x_wconf 88' lang='lat' dir='ltr'><strong>plane</strong></span> <span class='ocrx_word' id='word_1_646' title='bbox 2999 3878 3320 3929; x_wconf 87' lang='lat' dir='ltr'><strong>intemerata</strong></span> <span class='ocrx_word' id='word_1_647' title='bbox 3368 3878 3532 3939; x_wconf 88' lang='lat' dir='ltr'><strong>atque</strong></span> 
     </span>
    </p>
   </div>
   <div class='ocr_carea' id='block_1_85' title="bbox 1958 3958 3534 4043">
    <p class='ocr_par' dir='ltr' id='par_1_85' title="bbox 1958 3958 3534 4043">
     <span class='ocr_line' id='line_1_85' title="bbox 1958 3958 3534 4043; baseline -0.008 -15"><span class='ocrx_word' id='word_1_648' title='bbox 1958 3974 2231 4043; x_wconf 86' lang='lat' dir='ltr'><strong>inculpata</strong></span> <span class='ocrx_word' id='word_1_649' title='bbox 2266 3971 2465 4043; x_wconf 84' lang='lat' dir='ltr'><strong>Virgo!</strong></span> <span class='ocrx_word' id='word_1_650' title='bbox 2512 3988 2675 4043; x_wconf 88' lang='lat' dir='ltr'><strong>quam</strong></span> <span class='ocrx_word' id='word_1_651' title='bbox 2708 3971 2872 4025; x_wconf 90' lang='lat' dir='ltr'><strong>David</strong></span> <span class='ocrx_word' id='word_1_652' title='bbox 2909 3982 3092 4023; x_wconf 87' lang='lat' dir='ltr'><strong>arcam</strong></span> <span class='ocrx_word' id='word_1_653' title='bbox 3136 3970 3295 4018; x_wconf 87' lang='lat' dir='ltr'><strong>vocat</strong></span> <span class='ocrx_word' id='word_1_654' title='bbox 3324 3958 3534 4017; x_wconf 84' lang='lat' dir='ltr'><strong>sancti-</strong></span> 
     </span>
    </p>
   </div>
   <div class='ocr_carea' id='block_1_86' title="bbox 1959 4053 3567 4131">
    <p class='ocr_par' dir='ltr' id='par_1_86' title="bbox 1959 4053 3567 4131">
     <span class='ocr_line' id='line_1_86' title="bbox 1959 4053 3567 4131; baseline -0.007 -12"><span class='ocrx_word' id='word_1_655' title='bbox 1959 4064 2226 4121; x_wconf 83' lang='lat' dir='ltr'><strong>ficationis</strong></span> <span class='ocrx_word' id='word_1_656' title='bbox 2251 4065 2327 4131; x_wconf 82' lang='lat'><strong>&quot;;</strong></span> <span class='ocrx_word' id='word_1_657' title='bbox 2361 4063 2616 4119; x_wconf 90' lang='lat' dir='ltr'><strong>Salomon</strong></span> <span class='ocrx_word' id='word_1_658' title='bbox 2647 4062 3071 4127; x_wconf 74' lang='lat' dir='ltr'><strong>autem,;lectum</strong></span> <span class='ocrx_word' id='word_1_659' title='bbox 3094 4070 3321 4112; x_wconf 91' lang='lat' dir='ltr'><strong>aureum</strong></span> <span class='ocrx_word' id='word_1_660' title='bbox 3354 4053 3435 4119; x_wconf 61' lang='lat'><strong>&#39;3;</strong></span> <span class='ocrx_word' id='word_1_661' title='bbox 3467 4064 3567 4131; x_wconf 45' lang='lat' dir='ltr'><strong>ac.</strong></span> 
     </span>
    </p>
   </div>
   <div class='ocr_carea' id='block_1_87' title="bbox 1959 4143 3531 4225">
    <p class='ocr_par' dir='ltr' id='par_1_87' title="bbox 1959 4143 3531 4225">
     <span class='ocr_line' id='line_1_87' title="bbox 1959 4143 3531 4225; baseline -0.01 -15"><span class='ocrx_word' id='word_1_662' title='bbox 1959 4157 2214 4211; x_wconf 87' lang='lat' dir='ltr'><strong>thronum</strong></span> <span class='ocrx_word' id='word_1_663' title='bbox 2232 4156 2640 4225; x_wconf 90' lang='lat' dir='ltr'><strong>convallemque</strong></span> <span class='ocrx_word' id='word_1_664' title='bbox 2668 4155 2903 4209; x_wconf 83' lang='lat' dir='ltr'><strong>liliorum</strong></span> <span class='ocrx_word' id='word_1_665' title='bbox 2917 4153 2985 4216; x_wconf 74' lang='grc'>⁸³,</span> <span class='ocrx_word' id='word_1_666' title='bbox 3007 4151 3270 4205; x_wconf 86' lang='lat' dir='ltr'><strong>virtutum</strong></span> <span class='ocrx_word' id='word_1_667' title='bbox 3297 4143 3531 4209; x_wconf 88' lang='lat' dir='ltr'><strong>scilicet,</strong></span> 
     </span>
    </p>
   </div>
   <div class='ocr_carea' id='block_1_88' title="bbox 1958 4239 3530 4317">
    <p class='ocr_par' dir='ltr' id='par_1_88' title="bbox 1958 4239 3530 4317">
     <span class='ocr_line' id='line_1_88' title="bbox 1958 4239 3530 4317; baseline -0.01 -16"><span class='ocrx_word' id='word_1_668' title='bbox 1958 4255 2019 4301; x_wconf 93' lang='lat' dir='ltr'><strong>ut</strong></span> <span class='ocrx_word' id='word_1_669' title='bbox 2046 4254 2199 4317; x_wconf 91' lang='lat' dir='ltr'><strong>puto,</strong></span> <span class='ocrx_word' id='word_1_670' title='bbox 2224 4247 2556 4311; x_wconf 89' lang='lat' dir='ltr'><strong>divinarum,</strong></span> <span class='ocrx_word' id='word_1_671' title='bbox 2584 4254 2638 4301; x_wconf 86' lang='lat' dir='ltr'><strong>et</strong></span> <span class='ocrx_word' id='word_1_672' title='bbox 2662 4245 2978 4316; x_wconf 87' lang='lat' dir='ltr'><strong>paradisum</strong></span> <span class='ocrx_word' id='word_1_673' title='bbox 3010 4258 3041 4297; x_wconf 89' lang='lat' dir='ltr'><strong>a</strong></span> <span class='ocrx_word' id='word_1_674' title='bbox 3072 4240 3182 4294; x_wconf 89' lang='lat' dir='ltr'><strong>Deo</strong></span> <span class='ocrx_word' id='word_1_675' title='bbox 3202 4239 3530 4309; x_wconf 82' lang='lat' dir='ltr'><strong>plantatum.</strong></span> 
     </span>
    </p>
   </div>
   <div class='ocr_carea' id='block_1_89' title="bbox 1959 4325 3530 4408">
    <p class='ocr_par' dir='ltr' id='par_1_89' title="bbox 1959 4325 3530 4408">
     <span class='ocr_line' id='line_1_89' title="bbox 1959 4325 3530 4408; baseline -0.001 -18"><span class='ocrx_word' id='word_1_676' title='bbox 1959 4336 2025 4390; x_wconf 81' lang='lat' dir='ltr'><strong>Et</strong></span> <span class='ocrx_word' id='word_1_677' title='bbox 2057 4353 2077 4389; x_wconf 76' lang='grc' dir='ltr'><strong>ι</strong></span> <span class='ocrx_word' id='word_1_678' title='bbox 2119 4345 2269 4391; x_wconf 89' lang='lat' dir='ltr'><strong>tuam</strong></span> <span class='ocrx_word' id='word_1_679' title='bbox 2333 4337 2509 4408; x_wconf 91' lang='lat' dir='ltr'><strong>ipsius</strong></span> <span class='ocrx_word' id='word_1_680' title='bbox 2573 4337 2812 4390; x_wconf 89' lang='lat' dir='ltr'><strong>animam</strong></span> <span class='ocrx_word' id='word_1_681' title='bbox 2861 4331 3220 4405; x_wconf 86' lang='lat' dir='ltr'><strong>pertransibit</strong></span> <span class='ocrx_word' id='word_1_682' title='bbox 3268 4325 3530 4398; x_wconf 71' lang='lat' dir='ltr'><strong>gladius.=</strong></span> 
     </span>
    </p>
   </div>
   <div class='ocr_carea' id='block_1_90' title="bbox 1960 4418 3534 4498">
    <p class='ocr_par' dir='ltr' id='par_1_90' title="bbox 1960 4418 3534 4498">
     <span class='ocr_line' id='line_1_90' title="bbox 1960 4418 3534 4498; baseline -0.01 -17"><span class='ocrx_word' id='word_1_683' title='bbox 1960 4434 2110 4483; x_wconf 89' lang='lat' dir='ltr'><strong>tuam</strong></span> <span class='ocrx_word' id='word_1_684' title='bbox 2133 4427 2309 4498; x_wconf 89' lang='lat' dir='ltr'><strong>ipsius</strong></span> <span class='ocrx_word' id='word_1_685' title='bbox 2333 4446 2354 4481; x_wconf 73' lang='grc' dir='ltr'><strong>ι</strong></span> <span class='ocrx_word' id='word_1_686' title='bbox 2381 4436 2508 4484; x_wconf 87' lang='lat' dir='ltr'><strong>ante</strong></span> <span class='ocrx_word' id='word_1_687' title='bbox 2537 4428 2875 4482; x_wconf 85' lang='lat' dir='ltr'><strong>nativitatem</strong></span> <span class='ocrx_word' id='word_1_688' title='bbox 2896 4426 3102 4490; x_wconf 85' lang='lat' dir='ltr'><strong>electae,</strong></span> <span class='ocrx_word' id='word_1_689' title='bbox 3134 4418 3534 4492; x_wconf 66' lang='lat' dir='ltr'><strong>praedestinata:</strong></span> 
     </span>
    </p>
   </div>
   <div class='ocr_carea' id='block_1_91' title="bbox 274 4490 1854 4592">
    <p class='ocr_par' dir='ltr' id='par_1_91' title="bbox 274 4490 1854 4586">
     <span class='ocr_line' id='line_1_91' title="bbox 274 4490 1854 4586; baseline -0.005 -19"><span class='ocrx_word' id='word_1_690' title='bbox 274 4490 438 4586; x_wconf 36' lang='grc' dir='ltr'>τέρα-</span> <span class='ocrx_word' id='word_1_691' title='bbox 454 4514 549 4568; x_wconf 79' lang='grc' dir='ltr'>καὶ</span> <span class='ocrx_word' id='word_1_692' title='bbox 580 4513 841 4567; x_wconf 80' lang='grc' dir='ltr'>Θεοτόκον</span> <span class='ocrx_word' id='word_1_693' title='bbox 878 4513 1137 4584; x_wconf 87' lang='grc' dir='ltr'>κηρύττει</span> <span class='ocrx_word' id='word_1_694' title='bbox 1169 4490 1480 4584; x_wconf 79' lang='grc' dir='ltr'>κυριῶτατά</span> <span class='ocrx_word' id='word_1_695' title='bbox 1507 4528 1567 4564; x_wconf 87' lang='grc' dir='ltr'><strong>τε</strong></span> <span class='ocrx_word' id='word_1_696' title='bbox 1594 4509 1689 4563; x_wconf 78' lang='grc' dir='ltr'>καὶ</span> <span class='ocrx_word' id='word_1_697' title='bbox 1719 4490 1854 4580; x_wconf 85' lang='grc' dir='ltr'>άλη-</span> 
     </span>
    </p>
   </div>
   <div class='ocr_carea' id='block_1_92' title="bbox 1958 4490 3535 4592">
    <p class='ocr_par' dir='ltr' id='par_1_92' title="bbox 1960 4515 3535 4592">
     <span class='ocr_line' id='line_1_92' title="bbox 1960 4515 3535 4592; baseline -0.003 -18"><span class='ocrx_word' id='word_1_698' title='bbox 1960 4534 1991 4573; x_wconf 87' lang='lat' dir='ltr'><strong>a</strong></span> <span class='ocrx_word' id='word_1_699' title='bbox 2012 4521 2229 4576; x_wconf 56' lang='lat' dir='ltr'><strong>saeculis</strong></span> <span class='ocrx_word' id='word_1_700' title='bbox 2250 4529 2305 4575; x_wconf 88' lang='lat' dir='ltr'><strong>et</strong></span> <span class='ocrx_word' id='word_1_701' title='bbox 2332 4520 2798 4592; x_wconf 87' lang='lat' dir='ltr'><strong>generationibus.</strong></span> <span class='ocrx_word' id='word_1_702' title='bbox 2824 4539 2843 4571; x_wconf 76' lang='grc' dir='ltr'><strong>ι</strong></span> <span class='ocrx_word' id='word_1_703' title='bbox 2868 4516 3043 4573; x_wconf 87' lang='lat' dir='ltr'><strong>Tuam</strong></span> <span class='ocrx_word' id='word_1_704' title='bbox 3077 4515 3280 4587; x_wconf 85' lang='lat' dir='ltr'><strong>ipsius.</strong></span> <span class='ocrx_word' id='word_1_705' title='bbox 3316 4529 3334 4562; x_wconf 77' lang='grc' dir='ltr'><strong>ι</strong></span> <span class='ocrx_word' id='word_1_706' title='bbox 3366 4520 3535 4579; x_wconf 71' lang='lat' dir='ltr'><strong>quam</strong></span> 
     </span>
    </p>
   </div>
   <div class='ocr_carea' id='block_1_93' title="bbox 281 4604 1854 4683">
    <p class='ocr_par' dir='ltr' id='par_1_93' title="bbox 281 4604 1854 4680">
     <span class='ocr_line' id='line_1_93' title="bbox 281 4604 1854 4680; baseline -0.003 -18"><span class='ocrx_word' id='word_1_707' title='bbox 281 4607 540 4662; x_wconf 83' lang='grc' dir='ltr'>θέστατα.</span> <span class='ocrx_word' id='word_1_708' title='bbox 582 4627 600 4659; x_wconf 81' lang='grc' dir='ltr'><strong>ι</strong></span> <span class='ocrx_word' id='word_1_709' title='bbox 639 4609 752 4661; x_wconf 75' lang='grc' dir='ltr'><strong>Καὶ</strong></span> <span class='ocrx_word' id='word_1_710' title='bbox 786 4606 879 4661; x_wconf 84' lang='grc' dir='ltr'><strong>σοῦ</strong></span> <span class='ocrx_word' id='word_1_711' title='bbox 912 4606 968 4660; x_wconf 82' lang='grc' dir='ltr'>δὲ</span> <span class='ocrx_word' id='word_1_712' title='bbox 994 4608 1164 4679; x_wconf 80' lang='grc' dir='ltr'>αὐτῆς</span> <span class='ocrx_word' id='word_1_713' title='bbox 1189 4609 1287 4680; x_wconf 83' lang='grc' dir='ltr'><strong>τὴν</strong></span> <span class='ocrx_word' id='word_1_714' title='bbox 1319 4607 1494 4680; x_wconf 76' lang='grc' dir='ltr'>ψυχὴν</span> <span class='ocrx_word' id='word_1_715' title='bbox 1525 4604 1854 4662; x_wconf 88' lang='grc' dir='ltr'>διελεύσεται</span> 
     </span>
    </p>
   </div>
   <div class='ocr_carea' id='block_1_94' title="bbox 1958 4604 3530 4683">
    <p class='ocr_par' dir='ltr' id='par_1_94' title="bbox 1958 4608 3530 4683">
     <span class='ocr_line' id='line_1_94' title="bbox 1958 4608 3530 4683; baseline -0.005 -17"><span class='ocrx_word' id='word_1_716' title='bbox 1958 4612 2126 4668; x_wconf 89' lang='lat' dir='ltr'><strong>Pater</strong></span> <span class='ocrx_word' id='word_1_717' title='bbox 2167 4614 2352 4683; x_wconf 89' lang='lat' dir='ltr'><strong>elegit,</strong></span> <span class='ocrx_word' id='word_1_718' title='bbox 2397 4611 2569 4668; x_wconf 87' lang='lat' dir='ltr'><strong>Filius</strong></span> <span class='ocrx_word' id='word_1_719' title='bbox 2618 4611 2966 4675; x_wconf 87' lang='lat' dir='ltr'><strong>inbabitavit,</strong></span> <span class='ocrx_word' id='word_1_720' title='bbox 3003 4608 3246 4679; x_wconf 89' lang='lat' dir='ltr'><strong>Spiritus</strong></span> <span class='ocrx_word' id='word_1_721' title='bbox 3280 4608 3530 4658; x_wconf 75' lang='lat' dir='ltr'><strong>sanctus.</strong></span> 
     </span>
    </p>
   </div>
   <div class='ocr_carea' id='block_1_95' title="bbox 281 4699 3534 4772">
    <p class='ocr_par' dir='ltr' id='par_1_95' title="bbox 281 4699 3534 4772">
     <span class='ocr_line' id='line_1_95' title="bbox 281 4699 3534 4772; baseline -0.009 0"><span class='ocrx_word' id='word_1_722' title='bbox 281 4702 549 4772; x_wconf 66' lang='grc' dir='ltr'><strong>ῥομφαίαο</strong></span> <span class='ocrx_word' id='word_1_723' title='bbox 579 4719 599 4753; x_wconf 77' lang='lat'><strong>’</strong></span> <span class='ocrx_word' id='word_1_724' title='bbox 1962 4716 2025 4761; x_wconf 93' lang='lat' dir='ltr'><strong>ut</strong></span> <span class='ocrx_word' id='word_1_725' title='bbox 2043 4699 2165 4762; x_wconf 75' lang='lat' dir='ltr'><strong>Deo</strong></span> <span class='ocrx_word' id='word_1_726' title='bbox 2199 4706 2475 4771; x_wconf 74' lang='lat' dir='ltr'><strong>convenit,</strong></span> <span class='ocrx_word' id='word_1_727' title='bbox 2502 4705 2919 4760; x_wconf 90' lang='lat' dir='ltr'><strong>obrumbravit:</strong></span> <span class='ocrx_word' id='word_1_728' title='bbox 2956 4701 3248 4769; x_wconf 88' lang='lat' dir='ltr'><strong>omnisque</strong></span> <span class='ocrx_word' id='word_1_729' title='bbox 3276 4701 3534 4749; x_wconf 89' lang='lat' dir='ltr'><strong>creatura</strong></span> 
     </span>
    </p>
   </div>
   <div class='ocr_carea' id='block_1_96' title="bbox 282 4785 3536 4871">
    <p class='ocr_par' dir='ltr' id='par_1_96' title="bbox 282 4785 3536 4871">
     <span class='ocr_line' id='line_1_96' title="bbox 282 4785 3536 4871; baseline -0.004 -22"><span class='ocrx_word' id='word_1_730' title='bbox 282 4793 380 4849; x_wconf 86' lang='lat' dir='ltr'><strong>Dei</strong></span> <span class='ocrx_word' id='word_1_731' title='bbox 415 4801 645 4848; x_wconf 88' lang='lat' dir='ltr'><strong>matrem</strong></span> <span class='ocrx_word' id='word_1_732' title='bbox 707 4807 771 4847; x_wconf 87' lang='lat' dir='ltr'><strong>ac</strong></span> <span class='ocrx_word' id='word_1_733' title='bbox 811 4785 1096 4848; x_wconf 80' lang='lat' dir='ltr'><strong>Deioaram</strong></span> <span class='ocrx_word' id='word_1_734' title='bbox 1147 4795 1524 4864; x_wconf 79' lang='lat' dir='ltr'><strong>propriissime</strong></span> <span class='ocrx_word' id='word_1_735' title='bbox 1569 4812 1632 4853; x_wconf 88' lang='lat' dir='ltr'><strong>ac</strong></span> <span class='ocrx_word' id='word_1_736' title='bbox 1674 4799 1960 4856; x_wconf 85' lang='lat' dir='ltr'><strong>verissime</strong></span> <span class='ocrx_word' id='word_1_737' title='bbox 2023 4800 2305 4871; x_wconf 71' lang='lat' dir='ltr'><strong>praedicat.</strong></span> <span class='ocrx_word' id='word_1_738' title='bbox 2342 4817 2362 4850; x_wconf 77' lang='grc' dir='ltr'><strong>ι</strong></span> <span class='ocrx_word' id='word_1_739' title='bbox 2402 4798 2469 4852; x_wconf 86' lang='grc' dir='ltr'>Ει</span> <span class='ocrx_word' id='word_1_740' title='bbox 2534 4808 2684 4854; x_wconf 90' lang='lat' dir='ltr'><strong>tuam</strong></span> <span class='ocrx_word' id='word_1_741' title='bbox 2724 4799 2901 4871; x_wconf 90' lang='lat' dir='ltr'><strong>ipsius</strong></span> <span class='ocrx_word' id='word_1_742' title='bbox 2943 4796 3184 4850; x_wconf 83' lang='lat' dir='ltr'><strong>animam</strong></span> <span class='ocrx_word' id='word_1_743' title='bbox 3248 4794 3536 4858; x_wconf 85' lang='lat' dir='ltr'><strong>pertrans-</strong></span> 
     </span>
    </p>
   </div>
   <div class='ocr_carea' id='block_1_97' title="bbox 282 4879 703 4954">
    <p class='ocr_par' dir='ltr' id='par_1_97' title="bbox 282 4879 703 4954">
     <span class='ocr_line' id='line_1_97' title="bbox 282 4879 703 4954; baseline 0.005 -20"><span class='ocrx_word' id='word_1_744' title='bbox 282 4879 385 4940; x_wconf 85' lang='lat' dir='ltr'><strong>ibit</strong></span> <span class='ocrx_word' id='word_1_745' title='bbox 408 4884 646 4954; x_wconf 89' lang='lat' dir='ltr'><strong>gladius.</strong></span> <span class='ocrx_word' id='word_1_746' title='bbox 684 4902 703 4936; x_wconf 73' lang='grc' dir='ltr'><strong>ι</strong></span> 
     </span>
    </p>
   </div>
   <div class='ocr_carea' id='block_1_98' title="bbox 354 5010 1854 5093">
    <p class='ocr_par' dir='ltr' id='par_1_98' title="bbox 354 5011 1854 5090">
     <span class='ocr_line' id='line_1_98' title="bbox 354 5011 1854 5090; baseline 0.001 -23"><span class='ocrx_word' id='word_1_747' title='bbox 354 5013 441 5067; x_wconf 82' lang='grc'><strong>17.</strong></span> <span class='ocrx_word' id='word_1_748' title='bbox 478 5011 578 5065; x_wconf 83' lang='grc' dir='ltr'><strong>Διά</strong></span> <span class='ocrx_word' id='word_1_749' title='bbox 600 5011 674 5076; x_wconf 87' lang='grc' dir='ltr'><strong>τί,</strong></span> <span class='ocrx_word' id='word_1_750' title='bbox 702 5012 884 5083; x_wconf 70' lang='grc' dir='ltr'>φησὶν,</span> <span class='ocrx_word' id='word_1_751' title='bbox 918 5012 1073 5084; x_wconf 87' lang='grc' dir='ltr'>ἐμοῦ,</span> <span class='ocrx_word' id='word_1_752' title='bbox 1106 5014 1265 5086; x_wconf 80' lang='grc' dir='ltr'>γέρον</span> <span class='ocrx_word' id='word_1_753' title='bbox 1294 5014 1743 5086; x_wconf 84' lang='grc' dir='ltr'>θαυμασιώτατε;</span> <span class='ocrx_word' id='word_1_754' title='bbox 1779 5017 1854 5090; x_wconf 80' lang='grc' dir='ltr'>μὴ</span> 
     </span>
    </p>
   </div>
   <div class='ocr_carea' id='block_1_99' title="bbox 1958 5010 3536 5093">
    <p class='ocr_par' dir='ltr' id='par_1_99' title="bbox 2035 5010 3536 5093">
     <span class='ocr_line' id='line_1_99' title="bbox 2035 5010 3536 5093; baseline -0.006 -22"><span class='ocrx_word' id='word_1_755' title='bbox 2035 5018 2120 5074; x_wconf 83' lang='lat' dir='ltr'><strong>l7.</strong></span> <span class='ocrx_word' id='word_1_756' title='bbox 2146 5019 2281 5083; x_wconf 88' lang='lat' dir='ltr'><strong>Cur,</strong></span> <span class='ocrx_word' id='word_1_757' title='bbox 2317 5020 2519 5093; x_wconf 88' lang='lat' dir='ltr'><strong>inquit,</strong></span> <span class='ocrx_word' id='word_1_758' title='bbox 2554 5035 2730 5075; x_wconf 91' lang='lat' dir='ltr'><strong>meam</strong></span> <span class='ocrx_word' id='word_1_759' title='bbox 2757 5018 3019 5079; x_wconf 88' lang='lat' dir='ltr'><strong>animam,</strong></span> <span class='ocrx_word' id='word_1_760' title='bbox 3052 5010 3536 5069; x_wconf 87' lang='lat' dir='ltr'><strong>admirabilissime</strong></span> 
     </span>
    </p>
   </div>
   <div class='ocr_carea' id='block_1_100' title="bbox 282 5097 1854 5185">
    <p class='ocr_par' dir='ltr' id='par_1_100' title="bbox 282 5104 1854 5185">
     <span class='ocr_line' id='line_1_100' title="bbox 282 5104 1854 5185; baseline 0.005 -27"><span class='ocrx_word' id='word_1_761' title='bbox 282 5105 394 5178; x_wconf 84' lang='grc' dir='ltr'>γὰρ</span> <span class='ocrx_word' id='word_1_762' title='bbox 439 5104 551 5175; x_wconf 87' lang='grc' dir='ltr'><strong>ἐγὼ</strong></span> <span class='ocrx_word' id='word_1_763' title='bbox 593 5106 728 5159; x_wconf 85' lang='grc' dir='ltr'>Θεοῦ</span> <span class='ocrx_word' id='word_1_764' title='bbox 775 5108 903 5161; x_wconf 80' lang='grc' dir='ltr'>Υίὸν</span> <span class='ocrx_word' id='word_1_765' title='bbox 946 5109 1189 5181; x_wconf 84' lang='grc' dir='ltr'>ἐμαυτὴν</span> <span class='ocrx_word' id='word_1_766' title='bbox 1230 5110 1571 5183; x_wconf 80' lang='grc' dir='ltr'>ἀνεκήρυξα;</span> <span class='ocrx_word' id='word_1_767' title='bbox 1615 5113 1706 5184; x_wconf 85' lang='grc' dir='ltr'><strong>Μὴ</strong></span> <span class='ocrx_word' id='word_1_768' title='bbox 1746 5114 1854 5185; x_wconf 84' lang='grc' dir='ltr'><strong>γὰρ</strong></span> 
     </span>
    </p>
   </div>
   <div class='ocr_carea' id='block_1_101' title="bbox 1958 5097 3539 5185">
    <p class='ocr_par' dir='ltr' id='par_1_101' title="bbox 1964 5097 3539 5183">
     <span class='ocr_line' id='line_1_101' title="bbox 1964 5097 3539 5183; baseline -0.012 -14"><span class='ocrx_word' id='word_1_769' title='bbox 1964 5112 2167 5169; x_wconf 80' lang='lat' dir='ltr'><strong>senex?</strong></span> <span class='ocrx_word' id='word_1_770' title='bbox 2206 5110 2346 5167; x_wconf 90' lang='lat' dir='ltr'><strong>Num</strong></span> <span class='ocrx_word' id='word_1_771' title='bbox 2379 5127 2480 5183; x_wconf 88' lang='lat' dir='ltr'><strong>ego</strong></span> <span class='ocrx_word' id='word_1_772' title='bbox 2513 5113 2778 5183; x_wconf 89' lang='lat' dir='ltr'><strong>meipsam</strong></span> <span class='ocrx_word' id='word_1_773' title='bbox 2825 5109 2921 5165; x_wconf 85' lang='lat' dir='ltr'><strong>Dei</strong></span> <span class='ocrx_word' id='word_1_774' title='bbox 2967 5106 3170 5160; x_wconf 88' lang='lat' dir='ltr'><strong>Filium</strong></span> <span class='ocrx_word' id='word_1_775' title='bbox 3209 5097 3539 5173; x_wconf 64' lang='lat' dir='ltr'><strong>praedicavit</strong></span> 
     </span>
    </p>
   </div>
   <div class='ocr_carea' id='block_1_102' title="bbox 283 5189 1854 5277">
    <p class='ocr_par' dir='ltr' id='par_1_102' title="bbox 283 5198 1854 5274">
     <span class='ocr_line' id='line_1_102' title="bbox 283 5198 1854 5274; baseline 0.002 -23"><span class='ocrx_word' id='word_1_776' title='bbox 283 5198 394 5267; x_wconf 80' lang='grc' dir='ltr'><strong>ἐγὼ</strong></span> <span class='ocrx_word' id='word_1_777' title='bbox 437 5199 567 5271; x_wconf 76' lang='grc' dir='ltr'>περὶ</span> <span class='ocrx_word' id='word_1_778' title='bbox 610 5198 704 5251; x_wconf 92' lang='grc' dir='ltr'><strong>τοῦ</strong></span> <span class='ocrx_word' id='word_1_779' title='bbox 758 5198 885 5253; x_wconf 90' lang='grc' dir='ltr'>ναοῦ</span> <span class='ocrx_word' id='word_1_780' title='bbox 918 5201 1347 5271; x_wconf 72' lang='grc' dir='ltr'>Ϊπροεφήτευσα;</span> <span class='ocrx_word' id='word_1_781' title='bbox 1398 5201 1431 5271; x_wconf 79' lang='grc' dir='ltr'><strong>ἢ</strong></span> <span class='ocrx_word' id='word_1_782' title='bbox 1473 5202 1562 5255; x_wconf 84' lang='grc' dir='ltr'><strong>τὸν</strong></span> <span class='ocrx_word' id='word_1_783' title='bbox 1606 5202 1854 5274; x_wconf 76' lang='grc' dir='ltr'>Λάζαρον</span> 
     </span>
    </p>
   </div>
   <div class='ocr_carea' id='block_1_103' title="bbox 1958 5189 3541 5277">
    <p class='ocr_par' dir='ltr' id='par_1_103' title="bbox 1963 5189 3541 5277">
     <span class='ocr_line' id='line_1_103' title="bbox 1963 5189 3541 5277; baseline -0.011 -18"><span class='ocrx_word' id='word_1_784' title='bbox 1963 5204 2102 5260; x_wconf 88' lang='lat' dir='ltr'><strong>Num</strong></span> <span class='ocrx_word' id='word_1_785' title='bbox 2131 5220 2231 5276; x_wconf 90' lang='lat' dir='ltr'><strong>ego</strong></span> <span class='ocrx_word' id='word_1_786' title='bbox 2254 5205 2322 5261; x_wconf 89' lang='lat' dir='ltr'><strong>de</strong></span> <span class='ocrx_word' id='word_1_787' title='bbox 2346 5208 2548 5276; x_wconf 90' lang='lat' dir='ltr'><strong>templo</strong></span> <span class='ocrx_word' id='word_1_788' title='bbox 2574 5205 2931 5277; x_wconf 86' lang='lat' dir='ltr'><strong>prophetavi?</strong></span> <span class='ocrx_word' id='word_1_789' title='bbox 2956 5203 3040 5256; x_wconf 80' lang='lat' dir='ltr'><strong>An</strong></span> <span class='ocrx_word' id='word_1_790' title='bbox 3062 5201 3330 5254; x_wconf 83' lang='lat' dir='ltr'><strong>Lazarum</strong></span> <span class='ocrx_word' id='word_1_791' title='bbox 3361 5189 3541 5246; x_wconf 87' lang='lat' dir='ltr'><strong>susci-</strong></span> 
     </span>
    </p>
   </div>
   <div class='ocr_carea' id='block_1_104' title="bbox 282 5291 1854 5367">
    <p class='ocr_par' dir='ltr' id='par_1_104' title="bbox 282 5291 1854 5366">
     <span class='ocr_line' id='line_1_104' title="bbox 282 5291 1854 5366; baseline 0.003 -21"><span class='ocrx_word' id='word_1_792' title='bbox 282 5292 510 5365; x_wconf 64' lang='grc' dir='ltr'>ἧγειρα;</span> <span class='ocrx_word' id='word_1_793' title='bbox 563 5292 598 5364; x_wconf 69' lang='grc' dir='ltr'>ἢ</span> <span class='ocrx_word' id='word_1_794' title='bbox 641 5292 732 5345; x_wconf 84' lang='grc' dir='ltr'>τὸν</span> <span class='ocrx_word' id='word_1_795' title='bbox 770 5291 1077 5363; x_wconf 80' lang='grc' dir='ltr'>παράλυτον</span> <span class='ocrx_word' id='word_1_796' title='bbox 1132 5293 1507 5363; x_wconf 85' lang='grc' dir='ltr'>ὲθεράπευσα;</span> <span class='ocrx_word' id='word_1_797' title='bbox 1560 5295 1595 5366; x_wconf 80' lang='grc' dir='ltr'><strong>ἢ</strong></span> <span class='ocrx_word' id='word_1_798' title='bbox 1652 5295 1743 5349; x_wconf 84' lang='grc' dir='ltr'><strong>τὸν</strong></span> <span class='ocrx_word' id='word_1_799' title='bbox 1795 5297 1854 5349; x_wconf 82' lang='grc' dir='ltr'><strong>ἐκ</strong></span> 
     </span>
    </p>
   </div>
   <div class='ocr_carea' id='block_1_105' title="bbox 1958 5291 3541 5367">
    <p class='ocr_par' dir='ltr' id='par_1_105' title="bbox 1963 5291 3541 5367">
     <span class='ocr_line' id='line_1_105' title="bbox 1963 5291 3541 5367; baseline -0.003 -17"><span class='ocrx_word' id='word_1_800' title='bbox 1963 5297 2113 5351; x_wconf 87' lang='lat' dir='ltr'><strong>tavi?</strong></span> <span class='ocrx_word' id='word_1_801' title='bbox 2138 5296 2222 5349; x_wconf 77' lang='lat' dir='ltr'><strong>An</strong></span> <span class='ocrx_word' id='word_1_802' title='bbox 2253 5298 2617 5367; x_wconf 86' lang='lat' dir='ltr'><strong>paralyticum</strong></span> <span class='ocrx_word' id='word_1_803' title='bbox 2649 5295 2879 5352; x_wconf 87' lang='lat' dir='ltr'><strong>curavi?</strong></span> <span class='ocrx_word' id='word_1_804' title='bbox 2906 5294 2988 5348; x_wconf 82' lang='lat' dir='ltr'><strong>An</strong></span> <span class='ocrx_word' id='word_1_805' title='bbox 3013 5308 3161 5348; x_wconf 66' lang='lat' dir='ltr'><strong>caeco</strong></span> <span class='ocrx_word' id='word_1_806' title='bbox 3185 5307 3216 5348; x_wconf 92' lang='lat' dir='ltr'><strong>a</strong></span> <span class='ocrx_word' id='word_1_807' title='bbox 3251 5291 3541 5348; x_wconf 81' lang='lat' dir='ltr'><strong>nativitate</strong></span> 
     </span>
    </p>
   </div>
   <div class='ocr_carea' id='block_1_106' title="bbox 351 5445 1854 5520">
    <p class='ocr_par' dir='ltr' id='par_1_106' title="bbox 351 5445 1854 5520">
     <span class='ocr_line' id='line_1_106' title="bbox 351 5445 1854 5520; baseline -0.005 -42"><span class='ocrx_word' id='word_1_808' title='bbox 351 5447 408 5520; x_wconf 53' lang='lat' dir='ltr'><strong>ut</strong></span> <span class='ocrx_word' id='word_1_809' title='bbox 434 5450 569 5504; x_wconf 87' lang='lat' dir='ltr'><strong>Luc.</strong></span> <span class='ocrx_word' id='word_1_810' title='bbox 610 5462 685 5509; x_wconf 87' lang='grc'><strong>11,</strong></span> <span class='ocrx_word' id='word_1_811' title='bbox 723 5446 811 5500; x_wconf 81' lang='lat'><strong>55.</strong></span> <span class='ocrx_word' id='word_1_812' title='bbox 880 5445 1186 5520; x_wconf 70' lang='lat' dir='ltr'><strong>__&quot;_Ma_tth.</strong></span> <span class='ocrx_word' id='word_1_813' title='bbox 1222 5461 1297 5508; x_wconf 86' lang='grc' dir='ltr'><strong>ιι,</strong></span> <span class='ocrx_word' id='word_1_814' title='bbox 1329 5446 1486 5520; x_wconf 51' lang='lat'><strong>2:“.</strong></span> <span class='ocrx_word' id='word_1_815' title='bbox 1532 5517 1544 5520; x_wconf 29' lang='grc' dir='ltr'><strong>Α</strong></span> <span class='ocrx_word' id='word_1_816' title='bbox 1576 5449 1625 5520; x_wconf 58' lang='lat' dir='ltr'><strong>sa</strong></span> <span class='ocrx_word' id='word_1_817' title='bbox 1658 5446 1792 5502; x_wconf 50' lang='lat' dir='ltr'><strong>Luc.</strong></span> <span class='ocrx_word' id='word_1_818' title='bbox 1830 5464 1854 5501; x_wconf 59' lang='lat'><strong>,.</strong></span> 
     </span>
    </p>
   </div>
   <div class='ocr_carea' id='block_1_107' title="bbox 1958 5445 2831 5520">
    <p class='ocr_par' dir='ltr' id='par_1_107' title="bbox 1958 5450 2831 5520">
     <span class='ocr_line' id='line_1_107' title="bbox 1958 5450 2831 5520; baseline 0.003 -17"><span class='ocrx_word' id='word_1_819' title='bbox 1958 5450 2088 5506; x_wconf 76' lang='grc' dir='ltr'>ι-ιι.</span> <span class='ocrx_word' id='word_1_820' title='bbox 2193 5450 2241 5482; x_wconf 72' lang='grc'><strong>⁵⁸</strong></span> <span class='ocrx_word' id='word_1_821' title='bbox 2281 5451 2475 5508; x_wconf 83' lang='lat' dir='ltr'><strong>Cenes.</strong></span> <span class='ocrx_word' id='word_1_822' title='bbox 2517 5468 2710 5520; x_wconf 75' lang='lat' dir='ltr'><strong>xxvm,</strong></span> <span class='ocrx_word' id='word_1_823' title='bbox 2744 5451 2831 5506; x_wconf 75' lang='lat' dir='ltr'><strong>l2.</strong></span> 
     </span>
    </p>
   </div>
   <div class='ocr_carea' id='block_1_108' title="bbox 285 5445 1854 5548">
    <p class='ocr_par' dir='ltr' id='par_1_108' title="bbox 285 5445 1854 5548">
     <span class='ocr_line' id='line_1_108' title="bbox 351 5445 1854 5509; baseline -0.001 -7"><span class='ocrx_word' id='word_1_824' title='bbox 351 5447 395 5481; x_wconf 81' lang='lat'>&quot;</span> <span class='ocrx_word' id='word_1_825' title='bbox 434 5450 569 5504; x_wconf 87' lang='lat' dir='ltr'><strong>Luc.</strong></span> <span class='ocrx_word' id='word_1_826' title='bbox 610 5462 647 5500; x_wconf 89' lang='lat' dir='ltr'><strong>ll</strong></span> <span class='ocrx_word' id='word_1_827' title='bbox 671 5487 685 5509; x_wconf 87' lang='lat'><strong>,</strong></span> <span class='ocrx_word' id='word_1_828' title='bbox 723 5446 811 5500; x_wconf 80' lang='lat'><strong>55.</strong></span> <span class='ocrx_word' id='word_1_829' title='bbox 912 5448 958 5480; x_wconf 80' lang='grc'>⁸⁸</span> <span class='ocrx_word' id='word_1_830' title='bbox 997 5445 1186 5499; x_wconf 78' lang='lat' dir='ltr'><strong>Matth.</strong></span> <span class='ocrx_word' id='word_1_831' title='bbox 1222 5461 1297 5508; x_wconf 86' lang='grc' dir='ltr'><strong>ιι,</strong></span> <span class='ocrx_word' id='word_1_832' title='bbox 1329 5446 1486 5502; x_wconf 76' lang='lat' dir='ltr'><strong>2-H.</strong></span> <span class='ocrx_word' id='word_1_833' title='bbox 1576 5449 1622 5481; x_wconf 83' lang='grc'>⁸³</span> <span class='ocrx_word' id='word_1_834' title='bbox 1658 5446 1792 5502; x_wconf 88' lang='lat' dir='ltr'><strong>Luc.</strong></span> <span class='ocrx_word' id='word_1_835' title='bbox 1830 5464 1854 5501; x_wconf 83' lang='grc' dir='ltr'>ι·</span> 
     </span>
     <span class='ocr_line' id='line_1_109' title="bbox 285 5516 1848 5548; baseline 0 0"><span class='ocrx_word' id='word_1_836' title='bbox 285 5516 331 5548; x_wconf 74' lang='grc' dir='ltr'>ιι</span> <span class='ocrx_word' id='word_1_837' title='bbox 370 5517 503 5548; x_wconf 55' lang='lat' dir='ltr'><strong>Qu.“</strong></span> <span class='ocrx_word' id='word_1_838' title='bbox 562 5532 695 5548; x_wconf 78' lang='grc' dir='ltr'>ιιιιι-</span> <span class='ocrx_word' id='word_1_839' title='bbox 750 5520 779 5548; x_wconf 70' lang='grc' dir='ltr'><strong>Ω</strong></span> <span class='ocrx_word' id='word_1_840' title='bbox 877 5516 921 5548; x_wconf 71' lang='grc'><strong>8⁸1</strong></span> <span class='ocrx_word' id='word_1_841' title='bbox 963 5516 1084 5548; x_wconf 69' lang='grc' dir='ltr'><strong>Βοηι</strong></span> <span class='ocrx_word' id='word_1_842' title='bbox 1141 5531 1301 5548; x_wconf 69' lang='lat' dir='ltr'><strong>nurva</strong></span> <span class='ocrx_word' id='word_1_843' title='bbox 1374 5517 1404 5548; x_wconf 77' lang='grc' dir='ltr'><strong>Ω</strong></span> <span class='ocrx_word' id='word_1_844' title='bbox 1501 5517 1548 5548; x_wconf 73' lang='grc' dir='ltr'><strong>σε</strong></span> <span class='ocrx_word' id='word_1_845' title='bbox 1586 5517 1723 5548; x_wconf 66' lang='lat' dir='ltr'><strong>(&quot;nne</strong></span> <span class='ocrx_word' id='word_1_846' title='bbox 1792 5533 1848 5548; x_wconf 89' lang='grc' dir='ltr'><strong>ιιι</strong></span> 
     </span>
    </p>
   </div>
   <div class='ocr_carea' id='block_1_109' title="bbox 1958 5445 3541 5548">
    <p class='ocr_par' dir='ltr' id='par_1_109' title="bbox 1958 5445 3541 5548">
     <span class='ocr_line' id='line_1_110' title="bbox 1958 5445 3541 5548; baseline -0.001 -45"><span class='ocrx_word' id='word_1_847' title='bbox 1958 5450 2100 5548; x_wconf 54' lang='grc' dir='ltr'><strong>Μ.ξῶ</strong></span> <span class='ocrx_word' id='word_1_848' title='bbox 2139 5450 2482 5548; x_wconf 47' lang='lat' dir='ltr'><strong>&quot;ipeues;</strong></span> <span class='ocrx_word' id='word_1_849' title='bbox 2517 5468 2710 5520; x_wconf 75' lang='lat' dir='ltr'><strong>xxvm,</strong></span> <span class='ocrx_word' id='word_1_850' title='bbox 2744 5451 2831 5506; x_wconf 74' lang='lat' dir='ltr'><strong>l2.</strong></span> <span class='ocrx_word' id='word_1_851' title='bbox 2970 5451 3017 5484; x_wconf 82' lang='grc'><strong>⁸⁸</strong></span> <span class='ocrx_word' id='word_1_852' title='bbox 3057 5449 3227 5507; x_wconf 78' lang='lat' dir='ltr'><strong>Exod.</strong></span> <span class='ocrx_word' id='word_1_853' title='bbox 3265 5464 3414 5518; x_wconf 61' lang='grc' dir='ltr'>τινι,</span> <span class='ocrx_word' id='word_1_854' title='bbox 3450 5445 3541 5503; x_wconf 76' lang='grc' dir='ltr'><strong>Η.</strong></span> 
     </span>
    </p>
   </div>
   <div class='ocr_carea' id='block_1_110' title="bbox 366 5516 1854 5588">
    <p class='ocr_par' dir='ltr' id='par_1_110' title="bbox 366 5516 1850 5582">
     <span class='ocr_line' id='line_1_111' title="bbox 366 5516 1850 5582; baseline -0.001 -10"><span class='ocrx_word' id='word_1_855' title='bbox 366 5517 527 5573; x_wconf 71' lang='lat' dir='ltr'><strong>Num.</strong></span> <span class='ocrx_word' id='word_1_856' title='bbox 562 5532 713 5579; x_wconf 69' lang='lat' dir='ltr'><strong>xm»,</strong></span> <span class='ocrx_word' id='word_1_857' title='bbox 748 5520 802 5574; x_wconf 84' lang='lat'><strong>8.</strong></span> <span class='ocrx_word' id='word_1_858' title='bbox 877 5516 921 5548; x_wconf 86' lang='grc'><strong>⁵⁷</strong></span> <span class='ocrx_word' id='word_1_859' title='bbox 960 5516 1109 5573; x_wconf 85' lang='lat' dir='ltr'><strong>Psal.</strong></span> <span class='ocrx_word' id='word_1_860' title='bbox 1141 5531 1336 5582; x_wconf 77' lang='lat' dir='ltr'><strong>cxxn,</strong></span> <span class='ocrx_word' id='word_1_861' title='bbox 1372 5517 1425 5571; x_wconf 93' lang='lat'><strong>8.</strong></span> <span class='ocrx_word' id='word_1_862' title='bbox 1501 5517 1548 5550; x_wconf 83' lang='grc'><strong>⁵⁸</strong></span> <span class='ocrx_word' id='word_1_863' title='bbox 1586 5517 1747 5573; x_wconf 85' lang='lat' dir='ltr'><strong>Cant.</strong></span> <span class='ocrx_word' id='word_1_864' title='bbox 1792 5533 1850 5573; x_wconf 87' lang='grc' dir='ltr'><strong>ιιι</strong></span> 
     </span>
    </p>
   </div>
   <div class='ocr_carea' id='block_1_111' title="bbox 1958 5516 2513 5588">
    <p class='ocr_par' dir='ltr' id='par_1_111' title="bbox 1963 5521 2513 5588">
     <span class='ocr_line' id='line_1_112' title="bbox 1963 5521 2513 5588; baseline 0.004 -12"><span class='ocrx_word' id='word_1_865' title='bbox 1963 5563 1977 5576; x_wconf 93' lang='grc'><strong><em>.</em></strong></span> <span class='ocrx_word' id='word_1_866' title='bbox 2052 5522 2100 5555; x_wconf 76' lang='grc'><strong><em>⁵⁸</em></strong></span> <span class='ocrx_word' id='word_1_867' title='bbox 2139 5521 2298 5577; x_wconf 83' lang='lat' dir='ltr'><strong>Cant.</strong></span> <span class='ocrx_word' id='word_1_868' title='bbox 2336 5539 2417 5588; x_wconf 86' lang='grc' dir='ltr'><strong>ιι,</strong></span> <span class='ocrx_word' id='word_1_869' title='bbox 2462 5525 2513 5582; x_wconf 83' lang='grc'><strong>1.</strong></span> 
     </span>
    </p>
   </div>
   <div class='ocr_carea' id='block_1_112' title="bbox 349 5698 960 5772">
    <p class='ocr_par' dir='ltr' id='par_1_112' title="bbox 349 5698 960 5772">
     <span class='ocr_line' id='line_1_113' title="bbox 349 5698 960 5772; baseline 0.002 0"><span class='ocrx_word' id='word_1_870' title='bbox 349 5700 462 5772; x_wconf 76' lang='grc' dir='ltr'>μθ)</span> <span class='ocrx_word' id='word_1_871' title='bbox 490 5699 643 5772; x_wconf 67' lang='grc' dir='ltr'>,κρεο</span> <span class='ocrx_word' id='word_1_872' title='bbox 673 5698 729 5759; x_wconf 65' lang='grc' dir='ltr'>ε.</span> <span class='ocrx_word' id='word_1_873' title='bbox 757 5699 960 5772; x_wconf 53' lang='lat' dir='ltr'><strong>sum</strong></span> 
     </span>
    </p>
   </div>
   <div class='ocr_carea' id='block_1_113' title="bbox 349 5702 1854 5844">
    <p class='ocr_par' dir='ltr' id='par_1_113' title="bbox 349 5702 1531 5844">
     <span class='ocr_line' id='line_1_114' title="bbox 349 5702 960 5772; baseline -0.003 -17"><span class='ocrx_word' id='word_1_874' title='bbox 349 5702 462 5772; x_wconf 71' lang='lat'><strong>(46)</strong></span> <span class='ocrx_word' id='word_1_875' title='bbox 507 5702 643 5768; x_wconf 77' lang='lat' dir='ltr'><strong>Reg.</strong></span> <span class='ocrx_word' id='word_1_876' title='bbox 673 5702 729 5759; x_wconf 69' lang='grc' dir='ltr'>Ξ,</span> <span class='ocrx_word' id='word_1_877' title='bbox 757 5702 960 5761; x_wconf 81' lang='grc' dir='ltr'>σαφῶς.</span> 
     </span>
     <span class='ocr_line' id='line_1_115' title="bbox 349 5765 1531 5844; baseline -0.003 -18"><span class='ocrx_word' id='word_1_878' title='bbox 349 5772 460 5844; x_wconf 69' lang='grc'><strong>(47)</strong></span> <span class='ocrx_word' id='word_1_879' title='bbox 487 5770 569 5825; x_wconf 87' lang='lat' dir='ltr'><strong>Ita</strong></span> <span class='ocrx_word' id='word_1_880' title='bbox 592 5774 727 5840; x_wconf 75' lang='lat' dir='ltr'><strong>lteg.</strong></span> <span class='ocrx_word' id='word_1_881' title='bbox 757 5768 808 5824; x_wconf 76' lang='grc'><strong>2.</strong></span> <span class='ocrx_word' id='word_1_882' title='bbox 841 5770 910 5823; x_wconf 82' lang='lat' dir='ltr'><strong>At</strong></span> <span class='ocrx_word' id='word_1_883' title='bbox 936 5768 1069 5838; x_wconf 78' lang='lat' dir='ltr'><strong>Reg.</strong></span> <span class='ocrx_word' id='word_1_884' title='bbox 1095 5767 1146 5834; x_wconf 83' lang='lat' dir='ltr'><strong>l,</strong></span> <span class='ocrx_word' id='word_1_885' title='bbox 1179 5765 1531 5839; x_wconf 71' lang='grc' dir='ltr'>ύπερϐόητσν.</span> 
     </span>
    </p>
   </div>
   <div class='ocr_carea' id='block_1_114' title="bbox 1958 5702 2995 5844">
    <p class='ocr_par' dir='ltr' id='par_1_114' title="bbox 1980 5702 2995 5780">
     <span class='ocr_line' id='line_1_116' title="bbox 1980 5702 2995 5780; baseline -0.005 -19"><span class='ocrx_word' id='word_1_886' title='bbox 1980 5738 1983 5741; x_wconf 96' lang='grc'><strong>-</strong></span> <span class='ocrx_word' id='word_1_887' title='bbox 2030 5706 2142 5780; x_wconf 73' lang='grc'><strong>(48)</strong></span> <span class='ocrx_word' id='word_1_888' title='bbox 2173 5702 2308 5780; x_wconf 80' lang='lat' dir='ltr'><strong>Reg.</strong></span> <span class='ocrx_word' id='word_1_889' title='bbox 2341 5707 2397 5774; x_wconf 77' lang='lat'><strong>2,</strong></span> <span class='ocrx_word' id='word_1_890' title='bbox 2443 5707 2583 5779; x_wconf 76' lang='grc' dir='ltr'>μετὰ</span> <span class='ocrx_word' id='word_1_891' title='bbox 2606 5704 2702 5759; x_wconf 88' lang='grc' dir='ltr'><strong>τοῦ</strong></span> <span class='ocrx_word' id='word_1_892' title='bbox 2741 5702 2995 5777; x_wconf 65' lang='grc' dir='ltr'>βρέφους.</span> 
     </span>
    </p>
   </div>
  </div>
