3924 6510
522 365 633 427 995

1675 361 1734 420 S.
1773 362 2237 423 ATIIANASIUS.
2275 395 2346 410 --
2381 365 2653 425 SPURIA.
3679 365 3764 423 998

524 485 708 540 visum
758 479 1014 540 restitui?
1059 479 1200 547 Quid
1261 495 1446 538 causa:
1497 482 1604 537 erit
1654 481 1804 552 quod
1855 483 2087 538 animam

2197 485 2426 557 γενετῆς
2469 487 2666 558 τυφλὸν
2714 485 3038 559 ὠμμάτωσα
3063 485 3212 557 (49);
3257 484 3419 548 Τίνος
3472 481 3638 555 χάριν
3683 483 3766 554 τὴν

529 589 706 629 meam
759 571 972 644 gladius
1023 571 1421 641 pet-transibit?
1475 571 1562 626 An
1615 571 1765 644 quod
1794 571 2098 630 Sabbatum

526 664 810 722 violarim?
833 663 914 722 An
945 661 1090 732 quod
1114 661 1287 732 legem
1311 670 1658 734 transgressa
1689 665 1836 719 sim?
1869 665 1948 720 En
1977 665 2096 734 tibi,

527 757 646 827 ejus
689 753 966 812 servandae
1014 767 1202 816 causa,
1231 752 1426 808 Filium
1461 755 1802 820 circumcidi,
1843 754 2102 812 Hieroso-

529 850 724 920 lymam
751 845 1062 917 properavi,
1104 845 1161 898 in
1185 846 1387 916 templo
1421 845 1636 912 adsum,
1672 861 1737 902 ac
1766 848 1948 918 pullos
1979 857 2099 902 tur-

527 951 732 1002 turum,
773 945 1153 1008 argumentum
1208 939 1365 1009 parvi
1397 939 1764 1010 pauperisque
1813 941 2094 1006 sacrificii,

526 1029 595 1083 ad
648 1030 888 1085 divinam
941 1045 1150 1100 repono
1200 1045 1468 1086 mensam.
1519 1030 1662 1098 Quid
1712 1031 1880 1104 igitur
1945 1032 2098 1104 parvi

527 1119 775 1190 magnive
801 1126 886 1175 est
915 1120 971 1175 in
1001 1120 1140 1191 lege,
1175 1121 1323 1190 quod
1355 1127 1702 1192 transgressa
1735 1123 1862 1188 sim,
1891 1131 1949 1176 ut
1982 1122 2098 1204 gla-

523 1210 648 1266 dius
677 1212 915 1266 animam
943 1227 1120 1268 meam
1165 1213 1237 1268 sit
1261 1214 1860 1283 pertransiturus?1)ic
1886 1215 1998 1270 cito
2030 1230 2098 1270 ne

523 1303 754 1359 delirum
787 1314 860 1372 te,
889 1319 954 1359 ac
983 1305 1152 1359 nimia
1183 1311 1344 1360 aetate
1373 1305 1730 1376 desipientem
1765 1323 1888 1364 esse
1917 1307 2098 1379 suspi-

523 1410 634 1450 cer.
679 1394 1057 1467 Nequaquam,
1087 1396 1164 1449 ait
1195 1395 1418 1452 divinus
1454 1413 1644 1462 senex,
1677 1415 1742 1453 ac
1775 1399 2095 1470 pr0phetica

521 1487 718 1558 plenus
761 1486 956 1552 gratia.
996 1486 1142 1541 Nihil
1174 1501 1365 1542 eorum
1403 1488 1459 1542 in
1489 1503 1656 1545 causa
1703 1497 1822 1556 est;
1857 1498 1913 1544 tu
1943 1498 2096 1546 extra

522 1593 588 1634 ac
614 1593 781 1648 supra
811 1578 902 1632 illa
931 1580 1115 1633 omnia
1149 1578 1327 1648 posita
1359 1594 1453 1645 es;
1487 1579 1610 1646 sed,
1644 1599 1663 1632 ι
1698 1589 1756 1636 ιιι
1780 1581 2094 1636 revelentur

520 1683 588 1724 ex
639 1668 828 1724 multis
890 1657 1160 1726 cordibus.
1193 1671 1551 1742 cogitationes
1601 1672 1670 1728 ".
1723 1691 1742 1724 ι
1797 1671 1953 1739 Quod
2013 1671 2094 1728 ais

519 1761 796 1830 anigmati
841 1761 1018 1817 simile
1045 1769 1151 1828 est,
1185 1763 1427 1817 nondum
1461 1765 1748 1835 perspicue
1787 1765 2094 1822 afﬂictionis

2201 577 2340 650 ἐμὴν
2365 577 2544 650 ψυχὴν
2575 580 2608 651 ἡ
2639 579 2880 652 ῥομφαία
2903 579 3280 651 διαδραμεῢται
3299 595 3314 644 ;
3331 579 3457 632 Ὅτι
3489 575 3554 630 τὺ
3579 576 3767 630 Σαϐϐα-

2200 685 2292 722 τον
2323 669 2520 736 ἔλυσας
2553 671 2674 723 ’Ότι
2699 670 2794 724 τὸν
2815 670 2979 741 νόμον
3003 669 3284 742 παρέϐηνς
3324 668 3459 721 Ἰδοὺ
3487 666 3559 720 δι’
3581 667 3764 719 ἐκεῖνον

2199 759 2290 812 τόν
2317 777 2376 812 τε
2400 760 2528 813 Υἱὸν
2556 760 2902 832 περιέτεμον,
2935 761 3034 832 τήν
3060 777 3120 814 τε
3161 757 3521 829 Ἰερουσαλὴμ
3547 755 3760 824 ἔφθασα,

2199 852 2294 906 καὶ
2313 851 2390 924 τῷ
2407 851 2520 925 ναῷ
2542 853 2792 926 πάρειμι,
2818 852 2914 907 καὶ
2936 854 3061 916 τοὺς
3080 851 3324 915 νεοττοὺς
3343 851 3456 904 τῶν
3481 848 3761 920 τρυγόνων,

2198 941 2394 1014 δεῖγμα
2416 945 2617 1016 μικρᾶς
2629 961 2688 998 τε
2703 944 2797 998 καὶ
2814 944 3148 1015 πενεστάτης
3163 943 3322 1006 ὄντας
3343 941 3562 1004 θυσίας,
3583 943 3648 1010 τῇ
3663 940 3764 1012 θεία

2198 1033 2441 1107 τραπέζῃ
2476 1033 2932 1108 προσανατίθημι.
2962 1034 3027 1087 Τί
3049 1033 3227 1088 τοίνυν
3259 1032 3408 1086 ἐστὶν
3440 1031 3475 1102 ἢ
3520 1029 3760 1102 μικρὸνῆ

2201 1123 2403 1195 μεῖζον,
2419 1123 2447 1177 ὃ
2465 1124 2559 1178 τοῦ
2575 1125 2740 1197 νόμου
2757 1125 3056 1196 παρέλυσα,
3078 1124 3166 1178 ἵνα
3199 1123 3444 1197 ῥομφαία
3473 1123 3579 1194 τὴν
3607 1122 3762 1191 ψυχὴν

2197 1214 2335 1287 ἐμὴν
2361 1215 2732 1289 διελεύσηται;
2761 1218 2972 1290 Φράσον
2993 1218 3054 1272 τὸ
3080 1217 3262 1288 τάχος,
3293 1216 3496 1288 μήπως
3518 1215 3597 1278 ὡς
3619 1216 3761 1286 Conp-

2198 1307 2487 1379 ϐεϐηκότα,
2516 1310 2612 1364 καί
2631 1310 2808 1382 πολλῷ
2822 1311 2898 1382 τῷ
2916 1309 3014 1382 βίῳ
3032 1308 3490 1382 καταγηράσαντα
3510 1305 3760 1361 ὑποπτεύ-

2199 1416 2400 1470 σωμεν.
2431 1399 2528 1466 Οὓ,
2558 1403 2721 1472 φησιν
2747 1405 2776 1457 ό
2797 1402 2937 1468 θεῖος
2967 1405 3170 1466 ἐκεῖνος
3197 1399 3536 1472 πρεσϐύτης,
3561 1400 3654 1452 καὶ
3677 1397 3760 1469 τῆς

2197 1491 2540 1562 προφητικῆς
2597 1491 2878 1557 ἀνάπλεως
2937 1491 3181 1564 ᾗάριτος·
3232 1491 3300 1544 δι’
3352 1491 3513 1545 οὐδὲν
3553 1489 3757 1543 τούτων·

2197 1581 2301 1646 ἔξω
2327 1582 2439 1653 (50)
2465 1581 2575 1655 γάρ
2601 1582 2806 1638 τούτων
2847 1585 3065 1639 πάντων
3103 1579 3248 1655 ἦσθα
3285 1583 3382 1637 καὶ
3423 1581 3756 1653 ὑπερέκεινα·

2195 1673 2310 1728 ἀλλ’
2343 1692 2363 1726 ι
2401 1675 2548 1739 ὅπως
2587 1674 2654 1730 ἂν
2691 1675 3151 1746 ἀποκαλυφθῶσιν
3192 1677 3258 1728 ὲκ
3297 1673 3510 1728 πολλῶν
3546 1671 3760 1744 καρδιῶν

2195 1765 2548 1837 διαλογισμοί.
2579 1785 2598 1818 ›
2626 1767 2938 1838 Αίνίγματι,
2971 1767 3126 1837 φησι,
3156 1765 3335 1835 λέγεις
3369 1765 3582 1835 ὅμοιον·
3622 1761 3760 1817 οῦπω

520 1863 746 1904 causam
796 1850 1082 1920 aperuisti.
1142 1851 1305 1908 Dicas
1354 1859 1570 1924 oportet
1606 1853 1862 1909 clarius:
1915 1853 2087 1910 adhuc

2197 1857 2383 1927 σαφῶς
2403 1857 2502 1929 τὴν
2529 1859 2708 1913 αἰτίαν
2727 1859 2822 1912 τοῦ
2847 1857 3055 1922 πάθους
3085 1857 3371 1928 ὲνέφηνας.
3396 1857 3589 1910 Είπεῖν
3613 1872 3673 1909 σε
3693 1855 3760 1910 δεῖ

519 1941 666 1995 enim
696 1941 993 1996 obscurum
1027 1957 1092 1998 ac
1122 1944 1476 2000 tenebrosum
1521 1953 1608 2000 cst
1633 1945 1781 2016 quod
1826 1946 2090 2017 loqueris.

519 2027 659 2086 Tum
713 2033 804 2088 ille
835 2052 848 2088 :
880 2031 1023 2099 Tibi,
1061 2033 1256 2105 inquit,
1287 2050 1322 2090 ο
1357 2034 1563 2092 Christi
1610 2036 1907 2107 possessio,
1955 2053 2095 2108 pra:-

518 2123 692 2188 dium,
724 2135 777 2182 et
805 2125 1198 2190 habitaculum,
1226 2143 1441 2184 onmem
1474 2130 1834 2200 quaestionum
1877 2139 2092 2186 tuarum

516 2215 724 2272 solvam
755 2216 1148 2274 difﬁcultatem.
1171 2219 1241 2274 At
1266 2235 1398 2276 cave
1419 2236 1508 2286 ne,
1529 2221 1573 2275 si
1597 2230 1648 2278 te
1663 2221 1820 2277 dolor
1847 2207 2089 2294 Superet,

516 2307 920 2376 pusillanimem
941 2317 1015 2374 te,
1040 2325 1143 2366 nec
1171 2311 1309 2368 satis
1335 2312 1527 2367 virtuti
1555 2322 1831 2369 assuetam
1861 2324 2086 2385 arguat:

514 2397 660 2468 quod
696 2399 794 2454 tibi
825 2415 934 2454 non
965 2401 1090 2470 plus
1120 2401 1246 2457 licet
1275 2402 1571 2465 ascribere.
1603 2418 1767 2474 quam
1806 2405 1910 2460 soli
1952 2404 2092 2460 lucis

515 2497 680 2561 atque
713 2490 916 2547 caloris
953 2492 1308 2548 vacuitatem.
1335 2492 1470 2548 Eum
1506 2509 1668 2564 quem
1715 2493 1900 2549 divino
1928 2495 2091 2552 modo

513 2581 750 2648 genuisti
784 2583 972 2637 visura
1004 2599 1064 2638 es
1093 2584 1260 2647 tradi,
1297 2583 1477 2654 ligari,
1507 2585 1760 2655 conspui,
1789 2585 2088 2653 verberari,

513 2672 744 2742 ﬂagellis
773 2673 1130 2744 colaphisque
1178 2675 1336 2742 caedi,
1390 2675 1604 2730 calamo
1635 2676 1872 2746 percuti,
1915 2677 2091 2748 spinis

513 2763 791 2826 coronari,
823 2764 1113 2837 chlamyde
1155 2766 1328 2828 indui,
1363 2765 1768 2820 Pharisaeorum
1799 2767 2090 2824 calumniis

512 2853 722 2925 impeti,
746 2872 775 2910 a
799 2854 1114 2914 Sadducaais
1137 2859 1341 2930 probro
1372 2859 1533 2922 allici,
1567 2873 1598 2912 a
1623 2857 1802 2915 Pilato
1826 2859 2086 2930 iudicari,

512 2961 543 2999 a
571 2947 834 3004 militibus
870 2949 1110 3016 irrideri,
1145 2965 1176 3004 a
1222 2951 1452 3006 cohorte
1481 2967 1622 3022 genu
1649 2951 1790 3008 flexo
1815 2952 2033 3016 adorari
2067 2969 2084 3006 :

511 3035 811 3093 Barahbam
841 3041 1027 3096 visura
1057 3055 1118 3096 es
1149 3041 1226 3094 illi
1258 3043 1537 3112 anteponi,
1572 3059 1636 3098 ac
1659 3045 1832 3115 pluris
1859 3059 1926 3100 eo
1947 3045 2085 3114 fieri,

511 3127 727 3184 demum
756 3131 910 3184 cruci
969 3131 1120 3185 illum
1171 3131 1338 3200 afﬁgi,
1378 3144 1534 3188 aceto
1563 3149 1688 3189 cum
1725 3135 1848 3190 felle
1882 3137 2083 3206 putari,

509 3218 701 3274 lancea
737 3222 1032 3291 perforari,
1093 3225 1348 3293 sepulcro
1396 3225 1694 3290 concludi,
1739 3228 2083 3284 seductorem

507 3313 719 3376 vocari,
753 3314 1051 3384 signaculis
1101 3316 1392 3386 obstringi,
1426 3331 1454 3370 a
1499 3317 1767 3373 militibus
1797 3319 2085 3374 custodiri.

509 3400 609 3462 Ac,
633 3410 689 3455 ut
735 3403 1063 3472 compendio
1107 3403 1306 3470 dicam,
1353 3421 1520 3460 omne
1566 3406 1621 3460 in
1669 3423 1734 3462 eo
1781 3406 1990 3463 doloris
2024 3423 2089 3463 ac

508 3492 794 3550 dedecoris
815 3510 1004 3565 genus,
1034 3497 1377 3554 atrocissime
1402 3498 1634 3561 illatum,
1653 3500 1838 3555 visura
1854 3515 1932 3555 es.
1955 3499 2085 3555 Pro-

509 3588 695 3650 pterea
743 3583 982 3639 animam
1019 3594 1166 3640 tuam
1224 3589 1580 3656 pertransibit
1611 3589 1826 3660 gladius
1862 3606 1874 3642 :
1927 3604 1992 3646 ea
2019 3589 2088 3646 dc

507 3687 676 3728 causa
709 3673 920 3744 lugebis
950 3692 1014 3731 ac
1046 3679 1458 3750 congemisces;
1481 3687 1534 3735 et
1555 3689 1743 3752 utpote
1774 3680 1962 3747 Mater,
1988 3698 2086 3753 pro

508 3761 647 3818 Filio
691 3763 1106 3836 lacrymaberis,
1149 3784 1314 3838 quem
1346 3770 1567 3826 scelesti
1607 3773 1771 3826 morti
1819 3763 2032 3844 tradent
2068 3789 2081 3825 :

506 3862 735 3924 tumque
785 3858 1022 3912 maxime
1059 3857 1224 3931 36E
1275 3875 1402 3914 cum
1458 3869 1701 3916 secretas
1745 3862 1870 3917 illas
1906 3870 2086 3919 tecum

506 3945 696 4002 volves
760 3948 1154 4018 cogitationes,
1217 3951 1467 4016 scilicet,
1521 3951 1763 4008 faustum
1815 3953 2086 4012 Gabrielis

509 4036 785 4102 nuntium,
845 4042 1262 4112 conceptionem
1321 4042 1530 4112 absque
1590 4044 1819 4111 semine,
1868 4055 2082 4116 partum

381 4123 628 4184 “sine
653 4131 1024 4200 corruptione,
1056 4133 1373 4188 inviolatam
1413 4135 1806 4206 virginitatem,
1857 4138 2085 4196 inteme-

510 4222 685 4270 ratam
715 4219 1044 4287 castitatem,
1079 4221 1135 4275 in
1166 4230 1325 4292 partu
1373 4226 1697 4280 vacuitatem
1729 4228 1959 4292 doloris,
1992 4232 2084 4300 qui

514 4307 818 4361 naturalem
873 4311 1065 4364 matris
1096 4311 1268 4382 legem
1319 4317 1696 4387 consequitur,
1745 4319 1874 4389 quia
1919 4321 2083 4376 nimi-

513 4408 634 4450 rum
668 4405 776 4451 tam
820 4408 946 4454 ante
993 4417 1156 4472 quam
1201 4412 1324 4474 post
1352 4415 1572 4476 partum
1599 4408 1752 4481 virgo
1792 4412 2084 4470 verissime

511 4484 688 4551 fuisti,
717 4504 781 4544 ac
809 4490 883 4545 ita
916 4495 1280 4562 permansisti.

577 4663 668 4720 18.
701 4683 722 4717 ι
771 4665 840 4723 Ut
890 4669 1197 4725 revelentur
1227 4688 1294 4728 ex
1329 4675 1516 4731 multis
1559 4678 1822 4736 cordibus
1857 4675 2076 4753 cogita-

509 4755 704 4812 tiones.
737 4777 754 4809 ι
783 4757 1134 4817 Revelabitur
1155 4765 1356 4836 quippe
1378 4765 1596 4826 fervens
1620 4779 1785 4842 atque
1809 4774 2080 4830 ardentis-

507 4849 681 4904 simus
701 4848 846 4906 Petri
879 4855 1050 4924 zelus,
1087 4859 1306 4929 tepidus
1337 4879 1401 4917 ac
1435 4862 1665 4935 frigidus
1701 4883 1796 4936 per
1829 4870 2078 4939 negatio-

506 4951 629 4993 nem
663 4940 838 5000 factus
867 4959 882 4996 :
927 4943 1154 5005 Joannis
1193 4963 1397 5020 autem,
1428 4952 1618 5010 Jacobi
1648 4963 1702 5012 et
1727 4965 2074 5023 cancrorum,

506 5043 604 5098 per
645 5031 823 5103 fugam
863 5051 971 5106 qua
1011 5055 1078 5094 eo
1123 5042 1386 5100 derelicto
1427 5061 1621 5104 omnes
1665 5049 2074 5118 abscesserunt,

506 5128 664 5196 quasi
689 5133 935 5186 omnium
981 5136 1340 5193 maximorum
1390 5140 1737 5200 immemores
1779 5146 2076 5201 miraculo-

506 5231 648 5272 rum.
686 5219 816 5275 ltem
863 5224 1208 5290 revelabitur,
1259 5229 1406 5298 quod
1441 5229 1649 5289 Pilatus
1701 5233 1769 5288 ad
1803 5238 2078 5306 pmniten-

505 5307 638 5361 tiam
685 5308 1006 5378 deducatur,
1059 5331 1158 5386 per
1205 5332 1470 5374 manuum
1503 5323 1836 5382 ablutionem
1873 5343 1887 5379 :
1923 5326 2070 5396 quod

577 5463 624 5496 “
664 5464 797 5523 Luc.
834 5484 910 5536 ιι,
945 5471 1036 5527 35.

721 5611 938 5708 ᾕρεε-2,
966 5626 1285 5708 ῶμμάτωέα
1321 5632 1712 5708 ὲνᾼΣαϐϐᾀτῳζ

719 5690 816 5775 ξεί
842 5696 970 5775 lteg.
1010 5690 1072 5750 ἓξ
1099 5703 1166 5754 At
1200 5700 1330 5775 Reg.
1384 5703 1435 5768 l,
1473 5690 1720 5775 τούτων·
1755 5708 1870 5762 ἀλλ’
1902 5713 2068 5775 ὅπως.

575 5759 687 5834 (5i)
719 5762 862 5830 Hac,
891 5759 1057 5840 λόγχῃ
1083 5759 1434 5842 νυττόμένονξ
1455 5759 1654 5832 desunt
1687 5777 1740 5856 in

1983 6047 2014 6086 Ο

2111 3187 2158 3249 C

2195 1951 2592 2025 φανερώτερον·
2633 1951 2712 2006 ἔτι
2745 1950 2854 2024 γὰρ
2887 1950 3092 2020 ἀφανές
3132 1965 3248 2012 πως
3289 1949 3383 2002 καὶ
3418 1948 3676 2010 ὑπόσκιον
3707 1945 3760 2000 τὸ

2195 2043 2540 2116 λαλούμενον.
2584 2042 2725 2112 Ἐγώ
2760 2060 2862 2107 σοι,
2897 2043 3084 2116 φησὶν,
3116 2037 3162 2096 ὧ
3181 2040 3422 2115 Χριστοῦ
3452 2039 3757 2110 κτῆμα,καὶ

2191 2137 2400 2208 χρῆμα,
2412 2137 2509 2190 καὶ
2524 2137 2806 2207 σκήνωμα,
2819 2135 2926 2189 τῶν
2943 2134 3285 2206 ζητουμένων
3297 2134 3446 2188 ἅπαν
3461 2131 3696 2187 ὲπιλύσω
3705 2131 3757 2184 τὸ

2191 2227 2412 2300 ἄπορον.
2439 2227 2575 2280 Ἀλλ’
2596 2227 2698 2298 ὅρα
2716 2227 2789 2298 μή
2821 2243 2880 2280 σε
2902 2225 2964 2279 τὸ
2987 2225 3156 2290 πάθος
3181 2225 3411 2296 νικῆσαν
3441 2223 3755 2296 μικρόψυχόν

2191 2333 2312 2370 τινα
2331 2314 2478 2390 δείξῃ
2499 2317 2594 2370 καὶ
2616 2314 2958 2386 ἀφιλόσοφον*
2986 2315 3122 2388 ὅπερ
3137 2313 3233 2368 ὲπὶ
3251 2314 3345 2368 σοῦ
3367 2313 3551 2382 λέγειν
3575 2312 3756 2384 μᾶλλον

2189 2407 2252 2461 ού
2294 2406 2452 2478 θέμις
2489 2407 2524 2479 ἦ
2565 2406 2658 2461 ἐπὶ
2689 2405 2840 2478 ἡλίου
2893 2406 2954 2462 τὸ
2998 2405 3238 2476 ἀφεγγὲς
3279 2405 3374 2459 καὶ
3407 2403 3754 2476 ἀθέρμαντον.

2191 2498 2576 2571 Προδιδόμενον
2596 2498 2717 2569 ὄψει
2731 2497 2940 2560 τοῦτον.
2957 2499 3014 2554 ὃν
3031 2497 3352 2571 θεοπρεπῶς
3370 2497 3753 2566 ἀτεγέννησας,

2190 2589 2285 2642 καὶ
2300 2587 2688 2660 δεσμούμενον,
2711 2588 3050 2660 ὲπτυσμένον
3069 2589 3166 2643 καὶ
3190 2586 3576 2660 ῥαπιζόμενον.
3600 2603 3756 2658 gap-37°

2189 2678 2512 2750 τελούμενον
2536 2681 2631 2735 καὶ
2657 2680 3102 2752 κολαφιζόμενον,
3147 2679 3378 2752 καλάμῳ
3410 2679 3753 2750 τυπτόμενον,

2189 2771 2452 2836 ἀκάνθαις
2513 2772 2962 2844 στεφανούμενον,
3024 2772 3248 2844 χλαῖναν
3305 2771 3752 2842 ὲνδιδυσκόμενον,

2190 2861 2296 2916 ὑπὸ
2337 2864 2646 2936 Φαρισαίων
2695 2863 3222 2936 συκοφαντούμενον,
3259 2863 3367 2918 ὑπὸ
3397 2863 3754 2918 Σαδδουκαίων

2187 2953 2608 3026 ὀνειδιζόμενον,
2653 2955 2758 3009 ὑπὸ
2799 2956 3032 3011 Πιλάτου
3075 2955 3415 3028 κρινόμενον,
3463 2955 3572 3008 ὑπὸ
3609 2969 3754 3026 στραο

2187 3047 2394 3101 τιωτῶν
2410 3047 2824 3120 χλευαζόμενον,
2853 3051 2920 3120 τῇ
2948 3047 3148 3120 σπείρᾳ
3173 3046 3636 3118 γονυπετούμενον
3659 3044 3754 3098 ’τὸν

2190 3137 2477 3210 Βαραϐϐᾶν
2492 3138 2610 3210 ὄψει
2633 3137 3047 3211 πρατιμώμενον
3071 3139 3262 3193 τούτου
3286 3138 3382 3192 καὶ
3407 3137 3754 3210 προκρινόμε·

2191 3246 2300 3284 νον·
2331 3230 2482 3294 τέλος
2513 3231 2731 3301 σταυρῷ
2757 3231 3266 3304 προσπηγνύμενον,
3293 3231 3412 3296 ὄξος
3441 3231 3582 3301 μετὰ
3606 3227 3752 3300 χολῆς

2191 3321 2563 3394 ποτιζόμενον,
2591 3323 2760 3397 λόγχῃ
2782 3325 3104 3396 νυττόμενον
3129 3324 3264 3395 (51),
3286 3324 3444 3395 τάφῳ
3469 3319 3751 3394 περικλειόο

2191 3431 2373 3487 μενον.
2393 3415 2592 3470 πλάνον
2613 3414 3030 3488 ὀνομαζόμενον,
3047 3419 3307 3488 σφραγῖσι
3332 3414 3754 3486 καταδεσμούμε·

2188 3525 2296 3572 νον,
2317 3506 2718 3579 φρουρούμενον
2737 3507 2950 3578 φύλαξι.
2965 3509 3076 3568 Καὶ
3098 3506 3451 3572 ἁπαξαπλῶς,
3472 3509 3582 3562 πᾶν
3597 3507 3753 3574 ἀλγει-

2187 3595 2276 3650 νὸν
2315 3597 2410 3650 καὶ
2436 3597 2658 3667 ἀτιμίας
2686 3597 3016 3669 ἐμφαντικὸν
3053 3599 3140 3650 ἐπ’
3170 3598 3316 3669 αὐτῷ
3345 3599 3574 3668 κατόψει
3598 3613 3752 3670 πρατ-

2184 3684 2408 3754 τόμενον
2447 3685 2565 3756 μεθ’
2612 3686 2933 3759 ὑπερϐολῆς·
2974 3689 3063 3742 διά
3083 3687 3274 3750 ταῦτα,
3329 3688 3424 3742 σού
3454 3689 3553 3760 τὴν
3590 3688 3750 3758 ψυχὴν

2185 3773 2513 3829 διελεύσεται
2542 3776 2802 3847 ῥομφαίαο
2852 3776 2940 3830 διὰ
2977 3778 3152 3832 ταῦτα
3183 3777 3436 3842 κλαύσεις
3468 3780 3567 3832 καὶ
3599 3778 3744 3851 κόψε.

2185 3864 2280 3919 καὶ
2309 3859 2396 3918 οἷα
2429 3867 2608 3939 μήτηρ
2642 3866 2932 3940 θρηνήσεις
2967 3870 3059 3922 ἐπὶ
3085 3869 3221 3940 Υίῷ,
3263 3869 3356 3922 τὸν
3385 3870 3496 3924 τῶν
3521 3868 3744 3940 κακούρ-

2185 3971 2298 4024 γων
2335 3957 2656 4028 ὑπομένοντι
2694 3958 2940 4015 θάνατον’
2982 3961 3214 4032 μάλιστα
3253 3962 3381 4026 τοὺς
3419 3963 3745 4034 ἀπορρήτους

2185 4047 2428 4112 ἐκείνους
2452 4049 2573 4105 καθ’
2605 4052 2803 4124 ἑαυτὴν
2826 4053 3173 4108 ἀνελίττουσα
3202 4054 3515 4126 λογισμούς·
3531 4050 3660 4116 οἷον,
3691 4053 3744 4106 τὸ

2183 4139 2278 4194 τοῦ
2307 4141 2544 4214 Γαϐριὴλ
2583 4145 2922 4214 εὐαγγέλιον,
2954 4147 3052 4216 τὴν
3085 4147 3325 4213 ἄσπορον
3346 4145 3606 4217 σύλληψιν
3621 4145 3743 4212 (52),

2181 4234 2276 4288 τὸν
2316 4236 2471 4290 τόκον
2516 4237 2608 4291 τὸν
2649 4237 2908 4311 ἄφθορον,
2954 4239 3053 4310 τὴν
3093 4238 3288 4294 ἄσυλον
3337 4240 3659 4310 παρθενίαν,
3693 4237 3747 4290 τὸ

2182 4325 2479 4396 ἀμόλυντον
2511 4328 2610 4398 τῆς
2637 4330 2880 4398 ἁγνείας,
2909 4331 2972 4384 τὸ
3005 4330 3170 4402 μηδὲν
3196 4331 3386 4384 παθεῖν
3419 4333 3478 4385 ὲν
3512 4329 3586 4400 τῷ
3613 4330 3748 4397 τόκῳ

2183 4417 2412 4488 φυσικοῦ
2440 4419 2606 4491 νόμου
2637 4422 2733 4475 καὶ
2757 4423 3026 4495 μητρικῆς
3055 4422 3400 4486 ἀκολουθίας.
3428 4422 3516 4476 διὰ
3540 4420 3633 4474 τοῦ
3661 4436 3746 4473 και

2111 4537 2160 4595 υ
2187 4509 2296 4580 πρὸ
2337 4509 2498 4564 τόκου
2547 4512 2640 4566 καὶ
2697 4513 2836 4583 μετὰ
2871 4514 3026 4568 τόκον
3069 4513 3336 4586 παρθένον
3367 4511 3622 4576 ὡσαύτως
3661 4509 3745 4567 καὶ

2186 4595 2325 4655 εἶναι
2357 4603 2452 4656 καὶ
2485 4606 2664 4673 μεῖναι
2693 4605 3162 4676 παναληθέστατα.

2259 4693 2344 4746 18.
2383 4713 2403 4745 ι
2444 4695 2632 4760 Ὅπως
2673 4695 2740 4749 ἂν
2780 4696 3237 4765 ἀποκαλυφθῶσιν
3269 4698 3334 4750 ὲκ
3375 4694 3578 4750 πολλῶν
3621 4709 3747 4766 καρ-

2185 4781 2314 4836 διῶν
2347 4783 2706 4854 διαλογισμοί.
2743 4805 2762 4838 ι
2823 4785 3363 4858 ’Δποκαλυφθήσεται
3402 4787 3506 4858 γὰρ
3545 4783 3747 4854 Πέτρου

2189 4874 2287 4946 μὲν
2313 4877 2340 4928 ὁ
2361 4876 2534 4948 πυρὸς
2565 4876 2704 4942 τέως
2725 4877 2836 4948 (55)
2862 4877 3191 4950 θερμότερος
3219 4878 3401 4947 ζῆλος,
3430 4876 3644 4948 χλιαρός
3669 4889 3748 4935 τις

2186 4967 2280 5020 καὶ
2315 4961 2426 5021 οἷον
2467 4968 2782 5040 ὑπόψυχρος
2814 4969 2903 5022 διὰ
2943 4970 3043 5041 τῆς
3084 4971 3385 5040 ἀρνήσεως
3435 4968 3670 5022 Ἰωάννου
3693 4964 3744 5016 δὲ

2187 5058 2283 5112 καὶ
2321 5059 2577 5114 Ἰακώϐου
2625 5063 2720 5114 καὶ
2762 5061 2872 5115 τῶν
2900 5062 3101 5116 λοιπῶν
3145 5062 3232 5116 διὰ
3277 5061 3380 5131 τῆς
3423 5059 3616 5130 φυγῆς,
3661 5057 3742 5129 ἣν.

2185 5150 2413 5218 ἀφέντες
2438 5153 2623 5218 αὐτὸν,
2660 5153 2900 5218 ἅπαντες
2931 5155 3150 5226 ἔφυγον,
3189 5155 3406 5208 πάντων
3432 5152 3614 5222 ῶσπερ
3643 5148 3746 5202 τῶν

2185 5239 2456 5310 μεγίστων
2489 5242 2783 5314 θαυμάτων
2817 5245 3216 5318 ἐπιλαθόμενοι.
3259 5246 3370 5300 Καὶ
3405 5241 3471 5300 αὖ
3499 5242 3658 5295 πάλιν
3687 5241 3747 5292 ἐκ

2178 5330 2272 5384 τοῦ
2306 5332 2554 5388 ἐναντίου
2594 5337 3110 5411 ἀποκαλυφθήσεται
3155 5338 3388 5402 Πιλᾶτος
3421 5336 3514 5408 μὲν
3549 5335 3635 5396 εἰς
3659 5331 3747 5386 τδν

2251 5639 2364 5702 (52)
2395 5640 2528 5714 Reg.
2552 5643 2607 5708 2,
2638 5644 2738 5717 τὴν
2764 5647 3073 5720 ἀπόρρητον
3102 5647 3378 5774 σύλληῒιν.

2251 5712 2363 5774 (55)
2391 5711 2465 5767 Ita
2499 5713 2630 5774 Rea.
2664 5715 2719 5770 2.
2747 5717 2879 5774 Reg.
2919 5734 3049 5774 vero
3081 5719 3132 5774 Ι.
3161 5722 3190 5772 ὀ
3214 5719 3264 5773 δι
3309 5736 3378 5774 πυ

2183 5711 2630 5851 μόςέξζξιιξᾞεε.
2664 5711 2719 5770 2'.
2747 5711 2887 5790 Reg:
2911 5711 3049 5774 've'ro
3081 5719 3132 5780 Ι,
3161 5722 3190 5772 ὀ
3214 5711 3470 5790 διάπυρος
3495 5714 3590 5770 καὶ
3617 5713 3746 5791 θερ-
