3924 6552
149 438 263 496 997

1264 440 1550 500 HOMILIA
1585 443 1655 499 IN
1690 441 2069 501 OCCURSUM
2109 442 2366 502 DOMINI.

3314 434 3419 493 998

153 556 471 629 μετάμελον
509 557 662 629 ἥκων
687 557 777 612 διά
804 560 905 631 τῆς
928 557 1038 612 τῶν
1069 559 1266 631 χειρῶν
1293 560 1673 633 ἀποσμήξεως·
1704 565 1735 634 ή

1846 579 1984 618 uxor
2037 562 2157 634 ejus
2203 561 2498 618 crediderit
2571 573 2671 631 per
2720 564 3044 614 nocturnam
3099 553 3367 610 visionem
3397 592 3414 618 ,

145 645 210 702 δὲ
244 647 439 701 τούτου
474 648 727 713 σύνευνος
757 649 832 713 ὡς
858 650 1168 716 ἐπίστευσε,
1192 650 1279 705 διά
1303 652 1404 722 τῆς
1426 655 1744 726 νυκτερινῆς

147 741 356 809 ὅψεως·
379 742 409 793 ὁ
434 742 834 813 ἑκατόνταρχος
864 741 953 795 διά
983 742 1092 796 τῶν
1121 743 1381 813 σημείων·
1426 745 1623 814 Ἰωσήφ
1650 746 1743 798 καὶ

149 833 474 904 Νικόδημος
495 834 585 887 διά
611 835 709 904 τῆς
746 833 985 905 κηδείας·
1033 833 1233 898 Ἰούδας
1265 834 1352 887 διά
1383 835 1476 889 τοῦ
1523 835 1738 906 βρόχου·

159 923 415 975 Ἰουδαῖοι
442 922 533 977 διὰ
562 923 621 976 τὸ
651 922 834 976 δοῦναι
866 926 978 988 τοῖς
1013 923 1206 993 φύλαξι
1236 924 1304 977 τά
1334 925 1592 996 ἀργύρια.
1632 927 1743 979 Καὶ

149 1014 522 1079 ἁπαξαπλῶς,
554 1014 701 1086 μάχη
738 1032 822 1079 τις
858 1015 1010 1069 ἔσται
1043 1016 1138 1069 καὶ
1173 1017 1359 1079 στάσις
1382 1017 1657 1087 λογισμῶν
1682 1035 1743 1071 τε

146 1106 254 1159 καὶ
281 1105 653 1177 διαλογισμῶν
681 1106 957 1161 ἐναντίων·
994 1106 1103 1160 τῶν
1130 1108 1229 1177 μὲν
1261 1108 1330 1161 τά
1363 1108 1461 1178 τῆς
1492 1108 1743 1174 θεότητος

145 1196 635 1267 διαλογιζομένων,
676 1196 784 1250 τῶν
819 1196 876 1250 δὲ
906 1196 975 1250 τά
1012 1198 1111 1268 τῆς
1137 1198 1572 1269 άνθρωπὸτητος.
1603 1198 1745 1253 Θαυ-

152 1288 398 1357 μάσουσι
431 1289 531 1358 μὲν
574 1287 704 1360 γὰρ,
750 1290 903 1357 φησὶ,
946 1290 1221 1359 πάσχοντα
1261 1292 1448 1343 τοῦτον
1486 1291 1741 1362 ὁρῶντες,

148 1383 252 1435 καὶ
280 1381 627 1450 ἀγωνιῶντα,
662 1382 757 1434 καὶ
785 1380 1059 1453 θρόμϐους
1094 1383 1332 1455 ἱδρώτων
1366 1385 1739 1455 ἐκπέμποντα·

146 1475 235 1528 ἔτι
282 1491 345 1526 τε
389 1472 690 1536 δειλιῶντα,
742 1473 839 1527 καὶ
881 1475 982 1543 τὴν
1026 1473 1120 1527 τοῦ
1167 1476 1371 1540 πάθους
1412 1477 1741 1548 παραίτησιν

148 1566 619 1637 προσευχόμενον·
652 1565 753 1635 τήν
789 1581 849 1617 τε
893 1565 1002 1619 τῶν
1045 1567 1254 1638 νεκρῶν
1277 1567 1582 1631 ἐννοοῦντες
1609 1567 1743 1621 ἀνά-

150 1672 352 1711 στασιν
396 1657 492 1711 καὶ
532 1657 632 1727 τὴν
664 1656 771 1709 τῶν
801 1656 1018 1726 τυφλῶν
1046 1657 1385 1729 ὀμμάτωσιν·
1420 1661 1519 1731 τήν
1547 1656 1605 1714 τε
1633 1660 1742 1715 τῶν

146 1745 379 1817 λεπρῶν
404 1747 800 1820 ἀποκάθαρσιν,
835 1748 931 1801 καὶ
955 1748 1054 1821 τὴν
1078 1748 1187 1802 τῶν
1218 1750 1473 1821 πονηρῶν
1498 1752 1744 1823 πνευμά-

146 1856 265 1892 των
298 1838 566 1903 ὲκδίωξιν·
604 1839 700 1891 καὶ
740 1837 839 1909 τὴν
864 1838 1029 1911 ἀλλην
1059 1840 1277 1894 ἀπασαν
1310 1842 1419 1895 τῶν
1456 1844 1545 1896 ὐπ’
1574 1845 1738 1901 αὑτοῦ

146 1929 524 1983 τελεσθέντων
566 1927 808 1999 σημείων
850 1928 1080 2002 πληθύν·
1128 1929 1489 2003 θαυμάσουσι,
1525 1934 1735 1991 καὶτὸν
1774 1916 1815 1972 Β

148 2019 280 2074 νοῦν
329 2013 434 2073 ὦδε
483 2021 707 2073 κάκεῖσε
756 2018 1111 2090 κλονουμενον
1169 2021 1371 2088 ἕξουσι,
1432 2024 1736 2095 ἀσύμφωνα

147 2111 335 2165 ταῦτα
364 2114 480 2175 τοῖς
511 2112 750 2182 πρώτοις
778 2111 1031 2182 ὁρῶντες,
1074 2114 1168 2166 καὶ⁸
1203 2115 1572 2186 ἀκατάλληλα·
1605 2118 1737 2173 θαυ-

154 2186 481 2275 μάσουσίδὲ
507 2204 668 2258 πάλιν
692 2206 740 2257 οἱ
769 2204 865 2257 τὸν
889 2206 1112 2277 σεισμὸν
1142 2207 1398 2278 ὁρῶντες,
1431 2212 1525 2263 καὶ
1552 2210 1650 2282 τὴν
1676 2213 1735 2266 ὲν

147 2296 351 2368 ἡμέρᾳ
372 2295 564 2359 νύκτα,
606 2296 699 2348 τόν
740 2313 800 2349 τε
841 2296 933 2349 τοῦ
978 2296 1413 2369 διαπετάσματος
1452 2300 1733 2372 διχασμὺν,

147 2388 249 2441 καὶ
277 2387 383 2460 τὴν
408 2386 518 2440 τῶν
546 2387 758 2459 πετρῶν
780 2388 1083 2461 διάρρηξιν·
1109 2388 1191 2441 ἔτι
1217 2406 1277 2442 τε
1300 2391 1410 2443 τῶν
1438 2393 1735 2463 μνημάτων

147 2481 252 2554 τὴν
298 2479 661 2550 ἀνακάλυψιν,
701 2481 794 2534 καὶ
825 2478 922 2549 τὴν
952 2480 1059 2533 τῶν
1096 2479 1313 2550 ,νεκρῶν
1358 2479 1731 2547 ἐξανάστασιν·

146 2572 497 2644 θαυμάσουσι
546 2575 639 2628 καὶ
684 2574 1041 2645 ἐκστήσονται
1090 2575 1157 2644 τῇ
1203 2573 1423 2646 καρδίᾳ,
1469 2577 1563 2628 καὶ
1600 2577 1738 2645 πρὸς

78 2706 83 2711 .
148 2666 392 2736 ἀπορίας
440 2664 600 2735 βυθὸν
643 2666 1095 2735 καταντήσουσιν,
1153 2664 1437 2737 ἄνθρωπον
1493 2666 1591 2736 μὲν
1642 2667 1734 2720 τὸν

150 2758 505 2829 κρεμάμενον
537 2756 840 2827 βλέποντες,
867 2755 997 2808 Θεὸν
1015 2753 1071 2808 δὲ
1093 2753 1184 2809 τὸν
1211 2754 1537 2828 ἐνεργοῦντα
1561 2756 1735 2810 ταῦτα

148 2849 246 2902 καὶ
298 2848 762 2918 συμπεραίνοντα.
819 2847 1008 2911 Οὕτως
1066 2847 1608 2919 ἀποκαλυφθήσονται
1670 2850 1734 2902 ὲκ

150 2939 367 2993 πολλῶν
397 2938 632 3011 καρδιῶν
661 2939 1019 3009 διαλογισμοὶ,
1049 2940 1158 2993 τῶν
1193 2941 1291 3013 μὲν
1313 2941 1506 3005 ταῦτα,
1542 2941 1650 2993 τῶν
1676 2941 1733 2994 δὲ

148 3031 338 3082 ἰκεῖνα
369 3026 845 3096 διαλογιζομένων.
884 3029 1024 3082 Ἀλλ’
1054 3030 1201 3101 ὅμως
1229 3032 1260 3100 ἡ
1292 3030 1437 3101 μάχη
1467 3029 1602 3101 αὕτη
1625 3031 1734 3084 τῶν

146 3120 431 3191 λογισμῶν
457 3121 590 3191 (54),
614 3122 708 3173 καὶ
733 3122 766 3191 ἡ
806 3121 1010 3186 στάσις,
1047 3123 1140 3175 καὶ
1161 3124 1194 3192 ή
1219 3122 1435 3192 φύρσις,
1466 3123 1559 3174 καὶ
1583 3124 1615 3192 ή
1641 3123 1735 3175 ἀν-

146 3214 374 3279 τὲθεσις,
415 3214 669 3283 ὁμονοίας
710 3214 805 3267 καὶ
851 3215 1189 3284 συμφωνίας,
1238 3216 1331 3269 καὶ
1374 3216 1597 3286 εἰρήνης
1632 3215 1733 3284 τῆς

147 3397 432 3467 ἑκατέρων
457 3397 567 3468 γάρ
593 3396 622 3449 δ
645 3393 713 3468 ἦν
740 3395 975 3468 Χριστὸς
1009 3396 1439 3468 κηρυχθήσεται,
1476 3398 1570 3451 καὶ
1600 3397 1733 3462 Θεὸς

144 3491 173 3542 ό
208 3488 379 3553 αὐτὸς
420 3489 514 3542 καὶ
552 3487 838 3559 ἄνθρωπος
878 3487 1331 3559 γνωρισθήσεται,
1371 3488 1733 3555 αὐτεξουσίως

147 3580 320 3634 θέλων
345 3580 444 3633 καὶ⁵
467 3581 705 3652 ἐνεργῶν
728 3582 757 3633 ό
786 3581 969 3647 αὐτὸς,
1002 3581 1073 3633 τά
1103 3580 1201 3650 μὲν
1232 3583 1298 3651 τῇ
1324 3579 1557 3651 θεότητι,
1584 3581 1652 3634 τά
1675 3581 1733 3635 δὲ

144 3674 208 3742 τῇ
237 3671 652 3742 ἀνθρωπότητι.
695 3670 881 3725 Ταῦτα
930 3672 1029 3742 μὲν
1060 3667 1153 3725 οὖν
1181 3667 1333 3725 εἶπεν
1379 3671 1466 3736 ἂν,
1507 3670 1681 3743 οἶμαι,
1706 3676 1735 3728 ό

148 3762 292 3827 θεῖος
322 3763 496 3826 ὅντως
537 3764 629 3816 καὶ
683 3761 1037 3835 Ἀδραμιαῖος
1069 3764 1275 3825 ἐκεῖνος
1314 3761 1645 3834 πρεσϐύτης,
1686 3763 1740 3817 εῐ

146 3870 226 3917 τις
256 3854 431 3907 αὐτὸν
451 3854 668 3926 διήρετο
694 3855 1069 3927 περὶτούτων.

215 3948 307 4001 19.
354 3944 490 3999 Εἶτα
542 3948 659 4017 μετ’
705 3948 868 4000 αὐτὸν
918 3946 1248 4018 παρίσταται
1294 3947 1387 4000 καὶ
1439 3949 1609 4001 Ἀννα
1655 3944 1735 4018 τῷ

147 4038 464 4108 γράμματι,
495 4038 749 4110 γηραίοις
792 4037 1079 4108 βαδίζουσα
1120 4037 1379 4109 βήμασιν·
1410 4038 1593 4092 ἐκάλει
1623 4036 1734 4107 γὰρ

149 4133 241 4184 καὶ
276 4130 457 4201 αὐτὴν
489 4130 551 4183 τὸ
594 4131 910 4201 μυστήριον,
954 4131 1290 4203 προφητείας
1322 4131 1480 4201 χάριν
1515 4128 1736 4201 πληρώ-

151 4237 371 4275 σουσαν·
405 4222 554 4285 ὅπως
576 4222 671 4275 καὶ
698 4221 835 4292 αὐτὴ
867 4222 1219 4293 προφητικῶς
1244 4224 1630 4294 μαρτυρήσειν,
1655 4222 1734 4286 ὡς

150 4312 418 4383 δγνὼρισε
451 4312 655 4385 Κύριος
678 4312 740 4365 τὸ
764 4314 1027 4384 σωτήριον
1059 4313 1244 4380 αὑτοῦ,
1272 4315 1367 4369 καὶ
1391 4314 1466 4378 ὡς
1492 4313 1732 4368 ἐναντίον

150 4405 252 4460 τῶν
276 4405 453 4458 ὲθνῶν
481 4405 799 4474 ἀπεκάλυψε
832 4406 931 4477 τὴν
964 4406 1313 4478 δικαιοσύνην
1346 4407 1532 4463 αὐτοῦ.
1569 4406 1733 4460 Ἀλλά

152 4496 367 4568 πρῶτον
399 4498 499 4567 μὲν
526 4499 591 4551 ὲκ
613 4499 707 4551 τοῦ
734 4499 1064 4568 Εὑαγγελίου
1100 4499 1419 4570 πυθώμεθα,
1446 4499 1531 4563 τίς
1553 4517 1613 4553 τε
1637 4501 1732 4553 καὶ

152 4592 313 4644 πόθεν
348 4590 488 4661 αὕτη
533 4590 860 4662 καθέστηκε,
902 4593 994 4645 καὶ
1033 4593 1125 4645 ἐπὶ
1159 4593 1329 4656 ποίοις
1367 4594 1460 4646 καὶ
1490 4594 1618 4646 πότε
1651 4593 1730 4663 τῷ
1760 4626 1806 4681 D

155 4683 281 4753 ἱερῷ
302 4682 628 4753 ἐφέστηκεν·
653 4679 807 4747 αὖθίς
832 4700 890 4735 τε
914 4686 1073 4737 ὁποῖα
1098 4684 1300 4751 ἔλεγεν,
1326 4686 1726 4757 ἑρευνήσωμεν.

149 4773 280 4845 Φησὶ
314 4774 429 4844 γάρ
457 4776 484 4827 ό
515 4774 933 4847 εύαγγελιστής·
972 4794 989 4825 ι
1023 4777 1133 4828 Κα)⁸
1161 4772 1229 4846 ἦν
1264 4778 1431 4829 Ἀννα
1461 4777 1731 4847 προφῆτις

152 4863 398 4936 θυγάτηρ
416 4865 659 4936 Φανουὴλ
678 4867 743 4919 ὲκ
763 4866 935 4937 φυλῆς
968 4868 1154 4939 Ἀσήρ·
1186 4866 1323 4938 αὕτη
1358 4868 1731 4939 προϐεὗηκυῖα

152 4956 206 5008 ὲν
242 4959 482 5027 ἡμέραις
514 4958 757 5023 πολλαῖς·
804 4958 1017 5029 ζήσασα
1069 4961 1185 5030 μετ’
1219 4960 1409 5031 ἀνδρὸς
1456 4961 1549 5031 ἔτη
1592 4961 1732 5014 ἑπτά

153 5047 257 5101 ἀπὸ
284 5050 386 5120 τῆς
418 5049 717 5120 παρθενίας
758 5052 947 5120 αὐτῆς·
981 5052 1075 5105 καὶ
1107 5051 1246 5122 αὑτὴ
1288 5054 1432 5123 χήρα
1475 5052 1550 5116 ὡς
1596 5052 1732 5105 ἐτῶν

152 5141 475 5212 ὀγδοήκοντα
495 5143 795 5215 τεσσάρων·
824 5146 865 5215 νή
900 5146 998 5198 ούκ
1023 5146 1285 5216 ἀφίστατο
1312 5146 1419 5200 ἀπὸ
1444 5145 1536 5199 τοῦ
1562 5145 1729 5217 ίεροῦ,

154 5233 427 5302 νηστείαις
460 5235 556 5287 καὶ
578 5235 791 5305 δεήσεσι
818 5235 1157 5307 λατρεύουσα
1181 5238 1351 5291 νύκτα
1378 5239 1471 5290 καὶ
1496 5237 1726 5309 ἡμέραν.

157 5320 260 5374 Καὶ
279 5321 443 5392 αὕτη,
474 5323 613 5394 αὐτῇ
634 5327 701 5395 τῇ
731 5322 847 5395 ὥρᾳ
876 5327 1163 5388 ἐπιστᾶσα,
1195 5326 1625 5397 ἀνθωμολογεῖτο
1655 5325 1730 5397 τῷ

156 5408 357 5481 Κυρίῳ,
395 5412 489 5464 καὶ
527 5412 706 5465 ἐλάλει
742 5414 870 5484 περὶ
904 5414 1070 5466 αὐτοῦ
1106 5417 1239 5469 πᾶσι
1274 5420 1384 5479 τοῖς
1431 5416 1728 5487 προσδεχο-

160 5502 331 5570 μένοις
373 5504 641 5579 λύτρωσιν
679 5509 738 5560 ὲν
778 5507 1151 5579 Ἰερουσαλήμ.
1189 5529 1207 5560 ι
1243 5510 1340 5573 Τίς
1372 5511 1400 5563 ὁ
1438 5508 1595 5579 λόγος
1631 5509 1725 5564 τοῦ

223 5686 264 5716 ⁶¹
300 5684 446 5742 Psal.
481 5701 658 5754 xcvn,
691 5686 744 5742 2.
821 5689 866 5721 "
906 5688 1039 5745 Luc.
1077 5706 1151 5756 ιι,
1187 5690 1375 5745 56-58.

225 5842 332 5914 (54)
372 5842 504 5915 Reg.
535 5843 593 5911 2,
616 5845 1003 5917 διαλογισμῶν.

1845 657 2095 713 centurio
2141 671 2239 726 per
2292 655 2446 725 signa
2498 651 2746 723 :Joseph
2796 657 2850 707 et
2890 647 3240 713 Nicodamus,
3283 646 3417 716 quid

1846 749 2084 819 cogitent
2111 748 2442 803 revelabitur
2467 759 2564 816 per
2598 744 2806 800 funeris
2832 756 3019 798 curam
3054 756 3068 793 :
3096 739 3284 803 Judas,
3322 754 3418 809 per

1846 841 2100 910 laqueum
2136 855 2149 891 :
2181 837 2374 900 Judaei,
2425 853 2524 908 per
2554 835 2841 907 pecuniam
2886 832 3209 887 custodibus
3247 830 3418 884 tradi-

1844 938 1977 985 tam.
2024 928 2092 985 Ut
2137 946 2245 984 uno
2288 930 2456 983 verbo
2488 928 2687 993 dicam,
2734 940 2915 997 pugna
2944 923 3189 994 quadam
3219 923 3325 976 crit
3362 930 3417 976 et

1844 1021 1999 1091 quasi
2024 1020 2221 1076 seditio
2247 1019 2625 1089 oppositarum
2652 1017 3042 1088 cogitationum
3075 1024 3236 1083 atque
3257 1012 3419 1066 ratio-

1844 1110 2151 1175 ciniorum;
2202 1109 2325 1163 aliis
2359 1124 2478 1178 qua:
2507 1107 2764 1162 deitatem
2816 1111 3088 1176 spectant,
3131 1104 3254 1159 aliis
3295 1118 3417 1173 quae

1844 1199 2259 1262 humanitatem,
2306 1199 2694 1269 cogitantibus.
2741 1197 3086 1251 Mirabuntur
3126 1195 3297 1259 enim,
3332 1194 3416 1248 in-

1843 1291 1985 1361 quit,
2013 1306 2136 1345 cum
2164 1289 2426 1345 videbunt
2462 1305 2586 1345 eum
2620 1290 2756 1359 pati,
2782 1289 2837 1343 in
2869 1303 3042 1358 agone
3068 1303 3211 1351 esse,
3242 1285 3413 1342 sudo-

1842 1385 1920 1439 ris
1954 1392 2137 1454 guttas
2171 1384 2439 1448 emittere,
2493 1382 2731 1452 itemque
2776 1395 2974 1451 pavere
3019 1394 3083 1434 ac
3133 1378 3414 1449 deprecari

1845 1477 2175 1547 passionem.
2228 1473 2332 1529 Ubi
2379 1488 2510 1529 vero
2553 1489 2738 1529 secum
2785 1471 3137 1542 reputabunt,
3170 1480 3415 1526 mortuos

1842 1568 2235 1631 resurrexisse,
2272 1581 2450 1621 caecos
2480 1567 2657 1621 visum
2686 1564 2983 1633 recepisse,
3014 1552 3307 1617 mundatos
3336 1561 3417 1615 le-

1841 1674 2055 1730 prosos,
2102 1658 2317 1729 fugatos
2363 1657 2592 1729 spiritus
2626 1656 2937 1726 -malignos,
2993 1655 3415 1722 universamque

1841 1752 2003 1805 aliam
2058 1750 2179 1820 ejus
2248 1750 2527 1819 signorum
2584 1746 3011 1812 multitudinem,
3046 1745 3413 1808 mirabuntur,

1842 1851 2189 1913 mentemque
2242 1843 2385 1896 ultro
2429 1842 2677 1911 citroque
2719 1840 3069 1893 ﬂuctuantem
3115 1837 3413 1901 habebunt,

1840 1934 2088 1990 videntes
2116 1936 2230 1989 haec
2270 1933 2497 1987 minime
2527 1947 2651 1987 cum
2701 1931 2980 2002 prioribus
3007 1931 3320 1985 consentire
3350 1942 3416 1983 ac

1840 2041 2159 2096 congruere.
2184 2024 2527 2079 Mirabuntur
2552 2023 2702 2086 item,
2727 2021 2821 2093 qui
2850 2030 3010 2076 terra:
3035 2031 3239 2075 motum
3265 2020 3417 2076 vide-

1842 2118 1998 2182 bunt,
2034 2124 2359 2187 noctemque
2395 2115 2449 2169 in
2476 2114 2563 2169 die
2606 2114 2999 2184 obtingentem,
3045 2114 3279 2169 scissum
3321 2126 3418 2167 ve-

1839 2209 1999 2273 lum,
2059 2208 2309 2279 diruptas
2375 2215 2591 2277 petras;
2653 2207 2988 2277 insuperque
3060 2211 3415 2259 monumenta

1840 2310 2049 2373 aperta,
2103 2314 2167 2355 ac
2204 2308 2549 2354 mortuorum
2599 2298 3077 2353 resurrectionem.
3131 2296 3415 2351 Mirabun-

1841 2398 1950 2457 tur,
1983 2390 2149 2445 corde
2175 2389 2586 2459 obstupescent,
2612 2395 2776 2458 atque
2813 2388 2881 2443 ad
2920 2387 3089 2441 imum
3120 2387 3418 2442 dubitatio-

1839 2483 1928 2538 nis
1975 2483 2377 2552 demergentur,
2437 2496 2563 2535 cum
2597 2480 2873 2535 hominem
2907 2494 3232 2550 suspensum
3289 2494 3414 2534 cer-

1839 2582 2004 2641 nent;
2063 2572 2361 2642 Deumque,
2411 2580 2563 2627 tanta
2614 2573 2769 2643 signa
2802 2579 3116 2641 operantem
3161 2586 3224 2626 ac
3253 2568 3417 2639 perii-

1840 2666 2092 2721 cientem.
2127 2666 2205 2719 lta
2237 2666 2628 2720 revelabuntur
2660 2680 2727 2719 ex
2758 2664 2946 2717 multis
2973 2662 3234 2717 cordibus
3264 2662 3417 2733 cogi-

1839 2758 2098 2820 tationes,
2130 2757 2407 2821 aliishaec,
2442 2758 2566 2812 aliis
2615 2757 2705 2810 illa
2736 2756 3123 2826 cogitantibus.
3159 2754 3417 2810 Attamen

1839 2850 2028 2906 isthaac
2084 2850 2477 2920 cogitationum
2552 2862 2773 2919 pugna,
2831 2847 3071 2910 seditio,
3115 2844 3411 2909 confusio,

1839 2943 2218 3007 contradictio,
2250 2958 2431 2997 rerum
2457 2943 2728 3013 oppositio
2752 2959 2766 3008 ;
2789 2955 3058 3011 supremae
3082 2937 3411 3003 concordia,

1838 3035 2216 3092 consensionis
2256 3049 2319 3089 ac
2352 3035 2503 3105 pacis
2532 3049 2717 3099 causa,
2770 3032 3028 3088 Ecclesia:
3062 3031 3245 3085 futura
3275 3036 3360 3084 est
3394 3046 3412 3097 ;

1837 3145 1903 3185 ex
1936 3130 2185 3199 utrisque
2215 3129 2360 3185 enim
2395 3127 2784 3198 praedicabitur
2812 3125 2942 3196 quid
2981 3133 3097 3179 erat
3124 3122 3409 3178 Christus:

147 3214 374 3279 τὲθεσις,
415 3214 669 3283 ὁμονοίας
710 3214 805 3267 καὶ
851 3215 1189 3284 συμφωνίας,
1238 3216 1331 3269 καὶ
1374 3216 1597 3286 εἰρήνης
1632 3215 1733 3284 τῆς

147 3307 413 3359 ἀνωτάτω
456 3308 522 3376 τῇ
588 3305 882 3376 Ἐκκλησία
935 3306 1264 3376 χρηματίσει
1314 3306 1624 3376 παραίτιος·
1664 3306 1731 3359 δι’

1839 3222 2092 3291 idemque
2146 3220 2291 3276 Deus
2345 3226 2400 3275 et
2436 3220 2599 3273 homo
2648 3217 2823 3272 fuisse
2876 3222 3267 3286 cognosci-tur,
3317 3211 3518 3297 (μιν

1839 3314 1955 3376 ipse
1986 3329 2127 3368 unus
2162 3314 2335 3368 libero
2367 3327 2469 3367 suo
2512 3310 2744 3365 arbitrio
2771 3309 2937 3365 vellet
2983 3318 3036 3364 et
3066 3315 3410 3376 Operaretur,

334 3323 413 3358 τω
456 3309 522 3376 τῇ
588 3309 882 3377 Ἐκκλησία
935 3309 1264 3376 χρηματίσει
1314 3309 1624 3377 παραίτιος·
1664 3309 1731 3359 δι’
1760 3309 1801 3332 “

1836 3314 1955 3384 ipse
1986 3329 2127 3368 unus
2162 3314 2335 3368 libero
2367 3327 2469 3367 suo
2512 3310 2744 3365 arbitrio
2771 3309 2937 3365 vellet
2983 3318 3036 3364 et
3066 3315 3410 3378 Operaretur,

1835 3405 1950 3461 haec
2003 3404 2303 3462 secundum
2355 3403 2613 3459 deitatem
2650 3443 2665 3467 ,
2714 3402 2806 3456 illa
2866 3398 3167 3456 secundum
3218 3399 3415 3453 huma-

1835 3498 2080 3551 nitatem.
2138 3493 2263 3549 Hzec
2335 3501 2467 3564 puto
2532 3491 2781 3546 dicturus
2833 3497 2950 3545 erat
3014 3488 3413 3543 Abrahamicus

1834 3589 1924 3643 ille
1963 3603 2150 3651 senex,
2190 3586 2237 3643 si
2280 3589 2404 3659 quis
2448 3600 2571 3641 eum
2615 3583 2702 3638 bis
2731 3583 2799 3637 de
2842 3581 3006 3637 rebus
3057 3585 3413 3651 percontatus

1834 3684 2001 3734 esset.

1905 3936 1994 3993 i9.
2025 3935 2154 3991 Post
2182 3933 2334 3988 illum
2370 3932 2428 3987 in
2457 3930 2743 4001 Scriptura
2777 3929 2933 4007 Anna
2960 3927 3198 3991 sistitur,
3245 3925 3409 3982 senili

1833 4046 2024 4104 gressu
2052 4027 2312 4084 incedens
2338 4042 2350 4079 :
2376 4041 2500 4081 nam
2520 4018 2778 4096 et‘ipsam
2808 4022 3130 4096 mysterium
3154 4019 3407 4087 vocabat,

1832 4123 2131 4195 prophetiae
2182 4120 2414 4191 gratiam
2466 4126 2630 4188 atque
2684 4132 2885 4171 munus
2936 4117 3316 4186 impleturam;
3350 4120 3413 4167 ut

1833 4216 1951 4285 ipsa
1980 4228 2199 4286 quoque
2225 4211 2540 4283 pr0pbetice
2575 4208 2965 4264 testiﬁcaretur
3012 4206 3159 4274 quod
3217 4214 3410 4261 notum

1832 4308 2055 4363 fecisset
2099 4306 2365 4359 Dominus
2393 4303 2634 4360 salutare
2667 4317 2850 4366 suum,
2903 4308 2959 4356 et
3005 4300 3061 4354 in
3110 4306 3412 4367 conspectu

1831 4399 2071 4471 gentium
2104 4398 2401 4453 revelasset
2427 4395 2699 4465 justitiam
2735 4408 2891 4447 suam
2935 4392 3002 4447 “.
3031 4394 3102 4444 At
3127 4406 3193 4445 ex
3232 4388 3415 4443 Evan-

1831 4492 1973 4563 gelio
2020 4492 2259 4562 primum
2317 4490 2666 4545 sciscitemur
2715 4500 2966 4557 quaenam
3000 4484 3115 4545 haec
3169 4491 3222 4539 et
3256 4482 3412 4551 cujas

1833 4590 2000 4647 esset,
2036 4598 2145 4654 qua
2176 4582 2241 4637 de
2264 4597 2433 4636 causa
2459 4588 2513 4636 et
2534 4579 2755 4650 quando
2778 4578 2988 4633 venerit
3017 4579 3072 4631 in
3104 4575 3365 4645 templum
3391 4587 3406 4625 :

1833 4691 1899 4731 ac
1948 4691 2167 4730 rursum
2227 4690 2348 4744 qua:
2404 4674 2603 4727 dixerit
2654 4681 3059 4741 percontemur.
3122 4668 3211 4722 Ait
3264 4667 3409 4721 enim

1833 4767 2171 4837 evangelista
2205 4786 2218 4821 :
2258 4783 2277 4817 ι
2321 4765 2385 4819 Ει
2423 4771 2539 4820 erat
2563 4764 2718 4817 Anna
2754 4762 3100 4833 prophetissa
3132 4758 3240 4811 tilia
3268 4755 3412 4809 Pba-

1832 4859 1984 4920 nuel,
2041 4858 2109 4913 de
2156 4858 2298 4911 tribu
2346 4857 2525 4911 Aser:
2568 4856 2682 4910 haec
2729 4860 3072 4924 processerat
3105 4852 3159 4905 in
3215 4849 3411 4904 diebus

1834 4950 2045 5014 multis,
2099 4962 2151 5004 et
2188 4950 2397 5003 vixerat
2430 4963 2556 5003 cum
2612 4948 2734 5001 viro
2788 4960 2889 5001 suo
2934 4944 3092 4998 annis
3140 4949 3345 5011 septem
3379 4952 3410 4992 a

1834 5044 2150 5113 virginitate
2178 5057 2277 5097 sua
2314 5056 2328 5093 :
2355 5049 2409 5096 et
2442 5041 2557 5095 haec
2588 5038 2753 5092 vidua
2786 5038 2933 5092 velut
2962 5047 3230 5088 annorum
3254 5036 3411 5084 octo-

1836 5142 1984 5211 ginta
2015 5149 2288 5210 quatuor;
2321 5152 2441 5205 quze
2486 5150 2595 5190 non
2625 5131 2943 5189 discedebat
2971 5128 3038 5183 de
3076 5124 3299 5194 templo,
3328 5122 3411 5189 je-

1832 5230 2004 5302 juniis
2035 5238 2088 5284 et
2131 5228 2608 5284 obsecrationibus
2652 5225 2899 5280 serviens
2930 5230 3089 5275 nocte
3114 5233 3177 5272 ac
3201 5216 3309 5270 die.
3346 5212 3411 5267 Et

1834 5323 1972 5385 haec,
2007 5322 2123 5389 ipsa
2158 5320 2292 5374 hora
2324 5318 2735 5389 superveniens,
2768 5313 3016 5369 vicissim
3048 5307 3411 5365 conﬁtebatur

1833 5413 2086 5481 Domino,
2114 5423 2169 5470 et
2197 5415 2523 5485 loquebatur
2549 5413 2616 5470 de
2647 5412 2741 5466 illo
2771 5409 3029 5465 omnibus
3083 5404 3176 5475 qui
3214 5413 3411 5468 exspe-

1833 5511 2053 5566 ctabant
2115 5509 2544 5581 redemptionem
2622 5506 2679 5561 in
2735 5501 3038 5561 Jerusalem
3089 5499 3155 5551 “.
3210 5514 3229 5547 ι
3267 5487 3410 5559 Quid
