4022 6382
1687 334 1745 390 S.
1786 330 2251 389 ATHANASlUS.
2286 366 2354 376 —
2396 332 2676 390 SPURIA.

3688 324 3806 383 tooo

562 469 746 511 causa!
773 460 859 511 est
886 452 1030 523 quod
1054 452 1190 508 adeo
1218 456 1533 506 accuratam
1561 447 1898 518 evangelista
1945 446 2135 502 fecerit

2240 448 2498 521 τοιαύτην
2542 448 2745 519 ἀκριϐῆ
2798 450 2930 520 περὶ
2976 446 3079 518 τῆς
3126 444 3462 518 προφήτιδος
3503 441 3714 513 ταύτης
3740 443 3809 495 τὸν

563 546 731 616 hujus
766 546 1132 618 .pr0phetissae
1177 542 1586 605 narrationem;
1631 548 1693 595 ut
1728 549 1785 596 et
1844 551 2054 612 patrem
2084 549 2140 595 et

562 637 823 692 familiam
856 637 973 705 ejus
1004 634 1410 698 memoraverit,
1446 634 1592 705 quod
1628 634 1717 687 vix
1762 633 1829 689 de
1860 634 1968 688 alio
2000 648 2140 703 quo-

561 743 724 797 quam
756 727 1102 797 reperiatur?
1122 726 1265 782 Sane
1282 735 1487 780 certam
1516 726 1750 796 hujusce
1777 727 1858 780 rei
1885 741 2138 789 causam,

559 824 713 875 solus
780 820 988 874 noverit
1056 828 1376 873 sanctorum
1440 817 1628 884 Deus,
1692 819 1841 888 iique
1908 818 2003 889 qui
2072 832 2141 873 ex

556 912 677 980 ejus
713 910 949 981 Spiritus
990 912 1256 966 instinctu
1291 912 1613 980 loquuntur,
1647 910 1904 982 mysteria
1934 908 2138 974 edocti,

550 1002 707 1071 juxta
748 1002 997 1057 divinum
1039 1002 1389 1073 Apostolum.
1439 1001 1566 1057 Haec
1612 1018 1793 1075 porro,
1819 1002 2141 1074 prOphetica

552 1093 713 1165 365
731 1092 945 1165 fulgens
957 1096 1156 1166 gratia,
1175 1095 1242 1150 iis
1273 1095 1368 1166 qui
1398 1094 1454 1150 in
1476 1094 1780 1151 Jerusalem
1804 1094 2139 1163 redemptio-

551 1202 676 1240 nem
691 1188 1085 1257 exspectabant
1108 1227 1123 1249 ,
1145 1202 1175 1240 a
1196 1186 1305 1242 Deo
1322 1187 1505 1242 datam
1528 1186 1787 1243 afferebat
1806 1186 2142 1241 consolatio-

551 1293 697 1344 nem,
742 1293 866 1333 cum
902 1280 1129 1343 diceret,
1174 1279 1423 1334 universi
1468 1278 1758 1334 advenisse
1811 1275 2143 1347 Redempto-

548 1385 690 1433 rem,
715 1371 1072 1440 omniumque
1102 1368 1443 1425 Salvatorem
1468 1369 1687 1425 venisse
1713 1377 1767 1424 et
1796 1369 2140 1439 apparuisse,

549 1473 705 1515 suam
742 1462 1152 1532 redempturum
1214 1461 1509 1532 imaginem
1534 1500 1550 1526 ,
1600 1461 1962 1540 liberaturum
1996 1460 2141 1531 quod

549 1552 873 1608 condiderat
923 1553 1225 1624 opificium.
1283 1552 1496 1625 Idcirco
1542 1554 1690 1609 enim
1746 1553 2001 1609 Christus
2049 1552 2143 1609 Je-

549 1659 649 1701 sus
681 1653 933 1711 vocatur,
981 1645 1254 1717 siquidem
1302 1644 1466 1702 Jesus
1522 1644 1777 1700 Salvator
1805 1646 2139 1717 interpreta-

551 1747 667 1793 tur.

2238 540 2633 612 εὐαγγελιστὴν
2688 539 3019 610 ποιήσασθαι
3068 538 3170 609 τὴν
3220 538 3529 609 ἀφήγησιν·
3564 532 3706 587 ὥστε
3736 537 3809 587 καὶ

2237 632 2332 688 τοῦ
2350 632 2557 705 ταύτης
2581 632 2785 704 πατρὸς
2806 630 3020 701 καὶτῆς
3045 628 3218 700 φυλῆς
3243 627 3674 699 ἐπιμνησθῆναι,
3697 626 3809 696 ὅπερ

2238 726 2325 780 ἐπ’
2348 726 2522 780 οὐδενὶ
2548 726 2721 798 ἑτέρῳ
2745 723 2928 795 σχεδὸν
2955 721 3212 794 εὖρηται;
3234 721 3339 773 Τὸν
3367 720 3468 791 μὲν
3489 719 3625 789 περὶ
3644 716 3807 769 τούτου

2238 818 2444 893 ἀκριϐῆ
2468 818 2626 888 λόγον
2652 819 2813 889 μόνος
2838 816 2904 870 ἂν
2926 816 3092 886 εἰδείη
3118 814 3281 877 αὐτὸς
3300 815 3328 866 6
3348 811 3459 865 τῶν
3482 811 3659 880 ἁγίων
3679 809 3807 873 Θεὸς,

2239 913 2335 968 καὶ
2359 914 2409 966 οἰ
2438 915 2504 984 τῇ
2529 910 2695 965 αὑτοῦ
2721 909 2956 981 ἐμπνοίᾳ
2978 907 3294 978 Πνεύματος
3318 904 3435 976 (55)
3461 903 3670 968 λαλεῖν,
3693 904 3808 957 κατὰ

2239 1005 2331 1059 τὸν
2362 1004 2502 1058 θεῖον
2518 1001 2866 1066 Ἀπόστολον,
2890 999 3256 1070 δεδιδαγμένοι
3287 998 3591 1068 μυστήρια·
3617 996 3808 1068 αύτὴῶ

2240 1100 2552 1170 προφητικῇ
2583 1096 2962 1166 διαλάμπουσα
2994 1094 3198 1164 χάριτι,
3223 1094 3336 1155 τοῖς
3366 1088 3809 1162 προσδεχομένοις

2241 1193 2299 1244 ἐν
2313 1192 2380 1244 Ἰε
2386 1209 2477 1263 ρου
2484 1190 2616 1261 σαλὴ
2622 1208 2661 1261 μ
2675 1188 2945 1261 λύτρωσιν
2955 1183 3371 1258 (56),θεόσδοτον
3388 1180 3654 1250 ἐνεγέννα
3666 1181 3811 1252 παρὰ·

2241 1287 2451 1358 κλησιν’
2473 1286 2555 1338 ὅτι
2574 1286 2603 1338 6
2622 1284 2714 1338 τοῦ
2733 1281 2933 1344 παντὸς
2957 1279 3272 1351 Λυτρωτὴς,
3289 1276 3554 1345 λέγουσα,
3582 1273 3808 1346 παραγέ-

2241 1394 2388 1447 γονε,
2413 1377 2507 1431 καὶ
2528 1376 2636 1430 τῶν
2658 1376 2875 1430 πάντων
2898 1376 2928 1427 6
2944 1373 3137 1445 Σωτὴρ
3150 1368 3280 1442 ἦλθε
3302 1369 3400 1425 καὶ
3418 1368 3806 1439 πεφανέρωται,

2238 1471 2339 1543 τὴν
2367 1466 2502 1524 ἰδίαν
2524 1470 2709 1524 εἰκόνα
2724 1466 3053 1540 λυτροῦσθαι
3072 1464 3420 1536 βουλόμενος,
3444 1464 3543 1518 καὶ
3559 1461 3747 1527 σώζειν
3763 1460 3812 1513 τὸ

2241 1564 2467 1635 πλάσμα
2500 1562 2689 1627 θέλων,
2739 1560 2770 1614 ὃ
2817 1560 3039 1615 ἔπλασε.
3073 1556 3173 1611 Διὰ
3201 1556 3365 1611 τοῦτο
3391 1556 3504 1629 γάρ
3538 1558 3570 1610 6
3599 1554 3811 1628 Χριστὸς

2254 1656 2460 1728 Ἰησοῦς
2478 1654 2823 1727 ὀνομάζεται,
2856 1651 3045 1722 ἐπειδὴ
3073 1651 3166 1705 καὶ
3192 1649 3388 1722 Σωτὴρ
3422 1651 3453 1703 6
3495 1648 3709 1721 Ἰησοῦς
3737 1648 3812 1720 ἐρ-

2244 1746 2559 1821 μηνεύεται.

621 1830 714 1886 20.
740 1829 839 1887 His
870 1829 1128 1886 omnibus
1159 1830 1233 1884 ita
1265 1831 1456 1901 gestis,
1493 1830 1570 1885 ita
1598 1828 1920 1895 euuntiatis,
1945 1829 2135 1886 obstu-

2305 1840 2395 1895 20.
2439 1839 2658 1893 Τούτων
2690 1836 2747 1890 δὲ
2776 1837 2995 1892 πάντων
3026 1833 3327 1907 γινομένων
3353 1835 3472 1897 τοῖς
3511 1833 3810 1905 πράγμασι,

550 1922 811 1993 poscebat
827 1921 920 1977 Dei
939 1930 1113 1977 mater
1131 1921 1321 1984 Maria,
1340 1930 1394 1976 et
1411 1920 1715 1976 mirabatur
1744 1923 1838 1993 qui
1866 1938 1975 1976 una
2004 1921 2135 1980 ade-

2237 1935 2331 1988 καὶ
2356 1931 2665 2003 λεγομένων
2694 1932 2807 1992 τοῖς
2838 1928 3097 2000 ῥήμασιν,
3119 1928 3153 1997 ἥ
3180 1943 3242 1980 τε
3271 1925 3577 1996 Θεομήτωρ
3597 1923 3813 1994 Μαριὰμ

548 2023 637 2069 rat
662 2014 884 2084 Ioseph.
931 2015 1174 2085 Impletis
1214 2025 1400 2069 tamen
1438 2013 1506 2069 iis
1539 2030 1660 2085 qua:
1698 2014 1816 2086 lege
1861 2023 2135 2086 praecepta

544 2112 735 2173 erant;
768 2104 1035 2178 siquidem
1062 2104 1284 2160 advenit
1317 2104 1577 2161 Christus
1606 2107 1790 2161 omnia
1821 2123 1945 2178 qua:
1996 2106 2135 2178 legis

545 2206 676 2252 sunt
708 2198 1056 2268 impleturus,
1088 2213 1153 2253 ac
1184 2198 1346 2254 finem
1381 2199 1517 2271 legis
1542 2200 1830 2270 praeceptis
1861 2200 2130 2266 daturus;

546 2289 603 2343 in
634 2287 869 2345 Nazaret
895 2291 1218 2357 remigrant,
1246 2290 1337 2345 ubi
1369 2306 1399 2344 a
1427 2289 1681 2346 Gabriele
1711 2289 1952 2346 faustum
1993 2307 2136 2347 nun-

543 2380 680 2434 tium
709 2389 999 2451 acceperat
1031 2397 1096 2438 ea
1137 2398 1259 2454 qua:
1297 2380 1643 2437 Salvatorem
1680 2382 1890 2437 mundo
1921 2384 2133 2453 genuit,

539 2487 773 2544 quaeque
802 2473 922 2531 sine
954 2475 1162 2530 semine
1190 2473 1555 2545 concipiendo
1593 2488 1884 2544 praegnans
1919 2473 2046 2539 fuit,
2082 2484 2138 2529 et

428 2544 533 2601 ί
540 2564 697 2635 virgo
741 2575 866 2635 post
903 2574 1121 2635 partum
1152 2566 1377 2629 mansit,
1416 2564 1846 2635 videntibusque
1875 2565 2136 2622 omnibus

540 2657 784 2713 ostendit
836 2665 1024 2711 notum
1074 2657 1281 2712 factum
1315 2672 1441 2712 esse
1473 2657 1716 2711 salutare
1764 2655 1882 2724 Dei,
1923 2658 2137 2713 lumen-

542 2765 651 2819 que
703 2748 962 2819 gentibus
1010 2748 1291 2815 illuxisse;
1328 2746 1423 2802 Dei
1459 2747 1591 2802 item
1622 2747 1897 2817 justitiam
1938 2763 2003 2802 ac
2049 2764 2138 2804 re-

541 2826 911 2913 deruptionem
946 2840 1004 2895 in
1033 2840 1293 2895 omnibus
1334 2847 1498 2895 terra:
1523 2838 1725 2895 finibus
1754 2841 2076 2910 apparuisse
2104 2856 2120 2905 ;

541 2950 609 2991 ac
637 2943 908 3008 quotquot
943 2940 1271 3004 receperunt
1303 2948 1453 3001 eum,
1498 2933 1672 3005 gloria
1713 2933 1901 2988 divina
1931 2934 2137 3003 pariter

544 3042 610 3082 ac
626 3029 960 3098 sempiterna
979 3025 1252 3092 induisse,
1276 3023 1538 3084 fluxionis
1562 3025 1726 3081 simul
1747 3039 1813 3080 ac
1832 3027 2137 3097 corruptio-

446 3148 459 3158 ι
534 3136 636 3185 ωε
677 3136 889 3178 1185012.

617 3308 708 3364 2t.
734 3306 847 3364 Nos
878 3316 1083 3374 autem,
1124 3321 1159 3362 ο
1201 3305 1686 3374 desideratissimi,
1715 3306 1945 3379 perinde
1964 3316 2131 3378 atque

544 3402 649 3467 illi,
681 3400 905 3456 Christo
961 3401 1070 3457 Deo
1125 3414 1510 3465 occurramus,
1549 3400 1969 3470 temperantiam
1997 3399 2130 3456 affe-

543 3499 751 3555 rentes,
771 3475 1082 3547 castitatem
1103 3498 1405 3562 gestantes,
1420 3491 1792 3546 innocentiam
1815 3489 2129 3556 offerentes,

540 3585 872 3656 injuriarum
895 3585 1227 3641 oblivionem
1252 3585 1600 3653 exhibentes,
1632 3600 1663 3639 a
1692 3584 2132 3641 distrahentibus

542 3677 696 3734 curis
745 3693 847 3733 nos
900 3685 1272 3749 segregantes,
1327 3692 1397 3733 ac
1444 3676 1556 3734 Deo
1609 3694 1781 3749 puros
1815 3677 2130 3742 offerentes,

540 3785 757 3825 morum
797 3770 1076 3825 lenitatem
1111 3779 1386 3842 gerentes,
1435 3772 1914 3827 mansuetudinem
1969 3778 2135 3842 atque

541 3864 868 3918 charitatem
915 3871 1164 3919 mutuam
1211 3864 1471 3921 omnibus
1502 3865 1846 3921 exhibentes.
1902 3864 1988 3920 Ad
2020 3865 2135 3920 haec

541 3957 723 4023 omnia
781 3957 1318 4012 commiserationem
1362 3948 1433 4011 'in
1486 3957 1775 4015 universos
1829 3958 2130 4025 habentes;

542 4057 707 4117 atque
735 4063 801 4102 ex
833 4048 1247 4103 commiseranti
1290 4047 1475 4102 animo
1514 4050 1956 4105 miscricordiam
1989 4066 2135 4106 sem-

540 4150 638 4205 per
674 4137 834 4205 quasi
888 4137 1277 4199 scaturientes,
1312 4137 1388 4190 ita
1442 4136 1794 4193 accedentem
1851 4139 2133 4194 Christum

541 4224 915 4294 excipiamus;
949 4226 1022 4279 ita
1052 4226 1338 4281 Christqu
1364 4227 1419 4282 in
1440 4228 1622 4293 ulnas,
1651 4236 1714 4283 ut
1746 4229 1918 4285 Deum
1949 4229 2130 4297 decet,

544 4315 936 4384 suscipiamus,
987 4325 1153 4387 atque
1207 4317 1456 4373 vicissim
1504 4320 1840 4391 propheticis
1876 4324 2135 4378 confitea-

545 4420 672 4460 mur
715 4406 918 4468 verbis,
966 4408 1315 4465 celebrantes
1356 4409 1479 4478 ejus
1514 4409 1582 4464 ad
1626 4425 1730 4465 nos
1763 4410 2072 4480 profectum
2114 4434 2130 4470 :

2157 3176 2205 3240 ο

2236 2026 2524 2097 ἐξενίζετο,
2576 2024 2672 2078 καὶ
2711 2023 2739 2075 6
2790 2019 3094 2091 συμπαρὼν
3152 2017 3350 2089 Ἰωσὴφ
3408 2014 3807 2086 ἀπεθαύμαζεν.

2239 2120 2426 2190 Ὅμως
2465 2118 2533 2172 τὰ
2574 2113 2869 2185 δεδογμένα
2904 2111 3223 2174 τελέσαντες
3267 2109 3346 2181 τῷ
3374 2110 3551 2181 νόμῳ,
3599 2108 3810 2178 ἐπείπερ

2236 2212 2451 2267 ἅπαντα
2464 2212 2556 2265 τοῦ
2574 2212 2738 2283 νόμου
2760 2207 2998 2281 πληροῦν
3014 2210 3043 2261 6
3063 2204 3299 2277 Χριστὸς
3319 2222 3397 2257 πα
3405 2203 3674 2275 ραγέγονε
3692 2200 3808 2271 (5Ἱ),

2235 2304 2330 2356 καὶ
2356 2302 2664 2357 ἀνάπαυσιν
2696 2301 2897 2355 διδόναι
2919 2302 3034 2360 τοῖς
3061 2295 3155 2349 τοῦ
3184 2295 3351 2365 νόμου
3386 2294 3808 2364 προστάγμασιν,

2234 2397 2317 2457 εἰς
2340 2394 2593 2466 Ναζαρὲτ
2628 2394 3017 2465 ἐπανέρχονται
3036 2407 3050 2421 ’
3079 2389 3206 2442 ἔνθα
3230 2388 3325 2442 καὶ
3355 2386 3499 2457 πρὸς
3531 2384 3628 2439 τοῦ
3662 2384 3809 2453 ἀγγέ-

2235 2485 2328 2539 λου
2356 2486 2595 2558 Γαϐριὴλ
2622 2484 3018 2555 εὐηγγελίσατο
3043 2484 3077 2554 ἡ
3116 2481 3210 2533 τὸν
3239 2480 3475 2549 Σωτῆρα
3512 2478 3595 2549 τῷ
3639 2478 3810 2548 κόσμῳ

2234 2579 2563 2647 γεννήσασα,
2622 2576 2682 2642 ἐξ
2727 2575 2967 2647 ἀσπόρου
3028 2574 3125 2645 μὲν
3183 2570 3503 2642 συλλήψεως
3554 2570 3807 2639 κυήσασα,

2237 2668 2503 2740 παρθένος
2541 2668 2599 2722 δὲ
2654 2666 2793 2739 μετά
2831 2666 3084 2736 γέννησιν
3120 2663 3373 2736 μείνασα,
3416 2661 3516 2715 καὶ
3559 2661 3694 2713 πᾶσι
3721 2657 3808 2709 δει-

2236 2761 2472 2816 κνύουσα
2511 2765 2623 2825 τοῖς
2662 2761 2971 2832 βλέπουσιν,
3011 2758 3088 2821 ὡς
3116 2754 3423 2826 ἐγνωρίσθη
3452 2753 3593 2807 Θεοῦ
3623 2755 3680 2805 τὸ
3712 2749 3807 2803 Σω-

2235 2856 2442 2926 τήριον,
2474 2854 2568 2908 καὶ
2592 2854 2653 2907 τὸ
2675 2853 2788 2923 φῶς
2818 2854 2930 2914 τοίς
2958 2850 3168 2903 ἔθνεσιν
3192 2847 3430 2918 ἔλαμψεο
3463 2845 3563 2899 καὶ
3594 2844 3667 2907 ώς
3694 2837 3806 2895 Θεοῦ

2235 2941 2550 3013 δικαιοσύνη
2590 2942 2685 2995 καὶ
2738 2940 3008 3013 λύτρωσις
3063 2940 3201 2992 πᾶσι
3246 2938 3349 3008 τῆς
3375 2937 3478 3007 γῆς
3514 2936 3687 3004 ἐφάνη
3712 2933 3807 2993 toi;

2238 3031 2476 3103 πέρασι·
2509 3034 2603 3086 καὶ
2639 3031 2797 3099 δόξαν
2829 3032 2955 3095 τοὺς
2991 3028 3348 3099 δεδεγμένους
3381 3026 3603 3080 ἐνέδυσε
3643 3022 3807 3093 θεῖκην

2237 3125 2372 3198 ὁμοῦ
2407 3126 2501 3179 καὶ
2525 3125 2716 3192 ἀΐδιον,
2744 3125 2836 3179 κα)⁹
2868 3122 3053 3197 ρεῦσιν
3086 3122 3181 3176 καὶ
3208 3118 3416 3192 φθορὰν
3439 3119 3503 3173 ού
3536 3116 3811 3188 γινώσκου-

2235 3234 2357 3272 σαν.

2302 3308 2392 3361 21.
2438 3308 2629 3379 Ἡμεῖς
2671 3309 2749 3373 δὲ,
2785 3304 2831 3361 ὦ
2874 3307 3268 3369 ποθεινότατοι,
3305 3305 3563 3379 καθάπερ
3610 3306 3808 3365 ἐκεῖνοι,

2231 3397 2376 3453 οὕτω
2415 3398 2639 3470 Χριστῷ
2684 3398 2761 3470 τῷ
2804 3398 2922 3469 Θεῷ
2967 3398 3411 3469 συναντήσωμεν,
3474 3394 3809 3467 σωφροσύνην

2233 3491 2573 3563 κομίζοντες,
2619 3493 2840 3562 ἁγνείαν
2884 3490 3266 3562 βαστάζοντες,
3315 3489 3558 3544 ἀκακίαν
3592 3484 3808 3559 προσφέ-

2236 3600 2443 3656 ροντες,
2480 3584 2788 3655 ἀμνηστίαν
2827 3584 3208 3655 ἐμφαίνοντες,
3261 3581 3666 3653 περισπασμῶν
3704 3580 3809 3631 ἐαυ-

2232 3678 2359 3740 τοὺς
2397 3674 2776 3747 ἀφορίζοντες,
2813 3677 2904 3729 καὶ
2950 3674 3070 3744 Θεῷ
3112 3673 3390 3745 καθαροὺς
3433 3670 3810 3745 προσκομίζον-

2233 3785 2345 3833 τες,
2373 3768 2594 3840 τρόπων
2625 3769 2941 3840 ἡμερότητα
2970 3766 3248 3838 φέροντες,
3290 3768 3387 3821 καὶ
3406 3766 3468 3821 τὸ
3500 3767 3640 3838 πρὸς
3664 3767 3810 3820 ἀπαν-

2233 3879 2332 3926 τας
2361 3864 2633 3934 προσηνὲς
2663 3863 2759 3916 καὶ
2784 3859 3113 3931 φιλάλληλον
3146 3860 3382 3930 ἔχοντες.
3411 3859 3525 3914 Καὶ
3551 3858 3685 3931 πρὸς
3705 3854 3810 3910 τούο

2234 3970 2347 4018 τοις
2371 3953 2545 4007 ἅπασι
2570 3953 2669 4023 τὴν
2697 3953 2834 4025 πρὸς
2856 3953 3066 4015 πάντας
3094 3950 3438 4021 συμπάθειαν
3464 3952 3701 4020 ἄγοντες,
3727 3947 3810 3999 καὶ

2233 4045 2325 4099 τὸν
2351 4048 2416 4098 ἐκ
2440 4044 2619 4116 ψυχῆς
2645 4042 2969 4113 συμπαθοῦς
2993 4044 3081 4096 ἀεὶ
3108 4044 3514 4114 προερχόμενον
3536 4043 3680 4096 ἔλεον
3708 4037 3810 4112 βλύ-

2236 4137 2442 4203 ζοντες,
2492 4137 2635 4191 οὕτω
2686 4136 2926 4209 Χριστὸν
2970 4136 3265 4208 προσιόντα
3316 4134 3631 4206 δεξώμεθα·
3684 4132 3811 4186 οὕτω

2234 4230 2471 4304 Χριστὸν
2524 4229 2912 4300 εἰσοικίσωμεν
2940 4245 2956 4260 ο
3019 4225 3163 4281 οὕτω
3212 4226 3451 4297 Χριστὸν
3512 4221 3811 4303 θεοπρεπιῖξς

2235 4319 2744 4391 ἐναγκαλισώμεθα,
2768 4320 2863 4373 καὶ
2887 4320 3244 4391 προφητικῶς
3265 4311 3813 4387 ἀνθομολογησώμεθα

2238 4416 2465 4485 ῥήμασι,
2492 4412 2590 4484 τὴν
2624 4410 2794 4464 αὐτοῦ
2828 4409 2964 4481 πρὸς
2987 4411 3133 4480 ἡμᾶς
3176 4408 3545 4478 ἀνυμνοῦντες
3574 4405 3811 4480 προέλευ-

543 4496 776 4568 ejusque
804 4512 933 4568 erga
969 4514 1072 4554 nos
1103 4501 1641 4556 commiserationem
1667 4502 1972 4574 magnificis
1994 4520 2133 4575 prae-

2238 4522 2343 4569 σιν,
2373 4506 2468 4559 καί⁵
2488 4506 2554 4575 ἡν
2584 4504 2725 4576 πρὸς
2753 4504 2902 4574 ἡμᾶς
2930 4501 3272 4572 συμπάθειαν
3293 4501 3579 4571 εἴργασται
3602 4496 3813 4571 μεγαλο-

544 4590 794 4646 dicemus
814 4589 1073 4657 vocibus;
1100 4599 1163 4645 ut
1191 4600 1246 4646 et
1278 4607 1507 4662 regnum
1532 4593 1800 4647 caelorum
1824 4609 2133 4667 consequa-

544 4695 691 4746 mur,
722 4690 776 4736 et
808 4681 972 4736 bonis
997 4681 1351 4753 perfruamur
1378 4684 1601 4739 aeternis
1634 4702 1649 4740 :
1684 4684 1738 4738 in
1764 4685 1885 4756 ipso
1914 4685 2134 4744 Christo

544 4767 657 4825 Deo
684 4780 895 4839 nostro,
932 4774 1020 4827 cui
1042 4788 1172 4829 cum
1218 4775 1425 4845 optimo
1455 4772 1638 4839 Patre,
1686 4789 1751 4830 ac
1782 4776 2134 4833 sanctissimo

548 4859 758 4932 Spiritu
802 4865 998 4936 gloria,
1034 4866 1349 4938 imperium,
1391 4866 1587 4922 honor.
1629 4868 1878 4923 adoratio
1914 4877 1969 4923 et
2012 4885 2133 4925 ma-

545 4957 879 5026 gnificentia,
903 4974 1051 5016 nunc
1073 4969 1129 5016 et
1153 4975 1369 5032 semper
1390 4968 1445 5016 et
1469 4962 1525 5015 in
1554 4961 1752 5016 saecula
1781 4962 2131 5019 saeculorum.

544 5047 722 5103 Amen

767 5205 902 5294 ξος.
927 5206 988 5294 2,
1022 5209 1214 5294 trai‘rﬁ
1241 5206 1404 5261 αὑτοῦ
1438 5208 1697 5281 ἐπιπνοίᾳ
1728 5209 2063 5280 Πνεύματι.ὶ

615 5205 730 5351 {55;
767 5205 902 5279 Reg.
930 5206 988 5271 2,
1022 5209 1117 5263 καὶ
1145 5210 1214 5294 τῇ
1241 5206 1404 5261 αὑτοῦ

616 5277 708 5349 (56
763 5276 897 5351 Reg.
927 5278 983 5347 2,
1021 5279 1424 5351 ἀπολύτρωσιν.

616 5277 708 5349 (56

2240 4597 2437 4666 φώνοις
2469 4596 2837 4669 κηρύττοντες
2869 4594 3131 4664 στόμασιν
3154 4608 3168 4622 ο
3199 4593 3287 4645 ἵνα
3316 4594 3412 4646 καὶ
3447 4591 3715 4661 βασιλείας
3732 4588 3813 4641 ού-

2243 4689 2417 4760 ρανῶν
2446 4689 2823 4760 ἐπιτύχωμεν,
2853 4687 2949 4740 καὶ
2975 4685 3209 4738 αἰωνίων
3251 4683 3476 4753 ἀγαθῶν
3509 4680 3812 4737 ἀπολαύσω-

2243 4797 2364 4851 μεν,
2414 4783 2473 4834 ὲν
2512 4780 2663 4850 αύτῷ
2716 4778 2940 4852 Χριστῷ
2975 4778 3055 4848 τῷ
3096 4775 3215 4846 Θεῷ
3265 4775 3443 4847 ἡμῶν,
3499 4775 3618 4847 μεθ’
3644 4769 3701 4827 οὗ
3743 4767 3815 4838 τῷ

2241 4871 2543 4942 παναγάοῳ
2571 4872 2754 4942 Πατρὶ
2793 4870 2889 4923 καὶ
2928 4868 3008 4939 τῷ
3056 4865 3307 4937 παναγίῳ
3339 4864 3639 4936 Πνεύματι,
3678 4860 3811 4924 δόξα,

2243 4965 2465 5036 κράτος,
2504 4963 2640 5036 τιμὴ
2675 4964 2773 5018 καὶ
2813 4960 3184 5033 ⁸ιτροσκύνησις
3225 4960 3321 5012 καὶ
3369 4955 3813 5029 μεγαλοπρέπια,

2242 5052 2336 5106 νῦν
2366 5054 2462 5108 καὶ
2489 5054 2579 5107 ἀεὶ
2605 5052 2703 5106 καὶ
2734 5054 2814 5115 εἰς
2848 5052 2972 5114 τοὺς
3002 5050 3202 5115 αἰῶνας
3231 5050 3341 5104 τῶν
3366 5048 3601 5104 αἰώνων.
3637 5043 3813 5115 ’Δμήνο

2313 5207 2425 5281 (57)
2463 5208 2577 5280 Reg
2622 5206 2680 5273 2,
2712 5207 3068 5280 παρεγένετο.

1926 5502 2415 5552 ι-ᾒοᾳ-υ
