3924 6544
183 400 322 458 ιωι

1173 410 1462 466 ιιοκιωει
1500 411 1567 466 ΙΝ
1605 413 1869 470 ελεεωι
1909 415 1954 468 Λ
1992 413 2438 473 NATIVITATE.

3289 423 3429 480 toea
3505 399 3507 402 6

184 561 3404 606 -,——————_———_________________________________

1101 711 1169 765 IN
1207 710 1544 768 HOMILIAM
1587 712 1674 766 DE
1713 713 1918 770 C/ECO
1954 713 2144 770 ΝΑΤο
2181 714 2582 773 ADMONITIO.

231 926 280 954 Γ

256 852 385 934 Elian
414 863 492 910 est
519 852 655 925 quod
694 854 748 906 in
786 853 1002 922 hujusce
1041 850 1274 905 homilia:
1313 851 1494 922 νοθείᾳ
1543 853 2009 907 commonstranda
2043 855 2136 909 diu
2185 857 2544 923 immoremur,
2597 877 2714 913 cum
2769 861 3026 917 orationis
3063 881 3248 934 genus,
3283 884 3427 920 voces

170 944 480 1020 «itemque
515 949 691 1002 omnia
742 947 1046 1009 scriptorem
1092 945 1320 1014 prodant
1366 944 1658 998 Athanasio
1698 945 1848 1017 longe
1895 948 2172 1017 imparem.
2216 948 2285 1002 Et
2320 967 2437 1004 vero
2474 969 2576 1005 non
2614 968 2678 1006 ea:
2720 954 2924 1009 vocibus
2967 965 3016 1008 et
3054 957 3190 1026 stylo
3222 968 3428 1014 tantum

172 1044 373 1109 spuria
403 1042 501 1095 illa
533 1038 933 1110 deprehenditur
978 1054 996 1093 :
1035 1054 1154 1092 cum
1189 1036 1354 1090 multa
1399 1035 1780 1104 complectatur
1806 1038 2003 1106 inepta,
2038 1047 2087 1093 et
2125 1041 2306 1108 sagaci
2330 1042 2509 1112 quovis
2542 1041 2766 1107 homine,
2805 1061 2868 1098 ne
2896 1044 3070 1099 dicam
3112 1048 3428 1116 Athanasio,

172 1132 443 1202 indigna;
486 1142 544 1185 ut
587 1140 666 1186 est
708 1129 840 1184 illud
881 1127 940 1184 de
993 1127 1239 1184 Samuele
1283 1126 1539 1197 propheta
1579 1138 1952 1193 commentum,
2000 1140 2050 1184 et
2081 1131 2299 1196 similia,
2349 1149 2466 1202 qua:
2497 1132 2683 1187 lectori
2719 1133 2888 1204 primo
2918 1121 3128 1206 aspectu
3155 1148 3429 1192 occurrent

171 1225 538 1280 observanda.

1276 1463 1402 1518 ῘὉΥ
1439 1464 1532 1518 ΕΝ
1565 1466 1787 1518 ΔΓΙΟΙΣ
1823 1466 2094 1519 ΠΑΤΡΟΣ
2131 1466 2324 1521 ΗΜΩΝ

1497 1618 2121 1707 ΑΘΑΝΑΣΙΟΥ

957 1779 1065 1851 {58)
1104 1783 1363 1835 OMIAIA
1397 1781 1524 1832 ΕΙΣ
1560 1779 1700 1833 TON
1728 1779 1827 1830 ΕΚ
1863 1779 2062 1832 mm:
2071 1781 2207 1833 THE
2240 1781 2422 1834 nm
2432 1779 2533 1833 0N

1202 2033 1301 2120 S.
1379 2032 1486 2119 P.
1566 2025 2386 2118 N..ATHANASII

1052 2212 1139 2268 IN
1207 2208 1486 2268 CzECUM
1553 2209 1595 2263 Α
1665 2201 2134 2259 ΝΑΤινιΤΑτΕ
2207 2201 2554 2259 HOMILIA.

253 2443 296 2497 i.
340 2443 819 2498 Πολυσπούδαστὸν
863 2443 980 2497 ἐστι
1026 2445 1194 2497 πᾶσιν
1224 2441 1530 2515 ἀνθρώποις
1556 2441 1617 2494 τδ
1643 2438 1751 2494 τῶν
1781 2443 1826 2500 Α

1928 2434 1980 2491 I.
2020 2431 2245 2487 Summa
2293 2444 2427 2484 cura
2474 2427 2788 2484 hominibus
2823 2430 3086 2487 colendus
3131 2443 3216 2488 est
3242 2435 3421 2494 dulcis

164 2541 380 2608 γονέων
430 2539 744 2608 γλύκασμα,
793 2538 1030 2609 γνήσιον,
1092 2535 1328 2607 ποθητὺν
1374 2534 1505 2605 (59),
1552 2534 1753 2596 παντὸς

161 2632 400 2703 χρυσίου
435 2628 777 2700 τιμιώτερον.
821 2627 937 2683 Οὐκ
975 2628 1121 2681 ἔστιν
1167 2631 1223 2682 ὲν
1268 2625 1346 2697 τῷ
1395 2626 1621 2696 παρόντι
1653 2623 1754 2695 βίῳ

159 2720 426 2791 γονεῦσιν
445 2718 993 2788 ἁντισταθμιζόμενον
1021 2717 1220 2788 κτῆμα.
1254 2714 1466 2785 Χρυσὸς
1495 2711 1752 2774 πολλάκις

164 2812 505 2867 ἀπόλλυται·
538 2811 739 2879 γονέων
783 2810 842 2862 δὲ
875 2809 1093 2878 φίλτρον
1137 2808 1198 2861 οὐ
1245 2806 1583 2878 μαραίνεται.
1620 2805 1755 2875 Ἀρι

162 2921 341 2978 γυρος
373 2903 633 2966 πολλάκις
665 2902 836 2955 ἰοῦται
855 2917 869 2931 ’
903 2899 1010 2953 τῶν
1040 2899 1094 2953 δὲ
1124 2899 1497 2969 γεννησάντων
1527 2896 1584 2950 αἱ
1625 2894 1752 2947 ὠδῖ-

162 3015 258 3061 νες
291 2999 357 3051 οὐ
391 2995 686 3067 μειοῦνται.
718 2996 1070 3066 Μαργαρῖται
1116 2992 1372 3054 πολλάκις
1410 2989 1750 3058 διαφθείρον⁹

79 3133 87 3143 .
162 3105 278 3142 ταιο
297 3088 504 3158 γονέων
519 3087 573 3141 δὲ
595 3087 803 3158 δάκρυα
829 3085 906 3154 τῷ
930 3085 1118 3154 Κυρίῳ
1141 3081 1519 3153 παρίστανται.
1545 3079 1636 3132 Διὸ
1659 3079 1752 3132 καὶ

161 3181 275 3234 τῶν
325 3179 530 3248 γονέων
580 3178 641 3231 τὸ
681 3177 860 3247 τίμιον
906 3177 940 3246 ἡ
992 3173 1110 3228 θεία
1157 3174 1346 3244 Γραφὴ
1390 3171 1748 3243 γνωρίζουσα,

163 3275 431 3346 παραινεί
461 3275 573 3334 τοῖς
614 3271 822 3332 τέκνοις
867 3267 1076 3340 βοῶσα·
1132 3285 1151 3318 ι
1203 3268 1262 3320 ’0
1307 3265 1617 3334 κακολογῶν
1648 3281 1754 3316 πα-

162 3367 302 3437 τέρα
347 3367 382 3436 ἦ
419 3365 651 3435 μητέρα,
689 3363 904 3432 θανάτῳ
937 3360 1259 3417 τελευτάτω.
1291 3379 1310 3411 ι
1336 3360 1493 3412 Ἔστι
1535 3359 1592 3412 δὲ
1624 3357 1752 3410 πάν-

161 3477 274 3520 τως
300 3460 480 3510 εἰπεῖν
506 3474 624 3510 τινα
644 3473 657 3486 ·
691 3456 800 3510 Καὶ
827 3457 875 3508 εί
917 3452 1378 3524 περισπούδαστόν
1407 3453 1523 3504 ἐστι
1547 3450 1608 3504 τὸ
1643 3448 1751 3503 τῶν

163 3549 372 3616 γονέων
406 3547 720 3617 γλύκασμα,
744 3546 887 3610 τίνος
924 3547 1108 3599 ἕνεκεν
1139 3547 1168 3598 6
1210 3543 1373 3598 Δαὸὶδ
1409 3544 1534 3607 τοὺς
1573 3545 1750 3611 γονεῖς

161 3639 475 3693 διαϐάλλων
504 3639 720 3707 ἔλεγενο
759 3658 776 3688 ι
819 3639 877 3690 '0
903 3639 1094 3708 Πατήρ
1127 3653 1227 3706 μου
1255 3637 1348 3689 καὶ
1375 3638 1408 3705 ἡ
1440 3637 1621 3707 μήτηρ
1649 3651 1749 3705 μου

1857 2529 1965 2592 ille,
2007 2538 2320 2597 germanus.
2355 2519 2756 2585 desiderabilis,
2809 2521 3004 2592 quovis
3049 2539 3182 2578 auro
3213 2526 3419 2595 pretio-

1853 2620 1986 2683 sior,
2014 2626 2297 2688 parentum
2331 2629 2503 2667 amor.
2530 2610 2701 2667 Nulla
2733 2620 2862 2667 sunt
2891 2613 2945 2666 in
2979 2613 3083 2668 hac
3112 2615 3219 2668 vita
3252 2615 3422 2671 facul-

1853 2720 1991 2767 tates
2028 2708 2344 2780 parentihus
2374 2704 2771 2775 comparandae.
2814 2705 3019 2760 Aurum
3071 2722 3213 2776 saepe
3258 2708 3421 2779 perit,

1852 2811 2139 2876 parentum
2174 2807 2354 2854 autem
2386 2812 2538 2852 amor
2564 2812 2671 2851 non
2705 2798 3086 2868 exstinguitur.
3121 2798 3424 2869 Argentum

1851 2893 2172 2963 plerumque
2207 2887 2514 2958 rubiginem
2565 2886 2859 2948 contrahit.
2909 2897 3194 2957 parentum
3241 2901 3422 2944 autem

1851 2999 1979 3054 erga
2022 2983 2228 3052 prolem
2260 2980 2486 3036 allectus
2514 2995 2622 3033 non
2649 2979 2930 3034 minuitur.
2972 2978 3274 3050 Margarita‘.
3311 2997 3422 3036 non

1852 3092 1980 3132 raro
2009 3081 2453 3144 corrumpuntur,
2491 3081 2774 3144 parentum
2802 3086 2930 3126 vero
2958 3073 3208 3143 lacryma:
3237 3087 3421 3127 coram

1852 3169 1960 3224 Deo
1983 3169 2273 3224 sistuntur.
2307 3166 2670 3232 Quamobrem
2719 3165 2898 3219 divina
2931 3164 3232 3234 Scriptura,
3279 3165 3423 3220 iudi-

1852 3277 1984 3318 cans
2012 3267 2251 3330 quantus
2278 3258 2344 3314 sit
2374 3257 2550 3310 honor
2575 3270 2701 3326 erga
2728 3264 2983 3324 parentes
3005 3254 3310 3318 habendus,
3339 3255 3421 3310 sic

1850 3361 2034 3406 monet
2066 3351 2230 3412 ﬁlios,
2259 3348 2574 3404 exclamans
2611 3365 2623 3401 :
2659 3365 2674 3392 ι
2716 3345 2818 3412 Qui
2855 3346 3129 3402 maledicit
3161 3347 3300 3418 patri
3333 3348 3421 3402 vel

1852 3444 2034 3505 matri,
2080 3447 2255 3495 morte
2312 3439 2576 3492 moriatur
2613 3437 2678 3490 ⁸³.
2722 3458 2740 3490 ›
2793 3437 2899 3492 Sed
2957 3438 3188 3494 fortasse
3219 3439 3420 3494 dixerit

1850 3535 2130 3608 quispiam.
2201 3531 2258 3586 Si
2291 3540 2442 3586 tanta
2476 3545 2607 3584 cura
2641 3529 2804 3602 366
2831 3531 3092 3585 colendus
3125 3538 3210 3586 est
3241 3530 3419 3586 dulcis

1853 3628 1945 3682 ille
1974 3641 2100 3696 erga
2155 3633 2409 3695 parentes
2452 3623 2701 3686 affectus,
2751 3623 2884 3692 quid
2937 3638 3117 3676 causa:
3153 3631 3237 3678 est
3272 3622 3418 3692 quod

163 3729 532 3799 ὲγκατέλιπόν
571 3746 670 3799 με*
718 3731 747 3782 6
773 3727 830 3782 δὲ
873 3728 1072 3800 Κύριος
1101 3726 1466 3799 προσελάϐετό
1501 3743 1599 3797 με;
1635 3745 1653 3778 ι
1685 3727 1750 3780 Τί
1787 3797 1816 3800 _

1853 3715 2021 3770 David
2054 3724 2307 3785 parentes
2339 3729 2607 3770 accusans
2638 3715 2835 3768 dixerit
2875 3731 2888 3768 :
2927 3733 2945 3764 ι
2977 3712 3136 3768 Pater
3177 3727 3330 3766 meus
3363 3721 3418 3766 et

162 3797 374 3892 λέγεις,
409 3816 457 3876 ὧ
482 3797 623 3892 φίλε,
659 3821 794 3892 πρὸς
819 3821 887 3875 τὰ
919 3797 1193 3893 παρόντα;
1227 3820 1433 3884 Παντὸς
1457 3820 1753 3889 κτίσματος
1784 3797 1825 3851 Β

1854 3817 2027 3865 mater
2070 3823 2188 3862 mea
2221 3807 2631 3875 dereliquerunt
2670 3822 2788 3874 me;
2825 3806 3085 3862 Dominus
3113 3813 3294 3860 autem
3327 3819 3418 3859 as-

162 3914 499 3988 τιμιώτερον
533 3915 595 3968 τὸ
637 3913 746 3968 τῶν
795 3914 996 3984 γονέων
1026 3914 1351 3986 γλύκασμα·
1401 3914 1474 3985 μὴ
1527 3914 1634 3987 γὰρ
1674 3914 1750 3978 ὡς

166 4010 307 4080 πρὸς
345 4008 440 4063 τδν
483 4006 812 4079 δημιουργὸν
851 4007 959 4060 τῶν
1009 4007 1261 4060 ἁπάντων
1297 4006 1462 4060 Θεάν·
1498 4007 1595 4059 οὐκ
1635 4005 1752 4060 ἔστι

162 4101 377 4172 κτίσμα
407 4101 602 4174 κτίστῃ
645 4099 1002 4169 συγκριθῆναι
1034 4100 1346 4170 δυνάμενον.
1384 4099 1448 4152 Εί
1499 4099 1596 4169 μὲν
1623 4093 1692 4170 ἦν
1721 4099 1751 4152 6

164 4193 334 4247 Δαίῖιδ
361 4191 640 4262 εἰρηκώς·
693 4211 712 4245 ι
753 4193 811 4246 '0
852 4193 1037 4264 πατήρ
1069 4209 1170 4262 μου
1216 4191 1310 4246 καὶ
1353 4193 1387 4263 ἡ
1431 4192 1612 4262 μήτηρ
1646 4207 1747 4262 μου

165 4285 532 4354 ὲγκατέλιπόν
571 4302 660 4356 με,
695 4304 714 4336 ι
749 4284 1070 4338 ἀντελὰδετο
1099 4284 1156 4336 δέ
1189 4301 1287 4354 μου
1323 4283 1352 4335 6
1391 4284 1557 4350 δεῖνα,
1583 4285 1612 4336 6
1635 4283 1752 4351 γεί-

166 4395 295 4440 των,
331 4378 367 4448 ἦ
413 4379 444 4431 6
491 4377 842 4449 συγγενὴς,ἢ
891 4379 920 4430 6
966 4377 1137 4446 φίλος,
1169 4378 1244 4440 ὼς
1292 4378 1609 4431 ὑπεναντίον
1641 4377 1748 4430 διε-

165 4469 391 4524 ϐεσαίου
431 4468 573 4540 (60)·
617 4471 666 4524 εί
706 4470 762 4525 δὲ
805 4471 899 4524 καὶ
931 4470 1040 4524 τῶν
1072 4471 1272 4538 γονέων
1297 4471 1390 4524 τὸν
1420 4469 1621 4541 Κύριον
1662 4471 1750 4522 εὑ-

167 4563 608 4633 σπλαγχνότερον
641 4563 976 4632 ἀπεφήνατο,
1012 4563 1107 4615 καὶ
1138 4564 1262 4627 τοὺς
1308 4565 1485 4631 γονεῖς
1514 4563 1612 4616 οὐκ
1657 4564 1748 4616 ἐν·

170 4654 384 4726 ίὸρισε,
414 4653 624 4707 καὶτὸν
643 4653 774 4708 Θεὸν
805 4651 1076 4718 ἐδόξασεν.

229 4904 289 4959 2.
333 4903 496 4964 Τίνος
527 4902 584 4956 δὲ
621 4903 780 4974 χάριν
811 4905 838 4957 6
866 4902 1029 4957 Δαϐὶδ
1066 4920 1383 4975 προσηκατο
1421 4902 1518 4967 τὰς
1551 4903 1743 4958 συλλα⁹

169 4994 290 5059 σὰς,
318 4994 522 5063 λέγων’
547 5013 565 5043 ι
589 4995 646 5046 ὐ
672 4996 861 5065 Πατήρ
893 5011 994 5064 μου
1024 4996 1164 5066 καὶὴ
1185 4997 1365 5067 μήτηρ
1392 5014 1492 5068 μου
1518 4997 1748 5065 ἐγκατέι

169 5083 327 5138 λιπόν
376 5100 477 5155 με·
530 5085 558 5136 ὁ
598 5082 655 5136 δὲ
681 5082 882 5156 Κύριος
911 5085 1230 5139 ἀντελάϐετό
1255 5087 1364 5157 (6t)
1401 5105 1506 5159 με;
1549 5108 1566 5141 ι
1603 5090 1743 5140 ’Ίστε

1851 3901 2085 3971 sumpsit
2108 3916 2194 3955 me
2221 3899 2311 3953 “‘3
2351 3918 2370 3950 ι
2403 3897 2544 3964 Quid
2575 3898 2641 3952 ad
2690 3898 2806 3952 haec
2839 3898 2942 3961 ais.
2975 3897 3216 3953 dilecte?
3255 3895 3418 3952 Omni

1850 4000 2104 4047 creatura
2128 3990 2417 4060 pretiosior
2435 4004 2560 4044 esse
2581 3989 2740 4045 debet
2763 3989 2938 4044 dulcis
2961 3989 3050 4044 ille
3078 4003 3204 4059 erga
3229 4002 3421 4059 paren-

1851 4095 1932 4140 tes
1981 4083 2225 4148 aﬂ'ectus,
2259 4097 2362 4162 nec
2395 4091 2575 4138 tamen
2632 4099 2756 4139 cum
2790 4083 2900 4139 Deo
2938 4083 3180 4138 omnium
3225 4082 3420 4152 opilice

1850 4174 2253 4246 comparandus
2287 4195 2300 4229 :
2332 4175 2480 4230 nulla
2510 4175 2709 4245 quippe
2737 4183 2820 4230 est
2857 4184 3112 4229 creatura
3140 4188 3260 4243 qua:
3291 4188 3417 4228 cum

1849 4268 2108 4324 Creatore
2145 4267 2382 4324 conferri
2408 4270 2602 4338 possit.
2636 4268 2693 4322 Si
2723 4266 2892 4322 David
2923 4275 3206 4338 postquam
3231 4266 3368 4321 dixit
3398 4283 3414 4321 :

1857 4377 1875 4410 ι
1902 4360 2062 4414 Pater
2083 4375 2235 4416 meus
2262 4367 2316 4414 et
2340 4367 2511 4413 mater
2541 4373 2658 4414 mea
2691 4358 3095 4428 dereliquerunt
3129 4373 3236 4422 mc,
3269 4376 3288 4409 ι
3323 4355 3418 4410 ad-

1845 4451 2091 4522 jecisset,
2117 4449 2211 4506 Ille
2239 4449 2459 4521 quidam
2482 4449 2716 4511 vicinus,
2735 4458 2826 4502 aut
2849 4459 3134 4520 cognatus.
3157 4456 3250 4502 aut
3283 4447 3419 4500 ami-

1853 4559 1954 4598 cus
1991 4542 2232 4612 suscepit
2265 4555 2383 4608 me;
2415 4540 2468 4594 id
2496 4541 2652 4610 quasi
2695 4555 2760 4594 ex
2809 4540 3041 4594 adverso
3072 4538 3415 4593 aliirmasset.

1853 4634 2008 4701 Quod
2039 4634 2084 4689 si
2121 4633 2294 4704 magis
2323 4649 2484 4702 quam
2516 4641 2768 4703 parentes
2801 4632 3211 4688 misericordem
3245 4629 3416 4688 Deum

1849 4726 2242 4798 pronuntiavit,
2273 4727 2592 4796 parentibus
2625 4725 2880 4796 injuriam
2906 4739 3016 4779 non
3052 4723 3199 4787 fecit,
3230 4731 3283 4776 et
3304 4719 3418 4776 Deo

1849 4819 2074 4889 gloriam
2098 4817 2264 4872 dedit.

1917 4910 1970 4964 2.
2003 4909 2144 4976 Quid
2181 4925 2362 4965 causa;
2407 4919 2491 4964 est
2522 4917 2728 4973 autem,
2778 4907 2922 4978 quod
2953 4905 3123 4960 David
3174 4905 3416 4977 syllabas

1849 5003 2070 5072 apponit
2101 5003 2288 5056 dicens
2322 5021 2335 5055 :
2369 5021 2388 5054 ι
2428 5000 2590 5055 Pater
2622 5016 2776 5056 meus
2811 5009 2866 5055 et
2900 5009 3072 5054 mater
3097 5012 3217 5052 mea
3250 4996 3413 5051 dere-

1851 5094 2128 5163 liquerunt
2180 5109 2288 5158 me,
2351 5092 2611 5149 Dominus
2659 5102 2840 5148 autem
2892 5091 3190 5161 assumpsit
3245 5088 3409 5145 me?»

172 5177 376 5239 πάντες
415 5175 622 5244 σαφῶς,
650 5177 750 5230 ὅσα
787 5194 846 5230 τε
881 5177 1167 5246 φιλόλογοι,
1198 5179 1315 5242 πῶς
1351 5182 1382 5232 6
1423 5179 1530 5233 τῶν
1578 5182 1749 5235 ἀπάν-
1775 5158 1818 5215 C

1853 5183 2017 5238 Gnari
2050 5199 2240 5240 omnes
2279 5184 2436 5248 estis,
2476 5193 2662 5255 utpote
2704 5185 2956 5241 lectionis
3004 5158 3256 5249 studiosi,
3305 5199 3416 5253 quo

172 5283 278 5320 των
309 5266 444 5329 Θεὸς
475 5266 793 5337 βουλόμενος
821 5268 912 5322 τὸν
941 5269 1132 5335 Σαοὺλ,
1162 5272 1239 5335 ὼς
1273 5270 1492 5340 φαῦλον,
1522 5274 1621 5343 τῆς
1656 5273 1752 5343 βα.

1853 5286 2008 5346 pacto
2038 5278 2282 5331 omnium
2316 5276 2461 5333 Deus
2495 5292 2619 5332 cum
2648 5278 2808 5333 vellet
2839 5276 3078 5338 Saulem.
3106 5283 3292 5345 utpote
3321 5275 3418 5327 im-

174 5359 378 5421 σιλείας
405 5357 767 5423 διαδέξασθαι,
792 5363 885 5414 καὶ
911 5362 1002 5414 τὸν
1031 5362 1216 5423 Δαϐὶδ.
1247 5363 1322 5426 ὡς
1351 5363 1522 5433 φίλον,
1554 5366 1633 5426 είς
1652 5363 1749 5434 τὴν

1853 5367 2078 5436 probum
2108 5368 2381 5422 hominem
2411 5384 2581 5438 regno
2617 5369 2904 5434 abdicare,
2942 5377 2996 5424 et
3043 5365 3319 5427 Davidem,
3357 5371 3415 5417 ut

240 5518 288 5550 ⁸³
326 5517 503 5574 Exod.
537 5536 664 5587 xxi,
700 5519 787 5574 Π.
864 5519 911 5552 ⁸⁵
952 5517 1097 5574 Psal.
1133 5534 1298 5585 xxvn,
1338 5521 1423 5576 10.

242 5679 354 5751 (58)
388 5678 522 5751 Reg.
564 5679 617 5741 1,
646 5678 849 5750 ὁμιλία.
884 5678 1018 5747 Reg.
1045 5676 1244 5751 2,_cun_i
1274 5676 1457 5742 editis,
1492 5676 1667 5745 λόγος.

1853 5675 2147 5751 566499530-

265 5751 355 5820 59)
395 5739 632 5806 Itavmss.
659 5739 800 5804 Ii‘diti
841 5739 995 5806 vero:
1031 5739 1287 5820 ποθπςρόν.
1361 5819 1366 5820 γ
1443 5739 1452 5742 ’
1522 5817 1530 5820 _
1565 5739 1576 5745 ⁷
1630 5739 1660 5820 ί,

1918 5747 2031 5818 (6|)
2071 5745 2204 5816 Reg.
2236 5745 2512 5820 2._soh_ts,
2557 5744 2937 5818 προσελάϐετο.
2972 5741 3102 5799 Item
3138 5739 3294 5807 ibid.,
3324 5756 3413 5810 με,

265 5815 356 5895 60)
376 5821 454 5878 Ita
477 5820 620 5892 Beg.
645 5821 702 5878 ‘2.
725 5820 868 5874 Editi
899 5827 1101 5879 autem,
1137 5815 1213 5882 ὡς
1244 5819 1333 5872 ὑπ’
1355 5817 1608 5873 ἐναντίων
1639 5817 1744 5872 διε-
1782 5898 1797 5906 _

1853 5825 1902 5875 et
1929 5815 2020 5873 ita
2043 5815 2278 5887 semper.
2305 5815 2469 5881 Editi,
2505 5833 2604 5886 μου

451 5917 726 5980 Parnm"
760 5916 876 5978 Gn.
911 5911 1206 5977 XXVIII.
1783 5903 1796 5906 ⁷
3099 5903 3177 5967 ϐῆ
