3924 6528
466 409 623 465 ηοοδ

1560 405 1660 460 "S.
1701 402 2163 460 ATIIANASIUS.
2201 432 2273 445 —
2312 400 2585 459 SPURIA.

3592 403 3741 457 {0M

485 524 746 581 dilectum
773 525 899 588 sibi,
929 538 1157 595 regnum
1187 523 1361 587 adire,
1392 522 1702 579 ministrum
1749 538 1909 577 suum
1944 524 2034 576 mia

2151 521 2425 591 βασιλείαν
2454 518 2833 590 προσήκασθαι
2877 517 3011 588 (62),
3054 517 3368 571 ἀποστέλλει
3399 519 3496 570 τὶν
3526 517 3743 570 ἑαυτιῦ

482 616 617 671 serit
647 615 954 670 Samuelem
998 615 1066 669 ad
1094 614 1314 669 domum
1340 623 1623 683 parentum
1653 613 1840 679 David,
1872 628 2045 668 cornu

481 700 749 756 ferentem
799 699 1180 761 ordinationis,
1228 697 1534 768 dixeritque
1573 696 1811 753 Samueli
1863 696 2048 752 Domi-

481 810 586 849 nus
602 796 646 828 ⁸³
662 813 675 849 :
694 793 862 866 Perge
883 794 949 848 ad
967 795 1185 847 domum
1200 790 1389 856 Iesse,
1406 800 1460 846 et
1476 806 1617 862 unge
1638 791 1769 845 mihi
1795 807 1962 845 unum
1980 807 2047 847 ex

487 885 614 939 liliis
640 883 760 954 ejus
793 885 846 938 in
884 899 1086 954 regem.
1122 881 1343 938 Samuel
1374 889 1555 937 autem
1585 881 1653 935 ad
1685 881 2047 937 ministerium

478 976 705 1039 missus,
718 976 1000 1046 respondit
1016 974 1244 1030 Domino
1265 994 1279 1029 :
1300 972 1535 1043 Ecquem
1556 971 1852 1026 ordinabo?
1867 970 2047 1026 Indica

475 1082 698 1130 nomen,
731 1066 979 1131 Domine,
1017 1074 1076 1121 ut
1093 1066 1421 1133 .diligentius
1447 1065 1516 1119 ad
1543 1063 1698 1133 jussa
1729 1070 1821 1118 tua
1848 1078 2047 1134 prope-

475 1172 611 1212 rem.
637 1155 777 1212 Tum
807 1156 1070 1213 Dominus
1097 1151 1689 1210 ad'Sanmelem1N‘dlo
1717 1152 1862 1208 scias
1884 1167 2045 1222 quem

475 1249 877 1315 constituerim,
922 1265 992 1306 ne
1023 1248 1179 1321 quasi
1208 1261 1497 1319 personam
1544 1244 1843 1315 acceperis,
1883 1257 2045 1298 accu-

2146 612 2390 665 διάκονον
2418 608 2668 681 Σαμουὴλ
2700 611 2779 673 είς
2816 609 2905 662 τὸν
2941 605 3089 662 οἶκον
3120 609 3228 663 τῶν
3252 610 3454 679 γονέων
3494 607 3601 662 τοῦ
3633 610 3740 659 Δα-

2146 701 2232 754 διδ
2259 700 2392 771 (65),
2421 702 2812 773 ἐπιφερόμενον
2841 701 2902 754 τὸ
2936 701 3103 772 κέρας
3130 703 3227 772 τῆς
3254 703 3621 774 χειροτονίας,
3653 700 3731 753 ὶέο

2147 809 2257 863 γων
2283 794 2417 864 πρὸς
2448 794 2538 847 τὸν
2570 792 2823 864 Σαμουὴλ
2850 795 2879 846 ὁ
2924 792 3127 863 Κύριος
3146 809 3159 822 ⁸
3210 792 3496 865 Πορευθεὶς
3524 795 3620 852 εἰς
3644 792 3739 843 τὸν

2144 880 2290 939 οἷκον
2327 886 2542 945 Ἰεσσαὶ.
2572 884 2758 957 χρῖσόν
2788 901 2876 955 μοι
2911 885 3007 937 ἕνα
3027 884 3136 936 τῶν
3165 882 3297 936 υἱῶν
3319 882 3483 937 αὐτοῦ
3511 884 3615 945 εἰς»
3636 882 3713 951 βα

2146 976 2315 1031 σιλέα.
2362 977 2419 1030 '0
2451 976 2507 1029 δέ
2541 975 2791 1047 Σαμουὴλ
2827 976 2902 1039 ὡς
2943 976 3023 1039 είς
3065 975 3336 1028 διακονίαν
3366 974 3734 1044 στελλόμενοι,

2144 1070 2475 1140 άντερήσατο
2499 1067 2609 1138 (64)
2659 1067 2791 1138 πρὸς
2831 1068 2923 1121 τὸν
2955 1066 3177 1137 Κύριον,
3211 1066 3414 1135 λέγων·
3456 1066 3578 1119 Καὶ
3606 1066 3737 1118 τίνα

2144 1159 2599 1232 προχειρίσομαι;
2653 1160 2794 1228 Λέγε
2851 1176 2939 1231 μοι
2971 1158 3034 1212 τὸ
3082 1159 3272 1231 ὄνομα,
3316 1161 3585 1220 Δέσποτα,
3640 1160 3729 1211 ἵνα

2146 1251 2556 1324 σπουδαιότερον
2607 1251 2745 1323 πρὸς
2788 1252 2851 1304 τὸ
2896 1251 3086 1306 δοκοῦν
3125 1268 3207 1304 σοι
3250 1249 3647 1322 διαϐήσωμαι.’
3669 1249 3730 1303 '0

474 1355 616 1396 sere.
655 1339 836 1396 Habes
861 1355 1032 1395 cornu
1062 1336 1446 1403 ordinationis,
1476 1336 1533 1390 in
1562 1350 1722 1405 quem
1753 1333 2034 1389 inclinabi-

2142 1343 2198 1396 δὲ
2227 1344 2430 1415 Κύριος
2474 1344 2609 1415 πρὸς
2634 1345 2725 1397 τὸν
2750 1345 3033 1416 Σαμουήλ·
3065 1347 3140 1400 Οὐ
3173 1346 3309 1400 θέλω
3334 1363 3390 1399 σε
3419 1346 3719 1415 γινώσκεει

476 1439 565 1485 tur
591 1445 787 1491 cornu,
818 1439 873 1485 et
903 1430 1086 1483 oleum
1107 1426 1406 1490 cmanabit,
1431 1425 1585 1493 illum
1614 1423 1748 1478 mihi
1773 1423 2034 1478 constitue

2136 1434 2233 1487 τὸν
2257 1434 2752 1505 προχειιριζὸμενον,
2785 1436 2871 1488 ἵνα
2902 1434 2975 1505 μὴ
3005 1434 3080 1498 ὡς
3105 1435 3575 1508 προσωπολήπτης
3600 1438 3723 1490 δια·

472 1538 677 1595 regem.
709 1523 845 1578 Cum
875 1536 1049 1576 cornu
1083 1527 1270 1575 teneas
1285 1517 1430 1589 quod
1452 1518 1651 1572 nullam
1685 1529 2034 1587 personarum

2143 1523 2367 1594 ϐληθῇς.
2402 1525 2586 1594 Ἔχεις
2609 1525 2671 1577 τὸ
2698 1525 2863 1595 κέρας
2905 1526 3006 1596 τῆς
3030 1528 3378 1596 χειροτονίας,
3402 1530 3535 1580 ὅπου
3570 1528 3622 1580 δ’
3656 1529 3721 1581 ἂν.

475 1616 845 1683 acceptionem
893 1610 1165 1664 facturum
1197 1615 1303 1674 est,
1358 1621 1427 1663 ne
1484 1605 1712 1661 moleste
1748 1604 1912 1660 feras.
1943 1601 2034 1657 His

2141 1615 2414 1669 ἐπινεύσει
2448 1615 2510 1669 τὸ
2555 1616 2744 1689 κέρας,
2772 1619 2867 1669 κα).
2910 1617 2971 1669 τὸ
3001 1617 3179 1671 ἔλαιον
3209 1618 3476 1689 λιμνάσει,
3501 1620 3723 1674 ἐκεῖνὰ.

474 1703 676 1758 auditis
713 1701 953 1763 Samuel,
1002 1699 1160 1770 quasi
1201 1712 1232 1752 a
1270 1697 1382 1753 Deo
1433 1702 1657 1765 accepta
1708 1694 2034 1765 cognitione,

2144 1725 2234 1779 μοι
2263 1709 2610 1780 προχείρισον
2631 1710 2742 1780 (65)
2761 1713 2839 1774 είς
2863 1709 3107 1780 βασιλέα.
3142 1712 3398 1783 Κατέχων
3419 1712 3483 1765 τὸ
3513 1713 3723 1785 κέρας,

474 1793 675 1857 statim,
702 1792 844 1846 baud
877 1788 1223 1860 dubiopede,
1249 1786 1487 1873 accurrit
1515 1784 1583 1839 ad
1609 1780 2034 1873 domumIessaa,

2140 1796 2640 1867 ἁπροσωπόληπτον
2686 1797 2986 1870 διαιτητὴν,
3040 1780 3324 1870 μηδαμῶς*
3365 1780 3721 1873 δυοχέράινε.

473 1896 635 1951 quem
667 1880 748 1934 sic
787 1878 1085 1948 alloquitur
1117 1874 1300 1930 :Misit
1323 1888 1411 1930 me
1441 1872 1702 1928 Dominus
1729 1871 2034 1926 ordinatum

2140 1886 2323 1940 Ταῦτα
2352 1887 2591 1951 ἀκούσας
2621 1889 2650 1941 ὁ
2679 1889 2951 1961 Σαμουὴλ,
2999 1890 3093 1943 κα).
3127 1890 3205 1953 ὡς
3236 1890 3386 1961 παρὰ
3423 1871 3559 1944 ego;
3614 1892 3725 1962 τὴν

471 1988 539 2027 ex
569 1971 696 2026 (iliis
727 1970 836 2026 tuis
869 1984 1036 2024 unum
1079 1969 1135 2023 in
1188 1981 1395 2038 regem.
1437 1965 1737 2022 Confestim
1786 1964 1941 2022 Iesse
1982 1974 2034 2021 et

2139 1975 2341 2044 γνῶσιν
2368 1976 2678 2047 δεξάμενος,
2707 1976 2908 2040 εὐθέως
2933 1977 3286 2047 ἁναμφιδόλῳ
3306 1977 3421 2029 ποδί
3441 1978 3724 2048 κατέδρα-

472 2077 612 2118 uxor
644 2062 764 2132 ejus
796 2062 964 2115 tilium
988 2075 1153 2117 suum
1194 2058 1495 2131 producere
1525 2067 1658 2112 natu
1689 2058 1944 2128 primum,
1976 2067 2034 2114 ut

2144 2083 2243 2137 μεν
2285 2067 2376 2120 ἐπ),
2420 2067 2513 2120 τὸν
2552 2065 2698 2121 οἷκον
2729 2066 2823 2121 τοῦ
2870 2068 3086 2133 Ἰεσσαὶ,
3129 2068 3302 2136 λέγων
3336 2068 3469 2136 πρὸς
3507 2069 3718 2121 αὐτόν’

470 2157 565 2228 qui
594 2155 1072 2228 primogenitorum
1111 2153 1546 2213 benedictionem
1590 2160 1847 2224 gestaret,
1890 2160 1946 2209 et
1977 2162 2034 2208 ut

2152 2158 2459 2215 ’Δπέστειλέ
2506 2163 2661 2230 μειδ
2703 2159 2905 2232 Κύριος
2954 2161 3396 2233 προχειρίσασθαι
3447 2162 3549 2215 ἕνα
3596 2161 3721 2214 τῶν

471 2249 612 2305 inter
640 2249 844 2305 liberos
875 2263 1007 2303 suos
1028 2255 1237 2303 rectum
1258 2246 1505 2301 ordinem
1525 2256 1786 2301 servaret.
1814 2243 2034 2301 Samuel

2137 2249 2270 2304 υἱῶν
2303 2267 2396 2303 σου
2423 2254 2503 2316 είς
2526 2251 2766 2322 βασιλέα.
2796 2252 3011 2315 Εύθέως
3038 2252 3096 2306 δὲ
3121 2253 3150 2305 ὁ
3184 2254 3379 2306 Ἰεσσαὶ
3405 2254 3502 2306 καὶ
3531 2256 3564 2324 ἡ
3585 2254 3721 2305 τού-

474 2346 657 2393 autem
687 2338 906 2394 elevans
949 2337 1134 2393 statim
1173 2351 1417 2401 manum,
1455 2350 1520 2391 ac
1548 2351 1670 2392 sese
1710 2336 1780 2390 ad
1816 2336 2034 2391 ordina-

2136 2357 2231 2395 του
2273 2341 2485 2413 γαμετὴ
2514 2342 2605 2395 τὸν
2648 2342 2864 2412 πρῶτον
2907 2343 3019 2395 υἱὸν
3071 2343 3450 2415 προεϐίϐασαν,
3483 2344 3560 2407 ὡς
3605 2345 3719 2414 τὴν

472 2427 676 2483 tionem
708 2450 713 2455 ι
749 2442 1117 2497 componens,
1186 2427 1554 2497 inclinatoque
1626 2440 1831 2493 cornu,
1868 2428 2041 2497 prio-

474 2532 589 2573 rem
656 2519 860 2589 absque
915 2519 1259 2575 ordinatione
1317 2518 1556 2582 dimisit,
1617 2518 1764 2585 oleo,
1817 2534 1885 2572 ex
1947 2516 2041 2572 Dei

468 2616 630 2675 nutu,
658 2609 874 2665 ellluere
897 2611 1133 2665 nolente.
1156 2609 1292 2664 Cum
1323 2617 1503 2664 autem
1531 2608 1611 2662 illi
1637 2617 1864 2663 cunctos
1896 2606 2036 2662 ﬁlios

466 2711 599 2753 suos
630 2705 827 2769 praeter
855 2697 1110 2755 Davidem
1132 2696 1477 2764 adduxisset,
1509 2697 1891 2753 abscesserunt
1911 2713 2035 2753 om-

467 2802 568 2845 nes
595 2791 752 2845 vacui
785 2803 887 2845 nec
914 2788 1175 2844 ordinati.

2138 2430 2387 2499 εὐλογίαν
2433 2432 2540 2484 τῶν
2583 2433 2942 2503 πρωτοτόκων
2984 2433 3457 2503 βαστάξοντα,τκαὶ
3498 2438 3553 2487 ἐν
3592 2440 3717 2499 τοῖς

2139 2519 2347 2583 τέκνοις
2388 2520 2488 2591 τὴν
2530 2520 2781 2587 εὐταξίαν
2830 2520 3184 2590 φυλάττοντα.
3233 2525 3292 2577 '0
3326 2523 3383 2576 δὲ
3428 2524 3711 2595 Σαμουὴλ.

2137 2609 2340 2674 εὐθέως
2369 2611 2467 2683 τὴν
2499 2615 2657 2684 χεῖρα
2682 2612 2924 2682 ύψώσας,
2956 2614 3050 2667 κα).
3087 2613 3222 2684 πρὸς
3245 2616 3346 2687 τὴν
3374 2617 3715 2687 χειροτονίαν

2139 2702 2551 2771 σχηματισθεὶς,
2580 2704 2675 2758 κα).
2709 2704 2772 2757 τὸ
2801 2705 2971 2775 κέρας
3002 2705 3312 2771 ἐπινεύσας,
3340 2707 3573 2760 ἀπέλυσε
3614 2708 3714 2759 τὸν

2137 2791 2353 2863 πρῶτον
2415 2794 2823 2866 ἁχειροτόνητον
2846 2833 2860 2859 ,
2909 2795 3038 2866 θείῳ
3094 2798 3322 2868 νεύματι
3371 2797 3464 2851 τοῦ
3524 2799 3713 2852 ἐλαίου

466 2882 658 2948 στάξαι
684 2881 757 2954 μὴ
784 2882 1153 2952 βουληθέντος.
1192 2882 1281 2945 Ὧς
1303 2882 1361 2936 δέ
1382 2882 1478 2937 ἕνα
1504 2882 1735 2935 ἕκαστον
1777 2879 1884 2933 τῶν
1951 2880 2081 2937 υἱῶν
2118 2885 2283 2939 αὑτοῦ
2343 2888 2665 2958 παρήγαγεν
2710 2887 2858 2959 αὐτῷ
2899 2889 3057 2954 ἐκτὸς
3094 2889 3190 2943 τοῦ
3229 2890 3412 2955 Δαδὶδ,
3445 2891 3712 2961 ὑπέστρε-

463 2976 570 3047 ψαν
596 2978 644 3029 οἱ
674 2976 870 3039 πάντες
900 2974 1034 3029 λιτοὶ
1073 2976 1182 3047 (66)
1202 2977 1299 3030 κα).
1335 2974 1757 3047 ἀχειροτόνητοι.

533 3071 589 3127 5.
621 3071 692 3127 lis
718 3086 879 3142 porro
899 3071 1089 3126 vacuis
1118 3072 1405 3142 regressis,
1433 3070 1740 3125 Samuelem
1755 3069 1909 3126 Iesse
1938 3086 2034 3142 ag-

2204 3072 2258 3127 5.
2302 3072 2783 3143 Ὑποστρεψάντων
2814 3073 2870 3127 δὲ
2899 3075 3104 3130 τούτων
3128 3076 3307 3143 λιτῶν,
3334 3078 3654 3134 ἀνι-ἔϐαλλεν
3677 3085 3710 3135 6
3796 3108 3807 3121 -

465 3176 687 3231 gressus
709 3169 815 3227 est,
845 3161 933 3216 his
966 3162 1147 3217 verbis
1182 3180 1195 3216 :
1228 3160 1365 3227 Quid
1399 3160 1596 3224 fecisti,
1629 3175 1664 3215 ο
1690 3160 1897 3215 homo?
1923 3162 2034 3216 hal-

2151 3163 2347 3215 'Iscoatl.
2393 3163 2528 3235 πρὸς
2574 3165 2667 3216 τὸν
2699 3164 2971 3235 Σαμουὴλ,
3010 3165 3210 3234 λέγων·
3258 3169 3324 3221 Τί
3375 3172 3705 3242 πεποίηκας.

465 3252 738 3307 lucinatus
780 3266 861 3315 es,
911 3266 1012 3307 nec
1056 3258 1111 3306 te
1162 3249 1554 3304 hallucinatum
1600 3248 1881 3319 intelligis.
1926 3247 2036 3303 Aut

465 3343 728 3413 deceptus
767 3359 848 3407 es,
906 3350 1000 3397 aut
1040 3356 1127 3397 me
1172 3342 1436 3398 illusurus
1484 3340 1591 3396 huc
1629 3340 1956 3411 properasti.
1993 3342 2036 3394 Α

459 3434 641 3504 ianuae
674 3435 923 3504 ingressu
957 3434 1222 3488 aberrasti
1253 3452 1268 3488 :
1297 3433 1408 3487 alio
1452 3433 1678 3495 missus,
1725 3432 1815 3485 hie
1862 3446 2035 3487 cornu

462 3527 734 3598 protulisti
769 3547 784 3583 :
816 3543 916 3583 nos
945 3541 1087 3582 vano
1122 3525 1319 3597 gaudio
1350 3525 1630 3596 repleviin
1689 3543 1702 3579 :
1760 3525 2034 3594 pollicitus

460 3634 547 3684 es,
564 3634 666 3675 nec
686 3620 954 3690 promissa
973 3618 1333 3690 complevisti.
1353 3616 1489 3673 Tum
1511 3616 1737 3672 Samuel
1750 3616 1817 3670 ad
1834 3616 1993 3674 Iesse
2016 3636 2031 3673 :

461 3707 604 3779 Quid
631 3725 717 3766 me
740 3710 983 3777 incusas,
1015 3726 1050 3766 o
1074 3711 1281 3767 senex?
1302 3709 1530 3765 damnas
1551 3723 1676 3765 eum
1705 3710 1799 3780 qui
1822 3725 1909 3764 me
1931 3710 2035 3765 mi-

460 3801 552 3859 sit.
587 3802 671 3857 An
696 3810 873 3873 potest
892 3816 1133 3874 unquam
1164 3816 1350 3858 errare
1380 3800 1690 3873 propheta?
1721 3798 1777 3856 Si
1812 3800 2034 3872 proprio

460 3893 693 3949 consilio
721 3893 827 3950 huc
847 3893 1227 3958 accessissem,
1258 3891 1383 3963 jure
1410 3891 1713 3947 dubitares.
1738 3890 1806 3944 At
1834 3891 1880 3946 si
1908 3904 2034 3945 cor-

460 3986 613 4041 d'mm
653 3993 929 4043 scrutator
961 4002 1047 4042 me
1080 3986 1251 4050 misit,
1292 3985 1424 4056 quid
1454 3984 1686 4040 renuis?
1708 3981 1863 4038 Iesse
1900 3997 2032 4038 vero

459 4077 529 4132 a‘d
555 4076 862 4134 Samuelem
900 4098 912 4132 :
944 4076 1004 4133 lu
1029 4094 1139 4148 quo
1168 4078 1386 4135 demum
1422 4076 1703 4132 annuam?
1725 4074 1938 4130 Adduxi
1961 4074 2029 4129 ad

462 4178 515 4221 te
540 4181 756 4221 omnem
799 4167 1099 4222 liberorum
1145 4179 1389 4220 meorum
1423 4164 1633 4227 ﬂorem,
1666 4171 1720 4218 et
1754 4177 2028 4231 nusquam

463 4256 718 4325 promissi
756 4258 837 4311 tui
867 4256 1126 4312 indicium
1152 4261 1445 4325 comparet.
1482 4253 1567 4308 An
1604 4268 1714 4309 non
1736 4253 1919 4323 potius
1948 4253 2031 4322 ig-

463 4360 628 4400 noras
657 4360 782 4401 eum
832 4346 927 4416 qui
981 4355 1035 4403 te
1081 4347 1269 4401 misit?
1304 4346 1386 4400 An
1414 4361 1523 4401 non
1556 4346 1663 4401 alio
1704 4347 1907 4403 missus
1933 4346 2031 4402 es?

461 4437 712 4507 Nunquid
744 4446 803 4494 ut
832 4453 919 4494 me
952 4454 1138 4495 senem
1166 4439 1529 4494 constitueres
1558 4451 1738 4508 regem
1769 4436 1875 4490 huc
1899 4451 2026 4506 pro-

2132 3254 2418 3327 ἇνθρωπες
2462 3257 2721 3326 ἐσφάλης,
2755 3259 2865 3310 ’καὶ
2906 3259 3005 3311 ούκ
3048 3256 3210 3322 οἶδας.
3243 3262 3315 3315 Ἢ
3359 3263 3617 3332 ἐσφάλης,
3670 3266 3709 3317 ἦ

2133 3343 2320 3410 παῖξαί
2355 3363 2421 3416 με
2455 3347 2821 3418 παρέδραμες.
2859 3348 3016 3419 Παρὰ
3046 3349 3214 3420 θύρας
3246 3353 3527 3425 είσὴλυθες
3550 3373 3565 3385 ο
3604 3356 3705 3408 ἀλ-

2131 3436 2296 3507 λαχοῦ
2320 3438 2652 3507 ἀπεστάλης,
2684 3441 2778 3491 καὶ
2798 3433 2901 3493 ὧδε
2927 3440 2989 3492 ea;
3014 3441 3178 3511 κέρας
3209 3444 3533 3514 ἐγύμνωσας
3554 3464 3570 3475 ·
3602 3452 3707 3516 μαι

2130 3544 2230 3597 την
2274 3530 2422 3599 ἡμᾶς
2463 3530 2881 3600 ἐχαροποίησας,
2922 3531 3245 3603 θρυλλήσας,
3278 3536 3373 3588 κα).
3404 3536 3502 3606 τὴν
3534 3540 3706 3606 ἐπαγ-

2130 3620 2315 3687 γελίαν
2347 3620 2421 3692 μὴ
2450 3620 2761 3691 πληρώσας.
2799 3622 2855 3676 '0
2883 3623 2941 3676 δὲ
2976 3624 3228 3696 Σαμουὴλ
3274 3626 3410 3698 πρὸς
3441 3628 3535 3681 τὸν
3576 3630 3705 3682 Ἰεσ-

2132 3712 2253 3765 σαίο
2285 3711 2350 3764 Τί
2396 3712 2794 3782 καταπλήττεις
2832 3714 2966 3783 (67),
3005 3716 3311 3785 πρεσϐῦτα;
3353 3719 3700 3792 καταψηφίζῃ

2128 3803 2223 3859 τοῦ
2264 3803 2681 3868 ἀποστείλαντος
2728 3822 2816 3876 με.
2862 3807 3017 3859 Ἔστι
3049 3809 3333 3880 προφήτην
3362 3810 3699 3883 πλανηθῆναι

2130 3909 2301 3957 ποτε;
2333 3894 2396 3946 Ei
2429 3894 2529 3964 μέν
2565 3895 2743 3965 οἰκείᾳ
2769 3894 2962 3967 γνώμῃ
2991 3897 3392 3968 παρεγενόμην,
3424 3900 3606 3963 alio;
3626 3901 3697 3954 δι-

2131 3982 2375 4047 στάζειςσ
2414 3986 2464 4036 εί
2497 3983 2554 4036 δέ
2577 3985 2606 4036 ὁ
2634 3984 2742 4038 τῶν
2766 3985 3000 4057 καρδιῶν
3025 3986 3270 4059 γνὼστης
3290 3990 3577 4044 ἀπέστειλέ
3609 4007 3692 4062 με,

2127 4074 2181 4126 τί
2204 4074 2512 4139 ἀνανεύεις;
2551 4074 2607 4127 '0
2633 4074 2691 4126 δέ
2739 4075 2936 4129 Ἰεσσαὶ
2966 4076 3104 4147 πρὸς
3143 4077 3234 4131 τὸν
3274 4078 3555 4150 Σαμουήλο
3590 4082 3695 4133 Κσι

2128 4165 2187 4218 ἐν
2215 4165 2321 4217 τίνι
2350 4165 2536 4219 λοιπὸν
2564 4164 2861 4231 ἐπινεύσω;
2893 4167 3223 4237 Παρήγαγόν
3254 4184 3338 4221 σοι
3371 4171 3551 4223 πᾶσαν
3590 4168 3691 4221 τῶν

2126 4256 2331 4309 τέκνων
2361 4273 2464 4326 μου
2485 4257 2584 4328 τὴν
2623 4256 2904 4328 καλλονὴν,
2931 4260 3024 4311 καὶ
3065 4259 3300 4329 οὐδαμοῦ
3334 4262 3433 4330 τῆς
3465 4263 3687 4328 ἐπαγγε-

2128 4348 2247 4411 λίας
2269 4348 2331 4401 τὸ
2354 4347 2655 4420 γνώρισμα.
2684 4351 2776 4420 Μὴ
2808 4349 3005 4420 μᾶλλον
3023 4351 3123 4405 οὐκ
3148 4352 3319 4419 ἔγνως
3346 4354 3439 4405 τὸν
3458 4353 3687 4406 ἀποστεί-

2127 4434 2295 4488 λαντά
2323 4451 2416 4500 σε;
2444 4437 2536 4509 Μὴ
2576 4433 2685 4508 ἄρα
2713 4437 2946 4509 ἀλλαχοῦ
2975 4440 3315 4511 άπεστάληςς
3350 4444 3554 4514 Μήτιγε
3580 4440 3684 4511 (68)

461 4505 701 4597 perasti?
726 4529 865 4585 Tum
895 4528 1114 4585 Samuel
1144 4529 1214 4584 ad
1237 4527 1390 4585 Iesse
1421 4545 1435 4582 :
1472 4527 1611 4594 Quid
1625 4505 1723 4583 'me
1750 4505 2025 4598 inerepas,

2136 4527 2231 4596 ἐμὲ
2266 4526 2356 4580 τὸν
2390 4505 2696 4599 πρεσϐύτην
2736 4505 3077 4602 κατέδραμες
3107 4505 3517 4604 χειροτονῆσαιξ

460 4637 494 4676 o
516 4636 705 4688 senex,
741 4637 808 4677 an
843 4636 954 4678 non
981 4623 1147 4678 alium
1173 4623 1342 4678 habes
1365 4622 1571 4677 ﬁlium?
1602 4621 1660 4675 Si
1697 4635 1803 4675 non
1831 4621 2024 4686 habes,

462 4712 828 4768 hallucinatus
853 4728 1005 4780 sum;
1022 4715 1106 4768 sin
1127 4714 1315 4777 babes,
1335 4726 1674 4782 nequaquam
1698 4713 1893 4767 erravi.
1919 4709 2031 4767 Re-

460 4804 610 4873 ponit
636 4802 790 4862 Iesse
834 4804 901 4859 ad
937 4802 1241 4860 Samuelem
1272 4823 1285 4858 :
1312 4804 1464 4858 Alius
1505 4802 1723 4873 quidem
1763 4801 1896 4855 mihi
1936 4818 2030 4857 su-

460 4903 639 4967 perest
673 4896 845 4964 illius;
878 4896 973 4953 sed
1003 4912 1225 4967 parvus,
1258 4897 1631 4967 despicabilis,
1661 4910 1839 4964 neque
1867 4904 2028 4965 aptus

457 5002 645 5058 regno,
697 5002 858 5058 quem
893 4989 1192 5058 producere
1253 4986 1469 5058 pudeat.
1521 4986 1659 5042 Tum
1697 4984 1919 5040 Samuel
1957 4985 2027 5039 ad

457 5080 609 5133 illum
638 5099 653 5136 :
684 5079 799 5135 Vin‘
824 5088 881 5135 tu
911 5082 1199 5135 immutare
1230 5085 1560 5150 praeceptum
1583 5078 1905 5133 Creatoris?
1927 5093 2027 5147 pu-

455 5170 547 5225 det
575 5180 627 5226 te
650 5171 814 5244 367
849 5172 1000 5226 illum
1030 5169 1371 5241 producere?
1398 5168 1539 5234 Quid
1567 5168 1710 5222 enim
1733 5168 1757 5222 ?
1778 5166 1862 5221 An
1886 5168 2027 5220 mul-

456 5270 567 5315 tam
603 5267 786 5318 carnis
806 5262 1003 5318 molem
1026 5261 1178 5332 ungit
1200 5258 1342 5316 Deus
1366 5260 1390 5313 ’Ξ
1416 5258 1606 5315 Adduc
1631 5258 1814 5328 itaque
1837 5258 1988 5312 illum
2009 5275 2027 5324 ;

528 5417 572 5446 "
614 5416 631 5468 Ι
667 5416 797 5486 Reg.
835 5435 958 5482 xvr,
1000 5416 1154 5472 1-15.

527 5527 637 5601 (62)
673 5529 748 5601 Ita
777 5531 910 5601 Reg.
942 5530 996 5585 2.
1022 5531 1165 5585 Editi
1199 5547 1346 5598 vero,
1370 5530 1735 5601 ngoﬁzaoOat.

528 5548 637 5597 \uz;
674 5548 748 5583 Ita
778 5548 853 5585 uc
895 5572 910 5587 .
942 5548 996 5585 z.
1025 5548 1165 5585 nam
1199 5548 1346 5598 vero,
1370 5548 1735 5601 παοηκασυαι.

528 5598 638 5668 (65)
673 5600 803 5665 Reg.
846 5548 901 5665 ξ,
934 5601 1174 5654 διάκονον
1205 5604 1285 5664 είς
1333 5602 1425 5654 τὸν
1482 5599 1626 5656 οἶκον
1676 5597 1768 5652 τοῦ
1802 5600 2018 5655 Ἰεσσαί.

460 5667 579 5741 Μοξ
604 5677 1042 5741 χειροτονήσεως,
1072 5670 1203 5741 Reg.
1243 5672 1267 5725 l
1297 5671 1424 5741 et72.
1526 5740 1535 5741 ί
1794 5684 1797 5687 ·

527 5737 640 5812 (64)
686 5737 897 5811 RegL‘i,
945 5737 1276 5796 ἀντεοίσατο.
1314 5740 1434 5795 Mox
1487 5740 1651 5802 idem,
1682 5738 2024 5812 προχειοίσο-

459 5809 596 5881 μαιοι

2134 4619 2385 4690 Σαμουὴλ
2441 4621 2576 4693 πρὸς
2624 4622 2715 4676 τὸν
2774 4624 3002 4677 Ἰεσσαί·
3046 4626 3111 4677 Τί
3164 4642 3231 4695 με
3280 4627 3680 4695 καταπλήττειῆ

2133 4709 2449 4780 πρεσϐῦτα;
2480 4713 2592 4766 υύκ
2635 4712 2779 4782 ἔχεις
2819 4712 2977 4767 ἄλλον
3004 4716 3146 4777 υίόνς
3188 4718 3236 4767 εἰ
3270 4716 3370 4786 μὲν
3405 4716 3498 4769 οὐκ
3526 4714 3677 4783 ἔχεις.

2131 4803 2369 4873 ἐσφάλην
2394 4819 2406 4831 ·
2440 4805 2488 4856 εί
2529 4803 2585 4857 δὲ
2620 4804 2786 4875 ἔχεις,
2819 4808 2918 4859 οὐκ
2957 4806 3283 4877 ἐπλανήθην.
3323 4808 3382 4860 Ὀ
3414 4807 3468 4859 δὲ
3499 4802 3682 4858 Ἰεσσαὶ

2131 4893 2270 4963 πρὸς
2312 4893 2403 4946 τὸν
2450 4894 2735 4965 Σαμουήλ’
2772 4897 2921 4966 Ἔχω
2967 4897 3067 4966 μὲν
3109 4898 3202 4950 καὶ
3237 4897 3394 4950 ἀλλον
3427 4894 3675 4959 υίδν,ἁλλ⁹

2130 4984 2278 5053 ὅμως
2319 4985 2529 5055 μικρὸν,
2563 4986 2774 5057 εὐτελῆ,
2820 4989 2893 5059 μὴ
2934 4989 3190 5042 ποιοῦντα
3229 4988 3464 5058 βασιλέα.
3496 4984 3677 5055 Δία·χὺ-

2132 5092 2289 5146 νομαι
2312 5078 2406 5130 καὶ
2436 5078 2761 5149 προϐιϐάσαι
2786 5080 2967 5133 αὐτόν.
3003 5080 3061 5133 Ὀ
3089 5081 3145 5133 δέ
3176 5081 3425 5152 Σαμουὴλ
3447 5079 3565 5149 πρὸς
3582 5076 3677 5128 αύ-

2129 5167 2253 5220 τόνο
2286 5169 2699 5242 Παραδιατάττῃ
2731 5171 2807 5242 τῷ
2840 5172 3133 5236 Κτίσαντις
3167 5173 3393 5244 αἰσχύνῃ
3435 5166 3674 5241 προὸιόά-

2134 5276 2223 5312 σαι
2256 5258 2476 5325 τοῦτον;
2522 5261 2587 5313 Τί
2630 5262 2771 5333 γάρ;
2824 5262 3202 5333 Πολυσαρκίαν
3239 5261 3411 5334 χρίζει
3452 5262 3478 5313 ὀ
3517 5255 3670 5317 Θεόςί

2200 5530 2313 5598 (65)
2345 5527 2476 5598 Reg.
2503 5528 2553 5584 1.
2586 5527 2965 5598 προχείρησαι.
3000 5525 3205 5598 Reg.2,
3229 5523 3566 5594 προχειρίσαι.

2225 5600 2315 5654 66)
2347 5597 2496 5652 Λιτοί
2523 5597 2674 5652 deeSt
2700 5601 2753 5651 in
2780 5597 2911 5667 Reg.
2944 5597 2998 5652 2.

2221 5670 2310 5726 67)
2343 5668 2473 5739 Reg.
2500 5669 2551 5731 1,
2578 5668 2631 5727 2,
2658 5668 2719 5739 τί
2749 5668 2925 5739 λέγεις
2950 5684 2964 5733 ;

2200 5734 2315 5799 (68)
2346 5734 2579 5810 Ιιοῖἶοε.
2612 5739 2666 5804 1,
2697 5738 2751 5792 2.
2782 5734 2921 5793 Editi
2954 5752 3102 5805 vero,
3133 5737 3206 5806 μή
3239 5734 3407 5788 τοίγε.
