4022 6382
274 365 296 418 1
307 363 412 419 005

1255 357 1542 414 HOMILIA
1584 357 1651 411 ΙΝ
1690 355 1948 412 ΟᾹΞΩΗΜ
1992 355 2034 409 Α
2069 355 2510 412 NATIVITATE.

3363 352 3500 409 1006

273 483 620 553 Προχείρισαι
652 476 743 534 οὖν
779 478 963 532 τοῦτον
983 495 995 507 ·
1032 476 1279 547 λιμνάσει
1305 479 1518 540 πάντως
1549 478 1607 530 τὸ
1646 476 1842 536 ἔλαιον,

1960 474 2128 528 sinuet
2157 489 2288 528 sane
2317 473 2518 535 oleum,
2582 470 2860 525 inclinabit
2919 485 2997 533 se,
3045 479 3102 524 ut
3151 469 3320 540 probe
3351 469 3499 532 novi,

270 574 566 631 ἐπινεύσει,
595 571 730 633 οἶδα,
764 571 824 623 τὸ
855 571 1040 640 κέρας.
1072 569 1455 640 Εὐφραινέσθω
1485 586 1576 620 σου
1613 570 1640 621 6
1669 564 1835 629 οἶκος.

273 668 337 720 Τί
362 667 510 736 γάρ;
546 665 667 716 ’Ότι
703 661 896 732 μικρός
930 663 1096 723 εστιν,
1126 661 1184 713 οὐ
1217 663 1358 712 ποιεῖ
1385 659 1636 729 βασιλέα;
1680 657 1838 728 Περί-

275 775 455 830 μεινον
500 757 690 828 μικρὸν
721 796 736 817 ,
786 756 879 808 καὶ
923 755 1046 824 ὄψῃ
1079 753 1194 816 πῶς
1249 750 1401 816 οὗτος
1441 755 1470 805 6
1513 751 1704 823 μικρὸς
1747 751 1839 803 τὸν

270 852 582 918 γιγανταίον
616 847 845 917 πύργον,
887 845 978 898 τὸν
1007 844 1196 899 Γολιὰθ
1230 845 1373 913 λέγω
1414 845 1500 914 δὴ,
1536 842 1837 912 καταστρέ-

268 942 379 1010 ψει.
417 937 714 1009 Τοιγαροῦν
755 936 954 1008 ταύτην
998 937 1107 989 τῶν
1139 936 1340 1004 γονέων
1390 936 1488 1007 τὴν
1519 935 1784 1004 λοιδορίαν
1812 936 1842 987 6

246 1024 432 1085 ’Δαόὶδ
473 1031 834 1100 κατανοήσας,
885 1029 980 1082 καὶ
1029 1028 1126 1099 τὴν
1168 1028 1261 1081 τοῦ
1292 1029 1495 1100 Κυρίου
1544 1027 1842 1099 παράδοξον

271 1125 587 1196 εὐεργεσίαν
616 1123 735 1195 θείᾳ
777 1122 965 1193 Γραφῇ
995 1119 1340 1190 παραδιδοὺς,
1365 1119 1521 1173 ἐϐόαο
1573 1138 1593 1170 ι
1644 1119 1701 1171 '0
1733 1134 1836 1172 παι

270 1217 374 1286 τήρ
405 1232 506 1286 μου
535 1216 628 1268 καὶ
653 1216 686 1285 ἡ
731 1216 910 1286 μήτηρ
937 1229 1037 1282 μου
1069 1211 1425 1278 ἐγκατέλιπον
1452 1228 1519 1282 με
1543 1227 1557 1242 ο
1593 1213 1622 1264 6
1648 1209 1704 1264 δὲ
1730 1208 1844 1262 Κύ-

275 1325 388 1380 ριος
415 1306 779 1377 προσελάϐετό
814 1323 902 1376 με.
943 1324 962 1356 ι

346 1393 397 1445 4.
433 1391 646 1462 Ταύτην
678 1391 855 1444 τοίνυν
885 1391 983 1462 τὴν
1015 1391 1109 1446 τοῦ
1137 1391 1416 1462 προφήτου
1445 1389 1609 1444 Δασιδ
1636 1390 1854 1461 εὐχάρι-·

274 1495 398 1532 στον
429 1477 630 1548 φωνὴν,
672 1478 940 1548 εὐκαίρως
971 1479 1062 1532 καὶ
1088 1479 1116 1531 6
1159 1481 1224 1532 ὲκ
1249 1480 1473 1550 γενετῆς
1497 1478 1693 1547 τυφλὸς
1719 1481 1847 1534 ἀνα-

274 1565 496 1633 ϐλέψας,
535 1566 652 1634 ὲρεῖ
692 1565 1084 1636 μεγαλοφώνως
1125 1569 1217 1621 καὶ
1263 1568 1424 1630 αὐτός
1449 1585 1461 1598 ο
1505 1587 1522 1619 ι
1565 1568 1623 1621 '0
1661 1570 1847 1640 πατήρ

279 1673 377 1726 μου
414 1657 506 1709 καὶ
540 1658 572 1725 ή
609 1657 791 1729 μήτηρ
823 1675 922 1728 μου
961 1659 1316 1727 ὲγκατέλιπόν
1347 1677 1445 1728 με·
1480 1661 1510 1711 6
1551 1660 1607 1713 δὲ
1647 1659 1849 1730 Κύριος

277 1747 643 1820 προσελάϐετό
663 1767 748 1819 με.
785 1768 803 1798 ι
833 1751 877 1801 Ἷ
887 1767 975 1802 στε
999 1751 1198 1814 πάντες
1220 1751 1424 1819 σαφῶς,
1450 1751 1565 1814 πῶς
1582 1752 1674 1804 καὶ¹
1696 1746 1851 1816 οὗτος

1937 582 2126 621 cornu.
2173 566 2405 621 Laetetur
2435 567 2629 621 domus
2684 573 2794 618 tua.
2830 562 2971 628 Quid
3021 562 3200 617 enim?
3239 563 3322 615 An
3374 561 3504 630 quia

1938 671 2138 726 parvus
2169 663 2274 716 est,
2306 670 2415 709 non
2449 662 2533 709 est
2557 663 2713 723 aptus
2743 653 2944 722 regno?
2983 651 3276 705 Tantillum
3305 665 3503 720 exspe-

1938 755 2048 811 cta,
2082 755 2137 802 ct
2169 747 2380 802 videbis
2433 762 2542 816 quo
2591 753 2750 815 pacto
2777 746 2866 798 ille
2888 744 3146 813 parvulus
3174 742 3506 812 gigantinam

1941 846 2167 901 turrem,
2200 838 2415 892 Goliatli
2443 838 2677 902 scilicet,
2713 845 3036 906 prosternet.
3080 834 3231 888 lianc
3259 850 3388 905 ergo
3409 849 3509 904 pa-

1943 937 2156 984 rentum
2194 929 2574 983 contumeliam
2604 943 2786 982 secum
2817 935 3075 996 reputans
3107 925 3298 990 David,
3333 933 3388 980 et
3415 926 3507 978 ad-

1943 1019 2246 1075 mirandam
2280 1018 2494 1073 Domini
2536 1018 2924 1088 benignitatem
2951 1017 3124 1072 sacris
3153 1015 3350 1070 litteris
3380 1029 3514 1070 con-

1944 1112 2170 1183 signans
2203 1112 2539 1166 exclamabat
2572 1129 2584 1162 :
2625 1129 2644 1161 (
2689 1109 2844 1164 Pater
2891 1125 3044 1164 meus
3088 1115 3141 1163 et
3178 1115 3352 1162 mater
3391 1121 3512 1160 mea

1943 1204 2355 1274 dereliquerunt
2425 1217 2556 1266 me,
2627 1189 2891 1256 Dominus
2960 1208 3142 1254 autem
3215 1197 3528 1267 assumpsit.

1946 1310 2032 1351 me
2061 1296 2128 1350 ⁸⁸.
2171 1315 2191 1348 ι
3275 1339 3281 1346 ,

2015 1388 2070 1440 4.
2111 1386 2262 1442 lianc
2303 1387 2486 1456 itaque
2530 1385 2806 1456 prophetae
2856 1384 3027 1441 David
3073 1400 3260 1440 vocem
3311 1384 3548 1462 gratia-V

1948 1493 2070 1533 rum
2101 1477 2314 1533 actione
2345 1477 2582 1546 plenam,
2623 1483 2931 1546 opportune
2978 1476 3106 1531 item
3141 1491 3318 1532 caecus
3361 1477 3452 1531 ille
3481 1491 3517 1530 a
3539 1463 3548 1478 ”

1957 1569 2262 1632 nativitate,
2296 1568 2419 1624 visu
2451 1578 2689 1638 recepto,
2714 1582 2908 1639 magna
2933 1575 2987 1623 et
3017 1568 3134 1637 ipse
3161 1583 3292 1622 voce
3323 1569 3467 1622 dicet
3496 1584 3513 1622 :

1959 1679 1978 1712 ι
2039 1661 2200 1716 Pater
2250 1676 2406 1716 meus
2453 1667 2508 1715 et
2558 1669 2730 1715 mater
2784 1674 2904 1715 mea
2954 1658 3361 1728 dereliquerunt
3404 1673 3514 1722 me,

1952 1753 2214 1808 Dominus
2246 1763 2424 1808 autem
2455 1752 2752 1821 assumpsit
2784 1767 2890 1807 me.
2929 1771 2947 1804 ι
2985 1751 3161 1806 Probe
3197 1749 3372 1805 nostis
3401 1763 3519 1804 om-

277 1840 380 1892 ὑπὺ
407 1839 509 1910 μὲν
544 1839 650 1892 τῶν
679 1841 878 1909 γονέων
910 1841 1226 1914 διεπτύσθη,
1255 1844 1360 1896 ὑπὸ
1389 1843 1444 1896 δὲ
1467 1843 1560 1896 τοῦ
1587 1842 1720 1895 Θεοῦ
1750 1845 1850 1896 οὐκ

1960 1860 2074 1906 nes,
2100 1845 2243 1914 quod
2273 1844 2364 1898 hic
2399 1859 2615 1915 quoque
2643 1853 2697 1899 et
2726 1861 2754 1897 a
2784 1844 3100 1913 parentibus
3131 1843 3369 1911 rejectus
3400 1841 3521 1895 fue-

276 1934 692 2004 ἐγκατελείφθη.
719 1935 906 1996 Ὅπως
932 1933 986 1986 δὲ
1013 1934 1074 1986 τὸ
1097 1935 1271 2004 χρέως
1303 1933 1729 2004 ἀποδωσώμεθα,
1755 1936 1848 1987 καὶ

278 2025 473 2095 μικρὸν
501 2024 878 2095 ἀναψύξωμεν,
906 2027 990 2079 ἵνα
1013 2028 1103 2080 καὶ
1121 2027 1279 2080 πάλιν
1304 2027 1674 2097 πιστευθῶμεν
1699 2031 1847 2097 ὀφει-

274 2115 523 2184 λήματα·
577 2117 707 2188 φέρε
752 2117 928 2170 τοίνυν
978 2118 1068 2170 ἐπὶ
1126 2118 1216 2171 τὸν
1282 2119 1345 2171 ἐκ
1389 2118 1612 2188 γενετῆς
1654 2120 1852 2188 τυφλὸν

275 2207 550 2277 εὐκαίρως
578 2209 1009 2279 παραγάγωμεν.
1048 2210 1297 2272 Ἤκουες.
1328 2210 1594 2281 ἀγαπητὲ,
1622 2215 1686 2282 τῇ
1713 2229 1850 2283 προ-

273 2298 411 2370 τέρᾳ.
431 2299 526 2352 τοῦ
554 2301 939 2370 εὐαγγελιστοῦ
959 2301 1201 2355 Ἰωάννου
1234 2301 1483 2371 βοῶντος⁴
1525 2324 1542 2354 ι
1579 2304 1688 2356 Καὶ
1714 2321 1853 2374 παρ-

278 2389 450 2458 άγων,
509 2391 694 2460 φησὶν,
757 2394 786 2444 6
856 2393 1079 2463 Ἰησοῦς,
1130 2389 1266 2446 εἶδεν
1327 2393 1609 2464 ἄνθρωπον
1656 2396 1852 2464 τυφλὸν

277 2481 342 2533 ὲκ
387 2481 614 2550 γενετῆς
672 2481 1004 2553 καθήμενον·
1051 2483 1144 2536 καὶ
1189 2483 1548 2553 ἐπηρώτησαν
1604 2485 1762 2537 αὐτὸν
1803 2486 1852 2537 οί

281 2569 526 2639 μαθηταὶ
559 2570 746 2632 αὐτοῦ,
787 2571 1064 2638 λέγοντεςι
1118 2572 1325 2634 Ῥαϐϐὶ,
1358 2572 1440 2634 τίς
1473 2574 1737 2644 ἥμαρτεν,
1762 2571 1852 2626 οὐ-

279 2674 368 2720 τος
395 2658 428 2726 ἢ
460 2660 507 2709 οί
550 2662 725 2725 γονεῖς
768 2659 954 2724 αὐτοῦ,
997 2661 1085 2712 ἵνα
1125 2661 1322 2728 τυφλὸς
1355 2662 1618 2732 γεννηθῇ;
1655 2683 1671 2713 ι
1710 2664 1766 2714 ’0
1797 2663 1853 2714 δὲ

280 2747 484 2819 Κύριος
529 2749 666 2819 πρὸς
714 2750 937 2813 αὐτούς’
975 2769 993 2802 ι
1028 2751 1159 2804 Οὐδὲ
1182 2747 1332 2815 οὗτος
1362 2754 1628 2823 ἥμαρτεν,
1656 2754 1773 2806 οὐδὲ
1805 2755 1853 2805 οἱ

280 2842 458 2906 γονεῖς
488 2840 651 2892 αὐτοῦ
673 2857 686 2869 ⁸
735 2840 848 2893 ἀλλ’
877 2842 960 2893 ἵνα
993 2843 1278 2913 φανερωθῇ
1314 2843 1378 2896 τὰ
1428 2843 1564 2913 ἔργα
1596 2844 1689 2896 τοῦ
1719 2844 1854 2896 Θεοῦ

283 2931 338 2981 ὲν
369 2930 538 3000 αὐτῷ.
567 2930 752 2984 Ταῦτα
791 2931 958 2983 εἰπὼν
991 2932 1018 2982 6
1050 2932 1270 3004 Κύριος,
1298 2933 1494 2986 ἕπτυσε
1537 2935 1728 3004 χαμαὶ,
1764 2935 1857 2986 καὶ

283 3019 506 3090 ἐποίησε
530 3021 700 3092 πηλὸν
731 3022 795 3073 ἐκ
819 3021 912 3074 τοῦ
963 3022 1294 3092 πτύσματος,
1328 3025 1418 3076 καὶ
1450 3025 1706 3096 ἐπέχρισε
1733 3027 1857 3089 τοὺς

282 3112 591 3182 ὀφθαλμοὺς
625 3113 717 3166 τοῦ
756 3113 975 3182 τυφλοῦ.
1015 3133 1033 3165 ι
1072 3115 1179 3166 Καὶ
1224 3116 1537 3168 ἀπέστειλεν
1578 3105 1738 3169 αὐτὸν
1780 3119 1858 3179 εἰς

282 3179 374 3256 τδν
420 3179 680 3276 Σιλωάμο
723 3179 1102 3258 καὶ-ἀπελθὼν
1149 3206 1400 3275 ἐνίψατοο
1431 3208 1522 3260 καὶ
1568 3209 1857 3278 νιψάμενος
1885 3179 1931 3240 C

285 3295 580 3363 ἀνέϐλεψε⁶
628 3295 724 3348 καὶ
782 3297 1086 3366 ἀναϐλέψας
1146 3297 1432 3349 ἐπίστευσε
1482 3297 1559 3369 τῷ
1606 3300 1860 3351 ἀποστεί-

283 3383 454 3438 λαντι.
496 3387 692 3439 ’Ἄκουε
734 3388 983 3451 συνετῶς.
1038 3388 1426 3460 Ἐπηρώτησαν
1467 3391 1554 3443 τὸν
1587 3391 1786 3459 Κύριον
1811 3392 1860 3444 οξ

289 3478 550 3550 μαθηταὶ,
581 3479 830 3548 λέγοντες
849 3498 862 3511 ·
901 3501 919 3532 ι
963 3481 1279 3544 Διδάσκαλε,
1305 3483 1386 3546 τίς
1416 3484 1682 3556 ἥμαρτεν,
1710 3482 1861 3548 οὗτος

284 3570 318 3639 ἦ
348 3572 398 3622 οἱ
427 3574 602 3637 γονεῖς
621 3572 806 3634 αὐτοῦ,
838 3573 922 3624 ἵνα
951 3573 1146 3641 τυφλὸς
1175 3574 1438 3645 γεννηθῇ;
1482 3595 1498 3625 ι
1531 3577 1724 3629 Δικαία
1755 3578 1860 3630 τῶν

287 3660 600 3714 ἀποστόλων
641 3663 672 3732 ὴ
724 3661 1082 3732 ἐπερώτησις,
1129 3663 1278 3716 ἔνθεν
1326 3664 1615 3729 δείκνυται,
1659 3669 1738 3720 ὅτι
1787 3669 1863 3732 ὡς

288 3752 409 3822 Θεῷ
437 3752 514 3823 τῷ
546 3753 735 3824 Κυρίῳ
773 3753 946 3824 Ἰησοῦ
988 3755 1284 3826 προσίεσαν
1316 3755 1447 3825 (69).
1485 3756 1580 3820 Τίς
1615 3757 1722 3829 γὰρ
1757 3754 1862 3812 οἶδε

287 3845 358 3898 τὰ
412 3845 629 3916 κρυπτὰ
670 3845 777 3899 τῶν
829 3845 1148 3916 ἀνθρώπων,
1192 3849 1240 3900 εἰ
1304 3848 1377 3919 μὴ
1421 3851 1448 3900 6
1488 3849 1596 3902 τῶν
1630 3850 1863 3921 καρδιῶν

294 3937 616 4007 ἰχνηλάτης;
659 3937 751 3988 Διὸ
781 3937 873 3988 καὶ
899 3938 928 3989 ὁ
965 3936 1166 4008 Κύριος
1191 3939 1290 3991 οὐκ
1322 3939 1574 3993 ἀνένευσε
1605 3941 1740 4010 πρὸς
1767 3942 1864 4011 τὴν

290 4026 649 4098 ὲπερώτησιν,
687 4027 821 4081 ἀλλὰ
849 4030 1098 4100 παραυτά
1128 4029 1300 4082 ἐποίει
1338 4030 1435 4101 τὴν
1467 4032 1774 4103 ἀπόκρισιν,
1808 4036 1864 4086 ὲν

291 4118 475 4188 ταιντῷ
499 4120 592 4171 καὶ
621 4117 728 4170 τῶν
762 4120 1070 4173 ἀποστόλων
1104 4120 1199 4191 τὴν
1237 4121 1570 4194 ὲπερώτησιν
1602 4124 1867 4194 πληροφο-

297 4209 426 4281 ρῶν,
450 4211 543 4262 καὶ
567 4210 663 4280 τὴν
697 4210 858 4262 αὐτοῦ
895 4209 1202 4265 θεοπιστίαν
1230 4213 1478 4282 βεϐαιῶν.
1530 4215 1866 4287 Ἀποκριθεὶς

293 4301 402 4372 γάρ
433 4300 542 4371 (70)
570 4304 597 4353 6
624 4301 827 4368 Κύριος
856 4298 1005 4355 εἶπεν
1024 4319 1038 4331 ·
1071 4321 1088 4352 ι
1115 4302 1249 4355 Οὔτε
1279 4297 1431 4367 οὗτος
1458 4305 1720 4376 ἥμαρτεν,
1743 4305 1865 4358 οὔτε

294 4400 342 4450 οἱ
371 4403 546 4464 γονεῖς
575 4395 767 4447 αὐτοῦ⁸
807 4395 920 4447 ἀλλ’
941 4395 1025 4448 ἵνα
1056 4396 1338 4467 φανερωθῇ
1361 4396 1427 4448 τὰ
1453 4397 1587 4468 ἔργα
1612 4398 1705 4450 τοῦ
1731 4398 1866 4451 Θεοῦ

1953 1935 2047 1996 rit,
2078 1942 2132 1988 et
2160 1949 2190 1986 a
2225 1932 2334 1988 Deo
2362 1948 2471 1987 non
2503 1933 2665 1988 fuerit
2697 1933 3013 1988 derelictus.
3049 1931 3156 1987 Sed
3185 1939 3243 1986 ut
3274 1931 3522 1986 debitum

1953 2026 2350 2095 persolvamus,
2389 2025 2778 2094 paululumque
2824 2039 3163 2087 recreemur,
3205 2032 3264 2076 ut
3299 2035 3523 2076 rursum

1954 2114 2114 2170 nobis
2135 2115 2315 2170 debita
2337 2115 2738 2170 concredantur
2769 2133 2782 2169 :
2815 2129 2933 2186 age,
2982 2114 3049 2169 ad
3085 2129 3288 2168 caecum
3319 2129 3350 2167 a
3379 2110 3525 2167 nati-

1952 2205 2119 2258 vitate
2141 2213 2444 2272 opportune
2470 2204 2810 2258 accedamus.
2828 2203 3064 2270 Audisti,
3081 2204 3296 2267 dilecte,
3317 2201 3525 2271 (Domi-

1955 2294 2078 2348 nica
2125 2292 2264 2365 [71])
2303 2293 2638 2364 praecedente
2663 2293 2928 2348 Joannem
2973 2295 3362 2364 evangelistam
3410 2293 3527 2346 cla-

1956 2394 2194 2440 mantem
2229 2401 2244 2436 :
2283 2403 2302 2436 ι
2340 2384 2404 2438 Ει
2438 2386 2792 2455 praeteriens,
2826 2403 2846 2436 ι
2886 2386 3085 2455 inquit,
3121 2403 3139 2434 ι
3176 2383 3356 2448 Jesus,
3388 2383 3529 2438 vidit

1958 2479 2231 2534 hominem
2282 2492 2486 2532 caecum
2531 2492 2562 2530 a
2615 2475 2898 2532 nativitatc
2927 2478 3227 2532 sedentem.
3260 2475 3530 2529 Et'inter-

1956 2578 2284 2640 rogaverunt
2352 2584 2478 2624 eum
2544 2568 2800 2638 discipuli
2855 2569 2977 2638 ejus
3053 2585 3066 2619 :
3142 2567 3336 2631 Rabbi,
3404 2568 3531 2637 quis

1957 2661 2224 2729 peccavit,
2276 2661 2365 2714 hic
2397 2669 2491 2714 aut
2540 2671 2794 2730 parentes
2828 2660 2968 2729 ejus,
3008 2668 3066 2714 ut
3106 2675 3286 2714 caecus
3333 2673 3530 2714 nasce-

1957 2751 2141 2805 retur?
2184 2770 2202 2803 ι
2239 2750 2448 2816 Quibus
2488 2747 2753 2805 Dominus
2795 2769 2808 2805 :
2851 2768 2870 2796 ι
2906 2749 3090 2819 Neque
3125 2750 3213 2804 hic
3259 2748 3528 2818 peccavit,

1958 2860 2132 2914 neque
2168 2855 2421 2914 parentes
2465 2845 2604 2914 ejus,
2660 2846 2756 2901 sed
2803 2854 2862 2900 ut
2911 2844 3330 2900 manifestentur
3361 2857 3532 2913 opera

1959 2937 2052 2991 Dei
2078 2937 2131 2990 in
2162 2938 2277 2992 illo.
2326 2935 2450 2991 Haec
2488 2953 2613 2991 cum
2655 2937 2884 2992 dixisset
2918 2937 3199 3000 Dominus,
3231 2936 3445 3006 exspuit
3473 2936 3534 2990 in

1959 3037 2183 3096 terram,
2217 3039 2270 3084 et
2317 3028 2444 3083 fecit
2488 3029 2660 3083 lutum
2703 3044 2768 3083 ex
2815 3036 2996 3098 sputo,
3047 3037 3102 3083 et
3143 3030 3322 3083 linivit
3367 3042 3534 3097 super

1959 3122 2148 3176 oculos
2179 3122 2303 3175 czeci
2336 3121 2402 3174 ⁸⁷.
2431 3140 2449 3172 ι
2484 3119 2550 3174 Et
2577 3121 2725 3176 misit
2752 3137 2876 3176 eum
2914 3120 2982 3175 ad
3013 3119 3213 3176 Siloam
3247 3137 3264 3176 :
3296 3134 3536 3190 cumque

1961 3211 2204 3274 abiisset,
2235 3211 2363 3264 lavit
2395 3231 2408 3266 :
2432 3211 2575 3268 lotus
2603 3213 2756 3276 vidit,
2784 3213 3014 3282 visuque
3040 3221 3258 3281 recepto
3291 3211 3530 3266 credidit

1961 3303 2018 3356 in
2053 3319 2177 3357 eum
2213 3304 2308 3372 qui
2339 3303 2600 3359 misisset.
2637 3304 2762 3360 Haec
2789 3305 3086 3374 prudenter
3115 3304 3264 3359 audi.
3298 3304 3538 3359 Interro-

1963 3395 2167 3464 gabant
2212 3394 2502 3450 Dominum
2549 3396 2808 3468 discipuli
2854 3398 3100 3452 dicentes
3140 3417 3152 3450 :
3190 3415 3209 3448 ι
3256 3396 3538 3466 Magister,

1964 3488 2090 3555 quis
2125 3489 2400 3556 peccavit,
2433 3489 2522 3543 hic
2555 3499 2648 3543 aut
2678 3498 2934 3558 parentes
2961 3490 3101 3558 ejus,
3135 3497 3193 3542 ut
3228 3504 3406 3543 caacus
3438 3502 3540 3542 na-

1965 3583 2253 3635 sceretur?
2297 3600 2315 3632 ι
2357 3581 2537 3652 Αἰίιιιιι
2590 3593 2707 3637 erat
2743 3582 3116 3652 apostolorum
3161 3580 3537 3650 interrogatio,

1965 3680 2025 3727 ut
2084 3672 2210 3726 inde
2264 3673 2456 3741 liquet,
2504 3672 2651 3742 quod
2700 3671 2767 3725 ad
2814 3671 3100 3726 Dominum
3141 3669 3348 3732 Jesum,
3392 3669 3541 3723 velut

1965 3762 2162 3826 Deum,
2200 3765 2560 3819 accesserint.
2595 3763 2728 3829 Quis
2754 3764 2905 3819 novit
2932 3764 3074 3817 enim
3111 3772 3321 3818 secreta
3360 3760 3538 3815 homi-

1965 3868 2116 3919 num,
2156 3855 2261 3908 nisi
2301 3861 2575 3909 scrutator
2616 3854 2900 3909 cordium?
2925 3853 3194 3919 Quocirca
3225 3865 3325 3906 nec
3353 3849 3541 3904 Domi-

1966 3961 2072 4000 nus
2110 3946 2590 4016 interrogationem
2621 3947 2858 4016 abjecit;
2893 3947 2985 4000 sed
3019 3945 3201 3999 statim
3234 3941 3537 4013 respondit,

1966 4038 2157 4093 eadem
2188 4055 2353 4108 opera
2380 4048 2435 4093 et
2469 4039 2842 4108 apostolorum
2878 4035 3294 4107 interrogationi
3331 4033 3541 4089 faciens

1968 4131 2125 4190 satis,
2155 4138 2210 4184 et
2234 4130 2454 4184 deitatis
2485 4145 2596 4184 sua:
2622 4129 2783 4184 ﬁdem
2805 4129 3158 4183 conﬁrmans.
3184 4123 3542 4194 Respondens

1967 4220 2112 4275 enim
2161 4221 2322 4275 Jesus
2373 4220 2508 4275 dixit
2553 4240 2564 4274 :
2616 4239 2634 4271 ι
2691 4219 2874 4289 Neque
2923 4219 3013 4272 hic
3059 4216 3321 4287 peccavit,
3367 4229 3543 4284 neque

1969 4320 2224 4381 parentes
2247 4312 2367 4380 ejus
2405 4331 2416 4366 :
2459 4312 2556 4367 sed
2600 4319 2660 4366 ut
2693 4309 3114 4365 manifestentur
3151 4321 3314 4378 opera
3358 4305 3448 4360 Dei
3485 4303 3541 4357 in

1971 4407 2109 4472 illo;
2152 4425 2171 4457 ι
2208 4406 2260 4459 id
2292 4413 2376 4460 est
2419 4425 2431 4458 :
2465 4405 2652 4459 isthmc
2685 4404 2804 4474 ejus
2843 4404 3082 4465 caecitas,
3133 4415 3241 4454 non
3289 4406 3373 4454 est
3418 4411 3544 4467 pec-

296 4493 352 4543 ὲν
394 4490 575 4560 αὐτῷ·
623 4509 642 4540 δ
679 4489 953 4542 τουτέστιν
1001 4490 1034 4558 ή
1074 4488 1321 4559 παροῦσα
1369 4489 1557 4542 τούτου
1598 4489 1857 4559 τύφλωσις

1973 4505 2216 4551 calorum
2254 4511 2434 4564 ptena,
2489 4494 2582 4550 sed
2637 4502 2849 4547 natura:
2895 4490 3159 4546 defectus.
3203 4488 3357 4542 Sicut
3397 4484 3544 4544 enim

295 4583 392 4634 οὐκ
413 4581 559 4633 ἔστιν
577 4580 857 4651 ἁμαρτιῶν
875 4580 1224 4650 πρόσκομμα,
1247 4579 1381 4632 ἀλλὰ
1403 4582 1612 4650 φύσεως
1634 4583 1853 4654 σφάλμα

1975 4589 2180 4656 planta,
2231 4597 2519 4656 antequam
2560 4601 2590 4640 e
2632 4596 2774 4639 terra
2819 4584 3066 4653 pullulet,
3109 4581 3163 4634 in
3206 4577 3387 4632 radice
3427 4576 3544 4645 ple-

299 4674 510 4742 Ὠσπερ
553 4672 663 4742 γὰρ
702 4671 864 4741 φυτὸν
895 4671 1000 4741 πρὸ
1040 4671 1130 4723 τοῦ
1160 4669 1275 4742 τῆς
1300 4673 1400 4743 γῆς
1437 4673 1690 4743 ὲκκύψαι,
1719 4679 1776 4729 ὲν
1808 4682 1857 4748 τῇ

1974 4693 2208 4746 rumque
2238 4692 2304 4731 ex
2334 4675 2625 4730 ambientis
2661 4675 2804 4728 aeris
2833 4672 3118 4728 aﬂ‘ectione
3161 4670 3418 4723 damnum
3449 4680 3544 4720 ac-

300 4767 421 4837 ρίζῃ
456 4765 716 4826 πολλάκις
759 4765 866 4817 ἀπὸ
903 4765 1271 4834 περιστάσεως
1318 4765 1500 4836 ἀερίου
1536 4769 1635 4839 τὴν
1673 4769 1857 4842 eadem

1974 4769 2143 4838 cipit;
2182 4768 2255 4820 ita
2306 4777 2360 4822 et
2406 4767 2493 4820 hic
2542 4781 2571 4818 a
2616 4765 3136 4824 nativitate-caecus,
3172 4759 3361 4812 vitium
3399 4757 3545 4823 ejus-

297 4859 546 4929 δέχεται,
578 4859 722 4911 οὕτω
753 4859 846 4912 καὶ
879 4853 1033 4922 οὗτος
1066 4861 1093 4912 6
1126 4860 1190 4910 ὲκ
1219 4861 1442 4930 γενετῆς
1473 4861 1688 4929 τυφλὸς,
1725 4865 1781 4914 ὲν
1806 4867 1857 4933 τῇ

1973 4860 2119 4914 modi
2151 4860 2205 4912 in
2242 4867 2395 4913 utero
2420 4858 2692 4912 contraxit
2720 4875 2734 4923 ;
2766 4857 2879 4912 sive
2911 4854 3055 4924 quod
3082 4859 3363 4906 maternus
3392 4850 3546 4903 sinus

298 4946 451 5020 νηδύϊ
481 4950 578 5020 τὴν
632 4952 879 5020 πήρωσιν
909 4950 1151 5014 ἐδέξατο·
1182 4951 1215 5020 ἦ
1251 4950 1342 5004 τοῦ
1385 4950 1636 5021 μητρῴου
1675 4953 1872 5005 κόλπου

297 5043 591 5096 ἀνευθέτου
621 5041 974 5114 ὑπάρχοντος,
1005 5042 1037 5111 ἢ
1069 5042 1160 5095 τοῦ
1196 5042 1448 5113 πατρῴου
1484 5043 1686 5114 σπόρου
1719 5062 1876 5097 κακοα

298 5134 475 5204 χύμου
499 5133 946 5202 καταϐληθέντος.
964 5135 1020 5186 Ὀ
1043 5133 1098 5186 δὲ
1121 5135 1217 5204 τὴν
1241 5135 1532 5202 σφαλεῖσαν
1561 5136 1720 5205 φύσιν
1741 5139 1876 5207 διορο

300 5226 581 5280 θώσασθαι
611 5225 904 5295 δυνάμενος
947 5225 1096 5278 οὐδὲν
1130 5226 1310 5297 ἕτερον
1343 5226 1506 5295 ἢτῶν
1534 5227 1746 5296 φύσεων
1783 5229 1876 5298 δη-

305 5317 565 5388 μιουργὸς
605 5313 980 5384 εὑρεθήσεται.
1014 5314 1105 5366 Διὸ
1144 5316 1238 5368 καὶ
1271 5318 1298 5368 6
1331 5315 1533 5386 Κύριος
1565 5317 1876 5388 ἀπεφήνατο

377 5474 420 5504 ⁶⁶
449 5469 600 5525 Psal.
643 5468 930 5537 xxvi,10.l
993 5467 1035 5499 ⁸⁷
1075 5466 1236 5522 Joan.
1273 5482 1350 5531 Ix,
1393 5469 1505 5533 1-5,
1543 5469 1595 5524 6.

383 5625 488 5698 (69)
524 5624 605 5679 lta
639 5623 776 5694 Reg.
803 5625 858 5698 2.
891 5622 1035 5698 Editi
1064 5623 1540 5698 vero,__rrpooﬁcav.
1560 5621 1708 5698 infra
1738 5623 1871 5693 Reg.

303 5699 356 5764 2,
387 5692 661 5771 ἐρώτησιν
694 5692 792 5764 pro
824 5693 1178 5771 ὲπεριῦτησιν.
1207 5692 1360 5771 ιιξίάικ
1385 5692 1514 5771 lieg.
1552 5696 1602 5761 1,
1635 5695 1691 5763 2,
1737 5692 1876 5766 quas

305 5763 612 5842 asquimur,
645 5763 1108 5834 παραυτά.Εαίῑῇ
1138 5764 1267 5834 παρ’
1302 5764 1490 5834 αὐτήν.

1983 4953 2128 5006 haud
2165 4961 2310 5006 recte
2347 4951 2683 5020 compositus
2721 4958 2889 5009 esset,
2924 4948 3040 5002 sive
3073 4942 3217 5017 quod
3261 4951 3548 5012 paternum

1983 5061 2166 5100 semen
2209 5044 2492 5107 emissum,
2525 5043 2780 5098 vitiosum
2829 5048 2996 5096 esset.
3030 5038 3133 5104 Qui
3174 5049 3335 5106 porro
3362 5047 3550 5087 erran-

1982 5143 2091 5190 tem
2155 5145 2404 5188 naturam
2456 5142 2632 5202 potest
2679 5133 2983 5202 corrigere,
3030 5128 3165 5183 nihil
3220 5139 3351 5181 sane
3406 5122 3551 5176 aliud

1983 5241 2143 5295 quam
2176 5233 2492 5278 naturarum
2525 5233 2738 5279 creator
2766 5220 3220 5293 deprehendetur.
3240 5217 3419 5283 Quare
3440 5213 3552 5268 haec

1984 5317 2247 5372 Dominus
2279 5316 2654 5387 pronuntiavit
2687 5335 2698 5368 :
2738 5334 2756 5367 ι
2804 5313 2990 5384 Neque
3035 5313 3124 5366 hic
3162 5306 3430 5380 peccavit,
3459 5319 3556 5360 ne-

2051 5624 2166 5698 (70)
2200 5624 2272 5698 Ita
2303 5623 2436 5698 Reg.
2462 5625 2533 5698 2._
2555 5621 2697 5698 Editi
2726 5629 2928 5690 autem,
2959 5616 3310 5689 Ἀποκριθεὶς
3337 5610 3416 5679 δέ.

2056 5695 2170 5769 (71)
2208 5695 2299 5752 Sic
2332 5695 2690 5754 iiOlsteinius.
