4022 6382
538 360 677 418 1007

1634 359 1714 414 ’5.
1756 356 2219 413 ATHANASIUS.
2258 388 2327 399 —
2367 355 2641 413 SPURIA.

3628 354 3760 409 1008

535 491 647 546 que
683 482 937 546 parentes
964 472 1107 543 ejus,
1142 471 1238 527 sed
1272 474 1331 526 ut
1357 472 1775 529 manifestentur
1803 488 1969 545 opera
1999 473 2096 529 Dei

2197 473 2368 543 λέγων
2387 489 2401 504 ο
2441 493 2459 525 ι
2488 472 2622 527 Οὔτε
2656 465 2808 535 οὗτος
2838 472 3101 542 ἥμαρτεν,
3128 466 3249 521 οὗτε
3273 469 3324 520 oi
3349 468 3535 535 γονεῖς
3578 467 3772 532 αὐτοῦ,

536 567 594 621 in
639 568 751 621 illo.
803 585 824 619 ι
872 565 1074 636 Hisque
1126 566 1374 636 prolatis,
1413 566 1702 621 confestim
1750 566 1871 637 ipso
1911 581 2097 637 opere,

534 673 658 714 sese
681 657 917 712 Ostendit
953 672 1075 712 esse
1106 664 1422 710 naturarum
1452 663 1780 719 creatorem,
1812 671 1875 710 ae
1921 655 1989 711 de
2041 671 2101 712 se

533 751 655 820 ipso
705 749 913 804 dixisse
965 766 979 803 :
1030 765 1051 798 ι
1112 757 1172 803 ut
1222 748 1643 805 manifestentur
1688 762 1849 819 Opera
1898 747 1994 802 Dei
2045 747 2101 802 in

534 842 628 895 illo
656 859 672 907 ;
710 859 729 893 ι
762 841 815 894 id
855 846 958 904 est,
990 850 1050 895 ut
1080 856 1176 912 per
1201 842 1355 895 illum
1390 841 1730 910 exploratum
1758 841 1830 896 sit
1859 856 1965 904 me,
1992 853 2101 893 non

532 947 741 986 merum
778 931 1075 993 hominem,
1108 932 1204 988 sed
1246 931 1417 987 Deum
1462 932 1657 986 fortem
1701 946 1841 986 esse.
1884 929 2103 985 Poterat

530 1024 673 1078 enim
699 1021 960 1079 Dominus
981 1024 1100 1078 solo
1131 1023 1296 1079 verbo
1318 1038 1521 1079 caecum
1550 1037 1768 1086 curare,
1800 1023 1892 1092 qui
1936 1021 2103 1077 verbo

530 1116 698 1171 cmlos
744 1113 1086 1177 firmaverat,
1132 1114 1286 1183 juxta
1348 1113 1593 1191 divinum
1643 1112 1774 1167 illud
1831 1113 2034 1168 dictum
2084 1130 2098 1168 :

536 1224 555 1256 ι
604 1203 780 1260 Verbo
812 1204 1026 1260 Domini
1056 1206 1182 1261 caeli
1213 1206 1410 1258 ﬁrmati
1446 1215 1573 1259 sunt
1605 1204 1679 1269 63;
1709 1222 1727 1254 ι
1749 1211 1959 1272 poterat
1995 1205 2103 1259 ita-

529 1313 636 1368 que
666 1297 832 1351 verbo
859 1295 1006 1350 hunc
1046 1310 1077 1348 a
1108 1296 1389 1350 nativitate
1416 1310 1618 1349 caecum
1658 1309 1872 1349 curare.
1928 1292 1984 1348 ld
2021 1305 2103 1349 ta-

529 1404 652 1445 men
683 1388 903 1442 minime
941 1388 1090 1448 facit.
1123 1387 1216 1442 sed
1256 1387 1368 1441 luto
1397 1387 1588 1441 oculos
1619 1386 1777 1455 ungit
1816 1386 1999 1451 illius;
2042 1396 2101 1441 ut

530 1481 708 1549 palam
775 1476 978 1533 faceret
1047 1476 1338 1539 omnibus,
1398 1491 1523 1530 esse
1576 1489 1636 1529 se
1706 1475 1856 1529 illum
1910 1474 2100 1529 Adami

536 1570 789 1640 figulum,
838 1568 934 1638 qui
975 1568 1149 1623 simile
1190 1566 1353 1622 simili
1407 1566 1718 1620 resarciret.
1775 1564 1894 1619 Non
1945 1565 2103 1619 inno-

532 1670 624 1715 vat
652 1660 950 1715 curationis
996 1658 1212 1723 seriem,
1261 1672 1329 1713 ne
1372 1658 1695 1711 miraculum
1740 1656 2029 1725 dissiparet
2083 1673 2096 1709 :

532 1754 709 1808 lutum
769 1753 882 1806 luto
938 1752 1146 1820 iuungit
1196 1772 1217 1805 ‹;
1277 1764 1340 1803 ac
1398 1750 1574 1804 simile
1633 1749 1795 1802 simili
1848 1749 2095 1804 resarcit.

2199 566 2311 619 ἀλλ’
2346 566 2433 619 ἵνα
2465 563 2748 636 φανερωθῇ
2775 563 2843 615 τὰ
2868 562 3001 634 ἔργα
3028 560 3119 614 τοῦ
3151 557 3288 611 Θεοῦ
3328 559 3390 611 ὲν
3410 559 3593 631 αὐτῷ.
3630 579 3651 612 ι
3673 561 3774 617 Καὶ

2198 658 2367 713 ταῦτα
2393 654 2562 709 εἰπὼν
2584 653 2785 717 εὐθέως
2815 651 2901 704 διὰ
2925 651 3019 704 τοῦ
3052 650 3211 721 ἔργου
3237 648 3531 719 γνωρίζει,
3568 651 3655 703 ὅτι
3687 653 3774 705 αὖ.

2197 750 2287 812 τός
2321 749 2468 800 ἔστιν
2493 748 2522 799 6
2545 744 2652 798 τῶν
2682 743 2892 813 φύσεων
2923 741 2983 812 δη
2994 740 3267 811 μιουργδς,
3302 741 3405 793 καὶ
3432 743 3522 794 ὅτι
3547 744 3678 813 περὶ
3695 744 3775 796 αὑ-

2198 842 2293 894 τοῦ
2345 840 2560 906 ἔλεγεν·
2595 854 2613 888 ι
2644 838 2729 889 ἵνα
2771 834 3054 905 φανερωθῇ
3099 831 3167 883 τὰ
3214 831 3358 902 ἔργα
3402 833 3504 886 τοῦ
3546 834 3683 887 Θεοῦ
3720 837 3773 888 ὲν

2198 930 2381 1001 αύτῷ·
2432 950 2449 981 ι
2484 928 2780 989 τουτέστιν,
2808 927 2893 979 ἵνα
2936 921 3221 995 γνωρισθῶ
3251 923 3321 978 δι’
3352 925 3549 989 αὑτοῦ,
3584 927 3666 980 ὅτι
3687 926 3777 1005 ούιι

2199 1023 2315 1092 είμὶ
2345 1021 2487 1084 λιτὸς
2523 1020 2823 1092 ἄνθρωπος,
2864 1016 2997 1071 ἀλλὰ
3023 1017 3154 1078 Θεὸς
3191 1019 3484 1089 κραταιός.
3529 1020 3774 1073 Ἦδύνατο

2198 1114 2307 1184 γὰρ
2336 1115 2365 1166 6
2395 1113 2596 1181 Κύριος
2619 1111 2694 1181 τῷ
2722 1113 2921 1182 ῥήματι
2959 1109 3099 1179 μόνῳ
3120 1106 3226 1161 τὸν
3264 1110 3461 1179 τυφλὸν
3510 1111 3769 1174 ἰάσασθαι,

2198 1208 2228 1258 6
2257 1207 2396 1276 λόγῳ
2436 1205 2563 1267 τοὺς
2605 1203 2865 1275 οὐρανοὺς
2907 1199 3251 1273 mapalia-ag,
3290 1204 3430 1258 κατὰ
3477 1204 3540 1257 τὸ
3578 1205 3769 1271 φάσκον

2201 1296 2339 1347 θεῖον
2372 1294 2563 1365 ῥητόν·
2599 1312 2617 1345 ι
2655 1292 2744 1362 Τῷ
2784 1292 2927 1362 λόγῳ
2951 1290 3161 1361 Κυρίου
3198 1294 3249 1345 οί
3279 1294 3498 1364 οὐρανοὶ
3527 1292 3770 1363 ἐστερεώ-

2200 1387 2368 1457 θησαν
2385 1402 2399 1417 ⁸
2440 1406 2460 1437 ι
2486 1384 2714 1455 ⁴ίγδύνατο
2737 1381 2829 1439 οὖν
2853 1384 2995 1454 λόγῳ
3023 1382 3111 1435 καὶ
3142 1383 3335 1438 τοῦτον
3361 1384 3452 1438 τὸν
3471 1387 3537 1438 ἐκ
3557 1385 3766 1454 γενετῆς

2199 1476 2396 1545 τυφλὸν
2439 1475 2793 1547 θεραπεῦσαι.
2839 1474 2975 1527 Ἀλλ’
3009 1475 3068 1527 οὐ
3098 1476 3250 1527 ποιεῖ
3280 1472 3460 1535 τοῦτο,
3512 1472 3680 1542 πηλὸν
3714 1470 3763 1523 δὲ

2199 1566 2431 1637 ἐπιχρίει
2471 1570 2583 1628 τοῖς
2609 1565 2903 1636 ὀφθαλμοῖς
2950 1564 3059 1635 (72)
3099 1564 3293 1626 αὐτοῦ,
3323 1565 3411 1617 ἵνα
3442 1566 3577 1617 πᾶσι
3622 1580 3764 1632 φανε-

2186 1658 2293 1730 ρὸν
2321 1660 2658 1730 καταστήσῃ,
2690 1661 2771 1713 ὅτι
2803 1659 2963 1722 αὑτός
2992 1660 3137 1711 ἐστιν
3163 1659 3192 1710 6
3216 1658 3313 1710 καὶ
3341 1656 3436 1710 τοῦ
3477 1657 3652 1726 Ἀδὰμ
3678 1671 3761 1707 κε-

2203 1750 2427 1820 ραμεὺς,
2453 1752 2546 1805 καὶ
2567 1750 2655 1803 διὰ
2674 1750 2765 1803 τοῦ
2791 1749 2974 1820 ὁμοίου
2997 1750 3058 1802 τὸ
3078 1750 3257 1819 ὅμοιον
3282 1746 3619 1818 ἀποπληρῶν
3637 1744 3763 1811 (73?.

534 1845 727 1900 Posset
780 1852 959 1898 autem
1021 1842 1143 1912 quis
1189 1841 1387 1903 dicere,
1444 1839 1565 1894 ideo
1612 1836 1907 1891 Dominum
1969 1839 2095 1893 ατοὶ

2199 1843 2273 1894 Ού
2300 1842 2492 1906 ξενίζει
2528 1842 2626 1911 τὴν
2648 1842 2941 1913 περιοδίαν,
2972 1843 3058 1895 ἵνα
3087 1842 3159 1912 μὴ
3175 1838 3506 1912 διασκεδάσῃ
3528 1838 3629 1908 τὴν
3652 1836 3768 1889 θαυ-

534 1937 724 1994 oculos
762 1935 1041 1990 inunxisse
1077 1935 1210 1997 luto,
1254 1941 1313 1986 ut
1355 1933 1532 2002 palam
1576 1930 1831 1985 omnibus
1874 1929 2097 1996 faceret,

535 2041 594 2082 se
626 2026 800 2097 ipsum
832 2039 954 2080 esse
976 2025 1068 2094 qui
1101 2024 1361 2077 Adamum
1389 2037 1453 2077 es
1493 2023 1608 2076 luto
1647 2023 2007 2078 elformasset.

2210 1934 2539 2005 ματουργίαν
2554 1951 2567 1965 ⁵
2595 1934 2759 2004 πηλὸν
2783 1935 2875 1989 ἐπὶ
2900 1934 3067 2003 πηλὸν
3090 1933 3344 2005 ὲπιχρίει,
3367 1932 3454 1986 διὰ
3478 1932 3571 1986 τοῦ
3592 1932 3762 1999 ὁμοίου

2204 2024 2266 2077 τὸ
2287 2025 2471 2095 ὅμοιον
2508 2025 2859 2098 ἀναπληρῶν.
2890 2027 3043 2079 Ἔστι
3072 2024 3127 2077 δὲ
3158 2026 3373 2087 πάντως
3412 2025 3589 2076 εἰπεῖν
3633 2039 3764 2091 τινα,

534 2118 629 2170 καὶ
675 2118 755 2170 ὅτι
801 2114 986 2169 τούτου
1031 2113 1190 2186 χάριν
1221 2115 1249 2166 ὁ
1282 2113 1482 2185 Κύριος
1527 2114 1709 2185 ἔχρισε
1766 2114 1924 2186 πηλῷ
1970 2116 2097 2180 τοὺς
2128 2116 2436 2187 ὀφθαλμοὺς
2458 2119 2550 2172 τοῦ
2582 2120 2803 2189 τυφλοῦ,
2830 2120 2918 2174 ἵνα
2950 2123 3080 2173 πᾶσι
3136 2118 3370 2189 φανερὸν
3433 2116 3763 2187 καταστήσῃ,

530 2207 612 2260 δτι
643 2207 802 2269 αὐτός
832 2208 977 2259 ἐστιν
999 2207 1027 2259 6
1058 2206 1149 2258 καὶ
1170 2206 1261 2259 τὸν
1301 2205 1471 2277 Ἀδὰμ
1494 2205 1920 2277 χοοπλαστήσας.

600 2297 765 2368 368
801 2297 849 2351 5.
894 2294 1030 2362 Quid
1051 2311 1216 2367 porro
1243 2310 1423 2351 causae
1447 2304 1531 2351 est
1561 2295 1704 2365 quod
1740 2311 1861 2351 eum
1893 2297 2102 2352 miserit

532 2390 588 2444 in
629 2389 869 2443 Siloam?
904 2388 984 2442 An
1017 2389 1180 2443 etiam
1213 2387 1478 2442 Adamum
1510 2389 1565 2442 in
1602 2387 1802 2443 Siloam
1848 2389 2100 2445 demisit?

534 2482 755 2537 Attente
790 2480 937 2535 audi.
989 2479 1220 2546 Quando
1261 2481 1529 2533 Adamum
1577 2480 1833 2536 Dominus
1875 2497 1937 2535 ex
1982 2483 2096 2536 luto

535 2573 824 2636 formabat,
858 2573 1276 2642 repugnantium
1319 2568 1631 2624 Judaeorum
1674 2572 1860 2627 aderat
1891 2588 2047 2628 nemo
2077 2592 2091 2629 :

532 2679 657 2718 eum
685 2678 846 2719 nemo
869 2664 1048 2733 itaque
1075 2663 1292 2717 adesset
1312 2662 1405 2732 qui
1433 2661 1852 2728 contradiceret,
1886 2666 2096 2722 minore

533 2766 795 2827 apparatu
819 2755 1198 2811 rationabilem
1231 2755 1373 2810 hanc
1399 2762 1632 2809 statuam
1668 2756 1912 2826 perfecit.
1945 2759 2098 2815 Nunc

531 2863 663 2903 vero
708 2863 830 2904 cum
890 2846 1051 2901 multi
1104 2843 1504 2909 eontradicant,
1567 2844 1728 2915 longa
1778 2847 2101 2903 circuitione

533 2939 726 3004 utitur,
753 2947 813 2991 ut
845 2944 1165 3008 potestatem
1202 2934 1429 2990 aﬂirmet
1469 2948 1664 3000 suam;
1694 2943 1753 2988 ut
1780 2936 1864 2990 vel
1903 2938 2100 2993 invitos

534 3029 967 3084 contradicentes
1000 3027 1067 3082 ad
1113 3029 1362 3083 miraculi
1406 3043 1689 3085 assensum
1742 3029 2099 3099 pertraheret.

2271 2296 2323 2351 5.
2355 2297 2512 2361 Τίνος
2556 2298 2614 2351 δὲ
2658 2297 2842 2351 ἕνεκεν
2873 2298 3187 2355 ἀπέστειλεν
3227 2297 3389 2352 αὐτὸν
3435 2298 3519 2360 είς
3563 2297 3655 2350 τὸν
3684 2297 3763 2349 Σι-

2199 2387 2394 2458 λωάμ;
2423 2388 2515 2458 Μὴ
2542 2391 2635 2443 καὶ
2664 2390 2755 2445 τὸν
2800 2390 2969 2461 Ἀδὰμ
3003 2393 3081 2455 είς
3104 2390 3195 2444 τὸν
3221 2390 3444 2460 Σιλωὰμ
3475 2390 3762 2462 ἐχάλασενς

2200 2478 2400 2532 Ἀκουε
2447 2479 2700 2542 συνετῶς.
2761 2480 2887 2533 Ὀτε
2932 2481 3023 2533 τὸν
3062 2479 3284 2549 Ἀδὰμὸ
3325 2480 3534 2552 Κύριος
3581 2479 3763 2550 ἐπηλύ-

2199 2568 2370 2622 πλασε
2408 2569 2542 2639 (74),
2574 2572 2694 2624 τότε
2736 2570 2907 2634 οὐδεὶς
2935 2570 3043 2624 τῶν
3075 2572 3465 2638 ἀντιλεγόντων
3509 2572 3761 2625 Ἰουδαίων

2199 2659 2381 2732 παρῆν
2400 2677 2413 2690 ·
2442 2662 2564 2714 ἐπεὶ
2591 2658 2682 2716 οὖν
2708 2663 2882 2725 οὐδεὶς
2908 2659 2975 2735 ἦν
2998 2662 3312 2731 ἀντιλέγων,
3336 2662 3457 2716 τότε
3485 2664 3584 2734 μὲν
3613 2665 3641 2716 6
3663 2661 3760 2716 Κύ-

2196 2768 2315 2825 ριος
2357 2754 2916 2827 εὐσυσταλτικώτερον
2964 2756 3055 2809 τὸν
3100 2755 3315 2823 λογικὸν
3343 2757 3635 2828 ἀνδριάντα
3667 2774 3757 2810 καί

2198 2845 2558 2909 τασκευάζει·
2605 2848 2722 2901 νυνὶ
2752 2848 2807 2900 δὲ
2839 2847 2915 2911 ὠς
2956 2845 3164 2900 πολλῶν
3205 2847 3373 2901 ὄντων
3403 2848 3514 2900 τῶν
3563 2847 3757 2901 ἀντιλε-

2200 2935 2424 3005 γόντων,
2468 2937 2723 2993 πλατύνει
2758 2938 2853 3010 τὴν
2899 2938 3192 3010 περιοδίαν,
3246 2939 3333 2992 ἴνα
3381 2939 3622 3011 κρατύνῃ
3672 2937 3756 3009 τὴν

2200 3028 2464 3095 ἐξουσίαν,
2510 3031 2657 3093 ὅπως
2690 3031 2783 3083 καὶ
2822 3031 3053 3094 ἄκοντας
3083 3033 3206 3095 τοὺς
3234 3030 3615 3099 ἀντιλέγοντας
3655 3034 3758 3084 ἐπιε-

532 3120 707 3189 Hujus
742 3122 818 3176 rei
857 3122 1030 3192 gratia
1075 3122 1188 3176 luto
1228 3122 1511 3177 inuuctum
1548 3121 1701 3175 illum
1743 3121 1893 3176 misit
1924 3120 1977 3174 in
2010 3120 2098 3176 Si-

2202 3120 2387 3174 νεῦσαι
2418 3121 2495 3192 τῷ
2528 3121 2761 3193 θαύματι
2809 3122 3217 3194 παρασκευάσῃ.
3254 3122 3459 3176 Τούτου
3493 3122 3587 3178 οὖν
3616 3124 3758 3196 χάριν

535 3211 701 3279 loam,
745 3220 803 3266 ut
846 3227 968 3268 sese
1014 3212 1306 3269 ablueret:
1350 3230 1458 3270 non
1502 3215 1647 3285 quod
1692 3213 1840 3269 Siloa
1895 3223 2096 3284 egeret,

538 3301 700 3359 Siloa
730 3301 1031 3372 Dominus;
1066 3302 1160 3360 sed
1189 3315 1251 3360 ut
1274 3313 1528 3363 currente
1553 3321 1718 3370 casco,
1742 3306 1833 3377 qui
1859 3306 2101 3362 viderent

539 3403 916 3465 sequerentur,
953 3406 1204 3467 essetque
1243 3399 1334 3468 qui
1379 3414 1486 3453 non
1530 3394 1768 3462 videbat,
1802 3399 2099 3454 videntium

534 3487 645 3543 dux
691 3505 705 3542 :
754 3487 857 3558 ipsi
899 3496 1078 3544 autem
1118 3489 1210 3559 qui
1253 3490 1645 3557 accurrissent,
1709 3499 1880 3546 testes
1920 3490 2100 3545 forent

535 3578 806 3634 miraculi.
853 3576 1012 3644 Nam,
1045 3595 1167 3633 cum
1195 3581 1327 3635 illud
1376 3579 1636 3636 Dominus
1669 3581 1891 3640 faceret.
1921 3581 2101 3637 mitte-

531 3677 724 3741 retque
771 3671 1045 3726 hominem
1086 3672 1139 3726 in
1180 3670 1417 3738 Siloam,
1454 3673 1815 3728 accurrehant
1853 3674 2099 3743 ingentes

535 3760 730 3825 turbae,
758 3762 1022 3817 miraculo
1053 3762 1425 3818 testimonium
1456 3764 1823 3833 perhibentes.
1859 3761 1964 3817 Sed
1998 3762 2098 3817 ad-

536 3853 643 3909 huc
697 3855 1056 3909 susurrabant
1114 3852 1395 3919 Pharisaei,
1446 3857 1664 3911 curiose
1712 3871 1824 3911 rem
1879 3857 2100 3912 investi-

532 3953 743 4017 gantes.
775 3960 840 4000 ac
867 3946 1211 4016 phantasiam
1236 3960 1361 4001 esse
1396 3947 1720 4001 miraculum
1752 3947 1881 4001 illud
1912 3949 2098 4002 excla-

533 4037 776 4091 mabant.
813 4036 952 4102 Quid
989 4037 1186 4090 facturi
1228 4045 1406 4100 erant,
1442 4038 1543 4091 nisi
1584 4038 1827 4107 longiore
1865 4040 2099 4094 circuitu

532 4129 855 4182 miraculum
876 4129 1248 4197 tlesignasset?
1270 4126 1423 4194 Quod
1451 4131 1496 4184 si
1515 4130 1620 4183 alia
1637 4131 1848 4185 ratione
1862 4132 2101 4188 volueris

537 4215 741 4269 Siloam
789 4217 842 4270 in
892 4217 1118 4288 figuram
1167 4219 1415 4288 accipere
1455 4220 1676 4288 piscina:
1724 4220 2097 4290 baptismatis,

538 4318 879 4374 nequaquam
907 4322 936 4359 a
969 4322 1096 4362 vero
1135 4308 1472 4363 aberraveris
1502 4350 1516 4373 ,
1579 4312 2017 4382 quandoquidem
2043 4314 2099 4368 in

538 4391 631 4445 illa
649 4392 884 4448 universi
914 4394 1237 4463 ignorantia:
1254 4396 1490 4452 tenebris
1513 4397 1780 4465 lavantur,
1811 4401 2099 4473 lumenque

538 4485 640 4552 pia:
663 4484 943 4555 religionis
971 4486 1268 4556 accipiunt.

605 4657 660 4713 6.
701 4657 857 4725 Quod
907 4668 1086 4715 autem
1146 4669 1268 4731 post
1313 4670 1519 4717 tantam
1583 4664 1825 4721 miraculi
1886 4682 2091 4724 moram

531 4745 845 4808 Iudaeorum
906 4754 1150 4825 plerique
1207 4756 1470 4811 miraculo
1524 4758 1984 4826 contradixerint,
2038 4762 2093 4817 id

532 4848 735 4904 audisti
782 4866 849 4906 ex
883 4851 1231 4923 evangelista!
1258 4854 1442 4908 verbis
1475 4872 1487 4908 :
1527 4872 1546 4905 ι
1588 4855 1774 4926 Itaque
1816 4857 2004 4921 vicini,
2039 4864 2094 4912 et

534 4946 628 5002 qui
658 4943 904 4998 viderant
930 4959 1056 5000 eum
1092 4946 1248 5015 prius
1300 4946 1430 5014 quia
1469 4947 1749 5002 mendicus
1770 4956 1909 5011 erat,
1940 4948 2091 5003 dice-

534 5030 665 5087 bant
718 5052 731 5087 :
788 5032 979 5091 Nonne
1024 5036 1112 5090 hic
1141 5046 1226 5092 cst
1279 5037 1370 5107 qui
1430 5038 1799 5103 mendicahat,
1845 5054 2023 5093 caecus
2062 5053 2094 5092 a

532 5125 850 5181 nativitate?
889 5127 995 5183 Alii
1040 5127 1311 5190 dicebant,
1360 5127 1497 5193 Quia
1551 5129 1637 5183 hic
1675 5139 1757 5185 est
1802 5149 1814 5184 :
1867 5130 1957 5184 alii
1996 5145 2095 5185 au-

531 5217 641 5269 tem
677 5233 690 5270 :
720 5215 1090 5289 Nequaquam,
1126 5220 1220 5276 sed
1257 5220 1450 5275 similis
1480 5232 1564 5276 est
1605 5221 1677 5276 ei.
1719 5223 1812 5277 llle
1836 5237 1966 5279 vero
1995 5223 2091 5293 qui

531 5306 708 5361 visum
754 5320 1062 5380 receperat,
1103 5311 1317 5368 dicebat
1355 5332 1368 5367 :
1400 5313 1537 5379 Quia
1573 5329 1672 5385 ego
1717 5329 1835 5369 sum
1863 5355 1877 5381 ,
1923 5331 2086 5386 quem

610 5459 657 5491 ⁸⁸
691 5460 832 5515 Psal.
870 5480 1057 5530 χχιιι,
1094 5468 1148 5522 6.

628 5626 715 5710 2?)
744 5628 892 5710 Reg;
908 5635 963 5697 2,
994 5635 1279 5710 έπέχρισεν
1309 5639 1445 5710 τοὺς*
1462 5637 1789 5710 ὀφθαλμούς.

629 5631 715 5693 '79.)
744 5631 874 5701 Reg.
908 5635 963 5697 2,
994 5635 1090 5689 ἐπέ
1132 5653 1279 5706 ρισεν
1309 5639 1435 5701 τοὺς
1462 5637 1789 5710 ὀφθαλμούς.

602 5631 715 5771 ἱτδ)
756 5699 829 5753 Ita
858 5703 987 5776 Reg.
1012 5705 1064 5762 2.
1090 5655 1233 5762 ἒόὶιί
1254 5723 1401 5774 vero,
1425 5707 1513 5762 διὰ
1539 5708 1631 5763 τοῦ
1656 5710 1717 5763 τὸ
1760 5712 1941 5784 ὅμοιον
1968 5709 2090 5764 ἀνευ

2200 3215 2482 3268 ἀπέστειλε
2525 3216 2614 3270 τὸν
2645 3217 2945 3291 πηλοφόρον
2988 3219 3067 3283 είς
3096 3218 3187 3273 τὸν
3234 3220 3454 3293 Σιλωὰμ
3496 3224 3755 3294 νίψασθαι,

2198 3308 2296 3378 οὐχ
2327 3307 2407 3360 ὅτι
2433 3307 2528 3361 τοῦ
2558 3308 2776 3379 Σιλωὰμ
2806 3309 3033 3381 ἔχρῃζεν
3064 3313 3091 3364 ὁ
3116 3311 3209 3366 τοῦ
3240 3313 3459 3385 Σιλωὰμ
3486 3316 3754 3386 δεσπότηςδ

2199 3398 2313 3451 ἀλλ’
2345 3399 2512 3466 ὅπως,
2553 3399 2647 3451 τοῦ
2679 3400 2878 3470 τυφλοῦ
2908 3394 3207 3474 τρέχοντος,
3250 3405 3300 3456 σί
3328 3403 3616 3474 βλέποντες
3639 3408 3754 3459 em.

2198 3488 2499 3560 λουθήσωσι
2540 3491 2632 3542 καὶ
2664 3495 2956 3562 γενήσηται
2986 3495 3014 3546 6
3047 3494 3119 3564 μὴ
3152 3494 3361 3563 βλέπων
3401 3497 3510 3550 τῶν
3545 3496 3747 3566 βλεπόν-

2198 3597 2305 3634 των
2347 3577 2573 3652 ὁδηγδς,
2623 3582 2775 3635 αὐτοὶ
2819 3583 2875 3635 δὲ
2918 3585 2967 3635 οί
3011 3584 3450 3655 καταδραμόντες
3497 3588 3757 3659 μάρτυρες

2198 3676 2532 3744 γενήσωνται
2595 3672 2688 3727 τοῦ
2746 3673 3040 3743 θαύματος.
3088 3676 3253 3729 Ὅταν
3300 3676 3409 3747 γὰρ
3461 3680 3555 3730 καὶ
3614 3678 3756 3730 τοῦτο

2198 3766 2453 3833 ἐποίησεν
2481 3767 2509 3818 6
2542 3765 2763 3836 Κύριος,
2794 3765 2886 3819 καὶ
2918 3767 3232 3821 ἀπέστειλεν
3262 3767 3425 3821 αὐτὸν
3455 3771 3536 3832 είς
3569 3767 3656 3821 τὸν
3679 3768 3757 3820 Σιο

2198 3854 2377 3925 λωὰμ,
2422 3855 2622 3927 ἄπειρα
2668 3854 2845 3925 πλήθη
2896 3855 3229 3928 κατέδραμον
3279 3860 3653 3931 μαρτυροῦντα

2200 3943 2459 4016 θαύματι.
2476 3948 2582 3999 Καὶ
2610 3945 2689 3998 ἔτι
2706 3948 2930 4016 ἐνήχουν
2947 3949 2994 4000 οἱ
3015 3949 3121 4003 τῶν
3144 3951 3448 4021 Φαρισαίων
3467 3952 3649 4015 παῖδες
3673 3966 3757 4003 τεο⁹

2198 4035 2726 4108 λυπραγμονοῦντες,
2757 4040 2850 4090 καὶ
2874 4041 3169 4107 φαντασίαν
3197 4042 3295 4112 τὴν
3328 4042 3757 4116 θαυματουργίαν

2201 4124 2449 4195 βοῶντες.
2478 4127 2543 4179 Τί
2577 4126 2798 4199 ἔμελλον
2826 4133 3016 4194 ποιεῖν,
3053 4132 3100 4184 εί
3127 4132 3201 4202 μὴ
3233 4132 3500 4188 ὲπλάτυνε
3520 4137 3617 4208 τὴν
3642 4137 3756 4188 θαυ-

2203 4218 2573 4289 ματουργίανς
2620 4220 2827 4284 Ἀλλως
2858 4221 2914 4275 δὲ
2963 4224 3143 4290 πάλιν,
3170 4226 3217 4278 εἰ
3248 4224 3516 4301 βουληθῇς
3551 4229 3641 4283 τὸν
3675 4229 3757 4281 Σι-

2200 4308 2355 4381 λωὰμ
2379 4312 2458 4375 είς
2486 4311 2656 4366 τύπον
2702 4312 2883 4366 λαϐεῖν
2907 4315 3006 4386 τῆς
3032 4316 3125 4370 τοῦ
3161 4318 3534 4390 βαπτίσματος
3570 4321 3761 4388 κολυμ-

2201 4399 2427 4472 ϐήθρας,
2474 4403 2573 4457 ούκ
2601 4404 2668 4458 ἂν
2699 4405 2995 4476 ἀμάρτοις’
3025 4407 3208 4480 ἐπειδὴ
3246 4410 3304 4463 ὲν
3347 4410 3527 4482 ἐκείνῃ
3574 4411 3757 4469 πάντες

2128 4469 2172 4526 D
2201 4469 2580 4551 ἀπονίπτονται
2618 4497 2678 4549 τὸ
2723 4469 2911 4562 σκότος
2943 4469 3053 4570 *τῆς
3084 4469 3371 4570 ἀγνωσίας,
3420 4469 3527 4553 καί.
3561 4498 3758 4570 λαμϐά-

2203 4602 2348 4640 νουσι
2374 4587 2435 4640 τὸ
2465 4588 2580 4656 φῶς
2608 4589 2707 4660 τῆς
2738 4590 3033 4655 εὐσεϐείας.

2268 4676 2317 4730 6.
2351 4678 2460 4731 Καὶ
2485 4680 2567 4732 ὃτι
2605 4683 2742 4751 μετὰ
2771 4684 2869 4753 τὴν
2902 4683 3167 4754 τοσαύτην
3199 4681 3291 4734 τοῦ
3326 4680 3601 4752 θαύματος
3634 4682 3757 4734 πλα-

2196 4770 2398 4841 τύτητα
2425 4774 2475 4825 οί
2518 4773 2730 4837 πλείους
2760 4775 2867 4827 τῶν
2909 4776 3173 4828 Ἰουδαίων
3220 4776 3506 4845 ἀντέλεγον
3535 4776 3611 4847 τῷ
3639 4774 3755 4829 θαύ-

2200 4879 2347 4931 ματι,
2376 4864 2568 4934 ἤκουες
2590 4865 2683 4918 τοῦ
2711 4867 3088 4934 εὐαγγελιστοῦ
3111 4868 3355 4936 λέγοντος
3376 4887 3389 4900 ·
3421 4894 3437 4920 ι
3480 4870 3541 4923 Oi
3570 4870 3625 4923 δὲ
3653 4867 3754 4935 γείο

2194 4968 2364 5015 τονες,
2391 4955 2483 5007 καὶ
2515 4956 2564 5007 οἱ
2602 4955 2793 5019 ἰδόντες
2816 4958 2978 5010 αὑτὸν
3002 4959 3104 5030 πρὸ
3134 4958 3340 5021 τούτου,
3360 4961 3439 5014 ὅτι
3469 4964 3753 5034 προσαίτης

2192 5039 2280 5113 ἦν,
2315 5044 2526 5112 ἔλεγον·
2563 5049 2674 5118 Οὐχ
2696 5043 2845 5112 οὗτός
2873 5051 3018 5101 ἐστιν
3049 5053 3077 5104 6
3105 5050 3431 5123 προσαιτῶν,
3453 5056 3482 5106 6
3522 5055 3583 5105 ἐκ
3613 5068 3751 5121 γενε-

2191 5135 2289 5203 τῆς
2318 5136 2554 5204 τυφλός;
2583 5137 2764 5191 ’Ἄλλοι
2812 5139 3025 5209 ἔλεγον·
3050 5141 3216 5206 ουτός
3245 5145 3410 5196 ἐστιν.
3447 5145 3658 5215 Ἐτεροι
3698 5141 3749 5193 δὲ

2190 5225 2408 5295 ἐλεγοψ
2445 5230 2558 5282 Οὐκ
2603 5229 2747 5282 ἐστιν
2793 5247 2964 5294 ουτος,
3018 5232 3132 5286 ἀλλ’
3173 5235 3354 5304 ὅμοιος
3400 5235 3548 5306 αύτῷ
3590 5238 3742 5287 ἐστιν.

2202 5318 2259 5372 Ὀ
2297 5319 2352 5373 δὲ
2390 5321 2698 5391 ἀναϐλέψας
2730 5322 3045 5392 ἔλεγεν-’ὄτι,
3091 5326 3228 5394 Ἐγώ
3253 5330 3388 5397 είμι,
3414 5327 3472 5381 ὃν
3500 5328 3692 5398 λέγετε.
3723 5343 3743 5375 ι

2198 5642 2300 5714 πλή
2312 5660 2424 5714 pou.

2267 5686 2490 5784 (ίῖἧὶια
2517 5712 2647 5786 Reg.
2678 5714 2731 5771 2.
2764 5713 2902 5769 Editi
2932 5730 3078 5783 vero,
3112 5713 3516 5787 ἐπηλοπλὰσθη.
