  <div class='ocr_page' id='page_1' title='image "/cluster/home/n/w/nwhite01/storage/ocr_20150623/28/hvd.32044019207737/522.png"; bbox 0 0 4022 6382; ppageno 0'>
   <div class='ocr_carea' id='block_1_1' title="bbox 319 348 455 404">
    <p class='ocr_par' dir='ltr' id='par_1_1' title="bbox 319 348 455 404">
     <span class='ocr_line' id='line_1_1' title="bbox 319 348 455 404; baseline 0.029 -4"><span class='ocrx_word' id='word_1_1' title='bbox 319 348 455 404; x_wconf 72' lang='lat'><strong>1009</strong></span> 
     </span>
    </p>
   </div>
   <div class='ocr_carea' id='block_1_2' title="bbox 1299 350 2568 413">
    <p class='ocr_par' dir='ltr' id='par_1_2' title="bbox 1299 350 2568 413">
     <span class='ocr_line' id='line_1_2' title="bbox 1299 350 2568 413; baseline 0.005 -7"><span class='ocrx_word' id='word_1_2' title='bbox 1299 350 1584 407; x_wconf 71' lang='lat' dir='ltr'><strong>HOMILM</strong></span> <span class='ocrx_word' id='word_1_3' title='bbox 1623 352 1690 408; x_wconf 78' lang='lat' dir='ltr'><strong>IN</strong></span> <span class='ocrx_word' id='word_1_4' title='bbox 1729 354 1989 413; x_wconf 72' lang='lat' dir='ltr'><strong>CASCUM</strong></span> <span class='ocrx_word' id='word_1_5' title='bbox 2044 357 2087 410; x_wconf 80' lang='grc' dir='ltr'><strong>Δ</strong></span> <span class='ocrx_word' id='word_1_6' title='bbox 2130 353 2568 412; x_wconf 70' lang='grc' dir='ltr'><strong>ΝΑΤΙἫΤᾹΤΕ.</strong></span> 
     </span>
    </p>
   </div>
   <div class='ocr_carea' id='block_1_3' title="bbox 3414 354 3553 414">
    <p class='ocr_par' dir='ltr' id='par_1_3' title="bbox 3414 354 3553 414">
     <span class='ocr_line' id='line_1_3' title="bbox 3414 354 3553 414; baseline 0.029 -4"><span class='ocrx_word' id='word_1_7' title='bbox 3414 354 3553 414; x_wconf 67' lang='lat'><strong>1010</strong></span> 
     </span>
    </p>
   </div>
   <div class='ocr_carea' id='block_1_4' title="bbox 310 460 1876 538">
    <p class='ocr_par' dir='ltr' id='par_1_4' title="bbox 310 460 1876 538">
     <span class='ocr_line' id='line_1_4' title="bbox 310 460 1876 538; baseline 0.004 -21"><span class='ocrx_word' id='word_1_8' title='bbox 310 460 466 527; x_wconf 78' lang='grc' dir='ltr'><strong>Εἶδες</strong></span> <span class='ocrx_word' id='word_1_9' title='bbox 513 462 782 531; x_wconf 73' lang='grc' dir='ltr'><strong>τύφλωσιν</strong></span> <span class='ocrx_word' id='word_1_10' title='bbox 842 463 1188 534; x_wconf 78' lang='grc' dir='ltr'><strong>ἀναϐλέψεως</strong></span> <span class='ocrx_word' id='word_1_11' title='bbox 1236 466 1523 537; x_wconf 72' lang='grc' dir='ltr'><strong>πρόξενονς</strong></span> <span class='ocrx_word' id='word_1_12' title='bbox 1576 468 1634 521; x_wconf 88' lang='lat'><strong>&#39;0</strong></span> <span class='ocrx_word' id='word_1_13' title='bbox 1687 470 1876 538; x_wconf 74' lang='grc' dir='ltr'><strong>τυφλὸς</strong></span> 
     </span>
    </p>
   </div>
   <div class='ocr_carea' id='block_1_5' title="bbox 1977 460 3550 538">
    <p class='ocr_par' dir='ltr' id='par_1_5' title="bbox 1985 467 3550 527">
     <span class='ocr_line' id='line_1_5' title="bbox 1985 467 3550 527; baseline 0 -3"><span class='ocrx_word' id='word_1_14' title='bbox 1985 470 2169 524; x_wconf 84' lang='lat' dir='ltr'><strong>dicitis</strong></span> <span class='ocrx_word' id='word_1_15' title='bbox 2203 473 2269 527; x_wconf 83' lang='grc'><strong>⁸⁸.</strong></span> <span class='ocrx_word' id='word_1_16' title='bbox 2313 491 2333 522; x_wconf 75' lang='grc' dir='ltr'><strong>ι</strong></span> <span class='ocrx_word' id='word_1_17' title='bbox 2374 470 2565 527; x_wconf 74' lang='lat' dir='ltr'><strong>Viden’</strong></span> <span class='ocrx_word' id='word_1_18' title='bbox 2610 472 2910 527; x_wconf 52' lang='lat' dir='ltr'><strong>caecitatem</strong></span> <span class='ocrx_word' id='word_1_19' title='bbox 2940 470 3178 527; x_wconf 80' lang='lat' dir='ltr'><strong>restituti</strong></span> <span class='ocrx_word' id='word_1_20' title='bbox 3225 470 3379 525; x_wconf 85' lang='lat' dir='ltr'><strong>visus</strong></span> <span class='ocrx_word' id='word_1_21' title='bbox 3413 467 3550 526; x_wconf 76' lang='lat' dir='ltr'><strong>coit-</strong></span> 
     </span>
    </p>
   </div>
   <div class='ocr_carea' id='block_1_6' title="bbox 308 553 1880 633">
    <p class='ocr_par' dir='ltr' id='par_1_6' title="bbox 308 553 1880 633">
     <span class='ocr_line' id='line_1_6' title="bbox 308 553 1880 633; baseline 0.003 -24"><span class='ocrx_word' id='word_1_22' title='bbox 308 554 574 624; x_wconf 78' lang='grc' dir='ltr'><strong>ἀνέϐλεψε</strong></span> <span class='ocrx_word' id='word_1_23' title='bbox 617 556 709 607; x_wconf 76' lang='grc' dir='ltr'><strong>καὶ</strong></span> <span class='ocrx_word' id='word_1_24' title='bbox 735 557 780 607; x_wconf 72' lang='grc' dir='ltr'><strong>οί</strong></span> <span class='ocrx_word' id='word_1_25' title='bbox 830 553 1120 625; x_wconf 82' lang='grc' dir='ltr'><strong>βλέποντες</strong></span> <span class='ocrx_word' id='word_1_26' title='bbox 1171 557 1559 630; x_wconf 69' lang='grc' dir='ltr'><strong>ὲτυφλώθησαν</strong></span> <span class='ocrx_word' id='word_1_27' title='bbox 1582 563 1649 631; x_wconf 80' lang='grc' dir='ltr'><strong>τῇ</strong></span> <span class='ocrx_word' id='word_1_28' title='bbox 1693 561 1880 633; x_wconf 79' lang='grc' dir='ltr'><strong>κακίᾳ.</strong></span> 
     </span>
    </p>
   </div>
   <div class='ocr_carea' id='block_1_7' title="bbox 1988 559 3549 631">
    <p class='ocr_par' dir='ltr' id='par_1_7' title="bbox 1988 559 3549 631">
     <span class='ocr_line' id='line_1_7' title="bbox 1988 559 3549 631; baseline -0.001 -18"><span class='ocrx_word' id='word_1_29' title='bbox 1988 559 2305 616; x_wconf 87' lang='lat' dir='ltr'><strong>ciliatricem</strong></span> <span class='ocrx_word' id='word_1_30' title='bbox 2329 561 2353 615; x_wconf 67' lang='grc' dir='ltr'><strong>ί</strong></span> <span class='ocrx_word' id='word_1_31' title='bbox 2379 561 2569 616; x_wconf 66' lang='lat' dir='ltr'><strong>Caecus</strong></span> <span class='ocrx_word' id='word_1_32' title='bbox 2598 562 2773 616; x_wconf 89' lang='lat' dir='ltr'><strong>visum</strong></span> <span class='ocrx_word' id='word_1_33' title='bbox 2801 560 3025 631; x_wconf 75' lang='lat' dir='ltr'><strong>recepit,</strong></span> <span class='ocrx_word' id='word_1_34' title='bbox 3060 568 3115 615; x_wconf 87' lang='lat' dir='ltr'><strong>et</strong></span> <span class='ocrx_word' id='word_1_35' title='bbox 3150 559 3245 630; x_wconf 87' lang='lat' dir='ltr'><strong>qui</strong></span> <span class='ocrx_word' id='word_1_36' title='bbox 3277 559 3549 623; x_wconf 80' lang='lat' dir='ltr'><strong>videbant,</strong></span> 
     </span>
    </p>
   </div>
   <div class='ocr_carea' id='block_1_8' title="bbox 322 642 1876 720">
    <p class='ocr_par' dir='ltr' id='par_1_8' title="bbox 322 642 1876 719">
     <span class='ocr_line' id='line_1_8' title="bbox 322 642 1876 719; baseline 0.006 -23"><span class='ocrx_word' id='word_1_37' title='bbox 322 642 433 697; x_wconf 74' lang='grc' dir='ltr'><strong>Ἀεὶ</strong></span> <span class='ocrx_word' id='word_1_38' title='bbox 481 642 591 714; x_wconf 74' lang='grc' dir='ltr'><strong>γάρ</strong></span> <span class='ocrx_word' id='word_1_39' title='bbox 640 645 673 719; x_wconf 86' lang='grc' dir='ltr'><strong>ή</strong></span> <span class='ocrx_word' id='word_1_40' title='bbox 726 644 894 698; x_wconf 85' lang='grc' dir='ltr'><strong>κακία</strong></span> <span class='ocrx_word' id='word_1_41' title='bbox 946 645 1117 717; x_wconf 83' lang='grc' dir='ltr'><strong>τυφλή</strong></span> <span class='ocrx_word' id='word_1_42' title='bbox 1171 645 1305 717; x_wconf 83' lang='lat'><strong>(75).</strong></span> <span class='ocrx_word' id='word_1_43' title='bbox 1345 648 1437 701; x_wconf 81' lang='grc' dir='ltr'><strong>Διὸ</strong></span> <span class='ocrx_word' id='word_1_44' title='bbox 1488 650 1580 703; x_wconf 77' lang='grc' dir='ltr'><strong>καὶ</strong></span> <span class='ocrx_word' id='word_1_45' title='bbox 1621 650 1876 706; x_wconf 75' lang='grc' dir='ltr'><strong>Ἰουδαίων</strong></span> 
     </span>
    </p>
   </div>
   <div class='ocr_carea' id='block_1_9' title="bbox 1977 642 3551 720">
    <p class='ocr_par' dir='ltr' id='par_1_9' title="bbox 1986 648 3551 720">
     <span class='ocr_line' id='line_1_9' title="bbox 1986 648 3551 720; baseline -0.002 -16"><span class='ocrx_word' id='word_1_46' title='bbox 1986 651 2191 705; x_wconf 88' lang='lat' dir='ltr'><strong>malitia</strong></span> <span class='ocrx_word' id='word_1_47' title='bbox 2232 666 2331 707; x_wconf 87' lang='lat' dir='ltr'><strong>sua</strong></span> <span class='ocrx_word' id='word_1_48' title='bbox 2362 651 2619 707; x_wconf 63' lang='lat' dir='ltr'><strong>exmcati</strong></span> <span class='ocrx_word' id='word_1_49' title='bbox 2662 659 2810 707; x_wconf 90' lang='lat' dir='ltr'><strong>sunt.</strong></span> <span class='ocrx_word' id='word_1_50' title='bbox 2843 648 3072 720; x_wconf 81' lang='lat' dir='ltr'><strong>Semper</strong></span> <span class='ocrx_word' id='word_1_51' title='bbox 3109 649 3255 704; x_wconf 89' lang='lat' dir='ltr'><strong>enim</strong></span> <span class='ocrx_word' id='word_1_52' title='bbox 3284 662 3428 702; x_wconf 56' lang='lat' dir='ltr'><strong>caeca</strong></span> <span class='ocrx_word' id='word_1_53' title='bbox 3467 655 3551 702; x_wconf 89' lang='lat' dir='ltr'><strong>est</strong></span> 
     </span>
    </p>
   </div>
   <div class='ocr_carea' id='block_1_10' title="bbox 307 733 1886 810">
    <p class='ocr_par' dir='ltr' id='par_1_10' title="bbox 307 733 1886 810">
     <span class='ocr_line' id='line_1_10' title="bbox 307 733 1886 810; baseline 0.004 -24"><span class='ocrx_word' id='word_1_54' title='bbox 307 733 497 798; x_wconf 82' lang='grc' dir='ltr'><strong>παῖδες</strong></span> <span class='ocrx_word' id='word_1_55' title='bbox 528 733 637 788; x_wconf 83' lang='grc' dir='ltr'><strong>ἀπὸ</strong></span> <span class='ocrx_word' id='word_1_56' title='bbox 654 734 849 798; x_wconf 83' lang='grc' dir='ltr'><strong>κακίας</strong></span> <span class='ocrx_word' id='word_1_57' title='bbox 874 736 1109 807; x_wconf 73' lang='grc' dir='ltr'><strong>ἐπήχουν</strong></span> <span class='ocrx_word' id='word_1_58' title='bbox 1126 737 1220 791; x_wconf 76' lang='grc' dir='ltr'><strong>τὸν</strong></span> <span class='ocrx_word' id='word_1_59' title='bbox 1242 738 1309 791; x_wconf 73' lang='grc' dir='ltr'><strong>ὲκ</strong></span> <span class='ocrx_word' id='word_1_60' title='bbox 1333 739 1556 809; x_wconf 82' lang='grc' dir='ltr'><strong>γενετῆς</strong></span> <span class='ocrx_word' id='word_1_61' title='bbox 1569 739 1787 810; x_wconf 73' lang='grc' dir='ltr'><strong>τυφλὸν,</strong></span> <span class='ocrx_word' id='word_1_62' title='bbox 1807 739 1886 792; x_wconf 83' lang='grc' dir='ltr'><strong>λέ-</strong></span> 
     </span>
    </p>
   </div>
   <div class='ocr_carea' id='block_1_11' title="bbox 305 827 1883 902">
    <p class='ocr_par' dir='ltr' id='par_1_11' title="bbox 305 827 1883 902">
     <span class='ocr_line' id='line_1_11' title="bbox 305 827 1883 902; baseline 0.005 -24"><span class='ocrx_word' id='word_1_63' title='bbox 305 842 495 894; x_wconf 86' lang='grc' dir='ltr'><strong>γοντες</strong></span> <span class='ocrx_word' id='word_1_64' title='bbox 528 827 663 897; x_wconf 83' lang='grc' dir='ltr'><strong>πρὸς</strong></span> <span class='ocrx_word' id='word_1_65' title='bbox 709 828 903 880; x_wconf 77' lang='grc' dir='ltr'><strong>αὐτόν’</strong></span> <span class='ocrx_word' id='word_1_66' title='bbox 939 828 1083 897; x_wconf 82' lang='grc' dir='ltr'><strong>Λέγε</strong></span> <span class='ocrx_word' id='word_1_67' title='bbox 1112 831 1263 899; x_wconf 80' lang='grc' dir='ltr'><strong>ἡμῖν,</strong></span> <span class='ocrx_word' id='word_1_68' title='bbox 1304 829 1577 901; x_wconf 78' lang='grc' dir='ltr'><strong>ἄνθρωπε,</strong></span> <span class='ocrx_word' id='word_1_69' title='bbox 1611 832 1755 895; x_wconf 87' lang='grc' dir='ltr'><strong>τίνος</strong></span> <span class='ocrx_word' id='word_1_70' title='bbox 1783 833 1883 902; x_wconf 83' lang='grc' dir='ltr'><strong>χά-</strong></span> 
     </span>
    </p>
   </div>
   <div class='ocr_carea' id='block_1_12' title="bbox 308 912 1881 989">
    <p class='ocr_par' dir='ltr' id='par_1_12' title="bbox 308 912 1881 989">
     <span class='ocr_line' id='line_1_12' title="bbox 308 912 1881 989; baseline 0.005 -20"><span class='ocrx_word' id='word_1_71' title='bbox 308 933 394 988; x_wconf 88' lang='grc' dir='ltr'><strong>ριν</strong></span> <span class='ocrx_word' id='word_1_72' title='bbox 445 921 764 988; x_wconf 77' lang='grc' dir='ltr'><strong>συγκροτεῖς</strong></span> <span class='ocrx_word' id='word_1_73' title='bbox 807 920 938 989; x_wconf 79' lang='grc' dir='ltr'><strong>ἡμῖν</strong></span> <span class='ocrx_word' id='word_1_74' title='bbox 968 920 1059 974; x_wconf 85' lang='grc' dir='ltr'><strong>τὸν</strong></span> <span class='ocrx_word' id='word_1_75' title='bbox 1082 912 1203 973; x_wconf 71' lang='grc' dir='ltr'><strong>ὐἱὸν</strong></span> <span class='ocrx_word' id='word_1_76' title='bbox 1230 919 1326 973; x_wconf 81' lang='grc' dir='ltr'><strong>τοῦ</strong></span> <span class='ocrx_word' id='word_1_77' title='bbox 1368 922 1641 989; x_wconf 78' lang='grc' dir='ltr'><strong>τέκτονος,</strong></span> <span class='ocrx_word' id='word_1_78' title='bbox 1677 924 1772 977; x_wconf 75' lang='grc' dir='ltr'><strong>καὶ</strong></span> <span class='ocrx_word' id='word_1_79' title='bbox 1806 923 1881 989; x_wconf 82' lang='grc' dir='ltr'><strong>ὡς</strong></span> 
     </span>
    </p>
   </div>
   <div class='ocr_carea' id='block_1_13' title="bbox 302 1006 1881 1081">
    <p class='ocr_par' dir='ltr' id='par_1_13' title="bbox 302 1006 1881 1081">
     <span class='ocr_line' id='line_1_13' title="bbox 302 1006 1881 1081; baseline 0.007 -21"><span class='ocrx_word' id='word_1_80' title='bbox 302 1006 442 1062; x_wconf 79' lang='grc' dir='ltr'><strong>Θεὸν</strong></span> <span class='ocrx_word' id='word_1_81' title='bbox 489 1010 651 1061; x_wconf 84' lang='grc' dir='ltr'><strong>αὑτὸν</strong></span> <span class='ocrx_word' id='word_1_82' title='bbox 685 1009 856 1074; x_wconf 81' lang='grc' dir='ltr'><strong>Θέλεις</strong></span> <span class='ocrx_word' id='word_1_83' title='bbox 898 1010 1349 1081; x_wconf 75' lang='grc' dir='ltr'><strong>διαφημίζεσθαις</strong></span> <span class='ocrx_word' id='word_1_84' title='bbox 1393 1013 1509 1066; x_wconf 82' lang='grc' dir='ltr'><strong>Οὐκ</strong></span> <span class='ocrx_word' id='word_1_85' title='bbox 1544 1009 1595 1066; x_wconf 85' lang='grc' dir='ltr'><strong>εἷ</strong></span> <span class='ocrx_word' id='word_1_86' title='bbox 1644 1017 1708 1069; x_wconf 84' lang='grc' dir='ltr'><strong>σὺ</strong></span> <span class='ocrx_word' id='word_1_87' title='bbox 1741 1018 1770 1070; x_wconf 85' lang='grc' dir='ltr'><strong>δ</strong></span> <span class='ocrx_word' id='word_1_88' title='bbox 1818 1018 1881 1071; x_wconf 78' lang='grc' dir='ltr'><strong>ὲκ</strong></span> 
     </span>
    </p>
   </div>
   <div class='ocr_carea' id='block_1_14' title="bbox 301 1099 1881 1175">
    <p class='ocr_par' dir='ltr' id='par_1_14' title="bbox 301 1099 1881 1175">
     <span class='ocr_line' id='line_1_14' title="bbox 301 1099 1881 1175; baseline 0.007 -25"><span class='ocrx_word' id='word_1_89' title='bbox 301 1099 529 1169; x_wconf 82' lang='grc' dir='ltr'><strong>γενετῆς</strong></span> <span class='ocrx_word' id='word_1_90' title='bbox 577 1100 771 1167; x_wconf 78' lang='grc' dir='ltr'><strong>τυφλός</strong></span> <span class='ocrx_word' id='word_1_91' title='bbox 789 1116 801 1129; x_wconf 76' lang='lat'>&#39;</span> <span class='ocrx_word' id='word_1_92' title='bbox 861 1102 1193 1173; x_wconf 81' lang='grc' dir='ltr'><strong>γνωρίζομεν</strong></span> <span class='ocrx_word' id='word_1_93' title='bbox 1239 1105 1395 1175; x_wconf 75' lang='grc' dir='ltr'><strong>ἡμεῖς</strong></span> <span class='ocrx_word' id='word_1_94' title='bbox 1427 1106 1630 1159; x_wconf 80' lang='grc' dir='ltr'><strong>ἐκεῖνον</strong></span> <span class='ocrx_word' id='word_1_95' title='bbox 1651 1124 1664 1138; x_wconf 68' lang='grc' dir='ltr'><strong>ο</strong></span> <span class='ocrx_word' id='word_1_96' title='bbox 1691 1107 1881 1161; x_wconf 86' lang='grc' dir='ltr'><strong>πολλο-</strong></span> 
     </span>
    </p>
   </div>
   <div class='ocr_carea' id='block_1_15' title="bbox 302 1187 1883 1264">
    <p class='ocr_par' dir='ltr' id='par_1_15' title="bbox 302 1187 1883 1264">
     <span class='ocr_line' id='line_1_15' title="bbox 302 1187 1883 1264; baseline 0.005 -24"><span class='ocrx_word' id='word_1_97' title='bbox 302 1187 432 1242; x_wconf 80' lang='grc' dir='ltr'><strong>στὸν</strong></span> <span class='ocrx_word' id='word_1_98' title='bbox 460 1187 608 1258; x_wconf 76' lang='grc' dir='ltr'><strong>αὐτῷ</strong></span> <span class='ocrx_word' id='word_1_99' title='bbox 635 1189 703 1242; x_wconf 80' lang='grc' dir='ltr'><strong>τά</strong></span> <span class='ocrx_word' id='word_1_100' title='bbox 747 1189 885 1261; x_wconf 83' lang='grc' dir='ltr'><strong>πρὸς</strong></span> <span class='ocrx_word' id='word_1_101' title='bbox 909 1191 1010 1254; x_wconf 71' lang='grc' dir='ltr'><strong>τὰς</strong></span> <span class='ocrx_word' id='word_1_102' title='bbox 1060 1191 1246 1262; x_wconf 79' lang='grc' dir='ltr'><strong>χρείας</strong></span> <span class='ocrx_word' id='word_1_103' title='bbox 1276 1193 1708 1264; x_wconf 76' lang='grc' dir='ltr'><strong>ἐχορηγήσαμεν.</strong></span> <span class='ocrx_word' id='word_1_104' title='bbox 1757 1195 1883 1260; x_wconf 87' lang='grc' dir='ltr'><strong>Πῶς</strong></span> 
     </span>
    </p>
   </div>
   <div class='ocr_carea' id='block_1_16' title="bbox 301 1274 1878 1356">
    <p class='ocr_par' dir='ltr' id='par_1_16' title="bbox 301 1274 1878 1356">
     <span class='ocr_line' id='line_1_16' title="bbox 301 1274 1878 1356; baseline 0.004 -24"><span class='ocrx_word' id='word_1_105' title='bbox 301 1274 397 1333; x_wconf 86' lang='grc' dir='ltr'><strong>οὖν</strong></span> <span class='ocrx_word' id='word_1_106' title='bbox 433 1279 682 1351; x_wconf 84' lang='grc' dir='ltr'><strong>θρυλλεῖς</strong></span> <span class='ocrx_word' id='word_1_107' title='bbox 716 1280 804 1343; x_wconf 87' lang='grc' dir='ltr'><strong>σὺ,</strong></span> <span class='ocrx_word' id='word_1_108' title='bbox 843 1281 936 1334; x_wconf 76' lang='grc' dir='ltr'><strong>καὶ</strong></span> <span class='ocrx_word' id='word_1_109' title='bbox 966 1281 1164 1349; x_wconf 83' lang='grc' dir='ltr'><strong>λέγεις,</strong></span> <span class='ocrx_word' id='word_1_110' title='bbox 1214 1282 1296 1335; x_wconf 85' lang='grc' dir='ltr'><strong>ὃτι</strong></span> <span class='ocrx_word' id='word_1_111' title='bbox 1328 1283 1497 1346; x_wconf 76' lang='grc' dir='ltr'><strong>Αὐτὸς</strong></span> <span class='ocrx_word' id='word_1_112' title='bbox 1540 1283 1743 1355; x_wconf 72' lang='grc' dir='ltr'><strong>ἀνέῳξε</strong></span> <span class='ocrx_word' id='word_1_113' title='bbox 1778 1303 1878 1356; x_wconf 88' lang='grc' dir='ltr'><strong>μου</strong></span> 
     </span>
    </p>
   </div>
   <div class='ocr_carea' id='block_1_17' title="bbox 301 1371 1879 1449">
    <p class='ocr_par' dir='ltr' id='par_1_17' title="bbox 301 1371 1879 1449">
     <span class='ocr_line' id='line_1_17' title="bbox 301 1371 1879 1449; baseline 0.004 -25"><span class='ocrx_word' id='word_1_114' title='bbox 301 1372 431 1435; x_wconf 78' lang='grc' dir='ltr'><strong>τοὺς</strong></span> <span class='ocrx_word' id='word_1_115' title='bbox 444 1371 802 1443; x_wconf 77' lang='grc' dir='ltr'><strong>,ὀφθαλμούς;</strong></span> <span class='ocrx_word' id='word_1_116' title='bbox 843 1373 905 1426; x_wconf 84' lang='grc' dir='ltr'><strong>Εί</strong></span> <span class='ocrx_word' id='word_1_117' title='bbox 945 1375 1243 1444; x_wconf 85' lang='grc' dir='ltr'><strong>χρημάτων</strong></span> <span class='ocrx_word' id='word_1_118' title='bbox 1267 1376 1383 1448; x_wconf 81' lang='grc' dir='ltr'><strong>δέῃ,</strong></span> <span class='ocrx_word' id='word_1_119' title='bbox 1410 1377 1506 1430; x_wconf 71' lang='grc' dir='ltr'><strong>καὶ</strong></span> <span class='ocrx_word' id='word_1_120' title='bbox 1541 1377 1746 1431; x_wconf 89' lang='grc' dir='ltr'><strong>τούτων</strong></span> <span class='ocrx_word' id='word_1_121' title='bbox 1779 1378 1879 1449; x_wconf 86' lang='grc' dir='ltr'><strong>χά-</strong></span> 
     </span>
    </p>
   </div>
   <div class='ocr_carea' id='block_1_18' title="bbox 304 1462 1880 1541">
    <p class='ocr_par' dir='ltr' id='par_1_18' title="bbox 304 1462 1880 1541">
     <span class='ocr_line' id='line_1_18' title="bbox 304 1462 1880 1541; baseline 0.008 -5"><span class='ocrx_word' id='word_1_122' title='bbox 304 1479 391 1536; x_wconf 72' lang='lat' dir='ltr'><strong>P‘v</strong></span> <span class='ocrx_word' id='word_1_123' title='bbox 409 1462 770 1533; x_wconf 74' lang='grc' dir='ltr'><strong>ψευδολογεῖς,</strong></span> <span class='ocrx_word' id='word_1_124' title='bbox 804 1466 927 1519; x_wconf 82' lang='grc' dir='ltr'><strong>ὅσον</strong></span> <span class='ocrx_word' id='word_1_125' title='bbox 958 1466 1133 1536; x_wconf 78' lang='grc' dir='ltr'>βούλει</span> <span class='ocrx_word' id='word_1_126' title='bbox 1166 1466 1391 1539; x_wconf 77' lang='grc' dir='ltr'><strong>κομίζου</strong></span> <span class='ocrx_word' id='word_1_127' title='bbox 1416 1468 1526 1539; x_wconf 67' lang='grc'><strong>(76)</strong></span> <span class='ocrx_word' id='word_1_128' title='bbox 1547 1486 1561 1500; x_wconf 86' lang='grc'><strong><em>⁸</em></strong></span> <span class='ocrx_word' id='word_1_129' title='bbox 1597 1470 1755 1541; x_wconf 67' lang='grc' dir='ltr'>μόνον</span> <span class='ocrx_word' id='word_1_130' title='bbox 1780 1470 1880 1540; x_wconf 67' lang='grc' dir='ltr'><strong>τῆς</strong></span> 
     </span>
    </p>
   </div>
   <div class='ocr_carea' id='block_1_19' title="bbox 299 1554 1881 1628">
    <p class='ocr_par' dir='ltr' id='par_1_19' title="bbox 299 1554 1881 1628">
     <span class='ocr_line' id='line_1_19' title="bbox 299 1554 1881 1628; baseline 0.004 -20"><span class='ocrx_word' id='word_1_131' title='bbox 299 1554 562 1627; x_wconf 78' lang='grc' dir='ltr'><strong>ἀληθείας</strong></span> <span class='ocrx_word' id='word_1_132' title='bbox 609 1557 682 1628; x_wconf 83' lang='grc' dir='ltr'><strong>μὴ</strong></span> <span class='ocrx_word' id='word_1_133' title='bbox 716 1558 940 1628; x_wconf 78' lang='grc' dir='ltr'><strong>ἀπέχου.</strong></span> <span class='ocrx_word' id='word_1_134' title='bbox 986 1559 1171 1613; x_wconf 81' lang='grc' dir='ltr'><strong>Πάντα</strong></span> <span class='ocrx_word' id='word_1_135' title='bbox 1224 1556 1320 1614; x_wconf 81' lang='grc' dir='ltr'><strong>οὖν</strong></span> <span class='ocrx_word' id='word_1_136' title='bbox 1353 1560 1587 1625; x_wconf 74' lang='grc' dir='ltr'><strong>ἐποίουν,</strong></span> <span class='ocrx_word' id='word_1_137' title='bbox 1625 1562 1713 1614; x_wconf 87' lang='grc' dir='ltr'><strong>ῐνα</strong></span> <span class='ocrx_word' id='word_1_138' title='bbox 1763 1580 1881 1627; x_wconf 83' lang='grc' dir='ltr'><strong>πως</strong></span> 
     </span>
    </p>
   </div>
   <div class='ocr_carea' id='block_1_20' title="bbox 301 1647 1880 1726">
    <p class='ocr_par' dir='ltr' id='par_1_20' title="bbox 301 1647 1880 1726">
     <span class='ocr_line' id='line_1_20' title="bbox 301 1647 1880 1726; baseline 0.005 -25"><span class='ocrx_word' id='word_1_139' title='bbox 301 1647 697 1701; x_wconf 82' lang='grc' dir='ltr'><strong>διασκεδάσωσι</strong></span> <span class='ocrx_word' id='word_1_140' title='bbox 727 1649 788 1702; x_wconf 84' lang='grc' dir='ltr'><strong>τὸ</strong></span> <span class='ocrx_word' id='word_1_141' title='bbox 819 1650 1024 1721; x_wconf 76' lang='grc' dir='ltr'><strong>θαῦμα.</strong></span> <span class='ocrx_word' id='word_1_142' title='bbox 1064 1652 1121 1705; x_wconf 84' lang='grc'><strong>’0</strong></span> <span class='ocrx_word' id='word_1_143' title='bbox 1147 1651 1203 1704; x_wconf 85' lang='grc' dir='ltr'><strong>δὲ</strong></span> <span class='ocrx_word' id='word_1_144' title='bbox 1242 1652 1548 1723; x_wconf 78' lang='grc' dir='ltr'><strong>ἀναϐλέψας</strong></span> <span class='ocrx_word' id='word_1_145' title='bbox 1590 1655 1727 1726; x_wconf 84' lang='grc' dir='ltr'><strong>πρὸς</strong></span> <span class='ocrx_word' id='word_1_146' title='bbox 1756 1656 1880 1719; x_wconf 83' lang='grc' dir='ltr'><strong>τοὺς</strong></span> 
     </span>
    </p>
   </div>
   <div class='ocr_carea' id='block_1_21' title="bbox 299 1734 1879 1815">
    <p class='ocr_par' dir='ltr' id='par_1_21' title="bbox 299 1734 1879 1815">
     <span class='ocr_line' id='line_1_21' title="bbox 299 1734 1879 1815; baseline 0.007 -27"><span class='ocrx_word' id='word_1_147' title='bbox 299 1734 680 1805; x_wconf 74' lang='grc' dir='ltr'><strong>ἀντιλέγοντας</strong></span> <span class='ocrx_word' id='word_1_148' title='bbox 738 1738 1023 1803; x_wconf 76' lang='grc' dir='ltr'><strong>Ἰουδαίους</strong></span> <span class='ocrx_word' id='word_1_149' title='bbox 1071 1736 1276 1809; x_wconf 77' lang='grc' dir='ltr'><strong>ἔφασκε</strong></span> <span class='ocrx_word' id='word_1_150' title='bbox 1298 1759 1311 1773; x_wconf 74' lang='grc'><strong><em>⁸</em></strong></span> <span class='ocrx_word' id='word_1_151' title='bbox 1365 1744 1432 1797; x_wconf 85' lang='grc' dir='ltr'><strong>Τί</strong></span> <span class='ocrx_word' id='word_1_152' title='bbox 1482 1761 1549 1815; x_wconf 81' lang='grc' dir='ltr'><strong>με</strong></span> <span class='ocrx_word' id='word_1_153' title='bbox 1610 1761 1879 1814; x_wconf 81' lang='grc' dir='ltr'><strong>συκοφαν-</strong></span> 
     </span>
    </p>
   </div>
   <div class='ocr_carea' id='block_1_22' title="bbox 1984 738 3550 808">
    <p class='ocr_par' dir='ltr' id='par_1_22' title="bbox 1984 738 3550 808">
     <span class='ocr_line' id='line_1_22' title="bbox 1984 738 3550 808; baseline -0.001 -15"><span class='ocrx_word' id='word_1_154' title='bbox 1984 740 2213 795; x_wconf 82' lang='lat' dir='ltr'><strong>malitia.</strong></span> <span class='ocrx_word' id='word_1_155' title='bbox 2261 740 2438 808; x_wconf 88' lang='lat' dir='ltr'><strong>Quare</strong></span> <span class='ocrx_word' id='word_1_156' title='bbox 2472 738 2645 795; x_wconf 66' lang='lat' dir='ltr'><strong>Juda&#39;i</strong></span> <span class='ocrx_word' id='word_1_157' title='bbox 2685 740 2892 795; x_wconf 87' lang='lat' dir='ltr'><strong>malitia</strong></span> <span class='ocrx_word' id='word_1_158' title='bbox 2927 739 3076 794; x_wconf 87' lang='lat' dir='ltr'><strong>ducti</strong></span> <span class='ocrx_word' id='word_1_159' title='bbox 3119 738 3253 794; x_wconf 67' lang='lat' dir='ltr'><strong>caeci</strong></span> <span class='ocrx_word' id='word_1_160' title='bbox 3297 739 3409 793; x_wconf 90' lang='lat' dir='ltr'><strong>nati</strong></span> <span class='ocrx_word' id='word_1_161' title='bbox 3450 753 3550 792; x_wconf 84' lang='lat' dir='ltr'><strong>au-</strong></span> 
     </span>
    </p>
   </div>
   <div class='ocr_carea' id='block_1_23' title="bbox 1983 828 3548 900">
    <p class='ocr_par' dir='ltr' id='par_1_23' title="bbox 1983 828 3548 900">
     <span class='ocr_line' id='line_1_23' title="bbox 1983 828 3548 900; baseline 0.001 -19"><span class='ocrx_word' id='word_1_162' title='bbox 1983 828 2137 885; x_wconf 81' lang='lat' dir='ltr'><strong>ribus</strong></span> <span class='ocrx_word' id='word_1_163' title='bbox 2161 831 2531 900; x_wconf 88' lang='lat' dir='ltr'><strong>pcrsonabant</strong></span> <span class='ocrx_word' id='word_1_164' title='bbox 2564 831 2651 887; x_wconf 88' lang='lat' dir='ltr'><strong>bis</strong></span> <span class='ocrx_word' id='word_1_165' title='bbox 2696 831 2878 887; x_wconf 82' lang='lat' dir='ltr'><strong>verbis</strong></span> <span class='ocrx_word' id='word_1_166' title='bbox 2918 849 2932 885; x_wconf 91' lang='lat'><strong>:</strong></span> <span class='ocrx_word' id='word_1_167' title='bbox 2969 829 3066 885; x_wconf 89' lang='lat' dir='ltr'><strong>Dic</strong></span> <span class='ocrx_word' id='word_1_168' title='bbox 3092 831 3270 892; x_wconf 85' lang='lat' dir='ltr'><strong>nobis,</strong></span> <span class='ocrx_word' id='word_1_169' title='bbox 3296 844 3330 884; x_wconf 95' lang='lat' dir='ltr'><strong>o</strong></span> <span class='ocrx_word' id='word_1_170' title='bbox 3364 829 3548 890; x_wconf 89' lang='lat' dir='ltr'><strong>homo,</strong></span> 
     </span>
    </p>
   </div>
   <div class='ocr_carea' id='block_1_24' title="bbox 1982 919 3550 989">
    <p class='ocr_par' dir='ltr' id='par_1_24' title="bbox 1982 919 3550 989">
     <span class='ocr_line' id='line_1_24' title="bbox 1982 919 3550 989; baseline -0.002 -16"><span class='ocrx_word' id='word_1_171' title='bbox 1982 934 2152 989; x_wconf 89' lang='lat' dir='ltr'><strong>quare</strong></span> <span class='ocrx_word' id='word_1_172' title='bbox 2172 920 2395 989; x_wconf 87' lang='lat' dir='ltr'><strong>jactitas</strong></span> <span class='ocrx_word' id='word_1_173' title='bbox 2433 921 2592 976; x_wconf 84' lang='lat' dir='ltr'><strong>nobis</strong></span> <span class='ocrx_word' id='word_1_174' title='bbox 2623 920 2763 975; x_wconf 82' lang='lat' dir='ltr'><strong>fabri</strong></span> <span class='ocrx_word' id='word_1_175' title='bbox 2804 919 2974 974; x_wconf 84' lang='lat' dir='ltr'><strong>lilium</strong></span> <span class='ocrx_word' id='word_1_176' title='bbox 3007 919 3192 982; x_wconf 88' lang='lat' dir='ltr'><strong>illum,</strong></span> <span class='ocrx_word' id='word_1_177' title='bbox 3228 934 3463 989; x_wconf 89' lang='lat' dir='ltr'><strong>eumque</strong></span> <span class='ocrx_word' id='word_1_178' title='bbox 3489 926 3550 972; x_wconf 92' lang='lat' dir='ltr'><strong>ut</strong></span> 
     </span>
    </p>
   </div>
   <div class='ocr_carea' id='block_1_25' title="bbox 1983 1007 3549 1079">
    <p class='ocr_par' dir='ltr' id='par_1_25' title="bbox 1983 1007 3549 1079">
     <span class='ocr_line' id='line_1_25' title="bbox 1983 1007 3549 1079; baseline -0.001 -15"><span class='ocrx_word' id='word_1_179' title='bbox 1983 1008 2152 1064; x_wconf 86' lang='lat' dir='ltr'><strong>Deum</strong></span> <span class='ocrx_word' id='word_1_180' title='bbox 2184 1010 2268 1064; x_wconf 88' lang='lat' dir='ltr'><strong>vis</strong></span> <span class='ocrx_word' id='word_1_181' title='bbox 2292 1007 3040 1079; x_wconf 62' lang='lat' dir='ltr'><strong>proclamareiuequaquam</strong></span> <span class='ocrx_word' id='word_1_182' title='bbox 3071 1015 3128 1062; x_wconf 90' lang='lat' dir='ltr'><strong>tu</strong></span> <span class='ocrx_word' id='word_1_183' title='bbox 3159 1023 3220 1063; x_wconf 88' lang='lat' dir='ltr'><strong>es</strong></span> <span class='ocrx_word' id='word_1_184' title='bbox 3252 1008 3343 1063; x_wconf 90' lang='lat' dir='ltr'><strong>ille</strong></span> <span class='ocrx_word' id='word_1_185' title='bbox 3369 1022 3549 1062; x_wconf 67' lang='lat' dir='ltr'><strong>caecus</strong></span> 
     </span>
    </p>
   </div>
   <div class='ocr_carea' id='block_1_26' title="bbox 1982 1100 3549 1171">
    <p class='ocr_par' dir='ltr' id='par_1_26' title="bbox 1982 1100 3549 1171">
     <span class='ocr_line' id='line_1_26' title="bbox 1982 1100 3549 1171; baseline 0.001 -19"><span class='ocrx_word' id='word_1_186' title='bbox 1982 1114 2012 1152; x_wconf 89' lang='lat' dir='ltr'><strong>a</strong></span> <span class='ocrx_word' id='word_1_187' title='bbox 2058 1101 2371 1164; x_wconf 86' lang='lat' dir='ltr'><strong>nativitate;</strong></span> <span class='ocrx_word' id='word_1_188' title='bbox 2415 1100 2667 1156; x_wconf 78' lang='lat' dir='ltr'><strong>novimus</strong></span> <span class='ocrx_word' id='word_1_189' title='bbox 2704 1101 2876 1164; x_wconf 88' lang='lat' dir='ltr'><strong>illum,</strong></span> <span class='ocrx_word' id='word_1_190' title='bbox 2923 1114 2989 1155; x_wconf 88' lang='lat' dir='ltr'><strong>ac</strong></span> <span class='ocrx_word' id='word_1_191' title='bbox 3025 1115 3395 1171; x_wconf 71' lang='lat' dir='ltr'><strong>sapenumero</strong></span> <span class='ocrx_word' id='word_1_192' title='bbox 3444 1100 3549 1170; x_wconf 83' lang='lat' dir='ltr'><strong>ipsi</strong></span> 
     </span>
    </p>
   </div>
   <div class='ocr_carea' id='block_1_27' title="bbox 1980 1191 3545 1264">
    <p class='ocr_par' dir='ltr' id='par_1_27' title="bbox 1980 1191 3545 1264">
     <span class='ocr_line' id='line_1_27' title="bbox 1980 1191 3545 1264; baseline 0.001 -20"><span class='ocrx_word' id='word_1_193' title='bbox 1980 1191 2290 1247; x_wconf 88' lang='lat' dir='ltr'><strong>necessaria</strong></span> <span class='ocrx_word' id='word_1_194' title='bbox 2311 1194 2800 1263; x_wconf 88' lang='lat' dir='ltr'><strong>suppeditavimus.</strong></span> <span class='ocrx_word' id='word_1_195' title='bbox 2831 1192 3014 1259; x_wconf 83' lang='lat' dir='ltr'><strong>Quare</strong></span> <span class='ocrx_word' id='word_1_196' title='bbox 3044 1203 3101 1248; x_wconf 89' lang='lat' dir='ltr'><strong>tu</strong></span> <span class='ocrx_word' id='word_1_197' title='bbox 3125 1193 3347 1264; x_wconf 84' lang='lat' dir='ltr'><strong>jactitas</strong></span> <span class='ocrx_word' id='word_1_198' title='bbox 3373 1207 3438 1247; x_wconf 86' lang='lat' dir='ltr'><strong>ac</strong></span> <span class='ocrx_word' id='word_1_199' title='bbox 3466 1193 3545 1246; x_wconf 87' lang='lat' dir='ltr'><strong>di-</strong></span> 
     </span>
    </p>
   </div>
   <div class='ocr_carea' id='block_1_28' title="bbox 1979 1282 3546 1356">
    <p class='ocr_par' dir='ltr' id='par_1_28' title="bbox 1979 1282 3546 1356">
     <span class='ocr_line' id='line_1_28' title="bbox 1979 1282 3546 1356; baseline 0.002 -19"><span class='ocrx_word' id='word_1_200' title='bbox 1979 1284 2104 1339; x_wconf 89' lang='lat' dir='ltr'><strong>cis:</strong></span> <span class='ocrx_word' id='word_1_201' title='bbox 2136 1282 2258 1352; x_wconf 89' lang='lat' dir='ltr'><strong>lpse</strong></span> <span class='ocrx_word' id='word_1_202' title='bbox 2302 1283 2514 1353; x_wconf 87' lang='lat' dir='ltr'><strong>aperuit</strong></span> <span class='ocrx_word' id='word_1_203' title='bbox 2548 1299 2698 1341; x_wconf 91' lang='lat' dir='ltr'><strong>meos</strong></span> <span class='ocrx_word' id='word_1_204' title='bbox 2743 1285 2970 1341; x_wconf 82' lang='lat' dir='ltr'><strong>oculos?</strong></span> <span class='ocrx_word' id='word_1_205' title='bbox 3017 1283 3076 1339; x_wconf 87' lang='lat' dir='ltr'><strong>Si</strong></span> <span class='ocrx_word' id='word_1_206' title='bbox 3124 1287 3353 1355; x_wconf 84' lang='lat' dir='ltr'><strong>pecunia</strong></span> <span class='ocrx_word' id='word_1_207' title='bbox 3396 1300 3546 1356; x_wconf 84' lang='lat' dir='ltr'><strong>eges,</strong></span> 
     </span>
    </p>
   </div>
   <div class='ocr_carea' id='block_1_29' title="bbox 1979 1374 3545 1449">
    <p class='ocr_par' dir='ltr' id='par_1_29' title="bbox 1979 1374 3545 1449">
     <span class='ocr_line' id='line_1_29' title="bbox 1979 1374 3545 1449; baseline 0.002 -21"><span class='ocrx_word' id='word_1_208' title='bbox 1979 1374 2208 1444; x_wconf 84' lang='lat' dir='ltr'><strong>ejusque</strong></span> <span class='ocrx_word' id='word_1_209' title='bbox 2241 1389 2409 1429; x_wconf 89' lang='lat' dir='ltr'><strong>causa</strong></span> <span class='ocrx_word' id='word_1_210' title='bbox 2448 1375 2720 1442; x_wconf 88' lang='lat' dir='ltr'><strong>mentiris,</strong></span> <span class='ocrx_word' id='word_1_211' title='bbox 2747 1385 3010 1446; x_wconf 88' lang='lat' dir='ltr'><strong>quantum</strong></span> <span class='ocrx_word' id='word_1_212' title='bbox 3043 1377 3284 1432; x_wconf 88' lang='lat' dir='ltr'><strong>volueris</strong></span> <span class='ocrx_word' id='word_1_213' title='bbox 3308 1376 3495 1449; x_wconf 84' lang='lat' dir='ltr'><strong>accipe</strong></span> <span class='ocrx_word' id='word_1_214' title='bbox 3532 1397 3545 1431; x_wconf 92' lang='lat'><strong>:</strong></span> 
     </span>
    </p>
   </div>
   <div class='ocr_carea' id='block_1_30' title="bbox 1979 1466 3545 1539">
    <p class='ocr_par' dir='ltr' id='par_1_30' title="bbox 1979 1466 3545 1539">
     <span class='ocr_line' id='line_1_30' title="bbox 1979 1466 3545 1539; baseline 0.003 -20"><span class='ocrx_word' id='word_1_215' title='bbox 1979 1466 2155 1519; x_wconf 87' lang='lat' dir='ltr'><strong>solum</strong></span> <span class='ocrx_word' id='word_1_216' title='bbox 2207 1481 2276 1521; x_wconf 90' lang='lat' dir='ltr'><strong>ne</strong></span> <span class='ocrx_word' id='word_1_217' title='bbox 2321 1480 2353 1519; x_wconf 88' lang='lat' dir='ltr'><strong>a</strong></span> <span class='ocrx_word' id='word_1_218' title='bbox 2397 1466 2630 1523; x_wconf 78' lang='lat' dir='ltr'><strong>veritate</strong></span> <span class='ocrx_word' id='word_1_219' title='bbox 2694 1468 2943 1523; x_wconf 85' lang='lat' dir='ltr'><strong>recedas.</strong></span> <span class='ocrx_word' id='word_1_220' title='bbox 2989 1466 3135 1522; x_wconf 84' lang='lat' dir='ltr'><strong>Nihil</strong></span> <span class='ocrx_word' id='word_1_221' title='bbox 3192 1468 3376 1539; x_wconf 80' lang='lat' dir='ltr'><strong>itaque</strong></span> <span class='ocrx_word' id='word_1_222' title='bbox 3436 1484 3545 1523; x_wconf 91' lang='lat' dir='ltr'><strong>non</strong></span> 
     </span>
    </p>
   </div>
   <div class='ocr_carea' id='block_1_31' title="bbox 1979 1558 3546 1629">
    <p class='ocr_par' dir='ltr' id='par_1_31' title="bbox 1979 1558 3546 1629">
     <span class='ocr_line' id='line_1_31' title="bbox 1979 1558 3546 1629; baseline 0.003 -20"><span class='ocrx_word' id='word_1_223' title='bbox 1979 1558 2216 1626; x_wconf 75' lang='lat' dir='ltr'><strong>agebant</strong></span> <span class='ocrx_word' id='word_1_224' title='bbox 2274 1558 2604 1614; x_wconf 79' lang='lat' dir='ltr'><strong>miraculum</strong></span> <span class='ocrx_word' id='word_1_225' title='bbox 2663 1566 2723 1613; x_wconf 92' lang='lat' dir='ltr'><strong>ut</strong></span> <span class='ocrx_word' id='word_1_226' title='bbox 2791 1559 3145 1629; x_wconf 90' lang='lat' dir='ltr'><strong>dissiparent.</strong></span> <span class='ocrx_word' id='word_1_227' title='bbox 3204 1558 3309 1625; x_wconf 85' lang='lat' dir='ltr'><strong>Qui</strong></span> <span class='ocrx_word' id='word_1_228' title='bbox 3364 1570 3546 1614; x_wconf 88' lang='lat' dir='ltr'><strong>autem</strong></span> 
     </span>
    </p>
   </div>
   <div class='ocr_carea' id='block_1_32' title="bbox 1979 1648 3546 1723">
    <p class='ocr_par' dir='ltr' id='par_1_32' title="bbox 1979 1648 3546 1723">
     <span class='ocr_line' id='line_1_32' title="bbox 1979 1648 3546 1723; baseline 0.002 -21"><span class='ocrx_word' id='word_1_229' title='bbox 1979 1648 2157 1703; x_wconf 88' lang='lat' dir='ltr'><strong>visum</strong></span> <span class='ocrx_word' id='word_1_230' title='bbox 2189 1658 2490 1720; x_wconf 86' lang='lat' dir='ltr'><strong>receperat,</strong></span> <span class='ocrx_word' id='word_1_231' title='bbox 2522 1650 3023 1708; x_wconf 82' lang='lat' dir='ltr'><strong>contradicentibus</strong></span> <span class='ocrx_word' id='word_1_232' title='bbox 3053 1649 3254 1707; x_wconf 64' lang='lat' dir='ltr'><strong>Iudaeis</strong></span> <span class='ocrx_word' id='word_1_233' title='bbox 3284 1651 3498 1723; x_wconf 86' lang='lat' dir='ltr'><strong>reponit</strong></span> <span class='ocrx_word' id='word_1_234' title='bbox 3530 1670 3546 1705; x_wconf 93' lang='lat'><strong>:</strong></span> 
     </span>
    </p>
   </div>
   <div class='ocr_carea' id='block_1_33' title="bbox 1979 1738 3548 1799">
    <p class='ocr_par' dir='ltr' id='par_1_33' title="bbox 1979 1738 3548 1799">
     <span class='ocr_line' id='line_1_33' title="bbox 1979 1738 3548 1799; baseline 0.003 -4"><span class='ocrx_word' id='word_1_235' title='bbox 1979 1738 2091 1795; x_wconf 88' lang='lat' dir='ltr'><strong>Cur</strong></span> <span class='ocrx_word' id='word_1_236' title='bbox 2138 1755 2225 1796; x_wconf 90' lang='lat' dir='ltr'><strong>me</strong></span> <span class='ocrx_word' id='word_1_237' title='bbox 2264 1742 2719 1797; x_wconf 82' lang='lat' dir='ltr'><strong>calumniamini?</strong></span> <span class='ocrx_word' id='word_1_238' title='bbox 2776 1742 2887 1797; x_wconf 87' lang='lat' dir='ltr'><strong>Cur</strong></span> <span class='ocrx_word' id='word_1_239' title='bbox 2937 1743 3116 1798; x_wconf 88' lang='lat' dir='ltr'><strong>visum</strong></span> <span class='ocrx_word' id='word_1_240' title='bbox 3177 1745 3371 1798; x_wconf 69' lang='lat' dir='ltr'><strong>anima</strong></span> <span class='ocrx_word' id='word_1_241' title='bbox 3415 1757 3548 1799; x_wconf 74' lang='lat' dir='ltr'><strong>mea:</strong></span> 
     </span>
    </p>
   </div>
   <div class='ocr_carea' id='block_1_34' title="bbox 298 1829 1876 1911">
    <p class='ocr_par' dir='ltr' id='par_1_34' title="bbox 298 1829 1871 1911">
     <span class='ocr_line' id='line_1_34' title="bbox 298 1829 1871 1911; baseline 0.008 -30"><span class='ocrx_word' id='word_1_242' title='bbox 298 1830 480 1893; x_wconf 86' lang='grc' dir='ltr'><strong>τεῖτε;</strong></span> <span class='ocrx_word' id='word_1_243' title='bbox 513 1829 580 1882; x_wconf 90' lang='grc' dir='ltr'><strong>Τί</strong></span> <span class='ocrx_word' id='word_1_244' title='bbox 613 1847 714 1899; x_wconf 87' lang='grc' dir='ltr'><strong>μου</strong></span> <span class='ocrx_word' id='word_1_245' title='bbox 757 1830 817 1884; x_wconf 81' lang='grc' dir='ltr'><strong>τὸ</strong></span> <span class='ocrx_word' id='word_1_246' title='bbox 847 1830 1078 1901; x_wconf 82' lang='grc' dir='ltr'><strong>ψυχικὺν</strong></span> <span class='ocrx_word' id='word_1_247' title='bbox 1116 1832 1333 1906; x_wconf 82' lang='grc' dir='ltr'><strong>βλέμμα</strong></span> <span class='ocrx_word' id='word_1_248' title='bbox 1369 1837 1646 1906; x_wconf 86' lang='grc' dir='ltr'><strong>τυφλῶσαι</strong></span> <span class='ocrx_word' id='word_1_249' title='bbox 1690 1857 1871 1911; x_wconf 76' lang='grc' dir='ltr'><strong>προαι·</strong></span> 
     </span>
    </p>
   </div>
   <div class='ocr_carea' id='block_1_35' title="bbox 1977 1829 3544 1911">
    <p class='ocr_par' dir='ltr' id='par_1_35' title="bbox 1980 1832 3544 1904">
     <span class='ocr_line' id='line_1_35' title="bbox 1980 1832 3544 1904; baseline 0.003 -21"><span class='ocrx_word' id='word_1_250' title='bbox 1980 1845 2257 1887; x_wconf 69' lang='grc' dir='ltr'><strong>ειςιοοοτο</strong></span> <span class='ocrx_word' id='word_1_251' title='bbox 2302 1832 2573 1887; x_wconf 78' lang='lat' dir='ltr'><strong>studetis?</strong></span> <span class='ocrx_word' id='word_1_252' title='bbox 2633 1832 2824 1889; x_wconf 76' lang='lat' dir='ltr'><strong>Visum</strong></span> <span class='ocrx_word' id='word_1_253' title='bbox 2875 1835 3078 1904; x_wconf 85' lang='lat' dir='ltr'><strong>recepi,</strong></span> <span class='ocrx_word' id='word_1_254' title='bbox 3130 1850 3239 1890; x_wconf 93' lang='lat' dir='ltr'><strong>non</strong></span> <span class='ocrx_word' id='word_1_255' title='bbox 3296 1836 3544 1890; x_wconf 62' lang='lat' dir='ltr'><strong>executio.</strong></span> 
     </span>
    </p>
   </div>
   <div class='ocr_carea' id='block_1_36' title="bbox 300 1919 1878 2000">
    <p class='ocr_par' dir='ltr' id='par_1_36' title="bbox 300 1919 1878 2000">
     <span class='ocr_line' id='line_1_36' title="bbox 300 1919 1878 2000; baseline 0.008 -28"><span class='ocrx_word' id='word_1_256' title='bbox 300 1919 519 1991; x_wconf 76' lang='grc' dir='ltr'><strong>ρεῖσθε;</strong></span> <span class='ocrx_word' id='word_1_257' title='bbox 568 1922 884 1993; x_wconf 75' lang='grc' dir='ltr'><strong>’Λνέϐλεψα,</strong></span> <span class='ocrx_word' id='word_1_258' title='bbox 928 1926 990 1978; x_wconf 85' lang='grc' dir='ltr'><strong>οὐ</strong></span> <span class='ocrx_word' id='word_1_259' title='bbox 1034 1925 1375 1998; x_wconf 78' lang='grc' dir='ltr'><strong>τυφλοῦμαιο</strong></span> <span class='ocrx_word' id='word_1_260' title='bbox 1418 1928 1596 2000; x_wconf 83' lang='grc' dir='ltr'><strong>μάτην</strong></span> <span class='ocrx_word' id='word_1_261' title='bbox 1642 1946 1729 1999; x_wconf 91' lang='grc' dir='ltr'><strong>μοι</strong></span> <span class='ocrx_word' id='word_1_262' title='bbox 1783 1947 1878 1984; x_wconf 79' lang='grc' dir='ltr'><strong>κοο</strong></span> 
     </span>
    </p>
   </div>
   <div class='ocr_carea' id='block_1_37' title="bbox 298 2012 1878 2093">
    <p class='ocr_par' dir='ltr' id='par_1_37' title="bbox 298 2012 1878 2093">
     <span class='ocr_line' id='line_1_37' title="bbox 298 2012 1878 2093; baseline 0.008 -29"><span class='ocrx_word' id='word_1_263' title='bbox 298 2012 509 2083; x_wconf 83' lang='grc' dir='ltr'><strong>νιορτὸν</strong></span> <span class='ocrx_word' id='word_1_264' title='bbox 532 2012 877 2086; x_wconf 76' lang='grc' dir='ltr'><strong>βλασφημίας</strong></span> <span class='ocrx_word' id='word_1_265' title='bbox 904 2018 1267 2089; x_wconf 87' lang='grc' dir='ltr'><strong>προσρίπτετε</strong></span> <span class='ocrx_word' id='word_1_266' title='bbox 1297 2018 1432 2090; x_wconf 73' lang='grc'><strong>(7⁸1).</strong></span> <span class='ocrx_word' id='word_1_267' title='bbox 1454 2020 1645 2087; x_wconf 71' lang='grc' dir='ltr'><strong>’Ἄλλος</strong></span> <span class='ocrx_word' id='word_1_268' title='bbox 1668 2022 1878 2093; x_wconf 81' lang='grc' dir='ltr'><strong>ὲφιλαν·</strong></span> 
     </span>
    </p>
   </div>
   <div class='ocr_carea' id='block_1_38' title="bbox 298 2104 1873 2185">
    <p class='ocr_par' dir='ltr' id='par_1_38' title="bbox 298 2104 1873 2185">
     <span class='ocr_line' id='line_1_38' title="bbox 298 2104 1873 2185; baseline 0.006 -25"><span class='ocrx_word' id='word_1_269' title='bbox 298 2104 678 2178; x_wconf 80' lang='grc' dir='ltr'><strong>θρωπεύσατο,</strong></span> <span class='ocrx_word' id='word_1_270' title='bbox 710 2109 805 2162; x_wconf 83' lang='grc' dir='ltr'><strong>καὶ</strong></span> <span class='ocrx_word' id='word_1_271' title='bbox 829 2109 988 2181; x_wconf 85' lang='grc' dir='ltr'><strong>ὑμεῖς</strong></span> <span class='ocrx_word' id='word_1_272' title='bbox 1008 2109 1372 2165; x_wconf 88' lang='grc' dir='ltr'><strong>ἀντιϐάλλετε.</strong></span> <span class='ocrx_word' id='word_1_273' title='bbox 1396 2112 1470 2166; x_wconf 83' lang='grc' dir='ltr'><strong>Οὐ</strong></span> <span class='ocrx_word' id='word_1_274' title='bbox 1503 2117 1873 2185; x_wconf 77' lang='grc' dir='ltr'><strong>προσκυνεῖτε,</strong></span> 
     </span>
    </p>
   </div>
   <div class='ocr_carea' id='block_1_39' title="bbox 295 2198 1876 2273">
    <p class='ocr_par' dir='ltr' id='par_1_39' title="bbox 295 2198 1876 2273">
     <span class='ocr_line' id='line_1_39' title="bbox 295 2198 1876 2273; baseline 0.006 -21"><span class='ocrx_word' id='word_1_275' title='bbox 295 2198 434 2253; x_wconf 88' lang='grc' dir='ltr'><strong>ἀλλά</strong></span> <span class='ocrx_word' id='word_1_276' title='bbox 471 2199 783 2271; x_wconf 85' lang='grc' dir='ltr'><strong>λοιδορεῖτε.</strong></span> <span class='ocrx_word' id='word_1_277' title='bbox 812 2201 1007 2267; x_wconf 82' lang='grc' dir='ltr'><strong>Καλῶς</strong></span> <span class='ocrx_word' id='word_1_278' title='bbox 1047 2202 1105 2256; x_wconf 78' lang='grc' dir='ltr'><strong>δὲ</strong></span> <span class='ocrx_word' id='word_1_279' title='bbox 1139 2204 1301 2258; x_wconf 81' lang='grc' dir='ltr'><strong>αὑτὸν</strong></span> <span class='ocrx_word' id='word_1_280' title='bbox 1350 2204 1462 2257; x_wconf 81' lang='grc' dir='ltr'><strong>υἱὸν</strong></span> <span class='ocrx_word' id='word_1_281' title='bbox 1492 2204 1587 2258; x_wconf 80' lang='grc' dir='ltr'><strong>τοῦ</strong></span> <span class='ocrx_word' id='word_1_282' title='bbox 1629 2206 1876 2273; x_wconf 84' lang='grc' dir='ltr'><strong>τέκτονος</strong></span> 
     </span>
    </p>
   </div>
   <div class='ocr_carea' id='block_1_40' title="bbox 296 2291 1876 2368">
    <p class='ocr_par' dir='ltr' id='par_1_40' title="bbox 296 2291 1876 2368">
     <span class='ocr_line' id='line_1_40' title="bbox 296 2291 1876 2368; baseline 0.006 -26"><span class='ocrx_word' id='word_1_283' title='bbox 296 2291 764 2362; x_wconf 78' lang='grc' dir='ltr'><strong>προσαγορεύετεο</strong></span> <span class='ocrx_word' id='word_1_284' title='bbox 819 2293 1165 2363; x_wconf 83' lang='grc' dir='ltr'><strong>μετημφίασε</strong></span> <span class='ocrx_word' id='word_1_285' title='bbox 1206 2294 1316 2366; x_wconf 73' lang='grc' dir='ltr'><strong>γὰρ</strong></span> <span class='ocrx_word' id='word_1_286' title='bbox 1356 2294 1467 2349; x_wconf 88' lang='grc' dir='ltr'><strong>τῶν</strong></span> <span class='ocrx_word' id='word_1_287' title='bbox 1497 2296 1647 2367; x_wconf 75' lang='grc' dir='ltr'><strong>ἐμῶν</strong></span> <span class='ocrx_word' id='word_1_288' title='bbox 1674 2297 1876 2368; x_wconf 80' lang='grc' dir='ltr'><strong>ὀφθαλ-</strong></span> 
     </span>
    </p>
   </div>
   <div class='ocr_carea' id='block_1_41' title="bbox 298 2379 1874 2463">
    <p class='ocr_par' dir='ltr' id='par_1_41' title="bbox 298 2379 1874 2463">
     <span class='ocr_line' id='line_1_41' title="bbox 298 2379 1874 2463; baseline 0.008 -30"><span class='ocrx_word' id='word_1_289' title='bbox 298 2379 418 2452; x_wconf 81' lang='grc' dir='ltr'><strong>μῶν</strong></span> <span class='ocrx_word' id='word_1_290' title='bbox 446 2382 548 2447; x_wconf 81' lang='grc' dir='ltr'><strong>τὰς</strong></span> <span class='ocrx_word' id='word_1_291' title='bbox 586 2383 828 2461; x_wconf 82' lang='grc' dir='ltr'><strong>θυρίδας.</strong></span> <span class='ocrx_word' id='word_1_292' title='bbox 866 2386 1078 2458; x_wconf 76' lang='grc' dir='ltr'><strong>Μικρὸν</strong></span> <span class='ocrx_word' id='word_1_293' title='bbox 1112 2403 1201 2457; x_wconf 88' lang='grc' dir='ltr'><strong>μοι</strong></span> <span class='ocrx_word' id='word_1_294' title='bbox 1243 2390 1648 2461; x_wconf 80' lang='grc' dir='ltr'><strong>συγχωρήσατε,</strong></span> <span class='ocrx_word' id='word_1_295' title='bbox 1676 2394 1724 2445; x_wconf 89' lang='grc' dir='ltr'><strong>εί</strong></span> <span class='ocrx_word' id='word_1_296' title='bbox 1758 2393 1874 2463; x_wconf 78' lang='grc' dir='ltr'><strong>μετ’</strong></span> 
     </span>
    </p>
   </div>
   <div class='ocr_carea' id='block_1_42' title="bbox 292 2470 1879 2555">
    <p class='ocr_par' dir='ltr' id='par_1_42' title="bbox 292 2470 1879 2555">
     <span class='ocr_line' id='line_1_42' title="bbox 292 2470 1879 2555; baseline 0.009 -30"><span class='ocrx_word' id='word_1_297' title='bbox 292 2470 472 2541; x_wconf 74' lang='grc' dir='ltr'><strong>ὀλίγον</strong></span> <span class='ocrx_word' id='word_1_298' title='bbox 491 2475 621 2545; x_wconf 86' lang='grc' dir='ltr'><strong>ὑμῖν</strong></span> <span class='ocrx_word' id='word_1_299' title='bbox 640 2475 975 2547; x_wconf 80' lang='grc' dir='ltr'><strong>διαλέγομαι.</strong></span> <span class='ocrx_word' id='word_1_300' title='bbox 1002 2478 1399 2551; x_wconf 82' lang='grc' dir='ltr'><strong>Συγχωρήσατέ</strong></span> <span class='ocrx_word' id='word_1_301' title='bbox 1439 2498 1528 2554; x_wconf 92' lang='grc' dir='ltr'><strong>μοι</strong></span> <span class='ocrx_word' id='word_1_302' title='bbox 1552 2483 1765 2555; x_wconf 90' lang='grc' dir='ltr'><strong>πρῶτον</strong></span> <span class='ocrx_word' id='word_1_303' title='bbox 1785 2502 1879 2540; x_wconf 82' lang='grc' dir='ltr'><strong>κα-</strong></span> 
     </span>
    </p>
   </div>
   <div class='ocr_carea' id='block_1_43' title="bbox 288 2566 1867 2647">
    <p class='ocr_par' dir='ltr' id='par_1_43' title="bbox 288 2566 1867 2647">
     <span class='ocr_line' id='line_1_43' title="bbox 288 2566 1867 2647; baseline 0.009 -28"><span class='ocrx_word' id='word_1_304' title='bbox 288 2566 556 2639; x_wconf 82' lang='grc' dir='ltr'><strong>τανοῆσαι</strong></span> <span class='ocrx_word' id='word_1_305' title='bbox 599 2568 694 2623; x_wconf 81' lang='grc' dir='ltr'><strong>τοῦ</strong></span> <span class='ocrx_word' id='word_1_306' title='bbox 724 2569 953 2642; x_wconf 80' lang='grc' dir='ltr'><strong>οὐρανοῦ</strong></span> <span class='ocrx_word' id='word_1_307' title='bbox 982 2570 1045 2624; x_wconf 83' lang='grc' dir='ltr'><strong>τδ</strong></span> <span class='ocrx_word' id='word_1_308' title='bbox 1080 2572 1294 2638; x_wconf 85' lang='grc' dir='ltr'><strong>κάλλος,</strong></span> <span class='ocrx_word' id='word_1_309' title='bbox 1331 2574 1426 2628; x_wconf 82' lang='grc' dir='ltr'><strong>τοῦ</strong></span> <span class='ocrx_word' id='word_1_310' title='bbox 1470 2576 1621 2647; x_wconf 86' lang='grc' dir='ltr'><strong>ήλίου</strong></span> <span class='ocrx_word' id='word_1_311' title='bbox 1653 2577 1714 2631; x_wconf 72' lang='grc' dir='ltr'><strong>τὸ</strong></span> <span class='ocrx_word' id='word_1_312' title='bbox 1745 2580 1867 2633; x_wconf 75' lang='grc' dir='ltr'><strong>κέν-</strong></span> 
     </span>
    </p>
   </div>
   <div class='ocr_carea' id='block_1_44' title="bbox 291 2664 1876 2743">
    <p class='ocr_par' dir='ltr' id='par_1_44' title="bbox 291 2664 1876 2743">
     <span class='ocr_line' id='line_1_44' title="bbox 291 2664 1876 2743; baseline 0.015 -29"><span class='ocrx_word' id='word_1_313' title='bbox 291 2676 443 2732; x_wconf 88' lang='grc' dir='ltr'><strong>τρον,</strong></span> <span class='ocrx_word' id='word_1_314' title='bbox 474 2665 577 2736; x_wconf 80' lang='grc' dir='ltr'><strong>τῆς</strong></span> <span class='ocrx_word' id='word_1_315' title='bbox 610 2665 840 2736; x_wconf 80' lang='grc' dir='ltr'><strong>σελήνης</strong></span> <span class='ocrx_word' id='word_1_316' title='bbox 863 2664 926 2718; x_wconf 83' lang='grc' dir='ltr'><strong>τὸ</strong></span> <span class='ocrx_word' id='word_1_317' title='bbox 944 2667 1098 2737; x_wconf 79' lang='grc' dir='ltr'><strong>φάος,</strong></span> <span class='ocrx_word' id='word_1_318' title='bbox 1130 2667 1231 2739; x_wconf 78' lang='grc' dir='ltr'><strong>τῆς</strong></span> <span class='ocrx_word' id='word_1_319' title='bbox 1250 2668 1462 2741; x_wconf 80' lang='grc' dir='ltr'><strong>ἡμέρας</strong></span> <span class='ocrx_word' id='word_1_320' title='bbox 1492 2669 1577 2723; x_wconf 67' lang='grc' dir='ltr'><strong>τὸν</strong></span> <span class='ocrx_word' id='word_1_321' title='bbox 1604 2670 1749 2742; x_wconf 76' lang='grc' dir='ltr'><strong>ὅρον,</strong></span> <span class='ocrx_word' id='word_1_322' title='bbox 1775 2672 1876 2743; x_wconf 77' lang='grc' dir='ltr'><strong>τῆς</strong></span> 
     </span>
    </p>
   </div>
   <div class='ocr_carea' id='block_1_45' title="bbox 290 2753 1874 2835">
    <p class='ocr_par' dir='ltr' id='par_1_45' title="bbox 290 2753 1874 2835">
     <span class='ocr_line' id='line_1_45' title="bbox 290 2753 1874 2835; baseline 0.009 -30"><span class='ocrx_word' id='word_1_323' title='bbox 290 2753 488 2817; x_wconf 82' lang='grc' dir='ltr'><strong>νυκτὸς</strong></span> <span class='ocrx_word' id='word_1_324' title='bbox 533 2755 596 2807; x_wconf 79' lang='grc' dir='ltr'><strong>τὸ</strong></span> <span class='ocrx_word' id='word_1_325' title='bbox 636 2757 853 2829; x_wconf 83' lang='grc' dir='ltr'><strong>μέτρον,</strong></span> <span class='ocrx_word' id='word_1_326' title='bbox 887 2759 997 2815; x_wconf 87' lang='grc' dir='ltr'><strong>τῶν</strong></span> <span class='ocrx_word' id='word_1_327' title='bbox 1044 2760 1290 2832; x_wconf 84' lang='grc' dir='ltr'><strong>ἀστέρων</strong></span> <span class='ocrx_word' id='word_1_328' title='bbox 1342 2761 1441 2834; x_wconf 78' lang='grc' dir='ltr'><strong>τὴν</strong></span> <span class='ocrx_word' id='word_1_329' title='bbox 1480 2762 1716 2835; x_wconf 83' lang='grc' dir='ltr'><strong>χορείαν,</strong></span> <span class='ocrx_word' id='word_1_330' title='bbox 1764 2764 1874 2820; x_wconf 86' lang='grc' dir='ltr'><strong>τῶν</strong></span> 
     </span>
    </p>
   </div>
   <div class='ocr_carea' id='block_1_46' title="bbox 289 2844 1875 2927">
    <p class='ocr_par' dir='ltr' id='par_1_46' title="bbox 289 2844 1875 2927">
     <span class='ocr_line' id='line_1_46' title="bbox 289 2844 1875 2927; baseline 0.01 -30"><span class='ocrx_word' id='word_1_331' title='bbox 289 2844 469 2913; x_wconf 73' lang='grc' dir='ltr'><strong>νεφῶν</strong></span> <span class='ocrx_word' id='word_1_332' title='bbox 511 2846 614 2918; x_wconf 77' lang='grc' dir='ltr'><strong>τὴν</strong></span> <span class='ocrx_word' id='word_1_333' title='bbox 640 2848 956 2922; x_wconf 78' lang='grc' dir='ltr'><strong>διαδρομὴν,</strong></span> <span class='ocrx_word' id='word_1_334' title='bbox 1001 2851 1103 2920; x_wconf 83' lang='grc' dir='ltr'><strong>τῆς</strong></span> <span class='ocrx_word' id='word_1_335' title='bbox 1148 2852 1254 2923; x_wconf 79' lang='grc' dir='ltr'><strong>γῆς</strong></span> <span class='ocrx_word' id='word_1_336' title='bbox 1292 2853 1391 2923; x_wconf 73' lang='grc' dir='ltr'><strong>τὴν</strong></span> <span class='ocrx_word' id='word_1_337' title='bbox 1443 2854 1731 2927; x_wconf 82' lang='grc' dir='ltr'><strong>εὐθύτητα,</strong></span> <span class='ocrx_word' id='word_1_338' title='bbox 1775 2858 1875 2927; x_wconf 79' lang='grc' dir='ltr'><strong>τῆς</strong></span> 
     </span>
    </p>
   </div>
   <div class='ocr_carea' id='block_1_47' title="bbox 292 2934 1877 3021">
    <p class='ocr_par' dir='ltr' id='par_1_47' title="bbox 292 2934 1877 3021">
     <span class='ocr_line' id='line_1_47' title="bbox 292 2934 1877 3021; baseline 0.011 -33"><span class='ocrx_word' id='word_1_339' title='bbox 292 2934 571 3009; x_wconf 79' lang='grc' dir='ltr'><strong>θαλάσσης</strong></span> <span class='ocrx_word' id='word_1_340' title='bbox 598 2940 659 2994; x_wconf 81' lang='grc' dir='ltr'><strong>τὸ</strong></span> <span class='ocrx_word' id='word_1_341' title='bbox 682 2941 865 3007; x_wconf 84' lang='grc' dir='ltr'><strong>κύτος,</strong></span> <span class='ocrx_word' id='word_1_342' title='bbox 891 2944 1000 2999; x_wconf 90' lang='grc' dir='ltr'><strong>τῶν</strong></span> <span class='ocrx_word' id='word_1_343' title='bbox 1027 2945 1226 2999; x_wconf 82' lang='grc' dir='ltr'><strong>πλοίων</strong></span> <span class='ocrx_word' id='word_1_344' title='bbox 1247 2946 1346 3015; x_wconf 83' lang='grc' dir='ltr'><strong>τὴν</strong></span> <span class='ocrx_word' id='word_1_345' title='bbox 1374 2946 1595 3018; x_wconf 80' lang='grc' dir='ltr'><strong>ἀτριϐον</strong></span> <span class='ocrx_word' id='word_1_346' title='bbox 1625 2947 1738 3021; x_wconf 88' lang='lat'><strong>(78)</strong></span> <span class='ocrx_word' id='word_1_347' title='bbox 1761 2950 1877 3005; x_wconf 85' lang='grc' dir='ltr'><strong>διά-</strong></span> 
     </span>
    </p>
   </div>
   <div class='ocr_carea' id='block_1_48' title="bbox 290 3026 1876 3113">
    <p class='ocr_par' dir='ltr' id='par_1_48' title="bbox 290 3026 1876 3113">
     <span class='ocr_line' id='line_1_48' title="bbox 290 3026 1876 3113; baseline 0.009 -32"><span class='ocrx_word' id='word_1_348' title='bbox 290 3026 468 3093; x_wconf 87' lang='grc' dir='ltr'><strong>ϐασιν,</strong></span> <span class='ocrx_word' id='word_1_349' title='bbox 508 3031 619 3085; x_wconf 84' lang='grc' dir='ltr'><strong>τῶν</strong></span> <span class='ocrx_word' id='word_1_350' title='bbox 663 3033 965 3107; x_wconf 83' lang='grc' dir='ltr'><strong>ἀνωμάλων</strong></span> <span class='ocrx_word' id='word_1_351' title='bbox 1004 3036 1103 3108; x_wconf 80' lang='grc' dir='ltr'><strong>τὴν</strong></span> <span class='ocrx_word' id='word_1_352' title='bbox 1146 3041 1425 3112; x_wconf 79' lang='grc' dir='ltr'><strong>περιοχὴν,</strong></span> <span class='ocrx_word' id='word_1_353' title='bbox 1458 3040 1567 3093; x_wconf 87' lang='grc' dir='ltr'><strong>τῶν</strong></span> <span class='ocrx_word' id='word_1_354' title='bbox 1604 3041 1774 3113; x_wconf 82' lang='grc' dir='ltr'><strong>ὀρέων</strong></span> <span class='ocrx_word' id='word_1_355' title='bbox 1806 3043 1876 3096; x_wconf 81' lang='grc' dir='ltr'><strong>τὰ</strong></span> 
     </span>
    </p>
   </div>
   <div class='ocr_carea' id='block_1_49' title="bbox 293 3122 1874 3205">
    <p class='ocr_par' dir='ltr' id='par_1_49' title="bbox 293 3122 1874 3205">
     <span class='ocr_line' id='line_1_49' title="bbox 293 3122 1874 3205; baseline 0.008 -31"><span class='ocrx_word' id='word_1_356' title='bbox 293 3122 652 3195; x_wconf 83' lang='grc' dir='ltr'><strong>κυρτώματα,</strong></span> <span class='ocrx_word' id='word_1_357' title='bbox 685 3126 793 3180; x_wconf 88' lang='grc' dir='ltr'><strong>τῶν</strong></span> <span class='ocrx_word' id='word_1_358' title='bbox 826 3129 1086 3200; x_wconf 88' lang='grc' dir='ltr'><strong>ποταμῶν</strong></span> <span class='ocrx_word' id='word_1_359' title='bbox 1126 3129 1195 3184; x_wconf 75' lang='grc' dir='ltr'><strong>τά</strong></span> <span class='ocrx_word' id='word_1_360' title='bbox 1228 3129 1494 3202; x_wconf 80' lang='grc' dir='ltr'><strong>ῥεύματα,</strong></span> <span class='ocrx_word' id='word_1_361' title='bbox 1529 3132 1637 3187; x_wconf 89' lang='grc' dir='ltr'><strong>τῶν</strong></span> <span class='ocrx_word' id='word_1_362' title='bbox 1681 3134 1874 3205; x_wconf 83' lang='grc' dir='ltr'><strong>πηγῶν</strong></span> 
     </span>
    </p>
   </div>
   <div class='ocr_carea' id='block_1_50' title="bbox 291 3213 1874 3298">
    <p class='ocr_par' dir='ltr' id='par_1_50' title="bbox 291 3213 1874 3298">
     <span class='ocr_line' id='line_1_50' title="bbox 291 3213 1874 3298; baseline 0.009 -32"><span class='ocrx_word' id='word_1_363' title='bbox 291 3213 359 3267; x_wconf 68' lang='grc' dir='ltr'><strong>τὰ</strong></span> <span class='ocrx_word' id='word_1_364' title='bbox 388 3214 631 3286; x_wconf 80' lang='grc' dir='ltr'><strong>νάματα,</strong></span> <span class='ocrx_word' id='word_1_365' title='bbox 658 3217 767 3270; x_wconf 86' lang='grc' dir='ltr'><strong>τῶν</strong></span> <span class='ocrx_word' id='word_1_366' title='bbox 799 3220 1048 3291; x_wconf 86' lang='grc' dir='ltr'><strong>φρεάτων</strong></span> <span class='ocrx_word' id='word_1_367' title='bbox 1068 3220 1137 3275; x_wconf 85' lang='grc' dir='ltr'><strong>τὰ</strong></span> <span class='ocrx_word' id='word_1_368' title='bbox 1165 3223 1326 3295; x_wconf 79' lang='grc' dir='ltr'><strong>άντλή</strong></span> <span class='ocrx_word' id='word_1_369' title='bbox 1337 3242 1501 3295; x_wconf 87' lang='grc' dir='ltr'><strong>ματα,</strong></span> <span class='ocrx_word' id='word_1_370' title='bbox 1530 3225 1638 3279; x_wconf 88' lang='grc' dir='ltr'><strong>τῶν</strong></span> <span class='ocrx_word' id='word_1_371' title='bbox 1661 3225 1874 3298; x_wconf 86' lang='grc' dir='ltr'><strong>κτηνῶν</strong></span> 
     </span>
    </p>
   </div>
   <div class='ocr_carea' id='block_1_51' title="bbox 290 3303 1883 3387">
    <p class='ocr_par' dir='ltr' id='par_1_51' title="bbox 290 3303 1883 3387">
     <span class='ocr_line' id='line_1_51' title="bbox 290 3303 1883 3387; baseline 0.009 -29"><span class='ocrx_word' id='word_1_372' title='bbox 290 3303 358 3358; x_wconf 83' lang='grc' dir='ltr'><strong>τὰ</strong></span> <span class='ocrx_word' id='word_1_373' title='bbox 412 3309 783 3379; x_wconf 83' lang='grc' dir='ltr'><strong>σκιρτήματα,</strong></span> <span class='ocrx_word' id='word_1_374' title='bbox 832 3309 941 3364; x_wconf 90' lang='grc' dir='ltr'><strong>τῶν</strong></span> <span class='ocrx_word' id='word_1_375' title='bbox 986 3310 1189 3385; x_wconf 85' lang='grc' dir='ltr'><strong>θηρίων</strong></span> <span class='ocrx_word' id='word_1_376' title='bbox 1234 3314 1302 3369; x_wconf 79' lang='grc' dir='ltr'><strong>τά</strong></span> <span class='ocrx_word' id='word_1_377' title='bbox 1351 3316 1713 3387; x_wconf 83' lang='grc' dir='ltr'><strong>ποικίλματα,</strong></span> <span class='ocrx_word' id='word_1_378' title='bbox 1767 3316 1883 3372; x_wconf 72' lang='grc' dir='ltr'><strong>τῶν</strong></span> 
     </span>
    </p>
   </div>
   <div class='ocr_carea' id='block_1_52' title="bbox 290 3393 1874 3473">
    <p class='ocr_par' dir='ltr' id='par_1_52' title="bbox 290 3393 1874 3473">
     <span class='ocr_line' id='line_1_52' title="bbox 290 3393 1874 3473; baseline 0.006 -27"><span class='ocrx_word' id='word_1_379' title='bbox 290 3393 498 3463; x_wconf 82' lang='grc' dir='ltr'><strong>ὀρνέων</strong></span> <span class='ocrx_word' id='word_1_380' title='bbox 526 3396 596 3450; x_wconf 86' lang='grc' dir='ltr'><strong>τά</strong></span> <span class='ocrx_word' id='word_1_381' title='bbox 627 3396 977 3470; x_wconf 80' lang='grc' dir='ltr'><strong>σχιζόπτερα,</strong></span> <span class='ocrx_word' id='word_1_382' title='bbox 1006 3399 1114 3453; x_wconf 90' lang='grc' dir='ltr'><strong>τῶν</strong></span> <span class='ocrx_word' id='word_1_383' title='bbox 1144 3400 1340 3472; x_wconf 81' lang='grc' dir='ltr'><strong>ἰχθύων</strong></span> <span class='ocrx_word' id='word_1_384' title='bbox 1362 3401 1431 3455; x_wconf 80' lang='grc' dir='ltr'><strong>τά</strong></span> <span class='ocrx_word' id='word_1_385' title='bbox 1462 3401 1743 3473; x_wconf 80' lang='grc' dir='ltr'><strong>ἰδιώματα,</strong></span> <span class='ocrx_word' id='word_1_386' title='bbox 1766 3400 1874 3455; x_wconf 90' lang='grc' dir='ltr'><strong>τῶν</strong></span> 
     </span>
    </p>
   </div>
   <div class='ocr_carea' id='block_1_53' title="bbox 289 3479 1871 3560">
    <p class='ocr_par' dir='ltr' id='par_1_53' title="bbox 289 3479 1871 3560">
     <span class='ocr_line' id='line_1_53' title="bbox 289 3479 1871 3560; baseline 0.006 -27"><span class='ocrx_word' id='word_1_387' title='bbox 289 3479 525 3552; x_wconf 78' lang='grc' dir='ltr'><strong>δένδρων</strong></span> <span class='ocrx_word' id='word_1_388' title='bbox 563 3482 632 3537; x_wconf 74' lang='grc' dir='ltr'><strong>τά</strong></span> <span class='ocrx_word' id='word_1_389' title='bbox 665 3483 957 3556; x_wconf 72' lang='grc' dir='ltr'><strong>ὑψώματα,</strong></span> <span class='ocrx_word' id='word_1_390' title='bbox 991 3486 1099 3540; x_wconf 88' lang='grc' dir='ltr'><strong>τῶν</strong></span> <span class='ocrx_word' id='word_1_391' title='bbox 1127 3487 1358 3560; x_wconf 88' lang='grc' dir='ltr'><strong>καρπῶν</strong></span> <span class='ocrx_word' id='word_1_392' title='bbox 1392 3488 1460 3541; x_wconf 83' lang='grc' dir='ltr'><strong>τά</strong></span> <span class='ocrx_word' id='word_1_393' title='bbox 1490 3488 1871 3558; x_wconf 83' lang='grc' dir='ltr'><strong>γλυκάσματα.</strong></span> 
     </span>
    </p>
   </div>
   <div class='ocr_carea' id='block_1_54' title="bbox 291 3568 1876 3648">
    <p class='ocr_par' dir='ltr' id='par_1_54' title="bbox 291 3568 1876 3648">
     <span class='ocr_line' id='line_1_54' title="bbox 291 3568 1876 3648; baseline 0.006 -27"><span class='ocrx_word' id='word_1_394' title='bbox 291 3568 694 3642; x_wconf 82' lang='grc' dir='ltr'><strong>Συγχωρήσατέ</strong></span> <span class='ocrx_word' id='word_1_395' title='bbox 742 3589 832 3643; x_wconf 84' lang='grc' dir='ltr'><strong>μοι</strong></span> <span class='ocrx_word' id='word_1_396' title='bbox 886 3574 1101 3644; x_wconf 88' lang='grc' dir='ltr'><strong>πρῶτον</strong></span> <span class='ocrx_word' id='word_1_397' title='bbox 1156 3574 1327 3629; x_wconf 81' lang='grc' dir='ltr'><strong>ταῦτα</strong></span> <span class='ocrx_word' id='word_1_398' title='bbox 1376 3577 1471 3630; x_wconf 76' lang='grc' dir='ltr'><strong>καὶ</strong></span> <span class='ocrx_word' id='word_1_399' title='bbox 1519 3576 1876 3648; x_wconf 87' lang='grc' dir='ltr'><strong>παραπλήσια</strong></span> 
     </span>
    </p>
   </div>
   <div class='ocr_carea' id='block_1_55' title="bbox 290 3658 1874 3739">
    <p class='ocr_par' dir='ltr' id='par_1_55' title="bbox 290 3658 1874 3739">
     <span class='ocr_line' id='line_1_55' title="bbox 290 3658 1874 3739; baseline 0.007 -29"><span class='ocrx_word' id='word_1_400' title='bbox 290 3658 498 3712; x_wconf 87' lang='grc' dir='ltr'><strong>τούτων</strong></span> <span class='ocrx_word' id='word_1_401' title='bbox 541 3659 860 3727; x_wconf 85' lang='grc' dir='ltr'><strong>θεάσασθαι,</strong></span> <span class='ocrx_word' id='word_1_402' title='bbox 901 3666 996 3719; x_wconf 76' lang='grc' dir='ltr'><strong>καὶ</strong></span> <span class='ocrx_word' id='word_1_403' title='bbox 1035 3660 1137 3718; x_wconf 81' lang='grc' dir='ltr'><strong>εἶθ’</strong></span> <span class='ocrx_word' id='word_1_404' title='bbox 1166 3664 1339 3730; x_wconf 82' lang='grc' dir='ltr'><strong>οὕτως</strong></span> <span class='ocrx_word' id='word_1_405' title='bbox 1370 3667 1499 3738; x_wconf 87' lang='grc' dir='ltr'><strong>ὑμῖν</strong></span> <span class='ocrx_word' id='word_1_406' title='bbox 1535 3667 1874 3739; x_wconf 85' lang='grc' dir='ltr'><strong>διαλέγομαι,</strong></span> 
     </span>
    </p>
   </div>
   <div class='ocr_carea' id='block_1_56' title="bbox 291 3748 1877 3830">
    <p class='ocr_par' dir='ltr' id='par_1_56' title="bbox 291 3748 1877 3830">
     <span class='ocr_line' id='line_1_56' title="bbox 291 3748 1877 3830; baseline 0.006 -27"><span class='ocrx_word' id='word_1_407' title='bbox 291 3748 412 3813; x_wconf 83' lang='grc' dir='ltr'><strong>πῶς</strong></span> <span class='ocrx_word' id='word_1_408' title='bbox 442 3751 734 3823; x_wconf 70' lang='grc' dir='ltr'><strong>ἀνέϐλεψα.</strong></span> <span class='ocrx_word' id='word_1_409' title='bbox 759 3755 935 3809; x_wconf 83' lang='grc' dir='ltr'><strong>Πάλαι</strong></span> <span class='ocrx_word' id='word_1_410' title='bbox 966 3756 1065 3826; x_wconf 80' lang='grc' dir='ltr'><strong>μὲν</strong></span> <span class='ocrx_word' id='word_1_411' title='bbox 1090 3757 1407 3829; x_wconf 70' lang='grc' dir='ltr'><strong>ἐγεννήθην,</strong></span> <span class='ocrx_word' id='word_1_412' title='bbox 1439 3758 1556 3812; x_wconf 75' lang='grc' dir='ltr'><strong>νυνὶ</strong></span> <span class='ocrx_word' id='word_1_413' title='bbox 1580 3757 1638 3811; x_wconf 82' lang='grc' dir='ltr'><strong>δὲ</strong></span> <span class='ocrx_word' id='word_1_414' title='bbox 1662 3758 1877 3830; x_wconf 89' lang='grc' dir='ltr'><strong>πρῶτον</strong></span> 
     </span>
    </p>
   </div>
   <div class='ocr_carea' id='block_1_57' title="bbox 294 3844 1876 3919">
    <p class='ocr_par' dir='ltr' id='par_1_57' title="bbox 294 3844 1876 3919">
     <span class='ocr_line' id='line_1_57' title="bbox 294 3844 1876 3919; baseline 0.006 -23"><span class='ocrx_word' id='word_1_415' title='bbox 294 3844 541 3915; x_wconf 73' lang='grc' dir='ltr'><strong>εἰσῆλθον</strong></span> <span class='ocrx_word' id='word_1_416' title='bbox 562 3847 643 3909; x_wconf 86' lang='grc' dir='ltr'><strong>είς</strong></span> <span class='ocrx_word' id='word_1_417' title='bbox 662 3848 753 3901; x_wconf 86' lang='grc' dir='ltr'><strong>τὸν</strong></span> <span class='ocrx_word' id='word_1_418' title='bbox 773 3847 977 3918; x_wconf 86' lang='grc' dir='ltr'><strong>κόσμον</strong></span> <span class='ocrx_word' id='word_1_419' title='bbox 1003 3847 1083 3919; x_wconf 84' lang='grc' dir='ltr'><strong>τῷ</strong></span> <span class='ocrx_word' id='word_1_420' title='bbox 1113 3849 1269 3919; x_wconf 82' lang='grc' dir='ltr'><strong>μέρει</strong></span> <span class='ocrx_word' id='word_1_421' title='bbox 1291 3850 1392 3918; x_wconf 83' lang='grc' dir='ltr'><strong>τῆς</strong></span> <span class='ocrx_word' id='word_1_422' title='bbox 1417 3848 1609 3918; x_wconf 76' lang='grc' dir='ltr'><strong>ὅψεως.</strong></span> <span class='ocrx_word' id='word_1_423' title='bbox 1632 3850 1876 3905; x_wconf 85' lang='grc' dir='ltr'><strong>Ἤκουσα</strong></span> 
     </span>
    </p>
   </div>
   <div class='ocr_carea' id='block_1_58' title="bbox 293 3933 1876 4010">
    <p class='ocr_par' dir='ltr' id='par_1_58' title="bbox 293 3933 1876 4010">
     <span class='ocr_line' id='line_1_58' title="bbox 293 3933 1876 4010; baseline 0.004 -24"><span class='ocrx_word' id='word_1_424' title='bbox 293 3933 388 3987; x_wconf 82' lang='grc' dir='ltr'><strong>τοῦ</strong></span> <span class='ocrx_word' id='word_1_425' title='bbox 417 3935 701 4007; x_wconf 82' lang='grc' dir='ltr'><strong>προφήτου</strong></span> <span class='ocrx_word' id='word_1_426' title='bbox 727 3936 957 4007; x_wconf 85' lang='grc' dir='ltr'><strong>βοῶντος</strong></span> <span class='ocrx_word' id='word_1_427' title='bbox 974 3953 990 3968; x_wconf 89' lang='grc'><strong>·</strong></span> <span class='ocrx_word' id='word_1_428' title='bbox 1018 3956 1038 3989; x_wconf 85' lang='grc' dir='ltr'><strong>ι</strong></span> <span class='ocrx_word' id='word_1_429' title='bbox 1091 3939 1185 3991; x_wconf 84' lang='grc' dir='ltr'><strong>Ἐκ</strong></span> <span class='ocrx_word' id='word_1_430' title='bbox 1212 3938 1474 4009; x_wconf 84' lang='grc' dir='ltr'><strong>μεγέθους</strong></span> <span class='ocrx_word' id='word_1_431' title='bbox 1499 3938 1594 3992; x_wconf 81' lang='grc' dir='ltr'><strong>καὶ</strong></span> <span class='ocrx_word' id='word_1_432' title='bbox 1617 3939 1876 4010; x_wconf 80' lang='grc' dir='ltr'><strong>καλλονῆς</strong></span> 
     </span>
    </p>
   </div>
   <div class='ocr_carea' id='block_1_59' title="bbox 294 4028 1877 4103">
    <p class='ocr_par' dir='ltr' id='par_1_59' title="bbox 294 4028 1877 4103">
     <span class='ocr_line' id='line_1_59' title="bbox 294 4028 1877 4103; baseline 0.002 -19"><span class='ocrx_word' id='word_1_433' title='bbox 294 4028 612 4099; x_wconf 76' lang='grc' dir='ltr'><strong>κτισμάτων</strong></span> <span class='ocrx_word' id='word_1_434' title='bbox 655 4029 932 4099; x_wconf 83' lang='grc' dir='ltr'><strong>ἀναλόγως</strong></span> <span class='ocrx_word' id='word_1_435' title='bbox 968 4032 998 4084; x_wconf 82' lang='grc' dir='ltr'>ὁ</span> <span class='ocrx_word' id='word_1_436' title='bbox 1037 4030 1414 4102; x_wconf 85' lang='grc' dir='ltr'><strong>γενεσιουργδς</strong></span> <span class='ocrx_word' id='word_1_437' title='bbox 1446 4030 1624 4084; x_wconf 86' lang='grc' dir='ltr'><strong>αὑτῶν</strong></span> <span class='ocrx_word' id='word_1_438' title='bbox 1655 4030 1877 4103; x_wconf 77' lang='grc' dir='ltr'><strong>θεωρεῦ</strong></span> 
     </span>
    </p>
   </div>
   <div class='ocr_carea' id='block_1_60' title="bbox 292 4118 1877 4194">
    <p class='ocr_par' dir='ltr' id='par_1_60' title="bbox 292 4118 1877 4194">
     <span class='ocr_line' id='line_1_60' title="bbox 292 4118 1877 4194; baseline 0.003 -24"><span class='ocrx_word' id='word_1_439' title='bbox 292 4133 401 4173; x_wconf 85' lang='grc' dir='ltr'><strong>ται.</strong></span> <span class='ocrx_word' id='word_1_440' title='bbox 447 4138 467 4171; x_wconf 78' lang='grc' dir='ltr'><strong>ι</strong></span> <span class='ocrx_word' id='word_1_441' title='bbox 515 4118 659 4189; x_wconf 86' lang='grc' dir='ltr'><strong>Ἐγὼ</strong></span> <span class='ocrx_word' id='word_1_442' title='bbox 701 4121 766 4174; x_wconf 79' lang='grc' dir='ltr'><strong>ὲκ</strong></span> <span class='ocrx_word' id='word_1_443' title='bbox 804 4120 914 4175; x_wconf 90' lang='grc' dir='ltr'><strong>τῶν</strong></span> <span class='ocrx_word' id='word_1_444' title='bbox 950 4121 1286 4192; x_wconf 86' lang='grc' dir='ltr'><strong>κτισμάτων,</strong></span> <span class='ocrx_word' id='word_1_445' title='bbox 1314 4123 1473 4193; x_wconf 85' lang='grc' dir='ltr'><strong>ὑμεῖς</strong></span> <span class='ocrx_word' id='word_1_446' title='bbox 1504 4123 1567 4175; x_wconf 83' lang='grc' dir='ltr'><strong>ὲκ</strong></span> <span class='ocrx_word' id='word_1_447' title='bbox 1596 4122 1701 4177; x_wconf 88' lang='grc' dir='ltr'><strong>τῶν</strong></span> <span class='ocrx_word' id='word_1_448' title='bbox 1728 4122 1877 4194; x_wconf 78' lang='grc' dir='ltr'><strong>ἐμῶν</strong></span> 
     </span>
    </p>
   </div>
   <div class='ocr_carea' id='block_1_61' title="bbox 292 4208 1876 4286">
    <p class='ocr_par' dir='ltr' id='par_1_61' title="bbox 292 4208 1876 4286">
     <span class='ocr_line' id='line_1_61' title="bbox 292 4208 1876 4286; baseline 0.004 -23"><span class='ocrx_word' id='word_1_449' title='bbox 292 4208 588 4282; x_wconf 80' lang='grc' dir='ltr'><strong>ὀφθαλμῶν</strong></span> <span class='ocrx_word' id='word_1_450' title='bbox 619 4212 897 4281; x_wconf 85' lang='grc' dir='ltr'><strong>ἀναλόγως</strong></span> <span class='ocrx_word' id='word_1_451' title='bbox 942 4212 1033 4267; x_wconf 79' lang='grc' dir='ltr'><strong>τὸν</strong></span> <span class='ocrx_word' id='word_1_452' title='bbox 1077 4213 1408 4286; x_wconf 76' lang='grc' dir='ltr'><strong>δημιουργὸν</strong></span> <span class='ocrx_word' id='word_1_453' title='bbox 1451 4213 1780 4286; x_wconf 86' lang='grc' dir='ltr'><strong>θεωρήσατε.</strong></span> <span class='ocrx_word' id='word_1_454' title='bbox 1812 4215 1876 4269; x_wconf 90' lang='grc' dir='ltr'><strong>Τί</strong></span> 
     </span>
    </p>
   </div>
   <div class='ocr_carea' id='block_1_62' title="bbox 297 4304 1875 4378">
    <p class='ocr_par' dir='ltr' id='par_1_62' title="bbox 297 4304 1875 4378">
     <span class='ocr_line' id='line_1_62' title="bbox 297 4304 1875 4378; baseline 0.004 -23"><span class='ocrx_word' id='word_1_455' title='bbox 297 4318 387 4373; x_wconf 84' lang='grc' dir='ltr'><strong>μοι</strong></span> <span class='ocrx_word' id='word_1_456' title='bbox 411 4304 714 4375; x_wconf 87' lang='grc' dir='ltr'><strong>χρημάτων</strong></span> <span class='ocrx_word' id='word_1_457' title='bbox 747 4306 1064 4376; x_wconf 86' lang='grc' dir='ltr'><strong>περιουσίαν</strong></span> <span class='ocrx_word' id='word_1_458' title='bbox 1097 4307 1495 4377; x_wconf 82' lang='grc' dir='ltr'><strong>ὲπαγγέλλεσθε</strong></span> <span class='ocrx_word' id='word_1_459' title='bbox 1516 4324 1530 4373; x_wconf 91' lang='lat'><strong>;</strong></span> <span class='ocrx_word' id='word_1_460' title='bbox 1552 4308 1625 4361; x_wconf 79' lang='grc' dir='ltr'><strong>Ού</strong></span> <span class='ocrx_word' id='word_1_461' title='bbox 1668 4307 1875 4378; x_wconf 81' lang='grc' dir='ltr'><strong>πιπρά-</strong></span> 
     </span>
    </p>
   </div>
   <div class='ocr_carea' id='block_1_63' title="bbox 295 4394 1877 4472">
    <p class='ocr_par' dir='ltr' id='par_1_63' title="bbox 295 4394 1877 4472">
     <span class='ocr_line' id='line_1_63' title="bbox 295 4394 1877 4472; baseline 0.005 -27"><span class='ocrx_word' id='word_1_462' title='bbox 295 4410 412 4450; x_wconf 86' lang='grc' dir='ltr'><strong>σκω</strong></span> <span class='ocrx_word' id='word_1_463' title='bbox 446 4394 508 4448; x_wconf 86' lang='grc' dir='ltr'><strong>τὺ</strong></span> <span class='ocrx_word' id='word_1_464' title='bbox 531 4395 724 4467; x_wconf 87' lang='grc' dir='ltr'><strong>δῶρον,</strong></span> <span class='ocrx_word' id='word_1_465' title='bbox 754 4398 815 4450; x_wconf 86' lang='grc' dir='ltr'><strong>οὑ</strong></span> <span class='ocrx_word' id='word_1_466' title='bbox 840 4396 1134 4469; x_wconf 85' lang='grc' dir='ltr'><strong>καπηλεύω</strong></span> <span class='ocrx_word' id='word_1_467' title='bbox 1155 4399 1262 4452; x_wconf 90' lang='grc' dir='ltr'><strong>τῶν</strong></span> <span class='ocrx_word' id='word_1_468' title='bbox 1285 4400 1433 4471; x_wconf 75' lang='grc' dir='ltr'><strong>ἐμῶν</strong></span> <span class='ocrx_word' id='word_1_469' title='bbox 1458 4399 1750 4471; x_wconf 76' lang='grc' dir='ltr'><strong>ὀφθαλμῶν</strong></span> <span class='ocrx_word' id='word_1_470' title='bbox 1777 4399 1877 4472; x_wconf 78' lang='grc' dir='ltr'><strong>τήν</strong></span> 
     </span>
    </p>
   </div>
   <div class='ocr_carea' id='block_1_64' title="bbox 1900 3173 1945 3234">
    <p class='ocr_par' dir='ltr' id='par_1_64' title="bbox 1900 3173 1945 3234">
     <span class='ocr_line' id='line_1_64' title="bbox 1900 3173 1945 3234; baseline 0 0"><span class='ocrx_word' id='word_1_471' title='bbox 1900 3173 1945 3234; x_wconf 84' lang='lat' dir='ltr'><strong><em>C</em></strong></span> 
     </span>
    </p>
   </div>
   <div class='ocr_carea' id='block_1_65' title="bbox 1976 1919 3545 1996">
    <p class='ocr_par' dir='ltr' id='par_1_65' title="bbox 1976 1919 3545 1996">
     <span class='ocr_line' id='line_1_65' title="bbox 1976 1919 3545 1996; baseline 0.004 -23"><span class='ocrx_word' id='word_1_472' title='bbox 1976 1919 2203 1975; x_wconf 80' lang='lat' dir='ltr'><strong>Frustra</strong></span> <span class='ocrx_word' id='word_1_473' title='bbox 2244 1935 2330 1977; x_wconf 90' lang='lat' dir='ltr'><strong>me</strong></span> <span class='ocrx_word' id='word_1_474' title='bbox 2362 1921 2708 1992; x_wconf 69' lang='lat' dir='ltr'><strong>blasphemiae</strong></span> <span class='ocrx_word' id='word_1_475' title='bbox 2739 1923 2961 1994; x_wconf 79' lang='lat' dir='ltr'><strong>pulvere</strong></span> <span class='ocrx_word' id='word_1_476' title='bbox 2982 1923 3364 1996; x_wconf 85' lang='lat' dir='ltr'><strong>conspergitis.</strong></span> <span class='ocrx_word' id='word_1_477' title='bbox 3393 1924 3545 1979; x_wconf 80' lang='lat' dir='ltr'><strong>Alius</strong></span> 
     </span>
    </p>
   </div>
   <div class='ocr_carea' id='block_1_66' title="bbox 1975 2011 3546 2086">
    <p class='ocr_par' dir='ltr' id='par_1_66' title="bbox 1975 2011 3546 2086">
     <span class='ocr_line' id='line_1_66' title="bbox 1975 2011 3546 2086; baseline 0.003 -20"><span class='ocrx_word' id='word_1_478' title='bbox 1975 2026 2063 2067; x_wconf 90' lang='lat' dir='ltr'><strong>me</strong></span> <span class='ocrx_word' id='word_1_479' title='bbox 2100 2011 2363 2068; x_wconf 79' lang='lat' dir='ltr'><strong>beneflcio</strong></span> <span class='ocrx_word' id='word_1_480' title='bbox 2407 2011 2606 2081; x_wconf 76' lang='lat' dir='ltr'><strong>aﬂ‘ecit,</strong></span> <span class='ocrx_word' id='word_1_481' title='bbox 2639 2023 2695 2069; x_wconf 89' lang='lat' dir='ltr'><strong>et</strong></span> <span class='ocrx_word' id='word_1_482' title='bbox 2726 2030 2827 2070; x_wconf 86' lang='lat' dir='ltr'><strong>vos</strong></span> <span class='ocrx_word' id='word_1_483' title='bbox 2867 2017 3201 2086; x_wconf 89' lang='lat' dir='ltr'><strong>repugnatis.</strong></span> <span class='ocrx_word' id='word_1_484' title='bbox 3243 2015 3361 2070; x_wconf 80' lang='lat' dir='ltr'><strong>Non</strong></span> <span class='ocrx_word' id='word_1_485' title='bbox 3410 2017 3546 2071; x_wconf 74' lang='lat' dir='ltr'><strong>ado—</strong></span> 
     </span>
    </p>
   </div>
   <div class='ocr_carea' id='block_1_67' title="bbox 1976 2101 3547 2172">
    <p class='ocr_par' dir='ltr' id='par_1_67' title="bbox 1976 2101 3547 2172">
     <span class='ocr_line' id='line_1_67' title="bbox 1976 2101 3547 2172; baseline 0.004 -17"><span class='ocrx_word' id='word_1_486' title='bbox 1976 2102 2133 2168; x_wconf 88' lang='lat' dir='ltr'><strong>ratis,</strong></span> <span class='ocrx_word' id='word_1_487' title='bbox 2173 2101 2268 2158; x_wconf 90' lang='lat' dir='ltr'><strong>sed</strong></span> <span class='ocrx_word' id='word_1_488' title='bbox 2310 2103 2529 2172; x_wconf 84' lang='lat' dir='ltr'><strong>probris</strong></span> <span class='ocrx_word' id='word_1_489' title='bbox 2569 2103 2935 2159; x_wconf 89' lang='lat' dir='ltr'><strong>insectamiui.</strong></span> <span class='ocrx_word' id='word_1_490' title='bbox 2970 2104 3145 2159; x_wconf 81' lang='lat' dir='ltr'><strong>Probe</strong></span> <span class='ocrx_word' id='word_1_491' title='bbox 3184 2111 3365 2160; x_wconf 88' lang='lat' dir='ltr'><strong>autem</strong></span> <span class='ocrx_word' id='word_1_492' title='bbox 3404 2104 3547 2161; x_wconf 74' lang='lat' dir='ltr'><strong>fabri</strong></span> 
     </span>
    </p>
   </div>
   <div class='ocr_carea' id='block_1_68' title="bbox 1976 2192 3548 2261">
    <p class='ocr_par' dir='ltr' id='par_1_68' title="bbox 1976 2192 3548 2261">
     <span class='ocr_line' id='line_1_68' title="bbox 1976 2192 3548 2261; baseline 0.004 -15"><span class='ocrx_word' id='word_1_493' title='bbox 1976 2192 2146 2248; x_wconf 85' lang='lat' dir='ltr'><strong>filium</strong></span> <span class='ocrx_word' id='word_1_494' title='bbox 2170 2195 2377 2251; x_wconf 83' lang='lat' dir='ltr'><strong>vocatis</strong></span> <span class='ocrx_word' id='word_1_495' title='bbox 2405 2195 2557 2250; x_wconf 91' lang='lat' dir='ltr'><strong>illum</strong></span> <span class='ocrx_word' id='word_1_496' title='bbox 2584 2211 2604 2261; x_wconf 71' lang='grc' dir='ltr'><strong>ς</strong></span> <span class='ocrx_word' id='word_1_497' title='bbox 2634 2210 2760 2249; x_wconf 89' lang='lat' dir='ltr'><strong>nam</strong></span> <span class='ocrx_word' id='word_1_498' title='bbox 2794 2198 3078 2252; x_wconf 86' lang='lat' dir='ltr'><strong>oculorum</strong></span> <span class='ocrx_word' id='word_1_499' title='bbox 3123 2212 3365 2252; x_wconf 89' lang='lat' dir='ltr'><strong>meorum</strong></span> <span class='ocrx_word' id='word_1_500' title='bbox 3396 2195 3548 2252; x_wconf 86' lang='lat' dir='ltr'><strong>fene-</strong></span> 
     </span>
    </p>
   </div>
   <div class='ocr_carea' id='block_1_69' title="bbox 1974 2287 3547 2361">
    <p class='ocr_par' dir='ltr' id='par_1_69' title="bbox 1974 2287 3547 2361">
     <span class='ocr_line' id='line_1_69' title="bbox 1974 2287 3547 2361; baseline 0.003 -20"><span class='ocrx_word' id='word_1_501' title='bbox 1974 2293 2119 2343; x_wconf 88' lang='lat' dir='ltr'><strong>stras</strong></span> <span class='ocrx_word' id='word_1_502' title='bbox 2161 2288 2533 2344; x_wconf 79' lang='lat' dir='ltr'><strong>commutavit.</strong></span> <span class='ocrx_word' id='word_1_503' title='bbox 2568 2287 2791 2344; x_wconf 76' lang='lat' dir='ltr'><strong>Veniam</strong></span> <span class='ocrx_word' id='word_1_504' title='bbox 2831 2288 2961 2344; x_wconf 90' lang='lat' dir='ltr'><strong>mihi</strong></span> <span class='ocrx_word' id='word_1_505' title='bbox 3002 2290 3291 2361; x_wconf 68' lang='lat' dir='ltr'><strong>praebetote</strong></span> <span class='ocrx_word' id='word_1_506' title='bbox 3325 2290 3370 2345; x_wconf 89' lang='lat' dir='ltr'><strong>si</strong></span> <span class='ocrx_word' id='word_1_507' title='bbox 3408 2305 3547 2345; x_wconf 81' lang='lat' dir='ltr'><strong>non-</strong></span> 
     </span>
    </p>
   </div>
   <div class='ocr_carea' id='block_1_70' title="bbox 1971 2375 3545 2449">
    <p class='ocr_par' dir='ltr' id='par_1_70' title="bbox 1971 2375 3545 2449">
     <span class='ocr_line' id='line_1_70' title="bbox 1971 2375 3545 2449; baseline 0.002 -18"><span class='ocrx_word' id='word_1_508' title='bbox 1971 2376 2080 2432; x_wconf 86' lang='lat' dir='ltr'><strong>nisi</strong></span> <span class='ocrx_word' id='word_1_509' title='bbox 2140 2378 2301 2446; x_wconf 89' lang='lat' dir='ltr'><strong>paulo</strong></span> <span class='ocrx_word' id='word_1_510' title='bbox 2344 2385 2469 2447; x_wconf 89' lang='lat' dir='ltr'><strong>post</strong></span> <span class='ocrx_word' id='word_1_511' title='bbox 2527 2376 2813 2432; x_wconf 84' lang='lat' dir='ltr'><strong>vobiscum</strong></span> <span class='ocrx_word' id='word_1_512' title='bbox 2870 2379 3171 2449; x_wconf 86' lang='lat' dir='ltr'><strong>colloquar.</strong></span> <span class='ocrx_word' id='word_1_513' title='bbox 3225 2375 3401 2433; x_wconf 89' lang='lat' dir='ltr'><strong>Sinite</strong></span> <span class='ocrx_word' id='word_1_514' title='bbox 3458 2392 3545 2434; x_wconf 82' lang='lat' dir='ltr'><strong>me</strong></span> 
     </span>
    </p>
   </div>
   <div class='ocr_carea' id='block_1_71' title="bbox 1971 2468 3677 2545">
    <p class='ocr_par' dir='ltr' id='par_1_71' title="bbox 1971 2468 3677 2545">
     <span class='ocr_line' id='line_1_71' title="bbox 1971 2468 3677 2545; baseline 0.002 -23"><span class='ocrx_word' id='word_1_515' title='bbox 1971 2468 2210 2539; x_wconf 89' lang='lat' dir='ltr'><strong>primum</strong></span> <span class='ocrx_word' id='word_1_516' title='bbox 2249 2470 2604 2526; x_wconf 85' lang='lat' dir='ltr'><strong>considerare</strong></span> <span class='ocrx_word' id='word_1_517' title='bbox 2667 2470 2791 2526; x_wconf 70' lang='lat' dir='ltr'><strong>cmli</strong></span> <span class='ocrx_word' id='word_1_518' title='bbox 2841 2470 3301 2540; x_wconf 85' lang='lat' dir='ltr'><strong>pulchritudinem</strong></span> <span class='ocrx_word' id='word_1_519' title='bbox 3344 2509 3359 2535; x_wconf 91' lang='lat'><strong>,</strong></span> <span class='ocrx_word' id='word_1_520' title='bbox 3412 2470 3545 2525; x_wconf 87' lang='lat' dir='ltr'><strong>solis</strong></span> <span class='ocrx_word' id='word_1_521' title='bbox 3656 2524 3677 2545; x_wconf 48' lang='grc' dir='ltr'>ν</span> 
     </span>
    </p>
   </div>
   <div class='ocr_carea' id='block_1_72' title="bbox 1970 2559 3545 2632">
    <p class='ocr_par' dir='ltr' id='par_1_72' title="bbox 1970 2559 3545 2632">
     <span class='ocr_line' id='line_1_72' title="bbox 1970 2559 3545 2632; baseline 0.001 -18"><span class='ocrx_word' id='word_1_522' title='bbox 1970 2560 2196 2624; x_wconf 85' lang='lat' dir='ltr'><strong>orbem,</strong></span> <span class='ocrx_word' id='word_1_523' title='bbox 2256 2559 2400 2616; x_wconf 64' lang='lat' dir='ltr'><strong>luna</strong></span> <span class='ocrx_word' id='word_1_524' title='bbox 2468 2560 2753 2632; x_wconf 76' lang='lat' dir='ltr'><strong>fulgorem,</strong></span> <span class='ocrx_word' id='word_1_525' title='bbox 2819 2561 2931 2617; x_wconf 87' lang='lat' dir='ltr'><strong>diei</strong></span> <span class='ocrx_word' id='word_1_526' title='bbox 2993 2562 3313 2625; x_wconf 86' lang='lat' dir='ltr'><strong>terminum,</strong></span> <span class='ocrx_word' id='word_1_527' title='bbox 3365 2561 3545 2616; x_wconf 85' lang='lat' dir='ltr'><strong>noctis</strong></span> 
     </span>
    </p>
   </div>
   <div class='ocr_carea' id='block_1_73' title="bbox 1971 2653 3543 2719">
    <p class='ocr_par' dir='ltr' id='par_1_73' title="bbox 1971 2653 3543 2719">
     <span class='ocr_line' id='line_1_73' title="bbox 1971 2653 3543 2719; baseline 0.001 -12"><span class='ocrx_word' id='word_1_528' title='bbox 1971 2667 2306 2719; x_wconf 87' lang='lat' dir='ltr'><strong>mensuram,</strong></span> <span class='ocrx_word' id='word_1_529' title='bbox 2345 2653 2626 2709; x_wconf 87' lang='lat' dir='ltr'><strong>stellarum</strong></span> <span class='ocrx_word' id='word_1_530' title='bbox 2656 2654 2935 2719; x_wconf 90' lang='lat' dir='ltr'><strong>choream,</strong></span> <span class='ocrx_word' id='word_1_531' title='bbox 2964 2654 3191 2709; x_wconf 89' lang='lat' dir='ltr'><strong>nubium</strong></span> <span class='ocrx_word' id='word_1_532' title='bbox 3229 2655 3543 2717; x_wconf 84' lang='lat' dir='ltr'><strong>decursum,</strong></span> 
     </span>
    </p>
   </div>
   <div class='ocr_carea' id='block_1_74' title="bbox 1971 2744 3546 2815">
    <p class='ocr_par' dir='ltr' id='par_1_74' title="bbox 1971 2744 3546 2815">
     <span class='ocr_line' id='line_1_74' title="bbox 1971 2744 3546 2815; baseline 0.001 -15"><span class='ocrx_word' id='word_1_533' title='bbox 1971 2753 2132 2800; x_wconf 68' lang='lat' dir='ltr'><strong>terra:</strong></span> <span class='ocrx_word' id='word_1_534' title='bbox 2171 2745 2470 2815; x_wconf 88' lang='lat' dir='ltr'><strong>planitiem,</strong></span> <span class='ocrx_word' id='word_1_535' title='bbox 2503 2744 2670 2801; x_wconf 80' lang='lat' dir='ltr'><strong>utaris</strong></span> <span class='ocrx_word' id='word_1_536' title='bbox 2717 2745 3080 2811; x_wconf 82' lang='lat' dir='ltr'><strong>latitudinem,</strong></span> <span class='ocrx_word' id='word_1_537' title='bbox 3110 2748 3330 2800; x_wconf 82' lang='lat' dir='ltr'><strong>navium</strong></span> <span class='ocrx_word' id='word_1_538' title='bbox 3363 2752 3546 2801; x_wconf 84' lang='lat' dir='ltr'><strong>trans-</strong></span> 
     </span>
    </p>
   </div>
   <div class='ocr_carea' id='block_1_75' title="bbox 1971 2833 3541 2905">
    <p class='ocr_par' dir='ltr' id='par_1_75' title="bbox 1971 2833 3541 2905">
     <span class='ocr_line' id='line_1_75' title="bbox 1971 2833 3541 2905; baseline 0.002 -19"><span class='ocrx_word' id='word_1_539' title='bbox 1971 2833 2108 2887; x_wconf 91' lang='lat' dir='ltr'><strong>itum</strong></span> <span class='ocrx_word' id='word_1_540' title='bbox 2164 2834 2313 2889; x_wconf 88' lang='lat' dir='ltr'><strong>nullo</strong></span> <span class='ocrx_word' id='word_1_541' title='bbox 2346 2835 2573 2905; x_wconf 75' lang='lat' dir='ltr'><strong>vestigio</strong></span> <span class='ocrx_word' id='word_1_542' title='bbox 2627 2835 2837 2899; x_wconf 90' lang='lat' dir='ltr'><strong>relicto,</strong></span> <span class='ocrx_word' id='word_1_543' title='bbox 2879 2835 3204 2891; x_wconf 77' lang='lat' dir='ltr'><strong>convallium</strong></span> <span class='ocrx_word' id='word_1_544' title='bbox 3247 2834 3541 2899; x_wconf 83' lang='lat' dir='ltr'><strong>ambitum,</strong></span> 
     </span>
    </p>
   </div>
   <div class='ocr_carea' id='block_1_76' title="bbox 1969 2925 3546 2992">
    <p class='ocr_par' dir='ltr' id='par_1_76' title="bbox 1969 2925 3546 2992">
     <span class='ocr_line' id='line_1_76' title="bbox 1969 2925 3546 2992; baseline 0 -11"><span class='ocrx_word' id='word_1_545' title='bbox 1969 2926 2237 2981; x_wconf 88' lang='lat' dir='ltr'><strong>montium</strong></span> <span class='ocrx_word' id='word_1_546' title='bbox 2294 2928 2687 2983; x_wconf 89' lang='lat' dir='ltr'><strong>rotunditatem</strong></span> <span class='ocrx_word' id='word_1_547' title='bbox 2721 2967 2736 2992; x_wconf 92' lang='lat'><strong>,</strong></span> <span class='ocrx_word' id='word_1_548' title='bbox 2793 2926 3085 2985; x_wconf 79' lang='lat' dir='ltr'><strong>fluviorum</strong></span> <span class='ocrx_word' id='word_1_549' title='bbox 3143 2928 3351 2992; x_wconf 86' lang='lat' dir='ltr'><strong>alveos,</strong></span> <span class='ocrx_word' id='word_1_550' title='bbox 3420 2925 3546 2981; x_wconf 88' lang='lat' dir='ltr'><strong>fon-</strong></span> 
     </span>
    </p>
   </div>
   <div class='ocr_carea' id='block_1_77' title="bbox 1970 3018 3545 3091">
    <p class='ocr_par' dir='ltr' id='par_1_77' title="bbox 1970 3018 3545 3091">
     <span class='ocr_line' id='line_1_77' title="bbox 1970 3018 3545 3091; baseline 0.001 -19"><span class='ocrx_word' id='word_1_551' title='bbox 1970 3019 2107 3073; x_wconf 89' lang='lat' dir='ltr'><strong>tium</strong></span> <span class='ocrx_word' id='word_1_552' title='bbox 2158 3019 2555 3091; x_wconf 76' lang='lat' dir='ltr'><strong>scaturigines,</strong></span> <span class='ocrx_word' id='word_1_553' title='bbox 2604 3027 2895 3090; x_wconf 87' lang='lat' dir='ltr'><strong>puteorum</strong></span> <span class='ocrx_word' id='word_1_554' title='bbox 2944 3020 3209 3083; x_wconf 80' lang='lat' dir='ltr'><strong>haustus,</strong></span> <span class='ocrx_word' id='word_1_555' title='bbox 3273 3018 3545 3089; x_wconf 86' lang='lat' dir='ltr'><strong>pecudum</strong></span> 
     </span>
    </p>
   </div>
   <div class='ocr_carea' id='block_1_78' title="bbox 1974 3108 3545 3177">
    <p class='ocr_par' dir='ltr' id='par_1_78' title="bbox 1974 3108 3545 3177">
     <span class='ocr_line' id='line_1_78' title="bbox 1974 3108 3545 3177; baseline -0.003 -12"><span class='ocrx_word' id='word_1_556' title='bbox 1974 3110 2170 3175; x_wconf 88' lang='lat' dir='ltr'><strong>saltus,</strong></span> <span class='ocrx_word' id='word_1_557' title='bbox 2201 3109 2441 3166; x_wconf 87' lang='lat' dir='ltr'><strong>ferarum</strong></span> <span class='ocrx_word' id='word_1_558' title='bbox 2479 3111 2793 3177; x_wconf 84' lang='lat' dir='ltr'><strong>varietates,</strong></span> <span class='ocrx_word' id='word_1_559' title='bbox 2842 3112 3023 3166; x_wconf 89' lang='lat' dir='ltr'><strong>avium</strong></span> <span class='ocrx_word' id='word_1_560' title='bbox 3073 3108 3369 3165; x_wconf 79' lang='lat' dir='ltr'><strong>multiﬁdas</strong></span> <span class='ocrx_word' id='word_1_561' title='bbox 3407 3108 3545 3170; x_wconf 87' lang='lat' dir='ltr'><strong>alas,</strong></span> 
     </span>
    </p>
   </div>
   <div class='ocr_carea' id='block_1_79' title="bbox 1976 3200 3548 3275">
    <p class='ocr_par' dir='ltr' id='par_1_79' title="bbox 1976 3200 3548 3275">
     <span class='ocr_line' id='line_1_79' title="bbox 1976 3200 3548 3275; baseline 0 -19"><span class='ocrx_word' id='word_1_562' title='bbox 1976 3202 2210 3274; x_wconf 90' lang='lat' dir='ltr'><strong>piscium</strong></span> <span class='ocrx_word' id='word_1_563' title='bbox 2256 3204 2639 3275; x_wconf 87' lang='lat' dir='ltr'><strong>proprietates,</strong></span> <span class='ocrx_word' id='word_1_564' title='bbox 2691 3205 2951 3260; x_wconf 86' lang='lat' dir='ltr'><strong>arborum</strong></span> <span class='ocrx_word' id='word_1_565' title='bbox 2994 3204 3397 3274; x_wconf 86' lang='lat' dir='ltr'><strong>proceritatem,</strong></span> <span class='ocrx_word' id='word_1_566' title='bbox 3430 3200 3548 3257; x_wconf 84' lang='lat' dir='ltr'><strong>fru-</strong></span> 
     </span>
    </p>
   </div>
   <div class='ocr_carea' id='block_1_80' title="bbox 1974 3293 3548 3366">
    <p class='ocr_par' dir='ltr' id='par_1_80' title="bbox 1974 3293 3548 3366">
     <span class='ocr_line' id='line_1_80' title="bbox 1974 3293 3548 3366; baseline 0.001 -19"><span class='ocrx_word' id='word_1_567' title='bbox 1974 3300 2158 3347; x_wconf 90' lang='lat' dir='ltr'><strong>ctuum</strong></span> <span class='ocrx_word' id='word_1_568' title='bbox 2200 3295 2544 3351; x_wconf 82' lang='lat' dir='ltr'><strong>suavitatem.</strong></span> <span class='ocrx_word' id='word_1_569' title='bbox 2595 3293 2771 3351; x_wconf 84' lang='lat' dir='ltr'><strong>Sinite</strong></span> <span class='ocrx_word' id='word_1_570' title='bbox 2826 3310 2915 3351; x_wconf 89' lang='lat' dir='ltr'><strong>me</strong></span> <span class='ocrx_word' id='word_1_571' title='bbox 2956 3296 3070 3351; x_wconf 67' lang='lat' dir='ltr'><strong>haec</strong></span> <span class='ocrx_word' id='word_1_572' title='bbox 3110 3296 3346 3366; x_wconf 89' lang='lat' dir='ltr'><strong>primum</strong></span> <span class='ocrx_word' id='word_1_573' title='bbox 3377 3302 3431 3350; x_wconf 90' lang='lat' dir='ltr'><strong>et</strong></span> <span class='ocrx_word' id='word_1_574' title='bbox 3462 3294 3548 3349; x_wconf 86' lang='lat' dir='ltr'><strong>his</strong></span> 
     </span>
    </p>
   </div>
   <div class='ocr_carea' id='block_1_81' title="bbox 1974 3386 3547 3460">
    <p class='ocr_par' dir='ltr' id='par_1_81' title="bbox 1974 3386 3547 3460">
     <span class='ocr_line' id='line_1_81' title="bbox 1974 3386 3547 3460; baseline -0.001 -20"><span class='ocrx_word' id='word_1_575' title='bbox 1974 3386 2175 3441; x_wconf 82' lang='lat' dir='ltr'><strong>similia</strong></span> <span class='ocrx_word' id='word_1_576' title='bbox 2222 3388 2575 3459; x_wconf 89' lang='lat' dir='ltr'><strong>contemplari</strong></span> <span class='ocrx_word' id='word_1_577' title='bbox 2596 3431 2623 3456; x_wconf 65' lang='grc'><strong>,,</strong></span> <span class='ocrx_word' id='word_1_578' title='bbox 2672 3398 2836 3460; x_wconf 91' lang='lat' dir='ltr'><strong>atque</strong></span> <span class='ocrx_word' id='word_1_579' title='bbox 2884 3390 3082 3444; x_wconf 80' lang='lat' dir='ltr'><strong>exinde</strong></span> <span class='ocrx_word' id='word_1_580' title='bbox 3154 3388 3391 3444; x_wconf 88' lang='lat' dir='ltr'><strong>narrabo</strong></span> <span class='ocrx_word' id='word_1_581' title='bbox 3439 3400 3547 3458; x_wconf 81' lang='lat' dir='ltr'><strong>qua</strong></span> 
     </span>
    </p>
   </div>
   <div class='ocr_carea' id='block_1_82' title="bbox 1972 3478 3545 3551">
    <p class='ocr_par' dir='ltr' id='par_1_82' title="bbox 1972 3478 3545 3551">
     <span class='ocr_line' id='line_1_82' title="bbox 1972 3478 3545 3551; baseline 0.001 -19"><span class='ocrx_word' id='word_1_582' title='bbox 1972 3478 2186 3534; x_wconf 89' lang='lat' dir='ltr'><strong>ratione</strong></span> <span class='ocrx_word' id='word_1_583' title='bbox 2228 3479 2407 3535; x_wconf 89' lang='lat' dir='ltr'><strong>visum</strong></span> <span class='ocrx_word' id='word_1_584' title='bbox 2456 3479 2661 3551; x_wconf 90' lang='lat' dir='ltr'><strong>recepi.</strong></span> <span class='ocrx_word' id='word_1_585' title='bbox 2706 3478 2822 3534; x_wconf 77' lang='lat' dir='ltr'><strong>Jatn</strong></span> <span class='ocrx_word' id='word_1_586' title='bbox 2863 3481 2994 3535; x_wconf 92' lang='lat' dir='ltr'><strong>olim</strong></span> <span class='ocrx_word' id='word_1_587' title='bbox 3050 3488 3213 3535; x_wconf 88' lang='lat' dir='ltr'><strong>natus</strong></span> <span class='ocrx_word' id='word_1_588' title='bbox 3264 3494 3408 3546; x_wconf 86' lang='lat' dir='ltr'><strong>sum,</strong></span> <span class='ocrx_word' id='word_1_589' title='bbox 3452 3481 3545 3536; x_wconf 85' lang='lat' dir='ltr'><strong>sed</strong></span> 
     </span>
    </p>
   </div>
   <div class='ocr_carea' id='block_1_83' title="bbox 1974 3569 3549 3642">
    <p class='ocr_par' dir='ltr' id='par_1_83' title="bbox 1974 3569 3549 3642">
     <span class='ocr_line' id='line_1_83' title="bbox 1974 3569 3549 3642; baseline 0.001 -19"><span class='ocrx_word' id='word_1_590' title='bbox 1974 3569 2121 3640; x_wconf 89' lang='lat' dir='ltr'><strong>quod</strong></span> <span class='ocrx_word' id='word_1_591' title='bbox 2158 3570 2336 3624; x_wconf 87' lang='lat' dir='ltr'><strong>visum</strong></span> <span class='ocrx_word' id='word_1_592' title='bbox 2371 3579 2583 3640; x_wconf 88' lang='lat' dir='ltr'><strong>spectat</strong></span> <span class='ocrx_word' id='word_1_593' title='bbox 2622 3571 2784 3628; x_wconf 91' lang='lat' dir='ltr'><strong>modo</strong></span> <span class='ocrx_word' id='word_1_594' title='bbox 2822 3572 3058 3642; x_wconf 90' lang='lat' dir='ltr'><strong>primum</strong></span> <span class='ocrx_word' id='word_1_595' title='bbox 3108 3572 3387 3641; x_wconf 89' lang='lat' dir='ltr'><strong>ingressus</strong></span> <span class='ocrx_word' id='word_1_596' title='bbox 3426 3586 3549 3626; x_wconf 90' lang='lat' dir='ltr'><strong>sum</strong></span> 
     </span>
    </p>
   </div>
   <div class='ocr_carea' id='block_1_84' title="bbox 1975 3660 3548 3733">
    <p class='ocr_par' dir='ltr' id='par_1_84' title="bbox 1975 3660 3548 3733">
     <span class='ocr_line' id='line_1_84' title="bbox 1975 3660 3548 3733; baseline -0.001 -18"><span class='ocrx_word' id='word_1_597' title='bbox 1975 3661 2034 3715; x_wconf 88' lang='lat' dir='ltr'><strong>in</strong></span> <span class='ocrx_word' id='word_1_598' title='bbox 2087 3660 2373 3716; x_wconf 89' lang='lat' dir='ltr'><strong>mundum.</strong></span> <span class='ocrx_word' id='word_1_599' title='bbox 2420 3662 2616 3717; x_wconf 79' lang='lat' dir='ltr'><strong>Audivi</strong></span> <span class='ocrx_word' id='word_1_600' title='bbox 2664 3662 2983 3733; x_wconf 88' lang='lat' dir='ltr'><strong>prepbetam</strong></span> <span class='ocrx_word' id='word_1_601' title='bbox 3027 3662 3355 3717; x_wconf 87' lang='lat' dir='ltr'><strong>clamantem</strong></span> <span class='ocrx_word' id='word_1_602' title='bbox 3394 3679 3409 3715; x_wconf 89' lang='lat'><strong>:</strong></span> <span class='ocrx_word' id='word_1_603' title='bbox 3445 3677 3465 3712; x_wconf 77' lang='grc' dir='ltr'><strong>ι</strong></span> <span class='ocrx_word' id='word_1_604' title='bbox 3504 3660 3548 3714; x_wconf 79' lang='grc' dir='ltr'>Α</span> 
     </span>
    </p>
   </div>
   <div class='ocr_carea' id='block_1_85' title="bbox 1974 3752 3551 3825">
    <p class='ocr_par' dir='ltr' id='par_1_85' title="bbox 1974 3752 3551 3825">
     <span class='ocr_line' id='line_1_85' title="bbox 1974 3752 3551 3825; baseline 0.001 -19"><span class='ocrx_word' id='word_1_605' title='bbox 1974 3753 2350 3824; x_wconf 79' lang='lat' dir='ltr'><strong>magnitudine</strong></span> <span class='ocrx_word' id='word_1_606' title='bbox 2371 3762 2424 3809; x_wconf 89' lang='lat' dir='ltr'><strong>et</strong></span> <span class='ocrx_word' id='word_1_607' title='bbox 2446 3756 2625 3825; x_wconf 78' lang='lat' dir='ltr'><strong>specie</strong></span> <span class='ocrx_word' id='word_1_608' title='bbox 2652 3762 3049 3816; x_wconf 88' lang='lat' dir='ltr'><strong>creaturarum,</strong></span> <span class='ocrx_word' id='word_1_609' title='bbox 3077 3752 3310 3824; x_wconf 79' lang='lat' dir='ltr'><strong>quadam</strong></span> <span class='ocrx_word' id='word_1_610' title='bbox 3340 3753 3551 3807; x_wconf 87' lang='lat' dir='ltr'><strong>ratione</strong></span> 
     </span>
    </p>
   </div>
   <div class='ocr_carea' id='block_1_86' title="bbox 1975 3843 3546 3917">
    <p class='ocr_par' dir='ltr' id='par_1_86' title="bbox 1975 3843 3546 3917">
     <span class='ocr_line' id='line_1_86' title="bbox 1975 3843 3546 3917; baseline -0.003 -18"><span class='ocrx_word' id='word_1_611' title='bbox 1975 3852 2197 3900; x_wconf 86' lang='lat' dir='ltr'><strong>creatur</strong></span> <span class='ocrx_word' id='word_1_612' title='bbox 2237 3860 2426 3901; x_wconf 88' lang='lat' dir='ltr'><strong>eorum</strong></span> <span class='ocrx_word' id='word_1_613' title='bbox 2477 3846 2817 3917; x_wconf 87' lang='lat' dir='ltr'><strong>conspicitur</strong></span> <span class='ocrx_word' id='word_1_614' title='bbox 2857 3846 2924 3899; x_wconf 73' lang='grc' dir='ltr'><strong>τ’.</strong></span> <span class='ocrx_word' id='word_1_615' title='bbox 2964 3866 2982 3899; x_wconf 75' lang='grc' dir='ltr'><strong>ι</strong></span> <span class='ocrx_word' id='word_1_616' title='bbox 3017 3845 3096 3899; x_wconf 80' lang='lat' dir='ltr'><strong>Ex</strong></span> <span class='ocrx_word' id='word_1_617' title='bbox 3130 3843 3399 3901; x_wconf 85' lang='lat' dir='ltr'><strong>creaturis</strong></span> <span class='ocrx_word' id='word_1_618' title='bbox 3424 3857 3546 3913; x_wconf 84' lang='lat' dir='ltr'><strong>ego,</strong></span> 
     </span>
    </p>
   </div>
   <div class='ocr_carea' id='block_1_87' title="bbox 1975 3936 3548 4009">
    <p class='ocr_par' dir='ltr' id='par_1_87' title="bbox 1975 3936 3548 4009">
     <span class='ocr_line' id='line_1_87' title="bbox 1975 3936 3548 4009; baseline -0.003 -17"><span class='ocrx_word' id='word_1_619' title='bbox 1975 3951 2079 3992; x_wconf 88' lang='lat' dir='ltr'><strong>vos</strong></span> <span class='ocrx_word' id='word_1_620' title='bbox 2108 3952 2175 3993; x_wconf 74' lang='lat' dir='ltr'><strong>es</strong></span> <span class='ocrx_word' id='word_1_621' title='bbox 2205 3937 2371 4009; x_wconf 76' lang='lat'><strong><em>369</em></strong></span> <span class='ocrx_word' id='word_1_622' title='bbox 2406 3939 2543 3994; x_wconf 91' lang='lat' dir='ltr'><strong>meis</strong></span> <span class='ocrx_word' id='word_1_623' title='bbox 2592 3939 2769 3994; x_wconf 87' lang='lat' dir='ltr'><strong>oculis</strong></span> <span class='ocrx_word' id='word_1_624' title='bbox 2812 3938 3046 4009; x_wconf 88' lang='lat' dir='ltr'><strong>quadam</strong></span> <span class='ocrx_word' id='word_1_625' title='bbox 3095 3936 3448 4009; x_wconf 90' lang='lat' dir='ltr'><strong>proportione</strong></span> <span class='ocrx_word' id='word_1_626' title='bbox 3484 3950 3548 3989; x_wconf 76' lang='lat' dir='ltr'><strong>ac</strong></span> 
     </span>
    </p>
   </div>
   <div class='ocr_carea' id='block_1_88' title="bbox 1976 4028 3551 4101">
    <p class='ocr_par' dir='ltr' id='par_1_88' title="bbox 1976 4028 3551 4101">
     <span class='ocr_line' id='line_1_88' title="bbox 1976 4028 3551 4101; baseline -0.001 -19"><span class='ocrx_word' id='word_1_627' title='bbox 1976 4028 2194 4084; x_wconf 90' lang='lat' dir='ltr'><strong>ratione</strong></span> <span class='ocrx_word' id='word_1_628' title='bbox 2237 4038 2541 4086; x_wconf 88' lang='lat' dir='ltr'><strong>creatorem</strong></span> <span class='ocrx_word' id='word_1_629' title='bbox 2587 4030 3054 4101; x_wconf 88' lang='lat' dir='ltr'><strong>contemplamini.</strong></span> <span class='ocrx_word' id='word_1_630' title='bbox 3094 4028 3234 4097; x_wconf 90' lang='lat' dir='ltr'><strong>Quid</strong></span> <span class='ocrx_word' id='word_1_631' title='bbox 3282 4028 3415 4083; x_wconf 89' lang='lat' dir='ltr'><strong>mihi</strong></span> <span class='ocrx_word' id='word_1_632' title='bbox 3456 4041 3551 4097; x_wconf 84' lang='lat' dir='ltr'><strong>pe-</strong></span> 
     </span>
    </p>
   </div>
   <div class='ocr_carea' id='block_1_89' title="bbox 1977 4119 3548 4194">
    <p class='ocr_par' dir='ltr' id='par_1_89' title="bbox 1977 4119 3548 4194">
     <span class='ocr_line' id='line_1_89' title="bbox 1977 4119 3548 4194; baseline -0.004 -16"><span class='ocrx_word' id='word_1_633' title='bbox 1977 4123 2264 4178; x_wconf 88' lang='lat' dir='ltr'><strong>cuniarum</strong></span> <span class='ocrx_word' id='word_1_634' title='bbox 2328 4124 2438 4177; x_wconf 91' lang='lat' dir='ltr'><strong>vim</strong></span> <span class='ocrx_word' id='word_1_635' title='bbox 2494 4122 2865 4194; x_wconf 72' lang='lat' dir='ltr'><strong>pollicemini?</strong></span> <span class='ocrx_word' id='word_1_636' title='bbox 2926 4121 3279 4193; x_wconf 83' lang='lat' dir='ltr'><strong>Nequaquam</strong></span> <span class='ocrx_word' id='word_1_637' title='bbox 3348 4119 3548 4175; x_wconf 88' lang='lat' dir='ltr'><strong>donum</strong></span> 
     </span>
    </p>
   </div>
   <div class='ocr_carea' id='block_1_90' title="bbox 1976 4211 3554 4283">
    <p class='ocr_par' dir='ltr' id='par_1_90' title="bbox 1976 4211 3554 4283">
     <span class='ocr_line' id='line_1_90' title="bbox 1976 4211 3554 4283; baseline -0.003 -14"><span class='ocrx_word' id='word_1_638' title='bbox 1976 4214 2171 4280; x_wconf 88' lang='lat' dir='ltr'><strong>vendo,</strong></span> <span class='ocrx_word' id='word_1_639' title='bbox 2199 4214 2377 4271; x_wconf 88' lang='lat' dir='ltr'><strong>visum</strong></span> <span class='ocrx_word' id='word_1_640' title='bbox 2409 4216 2584 4271; x_wconf 87' lang='lat' dir='ltr'><strong>oculis</strong></span> <span class='ocrx_word' id='word_1_641' title='bbox 2626 4215 2813 4270; x_wconf 89' lang='lat' dir='ltr'><strong>datum</strong></span> <span class='ocrx_word' id='word_1_642' title='bbox 2850 4216 2984 4271; x_wconf 89' lang='lat' dir='ltr'><strong>meis</strong></span> <span class='ocrx_word' id='word_1_643' title='bbox 3013 4230 3120 4270; x_wconf 93' lang='lat' dir='ltr'><strong>non</strong></span> <span class='ocrx_word' id='word_1_644' title='bbox 3155 4227 3453 4283; x_wconf 88' lang='lat' dir='ltr'><strong>cauponor.</strong></span> <span class='ocrx_word' id='word_1_645' title='bbox 3483 4211 3554 4266; x_wconf 82' lang='lat' dir='ltr'><strong>At</strong></span> 
     </span>
    </p>
   </div>
   <div class='ocr_carea' id='block_1_91' title="bbox 1976 4302 3553 4378">
    <p class='ocr_par' dir='ltr' id='par_1_91' title="bbox 1976 4302 3553 4378">
     <span class='ocr_line' id='line_1_91' title="bbox 1976 4302 3553 4378; baseline 0 -20"><span class='ocrx_word' id='word_1_646' title='bbox 1976 4313 2201 4377; x_wconf 66' lang='lat' dir='ltr'><strong>praastat</strong></span> <span class='ocrx_word' id='word_1_647' title='bbox 2246 4319 2371 4361; x_wconf 88' lang='lat' dir='ltr'><strong>cum</strong></span> <span class='ocrx_word' id='word_1_648' title='bbox 2406 4313 2562 4377; x_wconf 89' lang='lat' dir='ltr'><strong>grato</strong></span> <span class='ocrx_word' id='word_1_649' title='bbox 2598 4308 2780 4361; x_wconf 90' lang='lat' dir='ltr'><strong>animo</strong></span> <span class='ocrx_word' id='word_1_650' title='bbox 2811 4306 3139 4371; x_wconf 90' lang='lat' dir='ltr'><strong>mendicare,</strong></span> <span class='ocrx_word' id='word_1_651' title='bbox 3173 4320 3336 4378; x_wconf 88' lang='lat' dir='ltr'><strong>quam</strong></span> <span class='ocrx_word' id='word_1_652' title='bbox 3382 4302 3553 4361; x_wconf 87' lang='lat' dir='ltr'><strong>scele-</strong></span> 
     </span>
    </p>
   </div>
   <div class='ocr_carea' id='block_1_92' title="bbox 1977 4397 3552 4463">
    <p class='ocr_par' dir='ltr' id='par_1_92' title="bbox 1977 4397 3552 4463">
     <span class='ocr_line' id='line_1_92' title="bbox 1977 4397 3552 4463; baseline -0.001 -12"><span class='ocrx_word' id='word_1_653' title='bbox 1977 4398 2136 4454; x_wconf 88' lang='lat' dir='ltr'><strong>ribus</strong></span> <span class='ocrx_word' id='word_1_654' title='bbox 2185 4397 2476 4454; x_wconf 89' lang='lat' dir='ltr'><strong>ditescere.</strong></span> <span class='ocrx_word' id='word_1_655' title='bbox 2510 4397 2628 4454; x_wconf 87' lang='lat' dir='ltr'><strong>Non</strong></span> <span class='ocrx_word' id='word_1_656' title='bbox 2669 4400 2904 4455; x_wconf 88' lang='lat' dir='ltr'><strong>ulterius</strong></span> <span class='ocrx_word' id='word_1_657' title='bbox 2949 4397 3314 4463; x_wconf 81' lang='lat' dir='ltr'><strong>mendicabo;</strong></span> <span class='ocrx_word' id='word_1_658' title='bbox 3356 4403 3552 4451; x_wconf 87' lang='lat' dir='ltr'><strong>nactus</strong></span> 
     </span>
    </p>
   </div>
   <div class='ocr_carea' id='block_1_93' title="bbox 294 4484 1876 4578">
    <p class='ocr_par' dir='ltr' id='par_1_93' title="bbox 294 4486 1876 4563">
     <span class='ocr_line' id='line_1_93' title="bbox 294 4486 1876 4563; baseline 0.001 -20"><span class='ocrx_word' id='word_1_659' title='bbox 294 4486 611 4557; x_wconf 70' lang='grc' dir='ltr'><strong>ἀνάϐλεψιν.</strong></span> <span class='ocrx_word' id='word_1_660' title='bbox 654 4489 911 4559; x_wconf 76' lang='grc' dir='ltr'><strong>’Ἄμεινον</strong></span> <span class='ocrx_word' id='word_1_661' title='bbox 940 4490 1295 4561; x_wconf 78' lang='grc' dir='ltr'><strong>εὐγνωμόνως</strong></span> <span class='ocrx_word' id='word_1_662' title='bbox 1338 4495 1669 4562; x_wconf 85' lang='grc' dir='ltr'><strong>προσαιτεῖν,</strong></span> <span class='ocrx_word' id='word_1_663' title='bbox 1704 4491 1736 4563; x_wconf 85' lang='grc' dir='ltr'>ἢ</span> <span class='ocrx_word' id='word_1_664' title='bbox 1778 4508 1876 4545; x_wconf 83' lang='grc' dir='ltr'><strong>κα-</strong></span> 
     </span>
    </p>
   </div>
   <div class='ocr_carea' id='block_1_94' title="bbox 1977 4484 3554 4578">
    <p class='ocr_par' dir='ltr' id='par_1_94' title="bbox 1980 4484 3554 4560">
     <span class='ocr_line' id='line_1_94' title="bbox 1980 4484 3554 4560; baseline -0.002 -16"><span class='ocrx_word' id='word_1_665' title='bbox 1980 4505 2100 4545; x_wconf 88' lang='lat' dir='ltr'><strong>sum</strong></span> <span class='ocrx_word' id='word_1_666' title='bbox 2129 4489 2272 4544; x_wconf 89' lang='lat' dir='ltr'><strong>enim</strong></span> <span class='ocrx_word' id='word_1_667' title='bbox 2303 4489 2395 4560; x_wconf 91' lang='lat' dir='ltr'><strong>qui</strong></span> <span class='ocrx_word' id='word_1_668' title='bbox 2421 4490 2556 4545; x_wconf 86' lang='lat' dir='ltr'><strong>mihi</strong></span> <span class='ocrx_word' id='word_1_669' title='bbox 2595 4491 2661 4545; x_wconf 92' lang='lat' dir='ltr'><strong>ad</strong></span> <span class='ocrx_word' id='word_1_670' title='bbox 2708 4491 2947 4546; x_wconf 84' lang='lat' dir='ltr'><strong>laborem</strong></span> <span class='ocrx_word' id='word_1_671' title='bbox 2985 4490 3265 4545; x_wconf 88' lang='lat' dir='ltr'><strong>lucernam</strong></span> <span class='ocrx_word' id='word_1_672' title='bbox 3305 4484 3554 4558; x_wconf 88' lang='lat' dir='ltr'><strong>corporis</strong></span> 
     </span>
    </p>
   </div>
   <div class='ocr_carea' id='block_1_95' title="bbox 295 4577 1871 4651">
    <p class='ocr_par' dir='ltr' id='par_1_95' title="bbox 295 4577 1871 4651">
     <span class='ocr_line' id='line_1_95' title="bbox 295 4577 1871 4651; baseline 0.003 -21"><span class='ocrx_word' id='word_1_673' title='bbox 295 4577 579 4648; x_wconf 84' lang='grc' dir='ltr'><strong>κοτρόπως</strong></span> <span class='ocrx_word' id='word_1_674' title='bbox 634 4577 904 4631; x_wconf 86' lang='grc' dir='ltr'><strong>πλουτεῖν.</strong></span> <span class='ocrx_word' id='word_1_675' title='bbox 951 4580 1025 4633; x_wconf 85' lang='grc' dir='ltr'><strong>Τὸ</strong></span> <span class='ocrx_word' id='word_1_676' title='bbox 1074 4579 1257 4634; x_wconf 80' lang='grc' dir='ltr'><strong>λοιπὸν</strong></span> <span class='ocrx_word' id='word_1_677' title='bbox 1314 4581 1498 4635; x_wconf 83' lang='grc' dir='ltr'><strong>οὐκέτι</strong></span> <span class='ocrx_word' id='word_1_678' title='bbox 1553 4580 1871 4651; x_wconf 83' lang='grc' dir='ltr'><strong>προσαιτῶ·</strong></span> 
     </span>
    </p>
   </div>
   <div class='ocr_carea' id='block_1_96' title="bbox 296 4668 1877 4745">
    <p class='ocr_par' dir='ltr' id='par_1_96' title="bbox 296 4668 1877 4745">
     <span class='ocr_line' id='line_1_96' title="bbox 296 4668 1877 4745; baseline 0.003 -24"><span class='ocrx_word' id='word_1_679' title='bbox 296 4668 487 4724; x_wconf 80' lang='grc' dir='ltr'><strong>ῑλαϐον</strong></span> <span class='ocrx_word' id='word_1_680' title='bbox 517 4668 625 4741; x_wconf 78' lang='grc' dir='ltr'><strong>γάρ</strong></span> <span class='ocrx_word' id='word_1_681' title='bbox 679 4670 773 4724; x_wconf 89' lang='grc' dir='ltr'><strong>τδν</strong></span> <span class='ocrx_word' id='word_1_682' title='bbox 811 4671 1166 4743; x_wconf 84' lang='grc' dir='ltr'><strong>παράπτοντά</strong></span> <span class='ocrx_word' id='word_1_683' title='bbox 1207 4689 1295 4743; x_wconf 91' lang='grc' dir='ltr'><strong>μοι</strong></span> <span class='ocrx_word' id='word_1_684' title='bbox 1327 4672 1459 4745; x_wconf 78' lang='grc' dir='ltr'><strong>πρὸς</strong></span> <span class='ocrx_word' id='word_1_685' title='bbox 1492 4672 1753 4744; x_wconf 75' lang='grc' dir='ltr'><strong>ἐργασίαν</strong></span> <span class='ocrx_word' id='word_1_686' title='bbox 1782 4671 1877 4725; x_wconf 84' lang='grc' dir='ltr'><strong>λύ-</strong></span> 
     </span>
    </p>
   </div>
   <div class='ocr_carea' id='block_1_97' title="bbox 295 4759 1873 4835">
    <p class='ocr_par' dir='ltr' id='par_1_97' title="bbox 295 4759 1873 4835">
     <span class='ocr_line' id='line_1_97' title="bbox 295 4759 1873 4835; baseline 0.001 -19"><span class='ocrx_word' id='word_1_687' title='bbox 295 4780 419 4833; x_wconf 83' lang='grc' dir='ltr'><strong>χνον</strong></span> <span class='ocrx_word' id='word_1_688' title='bbox 439 4762 533 4815; x_wconf 76' lang='grc' dir='ltr'><strong>τοῦ</strong></span> <span class='ocrx_word' id='word_1_689' title='bbox 552 4761 821 4832; x_wconf 80' lang='grc' dir='ltr'><strong>σώματος.</strong></span> <span class='ocrx_word' id='word_1_690' title='bbox 839 4764 1034 4817; x_wconf 86' lang='grc' dir='ltr'><strong>Οὑκέτι</strong></span> <span class='ocrx_word' id='word_1_691' title='bbox 1048 4759 1140 4817; x_wconf 76' lang='grc' dir='ltr'><strong>οὖν</strong></span> <span class='ocrx_word' id='word_1_692' title='bbox 1157 4763 1455 4834; x_wconf 76' lang='grc' dir='ltr'><strong>προσαιτῶ,</strong></span> <span class='ocrx_word' id='word_1_693' title='bbox 1473 4763 1609 4817; x_wconf 89' lang='grc' dir='ltr'><strong>άλλά</strong></span> <span class='ocrx_word' id='word_1_694' title='bbox 1624 4763 1873 4835; x_wconf 78' lang='grc' dir='ltr'><strong>γεωργῶο</strong></span> 
     </span>
    </p>
   </div>
   <div class='ocr_carea' id='block_1_98' title="bbox 295 4854 1875 4927">
    <p class='ocr_par' dir='ltr' id='par_1_98' title="bbox 295 4854 1875 4927">
     <span class='ocr_line' id='line_1_98' title="bbox 295 4854 1875 4927; baseline 0.001 -21"><span class='ocrx_word' id='word_1_695' title='bbox 295 4854 477 4907; x_wconf 75' lang='grc' dir='ltr'><strong>οὐκέτι</strong></span> <span class='ocrx_word' id='word_1_696' title='bbox 495 4854 657 4925; x_wconf 86' lang='grc' dir='ltr'><strong>χάριν</strong></span> <span class='ocrx_word' id='word_1_697' title='bbox 679 4854 834 4918; x_wconf 88' lang='grc' dir='ltr'><strong>αίτῶ,</strong></span> <span class='ocrx_word' id='word_1_698' title='bbox 850 4854 984 4908; x_wconf 88' lang='grc' dir='ltr'><strong>ἀλλά</strong></span> <span class='ocrx_word' id='word_1_699' title='bbox 1007 4854 1195 4926; x_wconf 71' lang='grc' dir='ltr'><strong>μισθὸν</strong></span> <span class='ocrx_word' id='word_1_700' title='bbox 1219 4854 1461 4908; x_wconf 87' lang='grc' dir='ltr'><strong>ἀπαιτῶ·</strong></span> <span class='ocrx_word' id='word_1_701' title='bbox 1484 4856 1666 4909; x_wconf 82' lang='grc' dir='ltr'><strong>οὐκέτι</strong></span> <span class='ocrx_word' id='word_1_702' title='bbox 1696 4855 1875 4927; x_wconf 78' lang='grc' dir='ltr'><strong>ῥάϐδῳ</strong></span> 
     </span>
    </p>
   </div>
   <div class='ocr_carea' id='block_1_99' title="bbox 296 4944 1874 5019">
    <p class='ocr_par' dir='ltr' id='par_1_99' title="bbox 296 4944 1874 5019">
     <span class='ocr_line' id='line_1_99' title="bbox 296 4944 1874 5019; baseline 0.003 -22"><span class='ocrx_word' id='word_1_703' title='bbox 296 4944 390 5019; x_wconf 75' lang='grc' dir='ltr'><strong>τὴν</strong></span> <span class='ocrx_word' id='word_1_704' title='bbox 411 4948 514 5017; x_wconf 78' lang='grc' dir='ltr'><strong>γῆν</strong></span> <span class='ocrx_word' id='word_1_705' title='bbox 534 4945 789 5017; x_wconf 73' lang='grc' dir='ltr'><strong>ψηλαφῶ,</strong></span> <span class='ocrx_word' id='word_1_706' title='bbox 806 4946 940 4999; x_wconf 86' lang='grc' dir='ltr'><strong>ἀλλά</strong></span> <span class='ocrx_word' id='word_1_707' title='bbox 957 4948 1054 5017; x_wconf 82' lang='grc' dir='ltr'><strong>τὴν</strong></span> <span class='ocrx_word' id='word_1_708' title='bbox 1074 4947 1317 5017; x_wconf 80' lang='grc' dir='ltr'><strong>ἄμπελον</strong></span> <span class='ocrx_word' id='word_1_709' title='bbox 1339 4947 1590 5019; x_wconf 79' lang='grc' dir='ltr'><strong>δρεπάνῳ</strong></span> <span class='ocrx_word' id='word_1_710' title='bbox 1614 4947 1874 5009; x_wconf 77' lang='grc' dir='ltr'><strong>κλαδεύω·</strong></span> 
     </span>
    </p>
   </div>
   <div class='ocr_carea' id='block_1_100' title="bbox 296 5035 1878 5110">
    <p class='ocr_par' dir='ltr' id='par_1_100' title="bbox 296 5035 1878 5110">
     <span class='ocr_line' id='line_1_100' title="bbox 296 5035 1878 5110; baseline 0.003 -21"><span class='ocrx_word' id='word_1_711' title='bbox 296 5036 475 5089; x_wconf 79' lang='grc' dir='ltr'><strong>οὑκέτι</strong></span> <span class='ocrx_word' id='word_1_712' title='bbox 502 5035 741 5108; x_wconf 85' lang='grc' dir='ltr'><strong>ἀργύρια</strong></span> <span class='ocrx_word' id='word_1_713' title='bbox 774 5036 1009 5106; x_wconf 90' lang='grc' dir='ltr'><strong>συνάγω,</strong></span> <span class='ocrx_word' id='word_1_714' title='bbox 1035 5038 1170 5092; x_wconf 86' lang='grc' dir='ltr'><strong>ἀλλά</strong></span> <span class='ocrx_word' id='word_1_715' title='bbox 1193 5039 1481 5110; x_wconf 85' lang='grc' dir='ltr'><strong>δράγματα</strong></span> <span class='ocrx_word' id='word_1_716' title='bbox 1508 5038 1733 5109; x_wconf 73' lang='grc' dir='ltr'><strong>θερίζωο</strong></span> <span class='ocrx_word' id='word_1_717' title='bbox 1752 5040 1878 5094; x_wconf 77' lang='grc' dir='ltr'><strong>οὑκ-</strong></span> 
     </span>
    </p>
   </div>
   <div class='ocr_carea' id='block_1_101' title="bbox 298 5127 1879 5200">
    <p class='ocr_par' dir='ltr' id='par_1_101' title="bbox 298 5127 1879 5200">
     <span class='ocr_line' id='line_1_101' title="bbox 298 5127 1879 5200; baseline 0.003 -20"><span class='ocrx_word' id='word_1_718' title='bbox 298 5127 374 5181; x_wconf 79' lang='grc' dir='ltr'><strong>έτι</strong></span> <span class='ocrx_word' id='word_1_719' title='bbox 408 5132 509 5199; x_wconf 74' lang='grc' dir='ltr'><strong>τὴν</strong></span> <span class='ocrx_word' id='word_1_720' title='bbox 540 5130 721 5200; x_wconf 73' lang='grc' dir='ltr'><strong>πήραν</strong></span> <span class='ocrx_word' id='word_1_721' title='bbox 765 5130 1130 5200; x_wconf 65' lang='grc' dir='ltr'><strong>περισφίγγω,</strong></span> <span class='ocrx_word' id='word_1_722' title='bbox 1160 5129 1274 5183; x_wconf 80' lang='grc' dir='ltr'><strong>ἀλλ’</strong></span> <span class='ocrx_word' id='word_1_723' title='bbox 1305 5128 1518 5200; x_wconf 78' lang='grc' dir='ltr'><strong>ἄμαξαν</strong></span> <span class='ocrx_word' id='word_1_724' title='bbox 1545 5130 1716 5184; x_wconf 75' lang='grc' dir='ltr'><strong>Ξλκω·</strong></span> <span class='ocrx_word' id='word_1_725' title='bbox 1752 5133 1879 5184; x_wconf 83' lang='grc' dir='ltr'><strong>οὑκ-</strong></span> 
     </span>
    </p>
   </div>
   <div class='ocr_carea' id='block_1_102' title="bbox 300 5216 1873 5291">
    <p class='ocr_par' dir='ltr' id='par_1_102' title="bbox 300 5216 1873 5291">
     <span class='ocr_line' id='line_1_102' title="bbox 300 5216 1873 5291; baseline 0.002 -20"><span class='ocrx_word' id='word_1_726' title='bbox 300 5216 376 5271; x_wconf 79' lang='grc' dir='ltr'><strong>ἑτι</strong></span> <span class='ocrx_word' id='word_1_727' title='bbox 416 5219 596 5291; x_wconf 77' lang='grc' dir='ltr'><strong>ἀρτων</strong></span> <span class='ocrx_word' id='word_1_728' title='bbox 632 5217 919 5289; x_wconf 78' lang='grc' dir='ltr'><strong>κλάσματα</strong></span> <span class='ocrx_word' id='word_1_729' title='bbox 966 5219 1247 5290; x_wconf 74' lang='grc' dir='ltr'><strong>λαμϐάνω,</strong></span> <span class='ocrx_word' id='word_1_730' title='bbox 1275 5219 1408 5273; x_wconf 79' lang='grc' dir='ltr'><strong>ἀλλὰ</strong></span> <span class='ocrx_word' id='word_1_731' title='bbox 1445 5221 1590 5272; x_wconf 82' lang='grc' dir='ltr'><strong>σῖτον</strong></span> <span class='ocrx_word' id='word_1_732' title='bbox 1633 5221 1873 5291; x_wconf 78' lang='grc' dir='ltr'><strong>κομίζω·</strong></span> 
     </span>
    </p>
   </div>
   <div class='ocr_carea' id='block_1_103' title="bbox 300 5309 1878 5382">
    <p class='ocr_par' dir='ltr' id='par_1_103' title="bbox 300 5309 1878 5382">
     <span class='ocr_line' id='line_1_103' title="bbox 300 5309 1878 5382; baseline 0.004 -23"><span class='ocrx_word' id='word_1_733' title='bbox 300 5309 478 5363; x_wconf 72' lang='grc' dir='ltr'><strong>οὐκέτι</strong></span> <span class='ocrx_word' id='word_1_734' title='bbox 500 5311 701 5366; x_wconf 73' lang='grc' dir='ltr'><strong>στένων</strong></span> <span class='ocrx_word' id='word_1_735' title='bbox 734 5309 842 5381; x_wconf 79' lang='grc' dir='ltr'><strong>βοῶ</strong></span> <span class='ocrx_word' id='word_1_736' title='bbox 861 5327 873 5340; x_wconf 87' lang='grc'><strong>·</strong></span> <span class='ocrx_word' id='word_1_737' title='bbox 905 5309 1051 5363; x_wconf 86' lang='grc' dir='ltr'><strong>Δῶτε</strong></span> <span class='ocrx_word' id='word_1_738' title='bbox 1079 5311 1156 5381; x_wconf 81' lang='grc' dir='ltr'><strong>τῷ</strong></span> <span class='ocrx_word' id='word_1_739' title='bbox 1183 5310 1244 5364; x_wconf 78' lang='grc' dir='ltr'><strong>τὸ</strong></span> <span class='ocrx_word' id='word_1_740' title='bbox 1272 5311 1387 5381; x_wconf 82' lang='grc' dir='ltr'><strong>φῶς</strong></span> <span class='ocrx_word' id='word_1_741' title='bbox 1420 5311 1493 5382; x_wconf 81' lang='grc' dir='ltr'><strong>μὴ</strong></span> <span class='ocrx_word' id='word_1_742' title='bbox 1522 5311 1718 5381; x_wconf 76' lang='grc' dir='ltr'><strong>ἔχοντι,</strong></span> <span class='ocrx_word' id='word_1_743' title='bbox 1746 5312 1878 5366; x_wconf 79' lang='grc' dir='ltr'><strong>ἀλλά</strong></span> 
     </span>
    </p>
   </div>
   <div class='ocr_carea' id='block_1_104' title="bbox 372 5464 1449 5537">
    <p class='ocr_par' dir='ltr' id='par_1_104' title="bbox 372 5464 1449 5537">
     <span class='ocr_line' id='line_1_104' title="bbox 372 5464 1449 5537; baseline -0.001 -14"><span class='ocrx_word' id='word_1_744' title='bbox 372 5467 416 5499; x_wconf 83' lang='grc'>⁶⁹</span> <span class='ocrx_word' id='word_1_745' title='bbox 449 5464 609 5525; x_wconf 79' lang='lat' dir='ltr'><strong>Joan.</strong></span> <span class='ocrx_word' id='word_1_746' title='bbox 638 5483 715 5534; x_wconf 77' lang='grc' dir='ltr'><strong>ιι,</strong></span> <span class='ocrx_word' id='word_1_747' title='bbox 749 5468 804 5533; x_wconf 89' lang='lat'><strong>8,</strong></span> <span class='ocrx_word' id='word_1_748' title='bbox 837 5470 893 5527; x_wconf 91' lang='lat'><strong>9.</strong></span> <span class='ocrx_word' id='word_1_749' title='bbox 968 5470 1015 5501; x_wconf 87' lang='lat'><strong>&quot;°</strong></span> <span class='ocrx_word' id='word_1_750' title='bbox 1057 5467 1187 5537; x_wconf 88' lang='lat' dir='ltr'><strong>Sap.</strong></span> <span class='ocrx_word' id='word_1_751' title='bbox 1224 5484 1354 5534; x_wconf 78' lang='lat' dir='ltr'><strong>xtn,</strong></span> <span class='ocrx_word' id='word_1_752' title='bbox 1396 5468 1449 5523; x_wconf 78' lang='lat'><strong>3.</strong></span> 
     </span>
    </p>
   </div>
   <div class='ocr_carea' id='block_1_105' title="bbox 304 5571 990 5694">
    <p class='ocr_par' dir='ltr' id='par_1_105' title="bbox 304 5571 990 5694">
     <span class='ocr_line' id='line_1_105' title="bbox 304 5571 990 5694; baseline 0 0"><span class='ocrx_word' id='word_1_753' title='bbox 304 5571 323 5589; x_wconf 74' lang='grc'><em>’</em></span> <span class='ocrx_word' id='word_1_754' title='bbox 375 5621 487 5694; x_wconf 60' lang='grc' dir='ltr'><strong>ιτιξ)</strong></span> <span class='ocrx_word' id='word_1_755' title='bbox 520 5620 661 5694; x_wconf 73' lang='grc' dir='ltr'><strong>Βεε-</strong></span> <span class='ocrx_word' id='word_1_756' title='bbox 692 5622 749 5694; x_wconf 73' lang='lat'><strong>2.</strong></span> <span class='ocrx_word' id='word_1_757' title='bbox 778 5622 990 5694; x_wconf 58' lang='grc' dir='ltr'><strong>τυφλοῖ.</strong></span> 
     </span>
    </p>
   </div>
   <div class='ocr_carea' id='block_1_106' title="bbox 376 5691 1320 5764">
    <p class='ocr_par' dir='ltr' id='par_1_106' title="bbox 376 5691 1320 5764">
     <span class='ocr_line' id='line_1_106' title="bbox 376 5691 1320 5764; baseline -0.001 0"><span class='ocrx_word' id='word_1_758' title='bbox 376 5691 488 5764; x_wconf 79' lang='grc'><strong>(76)</strong></span> <span class='ocrx_word' id='word_1_759' title='bbox 518 5691 653 5764; x_wconf 68' lang='lat' dir='ltr'><strong>Beé-</strong></span> <span class='ocrx_word' id='word_1_760' title='bbox 683 5693 741 5764; x_wconf 64' lang='grc'><strong>1,</strong></span> <span class='ocrx_word' id='word_1_761' title='bbox 768 5693 822 5757; x_wconf 62' lang='grc' dir='ltr'><strong>ες</strong></span> <span class='ocrx_word' id='word_1_762' title='bbox 855 5691 1083 5764; x_wconf 31' lang='grc' dir='ltr'><strong>κομίζου.</strong></span> <span class='ocrx_word' id='word_1_763' title='bbox 1115 5693 1320 5764; x_wconf 76' lang='grc' dir='ltr'><strong>χρῆμα-</strong></span> 
     </span>
    </p>
   </div>
   <div class='ocr_carea' id='block_1_107' title="bbox 380 5761 1238 5834">
    <p class='ocr_par' dir='ltr' id='par_1_107' title="bbox 380 5761 1238 5834">
     <span class='ocr_line' id='line_1_107' title="bbox 380 5761 1238 5834; baseline 0 -19"><span class='ocrx_word' id='word_1_764' title='bbox 380 5763 490 5832; x_wconf 80' lang='lat'><strong>(77)</strong></span> <span class='ocrx_word' id='word_1_765' title='bbox 517 5761 652 5832; x_wconf 59' lang='lat' dir='ltr'><strong>Reg.</strong></span> <span class='ocrx_word' id='word_1_766' title='bbox 673 5763 727 5823; x_wconf 74' lang='lat'><strong>‘2.</strong></span> <span class='ocrx_word' id='word_1_767' title='bbox 768 5761 1238 5834; x_wconf 74' lang='grc' dir='ltr'><strong>προσαντιλέγετε.</strong></span> 
     </span>
    </p>
   </div>
   <div class='ocr_carea' id='block_1_108' title="bbox 1985 4577 3552 4647">
    <p class='ocr_par' dir='ltr' id='par_1_108' title="bbox 1985 4577 3552 4647">
     <span class='ocr_line' id='line_1_108' title="bbox 1985 4577 3552 4647; baseline -0.003 -14"><span class='ocrx_word' id='word_1_768' title='bbox 1985 4579 2327 4635; x_wconf 85' lang='lat' dir='ltr'><strong>accenderet.</strong></span> <span class='ocrx_word' id='word_1_769' title='bbox 2384 4579 2502 4636; x_wconf 84' lang='lat' dir='ltr'><strong>Non</strong></span> <span class='ocrx_word' id='word_1_770' title='bbox 2560 4581 2794 4637; x_wconf 85' lang='lat' dir='ltr'><strong>ulterius</strong></span> <span class='ocrx_word' id='word_1_771' title='bbox 2830 4579 3189 4645; x_wconf 84' lang='lat' dir='ltr'><strong>mendicabo,</strong></span> <span class='ocrx_word' id='word_1_772' title='bbox 3244 4577 3337 4633; x_wconf 89' lang='lat' dir='ltr'><strong>sed</strong></span> <span class='ocrx_word' id='word_1_773' title='bbox 3391 4589 3552 4647; x_wconf 85' lang='lat' dir='ltr'><strong>agros</strong></span> 
     </span>
    </p>
   </div>
   <div class='ocr_carea' id='block_1_109' title="bbox 1982 4670 3552 4743">
    <p class='ocr_par' dir='ltr' id='par_1_109' title="bbox 1982 4670 3552 4743">
     <span class='ocr_line' id='line_1_109' title="bbox 1982 4670 3552 4743; baseline -0.004 -17"><span class='ocrx_word' id='word_1_774' title='bbox 1982 4671 2178 4726; x_wconf 89' lang='lat' dir='ltr'><strong>colam.</strong></span> <span class='ocrx_word' id='word_1_775' title='bbox 2228 4670 2349 4725; x_wconf 80' lang='lat' dir='ltr'><strong>Non</strong></span> <span class='ocrx_word' id='word_1_776' title='bbox 2410 4672 2653 4743; x_wconf 81' lang='lat' dir='ltr'><strong>amplius</strong></span> <span class='ocrx_word' id='word_1_777' title='bbox 2712 4672 2884 4743; x_wconf 81' lang='lat' dir='ltr'><strong>gratis</strong></span> <span class='ocrx_word' id='word_1_778' title='bbox 2946 4680 3147 4743; x_wconf 90' lang='lat' dir='ltr'><strong>petam,</strong></span> <span class='ocrx_word' id='word_1_779' title='bbox 3195 4670 3290 4724; x_wconf 89' lang='lat' dir='ltr'><strong>sed</strong></span> <span class='ocrx_word' id='word_1_780' title='bbox 3341 4682 3552 4722; x_wconf 75' lang='lat' dir='ltr'><strong>merce-</strong></span> 
     </span>
    </p>
   </div>
   <div class='ocr_carea' id='block_1_110' title="bbox 1981 4758 3549 4833">
    <p class='ocr_par' dir='ltr' id='par_1_110' title="bbox 1981 4758 3549 4833">
     <span class='ocr_line' id='line_1_110' title="bbox 1981 4758 3549 4833; baseline -0.003 -17"><span class='ocrx_word' id='word_1_781' title='bbox 1981 4761 2105 4816; x_wconf 90' lang='lat' dir='ltr'><strong>dem</strong></span> <span class='ocrx_word' id='word_1_782' title='bbox 2132 4770 2394 4832; x_wconf 88' lang='lat' dir='ltr'><strong>repetam.</strong></span> <span class='ocrx_word' id='word_1_783' title='bbox 2427 4761 2542 4818; x_wconf 79' lang='lat' dir='ltr'><strong>Non</strong></span> <span class='ocrx_word' id='word_1_784' title='bbox 2574 4763 2808 4833; x_wconf 88' lang='lat' dir='ltr'><strong>amplius</strong></span> <span class='ocrx_word' id='word_1_785' title='bbox 2841 4763 3039 4818; x_wconf 88' lang='lat' dir='ltr'><strong>hacqu</strong></span> <span class='ocrx_word' id='word_1_786' title='bbox 3073 4770 3276 4816; x_wconf 88' lang='lat' dir='ltr'><strong>terram</strong></span> <span class='ocrx_word' id='word_1_787' title='bbox 3309 4758 3549 4820; x_wconf 88' lang='lat' dir='ltr'><strong>tentabo,</strong></span> 
     </span>
    </p>
   </div>
   <div class='ocr_carea' id='block_1_111' title="bbox 1983 4850 3554 4924">
    <p class='ocr_par' dir='ltr' id='par_1_111' title="bbox 1983 4850 3554 4924">
     <span class='ocr_line' id='line_1_111' title="bbox 1983 4850 3554 4924; baseline -0.005 -15"><span class='ocrx_word' id='word_1_788' title='bbox 1983 4853 2078 4909; x_wconf 88' lang='lat' dir='ltr'><strong>sed</strong></span> <span class='ocrx_word' id='word_1_789' title='bbox 2134 4853 2349 4909; x_wconf 84' lang='lat' dir='ltr'><strong>vineam</strong></span> <span class='ocrx_word' id='word_1_790' title='bbox 2400 4852 2599 4908; x_wconf 88' lang='lat' dir='ltr'><strong>falcula</strong></span> <span class='ocrx_word' id='word_1_791' title='bbox 2653 4855 2878 4924; x_wconf 90' lang='lat' dir='ltr'><strong>putabo.</strong></span> <span class='ocrx_word' id='word_1_792' title='bbox 2936 4850 3055 4906; x_wconf 86' lang='lat' dir='ltr'><strong>Non</strong></span> <span class='ocrx_word' id='word_1_793' title='bbox 3108 4850 3339 4905; x_wconf 88' lang='lat' dir='ltr'><strong>ulterius</strong></span> <span class='ocrx_word' id='word_1_794' title='bbox 3392 4862 3554 4903; x_wconf 86' lang='lat' dir='ltr'><strong>num-</strong></span> 
     </span>
    </p>
   </div>
   <div class='ocr_carea' id='block_1_112' title="bbox 1980 4937 3552 5017">
    <p class='ocr_par' dir='ltr' id='par_1_112' title="bbox 1980 4937 3552 5017">
     <span class='ocr_line' id='line_1_112' title="bbox 1980 4937 3552 5017; baseline -0.006 -16"><span class='ocrx_word' id='word_1_795' title='bbox 1980 4947 2162 5002; x_wconf 88' lang='lat' dir='ltr'><strong>mulos</strong></span> <span class='ocrx_word' id='word_1_796' title='bbox 2192 4962 2407 5017; x_wconf 84' lang='lat' dir='ltr'><strong>cogam,</strong></span> <span class='ocrx_word' id='word_1_797' title='bbox 2448 4946 2544 5002; x_wconf 89' lang='lat' dir='ltr'><strong>sed</strong></span> <span class='ocrx_word' id='word_1_798' title='bbox 2586 4945 2893 5017; x_wconf 84' lang='lat' dir='ltr'><strong>manipulos</strong></span> <span class='ocrx_word' id='word_1_799' title='bbox 2933 4943 3206 5014; x_wconf 85' lang='lat' dir='ltr'><strong>colligam.</strong></span> <span class='ocrx_word' id='word_1_800' title='bbox 3251 4937 3370 4994; x_wconf 82' lang='lat' dir='ltr'><strong>Non</strong></span> <span class='ocrx_word' id='word_1_801' title='bbox 3410 4938 3552 4991; x_wconf 88' lang='lat' dir='ltr'><strong>ultra</strong></span> 
     </span>
    </p>
   </div>
   <div class='ocr_carea' id='block_1_113' title="bbox 1981 5029 3551 5109">
    <p class='ocr_par' dir='ltr' id='par_1_113' title="bbox 1981 5029 3551 5109">
     <span class='ocr_line' id='line_1_113' title="bbox 1981 5029 3551 5109; baseline -0.005 -18"><span class='ocrx_word' id='word_1_802' title='bbox 1981 5052 2166 5108; x_wconf 84' lang='lat' dir='ltr'><strong>peram</strong></span> <span class='ocrx_word' id='word_1_803' title='bbox 2241 5039 2637 5109; x_wconf 80' lang='lat' dir='ltr'><strong>constringam,</strong></span> <span class='ocrx_word' id='word_1_804' title='bbox 2702 5038 2797 5093; x_wconf 87' lang='lat' dir='ltr'><strong>sed</strong></span> <span class='ocrx_word' id='word_1_805' title='bbox 2850 5049 3070 5091; x_wconf 88' lang='lat' dir='ltr'><strong>currum</strong></span> <span class='ocrx_word' id='word_1_806' title='bbox 3133 5033 3364 5087; x_wconf 87' lang='lat' dir='ltr'><strong>traham.</strong></span> <span class='ocrx_word' id='word_1_807' title='bbox 3436 5029 3551 5084; x_wconf 78' lang='lat' dir='ltr'><strong>Non</strong></span> 
     </span>
    </p>
   </div>
   <div class='ocr_carea' id='block_1_114' title="bbox 1982 5121 3553 5202">
    <p class='ocr_par' dir='ltr' id='par_1_114' title="bbox 1982 5121 3553 5202">
     <span class='ocr_line' id='line_1_114' title="bbox 1982 5121 3553 5202; baseline -0.008 -19"><span class='ocrx_word' id='word_1_808' title='bbox 1982 5129 2122 5183; x_wconf 89' lang='lat' dir='ltr'><strong>ultra</strong></span> <span class='ocrx_word' id='word_1_809' title='bbox 2171 5127 2343 5186; x_wconf 88' lang='lat' dir='ltr'><strong>frusta</strong></span> <span class='ocrx_word' id='word_1_810' title='bbox 2396 5131 2552 5202; x_wconf 91' lang='lat' dir='ltr'><strong>panis</strong></span> <span class='ocrx_word' id='word_1_811' title='bbox 2598 5130 2884 5200; x_wconf 87' lang='lat' dir='ltr'><strong>accipiam,</strong></span> <span class='ocrx_word' id='word_1_812' title='bbox 2930 5126 3025 5183; x_wconf 87' lang='lat' dir='ltr'><strong>sed</strong></span> <span class='ocrx_word' id='word_1_813' title='bbox 3079 5123 3410 5179; x_wconf 80' lang='lat' dir='ltr'><strong>frumentum</strong></span> <span class='ocrx_word' id='word_1_814' title='bbox 3459 5121 3553 5175; x_wconf 63' lang='lat' dir='ltr'><strong>de.</strong></span> 
     </span>
    </p>
   </div>
   <div class='ocr_carea' id='block_1_115' title="bbox 1983 5212 3548 5293">
    <p class='ocr_par' dir='ltr' id='par_1_115' title="bbox 1983 5212 3548 5293">
     <span class='ocr_line' id='line_1_115' title="bbox 1983 5212 3548 5293; baseline -0.006 -20"><span class='ocrx_word' id='word_1_815' title='bbox 1983 5218 2195 5283; x_wconf 92' lang='lat' dir='ltr'><strong>feram._</strong></span> <span class='ocrx_word' id='word_1_816' title='bbox 2252 5219 2370 5276; x_wconf 84' lang='lat' dir='ltr'><strong>Non</strong></span> <span class='ocrx_word' id='word_1_817' title='bbox 2432 5221 2667 5293; x_wconf 87' lang='lat' dir='ltr'><strong>amplius</strong></span> <span class='ocrx_word' id='word_1_818' title='bbox 2743 5235 2867 5275; x_wconf 90' lang='lat' dir='ltr'><strong>cum</strong></span> <span class='ocrx_word' id='word_1_819' title='bbox 2917 5217 3121 5289; x_wconf 86' lang='lat' dir='ltr'><strong>gemitu</strong></span> <span class='ocrx_word' id='word_1_820' title='bbox 3176 5212 3548 5269; x_wconf 77' lang='lat' dir='ltr'><strong>exclatnabo:</strong></span> 
     </span>
    </p>
   </div>
   <div class='ocr_carea' id='block_1_116' title="bbox 1981 5308 3553 5384">
    <p class='ocr_par' dir='ltr' id='par_1_116' title="bbox 1981 5308 3553 5384">
     <span class='ocr_line' id='line_1_116' title="bbox 1981 5308 3553 5384; baseline -0.004 -18"><span class='ocrx_word' id='word_1_821' title='bbox 1981 5311 2116 5379; x_wconf 64' lang='lat' dir='ltr'><strong>Date</strong></span> <span class='ocrx_word' id='word_1_822' title='bbox 2144 5312 2190 5368; x_wconf 90' lang='lat' dir='ltr'><strong>ei</strong></span> <span class='ocrx_word' id='word_1_823' title='bbox 2235 5316 2325 5384; x_wconf 89' lang='lat' dir='ltr'><strong>qui</strong></span> <span class='ocrx_word' id='word_1_824' title='bbox 2373 5314 2577 5368; x_wconf 85' lang='lat' dir='ltr'><strong>lumine</strong></span> <span class='ocrx_word' id='word_1_825' title='bbox 2622 5330 2728 5368; x_wconf 91' lang='lat' dir='ltr'><strong>non</strong></span> <span class='ocrx_word' id='word_1_826' title='bbox 2778 5312 3012 5375; x_wconf 87' lang='lat' dir='ltr'><strong>fruitur;</strong></span> <span class='ocrx_word' id='word_1_827' title='bbox 3055 5308 3149 5368; x_wconf 86' lang='lat' dir='ltr'><strong>sed</strong></span> <span class='ocrx_word' id='word_1_828' title='bbox 3196 5320 3389 5379; x_wconf 77' lang='lat' dir='ltr'><strong>magna</strong></span> <span class='ocrx_word' id='word_1_829' title='bbox 3417 5320 3553 5361; x_wconf 85' lang='lat' dir='ltr'><strong>vcce</strong></span> 
     </span>
    </p>
   </div>
   <div class='ocr_carea' id='block_1_117' title="bbox 2055 5616 3552 5693">
    <p class='ocr_par' dir='ltr' id='par_1_117' title="bbox 2055 5616 3552 5693">
     <span class='ocr_line' id='line_1_117' title="bbox 2055 5616 3552 5693; baseline -0.006 -17"><span class='ocrx_word' id='word_1_830' title='bbox 2055 5622 2167 5693; x_wconf 72' lang='lat'><strong>(78)</strong></span> <span class='ocrx_word' id='word_1_831' title='bbox 2205 5626 2281 5676; x_wconf 90' lang='lat' dir='ltr'><strong>Ita</strong></span> <span class='ocrx_word' id='word_1_832' title='bbox 2311 5622 2441 5691; x_wconf 80' lang='lat' dir='ltr'><strong>Reg.</strong></span> <span class='ocrx_word' id='word_1_833' title='bbox 2477 5623 2529 5685; x_wconf 84' lang='lat' dir='ltr'><strong>l,</strong></span> <span class='ocrx_word' id='word_1_834' title='bbox 2562 5621 2616 5678; x_wconf 70' lang='grc' dir='ltr'><strong>Ξ.</strong></span> <span class='ocrx_word' id='word_1_835' title='bbox 2642 5621 2781 5678; x_wconf 86' lang='lat' dir='ltr'><strong>Editi</strong></span> <span class='ocrx_word' id='word_1_836' title='bbox 2819 5636 2969 5683; x_wconf 76' lang='lat' dir='ltr'><strong>vero,</strong></span> <span class='ocrx_word' id='word_1_837' title='bbox 2994 5619 3210 5691; x_wconf 73' lang='grc' dir='ltr'><strong>ἀτριϐῆ.</strong></span> <span class='ocrx_word' id='word_1_838' title='bbox 3244 5617 3366 5672; x_wconf 72' lang='lat' dir='ltr'><strong>Mox</strong></span> <span class='ocrx_word' id='word_1_839' title='bbox 3391 5616 3552 5673; x_wconf 78' lang='lat' dir='ltr'><strong>iidem</strong></span> 
     </span>
    </p>
   </div>
   <div class='ocr_carea' id='block_1_118' title="bbox 1985 5693 3055 5767">
    <p class='ocr_par' dir='ltr' id='par_1_118' title="bbox 1985 5693 3055 5767">
     <span class='ocr_line' id='line_1_118' title="bbox 1985 5693 3055 5767; baseline -0.005 -18"><span class='ocrx_word' id='word_1_840' title='bbox 1985 5709 2116 5749; x_wconf 81' lang='lat' dir='ltr'><strong>mss.</strong></span> <span class='ocrx_word' id='word_1_841' title='bbox 2150 5694 2502 5766; x_wconf 70' lang='grc' dir='ltr'><strong>κυρτώματα.</strong></span> <span class='ocrx_word' id='word_1_842' title='bbox 2529 5693 2694 5754; x_wconf 79' lang='lat' dir='ltr'><strong>Editj,</strong></span> <span class='ocrx_word' id='word_1_843' title='bbox 2717 5693 3055 5767; x_wconf 78' lang='grc' dir='ltr'><strong>κυρτήματα.</strong></span> 
     </span>
    </p>
   </div>
  </div>
