4022 6382
529 348 662 404 1011

1650 349 1706 404 S.
1753 345 2213 403 ATHANASIUS.
2250 377 2318 387 —
2361 345 2631 402 SPURIA.

3633 337 3757 392 ιυιξ

523 463 772 518 clamabo
808 485 820 520 :
858 485 876 516 ι
908 465 1164 520 Dominus
1197 465 1514 521 illuminatio
1546 481 1662 521 mea
1692 475 1746 520 et
1774 467 1922 520 salus
1952 479 2090 527 mea,

2199 463 2589 534 μεγαλοφὼνως
2640 463 2852 533 κρόιζζω⁸
2885 479 2902 511 ι
2940 459 3139 531 Κύριος
3187 459 3470 528 φωτισμός
3518 476 3620 528 μου
3670 459 3755 511 καὶ

523 567 686 622 quem
728 553 928 606 timebo
959 553 1041 604 T'?
1065 573 1083 604 ι

599 641 651 694 7.
706 639 803 695 His
841 641 1041 694 auditis
1082 642 1517 699 contradicentes
1555 642 1723 698 Judaei
1751 682 1766 708 ,
1809 653 1870 697 ιιι
1910 642 2094 697 vident

525 730 676 785 illum
709 745 815 784 non
847 731 1006 785 modo
1034 741 1282 785 sanatum
1311 749 1453 798 esse,
1489 734 1582 788 sed
1607 735 1930 788 miraculum
1960 750 2094 803 quo-

523 837 629 891 que
648 819 958 884 defendere,
1001 822 1269 878 accedunt
1302 824 1498 878 iterum
1536 827 1918 881 sciscitantes:
1956 825 2098 892 Quo-

523 909 686 964 modo
715 909 891 964 visum
927 910 1230 979 accepisti?
1281 910 1420 976 Quid
1471 912 1598 968 fecit
1643 914 1739 968 tibi
1781 915 1944 968 homo
1983 915 2093 978 ille,

521 999 667 1069 quod
703 1006 812 1053 tam
844 1001 1071 1056 tirmiter
1102 1017 1222 1058 eam
1274 1018 1386 1057 rem
1437 1005 1682 1060 asseris?
1726 1004 1864 1060 Tum
1911 1005 1958 1060 is
2001 1004 2092 1073 qui

521 1088 701 1143 visum
732 1098 1012 1159 receperat
1059 1092 1124 1146 ad
1166 1101 1467 1148 exczecatos
1501 1095 1626 1152 illos
1654 1115 1667 1150 :
1704 1095 1986 1162 Quomodo
2016 1095 2096 1148 vi-

507 1193 645 1243 sum
693 1181 920 1250 accepi?
963 1180 1142 1236 Deone
1190 1184 1405 1250 dicitis,
1473 1186 1746 1256 quomodo
1796 1187 1927 1240 illud
1964 1201 2096 1240 con-

522 1281 805 1340 sequenter
849 1271 917 1325 ad
947 1280 1157 1328 naturae
1189 1276 1436 1330 ordinem
1482 1276 1684 1331 factum
1717 1278 1836 1332 est?
1865 1275 1918 1332 Si
1947 1291 2095 1346 quaa-

521 1360 680 1423 ritis,
731 1365 1041 1431 quomodo;
1103 1365 1346 1419 vicissim
1381 1382 1479 1420 vos
1545 1383 1644 1438 ego
1708 1369 2091 1438 interrogabo:

523 1452 810 1516 Quomodo
845 1454 900 1506 in
934 1455 1118 1508 vinum
1151 1471 1346 1525 aquam
1381 1458 1774 1512 commutavit?
1826 1461 1909 1512 An
1941 1466 2096 1512 natu-

521 1558 599 1597 ra:
631 1543 904 1607 ordinem,
943 1555 1035 1598 aut
1064 1547 1386 1600 miraculum
1423 1556 1482 1602 ut
1508 1550 1822 1605 exhiberet?
1862 1549 2096 1616 Quomo-

522 1637 594 1690 do
628 1636 894 1690 Lazarum
931 1652 993 1690 ex
1037 1637 1288 1706 sepulcro
1331 1640 1616 1694 evocavit?
1648 1641 1881 1695 naturali
1915 1658 1980 1695 an
2011 1641 2098 1694 di-

523 1728 654 1782 vino
690 1728 900 1782 modo?
932 1727 1214 1794 Quomodo
1253 1731 1528 1800 leprosum
1587 1733 1778 1786 morbo
1808 1733 2096 1788 liberavit?

525 1817 852 1874 circuitione
890 1818 1145 1887 quadam,
1182 1835 1250 1874 an
1291 1821 1610 1876 voluntate?
1641 1821 1925 1887 Quomodo
1969 1837 2096 1877 san-
2127 1811 2167 1866 Β

524 1908 707 1978 guinis
755 1909 900 1964 ﬂuxu
933 1911 1266 1966 laborantem
1314 1912 1617 1975 mulierem,
1670 1929 1788 1982 qua:
1817 1913 2096 1983 sanguinis

523 1999 794 2069 proﬂuvio
821 2002 978 2071 quasi
1035 2002 1376 2073 naufragium
1408 2002 1626 2066 fecerat,
1659 2020 1724 2058 ex
1776 2019 1839 2058 ea
1890 2013 2095 2073 tempe-

523 2097 666 2145 state
700 2091 946 2161 eripuit?
988 2089 1432 2160 Perquircndone
1474 2093 1648 2147 morbi
1697 2095 1985 2154 rationem,
2027 2107 2094 2146 an

523 2189 818 2251 conspecta
868 2183 988 2252 ejus
1029 2182 1176 2238 ﬁde?
1216 2181 1355 2236 Tum
1403 2184 1836 2239 contradicentes
1874 2184 1950 2236 illi
1998 2181 2096 2236 Ju-

520 2273 644 2336 daei,
675 2281 732 2328 ut
759 2274 1010 2329 viderunt
1040 2290 1162 2329 eum
1199 2275 1253 2328 in
1297 2276 1579 2345 proposito
1633 2283 2093 2345 perseverantem,

521 2365 724 2420 acriter
771 2367 1227 2437 comprehensum
1256 2368 1309 2421 vi
1358 2369 1682 2438 pertrahunt
1725 2367 1793 2421 ad
1824 2367 2098 2422 Pbarisai-

520 2475 645 2513 cum
677 2461 936 2526 tribunal,
965 2463 1327 2531 dicebantque
1361 2461 1439 2514 illi
1471 2480 1484 2514 :
1527 2459 1644 2515 1am
1681 2475 1878 2514 carnes
1918 2458 2095 2512 lanci-

521 2551 639 2604 nari
669 2560 788 2607 tuas
817 2555 1153 2617 curabimus,
1181 2561 1238 2606 ut
1270 2551 1433 2615 servi,
1460 2566 1567 2604 non
1596 2549 1857 2612 doctoris,
1894 2564 2097 2604 munus

523 2657 844 2712 exsequare.
883 2643 999 2698 Non
1033 2653 1202 2711 taces,
1235 2644 1328 2699 sed
1358 2642 1676 2695 concionem
1711 2640 1896 2702 habes,
1935 2648 2098 2708 atque

523 2739 588 2786 ut
634 2731 801 2788 Deum
869 2735 1020 2788 illum
1085 2736 1166 2789 vis
1211 2733 1552 2804 proclamare
1614 2729 1779 2782 ﬁlium
1842 2727 2100 2798 Josephi?

521 2822 668 2879 Casu
707 2825 946 2892 quodam
987 2826 1161 2881 visum
1193 2823 1470 2894 recepisti,
1518 2820 1808 2889 elfutisque
1854 2819 2014 2874 nobis
2043 2825 2096 2874 te

523 2930 555 2967 a
590 2915 872 2971 nativitate
919 2932 1122 2970 caecum
1154 2932 1298 2978 esse,
1345 2923 1511 2983 atque
1549 2911 1777 2965 adducis
1812 2909 1970 2964 nobis
2024 2909 2098 2964 is—

523 3013 641 3058 tum
672 3004 811 3059 fabri
848 3005 1060 3059 tilium?
1085 3005 1202 3062 Non
1243 3013 1390 3059 taces
1421 3023 1435 3059 ε
1466 3002 1564 3058 sed
1598 3015 1790 3071 magna
1831 3014 1960 3054 voce
1986 3001 2097 3055 clav

523 3097 682 3151 mas?
714 3098 815 3164 Qui
853 3113 1016 3168 porro
1064 3099 1242 3153 visum
1286 3105 1564 3165 receperat
1609 3093 1819 3165 reponit
1853 3093 1920 3146 ad
1969 3107 2098 3146 con.-

2196 558 2378 627 σωτήρ
2407 574 2531 626 μου,
2559 556 2678 608 τίνα
2717 553 3121 624 φοϐηθήσομαις
3169 572 3186 603 ι

2267 647 2320 701 7.
2355 646 2542 698 Ταῦτα
2573 645 2901 705 ἀκούσαντες
2927 643 2974 694 οἱ
2999 640 3367 708 ἀντιλέγοντες
3400 639 3668 701 Ἰουδαῖοι,
3686 639 3754 703 ὡς

2196 733 2332 790 εἶδον
2372 736 2533 790 αὐτὸν
2575 736 2648 805 μὴ
2685 734 2841 804 μόνον
2898 731 3130 793 ῖαθέντα,
3192 729 3330 783 ἀλλὰ
3381 731 3480 784 καὶ
3537 747 3754 799 συνηγον

2201 829 2392 902 ροῦντα
2421 827 2497 898 τῷ
2530 826 2788 896 θαύματι,
2815 823 3119 894 προσῄεσαν
3140 821 3220 874 ἔτι
3253 820 3645 890 ἐπερωτῶντες
3669 822 3746 874 αὖ·

2197 918 2288 972 τόν
2314 934 2325 946 °
2356 917 2478 979 Πῶς
2508 915 2838 983 ἀνέϐλεψας;
2879 913 2943 964 Τί
2971 929 3052 965 σοι
3079 911 3333 980 ἐποίησεν
3376 912 3589 973 ἐκεῖνος
3618 914 3645 963 ὁ
3675 913 3738 965 ἀν

2200 1009 2434 1080 θρωπος,
2465 1007 2550 1060 ὅτι
2580 1004 2857 1076 ἐπιμένεις
2887 1004 2964 1074 τῷ
3004 1002 3318 1074 πράγματι;
3359 1001 3418 1054 Ὀ
3446 1001 3506 1053 δὲ
3538 1000 3753 1054 ἀναϐλέ-

2196 1100 2303 1170 ψας
2331 1099 2464 1169 πρὸς
2509 1097 2636 1160 τοὺς
2683 1083 3233 1165 τυφλωθέντας’ἐφη·
3294 1091 3424 1155 Πῶς
3461 1091 3750 1158 ἀνέϐλεψα;

2209 1191 2332 1243 Ἐπὶ
2365 1186 2497 1240 Θεοῦ
2523 1186 2729 1254 λέγετε,
2763 1185 2880 1248 πῶς
2909 1186 3006 1255 τῆς
3040 1183 3252 1252 φύσεως
3294 1182 3590 1235 ἀκολουθία
3622 1182 3750 1248 γίνε-

2195 1296 2320 1343 ται;
2350 1279 2412 1330 Εἰ
2459 1277 2519 1330 τὸ
2552 1275 2669 1339 πῶς
2703 1277 2962 1346 ἐρωτᾶτε,
2990 1276 3348 1344 άντερωτήσω
3385 1273 3533 1342 ὑμᾶς
3573 1273 3747 1340 κάγὼ-

2199 1373 2322 1436 Πῶς
2345 1373 2406 1424 τὸ
2443 1371 2586 1441 ὓδωρ
2615 1371 2694 1432 εἰς
2719 1364 2858 1421 οἶνον
2883 1367 3193 1438 μετέϐαλεν,
3230 1364 3556 1418 ἀκολουθίαν
3575 1365 3610 1434 ἢ
3642 1363 3752 1417 θαυ-

2200 1462 2533 1533 ματουργίαν
2561 1459 2835 1530 μηνύσας;
2861 1457 2984 1520 Πῶς
3003 1457 3092 1509 τὸν
3117 1455 3366 1526 Λάζαρον
3388 1457 3453 1507 ἐκ
3476 1455 3570 1507 τοῦ
3593 1455 3749 1522 τάφου

2197 1553 2456 1619 ἐκάλεσε,
2495 1550 2739 1620 φυσικῶς
2783 1549 2816 1619 ἢ
2861 1547 3208 1618 θεοπρεπῶς;
3265 1545 3391 1610 Πῶς
3425 1545 3519 1598 τὸν
3563 1546 3752 1615 λεπρὺν

2196 1645 2287 1699 τοῦ
2323 1644 2524 1706 πάθους
2550 1642 2805 1705 ἀπέλυσε,
2842 1637 3208 1709 περιοδεύσας,
3324 1635 3597 1706 θελήσας;
3639 1634 3752 1696 Πῶς

2197 1739 2293 1808 τὴν
2315 1733 2712 1806 αἱμορῥοοῦσαν
2741 1733 2991 1800 γυναῖκα,
3027 1729 3360 1796 ναυαγοῦσαν
3412 1730 3478 1780 ἐκ
3528 1727 3627 1797 τῆς
3653 1725 3751 1776 τῶν

2196 1827 2441 1898 αἱμάτων
2469 1826 2658 1896 φορᾶς,
2707 1822 2799 1876 τοῦ
2845 1820 3111 1882 κλύδωνος
3154 1819 3412 1881 διέσωσες
3473 1817 3547 1868 Τδ
3592 1815 3750 1875 πάθος

2197 1919 2511 1990 ἐρευνήσας,
2539 1915 2571 1986 ἢ
2603 1917 2698 1985 τὴν
2732 1913 2911 1966 πίστιν
2942 1912 3314 1981 κατανοήσας;
3352 1911 3416 1961 Oi
3459 1910 3518 1962 δὲ
3554 1905 3750 1961 άντιλέο

2195 2028 2383 2080 γοντες
2421 2008 2683 2072 Ἰουδαῖοι,
2719 2007 2794 2070 ὼς
2822 2001 2956 2058 εἶδον
2984 2003 3144 2056 αὑτὸν
3177 2001 3525 2071 ἐπιμένοντα,
3575 1997 3751 2068 δριμύ-

2195 2119 2352 2173 τερον
2384 2099 2802 2170 κατεσχηκότες,
2832 2093 3011 2150 εἷλκον
3044 2095 3204 2148 αὑτὸν
3240 2091 3379 2163 μετὰ
3410 2092 3530 2160 βίας
3574 2092 3664 2143 ἐπὶ
3699 2089 3751 2140 τὸ

2195 2193 2518 2267 Φαρισαῖκδν
2548 2193 2845 2263 κριτήριον,
2869 2189 3114 2257 λέγοντες
3133 2187 3266 2256 πρὸς
3289 2184 3453 2237 αὐτόν
3473 2201 3487 2213 ·
3507 2183 3642 2235 Νυνί
3667 2198 3750 2234 σου

2195 2285 2292 2348 τὰς
2319 2284 2525 2355 σάρκας
2555 2278 2953 2347 καταξανθῆναι
2983 2274 3492 2347 παρασκευάσομεν,
3533 2272 3619 2323 ἵνα
3644 2271 3752 2322 δου-

2195 2375 2364 2435 λείαν,
2393 2375 2486 2426 καὶ
2516 2372 2589 2443 μὴ
2616 2367 2958 2423 διδασκαλίαν
2996 2365 3248 2436 μετέρχῃ.
3273 2363 3346 2415 Οὐ
3374 2362 3607 2430 σιωπᾷς,
3629 2358 3754 2412 ἀλλά

2196 2467 2258 2536 δή
2268 2466 2545 2536 μηγορεῖς,
2563 2462 2655 2515 καὶ
2671 2461 2746 2524 ὡς
2757 2459 2888 2512 Θεὸν
2907 2457 3065 2509 αὐτὸν
3086 2455 3257 2517 θέλεις
3275 2470 3348 2523 φη
3357 2451 3611 2522 μίξεσθαι
3628 2449 3752 2519 (79),

2197 2560 2399 2610 ἐκεῖνον
2429 2555 2518 2609 τὸν
2551 2555 2662 2608 υἱὸν
2683 2553 2775 2606 τοῦ
2818 2551 3048 2620 Ἰωσήφς
3084 2546 3215 2600 Ἀπὸ
3250 2545 3656 2615 συμϐεϐηκότος
3681 2560 3754 2594 τι-

2197 2647 2285 2709 νὸς
2337 2645 2654 2713 ἀνέϐλεψας,
2687 2645 2780 2696 καὶ
2804 2640 3139 2711 προσφωνείς
3164 2637 3314 2706 ἡμῖν,
3347 2635 3422 2697 ὠς
3443 2635 3509 2686 ἐκ
3541 2633 3751 2702 γενετῆς

2196 2737 2392 2805 τυφλὸς
2426 2736 2666 2804 ἐτέχθης,
2695 2735 2789 2787 καὶ
2835 2731 3057 2798 ἐπάγεις
3107 2729 3236 2798 ἡμῖν
3288 2727 3494 2778 ἐκεῖνον
3533 2726 3627 2777 τὸν
3668 2723 3752 2776 τοῦ

2196 2831 2443 2891 τέκτονος
2464 2829 2609 2892 υἱόν;
2633 2827 2705 2879 Οὑ
2738 2824 2968 2893 σιωπᾷς,
2995 2819 3130 2874 ἀλλά
3165 2817 3372 2889 μεγάλα
3416 2815 3575 2886 βοᾷςς
3619 2816 3675 2866 ’0
3701 2813 3752 2866 δὲ

2197 2919 2501 2990 ἀναϐλέψας
2534 2919 2666 2990 πρὸς
2695 2920 2818 2980 τοὺς
2839 2914 3212 2982 ἀντιλέγοντας
3238 2910 3442 2978 ἔλεγεν·
3475 2906 3539 2960 Εἰ
3579 2907 3640 2959 οὐ
3681 2904 3753 2956 θέ-

2197 3013 2316 3067 λετέ
2366 3029 2432 3084 με
2493 3011 2652 3082 βοᾷν,
2695 3011 2747 3062 τί
2801 3005 3122 3076 ἐπερωτᾶτέ
3151 3022 3218 3074 με
3279 3000 3530 3072 συχνῶς;
3575 2999 3751 3068 Ὑμεῖς

2199 3104 2421 3165 ἑαυτοὺς
2453 3099 2748 3172 θρυλλεῖτε,
2784 3097 2949 3166 κάμοὶ
2998 3095 3056 3148 τὸ
3101 3091 3350 3162 ἔγκλημα
3394 3088 3748 3160 προσάπτετε.

525 3187 900 3244 tradicentes:
930 3187 987 3242 Si
1039 3203 1122 3244 me
1174 3189 1410 3243 clamare
1459 3202 1566 3240 non
1596 3185 1798 3248 vultis.
1829 3185 1958 3254 quid
1988 3193 2094 3237 tam

2199 3196 2296 3258 ’Ὡς
2323 3169 2550 3262 φατε,ἐί
2580 3192 2644 3243 ὲκ
2675 3187 3078 3260 συμϐεϐηκότος
3098 3184 3243 3247 τινος
3268 3181 3562 3250 ἀνέϐλεψα,
3583 3179 3634 3232 τί
3659 3193 3749 3248 μου

526 3278 844 3346 frequenter
888 3279 1245 3333 seiscitamini
1269 3279 1293 3332 ?
1327 3277 1697 3347 Vosmetipsos
1726 3275 2016 3331 diﬂ‘amatis
2042 3284 2098 3330 et

2199 3286 2324 3348 τοὺς
2353 3285 2530 3352 γονεῖς
2557 3280 2970 3350 παρεστήσατε;
3001 3276 3202 3344 Μάτην,
3225 3269 3562 3341 θορυϐεῖσθε·
3599 3269 3656 3321 οὐ
3679 3265 3751 3318 δύ-

525 3367 662 3420 mibi
692 3368 907 3437 culpam
941 3369 1250 3424 ascribitis._
1281 3367 1452 3433 Si,.ut
1483 3367 1686 3430 dicitis,
1705 3383 1833 3422 casu
1862 3366 2098 3437 quodam

2199 3374 2361 3429 νασθε
2387 3371 2590 3446 κρύψαι
2627 3370 2688 3423 τὸ
2721 3367 2931 3438 θαῦμασ
2957 3366 3056 3418 κᾶν
3097 3365 3204 3435 γὰρ
3251 3361 3363 3430 ἐγὼ
3391 3362 3668 3430 σιωπήσω,
3706 3355 3748 3408 oi

521 3457 703 3513 visum
737 3459 944 3528 accepi,
975 3474 1072 3513 cur
1112 3467 1365 3530 parentes
1405 3474 1554 3514 meos
1602 3459 1916 3514 accivistis?
1964 3457 2098 3512 Fru-

2199 3467 2463 3538 όφθαλμοί
2495 3481 2595 3536 μου
2629 3461 2844 3532 βοῶσιν.
2877 3454 3192 3525 ’Ἄνθρωπός
3224 3471 3305 3516 τις
3333 3453 3626 3521 λεγόμενος
3661 3450 3750 3516 Ἰη-

524 3557 638 3606 stra
681 3552 868 3608 turbas
919 3551 1060 3607 datis
1095 3573 1110 3606 :
1151 3567 1259 3606 non
1301 3551 1528 3620 potestis
1571 3551 1822 3621 obtegere
1860 3550 2098 3604 miracu-

2202 3559 2348 3622 σοῦς,
2382 3552 2443 3611 οὗ
2495 3556 2588 3610 καὶ¹
2629 3553 2690 3605 τὸ
2730 3552 2898 3620 ὄνομα
2949 3547 3114 3608 ἴασις,
3151 3545 3320 3614 πηλὸν
3355 3541 3615 3612 ὲπέχρισέ
3660 3556 3748 3609 μου

525 3638 638 3694 lum
674 3660 685 3694 :
715 3642 816 3697 etsi
863 3643 1104 3697 siluerim
1135 3658 1255 3713 ego,
1287 3643 1525 3696 clamant
1575 3641 1716 3696 oculi
1748 3642 1870 3696 mei.
1923 3640 2098 3696 llomo

2199 3653 2308 3712 τοῖς
2329 3647 2641 3717 ὀφθαλμοῖς,
2665 3643 2758 3696 καὶ
2785 3637 2903 3694 εἶπέ
2931 3655 3019 3708 μοι
3039 3655 3052 3668 ο
3089 3655 3107 3686 ι
3145 3636 3363 3702 ’Ὕπαγε
3393 3633 3544 3702 νίψαι
3567 3634 3642 3694 εἰς
3665 3629 3750 3697 τὴν

524 3731 747 3801 quidam
786 3731 946 3806 Jesqs
983 3735 1238 3799 nomine,
1295 3734 1454 3802 cujus
1502 3748 1699 3787 nomen
1741 3741 1824 3787 est
1866 3732 2095 3796 curatio,

524 3823 641 3878 luto
669 3825 823 3878 unxit
854 3825 1044 3892 oculos
1078 3841 1246 3889 meos,
1282 3833 1337 3879 et
1366 3824 1503 3878 dixit
1532 3824 1700 3878 mihi:
1732 3843 1750 3873 ‹
1782 3822 1949 3886 Vade,
1979 3824 2097 3876 lava

526 3915 582 3969 in
613 3917 824 3985 piscina
851 3916 1053 3970 Siloam
1084 3917 1152 3971 ".
1186 3936 1204 3968 ι
1247 3915 1558 3985 Abieusque
1597 3915 1722 3980 lavi,
1760 3915 1902 3971 lotus
1923 3916 2097 3970 lutum

528 4005 778 4075 deposui,
813 4006 905 4060 sed
940 4007 1116 4061 visum
1149 4006 1350 4076 recepi.
1385 4010 1398 4029 '

602 4097 656 4150 8.
692 4094 790 4151 llis
823 4098 1022 4152 auditis
1056 4097 1355 4152 Pbarisaici
1382 4097 1618 4166 judices,
1663 4097 1976 4167 ingentique
2005 4111 2100 4150 co-

528 4196 665 4243 acta.
697 4189 854 4242 turba
880 4208 892 4242 :
920 4187 1217 4242 Sabbatum
1257 4189 1571 4254 enimerat,
1631 4204 1754 4243 cum
1789 4188 1892 4242 hoc
1935 4187 2101 4242 mira-

528 4273 716 4327 culum
751 4271 880 4327 l‘ecit
924 4273 1119 4341 Iesus;
1153 4275 1561 4345 interrogabant
1603 4291 1727 4331 eum
1764 4276 1951 4331 eadem
1981 4291 2101 4345 qua:

529 4363 703 4419 Judaei
730 4364 976 4420 dicentes
1013 4384 1027 4420 :
1055 4365 1230 4431 Nosti,
1263 4381 1295 4419 ο
1317 4365 1502 4440 homo.
1542 4381 1652 4436 quo
1698 4367 1926 4421 astesiu
1955 4367 2095 4430 loco,

2200 3737 2581 3809 κολυμϐήθραν
2629 3733 2722 3786 τοῦ
2751 3732 2991 3800 Σιλωάμ.
3069 3747 3088 3780 ι
3149 3726 3258 3780 Καὶ
3296 3724 3549 3778 ἀπελθὼν
3583 3721 3752 3790 ἐνιψάο

2203 3851 2312 3904 μην
2343 3830 2482 3899 (80)·
2513 3826 2828 3896 νιψάμενος,
2852 3823 2939 3876 τὸν
2973 3821 3068 3891 μὲν
3105 3817 3272 3889 πηλὸν
3292 3814 3599 3884 ἀπεθέμην,
3625 3813 3679 3863 τὸ
3701 3809 3752 3862 δὲ

2201 3923 2316 3993 φῶς
2353 3920 2638 3991 ἐδεξάμην.

2270 4099 2322 4151 8.
2346 4095 2530 4149 Ταῦτα
2547 4092 2877 4153 ἀκούσαντες
2892 4089 2940 4143 οἱ
2956 4085 3270 4158 Φαρισαῖκολ⁵
3285 4083 3492 4155 κριταὶ,
3510 4081 3602 4136 καὶ
3622 4077 3746 4147 πλή-

2200 4188 2323 4248 θους
2373 4185 2598 4255 ἀπείρου
2645 4177 3154 4251 συναθροιζομένου·
3205 4174 3474 4228 σάϐϐατον
3522 4171 3631 4243 γὰρ
3673 4165 3755 4238 ἦν,

2200 4281 2289 4333 ὅτε
2310 4278 2371 4330 τὸ
2401 4276 2586 4346 θαῦμα
2619 4273 2778 4326 τοῦτο
2809 4270 3108 4339 πεποίηκεν
3139 4268 3168 4318 ὁ
3210 4265 3436 4337 Ἰησοῦς·
3470 4261 3755 4335 ἐπηρώτων

2202 4369 2361 4424 αὐτὸν
2398 4368 2468 4421 τά
2507 4365 2648 4421 αὐτὰ
2698 4367 2808 4427 τοῖς
2844 4358 3407 4425 Ἰουδαίοιςλέγοντες·
3458 4354 3642 4420 Οἶδας,
3669 4353 3756 4406 ἄν·

527 4465 584 4511 et
615 4455 1010 4526 indeprecabile
1043 4456 1146 4512 hoc
1175 4458 1428 4512 tribunal.
1457 4473 1600 4521 esse,
1654 4473 1828 4528 neque
1856 4457 2097 4512 fraudem

2203 4460 2408 4532 θρωπε.
2431 4458 2568 4528 ποίῳ
2591 4457 2739 4526 τόπῳ
2760 4453 3129 4523 παρέστηκας,
3155 4450 3250 4503 καὶ
3275 4449 3355 4500 ὃτι
3382 4447 3755 4547 ἀσυγχώρητον

527 4545 621 4600 hic
649 4561 888 4616 unquam
919 4545 1088 4602 latere
1123 4561 1303 4617 posse.
1350 4546 1444 4600 Dic
1487 4547 1649 4602 nobis
1679 4547 1829 4600 omni
1873 4561 2098 4601 accura-

527 4638 679 4691 tione
711 4655 724 4691 :
770 4635 1053 4703 Quomodo
1082 4638 1259 4692 visum
1296 4637 1600 4706 accepisti?
1652 4636 1795 4702 Quid
1835 4637 1933 4691 tibi
1972 4635 2098 4692 fecit

528 4727 694 4784 homo
726 4729 816 4783 ille
843 4743 1003 4798 quem
1033 4727 1206 4784 dicis?
1235 4727 1373 4793 Tum
1405 4728 1496 4783 ille
1521 4727 1615 4798 qui
1655 4729 1830 4783 visum
1875 4742 2094 4796 accepe-

527 4829 616 4874 rat
660 4821 728 4876 ad
778 4821 1157 4878 Pharisaicum
1211 4822 1452 4876 tribunal
1495 4822 1814 4890 respondit:
1862 4819 2100 4886 Quomo-

529 4913 601 4966 do
652 4915 831 4969 visum
865 4915 1185 4984 receperim,
1245 4929 1462 4969 rursum
1506 4916 1724 4969 curiose
1776 4912 2100 4983 inquiritis?

529 5003 739 5059 Rursus
770 5011 830 5058 ut
866 5021 1018 5076 reum
1053 5021 1137 5059 me
1160 5002 2101 5070 examinatis,dieentes:Quomodo

530 5096 704 5147 visum
740 5095 1038 5166 recepisti?
1062 5097 1108 5150 si
1154 5097 1332 5150 dicam
1361 5097 1544 5163 vobis,
1579 5098 1774 5152 iterum
1810 5095 2097 5150 tumultum

529 5185 861 5240 excitabitis.
915 5185 1102 5240 Dicam
1149 5186 1304 5240 vobis
1347 5188 1620 5254 quomodo
1673 5187 1850 5242 visum
1882 5200 2102 5253 recepe—

533 5275 652 5327 rim.
695 5275 924 5330 Causam
955 5279 1172 5347 quidem
1205 5279 1505 5333 curationis
1546 5278 1746 5340 dicam,
1799 5277 1892 5333 sed
1945 5284 2099 5346 pote-

534 5374 724 5421 statem
754 5369 946 5423 edendi
971 5372 1226 5426 miracula
1263 5372 1444 5427 dicere
1485 5388 1730 5442 nequeo:
1763 5389 1780 5422 ι
1805 5369 1938 5436 Quis
1955 5368 2097 5424 enim

603 5519 646 5547 "
689 5517 828 5572 Psal.
866 5535 1023 5584 XX‘VI,
1062 5525 1111 5577 l.
1188 5525 1234 5555 "’
1272 5523 1428 5578 Joan.
1465 5539 1549 5587 ιχ,
1589 5523 1673 5574 ll.

755 5650 1004 5726 _SiC_li'l'g.
1029 5657 1103 5726 2.
1143 5658 1280 5710 Editi
1311 5674 1460 5719 vero,
1494 5657 1846 5726 ψηφίζεσθαι.

608 5718 720 5786 (80)
755 5719 826 5774 lla
857 5718 982 5791 ang".
1023 5725 1147 5786 1,2.
1188 5727 1322 5781 mm
1357 5718 1850 5796 νυνοζιλιῖιάμενος.

2199 4551 2262 4603 τὸ
2283 4549 2453 4622 παρὸν
2498 4549 2773 4621 κριτήριον
2803 4543 3080 4614 τυγχάνει,
3113 4540 3206 4592 καὶ
3246 4539 3321 4601 ὡς
3355 4539 3453 4590 οὐκ
3496 4537 3642 4588 ἐστιν
3682 4536 3758 4585 ἐν·

2199 4640 2372 4694 ταῦοα
2406 4640 2610 4709 πλάνην
2637 4638 2745 4709 (81)
2779 4635 3050 4690 διαλαθεῖν
3101 4648 3250 4686 ποτε.
3293 4629 3431 4697 Λέγε
3458 4631 3591 4698 ἡμῖν
3631 4622 3760 4698 μετὰ.

2201 4730 2382 4799 πάσης
2407 4728 2706 4800 ἀκριϐείαςο
2738 4726 2861 4788 Πῶς
2889 4721 3184 4790 ἀνέϐλεψας
3205 4736 3235 4783 ;_
3266 4718 3330 4770 Τί
3385 4734 3467 4770 σοι
3515 4718 3756 4784 ἐποίησεν

2201 4823 2403 4883 ἐκεῖνος
2433 4818 2790 4890 ὁάνθρωπος,
2811 4816 2868 4869 ὃν
2886 4815 3096 4881 λέγεις;
3125 4813 3182 4864 Ὀ
3204 4809 3282 4873 δὲ,
3307 4807 3612 4875 ἀναϐλέψας
3633 4805 3757 4874 πρὸς

2201 4914 2261 4964 τὸ
2286 4912 2614 4984 Φαρισαῖκὸν
2635 4909 2935 4980 κριτήριον,
2955 4904 3285 4974 ἁπεκρίνατο
3302 4918 3313 4927 ”
3334 4899 3458 4962 Πῶς
3477 4897 3755 4965 ἀνέϐλεψα,

2208 5005 2366 5057 πάλιν
2389 5000 2840 5075 περιεργάζεσθε;
2877 4997 3036 5050 πάλιν
3075 4995 3149 5057 ὼς
3172 4991 3460 5046 κατάδικον
3495 4987 3756 5042 εὐθύνετε,

2206 5095 2450 5163 λέγοντές
2476 5111 2587 5165 μοι·
2618 5093 2740 5155 Πῶς
2764 5089 3060 5159 ἀνέϐλεψας
3079 5105 3092 5151 ;
3112 5085 3234 5138 Ἐὰν
3265 5085 3394 5154 ὑμῖν
3428 5081 3584 5143 εἴπω,
3612 5079 3759 5131 πάλιν

2207 5186 2540 5256 θορυϐεῖσθε.
2587 5188 2658 5238 Τὸ
2701 5185 2814 5246 πῶς
2863 5180 3151 5248 ἀνέϐλεψα,
3191 5176 3300 5244 ἐγὼ
3346 5177 3474 5244 ὑμῖν
3505 5173 3630 5244 ἐρῶ.
3657 5169 3759 5238 Τήν

2210 5278 2306 5347 μὲν
2332 5279 2507 5330 αἰτίαν
2537 5277 2634 5346 τῆς
2671 5274 2942 5345 περιοδίας
2976 5271 3138 5338 λέγω,
3174 5268 3269 5337 τὴν
3298 5268 3355 5320 δὲ
3389 5265 3634 5329 ἐξουσίαν
3667 5259 3756 5326 τῆς

2207 5365 2662 5438 θαυματουργίας,
2697 5367 2794 5417 οὐκ
2821 5365 2926 5433 ἔχω
2959 5362 3154 5428 λέγειν·
3181 5379 3197 5409 ι
3225 5358 3320 5420 Τίς
3349 5356 3457 5426 γὰρ
3485 5355 3620 5420 ἔγνω
3645 5347 3756 5403 νοῦν

2278 5654 2390 5723 (81)
2428 5653 2558 5725 Reg.
2587 5655 2636 5719 1,
2676 5653 2888 5706 πλάνον.
2924 5650 3051 5720 Reg.
3089 5650 3142 5713 ‘2,
3179 5647 3367 5718 πλάνῃ.
