4022 6382
276 314 418 370 1015

1266 314 1555 374 HOMILIA
1597 316 1667 375 IN
1705 316 1967 375 CA‘ICL'M
2008 319 2053 372 Α
2092 317 2534 373 ΝΔΪΗῚΤΑΤΕ.

3381 316 3519 375 18ίό

271 429 481 502 Κυρίου
506 446 522 495 ;
546 428 581 499 ἢ
613 428 698 492 τίς
726 426 1022 499 ξύμϐουλος
1041 428 1204 483 αὐτοῦ
1232 430 1483 499 ἐγένετο;
1528 429 1562 500 ἢ
1587 430 1669 493 τίς
1711 446 1843 503 προ-

1958 434 2196 502 :Ognovit
2255 448 2489 489 sensum
2525 429 2801 487 Domini}
2838 441 2930 487 aut
2958 455 2964 473 ν
2993 433 3141 504 quis-
3176 433 3522 490 consiliarius

273 524 477 577 έδωκεν
504 521 674 592 αὐτῷ,
728 521 822 573 καὶ
848 520 947 574 οὐκ
982 519 1473 593 ἀνταποδοθήσεται
1517 521 1694 593 αύτῷ;
1730 540 1749 574 ι
1780 522 1844 574 Ei

273 615 461 669 θέλετε
515 612 706 685 μαθεῖν
754 611 849 684 τήν
903 612 1198 683 περιοδίαν,
1248 612 1383 685 αῦτη
1417 614 1585 679 ἐστὶν,
1632 612 1699 685 ἢν
1742 613 1844 685 ήδη

276 710 557 779 προεῖπον·
597 724 616 758 ι
658 705 834 778 Πηλὸν
862 703 1108 777 ἐποίησε,
1143 706 1236 760 καὶ
1275 705 1531 777 ὲπέχρισέ
1574 723 1676 777 μου
1721 708 1845 771 τοὺς

273 797 618 868 ὀφθαλμούς”
646 799 739 851 καὶ
771 793 895 849 εἶπέ
931 813 1052 869 μοι·
1082 799 1300 868 ’Ὑπαγε
1332 797 1479 868 νίψαι
1517 801 1597 860 εἰς
1622 798 1722 870 τὴν
1752 816 1845 852 κο-

273 888 600 962 λυμϐήθραν
637 887 731 942 τοῦ
777 889 1015 959 Σιλωάμ.
1056 890 1318 961 Ἀπῆλθον
1340 890 1416 955 δὲ,
1441 891 1536 945 καὶ
1556 890 1844 962 ἐνιψάμην,

275 982 371 1035 καὶ
402 980 603 1044 εὐθέως
630 979 899 1049 ἀνέϐλεψα
916 998 929 1011 °
960 1001 979 1033 ι
1005 981 1188 1036 ού.τοῦ
1213 981 1401 1045 ὓδατος
1432 982 1844 1053 ἐνεργήσαντος,

272 1073 411 1129 ἀλλά
431 1073 523 1127 τοῦ
558 1072 872 1143 πτύσματος
901 1074 1493 1147 παραδοξοποιήσαντος
1511 1074 1643 1147 (82).
1666 1073 1848 1128 Ταῦτα

274 1166 610 1230 ἀκούσαντες
658 1168 709 1220 oi
749 1167 1065 1238 Φαρισαῖκοὶ
1107 1169 1293 1239 κριταὶ
1315 1208 1330 1233 ,
1387 1168 1463 1232 ὼς
1504 1162 1645 1221 εἶδον
1686 1167 1847 1220 αὐτὸν

276 1251 359 1311 ﬁt
390 1258 721 1329 ἐπιμένοντα
752 1262 863 1322 τοῖς
884 1259 1086 1323 αὐτοῖς,
1115 1258 1301 1312 τοῦτον
1321 1259 1700 1331 ἀπωσάμενοι,
1722 1259 1848 1322 τοὺς

277 1352 458 1419 γονεῖς
486 1351 581 1404 τοῦ
615 1350 1013 1421 ἀναϐλέψαντος
1033 1350 1344 1422 ἐφώνησαν,
1368 1353 1463 1406 καὶ
1492 1352 1849 1407 ἐπυνθάνοντο

278 1443 411 1512 παρ’
444 1441 624 1495 αὐτῶν
654 1441 903 1512 λέγοντες
922 1460 936 1473 ·
977 1462 994 1495 ι
1032 1444 1235 1497 Εῖπατε
1255 1444 1388 1512 ἡμῖν
1411 1460 1423 1472 ·
1457 1436 1610 1505 οὗτός
1638 1443 1785 1496 ἐστιν
1819 1444 1848 1496 ὁ

279 1532 405 1594 Υἱὸς
434 1531 610 1602 ὑμῶν,
642 1531 702 1586 ὃν
732 1532 968 1602 λέγεται,
1008 1533 1089 1586 ὅτι
1124 1532 1324 1603 τυφλὸς
1378 1532 1674 1605 ἐγεννήθη;
1724 1532 1849 1596 Πῶς

277 1616 373 1675 οῦν
404 1621 530 1694 ἄρτι
560 1622 781 1693 βλέπεις
828 1642 847 1675 ι
899 1624 962 1677 Oi
995 1624 1053 1677 δὲ
1084 1626 1259 1693 γονεῖς
1302 1622 1396 1677 τοῦ
1451 1622 1849 1693 ἀναϐλέψαντος

280 1714 772 1785 ἀνταποκριθέντες
811 1716 946 1788 πρὸς
984 1715 1107 1777 τοὺς
1137 1715 1545 1786 ἐπερωτῶντας,
1589 1710 1741 1769 εἷπον
1780 1714 1850 1768 τά

1946 523 2066 594 ejus
2104 524 2243 577 fuit?
2271 532 2363 578 aut
2388 523 2510 594 quis
2539 524 2688 594 prior
2717 522 2866 579 dedit
2899 522 2974 578 illi
3015 532 3070 578 et
3108 539 3215 579 non
3254 523 3523 580 retribue-

1947 622 2037 673 tur
2067 615 2118 670 ei
2153 615 2237 669 ⁷³⁸2
2287 634 2306 667 ι
2365 613 2421 669 Si
2458 614 2671 671 discere
2706 615 2872 671 vultis
2893 614 3190 669 curationis
3218 614 3523 678 seriem,ea

1946 713 2030 762 est
2055 721 2219 777 quam
2249 707 2410 761 modo
2439 706 2553 761 dixi
2585 726 2598 761 :
2640 723 2659 758 ι
2691 705 2891 761 Lutum
2928 706 3077 770 fecit,
3109 713 3174 760 et'
3208 706 3364 760 unxit
3389 720 3525 761 oeu-

1947 796 2030 853 los
2077 812 2262 862 meos;
2296 803 2350 851 et
2386 795 2524 851 dixit
2560 797 2693 851 mihi
2725 817 2737 852 :
2772 796 2922 854 Vade
2957 798 3026 853 ad
3060 798 3224 869 370
3251 796 3523 852 natatoria

1950 885 2111 943 Siloae
2161 894 2216 943 et
2259 888 2377 941 lava
2421 907 2433 941 :
2480 888 2589 942 abii
2635 895 2815 943 autem
2865 900 2919 944 et
2974 889 3101 952 lavi,
3156 896 3211 943 et
3262 888 3523 943 continuo

1946 980 2123 1036 visum
2145 981 2325 1051 recepi
2347 980 2414 1045 ⁷⁸,
2444 999 2463 1031 ι
2489 996 2595 1035 non
2623 994 2780 1051 aqua:
2815 981 2888 1046 vi,
2922 984 3016 1037 sed
3048 982 3194 1051 sputi
3232 980 3521 1036 miraculo.

1950 1069 2078 1129 Hanc
2106 1069 2542 1149 eumaudissent
2571 1069 2873 1126 Pharisaici
2899 1071 3138 1141 judices,
3178 1081 3238 1126 ut
3271 1072 3525 1128 viderunt

1947 1176 2071 1216 eum
2117 1161 2296 1216 adhuc
2338 1162 2395 1216 in
2438 1160 2602 1217 dictis
2651 1162 2768 1218 suis
2804 1171 3265 1233 perseverantem,
3314 1162 3528 1233 abjecto

1949 1253 2064 1320 illo,
2105 1262 2360 1323 parentes
2396 1254 2520 1325 ejus
2550 1255 2640 1311 cui
2678 1254 2831 1311 visus
2865 1254 3110 1311 redditus
3141 1255 3318 1310 fuerat
3353 1255 3493 1310 advo
3514 1282 3527 1296 -

1946 1353 2171 1410 carunt,
2218 1353 2278 1401 et
2314 1347 2781 1416 percontabantur
2816 1363 2883 1402 ex
2928 1348 3036 1405 iis:
3069 1347 3275 1405 tDieiIe
3322 1350 3525 1405 nobis:

1946 1438 2160 1494 hiccine
2196 1439 2343 1496 filius
2375 1450 2554 1496 vester
2586 1447 2691 1506 est,
2722 1456 2884 1511 quem
2912 1456 3017 1498 vos
3039 1441 3242 1508 dicitis,
3274 1444 3403 1514 quia
3431 1458 3532 1499 cai-

1948 1549 2047 1590 cus
2079 1541 2244 1589 natus
2274 1535 2401 1590 est?
2432 1533 2717 1603 Quomodo
2742 1551 2876 1607 ergo
2902 1551 3050 1593 nunc
3077 1538 3225 1593 videt
3239 1539 3329 1592 7'?
3366 1558 3388 1591 ι
3426 1538 3529 1595 Pa-

1949 1635 2132 1682 rentes
2157 1641 2325 1696 porro
2347 1626 2468 1697 ejus
2495 1628 2588 1697 qui
2629 1628 2809 1684 visum
2847 1637 3149 1700 receperat,
3197 1631 3532 1686 sciscitanti-

1951 1719 2056 1777 bus
2081 1719 2496 1790 respondentes,
2517 1720 2697 1776 verbis
2723 1720 2806 1776 usi
2833 1729 2960 1778 sunt
2979 1722 3151 1777 beatae
3174 1720 3439 1780 Susanna:
3452 1723 3526 1778 ἠε

278 1809 379 1878 τῆς
409 1809 684 1880 μακαρίας
716 1809 1049 1880 Σουσάννης’
1068 1807 1236 1862 Στενὰ
1268 1809 1398 1879 ἡμῖν
1427 1807 1709 1861 πάντοθεν.
1728 1807 1851 1861 Έάν

1958 1789 2236 1883 AlguStiae
2263 1810 2424 1866 nobis
2455 1810 2730 1882 undique;
2769 1812 2818 1868 si
2853 1812 3156 1870 dixerimus
3190 1833 3207 1868 :
3239 1814 3382 1870 ﬁlius
3432 1830 3532 1871 no-

278 1898 527 1970 εῖτεωμεν
552 1900 633 1954 ὅτι
663 1899 790 1963 Υἱὸς
820 1899 975 1970 ήμῶν
998 1902 1166 1963 ἐστιν,
1214 1900 1314 1954 ούκ
1344 1898 1719 1969 ἐκφευξόμεθα
1754 1898 1854 1962 τὰς

278 1993 473 2064 χεῖρας
495 1991 525 2045 ύ
534 1992 647 2063 μῶν
662 2009 676 2023 ⁸
701 1991 859 2046 τοῦτο
881 1992 989 2063 γὰρ
1012 1991 1411 2061 ἐπηγγείλασθε
1431 2005 1446 2019 ⁸
1485 1991 1579 2045 ἐὰν
1603 1991 1660 2045 δὲ
1696 1990 1853 2044 εἴπω-

280 2099 406 2153 μεν,
437 2082 521 2137 ὅτι
544 2082 644 2136 οὐκ
676 2081 821 2136 ἐστιν
847 2083 962 2147 υίὸς
996 2083 1172 2154 ήμῶν,
1201 2082 1423 2136 αἰωνίαν
1465 2082 1682 2135 κόλασιν
1722 2082 1847 2135 ύπο-

281 2174 597 2247 στησόμεθα
616 2193 630 2206 ·
678 2175 838 2229 τοῦτο
866 2176 981 2248 γάρ
1012 2176 1299 2229 ἀπόκειται
1330 2178 1443 2238 τοῖς
1468 2175 1567 2247 τὴν
1597 2172 1854 2246 ἀλήθειαν

280 2267 611 2339 κρύπτουσι.
643 2268 753 2335 Διὸ,
785 2268 885 2340 τὴν
910 2268 1136 2322 αἰωνίαν
1169 2267 1368 2338 μᾶλλον
1421 2268 1642 2321 κόλασιν
1669 2283 1853 2338 προτι-

282 2360 579 2431 μήσαντες,
593 2359 846 2413 τοσοῦτον
867 2359 1121 2432 ἐροῦμεν,
1141 2362 1264 2413 ὅσον
1287 2360 1381 2413 καὶ
1400 2361 1458 2412 ἐν
1474 2362 1598 2423 τοῖς
1623 2358 1854 2432 παροῦσι

279 2449 486 2521 ζημίαν
529 2452 630 2521 οὐχ
664 2450 1064 2523 ὑπομείνωμεν·
1094 2445 1303 2515 ιΟῦτος
1333 2453 1362 2505 ό
1399 2455 1548 2519 παῖς,
1578 2446 1623 2506 ὦ
1662 2452 1857 2524 ἄρχον-

278 2558 392 2605 τες,
419 2543 517 2596 ὅτι.
546 2543 645 2613 μὲν
690 2542 805 2606 υίὸς
842 2543 998 2613 ἡμῶν
1027 2545 1195 2607 ἐστιν,
1229 2543 1405 2614 ἴσμεν,
1439 2545 1532 2598 καὶ
1558 2544 1643 2597 ὅτι
1659 2544 1856 2614 τυφλὸς

278 2636 547 2709 ἐγεννήθη
566 2638 665 2690 οὐκ
698 2637 998 2707 ἀγνοοῦμεν
1019 2653 1034 2665 ο
1070 2637 1129 2690 τὸ
1168 2636 1226 2690 δὲ
1252 2637 1368 2701 πῶς
1397 2637 1717 2708 ἀνέϐλεψεν,
1756 2639 1855 2694 ούκ

277 2727 503 2799 οἴδαμεν
526 2747 540 2760 ·
570 2729 603 2799 ἢ
632 2728 714 2793 τίς
741 2729 948 2799 ήνοιξεν
973 2728 1137 2783 αὐτοῦ
1179 2730 1306 2793 τοὺς
1336 2729 1669 2799 ὀφθαλμοὺς,
1692 2731 1856 2801 ἡμεῖς

280 2821 382 2875 ούκ
405 2821 649 2892 οἴδαμεν.
686 2821 929 2875 Ἡλικίαν
956 2820 1088 2892 ἔχει,
1120 2822 1282 2876 αὑτὸν
1324 2824 1855 2895 ἐρωτήσατε,.αύτὸς

276 2911 508 2984 λαλήσει
534 2914 662 2986 περὶ
696 2913 911 2968 ἐαυτοῦ.
955 2932 974 2966 ι

350 3007 405 3061 9.
430 3005 619 3060 Ταῦτα
642 3006 974 3071 ἀκούσαντες
993 3007 1368 3079 οἱ.Φαρισαῖοι,
1398 3007 1489 3061 καὶ
1518 3006 1722 3078 σφόδρα
1744 3006 1887 3073 δια-,

1955 1910 2073 1960 ster
2091 1911 2196 1967 est,
2214 1916 2324 1957 non
2351 1900 2670 1974 effugiemus
2698 1918 2893 1960 manus
2920 1911 3159 1973 vestras;
3178 1904 3230 1960 id
3252 1905 3365 1975 jam
3383 1906 3534 1961 enim

1954 1994 2269 2050 cumminati
2298 1992 2472 2059 estis;
2508 1994 2605 2050 sin.
2628 1993 2951 2061 dixerimus,
2980 2010 3090 2050 non
3133 2005 3220 2052 est
3249 1996 3392 2053 ﬁlius
3434 2012 3534 2052 no-

1955 2092 2087 2152 ster,
2104 2100 2321 2157 pinnam
2349 2087 2567 2143 luemus
2586 2093 2872 2151 aeternam,
2890 2102 3011 2157 quae
3038 2088 3321 2143 veritatem
3348 2089 3535 2145 occul-

1954 2178 2201 2234 tantibus
2229 2177 2607 2249 reposita-est.
2636 2175 2817 2243 Quare
2836 2192 3061 2248 .pmnam
3110 2192 3234 2232 eum
3266 2185 3534 2249 praeopte-

1953 2283 2077 2324 mus
2104 2274 2387 2336 aeternam,
2415 2276 2625 2322 tantum
2652 2268 3124 2338 respondebimus,
3155 2276 3415 2338 quantum
3443 2282 3535 2325 sa-

1958 2360 2032 2415 tis
2081 2359 2185 2415 erit-
2242 2368 2305 2413 ut
2365 2358 2855 2429 impresentiarum
2913 2373 3128 2429 pennam
3160 2360 3530 2430 eﬂ‘ugiamus:

1961 2450 2264 2516 «Scimus,
2323 2465 2358 2505 o
2410 2448 2722 2521 principes,
2779 2451 2909 2521 quia
2970 2452 3059 2506 hic
3106 2459 3192 2507 est
3248 2452 3391 2507 ﬁlius
3433 2467 3537 2507 no-

1957 2552 2091 2608 ster,
2121 2550 2183 2600 et
2201 2544 2329 2614 quia
2352 2558 2531 2599 caecus
2569 2550 2730 2600 natus
2751 2551 2836 2600 est
2866 2559 2973 2599 non
3005 2544 3353 2614 ignoramus;
3400 2560 3539 2615 quo-

1955 2636 2117 2692 modo
2146 2646 2324 2691 autem
2364 2651 2511 2692 nunc
2542 2635 2737 2701 videat,
2784 2637 3062 2692 nescimus
3095 2656 3108 2691 :
3146 2646 3240 2691 aut
3265 2638 3390 2707 quis
3415 2637 3536 2706 ejus

1957 2729 2165 2799 aperuit
2208 2729 2419 2793 oculos,
2468 2742 2568 2783 nos
2598 2728 2893 2783 nescimus.
2951 2731 3132 2802 Ipsum
3180 2729 3535 2801 interrogate,

1954 2828 2168 2876 aetatem
2199 2820 2381 2886 habet,
2417 2820 2533 2891 ipse
2555 2819 2623 2875 de
2651 2835 2710 2875 sc
2739 2820 2989 2890 loquetur
3012 2821 3111 2872 ⁷⁷.»

2028 3000 2081 3054 9.
2122 2998 2220 3056 His
2258 2998 2517 3056 Pharisaei
2547 3000 2766 3066 auditis,
2801 3015 2865 3056 ac
2894 2999 3122 3055 multum
3162 3000 3348 3055 anxii:
3392 3000 3536 3056 haud

283 3096 644 3168 πορούμενοιο
692 3097 963 3169 ἐπέφερεν
994 3098 1103 3170 γὰρ
1124 3099 1324 3162 ἀὐτοῖς
1352 3099 1413 3152 οὐ
1455 3098 1553 3169 τὴν
1590 3098 1856 3169 τυχοῦσαν

1959 3091 2231 3147 modicum
2281 3092 2426 3147 enim
2476 3092 2585 3148 illis
2628 3094 2890 3163 pudorem
2924 3092 3201 3155 attulerat,
3260 3091 3538 3161 quod-vel

281 3188 544 3261 αἰσχύνην
566 3189 627 3243 τὸ
661 3188 801 3254 ὅλως
821 3189 1219 3261 ὁμολογεῖσθαι,
1245 3192 1325 3244 ὅτι
1356 3190 1469 3252 υἱὸς
1515 3190 1691 3243 αὐτῶν
1719 3191 1856 3256 ἐστι,

284 3285 378 3336 καὶ
409 3283 493 3335 ὅτι
517 3282 718 3352 τυφλὸς
744 3281 1006 3353 ἐγεννήθη
1026 3298 1041 3312 ·
1074 3282 1154 3346 ὡς
1178 3276 1272 3335 οὖν
1302 3278 1442 3336 εἶδον
1461 3282 1511 3333 οἱ
1538 3282 1860 3347 Φαρισαῖκοὶ

284 3362 470 3447 κριταὶ
505 3374 861 3445 ἐπιμένοντας
887 3374 1014 3436 τοὺς
1055 3375 1230 3441 γονεῖς
1265 3371 1360 3425 τοῦ
1399 3370 1624 3441 τυφλοῦ,
1650 3372 1744 3423 καὶ⁵
1774 3369 1861 3422 λέ-

283 3482 503 3534 γοντας,
536 3466 619 3519 ὃτι
660 3459 828 3529 Οὗτος
855 3467 883 3517 ό
909 3464 1025 3527 υίὸς
1049 3463 1207 3535 ήμῶν
1247 3464 1386 3527 ἐστι,
1425 3464 1521 3517 καὶ
1547 3463 1630 3516 ὅτι
1661 3461 1861 3531 τυφλὸς

284 3557 573 3629 ἐγεννήθη,
609 3557 704 3609 ἐπὶ
734 3555 907 3627 τούτῳ
934 3554 1274 3625 δακνόμενοι,
1315 3548 1502 3625 ἐπειδὴ
1530 3553 1862 3625 ὡμολογεῖτο

283 3650 320 3719 ἡ
355 3649 607 3720 ἀλήθεια,
653 3647 807 3712 τινὰς
845 3647 953 3702 τῶν
997 3646 1326 3701 ἀπατεώνων
1369 3647 1436 3699 ἐκ
1479 3645 1588 3698 τῶν
1638 3644 1861 3700 ὄπισθεν

284 3740 612 3796 ἀπέστειλαν
647 3739 783 3810 πρὸς
805 3741 931 3803 τοὺς
956 3741 1135 3809 γονεῖς
1163 3737 1257 3793 τοῦ
1282 3736 1506 3809 τυφλοῦ,
1537 3738 1863 3811 περιηχοῦν-

282 3852 383 3898 τας
416 3832 597 3886 αὐτῶν
626 3831 727 3895 τάς
758 3832 948 3895 ἀκοὰς,
973 3834 1067 3886 καὶ
1097 3833 1156 3885 ὲν
1202 3829 1281 3902 τῷ
1312 3825 1541 3904 κρυπτῷ
1566 3830 1821 3900 λέγοντας
1844 3850 1859 3865 ο

298 3925 635 3997 Ἀρνήσασθε
676 3924 739 3977 τὸ
777 3924 967 3978 τέκνον
1008 3923 1185 3995 ὑμῶν,
1225 3923 1321 3977 καὶ
1362 3924 1437 3997 μὴ
1465 3924 1859 3998 ὁμολογήσητε,

288 4017 594 4087 ἅιτυφλὸς
622 4016 908 4087 ἐγεννήθη,
938 4017 1086 4081 ὃπως
1109 4015 1273 4090 ἓξητε
1307 4018 1434 4083 τοὺς
1466 4018 1732 4090 ἄρχοντας
1776 4018 1864 4087 φί-

288 4120 431 4175 λους,
457 4110 552 4164 καὶ
578 4108 790 4163 πολλῶν
827 4108 1045 4181 δωρεῶν
1082 4108 1475 4182 ἀξιωθήσεσθε.
1514 4110 1576 4163 Oi
1604 4109 1662 4163 δὲ
1688 4113 1864 4180 γονεῖς

289 4202 382 4257 τοῦ
409 4201 836 4271 ἀναϐλέψαντος,
861 4203 961 4256 ὅσα
988 4218 1047 4255 τε
1076 4204 1272 4271 γονεῖς,
1293 4200 1618 4272 δακρύοντες
1640 4201 1866 4274 ἀπεκρίι

289 4312 449 4350 ναντο
475 4294 613 4366 πρὸς
639 4294 765 4358 τοὺς
801 4293 873 4349 τά
906 4294 1110 4356 μάταια
1138 4293 1606 4366 συμϐουλεύοντας
1630 4314 1644 4326 ·
1680 4295 1745 4348 Τί
1778 4294 1864 4349 λέ·-

289 4402 437 4454 γετε,
465 4379 513 4440 ὦ
545 4384 851 4457 ἀνθρωποι;
874 4384 940 4436 Τί
961 4384 1109 4455 ἡμᾶς
1136 4382 1470 4455 ὑποσύρετες
1500 4381 1863 4454 ἀρνησώμεθα

1960 3182 2203 3239 confessi
2230 3193 2437 3248 essent,
2468 3185 2649 3253 ipsum
2680 3183 2849 3238 ﬁlium
2877 3198 3003 3240 esse
3032 3199 3216 3248 suum,
3246 3191 3410 3253 atque
3438 3198 3540 3238 eae-

1959 3289 2084 3330 cum
2123 3282 2311 3329 natum
2340 3274 2549 3331 fuisse:
2589 3291 2712 3330 cum
2738 3275 2986 3331 viderent
3024 3275 3209 3345 itaque
3233 3273 3540 3332 Pharisaici

1954 3365 2169 3436 judices
2201 3382 2549 3437 perseverare
2574 3368 2703 3422 caeci
2735 3375 3008 3438 parentes,
3037 3382 3106 3422 ac
3131 3368 3333 3433 dicere,
3362 3367 3537 3424 Filius

1960 3464 2149 3512 noster
2197 3466 2302 3524 est,
2356 3471 2422 3512 ac
2480 3472 2659 3513 caecus
2704 3466 2909 3513 natus:
2939 3472 3005 3513 eo
3044 3457 3364 3514 diserueiati
3392 3457 3537 3529 quod

1961 3547 2164 3603 veritas
2194 3547 2250 3602 in
2277 3547 2532 3604 confesso
2546 3557 2713 3613 esset,
2736 3549 3064 3618 impostoaes
3078 3548 3345 3617 quosdam
3367 3549 3541 3605 clien-

1962 3647 2046 3695 tes
2088 3652 2220 3693 suos
2255 3637 2524 3694 miserunt
2566 3639 2662 3697 ad:
2691 3645 2948 3708 parentes
2984 3637 3153 3701 casei,
3219 3637 3313 3707 qui
3345 3651 3539 3692 eorum

1963 3730 2194 3786 auribus
2233 3730 2667 3794 insusurrareut,
2719 3739 2882 3800 atque
2922 3730 3061 3783 clam
3096 3728 3385 3785 dicerent:
3429 3729 3542 3784 Ab-

1961 3831 2159 3895 uegate
2209 3822 2383 3877 lilium
2409 3828 2675 3888 vestrum,
2704 3835 2807 3877 nec
2847 3820 3124 3878 fateamini
3165 3835 3369 3876 caecum
3416 3835 3541 3878 esse

1963 3924 2178 3980 natum,
2210 3913 2453 3969 ubvobis
2487 3912 2763 3983 principes
2805 3911 2916 3967 sint
2955 3911 3154 3977 amici;
3190 3921 3354 3982 atque
3395 3911 3541 3966 mul-

1963 4008 2037 4064 tis
2080 4006 2361 4062 donemini
2390 4006 2736 4062 muneribus.
2784 4003 3046 4060 Parentes
3071 4013 3252 4060 autem
3280 4004 3401 4074 ejus
3445 4005 3539 4075 qui

1962 4098 2143 4155 visum
2179 4105 2484 4169 receperat,
2525 4106 2717 4169 utpote
2768 4106 3045 4168 parentes,
3105 4111 3231 4150 cum
3283 4096 3540 4168 lacrymis

1964 4191 2585 4263 responderuutvanis.
2612 4191 2721 4247 illis
2769 4191 3214 4248 consiliatoribus
3242 4209 3254 4244 :
3286 4188 3425 4256 Quid
3455 4189 3540 4245 di—

1963 4285 2108 4349 citis,
2148 4300 2182 4339 ο
2214 4284 2507 4342 homines?
2531 4283 2671 4351 Quid
2712 4299 2813 4339 nos
2853 4282 3205 4340 subornatis?
3233 4281 3541 4352 propriumo

1964 4392 2035 4432 ne
2065 4375 2243 4431 lilium
2265 4375 2700 4447 abnegabimus?
2752 4373 2905 4430 Feris
2928 4389 3029 4430 nos
3058 4372 3391 4429 crudeliores
3419 4386 3542 4429 csse

295 4477 350 4531 τὸ
378 4477 510 4530 ἴδιον
543 4476 701 4548 ἡμῶν
733 4476 951 4541 τέκνον;
991 4475 1207 4546 Θηρίων
1239 4476 1388 4546 ἡμᾶς
1425 4474 1737 4547 ὠμοτέρους
1773 4474 1856 4528 θέ-

1969 4469 2157 4524 vultis.
2218 4467 2396 4523 Draco
2423 4467 2630 4539 prolem
2675 4481 2830 4522 suam
2872 4464 3273 4535 complectitur,
3333 4477 3543 4534 nosque

292 4576 410 4622 λετε
434 4564 596 4623 εἶναι.
628 4568 856 4641 Δράκων
883 4566 953 4621 τά
980 4567 1084 4622 ἴδια
1105 4568 1267 4621 τέκνα
1295 4567 1747 4639 περιπτύσσεται,
1771 4568 1866 4623 καὶ

294 4663 452 4732 ήμεῖς
489 4660 553 4714 τὸ
592 4660 722 4713 ἴδιον
762 4659 949 4713 τέκνον
998 4657 1402 4730 ἀρνησώμεθα;
1440 4658 1515 4731 μὴ
1565 4659 1676 4731 γάρ
1707 4659 1866 4728 ἠπεί-

292 4749 424 4823 θησε
470 4752 581 4813 τοῖς
609 4748 825 4816 γονεῦσί
848 4764 993 4803 ποτε·
1030 4746 1163 4802 ἀλλά
1202 4748 1298 4804 καὶ
1327 4748 1526 4817 τυφλὸς
1558 4747 1634 4802 ὢν
1661 4748 1865 4820 διέτρε-

289 4860 387 4916 φεν
411 4843 580 4915 ἡμᾶς,
605 4842 700 4895 καὶ
732 4840 1039 4909 ἀναϐλέψας
1063 4837 1241 4909 πολλῷ
1272 4840 1469 4910 μᾶλλον
1489 4839 1862 4911 γηροκομήσει

292 4935 457 5006 ἡμᾶς.
510 4931 809 5003 ’Δρκείσθω
838 4926 930 4986 οὖν
956 4931 1117 5001 ὑμῖν·
1152 4930 1312 4995 ἔστω,
1340 4931 1420 4984 ὅτι
1452 4930 1512 4983 ού
1547 4929 1770 5002 θέλομεν
1797 4931 1864 4984 δι’

293 5032 434 5102 ὑμᾶς
467 5028 760 5101 κηρύττειν
805 5027 894 5082 τὸν
927 5026 1351 5098 περιοδεύσαντα
1391 5024 1454 5077 τὸ
1484 5023 1751 5094 ἡμέτερον
1777 5021 1863 5075 τέ-

294 5140 436 5186 κνον,
468 5120 593 5173 οὔτε
620 5121 793 5173 εἰπεῖν
837 5117 972 5188 μετά
1003 5115 1336 5189 παρρησίας,
1376 5114 1459 5176 τίς
1500 5116 1649 5167 ἐστιν
1687 5107 1861 5175 οὗτος.

1968 4561 2249 4633 proprium
2279 4560 2600 4632 negabimus
2645 4558 2855 4613 ﬁlium?
2905 4557 3190 4627 Nunquam
3227 4555 3541 4625 parentibus

1965 4648 2352 4720 immorigerus
2381 4647 2484 4702 fuit
2508 4664 2524 4714 ;
2553 4646 2648 4702 sed
2699 4661 2879 4703 caecus
2916 4660 3040 4700 cum
3069 4651 3217 4699 esset
3243 4658 3347 4700 uos
3373 4643 3538 4707 aluit;

1963 4747 2285 4809 postquam,
2319 4738 2499 4793 visum
2580 4736 2819 4806 recepit,
2895 4735 3077 4801 ,multo
3140 4735 3314 4806 magis
3382 4749 3541 4790 sene-

1965 4837 2169 4886 ctutem
2202 4829 2405 4885 fovebit
2432 4838 2697 4885 nostram.
2718 4827 2862 4883 Satis
2887 4828 3069 4898 itaque
3098 4827 3172 4882 sit
3200 4826 3374 4888 vobis,
3394 4828 3540 4895 quod

1963 4931 2205 4979 vestrum
2258 4922 2431 4993 gratia
2485 4922 2724 4979 nolimus
2748 4936 2873 4977 eum
2916 4920 3211 4990 praedicare
3236 4918 3330 4989 qui
3370 4918 3539 4973 ﬁlium

1970 5021 2222 5069 nostrum
2257 5011 2491 5074 curavit,
2536 5026 2714 5081 neque
2744 5026 2869 5066 cum
2908 5008 3105 5064 ﬁducia
3132 5008 3337 5073 dicere,
3388 5005 3542 5076 quis-

1965 5122 2092 5163 nam
2130 5107 2222 5162 ille
2247 5107 2337 5161 sit.
2371 5105 2488 5159 Erit
2519 5104 2750 5160 fortasse
2773 5102 3042 5174 quispiam
3070 5100 3164 5171 qui
3192 5099 3338 5154 dicat
3375 5117 3388 5152 :
3422 5096 3543 5152 Un-

294 5215 448 5268 Ἕστι
486 5214 544 5266 δὲ
579 5214 752 5265 εἰπεῖν
782 5187 903 5266 τινα
919 5187 1136 5271 πάντως
1154 5224 1167 5238 ο
1197 5208 1307 5261 Καὶ
1336 5204 1497 5259 πόθεν
1515 5205 1699 5275 ἡμῖνὴ
1727 5203 1856 5273 γνῶτ

1970 5200 2039 5257 de
2079 5198 2239 5253 nobis
2266 5197 2479 5267 liquet,
2514 5208 2658 5251 metu
2686 5194 3083 5249 Pharisaeorum
3118 5196 3373 5261 parentes
3418 5187 3540 5257 ejus

294 5322 394 5368 σις,
425 5306 510 5359 ὅτι
537 5302 627 5356 διὰ
654 5302 746 5355 τὸν
771 5299 1096 5372 Φαρισαίκὸν
1122 5297 1299 5367 -φίϐον
1333 5294 1576 5367 ἔκρυψαν
1606 5295 1653 5346 οἱ
1687 5297 1856 5361 γονεῖς

1968 5294 2061 5364 qui
2085 5292 2262 5348 visum
2286 5301 2586 5361 receperat,
2611 5304 2718 5344 non
2749 5302 2915 5342 ausos
2943 5285 3113 5340 fuisse
3143 5296 3329 5337 coram
3360 5285 3540 5335 omni-

299 5395 382 5453 τοῦ
411 5393 820 5464 ἀναϐλέψαντος
858 5391 920 5445 τὸ
951 5388 1183 5462 κηρύξαι
1210 5388 1300 5442 τὸν
1329 5386 1606 5457 Δεσπότην
1630 5386 1856 5457 Χριστὸν

1969 5385 2071 5441 bus
2102 5383 2391 5437 Dominum
2412 5382 2689 5438 Christum
2721 5375 3051 5450 praedicare?
3082 5373 3235 5430 Unde
3265 5372 3368 5427 hoc
3397 5384 3542 5426 coma

314 5566 325 5575 ’
361 5578 408 5607 ⁷³
450 5576 611 5630 Rom.
642 5592 723 5639 xi,
757 5574 864 5638 δι,
897 5572 988 5627 55.
1064 5569 1110 5601 ’⁵
1146 5567 1418 5633 Ιοοημη,
1459 5567 1547 5622 ιι.
1621 5566 1666 5599 τ⁵
1707 5564 1836 5622 ibid.
1875 5564 1992 5645 l9..
2038 5564 2083 5596 "
2124 5561 2259 5618 Dan.
2292 5576 2425 5630 xm,
2459 5560 2548 5615 22.
2627 5561 2668 5619 7⁷
2709 5557 2862 5617 .loan.
2905 5553 3131 5620 ix,,9.0,
3166 5550 3259 5607 2i.

366 5731 480 5803 ωε)
518 5730 651 5800 Reg.
681 5728 738 5795 2,
775 5726 1087 5799 παραδόξως
1126 5721 1477 5794 ποιήσαντοςή
