4022 6382
515 339 657 400 1015
1641 337 1700 392 S.
1739 326 2109 390 ATHANASII

2247 359 2319 375 —
2357 327 2631 385 SPURIA.
3626 314 3757 370 1016

516 454 799 525 probetur,
828 453 1154 524 evangelista
1200 451 1318 522 ipse
1364 449 1602 507 Joannes
1630 447 1950 504 memoravit
1991 420 2082 501 his

2207 444 2276 499 ,πὶ
2304 444 2557 511 πάντων;
2585 441 2753 496 Πόθεν
2807 434 2901 494 οὖν
2933 437 3062 510 ἡμῖν
3097 438 3132 507 ἡ
3178 431 3480 497 ἀπόδειξις,
3728 431 3757 480 δ

515 521 699 604 verbis
733 564 748 600 :
783 563 804 597 ι
842 521 1186 599 llaac'autem
1224 521 1493 597 dixerunt
1536 547 1787 611 parentes
1827 539 1948 609 ejus
1992 536 2084 609 qui

2207 536 2576 608 ιύαγγελιστὴς
2651 532 2901 602 Ἰωάννης
2968 526 3423 601 ἀπεμνημόνευσε
3460 567 3479 590 ,
3543 521 3715 590 λέγων
3739 537 3754 550 ·

515 636 695 692 visum
741 642 1042 703 receperat,
1074 632 1331 704 quoniam
1360 631 1625 687 timebant
1671 628 1911 686 Iudaeos.
1967 628 2086 684 Jam

2207 654 2213 686 ι
2247 631 2434 686 Ταῦτα
2470 630 2527 685 δὲ
2553 629 2737 697 ελεγον
2779 626 2829 679 οί
2854 625 3029 693 γονεῖς
3062 620 3155 675 τοῦ
3200 618 3631 688 ἀναϐλέψαντος,
3680 616 3757 669 ὅτι

508 725 663 781 enim
696 726 1141 794 conspiraverant
1165 721 1358 790 Judaei,
1388 731 1450 777 ut
1486 723 1532 779 si
1559 724 1682 795 quis
1711 738 1834 778 eum
1864 724 2087 779 confite-

514 827 672 871 retur
721 831 843 871 esse
892 814 1193 879 Christum,
1222 822 1376 871 extra
1407 814 1745 887 Synagogam
1783 814 1934 871 ﬁeret
1959 814 2025 871 "’.
2064 834 2082 867 ι

514 906 709 962 Viden’
737 905 1102 961 Pharisaieam
1134 905 1438 960 malitiam?
1458 904 1595 960 Cum
1621 905 1956 976 oportuisset
1992 920 2088 959 eos

513 998 803 1055 Dominum
853 997 1122 1062 conﬁteri,
1180 998 1466 1069 procidere
1505 1012 1689 1053 coram
1732 998 1872 1067 ipso,
1926 1004 2091 1065 atque

514 1091 746 1147 adorare
774 1090 1111 1154 Creatorem,
1156 1105 1220 1145 ac
1244 1090 1455 1145 morbis
1480 1088 1780 1145 remedium
1816 1102 2089 1159 quaerere;

510 1203 626 1242 non
660 1185 824 1241 modo
848 1185 924 1241 illi
956 1200 1065 1240 non
1094 1184 1523 1242 conﬁtebantur.
1567 1182 1661 1239 sed
1695 1198 1790 1238 eos
1823 1182 1917 1252 qui
1959 1195 2092 1235 con-

512 1279 797 1334 ﬁterentur
828 1277 1129 1333 czedebant.
1161 1275 1528 1343 Quamobrem
1579 1275 1661 1330 sic
1706 1288 1802 1328 eos
1834 1270 2093 1328 condem-

512 1375 613 1424 nat
669 1366 933 1424 Dominus
974 1387 987 1421 :
1033 1386 1054 1420 ι
1098 1366 1192 1422 Va:
1240 1366 1432 1429 vobis,
1489 1364 1694 1420 Scriba:
1732 1370 1785 1419 et
1833 1361 2091 1417 Pharisaei

512 1460 832 1530 hypocritae.
885 1460 1011 1530 quia
1053 1459 1244 1514 tollitis
1276 1459 1481 1513 clavem
1522 1455 1675 1526 regni
1705 1454 1991 1515 calorum,
2037 1460 2094 1506 et

513 1567 620 1609 nec
659 1552 764 1623 ipsi
806 1552 1062 1615 intratis,
1099 1566 1203 1606 nec
1228 1551 1473 1605 volentes
1507 1548 1690 1603 sinitis
1735 1546 1939 1601 intrare
1958 1544 2024 1597 τ’.
2068 1561 2088 1595 ι

2190 724 2480 796 ἐφοϐοῦντο
2499 723 2624 785 τοὺς
2661 718 2966 781 Ἰουδαίους.
2992 714 3131 782 Ἤδη
3161 711 3273 783 γὰρ
3313 708 3685 764 συνετέθειντο
3709 708 3755 760 οἱ

2201 817 2465 875 Ἰουδαῖοι,
2487 815 2596 873 ῖνα,
2614 811 2707 865 ἐάν
2734 827 2818 874 τις
2841 808 3003 863 αὑτὸν
3022 804 3333 878 ὁμολογήσῃ
3358 798 3622 872 Χριστὸν,
3638 797 3755 849 ἀπο-

2192 906 2502 977 συνάγωγος
2524 906 2767 976 γένηται.
2825 921 2846 955 ι
2886 895 3040 963 Εἶδες
3088 892 3428 967 Φαρισαῖκὴν
3473 887 3753 960 πονηρίαν.

2189 1000 2318 1054 Δέον
2350 997 2545 1061 αὐτοὺς
2575 995 2856 1066 ὁμολογεῖν
2888 992 2979 1045 τὸν
3021 987 3245 1060 Κύριον,
3273 981 3645 1056 προσπίπτειν
3679 994 3753 1039 τε,

2190 1092 2286 1146 καὶ
2307 1091 2630 1160 προσκυνεῖν
2650 1086 2738 1141 τὸν
2754 1084 3013 1153 κτίστην,
3030 1080 3109 1134 ἔτι
3130 1080 3187 1133 δὲ
3210 1075 3306 1131 καὶ
3328 1074 3438 1127 τῶν
3460 1070 3648 1125 παθῶν
3667 1067 3761 1139 τὴν

2190 1184 2343 1238 λύσιν
2370 1182 2645 1253 ἐπιζητεῖν
2665 1198 2678 1210 ·
2708 1180 2903 1232 ἐκεῖνοι
2921 1176 2975 1229 δὲ
2994 1176 3054 1228 ού
3082 1173 3241 1244 μόνον
3259 1169 3360 1238 οὐχ
3385 1164 3755 1237 ὡμολόγησαν,

2191 1276 2328 1331 ἀλλὰ
2358 1274 2453 1330 καὶ
2489 1274 2614 1336 τοὺς
2658 1267 3053 1343 ὁμολογοῦντας
3095 1262 3411 1334 ἐμάστιζον.
3459 1256 3554 1312 Διὸ
3604 1255 3695 1308 καὶ
3731 1254 3758 1305 δ

2192 1364 2396 1439 Κύριος
2446 1362 2787 1435 κατακρίνων
2834 1358 3032 1420 αὐτοὺς
3081 1354 3319 1429 ἔλεγενχ
3344 1369 3364 1403 ι
3412 1348 3556 1404 Οὐαὶ
3611 1347 3752 1439 ὑμῖν,

2190 1436 2545 1530 Γραμματεῖς
2569 1454 2664 1508 καὶ
2684 1452 2963 1522 Φαρισαῖοι
2994 1443 3307 1517 ὑποκριταὶ,
3349 1441 3446 1498 ὃτι,
3472 1440 3641 1530 ᾕρατε
3670 1436 3758 1530 την

2192 1528 2377 1606 κλεῖδα
2409 1547 2510 1616 τῆς
2551 1543 2827 1616 βασιλείας
2860 1540 2969 1594 τῶν
3013 1535 3280 1609 οὐρανῶν,
3314 1534 3415 1586 καὶ
3443 1529 3570 1584 οὒτε
3613 1528 3759 1599 ύμείς

2194 1638 2527 1713 εἰσέρχεσθε,
2560 1635 2685 1691 οὔτε
2717 1635 2775 1690 δὲ
2800 1634 2923 1697 τοὺς
2958 1628 3315 1704 βουλομένους
3335 1623 3600 1679 εἰσελθεῖν
3633 1635 3756 1689 συγ-

2193 1734 2442 1804 χωρεῖτε.
2478 1748 2497 1781 ι

2267 1821 2355 1877 10.
2394 1821 2460 1874 Τί
2500 1815 2593 1873 οὖν
2632 1820 2681 1872 οἱ
2716 1815 3032 1888 ⁴ιἀρισαῖκοῖ
3078 1812 3302 1884 κριταί;
3348 1811 3437 1873 Ὠς
3471 1804 3610 1862 εἶδον
3638 1817 3758 1867 τους

2194 1915 2371 1984 γονεῖς
2400 1911 2501 1968 τοῦ.
2516 1910 2912 1979 ἀναϐλέψαντος
2937 1907 3098 1980 μηδὲν
3120 1906 3259 1979 πρὸς
3291 1905 3351 1957 τὸ
3372 1903 3563 1958 δοκοῦν
3586 1903 3757 1961 αὐτοῖς

2195 2003 2676 2077 ἀποκρινομένους,
2704 2001 2925 2064 τούτους
2950 1998 3299 2069 ἀπωσάμενοι
3324 1995 3394 2049 δι’
3429 1995 3623 2065 ἐτέρας
3669 1990 3755 2043 θύ-

2201 2115 2317 2172 ρας,
2345 2098 2439 2152 καὶ
2461 2100 2530 2149 ἐκ
2548 2094 2799 2165 δευτέρου
2819 2092 3269 2164 προφωνήσαντες
3287 2086 3379 2139 τὸν
3394 2084 3758 2153 ἀναϐλέψαντα

2198 2191 2394 2245 παῖδαο
2439 2190 2539 2242 οὐκ
2572 2182 2641 2257 ἦν
2672 2186 2781 2258 γὰρ
2826 2182 3014 2257 παρὼν
3048 2181 3078 2233 ὀ
3119 2184 3265 2243 παῖς,
3311 2180 3399 2233 ὅτε
3436 2179 3537 2249 τὴν
3582 2175 3758 2229 πεῦσιν

2198 2282 2476 2357 προσῆγον
2499 2282 2557 2333 οἱ-
2578 2280 2857 2352 Φαρισαῖοι
2897 2277 3008 2339 τοῖς
3052 2272 3298 2342 γονεῦσιν
3330 2268 3521 2324 αὐτοῦ’
3556 2267 3761 2320 πιθανο-

2198 2374 2486 2445 λογοῦντες
2523 2372 2634 2436 (8'5)
2690 2367 2990 2441 ἐπηρώτων
3028 2364 3186 2419 πάλιν
3234 2363 3325 2418 τὸν
3371 2359 3758 2427 ἀναϐλέψαντα,

2199 2468 2449 2536 λέγοντες
2482 2463 2661 2533 αὐτῷ·
2710 2460 2828 2514 Κᾶν
2861 2457 2957 2511 νῦν
3007 2455 3286 2525 ὁμολογεῖς
3338 2453 3440 2524 τὴν
3499 2450 3759 2521 ἀλήθειαν,

2202 2559 2297 2614 καὶ
2330 2558 2462 2610 πᾶσι
2496 2553 2725 2624 φανερὸν
2755 2549 3035 2621 καθιστᾷς,
3070 2545 3151 2599 ὅτι
3197 2545 3298 2617 οὐκ
3342 2539 3392 2596 εἷ
3428 2542 3494 2596 σὺ
3525 2544 3553 2596 ὁ
3589 2543 3650 2593 ἐκ
3681 2556 3761 2608 γε·

2201 2649 2361 2720 νετῆς
2391 2645 2590 2715 τυφλός
2612 2660 2625 2674 ·
2655 2642 2754 2713 ἤδη
2782 2640 2888 2711 γὰρ
2926 2635 3114 2710 παρὼν
3162 2634 3297 2705 ἔφης
3320 2633 3527 2702 γονέων
3560 2630 3761 2720 ἐκείνων

589 1819 679 1875 10.
718 1819 860 1885 Quid
909 1832 1040 1888 ergo
1078 1818 1299 1886 iudices
1327 1814 1667 1871 Pharisaici?
1719 1813 1794 1870 Ut
1837 1812 2094 1868 viderunt
2122 1784 2167 1840 Β

516 1916 779 1981 parentes
837 1908 959 1977 ejus
1013 1908 1107 1977 qui
1164 1907 1346 1962 visum
1382 1913 1685 1977 receperat,
1743 1919 1854 1959 non
1890 1920 1958 1960 ex
1995 1919 2095 1960 sua

516 1998 856 2073 respondere
908 1998 1226 2063 sententia;
1263 1997 1332 2052 iis
1361 2013 1460 2068 per
1490 1998 1653 2052 aliam
1692 1997 1916 2066 januam
1956 1995 2099 2065 reje-

518 2090 652 2153 ctis.
685 2098 849 2159 atque
882 2087 1083 2143 iterum
1116 2088 1294 2143 accito
1317 2102 1508 2143 eorum
1538 2087 1651 2142 lilio
1686 2087 1779 2157 qui
1801 2087 1977 2142 visum
2009 2101 2099 2141 re-

518 2187 767 2253 ceperat,
797 2193 908 2236 non
940 2180 1130 2235 aderat
1155 2180 1302 2234 enim
1333 2178 1502 2244 illius,
1534 2193 1660 2234 cum
1713 2178 1972 2234 Pharisaei
2004 2192 2099 2247 pu-

517 2284 705 2330 rentes
734 2272 857 2343 ejus
903 2273 1352 2342 interrogarent;
1390 2271 1653 2326 colorat-is
1687 2270 1868 2325 verbis
1901 2270 2099 2324 iterum

519 2366 868 2434 interrogant
909 2363 1185 2419 hominem
1216 2362 1309 2434 qui
1354 2362 1533 2417 visum
1586 2368 1886 2431 receperat,
1919 2361 2104 2416 dicen-

518 2465 649 2514 tes:
688 2455 787 2511 Vel
828 2456 990 2511 modo
1022 2470 1152 2511 vera
1200 2454 1505 2518 conﬁteris,
1543 2462 1707 2523 atque
1752 2453 1928 2524 palam
1966 2452 2103 2508 facis

521 2544 802 2607 omnibus,
836 2552 891 2598 te
937 2560 1044 2598 non
1086 2559 1210 2600 esse
1244 2545 1399 2600 illum
1429 2559 1461 2598 a
1515 2545 1801 2598 nativitate
1851 2558 2053 2598 eccum
2084 2561 2099 2598 :

522 2634 693 2690 modo
720 2650 964 2705 praesens
1011 2635 1237 2691 dicebas
1299 2642 1352 2691 te
1382 2636 1450 2691 iis
1497 2650 1621 2691 esse
1667 2634 2006 2705 parentibus.
2049 2643 2105 2689 et

522 2742 654 2784 ecce
682 2727 996 2783 audivimus
1022 2728 1092 2782 ab
1118 2727 1249 2791 illis,
1288 2735 1341 2783 te
1373 2727 1589 2781 illorum
1622 2742 1733 2780 non
1759 2741 1882 2780 esse
1912 2726 2103 2789 tilium,

2207 2734 2366 2800 εἶναι,
2407 2737 2501 2791 καὶ
2553 2733 2660 2789 ἰδοὺ
2706 2731 3020 2803 ἀκηκόαμεν
3053 2728 3181 2798 παρ’
3228 2724 3432 2787 αὐτῶν,
3477 2725 3560 2782 ὅτι
3598 2723 3691 2775 οὐκ
3719 2710 3762 2771 εἱ

524 2834 629 2874 nec
661 2818 919 2874 habuisse
978 2833 1038 2873 se
1088 2818 1257 2872 lilium
1291 2832 1322 2871 a
1357 2816 1635 2872 nativitate
1679 2832 1901 2872 caecum.
1945 2815 2104 2886 371

2207 2828 2383 2884 αὐτῶν
2413 2827 2551 2890 υίὸς,
2592 2825 2713 2879 οὐδὲ
2746 2823 2901 2893 ἔσχον
2954 2823 3017 2874 ἐκ
3045 2816 3271 2888 γενετῆς
3323 2816 3526 2887 τυφλὸν
3571 2814 3758 2868 τέκνον.

525 2907 669 2976 Quid
694 2918 752 2963 tu
774 2923 907 2979 ergo
937 2924 1255 2978 perseveras
1277 2909 1545 2965 dicendo:
1570 2907 1743 2962 Homo
1771 2908 1987 2978 quidam
2011 2922 2109 2961 no-

2207 2921 2331 2985 Πῶς
2363 2915 2453 2974 οὖν
2494 2919 2556 2971 σὺ
2586 2914 2840 2988 ὲπιτρίϐῃ
2871 2912 3065 2980 λέγων,
3100 2911 3183 2963 ὅτι
3213 2906 3541 2978 Ἀνθρωπόζ
3577 2921 3659 2967 τις
3686 2901 3763 2956 λε·

524 3001 677 3055 mine
700 2998 862 3056 Jesus
881 3000 996 3054 luto
1018 3000 1174 3055 unxit
1188 3001 1382 3055 oculos
1405 3014 1578 3066 meos,
1599 3008 1653 3054 et
1681 2999 1807 3061 lavi,
1839 3006 1893 3053 et
1919 2997 2109 3065 video?

2208 3013 2435 3083 γόμενος
2470 3006 2675 3080 Ἰησοῦς
2696 3005 2950 3076 ἐπέχρισε
2980 3001 3149 3071 πηλὸν
3182 2999 3273 3053 ἐπὶ
3301 2998 3413 3068 (84)
3434 2999 3563 3061 τοὺς
3587 2993 3764 3066 ὀφθαλ-

525 3086 629 3143 Ilis
656 3089 863 3146 auditis
891 3089 985 3144 ille
1010 3089 1105 3160 qui
1142 3090 1321 3146 visum
1376 3101 1678 3160 receperat.
1726 3098 2109 3160 compertaque

2217 3106 2348 3179 μούς
2379 3122 2503 3176 μου,
2533 3102 2626 3156 καὶ
2643 3099 2934 3169 ἐνιψάμην,
2958 3096 3049 3149 καὶ
3083 3093 3300 3165 eum;
3329 3091 3517 3146 Ταῦτα
3546 3088 3764 3151 ἀκούσας

527 3194 721 3233 eorum
749 3179 981 3243 malitia,
1014 3178 1298 3250 respondit
1326 3180 1433 3234 illis
1466 3199 1478 3234 :
1512 3178 1717 3234 Mirum.
1743 3181 1790 3233 si
1827 3194 1953 3234 vere
1994 3180 2106 3235 haec

2210 3178 2239 3253 δ
2270 3195 2595 3265 ἀναϐλέψας,
2624 3193 2718 3247 καὶ
2752 3190 3005 3259 ἐπιγνοὺς
3030 3185 3206 3242 αύτῶν
3244 3185 3343 3256 τὴν
3382 3183 3615 3245 κακίαν,
3651 3184 3763 3237 ἀντ-

2210 3288 2542 3360 απεκρίνατο
2582 3284 2717 3356 πρὸς
2754 3281 2951 3344 αὐτοὺς
2988 3278 3161 3346 λέγων
3180 3291 3195 3305 ’
3226 3275 3505 3346 Θαυμάζω
3526 3318 3541 3338 ,
3575 3275 3623 3327 εἰ
3649 3271 3762 3342 ἀληο

2212 3378 2392 3432 θεύετε
2435 3374 2612 3430 ταῦτα
2652 3371 2919 3439 λέγοντες.
2964 3369 3028 3421 Οἱ
3060 3367 3238 3435 γονεῖς
3270 3360 3414 3435 εἶχον
3449 3362 3767 3436 ἀρνήσασθαι

2210 3470 2271 3525 τὸ
2297 3469 2427 3523 ἴδιον
2450 3468 2657 3528 τέκνον,
2694 3462 2789 3518 καὶ
2820 3460 3053 3532 μάλιστα
3083 3459 3263 3529 μήτηρ
3287 3458 3514 3529 ἄρρενα,
3543 3457 3575 3526 ἢ
3609 3454 3766 3525 πατὴρ

2216 3561 2291 3633 μὴ
2341 3555 2729 3632 παροξυνθείς;
2776 3552 2983 3623 σφόδρα
3028 3549 3254 3606 ἄπιστόν
3292 3567 3382 3622 μοι
3428 3548 3675 3619 φαίνεται
3717 3544 3769 3599 τδ

2212 3651 2524 3722 λεγόμενον,
2550 3648 2643 3702 καὶ
2668 3646 2775 3699 τῶν
2807 3643 2955 3716 ἐμῶν
2996 3641 3176 3696 ἀκοῶν
3211 3639 3601 3712 ἀπρόσδεκτον.
3640 3639 3696 3692 Εί
3721 3636 3767 3689 δὲ

2212 3745 2372 3800 τοῦτο
2426 3745 2670 3813 γέγονεν,
2710 3738 2862 3793 οὐδὲν
2905 3735 3252 3808 θαυμαστόν⁹
3297 3734 3457 3787 τοῦτο
3509 3734 3638 3787 ἴδιον
3684 3731 3768 3801 τῆς

2214 3836 2565 3907 ἀνθρωπίνης
2612 3830 2826 3902 φύσεως
2880 3828 3139 3898 ὑπάρχει,
3177 3823 3258 3880 διδ
3314 3826 3409 3879 καὶ
3460 3821 3769 3892 συγγνώμης

2217 3927 2634 3999 ἀξιωθήσονται,
2667 3923 2743 3986 ὡς
2778 3920 2928 3992 φόϐῳ
2947 3919 3104 3974 τοῦτο
3141 3918 3486 3987 ποιήσαντες.
3527 3915 3709 3987 Ὑμεῖς
3731 3910 3772 3963 οἱ

2216 4021 2567 4095 γραμματεῖς
2590 4017 2679 4070 τὸν
2699 4014 2829 4068 Θεὸν
2862 4009 3131 4085 ἁρνεῖσθε,
3162 4008 3263 4064 καὶ
3289 4009 3367 4073 ὡς
3398 4006 3564 4079 μηδὲν
3592 4004 3773 4095 φαῦλον

2218 4092 2549 4185 πράττοντες
2587 4103 2875 4161 διάκεισθε.
2909 4101 3020 4157 Καὶ
3055 4102 3184 4173 περὶ
3224 4098 3331 4153 τῶν
3360 4098 3525 4169 ἐμῶν-
3540 4092 3774 4185 γονέωνό

529 3270 746 3326 dicitis.
789 3271 1049 3343 Nunquid
1074 3279 1334 3342 parentes
1363 3272 1644 3342 proprium
1679 3269 1848 3327 lilium
1882 3272 2112 3342 abnega-

528 3377 593 3419 re
614 3370 914 3433 potuerunt
946 3381 960 3418 :
996 3363 1299 3433 praesertim
1329 3370 1507 3416 mater
1535 3361 1865 3425 masculum,
1892 3371 1989 3416 aut
2021 3378 2111 3433 pa-

532 3463 621 3510 ter
649 3455 707 3509 in
739 3456 893 3510 nullo
925 3452 1206 3510 oti‘ensus?
1235 3454 1467 3509 multum
1500 3452 1823 3509 incredibile
1869 3453 2000 3509 illud
2031 3452 2113 3506 vi-

531 3549 714 3609 detur.
747 3564 849 3604 nec
883 3547 1015 3603 illud
1046 3563 1180 3602 meae
1219 3554 1452 3619 possunt
1480 3560 1676 3617 capere
1702 3560 1886 3603 aures.
1949 3546 2008 3602 Si
2036 3553 2127 3599 ta-.

530 3659 662 3699 men
707 3642 840 3697 illud
895 3642 1095 3697 factum
1131 3641 1253 3708 fuit,
1310 3640 1462 3699 nihiL
1480 3641 1679 3697 mirum
1710 3660 1736 3698 ες
1775 3640 1830 3696 id
1865 3640 2129 3696 humanas

531 3743 745 3791 natura
795 3734 1074 3805 proprium
1111 3743 1216 3801 est,
1269 3748 1437 3805 quare
1476 3733 1690 3788 veniam
1738 3731 2125 3797 merebuntur,

530 3829 678 3899 quod
710 3844 784 3885 ex
813 3836 960 3883 metu
992 3810 1047 3882 id
1073 3830 1305 3900 egerint.
1343 3825 1449 3882 Vos
1476 3825 1703 3889 Scribte,
1733 3825 1902 3881 Deum
1947 3826 2127 3881 abne«

532 3923 685 3992 gatis
712 3941 727 3977 :
759 3930 922 3992 atque
954 3922 1026 3975 ita
1058 3936 1156 3974 vos
1194 3921 1386 3992 geritis
1414 3921 1570 3991 quasi
1603 3918 1739 3974 nihil
1770 3918 1898 3973 mali
1927 3918 2123 3974 admit-

531 4011 755 4067 teretis.
788 4010 942 4077 Quod
973 4025 1073 4067 vos
1110 4010 1374 4065 adversus
1401 4009 1571 4066 Deum
1604 4009 1912 4073 admittitis,
1945 4008 1999 4063 id
2029 4023 2122 4079 pa-

532 4110 723 4157 rentes
765 4103 1052 4157 adversum
1104 4118 1189 4157 me
1216 4102 1412 4158 fecisse
1463 4101 1836 4160 insimulatis?
1867 4100 2057 4155 Nonne
2088 4115 2122 4154 a

534 4192 868 4261 multisjam
893 4194 1229 4263 temporibus
1252 4194 1319 4249 de
1337 4194 1493 4250 vobis
1509 4193 1775 4249 Dominus
1804 4208 1899 4263 per
1922 4192 2109 4246 Isaiam

2218 4183 2407 4274 Myos:
2441 4202 2469 4257 ὃ
2509 4202 2667 4273 ὑμεῖς
2714 4196 2851 4267 πρὸς
2899 4195 2989 4249 τὸν
3031 4193 3162 4246 Θεὸν
3207 4191 3433 4256 ποιεῖτε,
3475 4188 3635 4242 τοῦτο
3668 4183 3775 4245 τοὺς

535 4286 863 4355 prophetam
910 4287 1237 4343 exclamavit
1284 4287 1475 4343 dicens
1512 4305 1524 4341 :
1565 4305 1591 4338 ι.
1641 4283 1812 4345 Filios
1852 4285 2013 4356 genui
2065 4291 2109 4339 el

2220 4299 2397 4368 γονεῖς
2423 4294 2556 4366 πρὸς
2588 4291 2690 4362 ἐμὲ
2712 4290 2883 4343 ποιεῖν
2906 4284 3238 4340 διαϐάλλετε.
3264 4282 3399 4352 Οὐχὶ
3434 4281 3562 4352 περὶ
3593 4274 3777 4349 ὑμῶνδ

536 4376 823 4443 exaltavi;
845 4378 950 4448 ipsi
973 4385 1154 4432 autem
1185 4388 1509 4447 spreverunt
1539 4393 1625 4432 me
1645 4378 1747 4431 '°-?»
1770 4396 1791 4429 ι
1821 4377 1936 4431 Etsi
1967 4376 2109 4432 vobis

2212 4381 2687 4461 Kugtogsxpaﬁsv
2724 4382 2787 4434 ἐκ
2825 4377 3032 4433 πολλῶν
3060 4376 3167 4430 τῶν
3200 4374 3407 4447 χρόνων
3436 4372 3524 4426 διὰ
3547 4371 3640 4426 τοῦ
3661 4383 3778 4439 προ⁶

539 4465 833 4536 abnegatio
868 4467 941 4522 sit
998 4467 1309 4533 familiaris,
1358 4469 1490 4523 illud
1542 4478 1724 4525 tamen
1774 4468 1954 4524 facere
2007 4485 2109 4525 non

2224 4481 2395 4552 φήτου
2431 4476 2651 4530 Ἡσαΐου
2683 4473 2857 4543 λέγων
2876 4489 2890 4502 ·
2918 4471 3111 4533 ιΥῖοὺς
3141 4467 3546 4536 ἐγέννησα,,καὶ
3577 4463 3775 4534 ὖνζρωσα·

539 4557 897 4614 sustinerem.
940 4557 1078 4613 Eum
1121 4560 1391 4615 confiteor
1438 4561 1530 4633 qui
1566 4561 1921 4628 me'euravit,
1952 4575 2109 4632 3300-.

2223 4570 2376 4626 αὐτοὶ
2405 4570 2461 4624 δέ
2500 4586 2566 4641 με
2595 4566 2893 4637 ἡθέτησαν;
2939 4584 2956 4613 ι
3001 4565 3049 4617 εί
3100 4561 3195 4617 καὶ
3229 4559 3359 4629 ύμῖν
3395 4557 3548 4628 φίλον
3590 4554 3651 4608 τὸ
3692 4553 3776 4623 ἀρ·

538 4662 641 4706 sco
679 4657 937 4721 parentes
994 4665 1147 4707 meos
1197 4672 1209 4707 :
1258 4652 1422 4708 etiam
1479 4653 1525 4708 si
1559 4653 1637 4708 illi
1689 4667 1776 4708 me
1819 4652 2124 4723 abnegave-

538 4742 675 4805 rint,
709 4757 780 4798 ne
832 4743 908 4798 ita
962 4743 1180 4814 quidem
1222 4744 1553 4816 angustior:
1588 4745 1735 4809 novi,
1783 4744 1909 4800 novi
1964 4743 2121 4797 Davi-

2225 4661 2435 4717 νεῖσθαι
2456 4701 2471 4722 ,
2507 4659 2621 4714 ἀλλ’
2646 4660 2797 4729 ὅμως
2824 4654 2935 4725 ἐγὼ
2964 4654 3119 4709 τοῦτο
3151 4652 3322 4705 ποιεῖν
3369 4649 3485 4702 οὐκ
3512 4647 3781 4717 ἀνέχομαι.

2238 4749 2515 4824 Ὁμολογῶ
2546 4749 2639 4803 και
2659 4728 2748 4801 τὸν
2781 4742 3191 4818 θεραπεύσαντά
3225 4755 3313 4811 με,
3342 4736 3594 4809 γνωρίζω
3620 4728 3777 4787 δὲκαὶ

540 4834 673 4891 dem
720 4835 925 4893 diserte
978 4836 1330 4893 exclamare:
1391 4857 1412 4889 ‹
1447 4837 1607 4894 Pater
1659 4853 1812 4894 meus
1862 4844 1915 4893 et
1952 4843 2109 4891 matel

2224 4823 2350 4908 τους
2384 4840 2751 4913 γεννήσαντάς
2792 4853 2891 4908 με’
2936 4838 2984 4890 εἰ
3012 4835 3120 4907 γὰρ
3161 4832 3256 4887 καὶ
3291 4828 3614 4902 ⁴ἢρνήσαντὰ
3635 4843 3698 4897 με
3737 4823 3776 4875 οἱ

539 4943 663 4983 mea
699 4926 1118 4999 dereliquerunt
1144 4945 1251 4996 me,
1293 4929 1557 4986 Dominus
1598 4936 1778 4985 autem
1827 4928 2127 4999 assumpsit

541 5018 711 5072 me".
742 5038 763 5072 ι
801 5018 1120 5090 Exasperati
1152 5036 1327 5092 porro
1362 5020 1620 5078 Pharisaei
1650 5022 1903 5077 dicebant
1933 5041 1946 5077 :
1983 5020 2124 5088 Quid

545 5109 654 5173 ais,
686 5109 852 5165 homo
877 5111 1207 5177 vanissime,
1262 5120 1389 5167 tene
1418 5113 1609 5168 Davidi
1634 5111 1855 5169 confers
1881 5113 1907 5167 ?
1940 5110 2008 5164 Et
2044 5109 2125 5164 l‘a-

541 5203 624 5258 bri
648 5202 819 5259 lilium
863 5204 1152 5263 Dominum
1183 5207 1505 5275 conﬁteris,
1547 5210 1642 5280 qui
1682 5223 1791 5264 non
1830 5210 1993 5265 habet
2032 5207 2123 5263 ubi

544 5303 710 5364 caput
761 5298 1025 5354 reclinet?
1074 5298 1419 5356 Concedatur
1476 5311 1529 5357 te
1578 5303 1758 5358 visum
1811 5304 2122 5372 recepisse:

546 5382 720 5438 Deum
777 5386 1018 5445 laudato.
1078 5391 1220 5456 Quid
1261 5392 1389 5449 huic
1436 5394 1644 5458 gratias
1690 5394 1857 5468 agis?
1886 5393 2001 5451 Non
2043 5400 2128 5449 est

2229 4938 2407 5004 γονεῖς
2441 4951 2563 5005 μου,
2600 4932 2694 4987 καὶ
2711 4929 2884 4994 οὓτως
2918 4929 2979 4983 οὐ
3011 4924 3259 4989 διστάζω.
3292 4917 3445 4983 Οἶδα,
3477 4917 3593 4974 οἶδα
3618 4913 3779 4985 σαφῶς

2231 5026 2438 5098 βοῶντα
2482 5025 2573 5078 τὸν
2617 5022 2825 5086 Δαϐίδςη
2854 5041 2871 5071 ι
2931 5021 2989 5074 '0
3032 5018 3211 5087 πατήρ
3258 5031 3359 5085 μου
3406 5013 3503 5067 καὶ
3540 5012 3573 5083 ἡ
3620 5012 3787 5081 μήτηρ,

2234 5134 2335 5189 μου
2359 5114 2714 5185 ἐγκατέλιπόν
2749 5130 2815 5184 με
2834 5152 2850 5173 ,
2885 5115 2912 5166 ὁ
2949 5111 3006 5164 δὲ
3033 5108 3232 5180 Κύριος
3254 5100 3619 5176 προσελάϐετὸ
3643 5114 3773 5171 μου)

2231 5209 2295 5262 Οἱ
2322 5208 2381 5261 δὲ
2396 5208 2676 5279 Φαρισαῖοι
2699 5202 3082 5278 δριμυχθέντες
3102 5199 3284 5267 ἔλεγον
3312 5194 3490 5267 αύτῷ-
3519 5192 3584 5247 Τί
3604 5191 3776 5279 λέγεις,

2235 5274 2590 5373 ματαιὰρρον,
2622 5296 2701 5368 τῷ
2732 5274 2903 5350 *Δαϐὶδ
2952 5292 3142 5348 ἑαυτὸν
3182 5287 3530 5359 συγκρίνειςς
3571 5284 3659 5373 καὶ
3701 5274 3777 5330 τὸν

2233 5372 2349 5444 υίὺν
2380 5388 2472 5443 τοῦ
2511 5388 2761 5451 τέκτονος
2803 5383 3017 5457 Κύριον,
3043 5380 3355 5457 ὁμολογεῖς,
3385 5376 3477 5440 τὸν
3508 5372 3787 5455 (enim.

620 5561 666 5595 "
703 5562 860 5621 Joan.
898 5586 973 5634 ix,
1007 5569 1100 5630 ει.
1173 5574 1219 5606 ⁷⁸
1262 5573 1456 5633 Manli.
1489 5590 1647 5640 χχιιι,
1685 5574 1782 5632 1⁸5..
1846 5572 2035 5628 “158-
2072 5587 2109 5641 Ι,

2276 5569 2322 5603 ⁸¹
2341 5566 2488 5625 Psal.
2524 5581 2648 5621 xxv:
2670 5603 2686 5630 ,
2719 5564 2807 5621 lo.

622 5717 738 5789 (83)
773 5717 908 5791 Reg.
946 5723 995 5788 Ι,
1051 5725 1557 5794 πιθαναλογοῦντες.

2315 5722 2428 5796 (ει)
2457 5720 2549 5775 ἐπὶ
2574 5719 2726 5776 deest
2758 5718 2813 5774 in
2840 5714 2974 5787 Reg.
3004 5715 3054 5782 Ι,
3076 5715 3131 5770 2.
