4022 6382
268 360 405 415 1017

1253 354 1542 412 BOMiLlA
1581 354 1649 409 IN
1688 351 1951 411 CASCUM
1989 353 2034 405 A
2071 349 2512 407 NATlVi'l'ATE.

3366 346 3504 404 1018

268 473 373 529 ποῦ
397 476 497 545 τὴν
530 474 769 547 κεφαλὴν
789 474 965 529 κλῖναι
987 491 1002 539 ;
1025 473 1263 537 Κείσθω,
1289 475 1370 529 ὅτι
1397 473 1723 544 άνέϐλεψαςο
1751 471 1835 527 τὸν

1943 470 2034 526 hic
2062 486 2092 525 a
2126 470 2258 527 Deo.
2292 471 2352 527 Si
2380 477 2527 525 esset
2551 482 2582 523 a
2608 468 2740 533 Deo,
2771 483 2881 523 non
2913 464 3146 522 solveret
3175 464 3502 522 Sabbatutn:

264 567 401 620 Θεὸν
450 565 757 637 ὑμνολόγει.
811 566 862 619 [ί
907 563 1082 637 τούτῳ
1123 566 1495 637 εὐχαριστεῖς;
1540 566 1652 620 Οὐκ
1689 567 1836 618 ἔστιν

262 656 420 723 οὗτος
441 662 505 713 ἐκ
524 658 615 714 τοῦ
641 658 774 712 Θεοῦ
794 675 807 689 ο
835 660 883 712 εἰ
905 653 972 730 ἦν
1002 658 1065 711 ὲκ
1094 658 1189 711 τοῦ
1220 658 1374 718 Θεοῦ,
1403 659 1501 712 οὐκ
1524 656 1589 712 ἂν
1611 658 1758 712 ἔλυεν
1775 659 1835 712 τὸ

266 751 555 805 σάδὸατον.
593 771 612 803 ι
651 748 748 808 Δὸς
784 749 939 814 δόξαν
972 749 1050 820 τῷ
1077 748 1224 818 Θεῷ·
1262 751 1424 820 ἡμεῖς
1458 750 1567 821 γὰρ
1593 748 1832 820 οἴδαμεν,

263 843 399 897 δτιό
427 842 711 915 ἄνθρωπος
742 836 893 905 οὗτος
925 841 1248 913 ἁμαρτωλός
1282 845 1449 895 ἐστιν.
1498 862 1519 894 ι

336 935 426 990 11.
474 935 532 989 ὐ
563 936 618 990 δὲ
649 935 971 1007 ἀναϐλέψας,
1004 936 1242 999 ἀκούσας
1264 937 1346 990 ὅτι
1395 935 1715 1007 ἁμαρτωλὸν
1744 936 1835 989 τὸν

261 1027 469 1099 Κύριον
508 1028 742 1096 λέγουσι,
789 1027 886 1098 τὴν
930 1030 1108 1099 ψυχὴν
1157 1027 1526 1095 είλιγγιάσας,
1580 1027 1673 1081 καὶ
1737 1026 1837 1091 τὰς

259 1117 436 1181 ἀκοάς
466 1117 724 1187 ἐπισχὼν,
746 1118 1196 1191 άνταποκρίνεται
1224 1118 1359 1189 πρὸς
1373 1118 1495 1182 τοὺς
1510 1115 1843 1189 Φαρισαίους,

259 1207 465 1276 λέγων’
511 1208 576 1261 Τί
608 1208 826 1277 λέγετε;
865 1209 1215 1280 ’Λμαρτωλός
1262 1210 1442 1272 ἐστιν,
1478 1211 1505 1262 ὁ
1544 1208 1653 1261 τῶν
1685 1207 1845 1279 ὲμῶν.

259 1298 557 1369 ὀφθαλμῶν
605 1298 1041 1369 tamadd-:11;le
1090 1301 1155 1370 τῇ
1199 1298 1394 1369 πικρία
1427 1298 1548 1369 μέλι
1600 1314 1835 1367 προσμι-

262 1391 491 1459 γνύετε;
546 1391 633 1444 Ἐν
671 1389 852 1461 ταὺτῴ
887 1407 952 1461 με
981 1392 1074 1444 καὶ
1106 1389 1359 1455 δοξάζειν
1380 1390 1473 1442 καὶ
1497 1388 1834 1460 βλασφημεῖν

260 1480 696 1554 παρακελεύετε.
733 1482 805 1535 Τὸ
840 1481 939 1551 μὲν
966 1480 1187 1545 δοξάσαι
1222 1480 1315 1533 τὸν
1351 1481 1503 1544 Θεὸν,
1552 1480 1730 1539 καλὸν,
1774 1479 1836 1533 τὸ

258 1572 316 1626 δὲ
348 1572 674 1644 ἁμαρτωλὸν
719 1575 912 1635 εἰπεῖν,
964 1571 1351 1641 ὲσκοτισμένης
1400 1571 1635 1633 διανοίας
1686 1571 1834 1623 ἐστὶν

260 1665 619 1736 ἐπιχείρημα.
654 1664 717 1718 El
743 1664 1062 1736 ἁμαρτωλός
1095 1668 1262 1727 ἐστιν,
1299 1661 1508 1727 δείξατε
1546 1680 1633 1732 μοι
1656 1664 1836 1734 ἁμαρ-

258 1757 383 1820 τίας
411 1757 648 1827 ἔμφασιν
683 1758 739 1809 ὲν
772 1756 943 1827 αὐτῷ,
987 1757 1082 1811 καὶ
1112 1756 1383 1827 πείθωμαι
1414 1759 1481 1827 τῇ
1524 1755 1838 1826 διδασκαλίᾳ

1942 578 1962 612 ι
2014 560 2090 613 Da
2118 561 2345 630 gloriam
2375 557 2507 624 Deo,
2545 573 2646 614 nos
2668 557 2874 614 scimus
2916 559 3042 629 quia
3072 557 3159 611 hic
3191 556 3353 611 homo
3377 570 3505 627 pec-

1934 658 2087 707 cator
2109 660 2194 709 est
2224 653 2291 709 ⁸¹.
2323 670 2342 702 ι

2006 918 2094 975 11.
2151 917 2254 984 Qui
2302 924 2484 973 autem
2531 916 2709 974 visum
2763 925 3063 989 receperat,
3113 916 3340 973 audiens
3379 919 3503 973 illos

1940 1008 2236 1065 Dominum
2266 1010 2450 1066 dicere
2489 1021 2850 1080 peccatorem.
2899 1012 3081 1065 animo
3128 1016 3367 1065 testuans
3420 1017 3504 1063 at-

1933 1119 2040 1173 que
2092 1118 2255 1157 aures
2288 1103 2575 1163 obturans.
2625 1101 2691 1154 ad
2741 1100 3041 1157 Pharisaeos
3095 1102 3385 1170 respondet
3428 1101 3506 1155 di-

1934 1210 2102 1249 cens:
2138 1193 2277 1261 Quid
2320 1194 2541 1249 dicitis?
2588 1193 2726 1247 Num
2776 1203 3031 1263 pem-ator
3075 1204 3159 1248 est
3216 1193 3308 1263 qui
3364 1191 3501 1249 meis

1939 1286 2116 1342 oculis
2160 1286 2333 1339 lucem
2376 1284 2713 1356 impertirit?
2740 1287 2851 1339 (Zur
2880 1285 3159 1339 acerbitati
3195 1285 3300 1339 mel
3329 1284 3503 1339 admi-

1934 1377 2139 1435 scetis?
2182 1378 2382 1433 Eodem
2436 1390 2711 1433 momento
2763 1393 2850 1432 me
2897 1385 2950 1431 et
3000 1378 3224 1448 gloriam
3271 1378 3403 1432 dare
3447 1384 3504 1433 et

1938 1472 2323 1542 blasphemare
2357 1471 2579 1541 iubetis.
2623 1470 2733 1526 Deo
2766 1472 2991 1541 gloriam
3037 1471 3186 1534 dare,
3222 1472 3449 1541 probum
3482 1486 3501 1537 ;

1934 1572 2272 1635 peccatorem
2305 1572 2483 1617 autem
2514 1562 2698 1617 dicere
2720 1562 2892 1624 illum,
2923 1561 3289 1616 obteuebrata
3311 1562 3504 1615 animae

1936 1655 2147 1710 facinus
2196 1655 2326 1709 illud
2384 1663 2487 1709 est.
2546 1654 2602 1707 Si
2652 1663 2929 1723 peccator,
2974 1652 3106 1706 mihi
3160 1661 3502 1722 peccatorum

1940 1748 2093 1818 signa
2123 1747 2178 1800 in
2211 1761 2276 1801 eo
2310 1752 2757 1809 commonstrate,
2823 1752 2985 1814 atque
3022 1742 3286 1798 doctrinae
3311 1750 3506 1797 vestra:

261 1810 508 1919 ὑμῶνοιή
522 1850 677 1919 ὑμεῖς
703 1810 942 1918 ἔμφασίν
976 1810 1035 1902 ἐν
1066 1848 1215 1917 αὐτῷ
1245 1810 1516 1917 ἁμαρτίας
1551 1846 1776 1912 δείξατε,

1941 1810 2181 1890 credam.
2220 1836 2329 1889 Aut
2376 1846 2717 1905 peccatorum
2745 1810 2911 1904 signa
2931 1833 3056 1889 date
3098 1853 3110 1889 :
3151 1841 3245 1888 aut
3292 1832 3506 1888 divino.

260 1936 371 2005 ἑγὼ
398 1936 551 1999 θείας
580 1936 637 1988 ὲν
658 1935 803 2004 αὐτῷ
827 1934 923 1987 θαυ
934 1936 1266 2007 ματουργίας
1293 1934 1557 2005 ὑπάρχειν
1578 1934 1830 2004 ἐχέγγυα.

259 2027 669 2097 Καταλιμπάνω
717 2026 784 2080 τά
827 2028 949 2079 κατ’
977 2026 1248 2096 ἐμαυτὸν,
1279 2025 1373 2082 καὶ
1405 2024 1588 2077 λοιπὸν
1628 2026 1690 2077 ἐκ
1725 2023 1849 2078 τῶν,

258 2115 436 2171 ἄλλων
462 2115 721 2187 ποιοῦμαι
746 2116 844 2189 τὴν
870 2116 1215 2187 ὲπερώτησιν
1233 2133 1247 2146 ο
1290 2114 1635 2191 ’Δμαρτωλός
1668 2116 1839 2179 ἐστιν,

166 2225 171 2230 ·
256 2205 335 2269 ῶς
369 2223 506 2276 φατε
532 2222 546 2268 ;
579 2207 690 2276 Οὐχ
714 2202 866 2269 οὗτος
894 2206 983 2258 τὸν
1009 2205 1127 2258 υἱὸν
1155 2205 1254 2276 τῆς
1275 2206 1448 2275 χήρας
1479 2203 1837 2273 ἐκκομιζόμε-

256 2309 348 2346 νον
376 2293 570 2365 νεκρὸν
597 2293 738 2363 λόγῳ
771 2293 1103 2365 άνέστησενς
1143 2293 1488 2365 ’Λμαρτωλοῦ
1526 2293 1834 2365 ἀνθρώπου,

254 2381 290 2453 ἢ
319 2382 457 2436 Θεοῦ
492 2385 667 2451 Λόγου
695 2380 764 2455 ἦν
812 2383 872 2437 τὸ
916 2383 1108 2460 ἐργον;
1130 2384 1265 2454 Οὐχὶ
1291 2383 1401 2436 τῶν
1445 2382 1578 2442 δέκα
1620 2381 1849 2453 λεπρῶνρ

255 2474 348 2544 ὑφ’
396 2473 456 2528 ἓν
494 2476 593 2546 τὴν
642 2474 1094 2546 καταστιχθεῖσαν
1135 2476 1242 2528 ὑπὸ
1273 2475 1369 2528 τοῦ
1393 2475 1594 2538 πάθους
1633 2472 1838 2545 παρδα-

254 2564 437 2619 λιαίαν
464 2564 628 2635 δορὰν
662 2566 866 2636 ῥήματι
902 2566 1272 2637 ἐκκαθαίρων,
1306 2567 1385 2628 είς
1411 2566 1509 2637 τὴν
1548 2563 1834 2635 ἀνθρωπό-

256 2671 465 2728 μορφον
487 2657 733 2726 μονοειδῆ
753 2657 1050 2727 μετήνεγκε
1068 2655 1201 2709 θέαν,
1216 2673 1230 2719 ;
1248 2653 1598 2726 Ἀμαρτωλοῦ
1630 2653 1730 2708 ἀνθ
1738 2657 1837 2725 ρώ-

253 2765 382 2810 που,
400 2747 433 2817 ἢ
453 2746 586 2800 Θεοῦ
604 2747 778 2815 Λόγου
793 2748 853 2800 τὸ
869 2747 1056 2823 ἓργονς
1077 2748 1210 2818 οὐχὶ
1228 2748 1318 2800 τὸν
1336 2747 1440 2801 ὑπὸ
1452 2746 1712 2815 λεγεῶνος
1727 2745 1849 2798 τῶν.

250 2837 522 2908 δαιμόνων
553 2839 884 2910 παρενοχλού
894 2856 1054 2910 μενον
1084 2840 1387 2910 ἄνθρωπον,
1419 2839 1519 2892 τὸν.
1535 2840 1672 2909 μήτε
1705 2854 1837 2908 κρα-

250 2929 482 3000 τηθῆναι
505 2929 820 3000 δυνάμενον,
861 2932 996 3001 μήτε
1028 2926 1175 2983 οἷκον
1196 2930 1586 3000 εἱσδεχόμενον,
1633 2928 1744 2982 ἀλλ’
1779 2932 1836 2982 ἑν

252 3024 367 3084 τοῖς
399 3022 677 3092 μνήμασιν
725 3021 1097 3091 αὑλιζὸμενον,
1139 3021 1430 3092 βασιλικῶς
1456 3023 1552 3092 τῆς
1583 3020 1845 3092 τυραννίς

250 3112 343 3177 δος
389 3113 660 3167 ἀπέλυσεν
706 3113 852 3183 (85);
901 3114 1250 3186 Ἀμαρτωλοῦ
1290 3112 1598 3198 ἀνθρώπου,
1633 3115 1665 3183 ἢ
1698 3112 1847 3171 ΘεοῐλΔ

1935 1946 2056 1985 rum
2091 1930 2145 1984 in
2174 1945 2240 1985 eo
2287 1929 2677 1983 miraculorum
2715 1928 2857 1982 dabo
2892 1935 3228 1997 argumenta.
3262 1925 3334 1979 Ea
3364 1940 3506 1996 prae-

1936 2023 2174 2076 termitto
2207 2036 2328 2091 quae
2360 2035 2444 2073 me
2476 2028 2745 2089 spectant,
2776 2026 2936 2088 atque
2959 2033 3024 2072 ex
3053 2018 3175 2071 aliis
3203 2020 3505 2088 interroga-

1935 2115 2111 2169 tiones
2135 2129 2288 2185 paro.
2320 2113 2401 2166 An
2431 2122 2685 2185 peccator
2714 2120 2820 2176 est,
2844 2121 2904 2166 ut
2938 2127 3032 2166 vos
3060 2111 3286 2165 dicitis?
3314 2109 3506 2165 Nonne

1933 2205 2023 2259 bic
2080 2213 2165 2259 est
2201 2204 2292 2273 qui
2338 2202 2506 2257 lilium
2555 2201 2732 2255 viduae
2761 2200 2997 2254 delatum
3032 2205 3302 2252 mortuum
3340 2197 3506 2252 verba

1938 2295 2270 2352 suscitavit?
2328 2292 2649 2349 Hominisne
2690 2291 3026 2363 peccatoris,
3076 2305 3144 2344 an
3195 2288 3288 2344 Dei
3338 2287 3502 2342 Verbi

1936 2400 2077 2456 opus
2128 2384 2262 2438 illud
2310 2383 2463 2439 erat?
2525 2384 2712 2437 Nonne
2763 2396 2869 2435 una
2925 2381 3110 2435 decem
3167 2380 3503 2450 Icprosorum

1935 2479 2125 2533 morbo
2170 2479 2508 2532 maculosam
2557 2484 2611 2531 et
2659 2474 3039 2545 pantlierinam
3087 2473 3281 2542 pellent
3339 2471 3505 2526 verbo

1936 2584 2194 2639 purgans,
2232 2569 2288 2622 in
2333 2568 2624 2622 humanam
2656 2564 3090 2635 unil‘ormemque
3118 2562 3506 2619 transmutavit

1936 2663 2170 2732 speciem
2196 2662 2220 2715 ?
2247 2660 2630 2717 Peccatorisne
2684 2659 2942 2723 hominis,
2982 2672 3049 2710 an
3085 2657 3174 2711 Dei
3204 2671 3343 2726 opus
3372 2653 3506 2711 illud

1934 2754 2054 2809 est?
2080 2752 2268 2809 Nonne
2294 2769 2415 2809 eum
2446 2753 2537 2822 qui
2564 2753 2771 2821 legione
2807 2750 3114 2805 dmmonum
3148 2748 3455 2818 agitabatur
3487 2764 3503 2803 :

1936 2846 2027 2916 qui
2059 2859 2236 2915 neque
2268 2845 2441 2899 teneri
2475 2853 2708 2914 poterat,
2741 2857 2841 2897 nec
2875 2843 2928 2896 in
2960 2841 3121 2896 domo
3148 2854 3463 2910 permanere
3486 2877 3504 2903 ,

1935 2938 2031 2992 sed
2081 2936 2134 2990 in
2170 2936 2437 3006 sepulcris
2483 2935 2820 2997 morabatur,
2863 2934 3014 3002 regio
3064 2947 3213 2986 more
3251 2948 3279 2983 a
3325 2941 3507 3002 tyran-

1935 3028 2060 3083 nide
2087 3025 2384 3083 liberavit?
2421 3025 2738 3081 Hominisne
2768 3024 3092 3095 peccatoris,
3124 3038 3190 3077 an
3221 3021 3314 3076 Dei
3340 3020 3504 3076 Verbi

1936 3132 2075 3188 Opus
2123 3115 2300 3170 illud?
2330 3114 2537 3169 Vultin‘
2568 3129 2655 3169 me
2697 3113 3035 3168 daemonibus
3067 3112 3199 3182 ipsis
3244 3111 3507 3181 ingratio-

249 3206 425 3275 Λόγου
458 3206 521 3260 τὸ
550 3206 747 3276 ἔργον;
785 3208 1291 3279 Ἀγνωμονὲστερόν
1336 3224 1402 3276 με
1431 3207 1539 3260 τῶν
1564 3207 1835 3278 δαιμόνων

1937 3222 2049 3261 rem
2077 3207 2239 3262 esse?
2265 3205 2551 3261 Dmmones
2579 3204 2778 3276 quippe
2807 3206 2965 3259 etiam
2996 3203 3245 3274 ﬂagellati
3270 3202 3337 3255 ab
3362 3201 3503 3272 ipso,

144 3325 164 3339 ο
253 3297 439 3352 θέλετε
466 3295 641 3364 εἶναι;
673 3300 739 3355 Οἱ
757 3299 867 3371 γὰρ
892 3299 1165 3370 δαίμονες,
1200 3300 1293 3352 καὶ
1324 3300 1707 3370 μαστιζόμενοι
1736 3301 1828 3352 ὑπ’

251 3390 418 3445 αὑτοῦ
438 3432 454 3454 ,
480 3392 609 3444 Υἱὸν
641 3391 774 3444 Θεοῦ
804 3392 967 3445 αὑτὸν
1002 3392 1393 3445 ἀποκαλοῦσιν’
1428 3390 1580 3459 κάγὼ
1612 3392 1641 3444 ὁ
1671 3390 1831 3461 θερα-

251 3479 473 3544 πευθεὶς
501 3481 632 3553 παρ’
661 3481 825 3535 αὑτοῦ
851 3481 1176 3552 ἁμαρτωλὸν
1214 3481 1376 3534 αὐτὸν
1412 3482 1831 3553 προσφωνήσω;

262 3571 353 3634 Ὠς
383 3571 515 3636 Θεὸς
547 3571 859 3643 ἐργάζεται,
893 3573 989 3625 καὶ
1032 3572 1108 3636 ὡς
1142 3565 1460 3645 ἁμαρτωλὸς
1500 3570 1835 3641 φημίζεται

256 3677 279 3713 ι
313 3661 377 3714 Ei
401 3662 724 3734 ἁμαρτωλός
755 3665 922 3727 ἐστιν,
953 3663 1054 3716 οὐκ
1097 3658 1244 3715 οἶδα·
1278 3663 1335 3714 ἓν
1373 3662 1430 3717 δὲ
1458 3659 1596 3727 οἶδα,
1628 3662 1708 3714 δτι
1733 3678 1830 3714 τυ-

252 3751 384 3821 φλὸς
414 3753 526 3818 ῶν,
572 3754 699 3824 ἄρτι
749 3753 951 3824 βλέπω.
995 3773 1014 3806 ι
1070 3753 1245 3808 Τοῦτο
1286 3754 1342 3807 δὲ
1387 3753 1543 3819 Θεοῦ,
1593 3755 1688 3806 καὶ
1735 3753 1834 3829 οὐχ

252 3846 580 3917 άμαρτωλοῦ
613 3846 674 3899 τὸ
703 3846 882 3918 ἔργον.

324 3937 413 3990 12.
448 3936 634 3989 Ταῦτα
669 3936 999 4000 ἀκούσαντες
1029 3937 1078 3989 ot
1107 3937 1419 4009 Φαρισαῖοι,
1441 3935 1515 3999 ὡς
1544 3930 1680 3988 εἶδον
1705 3936 1833 3988 ἑαυ-

252 4025 376 4091 τοὺς
413 4026 647 4080 ἐπιπολὺ
687 4027 785 4096 τῆς
836 4028 1096 4100 αἰσχύνης
1137 4027 1430 4099 ἐμπλέους,
1473 4027 1839 4100 ἀπεκρίναντο

252 4119 387 4191 πρὸς
420 4120 514 4172 τὸν
536 4119 969 4189 ἀναϐλέψαντα,
1001 4120 1283 4189 λέγοντες’
1333 4120 1479 4173 Ἔδει
1521 4119 1617 4190 μέν
1651 4135 1709 4171 σε
1757 4119 1834 4183 ὡς

253 4208 545 4263 κατάδικον
575 4208 941 4280 μαπιχθῆναι
960 4248 975 4272 ,
1002 4210 1105 4265 καὶ,
1122 4208 1264 4265 κατὰ
1293 4210 1420 4271 τοὺς
1443 4208 1641 4279 νόμους
1663 4225 1834 4279 τιμω-

254 4300 483 4374 ρηθῆναι
510 4318 525 4332 ⁸
576 4301 692 4355 ἀλλ’
725 4303 812 4355 ἶνα
862 4302 936 4373 μὴ
985 4303 1135 4373 παρὰ
1174 4301 1300 4355 τῶν,
1322 4301 1731 4373 ματαιοφρόνων
1757 4299 1833 4362 ὡς

250 4390 512 4461 βάσκανοι
563 4391 974 4464 διαβληθῶμεν,
1030 4392 1569 4466 συμπεριφερώμεθά
1619 4409 1711 4445 σου
1764 4395 1839 4463 τῇ

247 4486 357 4551 ἕξει
378 4504 393 4519 ·
430 4487 515 4540 διὸ
542 4485 606 4559 δὴ
636 4487 773 4558 πρὸς
801 4487 898 4558 τὴν
932 4485 1269 4557 ὲπερώτησιν
1299 4485 1625 4557 ἅποκρίθητι
1660 4484 1712 4537 τί
1751 4501 1832 4537 σοι

251 4579 507 4649 ἐποίησεν
541 4580 777 4641 ὲκεῖνοςς
826 4576 942 4640 πῶς
984 4577 1312 4646 ἁνὲὁλεῴας
1350 4577 1510 4645 Λέγε,
1547 4578 1600 4629 τί
1631 4576 1833 4631 πέπον-

248 4666 375 4733 θας;
397 4670 456 4720 ’0
472 4666 529 4720 δὲ
550 4665 874 4735 ἀναϐλέψας,
898 4666 1289 4737 ὲπιθαῤῥήσας,
1317 4668 1616 4738 προέκοπτε
1632 4668 1738 4739 γάρ
1762 4670 1841 4745 τῇκ

249 4758 465 4821 πίστει,
524 4758 951 4828 άνταπεκρίνετο
992 4756 1188 4825 λέγων·
1236 4757 1403 4811 Πάλιν
1447 4756 1695 4828 ἐρωτᾶτε
1724 4774 1826 4827 με,

249 4848 365 4912 πῶς
391 4847 704 4917 ἀνέϐλεψας
733 4847 869 4901 Καθ’
898 4847 1105 4901 ἑαυτῶν
1127 4847 1413 4919 πράττετε,
1437 4849 1529 4901 καὶ
1557 4849 1656 4900 οὐκ
1685 4848 1828 4901 οῖδα-

247 4954 328 4992 τε.
359 4941 525 4994 Ὅσον
553 4939 735 4992 θέλετε
766 4939 827 4993 τὸ
849 4939 1032 5010 θαῦμα
1062 4940 1273 5003 σϐέσαι,
1304 4940 1552 4993 τοσοῦτον
1569 4938 1829 5003 πλειόνως

249 5031 380 5085 αὐτὸ
408 5031 782 5103 φαιδρύνεται.
804 5031 971 5085 Πάλιν
995 5034 1235 5104 ὲρωτᾶτέ
1265 5051 1351 5104 με,
1382 5031 1499 5095 πῶς
1527 5031 1827 5102 ἀνέϐλεψα,

249 5123 347 5195 ἤδη
397 5125 584 5195 τρίτον
625 5125 753 5193 ὑμῖν
796 5119 968 5189 εἷπον,
1017 5127 1109 5180 καὶ
1153 5127 1252 5179 οὐκ
1308 5124 1663 5178 ἐπιστεύσατέ
1714 5141 1823 5196 μοι.

256 5233 273 5265 ι
310 5216 374 5268 Τί
401 5217 563 5269 πάλιν
587 5215 770 5269 θέλετε
795 5216 1045 5281 άκοὺειν;
1073 5218 1164 5288 Μὴ
1200 5219 1292 5271 καὶ
1322 5219 1477 5288 ὑμεῖς
1506 5218 1685 5271 θέλετε
1722 5236 1827 5289 μα-

251 5302 409 5375 θηταὶ
452 5306 621 5359 αὐτοῦ
655 5305 934 5375 γενέσθαις
982 5328 1001 5359 ι
1043 5309 1176 5379 Οὐχὶ
1205 5309 1292 5362 διὰ
1333 5309 1489 5361 τοῦτο
1531 5309 1641 5379 (86)
1691 5309 1828 5380 μετὰ

253 5392 539 5463 ἀκριϐείας
595 5395 693 5462 τὴν
752 5395 1026 5466 περιοδίαν
1074 5397 1365 5469 ὲρευνᾶτες
1398 5398 1460 5450 Εἰ
1504 5397 1662 5451 τοῦτο
1707 5397 1829 5468 βού-

251 5478 439 5548 λσοε,
490 5484 553 5537 τὸ
584 5483 771 5537 λοιπὸν
814 5485 1133 5556 προσέλθετε
1172 5487 1305 5557 πρὸς
1357 5487 1515 5540 αὐτὸν
1553 5485 1826 5543 άνενδοεάο

323 5637 369 5669 ⁸¹
410 5639 571 5694 Joan.
605 5655 693 5703 Ix,
729 5638 822 5694 24.
897 5639 942 5670 ’δ
981 5640 1111 5695 ibid.
1147 5639 1237 5696 25.
1313 5639 1359 5672 ⁸⁵
1397 5639 1527 5696 ibid.
1561 5639 1651 5694 ετ.

327 5801 443 5874 (85)
477 5804 611 5873 Reg.
649 5803 698 5870 l,
730 5801 1030 5872 ἀπήλασεν.

1928 3297 2125 3352 Filium
2187 3294 2283 3352 Dei
2332 3298 2483 3351 illum
2536 3302 2854 3365 nuncupant
2916 3310 2929 3346 :
2990 3301 3042 3361 et
3100 3308 3200 3363 ego
3257 3292 3326 3345 ab
3385 3293 3510 3362 ipso

1931 3402 2175 3457 sanatus,
2218 3400 2559 3463 peccatorem
2606 3392 2811 3445 vocabo
2851 3388 3042 3443 illum?
3083 3385 3153 3442 Ut
3200 3387 3343 3441 Deus
3375 3400 3508 3454 ope-

1935 3494 2111 3551 ratur,
2147 3493 2202 3541 et
2250 3494 2309 3540 ut
2356 3492 2618 3554 peccator
2650 3480 3060 3552 proclamatur?
3098 3499 3116 3530 ι
3160 3478 3216 3533 Si
3254 3487 3504 3549 peccator

1930 3587 2035 3641 est,
2077 3580 2261 3632 nescio
2307 3595 2320 3630 :
2369 3591 2534 3629 unum
2576 3575 2712 3637 scio,
2753 3574 2881 3643 quia
2929 3586 3105 3627 czecus
3137 3584 3260 3625 cum
3301 3584 3505 3629 essem,

1932 3684 2077 3725 nunc
2111 3668 2269 3724 video
2302 3667 2369 3722 ⁸³.
2410 3688 2428 3721 ι
2468 3667 2621 3734 Quod
2659 3682 2789 3722 sane
2829 3666 2945 3729 Dci,
2977 3673 3163 3720 etnon
3200 3661 3504 3733 peccatoris

1931 3772 2014 3817 est
2046 3776 2204 3831 opus.

2002 3852 2091 3907 12.
2120 3851 2214 3907 llis
2234 3851 2493 3907 Pharisaei
2527 3850 2749 3913 auditis,
2782 3866 2904 3905 cum
2936 3866 2993 3906 se
3019 3851 3262 3905 viderent
3288 3862 3517 3904 summo

1931 3946 2138 4017 pudore
2179 3944 2427 4007 allectos,
2472 3945 2869 4014 responderunt
2907 3943 2971 3998 ad
3016 3960 3139 3999 eum
3187 3943 3276 4012 qui
3324 3942 3499 3995 visum

1933 4044 2214 4106 receperat
2252 4054 2265 4091 :
2302 4034 2596 4104 Oportebat
2618 4036 2836 4107 quidem
2869 4044 2921 4092 te
2949 4045 3006 4090 ut
3035 4050 3187 4090 reum
3221 4032 3501 4104 ﬂagellari,

1933 4141 1997 4180 ac
2042 4127 2341 4181 secundum
2389 4127 2533 4197 leges
2580 4141 2771 4197 pmnas
2817 4126 3009 4192 luere;
3048 4124 3141 4179 sed
3179 4138 3245 4178 ne
3278 4138 3307 4177 a
3345 4121 3503 4177 vanis

1937 4216 2249 4273 hominibus
2277 4225 2338 4272 ut
2374 4218 2543 4273 invidi
2583 4217 2983 4281 insimulemur,
3023 4215 3364 4286 indulgemus
3397 4212 3501 4267 hoc

1934 4307 2150 4377 ingenio
2181 4317 2275 4362 tuo
2321 4324 2334 4359 :
2376 4323 2547 4379 quare
2580 4308 2850 4377 responde
2884 4306 2952 4361 ad
2988 4304 3503 4374 interrogationem:

1932 4400 2062 4469 quid
2106 4398 2234 4455 fecit
2268 4400 2363 4453 tibi
2400 4400 2490 4454 ille
2517 4399 2721 4454 homo?
2752 4397 2867 4463 Qua
2903 4397 3115 4451 ratione
3138 4396 3317 4449 visum
3349 4406 3504 4447 rece-

1936 4492 2065 4563 pisti
2095 4492 2120 4545 ?
2153 4491 2269 4554 Dic,
2301 4492 2398 4545 tibi
2426 4492 2552 4561 quid
2584 4489 2845 4560 contigit?
2875 4485 3013 4543 Tum
3038 4488 3127 4542 ille
3148 4485 3516 4547 conﬁdenter,

1939 4596 2063 4635 nam
2104 4581 2158 4634 in
2194 4582 2355 4658 372
2403 4581 2503 4635 fide
2534 4579 2857 4651 profecerat.
2885 4578 3161 4648 respondit
3199 4577 3350 4631 hisce
3380 4587 3503 4628 ver-

1937 4670 2022 4727 bis
2057 4688 2070 4723 :
2117 4670 2357 4727 Rursum
2405 4673 2786 4735 sciscilamini,
2828 4670 3099 4740 quomodo
3142 4669 3317 4721 visum
3351 4680 3501 4739 rece-

1933 4761 2126 4830 perim.
2175 4760 2380 4814 Contra
2423 4761 2782 4829 vosmetipsos
2821 4758 2993 4829 ignari
3054 4755 3233 4824 agitis.
3286 4754 3515 4819 Quanto-

1934 4854 2107 4923 magis
2147 4854 2474 4907 miraculum
2517 4854 2825 4923 opprimere
2868 4853 3120 4916 studetis,
3154 4859 3305 4906 tanto
3330 4848 3507 4918 magis

1937 4944 2113 5015 ipsum
2155 4943 2489 4998 inclarescit.
2540 4942 2777 4999 Rursum
2815 4943 3206 5013 percontamini
3231 4981 3245 5006 ,
3276 4956 3379 5011 qua
3412 4956 3503 4993 ra-

1935 5037 2081 5091 tione
2108 5036 2282 5091 risum
2317 5037 2611 5106 receperint
2655 5055 2668 5090 :
2696 5035 2809 5105 jam
2845 5044 2925 5089 ter
2958 5034 3214 5095 indicari,
3247 5048 3348 5086 nec
3375 5047 3499 5087 cre-

1934 5125 2152 5180 didistis
2205 5126 2358 5181 mihi.
2410 5143 2429 5176 ι
2477 5125 2617 5192 Quid
2659 5127 2851 5180 iterum
2889 5126 3053 5179 vultis
3092 5123 3321 5179 audire?
3354 5140 3499 5178 nun-

1934 5216 2063 5285 quid
2092 5225 2143 5269 οι
2167 5229 2269 5270 vos
2310 5215 2475 5269 vultis
2518 5215 2768 5283 discipuli
2804 5215 2923 5285 ejus
2962 5213 3180 5269 ﬁeri"?
3213 5233 3232 5265 ι
3273 5214 3353 5267 Αη
3378 5214 3502 5269 ideo

1936 5307 2179 5363 studiose
2249 5306 2554 5362 curationis
2603 5306 2797 5360 seriem
2884 5305 3236 5376 perquiritis?
3312 5304 3365 5359 Si
3445 5304 3500 5361 id

1933 5398 2156 5467 Optatis,
2214 5396 2326 5466 iam
2373 5398 2613 5451 accedite
2674 5398 2737 5450 ad
2793 5398 2943 5451 illum
2995 5399 3112 5452 sine
3140 5397 3502 5462 dubitatione,

1934 5496 1983 5542 et
2018 5488 2394 5542 illuminamini
2433 5506 2448 5543 ;
2482 5488 2759 5557 agnoscite
2793 5489 2940 5543 illum
2972 5491 3087 5545 sine
3121 5490 3303 5561 aliqua
3336 5490 3507 5548 dubia

2012 5801 2123 5873 (86)
2157 5800 2289 5872 Reg.
2328 5802 2376 5868 1,
2405 5800 2458 5867 2,
2484 5799 2575 5854 καὶ
2606 5797 2693 5854 διὰ
2725 5797 2894 5853 τοῦτο.
