4022 6382
559 351 710 408 1019

1695 349 1753 404 S.
1794 344 2266 402 ATHANASIUS.
2307 373 2376 385 -—
2417 343 2700 400 SPURIA.
2789 373 2796 378 -

3693 347 3816 401 1091)

567 467 774 522 tatione
808 485 821 520 :
855 481 964 520 non
998 472 1280 520 aversatur:
1309 465 1566 534 quemvis.
1599 463 1874 519 hominem
1917 478 1978 518 se
2005 477 2130 517 cum

2245 462 2506 526 πως,καὶ
2537 459 2875 532 φωτίσθητε·
2903 460 3206 534 γνωρίσατε
3217 461 3392 517 αὑτὸν
3413 463 3811 535 ἀναμφιϐόλως·

567 558 675 614 fide
702 557 1010 612 adeuntem.
1051 553 1176 608 Ηεεο
1199 570 1323 608 cum
1352 553 1644 610 audissent.
1665 553 1947 617 Pharisaei,
1979 553 2140 609 male-

567 651 824 705 dixerunt
859 662 982 703 eum
1024 645 1114 700 cui
1175 648 1320 702 visus
1367 645 1548 701 fuerat
1587 649 1911 714 restitutus,
1946 647 2137 702 dicen.-

567 750 653 796 tes
699 739 801 809 ipsi
852 757 866 792 :
919 755 941 789 ι
991 735 1072 791 'l‘u
1117 735 1422 807 discipulus
1476 738 1623 794 illius
1673 754 1736 794 es
1789 756 1803 794 :
1848 751 1954 793 nos
1991 737 2138 792 enim

566 829 735 884 Mosis
798 827 1054 896 discipuli
1119 842 1331 882 sumus.
1392 824 1504 881 Nos
1553 826 1761 882 scimus
1814 821 2141 896 quiaMosi

562 921 782 976 locutus
829 928 913 974 est
961 917 1132 973 Deus.
1161 937 1188 974 :.
1224 919 1371 973 hunc
1415 924 1596 973 autem
1658 919 1937 974 nescimus
1997 914 2142 970 unde

553 1010 652 1065 sit.
704 1007 782 1062 Tu
811 1007 1137 1078 discipulus.
1161 1009 1306 1064 illius
1347 1025 1409 1066 es
1443 1010 1510 1064 ".
1540 1029 1560 1062 ι
1598 1006 1701 1074 Qui
1735 1017 1916 1063 autem
1962 1009 2142 1062 visum

557 1109 863 1165 acceperat
893 1099 1228 1155 subridendo
1283 1097 1568 1169 respondit
1617 1115 1632 1152 :
1677 1096 1792 1168 Ego
1841 1095 2142 1166 discipulus

560 1191 710 1246 illius
742 1191 898 1246 sum?
925 1191 1126 1244 bonum
1169 1191 1302 1244 mihi
1349 1188 1658 1245 convicium
1700 1188 1930 1246 fecistis.
1953 1185 1998 1242 0
2029 1187 2143 1258 glo—

560 1285 766 1340 riosam
843 1285 1267 1339 contumeliam!
1347 1282 1540 1354 Magna
1602 1297 1690 1338 me
1770 1280 2145 1351 imprudentes

559 1373 737 1444 gloria
769 1372 1055 1428 aﬂ‘ecistis.
1088 1371 1200 1428 Vos
1227 1372 1396 1428 Mosis
1424 1373 1560 1428 estis
1593 1370 1888 1442 discipuli?
1921 1367 2142 1440 Ecquod

562 1464 847 1534 potestatis
877 1472 1072 1521 vestra:
1097 1480 1235 1535 opus
1277 1462 1572 1520 edidistis?
1604 1462 1713 1520 Vos
1739 1461 1955 1534 quidem
1978 1460 2144 1516 Mosis

561 1557 698 1614 estis
749 1555 1077 1628 discipuli;.
1132 1556 1228 1612 sed
1286 1557 1520 1627 apostoli
1569 1563 1699 1612 sunt
1777 1553 1978 1610 medici
2035 1553 2140 1606 mei

564 1643 842 1714 discipuli.
871 1644 1174 1709 Ostendite,
1202 1643 1372 1701 Mosis
1401 1645 1678 1716 discipuli,
1711 1644 1917 1714 aliquid
1951 1649 2144 1698 contra

563 1735 866 1804 discipulos
897 1734 1094 1790 medici
1130 1735 1258 1789 mei.
1295 1733 1350 1788 Si
1381 1733 1510 1804 quid
1547 1733 1700 1788 vobis
1739 1732 1868 1786 insit
1903 1737 2144 1802 potesta-

2239 554 2340 608 οὐκ
2367 553 2768 624 ἀποστρέφεται
2793 551 3038 623 τὸνμετά
3059 552 3296 618 πίστεως
3327 554 3634 624 προσιόντα
3660 556 3813 628 αὐτῷ.

2241 644 2428 698 Ταῦτα
2449 643 2782 708 ἀκούσαντες
2796 645 2846 696 οί
2869 645 3169 716 Φαρισαῖοι,
3187 644 3545 717 ἐλοιδόρησαν
3572 646 3667 700 τὸν
3695 648 3815 701 ἀνα-

2241 734 2535 806 ϐλέψαντα,
2563 732 2810 804 λέγοντες
2843 733 3024 805 αὐτῷ’
3057 753 3076 786 ι
3112 735 3185 789 Σὺ
3221 729 3274 788 εἳ
3302 735 3566 807 μαθητὴς
3587 737 3810 790 ἐκείνου·

2243 828 2403 899 ἡμεῖς
2425 825 2658 898 γάρτοῦ
2683 826 2926 890 Μωσέως
2953 825 3120 897 ἐσμὲν
3149 825 3412 898 μαθηταί.
3464 826 3659 898 Ἡμεῖς
3687 827 3813 883 οἴδα-

2245 935 2364 991 μιεν,
2390 921 2473 974 ὅτι
2501 921 2674 990 Μωαῇ
2702 917 2992 990 λελάληκεν
3017 921 3046 973 ὁ
3069 918 3228 982 Θεός·
3259 918 3531 972 τοῦτονδὲ
3561 921 3664 972 οὐκ
3687 920 3811 974 οῖδα-

2246 1031 2364 1084 μεν,
2393 1013 2573 1068 ,πόθεν
2605 1012 2741 1066 ὲστί.
2813 1014 2886 1067 Σὺ
2925 1009 2977 1067 εἴ
3024 1011 3272 1084 μαθητὴς
3316 1015 3559 1069 ἐκείνου.
3608 1034 3630 1068 ι
3689 1014 3810 1070 'oe

2243 1102 2570 1174 ἀναϐλέψας,
2609 1102 3016 1173 ὑπομειδιάσας,
3051 1103 3388 1174 ἀπεκρίνατο
3413 1103 3626 1172 λέγων’
3686 1104 3810 1173 Ἐγώ

2242 1193 2357 1264 εἰμι
2385 1193 2630 1265 μαθητὴς
2655 1193 2900 1260 ἐκείνους
2935 1192 3112 1256 καλῶς
3154 1191 3372 1257 ἑλέξατε
3411 1193 3810 1265 λοιδορήσαντες

2245 1302 2332 1356 με.
2373 1287 2436 1338 Ὢ
2480 1284 2689 1357 ὕϐρεως
2716 1285 2961 1352 ἐνδόξουι
3005 1282 3325 1351 Ἐδοξάσατέ
3365 1301 3435 1356 με
3473 1284 3696 1354 μᾶλλον,
3729 1285 3808 1339 καὶ

2241 1377 2340 1430 οὐκ
2365 1376 2562 1431 οἴδατε.
2596 1375 2702 1430 Τοῦ
2727 1376 2968 1440 Μωσέως
3005 1376 3126 1429 ἐστὲ
3173 1375 3453 1447 μαθηταί;
3483 1376 3603 1430 Καὶ
3647 1376 3700 1430 τί
3732 1377 3809 1429 δυ-

2243 1468 2459 1538 νάμεως
2493 1465 2844 1532 ἀπεδείξασθε
2882 1467 3041 1540 ἔργον
3061 1483 3082 1533 ;-
3109 1467 3302 1538 Ὑμεῖς
3327 1467 3429 1538 μὲν
3456 1467 3555 1522 τοῦ
3583 1466 3809 1529 Μωσέως

2243 1560 2366 1613 sm
2402 1559 2671 1631 μαθηταί·
2704 1560 2752 1612 οἱ
2786 1558 3159 1612 δὲάπόστολοι
3187 1558 3280 1613 τοῦ
3305 1559 3443 1631 ἐμοῦ
3483 1559 3674 1631 ἰατροῦ
3717 1562 3811 1612 εἱσι

2245 1651 2504 1723 μαθηταί.
2533 1649 2979 1718 Ἐπιδείξατεκαὶ
3005 1651 3158 1720 ὑμεῖς
3180 1650 3230 1702 oi
3254 1650 3350 1703 τοῦ
3371 1649 3624 1713 Μωσέως
3655 1649 3810 1720 μαθη-

2242 1743 2332 1797 ταί
2358 1743 2411 1797 τί
2441 1760 2570 1796 ποτε
2604 1741 2746 1796 κατά
2780 1741 2888 1795 τῶν
2920 1738 3174 1812 μαθητῶν
3198 1739 3292 1794 τοῦ
3335 1741 3474 1811 ἐμοῦ
3513 1741 3718 1812 ἰατροῦ.
3756 1741 3814 1794 Ei

565 1832 660 1889 tis.
694 1843 803 1882 non
836 1827 1014 1882 dicam
1049 1834 1295 1882 mortuos
1317 1869 1332 1892 ,
1368 1827 1466 1883 sed
1503 1825 1836 1881 dormientes
1881 1823 2133 1887 excitate,

2245 1835 2292 1888 τί
2325 1851 2455 1888 ποτε
2481 1834 2761 1905 δυνάμεως
2791 1833 2962 1904 ἔχετε,
2992 1832 3052 1886 ού
3081 1831 3221 1902 λέγω
3243 1833 3498 1904 νεκροὺς,
3520 1835 3652 1896 τοὺς
3687 1833 3806 1886 xuii.-

564 1922 712 1976 sicut
763 1921 992 1990 apostoli
1053 1919 1364 1975 defunctos.
1435 1916 1494 1974 Si
1543 1917 1806 1988 apostolis
1863 1915 2138 1985 exaequari

566 2013 839 2082 potestis;
873 2027 980 2066 non
1016 2009 1194 2064 «licam
1239 2023 1405 2078 super
1442 2007 1650 2074 undas,
1686 2005 1782 2062 sed
1827 2022 1994 2078 super
2026 2017 2137 2061 ter.-

567 2117 684 2158 ram
715 2103 1009 2166 ambulate,
1041 2100 1204 2156 sicuti
1237 2101 1433 2156 Petrus
1482 2114 1646 2170 super
1693 2113 1866 2153 mare.
1900 2097 1957 2152 Si
2007 2097 2137 2168 quid

567 2195 712 2250 inest
753 2195 1002 2256 virtutis.
1049 2209 1172 2248 cum
1214 2193 1492 2262 apostolis.
1525 2197 1860 2255 concertate,
1906 2205 2015 2246 non
2055 2189 2140 2244 di-

561 2300 684 2340 cam
716 2285 966 2356 spiritus,
1013 2283 1110 2338 sed
1147 2299 1276 2339 aves
1307 2283 1528 2353 abigite,
1569 2281 1721 2336 sicut
1752 2280 1983 2350 apostoli
2027 2279 2138 2335 da:-

565 2387 776 2428 mones.
813 2373 980 2428 Dicite
1017 2371 1154 2426 mihi
1195 2387 1214 2426 :
1245 2369 1428 2426 Vosne
1463 2369 1631 2424 Mosis
1674 2367 1929 2439 discipuli
1971 2369 2141 2424 estis?

567 2463 628 2518 Si
663 2464 829 2522 Mosis
861 2465 1118 2535 discipuli
1158 2464 1390 2526 essetis,
1429 2461 1726 2517 crederetis
1761 2459 1898 2516 Mosi
1938 2461 2140 2516 dicenti

563 2555 636 2610 de
677 2557 796 2626 ipso
843 2574 857 2611 :
904 2575 922 2606 ι
975 2555 1246 2622 Quoniam
1300 2554 1618 2624 prepbetam
1671 2551 1828 2606 vobis
1884 2551 2144 2607 excitabit

568 2647 836 2704 Dominus
879 2647 1024 2702 Deus
1069 2647 1138 2702 de
1185 2645 1448 2701 fratribus
1479 2643 1696 2708 vestris,
1735 2650 1992 2713 tanquam
2032 2658 2142 2698 me.

568 2736 752 2806 ipsum
805 2739 1041 2794 audietis
1083 2739 1239 2810 juxta
1287 2737 1471 2793 omnia
1525 2751 1860 2806 quaecunque
1927 2736 2143 2792 locutus

572 2829 732 2883 fuerit
769 2830 942 2885 vobis.
980 2829 1096 2884 Erit
1132 2838 1338 2894 autem,
1371 2828 1551 2884 omnis
1590 2827 1770 2880 anima
1807 2841 2145 2897 quaecunque

569 2935 678 2996 non
703 2919 935 2974 audierit
960 2919 1280 2990 prophetam
1322 2918 1496 2980 illum,
1533 2916 1988 2972 exterminabitur
2015 2917 2084 2972 ⁸⁸.
2117 2935 2137 2968 ι

566 3007 771 3062 Cavete
822 3022 890 3061 ne
946 3007 1508 3070 extermineinini,.et
1549 3007 1608 3060 in
1658 3021 1850 3062 omnes
1895 3006 2144 3062 nationes

571 3098 984 3168 ilispergamini,
1041 3105 1231 3169 utpote
1276 3097 1368 3167 qui
1417 3097 1564 3154 illius
1618 3111 1648 3150 a
1693 3096 1957 3168 propheta
2005 3087 2180 3169 prae-ﬂ

573 3191 814 3244 nuntiati
861 3190 1098 3246 hominis
1162 3190 1424 3245 virtutem
1488 3205 1599 3244 non
1651 3189 2002 3259 agnoveritis.
2056 3187 2140 3242 An

568 3281 838 3351 ignoratis
905 3283 998 3350 qui
1056 3281 1130 3336 sit
1186 3282 1475 3336 oculorum
1545 3296 1796 3336 meorum
1855 3279 2142 3334 medicus?

572 3371 841 3442 lgnoratis
897 3367 1104 3442 utiq'ue,
1140 3372 1268 3442 quia
1313 3371 1675 3427 occidendum
1717 3370 1980 3441 quaaritis.
2030 3368 2142 3424 No-

571 3464 673 3518 stis
698 3478 860 3532 porro
899 3463 994 3534 qui
1040 3463 1135 3530 sit,
1168 3471 1223 3518 et
1253 3463 1398 3518 unde
1428 3463 1520 3518 sit.
1560 3446 1696 3516 Nam
1734 3478 1859 3516 cum
1897 3461 2144 3518 Herodes

571 3554 946 3610 sciscitaretur
1005 3571 1037 3609 a
1101 3555 1278 3620 vobis,
1333 3554 1428 3609 ubi
1489 3554 1748 3610 Christus
1801 3564 2142 3620 nasceretur,

527 3689 534 3698 .
571 3646 860 3702 confestim
913 3658 967 3704 et
1011 3649 1186 3702 locum
1223 3657 1277 3703 et
1313 3647 1558 3702 modum.
1585 3648 1897 3710 indicastis,
1937 3647 2145 3703 aientes

575 3753 700 3792 eum
750 3739 806 3792 in
845 3737 1153 3793 Bethlehem
1211 3737 1570 3792 nasciturum.
1628 3739 1764 3794 Cum
1815 3739 1884 3792 ad
1942 3737 2144 3792 eadem

571 3832 860 3902 quaeritur,
893 3830 1068 3886 nostis
1093 3846 1109 3896 ;
1139 3845 1264 3884 cum
1292 3830 1555 3886 miracula
1588 3839 1932 3902 perpetrasse
1961 3838 2147 3884 osten-

569 3921 746 3984 ditur,
786 3921 1072 3990 ignoratis.

647 4013 734 4066 15.
775 4009 892 4064 Erit
922 4013 1047 4080 quis
1085 4009 1317 4064 fortasse
1354 4009 1447 4073 qui
1481 4007 1911 4080 reponat,.Unde
1941 4009 2146 4066 scimus

571 4119 782 4158 caecum
817 4103 968 4156 illum
1000 4101 1092 4170 qui
1124 4103 1300 4156 visum
1329 4107 1633 4170 receperat,
1666 4107 1778 4153 tam
1812 4101 1982 4170 probe
2021 4114 2146 4155 cum

2239 1924 2490 1986 εὕδοντας
2528 1923 2863 1988 διυπνίσατε,
2925 1921 3000 1985 ὡς
3035 1920 3565 1986 οίάπόστολοιτοὺς
3596 1921 3810 1977 τεθνεῶ-

2239 2033 2359 2080 τας.
2400 2017 2463 2069 Εί
2491 2014 2720 2069 δύνασθε
2755 2016 2868 2078 τοῖς
2899 2013 3226 2077 ἀποστόλοις.
3242 2013 3578 2090 ἐξισοῦσθαι,
3599 2016 3659 2069 οὐ
3683 2017 3809 2084 λέγω

2240 2109 2334 2161 ἐπὶ
2368 2107 2556 2171 ὓδατος
2574 2147 2590 2172 ,
2635 2107 2728 2160 ἐπὶ
2751 2107 2854 2176 γῆς
2884 2105 3154 2176 βαδίσατε,
3181 2106 3264 2170 ὡς
3291 2107 3322 2160 ό
3356 2106 3571 2178 Πέτρος
3610 2109 3702 2162 ἐπὶ
3723 2108 3808 2162 03-

2239 2193 2466 2265 λάσσης.
2490 2195 2557 2248 Et
2586 2211 2638 2246 τι
2669 2193 2950 2264 δυνάμεως
2975 2193 3150 2265 ἔχετε,
3173 2195 3286 2258 τοῖς
3313 2195 3638 2261 ἀποστόλοις
3667 2197 3807 2267 ego.

2241 2285 2425 2348 λᾶσθε,
2453 2287 2512 2338 ού
2549 2285 2703 2354 λέγω.
2727 2284 3120 2357 πνεύματα,τά
3151 2286 3316 2358 ὄρνεα
3351 2289 3646 2358 σοδήσατε,
3676 2289 3807 2352 ὼςοί

2241 2373 2530 2428 ἀπόστολοι
2559 2375 2686 2436 τοὺς
2723 2373 3000 2444 δαίμονας.
3039 2375 3257 2431 Εῖπατέο
3283 2395 3402 2448 μοι·
3439 2379 3551 2432 Τοῦ
3582 2380 3807 2444 Μωσέως

2244 2466 2366 2519 ἐστὲ
2401 2465 2672 2536 μαθηταί;
2713 2466 2775 2519 El
2804 2465 3046 2530 Μωσέως
3087 2467 3210 2520 ὲστὲ
3248 2467 3523 2541 μαθηταὶ,
3564 2471 3805 2542 ὲπειθαρ-

2243 2559 2385 2627 χεῖτε
2413 2557 2479 2610 ἂν
2503 2555 2580 2627 τῷ
2604 2556 2776 2626 Μωσῇ
2807 2553 3017 2623 λέγοντι
3045 2555 3174 2627 περὶ
3213 2554 3379 2609 αὑτοῦ
3401 2574 3414 2588 ο
3460 2576 3482 2609 ι
3529 2559 3655 2613 ’Ὁτι
3685 2575 3802 2629 προ-

2244 2649 2420 2718 φήτην
2450 2647 2578 2718 ὑμῖν
2601 2647 2895 2716 ἀναστήσει
2929 2645 3130 2718 Κύριος
3155 2648 3185 2700 ὁ
3203 2647 3335 2710 Θεὸς
3355 2650 3421 2701 ὲκ
3444 2647 3557 2702 τῶν
3581 2648 3804 2718 ἀδελφῶν

2245 2737 2419 2808 ὑμῶν,
2457 2737 2533 2800 ὼς
2555 2739 2674 2808 ἐμὲ.
2702 2735 2879 2790 Αὑτοῦ
2906 2736 3203 2792 ἀκούσεσθε
3229 2737 3373 2792 κατά
3399 2738 3608 2803 πάντα,
3636 2740 3730 2793 ὅσα
3747 2738 3803 2792 ἂν

2244 2828 2449 2900 λαλήσῃ
2473 2829 2606 2900 πρὸς
2627 2829 2792 2900 ὑμᾶς.
2827 2829 3018 2882 Ἔσται
3041 2827 3120 2892 δὲ,
3148 2830 3300 2882 πᾶσα
3328 2828 3474 2900 ψυχὴ
3496 2831 3620 2901 ἥτις
3651 2829 3713 2884 ἂν
3742 2827 3804 2900 μὴ

2245 2921 2452 2994 ἀκούσῃ
2496 2923 2590 2974 τοῦ
2634 2921 2913 2992 προφήτου
2948 2919 3178 2987 ἐκείνου,
3229 2920 3755 2995 ἐξολοθρευθήσεται.
3783 2941 3800 2972 ι

2246 3013 2482 3067 Βλέπετε
2521 3013 2595 3084 μὴ
2617 3010 3152 3084 ὲξολοθρευθήσεσθε,
3181 3013 3276 3066 καὶ
3303 3015 3384 3076 είς
3404 3014 3585 3068 πάντα
3604 3014 3672 3068 τὰ
3691 3013 3802 3084 ἔθνη

2245 3101 2708 3174 διασπαρήσεσθε,
2735 3101 2810 3166 ὡς
2847 3101 2941 3154 τοῦ
2973 3102 3441 3174 προφητευθέντος
3459 3104 3564 3176 τὴν
3598 3103 3806 3174 δύναμιν

2249 3197 2323 3270 μὴ
2366 3195 2742 3268 γνωρίζοντες.
2790 3197 2906 3249 Οὐκ
2944 3194 3120 3248 οἴδατε
3159 3195 3243 3260 τίς
3281 3199 3430 3250 ἐστιν
3473 3198 3504 3250 ὁ
3542 3197 3650 3250 τῶν
3674 3195 3806 3267 ἐμῶν

2244 3289 2536 3361 ὀφθαλμῶν
2557 3288 2911 3360 περιοδευτής
2931 3305 2946 3354 ;
2965 3287 3078 3341 Οὐκ
3103 3287 3298 3350 οῖδατε,
3340 3287 3530 3359 ἐπειδὴ
3559 3289 3697 3360 πρὸς
3724 3285 3805 3356 φό-

2245 3397 2335 3434 νον
2363 3379 2524 3434 αὑτὸν
2559 3378 2791 3448 ζητεῖτε.
2818 3376 3008 3431 Οἴδατε
3039 3377 3096 3430 δὲ
3121 3379 3214 3432 καὶ
3235 3377 3317 3442 τίς
3345 3379 3462 3430 ἐστι
3479 3417 3496 3442 ,
3531 3379 3628 3432 καὶ
3663 3377 3805 3430 πόθεν

2245 3471 2413 3526 ἐστίν.
2451 3471 2580 3523 Ὅτε
2619 3468 2728 3541 γὰρ
2773 3468 2925 3538 παρά
2984 3465 3222 3540 Ἢρὼδου
3274 3467 3598 3538 ἡρωτᾶσθε,
3646 3467 3744 3522 ποῦ
3778 3465 3806 3517 δ

2246 3559 2480 3632 Χριστὸς
2509 3560 2784 3628 γεννᾶται,
2816 3556 3120 3622 εὐθυϐόλως
3151 3557 3244 3610 καὶ
3282 3558 3373 3611 τὸν
3401 3557 3572 3614 τόπον
3605 3558 3694 3611 καί
3729 3555 3806 3610 τὸν
3843 3549 3848 3553 ’

2245 3649 2443 3720 τρόπον
2475 3648 2834 3721 ἀνηγγείλατε
2861 3647 3131 3718 λέγοντες,
3160 3647 3242 3702 δτι
3269 3649 3327 3702 ὲν
3356 3647 3609 3720 Βηθλεὲμ
3629 3647 3804 3718 γεννᾶ-

2245 3759 2357 3796 ται.
2388 3744 2516 3796 Ὅτε
2548 3745 2683 3816 πρὸς
2717 3741 3062 3813 φονοκτονίαν
3091 3742 3448 3812 ὲπιζητεῖται,
3489 3741 3802 3814 γνωρίζετε
3897 3747 3901 3750 ’

2246 3834 2334 3887 ὅτε
2366 3833 2422 3888 δὲ
2458 3833 2596 3906 πρὸς
2643 3831 3080 3906 θαυματουργίαν
3119 3831 3482 3898 ἐνδείκνυται,
3528 3832 3590 3884 οὐ
3625 3828 3803 3901 γνωρί-
3901 3857 3910 3868 -

2281 3942 2392 3978 ετε.

2281 3942 2392 3978 ετε.

2247 3925 2280 3990 ζ
2321 4018 2603 4072 15..Ἔστι
2631 4015 2944 4078 δὲπάντως
2983 4015 3158 4068 εἰπεῖν
3176 4013 3454 4078 «tvm-Kal
3497 4013 3662 4068 πόθεν
3690 4011 3805 4084 ἡμῖν

2248 4111 2282 4178 ἡ
2321 4107 2544 4176 γνῶσις,
2571 4106 2654 4159 ὅτι
2686 4107 2716 4158 δ
2745 4103 3047 4174 ἀναὸλέψας
3078 4104 3272 4173 τυφλὸς
3315 4102 3590 4176 τοσαύτην
3620 4103 3804 4156 δικαιο-

572 4195 914 4251 Pharisaicis
959 4196 1239 4267 judicibus
1303 4194 1696 4250 contendisse?
1747 4193 1888 4260 Quid
1942 4195 2048 4258 ais,
2114 4208 2144 4248 ο

2253 4199 2442 4268 λογίαν
2469 4193 2582 4270 εἶχε
2631 4196 3123 4270 ποιήσασθαι.ιπρδς
3149 4195 3274 4260 τοὺς
3306 4197 3673 4266 Φαρισαῖκοῦς
3703 4211 3807 4266 κρι·

579 4285 796 4340 amice?
821 4285 1022 4340 ferrum
1057 4285 1168 4355 igni
1199 4285 1479 4338 admotum
1513 4299 1740 4355 prorsus
1771 4285 2021 4356 ignescit,
2056 4283 2144 4338 ubi

2249 4289 2476 4356 τάς;.Τί
2507 4287 2705 4359 λέγεις,
2737 4283 2782 4342 ὦ
2809 4287 2962 4357 (pile;
3008 4286 3221 4357 σίδηρος
3253 4286 3386 4357 πυρὶ
3415 4285 3808 4356 προσομιλήσας

577 4377 820 4440 acuitur,
897 4377 1100 4432 scindit
1165 4376 1518 4442 acutissime;
1578 4381 1633 4430 et
1687 4375 1790 4430 iste
1858 4375 2144 4431 dominicis

2249 4383 2388 4446 ὅλως
2429 4380 2820 4454 πυρακτοῦται,
2856 4379 2950 4432 καὶ
2992 4375 3286 4449 στομωθεὶς
3324 4375 3560 4440 ὀξύτατα
3598 4377 3804 4446 τέμνει-⁹

581 4467 836 4522 manibus
885 4473 1280 4528 contrectatus,
1328 4481 1392 4519 ac
1433 4464 1616 4519 divino
1668 4463 1926 4519 inunctus
1966 4473 2144 4536 sputo.

2255 4475 2350 4528 καὶ
2384 4465 2538 4536 οὗτος
2567 4471 2676 4526 τῶν
2701 4468 3042 4524 Δεσποτικῶν
3068 4467 3266 4539 χειρῶν
3291 4467 3544 4532 ἀξιωθεὶς
3561 4506 3578 4533 ,
3611 4467 3703 4522 καὶ
3726 4461 3806 4520 τοῦ

579 4573 765 4614 nonne
794 4560 972 4630 potuit
1013 4560 1218 4628 absque
1273 4557 1710 4628 syllogismorum
1750 4562 2014 4624 apparatu
2057 4555 2144 4609 ad-

2256 4563 2436 4618 θεῖκοῦ
2481 4563 2896 4634 ὲμπτύσματος,
2951 4561 3052 4614 οὐκ
3099 4555 3241 4630 εἶχεν
3282 4557 3643 4627 ἀσυλλόγιστα
3683 4553 3808 4610 κατὰ

581 4665 776 4709 versus
829 4650 1108 4722 improbos
1175 4649 1422 4704 rhetores
1489 4645 1906 4718 argumentari?
1955 4643 2144 4701 Annon

2251 4655 2360 4708 τῶν
2423 4654 2752 4726 παρανόμων
2813 4653 3060 4725 ρητόρων
3117 4649 3496 4719 σοφιστεύειν;
3563 4650 3638 4702 οὐ
3694 4645 3808 4717 περὶ

584 4743 653 4798 de
691 4743 785 4798 illo
839 4758 904 4797 ac
957 4743 1037 4797 illi
1075 4740 1345 4797 similibus
1397 4739 1582 4794 divina
1632 4737 1768 4792 dicit
1818 4735 2150 4808 Scriptura:

589 4855 610 4890 ‹
652 4835 916 4891 Dominus
946 4834 1221 4904 sapientes
1246 4832 1424 4887 reddit
1454 4845 1630 4887 cmcos
1652 4829 1739 4883 I"’1'
1778 4850 1798 4882 ›
1837 4829 2152 4900 Opportune

585 4927 858 4983 hominem
895 4923 1005 4998 qui
1041 4926 1186 4980 miro‘
1217 4923 1378 4980 modo
1415 4924 1594 4979 visum
1632 4922 1859 4992 recepit,
1904 4921 1998 4993 qui
2038 4923 2153 4976 sin-

585 5033 711 5073 cere
754 5015 984 5072 Domino
1016 5014 1266 5078 credidit,
1301 5014 1394 5084 qui
1423 5011 1624 5069 Iudaeis
1666 5012 1880 5068 fortiter
1915 5011 2151 5076 obstitit,

587 5109 985 5173 rationabilem,
1016 5109 1366 5178 morigeram,
1397 5108 1538 5164 lacte
1577 5107 1966 5163 exuberantem
1994 5120 2152 5162 ovem

587 5217 786 5258 vocare
846 5203 992 5260 licet.
1046 5201 1208 5256 Novit
1271 5201 1416 5255 enim
1497 5209 1774 5270 pastorum
1848 5199 2153 5270 principem

586 5294 892 5360 Christum,
923 5294 1272 5350 Pharisaicos
1303 5293 1490 5364 ellugit
1517 5294 1672 5363 lupos
1707 5313 1719 5348 :
1755 5293 2035 5364 ingressus
2068 5300 2154 5348 est

591 5400 686 5453 per
716 5387 900 5442 crucis
925 5395 1134 5456 portam
1170 5387 1224 5441 in
1265 5386 1701 5442 ecclesiasticum
1731 5388 1894 5442 ovile.
1938 5384 2154 5440 Audisti

600 5475 760 5530 modo
796 5477 1066 5532 dicentem
1105 5478 1394 5532 Dominum
1441 5494 1454 5529 :
1502 5497 1521 5529 ι
1567 5478 1779 5541 Amen,
1818 5493 1977 5532 amen
2031 5477 2155 5531 dico

591 5567 768 5630 vobis,
803 5569 894 5636 qui
933 5585 1039 5622 non
1075 5570 1240 5624 intrat
1277 5588 1372 5642 per
1399 5571 1602 5626 ostium
1656 5570 1712 5624 in
1760 5569 1901 5624 ovile
1945 5568 2150 5632 ovium,

2251 4747 2438 4804 τούτου
2467 4747 2561 4802 καὶ
2583 4747 2690 4800 τῶν
2715 4745 2966 4800 τοιούτων
2987 4743 3168 4811 ἔλεγεν
3194 4743 3227 4812 ή
3255 4740 3374 4794 θεία
3405 4741 3598 4814 Γραφή
3623 4758 3638 4772 ο
3667 4759 3684 4792 ι
3711 4737 3808 4792 Κύ-

2253 4855 2368 4910 ριος
2401 4838 2556 4908 σαροῖ
2589 4834 2854 4904 τυφλούς;
2895 4853 2914 4886 ι
2948 4831 3217 4902 Εῦκαιρον
3243 4831 3337 4884 καὶ
3367 4830 3558 4884 τοῦτον
3597 4831 3687 4884 τὸν
3715 4844 3806 4882 πα-

2254 4927 2486 4998 ραδόξως
2525 4923 2923 4994 ἀναόλέψαντα,
2973 4921 3065 4977 καὶ
3095 4919 3174 4991 τῷ
3220 4919 3407 4990 Κυρίῳ
3443 4919 3683 4991 γνησίως
3730 4933 3808 4970 πι-

2255 5017 2577 5083 στεύσαντα,
2600 5017 2696 5072 καὶ
2731 5015 2871 5070 κατά
2903 5015 3170 5070 Ἰουδαίων
3209 5010 3480 5084 κραταιῶς
3514 5009 3808 5080 ὲνισχύσαν-

2249 5126 2339 5175 τα,
2363 5091 2598 5178 λογικὸν,
2633 5106 2905 5172 εὐπειθὲς,
2931 5103 3332 5173 πολυγωιακτον
3359 5101 3628 5172 πρόϐατον
3658 5112 3808 5170 προσ-

2253 5202 2448 5254 ειπεῖν.
2525 5199 2791 5267 Ἐπέγνω
2829 5196 2938 5269 γὰρ
2992 5196 3084 5249 τὸν
3140 5189 3506 5263 ἀρχιποιμένα
3553 5189 3805 5262 Χριστὸν,

2252 5292 2570 5364 ἀπεπήδησε
2614 5290 2742 5354 τοὺς
2796 5288 3159 5360 ⁴ιναρισαῖκοὺς
3207 5285 3434 5346 λύκους·
3471 5282 3687 5354 εἰσῆλθε
3729 5276 3805 5332 διὰ

2259 5383 2358 5454 τῆς
2390 5381 2686 5452 σταυρικῆς
2730 5379 2901 5450 θύρας
2945 5379 3024 5442 είς
3060 5378 3158 5448 τὴν
3196 5372 3650 5446 ἐκκλησιαστικὴν
3685 5369 3804 5441 μάν·

2259 5473 2412 5543 δραν.
2440 5473 2672 5534 Ἥκουες
2697 5463 2898 5542 ἀρτίως
2920 5468 3012 5522 τοῦ
3035 5467 3240 5538 Κυρίου
3264 5465 3510 5534 λέγοντος
3528 5481 3542 5494 ·
3572 5484 3590 5514 ι
3633 5459 3805 5531 Ἀμὴν,

2260 5565 2406 5636 ἀμὴν
2439 5563 2580 5632 λέγω
2607 5565 2756 5634 ὑμῖν,
2782 5565 2811 5616 ὀ
2855 5561 2930 5633 μὴ
2971 5559 3343 5634 εἰσερχόμενος
3389 5558 3476 5611 διὰ
3512 5551 3805 5626 τῆςθύρας

665 5739 900 5817 ⁸⁸]οοη.
931 5760 1006 5810 ix,
1040 5746 1144 5813 28,
1179 5747 1270 5801 ἓξ).
1347 5747 1390 5779 ⁸⁵
1429 5746 1583 5800 Deut.
1622 5763 1773 5814 xviii,
1802 5747 1889 5812 l5,
1922 5747 2016 5814 l9;
2052 5747 2166 5802 Act.
2207 5762 2264 5802 Ill
2287 5785 2301 5812 ,
2336 5745 2440 5812 22,
2475 5745 2564 5800 25.
2641 5745 2684 5778 ⁸⁷
2717 5743 2860 5800 Psal.
2892 5758 3051 5810 cxu,
3085 5744 3136 5799 8.
