4022 6382
274 332 406 390 1021

1247 335 1524 393 ΗΟΜΙΙΛᾹ
1565 338 1631 391 lN
1668 337 1929 394 CAECUM
1968 340 2013 392 A
2052 338 2492 395 NATIVITATE.

3341 348 3362 406 l
3375 352 3481 407 022

268 448 351 511 είς
375 446 477 517 τὴν
509 446 678 517 αὐλὴν
712 446 821 499 τῶν
851 446 1154 518 προϐάτων,
1178 451 1314 504 ἀλλά
1344 451 1643 505 ἀναϐαίνων
1666 452 1812 505 ἀλλα-

1930 452 2026 507 sed
2076 455 2316 509 ascendit
2369 454 2610 520 aiiunde,
2664 457 2890 514 ille‘l‘ur
2939 466 3024 514 est
3075 468 3128 514 et
3172 460 3312 514 latro
3347 462 3414 514 ⁸⁸.
3456 483 3477 514 ι

268 536 458 607 χόθεν,
485 537 722 607 κλέπτης
759 538 874 590 ἐστὶ
919 539 1013 591 καὶ
1050 539 1266 611 λῃστής.
1307 562 1325 593 ι
1369 542 1549 613 Θύραν
1572 544 1601 594 6
1630 544 1829 613 Κύριος

267 627 462 682 ἑαυτὸν
489 628 888 698 προσηγόρευσε
907 643 920 654 ·
953 631 1046 682 καὶ
1075 630 1182 701 γὰρ
1203 632 1347 694 ὅπως
1371 634 1443 702 μή
1467 648 1629 695 τινες,
1661 631 1828 703 θύραν

268 718 603 781 ἀκούσαντες
620 758 635 781 ,
658 718 894 783 δόξουσιν
920 721 1105 783 ἁπλῶς
1132 724 1291 775 αὐτὸν
1323 724 1450 793 περὶ
1482 722 1649 794 θύρας
1675 722 1828 792 λιτῆς

266 809 466 879 λέγειν,
492 810 686 877 ἐπάγει
722 810 820 881 τὴν
856 812 1170 882 ἑρμηνείαν,
1210 815 1297 867 ἵνα
1341 813 1582 885 κρατύνῃ
1613 814 1711 885 τὴν
1752 814 1829 869 δι-

266 901 589 957 δασκαλίαν·
639 902 838 966 εὐθέως
875 903 990 976 γὰρ
1041 906 1291 976 προσθεὶς
1331 906 1540 974 ἔλεγεν·
1579 926 1598 958 ι
1633 907 1824 977 Ἀμὴν,

265 992 415 1064 ἀμὴν
438 993 585 1062 λέγω
622 995 748 1065 ὑμῖν
768 1011 780 1024 ·
828 994 979 1063 Ἐγώ
996 998 1110 1065 εἰμι
1137 999 1167 1067 ἡ
1196 997 1332 1067 θύρα
1363 996 1472 1049 τῶν
1499 996 1784 1068 προϐάτων
1808 1012 1824 1028 ι

264 1085 333 1140 διῖ
356 1084 495 1155 ἐμοῦ
525 1085 620 1139 ὲάν
646 1102 727 1149 τις
755 1085 967 1159 εἰσέλθῃ
1016 1088 1110 1141 καὶ
1128 1086 1333 1158 ἐξέλθῃ,
1352 1088 1516 1159 νομὴν
1549 1088 1822 1160 εὑρήσει.»

263 1175 464 1239 Καλῶς
490 1178 520 1230 6
553 1176 753 1248 Κύριος
796 1176 964 1248 θύραν
1004 1179 1195 1235 ἑαυτὸν
1239 1180 1696 1253 προσηγόρευσεν,
1751 1182 1827 1247 ὡς

254 1264 565 1334 φυλάττων,
596 1268 721 1330 τοὺς
769 1267 923 1325 ἔνδον
953 1271 1052 1341 τῆς
1093 1271 1359 1335 πίστεως,
1403 1272 1479 1336 ὡς
1542 1274 1824 1329 ἀποσοϐῶν

262 1357 391 1419 τοὺς
421 1356 528 1423 ἔξω
559 1358 1014 1430 περιαθροῦντας,
1062 1363 1154 1415 καὶ
1198 1364 1433 1431 εἰσάγων
1480 1366 1559 1429 είς
1602 1366 1701 1433 τὴν
1732 1366 1825 1419 τοῦ

262 1445 640 1498 οἰκοδεσπότου
673 1448 879 1518 πατρὸς
909 1450 1209 1520 συντυχίαν.
1234 1452 1421 1516 Οὐδεὶς
1442 1452 1550 1525 γὰρ
1572 1455 1825 1523 γινώσκει

260 1533 352 1589 τὸν
384 1534 605 1605 Πατέρα
638 1537 686 1588 εἰ
715 1536 788 1606 μὴ
832 1535 918 1591 διὰ
950 1538 1042 1591 τοῦ
1071 1537 1221 1603 Υἱοῦ,
1265 1542 1385 1592 κατ’
1421 1541 1579 1594 αὑτὸν
1616 1542 1719 1595 τὸν
1740 1542 1825 1599 λέν

258 1640 425 1692 γοντα
445 1641 457 1653 °
491 1644 511 1675 ι
551 1626 738 1688 Οὐδεὶς
761 1613 1013 1694 γινώσκει
1051 1629 1141 1682 τὸν
1169 1630 1386 1702 Πατέρα
1425 1633 1473 1684 εί
1500 1632 1574 1703 μὴ
1603 1635 1632 1686 6
1664 1634 1790 1698 Υἱὸς
1808 1674 1822 1697 ,

1929 539 2139 597 Ostium
2172 559 2293 598 sese
2321 543 2584 601 Dominus
2615 548 2887 616 appellat;
2919 550 3119 604 etenim
3150 566 3219 605 ne
3248 552 3483 607 fortasse

1927 632 2170 701 quidam,
2222 634 2423 687 ostium
2471 636 2772 705 audientes,
2820 640 3217 696 arbitrarentur
3254 658 3379 698 eum
3416 643 3485 699 de

1926 722 2201 778 communi
2249 724 2482 794 quodam
2533 729 2676 784 ostio
2727 730 2890 784 verba
2950 730 3151 796 facere,
3214 731 3483 803 interpre-

1926 815 2187 871 tationem
2225 818 2524 888 subjungit,
2577 827 2635 873 ut
2682 819 2987 874 doctrinam
3040 821 3219 877 ﬁrmet
3266 838 3420 878 suam
3464 842 3477 876 :

1928 905 2186 962 continuo
2241 908 2386 961 enim
2450 908 2636 977 adjicit
2688 925 2702 959 :
2769 926 2789 960 ι
2845 911 3017 965 Amen
3045 950 3061 975 ,
3131 926 3289 966 amen
3356 912 3481 966 dico

1926 996 2081 1051 vobis
2122 1015 2136 1052 :
2177 996 2287 1068 Ego
2324 1012 2446 1052 sum
2484 999 2683 1052 ostium
2739 1000 2922 1054 ovium
2963 1019 2976 1055 :
3015 1016 3111 1071 per
3147 1017 3236 1056 me
3271 1002 3329 1055 si
3356 1005 3479 1071 quis

1924 1087 2279 1157 ingredietur,
2300 1098 2353 1143 et
2372 1090 2695 1159 egredietur,
2725 1107 2929 1161 pascua
2957 1094 3193 1149 inveniet
3217 1094 3284 1146 '9.
3318 1114 3345 1147 ν
3361 1093 3482 1148 Pul-

1925 1179 2057 1234 chre
2090 1177 2355 1234 Dominus
2381 1180 2582 1234 ostium
2611 1196 2733 1237 sese
2762 1184 2990 1247 vocavit,
3032 1193 3219 1254 utpote
3251 1186 3342 1254 qui
3381 1201 3479 1240 cuo

1926 1268 2125 1323 stodiat
2176 1282 2271 1324 eos
2306 1270 2398 1339 qui
2448 1270 2595 1327 intus
2632 1272 2686 1326 in
2733 1273 2838 1328 lide
2865 1282 2991 1328 sunt
3026 1291 3041 1329 :
3072 1275 3163 1344 qui
3205 1284 3259 1329 et
3296 1276 3477 1345 abigat

1923 1358 2084 1429 373
2123 1374 2218 1416 eos
2261 1360 2355 1430 qui
2398 1360 2531 1416 foris
2564 1363 3010 1434 circumspiciunt
3059 1383 3072 1420 :
3111 1365 3204 1435 qui
3253 1366 3476 1420 inducat

1925 1449 1993 1502 ad
2028 1449 2435 1519 patrisfamilias
2471 1453 2829 1509 consortium.
2854 1452 3023 1509 Nemo
3051 1457 3251 1526 quippe
3268 1471 3474 1526 cogno-

1925 1541 2039 1594 scit
2079 1539 2313 1606 Patrem,
2361 1542 2467 1597 nisi
2521 1560 2616 1613 per
2661 1544 2879 1611 Filium,
2929 1548 3071 1603 sicut
3113 1548 3228 1618 ipse
3283 1549 3472 1603 dicit:

1930 1650 1951 1683 ι
1994 1631 2161 1687 Nemo
2197 1632 2349 1687 novit
2384 1632 2597 1691 Patrem
2636 1637 2742 1692 nisi
2785 1636 2976 1701 Filius,
3020 1645 3074 1693 et
3117 1639 3206 1693 cui
3247 1640 3476 1693 voluerit

259 1716 355 1768 καὶ
395 1710 442 1783 ᾧ
474 1716 571 1769 ἐὰν
603 1716 854 1788 βούληται
880 1721 908 1772 6
936 1719 1060 1782 Υἱὸς
1083 1721 1445 1791 ἀποκαλύψαι.
1479 1742 1498 1774 ι
1538 1722 1679 1790 Ἐγὼ
1709 1727 1812 1795 είμι

1924 1721 2094 1778 Filius
2125 1725 2363 1780 revelare
2389 1726 2457 1778 ’°.‘
2482 1746 2500 1777 ι
2547 1727 2657 1797 Ego
2688 1743 2808 1783 sum
2834 1730 3035 1783 ostium
3061 1730 3266 1783 ovium.
3305 1729 3477 1785 Probe

258 1807 457 1879 ἠθύρα
485 1808 595 1861 τῶν
622 1810 921 1881 προϐάτων.
949 1811 1142 1875 Καλῶς
1163 1815 1191 1866 6
1215 1813 1415 1885 Κύριος
1444 1816 1633 1869 ἑαυτὸν
1654 1835 1812 1887 προσ-

1921 1826 2041 1866 sese
2077 1810 2336 1868 Dominus
2374 1814 2572 1869 ostium
2595 1816 2849 1885 appellat,
2881 1825 2935 1871 et
2964 1831 3070 1871 non
3097 1819 3236 1872 ostia
3275 1835 3290 1872 :
3330 1834 3474 1873 unus

258 1902 529 1971 ηγόρευσε
586 1902 791 1974 θύραν,
836 1905 930 1957 καὶ
977 1906 1038 1958 ού
1083 1905 1284 1977 θύραςο
1340 1903 1423 1973 εἷς
1470 1908 1580 1981 γάρ
1627 1913 1655 1964 6
1703 1914 1817 1965 Πα-

255 1993 359 2064 τὴρ
391 1992 527 2063 (87),
582 1994 676 2047 καὶ
710 1990 788 2059 εἷς
820 1996 846 2048 6
873 1996 1015 2059 Υἱὸς,
1056 1998 1150 2051 καὶ
1175 1997 1233 2052 ἓν
1262 1994 1588 2069 Πνεῦμα”τὸ
1634 2000 1815 2069 ἅγιον,

254 2083 350 2135 καὶ
381 2083 444 2135 ού
481 2086 630 2156 τρεῖς
668 2083 813 2137 θεοί·
841 2085 977 2139 ἀλλὰ
1005 2086 1100 2157 μία
1136 2087 1272 2158 θύρα
1292 2088 1560 2157 γνώσεως.
1599 2091 1709 2145 Καὶ
1733 2092 1817 2155 τίς

253 2172 446 2226 τούτου
499 2173 740 2243 μάρτυς;
787 2175 999 2240 Παῦλος
1036 2178 1204 2248 βοῶν’
1259 2198 1278 2230 ε
1319 2174 1413 2242 Εἷς
1452 2180 1670 2252 Κύριος,
1719 2182 1816 2253 μία

254 2266 467 2331 πίστις,
501 2265 561 2318 ἓν
598 2266 930 2337 βάπτισμα.»
968 2269 1246 2340 Ούδαμοῦ,
1282 2272 1341 2324 ού
1370 2270 1497 2335 δύο,
1530 2273 1592 2325 ού
1633 2277 1814 2346 τρεῖς,

251 2357 315 2409 ού
344 2356 628 2428 τέσσαρες,
655 2359 716 2410 ού
751 2358 929 2421 πέντε,
956 2359 1088 2413 ἀλλά
1114 2361 1385 2433 πανταχοῦ
1416 2362 1475 2415 τὺ
1496 2362 1606 2430 εἷς,
1628 2366 1812 2437 ἐπειδὴ

252 2450 348 2500 καὶ
388 2448 483 2518 μία
536 2448 694 2521 θύρα.
730 2445 810 2514 εἷς
854 2450 1084 2523 Κύριος,
1130 2453 1431 2525 ἀδιαίρετος
1467 2456 1655 2509 οὐσία·
1716 2458 1813 2528 μία

249 2536 456 2601 πίστις,
487 2540 520 2608 ἡ
556 2537 908 2608 ἀϐαθμίδοτος
938 2540 1364 2615 δοξολογία-(ὃὸ),
1414 2545 1472 2598 ἒν
1512 2546 1810 2619 βάπτισμα,

250 2629 346 2681 καὶ
368 2629 748 2700 ἀκαπήλευτον
785 2631 1035 2702 φώτισμα
1054 2636 1125 2687 °-6
1150 2634 1349 2705 ταύτην
1384 2635 1523 2706 ἔχων
1548 2638 1645 2709 τὴν
1674 2639 1815 2707 γνῶ-

252 2737 337 2773 σιν
376 2720 467 2773 διά
515 2721 617 2791 τῆς
671 2721 839 2793 θύρας
869 2723 1201 2796 εἰσέρχεται,
1250 2727 1342 2779 καὶ
1374 2730 1438 2799 τῇ
1489 2728 1625 2801 θύρᾳ
1678 2731 1813 2801 Χρι-

249 2808 380 2861 στοῦ
411 2808 527 2880 (89)
559 2812 1013 2882 περιπτύσσεται,
1059 2814 1155 2868 καὶ
1180 2816 1280 2885 τῆς
1327 2815 1494 2889 θύρας
1534 2818 1595 2870 ού
1649 2820 1812 2892 χωρί-

248 2900 423 2963 ζεται.

318 2990 409 3045 14.
451 2992 627 3062 Ἦμᾶς
674 2995 703 3046 6
734 2994 936 3064 Κύριος
974 2996 1174 3067 ἀρτίως
1205 2996 1309 3050 ἴδια
1337 2998 1580 3070 πρόϐατα
1611 3001 1808 3056 ἀκολα-

1918 1902 2060 1956 enim
2089 1900 2268 1967 Pater,
2306 1919 2445 1960 unus
2472 1903 2660 1969 Filius,
2685 1922 2826 1961 unus
2856 1905 3093 1978 Spiritus
3130 1918 3351 1964 sanctus
3383 1928 3396 1964 :
3421 1917 3475 1963 et

1917 2008 2026 2046 non
2094 2002 2207 2049 tres
2270 1994 2396 2060 dii;
2457 1996 2552 2052 sed
2619 2013 2788 2051 unum
2857 1999 3184 2068 cognitionis
3246 2000 3468 2055 ostium;

1915 2082 2242 2153 Ecquisnam
2299 2086 2525 2155 hujusce
2580 2089 2657 2143 rei
2715 2091 2910 2144 testis?
2962 2089 3164 2146 Paulus
3219 2094 3313 2161 qui
3366 2093 3475 2147 clao

1915 2183 2026 2229 mat
2065 2193 2081 2231 :
2126 2195 2146 2228 ‹
2191 2175 2346 2232 Unus
2392 2178 2673 2243 Dominus,
2726 2196 2834 2234 una
2884 2181 3038 2246 ﬁdes,
3079 2200 3246 2237 unum
3294 2184 3471 2254 bapti~

1916 2281 2031 2320 sma
2064 2268 2132 2322 “.
2182 2288 2202 2320 ι
2239 2268 2516 2340 Nusquam
2555 2270 2684 2336 duo,
2725 2288 2834 2327 non
2888 2282 3019 2339 tres,
3060 2290 3167 2328 non
3211 2284 3467 2344 quatuor,

1915 2372 2024 2413 non
2076 2360 2361 2430 quinque;
2412 2362 2508 2417 sed
2557 2362 2759 2433 ubique
2811 2379 2975 2426 unus,
3027 2365 3466 2436 quandoquidem

1913 2464 2079 2502 unum
2116 2450 2317 2506 ostium
2352 2469 2367 2519 ;
2419 2468 2561 2507 unus
2612 2453 2892 2520 Dominus,
2943 2456 3174 2513 indivisa
3212 2461 3469 2515 substan-

1912 2538 1985 2592 tia
2020 2559 2034 2593 :
2066 2553 2172 2595 una
2202 2542 2354 2606 lides,
2396 2544 2565 2613 gloria
2609 2546 2815 2601 scilicet
2855 2549 3019 2605 nullis
3057 2550 3313 2605 distincta
3344 2566 3469 2622 gra-

1910 2629 2074 2687 dibus
2127 2650 2141 2685 :
2194 2647 2360 2687 unum
2418 2635 2726 2704 baptisma,
2795 2653 2858 2692 ac
2914 2655 3050 2709 pura
3114 2642 3462 2696 illuminatio.

1912 2720 2015 2787 Qui
2064 2723 2162 2777 hac
2226 2725 2524 2781 instructus
2583 2736 2670 2782 est
2715 2730 3049 2801 cognitione,
3109 2747 3206 2802 per
3261 2736 3463 2788 ostium

1911 2814 2231 2884 ingreditur,
2263 2830 2327 2870 ac
2366 2817 2528 2882 ostio,
2569 2818 2787 2877 Christo
2824 2822 3461 2897 scilicet,cireumdatur,

1909 2917 2082 2971 neque
2116 2903 2185 2958 ab
2213 2905 2358 2959 ostio
2386 2918 2688 2978 separatur.

1981 2996 2068 3049 M.
2109 2994 2219 3052 Nos
2258 3000 2419 3054 modo
2459 3000 2711 3059 Christus
2754 3005 2888 3060 citra
2934 3005 3295 3063 adulationem
3337 3025 3464 3081 pro-

246 3082 457 3147 κεύτως
505 3085 942 3155 προσηγόρευσεν
962 3106 974 3116 -
1011 3086 1117 3143 ἴδια
1175 3088 1442 3159 πρόϐατα,
1472 3090 1547 3154 ὼς
1577 3093 1810 3146 πολυπο-

1914 3086 2059 3155 prias
2104 3090 2317 3143 vocavit
2364 3106 2531 3147 oves:
2585 3095 2834 3164 proprias
2873 3112 3035 3160 oves,
3091 3108 3280 3169 utpote
3323 3102 3465 3155 lani-

244 3170 446 3224 κοῦντα
477 3174 543 3243 τῇ
576 3172 937 3247 φιλοπτωχίᾳ·
971 3176 1047 3240 ὡς
1080 3177 1527 3241 πλεονάζοντατὺ
1547 3182 1684 3250 γάλα
1714 3183 1807 3236 τοῦ

1914 3191 2067 3245 geras
2097 3177 2455 3235 beneﬁcentia
2485 3199 2613 3254 erga
2658 3200 2961 3255 pauperes:
2997 3195 3055 3241 ut
3094 3190 3283 3258 plenas
3324 3191 3464 3246 lacte

243 3260 538 3331 θρεπτικοῦ
565 3261 722 3330 λόγου
753 3263 864 3333 (90)
881 3281 893 3295 '
927 3265 1003 3328 ὡς
1040 3266 1372 3339 χλοαζὸμενα
1400 3270 1463 3323 τὸ
1490 3270 1581 3324 τοῦ
1604 3273 1809 3342 Κυρίου

1914 3270 2240 3326 exuberante
2282 3274 2609 3329 nutricantis
2654 3279 2967 3333 sermonis:
3013 3287 3074 3334 ut
3118 3290 3306 3350 pastas
3351 3280 3459 3335 Do-

243 3353 436 3422 σῶμα·
493 3352 570 3415 ὡς
621 3353 970 3425 πειθομένους
993 3360 1058 3427 τῇ
1095 3362 1355 3430 σταυρικῇ
1388 3360 1656 3433 βακτηρίᾳ
1679 3380 1692 3393 ο
1730 3364 1804 3427 ὼς

1914 3359 2039 3412 mini
2084 3374 2354 3430 corpore:
2396 3371 2456 3418 ut
2490 3365 2856 3435 obsequentes
2896 3369 3090 3424 baculo
3135 3375 3316 3428 crucis
3350 3392 3363 3428 :
3404 3381 3463 3427 ut

242 3440 642 3512 συναγομένους
685 3446 751 3514 τῇ
783 3445 1058 3517 τριπλόκῳ
1086 3448 1186 3517 τῆς
1222 3450 1455 3513 πίστεως
1487 3450 1703 3505 ἀλύσει’
1730 3453 1807 3516 ὡς

1914 3449 2175 3523 triplicata
2204 3460 2425 3509 coactas
2455 3454 2575 3510 ﬁdei
2604 3467 2793 3511 catena
2824 3478 2837 3513 :
2869 3468 2928 3513 ut
2958 3463 3205 3516 ordinem
3236 3464 3461 3521 minime

241 3529 319 3600 μὴ
372 3530 875 3597 λειππακτοῦντας,
904 3534 1016 3589 ἀλλ’
1050 3537 1490 3609 ὲπερειδομένους
1534 3541 1611 3611 τῷ
1642 3543 1805 3613 ἀκρο-

1914 3538 2251 3603 deserentes,
2289 3543 2384 3597 sed
2420 3542 2639 3600 innixas
2692 3548 2938 3616 angulari
2989 3549 3166 3619 lapide
3216 3552 3455 3608 Christo.

238 3620 481 3691 γωνιαίῳ
510 3620 642 3691 λίθῳ
670 3624 907 3695 Χριστῷ.
934 3625 1114 3698 Θύραν
1140 3631 1168 3682 6
1200 3630 1614 3702 Κύριοςνὲαυτὸν
1637 3651 1805 3705 προσ-

1914 3627 2113 3684 Dslium
2176 3647 2297 3687 sese
2360 3632 2624 3691 Dominus
2686 3638 2976 3706 appellavit
3024 3658 3037 3693 :
3109 3656 3173 3695 ac
3232 3643 3459 3711 pulchre

234 3712 503 3783 ηγὸρευσε
522 3731 537 3745 ·
567 3716 660 3768 καὶ
689 3716 866 3781 καλῶς
894 3719 1062 3790 θύραν
1080 3739 1093 3752 υ
1121 3721 1232 3793 ἔχει
1262 3724 1368 3795 γὰρ
1391 3724 1483 3777 δύο
1518 3728 1800 3797 παραστά-

1914 3718 2099 3775 )stium
2121 3760 2137 3786 ,
2172 3722 2336 3778 habet
2367 3726 2511 3778 enim
2545 3735 2730 3795 postes
2761 3728 2932 3794 duos,
2962 3728 3128 3786 Vetus
3155 3747 3220 3786 ac
3245 3732 3457 3788 Novum

231 3803 331 3867 δας
356 3805 490 3873 (91),
533 3807 633 3877 τὴν
682 3808 922 3863 Παλαιὰν
966 3814 1060 3865 καὶ
1109 3815 1316 3887 Καινὴν
1348 3817 1653 3889 Διαθήκην·
1682 3820 1811 3874 ὁδὸν

1914 3809 2305 3868 Testamentum
2332 3854 2348 3879 ,
2384 3815 2547 3871 limen
2583 3832 2646 3871 ac
2679 3821 3126 3889 superliminare,
3162 3825 3454 3879 circumci-

233 3894 330 3947 καὶ
377 3895 705 3967 ὑπέρθυρον,
748 3901 1042 3973 περιτομὴν
1095 3906 1188 3958 καὶ
1240 3907 1619 3979 ἀκροϐυστίαν·
1651 3906 1798 3967 οἷκον

1914 3902 2108 3959 tionem
2143 3919 2208 3959 ac
2241 3907 2604 3978 praeputium;
2637 3909 2892 3978 domum,
2933 3914 3259 3983 ecclesiam;
3302 3932 3455 3972 men-

230 3983 330 4055 τὴν
381 3986 706 4056 ἐκκλησίαν
760 3991 1037 4062 τράπεζαν
1085 3995 1146 4049 τὸ
1190 3995 1601 4070 θυσιαστήριονσ
1632 4000 1795 4072 ἄρτον

1914 4008 2044 4061 iam,
2091 3995 2300 4054 altare:
2338 4013 2569 4068 panem,
2617 4017 2857 4071 agnum;
2906 4013 3211 4072 craterem,
3260 4009 3453 4079 mysti-

230 4074 324 4127 τὸν
352 4077 553 4146 ἀμνόνο
588 4080 837 4151 κρατῆρα
863 4083 953 4137 τὸν
996 4086 1252 4155 μυστικὸν
1275 4083 1412 4143 οἶνον
1431 4106 1445 4119 ·
1477 4093 1677 4162 χρυσὸν
1695 4093 1793 4164 τὴν

1914 4098 2018 4139 :um
2047 4086 2233 4141 vinum
2261 4105 2277 4155 ;
2311 4104 2505 4144 aurum
2526 4130 2541 4156 ,
2586 4095 2855 4151 sinceram
2897 4095 3054 4152 ﬁdem
3083 4115 3099 4164 ;
3130 4108 3448 4170 argentum.

228 4164 518 4237 ἀκίϐδηλον
555 4169 768 4228 πίστιν·
791 4173 1029 4245 ἄργυρον
1066 4178 1164 4249 τὴν
1191 4179 1446 4253 λαμπρὰν
1480 4183 1788 4241 πολιτείαν·

1914 4180 2205 4247 irmclaram
2233 4182 2354 4238 vitae
2381 4187 2688 4253 rationem;
2726 4189 3083 4260 margaritas,
3120 4193 3301 4248 divina
3348 4195 3452 4250 do-

233 4258 575 4348 μαργαρίτας
625 4261 695 4315 τά
745 4261 862 4322 θεῖα
906 4264 1147 4337 δόγματα
1166 4286 1181 4300 ο
1225 4272 1444 4341 χλαῖναν
1469 4273 1567 4345 τὴν
1600 4276 1791 4348 στολὴν

1914 4279 2101 4338 gmata;
2129 4271 2415 4341 chl-Jenam,
2443 4277 2784 4346 baptismatis
2813 4258 3028 4337 stolam.
3051 4283 3265 4339 Audisti
3288 4286 3452 4341 modo

225 4346 320 4400 τοῦ
360 4348 755 4420 βαπτίσματος·
791 4355 1022 4421 Ἠκουες
1066 4361 1267 4433 ἀρτίως
1312 4364 1474 4421 αὐτοῦ
1509 4346 1786 4435 λέγοντοςο

1914 4369 1963 4418 ta
1993 4362 2296 4433 loquentem
2324 4366 2475 4421 illum
2500 4386 2514 4421 :
2544 4387 2563 4419 ι
2596 4371 2709 4440 Ego
2738 4386 2857 4425 sum
2890 4371 3083 4428 Pastor
3113 4375 3318 4439 bonus.
3354 4379 3452 4433 bo-

231 4456 259 4489 ι
304 4439 443 4508 Ἐγώ
491 4443 608 4538 είμι
637 4445 665 4496 6
705 4445 914 4517 Ποιμὴν
950 4450 980 4501 6
1024 4450 1216 4515 καλός’
1251 4456 1280 4507 6
1312 4456 1513 4527 ποιμὴν
1561 4460 1589 4511 6
1632 4460 1789 4523 καλὸς

1914 4468 1996 4509 ius
2044 4465 2229 4525 pastor.
2275 4458 2510 4513 animam
2554 4439 2711 4516 suam
2759 4463 2911 4532 ponit
2954 4480 3053 4533 pro
3103 4468 3295 4523 ovibus
3324 4468 3393 4525 ".
3423 4488 3444 4520 ι

222 4528 322 4624 τὴν
373 4528 552 4601 ψυχὴν
604 4532 768 4586 αὐτοῦ
825 4535 1033 4607 τίθησιν
1089 4540 1228 4613 ὑπὲρ
1267 4544 1375 4597 τῶν
1415 4548 1719 4619 προϐάτων.
1763 4569 1784 4601 ι

1914 4544 2154 4602 )ominus
2184 4548 2532 4619 semetipsum
2564 4528 3126 4624 adumbrabat,_quod
3158 4558 3303 4611 enim
3331 4566 3452 4613 erat

232 4616 456 4672 Ἑαυτὸν
485 4622 515 4673 6
534 4620 736 4693 Κύριος
751 4625 995 4696 ᾐνίττετο
1017 4644 1035 4662 ο
1066 4630 1095 4683 ὃ
1109 4632 1218 4704 γὰρ
1237 4633 1348 4706 (92)
1370 4616 1570 4707 ἤμελλε
1592 4644 1783 4705 ποιεῖν,

221 4710 517 4779 προέλεγεν
542 4729 557 4742 ·
584 4712 757 4777 οὐδεὶς
791 4715 900 4788 γὰρ
928 4720 1065 4788 ὑπὲρ
1094 4722 1201 4779 τῶν
1238 4727 1524 4796 προϐάτων
1561 4729 1785 4786 θάνατον

220 4801 544 4894 κατεδέξατο
585 4805 635 4855 εί
667 4804 740 4875 μὴ
769 4807 925 4875 μόνος
944 4812 973 4863 6
1000 4812 1219 4884 Κύριος.
1257 4817 1428 4881 Αὐτὸς
1455 4820 1612 4889 μόνος
1644 4822 1783 4894 ὑπὲρ

219 4889 326 4945 τῶν
336 4891 571 4960 λογικῶν
596 4896 882 4965 προϐάτων
902 4902 1216 4967 κατεδέξατο
1237 4906 1483 4973 θάνατον,
1509 4912 1607 4963 ούκ
1622 4912 1784 4965 ἀκού-

220 4997 350 5044 σιον,
419 4983 536 5036 ἀλλ’
585 4985 828 5040 ἑκούσιον
852 5005 866 5018 ⁸
903 4989 1125 5047 θάνατον
1165 4995 1263 5048 ούκ
1316 4999 1621 5070 ἐπιζήμιον,
1666 5003 1780 5056 ἀλλ’

218 5072 475 5146 ὲπικερδῆ
498 5092 511 5104 ·
549 5074 773 5133 θάνατον
814 5080 875 5133 ού
905 5082 1109 5155 φθορᾶς
1138 5086 1401 5153 δεκτικὸν,
1443 5091 1553 5143 ἀλλ’
1582 5093 1785 5166 ἀφθαρο

1889 4634 2138 4693 facturus
2166 4641 2588 4709 praanuntiabat.
2625 4642 2794 4699 Nemo
2838 4646 3038 4715 quippe
3078 4656 3304 4701 mortem
3348 4664 3447 4717 pro

1887 4726 2081 4783 ovibus
2115 4732 2312 4795 subiit,
2344 4733 2451 4788 nisi
2494 4726 2645 4788 solus
2689 4732 2973 4790 Dominus.
3020 4737 3138 4805 Ipse
3167 4739 3317 4793 solus
3347 4755 3447 4807 pro

1886 4819 2251 4875 rationalibus
2280 4823 2472 4877 ovibus
2518 4832 2751 4879 mortem
2788 4827 3085 4892 sustinuit,
3132 4843 3240 4883 non
3278 4829 3445 4883 invite

1888 4911 1983 4966 sed
2013 4928 2115 4967 sua
2155 4921 2347 4983 sponte
2371 4955 2387 4976 ,
2429 4924 2655 4971 mortem
2689 4931 2800 4971 non
2836 4917 3154 4974 damnosam
3189 4920 3282 4975 sed
3316 4936 3442 4990 per-

1887 5003 2120 5069 ntilem;
2182 5014 2409 5058 mortem
2458 5021 2567 5058 non
2614 5008 2980 5076 corruptionis
3022 5025 3313 5079 capacem,
3346 5011 3443 5065 sed

1889 5082 2318 5167 incorruptionis
2349 5101 2772 5156 conciliatricem
2801 5121 2815 5158 :
2846 5111 3073 5158 mortem
3120 5103 3223 5159 ﬁde
3277 5104 3440 5158 intel-

283 5226 328 5258 ⁸⁸
364 5226 526 5283 Joan.
564 5246 633 5296 χ,
667 5237 718 5286 1.
794 5232 840 5265 ⁸³
880 5235 1008 5290 ibid.
1045 5238 1097 5292 9.
1173 5240 1218 5271 ⁹⁰
1256 5240 1444 5297 Matth.
1483 5259 1569 5309 ιι,
1602 5244 1691 5301 27.
1769 5250 1809 5280 ⁹¹

1914 5249 2053 5304 Jhes.
2094 5266 2166 5316 Iv,
2203 5251 2257 5306 5.
2333 5254 2378 5285 "
2416 5252 2573 5308 Joan.
2608 5269 2677 5319 Χ,
2715 5255 2800 5309 ll.

281 5378 394 5482 $32?
426 5380 1010 5482 l"...‘f?€=33i““2'"§
1046 5390 1215 5482 ἀεοεξ·
1243 5463 1267 5482 .
1301 5464 1376 5482 η
1461 5466 1473 5482 ,
1651 5468 1662 5477 .

1914 5404 2061 5482 ιέςρ
2076 5405 2297 5482 ,Κύριοςο
2319 5405 2482 5482 Nili.
2522 5409 2665 5482 ὑμᾶς
2686 5411 2715 5462 ὁ
2740 5410 2961 5482 Κύριος.

281 5450 586 5553 itit-32:19
613 5452 1093 5553 οὲῖεεείίῐέὲξξριειε,
1118 5471 1202 5542 es}
1238 5463 1531 5553 ξοξολοϊίσξ·
1559 5468 1759 5553 Prima

1914 5450 2056 5540 "(Pili
3084 5482 3269 5553 χλοαξ.
3306 5485 3436 5541 Mox.

210 5531 379 5617 anue
405 5518 586 5600 major
612 5530 714 5617 est,
742 5518 1004 5617 Hymnus,
1031 5518 1764 5617 Gloriaﬂinecceﬂsis{altera
1861 5518 2039 5617 idem:
2068 5518 2383 5617 πειθομένη.
2430 5518 2462 5532 ρ
2648 5529 2660 5551 ’

210 5601 328 5664 quae
348 5605 527 5643 minor
556 5601 802 5656 vocatur,
829 5604 912 5648 est
939 5612 1129 5655 versus
1154 5617 1169 5658 :
1197 5600 1384 5657 Gloria
1407 5604 1577 5671 Patri,
1602 5622 1765 5676 quam

212 5653 294 5697 lim
328 5659 557 5697 inclinari
589 5670 841 5697 nnlnmnc
1266 5695 1271 5697 Α

1932 5600 2039 5697 ςθί)
2068 5611 2198 5697 ξὶίςβ.
2226 5600 2286 5681 ’1,
2434 5620 2805 5691 παραστάτας.
2844 5618 2964 5675 Mox
3005 5621 3129 5697 Reg.
3171 5626 3225 5690 2,
3257 5626 3429 5681 όδίονα

211 5653 294 5709 hic
327 5659 558 5711 indicari
589 5653 863 5728 putamus.
1111 5653 1122 5655 ⁷
1157 5653 1168 5658 ’
1211 5653 1218 5655 ἡ
1331 5653 1380 5657 ’ἡ
1407 5653 1427 5657 ⁷
1455 5653 1577 5671 mu,
1605 5653 1765 5676 1""-

280 5727 386 5753 IO(]\
432 5727 545 5753 0,..-
599 5731 633 5753 ta
687 5734 774 5753 --.Α
816 5734 907 5753 _L__
937 5734 995 5753 n-
1139 5740 1179 5753 ιφ
1322 5744 1333 5753 .
1420 5743 1468 5753 --
1599 5745 1648 5753 --

1914 5653 2178 5753 siuna".

937 5734 1104 5805 θύραν
1137 5706 1384 5810 Υριστὸν.
1420 5743 1540 5799 Mox
1599 5745 1761 5813 idem,

1914 5706 1955 5732 ιι
1987 5706 2060 5732 υπ
2130 5706 2139 5729 ἶ
2167 5727 2178 5737 ι

1935 5706 2287 5828 (θὴῗςυιῐὶοε
2338 5757 2388 5810 2.
2422 5758 2475 5813 In
2512 5761 2689 5822 editis,
2716 5759 2822 5831 γάρ
2846 5760 3018 5821 deest.
