4022 6382
211 355 355 411 1025

1147 349 1430 405 HOMILIA
1468 347 1532 403 lN
1577 346 1781 403 ιιι.υο
1823 366 1836 402 :

1883 363 1902 397 ι
1933 342 2224 408 ΕυΝΤΕΞ,
2249 362 2268 394 ι
2315 339 2469 398 ETC.
3289 343 3428 397 {0‘26

209 465 326 533 οὖν.
361 467 514 537 φασὶ,
570 467 661 518 καὶ
704 462 1094 533 ἀπολαύσωμεν
1144 462 1252 514 τῶν
1307 463 1472 515 ὄντων
1512 459 1765 528 ἀγαθῶν·

1875 457 2000 509 vino
2027 457 2263 525 pretioso
2296 462 2348 510 et
2377 455 2668 524 unguentis
2698 469 2798 511 nos
2827 456 3146 525 impleamus
3173 456 3240 509 ”.
3274 473 3293 508 ι
3317 454 3429 511 Hos

210 560 356 613 οἴνου
385 554 702 617 πολυτελοῦς
725 554 818 606 καλ⁵
849 552 1029 624 μύρων
1052 553 1468 624 ἐμπλησθῶμεν.
1493 571 1510 602 ι
1537 552 1578 603 Τ
1583 550 1768 612 ούτους

210 651 268 705 δὲ
294 651 387 704 καὶ
411 651 438 702 6
463 647 742 711 Θεσπέσιος
771 647 977 708 Παῦλος
999 646 1264 715 διατίθησι
1287 646 1538 713 λέγοντας
1562 661 1574 673 ·
1617 663 1634 694 ι
1665 643 1769 695 Φά-

212 759 393 812 γωμεν
413 742 507 793 καὶ⁹
540 740 748 808 πίωμεν
771 754 785 768 °
827 737 1012 808 αὔριον
1042 737 1148 809 γὰρ
1181 737 1614 808 ἀποθνήσκομεν.
1656 755 1673 786 ι
1705 736 1768 788 Ei

210 833 462 887 τοσοῦτον
504 827 596 884 οῦν
655 832 877 899 ἴσχυσαν
918 829 1117 897 γνῶναι
1149 831 1198 881 οἱ
1244 829 1434 892 ἄθλιοι,
1468 830 1549 881 ὃτι
1593 827 1769 894 ὀλίγος

211 928 328 980 ἐστὶ
363 925 457 979 καὶ
499 923 739 995 λυπηρὸς
769 923 798 974 ὁ
831 922 942 992 βίος
990 921 1166 975 αὐτῶν
1191 938 1205 951 ο
1239 921 1355 984 πῶς
1378 921 1468 973 τὸν
1499 920 1605 974 τῶν
1637 921 1770 988 ἀγα-

211 1017 320 1071 θῶν
371 1014 595 1085 ποιητὴν
618 1014 800 1083 τάχιον
821 1013 916 1082 οὐχ
937 1007 994 1066 εῦ
1004 1030 1091 1082 ρον
1117 1028 1130 1076 ;
1173 1011 1330 1082 μόνον
1351 1007 1442 1064 οῦν
1471 1010 1632 1079 σοφοῦ
1654 1012 1768 1063 ἐστι

209 1109 411 1176 γνῶναι
437 1107 536 1168 τάς
568 1105 743 1168 αἰτίας
778 1104 884 1156 τῶν
915 1103 1217 1173 γενομένων
1238 1119 1250 1132 °
1289 1098 1393 1154 οἶδε
1433 1103 1539 1171 γάρ
1561 1100 1765 1170 σαφῶς,

208 1197 444 1260 καὶπῶς
477 1196 736 1264 ἐγένοντο,
778 1196 871 1247 καὶ
903 1190 961 1248 οῦ
994 1195 1152 1264 χάριν
1183 1194 1456 1262 ἐγένοντο’
1485 1189 1643 1257 οἶδεν,
1687 1194 1767 1246 ὅτι

210 1289 315 1343 τῶν
347 1289 562 1341 πάντων
593 1289 620 1340 6
661 1287 791 1350 Θεὸς
822 1287 1048 1357 ποιητής
1073 1288 1238 1338 ἐστιν’
1269 1286 1465 1354 ηκουσε
1517 1285 1623 1354 γὰρ
1674 1283 1766 1336 τοῦ

221 1381 542 1435 Ἀποστὸλου
590 1379 870 1448 λέγοντοςο
906 1397 924 1429 ι
970 1377 1090 1431 Εἴτε
1138 1377 1363 1440 ἐσθίετε,
1401 1377 1508 1430 εἴτε
1553 1376 1766 1436 πίνετε,

209 1474 318 1526 εἴτε
345 1491 398 1526 τι
442 1473 640 1524 ποιεῖτε
661 1509 676 1533 ,
702 1470 876 1522 πάντα
927 1470 1004 1531 εἰς
1043 1467 1198 1531 δόξαν
1226 1467 1358 1520 Θεοῦ
1400 1469 1617 1521 ποιεῖτε.
1653 1486 1671 1518 ι
1705 1467 1769 1519 Οἱ

207 1559 264 1611 δὲ
292 1559 368 1628 τῷ
399 1559 502 1629 βίῳ
543 1558 715 1628 τούτῳ
767 1558 1121 1627 χρησάμενοι,
1172 1556 1246 1620 ὡς
1282 1560 1338 1610 ἐν
1369 1558 1576 1627 νεότητι
1608 1573 1769 1609 σπου-

207 1651 388 1714 δαίως,
436 1652 532 1704 καὶ
579 1654 643 1721 τῇ
671 1649 873 1702 ἐαυτῶν
909 1650 1076 1720 κακία
1101 1649 1637 1719 καταδαπανηθέντες
1675 1648 1768 1700 ἀπ’

209 1741 378 1812 ἀρχῆς
421 1741 583 1811 μέχρι
629 1741 833 1804 τέλους,
862 1741 960 1793 οὐκ
1006 1740 1246 1808 ἔγνωσαν
1271 1739 1337 1793 τὰ
1367 1741 1642 1809 ποιήματα
1675 1737 1767 1790 τοῦ

209 1832 357 1886 Θεοῦ.
410 1834 474 1886 Εἰ
505 1833 611 1904 γὰρ
657 1828 795 1902 ἦσαν
845 1831 1245 1904 ἀκριϐώσαντες
1286 1830 1414 1903 περὶ⁵
1456 1829 1657 1883 τούτων
1681 1830 1769 1882 τὸν

210 1925 348 1988 νοῦν,
403 1925 621 1988 πάντως
671 1923 734 1978 ἂν
785 1922 994 1975 καὶτὸν
1037 1923 1236 1977 τούτων
1272 1923 1602 1995 δημιουργὸν
1638 1921 1769 1974 Θεὸν

209 2015 386 2086 τάχιον
439 2014 804 2082 ἐπεγίνωσκον
830 2030 842 2043 ·
879 2031 897 2062 ι
947 2013 1040 2066 Ἐκ
1081 2014 1188 2085 γὰρ
1220 2015 1479 2084 μεγέθους
1517 2016 1608 2067 καὶ
1637 2014 1770 2067 καλ-

207 2105 362 2175 λονῆς
399 2107 713 2176 κτισμάτων
744 2109 772 2158 6
803 2107 1178 2176 γενεσιουργὸς
1201 2107 1378 2159 αὐτῶν
1408 2107 1710 2178 θεωρεῖται.
1747 2125 1766 2156 ι

219 2200 350 2270 Ὀδῷ
386 2195 480 2253 οῦν
509 2199 771 2270 κέχρηται
809 2197 1012 2269 ἀγούσῃ
1047 2201 1170 2262 τοὺς
1202 2197 1519 2269 ἀνθρώπους
1549 2201 1613 2252 ἐκ
1665 2198 1772 2252 τῶν

205 2292 519 2362 κτισμάτων
553 2291 643 2342 ἐπὶ
695 2288 784 2341 τὸν
833 2288 940 2342 τῶν
979 2289 1229 2343 ἁπάντων
1280 2289 1501 2359 κτίστην
1543 2291 1635 2342 καὶ
1676 2290 1772 2360 δη-

209 2384 490 2454 μιουργόν.

242 2457 326 2528 ’2.
357 2474 547 2526 Ταῦτα
581 2475 677 2544 μὲν
710 2471 1122 2542 προσεθήκαμεν
1152 2470 1229 2541 τῷ
1275 2469 1438 2540 λόγῳ,
1480 2469 1772 2540 ἐπειδήπερ

211 2564 403 2628 πάντες
450 2567 530 2628 ὠς
584 2563 825 2635 πρόϐατα
873 2562 1278 2634 ἐπλανήθησαν·
1311 2564 1404 2616 καὶ
1428 2564 1508 2615 ὃτι
1546 2582 1564 2614 ι
1597 2562 1772 2632 φθόνῳ

209 2655 441 2708 διαϐόλου
471 2655 699 2717 θάνατος
733 2652 979 2722 arma“
1011 2654 1088 2715 εἰς
1115 2653 1205 2705 τὸν
1233 2651 1452 2723 κόσμον,
1485 2671 1504 2704 ι
1541 2652 1631 2704 καὶ
1661 2667 1772 2704 σει·-

214 2751 326 2816 ραῖς
357 2748 465 2799 τῶν
521 2745 714 2799 ἐαυτοῦ
748 2745 1154 2814 ἁμαρτημάτων
1197 2744 1422 2806 ἕκαστος
1461 2743 1768 2812 ἐσφίγγετο.

215 2860 233 2888 ο
277 2838 617 2892 Ἐὗασὶλευσε
659 2838 766 2909 γάρ
795 2841 822 2891 6
848 2839 1070 2902 θάνατος
1116 2836 1222 2889 ἀπὸ
1261 2836 1429 2906 mea
1458 2835 1616 2906 μέχρι
1645 2836 1772 2888 Μω-

215 2929 359 2992 σέως,
391 2929 484 2982 καὶ
512 2929 604 2980 ἐπὶ
635 2931 760 2991 τοὺς
793 2929 865 2999 μὴ
889 2928 1312 2998 ἁμαρτήσαντας
1347 2926 1440 2978 ἐπὶ
1466 2924 1541 2996 τῷ
1571 2923 1771 2996 ὁμοιώ-

216 3036 332 3087 ματι
367 3021 466 3090 τῆς
521 3019 883 3091 παραϐάσεως
925 3019 1110 3089 Ἀδάμ.
1146 3039 1164 3069 ι
1202 3017 1337 3070 Ἀλλ’
1377 3017 1718 3088 ἐπεδήμησεν
1744 3018 1772 3070 6

212 3110 401 3182 Κύριος
453 3111 614 3183 ἡμῶν
680 3111 883 3181 Ἰησοῦς
948 3111 1179 3179 Χριστὸς
1237 3109 1595 3178 λυτρούμενος
1647 3109 1769 3172 τοὺς

215 3203 606 3272 αἰχμαλώτους,
664 3204 759 3254 καὶ
790 3201 1064 3264 ζωοποιῶν
1112 3203 1236 3264 τοὺς
1281 3199 1768 3268 τεθανατωμένους.

225 3291 426 3362 ’Δμέλει
452 3294 548 3346 καὶ
573 3295 600 3345 6
626 3291 903 3355 θεσπέσιος
935 3290 1274 3353 Ἀπόστολος,
1301 3290 1458 3344 τοῦτο
1481 3290 1776 3360 ἐπιστάμε-

215 3402 312 3449 νος,
339 3387 545 3456 ἐγραιρε
561 3385 750 3452 λέγων·
779 3405 796 3435 ι
828 3385 888 3438 Ei
915 3385 1021 3456 γὰρ
1039 3383 1116 3454 τῷ
1139 3383 1230 3435 τοῦ
1245 3383 1360 3446 ἐνὸς
1380 3381 1776 3452 παραπτώματι

214 3477 259 3527 0i
275 3477 448 3530 πολλοὶ
476 3476 771 3540 ἀπέθανον,
796 3475 974 3545 πολλῷ
989 3476 1182 3546 μᾶλλον
1199 3474 1274 3544 τῷ
1296 3474 1386 3526 τοῦ
1422 3475 1538 3536 ἐνὸς
1567 3472 1778 3527 δικαιώ-

219 3585 338 3636 ματι
390 3571 422 3639 ἡ
465 3569 631 3638 χάρις
675 3569 752 3630 εἰς
786 3568 988 3631 πάντας
1025 3566 1342 3637 ἀνθρώπους
1374 3567 1452 3628 εἰς
1499 3564 1776 3618 δικαίωσιν

220 3656 372 3729 ζωῆς.
401 3678 419 3710 ι
459 3659 802 3729 Ἐπεδήμησε
826 3658 1110 3729 τοιγαροῦν
1144 3657 1277 3728 πρὸς
1315 3659 1461 3727 ἡμᾶς
1481 3658 1508 3708 6
1538 3656 1644 3719 ζῶν
1684 3657 1777 3708 καὶ

222 3753 432 3822 ἐνεργὴς
451 3753 547 3805 τοῦ
578 3751 714 3804 Θεοῦ
738 3751 924 3818 Λόγος,
945 3753 1036 3803 καὶ
1052 3749 1211 3803 εἰκὼν
1233 3752 1264 3819 ἡ
1283 3747 1714 3819 ἀπαράλλακτος,
1749 3749 1778 3799 6

221 3841 335 3906 Υἱὸς
356 3846 383 3896 δ
409 3844 726 3914 μονογενὴς.
751 3861 768 3893 ί
801 3843 864 3896 δι’
883 3837 942 3896 οὗ
969 3843 1253 3911 γεγόνασιν
1275 3844 1321 3894 οἱ
1356 3841 1570 3902 αἰῶνες,
1597 3841 1778 3908 φέρων

218 3950 270 3986 τε
293 3934 354 3988 τά
381 3939 560 3989 πάντα
587 3935 663 4005 τῷ
717 3937 916 4005 ῥήματι
955 3935 1054 4002 τῆς
1083 3934 1362 4004 δυνάμεως
1398 3931 1584 3993 αὑτοῦ,
1611 3929 1779 3982 καθα-

221 4027 397 4097 ρισμὸν
425 4028 534 4080 τῶν
561 4028 841 4100 ἁμαρτιῶν
871 4029 1249 4098 ποιησάμενος.
1289 4044 1307 4077 ι
1348 4025 1436 4077 Διὸ
1463 4022 1778 4078 ἀποστέλλει

219 4112 304 4167 δύο
365 4117 613 4187 μαθητάς
680 4118 757 4180 εἰς
820 4117 918 4187 τὴν
983 4117 1264 4170 κατέναντι
1331 4114 1543 4185 κώμην,
1606 4113 1778 4180 λέγων

222 4205 344 4274 πρὸς
372 4207 569 4271 αὐτούς
591 4225 605 4237 ο
635 4225 652 4256 ι
685 4205 988 4276 Πορεύθητε
1041 4209 1118 4269 εἰς
1142 4207 1238 4277 τὴν
1283 4204 1473 4276 κώμην
1519 4203 1615 4274 τὴν
1651 4220 1780 4255 κατ⁹

223 4295 386 4352 έναντι
443 4299 599 4368 ὑμῶν
627 4337 641 4361 ,
697 4300 790 4350 καὶ
862 4297 1062 4361 εὐθέως
1123 4299 1383 4368 εὑρήσετε
1465 4298 1581 4349 ὄνον
1637 4296 1780 4348 δεδε-

226 4389 399 4459 μένην,
451 4391 542 4443 καὶ⁵
585 4389 762 4442 πῶλον
817 4388 932 4458 μετ’
982 4389 1183 4458 αὐτῆς·
1231 4389 1489 4452 λύσαντες
1543 4388 1778 4456 ἀγάγετέ

1869 555 1921 600 et
1952 547 2142 600 beatos
2174 545 2376 601 Paulus
2408 545 2488 600 sic
2531 545 2816 615 loquentes
2860 546 3078 600 exhibet
3109 563 3122 600 ε
3152 566 3170 595 ι
3203 545 3431 599 Mandu-

1869 653 2055 693 cemus
2103 648 2157 692 et
2205 641 2492 694 bibamus:
2537 654 2662 693 cras
2704 640 2846 693 enim
2891 639 3186 693 moriemur
3217 639 3282 692 “.
3321 659 3339 691 ι
3371 637 3428 693 Si

1867 744 1996 798 ergo
2024 731 2211 784 miseri
2245 731 2320 783 illi
2354 739 2562 784 tantum
2599 745 2929 800 cognoscere
2962 733 3279 794 valuerunt,
3313 731 3433 784 exi-

1868 836 2024 889 guam
2057 822 2271 898 scilicet
2297 836 2361 874 ac
2389 821 2600 876 tristetn
2631 838 2752 876 esse
2779 822 2942 874 vitam
2974 837 3129 876 suam
3162 838 3175 874 :
3207 836 3306 874 cur
3335 821 3434 875 bo-

1868 926 2063 964 norum
2106 921 2383 964 auctorem
2429 914 2593 966 citius
2640 929 2747 966 non
2792 913 3092 967 invenere?
3123 911 3305 966 Solius
3331 911 3433 964 ita-

1867 1015 1971 1069 que
1997 1001 2255 1068 sapientis
2292 1008 2377 1054 est
2427 1016 2591 1056 nosse
2638 1018 2817 1055 rerum
2860 1018 3095 1057 causas:
3145 1001 3434 1057 manifeste

1865 1091 2018 1145 novit
2045 1092 2241 1160 quippe
2263 1130 2278 1153 ,
2305 1106 2414 1160 quo
2443 1092 2602 1145 modo
2629 1101 2679 1147 et
2714 1108 2823 1162 quo
2848 1092 2952 1146 line
2979 1109 3066 1148 res
3095 1093 3253 1148 factae
3282 1095 3391 1148 sint
3415 1112 3431 1148 :

1871 1179 2024 1232 novit
2093 1179 2299 1242 Deum,
2368 1180 2613 1233 omnium
2674 1196 2796 1235 esse
2859 1179 3170 1236 factorem:
3227 1182 3435 1236 audivit

1867 1269 2068 1340 quippe
2116 1269 2388 1324 dicentem
2438 1268 2758 1338 Apostolum
2788 1288 2802 1324 :
2832 1291 2848 1321 ι
2883 1273 3008 1326 Sive
3057 1273 3432 1335 manducatis,

1875 1363 1989 1416 sive
2024 1361 2242 1426 bibitis,
2283 1362 2395 1415 sive
2439 1362 2568 1430 quid
2616 1363 2825 1427 l’acitis;
2874 1363 3055 1416 omnia
3101 1363 3155 1416 in
3206 1365 3432 1433 gloriam

1871 1451 1967 1506 Dei
2002 1452 2164 1506 facite
2200 1452 2270 1507 ⁸⁷.
2302 1471 2319 1503 ι
2349 1451 2451 1517 Qui
2488 1467 2617 1505 vero
2648 1455 2758 1504 vita
2794 1453 2958 1521 hujus
2991 1454 3174 1507 sa~culi
3210 1455 3433 1520 vivunt,

1868 1555 2126 1612 tanquam
2161 1543 2215 1598 in
2242 1543 2527 1612 juventute
2558 1544 2831 1608 celeriter,
2865 1553 2918 1598 et
2963 1545 3166 1596 malitia
3213 1546 3435 1614 propria

1869 1649 1899 1686 a
1932 1635 2198 1704 principio
2230 1633 2298 1687 ad
2328 1634 2487 1689 linem
2522 1650 2694 1704 usque
2721 1637 3067 1704 consumpti,
3097 1652 3204 1689 non
3235 1643 3438 1690 norunt

1869 1726 2085 1795 opilicia
2119 1724 2234 1779 Dei.
2283 1725 2416 1778 Nam
2465 1727 2512 1779 si
2548 1735 2728 1780 mente
2761 1741 2859 1780 sua
2889 1734 3144 1780 accurate
3181 1727 3268 1778 illa
3301 1741 3436 1781 con-

1871 1819 2243 1881 siderassent,
2287 1819 2454 1873 citius
2497 1821 2657 1889 plane
2698 1835 2886 1874 eorum
2932 1828 3235 1874 creatorem
3270 1819 3436 1874 Deum

1872 1904 2271 1980 agnovissent:
2311 1930 2327 1961 ι
2366 1909 2444 1963 Ex
2505 1910 2878 1980 magnitudine
2931 1911 3075 1963 enim
3131 1925 3194 1964 ac
3253 1910 3440 1980 specie

1871 2009 2280 2062 creaturarum,
2315 2010 2507 2053 auctor
2541 2015 2727 2054 earum
2759 2001 3088 2071 perspicitur
3117 2000 3182 2052 ⁸⁸.
3226 2019 3244 2051 ι
3281 1999 3436 2052 Viam

1869 2105 1999 2160 ergo
2051 2090 2118 2144 ad
2171 2105 2328 2143 usum
2377 2090 2693 2160 proposuit,
2743 2104 2865 2158 qua:
2905 2089 3154 2144 homines
3196 2090 3358 2144 ducat
3406 2104 3437 2142 ιι

1871 2185 2138 2236 creaturis
2174 2183 2240 2236 ad
2273 2183 2514 2236 omnium
2549 2189 2852 2236 creatorem
2888 2191 2940 2236 et
2968 2182 3238 2250 opiticem.

1939 2497 1993 2552 2.
2036 2495 2160 2550 Haec
2193 2496 2424 2550 orationi
2460 2505 2661 2550 nostra:
2691 2493 3053 2565 praefiximus,
3091 2495 3218 2564 quia
3248 2509 3440 2549 omnes

1872 2587 2030 2656 quasi
2079 2602 2210 2642 oves
2252 2596 2606 2650 erraverunt,
2656 2595 2709 2642 et
2763 2588 2891 2656 quia
2954 2587 3205 2640 «invidia
3236 2587 3439 2640 diaboli

1871 2694 2021 2733 mors
2051 2679 2274 2733 intravit
2306 2679 2360 2732 in
2398 2679 2658 2732 mundum
2690 2678 2758 2741 ”,
2795 2697 2814 2731 ι
2843 2694 2904 2732 ac
2950 2679 3187 2732 vinculis
3230 2691 3442 2747 pecca-

1869 2779 2049 2827 torum
2104 2787 2329 2825 suorum
2383 2771 2618 2840 quisque
2664 2771 3080 2839 constringitur.
3120 2790 3136 2821 ι
3175 2769 3442 2839 Regnavit

1870 2864 2016 2918 enim
2062 2878 2211 2916 mors
2258 2863 2327 2916 ab
2365 2862 2536 2915 Adam
2579 2878 2750 2932 usque
2799 2863 2864 2916 ad
2910 2862 3145 2928 Mosen),
3188 2865 3351 2917 etiam
3384 2863 3442 2917 in

1871 2971 1965 3012 eos
1999 2956 2090 3024 qui
2122 2970 2228 3008 non
2257 2963 2622 3024 peccaverunt
2656 2954 2709 3007 in
2743 2955 3156 3008 similitudinem
3187 2954 3443 3023 praevari-

1872 3047 2112 3100 cationis
2144 3045 2272 3099 Adae
2304 3048 2342 3099 '.
2377 3064 2394 3095 ι
2426 3044 2532 3098 Sed
2562 3045 2709 3098 venit
2755 3044 3017 3099 Dominus
3055 3053 3244 3098 noster
3281 3043 3443 3098 Jesus

1801 3171 1845 3229 ο
1877 3137 2160 3199 Christus,
2191 3137 2575 3207 redempturus
2601 3139 2877 3205 captivos,
2910 3146 2963 3192 et
2994 3146 3237 3191 mortuos
3270 3137 3444 3190 vivifi-

1879 3238 2124 3283 caturus.
2158 3227 2335 3296 Hujus
2364 3245 2494 3283 sane
2535 3229 2611 3282 rei
2645 3245 2848 3297 gnarus
2889 3230 3080 3283 beatus
3111 3228 3440 3298 Apostolus,

1880 3320 1992 3374 haec
2023 3320 2281 3388 scripsit:
2317 3339 2336 3370 ι
2368 3319 2422 3372 Si
2452 3321 2593 3373 enim
2627 3323 2790 3374 unius
2822 3320 3024 3373 delicto
3055 3321 3207 3372 multi
3243 3320 3442 3373 mortui

1880 3419 2047 3476 sunt;
2100 3411 2271 3462 multo
2318 3411 2492 3480 magis
2535 3411 2699 3465 unius
2739 3411 3131 3478 justilicatione
3173 3411 3344 3480 gratia
3388 3411 3442 3464 in

1878 3517 2068 3555 omnes
2103 3499 2350 3554 homines
2377 3501 2440 3552 ad
2467 3501 2733 3568 justitiam
2765 3501 2886 3552 vitae
2915 3501 2956 3550 ¹.
2989 3519 3006 3550 ι
3036 3498 3444 3566 Peregrinatum

1879 3592 2065 3658 itaque
2115 3593 2181 3641 ad
2225 3604 2324 3642 nos
2367 3596 2451 3641 est
2489 3590 2670 3641 vivum
2715 3597 2770 3641 et
2808 3588 2992 3642 ellicax
3036 3586 3126 3640 Dei
3167 3585 3441 3651 Verbum,

1880 3692 2041 3750 atque
2071 3681 2248 3749 imago
2305 3680 2645 3734 invariabilis
2667 3719 2680 3742 ,
2713 3679 2884 3734 Filius
2919 3680 3264 3748 nnigenitus,
3297 3698 3316 3729 ‹
3351 3694 3446 3748 per

1879 3785 2039 3839 quem
2073 3769 2271 3823 szecula
2303 3768 2444 3821 facta
2477 3777 2636 3832 sunt,
2671 3779 3007 3838 portansque
3053 3770 3235 3822 omnia
3281 3769 3446 3822 verbo

1879 3861 2098 3914 virtutis
2131 3875 2276 3924 sua),
2306 3859 2680 3929 purgationem
2715 3867 3060 3929 peccatorum
3105 3859 3310 3914 iaciens
3345 3860 3384 3914 ³.
3421 3878 3441 3911 ι

1880 3953 2090 4008 Idcirco
2129 3952 2297 4005 mittit
2334 3952 2632 4020 discipulos
2675 3951 2813 4004 duos
2857 3951 2913 4004 in
2956 3951 3239 4004 castellum
3281 3965 3312 4006 e
3354 3965 3446 4005 re-

1880 4045 2039 4114 gione
2086 4044 2284 4102 situm,
2326 4041 2516 4096 dicens
2553 4043 2673 4096 eis:
2705 4059 2724 4090 ‹
2754 4040 2829 4095 ite
2873 4041 2927 4095 in
2977 4042 3257 4096 castellum
3301 4041 3446 4110 quod

1879 4144 2069 4188 contra
2100 4150 2195 4188 vos
2223 4141 2336 4195 est,
2372 4141 2426 4185 et
2456 4133 2636 4188 statim
2689 4131 2974 4186 invenietis
3007 4133 3218 4186 asinam
3263 4134 3452 4204 alliga-

1881 4234 2021 4289 tam,
2051 4234 2106 4279 et
2134 4226 2339 4294 pullum
2367 4239 2490 4278 cum
2520 4239 2582 4277 ea
2612 4241 2627 4289 ;
2661 4223 2854 4278 solvite
2882 4232 2936 4277 et
2961 4222 3214 4277 adducite
3244 4225 3396 4277 mihi.
3424 4242 3444 4275 ι

1879 4317 2041 4388 375
2103 4317 2385 4372 Matthams
2446 4314 2662 4384 quidem
2721 4315 3042 4370 describens
3098 4315 3446 4378 Ecclesiam,

1880 4407 2107 4476 ejusque
2133 4406 2341 4476 prolem
2363 4446 2378 4468 ,
2411 4406 2622 4459 asinam
2653 4417 2705 4458 et
2739 4404 2944 4473 pullum
2979 4403 3298 4458 nominavit.
3343 4402 3453 4456 Lu-

226 4497 322 4548 μοι.
365 4502 382 4534 ι
415 4481 694 4544 Ματθαῖος
724 4481 820 4550 μὲν
851 4480 1158 4551 διαγράφων
1185 4481 1280 4551 τὴν
1315 4481 1659 4550 Ἐκκλησίαν,
1685 4480 1773 4532 καὶ

1882 4513 1975 4552 cas
2008 4512 2138 4551 vero
2173 4498 2225 4550 in
2257 4511 2423 4550 unum
2456 4499 2616 4548 ambo
2646 4495 2964 4564 complexus
2985 4534 2999 4557 ,
3031 4495 3238 4564 pullum
3278 4495 3454 4548 nomi-

221 4573 286 4626 τὰ
315 4575 370 4640 ἐξ
418 4575 588 4645 αὐτῆς
635 4573 920 4642 γενόμενα,
963 4575 1079 4626 ὄνον
1126 4575 1218 4626 καὶ
1266 4575 1440 4627 πῶλον
1487 4573 1734 4642 ὠνόμασε
1760 4588 1773 4600 ·

225 4663 422 4729 Λουκᾶς
449 4666 505 4719 δὲ
555 4667 627 4719 τὰ
654 4667 935 4736 ἀμφότερα
971 4668 1050 4729 εἰς
1087 4665 1212 4736 μίαν
1244 4665 1470 4736 ἑνότητα
1503 4665 1777 4731 ἀνακεφα-

225 4753 550 4828 λαιούμενος,
587 4759 762 4812 πῶλον
794 4756 1078 4828 ὀνομάζειο
1121 4758 1252 4827 φησὶ
1289 4757 1394 4828 γάρ
1435 4756 1577 4808 οὕτω
1640 4757 1777 4808 Λου-

226 4850 318 4912 κᾶς
343 4852 398 4903 ἐν
431 4851 508 4921 τῷ
531 4851 652 4904 καθ’
681 4851 867 4904 ἐαυτὸν
899 4848 1237 4919 mansum:
1289 4868 1308 4899 ι
1355 4847 1659 4900 Ἀπέστειλε
1687 4845 1780 4899 δύο

225 4940 326 4993 τῶν
359 4943 614 5014 μαθητῶν
643 4943 827 5007 αὑτοῦ,
856 4941 1022 4995 εἰπών
1045 4957 1059 4970 °
1099 4941 1364 5009 Ὑπάγετε
1405 4942 1483 5002 εἰς
1511 4939 1610 5010 τὴν
1644 4955 1778 4990 κατ-

228 5030 393 5086 έναντι
427 5035 622 5106 κώμην
642 5052 654 5064 ·
688 5037 744 5087 ἐν
850 5035 1289 5106 εἰσπορευόμενοι
1315 5033 1574 5103 εὑρήσετε
1601 5031 1780 5084 πῶλον

228 5119 514 5192 δεδεμένον,
548 5126 633 5192 ἐφ’
662 5125 718 5177 ὃν
746 5124 916 5187 οὐδεὶς
945 5123 1162 5176 πώποτε
1200 5123 1500 5193 ἀνθρώπων
1527 5121 1746 5176 ἐκάθισε
1763 5140 1776 5152 ·

228 5209 472 5278 λύσαντες
499 5216 735 5282 ἀγάγετέ
769 5233 876 5284 μοι.
918 5235 936 5266 ι
976 5215 1237 5284 Εὐρήσεις
1263 5209 1355 5266 οῦν
1386 5213 1475 5264 τὸν
1508 5211 1782 5264 Ματθαῖον

233 5307 492 5376 πανταχοῦ
531 5306 628 5359 δύο
651 5306 979 5376 ὀνομάζοντα
1003 5347 1018 5368 ,
1051 5306 1141 5358 τὸν
1181 5306 1238 5358 δὲ
1276 5305 1486 5358 Λουκίν
1519 5306 1594 5366 εἰς
1634 5303 1691 5357 ἓν
1715 5301 1784 5354 τὰ

231 5391 315 5446 δύο
344 5398 860 5467 ἀνακεφαλαιοῦντα.
905 5393 1028 5451 Οἶον
1075 5399 1168 5450 καὶ
1210 5399 1300 5450 ἐπὶ
1344 5396 1451 5449 τῶν
1490 5396 1722 5463 τυφλῶν,
1757 5397 1785 5446 6

234 5486 494 5552 Ματθαῖος
528 5490 624 5542 δύο
673 5491 831 5544 πάλιν
876 5490 1146 5560 ὀνομάζει,
1198 5487 1396 5542 εἰπών’
1455 5507 1471 5539 ι
1510 5489 1617 5540 Καὶ
1661 5504 1791 5558 παρ-

234 5575 406 5644 άγοντι
441 5581 650 5633 ἐκεῖθεν
692 5580 768 5650 τῷ
802 5579 970 5651 Ἰησοῦ
1003 5579 1365 5651 ἠκολούθησαν
1392 5578 1540 5648 αὐτῷ
1580 5579 1672 5631 δύο
1703 5597 1794 5631 τυ-

301 5698 508 5768 “sap.
564 5715 640 5758 tt,
695 5699 758 5756 5.
795 5699 846 5753 6.
927 5701 986 5768 7"
1027 5699 1042 5751 Ι
1089 5700 1215 5754 Cor.
1269 5716 1357 5761 xv,
1393 5700 1482 5752 52.

241 5778 288 5824 ν.
321 5767 399 5820 Η.
459 5767 493 5800 ³
533 5770 665 5823 ibid.
703 5770 787 5824 15.
853 5769 884 5848 _'
921 5767 1082 5825 Hebr.
1120 5786 1158 5838 ι,
1195 5772 1246 5826 5.

1570 5699 1614 5729 ⁸⁷
1656 5699 1834 5754 ltlor.
1869 5715 1938 5766 κ,
2005 5701 2095 5753 51.

1325 5769 1492 5823 ‘Luc.
1531 5785 1642 5828 xu,
1678 5768 1774 5834 29,
1812 5770 1900 5823 50.

1882 4597 1975 4643 nat
2008 4606 2020 4642 :
2054 4589 2129 4640 ait
2154 4587 2298 4640 enim
2333 4587 2448 4656 ipse
2472 4585 2649 4640 Lucas
2675 4586 2730 4638 in
2759 4584 3054 4654 Evangelio
3083 4599 3184 4639 suo
3214 4603 3228 4638 :
3254 4601 3272 4634 ι
3309 4583 3455 4638 Misit

1883 4679 2021 4733 duos
2047 4679 2348 4748 discipulos
2379 4692 2510 4732 suos
2533 4678 2762 4730 dicens:
2801 4676 2873 4729 Ite
2907 4678 2960 4730 in
2988 4677 3272 4730 castellum
3306 4673 3454 4744 quod

1887 4779 2080 4825 contra
2128 4786 2227 4823 vos
2274 4778 2396 4824 est:
2449 4770 2505 4821 in
2549 4768 2693 4836 quod
2741 4768 3108 4829 introeuntes,
3160 4767 3451 4820 invenietis

1887 4862 2092 4930 pullum
2123 4861 2290 4914 asinae
2318 4859 2634 4928 alligatum,
2667 4858 2755 4910 cui
2799 4873 2958 4910 nemo
2995 4872 3232 4925 unquam
3272 4855 3452 4909 homi-

1890 4967 2018 5006 num
2053 4949 2193 5005 sedit
2221 4968 2234 5003 :
2261 4949 2456 5002 solvite
2479 4950 2630 5002 illum
2660 4956 2714 5002 et
2739 4947 2990 5001 adducite
3020 4947 3151 4998 mihi
3179 4946 3216 5000 ⁸.
3253 4965 3272 4996 ι
3301 4946 3455 4999 Inve-

1886 5044 2006 5096 nies
2033 5043 2214 5109 itaque
2243 5039 2552 5094 Matthmum
2584 5041 2694 5094 duo
2740 5040 2941 5108 ubique
2981 5041 3303 5100 nominare;
3350 5036 3460 5090 Lu-

1887 5146 2007 5185 cam
2042 5145 2170 5183 vero
2199 5129 2307 5183 duo
2351 5129 2405 5181 in
2447 5145 2614 5181 unum
2665 5129 2972 5197 complecti.
3017 5125 3332 5195 Cujusmodi
3373 5134 3458 5180 est

1889 5219 2021 5274 illud
2047 5221 2115 5274 de
2141 5221 2300 5274 cazcis
2319 5257 2333 5281 ,
2360 5233 2498 5288 quos
2529 5219 2812 5272 Matthmus
2839 5218 2977 5272 duos
3003 5218 3127 5272 item
3159 5225 3458 5281 memorat,

1889 5313 2120 5366 dicens:
2182 5329 2200 5360 ι
2240 5310 2305 5363 Et
2352 5318 2666 5365 transeunte
2714 5310 2839 5364 inde
2889 5311 3054 5373 Jesu,
3108 5313 3277 5362 secuti
3331 5317 3459 5362 sunt

1891 5419 2016 5457 eum
2067 5402 2176 5456 duo
2207 5401 2374 5465 caeci,
2412 5402 2713 5455 clamantes
2761 5409 2812 5454 et
2861 5400 3146 5454 dicentes:
3203 5399 3461 5453 Miserere

1898 5494 2108 5556 nostri,
2152 5492 2226 5545 [ili
2268 5489 2437 5544 David
2481 5492 2522 5545 ⁸.
2558 5510 2576 5542 ι
2623 5491 2800 5544 Lucas
2841 5505 2968 5543 vero
3008 5490 3148 5543 duos
3190 5488 3242 5541 in
3289 5503 3459 5542 unum

1898 5583 2212 5652 complexus
2233 5621 2248 5644 ,
2281 5581 2355 5635 ait
2392 5600 2406 5636 :
2435 5600 2451 5631 ι
2478 5579 2702 5634 Factum
2735 5587 2817 5635 est
2867 5587 3046 5633 autem
3066 5617 3080 5642 ,
3109 5595 3232 5632 cum
3266 5591 3464 5649 appro-

2170 5701 2214 5731 ἐ
2257 5699 2381 5768 Sap.
2415 5715 2548 5765 xm,
2587 5699 2639 5756 5.
2715 5700 2759 5734 “
2801 5697 2927 5768 Sap.
2965 5713 3041 5763 ιι,
3076 5696 3166 5750 24.

1977 5771 1999 5802 ⁸
2041 5769 2230 5825 Matth.
2265 5785 2352 5835 ιιι,
2388 5769 2477 5823 ‘27.

3245 5697 3260 5726 ⁸
3303 5694 3458 5749 Rom.
