4022 6382
594 381 724 437 1037

1675 375 1735 430 S.
1773 371 2240 432 ATHANASIUS.
2294 401 2365 413 —
2405 368 2680 426 SPURIA.

3699 365 3822 422 1018

587 493 880 562 plnquaret
909 485 1163 551 Iericho,
1221 499 1399 539 caecus
1444 482 1664 553 quidam
1717 484 1940 538 sedebat
1990 498 2148 539 secus

2255 482 2393 553 φλοὶ,
2426 481 2719 554 κράζοντες
2741 479 2834 534 καὶ
2856 478 3128 546 λέγοντες·
3162 495 3181 528 ι
3227 475 3488 547 Ἐλέησον
3524 478 3697 548 ἡμᾶς,
3719 477 3821 541 υἱὸς

584 584 730 639 viam
753 581 1087 636 mendicans.
1113 575 1177 630 Et
1201 590 1324 630 cum
1347 575 1558 628 audiret
1577 573 1792 628 turbam
1817 583 2148 644 praetereunt-

584 681 730 738 tem,
774 667 1178 739 interrogabat,
1225 665 1356 736 quid
1397 665 1502 719 hoc
1535 673 1703 720 esset.
1746 664 2014 720 Dixerunt
2050 679 2151 719 au-

585 773 693 818 tem
725 761 774 816 ei
793 799 807 823 ,
838 759 986 831 quod
1013 757 1174 812 Iesus
1195 754 1506 810 Naaareuus
1535 755 1832 822 transiret,
1861 763 1917 811 et
1945 757 2150 810 clama-

550 854 662 906 .vit
703 852 934 906 dicens:
983 847 1111 904 Jesu
1143 887 1158 912 ,
1210 847 1284 900 ﬁli
1323 845 1490 900 David
1516 887 1530 912 ,
1573 846 1836 902 miserere
1897 847 2006 902 mei
2049 847 2092 902 ⁸.
2124 865 2144 898 ι

585 931 850 996 Similiter
891 939 1266 1010 deprehendes
1294 937 1663 993 daemoniacos
1693 937 1832 992 duos
1865 939 2152 993 nominare

581 1033 930 1100 Matthaeum;
976 1031 1181 1086 Lucam
1229 1047 1361 1086 vero
1410 1031 1752 1086 accuratiore
1801 1039 2014 1094 mente,
2063 1030 2152 1100 pie

581 1138 682 1193 pro
728 1123 942 1176 duobus
980 1135 1152 1174 unum
1194 1121 1400 1176 dicere.
1441 1119 1730 1174 Matthteus
1759 1134 1891 1190 ergo
1919 1119 1987 1174 de
2015 1119 2152 1174 duo-

581 1219 686 1272 bus
715 1216 796 1272 sic
818 1215 1062 1285 loquitur
1091 1232 1104 1268 :
1133 1231 1152 1264 ι
1188 1213 1255 1267 Ει
1295 1228 1422 1270 cum
1469 1213 1714 1267 venisset
1755 1219 1910 1266 trans
1952 1211 2150 1266 fretum

580 1310 636 1364 in
664 1309 940 1379 regionem
971 1305 1376 1362 Gerasenorum
1397 1343 1413 1368 ,
1445 1311 1806 1360 occurrerunt
1837 1302 1888 1359 ei
1917 1303 2026 1358 duo
2055 1303 2152 1356 ha-

578 1400 773 1456 bentes
809 1399 1109 1465 daemonia,
1148 1397 1217 1452 de
1267 1397 1640 1452 monumentis
1684 1405 1980 1462 exeuntes,
2025 1394 2150 1450 saevi

576 1493 743 1548 nimis
769 1491 815 1545 ".
851 1510 870 1544 ›
903 1487 1084 1544 Lucas
1127 1502 1262 1542 vero
1311 1503 1482 1543 unum
1533 1502 1634 1557 pro
1673 1487 1888 1544 duobus
1933 1486 2152 1556 scripsit

575 1583 665 1638 his
717 1581 932 1636 verbis:
964 1597 983 1630 ι
1015 1577 1080 1631 Et
1125 1593 1252 1633 cum
1300 1591 1561 1648 egressus
1611 1586 1756 1632 esset
1800 1575 1868 1630 ad
1913 1583 2150 1639 terram,

576 1676 821 1733 occurrit
851 1674 932 1728 illi
961 1673 1046 1729 vir
1073 1671 1296 1743 quidam
1327 1686 1393 1726 ex
1426 1673 1596 1735 urbe,
1629 1669 1723 1740 qui
1767 1669 2002 1724 habebat
2041 1667 2152 1722 dte-

584 1769 777 1824 monia
817 1767 928 1838 jam
975 1781 1006 1820 a
1036 1765 1375 1836 temporibus
1423 1763 1609 1818 multis
1637 1762 1680 1814 ⁸.
1713 1781 1733 1814 ι
1767 1761 1976 1832 Ubique
2019 1775 2150 1830 ergo

2256 575 2439 630 Δαϐίδ.
2479 595 2499 626 ι
2545 575 2601 628 '0
2642 573 2700 627 δὲ
2741 575 2954 636 Λουκᾶς
2992 575 3117 636 τοὺς
3158 571 3255 624 δύο
3299 572 3384 632 είς
3420 572 3522 623 ἕνα
3564 571 3823 638 ἀνακεφα-

2255 665 2570 736 λαιούμενός
2599 679 2794 734 φησιν’
2840 681 2858 714 ι
2896 663 3140 730 Ἐγένετο
3177 661 3236 715 δὲ
3272 663 3333 714 ὲν
3354 659 3437 732 τῷ
3457 659 3702 728 ἐγγίζειν
3737 661 3822 714 αὺ-

2254 758 2348 811 τὸν
2383 759 2462 822 είς
2499 755 2726 829 ’Ῑεριχὼ,
2774 755 2967 824 τυφλά⁹
3007 771 3093 818 τις
3117 753 3354 825 ἐκάθητο
3384 753 3545 825 παρὰ
3575 753 3674 825 τὴν
3699 753 3819 819 ὁδὸν,

2257 851 2586 924 προσαιτῶν.
2621 849 2882 913 ’Δκούσας
2902 848 2959 901 δὲ
2983 847 3138 919 ὕχλου
3166 847 3660 918 διαπορευομένου,
3685 849 3820 900 ἐπυν-

2257 939 2449 992 θάνετο
2488 938 2542 992 τί
2577 937 2643 992 ἂν
2695 939 2780 1010 εἴη
2817 937 2996 993 τοῦτο.
3036 937 3409 1010 ’Δπήγγειλαν
3449 938 3508 990 δὲ
3551 939 3721 1009 αὐτῷ,
3751 940 3819 991 ὃτι

2269 1031 2474 1102 Ἰησοῦς
2493 1033 2522 1085 ό
2543 1031 2852 1102 Ναζαραῖος
2881 1030 2992 1102 (93)
3020 1030 3380 1103 παρέρχεται,
3410 1031 3507 1084 καὶ
3529 1031 3726 1102 ὲὸόησε
3743 1031 3816 1084 LE-

2255 1140 2400 1192 γωνο
2443 1123 2616 1195 Ἰησοῦ
2664 1124 2748 1177 υἱὲ
2792 1121 2976 1188 Ama,
3006 1123 3224 1194 ἐλέησόν
3261 1139 3351 1194 με.
3405 1141 3426 1174 ι
3468 1122 3705 1192 ὀμοίως
3740 1124 3820 1176 καὶ

2256 1218 2348 1270 ἐπὶ
2373 1215 2480 1269 τῶν
2513 1214 2970 1286 δαιμονιζομένων
3007 1215 3258 1286 εὑρήσεις
3286 1215 3382 1268 τὸν
3428 1214 3530 1285 μὲν
3561 1216 3818 1268 Ματθαῖον

2255 1305 2348 1358 δύο
2374 1303 2724 1376 ὀνομάζοντα,
2753 1305 2843 1358 τὸν
2885 1304 2944 1358 δὲ
2973 1305 3187 1358 Λουκᾶν
3216 1303 3594 1376 ἀκριὸεστέρᾳ
3629 1307 3694 1374 τῇ
3727 1304 3818 1357 6m-

2255 1397 2373 1470 νοίᾳ
2402 1397 2641 1462 εύσεσῶς
2672 1397 2790 1451 dmi
2823 1397 2932 1450 τῶν
2957 1396 3054 1450 δύο
3083 1397 3178 1450 ἕνα
3220 1398 3504 1468 εἰρηκότα.
3544 1397 3714 1468 Φησὶν
3739 1392 3815 1449 οὖν

2253 1491 2283 1542 ό
2307 1488 2581 1553 Ματθαϊος
2621 1489 2748 1560 περὶ
2778 1487 2886 1541 τῶν
2913 1487 3006 1540 δύο
3025 1487 3226 1552 οὓτως⁹
3262 1507 3282 1540 ι
3311 1488 3422 1541 Καὶ
3449 1487 3663 1560 ελθόντι
3690 1483 3815 1554 αὐτῷ

2255 1583 2335 1644 εἰς
2363 1581 2424 1634 τὺ
2447 1581 2620 1653 πέραν
2648 1555 2728 1644 είς
2757 1580 2856 1652 τὴν
2878 1579 3059 1652 χώραν
3079 1580 3190 1635 τῶν
3213 1555 3568 1653 Γερασηνῶν,
3600 1580 3816 1653 ὑπήντηο

2258 1687 2355 1726 σαν
2381 1644 2532 1742 αὐτῶ
2559 1669 2650 1724 δύο
2685 1644 3140 1741 δαιμονιζόμενοι,
3165 1671 3230 1724 ὲκ
3248 1644 3360 1723 τῶν
3385 1644 3816 1742 μνημείων

2255 1761 2492 1832 χόμενοι,
2524 1760 2750 1832 χαλεποὶ
2779 1759 2919 1814 λίαν.
2960 1779 2978 1812 ι
3009 1761 3224 1823 Λουκᾶς
3249 1760 3308 1813 δὲ
3351 1761 3481 1824 τοὺς
3517 1759 3614 1814 δύο
3634 1761 3715 1824 είς
3737 1760 3816 1812 ἱνα

581 1856 894 1913 Μοιιιιωυω
927 1855 1174 1911 invenies
1205 1867 1423 1924 semper
1453 1851 1520 1907 de
1548 1851 1766 1907 duobus
1797 1851 2109 1922 loquentem
2134 1891 2148 1914 ,

2255 1850 2478 1920 γράφων
2519 1849 2704 1918 ἔλεγεν
2725 1867 2740 1880 ο
2805 1867 2825 1900 ι
2869 1847 3168 1914 Ἐξελθόντι
3214 1849 3272 1902 δὲ
3329 1849 3483 1920 αὐτῷ
3533 1851 3597 1902 ὲν
3622 1853 3711 1930 ,τῇ
3756 1851 3814 1919 τῇ

581 1947 787 2006 Lucam
820 1953 1001 2000 autem
1033 1945 1100 2000 de
1145 1959 1278 1998 uno.
1327 1942 1444 1997 Non
1485 1942 1630 2013 quod
1673 1941 1857 1996 divina
1893 1939 2148 1994 labantur

580 2039 910 2111 Evangelia,
961 2038 1144 2093 absit!
1195 2051 1297 2092 nec
1339 2035 1485 2105 quod
1534 2035 1786 2106 opposita
1832 2033 2148 2102 loquantur,

577 2133 674 2204 qui
729 2147 839 2186 uno
889 2131 1188 2200 eodemque
1240 2128 1446 2199 Spiritu
1495 2136 1688 2184 sancto
1735 2127 1926 2198 repleti
1970 2133 2147 2182 sunt:

579 2239 744 2280 unam
775 2223 920 2280 enim
943 2222 1295 2292 eamdemque
1327 2223 1436 2278 vim
1466 2221 1521 2276 in
1547 2220 1720 2276 sacris
1746 2219 1942 2275 litteris
1971 2217 2150 2274 sancti

576 2316 683 2371 viri
720 2321 1070 2371 conservant.

2253 1941 2557 2012 ὑπήντησεν
2585 1942 2726 2013 ἀνήρ
2757 1957 2842 2006 τις
2863 1943 2926 1995 ὲκ
2960 1942 3060 2013 τῆς
3083 1941 3311 2006 πόλεως,
3333 1943 3395 2006 ὃς
3433 1938 3551 2014 εἶχε
3583 1942 3816 2013 δαιμόνια

2253 2033 2318 2084 ἐκ
2344 2032 2551 2103 χρόνων
2577 2031 2794 2086 ἱκανῶν.
2820 2050 2839 2082 ι
2867 2031 3147 2103 Πανταχοῦ
3171 2028 3263 2084 οὖν
3286 2033 3548 2104 εὑρήσεις
3575 2033 3670 2085 τὸν
3685 2033 3815 2085 Ματ-

2255 2121 2403 2176 θαῖον
2429 2122 2621 2188 διττῶς
2648 2141 2714 2177 πε
2724 2125 2776 2196 pl.
2797 2124 3014 2179 πάντων
3047 2124 3419 2194 φθεγγόμενον
3443 2143 3458 2155 ·
3495 2125 3588 2178 τὸν
3613 2125 3670 2178 δὲ
3693 2125 3814 2177 Δου-

2254 2215 2357 2268 κᾶν
2399 2215 2592 2278 ἑνικῶς
2628 2215 3024 2286 διαλεγόμενον.
3059 2215 3218 2269 Ὥστε
3245 2217 3346 2278 οὐκ
3382 2217 3700 2286 ἐσφαλμένα
3725 2215 3814 2268 εἰσὶ

2254 2303 2321 2358 τὰ
2359 2305 2480 2359 θεῖα
2511 2307 2837 2375 Εὐαγγέλια,
2871 2306 2946 2379 μὴ
2970 2305 3204 2376 γένοιτοί
3235 2306 3358 2360 οὔτε
3392 2307 3558 2362 πάλιν
3585 2305 3815 2362 ἀντίθετα

577 2411 790 2472 ἑαυτοῖς
844 2407 1173 2478 ἐφθέγξαντο
1222 2407 1269 2460 οἱ
1303 2405 1362 2470 ἐξ
1417 2405 1534 2470 ἑνὸς
1570 2403 1664 2458 τοῦ
1709 2403 1862 2474 ἁγίου
1907 2400 2222 2472 Πνεύματος
2261 2399 2656 2471 ἐμφορούμενοι
2680 2418 2694 2431 ο
2729 2400 2856 2472 μίαν
2883 2401 2992 2471 γὰρ
3026 2399 3120 2452 καὶ
3160 2400 3260 2472 τὴν
3286 2401 3458 2472 αὐτὴν
3488 2399 3717 2465 σώζουσι
3739 2397 3811 2454 διὰ

575 2505 684 2560 τῶν
711 2505 882 2573 ἁγίων
911 2503 1142 2574 Γραφῶν
1176 2501 1403 2572 δύναμιν
1435 2501 1485 2554 οἱ
1519 2501 1682 2570 ἅγιοι.

649 2683 704 2737 5.
757 2680 962 2736 Horum
996 2694 1162 2751 porro
1213 2679 1417 2734 mentio
1449 2693 1482 2732 a
1524 2677 1684 2733 nobis
1730 2676 1872 2731 facta
1903 2683 2010 2739 est,
2042 2689 2152 2732 non

2327 2673 2378 2728 5.
2405 2673 2622 2728 Τούτων
2645 2673 2702 2728 δὲ
2723 2675 2814 2728 καὶ
2841 2674 3003 2743 ἡμεῖς
3028 2673 3516 2744 ἐμνημονεύσαμεν
3543 2675 3646 2726 οὐκ
3672 2674 3812 2726 ἐκτα-

578 2771 725 2844 quod
745 2772 1025 2844 proposito
1051 2779 1238 2827 nostro
1259 2769 1643 2825 excidet-imus.
1669 2768 1892 2824 Lectum
1919 2783 2151 2838 namque

2260 2763 2444 2827 σόντες
2485 2765 2580 2818 τοῦ
2624 2764 2983 2836 προκειμένου
3005 2782 3019 2796 ·
3059 2763 3373 2836 ἀνεγνώσθη
3421 2765 3532 2837 γάρ
3566 2768 3714 2836 ἡμῖν,
3747 2765 3812 2827 ὡς

578 2861 684 2917 fuit
725 2862 906 2926 nobis,
963 2868 1023 2916 ut
1072 2859 1382 2924 audivistis,
1441 2857 1794 2928 Evangelium
1854 2856 2151 2913 secundum

2257 2854 2548 2926 ἠκούσατε,
2575 2857 2906 2926 Εὐαγγέλιον
2941 2857 3002 2910 τὸ
3032 2856 3171 2911 κατὰ
3199 2857 3501 2911 Ματθαῖον.
3545 2859 3611 2912 Ἦ
3641 2860 3696 2912 δὲ
3725 2875 3811 2910 πε-

579 2951 913 3006 Mattbamm.
975 2949 1268 3020 Scriptura
1315 2961 1476 3017 porro
1535 2945 1805 3002 sententia
1855 2946 1970 3000 haec
2019 2952 2104 3000 est
2122 2963 2150 3029 ,ε

2263 2948 2416 3020 ριοχὴ
2450 2951 2546 3020 τῆς
2583 2950 2804 3022 Γραφῆς
2838 2951 2984 3002 ἐστιν
3021 2947 3194 3020 αὖτη’
3243 2969 3262 3001 ι
3303 2951 3438 3003 Τότε
3471 2952 3676 3022 Ἰησοῦς
3695 2949 3811 3004 ἀπί-

585 3061 604 3094 t
634 3039 788 3095 Tunc
821 3040 970 3094 misit
997 3037 1158 3094 Jesus
1185 3037 1325 3092 duos
1369 3034 1688 3105 discipulos,
1711 3034 1900 3090 dicens
1928 3034 2008 3088 eis
2035 3052 2047 3086 :
2080 3033 2151 3088 lte

2263 3041 2436 3094 στειλε
2476 3041 2568 3094 δύο
2617 3040 2881 3112 μαθητὰς,
2932 3039 3104 3109 λέγων
3145 3040 3328 3104 αὐτοῖς
3350 3056 3364 3071 ο
3405 3041 3711 3113 Πορεύθητε
3745 3043 3810 3102 είς

579 3132 637 3186 ἱιι
657 3130 962 3193 castellum,
989 3128 1141 3198 quod
1179 3133 1368 3181 contra
1403 3139 1500 3178 vos
1531 3132 1614 3178 est
1646 3142 1659 3178 :
1692 3130 1747 3180 et
1787 3123 1972 3179 statim
2005 3121 2151 3177 inve-

2259 3133 2358 3206 τὴν
2399 3132 2611 3204 κώμην,
2641 3133 2738 3204 τὴν
2777 3131 3060 3186 κατέναντι
3090 3131 3263 3202 ὑμῶν,
3311 3132 3408 3186 καὶ
3433 3132 3638 3196 εὐθέως
3667 3132 3810 3204 εὕρη-

579 3223 744 3278 nietis
774 3222 987 3277 asinam
1026 3221 1320 3291 alligatam,
1359 3227 1412 3273 et
1441 3217 1648 3288 pullum
1677 3231 1800 3270 cum
1836 3230 1899 3270 ea
1922 3232 1938 3282 ;
1961 3215 2151 3272 solvite

2264 3241 2384 3278 σετε
2409 3226 2528 3278 ὄνον
2565 3225 2871 3295 δεδεμένην,
2903 3224 2994 3276 καὶ
3039 3223 3215 3276 πῶλον
3244 3223 3362 3293 μετ’
3393 3223 3570 3294 αὐτῆς
3590 3240 3605 3254 ’
3640 3217 3813 3276 λύσαν-

577 3321 634 3369 et
688 3312 941 3367 adducite
1000 3311 1152 3365 mihi.
1215 3329 1234 3362 ι
1279 3308 1401 3364 Jam
1458 3323 1624 3378 supra
1668 3308 1905 3364 diximus
1945 3309 2151 3362 asinam

2256 3337 2348 3383 τες
2376 3317 2610 3386 ἀγάγετέ
2642 3335 2752 3389 μοι.
2785 3337 2802 3368 ι
2843 3317 2980 3388 Ἤδη
3025 3319 3457 3389 προειρήκαμεν,
3495 3319 3580 3371 ὅτι
3629 3318 3808 3387 αὖτηή

578 3407 766 3471 istam,
799 3403 1104 3460 Ecclesiam
1130 3417 1254 3458 esse
1280 3418 1346 3456 ex
1382 3401 1637 3472 gentibus
1662 3409 1910 3456 coactam
1938 3415 1952 3451 :
1975 3401 2151 3472 pullus

2256 3413 2375 3474 δνος
2403 3413 2434 3482 ὴ
2461 3409 2520 3474 ἐξ
2545 3410 2713 3464 ἐθνῶν
2754 3409 3046 3480 Ἐκκλησία
3075 3409 3368 3478 ἐτύγχανεν
3395 3428 3408 3441 ’
3442 3414 3471 3464 ό
3502 3411 3561 3464 δὲ
3602 3410 3766 3471 πῶλος
3785 3408 3812 3458 6

579 3504 785 3564 autem,
820 3503 976 3568 pater
1015 3503 1203 3551 noster
1221 3494 1393 3549 Adam
1425 3501 1531 3558 est,
1570 3507 1732 3564 quem
1770 3491 2002 3548 Satanas
2036 3508 2151 3548 ver-

2258 3504 2439 3576 πατὴρ
2478 3503 2632 3574 ήμῶν
2669 3502 2839 3575 Ἀδάμ
2872 3505 3039 3563 ἐστιν,
3068 3500 3342 3570 δν’ἔδησεν
3373 3503 3403 3554 ό
3434 3502 3682 3564 Σατανᾶς
3708 3499 3812 3560 ταῖς

579 3591 743 3646 sutiis
789 3589 905 3646 suis
930 3588 1191 3658 alligavit.
1225 3587 1345 3658 Ipsa
1389 3589 1590 3658 quippe
1621 3586 1773 3642 asina
1811 3583 2151 3640 immundum

2255 3598 2418 3651 αὑτοῦ
2446 3595 2816 3668 πανουργίαις.
2851 3593 2998 3664 Αὕτη
3030 3593 3136 3664 γὰρ
3165 3593 3198 3663 ἡ
3221 3592 3343 3656 δνος
3366 3592 3676 3664 ἀκάθαρτον
3696 3590 3813 3656 ζῶον

577 3692 698 3738 erat
718 3681 982 3745 animal’,
1019 3687 1079 3734 ut
1110 3695 1232 3750 quae
1263 3681 1446 3736 cibum
1476 3695 1586 3734 non
1615 3677 1912 3732 ruminaret
1937 3691 2155 3734 sursum

579 3775 830 3830 ducendo
869 3787 934 3828 ac
965 3771 1302 3828 demittendo
1334 3788 1348 3825 :
1385 3787 1506 3842 qua:
1537 3777 1622 3826 est
1679 3771 1929 3840 gentium-
1966 3766 2156 3821 Eccle-

580 3867 682 3922 sia.
721 3863 856 3918 Nam
886 3863 1118 3920 antehac
1163 3863 1255 3917 illa
1303 3863 1464 3918 idolis
1506 3862 1622 3917 suis
1659 3859 2150 3921 contaminabatur,

580 3953 975 4024 immundoque
999 3953 1344 4024 polluebatur
1370 3952 1666 4022 sanguine;
1698 3951 1774 4004 ita
1808 3957 1868 4004 ut
1891 3965 1986 4020 per
2003 3947 2154 4002 Jere—

581 4047 746 4100 miam
780 4037 1102 4116 prophetam
1131 4046 1178 4099 ei
1229 4043 1488 4098 dicatur:
1531 4061 1550 4093 ι
1585 4040 1876 4096 Fornicala
1925 4056 1986 4097 es
2027 4053 2152 4094 cum

583 4137 897 4206 pastoribus
949 4125 1140 4190 multis
1170 4135 1246 4200 ‘°;
1285 4153 1306 4187 ι
1359 4134 1456 4189 sed
1500 4133 1596 4188 Dei
1649 4132 1818 4188 Filius
1872 4133 2153 4187 hominum

2256 3687 2610 3760 ἐχρημάτιζε,
2653 3688 2726 3759 μὴ
2761 3687 3054 3755 ἀνάγουσα,
3084 3687 3217 3756 μήτε
3247 3685 3562 3754 κατάγουσα
3605 3699 3814 3755 μηρυκι-
3889 3747 3892 3750 ,

2258 3780 2427 3849 σμόν·
2461 3780 2584 3850 ἦτις
2626 3779 2772 3832 ἐστὶν
2807 3779 2840 3846 ἡ
2885 3777 2944 3842 ἐξ
2985 3775 3153 3828 ἐθνῶν
3194 3775 3518 3846 Ἐκκλησίαο
3561 3773 3813 3844 ἐμιαίνετο

2254 3869 2362 3940 γὰρ
2390 3871 2495 3943 πρὸ
2517 3870 2705 3924 τούτου
2730 3873 2787 3923 ἐν
2807 3871 2918 3932 τοῖς
2939 3867 3176 3930 εἰδώλοις
3201 3865 3390 3934 αὐτῆς,
3425 3867 3520 3921 καὶ
3545 3865 3812 3937 ὲμολύνετο

2253 3965 2312 4016 ὲν
2332 3967 2446 4026 τοῖς
2476 3961 2802 4034 ἀκαθάρτοις
2833 3962 3055 4032 αἴμασιν
3074 3978 3088 3992 ο
3119 3961 3194 4024 ὡς
3213 3959 3465 4028 λέγεσθαι
3499 3959 3638 4031 πρὸς
3663 3955 3812 4027 αὐτὴν

2253 4051 2617 4124 διὰΊερεμίου
2643 4051 2752 4122 (94)
2773 4050 2864 4104 τοῦ
2893 4050 3190 4120 προφήτου·
3218 4068 3236 4100 ι
3262 4049 3620 4120 Ἐμοίχευσας
3640 4050 3696 4100 ὲν
3713 4062 3814 4123 ποι-

2257 4142 2384 4214 μέσι
2431 4142 2645 4204 πολλοῖς
2663 4159 2676 4172 ·
2719 4165 2738 4193 ι
2775 4131 2891 4194 ἁλλ’
2925 4141 2953 4192 ό
2985 4139 3365 4212 φιλάνθρωπος
3406 4141 3500 4192 τοῦ
3539 4138 3672 4192 Θεοῦ
3701 4134 3814 4197 Υἱὸς

583 4227 1018 4289 aantissimus,
1048 4225 1116 4279 ad
1146 4241 1249 4281 nos
1279 4225 1655 4294 peregrinatus
1681 4233 1764 4280 est
1793 4245 1808 4280 :
1833 4243 1852 4276 ι
1882 4237 1936 4280 et
1965 4225 2151 4278 habitu

2255 4235 2560 4306 ἐπεδήμησε
2591 4234 2726 4304 πρὸς
2750 4235 2914 4302 ἡμᾶς,
2948 4250 2966 4283 ι
2991 4232 3084 4284 καὶ⁸
3116 4233 3354 4302 σχήματι
3385 4226 3814 4302 εὑρεθεὶςώςᾶν-

583 4317 843 4372 inventus
870 4323 930 4370 ut
971 4316 1167 4380 homo,
1215 4315 1522 4370 humiliavit
1569 4315 1916 4385 semetipsum
1975 4313 2151 4368 factus

2255 4327 2492 4398 θρωπος,
2522 4326 2882 4379 ἐταπείνωσεν
2912 4323 3120 4386 ἑαυτὸν,
3148 4323 3441 4392 γενόμενος
3471 4323 3706 4394 ὑπήκοος
3733 4317 3812 4388 μὲ-

582 4407 845 4464 obediens
897 4421 1071 4478 usque
1120 4407 1188 4462 ad
1241 4412 1494 4470 mortem,
1527 4413 1754 4460 mortem
1799 4415 1980 4460 autem
2023 4419 2151 4460 cru-

2255 4432 2344 4488 χρι
2379 4415 2630 4476 θανάτου,
2659 4414 2888 4466 θανάτου
2927 4413 2986 4465 δὲ
3019 4411 3273 4482 σταυροῦ.
3315 4430 3333 4464 ι
3370 4411 3447 4464 Ού
3481 4410 3592 4482 γὰρ
3632 4405 3698 4480 ἦν
3725 4407 3812 4473 ἀγ.

582 4501 664 4556 cis
699 4499 765 4553 “.
795 4516 817 4551 ι
849 4497 1034 4569 Neque
1063 4498 1207 4554 enim
1233 4497 1548 4567 angelorum
1571 4505 1707 4562 erat,
1730 4496 1823 4551 Dei
1845 4504 2151 4550 creaturam

2255 4507 2426 4575 γέλων
2451 4506 2513 4560 τὸ
2545 4505 2715 4558 σῶσαι
2757 4504 2931 4557 κτίσιν
2961 4503 3118 4570 Θεοῦ,
3155 4501 3290 4557 ἀλλὰ
3332 4502 3530 4570 Λόγου,
3569 4497 3701 4554 Θεοῦ
3729 4495 3812 4550 καὶ

583 4594 791 4648 salvam
851 4590 1066 4658 facere;
1098 4589 1194 4645 sed
1240 4587 1424 4654 Verbi,
1478 4587 1572 4644 Dei
1627 4595 1682 4643 et
1737 4587 1994 4644 hominis.
2045 4587 2151 4658 Ipsi

2255 4589 2560 4668 ἀνθρώπου.
2587 4594 2742 4665 Αὑτῷ
2763 4594 2871 4665 γὰρ
2899 4596 2990 4649 καὶ
3013 4596 3385 4665 ὲχρεωστεῖτο,
3411 4593 3489 4664 τῷ
3515 4591 3614 4647 καὶ
3636 4590 3811 4659 κτίστῃ

582 4683 784 4754 quippe
814 4681 1115 4737 debebatur
1139 4680 1294 4743 illud,
1337 4687 1524 4750 utpote
1565 4677 1658 4749 qui
1696 4687 1912 4735 creator
1943 4677 2151 4734 dicere—

2255 4690 2544 4762 είρημὲνῳ.
2578 4686 2921 4741 Ἀποστέλλει
2953 4685 3044 4740 οὖν
3074 4687 3198 4750 τοὺς
3223 4685 3316 4739 δύο
3347 4687 3595 4758 μαθητὰς
3625 4689 3704 4748 είς
3723 4683 3812 4754 την

581 4780 693 4829 tur.
726 4771 890 4826 Mittit
939 4773 1122 4841 itaque
1161 4769 1460 4840 discipulos
1515 4769 1654 4826 duos
1697 4771 1752 4824 in
1809 4770 2091 4824 castellum
2122 4785 2151 4825 e

2255 4782 2536 4834 κατέναντι
2586 4777 2778 4850 κώμην
2824 4778 2980 4831 λῦσαι
3035 4776 3131 4846 τὴν
3177 4777 3298 4831 ὄνον
3346 4777 3441 4830 καὶ
3489 4776 3581 4830 τὸν
3625 4775 3809 4835 πῶλον,

582 4866 808 4936 regione
828 4863 1017 4926 situm,
1049 4863 1144 4934 qui
1165 4863 1439 4918 solverent
1477 4861 1688 4916 asinam
1725 4867 1890 4931 atque
1921 4860 2150 4930 pullum,

2259 4893 2276 4925 ι
2317 4873 2405 4926 ἵνα
2446 4873 2770 4943 παραστήσῃ
2811 4870 2980 4939 αὐτὴν
3011 4868 3186 4938 ἐαυτῷ
3231 4868 3438 4934 ἔνδοξον
3478 4867 3808 4937 Ἐκκλησίαν,

587 4976 615 5012 ι
647 4967 706 5013 ιιι
736 4957 1016 5012 exhiberet
1069 4971 1186 5012 eam
1213 4954 1320 5011 sibi
1363 4953 1657 5024 gloriosam
1687 4952 2012 5017 Ecclesiam,
2044 4967 2151 5007 non

2258 4965 2450 5036 μηκέτι
2496 4963 2724 5034 ἔχουσαν
2773 4961 2956 5014 σπῖλον
3001 4962 3034 5030 ἢ
3079 4960 3284 5031 ῥυτίδα,
3325 4959 3357 5029 ἢ
3400 4959 3528 5012 ἄλλο
3570 4977 3623 5012 τι
3661 4978 3678 5009 ι
3711 4956 3808 5010 τῶν

583 5049 871 5106 habentem
911 5049 1146 5119 amplius
1181 5046 1473 5108 maculam,
1513 5055 1606 5101 aut
1635 5045 1839 5116 aliquid
1865 5059 2086 5112 eorum,
2129 5063 2148 5096 ι

2258 5055 2660 5128 προλεχθέντων
2686 5054 2814 5125 περὶ
2833 5053 3002 5122 αὐτῆς
3023 5069 3036 5083 ο
3061 5052 3176 5104 ἀλλ’
3197 5070 3214 5101 ι
3240 5053 3328 5104 ἵνα
3399 5053 3530 5120 ἁγία
3563 5053 3653 5104 καὶ
3679 5050 3809 5120 ἄμω-

583 5157 705 5212 quze
733 5143 989 5212 superius
1009 5141 1157 5196 dicta
1191 5147 1319 5196 sunt
1344 5138 1412 5193 de
1440 5139 1532 5194 illa
1565 5155 1578 5192 :
1613 5138 1744 5194 sedc
1780 5145 1839 5192 ut
1867 5139 2151 5194 sit'sancta

2261 5163 2358 5217 μος
2385 5145 2461 5216 τῷ
2497 5144 2736 5214 Χριστῷ.
2780 5164 2797 5195 ι
2835 5143 3020 5207 Οὕτως
3055 5142 3164 5212 γὰρ
3195 5144 3288 5194 καὶ
3319 5143 3389 5194 τὰ
3421 5141 3480 5206 ἐξ
3510 5143 3677 5212 αὐτῆς
3701 5155 3810 5207 γενο

583 5242 635 5290 et
649 5233 995 5288 immaculata
1014 5231 1234 5288 Christo
1250 5231 1350 5285 ⁸³.»
1372 5230 1450 5284 Ita
1465 5231 1610 5286 enim
1639 5231 1730 5300 qui
1746 5246 1812 5286 ex
1833 5245 1898 5285 ea
1922 5244 2151 5286 nascen-

2257 5238 2473 5309 νὼμενα
2505 5237 2715 5290 ἔσονται
2747 5238 2881 5300 είς,‹
2915 5235 3040 5289 λαὸν
3079 5233 3409 5306 περιούσιον,
3451 5233 3694 5306 ζηλωτὴν
3721 5245 3808 5284 κα-

583 5332 676 5379 tur
703 5324 872 5379 futuri
900 5332 1030 5382 sunt
1061 5342 1080 5376 ι
1117 5323 1352 5396 populus
1383 5323 1755 5394 acceptabilis,
1790 5330 2028 5379 sectator
2056 5322 2151 5377 bo-

2257 5329 2363 5384 λῶν
2395 5330 2588 5402 ἔργων.
2623 5350 2642 5380 ι

585 5423 781 5471 norun‘i
811 5431 1036 5487 operum
1065 5417 1128 5472 “.
1159 5436 1179 5468 ι

659 5571 680 5602 ⁸
717 5569 846 5639 Luc.
884 5571 1236 5634 “111.5558.
1315 5573 1338 5605 ⁷
1380 5571 1570 5628 Matth.
1589 5587 1722 5637 vm,
1755 5571 1842 5627 9.8.
1923 5572 1943 5604 θ
1982 5569 2112 5627 Luc.

2256 5613 2270 5639 ,
2294 5573 2388 5626 27.
2463 5571 2484 5601 ⁹
2511 5569 2685 5624 chit.
2721 5584 2798 5634 XI,
2827 5567 2880 5622 δ.
2962 5563 3133 5621 ιοιθτ.
3171 5579 3256 5627 ιιι,
3293 5564 3346 5618 1.
3425 5561 3714 5632 “Philipp.
3749 5569 3802 5621 ιι,

590 5638 640 5692 7.
689 5641 732 5670 ¹³
773 5636 968 5710 Ephes.
1001 5658 1052 5702 ν,
1087 5641 1177 5696 27,
1257 5641 1300 5674 ³³
1339 5642 1445 5700 Tit.
1487 5659 1559 5710 ιι,
1597 5636 1715 5696 Η.
2164 5645 2174 5652 ’

655 5752 766 5828 (95)
793 5752 950 5823 Reg,
974 5752 1302 5826 Ναζωραῖος.

2329 5754 2438 5826 (9t)
2467 5753 2600 5826 Reg.
2622 5752 2678 5822 2,
2709 5752 2796 5806 διὰ
2835 5753 3078 5808 Ἡσαΐου.
3105 5749 3224 5805 Mox
3250 5747 3392 5804 idem
3410 5785 3426 5812 ,
3469 5742 3772 5818 ὲμοιχεύοω.
