4022 6382
278 355 423 411 I029

1201 343 1481 409 HOMILIA
1518 351 1585 406 IN
1627 349 1830 407 ILLUD
1873 370 1885 406 :
1934 370 1952 404 ι
1978 348 2304 416 'EUNTES,
2344 370 2363 402 ι
2399 351 2554 408 ETC.

3362 355 3500 409 I030

345 474 400 525 4.
452 468 805 542 Ἀπέρχονται
844 463 934 523 οὖν
963 470 1013 521 οἱ
1044 470 1406 542 δύομαθηταὶ
1448 472 1525 533 εἰς
1563 468 1660 541 τήν
1719 486 1836 522 κατ-

2018 467 2072 521 ι.
2101 466 2315 523 Abeunt
2342 484 2472 539 ergo
2490 468 2743 539 discipuli
2759 469 2867 523 duo
2890 468 2958 524 ad
2989 469 3168 523 vicum
3186 482 3252 522 ex
3276 467 3507 523 adverso

275 564 459 617 ἔναντι
509 563 723 634 κώμην,
760 563 853 615 καί
884 561 1067 615 λύουσι
1114 563 1212 633 τὴν
1251 563 1368 616 ὄνον
1412 563 1501 616 καὶ
1530 561 1620 615 τὸν
1646 561 1841 625 πῶλον,

276 656 420 709 κατὰ
467 655 535 708 τὰ
567 652 921 708 κελευσθέντα
965 655 1145 717 αὐτοῖς
1179 654 1327 724 παρὰ
1369 655 1460 708 τοῦ
1500 653 1841 707 διδασκάλου.

286 744 683 797 ’Ᾱνεκαλέσατο
711 743 819 814 γάρ
849 744 994 813 ἡμᾶς
1021 744 1085 796 ἐκ
1118 744 1216 813 τῆς
1240 745 1520 799 κατέναντι
1551 743 1742 814 κώμης
1768 745 1846 806 εἰς

270 842 376 906 τὴν
402 834 721 906 ἐπουράνιον
760 833 933 897 πόλιν,
962 833 1059 903 τὴν
1091 836 1201 888 ἄνω
1242 836 1610 907 Ἰερουσαλήμ.
1650 837 1844 889 Ἐλυσε

271 924 329 979 δὲ
357 927 509 997 ἡμᾶς
540 927 604 979 ἐκ
649 924 757 978 τῶν
800 923 893 977 τοῦ
936 924 1178 979 διαϐόλου
1225 925 1464 997 δεσμῶψ
1510 928 1585 990 ώς
1617 927 1711 981 καὶ
1755 927 1846 980 τὸν

272 1021 563 1091 προφήτην
616 1020 841 1074 Ἡσαΐαν
900 1021 1007 1092 πρὸ
1059 1018 1249 1073 πολλοῦ
1298 1019 1426 1089 βοᾷν
1482 1018 1575 1071 καὶ
1632 1018 1841 1086 λέγειν-

277 1109 537 1163 (Ἔδωκά
562 1127 621 1162 σε
654 1112 732 1174 είς
764 1110 1023 1182 διαθήκην
1047 1110 1235 1179 γένους
1257 1126 1382 1179 μου,
1412 1110 1489 1171 εἰς
1513 1109 1626 1177 φῶς
1652 1109 1842 1173 ἐθνῶν,

271 1199 486 1264 ἀνοῖξαι
532 1200 842 1272 ὀφθαλμοὺς
889 1200 1126 1270 τυφλῶν,
1176 1200 1459 1268 ἐξαγαγεῖν
1513 1202 1575 1253 ἐκ
1630 1200 1844 1269 δεσμῶν

272 1290 616 1360 ἀνειμένους,
658 1292 752 1343 καὶ
792 1290 851 1357 ἐξ
903 1289 1053 1343 οἴκου
1100 1289 1344 1359 φυλακῆς
1401 1287 1736 1360 καθημένους
1785 1292 1844 1343 ἐν

274 1380 479 1434 σκότει.
518 1399 537 1431 ι
572 1382 898 1453 Πορεύονται
939 1383 988 1434 οἱ
1036 1380 1271 1452 μαθηταί
1308 1380 1389 1442 είς
1427 1379 1525 1450 τὴν
1561 1381 1842 1434 κατέναντι

271 1470 487 1542 κώμην.
534 1472 741 1543 Κώμην
769 1473 823 1527 δὲ
858 1473 952 1526 ἐὰν
986 1472 1242 1543 ἀκούσῃς,
1283 1472 1373 1524 τὸν
1409 1472 1683 1545 περίγειον
1722 1472 1844 1526 τοῦ-

270 1578 362 1613 τον
396 1562 600 1633 κόσμον
632 1563 977 1633 ὑπολάμΰανε
1000 1580 1014 1594 ⁸
1061 1566 1094 1634 ἡ
1142 1565 1249 1635 γὰρ
1276 1563 1429 1627 πόλις
1459 1564 1492 1634 ή
1526 1563 1844 1635 ἐπουράνιός

272 1652 440 1714 ἐστιν,
488 1653 565 1716 ὡς
609 1653 966 1724 προείπαμεν.
1003 1653 1077 1707 Τὸ
1106 1654 1182 1717 δὲ,
1228 1654 1323 1707 καὶ
1372 1671 1392 1704 ι
1431 1655 1525 1717 El;
1565 1655 1665 1725 τὴν
1707 1672 1843 1707 κατ-

272 1742 452 1797 έναντι
490 1741 702 1814 κώμην,
739 1762 757 1794 ι
793 1744 996 1813 Μωσῆς
1030 1745 1087 1796 ἐν
1114 1746 1179 1814 τῇ
1206 1744 1417 1796 Γενέσει
1443 1745 1838 1815 προεσήμανεν,

1945 558 2132 623 situm,
2167 559 2494 630 solvuntque
2528 560 2740 615 asinam
2788 567 2843 613 et
2890 560 3117 629 pullum,
3148 566 3312 629 prout
3343 559 3448 614 sibi
3474 574 3508 612 a

1943 650 2205 719 magistro
2224 650 2443 718 jussum
2471 650 2665 706 fuerat.
2688 650 2987 706 Revocavit
3005 650 3148 705 enim
3169 665 3270 706 nos
3299 666 3367 706 ex
3387 651 3509 704 vico

1944 745 2135 791 contra
2183 739 2385 807 posito,
2432 739 2498 793 ad
2541 739 2819 795 ctelestem
2869 738 3165 803 civitatem,
3216 754 3508 808 supernam

1941 824 2267 882 Jerusalem.
2320 827 2432 883 Nos
2463 838 2645 885 autem
2700 830 2863 884 solvit
2901 846 2968 885 ex
3002 830 3237 885 vinculis
3262 831 3507 898 diaboli;

1938 925 2004 972 ut
2030 927 2085 973 et
2127 918 2301 973 Isaias
2326 919 2588 989 propheta
2620 921 2737 990 jam
2767 922 2896 975 olim
2924 922 3286 977 exclamaret:
3319 941 3338 974 ι
3376 921 3508 978 Dedi

1942 1019 1994 1064 te
2016 1010 2071 1064 in
2104 1008 2283 1066 ftedus
2310 1012 2525 1080 generis
2560 1013 2665 1066 mei
2693 1011 2747 1065 in
2780 1013 2954 1067 lucem
2983 1014 3264 1082 gentium:
3301 1025 3511 1082 utape-

1942 1102 2056 1156 rias
2078 1103 2266 1157 oculos
2304 1117 2604 1165 caecorum,
2643 1111 2697 1158 et
2722 1103 2886 1174 376
2912 1105 3114 1160 educas
3156 1119 3223 1159 ex
3271 1104 3510 1159 vinculis

1940 1196 2220 1259 remissos,
2275 1202 2330 1250 et
2386 1210 2451 1250 ex
2499 1194 2663 1249 domo
2691 1195 2930 1250 carceris
2972 1194 3223 1251 sedentes
3263 1196 3320 1251 in
3353 1204 3508 1252 tene-

1939 1286 2054 1342 bris
2094 1287 2159 1341 “.
2198 1306 2217 1339 ι
2253 1287 2469 1342 Abeunt
2516 1288 2769 1357 discipuli
2818 1288 2874 1342 in
2911 1290 3196 1344 castellum
3223 1304 3255 1343 e
3286 1288 3508 1360 regione

1940 1376 2200 1444 positum.
2249 1378 2543 1432 Castellum
2600 1392 2765 1447 porro
2813 1393 2938 1432 enm
2994 1380 3174 1442 audis,
3227 1386 3507 1434 terrenum

1940 1469 2087 1524 hunc
2117 1469 2379 1523 mundum
2418 1468 2680 1538 intellige.
2707 1466 2917 1525 Civitas
2942 1470 3088 1524 enim
3137 1473 3378 1527 ctelestis
3399 1481 3507 1542 est,

1940 1560 2020 1614 uti
2073 1574 2239 1629 supra
2281 1559 2539 1615 diximus.
2582 1558 2719 1613 Illud
2766 1569 2946 1615 autem
2985 1582 2996 1615 :
3039 1580 3057 1612 ι
3114 1562 3171 1616 In
3219 1564 3505 1618 castellum

1939 1652 2083 1722 quod
2113 1659 2305 1706 contra
2327 1667 2424 1707 vos
2455 1658 2561 1715 est,
2612 1673 2631 1704 ι
2666 1650 2843 1708 Moses
2870 1653 2924 1706 in
2950 1651 3147 1708 Genesi
3178 1654 3307 1708 olim
3335 1655 3510 1726 signi-

1942 1744 2131 1795 ﬁcarat
2160 1739 2350 1795 dicens
2382 1759 2396 1795 :
2436 1757 2456 1792 ι
2494 1739 2796 1797 Collocavit
2848 1740 2993 1796 Deus
3024 1742 3196 1797 Adam
3228 1760 3259 1797 e
3286 1746 3507 1814 regione

271 1830 468 1884 εἰπών·
512 1850 531 1882 ι
578 1812 1109 1903 ἋπῴκησενόΘεὸς
1127 1812 1219 1884 10v
1260 1832 1426 1901 Ἀδὰμ
1465 1812 1836 1884 ἀπέναντιτοῦ

1941 1829 2179 1899 paradisi
2217 1829 2551 1899 voluptatis:
2586 1829 2862 1900 jnssitque
2894 1830 3201 1895 cherubim,
3260 1840 3314 1887 et
3348 1812 3506 1887 llam-

274 1922 613 1993 Παραδείσου
646 1924 747 1994 τῆς
774 1924 1003 1996 τρυφῆς,
1049 1924 1141 1976 καί
1184 1924 1433 1976 ἐκέλευσε
1464 1924 1531 1978 τά
1555 1924 1837 1995 χερουσίμ,

270 2016 364 2068 καὶ
384 2017 495 2086 τὴν
523 2016 777 2087 φλογίνην
806 2016 1077 2087 ῥομφαίαν
1107 2016 1207 2087 τήν
1245 2016 1613 2088 στρεφομένην
1637 2016 1841 2086 φυλάτσ

267 2124 382 2159 τειν
413 2106 512 2178 τὴν
554 2107 669 2159 ὁδὸν
711 2107 803 2160 τοῦ
849 2106 1004 2173 ξύλου
1052 2107 1149 2177 τῆς
1194 2107 1359 2178 ζωῆς.
1402 2126 1419 2159 ι
1459 2105 1684 2170 Οὐδενὸς
1730 2106 1840 2176 γὰρ

266 2196 428 2250 ἄλλου
456 2192 523 2268 ἦν
549 2199 859 2265 εἰσαγαγεῖν
889 2198 1055 2267 ἡμᾶς,
1088 2196 1209 2249 ὅθεν
1247 2195 1632 2267 ἐξεϐλήθημεν,
1663 2196 1696 2267 ἢ
1744 2197 1841 2249 αύ-

263 2284 362 2337 τοῦ
392 2284 487 2337 τοῦ
523 2286 750 2356 Κυρίου,
792 2283 885 2338 τοῦ
920 2284 1221 2347 τεθεικότος
1250 2283 1320 2337 τά
1347 2284 1614 2355 χερουϐὶμ
1642 2283 1841 2353 φυλάτ-

264 2392 382 2428 τειν
409 2374 505 2446 τὴν
534 2376 651 2430 ὁδὸν
676 2376 769 2429 τοῦ
795 2375 949 2441 ξύλου
976 2378 1074 2447 τῆς
1104 2374 1266 2446 ζωῆς.
1296 2375 1521 2438 Οὐδενὸς
1544 2374 1652 2445 γὰρ
1678 2373 1838 2429 ἄλλον

264 2464 334 2539 ἦν
364 2467 796 2522 ἀνακαλέσασθαι
823 2470 972 2539 ἡμᾶς
1004 2470 1066 2520 ἐκ
1093 2469 1190 2538 τῆς
1221 2467 1504 2520 κατέναντι
1538 2465 1727 2537 κώμης
1759 2468 1840 2529 εἰς

264 2560 365 2631 τήν
418 2560 737 2631 ἐπουράνιον
780 2560 930 2613 πόλιν
974 2560 1006 2630 ἢ
1053 2559 1239 2623 αὑτοῦ,
1284 2558 1376 2611 τοῦ
1419 2558 1838 2629 ἀποφηναμένου

262 2651 391 2705 καθ’
431 2651 606 2723 ήμῶν.
653 2652 838 2716 Οὕτως
875 2646 966 2705 οὖν
1008 2650 1329 2722 νοηθήσεται
1376 2652 1469 2704 καὶ
1507 2651 1568 2703 τὸ
1619 2651 1710 2703 ἐπί
1742 2650 1839 2721 τῆς

263 2743 389 2797 δνου
427 2745 522 2796 καὶ
559 2743 654 2798 τοῦ
695 2742 896 2807 πώλου,
923 2745 1003 2797 ὅτι
1040 2744 1188 2797 πᾶσα
1224 2745 1258 2814 ἡ
1284 2743 1635 2813 ἀνθρωπότης
1672 2743 1835 2796 ἐστίν.

258 2834 670 2906 ’Ὗποδείγμασι
698 2834 804 2906 γὰρ
833 2835 1095 2907 κέχρηται
1125 2836 1161 2905 ἡ
1185 2834 1301 2888 θεία
1329 2834 1517 2906 Γραφή
1544 2851 1556 2863 ο
1598 2832 1698 2886 κᾶν
1731 2833 1839 2905 γὰρ

262 2927 373 2997 τὴν.
398 2927 741 2998 ,Ἐκκλησίαν
789 2927 1043 2991 διαλὰδω,
1098 2927 1190 2980 τὸν
1232 2927 1513 2997 ἄνθρωπον
1560 2925 1835 2996 σημαίνω⁶

263 3019 372 3071 κᾶν
402 3019 496 3071 τοῦ
540 3019 711 3089 Ἀδὰμ
742 3021 961 3090 μνήμην
982 3020 1310 3090 ποιήσωμαι,
1339 3018 1474 3072 ἀλλά
1498 3019 1677 3071 πᾶσαν
1702 3018 1836 3089 ὁμοῦ

262 3109 363 3181 τὴν
390 3110 485 3163 ἀνθ
492 3110 782 3182 ρωπότητα
814 3110 1078 3180 ὁμολογῶ.
1119 3111 1217 3164 Διά
1246 3110 1403 3163 τοῦτο
1430 3110 1539 3180 γὰρ
1564 3109 1726 3179 ἐπεδή
1737 3126 1839 3179 μη-

1940 1936 2119 1975 meum
2173 1921 2409 1991 gladium
2460 1929 2623 1991 atque
2676 1921 2985 1977 versatilem
3044 1922 3324 1978 custodire
3365 1924 3507 1978 viam

1938 2012 2071 2083 ligni
2110 2013 2234 2067 vita:
2269 2013 2334 2067 ".
2371 2032 2391 2065 ι
2424 2011 2609 2083 Neque
2635 2014 2780 2069 enim
2821 2015 3045 2070 alterius
3074 2015 3361 2085 cujusdam
3390 2026 3510 2071 erat
3616 2042 3633 2055 ο

1938 2104 2199 2159 reducere
2229 2120 2329 2159 nos
2362 2104 2429 2158 ad
2462 2105 2639 2159 locum
2671 2105 2813 2160 unde
2837 2105 3112 2161 fueramus
3141 2109 3507 2177 expulsi,nisi

1938 2196 2111 2266 ipsius
2170 2196 2404 2260 Domini,
2437 2198 2528 2268 qui
2572 2198 2855 2253 cherubim
2902 2210 3160 2269 posuerat
3203 2201 3271 2255 ad
3316 2209 3506 2256 custo-

1938 2287 2189 2342 diendam
2215 2289 2356 2344 viam
2392 2289 2519 2360 ligni
2553 2290 2697 2344 vitae.
2722 2289 2934 2346 Nullius
2960 2301 3079 2346 erat
3104 2292 3328 2348 alterius
3348 2307 3508 2349 revo-

1938 2393 2065 2434 care
2093 2395 2193 2435 nos
2214 2395 2280 2434 ex
2313 2381 2538 2435 castello
2562 2396 2593 2434 e
2618 2380 2837 2451 regione
2876 2382 2982 2437 sito
3023 2382 3091 2437 ad
3121 2384 3398 2439 cmlestem
3428 2383 3508 2437 ci-

1937 2468 2182 2532 vitalem,
2204 2483 2366 2538 quam
2399 2468 2518 2539 ejus
2547 2471 2641 2540 qui
2671 2470 2726 2524 in
2762 2483 2862 2526 n'os
2897 2471 3123 2540 protulit
3155 2471 3501 2527 sententiam.

1936 2558 2016 2613 Ita
2046 2575 2176 2631 ergo
2192 2561 2541 2631 intelligetur,
2562 2562 2773 2617 asinam
2791 2563 2937 2617 illam
2960 2570 3315 2617 memoratam
3344 2569 3508 2633 atque

1937 2653 2163 2723 pullum,
2220 2668 2343 2709 esse
2402 2660 2573 2708 totum
2626 2655 2925 2709 humanum
2976 2671 3168 2727 genus.
3228 2655 3508 2727 Exemplis

1938 2759 2172 2813 namque
2203 2744 2375 2798 utitur
2406 2744 2592 2800 divina
2626 2743 2909 2814 Scriptura
2944 2764 2958 2799 :
2992 2760 3116 2800 nam
3159 2747 3285 2802 licet
3313 2747 3505 2802 Eccle-

1939 2838 2074 2890 siam
2109 2835 2395 2906 accipiam,
2429 2836 2703 2891 hominem
2751 2836 3021 2907 signiﬁco,
3051 2845 3107 2893 et
3142 2838 3189 2893 si
3240 2837 3505 2893 Adamum

1936 2944 2253 2993 memorem,
2294 2943 2402 2983 una
2454 2936 2627 2982 totum
2687 2944 2859 2999 genus
2921 2929 3219 2984 humanum
3262 2930 3503 2988 detﬂaro.

1936 3022 2145 3076 Idcirco
2165 3022 2311 3077 enim
2358 3021 2577 3076 advenit
2624 3019 2885 3077 Dominus
2911 3036 2974 3077 ac
3021 3020 3272 3077 Salvator
3319 3033 3509 3078 noster

1935 3112 2094 3168 Jesus
2150 3112 2427 3177 Christus,
2490 3119 2550 3166 ut
2589 3112 2736 3183 quod
2780 3121 3060 3169 erraverat
3108 3115 3414 3180 reduceret,
3453 3122 3509 3170 et

264 3220 358 3256 σεν
391 3204 420 3255 0
458 3204 659 3273 Κύριος
706 3202 799 3254 καὶ
845 3202 1033 3272 Σωτὴρ
1075 3200 1230 3272 ήμῶν
1274 3199 1480 3271 Ἰησοῦς
1519 3203 1548 3253 ὁ
1585 3200 1836 3270 Χριστὸς,

1939 3204 2083 3274 quod
2112 3204 2345 3273 perierat
2369 3218 2620 3274 quaerens
2660 3204 2946 3259 inveniret.
2978 3206 3099 3275 Ipse
3132 3220 3369 3275 namque
3422 3212 3509 3261 eat

261 3295 355 3349 ινα
404 3295 465 3347 10
503 3293 915 3364 πεπλανημένον
962 3291 1281 3363 ἐπιστρέψῃ,
1320 3291 1414 3345 καὶ
1453 3290 1514 3343 10
1562 3290 1836 3354 ἀπολωλὸς

262 3385 505 3457 ζητήσας
536 3385 691 3457 εὕρῃ.
719 3386 889 3448 Αὐτὸς
916 3385 1022 3456 γάρ
1052 3387 1197 3437 ἐστιν
1220 3385 1248 3436 0
1273 3384 1414 3436 λύων
1449 3384 1574 3446 τοὺς
1610 3383 1836 3453 πεπεδη-

264 3476 482 3545 μένους,
511 3477 604 3528 καί
627 3474 867 3547 ἀνορθῶν
900 3477 1024 3538 τοὺς
1057 3473 1552 3545 κατερραγμένους,
1587 3472 1681 3526 καὶ
1712 3474 1834 3526 ἀνα-

260 3567 594 3637 καλούμενος
634 3570 760 3630 τοὺς
789 3569 1135 3629 ἐκπεσόντας,
1173 3566 1267 3619 καὶ
1314 3564 1676 3637 λυτρούμενος
1704 3566 1831 3628 τοὺς

261 3660 661 3729 αἰχμαλώτους.
687 3659 855 3712 Τοῦτο
879 3659 937 3712 δέ
967 3659 1184 3730 μηνύων
1216 3661 1245 3711 0
1287 3657 1541 3728 θεοφόρος
1576 3656 1740 3709 Δαδὶδ
1772 3659 1831 3709 ὲν

258 3752 508 3822 Ψαλμοῖς
555 3752 690 3824 ᾅδει,
736 3750 939 3820 λέγων·
1002 3769 1021 3801 ι
1071 3750 1441 3822 Ἐπίστρεψον,
1497 3750 1686 3821 Κύριε,
1735 3750 1832 3820 τὴν

259 3844 637 3913 αἰχμαλωσίαν
686 3843 861 3913 ἡμῶν,
899 3843 973 3905 ὡς
1009 3843 1339 3914 χειμάρρους
1381 3844 1439 3895 ἐν
1483 3842 1561 3913 τῷ
1597 3843 1763 3912 νότῳ·
1807 3862 1825 3895 ι

258 3930 416 3997 οὗτός
457 3936 604 3987 ἐστιν
651 3935 681 3986 0
708 3933 802 3985 καὶ
843 3933 902 3985 τὸ
950 3935 1137 3996 σκότος
1176 3933 1567 4003 καταλάμπων,
1610 3933 1737 4003 περὶ
1769 3925 1828 3985 οὗ

258 4026 574 4096 γέγραπται
598 4042 612 4055 ·
651 4044 670 4076 ι
700 4024 955 4078 Γαλιλαία
982 4024 1090 4076 τῶν
1117 4023 1304 4088 ἐθνῶν,
1327 4026 1356 4076 0
1388 4024 1512 4088 λαὸς
1544 4028 1572 4078 0
1599 4024 1833 4095 καθήμε-

258 4134 350 4180 νος
381 4119 437 4169 ἐν
471 4118 651 4170 σκότει
696 4112 802 4170 εἶδε
841 4116 954 4185 φῶς
987 4117 1146 4186 μέγα.
1181 4135 1200 4168 ι
1252 4116 1362 4187 Τῆς
1388 4116 1495 4188 γὰρ
1535 4117 1831 4188 παρουσίας

257 4207 353 4260 τοῦ
405 4208 657 4278 Σωτῆρος
700 4207 1131 4278 καταλαμψάσης
1175 4205 1241 4260 τά
1289 4207 1597 4278 σύμπαντα,
1647 4206 1831 4258 λύεται

1939 3295 2032 3365 qui
2054 3294 2215 3349 solvit
2241 3296 2711 3365 compeditos,qni
2733 3296 3044 3351 contractos
3081 3295 3261 3366 erigit,
3290 3296 3385 3366 qui
3428 3296 3510 3349 la»

1940 3404 2068 3458 psos
2122 3397 2366 3452 revocat,
2399 3389 2492 3457 qui
2535 3390 2779 3458 captivos
2808 3388 3046 3443 redimit.
3078 3388 3232 3454 Quod
3261 3388 3507 3443 indicans

1938 3478 2112 3532 deifer
2139 3478 2229 3533 ille
2276 3478 2440 3531 David
2470 3480 2525 3532 in
2568 3478 2801 3533 Psalmis
2835 3480 2909 3531 ita
2935 3479 3082 3532 canit
3110 3495 3124 3530 :
3158 3496 3178 3528 ι
3211 3477 3503 3539 Converte,

1934 3566 2183 3629 Domine,
2236 3568 2605 3638 cpptivitatem
2664 3577 2943 3631 nostram,
3000 3567 3143 3621 sicut
3193 3574 3409 3620 torrens
3448 3566 3506 3620 in

1938 3665 2128 3711 austro
2163 3657 2226 3711 ¹⁶.
2262 3676 2280 3708 ι
2318 3655 2419 3711 Hic
2465 3664 2549 3711 est
2578 3659 2672 3726 qui
2706 3658 2962 3713 tenebras
3008 3658 3268 3721 illustrat,
3303 3658 3370 3712 de
3395 3672 3505 3728 quo

1938 3750 2202 3819 scriptum
2226 3756 2309 3803 est
2340 3768 2353 3803 :
2385 3768 2404 3800 ι
2453 3748 2672 3803 ϐοιίιαξιι
2694 3750 2958 3819 gentium,
2994 3750 3233 3818 populus
3258 3748 3352 3818 qui
3387 3763 3507 3803 am-

1936 3843 2160 3897 bulabat
2193 3842 2247 3895 in
2280 3840 2518 3897 tenebris
2546 3840 2681 3894 vidit
2735 3840 2911 3895 lucem
2962 3853 3211 3909 magnam
3244 3840 3306 3891 ¹⁷.
3333 3858 3353 3891 ι
3381 3837 3506 3893 Sal-

1933 3931 2143 3985 vatoris
2175 3931 2375 4000 quippe
2401 3929 2631 3984 adventu
2678 3930 3244 3991 cuncta‘illustrante,
3274 3930 3506 3984 solvitur

1935 4021 2153 4075 demum
2210 4021 2362 4074 asina
2391 4026 2556 4088 atque
2585 4019 2768 4089 pullus
2798 4034 2862 4074 ex
2914 4020 3168 4075 vinculis.
3204 4017 3324 4089 Ipse
3356 4020 3504 4072 enim

1933 4120 2159 4182 peccata
2186 4120 2375 4167 nostra
2410 4110 2556 4175 tulit,
2589 4118 2649 4166 ut
2682 4127 2779 4183 per
2818 4112 3138 4182 prophetam
3172 4113 3243 4167 ait
3279 4131 3293 4167 :
3332 4128 3351 4161 ι
3390 4111 3506 4183 Ego

1936 4219 2057 4258 sum
2083 4204 2176 4274 qui
2200 4203 2352 4257 deleo
2377 4210 2600 4272 peccata
2629 4211 2724 4257 tua
2752 4204 2816 4258 ³⁸.
2851 4223 2870 4256 ι

257 4297 505 4368 λοιπὺνή
555 4300 675 4361 ὄνος
722 4299 817 4351 καὶ
857 4300 885 4350 ό
928 4300 1105 4364 πῶλος
1153 4301 1215 4353 ἐκ
1256 4299 1366 4353 τῶν
1397 4299 1629 4369 δεσμῶν.
1664 4298 1834 4360 Αὐτὸς
1880 4294 1989 4366 γὰρ
2034 4297 2127 4349 καὶ
2161 4295 2262 4359 τὰς
2300 4295 2572 4367 ἁμαρτίας
2607 4296 2766 4366 ήμῶν
2801 4292 2955 4368 ἦρεν,
2992 4296 3068 4361 ῶς
3109 4314 3239 4368 φησι
3273 4296 3362 4351 διὰ
3406 4298 3506 4352 τοῦ

260 4392 537 4460 προφήτου
562 4407 576 4420 ·
624 4409 642 4440 ι
686 4388 825 4457 Ἐγώ
868 4393 982 4461 εἰμι
1018 4394 1046 4444 0
1082 4391 1374 4459 ἐξαλείφων
1417 4391 1517 4454 τάς
1554 4389 1825 4461 ἁμαρτίας
1863 4405 1979 4441 σου.
2026 4407 2044 4438 ι
2449 4380 2457 4389 ’

331 4487 383 4540 5.
420 4485 694 4555 Δείξωμεν
727 4480 818 4537 οὖν
867 4486 959 4537 καὶ
998 4487 1154 4555 ἡμεῖς
1197 4485 1396 4555 ἀγαθὸν
1440 4488 1504 4556 τῇ
1534 4484 1676 4556 ψυχῇ
1712 4486 1836 4538 ἐαυ-

258 4577 395 4630 τῶν·
426 4574 680 4646 λύσωμεν
705 4575 878 4628 πάντα
910 4575 1106 4646 δεσμὸν
1135 4575 1245 4647 (95)
1272 4576 1500 4640 ἀδικίας.
1529 4576 1696 4629 Τοῦτο
1725 4575 1832 4645 γάρ

260 4672 377 4722 ἐστι
409 4668 473 4722 τδ
516 4667 723 4739 κυρίως
756 4668 979 4736 ἀγαθὸν,
1021 4669 1105 4721 ἴνα
1135 4670 1192 4721 ἐν
1218 4663 1299 4732 οἷς
1328 4668 1490 4733 αὐτὸς
1531 4670 1559 4721 0
1589 4668 1836 4721 διδάσκα-

261 4760 350 4823 λος
377 4758 554 4830 ὀρθῶς
583 4760 678 4811 καὶ
710 4757 889 4821 καλῶς
914 4758 1315 4824 ἐπολιτεύσατο,
1347 4759 1704 4830 μανθάνωμεν
1732 4761 1831 4812 αὑ-

260 4846 350 4899 τὸν
385 4847 460 4916 μὴ
501 4845 647 4914 λόγῳ
684 4846 839 4915 μόνον
881 4846 1317 4916 παραδεδωκέναι
1360 4851 1512 4918 ήμίν,
1559 4847 1693 4901 ἀλλά
1741 4849 1833 4902 καλ⁸

261 4937 550 5006 πράγμασι
582 4933 649 4986 τά
690 4935 1049 5005 συμφέροντα.
1089 4937 1285 4989 ’Λκουε
1317 4938 1425 5008 γὰρ
1453 4938 1616 4991 αὑτοῦ
1641 4938 1828 5006 λέγον-

262 5043 350 5089 τος
376 5026 464 5079 διὰ
490 5024 586 5078 τοῦ
616 5026 894 5095 προφήτου
917 5043 929 5055 ·
962 5044 981 5076 ι
1011 5026 1235 5096 Πνεῦμα
1263 5028 1465 5096 Κυρίου
1492 5028 1578 5079 ἐπ’
1599 5029 1742 5097 .ἐμέ,
1767 5020 1827 5081 οὗ

260 5117 443 5171 ἕνεκεν
465 5115 649 5187 ἐχρισέ
677 5133 765 5187 με,
789 5117 1239 5185 εὐαγγελίσασθαι
1266 5121 1498 5188 πτωχοῖς
1524 5119 1829 5173 ἀπέσταλκε

263 5226 349 5278 με,
406 5208 663 5263 ἰάσασθαι
718 5210 842 5273 τοὺς
900 5204 1391 5281 συντέτριμμένους
1436 5210 1534 5281 τὴν
1582 5212 1827 5282 καρδίαν,

260 5300 491 5370 κηρύξαι
536 5300 903 5371 αἰχμαλώτοις
953 5302 1166 5367 ἄφεσιν,
1208 5302 1300 5354 καὶ
1334 5302 1551 5371 τυφλοῖς
1601 5303 1827 5356 ἀνάϐλε-

259 5392 367 5461 ψιν.
407 5414 427 5447 ι
468 5395 744 5467 Δήσαντες
769 5394 875 5464 γὰρ
903 5393 1254 5467 ήμῶνπόδας
1293 5394 1386 5446 καὶ
1416 5397 1603 5465 χεῖρας
1632 5397 1679 5447 οἰ
1726 5396 1829 5466 πρὸ

258 5486 445 5542 τούτου
477 5486 679 5558 κύριοι,
712 5466 1138 5556 ᾐχμαλώτευσαν
1176 5486 1346 5556 ἡμᾶς,
1379 5487 1702 5556 προκόπτειν
1732 5488 1831 5540 οὐκ

331 5641 374 5672 ⁸⁸
412 5640 518 5696 Isa.
558 5657 705 5707 xm,
742 5639 807 5703 6,
846 5639 897 5693 7.

261 5724 373 5772 ut,
416 5714 467 5766 1.

339 5842 440 5914 (95)
473 5840 608 5913 Reg.
639 5838 957 5907 σύνδεσμον.

1001 5642 1044 5673 ⁸⁸
1082 5639 1221 5698 Gen.
1254 5654 1349 5708 ιιι,
1384 5639 1476 5695 24.
1567 5642 1611 5673 ¹⁶
1648 5640 1794 5697 Psal.
1830 5657 1992 5709 cxxv,
2028 5646 2083 5701 4.

2002 4483 2058 4537 5.
2075 4482 2441 4550 Ostenda_mus
2469 4498 2600 4554 ergo
2617 4491 2672 4539 et
2698 4498 2799 4538 nos
2827 4482 3031 4538 bonum
3049 4484 3244 4554 animm
3262 4493 3466 4540 [νοείτω
3483 4504 3501 4540 :

1934 4574 2215 4629 solvamus
2240 4589 2404 4628 omne
2427 4552 2732 4644 iniquitatis
2761 4576 3061 4628 vinculum.
3099 4552 3234 4629 Illud
3266 4590 3501 4643 namque

1933 4674 2018 4721 est
2042 4666 2261 4736 proprie
2288 4666 2525 4733 bonum;
2556 4674 2616 4720 ut
2644 4667 2901 4735 quoniam
2926 4667 3041 4734 ipse
3074 4665 3329 4734 Magister
3354 4675 3505 4720 recte

1932 4765 2095 4826 atque
2121 4757 2289 4826 probe
2306 4764 2662 4812 conversatus
2684 4763 2789 4817 est,
2823 4756 3133 4810 ediscamus
3165 4758 3363 4825 ipsum,
3388 4771 3500 4811 non

1933 4850 2102 4904 verbo
2129 4855 2366 4910 tantum,
2397 4846 2491 4902 sed
2516 4862 2573 4901 re
2608 4847 2746 4916 ipsa,
2790 4847 2949 4901 nobis
2994 4848 3352 4917 congruentia
3381 4857 3500 4901 tra-

1935 4942 2159 4996 didisse.
2194 4941 2335 4994 Audi
2365 4942 2512 4996 enim
2543 4941 2696 4994 illum
2728 4940 3009 5009 prophetae
3028 4954 3160 4993 voce
3186 4939 3495 4994 dicentem:

1940 5053 1958 5085 ι
1998 5033 2236 5103 Spiritus
2278 5031 2491 5086 Domini
2551 5046 2714 5101 super
2756 5047 2875 5093 me,
2904 5039 3125 5102 propter
3162 5030 3309 5100 quod
3343 5032 3502 5086 unxit

1936 5140 2043 5187 me,
2067 5123 2440 5194 evangelizare
2468 5123 2801 5192 pauperibus
2820 5123 2968 5178 misit
2997 5136 3104 5185 me,
3139 5136 3339 5176 sanare
3369 5137 3500 5176 con—

1936 5216 2094 5270 tritos
2137 5215 2320 5277 corde,
2372 5214 2666 5284 praedicare
2715 5213 2945 5283 captivis
2998 5213 3398 5276 remissionem,
3445 5223 3500 5268 et

1935 5312 2098 5362 caecis
2129 5307 2281 5362 visus
2310 5307 2712 5361 restitutionem
2729 5307 2791 5359 ¹⁹.
2822 5326 2841 5359 ι
2869 5305 2970 5371 Qui
2999 5306 3144 5360 enim
3176 5312 3302 5359 ante
3334 5306 3501 5361 istum

1935 5398 2139 5455 domini
2167 5406 2353 5462 erant,
2396 5399 2576 5469 ligatis
2610 5398 2837 5469 pedibus
2880 5398 3243 5468 manibusque
3276 5414 3374 5454 nos
3403 5413 3502 5455 ca-

1936 5489 2114 5559 ptivos
2144 5491 2422 5556 tenebant,
2451 5506 2551 5546 nec
2575 5491 2963 5562 permittebant
2998 5506 3098 5546 nos
3127 5490 3393 5562 prolicere
3440 5491 3500 5545 in

2201 5647 2241 5678 "’
2283 5646 2388 5703 Isa.
2427 5663 2511 5717 lx,
2544 5646 2600 5703 2.
2709 5648 2751 5680 ’⁸
2793 5648 2899 5703 Isa.
2936 5662 3108 5714 mn,
3138 5646 3233 5705 θὶς.
3311 5647 3354 5679 ¹⁹
3391 5643 3497 5702 isa.
