4022 6382
599 352 734 410 1051

1717 346 1775 403 S.
1814 344 2278 401 A’l‘ﬂANASlUS.
2318 375 2389 387 -—
2427 343 2679 401 SPURIA

3694 344 3826 398 1053

595 462 687 518 via
718 460 982 517 veritatis.
1010 459 1081 512 At
1107 457 1202 513 De”:
1232 455 1404 511 Filius
1429 470 1557 526 erga
1585 455 1836 510 homines
1857 454 2136 525 benignus.

2256 453 2637 524 ἐπιτρέποντες
2666 454 2731 523 τῇ
2777 449 2879 521 ὀδῷ
2923 453 3019 521 τῆς
3062 449 3335 519 ἀληθείας.
3374 448 3518 503 Ἀλλ’
3565 451 3597 505 6
3644 452 3826 520 φιλάν-

595 554 668 609 ad
714 567 887 623 genus
938 552 1232 603 humanum
1288 550 1683 618 peregrinatus,
1733 559 1835 602 nos
1880 543 2146 600 liberavit.

593 645 850 715 Proprios
880 642 1022 698 enim
1052 639 1347 709 discipulos
1369 639 1538 700 misit,
1557 638 1826 708 solvitque
1847 652 1949 692 nos
1969 652 2000 691 a
2032 638 2153 692 vin-

590 738 733 793 culis
757 734 976 789 diaboli.
1000 730 1266 785 Mirabilia
1292 731 1476 801 itaque
1499 731 1587 784 illa
1606 731 1760 799 signa
1791 744 1821 783 a
1836 727 1965 784 Jesu
1984 727 2151 796 edita,

588 831 717 884 licet
745 824 1041 883 secundum
1075 823 1360 877 historiam
1379 824 1627 878 sensibili
1664 822 1825 876 modo
1853 822 1993 875 facta
2030 820 2152 875 fue-

586 921 734 982 rint,
767 927 825 971 at
865 916 1230 985 spiritualium
1262 915 1435 987 gratia
1466 924 1616 987 gesta
1641 921 1790 970 sunt.
1822 912 1954 980 Qua:
1975 913 2154 968 histo-

2257 547 2471 617 θρωπος
2490 545 2583 599 τοῦ
2614 544 2748 598 Θεοῦ
2776 544 2923 608 Υἱὸς,
2951 543 3289 615 ἐπιδημήσας
3318 542 3398 614 τῷ
3428 543 3582 612 γένει
3608 543 3719 597 τῶν
3740 545 3827 598 ἁν-

2254 639 2517 713 θρὼπων,
2559 637 2930 709 ἠλευθέρωσεν
2970 639 3135 709 ἡμᾶς.
3184 635 3499 689 Ἀπέστειλε
3546 637 3661 706 γάρ
3706 639 3825 702 to);

2254 730 2443 784 ἑαυτοῦ
2468 730 2731 802 μαθητὰς,
2763 730 2853 783 καὶ
2882 729 3066 782 ἔλυσεν
3095 730 3243 799 ἡμᾶς
3273 731 3335 781 ὲκ
3379 729 3493 789 τῶν
3524 728 3621 781 τοῦ
3651 729 3823 782 διαεό-

2251 825 2341 879 λου
2369 823 2602 895 δεσμῶν.
2645 822 2852 877 Οὐκοῦν
2885 821 2952 875 τὰ
2989 821 3257 890 γενόμενα
3299 820 3587 892 παράδοξα
3633 825 3823 891 σημεῖα

2254 918 2400 988 παρὰ
2434 915 2523 970 τοῦ
2570 914 2763 987 Ἰησοῦ,
2800 914 2902 968 κᾶν
2949 910 3219 982 αἰσθητῶς
3258 913 3400 965 κατὰ
3450 913 3554 984 τὴν
3591 914 3821 983 ἱστορίαν

586 1010 722 1064 riam
754 1015 1000 1078 spectant
1033 1006 1253 1076 impleta
1295 1005 1515 1075 quidem
1557 1014 1719 1072 sunt,
1753 1013 1915 1076 atque
1955 1004 2136 1060 divina

2252 1008 2486 1077 ἐγένετο,
2518 1006 2652 1061 ἀλλὰ
2683 1004 2887 1075 νοητῶν
2926 1004 3082 1075 χάριν
3114 1003 3343 1071 ἐγένετο.
3387 1003 3662 1056 Ἐτελεῖτο
3701 1003 3821 1071 γοῦν

583 1116 674 1157 res
694 1107 869 1163 erant,
902 1114 1023 1170 quae
1056 1099 1122 1153 iis
1148 1098 1615 1169 signiﬁcabantur.
1646 1096 1761 1152 Nisi
1786 1098 1927 1152 enim
1954 1097 2136 1152 divina

2248 1098 2316 1152 τὰ
2346 1101 2443 1171 τῆς
2475 1097 2713 1169 ἱστορίας
2733 1114 2747 1127 ·
2779 1097 2873 1151 καὶ
2905 1096 3201 1165 πράγματα
3224 1090 3291 1166 ἦν
3314 1094 3432 1147 θεῖα
3470 1094 3541 1148 τὰ
3573 1095 3821 1165 σημαινό-

581 1207 671 1247 res
719 1189 952 1246 fuissent
981 1188 1326 1260 significata,
1356 1201 1701 1257 nequaquam
1734 1186 2007 1255 prophetae
2053 1186 2136 1240 adt

2252 1206 2405 1259 μενα.
2438 1189 2499 1241 Ei
2527 1188 2601 1260 μὴ
2629 1187 2737 1259 γὰρ
2762 1188 3058 1259 πράγματα
3086 1185 3206 1239 θεῖα
3227 1181 3295 1257 ἦν
3321 1184 3391 1237 τὰ
3421 1186 3817 1256 σημαινόμενα..

580 1288 802 1336 ventum
858 1279 1033 1348 ipsius
1078 1277 1501 1348 praenuntiaturi
1543 1276 1795 1331 fuissent.
1848 1273 2016 1331 Isaias
2047 1274 2149 1328 ita-

577 1383 688 1437 que
731 1369 930 1423 clamat
990 1369 1222 1424 dicens:
1263 1386 1283 1419 ι
1334 1367 1473 1423 Ecce
1520 1366 1635 1422 Rex
1678 1376 1808 1422 tuus
1862 1369 2006 1421 venit
2050 1366 2147 1421 tibi

578 1466 921 1523 mansuetus,
955 1460 1152 1515 sedens
1194 1474 1358 1528 super
1390 1461 1601 1514 asinam
1640 1466 1694 1513 et
1741 1457 1949 1527 pullum
1978 1455 2144 1511 tilium

577 1550 881 1620 subjugalis
903 1550 970 1606 η.
1002 1571 1020 1601 ι
1048 1549 1215 1606 Hisce
1245 1549 1421 1606 aJesu
1451 1549 1795 1604 mirabilibus
1823 1548 2146 1619 perpetratis

2246 1282 2345 1333 οὐκ
2371 1281 2435 1335 ἂν
2460 1278 2630 1344 οὕτως
2660 1279 2850 1350 ἔμελλε
2877 1281 2987 1342 τοῖς
3015 1279 3318 1349 προφήταις
3347 1276 3703 1348 προκηρύξαι
3735 1277 3819 1329 αύ-

2246 1370 2338 1424 τοῦ
2412 1370 2509 1443 τὴν
2579 1370 2890 1441 ἐπιδημίαν.
2967 1370 3195 1432 Ἡσαΐας
3254 1363 3348 1420 οὖν
3404 1365 3506 1437 βοᾷ
3534 1406 3551 1430 ,
3620 1367 3814 1435 λέγων·

2252 1482 2270 1514 ι
2315 1462 2444 1517 Ἰδοὺ
2474 1464 2502 1516 6
2536 1460 2783 1531 βασιλεύς
2826 1476 2918 1514 σου
2948 1460 3165 1532 ἔρχεταί
3207 1476 3289 1512 σοι
3330 1458 3533 1530 πραῢς,
3578 1461 3675 1513 καὶ
3710 1462 3816 1512 ὲπι-

2245 1553 2494 1627 ϐεϐηκὼς
2526 1554 2617 1607 ἐπὶ
2642 1554 2762 1606 δνον
2790 1552 2884 1607 καὶ
2915 1552 3112 1619 πῶλον,
3138 1551 3253 1605 υίὸν
3278 1550 3605 1619 ὑποζυγίου,
3644 1571 3665 1604 ι
3710 1551 3816 1605 Ἐπὶ

574 1644 754 1713 signis
790 1644 927 1698 nihil
971 1643 1361 1712 adjiciendum,
1394 1642 1529 1697 nihil
1562 1641 1982 1697 detrahendum.
2016 1639 2136 1695 0m-

2244 1647 2451 1708 τούτοις
2494 1648 2607 1709 τοῖς
2653 1644 2964 1715 γενομένοις
3008 1642 3329 1715 παραδόξοις
3377 1642 3634 1714 σημείοις
3682 1645 3817 1715 παρὰ

577 1737 668 1792 nia
707 1737 851 1791 enim
908 1736 1148 1807 perfecte
1200 1744 1253 1791 et
1297 1736 1503 1804 absque
1531 1734 1644 1788 ullo
1689 1732 1905 1788 defectu
1944 1730 2136 1787 effecit.

2241 1738 2334 1792 τοῦ
2368 1735 2543 1807 Ἰησοῦ
2571 1737 2670 1789 ούκ
2707 1735 2850 1788 ἔστιν
2889 1734 3011 1788 οὔτε
3059 1734 3379 1805 προσϐῆναι,
3423 1734 3552 1786 οὒτε
3586 1733 3812 1801 ἀφελεῖν.

576 1824 710 1879 Erat
734 1841 968 1896 namque
994 1833 1183 1894 potens
1207 1824 1260 1877 in
1290 1839 1452 1893 opere
1472 1832 1525 1877 et
1551 1837 1826 1879 sermone.
1855 1820 1980 1875 llam
2010 1834 2136 1875 sane

2244 1829 2425 1883 Πάντα
2452 1826 2560 1899 γὰρ
2588 1826 2805 1888 τελείως
2833 1827 2927 1879 καὶ
2953 1825 3249 1889 άνελλιπῶς
3273 1825 3551 1894 ἐποίησεν.
3575 1821 3687 1878 Ἦν
3718 1825 3815 1899 γάρ

575 1914 868 1970 l’salmista
900 1918 1141 1972 declarat
1171 1916 1256 1971 his
1307 1915 1486 1971 verbis
1519 1930 1532 1967 :
1582 1933 1601 1967 ι
1632 1914 1932 1982 Accingere
1957 1909 2136 1981 gladio

2242 1921 2466 1985 δυνατὸς
2505 1923 2563 1973 ὲν
2599 1921 2778 1992 ἔργοις
2815 1918 2909 1972 καὶ
2935 1918 3110 1988 λόγοις
3139 1916 3325 1973 αὑτοῦ.
3371 1918 3598 1989 Ἀμέλει
3625 1918 3814 1971 τούτων

442 2034 462 2051 ς
574 2012 671 2059 tuo
702 2021 869 2075 super
891 2005 1064 2060 femur
1089 2013 1268 2068 tuum,
1306 2003 1706 2074 potentissime.
1743 2000 1938 2070 Specie
1967 2006 2058 2051 tua
2089 2007 2143 2053 et

572 2097 984 2167 pulchritudine
1037 2106 1151 2162 tua,
1197 2097 1439 2161 intende,
1491 2112 1751 2167 prospere
1792 2097 2046 2168 procede,
2088 2104 2143 2151 et

571 2202 736 2258 regna
759 2189 825 2244 ".
868 2207 885 2239 ι
919 2187 1110 2258 Magna
1144 2188 1327 2258 itaque
1355 2186 1595 2258 potentia
1651 2202 1752 2243 sua
1792 2197 1964 2243 totum
2009 2187 2144 2241 libe-

571 2281 713 2334 ravit
736 2280 1032 2336 humanum
1065 2296 1260 2352 genus.

641 2455 693 2512 6.
724 2455 850 2513 Haec
881 2472 1043 2527 porro
1064 2455 1227 2512 Iesus
1256 2456 1414 2526 signa
1447 2454 1575 2509 fecit
1616 2468 1857 2525 praesens
1882 2453 2001 2523 ipse
2036 2468 2140 2508 no-

566 2549 805 2613 biscttm,
854 2558 913 2602 ut
946 2550 1234 2602 timeamus
1275 2562 1304 2600 a
1344 2547 1481 2602 facie
1508 2548 1649 2616 ejus.
1678 2544 1836 2611 Quod
1863 2554 2042 2600 autem
2075 2560 2140 2599 ea

568 2639 681 2693 sint
730 2638 1013 2693 sensibilia
1065 2638 1428 2707 spiritualium
1478 2638 1721 2707 symbola
1746 2673 1763 2701 ,
1796 2636 1945 2689 audi.
1978 2634 2140 2691 Venit

567 2730 766 2801 quippe
793 2729 1041 2783 Salvator
1063 2729 1117 2782 in
1140 2728 1331 2798 primis
1365 2736 1422 2780 ut
1445 2727 1681 2783 hominis
1709 2728 1948 2781 animam
1974 2727 2137 2783 bene-

566 2822 695 2876 ficio
747 2823 994 2877 donaret.
1054 2823 1124 2875 At
1174 2821 1613 2893 quandoquidem
1652 2821 1838 2874 multis
1890 2820 2135 2889 ignotum

566 2913 696 2969 illud
728 2913 888 2984 377
930 2922 1066 2975 erat.
1101 2928 1197 2982 per
1228 2914 1541 2967 curationes
1594 2911 1696 2966 sub
1734 2918 2012 2980 aspectum
2043 2923 2135 2964 ca-

563 3005 778 3068 dentes,
821 3005 1100 3059 occultam.
1124 3005 1356 3059 salutem
1394 3004 1591 3058 anima:
1616 3001 1915 3057 indicabat.
1953 3001 2133 3056 Enim-

563 3113 692 3153 vero
716 3098 853 3168 ipsi.
882 3098 1012 3152 dum
1068 3098 1397 3152 concederet
1434 3103 1789 3167 peccatorum
1834 3096 2133 3165 paralytico

564 3190 968 3253 remissionem,
986 3187 1118 3243 fides
1146 3202 1255 3240 non
1282 3186 1586 3240 habebatur
1610 3204 1626 3240 :
1660 3185 1911 3240 dicebant
1933 3187 2135 3256 quippe

557 3278 732 3336 δοκεῖ
766 3296 780 3333 :
816 3300 836 3332 ι
877 3280 1012 3346 Quis
1046 3287 1225 3349 potest
1259 3287 1486 3349 peccata
1525 3279 1821 3344 dimittere,
1858 3280 1964 3334 nisi
1983 3279 2135 3333 solus

561 3372 707 3428 Deus
734 3372 806 3427 "‘t’
834 3391 854 3425 ι
882 3370 1087 3427 Dehinc
1111 3380 1400 3441 postquam
1436 3371 1583 3443 quod
1600 3373 1874 3426 occultum
1902 3386 1967 3426 ac
1994 3384 2136 3442 pra:-

561 3465 785 3534 cipuum
817 3470 935 3518 erat
965 3463 1198 3517 latenter
1238 3460 1480 3530 fecerat;
1510 3465 1752 3519 secundo
1785 3464 1905 3518 loco
1935 3477 2135 3532 corpus

560 3556 797 3611 curavit.
849 3557 937 3611 Ait
992 3556 1138 3611 enim
1170 3555 1316 3626 ipsi:
1358 3575 1377 3609 ι
1438 3554 1632 3627 Surge,
1679 3555 1808 3609 tolle
1846 3554 2133 3627 grabatum

562 3657 739 3711 tuutu,
776 3656 831 3703 et
861 3648 1079 3703 ambula
1102 3647 1171 3704 ".
1200 3666 1219 3701 ο
1254 3645 1419 3704 Vides
1451 3662 1617 3719 quam
1644 3648 1752 3703 cito
1781 3640 1873 3702 hic
1900 3647 2134 3701 vinculis

562 3742 806 3795 solvatur
842 3755 856 3792 :
889 3755 989 3796 nec
1019 3741 1197 3796 solum
1228 3741 1485 3796 exteriori
1523 3742 1807 3795 curatione
1855 3740 2129 3795 solvitur:

560 3831 659 3887 sed
688 3832 854 3886 tantis
886 3832 1052 3887 etiam
1080 3833 1320 3903 peccatis
1350 3832 1619 3887 liberatur
1653 3849 1667 3885 :
1706 3832 1817 3886 imo
1844 3846 1971 3886 eum
1991 3845 2132 3902 quo-

561 3935 669 3990 que
695 3921 998 3975 curationis
1024 3936 1327 3990 praeconem
1349 3920 1594 3976 exhibuit
1624 3938 1639 3976 :
1671 3934 1735 3975 ac
1776 3920 1991 3974 demum
2012 3933 2135 3989 quae

561 4012 811 4066 sensibili
840 4012 1003 4067 modo
1033 4021 1186 4082 gesta
1218 4020 1367 4078 sunt,
1399 4012 1769 4082 spiritualium
1801 4010 1974 4081 gratia
2006 4025 2133 4080 age-

562 4102 781 4159 bantur.
815 4103 887 4156 Ea
910 4119 1127 4173 quoque
1169 4104 1237 4159 de
1269 4118 1437 4158 causa
1481 4105 1778 4157 mittuntur
1804 4111 1857 4159 et
1876 4101 2131 4172 discipuli

563 4193 621 4246 in
644 4194 928 4247 castellum
947 4210 1015 4249 ex
1032 4194 1262 4249 adverso
1281 4196 1470 4257 situm,
1495 4210 1559 4248 ac
1587 4195 1807 4250 solvunt
1837 4195 2048 4250 asinam
2077 4201 2131 4249 et

563 4282 795 4352 pullum,
826 4282 987 4337 sicuti
1018 4296 1049 4336 a
1082 4283 1341 4353 magistro
1364 4282 1579 4352 jussum
1621 4270 1754 4354 ipsis
1788 4284 1984 4337 fuerat.
2016 4282 2132 4337 Hoc

562 4381 743 4425 autent
778 4373 936 4441 plane
964 4372 1165 4426 factum
1183 4381 1288 4437 est,
1310 4382 1371 4427 ut
1406 4374 1760 4443 implerentur
1787 4373 1978 4428 Jacobi
2009 4388 2131 4445 pro-

2246 2014 2463 2086 μηνύων
2487 2013 2580 2067 καὶ
2599 2015 2627 2067 6
2654 2011 2940 2084 ψαλμῳδὺς
2961 2012 3110 2080 ἔλεγε
3129 2027 3143 2041 ·
3176 2030 3196 2063 ι
3225 2008 3538 2084 Περίζωσαι
3567 2012 3669 2082 τὴν
3695 2013 3811 2082 ῥομ-

2242 2106 2406 2177 φαίαν
2437 2123 2530 2160 σου
2565 2107 2658 2159 ἐπὶ
2690 2105 2783 2158 τὸν
2813 2104 2987 2176 μηρόν
3022 2121 3136 2168 σου,
3164 2103 3377 2157 δυνατέ.
3413 2104 3497 2175 Τῇ
3528 2101 3813 2175 ὡραιότητί

2242 2215 2336 2252 σου
2358 2198 2539 2269 καὶτῷ
2554 2198 2738 2253 κάλλει
2763 2214 2854 2250 σου
2879 2198 2972 2250 καὶ
3000 2196 3205 2250 ἔκτεινε
3227 2195 3358 2267 (96),
3380 2196 3474 2249 καὶ
3505 2191 3808 2253 κατευοδοῦ,

2240 2290 2333 2342 καὶ
2367 2288 2631 2359 βασίλευε.
2665 2307 2684 2340 ι
2728 2287 2807 2358 Τῇ
2850 2285 2980 2354 γοῦν
3020 2284 3245 2356 δυνάμει
3293 2284 3461 2338 αὐτοῦ
3508 2286 3579 2356 τῇ
3614 2282 3810 2355 μεγάλῃ

2239 2382 2419 2434 πᾶσαν
2447 2380 2782 2450 ἠλευθέρωσε
2808 2378 2906 2447 τὴν
2941 2376 3355 2449 άνθρωπότητα.

2308 2473 2362 2527 6.
2403 2468 2587 2526 Ταῦτα
2609 2472 2666 2524 δὲ
2698 2472 2917 2541 ἐποίησε
2942 2470 3010 2524 τὰ
3034 2471 3235 2541 σημεῖα
3264 2467 3454 2539 παρὼν
3484 2466 3650 2530 αὐτὸς
3678 2466 3807 2535 6’11;-

2240 2565 2367 2629 σούς
2399 2564 2513 2635 μεθ’
2555 2563 2729 2634 ἡμῶν,
2758 2563 2844 2615 ἵνα
2878 2560 3203 2632 φοϐηθῶμεν
3233 2558 3340 2612 ἀπὸ
3387 2556 3687 2629 προσώπου
3719 2556 3804 2611 αύο

2238 2653 2355 2708 τοῦ.
2407 2653 2531 2706 Ὅτι
2577 2653 2633 2705 δὲ
2683 2652 2751 2705 τὰ
2795 2650 3029 2722 αἰσθητὰ
3087 2648 3332 2721 σύμϐολα
3376 2648 3591 2719 νοητῶν
3644 2649 3801 2711 ἐστιν,

2239 2746 2421 2801 ἄκουε.
2456 2745 2795 2816 Ἐπεδήμησε
2819 2744 2925 2815 γὰρ
2952 2743 2981 2795 6
3007 2741 3217 2813 Σωτὴρ,
3249 2741 3335 2793 ἵνα
3361 2740 3460 2812 τὴν
3488 2739 3587 2795 τοῦ
3612 2738 3804 2807 ἀνθρὼο

2241 2856 2341 2891 που
2380 2836 2555 2908 ψυχὴν
2596 2835 3020 2908 προηγουμένως
3056 2834 3411 2905 εύεργετήσῃ.
3456 2832 3600 2886 Ἀλλ’
3637 2829 3802 2900 ἐπειδὴ

2237 2930 2393 2985 τοῦτο
2416 2934 2528 2993 τοῖς
2576 2929 2787 2992 πολλοῖς
2815 2929 3089 2996 ἄγνωστον
3132 2922 3221 2997 ἦν,
3260 2924 3349 2979 διὰ
3382 2924 3494 2978 τῶν
3525 2924 3800 2995 ὁρωμένων

2238 3023 2434 3077 ίάσεων
2472 3021 2569 3091 τὴν
2598 3018 2984 3092 κεκρυμμένην
3008 3017 3109 3089 τῆς
3148 3016 3330 3087 ψυχῆς
3370 3016 3654 3086 σωτηρίαν
3684 3012 3800 3067 ἐδεί-

2189 3153 2201 3168 .
2236 3128 2414 3165 κνυεν.
2454 3110 2667 3179 Ἀμέλει
2712 3107 2790 3179 τῷ
2841 3105 3192 3179 παραλυτικῷ
3234 3105 3430 3174 ἄφεσιν
3477 3104 3591 3157 τῶν
3640 3105 3800 3173 ἁμαρ-

2234 3202 2364 3256 τιῶν
2386 3201 2767 3272 δωρησάμενος
2800 3201 3113 3269 ἡπιστεῖτοο
3155 3197 3338 3267 ἔλεγον
3380 3198 3493 3269 γάρ
3534 3198 3797 3253 Ἰουδαῖοι·

2240 3292 2366 3355 «Τίς
2394 3291 2613 3345 δύναται
2638 3288 2907 3361 ἁμαρτίας
2937 3286 3175 3357 ἀφιέναι,
3200 3289 3248 3341 εί
3280 3286 3355 3359 μὴ
3384 3287 3545 3359 μόνος
3565 3292 3594 3342 6
3617 3287 3793 3350 Θεόςςι

2233 3378 2387 3445 Εἶτα,
2415 3380 2598 3452 ἐπειδὴ
2626 3381 2687 3433 τὸ
2731 3380 2932 3448 ἀφανὲς
2975 3380 3069 3432 καὶ
3115 3376 3532 3449 προηγούμενον
3585 3381 3798 3448 ποιήσας

2234 3472 2512 3533 ἐλάνθανε,
2545 3472 2686 3525 κατὰ
2717 3470 2963 3542 δεύτερον
2988 3469 3145 3539 λόγον
3174 3471 3270 3524 καὶ
3313 3470 3374 3523 τὸ
3409 3470 3570 3540 σῶμα
3610 3469 3797 3522 ἰάσατο.

2233 3562 2366 3622 Εἷπε
2395 3564 2502 3634 γὰρ
2534 3562 2708 3634 αὐτῷ·
2735 3581 2753 3611 ί
2781 3560 3051 3633 Ἔγειραι,
3082 3558 3213 3634 ἆρον
3236 3562 3329 3615 τὸν
3352 3560 3665 3634 κράόϐατὸν
3694 3575 3792 3623 σου⁹

2234 3656 2328 3709 κα)⁸
2372 3654 2680 3725 περιπάτει.
2719 3672 2738 3705 ι
2783 3652 2965 3722 Ὁρᾷς,
3007 3650 3125 3716 πῶς
3153 3651 3364 3722 ταχέως
3400 3644 3560 3714 οὗτος
3596 3650 3796 3703 λέλυται

2231 3747 2341 3801 ἀπὸ
2370 3744 2478 3798 τῶν
2506 3744 2749 3816 δεσμῶν·
2786 3744 2880 3797 καὶ
2923 3744 2983 3796 οὐ
3032 3743 3191 3814 μόνον
3226 3742 3317 3798 διὰ
3361 3743 3462 3814 τῆς
3500 3741 3695 3808 ἔξωθεν
3723 3740 3794 3794 ἱά-
3889 3762 3892 3763 ν

2235 3854 2371 3900 σεως
2398 3836 2631 3900 λέλυται,
2663 3834 2799 3890 ἀλλὰ
2830 3835 2925 3888 καὶ
2955 3833 3064 3888 τῶν
3097 3831 3366 3887 τοσούτων
3394 3831 3794 3904 ἁμαρτημάτων

2232 3927 2637 3999 ἐλευθεροῦται·
2683 3926 2763 3980 ἔτι
2815 3916 2919 3997 μὴν
2964 3925 3060 3978 καὶ
3113 3925 3332 3995 κήρυκα
3380 3924 3480 3994 τῆς
3519 3921 3795 3995 θεραπείας

2231 4024 2392 4077 αὑτὸν
2420 4021 2685 4087 ἀπέδειξε,
2714 4020 2810 4075 καὶ
2827 4019 2962 4082 ὅλως
2997 4016 3066 4071 τὰ
3095 4016 3361 4087 γενόμενα
3388 4014 3666 4086 αἰσθητῶς
3686 4028 3796 4082 νοηο

2229 4111 2337 4165 τῶν
2368 4111 2526 4182 χάριν
2553 4109 2810 4178 ἐγίνοντο.
2845 4107 2946 4161 Διά
2969 4123 3053 4159 τοι
3084 4105 3242 4159 τοῦτο
3274 4104 3692 4158 ἀποστέλλονται
3714 4099 3794 4155 καὶ

2229 4205 2279 4258 oi
2307 4201 2542 4275 μαθηταὶ
2571 4204 2650 4266 εἰς
2679 4202 2778 4274 τὴν
2808 4200 3090 4254 κατέναντι
3122 4195 3335 4268 κώμην,
3365 4198 3460 4252 καὶ
3490 4197 3678 4251 λύουσι
3705 4195 3793 4255 τὴν

2228 4294 2346 4348 ὄνον
2373 4294 2468 4347 καὶ
2493 4294 2583 4346 τὸν
2610 4293 2805 4355 πῶλον,
2840 4291 2981 4344 κατὰ
3011 4291 3083 4345 τά
3110 4289 3470 4346 κελευσθέντα
3492 4291 3677 4352 αὐτοῖς
3700 4285 3792 4340 ὑπὸ

2227 4385 2319 4438 τοῦ
2359 4384 2701 4438 διδασκάλου.
2742 4382 2912 4437 Τοῦτο
2935 4382 2993 4435 δὲ
3032 4382 3169 4446 ὅλως
3198 4382 3437 4451 γέγονεν,
3471 4381 3560 4436 ἶνα
3587 4380 3792 4451 πληρω-

560 4464 779 4534 phetiae.
810 4463 947 4519 Cum
994 4464 1343 4520 bcnediceret
1388 4464 1534 4519 enim
1583 4462 1867 4518 duodecim
1898 4464 2129 4533 patriar-

2236 4474 2394 4530 θῶσιν
2427 4477 2484 4529 αἱ
2518 4475 2609 4528 τοῦ
2646 4473 2837 4529 Ἰακὼϐ
2876 4476 3225 4545 προφητεῖαι.
3252 4472 3504 4541 Εύλογῶν
3542 4473 3651 4542 γὰρ
3679 4471 3793 4531 τοὺς

562 4558 716 4620 chas,
746 4555 835 4610 ubi
864 4555 933 4609 ad
970 4552 1164 4623 ludant
1203 4555 1469 4625 pervenit,
1504 4553 1811 4624 prOphetat,
1840 4569 1905 4608 ac
1943 4555 2126 4609 divina

561 4646 770 4719 profert
797 4647 980 4701 verba.
1019 4644 1161 4699 Audi
1192 4660 1426 4716 namque
1459 4644 1612 4699 illum
1650 4643 1956 4699 dicentem:
1983 4663 2002 4697 ς
2037 4644 2128 4698 Li-

559 4757 698 4812 gans
729 4740 799 4795 ad
827 4740 1039 4796 vineam
1084 4739 1290 4809 pullum
1313 4753 1493 4800 suum.
1532 4746 1587 4793 et
1612 4735 1681 4790 ad
1721 4736 1883 4790 vitem
1919 4737 2126 4807 pullum

559 4832 731 4887 asinae
754 4847 868 4888 suae
897 4834 961 4887 ".
1000 4850 1018 4881 ι
1054 4829 1282 4886 Demum
1329 4842 1669 4900 quacunque
1695 4829 1762 4883 de
1793 4826 1933 4883 Iuda
1980 4828 2127 4883 dicta

559 4934 709 4988 munt,
741 4925 1043 4995 contperies
1067 4922 1136 4977 de
1168 4922 1402 4978 adventu
1437 4920 1736 4977 Salvatoris
1761 4920 1905 4976 dicta
1933 4921 2123 4977 fuisse.

559 5017 745 5071 Potest
774 5017 977 5086 quippe
1022 5014 1273 5085 quisquis
1300 5023 1383 5070 est
1419 5013 1720 5076 studiosus,
1753 5012 2012 5082 paulatim
2043 5008 2132 5067 le?

556 5109 756 5177 gendo,
780 5124 843 5164 ea
865 5124 986 5179 qua:
1004 5112 1071 5163 de
1106 5108 1224 5178 ipso
1253 5107 1395 5160 dicta
1420 5114 1549 5163 sunt
1587 5107 1910 5176 intelligere.
1946 5110 2015 5161 At
2056 5121 2126 5160 ne

560 5208 728 5254 totam
763 5217 1081 5258 enarremus
1130 5201 1439 5264 historiam,
1475 5198 1762 5254 audiamus
1800 5199 2125 5270 Apostolum

563 5291 677 5347 haec
707 5293 1013 5364 loquentem
1042 5314 1054 5349 :
1085 5312 1105 5346 ι
1141 5293 1484 5349 Manifestum
1528 5304 1613 5348 est
1661 5294 1828 5358 enim,
1872 5292 2019 5364 quod
2057 5308 2125 5347 ex

557 5375 698 5437 Juda
725 5397 876 5441 ortus
904 5388 976 5442 sit
999 5384 1260 5443 Dominus
1291 5395 1480 5442 noster
1504 5388 1571 5439 “.
1606 5405 1625 5439 ο

628 5560 674 5634 3°
705 5558 810 5634 Isa.
837 5578 973 5634 μη,
1019 5565 1115 5630 ll;
1152 5564 1319 5624 Zaclt.
1356 5581 1438 5634 lx,
1474 5566 1529 5625 9.

562 5626 650 5685 17.
748 5631 794 5664 ³⁸
834 5631 997 5689 Hebr.
1034 5626 1142 5700 vn,
1178 5636 1267 5691 Η.

629 5742 740 5817 (ῦϐ)
767 5744 902 5819 Reg.
934 5748 1194 5808 ἔκτεινον.

1642 5568 1687 5601 ἰ
1721 5564 1868 5623 Psal.
1902 5581 2012 5633 Ltv,
2046 5565 2115 5622 4.
2151 5565 2202 5622 5.

2230 4566 2434 4620 δώδεκα
2468 4567 2828 4638 πατριάρχας,
2858 4563 3070 4633 φθάσας
3102 4568 3181 4629 εἰς
3203 4562 3295 4617 τὸν
3338 4563 3562 4630 Ἰούδαν,
3598 4578 3795 4635 προφηο

2229 4657 2396 4719 τεύει.
2433 4658 2525 4711 καὶ
2548 4658 2664 4712 θεῖα
2694 4659 2911 4730 ῥήματα
2935 4655 3247 4727 φθέγγεται,
3278 4656 3478 4709 Ἀκουε
3508 4656 3619 4726 γὰρ
3643 4650 3793 4708 αύτοῦ

2231 4749 2476 4817 λέγοντος
2501 4764 2513 4777 ⁸
2553 4770 2573 4800 ι
2611 4748 2893 4819 Δεσμεύων
2925 4747 3061 4819 πρὸς
3087 4747 3328 4820 ἄμπελον
3360 4747 3452 4802 τὸν
3486 4746 3668 4799 πῶλον
3707 4745 3795 4799 αύ-

2229 4842 2346 4905 τοῦ,
2381 4843 2476 4895 καὶ
2520 4844 2584 4913 τῇ
2614 4842 2753 4895 ἕλικι
2783 4840 2878 4894 τὸν
2908 4838 3088 4894 πῶλον
3119 4841 3216 4909 τῆς
3255 4839 3378 4892 δνου
3422 4837 3609 4893 αὑτοῦ.
3644 4857 3663 4890 ι
3693 4837 3793 4891 Καὶ

2230 4933 2366 4996 ὅλως
2390 4933 2460 4986 τὰ
2489 4931 2746 5004 λεχθέντα
2771 4933 2945 4985 πάντα
2985 4933 3065 4994 εἰς
3093 4930 3184 4983 τὸν
3222 4929 3421 4983 Ἰούδαν
3444 4928 3695 5001 εὑρήσεις
3721 4929 3791 4989 είς

2228 5025 2328 5096 τὴν
2353 5027 2657 5096 παρουσίαν
2697 5025 2790 5079 τοῦ
2828 5024 3081 5095 Σωτῆρος
3124 5021 3611 5092 προξητευόμενα·
3640 5019 3789 5073 δύνα-

2227 5133 2320 5169 ται
2349 5116 2456 5187 γὰρ
2485 5119 2513 5171 6
2546 5116 2846 5187 φιλομαθὴς
2883 5113 3006 5169 κατ’
3045 5113 3222 5183 ὀλίγον
3261 5110 3644 5180 ἀναγινώσκων
3673 5109 3788 5176 νοῆ-

2232 5222 2320 5258 σαι
2361 5206 2429 5260 τὰ
2456 5208 2584 5279 περὶ
2628 5205 2789 5259 αὑτοῦ
2822 5202 3104 5277 εἰρημένα.
3143 5204 3260 5257 Ἵνα
3295 5202 3352 5256 δὲ
3387 5202 3461 5274 μὴ
3491 5204 3667 5255 πᾶσαν
3697 5199 3786 5268 τὴν

2232 5296 2469 5369 ἱστορίαν
2512 5295 2918 5366 διηγησὼμεθα,
2967 5295 3283 5367 ἀκούσωμεν
3328 5293 3421 5347 τοῦ
3477 5289 3782 5347 Ἀποστόλου

2228 5385 2500 5455 λέγοντοςο
2536 5405 2554 5436 ι
2585 5385 2854 5456 Πρόδηλον
2879 5385 3007 5456 γὰρ,
3034 5385 3115 5438 ὅτι
3147 5383 3207 5451 ἐξ
3243 5382 3410 5437 Ἰούδα
3439 5379 3782 5435 ἀνατέταλκεν

2229 5472 2258 5525 6
2288 5470 2489 5542 Κύριος
2523 5470 2695 5542 ἡμῶν.
2732 5490 2751 5522 ι

2326 5567 2371 5597 ⁸³
2412 5565 2583 5621 Marc.
2622 5581 2696 5631 ιι,
2737 5566 2788 5621 7.
2886 5569 2930 5601 "
2970 5565 3103 5621 ibid.
3136 5563 3188 5619 9.
3301 5563 3347 5595 ’⁸
3387 5558 3586 5618 Cenes.
3622 5571 3768 5621 χιιι,

2886 5569 2930 5601 ’³
2970 5565 3103 5621 ibid.
3136 5563 3188 5619 9.
