4022 6382
213 282 358 341 {053

1151 286 1435 346 HOMILIA
1472 286 1543 347 IN
1578 289 1783 347 ILLUD
1823 310 1837 347 :
1881 310 1902 345 ι
1945 291 2194 362 EUNTE,
2236 314 2257 348 ι
2298 293 2452 351 ETC.

3299 300 3437 358 rost
3500 262 3504 266 “

284 400 338 456 7.
366 398 469 455 Διὰ
497 399 654 457 τοῦτο
689 401 820 472 γοῦν
856 402 1068 472 ἐγένετο
1108 405 1179 460 τὰ
1212 407 1473 478 γενόμενα
1493 446 1509 472 ,
1554 407 1641 460 ἴνα
1685 408 1772 460 τὸν

1952 408 2000 462 7.
2042 408 2168 464 ideo
2198 409 2362 479 igitur
2389 423 2451 462 ea
2502 414 2653 480 gesta
2701 415 2848 474 sunt,
2885 415 2944 463 ut
2977 418 3279 467 creatorem
3328 416 3434 468 mi-

208 493 545 566 δημιουργὸν
567 493 655 548 διὰ
676 496 771 566 τῆς
792 495 982 549 ἑαυτοῦ
1005 496 1342 570 λειτουργίας
1368 499 1595 569 φανερὸν
1623 503 1779 571 ποιή-

211 602 368 639 σωσι.
407 586 505 648 Τίς
529 586 669 656 γὰρ,
704 586 1033 655 θεασάμενος
1068 588 1199 642 ναῦν
1241 590 1437 661 ἄριστα
1481 591 1777 661 εὐθυνομέ-

208 691 328 747 νην,
352 675 454 729 οὐκ
480 675 687 730 ἔννοιαν
706 677 914 747 δέχεται
947 678 1310 750 κυϐερνήτου;
1338 681 1488 753 ἅρμα
1514 680 1569 733 δὲ
1598 680 1777 745 καλῶς

205 766 504 832 διαϐαῖνον,
528 768 620 821 καὶ
648 772 921 840 τεχνικαῖς
942 771 1120 840 ἡνίαις
1144 773 1461 844 φερόμενον,
1488 774 1587 827 οὐκ
1609 775 1778 827 ἐννοεί

205 858 297 911 τὸν
322 858 679 929 ἡνιοχοῦντας
723 861 787 912 Et
821 856 913 913 οὖν
959 862 1053 915 ἐπὶ
1086 863 1202 915 τῶν
1235 865 1292 915 ἐν
1336 864 1489 936 χερσὶ
1528 865 1774 929 τοιαῦτα,

204 950 259 1003 τί
292 949 361 1003 ἂν
411 951 659 1020 εἴποιμεν
706 951 797 1003 ἐπὶ
842 950 951 1005 τῶν
994 953 1087 1007 τοῦ
1135 955 1385 1027 Σωτῆρος
1418 957 1772 1027 παραδόξων;

218 1041 470 1113 ὐρῶμεν
502 1042 611 1114 γὰρ
651 1043 758 1096 τῶν
791 1045 1107 1116 ποιημάτων
1139 1047 1302 1100 αὐτοῦ
1341 1049 1409 1101 τὰ
1445 1049 1651 1121 φοϐερὰ
1681 1052 1776 1104 καὶ

206 1133 521 1205 παράδοξω
548 1131 658 1188 οἷον
679 1136 950 1208 θαλάσσης
989 1139 1087 1203 τὰς
1115 1140 1426 1211 τρικυμίας,
1456 1142 1550 1194 καὶ
1581 1142 1687 1195 τῶν
1716 1145 1774 1195 ἐν

205 1224 343 1293 αὐτῇ
378 1227 867 1296 προσαρασσόντων
886 1228 1097 1297 ἀνέμων
1126 1228 1223 1293 τὰς
1250 1231 1509 1301 κινήσεις,
1535 1230 1686 1302 ήλίου
1713 1250 1772 1286 τε

202 1314 294 1368 τὸν
316 1314 535 1376 κύκλον,
558 1317 651 1369 καὶ
681 1316 904 1387 σελήνης
932 1318 1023 1371 τὸν
1045 1318 1262 1389 δρόμον,
1291 1322 1508 1374 καὶτῶν
1532 1321 1773 1395 ἀστέρων

204 1405 305 1477 τὴν
339 1407 607 1460 σύνθεσιν.
644 1407 739 1469 Τίς
767 1407 823 1461 δὲ
856 1408 953 1462 οὐκ
1003 1409 1275 1481 ἐφοϐήθη,
1302 1412 1388 1465 ὅτε
1425 1413 1485 1465 τὸ
1534 1416 1773 1468 καταπέ-

204 1514 389 1568 τασμα
419 1498 511 1553 τοῦ
539 1498 665 1551 ναοῦ
701 1499 920 1571 ἐσχίσθη
967 1500 1075 1554 ἀπὸ
1110 1502 1313 1555 ἄνωθεν
1342 1503 1445 1568 ἕως
1477 1504 1657 1570 κάῖω;
1684 1507 1771 1561 ὅτε

203 1590 233 1642 ὁ
257 1589 426 1660 ἣλιος,
461 1590 522 1642 οὐ
550 1591 729 1661 φέρων
760 1592 820 1644 τὸ
862 1591 1146 1663 τολμηθὲν,
1183 1594 1333 1665 φόϐῳ
1358 1596 1419 1648 τὸ
1454 1597 1568 1665 φῶς
1600 1598 1773 1652 ἔστει-

203 1680 388 1752 λενςῆ
439 1683 529 1735 ὅτε
559 1685 615 1736 αἱ
659 1683 852 1756 πέτραι
883 1684 1236 1755 ἐσχίσθησαν.
1277 1688 1369 1741 καὶ
1413 1688 1482 1742 τὰ
1535 1693 1771 1762 μνημεῖα

201 1772 576 1845 ἠνεῴχθησαν,
606 1774 699 1828 καὶ
735 1776 783 1828 οἱ
811 1776 1217 1847 ὲναποκείμενοι
1248 1780 1567 1851 ἀνέστησαν,
1602 1784 1696 1835 καὶ
1723 1786 1770 1836 oi
1803 1763 1843 1818 Β

204 1865 392 1936 ἐχθροὶ
443 1866 792 1939 ἐφοϐήθησαν
841 1868 946 1921 ἀπὸ
980 1869 1268 1941 προσώπου
1299 1872 1497 1939 uiaret");
1554 1874 1633 1927 διὸ
1680 1877 1773 1929 καὶ

203 1956 428 2018 ἄκοντες
460 1956 788 2027 ὡμολόγουν,
816 1960 897 2012 ὃτι
936 1959 1149 2032 ἀληθῶς
1179 1961 1313 2015 Θεοῦ
1350 1963 1476 2026 Υἱὸς
1507 1963 1574 2035 ἦν
1596 1959 1770 2031 οὗτος,

203 2048 298 2100 καὶ
318 2047 456 2111 ὅλως
484 2048 554 2102 τὰ
580 2049 799 2104 πλείονα
829 2050 937 2105 τῶν
959 2051 1134 2123 έργων
1160 2053 1323 2107 αὐτοῦ
1358 2058 1415 2108 ὲν
1436 2056 1773 2129 ἀποκρύφοις

202 2140 342 2193 ἐστί.
381 2139 563 2195 Χίλιαι
593 2142 701 2213 γὰρ
747 2143 983 2213 χιλιάδες
1032 2149 1465 2219 παραστήκουσιν
1502 2150 1650 2221 αὐτῷ
1690 2154 1775 2205 ai—

201 2229 448 2295 νοῦντες·
486 2234 580 2287 καὶ
631 2233 821 2306 μύριαι
878 2236 1133 2307 μυριάδες
1174 2238 1573 2312 λειτουργοῦσιν
1603 2241 1768 2313 αὐτῷ.

214 2320 556 2392 Ἐπιγνῶμεν
579 2319 670 2376 οὖν
700 2326 857 2395 ήμεῖς
884 2326 973 2379 τὸν
1006 2327 1324 2400 εὐεργέτην·
1354 2328 1661 2402 δοξάσωμεν
1681 2333 1772 2385 τὸν

200 2414 423 2485 Πατέρα
457 2417 554 2469 σὺν
584 2416 718 2488 Υἱῷ,
755 2419 846 2471 καὶ
871 2419 1009 2490 ἁγίῳ
1029 2420 1301 2489 Πνεῦματι
1321 2439 1334 2453 ·
1385 2423 1513 2492 μίαν
1547 2422 1773 2495 θεότητα

200 2508 657 2580 ὀμολογήσωμεν’
705 2510 796 2565 τοῦ
858 2513 1190 2586 ἁμαρτάνειν
1239 2514 1605 2586 παυσώμεθαο
1665 2515 1771 2569 τῶν

202 2596 431 2667 πτωχῶν
469 2600 929 2671 μνημονεύσωμεν
950 2620 963 2634 ·
995 2604 1027 2674 ή
1054 2603 1370 2673 φιλαδελφία
1404 2605 1642 2674 μενέτωο
1672 2605 1772 2675 τῆς

202 2689 511 2759 φιλοξενίας
549 2691 623 2762 μὴ
665 2692 1106 2748 ἐπιλανθάνεσθε.
1149 2694 1304 2748 Οὕτω
1336 2696 1445 2767 γὰρ
1474 2696 1768 2764 διάγοντες,

202 2779 479 2851 βασιλείαν
499 2782 743 2852 οὐρανῶν
765 2783 1258 2857 κληρονομήσομεν,
1278 2788 1333 2839 ὲν
1355 2787 1571 2859 Χριστῷ
1597 2787 1769 2859 Ἰησοῦ

198 2868 274 2940 τῷ
300 2870 494 2941 Κυρίῳ
522 2870 701 2942 ήμῶν,
728 2865 772 2941 ᾧ
796 2875 829 2945 ή
856 2872 983 2939 δόξα
1012 2876 1092 2938 είς
1123 2876 1249 2939 τοὺς
1273 2875 1474 2940 αἰῶνας
1502 2877 1609 2930 τῶν
1640 2875 1770 2930 αίώ-

198 2975 323 3015 νων.
359 2960 557 3031 Ἀμήν.

1879 498 2106 554 nisterio
2158 514 2258 553 suo
2289 497 2637 554 manifestum
2672 498 2929 555 facerent.
2966 500 3101 568 Quis
3151 506 3295 559 enim
3333 488 3459 560 na-I

1876 589 1985 643 vim
2021 590 2363 658 conspiciens
2388 591 2554 660 probe
2578 592 2862 654 directam,
2888 607 2993 646 non
3024 594 3080 648 in
3107 595 3435 665 gubernato-

1877 680 1954 734 ris
1977 681 2339 750 cognitionem
2376 681 2601 736 incidit?
2634 697 2856 737 currum
2891 694 3070 740 autem
3113 699 3260 743 recte
3288 689 3439 746 ince-

1877 773 2094 826 dentem
2154 773 2538 842 conspiciens,
2603 781 2767 843 atque
2828 775 3056 832 habenis
3106 789 3221 835 arte
3281 780 3438 839 factis

1876 872 2108 922 rectum.
2142 879 2249 918 non
2281 864 2483 934 cogitat
2528 865 2815 935 aurigam?
2845 865 2900 921 Si
2945 876 3125 922 autem
3160 870 3337 927 obviis
3371 873 3439 928 de

1876 955 2038 1008 rebus
2078 955 2151 1008 ita
2180 955 2477 1023 judicalur,
2514 957 2645 1027 quid
2689 957 2989 1014 dixerimus
3038 962 3105 1015 de
3154 964 3434 1020 miraculis

1877 1044 2218 1101 Salvatoris?
2247 1046 2505 1105 Videmus
2538 1064 2769 1120 namque
2789 1066 2950 1120 opera
2979 1053 3097 1122 ejus
3122 1070 3241 1124 quac
3271 1056 3435 1110 terri-

1875 1136 2004 1191 bilia
2030 1148 2083 1192 et
2115 1138 2435 1193 admiranda
2466 1148 2625 1208 sunt;
2654 1144 2959 1211 cujusmodi
2998 1156 3125 1200 sunt
3154 1149 3324 1205 maris
3352 1150 3442 1204 de-

1874 1229 2091 1283 cumani
2124 1228 2344 1294 ﬂuctus,
2379 1240 2663 1287 ventorum
2693 1234 2747 1287 in
2775 1250 2839 1289 eo
2876 1236 3203 1294 illidcntium
3231 1250 3435 1308 motus,

1875 1316 2007 1376 solis
2066 1322 2237 1386 orbis,
2308 1324 2450 1377 lunae
2495 1340 2714 1389 cursus,
2768 1335 3039 1383 astrorum
3089 1335 3435 1401 compositio.

1873 1412 2008 1479 Quis
2042 1430 2150 1469 non
2185 1417 2483 1473 exterritus
2522 1418 2645 1481 fuit,
2677 1433 2800 1472 cum
2853 1421 3032 1476 velum
3077 1425 3261 1494 templi
3296 1426 3439 1481 scis-

1873 1520 1994 1559 sum
2047 1514 2134 1561 e‘st
2161 1522 2193 1559 a
2222 1522 2437 1562 summo
2467 1525 2637 1579 usque
2680 1510 2749 1565 ad
2779 1510 2985 1566 imum?
3029 1527 3150 1567 cum
3192 1515 3272 1568 sol
3313 1525 3437 1568 tan-

1874 1604 1986 1650 tum
2017 1613 2124 1651 non
2158 1598 2339 1654 ferens
2369 1614 2583 1666 ausum,
2619 1609 2766 1656 metu
2801 1602 2976 1657 lucem
3009 1606 3318 1660 contraxit?
3345 1615 3439 1662 aut

1872 1702 1996 1741 cum
2031 1697 2195 1759 petrae
2217 1691 2406 1745 scissae
2430 1699 2575 1757 sunt,
2608 1702 2661 1747 et
2690 1701 3041 1748 monumenta
3072 1705 3255 1765 aperta
3283 1705 3434 1761 sunt,

1872 1793 1934 1830 ac
1962 1780 2054 1848 qui
2108 1779 2163 1833 in
2209 1780 2276 1835 iis
2315 1781 2573 1848 jaceliant
2628 1787 3067 1852 resurrcxere”,
3121 1787 3436 1858 inimicique

1872 1871 2297 1927 reformidarunt
2333 1890 2361 1927 a
2396 1874 2536 1930 facie
2569 1877 2688 1946 ejus
2716 1895 2729 1932 :
2758 1892 2928 1946 quare
2957 1879 3039 1933 vel
3082 1879 3240 1933 inviti
3265 1882 3439 1936 conii-

1872 1966 2148 2030 tebantur,
2180 1966 2324 2037 quod
2365 1983 2491 2023 vere
2526 1966 2695 2023 Filius
2728 1968 2821 2022 Dei
2865 1980 3009 2025 esset
3041 1970 3161 2024 iste.
3207 1969 3270 2026 Et
3312 1987 3436 2026 vere

1871 2057 2043 2110 multa
2088 2073 2253 2127 opera
2291 2058 2410 2127 ejus
2457 2059 2770 2113 abscoiidita
2817 2066 2941 2113 sunt
2969 2060 3034 2114 “.
3077 2058 3243 2114 Millia
3287 2061 3434 2114 enim

1873 2149 2102 2202 tnillium
2149 2150 2481 2204 laudantium
2536 2158 2716 2205 astant
2771 2149 2855 2212 ei;
2918 2157 2971 2203 et
3013 2148 3194 2203 decies
3238 2148 3435 2203 millies

1871 2240 2011 2296 dena
2063 2242 2233 2294 millia
2272 2244 2583 2297 ministrant
2627 2242 2675 2298 ei
2699 2243 2764 2295 ’⁷.
2796 2242 3206 2312 Cognoscamus
3250 2241 3434 2309 itaque

1870 2330 2701 2403 bcnel‘actorem:gloriﬁcemus
2750 2331 2963 2386 Patrem
3017 2347 3139 2386 cum
3186 2329 3327 2385 Filio
3379 2337 3435 2385 et

1872 2430 2064 2478 sant-to
2104 2422 2308 2493 Spiritu
2343 2443 2355 2477 :
2390 2438 2552 2477 unam
2586 2422 2943 2477 conﬁteantur
2982 2422 3237 2476 deitatem
3267 2439 3280 2476 :
3310 2435 3437 2490 pec-

1872 2513 2035 2569 candi
2093 2513 2254 2570 linem
2311 2514 2616 2580 faciamus,
2676 2529 2976 2585 pauperum
3040 2514 3432 2568 recordemur:

1873 2619 2029 2658 arnor
2077 2601 2306 2657 fratrum
2350 2604 2405 2657 in
2438 2604 2596 2658 nobis
2643 2611 2898 2658 maneat:
2934 2595 3325 2673 hospitalitatis
3365 2616 3436 2656 ne

1874 2694 2300 2749 obliviscamini.
2332 2693 2468 2749 Nam
2503 2694 2548 2750 si
2603 2696 2677 2748 ita
2708 2696 2873 2748 vitam
2918 2708 3162 2765 agamus,
3208 2708 3436 2761 regnum

1870 2786 2139 2840 calorum
2188 2786 2521 2863 haereditate
2557 2788 2910 2857 accipiemus,
2959 2788 3014 2840 in
3052 2785 3271 2839 Christo
3303 2781 3435 2837 Iesu

1870 2876 2102 2933 Domino
2130 2886 2342 2944 nostro,
2385 2880 2474 2934 cui
2514 2879 2690 2949 gloria
2721 2878 2778 2933 in
2825 2877 3025 2934 saecula
3081 2874 3431 2932 stimulorum.

1872 2969 2062 3026 Amen.

262 3116 309 3147 ”
347 3115 547 3172 Matth.
582 3133 762 3182 nvu,
796 3118 885 3174 54.
969 3121 1016 3153 “
1052 3119 1222 3178 Eccli.
1259 3138 1413 3187 xuii,
1449 3122 1538 3178 56.
1614 3124 1658 3156 ’⁷
1701 3122 1772 3178 Da

1872 3140 1972 3191 νη,
2009 3125 2093 3180 io.

215 3292 3423 3326 _________._.___________________________

1287 3398 1423 3452 ΤΟΥ
1461 3400 1554 3453 ΕΝ
1590 3401 1812 3456 ΔΓΙΟῙΣ
1848 3403 2119 3457 ΠΛΤΡΟΣ
2154 3405 2353 3459 ΗΜΩΝ

1495 3549 2130 3640 ΑΘΑΝΑΣΙΟΥ

186 3706 279 3773 Εἰς
314 3704 382 3760 τό
409 3722 426 3737 ο
460 3704 876 3781 Πορευομένου
925 3705 997 3762 δὲ
1046 3707 1231 3781 αὐτοῦ
1261 3707 1729 3781 ὑπεστρώννυον
1764 3709 1853 3781 τὰς
1883 3710 2081 3781 ἱμάτια
2120 3710 2318 3767 αὐτῶν
2351 3712 2421 3766 ἐν

1123 3794 1161 3831 ν
1191 3777 1482 3847 μεγάλην.
1521 3780 1620 3832 καὶ
1671 3777 1914 3848 ἔκραζεῦ
1936 3798 1952 3813 -
1997 3782 2259 3837 ὀσαννά
2289 3782 2360 3836 ἐν
2396 3777 2528 3849 τοῖά
2554 3781 2841 3849 ὑψίστοις
2858 3780 2923 3831 ιι.

724 3775 925 3845 ἔχαιρε
965 3778 1122 3848 χαρὰ

2457 3708 2534 3781 τῇ
2561 3709 2678 3776 ὀδῷ
2705 3750 2717 3762 .
2736 3708 2798 3763 '0
2827 3707 2896 3781 δὲ
2939 3709 3218 3773 πλεῖστος
3249 3709 3432 3778 ὄχλος

1221 4032 1316 4122 S.
1392 4033 1501 4122 P.
1577 4034 1696 4125 N.
1769 4034 2412 4125 ATHANASII

191 4204 251 4259 In
273 4203 411 4259 illud
450 4218 468 4257 :
518 4200 693 4257 Eunte
721 4212 896 4259 autem
918 4202 1039 4270 illo,
1067 4203 1468 4260 substemebant
1492 4206 1801 4261 vestimenta
1834 4225 1935 4263 sua
1963 4211 2016 4264 in
2048 4212 2148 4266 via.
2197 4209 2442 4275 Plurima
2492 4219 2669 4263 autem
2724 4204 2878 4260 turba
2923 4200 3187 4275 gaudebat
3239 4200 3433 4270 gaudio

1143 4291 1353 4345 magno,
1381 4285 1431 4330 et
1464 4276 1730 4330 clamabat
1761 4294 1781 4333 .'
1809 4278 2068 4335 Hasanna
2097 4283 2150 4334 in
2175 4276 2392 4334 excelsis
2428 4279 2492 4334 ’⁸.

267 4511 317 4567 Ι.
360 4508 492 4562 Ἐὰν
533 4506 605 4560 τὰ
648 4510 960 4560 καθεκαστα
1002 4505 1108 4559 τῶν
1163 4507 1221 4574 ἐξ
1253 4507 1428 4580 ἀρχῆς
1460 4510 1768 4581 γενομένων

1943 4514 1994 4567 1.
2021 4512 2078 4566 Si
2105 4510 2316 4580 singula
2336 4522 2455 4578 qum
2481 4507 2549 4561 ab
2578 4507 2737 4562 initio
2769 4513 2920 4573 gesta
2953 4507 3081 4555 sunt
3113 4512 3279 4568 opera
3301 4510 3439 4550 con-

193 4601 535 4676 πραγμάτων
570 4599 950 4669 σκοπήσωμεν,
980 4597 1180 4669 ἄπειρά
1222 4600 1389 4652 ἐστιν.
1422 4599 1484 4651 Εί
1524 4595 1615 4653 οὖν
1646 4600 1766 4670 βλε-

194 4693 446 4764 πομένων
478 4690 575 4743 καὶ
620 4688 930 4759 γενομένων
972 4688 1120 4758 παρὰ
1163 4686 1256 4741 τοῦ
1294 4687 1426 4741 Θεοῦ
1464 4691 1765 4762 μνησθῆναί

190 4799 275 4845 τις
300 4783 361 4836 οὐ
390 4781 636 4844 δύναται,
675 4779 791 4843 πῶς
824 4778 889 4832 ἂν
917 4778 986 4832 τὰ
1026 4780 1379 4850 κεκρυμμένα
1407 4781 1573 4834 αὑτοῦ
1602 4799 1767 4837 κατα-

191 4875 379 4945 νοῆσαί
403 4890 489 4937 τις
514 4872 751 4943 δυνηθῇς
786 4890 805 4923 ι
837 4871 918 4925 Τὰ
946 4871 1055 4941 γὰρ
1090 4871 1326 4937 πλείονα,
1362 4891 1380 4923 ι
1417 4873 1570 4943 φησὶ,
1609 4890 1630 4925 ι
1659 4874 1768 4927 τῶν

194 4967 367 5040 ἔργων
398 4965 494 5020 τοῦ
521 4964 655 5017 Θεοῦ
685 4966 742 5016 ὲν
767 4963 1105 5036 ἀποκρύφοις
1133 4963 1298 5016 ἐστίν.
1328 4982 1346 5013 ι
1380 4964 1587 5017 Οὐκοῦν
1619 4964 1765 5019 ἐστιν

193 5061 326 5134 ἔργα
345 5059 442 5114 τοῦ
463 5057 599 5111 Θεοῦ
618 5056 841 5129 ἀόρατα,
860 5056 1015 5111 ἆτινα
1038 5057 1094 5108 ὲν
1121 5054 1458 5126 ἁποκρύφοις
1478 5056 1731 5126 τυγχάνει
1748 5073 1762 5088 ο

196 5155 318 5229 περὶ
349 5148 425 5208 ὧν
472 5153 568 5206 καὶ
594 5151 623 5202 ὁ
652 5149 933 5212 θεσπέσιος
982 5148 1304 5212 ’Λπόστολος
1351 5151 1762 5219 συμμαρτυρεῖ,

192 5249 286 5303 καὶ
313 5247 494 5316 λέγει·
534 5262 553 5294 ι
577 5241 659 5295 Τὰ
690 5240 799 5313 γὰρ
826 5240 1034 5313 ἀόρατα
1068 5238 1229 5293 αὐτοῦ
1267 5238 1373 5292 ἀπὸ
1412 5238 1646 5302 κτίσεως
1670 5241 1763 5293 κός

195 5356 330 5409 σμου
354 5339 473 5399 τοῖς
513 5333 784 5404 ποιήμασι
826 5330 1090 5401 νοούμενα
1130 5329 1431 5401 καθορᾶται
1452 5345 1466 5359 ·
1498 5348 1516 5380 ι
1549 5327 1763 5399 ἀληθῶς

190 5429 317 5502 γὰρ,
349 5448 368 5481 ι
388 5428 466 5490 ὣς
491 5423 887 5494 ἁνεξερεύνητα
909 5421 977 5475 τὰ
1006 5420 1250 5493 κρίματα
1281 5418 1468 5483 αὑτοῦ,
1490 5419 1586 5473 καὶ
1609 5417 1764 5483 ἀνεξ-

191 5522 452 5594 ιχνίαστοι
486 5520 543 5571 αἱ
585 5516 694 5569 ὁδοὶ
728 5516 931 5569 αὐτοῦῑ
977 5535 996 5568 ο
1034 5512 1248 5584 Ἀμέλει
1278 5513 1373 5566 καὶ
1400 5512 1429 5565 ὀ
1452 5511 1760 5583 προφήτης,

1868 4602 2122 4673 templari
2155 4601 2405 4663 velimus,
2434 4595 2644 4651 inﬁnita
2670 4595 2759 4649 illa
2791 4598 2940 4648 sunt.
2971 4590 3129 4655 Quod
3154 4589 3202 4644 si
3230 4603 3291 4642 ea
3313 4602 3435 4657 qua:

1869 4696 1971 4751 sub
2001 4701 2280 4765 aspectum
2311 4691 2513 4746 cadunt
2547 4700 2707 4757 atque
2747 4700 2776 4738 a
2819 4683 2929 4738 Deo
2956 4690 3078 4735 acta
3127 4686 3275 4742 sunt,
3322 4693 3440 4731 mo-

1869 4786 2043 4839 moria
2092 4792 2278 4837 tenere
2317 4794 2477 4836 nemo
2518 4776 2711 4847 possit,
2751 4774 2965 4828 occulta
3007 4772 3127 4841 ejus
3165 4767 3438 4838 quomodo

1868 4876 1993 4946 quis
2043 4874 2342 4943 intelligere
2398 4868 2638 4940 poterit?
2691 4885 2710 4918 ι
2742 4864 2907 4918 Multa
2953 4863 3121 4926 enim,
3151 4879 3169 4911 ι
3235 4859 3437 4928 inquit,

1875 4987 1894 5019 ι
1925 4981 2091 5037 opera
2131 4964 2222 5019 Dei
2263 4960 2583 5017 abscondita
2612 4965 2741 5013 sunt
2758 4957 2826 5007 ³³.
2860 4976 2878 5009 ›
2914 4953 3055 5008 Sunt
3078 4966 3208 5022 ergo
3241 4951 3436 5004 invisi-

1869 5057 2000 5111 bilia
2038 5052 2287 5125 quaedam
2325 5050 2419 5105 Dei
2462 5062 2646 5119 opera,
2680 5061 2801 5117 qua;
2829 5046 2884 5099 in
2915 5042 3133 5098 occulto
3166 5048 3332 5105 sunt;
3366 5040 3437 5095 de

1868 5149 2070 5220 quibus
2100 5145 2265 5215 378
2301 5143 2518 5197 divinus
2569 5138 2866 5210 Apostolus
2918 5142 3152 5190 testatur
3197 5133 3433 5188 dicens:

1873 5258 1892 5292 ι
1920 5236 2217 5294 lnvisibilia
2258 5234 2402 5290 enim
2436 5233 2611 5303 ipsius
2655 5246 2686 5284 a
2735 5234 2987 5283 creatura
3018 5223 3206 5279 mundi
3232 5238 3326 5293 per
3370 5237 3436 5276 ea

1868 5348 1990 5404 quae
2013 5331 2153 5387 facta
2176 5336 2329 5393 sunt,
2354 5326 2625 5380 intellecta
2650 5320 3065 5391 conspiciuntur
3083 5320 3147 5373 ³⁸.
3180 5337 3199 5369 ι
3228 5315 3435 5372 Revera

1869 5423 2037 5486 enim,
2068 5440 2087 5472 ι
2111 5433 2275 5490 quam
2304 5411 2881 5484 incomprehensibilia
2912 5415 3043 5490 sunt
3062 5406 3267 5477 judicia
3287 5405 3427 5473 ejus,

1869 5515 1924 5563 et
1963 5504 2368 5576 investigabiles
2422 5502 2523 5556 via:
2571 5499 2692 5571 ejus
2720 5499 2799 5553 ιιι
2830 5516 2852 5551 ι
2893 5496 2962 5551 Et
3000 5509 3134 5551 vero
3171 5492 3435 5569 propheta

257 5695 304 5730 ⁸³
336 5695 476 5752 Luc.
512 5709 604 5748 xu
628 5732 642 5756 ,
676 5691 764 5747 56.
821 5689 1010 5745 Matth.
1045 5704 1159 5753 xxi,
1194 5688 1248 5745 8.
1325 5690 1369 5721 ”
1409 5685 1578 5741 Eccli.
1618 5698 1775 5749 mu,
1807 5682 1899 5736 36.
1972 5682 2016 5714 '°
2052 5680 2212 5771 Rom.
2247 5695 2303 5748 t,
2340 5679 2433 5736 20.
2509 5678 2551 5711 ³¹
2589 5674 2750 5731 Rom.
2785 5689 2880 5739 ιι,
2914 5670 3004 5728 33.

465 5789 744 5849 ΡΑτιιοι..
774 5784 894 5847 Gn.
916 5781 1214 5844 XXVIII.

3115 5760 3198 5822 33
