4022 6382
617 330 757 384 ίοεε

1628 336 1635 343 ν
1673 313 1731 369 5.
1775 310 2232 368 ATHANASIUS.
2272 340 2341 351 ——
2381 308 2654 367 SPURIA.

3734 313 3845 368 1036

608 446 857 516 ejusdem
916 456 1039 496 cum
1097 445 1244 494 esset
1296 435 1578 491 sententia:
1607 435 1727 488 ait:
1772 451 1791 485 ι
1820 432 2175 487 Consideravi

2278 427 2378 498 τῆς
2408 428 2580 499 αὐτῆς
2612 427 2867 499 ἐχόμενος
2898 425 3141 499 γνώμης,
3177 426 3363 497 ἔλεγε·
3400 445 3419 479 ι
3448 427 3767 499 Κατενόήσα
3788 429 3844 482 τὰ

607 552 775 608 opera
808 544 922 597 tua,
962 540 1016 587 et
1050 529 1239 599 expavi
1262 528 1326 582 “.
1355 547 1372 579 ι
1410 526 1727 593 aneramus
1762 540 1890 596 ergo
1934 539 2041 578 nos
2063 522 2178 593 pri-

609 644 759 684 mum
796 640 1019 695 regnum
1063 622 1203 691 ejus,
1242 629 1404 689 atque
1435 620 1508 672 ita
1538 618 1652 672 haec
1699 619 1881 672 omnia
1917 614 2180 685 adjicien-

610 729 700 774 tur
730 718 921 783 nobis;
954 717 1026 769 ita
1059 714 1204 768 enim
1229 710 1495 765 Dominus
1526 720 1712 765 noster
1738 707 1897 763 Jesus
1924 707 2179 761 Christus

610 814 665 866 in
721 809 1021 879 EVangeliis
1072 822 1173 861 nos
1213 806 1373 859 docet
1417 804 1502 859 his
1536 801 1719 858 verbis
1749 820 1773 854 :~
1799 820 1817 851 ‹
1843 799 2080 865 Quaerite
2125 804 2179 851 et

609 902 899 958 invenietis
918 900 982 954 ³³.
1017 918 1035 949 ι
1090 897 1396 965 Quzerimus
1443 909 1630 966 porro,
1673 910 1781 948 non
1829 890 2176 961 margaritas,

607 1010 715 1049 non
758 991 1100 1063 hyacinthos.
1154 1004 1274 1060 quae
1330 984 1770 1056 imprudentibus
1830 979 2179 1035 admirationi

607 1093 769 1152 sunt;
797 1084 891 1138 sed
915 1082 1237 1153 sapientiam
1265 1080 1355 1135 Dei
1381 1081 1436 1132 in
1468 1077 1727 1148 mysterio
1757 1073 2133 1129 absconditam
2160 1090 2173 1125 :

612 1191 629 1222 ι
669 1172 839 1238 Quam
879 1185 1036 1225 nemo
1067 1169 1376 1240 principum
1421 1166 1587 1236 hujus
1628 1165 1812 1220 saeculi
1846 1162 2121 1234 cognovit.
2152 1182 2172 1213 ι

602 1260 739 1314 Nam
774 1278 792 1311 ι
842 1261 887 1314 si
941 1259 1347 1329 cognovissent,
1408 1255 1608 1326 inquit,
1651 1269 1932 1324 nunquam
1991 1252 2176 1307 Domi-

604 1370 735 1409 num
768 1352 955 1423 gloria:
993 1349 1398 1404 cruciﬁxissent
1420 1348 1488 1403 “.
1528 1366 1547 1399 ι
1591 1345 1716 1400 llaac
1749 1353 2042 1401 est-autem
2090 1359 2179 1399 sa-

606 1447 831 1518 pientia,
864 1445 933 1499 de
964 1459 1071 1513 qua
1114 1451 1169 1497 et
1213 1441 1471 1496 Salomon
1515 1441 1573 1494 in
1594 1439 1884 1511 prophetia
1919 1439 2174 1493 dicebat:

611 1558 629 1589 ι
668 1537 818 1591 Mitte
865 1536 999 1589 mihi
1051 1533 1265 1590 sedium
1309 1540 1529 1586 tuarum
1578 1531 1914 1585 assistricem
1962 1531 2178 1600 sapien-
2218 1526 2224 1532 ’

606 1631 737 1684 tiam
757 1630 823 1683 ³⁵.
854 1647 871 1679 ι
907 1626 1064 1693 Quod
1097 1634 1279 1681 autem
1306 1630 1359 1678 et
1382 1622 1637 1678 Christus
1680 1622 1946 1693 sapientia
1980 1620 2178 1691 praedi—

606 1728 786 1783 cetur,
839 1718 996 1773 testis
1042 1717 1148 1772 erit
1186 1715 1319 1769 mihi
1363 1713 1569 1769 Paulus
1612 1713 1802 1768 dicens
1831 1730 1846 1767 :
1875 1710 2176 1767 «Christus

2278 522 2414 594 ἔργα
2448 539 2564 585 σου,
2592 522 2687 576 καὶ
2725 518 2968 591 ἐξέστην.
3000 540 3018 573 ι
3048 523 3386 592 Ζητήσωμεν
3432 517 3528 575 οῦν
3578 522 3673 575 καὶ
3707 523 3844 592 ἡμεῖς

2279 616 2496 688 πρῶτον
2524 616 2621 685 τὴν
2646 613 2921 685 βασιλείαν
2950 611 3135 676 αὑτοῦ,
3172 613 3268 665 καὶ
3296 612 3446 666 οὕτω
3484 611 3663 667 ταῦτα
3689 613 3842 665 πάντα

2279 704 2706 776 προστεθήσεται
2741 706 2873 774 ἡμῖν
2896 720 2910 733 ·
2935 702 3075 755 οὕτω
3105 702 3213 773 γὰρ
3277 702 3376 755 καὶ
3406 704 3437 756 6
3466 702 3674 773 Κύριος
3706 701 3843 772 ήμῶν

2294 796 2501 868 Ἰησοῦς
2550 796 2783 869 Χριστὸς
2846 798 2903 848 ἐν
2956 795 3310 864 Εὐαγγελίοις
3357 795 3605 849 διδάσκει
3655 795 3837 863 λέγων·

2285 908 2305 942 ι
2334 891 2589 961 Ζητεῖτε,
2636 890 2730 942 καὶ
2773 890 3050 959 εὑρήσετε.
3092 908 3111 941 ι
3145 888 3430 959 Ζητοῦμεν
3477 888 3539 941 δὲ
3591 890 3749 959 ἡμεῖς
3788 888 3838 939 οὗ

2283 981 2644 1053 μαργαρίτας,
2676 981 2797 1034 οὐδὲ
2823 980 3127 1045 ύακίνθους,
3153 981 3299 1054 ἅπερ
3325 983 3375 1033 οί
3399 980 3755 1052 ἀπειρόκαλοι
3778 981 3837 1051 (8)

2278 1074 2718 1145 τεθαυμάκασιν·
2752 1074 2884 1127 ἀλλὰ
2923 1074 3189 1145 ζητοῦμεν
3233 1074 3371 1127 Θεοῦ
3421 1074 3621 1144 σοφίαν
3676 1075 3731 1127 ἐν
3756 1091 3840 1145 μυ-

2281 1166 2486 1237 στηρίῳ
2524 1166 2641 1238 -τὴν
2704 1167 3238 1239 ἀποκεκρυμμένην
3281 1186 3300 1217 ι
3351 1168 3458 1220 Ἦν
3523 1168 3704 1231 οὐδεὶς
3749 1167 3840 1222 τῶν

2279 1258 2551 1330 ἀρχόντων
2616 1257 2709 1311 τοῦ
2762 1260 2954 1322 αἰῶνος
2984 1258 3174 1312 τούτου
3208 1259 3471 1326 ἔγνωκεν.
3512 1278 3530 1309 ι
3559 1278 3579 1311 ι
3614 1260 3677 1312 Εἰ
3703 1280 3721 1312 ›
3751 1259 3838 1330 γὰρ

2285 1369 2304 1402 ι
2336 1350 2599 1418 ἔγνωσαν,
2644 1349 2833 1421 φησιν,
2880 1351 2980 1404 οὐκ
3047 1349 3115 1404 ἂν
3154 1350 3246 1403 τὸν
3299 1350 3511 1423 Κύριον
3550 1350 3654 1421 τῆς
3705 1350 3836 1423 δόξης

2278 1442 2651 1515 ἐσταύρωσαν.
2680 1462 2697 1494 ι
2731 1442 2880 1513 Αὕτη
2908 1442 2964 1496 δέ
2987 1444 3183 1514 ἐστινὴ
3211 1442 3394 1513 σοφία,
3421 1444 3558 1514 περὶ
3604 1439 3673 1514 ἧς
3712 1443 3835 1512 ἔλεγε

2278 1534 2375 1587 καὶ
2405 1535 2433 1586 ὁ
2479 1532 2730 1604 Σολομὼν
2765 1534 2824 1586 ὲν
2861 1534 3203 1604 προφητείᾳ·
3256 1553 3276 1585 ι
3324 1534 3740 1599 Ἐξαπόστειλόν
3768 1551 3837 1606 μοι

2276 1626 2377 1697 τὴν
2423 1626 2533 1679 τῶν
2561 1626 2667 1680 σῶν
2714 1625 2919 1696 θρόνων
2969 1625 3240 1697 πάρεδρον
3270 1626 3488 1696 σοφίαν.
3520 1646 3539 1679 ι
3586 1628 3712 1681 Ὅτι
3737 1626 3790 1681 δι
3813 1626 3839 1680 ὁ

2277 1718 2512 1790 Χριστὸς
2569 1718 2664 1771 καὶ
2699 1718 2861 1787 σοφία
2894 1717 3248 1789 κηρύσσεται,
3310 1719 3657 1791 μαρτυρήσει
3705 1721 3840 1790 μοιό

605 1811 702 1867 Dei
746 1812 931 1866 virtus
981 1819 1036 1865 et
1088 1808 1184 1865 Dei
1221 1807 1487 1879 sapientia
1508 1806 1577 1861 ".
1608 1804 1843 1873 Quaerite
1884 1820 2016 1876 ergo
2064 1805 2177 1876 pri-

2279 1811 2512 1876 Παῦλος,
2542 1811 2749 1880 λέγωνο
2803 1830 2823 1862 ι
2853 1811 3088 1883 Χριστὸς
3124 1810 3261 1864 Θεοῦ
3314 1810 3551 1882 δύναμις
3599 1814 3696 1865 καί⁵
3726 1812 3838 1866 Θεοῦ

606 1919 755 1958 mum
799 1918 1024 1974 regnum
1066 1901 1161 1957 Dei
1206 1909 1260 1958 et
1285 1900 1554 1971 justitiam
1586 1900 1725 1970 ejus,
1754 1906 1810 1955 et
1844 1898 1959 1954 haec
1994 1899 2179 1953 omnia

606 1997 936 2067 adjicientur
958 1996 1113 2052 vobis
1133 1996 1199 2048 ³⁷.
1234 2012 1252 2046 ι
1290 1991 1425 2047 Nam
1449 2008 1571 2063 qua:
1595 1991 1777 2047 futura
1798 1998 1949 2056 sunt,
1984 1989 2181 2061 priori-

605 2092 708 2147 bus
752 2090 838 2163 (ac
863 2090 1156 2163 praecipuis
1187 2088 1318 2158 illis)
1351 2087 1657 2159 posteriora
1699 2092 1847 2142 sunt.
1881 2085 1997 2140 Etsi
2026 2083 2176 2140 enim

604 2184 868 2240 rationem
907 2183 1200 2253 quamdam
1245 2181 1442 2236 habeat
1489 2179 1625 2251 legis
1671 2179 1884 2244 umbra,
1937 2184 2175 2232 attamen

604 2276 913 2332 futurorum
943 2275 1210 2330 bonorum
1238 2272 1475 2327 arrhabo
1503 2280 1608 2326 est.

669 2461 727 2517 2.
765 2459 940 2515 Judaei
968 2475 1098 2529 ergo
1139 2459 1195 2513 in
1228 2458 1553 2514 hodiernum
1582 2470 1758 2525 usque
1784 2453 1952 2516 diem,
1979 2451 2179 2505 littera

602 2555 779 2624 magis
817 2569 983 2623 quam
1033 2552 1249 2622 spiritui
1294 2550 1616 2605 adhibentes
1662 2548 1926 2609 animum,
1967 2551 2177 2600 errant.

602 2646 745 2701 Audi
777 2659 1012 2715 namque
1033 2643 1165 2714 quid
1199 2644 1386 2698 dicant
1415 2658 1430 2696 :
1454 2641 1555 2695 llic
1585 2640 1749 2693 homo
1770 2639 1942 2708 legem
1969 2645 2024 2693 et
2046 2635 2180 2690 Sab-

605 2736 731 2791 bata
772 2736 1011 2793 solutum
1044 2735 1212 2791 venit.
1243 2732 1445 2789 Verum
1478 2733 1522 2788 si
1557 2731 1841 2785 mendicus
1866 2739 2058 2784 contra
2094 2728 2179 2783 di-

605 2829 768 2885 vitias
816 2829 1098 2900 loquatur,
1151 2842 1495 2897 nequaquam
1537 2825 1615 2880 illi
1668 2823 1801 2879 ﬁdes
1852 2823 2173 2877 habebitur:

602 2937 781 2992 neque
810 2922 855 2977 si
887 2922 1261 2990 intemperans
1284 2919 1445 2973 homo
1474 2917 1740 2971 adversus
1763 2915 2176 2985 temperantiam

2280 1905 2459 1975 σοφία.
2497 1906 2719 1974 Ζητεῖτε
2770 1898 2863 1957 οὖν
2908 1902 3123 1974 πρῶτον
3156 1902 3253 1973 τὴν
3293 1900 3578 1972 βασιλείαν
3628 1904 3721 1955 καὶ
3760 1903 3838 1973 τήν

2277 1995 2621 2068 δικαιοσύνην
2646 1993 2932 2060 τοῦθεοῦ,
2981 1994 3076 2048 καὶ
3101 1994 3242 2047 οὓτω
3277 1993 3451 2047 ταῦτα
3488 1994 3670 2048 πάντα
3697 2010 3839 2066 προσ-

2276 2086 2563 2157 τεθήσεται
2593 2086 2740 2156 ὐμῖν.
2791 2102 2811 2137 ι
2850 2084 2930 2137 Τὰ
2964 2085 3073 2156 γὰρ
3119 2085 3354 2157 ἐσόμενα
3390 2084 3500 2139 τῶν
3542 2088 3839 2158 ἡγουμένων

2278 2178 2504 2250 δεύτερα
2536 2177 2793 2248 τυγχάνει
2814 2194 2828 2208 ο
2872 2177 2978 2230 κᾶν
3007 2178 3116 2249 γὰρ
3148 2177 3262 2249 ἔχει
3295 2177 3455 2248 λόγον
3509 2180 3543 2249 ή
3594 2178 3733 2233 κατὰ
3764 2178 3839 2232 τὸν

2279 2270 2443 2341 νόμον
2477 2269 2636 2335 σκιὰ,
2690 2269 2826 2323 ἀλλὰ
2856 2269 2965 2322 τῶν
3007 2269 3309 2340 μελλόντων
3339 2272 3568 2342 ἀγαθῶν
3608 2269 3837 2345 ἀρραϐών

2280 2379 2448 2417 εστιν.

2347 2455 2401 2510 2.
2446 2456 2683 2509 Ἰουδαῖοι
2733 2454 3022 2530 τοιγαροῦν
3057 2456 3216 2529 μέχρι
3254 2457 3496 2528 σήμερον
3518 2494 3532 2519 ,
3576 2455 3657 2527 τῷ
3682 2454 3836 2526 γρᾶμο

2283 2566 2414 2621 ματι
2456 2550 2718 2624 μᾶλλονῆ
2757 2550 2837 2620 τῷ
2882 2549 3153 2620 πνεύματι
3197 2549 3593 2621 προσέχοντες,
3629 2548 3833 2618 ἐπλανή-

2281 2642 2471 2715 θησαν.
2512 2645 2709 2697 Ἀκουε
2744 2643 2851 2713 γὰρ
2872 2642 3053 2696 αὐτῶν
3082 2642 3348 2711 λεγόντων
3369 2659 3382 2671 ·
3406 2635 3577 2705 Οὗτος
3599 2642 3630 2693 6
3650 2640 3832 2714 ἄνθρω-

2280 2753 2381 2799 πος
2414 2735 2505 2788 τὸν
2529 2736 2692 2807 νόμον
2703 2732 2839 2808 ἦλθε
2862 2734 3161 2789 καταλῦσαι
3180 2735 3275 2786 καὶ
3295 2733 3574 2787 Σάϐϐατα.
3606 2732 3736 2786 Ἀλλ’
3754 2730 3832 2785 ἐὰν

2280 2827 2494 2898 πτωχὸς
2535 2826 2680 2895 λέγει
2729 2826 2870 2880 κατὰ
2902 2826 3232 2898 χρημάτων,
3281 2825 3343 2878 οὐ
3397 2823 3829 2895 πιστευθήσεται·

2278 2920 2385 2974 οὐδ’
2419 2919 2484 2973 ἂν
2517 2920 2812 2983 ἀκόλαστος
2862 2920 2989 2991 περὶ
3036 2916 3411 2988 σωφροσύνης,
3447 2916 3657 2989 ἀληθής
3689 2912 3830 2969 αὐτοῦ

602 3015 767 3069 verba
792 3013 976 3077 faciat,
998 3027 1187 3067 verum
1214 3020 1299 3067 est
1325 3010 1696 3065 testimonium
1720 3008 1861 3077 ejus.
1892 3006 2008 3061 Non
2030 3006 2176 3061 enim

2279 3014 2313 3085 ή
2350 3013 2640 3084 μαρτυρία.
2672 3013 2747 3066 Ού
2779 3011 2888 3083 γὰρ
2918 3014 2983 3065 ὲκ
3024 3010 3317 3073 διαθέσεως
3354 3009 3714 3081 περὶτούτων
3735 3007 3830 3060 δια-

604 3123 672 3163 ex
702 3106 898 3163 allectu
929 3106 1045 3160 haec
1082 3105 1372 3159 allirmant.
1422 3103 1515 3158 Ille
1547 3117 1782 3172 namque
1811 3100 1934 3156 ideo
1959 3100 2175 3156 divitias

2281 3104 2626 3158 εεὸαιοῦνται
2644 3106 2714 3157 ’.ὁ
2740 3104 2837 3175 μὲν
2865 3104 2976 3175 γὰρ
3004 3101 3081 3173 τῷ
3106 3102 3180 3173 μὴ
3209 3101 3354 3172 ἔχειν
3385 3100 3830 3170 καταποφαίνεται

604 3200 829 3255 damnat
856 3198 1002 3269 quod
1022 3213 1118 3253 eas
1147 3197 1373 3251 minime
1409 3195 1687 3266 possideat
1715 3213 1728 3248 :
1758 3194 1848 3264 qui
1885 3209 2016 3249 vero
2041 3208 2174 3248 con-

2278 3196 2369 3250 τοῦ
2401 3196 2661 3250 πλούτου·
2695 3198 2723 3250 6
2746 3196 2802 3249 δὲ
2832 3196 2906 3266 μὴ
2941 3195 3243 3265 ἐνεργήσας
3265 3195 3333 3263 τῇ
3366 3193 3685 3264 ἐγκρατείᾳ,
3716 3187 3830 3262 μηδὲ

604 3290 891 3344 tinentiam
920 3303 1028 3342 non
1054 3295 1255 3349 servat.
1291 3302 1467 3357 neque
1495 3301 1617 3340 cum
1652 3286 1839 3341 labore
1866 3295 2175 3356 temperan-

2280 3288 2417 3361 μετὰ
2444 3289 2607 3343 πόνου
2636 3287 2989 3359 σωφροσύνην
3011 3285 3560 3357 ἀσκήσας,οχλευὰςει
3583 3285 3703 3347 τοὺς
3729 3284 3829 3335 ἔπιε

604 3382 738 3436 tiam
780 3389 1020 3443 exercet,
1073 3381 1121 3436 is
1165 3381 1414 3436 homines
1447 3380 1639 3435 irridet
1681 3378 2176 3434 earum-virtutum

2278 3380 2595 3444 ποθοῦντας.
2632 3379 2843 3449 Ἀμέλει
2863 3382 2891 3432 6
2909 3377 3112 3449 Κύριος
3131 3366 3225 3431 καὶ
3241 3378 3435 3449 Σωτὴρ
3459 3376 3620 3448 ήμῶν
3653 3372 3829 3447 Ἰησοῦς

604 3475 904 3530 studiosos.
946 3473 1012 3529 Et
1045 3489 1175 3529 vero
1205 3473 1469 3529 Dominus
1513 3481 1569 3528 et
1599 3473 1850 3528 Salvator
1877 3480 2063 3527 noster
2086 3469 2177 3526 Je-

603 3582 701 3622 sus
755 3565 1030 3628 Christus,
1086 3581 1275 3621 eorum
1325 3581 1629 3637 coarguens
1674 3564 1989 3629 amentiam,
2053 3564 2171 3620 ait:

608 3677 629 3711 ι
658 3656 776 3713 Νοη
807 3658 932 3713 veni
962 3658 1175 3713 solvere
1202 3657 1376 3727 legem
1402 3665 1496 3711 aut
1520 3657 1836 3728 prophetas,
1866 3655 1963 3711 sed
1996 3654 2176 3708 adim-

601 3751 749 3823 plere
774 3750 839 3806 ³⁸,
870 3770 888 3803 ι
916 3749 1151 3821 Ideoque
1173 3750 1366 3805 beatus
1389 3747 1593 3804 Paulus
1615 3749 1729 3804 hrec
1753 3748 1978 3803 scribit.
2008 3764 2028 3797 ι
2050 3744 2175 3799 Ριθο

599 3841 793 3898 nitudo
822 3842 985 3913 igitur
1013 3842 1147 3913 legis
1178 3839 1455 3904 Christus,
1487 3840 1554 3894 ad
1580 3840 1852 3910 justitiam
1883 3838 2032 3892 omni
2056 3851 2176 3892 cre-

599 3933 749 3990 denti
769 3934 835 3989 ³⁹.
867 3954 886 3987 ι
917 3933 1245 3988 Accuratius
1274 3933 1479 4001 itaque,
1509 3931 1716 3995 dilecti,
1747 3929 1881 3984 illud
1908 3929 1976 3985 de
2006 3927 2176 3983 disci-

601 4024 746 4094 pulis
768 4024 1179 4079 consideremus
1211 4024 1683 4082 :consideremus.
1720 4022 1968 4092 inquam,
1992 4021 2048 4075 in
2085 4020 2176 4074 illa

600 4130 725 4185 quae
747 4114 985 4185 proprie,
1010 4123 1064 4170 et
1088 4115 1207 4171 sine
1228 4115 1599 4169 additamento
1625 4114 1893 4184 sapientia
1919 4121 2173 4169 vocatur.

601 4206 728 4261 Haec
766 4207 969 4275 quippe
1015 4206 1262 4259 notitiam
1312 4205 1624 4259 divinorum
1668 4204 1833 4297 ha.bet
1887 4203 2176 4273 mysterio-

600 4313 745 4354 rum.
781 4297 908 4353 Haec
939 4299 993 4352 in
1026 4304 1209 4352 mente
1231 4305 1417 4351 nostra
1441 4312 1541 4351 ceu
1574 4298 1625 4349 in
1656 4294 1824 4350 domo
1851 4296 2092 4361 habitat,
2125 4295 2173 4351 si

600 4390 902 4462 prmsertim
956 4402 1094 4460 pura
1150 4390 1255 4452 sit,
1324 4403 1388 4443 ac
1447 4387 1807 4456 cogitationes
1858 4387 2168 4442 observet:

2276 3475 2305 3526 6
2346 3472 2615 3543 Χριστὸς,
2647 3471 2933 3541 διελέγχων
2980 3468 3157 3524 αὐτῶν
3204 3469 3301 3541 τὴν
3352 3468 3542 3522 ἄνοιαν
3569 3508 3585 3532 ,
3633 3467 3824 3533 ἔλεγεν·

2283 3585 2300 3619 ι
2326 3566 2438 3620 Ούκ
2462 3562 2625 3635 ἦλθον
2659 3563 2959 3618 καταλῦσαι
3001 3562 3092 3615 τὸν
3123 3561 3307 3632 νόμον,
3340 3560 3462 3614 οὐδὲ
3490 3561 3619 3624 τοὺς
3643 3557 3827 3630 προφήο

2274 3677 2395 3723 τας,
2425 3660 2561 3713 ἀλλὰ
2599 3657 2905 3729 πληρῶσαι.
2930 3676 2948 3708 ι
3000 3655 3090 3708 Διὸ
3134 3656 3228 3707 καὶ
3258 3655 3288 3706 6
3329 3655 3603 3725 μακάριος
3643 3649 3827 3710 Παῦλος

2274 3752 2497 3823 γράφει,
2529 3751 2732 3819 λέγων’
2764 3767 2782 3801 ι
2808 3749 3088 3821 Πλήρωμα
3122 3743 3214 3801 οῦν
3247 3748 3413 3818 νόμου
3441 3749 3470 3800 6
3498 3746 3727 3817 Χριστὸς
3758 3742 3827 3802 εἷς

2274 3842 2622 3914 δικαιοσύνην
2656 3843 2819 3896 παντὶ
2847 3842 2925 3937 τῶ
2949 3841 3276 3896 πιστεύοντι.
3304 3859 3322 3891 ι
3357 3833 3826 3908 Κατασκεψώμεθα

2275 3932 2369 3989 οὖν
2396 3934 2690 4006 βαθύτερον
2720 3934 2847 4005 περὶ
2874 3930 2983 3986 τῶν
3026 3930 3304 4003 μαθητῶν,
3342 3930 3655 4000 ἀγαπητοί·
3685 3941 3828 3981 κατα-

2276 4026 2610 4098 σκεψὼμεθα
2649 4026 2706 4080 δὲ
2753 4027 2812 4079 ὲν
2858 4029 2924 4097 τῇ
2966 4025 3168 4097 κυρίως
3220 4023 3314 4078 καὶ
3364 4023 3495 4078 ἄνευ
3536 4020 3826 4094 προσθήκης

2278 4121 2440 4190 σοφίᾳ
2470 4118 2812 4189 καλουμένῃο
2847 4117 2987 4187 αὕτη
3020 4116 3128 4187 γὰρ
3168 4114 3369 4184 γνῶσιν
3410 4112 3525 4184 ἔχει
3559 4112 3713 4166 θείων
3740 4127 3827 4181 μυ·

2277 4212 2513 4283 στηρίων
2532 4228 2546 4242 ·
2580 4209 2719 4281 αὕτη
2754 4210 2813 4263 ὲν
2842 4213 2907 4281 τῇ
2946 4208 3155 4280 διανοίᾳ
3192 4206 3349 4279 ἡμῶν
3377 4207 3454 4269 ὠς
3476 4207 3535 4260 ὲν
3563 4204 3696 4275 οἴκῳ
3715 4216 3831 4256 κατ’

2274 4308 2433 4367 οικεί,
2482 4303 2580 4357 ἑὰν
2634 4303 2866 4373 μάλιστα
2904 4300 3122 4372 καθαρὰ
3149 4299 3416 4373 τυγχάνῃ,
3451 4298 3586 4370 περὶ
3621 4297 3689 4351 τὰ
3720 4294 3827 4363 νοή-

2279 4412 2424 4466 ματα
2452 4393 2821 4465 ὰσχολουμένη
2843 4408 2857 4422 ·
2888 4411 2907 4444 ι
2931 4393 3026 4455 Εἰς
3056 4391 3164 4462 γὰρ
3196 4390 3522 4460 κακότεχνον
3549 4388 3722 4459 ψυχὴν
3744 4385 3828 4438 οὐκ

604 4500 625 4534 ι
655 4481 927 4549 Quoniam
957 4480 1013 4533 in
1049 4478 1368 4532 malevolam
1397 4476 1635 4529 animam
1661 4490 1772 4529 non
1803 4475 2051 4529 introibit
2085 4491 2175 4532 sa-

2280 4480 2643 4535 είσελεύσεται
2667 4478 2846 4549 σοφία,
2877 4479 2998 4532 οὐδὲ
3026 4480 3340 4549 κατοικήσει
3368 4479 3425 4530 ὲν
3449 4476 3663 4549 σώματι
3686 4490 3830 4529 κατα·

597 4574 826 4647 pientia,
874 4587 976 4628 nec
1016 4569 1283 4625 habitabit
1325 4570 1379 4623 in
1433 4582 1666 4637 corpore
1713 4567 1934 4622 subdito
1975 4582 2173 4637 pecca-

597 4667 753 4724 tis“.
778 4686 798 4719 ι
824 4664 1130 4733 Purgemus
1152 4662 1338 4731 itaque
1359 4676 1483 4723 nos,
1507 4659 1714 4722 dilecti,
1740 4658 1808 4711 ab
1836 4659 1983 4713 omni
2011 4660 2175 4716 sorde

596 4761 793 4815 anima:
812 4768 867 4814 et
889 4756 1157 4826 corporis,
1186 4754 1672 4822 auscultemusque
1694 4752 2019 4806 clamantem
2043 4767 2171 4821 pro-

596 4855 816 4926 phetam
854 4870 869 4906 :
904 4869 923 4902 ι
948 4848 1204 4904 Mundate
1258 4861 1476 4909 manus,
1526 4851 1845 4915 peccatores
1892 4861 1905 4899 :
1940 4852 2170 4915 purgate

594 4947 783 5010 corda,
824 4944 1072 5015 duplices
1117 4940 1300 4995 animo
1320 4939 1387 4995 δι.
1417 4958 1439 4991 ι
1474 4935 1553 4991 Ita
1602 4938 1749 4992 enim
1785 4935 1909 5005 quis
1940 4934 2166 5005 poterit,

594 5043 649 5090 et
695 5033 983 5089 sensibilia
1015 5030 1267 5101 probare,
1318 5036 1373 5084 et
1413 5027 1716 5097 spiritualia
1752 5035 1972 5094 tenere;
2006 5038 2172 5097 atque

596 5125 712 5180 hac
747 5125 968 5194 eligere,
1019 5123 1089 5177 ab
1136 5121 1243 5175 illis
1274 5119 1462 5190 procul
1498 5117 1772 5172 recedere.
1802 5114 2171 5182 Quemadmo-
2200 5114 2203 5117 ’

596 5214 725 5270 dum
756 5216 914 5285 probi
952 5213 1252 5284 trapezitae,
1285 5212 1489 5267 bonum
1516 5210 1805 5281 eligamus,
1837 5218 1893 5265 et
1923 5208 1993 5264 ab
2020 5206 2172 5264 omni

597 5310 740 5366 mala
767 5308 950 5379 specie
976 5307 1366 5362 abstineamus.
1404 5303 1555 5360 Bona
1581 5320 1711 5373 ergo
1737 5304 1886 5359 velut
1914 5316 2171 5358 necessa-

662 5508 707 5540 "
744 5506 948 5565 Hahae.
987 5524 1069 5572 Ill,
1100 5508 1155 5562 2.
1262 5508 1309 5540 ⁸⁸
1349 5506 1539 5575 Matth.
1580 5522 1651 5560 vn
1675 5545 1690 5569 ,
1727 5506 1777 5559 7.

1891 5505 1937 5537 “
1975 5502 1994 5556 Ι
2029 5505 2151 5559 Cor.
2199 5520 2267 5567 η,
2303 5504 2356 5559 6.
2435 5504 2480 5537 ³⁸
2522 5502 2649 5573 Sap.
2687 5520 2765 5571 tv,
2803 5504 2861 5560 4.

2279 4572 2425 4643 κρέιρ
2466 4571 2777 4644 ἁμαρτίαις.
2804 4590 2822 4622 ι
2868 4569 3267 4642 Καθαρίσωμεν
3303 4564 3399 4623 οὖν
3437 4569 3684 4632 ἑαυτοὺς,
3708 4567 3828 4634 ἀγα-

2278 4664 2461 4734 πητοὶ,
2493 4662 2601 4717 ἀπὸ
2633 4662 2832 4725 παντὸς
2874 4661 3158 4732 μολυσμοῦ
3192 4660 3371 4732 ψυχῆς
3419 4660 3514 4713 καὶ
3566 4659 3826 4732 σώματος·

2277 4752 2600 4824 ἀκούσωμεν
2631 4752 2722 4805 τοῦ
2753 4754 3031 4824 προφήτου
3065 4751 3324 4823 βοῶντοςθ
3362 4768 3381 4801 ‹
3414 4749 3701 4819 Ἀγνίσατε
3736 4745 3831 4817 χεῖο

2278 4862 2397 4917 ρας,
2419 4844 2753 4917 ἁμαρτωλοὶ,
2772 4844 3105 4917 καθαρίσατε
3135 4843 3381 4915 καρδίας,
3406 4842 3640 4913 δίψυχοι.
3656 4863 3671 4892 ι
3693 4838 3831 4893 Οὕτω

2274 4937 2383 5008 γάρ
2409 4954 2495 5001 τις
2533 4938 2733 5009 δυνηθῇ
2767 4938 2858 4991 καὶ
2888 4937 2955 4991 τὰ
3000 4936 3232 5007 αἰσθητὰ
3275 4935 3616 5005 δοκιμάζειν,
3646 4932 3734 4985 καὶ
3770 4928 3828 4979 τὰ

2271 5028 2437 5099 νοητὰ
2463 5028 2713 5099 κατέχειν
2734 5044 2747 5058 ·
2779 5027 2873 5082 καὶ⁵
2892 5026 2960 5081 τὰ
2989 5028 3087 5097 μὲν
3109 5026 3401 5097 αἱρεῖσθαι,
3433 5024 3543 5077 τῶν
3576 5024 3632 5077 δὲ
3659 5022 3827 5094 πόρῤω

2270 5120 2543 5189 γενέσθαι.
2588 5121 2673 5184 Ὠς
2716 5120 2928 5190 δόκιμοι
2965 5116 3288 5191 τραπεζῖται
3333 5116 3394 5170 τὸ
3426 5116 3591 5171 καλὸν
3621 5110 3830 5177 ἐκλεξώ-

2275 5207 2435 5279 μεθα,
2466 5210 2572 5264 ἀπὸ
2606 5209 2808 5272 παντὸς
2853 5209 3026 5272 εἴδους
3064 5207 3302 5279 πονηροῦ
3337 5206 3685 5279 ἀπεχόμενοι.
3718 5202 3828 5262 Τοῖς

2271 5297 2365 5356 οὖν
2390 5303 2573 5367 καλοῖς
2603 5302 2679 5365 ὡς
2702 5300 3020 5371 ἀναγκαίοις
3047 5299 3454 5373 προσέλθωμεν,
3474 5301 3589 5363 τοὶς
3612 5297 3667 5353 δὲ
3693 5294 3827 5350 ἀδια-

2966 5505 3011 5538 ³⁶
3049 5502 3070 5558 l
3102 5503 3231 5561 Cor.
3267 5519 3321 5571 ι,
3355 5500 3450 5559 26.
3564 5500 3609 5536 "
3646 5491 3819 5554 Matth.

595 5593 681 5640 νι.
716 5578 808 5634 33.
883 5579 930 5612 ³⁸
966 5578 1156 5635 Matth.
1196 5595 1249 5644 v,
1289 5578 1375 5632 l7.
1446 5574 1532 5609 "”
1577 5576 1733 5631 Hom.
1772 5591 1827 5643 ι,
1862 5574 1919 5630 4.
1996 5575 2042 5606 ‘°
2085 5576 2177 5646 Sa]

2278 5615 2291 5638 ,
2330 5575 2383 5629 4.
2459 5575 2496 5608 ⁸⁸
2542 5574 2658 5631 Jac.
2703 5592 2777 5640 tv,
2816 5576 2871 5632 8.

663 5738 742 5808 (8)
780 5735 911 5805 Reg.
944 5738 1319 5809 ἀπειρόκακοι.
