4022 6382
256 308 402 367 1037

1192 301 1475 360 HOMILIA
1511 301 1579 359 1N
1616 298 1820 357 ILLUD
1858 314 1874 352 :

1920 315 1940 348 ι
1979 295 2230 362 eum,
2271 316 2290 349 ι
2333 294 2486 352 Ετυ.
3327 287 3466 361 mss

259 423 475 497 φόροις
504 423 625 477 ὅσον
670 423 704 493 ἡ
752 420 907 492 χρεία
966 421 1202 476 ἀπαιτεῖ.
1241 422 1298 474 ’0
1335 421 1444 493 γὰρ
1487 418 1711 482 πλοῦτος
1742 414 1820 486 τῷ

1931 414 2004 467 ria
2044 414 2334 480 adeamus;
2380 408 2761 470 indiﬁ'erentia,
2809 411 3068 476 quantum
3102 404 3341 476 postulat
3371 423 3469 463 ne-

256 516 377 589 ίδίῳ
405 516 546 585 λόγῳ
574 513 692 571 οὐδὲ
714 512 911 581 ἀγαθὸς
931 511 1048 566 οὐδὲ
1078 511 1276 581 φαῦλος
1294 512 1564 582 τυγχάνει,
1583 508 1716 564 ἀλλά
1748 509 1815 577 τῇ

253 609 572 681 προαιρέσει
606 605 697 660 τοῦ
735 607 1014 677 χρωμένου
1048 607 1125 668 εἰς
1160 606 1394 676 ἑκάτερα
1420 604 1678 675 κρίνεται.
1709 602 1817 653 Αύ-

254 699 388 754 τίκα
414 702 442 752 6
473 699 643 768 μέγας
676 694 926 766 Ἀϐραὰμ
972 693 1222 758 πλούσιος
1261 694 1462 764 σφόδρα
1491 692 1814 762 ὲτύγχανεν’

255 792 375 848 ἀλλ’
410 792 471 843 ού
502 788 590 842 διὰ
626 786 783 839 τοῦτο
815 786 914 855 τῆς
956 786 1158 858 ἀρετῆς
1188 785 1475 850 ἐξέκλινεν.
1509 784 1737 854 Ὁμοίως
1763 781 1819 834 δὲ

256 885 354 939 καὶ
379 886 407 936 ὁ
430 881 641 952 πτωχὸς
665 860 931 949 Λάζαρος,
952 880 1009 931 ὲν
1040 878 1200 950 πενία
1224 876 1320 942 ὢν,
1341 879 1421 941 εἰς
1450 875 1698 947 ἀνδρείαν
1729 874 1821 927 καὶ

258 973 667 1047 μεγαλοψυχίαν
698 973 762 1041 τῇ
796 970 955 1041 σοφίᾳ
984 970 1076 1023 καὶ
1104 968 1181 1040 τῷ
1217 966 1458 1039 λογισμῷ
1491 966 1816 1036 ὲνηλείφετο.

259 1064 491 1129 Οὐκοῦν,
517 1065 592 1126 ὡς
617 1062 772 1132 ἔφην,
795 1060 916 1114 οῦτε
950 1062 983 1131 ἡ
1009 1059 1164 1113 πενία
1193 1058 1379 1121 κακὸν,
1405 1056 1526 1111 οῦτε
1549 1058 1577 1109 ὁ
1599 1056 1822 1118 πλοῦτος

260 1153 495 1224 φαῦλος
552 1150 754 1220 ἀλλὰή
808 1149 1004 1220 χρῆσις
1062 1148 1195 1218 μετά
1250 1148 1348 1218 τῆς
1391 1146 1679 1208 διαθέσεως
1727 1143 1821 1197 τοῦ

258 1243 564 1316 χρωμένου.
603 1240 813 1311 Ἀμέλει
873 1238 965 1291 τοῦ
1020 1237 1211 1291 πιστοῦ
1248 1238 1366 1301 ὅλος
1408 1240 1437 1291 6
1489 1237 1691 1308 κόσμος
1716 1235 1822 1288 τῶν

259 1334 558 1406 χρημάτων
578 1348 592 1359 ⁶
629 1331 722 1384 τοῦ
749 1330 805 1383 δὲ
838 1330 1067 1383 ἀπίστου
1100 1328 1218 1382 οὐδὲ
1256 1328 1455 1391 ὀϐολός.
1478 1326 1566 1397 Τῷ
1598 1327 1695 1397 μὲν
1715 1325 1824 1399 γὰρ

261 1422 440 1493 πιστῷ
469 1421 745 1475 τάπάντα
788 1419 1168 1481 ὑποτέτακται,
1205 1418 1299 1471 καὶ
1345 1415 1506 1469 δοῦλα
1537 1415 1605 1468 τὰ
1650 1415 1823 1468 πάντα

259 1513 552 1584 τυγχάνειο
599 1510 783 1581 ἐπειδὴ
834 1510 928 1563 καὶ
976 1509 1190 1563 πάντων
1239 1508 1394 1581 ἄρχει
1419 1546 1435 1571 ,
1482 1506 1577 1560 καὶ
1611 1506 1825 1559 πάντων

261 1599 623 1670 καταφρονεῖ’
672 1600 700 1651 6
734 1597 791 1650 δὲ
839 1597 1063 1660 ἄπιστος
1097 1597 1311 1650 πάντων
1350 1597 1463 1649 ἐστὶ
1498 1595 1698 1663 δοῦλος,
1730 1613 1827 1649 κυ-

262 1692 579 1763 ριευόμενος
615 1689 721 1743 ὑπὸ
771 1688 865 1742 τοῦ
921 1691 1172 1761 μαμωνᾶ,
1206 1688 1428 1760 μηδενὸς
1459 1690 1659 1760 ἄρχων,
1692 1688 1827 1743 ἀλλά

1918 505 2165 559 cessitas.
2198 503 2405 558 Divitiae
2426 517 2661 571 namque
2689 501 2899 554 ratione
2932 499 3038 567 sui,
3069 515 3168 553 nec
3196 500 3349 556 bonae
3370 516 3471 557 nec

1917 594 2071 647 make
2099 601 2227 649 sunt
2251 609 2265 659 ;
2294 593 2388 648 sed
2425 594 2624 647 utentis
2652 592 2833 646 animo
2862 592 2915 646 in
2954 601 3240 661 utramque
3263 604 3470 662 partem

1917 685 2272 739 aestimantur.
2309 682 2548 754 Repente
2590 699 2817 753 magnus
2874 683 2966 738 ille
3004 682 3274 738 Abraham
3321 684 3474 740 dives

1918 774 2056 829 fuit:
2091 791 2192 831 nec
2232 777 2354 831 ideo
2387 791 2418 829 a
2447 776 2650 831 virtute
2679 776 2992 830 declinavit.
3032 774 3292 831 Similiter
3320 792 3473 831 men-

1919 866 2076 924 dicus
2102 868 2340 922 Lazarus
2371 867 2427 920 in
2451 873 2767 936 paupertate
2798 882 2920 920 cum
2951 866 3177 932 viveret,
3214 866 3283 920 ad
3321 866 3476 921 forti-

1919 959 2164 1014 tudinem
2196 967 2249 1014 et
2287 959 2781 1029 magnanimitatem
2809 958 3072 1028 sapientia
3107 967 3160 1012 et
3186 959 3476 1012 ratiocinio

1920 1065 2042 1105 sese
2092 1050 2467 1104 conﬁrmabat.
2516 1049 2722 1120 Itaque,
2755 1058 2815 1103 ut
2862 1050 2996 1113 dixi,
3050 1065 3150 1104 nec
3188 1062 3478 1121 paupertas

1919 1141 2121 1194 malum
2150 1149 2255 1203 est,
2284 1157 2384 1196 nec
2421 1141 2622 1195 divitiae
2654 1141 3008 1210 perniciosae;
3041 1143 3135 1196 sed
3160 1156 3292 1197 usus
3316 1149 3478 1210 atque

1922 1234 2126 1289 utentis
2160 1234 2406 1290 aﬁ‘ectus.
2449 1233 2650 1289 Fidelis
2682 1250 2815 1289 sane
2848 1234 3084 1289 hominis
3117 1242 3242 1290 sunt
3286 1249 3478 1288 omnes

1921 1325 2108 1378 mundi
2159 1340 2324 1395 opes;
2380 1325 2613 1380 infidelis
2662 1340 2730 1380 ne
2777 1325 2970 1379 obolus
3017 1326 3256 1394 quidem.
3306 1323 3478 1380 Fideli

1922 1416 2066 1470 enim
2087 1416 2270 1470 omnia
2294 1416 2538 1485 subjecta
2562 1426 2712 1483 sunt,
2733 1416 2915 1470 omnia
2941 1416 3044 1486 ipsi
3061 1418 3301 1471 serviunt
3319 1434 3332 1469 :
3351 1417 3479 1486 quia

1924 1506 2041 1576 ipse
2083 1509 2335 1565 omnibus
2380 1509 2609 1577 imperat
2653 1516 2706 1563 et
2739 1508 2920 1562 omnia
2969 1510 3210 1577 spernit;
3248 1508 3480 1564 inﬁdelis

1924 1606 2103 1653 autem
2132 1601 2372 1654 omnium
2403 1608 2485 1655 est
2505 1616 2715 1663 servus,
2747 1600 2848 1656 sub
2876 1599 3155 1654 dominatu
3182 1615 3479 1656 mamonae:

1924 1687 2127 1741 nemini
2153 1689 2464 1759 imperans;
2497 1691 2592 1745 sed
2624 1680 2809 1759 potius
2846 1691 2950 1745 sub
2980 1692 3221 1745 omnium
3252 1690 3482 1761 imperio

266 1780 467 1852 μᾶλλον
491 1782 809 1853 ἀρχόμενος.
838 1781 947 1834 Καὶ
975 1781 1149 1834 πάντα
1174 1781 1271 1850 μὲν
1303 1779 1372 1834 τά
1395 1779 1487 1833 τοῦ
1521 1781 1653 1854 ρεοῦ
1679 1785 1829 1851 ποιή-

1931 1787 2027 1834 est.
2063 1777 2129 1832 Et
2176 1780 2393 1849 quidem
2435 1781 2618 1834 omnia
2665 1780 2759 1836 Dei
2791 1782 3003 1852 opificia
3050 1783 3190 1836 bona
3231 1792 3394 1848 sunt;
3427 1789 3484 1836 at

262 1891 411 1943 ματα
443 1873 614 1926 καλά·
648 1875 681 1944 ἡ
723 1873 782 1925 δὲ
830 1872 937 1925 τῶν
983 1872 1273 1944 χρωμένων
1325 1872 1559 1938 διάθεσις
1590 1873 1721 1926 πολὺ
1762 1873 1824 1927 τὸ

262 1967 517 2037 διάφορον
556 1965 689 2036 ἔχει.
1461 1950 1466 1955 ’

332 2058 386 2109 5.
415 2057 632 2127 Ἀμέλει
652 2060 679 2110 6
702 2056 860 2125 σοφὸς
881 2056 1323 2128 Ἐκκλησιαστὴς,
1347 2056 1480 2128 μετὰ
1510 2056 1694 2133 σοφίας
1716 2059 1828 2120 τοῖς

267 2149 403 2200 πᾶσι
434 2145 526 2198 τὸν
562 2144 686 2198 νοῦν
723 2143 914 2197 ἑαυτοῦ
950 2145 1261 2215 ἐπιστήσας,
1318 2143 1706 2212 κατεσκέψατο,
1734 2143 1828 2195 καὶ

262 2238 478 2306 διέγνω,
511 2236 627 2300 πῶς
676 2234 887 2306 πλούτῳ
915 2237 1215 2307 χρήσηταιο
1241 2234 1355 2298 πῶς
1388 2235 1576 2287 πενίαν
1603 2235 1822 2304 ἐνέγκῃ*

263 2331 383 2393 πῶς
409 2332 562 2383 νόσον
585 2329 857 2400 ὑπομένη⁸
891 2328 1004 2390 πῶς
1024 2328 1080 2380 δὲ
1109 2329 1315 2395 ὑγίειαν
1339 2327 1631 2397 καταμίξῃ.
1663 2320 1829 2379 Αῦται

263 2422 321 2475 δέ
357 2424 494 2474 εἰσιν
529 2423 581 2474 αί
611 2420 818 2492 ἀρεταὶ,
837 2420 1035 2482 αἵτινες
1062 2419 1158 2489 τὴν
1189 2417 1497 2487 ἐπιμέλειαν
1517 2416 1594 2486 τῷ
1626 2416 1832 2487 ἀνθρω-

265 2514 409 2583 πίνῳ
441 2513 586 2582 γένει
621 2513 913 2565 ποιοῦνται.
962 2512 1323 2575 Ἀπεναντίως
1354 2512 1409 2564 δὲ
1447 2513 1558 2573 τοῖς
1609 2509 1832 2580 εἰρημέ-

263 2621 376 2670 νοις
400 2606 428 2656 6
455 2604 527 2675 μὴ
562 2604 720 2673 σοφὸς
748 2601 1114 2675 διατεθήσεται
1133 2620 1147 2632 ·
1189 2602 1344 2655 τοῦτο
1374 2602 1428 2655 δέ
1453 2604 1565 2654 ἐστι
1587 2601 1648 2654 16
1680 2617 1831 2672 περι-

267 2695 523 2766 σπασμὸν
570 2695 800 2765 πονηρὸν
827 2693 1065 2747 δεδόσθαι
1101 2697 1211 2756 τοῖς
1237 2696 1369 2757 υἱοῖς
1391 2692 1497 2746 τῶν
1531 2691 1831 2763 ἀνθρώπων

267 2784 424 2855 παρὰ
457 2784 615 2848 Θεοῦ,
646 2785 733 2836 ἵνα
764 2787 825 2838 ἐκ
873 2782 962 2837 τοῦ
990 2783 1243 2838 ἐπιπόνου
1286 2783 1504 2855 μόχθου,
1532 2783 1624 2836 καὶ
1650 2782 1747 2852 τῆς
1775 2782 1834 2837 ὲν

268 2880 383 2940 τοῖς
407 2874 703 2945 ὁρωμένοις
724 2876 1049 2945 ἀμηχανίας,
1078 2876 1168 2927 ἐπὶ
1196 2875 1293 2945 τὴν
1315 2875 1407 2927 τοῦ
1430 2875 1563 2928 Θεοῦ
1584 2874 1835 2946 πρόνοιαν

272 2970 371 3022 καὶ
400 2970 591 3034 σοφίαν
620 2966 1016 3034 καταφεύγωσι.
1050 2966 1247 3019 Τούτου
1279 2967 1437 3038 χάριν
1463 2966 1835 3037 περισπασμὸν

272 3076 296 3110 ι
328 3057 563 3129 πονηρὸν
590 3075 609 3108 ι
640 3057 868 3110 δέδωκεν
897 3057 1069 3120 ὁθεὺς
1098 3059 1209 3120 τοῖς
1230 3058 1363 3120 υἱοῖς
1383 3056 1489 3109 τῶν
1517 3056 1835 3128 ἀνθρώπων,

1928 1869 2066 1926 inter
2097 1874 2363 1926 utentium
2399 1871 2625 1929 aﬁ'ectus
2653 1872 2843 1944 ingens
2874 1881 2958 1928 est
2987 1873 3304 1928 discrimen.

1993 2046 2157 2117 379
2185 2048 2238 2102 5.
2284 2046 2532 2103 Profecto
2578 2048 2796 2118 sapiens
2828 2048 3205 2113 Ecclesiastes,
3248 2058 3482 2105 mentem

1925 2139 2176 2195 omnibus
2207 2140 2480 2209 sapienter
2506 2142 2799 2210 applicans,
2827 2141 3191 2196 consideravit
3220 2156 3282 2195 ac
3308 2141 3480 2206 novit,

1928 2245 2033 2299 qua
2076 2232 2285 2286 ratione
2321 2231 2521 2287 divitiis
2552 2240 2833 2288 uteretur:
2866 2233 3138 2304 quomodo
3172 2235 3483 2305 pauperiem

1928 2321 2113 2387 ferret,
2140 2324 2409 2393 quomodo
2438 2324 2685 2379 morbum
2714 2325 3025 2389 sustineret,
3049 2327 3317 2396 quomodo
3337 2325 3485 2380 sani-

1928 2422 2094 2469 tatem
2123 2423 2522 2486 attemperaret.
2567 2415 2659 2472 Hae
2705 2425 2831 2472 sunt
2859 2419 3086 2474 virtutes
3126 2434 3246 2490 qua:
3296 2434 3483 2474 curam

1928 2507 2167 2563 humano
2194 2512 2375 2580 generi
2405 2510 2655 2566 afferunt.
2680 2510 2941 2583 Opposito
2970 2508 3149 2570 autem
3193 2513 3353 2569 modo
3393 2509 3486 2585 qui

1930 2599 2145 2667 sapiens
2170 2616 2277 2654 non
2304 2611 2389 2656 est
2421 2601 2642 2659 allectus
2679 2604 2783 2658 erit
2814 2625 2826 2660 :
2853 2605 2956 2660 hoc
2994 2614 3077 2662 est
3110 2615 3287 2662 autem
3312 2607 3439 2661 illud
3472 2624 3487 2661 ι

1932 2689 2341 2757 occupationem
2368 2693 2658 2760 pe5simam
2688 2693 2868 2749 datam
2894 2712 3014 2752 esse
3054 2697 3180 2753 filiis
3209 2697 3490 2752 hominum

1933 2794 1964 2833 a
1994 2778 2123 2844 Deo,
2151 2787 2210 2834 ut
2234 2797 2300 2837 ex
2325 2783 2527 2853 ingenti
2562 2784 2767 2852 labore,
2797 2796 2851 2842 et
2881 2803 3074 2859 magna
3106 2790 3159 2843 in
3189 2790 3495 2860 aspectabi-

1936 2873 2078 2927 libus
2106 2873 2269 2930 rebus
2308 2875 2643 2943 diﬁicultate,
2668 2880 2737 2934 ad
2767 2879 2859 2936 Dei
2894 2881 3282 2952 providentiam
3332 2892 3496 2953 atque

1936 2967 2255 3036 sapientiam
2282 2969 2615 3040 confugiant.
2640 2971 2847 3028 Idcirco
2868 2975 3276 3044 occupationem
3311 2994 3331 3029 ι
3369 2991 3496 3045 pes-

1938 3059 2128 3112 simam
2163 3057 2205 3091 ⁸¹
2245 3078 2264 3111 ι
2299 3060 2445 3115 dedit
2475 3061 2615 3119 Deus
2657 3063 2779 3121 filiis
2807 3066 3111 3133 hominum,
3145 3066 3199 3121 id
3231 3074 3314 3123 est
3346 3068 3498 3121 labo-

267 3152 567 3213 τουτέστιν,
595 3151 866 3203 ἐπίπονον.
900 3150 1018 3203 Ὀτι
1051 3148 1109 3201 δὲ
1138 3168 1155 3199 ι
1188 3150 1248 3201 16
1272 3149 1502 3220 πονηρὸν
1526 3168 1543 3200 ι
1578 3149 1831 3201 ἐπίπονόν

1937 3150 2160 3205 riosam.
2202 3149 2356 3217 Quod
2385 3160 2562 3208 autem
2606 3155 2760 3220 illud,
2791 3176 2810 3208 ‹
2850 3159 3165 3228 pessimum,
3197 3178 3215 3211 ι
3262 3159 3499 3228 ἰάίρευιι

270 3244 454 3307 ἐστιν,
522 3242 686 3295 ἄκουε
744 3242 805 3293 16
870 3239 987 3293 Ἰὼϐ
1043 3241 1453 3311 γεγραμμένον·
1510 3241 1640 3311 φησι
1691 3241 1831 3311 γάρ·

273 3334 513 3387 Ἔπεσεν
553 3337 609 3387 ὲν
639 3332 716 3403 τῷ
750 3331 867 3385 Ἰὼϐ
895 3332 1024 3404 ἕλκη
1054 3334 1283 3403 πονηρά,
1322 3331 1618 3391 τουτέστιν,
1649 3331 1838 3383 ἐπίπο-

268 3444 336 3480 να
354 3444 368 3457 ·
397 3427 491 3478 καὶ
506 3427 561 3480 αἱ
584 3426 787 3495 πληγαὶ
803 3425 1074 3493 Αἰγύπτου
1096 3424 1328 3495 πονηραὶ
1352 3424 1660 3492 κέκληνται,
1685 3440 1838 3475 τουτ-

272 3519 444 3581 ἐστιν,
501 3518 778 3569 ἐπίπονον
822 3517 908 3569 ἵνα
932 3516 1026 3569 καὶ
1057 3515 1152 3586 τὴν
1186 3515 1419 3569 διάνοιαν
1460 3514 1662 3568 ἑαυτῶν
1692 3515 1839 3585 κινή-

276 3626 444 3663 σωσιν
488 3612 536 3662 οἱ
567 3610 837 3680 ἄνθρωποι
870 3609 959 3660 ἐπὶ
994 3607 1063 3660 τὰ
1087 3607 1205 3662 θεῖα
1235 3608 1409 3675 λόγια,
1434 3607 1528 3659 καὶ
1554 3609 1610 3658 ὲν
1634 3604 1840 3668 τούτοις

278 3702 368 3754 ἀεὶ
418 3702 810 3771 φρονιμώτεροι
848 3700 1145 3769 γενόμενοι,
1201 3700 1534 3768 ἐπιστήσωσι
1577 3697 1667 3749 τὸν
1714 3695 1837 3749 νοῦν

274 3793 485 3847 ἑαυτῶν
527 3792 606 3861 τῷ
644 3789 887 3861 ζωοποιῷ
921 3791 1205 3861 πνεύματι.
1265 3790 1455 3842 Οἴδατε
1500 3787 1627 3859 γὰρ,
1660 3788 1740 3840 ὅτι
1782 3787 1841 3840 τὸ

280 3884 379 3955 μὲν
402 3884 636 3955 γράμμα
678 3881 1005 3943 ἀποκτείνει,
1034 3881 1095 3934 16
1121 3880 1178 3933 δὲ
1210 3879 1421 3950 πνεῦμα
1448 3877 1715 3942 ζωοποιεῖ.
1740 3878 1843 3931 Πό-

278 3994 357 4045 νῳ
386 3973 480 4028 οὖν
510 3976 607 4048 καὶ,
632 3974 857 4044 ἀσκήσει
889 3974 985 4043 τὴν
1010 3973 1106 4043 τῆς
1139 3973 1335 4043 ἀρετῆς
1367 3971 1632 4041 ὠφέλειαν
1670 3972 1844 4023 ἀσπα-

278 4067 534 4137 σώμεθα·
575 4065 722 4136 πόνῳ
752 4065 858 4137 γὰρ
884 4064 944 4117 16
975 4064 1135 4117 καλὸν
1158 4058 1533 4135 κατορθοῦται,
1570 4061 1646 4125 ὡς
1681 4063 1709 4114 6
1744 4079 1845 4131 μα-

230 4157 238 4163 ’
278 4158 472 4227 κάριος
523 4155 735 4218 Παῦλος
786 4156 978 4227 γράφει
1021 4153 1223 4221 λέγων·
1278 4154 1408 4206 (Ἐν
1466 4151 1725 4221 θλίψεσιν,
1787 4152 1845 4203 ὲν

280 4249 547 4317 ἀνάγκαις
582 4248 676 4316 (9),
708 4248 764 4299 ὲν
788 4247 1037 4317 πληγαῖς,
1074 4247 1131 4298 έν
1152 4243 1593 4309 ἀκαταστασίαις,
1627 4262 1645 4294 ι
1671 4243 1763 4295 καὶ
1778 4241 1847 4295 τὰ

284 4338 433 4409 ἑξῆς.
479 4338 591 4390 Καὶ
637 4337 797 4390 πάλιν
842 4339 871 4390 6
922 4337 1081 4399 αύτός
1128 4353 1289 4407 φησι·
1333 4355 1352 4387 ι
1392 4336 1574 4389 Πάντα
1634 4334 1845 4402 στέγω,

280 4432 461 4484 πάντα
487 4430 761 4499 ὑπομένω,
794 4429 879 4482 ἵνα
909 4431 982 4500 μή
1013 4447 1135 4483 τινα
1167 4428 1404 4501 ἐγκοπὴν
1433 4428 1610 4500 δῶμεν
1635 4426 1711 4497 τῷ
1738 4427 1843 4479 E6-

264 4521 521 4591 ·αγγελίῳ
547 4521 642 4573 τοῦ
667 4518 923 4591 Χριστοῦ.
953 4539 971 4570 ι

262 4620 277 4629 ’
351 4616 406 4668 4.
442 4613 626 4667 Ταῦτα
650 4613 704 4665 δὲ
732 4612 1109 4683 προεθήκαμεν
1136 4610 1214 4682 τῷ
1240 4609 1401 4681 λόγῳ,
1428 4609 1611 4682 ἐπειδὴ
1635 4610 1695 4663 τὸ
1720 4608 1849 4665 ἀνά-

284 4723 512 4777 γνωσμα
535 4705 835 4759 δοκεῖηοτινα
878 4704 1019 4774 ἔχειν
1046 4703 1202 4772 λόγον
1220 4719 1235 4734 ο
1260 4705 1394 4773 φησι
1410 4703 1545 4775 γάρ·
1573 4722 1591 4753 ι
1616 4702 1850 4772 Πορευο-

290 4800 449 4871 μένου
483 4800 539 4852 δὲ
578 4796 764 4862 αὐτοῦ,
819 4795 1220 4869 ὑπεστρώννυον
1249 4796 1318 4849 τά
1368 4790 1557 4865 ἱμάτια
1588 4794 1766 4847 αὐτῶν
1792 4794 1849 4845 ὲν

1940 3240 2014 3294 sit
2040 3241 2184 3310 quod
2214 3243 2562 3304 laboriosum.
2594 3248 2719 3301 audi
2750 3248 2879 3301 illud
2931 3249 2985 3303 in
3031 3248 3170 3304 libro
3212 3247 3314 3304 Job
3360 3249 3501 3304 scri-

1938 3338 2091 3401 ptum
2112 3331 2197 3386 u:
2228 3332 2557 3390 Ceciderunt
2600 3337 2655 3392 in
2695 3336 2796 3393 Job
2825 3340 3007 3397 ulcera
3037 3341 3296 3413 pessima,
3330 3341 3381 3396 id
3418 3348 3504 3396 est

1937 3421 2212 3477 laboriosa
2258 3442 2273 3477 :
2309 3434 2362 3479 et
2400 3425 2617 3497 Egypti
2663 3428 2832 3499 plaga:
2886 3449 2905 3481 ι
2942 3433 3190 3501 pessima
3222 3451 3241 3484 ι
3293 3440 3500 3487 vocatae

1938 3522 2087 3578 sunt,
2118 3514 2171 3568 id
2204 3524 2289 3571 est
2316 3516 2628 3585 laboriosa};
2660 3527 2719 3573 ut
2743 3530 2795 3575 et
2819 3530 3051 3577 mentem
3074 3539 3225 3578 suam
3255 3524 3502 3579 homines

1939 3603 2006 3657 ad
2063 3604 2246 3660 divina
2298 3609 2525 3693 pracula
2579 3612 2885 3679 concitent;
2944 3615 3000 3669 in
3067 3616 3241 3686 iisque
3289 3633 3503 3688 semper

1938 3695 2222 3765 prudentia
2247 3699 2552 3767 proﬁciant,
2582 3710 2814 3758 mentem
2845 3720 2997 3759 suam
3037 3706 3251 3761 vivifico
3304 3708 3505 3777 spiritu

1941 3784 2281 3841 conﬁrment.
2308 3787 2493 3844 Nostis
2523 3792 2666 3844 enim
2710 3792 2940 3847 litteram
2977 3795 3191 3864 quidem
3232 3796 3502 3859 occidere,

1942 3876 2191 3946 spiritum
2221 3885 2400 3933 autem
2438 3880 2731 3935 viviﬁcare.
2765 3882 2971 3938 Labore
2996 3884 3181 3956 itaque
3206 3899 3270 3939 ac
3296 3884 3507 3939 exerci-

1943 3969 2147 4023 tatione
2187 3979 2373 4025 nostra
2400 3972 2616 4027 virtutis
2645 3974 2933 4028 utilitatem
2963 3977 3369 4046 amplectamur.
3399 3974 3507 4029 La—

1943 4061 2074 4114 bore
2110 4063 2307 4133 quippe
2336 4063 2537 4118 bonum
2568 4065 2864 4134 perﬁcitur,
2896 4066 3352 4136 quemadmodum
3374 4067 3508 4122 bea-

1943 4160 2032 4208 tus
2059 4153 2259 4210 Paulus
2287 4157 2475 4211 scribit
2503 4178 2514 4212 :
2545 4176 2564 4209 c
2595 4158 2651 4213 ln
2684 4160 3145 4223 tribulationibus,
3182 4160 3236 4214 in
3266 4159 3509 4215 necessi-

1944 4246 2167 4311 tatibus,
2221 4247 2275 4301 in
2328 4248 2525 4318 plagis,
2557 4249 2612 4304 in
2662 4252 3165 4320 perturbationibus
3205 4252 3273 4316 “,
3326 4271 3346 4304 ι
3401 4263 3509 4307 etc.

1945 4336 2293 4407 Rursumque
2313 4339 2451 4394 idem
2483 4340 2558 4393 ait
2584 4360 2597 4395 :
2629 4359 2648 4392 ι
2681 4339 2873 4395 Omni-a
2899 4342 3107 4412 operio,
3137 4342 3316 4395 omnia
3344 4342 3513 4397 susti-

1946 4446 2071 4495 neo,
2102 4446 2170 4485 ne
2202 4431 2344 4501 quod
2381 4431 2762 4487 oﬁ‘endiculum
2797 4433 2989 4488 demus
3019 4431 3310 4502 Evangelio
3343 4430 3509 4486 Chri-

1956 4524 2028 4578 sti
2054 4522 2121 4577 ⁸⁵.
2165 4542 2184 4574 ι

2023 4615 2078 4670 4.
2117 4613 2239 4669 llaec
2272 4624 2448 4670 autem
2500 4615 2732 4670 orationi
2777 4623 2978 4670 nostra:
3008 4614 3356 4685 prmﬁximus,
3386 4613 3515 4682 quia

1956 4721 2080 4760 cum
2113 4705 2180 4760 iis
2228 4707 2390 4761 lectio
2431 4721 2770 4761 communem
2813 4706 3103 4775 quamdam
3154 4706 3311 4759 habet
3350 4703 3517 4757 ratio-

1959 4812 2120 4862 nem;
2153 4798 2227 4850 ait
2254 4798 2396 4851 enim
2429 4817 2441 4852 :
2479 4816 2498 4848 ι
2532 4797 2707 4853 Eunte
2744 4807 2919 4850 autem
2951 4797 3064 4861 illo,
3100 4794 3520 4850 substernebant

286 4895 349 4962 τῇ
552 4910 572 4942 ι
611 4891 699 4942 ἵνα
741 4889 831 4943 16v
865 4887 1071 4959 Ἰησοῦν
1104 4887 1517 4949 ἐπιϐιϐάσαντες
1559 4885 1637 4955 τῷ
1663 4884 1826 4955 πώλῳ

1931 4886 2276 4940 vestimenta
2302 4902 2399 4943 sua
2422 4888 2477 4942 in
2505 4889 2590 4940 via
2614 4888 2660 4919 “
2689 4906 2702 4942 :
2734 4907 2753 4938 ι
2784 4895 2841 4941 ιιι
2859 4886 3045 4941 Jesum
3071 4886 3217 4956 pullo
3238 4886 3519 4954 imponen-

288 4982 558 5052 ἄρξωνται
590 4978 935 5050 πορεύεσθαι.
965 4978 1133 5031 Τοῦτο
1161 4977 1218 5030 δὲ
1242 4979 1387 5049 ἡμᾶς
1412 4977 1472 5029 16
1505 4976 1832 5045 εύαγγελικδε

1955 4984 2039 5031 tes
2058 4977 2350 5046 procedere
2372 4979 2691 5048 inciperent.
2723 4978 2835 5034 Hoc
2861 4986 3038 5032 autem
3072 4978 3381 5046 evangelica
3417 4992 3522 5033 nos

289 5076 527 5129 διδάσκει
562 5073 743 5146 ῥητόν.
792 5074 901 5126 Καὶ
928 5073 1068 5125 πόσα
1099 5071 1235 5135 ὅλως
1260 5072 1309 5123 οἱ
1337 5069 1619 5123 ἀπόστολοι
1667 5070 1832 5139 ίμάτιι

1959 5068 2114 5122 docet
2164 5068 2345 5122 lectio.
2393 5067 2537 5135 Quot
2582 5085 2710 5140 ergo
2752 5069 3023 5123 habebant
3071 5066 3300 5137 apostoli
3349 5067 3522 5121 vesti-

290 5164 431 5239 εἶχον
477 5165 706 5228 ἑαυτῶν,
760 5163 895 5217 ὥστε
940 5165 1008 5217 τὰ
1062 5162 1159 5233 μὲν
1191 5160 1367 5215 αὐτῶν
1416 5159 1754 5231 ὲπιρῤίπτειν
1785 5163 1832 5230 τῇ

1959 5168 2165 5222 menta,
2199 5168 2255 5213 ut
2285 5161 2390 5213 alia
2421 5159 2639 5229 quidem
2668 5160 2952 5223 injicerent
2975 5159 3030 5212 in
3065 5159 3298 5218 asinam,
3323 5164 3383 5210 ut
3416 5157 3522 5210 im-

293 5262 416 5333 δνῳ,
455 5263 545 5317 ἶνα
567 5258 928 5314 ὲπιόιόάσωσι
966 5258 1057 5310 16v
1099 5255 1324 5327 Ἰησοῦν,
1354 5254 1420 5307 τά
1446 5253 1502 5305 δὲ
1547 5253 1832 5323 ύττοστρων¹

1959 5259 2224 5320 ponerent
2278 5252 2357 5305 illi
2406 5248 2633 5317 Jesum;
2683 5252 2790 5304 alia
2840 5250 3249 5305 substernerent
3294 5247 3351 5301 in
3382 5245 3466 5300 via
3506 5262 3521 5299 :

295 5354 437 5408 νύειν
460 5355 519 5408 ὲν
541 5355 609 5424 τῇ
638 5349 770 5423 όδῷο
808 5351 1109 5421 ἁκτήμονες
1134 5346 1343 5417 ἄνδρες,
1377 5345 1471 5398 καὶ
1492 5344 1667 5397 πάντα
1689 5360 1832 5397 κατα-

1962 5343 2064 5398 viri
2097 5344 2307 5400 scilicet
2352 5342 2794 5413 possessionibus
2820 5340 2998 5406 vacui,
3036 5338 3129 5411 qui
3177 5339 3361 5394 omnia
3391 5335 3522 5394 reliv

364 5532 410 5564 “
447 5530 631 5587 Eccle.
670 5545 707 5590 ι.
746 5529 833 5583 l5.
924 5527 968 5560 “
998 5526 1100 5582 Job
1128 5542 1189 5587 ιι,
1215 5526 1265 5579 7.
1347 5525 1392 5557 “
1430 5523 1473 5577 ll
1501 5523 1627 5578 Cor.
1661 5540 1737 5589 vi,
1776 5524 1828 5579 4.

1931 5527 1949 5559 ¹
1988 5527 2009 5582 ι
2043 5524 2171 5583 Cor.
2209 5542 2316 5595 vn,
2352 5525 2438 5583 t2.

2523 5526 2567 5559 “
2605 5524 2736 5581 Luc.
2769 5540 2897 5589 xix,
2929 5521 3021 5580 26.

369 5686 440 5758 f9)
477 5684 554 5741 ita
590 5683 723 5755 Reg.
751 5683 805 5737 ‘2.
839 5683 896 5737 ln
928 5681 1110 5745 editis,
1140 5682 1196 5734 tv
1228 5679 1492 5747 ἀνάγκαις
1525 5678 1697 5732 deest.
