4022 6382
584 277 723 337 1059

1665 278 1722 332 S.
1763 274 2218 332 ATHANASIUS.
2257 306 2328 318 —
2363 275 2636 333 SPURIA.

3663 275 3796 330 40ιο

584 409 833 471 queraut,
865 410 917 456 et
945 399 1035 470 qui
1066 407 1175 453 tum
1221 399 1323 452 alia
1355 397 1534 452 omnia
1559 396 1850 467 precepta,
1881 379 1994 448 tum
2025 394 2126 450 hoc

2236 395 2522 459 λείποντες,
2563 395 2656 448 καὶ
2695 393 2830 464 μετὰ
2871 393 2980 447 τῶν
3005 392 3176 448 ἄλλων
3219 391 3440 446 πάντων
3478 390 3574 445 καὶ
3602 392 3796 464 ταύτην

583 493 893 553 servabant,
919 498 975 544 ut
1001 503 1173 558 neque
1201 488 1336 542 duas
1362 487 1574 540 tunicas
1605 483 2132 548 baberent?Quanta

581 599 747 654 porro
779 583 962 637 isthaac
1003 580 1265 641 hilaritas,
1296 586 1354 631 ut
1387 577 1721 630 incedentem
1755 576 1991 635 asinum,
2024 589 2133 626 non

583 677 753 738 humi,
787 674 880 729 sed
911 688 1004 743 per
1028 672 1345 726 vestimenta
1367 670 1564 723 vellent
1591 667 1881 721 incedere?
1901 665 2011 718 Hoc
2038 680 2135 719 au-

582 778 684 822 tem
714 767 1115 820 luxuriosorum
1147 776 1208 815 ac
1228 763 1602 815 delicatorum.
1634 758 1715 810 An
1753 756 1912 810 Jesus
1940 756 2011 809 ita
2039 755 2137 809 de-

580 859 720 914 liciis
751 873 970 928 operam
1000 856 1183 919 dabat,
1214 862 1274 908 ut
1302 853 1468 908 nollet
1511 867 1570 907 se
1600 851 1880 905 vehentem
1924 847 2133 902 asinam

578 951 726 1004 humi
750 949 995 1004 incedere
1017 949 1040 1002 ἳ
1068 947 1276 1008 Dilecti.
1306 961 1415 999 non
1437 944 1786 997 delicatorum
1809 948 1891 994 est
1911 940 2023 994 haec
2039 938 2137 991 do-

579 1044 751 1097 ctrina
777 1059 790 1095 :
822 1057 921 1094 nec
949 1041 1070 1110 quis
1099 1053 1332 1107 unquam
1357 1037 1558 1092 exstitit
1581 1036 1672 1103 qui
1703 1034 1802 1086 hoc
1820 1032 2007 1102 egerit.
2031 1029 2136 1085 Ne—

577 1151 682 1208 que
713 1133 856 1189 enim
889 1134 1028 1187 inter
1047 1131 1277 1202 gentiles
1303 1127 1800 1182 Nabuchodonosor
1821 1124 1872 1177 id
1899 1136 2134 1191 unquam

577 1229 702 1283 fecit
734 1242 871 1281 :uec
895 1226 986 1296 qui
1011 1226 1060 1279 ei
1103 1222 1368 1278 successit
1401 1219 1640 1273 Baltasar
1673 1230 1883 1285 :ueque
1907 1227 2135 1282 magnus

580 1320 858 1380 Salomon,
883 1332 1005 1370 cum
1045 1324 1190 1370 esset
1236 1315 1290 1366 in
1333 1326 1496 1382 regno
1527 1323 1646 1364 suo.
1697 1305 1870 1376 Supra
1901 1304 2135 1358 diximus

578 1412 719 1465 enim
746 1409 964 1463 novisse
995 1423 1118 1462 eum
1158 1411 1450 1474 quopacto
1491 1400 1693 1454 divitiis
1728 1403 1989 1457 uteretur,
2025 1407 2133 1464 quo

576 1501 890 1574 pauperiem
929 1498 1113 1560 ferret,
1145 1505 1251 1550 etc.
1303 1495 1480 1565 Ipsum
1516 1491 1659 1546 enim
1709 1489 1787 1544 sic
1828 1489 2132 1557 loquentem

579 1595 766 1649 audire
797 1594 921 1646 licet
954 1611 966 1645 :
1001 1611 1020 1642 ι
1064 1589 1308 1651 Domine,
1346 1587 1562 1640 divitias
1590 1590 1642 1637 et
1671 1589 2033 1652 paupertatem
2066 1593 2134 1632 ne

579 1683 796 1738 dederis
823 1681 952 1734 mihi
985 1697 999 1746 ;
1048 1678 1141 1733 sed
1179 1692 1302 1731 cum
1342 1689 1595 1728 mensura
1624 1672 1690 1725 da
1721 1671 1850 1724 mihi
1888 1685 2007 1738 qua:
2040 1682 2132 1722 ne-

580 1777 822 1830 cessaria
875 1780 1001 1827 sunt
1049 1780 1102 1825 et
1132 1769 1399 1823 sulIiciuut
1430 1769 1496 1823 ⁸⁷.
1528 1785 1545 1818 ι
1580 1763 1908 1834 Sapientiam
1952 1766 2132 1812 autem

581 1868 754 1937 magis
783 1865 1028 1927 curabat,
1060 1877 1228 1930 quare
1274 1860 1541 1914 exclamat
1588 1871 1652 1909 ac
1705 1854 1835 1910 dicit
1868 1870 1880 1905 :
1915 1869 1935 1902 ι
1986 1849 2133 1919 Elegi

582 1957 754 2026 ipsam
787 1955 982 2009 habere
1019 1967 1126 2022 pra:
1155 1965 1288 2004 auro
1333 1957 1386 2003 et
1417 1953 1659 2017 argento,
1712 1959 1874 2012 super
1904 1941 2133 1995 salutem

581 2064 644 2102 ac
675 2047 908 2118 speciem
933 2044 1092 2099 dilexi
1116 2043 1262 2096 illam
1288 2041 1352 2093 ⁵⁸.
1387 2059 1404 2091 ›
1451 2037 1601 2093 Unde
1619 2034 1902 2105 discipulis
1932 2040 2010 2085 tot
2041 2046 2136 2084 ve-

581 2141 852 2201 stimenta,
885 2147 942 2192 ut
973 2153 1004 2190 a
1038 2135 1295 2191 Bethania
1328 2133 1500 2186 donec
1527 2129 1915 2198 Jerosolymam
1963 2124 2134 2178 intro-

581 2232 700 2296 iret,
737 2230 905 2284 asinae
936 2227 1202 2283 incedenti
1228 2218 1752 2282 substernereutur?

646 2433 698 2487 5.
728 2430 836 2487 Sed
884 2443 970 2483 me
1011 2427 1185 2481 oratio
1224 2425 1343 2495 ipsa
1385 2421 1625 2477 concitat
1655 2416 1722 2472 ad
1765 2414 2135 2471 sublimiorem

579 2525 836 2579 accedere
865 2520 1391 2589 interpretationem,
1441 2529 1503 2568 ac
1533 2511 1838 2582 disquirere
1870 2524 1988 2577 qua:
2023 2505 2136 2558 sint

579 2617 876 2686 apostolica
899 2615 1242 2670 vestimenta.
1269 2609 1376 2664 Nos
1409 2609 1588 2676 itaque
1615 2607 1760 2674 ipsos
1779 2618 1807 2655 a
1832 2611 1971 2654 terra
2003 2612 2136 2668 pau-

579 2711 744 2764 lulum
800 2709 1188 2763 subducamus.
1247 2703 1375 2756 Dico
1426 2701 1589 2770 igitur
1643 2695 1915 2750 substrata
1971 2690 2138 2743 asinze

578 2805 921 2866 vestimenta,
949 2799 1180 2852 murales
1201 2810 1324 2851 esse
1355 2791 1738 2864 praeceptiones
1769 2787 1884 2855 ejus
1915 2783 2138 2854 pedibus

581 2894 910 2965 suppositas,
967 2892 1048 2945 hae
1092 2889 1303 2945 scilicet
1339 2905 1352 2941 :
1390 2906 1408 2938 ι
1444 2884 1560 2938 Νοιι
1589 2878 1969 2942 mmcliaberis,
2029 2889 2137 2928 non

580 2985 814 3044 occides,
853 2999 962 3036 non
1013 2981 1216 3036 furtum
1264 2978 1453 3039 facies,
1502 2990 1610 3029 non
1657 2971 1896 3041 loqueris
1942 2967 2136 3022 falsum

581 3074 949 3128 testimonium

582 3174 729 3220 tuam
762 3168 829 3229 ⁸³,
863 3185 881 3217 ι
917 3174 970 3220 et
997 3164 1083 3219 bis
1107 3162 1302 3217 similia
1339 3166 1622 3230 praecepta.
1651 3155 1728 3211 Ne
1769 3155 1948 3224 itaque
1987 3153 2134 3207 humi

584 3260 814 3314 ult'erius
845 3259 1158 3312 iucedamus
1191 3274 1204 3310 :
1236 3253 1454 3324 quando
1483 3253 1638 3307 nobis
1664 3250 1808 3305 enim
1838 3247 2136 3318 apostolica

583 3352 861 3406 substrata
889 3359 1017 3404 sunt
1043 3347 1384 3409 vestimenta,
1409 3343 1556 3398 humi
1586 3341 1832 3396 incedere
1848 3355 1953 3394 nou
1975 3339 2138 3392 debe-

582 3460 738 3510 mus;
768 3453 827 3498 ut
865 3458 931 3497 ne
951 3443 1143 3495 anima:
1173 3447 1372 3494 nostra:
1401 3438 1562 3507 pedes
1594 3445 1748 3492 terra:
1793 3435 2012 3504 pulvere
2055 3433 2137 3485 in-

580 3537 890 3606 quinemus.
923 3533 1076 3599 Quod
1112 3532 1157 3588 si
1197 3531 1320 3602 quis
1345 3531 1409 3584 ad
1436 3530 1535 3584 hoc
1562 3543 1662 3583 nos
1693 3534 1966 3598 provocet,
1991 3525 2137 3579 dica-

581 3643 702 3682 mus
731 3627 835 3697 ipsi
868 3646 882 3681 :
921 3645 938 3677 ι
971 3625 1098 3679 Lavi
1125 3624 1284 3696 pedes
1329 3639 1498 3685 meos,
1534 3621 1804 3692 quomodo
1842 3618 2136 3689 inquinabo

581 3721 703 3775 illos
731 3719 824 3773 '°?
860 3739 878 3771 ι
913 3719 1091 3788 Atque
1113 3718 1233 3772 ideo
1262 3715 1494 3770 fortasse
1528 3717 1668 3768 lavat
1705 3712 1863 3768 Jesus
1892 3710 2136 3779 discipu-

580 3813 755 3866 lorum
782 3811 964 3879 pedes,
993 3820 1070 3874 ut,
1100 3824 1163 3863 eo
1183 3807 1346 3878 380
1371 3807 1460 3877 qui
1489 3815 1614 3862 ante
1645 3805 1878 3859 haerebat
1908 3817 2138 3860 excusso

579 3905 822 3976 pulvere,
847 3918 956 3957 non
980 3902 1119 3956 ultra
1152 3902 1299 3955 humi
1321 3900 1681 3963 ambularent,
1701 3914 1797 3953 nec
1818 3897 1978 3968 pedes
2009 3912 2138 3952 suos

582 4005 740 4052 terrae
773 3995 994 4064 pulvere
1036 3994 1404 4064 inquinarent,
1437 3993 1528 4048 sed
1571 3993 1784 4064 purgati
1833 4007 1927 4060 per
1977 3991 2140 4045 vesti-

579 4098 764 4143 menta
797 4088 1126 4142 incederent.
1164 4106 1182 4138 ι
1220 4086 1392 4152 Quam
1419 4088 1672 4156 speciosi,
1703 4103 1722 4136 ι
1765 4085 1909 4140 enim
1940 4084 2135 4154 inquit,

588 4199 607 4232 ι
648 4182 812 4251 pedes
852 4181 1340 4251 evangelizantium
1379 4194 1568 4250 pacem
1603 4180 1669 4232 ⁵⁸.
1713 4197 1731 4229 ι
1780 4178 2140 4246 Accingamus

582 4273 768 4342 itaque
815 4281 868 4328 et
925 4288 1026 4327 nos
1079 4273 1289 4326 lumbos
1318 4272 1514 4325 mentis
1564 4277 1786 4332 nostraa,
1833 4277 1887 4322 et
1942 4270 2138 4323 calceis

583 4363 918 4432 subligemus
967 4361 1130 4432 pedes
1177 4362 1231 4415 in
1281 4362 1674 4430 praeparatione
1719 4359 1992 4430 Evangelii
2041 4377 2136 4430 pa-

583 4455 664 4510 cis
680 4455 745 4507 ”.
777 4452 1014 4523 Contigit
1044 4454 1186 4507 enim
1221 4468 1320 4508 nos
1353 4453 1642 4522 aliquando
1669 4454 1723 4506 in
1754 4460 1898 4506 terra
1923 4453 2135 4518 tentari,

583 4559 708 4600 cum
749 4554 990 4616 tempore
1023 4544 1369 4622 captivitatis,
1421 4545 1618 4614 captivi
1662 4546 1809 4600 ducti
1853 4562 2042 4602 sumus
2085 4547 2139 4600 in

585 4646 785 4692 terram
842 4636 1237 4690 Chaldaeorum.
1289 4635 1630 4705 Quapropter
1674 4637 1949 4706 ingemens
2003 4653 2143 4707 pro-

585 4731 746 4801 pheta
775 4730 990 4784 dicebat
1024 4748 1036 4783 :
1075 4748 1092 4780 ι
1115 4728 1349 4783 Delicata
1377 4744 1492 4784 mea
1515 4729 1808 4783 ambulavit
1841 4731 1952 4785 vias
1982 4746 2140 4800 aspe-

585 4839 676 4878 ras
705 4823 771 4876 ⁵³.
812 4843 830 4874 ι
866 4820 999 4876 Nam
1028 4833 1154 4876 ante
1197 4823 1488 4878 adventum
1521 4821 1757 4885 Domini,
1807 4824 2142 4892 experimen-

585 4923 699 4969 tum
730 4914 857 4970 l'ecit
886 4931 983 4985 pes
1013 4913 1259 4968 delicata
1285 4914 1479 4968 anima:
1501 4914 1811 4969 ambulandi
1841 4915 1896 4968 in
1918 4923 2138 4981 terram,

587 5007 678 5062 ubi
709 5023 836 5062 vero
876 5007 943 5059 ad
973 5023 1072 5062 nos
1101 5007 1250 5061 venit
1287 5008 1546 5062 Dominus
1586 5020 1771 5064 noster
1799 5007 1958 5065 Jesus
1983 5009 2141 5064 Chri-

588 5107 730 5162 stus,
772 5099 1162 5169 praedicaturus
1200 5099 1429 5168 captivis
1479 5102 1893 5157 remissionem:
1928 5119 1947 5152 ι
1989 5103 2141 5156 'l‘unc

587 5189 748 5244 mittit
785 5204 980 5259 aquam
1021 5189 1075 5243 in
1108 5190 1326 5260 pelvim,
1373 5198 1428 5246 et
1467 5191 1618 5260 ponit
1648 5193 1967 5247 vestimenta
2019 5207 2139 5258 sua,

586 5289 640 5336 et
668 5282 832 5337 linteo
856 5282 1230 5352 circumcingit
1269 5298 1349 5346 se,
1384 5292 1437 5337 et
1474 5284 1622 5337 lavat
1655 5283 1816 5353 pedes
1845 5283 2141 5351 discipulo-

589 5387 728 5426 rum.
773 5371 1066 5442 Postquam
1111 5389 1239 5429 vero
1280 5374 1406 5429 lavit
1449 5375 1612 5444 pedes
1657 5389 1866 5435 eorum,
1900 5372 2144 5426 induitur

2232 488 2330 558 τὴν
2355 486 2567 557 ἐντολὴν
2595 485 2940 556 φυλάξαντες,
2971 484 3028 537 τὸ
3061 486 3196 555 μήτε
3225 484 3318 536 δύο
3353 484 3591 553 χιτῶνας
3621 484 3757 553 ἔχειν
3780 503 3796 550 ;

2233 581 2327 642 Τίς
2369 579 2423 631 δέ
2461 579 2553 630 καὶ
2598 579 2630 649 ή
2688 578 2920 648 τοσαύτη
2975 578 3242 647 ἱλαρότης,
3299 577 3442 630 ὥστε
3501 577 3796 646 βαδίζοντος

2233 671 2374 733 ὄνου,
2414 670 2486 740 μὴ
2522 669 2692 722 θέλειν
2720 670 3014 722 ἐπιϐαίνειν
3045 670 3232 740 χαμαὶ,
3261 669 3374 721 ἀλλ’
3411 670 3506 721 ἐπὶ
3539 672 3794 739 ίματίωη

2234 765 2416 818 Ταῦτα
2443 765 2497 818 δέ
2533 764 2932 836 ἐκδιῃτημένων
2964 763 3079 814 ἐστί
3120 763 3211 815 καί
3265 762 3621 832 τρυφώντων.
3665 764 3794 831 Ἀρα

2234 860 2328 911 καὶ
2369 858 2569 929 Ἰησοῦς
2608 860 2782 927 τρυφῇ
2833 855 3135 926 ἐσχόλαζεν,
3179 856 3264 908 ἵνα
3317 855 3392 926 μὴ
3426 855 3662 925 βουληθῇ
3706 859 3795 908 ἐπ-

2234 951 2524 1021 οχουμένου
2559 949 2718 1002 αὑτοῦ
2758 949 2926 1020 χαμαὶ
2955 951 3142 1000 πατεῖν
3171 947 3267 1017 τὴν
3303 947 3452 1009 ὑνονς
3484 947 3792 1016 Ἀγαπητοί,

2234 1043 2331 1094 οὑκ
2349 1042 2459 1094 ἔστι
2477 1040 2800 1112 τρυφώντων
2815 1041 2875 1094 τὸ
2889 1039 3224 1092 διδασκάλων
3243 1055 3256 1068 ·
3282 1038 3398 1091 ἀλλ’
3416 1039 3539 1091 οὐδὲ
3555 1039 3664 1090 τῶν
3693 1039 3795 1090 πώ-

2235 1134 2365 1187 ποτέ
2403 1152 2484 1197 τις
2517 1137 2545 1187 ό
2576 1134 2635 1186 τὸ
2676 1133 2833 1204 ῥητὸν
2860 1132 3014 1184 τοῦτο
3043 1133 3272 1203 ποιήσας
3295 1149 3306 1162 ·
3336 1132 3461 1185 οὑδέ
3495 1132 3608 1204 γὰρ
3629 1135 3657 1186 0
3682 1133 3794 1202 παρ’

2237 1227 2458 1296 Ἕλλησι
2508 1224 2982 1294 Ναϐουχοδονόσωρ
3029 1223 3185 1276 τοῦτο
3229 1225 3570 1294 πεποίηκεν·
3618 1227 3733 1279 οὑδὲ
3771 1230 3796 1280 0

2233 1316 2416 1368 τοῦτον
2440 1313 2809 1382 διαδεξάμενος
2831 1312 3128 1384 Βαλτάσαρ·
3161 1313 3279 1366 οὑτε
3318 1316 3424 1384 μὴν
3453 1316 3482 1367 0
3513 1315 3685 1386 μέγας
3711 1317 3794 1369 Σο-

2232 1406 2433 1478 λομὼν,
2468 1408 2554 1460 ὅτε
2589 1402 2655 1476 ἦν
2684 1407 2740 1458 ἐν
2779 1408 2844 1475 τῇ
2877 1405 3118 1476 βασιλείᾳ
3159 1406 3341 1459 αὑτοῦ.
3390 1409 3794 1479 Προειρήκαμεν

2233 1501 2360 1573 γὰρ,
2395 1501 2474 1552 ὅτι
2504 1499 2822 1566 ἐγίγνωσκε,
2850 1496 2966 1558 πῶς
2993 1499 3259 1567 χρήσηται
3294 1497 3370 1567 τῷ
3397 1499 3636 1569 πλούτῳ,
3690 1499 3794 1563 πῶς

2233 1593 2420 1646 πενίαν
2451 1591 2666 1661 ἐνέγκῃ,
2698 1591 2790 1642 καὶ
2822 1589 2888 1641 τὰ
2933 1589 3074 1657 ἐξῆς.
3118 1588 3291 1642 Αὑτοῦ
3317 1590 3424 1660 γάρ
3461 1593 3611 1643 ἐστιν
3644 1591 3795 1645 ἀκοῦ-

2236 1703 2324 1739 σαι
2352 1685 2596 1753 λέγοντος
2616 1700 2628 1712 ·
2662 1699 2680 1732 ι
2704 1682 2891 1752 Κύριε,
2914 1682 2986 1750 μή
3017 1699 3105 1751 μοι
3135 1681 3239 1750 δῷς
3261 1683 3512 1744 πλοῦτον,
3549 1685 3683 1753 μηδέ
3708 1701 3794 1736 πε-

2232 1775 2378 1828 νίαν·
2421 1772 2553 1826 ἀλλὰ
2595 1771 2860 1843 μέτρησόν
2908 1787 2996 1840 μοι
3025 1769 3092 1822 τὰ
3135 1771 3321 1826 δέοντα
3365 1774 3458 1825 καὶ
3489 1774 3787 1844 αὐτάρκη.»

2231 1867 2426 1934 Σοφίας
2458 1865 2515 1917 δὲ
2566 1863 2762 1933 μᾶλλον
2808 1861 3153 1933 ἐπεμελεῖτο·
3205 1863 3285 1916 διὸ
3330 1863 3431 1934 βοᾷ
3475 1865 3571 1918 καὶ
3628 1865 3788 1932 λέγει·

2235 1978 2255 2010 ι
2284 1959 2516 2028 Είλόμην
2560 1955 2724 2026 αὑτὴν
2757 1954 2898 2025 ἔχειν
2938 1955 3055 2008 ἀντὶ
3090 1955 3312 2025 χρυσίου
3351 1955 3447 2008 καὶ
3501 1956 3788 2026 ἀργυρίου·

2231 2052 2370 2122 ὑπὲρ
2398 2050 2583 2118 ὑγείαν
2622 2049 2714 2101 καὶ
2747 2047 3048 2118 εὐμορφίαν
3074 2048 3334 2116 ἠγάπησα
3370 2049 3562 2118 αὑτήν.
3587 2067 3604 2098 ι
3639 2046 3792 2098 Πόθεν

2229 2144 2285 2197 δέ
2327 2141 2561 2195 τοσαῦτα
2601 2140 2788 2211 ἱμάτια
2819 2142 2929 2202 τοῖς
2962 2139 3247 2208 μαθηταῖς,
3302 2137 3442 2191 ὥστε
3467 2139 3579 2192 ἀπὸ
3627 2138 3790 2209 Βηθα-

2222 2237 2348 2300 νίας
2379 2236 2482 2298 ἓως
2515 2234 2728 2304 εἰσέλθῃ
2764 2233 2842 2296 είς
2879 2231 3222 2303 Ἱεροσόλυμα
3265 2229 3703 2303 ὑποστρωννύναι
3730 2231 3788 2299 τῇ

2230 2328 2335 2399 ὄνῳ
2364 2327 2650 2398 βαδιζούση
2671 2342 2684 2390 ;

2241 2427 2266 2456 θ
2303 2439 2358 2494 5.
2391 2438 2548 2491 Ἀλλὰ
2579 2437 2755 2490 νύττει
2801 2452 2866 2506 με
2895 2435 2923 2486 0
2948 2433 3101 2502 λόγος
3135 2433 3304 2486 ἐλθεῖν
3337 2431 3428 2485 ἐπὶ
3466 2432 3566 2504 τὴν
3594 2432 3789 2498 ἀναγω-

2231 2531 2356 2602 γὴν,
2404 2531 2496 2582 καὶ
2541 2528 2838 2598 ἐκζητῆσαι
2881 2525 2946 2579 τὰ
2980 2525 3308 2579 ἀποστολικᾶ
3356 2525 3571 2594 ἱμάτια.
3608 2526 3786 2576 Ἐπαν-

2232 2623 2525 2691 αγάγωμεν
2550 2615 2641 2673 οὖν
2668 2619 2888 2679 ἑαυτοὺς
2905 2619 2966 2669 ἐκ
2995 2618 3094 2688 τῆς
3125 2619 3226 2688 γῆς
3247 2617 3604 2689 ὀλίγον,ψημὶ
3628 2617 3788 2670 τοίνυν

2233 2717 2302 2769 τὰ
2337 2713 2822 2785 ὑποστρωννύμενα
2863 2711 3049 2780 ἱμάτια
3085 2713 3149 2782 τῇ
3200 2711 3305 2782 ὄνῳ
3348 2711 3418 2764 τὰ
3462 2710 3630 2780 ἠθικὰ
3666 2705 3786 2762 εἶναι

2236 2805 2594 2875 παιδεύματα,
2616 2805 2914 2877 ῥιπτόμενα
2937 2806 3040 2857 ὑπὸ
3061 2807 3184 2866 τοὺς
3207 2805 3370 2861 πόδας
3402 2805 3603 2872 αὑτῆς·
3634 2801 3788 2855 ταῦτά

2234 2899 2350 2952 ἐστι
2376 2896 2465 2948 τὸ·
2502 2915 2519 2946 ι
2544 2896 2616 2949 υὺ
2657 2895 3001 2966 πορνεύσεις·
3028 2894 3088 2946 οὑ
3118 2894 3424 2962 φονεύσεις·
3458 2894 3521 2945 οὑ
3555 2892 3781 2960 κλέψεις·

2234 2990 2294 3043 οὑ
2311 2989 2840 3059 ψευδομαρτυρήσεις
2857 3003 2870 3016 ·
2888 2987 3022 3056 τίμα
3038 2986 3127 3038 τὸν
3148 2984 3355 3054 πατέρα
3377 3001 3470 3036 σου
3494 2987 3586 3036 καὶ
3599 2985 3690 3053 τὴν
3703 3001 3785 3053 μη-

1006 3089 1019 3125 :
1072 3071 1278 3123 honora
1337 3077 1541 3135 patrem
1593 3073 1744 3117 tuum
1800 3068 1854 3116 et
1910 3065 2132 3112 matrem

2236 3082 2368 3154 τέρα
2387 3099 2498 3144 σου,
2512 3100 2528 3131 ι
2550 3082 2642 3134 καὶ
2656 3079 2724 3133 τὰ
2740 3080 2942 3141 τούτοις
2956 3079 3114 3148 ὃμοια
3130 3076 3582 3148 παραγγέλματα.
3596 3075 3784 3147 Μηκέτι

2235 3171 2327 3230 οὖν
2354 3175 2528 3246 χαμαὶ
2554 3173 2810 3243 πατῶμεν
2831 3189 2844 3203 ·
2881 3172 3106 3241 ἱματίων
3142 3171 3247 3241 γὰρ
3277 3173 3406 3240 ἡμῖν
3437 3166 3784 3222 ἀποστολικῶν

2235 3268 2682 3339 ὑπεστρωμένων,
2718 3266 2892 3336 χαμαὶ
2924 3265 3112 3316 πατεῖν
3145 3264 3242 3315 οὑκ
3269 3261 3588 3332 ὀφείλομεν,
3620 3262 3699 3312 ἵνα
3720 3257 3782 3328 μὴ

2235 3359 2359 3422 τοὺς
2390 3357 2554 3420 πόδας
2605 3356 2810 3411 ἑαυτῶν
2847 3355 2944 3425 τῆς
2988 3353 3162 3423 ψυχῆς
3209 3352 3526 3422 μολύνωμεν
3560 3352 3663 3404 ἀπὸ
3703 3347 3782 3401 τοῦ

2236 3449 2332 3522 χοῦ
2355 3451 2451 3520 τῆς
2478 3451 2600 3520 γῆς·
2635 3446 2769 3501 ἀλλὰ
2795 3447 2888 3500 καὶ
2911 3445 3006 3499 ἐάν
3027 3461 3109 3507 τις
3137 3445 3282 3513 ἡμᾶς
3317 3443 3410 3495 ἐπὶ
3439 3443 3611 3512 τούτῳ
3637 3456 3785 3512 προσ·

2238 3541 2549 3612 καλέσηται,
2580 3541 2819 3608 εἴπωμεν
2857 3536 3028 3605 αὐτῷ·
3087 3554 3104 3584 ι
3129 3534 3429 3604 Ἑνιψάμην
3474 3535 3603 3597 τοὺς
3641 3533 3786 3593 πόδας

2240 3651 2363 3705 μου,
2427 3631 2541 3695 πῶς
2604 3629 2812 3701 μολυνῶ
2865 3627 3090 3690 αὐτούς
3125 3643 3144 3678 ι
3176 3625 3287 3678 Καὶ
3351 3625 3491 3694 τάχα
3533 3624 3621 3677 διὰ
3650 3623 3788 3675 τοῦτο

2237 3728 2413 3782 νίπτει
2445 3725 2646 3796 Ἰησοῦς
2676 3723 2783 3776 τῶν
2819 3720 3071 3791 μαθητῶν
3097 3719 3220 3782 τοὺς
3259 3718 3442 3778 πόδας,
3479 3717 3587 3780 ἴνα,
3633 3719 3789 3788 ἥνπερ

2238 3813 2380 3887 εἶχον
2403 3818 2662 3888 πρότερον
2695 3812 2840 3866 κόνιν
2869 3809 3246 3870 ἀποϐαλόντες,
3274 3809 3468 3879 μηκέτι
3504 3812 3678 3880 χαμαὶ
3703 3824 3790 3860 πα·

2236 3911 2392 3973 τῶσι,
2410 3908 2542 3980 μηδὲ
2567 3905 2859 3978 μολύνωσιν
2875 3903 3077 3956 ἑαυτῶν
3094 3901 3200 3954 ἀπὸ
3214 3901 3306 3953 τοῦ
3333 3903 3428 3972 χοῦ
3449 3902 3551 3970 τῆς
3566 3902 3666 3970 γῆς
3681 3901 3791 3960 τοὺς

2239 4003 2425 4064 πόδας,
2456 4000 2590 4054 ἀλλὰ
2631 3997 2858 4068 καθαροὶ
2899 3994 3171 4063 γενόμενοι
3198 3994 3290 4045 ἐπὶ
3324 3994 3553 4064 ἱματίων
3597 3989 3792 4044 ἐπιϐαί-

2239 4111 2418 4146 νωσιν.
2465 4111 2482 4143 ι
2507 4093 2590 4155 Ὠς
2623 4090 2811 4160 ὡραῖοι
2840 4107 2857 4139 ι
2893 4085 3020 4158 γὰρ,
3053 4087 3233 4156 φησιν,
3269 4105 3286 4138 ι
3315 4087 3364 4139 οἱ
3397 4086 3556 4148 πόδες
3583 4085 3688 4138 τῶν
3711 4084 3789 4136 εὑ-

2240 4182 2668 4252 αγγελιζομένων
2715 4179 2994 4251 εἰρήνην.»
3066 4175 3502 4249 Περιζωσώμεθα
3569 4172 3661 4230 οὖν
3710 4175 3791 4228 καὶ

2238 4278 2398 4346 ἡμεῖς
2433 4275 2529 4338 τὰς
2569 4273 2772 4342 ὀσφύας
2801 4273 2899 4342 τῆς
2926 4271 3160 4332 διανοίας
3196 4269 3369 4339 ἡμῶν,
3400 4268 3496 4322 καὶ
3531 4265 3792 4321 ὑποδυσώ-

2246 4366 2385 4436 μεθα
2428 4367 2551 4428 τοὺς
2581 4364 2744 4427 πόδας
2779 4364 2834 4415 ἐν
2889 4361 3169 4432 ἑτοιμασίᾳ
3205 4359 3297 4413 τοῦ
3335 4359 3667 4428 Εὑαγγελίου
3707 4357 3793 4427 τῆς

2243 4459 2480 4529 εἰρήνης.
2512 4455 2713 4526 Συνέϐη
2740 4455 2847 4525 γὰρ
2875 4455 3020 4524 ἡμᾶς
3049 4470 3174 4506 ποτε
3210 4452 3301 4505 ἐπὶ
3326 4455 3429 4522 γῆς
3461 4451 3791 4523 πειραθῆναι,

2242 4550 2329 4602 ὅτε
2359 4547 2499 4602 κατὰ
2533 4548 2621 4601 τὸν
2673 4548 2859 4618 καιρὸν
2884 4547 2980 4616 τῆς
3025 4544 3399 4614 αἰχμαλωσίας
3438 4540 3795 4614 ἐξηχμαλωτί-

2244 4640 2447 4711 σθημεν
2471 4642 2549 4701 είς
2575 4638 2670 4709 τὴν
2694 4639 2796 4707 γῆν
2825 4637 2929 4690 τῶν
2954 4636 3251 4690 Χαλδαίων.
3279 4635 3374 4687 Διὰ
3397 4634 3556 4687 τοῦτο
3582 4635 3688 4706 γὰρ
3711 4633 3794 4686 καὶ

2239 4735 2268 4785 0
2300 4733 2579 4804 προφήτης
2610 4731 2874 4794 στενάζων
2895 4729 3093 4798 ἔλεγεν·
3124 4749 3143 4780 ι
3190 4729 3253 4781 Ἦ
3275 4728 3519 4800 τρυφερὰ
3553 4747 3653 4798 μου
3681 4730 3796 4779 ἐπο-

2246 4825 2407 4896 ρεύθη
2437 4824 2588 4885 ὁδους
2619 4823 2894 4895 τραχείας.
2922 4841 2940 4874 ι
2966 4822 3077 4893 Πρὸ
3110 4820 3216 4891 γὰρ
3247 4821 3346 4890 τῆς
3385 4822 3687 4892 παρουσίας
3712 4817 3793 4871 τοῦ

2241 4916 2446 4987 Κυρίου
2475 4918 2664 4986 πεῖραν
2711 4915 2899 4966 ἓλαὸεν
2943 4917 2971 4967 ὁ
3015 4912 3147 4974 ποῦς
3180 4913 3278 4983 τῆς
3328 4915 3603 4985 τρυφερᾶς
3635 4911 3796 4980 ψυχῆς

2247 5007 2448 5078 βαίνειν
2483 5008 2574 5060 ἐπὶ
2625 5007 2722 5076 τῆς
2748 5007 2881 5075 γῆς·
2935 5006 3021 5058 ὅτε
3058 5003 3115 5056 δὲ
3160 5003 3502 5074 ἐπεδήμησεν
3544 5005 3572 5055 0
3605 5002 3795 5072 Κύριος

2246 5099 2400 5170 ἡμῶν
2442 5099 2644 5169 Ἰησοῦς
2680 5101 2708 5151 0
2745 5097 2994 5167 Χριστὸς,
3038 5094 3265 5166 κηρύξαι
3299 5097 3410 5157 τοῖς
3443 5093 3793 5165 αἰχμαλώτοις

2244 5193 2432 5262 ἄφεσιν
2451 5209 2464 5222 ·
2488 5212 2505 5243 ι
2526 5193 2657 5246 Τότε
2678 5191 2866 5244 ἕὸαλεν
2893 5190 3035 5262 ὓδωρ
3065 5190 3142 5251 είς
3168 5187 3259 5241 τὸν
3283 5187 3542 5258 νιπτῆρα,
3557 5189 3647 5240 καὶ
3673 5187 3793 5237 ἀπο-

2244 5284 2448 5338 τίθεται
2482 5285 2550 5338 τὰ
2600 5286 2806 5355 ἱμάτια,
2857 5285 2948 5336 καὶ
3001 5282 3203 5335 λέντιον
3251 5279 3662 5350 περιζώννυται,
3707 5273 3791 5328 καὶ

2246 5374 2420 5428 νίπτει
2447 5375 2552 5428 τῶν
2601 5373 2855 5446 μαθητῶν
2886 5375 3011 5436 τοὺς
3037 5372 3226 5434 πόδας·
3257 5371 3351 5425 καὶ
3397 5369 3537 5443 μετὰ
3565 5369 3624 5422 τὸ
3655 5366 3791 5434 νίᾲαι

662 5594 710 5666 δί’,
741 5594 900 5649 Prov.
927 5613 1052 5655 xxx.
1089 5598 1140 5661 8,
1215 5597 1258 5628 ⁵³
1301 5595 1426 5666 Sap.
1469 5611 1563 5655 vn.
1595 5597 1762 5654 9.10.
1839 5596 1882 5628 “
1900 5594 2068 5649 Exod.
2108 5612 2136 5650 ι

2236 5597 2414 5652 ιε-ιγ.
2491 5599 2536 5631 ⁸ο
2574 5598 2730 5654 Cant.
2763 5615 2818 5665 v,
2859 5599 2913 5652 5.
2990 5599 3034 5630 ’ί
3075 5596 3230 5652 Rom.
3270 5611 3324 5662 ι,
3361 5594 3460 5659 l5;
3487 5591 3592 5648 lsa.
3621 5605 3708 5646 ιιι.
3734 5585 3783 5642 ’1.

591 5663 634 5698 ⁵³
676 5664 867 5736 Ephes.
911 5684 982 5731 vi,
1026 5668 1110 5720 M.
1187 5668 1231 5698 ⁵³
1269 5663 1498 5721 Bai-uch.
1536 5682 1608 5732 tv,
1641 5669 1728 5719 26.

1537 5913 1562 5928 ,ο
