4022 6382
214 429 351 490 MU

1167 436 1459 493 HOMILIA
1504 436 1573 493 IN
1612 438 1816 494 ILLUD
1856 453 1873 491 :
1906 435 2207 505 ιΕΠΝἹῈ,
2242 457 2262 490 ι
2298 435 2451 492 ETC.

3294 429 3453 491 €062:

210 550 395 605 αὐτῶν
419 551 543 613 τοὺς
573 548 756 615 πόδας,
793 550 1034 605 ἐνδύεται
1062 552 1169 622 (10)
1192 553 1263 607 τὰ
1298 556 1485 624 ἱμάτια
1528 555 1691 609 αὑτοῦ
1710 574 1729 586 ι
1755 577 1773 608 ι

1880 554 2215 610 vestimentis
2245 554 2361 611 suis
2391 554 2438 587 “
2469 574 2482 609 :
2528 574 2546 607 ι
2575 562 2739 628 atque
2776 553 3008 613 indutus
3039 548 3276 605 cmnavit
3309 564 3436 604 cum

210 640 309 695 καὶ
367 641 707 713 ἐνδεδυμένος
747 643 1026 714 συνήσθιεν
1076 645 1277 711 αὐτοῖς.
1306 648 1466 701 Ὥστε
1496 648 1583 701 διὰ
1622 648 1777 701 τοῦτο

210 733 568 805 ὕπέστρωσαν
598 735 666 790 τὰ
692 734 881 806 ἱμάτια
908 736 1087 789 αὐτῶν
1110 739 1157 791 οἱ
1205 739 1442 811 μαθηταὶ
1468 740 1526 793 ἐν
1552 743 1617 811 τῇ
1651 740 1773 811 ὁδῷ,

211 828 299 883 (vc:
324 827 399 899 μὴ
428 827 521 881 ἐπὶ
557 828 660 897 γῆς
687 828 974 899 βαίνωμεν.
1002 830 1136 901 μηδὲ
1169 832 1260 883 ἐπὶ
1274 831 1360 901 τῷ
1386 832 1569 903 στήθει
1596 833 1689 885 καὶ
1710 835 1774 904 τῇ

210 921 392 991 κοιλὶᾳ
416 918 772 992 πορευώμεθα
796 939 809 952 ·
848 920 961 974 ἀλλ’
993 922 1115 974 ἀντὶ
1140 921 1232 974 τοῦ
1265 923 1329 976 τδ
1375 923 1571 993 στῆθος
1619 925 1778 995 ἡμῶν

208 1015 302 1067 ἐπὶ
330 1014 430 1084 τῆς
458 1014 562 1083 γῆς
578 1013 1042 1078 ὲπανακλίνεσθαι,
1062 1016 1422 1085 ὲπικλίνωμεν
1446 1018 1552 1088 (ll)
1581 1018 1777 1086 μᾶλλον

208 1105 382 1175 αὐτῷ.
412 1106 490 1170 ὧς
515 1106 786 1176 Ἰωάννης,
833 1107 925 1160 ἐπὶ
954 1108 1016 1160 τὸ
1055 1106 1248 1177 στῆθος
1289 1108 1381 1161 τοῦ
1423 1109 1616 1179 Ἰησοῦ.
1657 1111 1778 1163 Κᾶν

207 1197 319 1269 γάρ
349 1196 429 1250 ἔτι
475 1197 569 1251 ἐπὶ
612 1197 712 1266 τῆς
747 1197 850 1268 γῆς
875 1200 903 1253 6
929 1197 1164 1263 τοιοῦτος
1206 1199 1481 1273 διατρίϐῃ,
1520 1200 1619 1253 οὐκ
1664 1200 1777 1270 ἕχει

206 1287 335 1349 τοὺς
366 1286 534 1350 πόδας
560 1288 888 1358 συρομένους
925 1290 1015 1343 ἐπὶ
1047 1290 1144 1360 τῆς
1169 1291 1271 1360 γῆς
1290 1309 1302 1321 ·
1337 1290 1448 1344 ἀλλ’
1478 1293 1553 1355 ὡς
1577 1295 1605 1346 6
1633 1293 1781 1346 Παῦ-

206 1375 321 1440 λος,
352 1378 448 1430 ἐπὶ
475 1377 579 1447 γῆς
610 1378 946 1449 περιπατῶν,
980 1379 1036 1432 ὲν
1066 1380 1278 1450 οὐρανῷ
1304 1380 1603 1451 πολίτευμα
1642 1380 1774 1457 ἔχει.

279 1466 334 1519 6.
366 1485 385 1517 ι
417 1467 776 1523 Ἐπεκάθισαν
839 1465 959 1533 οῦν,
992 1472 1143 1541 φησὶ,
1176 1471 1268 1524 τὸν
1313 1473 1519 1543 Ἰησοῦν
1552 1472 1645 1525 ἐπὶ
1688 1474 1778 1526 τὸν

215 1556 408 1611 πῶλον.
429 1558 559 1621 Kal,
591 1559 953 1629 πορευομένου
978 1561 1159 1625 αὑτοῦ,
1191 1561 1543 1632 ὑπέστρωσαν
1562 1563 1631 1617 τὰ
1657 1565 1781 1635 ἱμά-

207 1667 301 1705 τια
337 1650 517 1703 αὐτῶν
555 1652 614 1703 ὲν
640 1654 704 1722 τῇ
885 1654 947 1707 Οἱ
976 1654 1031 1706 δὲ
1060 1653 1205 1723 ὄχλοι
1238 1655 1286 1708 οί
1319 1656 1648 1727 προάγοντες
1681 1658 1779 1710 αὑ·-

207 1741 299 1793 τδν
322 1741 418 1793 καὶ
442 1740 857 1815 ᾴκολουθοῦντες
883 1742 1128 1814 ἔκραζον,
1145 1744 1391 1813 λέγοντες
1408 1762 1423 1776 ο
1460 1745 1684 1799 Ὡσαννά
1705 1744 1780 1815 τῷ

208 1830 311 1903 υίῷ
340 1832 503 1885 Δαὸίδ
521 1849 535 1863 ·
565 1832 924 1903 εὐλογημένος
958 1835 986 1886 6
1014 1835 1304 1905 ἐρχόμενος
1330 1837 1387 1889 ἐν
1416 1836 1636 1906 ὀνόματι
1668 1838 1781 1890 Κυ-

1877 644 2004 698 illis.
2042 644 2163 699 Ideo
2191 660 2320 717 ergo
2359 644 2612 717 discipuli
2654 646 3068 700 substraverunt
3114 641 3438 695 vestimenta

1877 752 1976 792 sua
2005 737 2059 791 in
2083 738 2189 800 via,
2216 754 2285 792 ne
2307 739 2362 792 in
2396 750 2538 793 terra
2563 738 2796 811 amplius
2820 735 3161 796 incedatnus,
3185 745 3320 787 neve
3340 747 3437 788 su-

1876 844 1972 897 pra
1994 838 2179 898 pectus
2205 839 2297 883 aut
2321 838 2559 885 ventrem
2581 830 2921 901 gradiamur;
2952 831 3047 882 sed
3070 827 3252 898 potius
3272 839 3437 895 quam

1878 935 2042 990 supra
2070 930 2264 975 terram
2290 933 2481 993 pectus
2513 932 2759 978 nostrum
2785 922 3132 982 reclinetnus,
3158 932 3322 989 supra
3350 931 3440 986 pe-

1877 1017 1997 1066 ctus
2013 1009 2165 1074 Jesu,
2189 1013 2639 1082 quemadmodum
2659 1011 2916 1072 Joannes.
2937 1011 3262 1067 reclinemus
3280 1007 3436 1061 illud.

1876 1101 2010 1155 Nam
2035 1104 2124 1173 qui
2150 1106 2275 1159 talis
2300 1113 2405 1168 est,
2431 1107 2645 1161 etiamsi
2670 1107 2724 1160 in
2752 1114 2897 1160 terra
2920 1112 3187 1168 versetur,
3211 1118 3319 1156 non
3346 1102 3440 1155 ha-

1879 1193 1969 1249 bet
2001 1201 2180 1249 tamen
2213 1196 2376 1267 pedes
2401 1197 2455 1251 in
2475 1206 2617 1252 terra
2641 1207 2953 1261 versantes;
2978 1196 3071 1252 sed
3101 1195 3265 1252 sicuti
3293 1194 3439 1250 Pau-

1878 1286 1985 1350 lus,
2018 1286 2146 1340 dum
2176 1288 2231 1341 in
2263 1294 2406 1343 terra
2429 1289 2690 1355 ambulat,
2713 1289 3183 1343 conversationem
3209 1301 3364 1343 suam
3383 1287 3441 1343 in

1879 1380 2032 1434 caelis
2057 1379 2234 1434 habet.

1949 1472 2004 1528 6.
2041 1491 2060 1524 ι
2098 1470 2474 1542 imposuerunt
2520 1488 2670 1543 ergo,
2712 1491 2731 1525 ι
2766 1473 2963 1543 inquit,
2996 1492 3016 1524 ι
3056 1471 3244 1529 Iesum
3280 1489 3443 1544 super

1879 1564 2105 1634 pullum.
2138 1563 2515 1621 Euuterautem
2549 1567 2639 1619 illo
2672 1567 3090 1621 substernebant
3123 1567 3445 1621 vestimenta

1880 1664 1978 1704 sua
2009 1649 2062 1702 in
2098 1650 2205 1703 via.
2230 1648 2427 1704 Turba:
2457 1662 2634 1706 autem
2667 1668 2787 1722 «piae
2816 1652 3211 1722 praecedebant,
3237 1660 3291 1707 et
3322 1667 3444 1723 quas

1880 1743 2265 1810 sequebantur,
2288 1743 2592 1797 clamabant
2611 1742 2895 1798 dicentes:
2923 1741 3177 1797 llosanna
3207 1742 3317 1795 tilio
3340 1741 3446 1795 Da-

1881 1833 1992 1896 vid,
2041 1832 2361 1888 benedictus
2392 1834 2483 1903 qui
2526 1834 2673 1888 venit
2705 1835 2757 1888 in
2793 1835 3013 1889 nomine
3053 1832 3267 1888 Domini
3308 1833 3374 1886 ⁸⁸.
3421 1850 3442 1884 ι

210 1922 350 1993 ρίου.
381 1942 399 1972 ι
433 1922 628 1993 Θαῦμα
658 1924 840 1977 καινὸν
866 1924 960 1978 καὶ
984 1924 1300 1996 παράδοξον,
1332 1924 1780 1997 ἀγαπητοίᾸΛρα

1880 1925 2196 1979 Miraculum
2246 1941 2446 1980 novum
2475 1934 2530 1980 et
2560 1926 2907 1996 stupendum,
2939 1926 3144 1981 dilecti.
3190 1925 3445 1995 Nunquid

207 2012 316 2082 γὰρ
344 2011 547 2081 πλῆθος
585 2008 652 2084 ἦν
685 2013 940 2084 μαθητῶν
969 2016 1106 2085 μετὰ
1132 2016 1225 2069 τοῦ
1256 2017 1448 2088 Ἰησοῦ,
1478 2018 1574 2088 οὐχ
1606 2019 1654 2071 οί
1676 2018 1779 2071 δώ-

208 2105 345 2159 δεκα
370 2101 511 2177 ἦσαν
541 2107 727 2177 μόνοις
762 2109 871 2161 Kal
896 2110 1011 2173 πῶς
1047 2109 1247 2179 πλῆθος
1271 2110 1498 2164 ἐνταῦθα
1530 2112 1780 2181 σημαίνει

205 2196 269 2249 τὸ
295 2197 661 2266 Εὐαγγέλιονς
719 2198 877 2252 Ἀλλὰ
901 2200 1039 2269 τάχα
1068 2201 1162 2253 καὶ⁸
1203 2200 1419 2269 ἄγγελοι
1462 2201 1608 2272 αὐτῷ
1642 2219 1780 2273 συμ-

208 2289 487 2357 παρῆσαν,
519 2289 615 2342 καὶ
641 2289 897 2359 δυνάμεις
931 2291 1071 2344 θεῖαι
1104 2290 1250 2362 αὐτῷ
1278 2292 1632 2363 ἐμαθήτευον.
1669 2294 1782 2365 Πρὸ

207 2379 315 2449 γὰρ
342 2381 574 2454 Πέτρου,
605 2382 699 2435 καὶ
737 2383 1005 2449 Ἰωάννου,
1031 2386 1126 2438 καὶ
1147 2385 1256 2439 τῶν
1286 2385 1505 2451 λοιπῶν,
1543 2388 1583 2439 Γ
1586 2385 1782 2456 αϐριὴλ

210 2471 358 2543 αὑτῷ
397 2474 791 2543 μαθητεύεταιο
831 2475 992 2540 αὐτὸς
1028 2476 1136 2547 γάρ
1187 2477 1335 2530 ἐστιν
1382 2479 1411 2530 ὁ
1456 2466 1807 2542 ἀποσταλεὶς*

211 2562 347 2634 πρὸς
382 2564 480 2635 τὴν
512 2566 576 2619 ἐκ
610 2566 917 2637 σπέρματος
939 2567 1101 2621 Δαόὶδ
1129 2570 1608 2641 μεμνηπευμένην
1638 2588 1781 2641 παρ-

210 2653 362 2708 θένον
398 2658 640 2727 Μαρίαν.
677 2659 848 2723 Αὐτός
879 2661 1024 2712 ἐστιν
1051 2661 1079 2712 6
1118 2659 1308 2729 λέγων,
1344 2657 1539 2733 «Ἆρον
1566 2662 1626 2715 τὸ
1655 2678 1779 2715 παι-

207 2742 337 2811 δίον,
373 2748 470 2800 καὶ
502 2747 669 2817 φεῦγε
701 2751 780 2813 είς
818 2750 1110 2821 Αἴγυπτον.
1140 2771 1159 2804 ι
1192 2753 1363 2815 Αὐτός
1392 2754 1537 2805 ἐστιν
1568 2753 1598 2804 6
1628 2754 1777 2825 είρη-

209 2835 354 2899 att-5;”
393 2857 411 2888 ι
437 2838 660 2909 Πνεῦμα
690 2841 842 2909 ἅγιον
881 2841 1228 2895 ἐπελεύσεται
1258 2844 1349 2896 ἐπὶ
1396 2844 1476 2905 σὲ,
1508 2845 1602 2897 καὶ
1626 2843 1782 2897 δύνα-

214 2945 305 2998 μις
342 2929 596 2998 Ὑψίστου
640 2932 944 2986 ἐπισκιάσει
974 2950 1074 2986 σοι.
1098 2954 1117 2986 ι
1152 2934 1324 2997 Αὐτός
1355 2936 1501 2988 ἐστιν
1539 2936 1567 2988 6
1599 2936 1689 2988 καὶ
1723 2938 1780 2989 ὲν

210 3017 289 3088 τῷ
317 3019 566 3090 μνημείῳ
592 3021 924 3086 ἀποκυλίσας
952 3024 1041 3077 τὸν
1072 3023 1217 3077 λίθον
1235 3041 1249 3054 ο
1282 3025 1438 3087 αὐτός
1466 3026 1613 3078 ἐστιν
1634 3028 1662 3079 6
1688 3026 1783 3080 καὶ⁵

210 3114 330 3174 ταῖς
378 3113 622 3180 γυναιξὶν
676 3114 1184 3187 εὐαγγελισάμενος,
1232 3119 1323 3172 καὶ
1367 3117 1567 3173 εἰπών’
1618 3139 1636 3171 ι
1668 3121 1785 3175 Οὐκ

206 3197 352 3255 εστιν
383 3196 506 3269 ὦδε,
536 3203 594 3256 ὃν
623 3204 859 3274 ζητεῖτε’
891 3207 1089 3279 ἀνέστη
1111 3210 1175 3262 ὲκ
1200 3209 1308 3262 τῶν
1339 3210 1567 3280 νεκρῶν,
1589 3209 1777 3283 ὥσπερ

206 3295 417 3367 dgnus.
439 3296 628 3360 Δεῦτε,
658 3300 842 3369 φησὶν,
869 3301 1005 3353 ἴδετε
1043 3302 1134 3355 τὸν
1171 3303 1354 3364 τόπον.
1408 3304 1539 3357 ὅπου
1568 3305 1776 3359 ἔκειτοο

209 3385 321 3439 ἰδοὺ
353 3389 584 3459 προάγει
615 3391 756 3460 ὑμᾶς
784 3393 862 3455 εἰς
885 3392 984 3463 τὴν
1008 3392 1315 3457 Γαλιλαίαν,
1340 3396 1456 3449 ἐκεῖ
1478 3397 1635 3449 αὑτὸν
1655 3397 1781 3467 ὅψε-

208 3475 322 3529 σθε.
351 3497 369 3529 ι
403 3479 494 3532 Διὸ
544 3480 639 3532 καὶ
687 3483 716 3534 6
746 3484 1026 3555 προφήτης
1062 3485 1166 3555 πρὸ
1202 3487 1396 3540 πολλοῦ
1431 3487 1530 3560 βοᾷ
1572 3490 1775 3559 λέγων·

211 3584 232 3618 ι
268 3568 529 3623 Γαλιλαία
555 3572 662 3625 τῶν
696 3572 884 3639 ἐθνῶν,
932 3577 960 3628 6
1007 3575 1136 3640 λαὸς
1176 3580 1204 3632 6
1235 3579 1541 3650 καθήμενος
1568 3583 1625 3634 ὲν
1654 3584 1781 3636 σκό-

204 3673 309 3724 τει,
348 3656 457 3714 εἶδε
505 3658 623 3731 φῶς
675 3664 838 3735 μέγα.
864 3684 884 3718 ι
920 3667 1029 3719 Kal.
1056 3668 1274 3736 ἄγγελοι
1308 3666 1400 3724 οῦν
1433 3672 1581 3742 αὐτῴ
1611 3673 1784 3745 μαθη-

204 3750 483 3823 τευόμενοι
532 3753 855 3808 διακονοῦσι.
897 3775 917 3807 ‹
947 3758 1053 3810 Kal.
1096 3759 1236 3824 ίδοῦ,
1288 3761 1469 3831 φησὶν,
1520 3762 1570 3816 οί
1617 3763 1783 3832 ἄγγε-

204 3841 287 3896 λοι
317 3843 646 3915 προσῆλθον,
670 3846 761 3899 καὶ
779 3846 1056 3918 διηκόνουν
1074 3848 1241 3920 αὐτῷ.
1268 3870 1289 3901 ι
1320 3853 1431 3906 Kal
1463 3853 1661 3919 πάντες
1684 3858 1784 3910 αὐ-

204 3935 283 4009 τῷ
326 3938 728 4009 μαθητεύοντες
765 3941 872 4011 (12)
904 3943 1214 4015 χαίρουσιν
1252 3945 1558 4018 «Ἤρξαντο
1580 3968 1599 4001 t
1644 3950 1779 4024 γὰρ,

207 4032 393 4102 φησὶν,
430 4050 451 4083 ι
485 4033 634 4087 ἅπαν
678 4033 740 4087 τὸ
776 4033 978 4105 πλῆθος
1023 4035 1127 4091 τῶν
1164 4037 1419 4109 μαθητῶν
1445 4040 1654 4113 χαίρειν
1681 4060 1780 4112 χα-

211 4124 308 4197 ρὰν
336 4125 604 4198 μεγάλην.
627 4145 646 4177 ι

275 4217 329 4271 7.
363 4218 523 4287 Ζητῶ
556 4215 671 4283 οὖν,
701 4220 793 4273 ἐπὶ
823 4220 929 4274 τίνι
958 4221 1233 4295 χαίρουσιν
1261 4227 1309 4279 οἱ
1336 4226 1573 4298 μαθηταὶ
1605 4230 1698 4281 καὶ
1722 4230 1780 4283 ai

208 4304 343 4361 θεῖαι
364 4309 648 4379 δυνάμεις,
673 4312 766 4363 καὶ
797 4312 1078 4384 χαίρουσιν
1105 4315 1380 4381 αίνοῦντες
1405 4318 1495 4371 τὸν
1514 4318 1644 4372 Θεὸν
1672 4336 1783 4389 φω-

1880 2014 2272 2085 discipulorum
2301 2014 2590 2068 multitudo
2615 2030 2738 2069 cum
2769 2014 2900 2071 Iesu
2927 2015 3077 2071 erat?
3107 2030 3289 2070 nonne
3317 2016 3450 2071 duo-

1880 2105 2054 2160 decim
2091 2105 2194 2158 soli
2243 2104 2432 2158 erant?
2463 2103 2667 2175 Ecquid
2722 2121 2852 2176 ergo
2907 2107 3310 2163 multitudinem
3355 2106 3447 2162 hic

1882 2196 2086 2250 indicat
2121 2195 2510 2266 Evangelium?
2563 2195 2668 2252 Sed
2720 2196 2973 2253 fortassis
3007 2198 3182 2268 angeli
3229 2214 3448 2270 quoque

1882 2287 2107 2342 aderant
2137 2288 2236 2349 illi,
2266 2303 2329 2341 ac
2359 2288 2555 2343 divina:
2579 2276 2809 2345 virtutes
2834 2305 2935 2362 pro
2961 2291 3247 2360 discipulis
3268 2302 3444 2349 erant.

1884 2379 2015 2434 Nam
2059 2389 2184 2435 ante
2231 2379 2474 2445 Petrum,
2507 2379 2773 2437 Joannem
2819 2398 2883 2436 ac
2920 2384 3181 2453 reliquos,
3228 2380 3447 2439 Gabriel

1883 2473 2057 2544 ipsius
2087 2480 2171 2529 est
2195 2473 2498 2539 discipulus
2532 2493 2546 2529 :
2593 2475 2710 2544 ipse
2755 2489 2988 2546 namque
3029 2476 3232 2532 missus
3261 2483 3345 2531 est
3376 2475 3447 2529 ad

1881 2564 2107 2619 Mariam
2155 2567 2415 2637 virginem
2459 2582 2525 2621 ex
2562 2568 2769 2623 semine
2811 2565 2981 2622 David
3006 2606 3022 2630 ,
3063 2567 3448 2636 desponsatam

1885 2657 2019 2712 viro.
2048 2656 2167 2728 ipse
2201 2667 2285 2714 est
2315 2659 2409 2729 qui
2436 2659 2510 2713 ait
2540 2678 2553 2714 :
2586 2677 2603 2709 ι
2634 2658 2835 2731 Accipe
2882 2675 3108 2730 puerum
3136 2668 3189 2714 et
3224 2658 3352 2730 fuge
3388 2661 3459 2714 in.

1882 2745 2175 2819 Egyptum
2202 2750 2270 2802 ".
2320 2768 2339 2801 ι
2378 2748 2495 2821 lpse
2526 2752 2726 2821 estqui
2758 2751 2895 2806 dixit
2939 2769 2953 2806 :
2991 2770 3010 2803 ι
3042 2749 3278 2822 Spiritus
3320 2766 3450 2807 san-

1883 2847 2005 2896 ctus
2032 2842 2377 2911 superveniet
2402 2842 2456 2896 in
2484 2849 2558 2905 te,
2579 2853 2633 2898 et
2655 2844 2826 2898 virtus
2855 2842 3123 2898 Altissimi
3153 2844 3449 2899 obumbra-

1883 2936 1961 2991 bit
1994 2936 2092 2990 tibi
2124 2936 2190 2992 ".
2228 2955 2249 2989 ι
2288 2935 2405 3005 Ipse
2432 2945 2517 2991 est
2564 2936 2659 3007 qui
2710 2936 2941 3005 lapidem
2989 2936 3046 2989 in
3097 2942 3450 2991 monumento

1883 3029 2207 3084 revolvebat.
2262 3027 2382 3099 Ipse
2431 3037 2514 3084 est
2562 3030 2655 3099 qui
2706 3028 3029 3084 mulieribus
3085 3026 3448 3082 annuntiabat

1880 3120 2106 3176 dicens:
2146 3138 2163 3172 ι
2212 3121 2331 3176 Νοη
2359 3129 2445 3177 est
2477 3121 2564 3175 hic
2593 3136 2756 3190 quem
2802 3121 3046 3191 queritis
3096 3138 3110 3175 :
3150 3119 3386 3175 surrexit
3416 3133 3447 3173 a

1882 3213 2135 3278 mortuis,
2174 3213 2319 3269 sicut
2358 3213 2513 3268 dixit.
2554 3211 2760 3273 Venite,
2800 3213 2993 3283 inquit,
3024 3213 3202 3270 videte
3245 3214 3447 3274 locum,

1883 3303 1973 3358 ubi
1998 3304 2205 3375 positus
2231 3310 2367 3359 erat.
2393 3304 2529 3360 Ecce
2559 3304 2821 3375 przecedet
2847 3321 2944 3361 vos
2967 3306 3021 3360 in
3045 3305 3341 3370 Galilazam,
3372 3306 3448 3361 ibi

1880 3409 2002 3449 eum
2031 3396 2286 3450 videbitis
2320 3397 2385 3451 ⁸⁸.
2422 3415 2443 3448 ι
2489 3394 2669 3463 Quare
2701 3397 2795 3452 diu
2828 3406 2989 3453 antea
3034 3398 3295 3469 propheta
3333 3398 3449 3453 cla-

1880 3496 2122 3541 maverat
2158 3506 2171 3541 :
2211 3505 2230 3538 ι
2270 3485 2489 3543 Galilzea
2519 3487 2782 3557 gentium,
2819 3491 3052 3559 populus
3096 3489 3188 3558 qui
3227 3489 3449 3545 sedebat

1882 3579 1936 3631 in
1962 3579 2221 3643 tenebris,
2252 3581 2387 3634 vidit
2415 3582 2588 3637 lucem
2624 3598 2873 3654 magnam
2914 3583 2981 3638 ".
3017 3603 3037 3636 ι
3082 3580 3223 3652 Ergo
3258 3590 3312 3637 et
3349 3597 3450 3637 an-

1882 3669 1987 3739 geli
2036 3678 2097 3724 ut
2159 3671 2414 3741 discipuli
2461 3675 2510 3730 ei
2564 3675 2896 3730 ministrant.
2943 3692 2962 3725 ι
3015 3672 3080 3727 Et
3124 3688 3270 3738 ecce,
3349 3673 3446 3736 ait,

1881 3761 2053 3831 angeli
2112 3772 2495 3827 accesserunt,
2527 3772 2580 3820 et
2612 3765 2996 3821 ministrabant
3043 3766 3093 3821 ei
3125 3765 3169 3797 ὐ
3197 3783 3212 3819 :
3253 3783 3273 3816 ι
3300 3764 3447 3819 Gau-

1880 3851 2118 3923 dentque
2166 3868 2357 3910 omnes
2400 3855 2493 3925 qui
2536 3871 2566 3910 e
2613 3856 3005 3928 discipulorum
3058 3855 3180 3926 ejus
3216 3870 3446 3910 numero

1881 3952 2028 4001 sunt.
2088 3944 2222 4000 Nam
2255 3964 2273 3997 ι
2315 3956 2631 4017 coeperunt,
2687 3950 2801 4012 ait,
2845 3950 3023 4005 omnis
3073 3949 3233 4005 turba
3280 3947 3467 4005 discis»

1882 4038 2131 4109 pulcrum
2163 4039 2399 4111 gaudere
2420 4040 2620 4111 gaudio
2640 4056 2838 4113 magno
2863 4042 2929 4098 “.
2972 4060 2997 4097 ι

1952 4219 2002 4275 7.
2032 4220 2227 4286 Quaero
2258 4222 2459 4294 itaque,
2498 4224 2631 4295 quid
2664 4239 2846 4280 causa
2879 4233 2965 4281 est
3010 4226 3169 4296 quod"
3189 4225 3443 4298 discipuli

1878 4322 1933 4370 et
1957 4314 2155 4370 divinae
2184 4316 2413 4372 virtutes
2457 4317 2752 4389 gaudeant,
2804 4319 2912 4374 imo
2952 4320 3222 4389 gaudeant
3252 4334 3446 4390 magna

207 4401 267 4471 νῇ
306 4401 553 4473 μεγάλης
588 4397 735 4475 Ἀρα
769 4403 849 4455 ὅτι
894 4406 922 4457 6
970 4405 1173 4478 Κύριος
1217 4409 1309 4462 ἐπὶ
1359 4408 1515 4479 ψιλοῦ
1560 4411 1780 4482 ὀναρίου

1880 4419 2012 4460 voce
2054 4405 2221 4461 Deum
2253 4406 2577 4463 laudantes?
2605 4407 2744 4462 Num
2774 4408 2899 4463 ideo
2924 4408 3163 4479 gaudent
3188 4410 3446 4479 discipuli

207 4494 473 4565 ὲκαθέσθη
500 4511 515 4559 ;
560 4495 671 4548 Kal.
699 4494 788 4548 διὰ
817 4495 974 4550 τοῦτο
1008 4499 1287 4570 χαίρουσιν
1327 4503 1375 4555 οἱ
1423 4501 1660 4573 μαθηταὶ
1687 4504 1780 4558 καὶ

1881 4514 1943 4554 ac
1969 4500 2167 4555 divinat
2197 4501 2446 4565 virtutes,
2477 4502 2623 4572 quod
2650 4500 2916 4557 Dominus
2942 4502 3031 4557 vili
3073 4502 3244 4557 asello
3286 4503 3449 4557 veha-

206 4584 263 4639 αι
308 4586 448 4640 θεῖαι
496 4588 775 4658 δυνάμεις,
811 4590 891 4642 ὅτι
936 4591 965 4644 6
1011 4591 1212 4663 Κύριος
1261 4594 1355 4648 ἐπὶ
1401 4594 1619 4667 ὁναρίου
1671 4598 1774 4650 ὲπ-

1882 4588 2004 4642 tur?
2028 4604 2148 4659 quae
2173 4595 2324 4644 tanta
2349 4591 2660 4660 imperitia?
2688 4589 2772 4646 An
2798 4592 2996 4662 gaudio
3034 4591 3258 4662 dignum
3290 4600 3374 4647 est
3398 4593 3447 4648 si

204 4681 426 4748 ωχεῖτο;
474 4679 574 4742 Τίς
623 4682 656 4751 ἠ
704 4680 938 4751 τοσαύτη
988 4683 1379 4755 ἀπειροκαλίας
1424 4685 1548 4740 Ἐάν
1573 4704 1656 4750 τις
1687 4689 1780 4742 ἐπὶ

1884 4681 2008 4749 quis
2036 4682 2203 4736 asello
2242 4683 2509 4736 vehatur?
2534 4684 2618 4737 An
2650 4683 2773 4738 ideo
2800 4683 3112 4748 laetandum,
3137 4692 3193 4739 et
3222 4683 3444 4754 quidem

205 4764 321 4821 δνου
353 4767 621 4838 καθεσθῇ,
656 4770 828 4840 χαρᾶς
859 4769 1005 4836 ἄξιόν
1038 4773 1186 4837 sort;
1222 4774 1331 4827 Καὶ
1366 4775 1458 4827 ἐπὶ
1484 4775 1657 4846 τούτῳ
1692 4792 1779 4839 τις

1880 4768 2097 4825 Domini
2128 4771 2444 4840 discipulis?
2480 4769 2599 4825 Non
2650 4771 2884 4842 putarim
2925 4786 3026 4841 ego
3063 4771 3185 4825 ideo
3209 4770 3446 4840 gaudere

203 4858 404 4928 ὀφείλει
454 4860 689 4931 χαίρειν,
717 4862 810 4914 καὶ
853 4861 1025 4915 ταῦτα
1056 4864 1106 4916 οἱ
1138 4864 1230 4917 τοῦ
1258 4865 1467 4936 Κυρίου
1500 4867 1775 4937 μαθηταί;

1882 4861 2183 4932 discipulos
2228 4861 2381 4926 Jesu,
2436 4862 2672 4917 maxime
2718 4863 3076 4933 presentibus
3130 4860 3356 4932 angelis,
3385 4866 3445 4915 ut

216 4952 353 5022 Ἐγὼ
389 4954 495 5007 οῦκ
519 4949 674 5024 οἶμαι
700 4953 788 5007 διὰ
813 4954 969 5009 τοῦτο
1004 4956 1211 5028 χαίρειν
1250 4959 1375 5022 τοὺς
1403 4958 1649 5031 μαθητὰς
1679 4960 1775 5014 τοῦ

1883 4954 2323 5009 memoravimus.
2385 4951 2466 5008 Illi
2518 4967 2754 5023 namque
2787 4953 2970 5009 sciunt
3010 4968 3115 5023 qua
3162 4953 3230 5008 de
3274 4967 3443 5008 causa

214 5041 386 5115 Ἰησοῦ
403 5063 417 5074 ·
453 5044 690 5115 μάλιστα
713 5047 805 5099 καὶ
826 5046 1072 5116 ἀγγέλων
1087 5049 1268 5111 αὐτοῖς
1290 5050 1573 5114 συνόντων,
1599 5049 1780 5117 καθὼς

1881 5044 2149 5114 gaudeant
2181 5058 2196 5097 :
2243 5059 2458 5114 semper
2486 5047 2630 5098 enim
2668 5046 2930 5099 nonnulla
2961 5044 3166 5103 vident.
3208 5058 3451 5113 quorum

205 5137 541 5207 ὑπεθέμεθα.
578 5136 803 5191 Ἐκεῖνοι
840 5139 951 5210 γάρ
985 5138 1151 5204 ἴσασι,
1193 5139 1281 5193 διὰ
1316 5143 1442 5194 ποῖα
1481 5141 1780 5213 πράγματα

1880 5151 2043 5192 causa
2084 5136 2319 5206 gaudere
2359 5137 2483 5191 illos
2515 5137 2787 5192 convenit.
2822 5134 3054 5191 Attende
3101 5136 3267 5198 enim,
3307 5135 3438 5205 quid

204 5229 472 5299 χαίρουσι.
520 5228 746 5291 Πάντως
781 5230 890 5301 γὰρ
920 5230 1087 5301 ὁρῶσί
1111 5248 1256 5293 τινα,
1308 5232 1390 5300 ἐφ’
1427 5227 1509 5295 οἷς
1535 5233 1682 5298 ἄξιον
1710 5230 1778 5305 ἦν

1880 5228 2023 5282 dicat
2046 5228 2396 5298 Evangelium
2425 5245 2438 5281 :
2468 5229 2689 5298 gavisos
2713 5244 2809 5283 eos
2839 5229 3030 5295 fuisse,
3068 5245 3089 5279 ι
3121 5242 3286 5297 super
3321 5242 3442 5281 om-

204 5319 396 5383 αὐτοὺς
427 5319 666 5390 χαίρειν.
687 5319 927 5390 Ιίρὸσχες
948 5319 1074 5391 γὰρ,
1098 5320 1150 5373 τί
1174 5338 1305 5391 φησι
1329 5321 1390 5375 τὸ
1418 5323 1774 5391 Εὑαγγέλιον·

1880 5321 2037 5376 nibus
2074 5335 2211 5390 quas
2264 5319 2511 5375 viderant
2538 5320 2835 5375 virtutibus
2881 5321 2946 5374 °’.
2985 5337 3005 5373 ι
3063 5318 3217 5386 Quas
3256 5326 3436 5372 autem

203 5405 283 5463 ὃτι
298 5408 519 5483 ἔχαιρον
548 5426 568 5459 ι
594 5409 686 5461 ἐπὶ
704 5408 911 5473 πασῶν,
933 5402 1006 5463 ὧν
1027 5404 1185 5475 εἶδον,
1207 5409 1505 5481 δυνάμεων.
1532 5430 1551 5464 ι
1574 5413 1704 5477 Οῖας
1719 5412 1776 5468 δέ

1880 5415 2104 5469 virtutes
2127 5413 2386 5469 videbant
2410 5412 2838 5482 discipuli,eum
2870 5411 3132 5467 Dominus
3159 5409 3453 5466 asinaminm

271 5564 319 5596 ⁸⁸
377 5562 542 5618 Joan.
576 5578 707 5624 xm.
742 5562 796 5622 4.
835 5564 889 5624 5,
919 5563 1004 5617 12.
1081 5564 1127 5597 ⁸⁸
1167 5562 1356 5618 Matth.
1389 5581 1478 5619 ut
1501 5606 1516 5624 .
1549 5565 1667 5620 7-9.
1773 5568 1780 5600 ¹

1880 5567 2046 5622 tiatth.
2085 5584 2123 5623 η
2149 5609 2162 5623 .
2200 5568 2284 5621 15.

2389 5567 2435 5600 ³⁷
2474 5566 2608 5623 Luc.
2646 5582 2699 5632 ι,
2734 5567 2822 5622 56.

206 5633 259 5701 6,
293 5633 349 5689 7.
420 5635 470 5673 ⁸ο
510 5632 613 5688 lsa.
650 5648 739 5696 ιι,
780 5634 909 5694 1,2.
987 5634 1033 5667 ⁶⁰
1073 5633 1260 5689 Matth.
1300 5650 1375 5700 tv,
1414 5637 1497 5690 Η.
1574 5638 1615 5668 ⁶¹
1660 5635 1780 5693 Luc.

1885 5655 1952 5704 Χ,
1984 5640 2073 5695 57.
2149 5639 2193 5671 ⁸⁸
2230 5638 2363 5694 ibid.

2926 5567 2972 5600 ⁸⁸
3010 5565 3198 5621 Matth.
3232 5580 3401 5621 xxvm
3420 5605 3438 5630 ,

275 5790 385 5853 (liii
424 5788 538 5858 Reg
588 5787 973 5842 ὲνδιδῦσκεται.

278 5790 385 5853 (1οξ
424 5789 538 5858 Reg
588 5789 973 5842 ὲνδιδῦσκεται.

278 5862 386 5931 (ll)
415 5859 552 5930 Reg.
585 5858 1049 5928 ὲπανακλίνωμεν.

1953 5791 2077 5861 (l2)
2100 5790 2192 5847 Sic
2223 5789 2355 5863 Reg.
2383 5790 2523 5846 Editi
2555 5806 2707 5855 vero,
2735 5790 3122 5854 διακονοῦντες.

467 5877 552 5912 ΘΠ.
585 5877 844 5911 επανακΛι
854 5877 994 5912 νωμε
1001 5877 1049 5912 ν.
