4022 6382
575 459 717 521 10όό

575 574 822 631 cideret?
841 571 956 626 Non
989 563 1104 626 erat
1131 570 1281 640 parvi
1313 584 1402 624 res
1447 565 1728 628 momenti,

575 669 724 723 illius
743 667 933 721 seriem
949 664 1446 733 contemplabantur
1463 657 1718 732 mysteria
1733 652 1978 725 quaedam
1997 647 2128 703 divi-

576 773 781 829 nasque
799 757 1045 811 virtutes.
1073 755 1212 808 Audi
1249 753 1406 824 381
1433 751 1577 807 enim
1594 749 1926 804 Salvatorem
1949 741 2129 795 dicen-

576 862 684 908 tem
723 871 737 905 :
775 870 794 902 ι
825 850 1090 904 Gaudium
1117 848 1220 903 erit
1244 847 1300 901 in
1327 848 1469 901 malo
1511 857 1676 914 super
1702 854 1811 896 uno
1845 843 2130 906 peccatore

573 941 946 1014 penitentiam
979 947 1189 1009 agente,
1217 951 1379 1006 quam
1423 949 1586 1004 super
1613 929 1907 1000 nonaginta
1938 938 2129 980 novem

570 1034 738 1106 justis
763 1032 856 1103 qui
885 1047 994 1086 non
1023 1029 1262 1099 indigent
1297 1025 1612 1098 pmnitentia
1640 1025 1705 1078 ⁸³.
1742 1041 1760 1074 ι
1787 1019 1968 1086 Quare
2004 1015 2130 1070 alibi

573 1105 734 1180 docet
766 1138 860 1179 eos
897 1123 1126 1192 loquens
1165 1119 1223 1174 in
1278 1117 1553 1190 parabolis
1583 1134 1596 1170 :
1637 1133 1657 1165 ι
1693 1113 1866 1166 Homo
1912 1105 2132 1180 quidam

573 1217 780 1272 habens
811 1221 1026 1270 centum
1051 1228 1202 1275 oves,
1229 1211 1274 1265 si
1297 1207 1560 1264 errat-erit
1589 1220 1698 1260 una
1725 1220 1790 1259 ex
1816 1204 1918 1265 eis,
1953 1211 2136 1254 nonne

573 1307 834 1378 relinquit
858 1304 1154 1376 nonaginta
1189 1317 1408 1365 novem,
1431 1316 1550 1370 qua:
1583 1313 1692 1351 non
1719 1297 2060 1354 erraverant,
2082 1296 2138 1342 et

572 1399 724 1456 vadit
755 1412 998 1469 quaerere
1025 1409 1144 1450 eam
1169 1407 1291 1462 quae
1321 1388 1563 1446 erravit?
1589 1386 1655 1439 Et
1684 1383 1963 1440 inveniens
1995 1395 2134 1444 eam,

574 1490 772 1562 gaudet
803 1502 969 1557 super
988 1501 1108 1541 eam
1132 1485 1323 1555 magis,
1348 1496 1510 1552 quam
1542 1493 1705 1548 super
1729 1471 2020 1543 nonaginta
2047 1485 2139 1525 no-

573 1597 723 1644 vem,
753 1595 873 1650 quae.
895 1592 1004 1632 non
1031 1580 1348 1631 erraverunt
1377 1571 1441 1624 “.
1473 1589 1491 1621 ι
1526 1567 1656 1635 Qua:
1683 1564 1826 1620 enim
1855 1575 1962 1616 non
1989 1572 2140 1614 erra-

574 1647 794 1736 verunt,
833 1683 945 1723 non
982 1673 1141 1737 egent
1187 1661 1525 1735 pmnitentia.
1576 1656 1675 1710 ilic
1728 1656 1910 1722 itaque
1958 1647 2139 1719 pullus

578 1763 744 1818 etiam
785 1761 904 1816 ovis
935 1765 1180 1820 vocatur,
1209 1763 1262 1810 et
1287 1754 1429 1808 filius
1464 1746 1860 1804 adolescentior
1901 1761 1914 1796 :
1949 1759 1968 1791 ι
2009 1737 2140 1794 Ovis

579 1853 749 1915 enim,
785 1848 980 1920 inquit,
1009 1861 1198 1902 errans
1237 1844 1414 1898 factus
1444 1849 1528 1895 est
1567 1837 1796 1908 populus
1829 1847 1983 1888 meus
2020 1829 2086 1882 “.
2114 1846 2134 1878 ι

580 1943 648 1998 Ει
678 1941 806 1998 alibi
830 1919 901 1996 τί(
941 1937 1203 2008 Cognovit
1238 1936 1338 1990 bos
1364 1928 1913 2005 possessoremjsuum
1951 1930 2006 1978 et
2033 1919 2137 1974 asi-

581 2049 689 2090 nus
731 2045 968 2103 praesepe
1011 2026 1212 2084 domini
1268 2023 1354 2080 sui
1401 2023 1467 2078 “.
1506 2039 1526 2074 ι
1573 2019 1702 2075 Item
1737 2035 1751 2071 :
1790 2035 1809 2068 ι
1849 2013 2018 2068 Filius
2046 2010 2135 2064 hic

580 2139 735 2180 meus
763 2120 1158 2178 adolescentior
1181 2117 1432 2188 perierat,
1462 2123 1515 2169 et
1543 2113 1794 2168 inventus
1825 2113 1911 2163 est
1944 2123 1959 2162 :
1993 2117 2138 2158 mor-

581 2227 707 2270 tuus
735 2221 872 2277 erat,
901 2219 956 2266 et
986 2207 1178 2265 revixit
1201 2207 1265 2260 εν.
1303 2225 1322 2258 ι

653 2387 705 2445 8.
739 2386 862 2444 Haec
893 2387 1072 2456 itaque
1101 2383 1283 2440 omnia
1314 2382 1371 2436 in
1410 2395 1470 2436 se
1518 2376 1822 2448 suscipiens
1856 2371 2136 2434 Dominus,

582 2478 858 2533 hominem
902 2475 1100 2537 induit,
1144 2480 1198 2528 et
1240 2470 1396 2542 quasi
1439 2469 1557 2524 ovis
1585 2469 1652 2521 ad
1681 2465 2010 2520 occisionem
2039 2463 2142 2516 du-

583 2581 707 2625 ctus
738 2575 843 2634 est,
881 2583 945 2622 ac
995 2565 1140 2621 sedit
1186 2578 1351 2633 super
1406 2561 1656 2622 asellum,
1703 2566 1759 2611 et
1789 2561 2038 2610 mortuus
2061 2558 2144 2606 est

586 2669 750 2730 atque
791 2657 1036 2728 sepultus
1080 2653 1379 2710 secundum
1439 2649 1768 2720 Scripturas.
1828 2645 1892 2699 Et
1943 2657 2142 2714 corpus

585 2753 804 2824 quidem
855 2751 974 2820 ejus
1007 2748 1223 2818 jacebat
1273 2745 1329 2799 in
1378 2749 1749 2804 monumento,
1797 2739 1970 2795 deitas
2015 2751 2144 2792 vero

587 2846 708 2916 ejus
737 2841 1011 2898 infernum
1051 2835 1348 2910 spoliabat;
1399 2842 1559 2906 atque
1592 2834 1834 2890 solvebat
1869 2828 2146 2898 compedi-

589 2947 698 2998 tos,
745 2934 987 3006 captivos
1038 2930 1356 2993 redimebat,
1409 2934 1764 2996 mortuosque
1818 2922 2142 2978 vivificabat.

589 3027 716 3083 Ideo
747 3041 977 3096 namque
1005 3024 1059 3078 in
1087 3037 1304 3078 crucem
1334 3018 1582 3076 ascendit
1611 3016 1677 3073 de
1709 3015 1930 3071 inimico
1962 3013 2149 3067 trium-

592 3121 789 3190 phans,
826 3127 987 3188 atque
1011 3117 1186 3170 factus
1223 3129 1324 3184 pro
1356 3112 1515 3168 nobis
1554 3109 1919 3170 maledictum,
1949 3105 2150 3176 spinis-

591 3226 698 3280 que
731 3217 1057 3272 coronatus,
1089 3213 1148 3260 ut
1182 3221 1283 3260 nos
1317 3221 1382 3260 ex
1415 3205 1522 3258 lata
1562 3202 1848 3257 adversum
1897 3213 1997 3254 nos
2025 3212 2152 3253 sen-
2179 3245 2223 3302 Ο

593 3299 767 3354 tentia
796 3297 1104 3354 redimeret.
1135 3295 1269 3350 Nam
1297 3295 1506 3349 Adamo
1540 3293 1744 3349 dictum
1787 3291 1891 3346 fuit
1925 3311 1938 3346 :
1977 3308 1996 3342 ι
2030 3289 2154 3360 Spi-

593 3405 696 3446 nas
749 3389 1072 3461 germinabit
1120 3388 1218 3442 tibi
1253 3397 1397 3443 terra
1425 3386 1470 3418 “
1521 3405 1535 3440 :
1591 3404 1610 3438 ι
1669 3385 1848 3451 Quare
1895 3397 2155 3437 coronam

595 3481 839 3551 spineam
871 3481 1087 3551 accipit,
1119 3480 1499 3548 calamumque
1543 3477 1780 3532 dexterae
1824 3475 1944 3544 ejus
1971 3473 2156 3528 manui

595 3569 918 3640 gestandum
959 3576 1256 3640 pararunt;
1285 3577 1346 3622 ut
1374 3582 1440 3623 eo
1469 3565 1736 3635 serpentis
1765 3562 1924 3618 facile
1950 3563 2154 3616 caedem

593 3671 854 3732 patraret.
887 3659 1018 3716 Item
1046 3675 1144 3731 pro
1181 3659 1450 3730 serpentis
1499 3671 1729 3722 veneno,
1780 3654 1923 3724 quod
1969 3651 2158 3708 hausit

593 3749 765 3804 Adam
817 3751 871 3805 in
899 3750 1174 3822 paradiso,
1209 3751 1324 3820 ipse
1373 3763 1473 3820 pro
1503 3747 1660 3804 nobis
1721 3746 1842 3802 felle
1898 3752 1953 3800 et
2003 3749 2158 3800 aceto

594 3850 833 3913 potatur.
865 3841 932 3896 Et
962 3857 1060 3913 pro
1083 3850 1236 3898 costa
1279 3857 1346 3897 ex
1377 3855 1486 3911 qua
1529 3838 1727 3910 prodiit
1767 3837 1898 3904 Eva,
1932 3837 2048 3908 ipse
2076 3837 2159 3890 la-

597 3941 688 3989 tus
716 3948 876 3990 suum
911 3935 1140 4004 praebuit
1167 3932 1574 4005 perforandum.
1599 3931 1792 3988 Mulier
1813 3930 1946 3994 Eva,
1965 3929 2165 3984 mulier

596 4023 790 4090 Maria,
819 4039 888 4078 ex
915 4038 1024 4094 qua
1073 4031 1240 4078 natus
1287 4031 1372 4078 est
1423 4021 1697 4079 Christus.
1751 4021 1924 4077 Homo
1960 4020 2156 4086 Adam,

599 4116 763 4170 homo
789 4115 952 4170 etiam
979 4129 1141 4184 quem
1165 4114 1417 4170 Christus
1445 4114 1710 4185 gestabat.
1736 4113 2025 4169 Paradisus
2042 4119 2161 4168 erat

597 4218 663 4259 ex
697 4219 806 4274 quo
843 4205 1012 4258 Adam
1067 4203 1274 4273 eiectus
1323 4213 1441 4271 est;
1496 4205 1779 4274 paradisus
1824 4204 1952 4258 item
1999 4217 2160 4273 quem

598 4292 795 4361 latroni
819 4295 1032 4364 aperuit
1061 4296 1332 4351 Christus.
1365 4295 1464 4350 Hic
1491 4297 1673 4366 itaque
1698 4280 1878 4366 pullus
1907 4302 2162 4366 peccator

598 4397 745 4438 unus
766 4391 872 4446 est,
897 4385 1273 4452 paenitentiam
1295 4401 1482 4456 agens,
1514 4401 1675 4456 quem
1703 4385 1865 4440 solvit
1899 4385 2161 4448 Dominus

597 4487 667 4527 ex
695 4473 898 4528 diaboli
936 4475 1190 4542 vinculis,
1222 4477 1289 4532 de
1334 4491 1448 4546 quo
1495 4476 1749 4548 gaudium
1790 4486 1894 4538 est,
1945 4491 2054 4532 non
2103 4477 2160 4531 in

1693 445 1752 501 8.
1787 429 2244 498 ATHANASIUS.
2279 459 2349 472 ——
2386 420 2653 480 SPURLA.

1762 559 1856 617 sed
1904 571 2000 629 per
2040 553 2122 607 rei
2149 558 2196 613 Α
2221 544 2476 614 δυνάμεις
2511 537 2776 629 ἐθεώρουν
2817 533 2880 629 οἱ.
2905 527 3177 629 ’μαθητειάἱ
3195 525 3277 629 ,ἐν
3437 513 3788 629 ἐπικαθέρθρξ

2223 641 2290 709 τῇ
2323 603 2427 706 ὄνῳ
2455 603 2546 688 τὸν
2573 603 2812 702 Ἰησοῦνς
2852 624 2966 678 Οὐκ
2995 617 3061 692 ἦν
3093 617 3253 688 ψιλὸν
3283 614 3344 668 τὸ
3375 603 3790 709 πρᾶγμα,.ἀλ.λά

3659 406 3789 452 ΝΜΟ

2339 693 2436 798 τῆς
2470 693 2706 795 ἱστορίας
2736 717 2999 788 ἐθεώρουν
3038 711 3157 765 τινὰ
3190 707 3462 780 μυστήρια
3511 699 3610 753 καὶ
3636 693 3790 798 6w?-

2237 838 2354 894 μεις
2394 790 2562 882 θείας.
2585 790 2782 868 δΑκουε
2831 809 2937 880 γὰρ
2969 803 3059 860 τοῦ
3104 801 3358 872 Σωτῆρος
3405 795 3677 894 λέγοντος,
3715 790 3789 842 ὅτι

2235 884 2252 965 ἓ
2294 909 2450 982 Χαρά
2475 909 2682 978 γίνεται
2724 907 2780 958 ἐν
2810 897 3019 972 οὐρανῷ
3045 896 3136 949 ἐπὶ
3169 893 3248 946 ἐνὶ
3277 884 3593 962 ἁμαρτωλῷ
3629 897 3785 953 μετα-

2229 1003 2462 1064 νοοῦντι,
2501 998 2649 1071 ἢέπὶ
2687 995 3034 1063 ἐννενήκοντα
3063 985 3216 1040 ἐννέα
3247 980 3501 1040 δικαίοις,
3525 975 3716 1033 οἵτινες
3732 971 3788 1024 οὐ

2233 1094 2416 1168 χρείαν
2438 1067 2616 1162 έχουσι
2657 1084 2957 1158 μετανοίας.
2981 1100 3000 1132 ι
3021 1078 3108 1132 Διὸ
3135 1077 3231 1130 καὶ
3255 1076 3311 1126 ἐν
3328 1070 3503 1141 ἑτέρῳ
3521 1067 3787 1122 ἐδίδασκεν

2231 1154 2445 1247 αέτους,
2467 1154 2638 1250 λέγων
2658 1154 2722 1232 *ἐν
2754 1173 3084 1246 παραϐολαῖς
3105 1185 3117 1198 ·
3145 1186 3163 1218 ι
3209 1161 3530 1230 ’Ἄνθρωπός
3548 1173 3642 1250 τις
3664 1154 3788 1250 ἔχων

2234 1243 2729 1344 ἑκατὸν-πρόόατα,
2776 1243 2868 1321 ἐὰν
2912 1259 3154 1330 πλανηθῇ
3204 1256 3261 1308 ἐν
3305 1253 3366 1317 ἐξ
3415 1249 3624 1313 αὐτῶν,
3671 1243 3806 1344 οὐχὶ,

2241 1367 2424 1437 ἀφίησι
2459 1337 2528 1418 τά
2557 1362 2908 1432 ἐννενήκοντα
2953 1353 3104 1409 ἐννέα
3143 1349 3213 1403 τὰ
3266 1345 3340 1418 μὴ
3385 1337 3788 1410 πεπλανημένα,

2235 1431 2328 1512 καὶ
2362 1431 2647 1529 πορεύεται
2694 1431 2869 1524 ζητῶν
2897 1448 2957 1502 τὸ
3001 1443 3450 1512 πεπλανημένον;
3487 1435 3602 1488 Καὶ
3629 1431 3790 1503 εὑρὼν

2236 1549 2387 1613 αὐτὸ,
2414 1525 2585 1618 χαρὰν
2617 1546 2725 1616 (13)
2757 1543 2934 1613 χαίρει
2969 1540 3054 1591 ἐπ’
3085 1533 3230 1604 αὐτῷ
3265 1531 3466 1603 μᾶλλον
3499 1526 3533 1598 ἦ
3567 1526 3662 1579 ἐπὶ
3687 1525 3789 1587 τοῖς

2237 1641 2582 1710 ἐννενήκοντα
2609 1635 2761 1690 ἐννέα
2789 1636 2902 1696 τοῖς
2926 1629 2998 1703 μὴ
3029 1623 3460 1695 πεπλανημένοις
3481 1637 3498 1650 υ
3546 1639 3565 1670 ι
3601 1617 3670 1671 τὰ
3694 1615 3792 1686 γὰρ

2241 1731 2315 1802 μὴ
2346 1729 2730 1801 πεπλανημένα
2762 1727 2948 1797 χρείαν
2990 1723 3091 1774 οὐκ
3140 1719 3322 1789 ἔχουσι
3359 1712 3670 1785 μετανοίας.
3703 1704 3794 1760 Οὖ-

2239 1799 2329 1886 τος
2371 1819 2464 1876 οὖν
2510 1824 2539 1875 6
2579 1799 2760 1881 πῶλος
2807 1816 2900 1870 καί¹
2941 1812 3208 1884 πρόϐατον
3247 1809 3514 1865 καλεῖται,
3564 1803 3661 1856 καὶ
3694 1799 3794 1862 υἱὸς

2172 1887 2215 1944 Β
2240 1912 2516 1982 νεώτερος.
2546 1927 2564 1960 ι
2593 1907 2866 1981 Πρὸὅατον
2911 1901 3038 1972 γὰρ,
3091 1898 3243 1969 φησὶ,
3289 1891 3644 1961 πλανώμενον
3689 1889 3795 1954 ἐγε-

2241 2000 2376 2072 νήθη
2406 1976 2454 2054 '6
2489 1997 2615 2062 λαός
2646 1976 2760 2067 -μου
2781 2012 2794 2025 ο
2834 2013 2854 2044 ι
2886 1992 2980 2046 καὶ
3024 1989 3216 2044 πάλιν·
3253 2004 3272 2036 ι
3316 1982 3501 2072 Ἔγνω
3552 1978 3678 2050 βοῦς
3713 1976 3794 2028 τὸν

2241 2091 2602 2162 κτησάμενον,
2638 2086 2732 2140 καὶ
2772 2084 2891 2146 ὄνος
2925 2082 3024 2151 τὴν
3074 2077 3283 2148 φάτνην
3321 2071 3415 2124 τοῦ
3467 2069 3663 2140 κυρίου
3705 2067 3795 2119 αὑ-

2239 2158 2368 2236 τοῦ-⁸
2403 2158 2571 2243 »γκαὶη
2607 2197 2626 2230 ι
2673 2177 2732 2230 Ὀ
2757 2174 2872 2238 υἱός
2907 2189 3005 2245 μου
3042 2163 3195 2232 οὗτος
3234 2169 3262 2220 6
3289 2161 3555 2233 νεώτερος
3599 2158 3795 2212 ἀπολω-

2243 2272 2350 2337 λὼς
2379 2268 2468 2342 ἧν,
2497 2272 2588 2324 καὶ
2617 2267 2812 2340 εὑρέθη
2831 2282 2848 2296 ο
2876 2263 3066 2335 νεκρὸς
3093 2257 3181 2331 ἦν,
3216 2257 3310 2312 καὶ
3338 2254 3626 2324 ἀνέζησεν.
3669 2271 3687 2302 t

2313 2364 2367 2418 8.
2408 2363 2592 2416 Ταῦτα
2641 2357 2734 2414 οὖν
2781 2357 2958 2412 πάντα
3000 2355 3080 2417 εἰς
3125 2350 3314 2406 ἐαυτὸν
3361 2343 3796 2414 ἀναδεξάμενοςό

2245 2444 2468 2529 Κύριος,
2500 2452 2781 2525 ἄνθρωπον
2814 2446 3114 2506 ἐνεδύσατο,
3147 2441 3242 2496 καὶ
3287 2440 3363 2501 ὡς
3410 2437 3686 2508 πρόϐατον
3715 2433 3795 2486 ἐπὶ

2250 2527 2464 2620 σφαγὴν
2501 2546 2661 2618 ήχθη,
2704 2543 2796 2596 καὶ
2839 2539 2932 2592 ἐπὶ
2969 2535 3182 2608 ὀναρίου
3251 2529 3544 2600 ἐκαθέσθη,
3579 2528 3673 2580 καὶ
3701 2527 3794 2578 ἀπ-

2249 2619 2428 2704 έθανε,
2450 2640 2544 2692 καὶ
2571 2639 2764 2708 ἐτάφη,
2780 2631 2920 2688 κατὰ
2940 2628 3038 2693 τὰς
3054 2625 3290 2698 Γραφάς.
3312 2623 3426 2676 Καὶ
3445 2622 3507 2676 τὸ
3535 2621 3634 2693 μὲν
3659 2619 3796 2687 σῶμα

2249 2729 2412 2784 αὑτοῦ
2445 2729 2620 2782 ἔκειτο
2647 2729 2704 2782 ἐν
2744 2724 2822 2796 τῷ
2857 2718 3122 2794 μνημείῳ,
3158 2719 3191 2786 η
3215 2715 3272 2768 δέ
3299 2713 3492 2782 θεότης
3520 2709 3795 2764 ἐσκύλευσε

2249 2824 2340 2876 τὸν
2369 2823 2534 2894 ᾅδην·
2583 2821 2676 2874 καὶ
2725 2817 2881 2870 ἐλυσε
2927 2813 3054 2874 τοὺς
3094 2805 3526 2875 πεπεδημένους,
3565 2802 3660 2856 καὶ
3692 2799 3796 2851 ἐλυ-

2249 2913 2444 2986 τροῦτο
2466 2913 2592 2976 τοὺς
2623 2905 3018 2981 αἰχμαλώτους,
3053 2900 3147 2955 καὶ
3178 2896 3458 2962 ἐξωοποίει
3489 2893 3619 2955 τοὺς
3654 2889 3794 2943 τεθα-

2253 2977 2614 3074 νατωμένους.
2796 2997 2954 3050 τοῦτο
3005 2992 3114 3063 γὰρ
3161 2990 3254 3042 καὶ
3308 2987 3402 3039 ἐπὶ
3449 2984 3542 3038 τὸν
3585 2977 3795 3051 σταυρὸν

2254 3073 2537 3168 ἀνέρχεται
2586 3089 2931 3164 θριαμϐεύων
2976 3083 3068 3138 τὸν
3118 3079 3330 3152 ἐχθρὸν,
3381 3077 3477 3131 καὶ
3528 3073 3795 3168 γενόμενος

2256 3160 2574 3258 ὑπὲρ-ἡμῶν
2601 3160 2833 3252 κατάρα,
2859 3177 2953 3230 καὶ
2984 3170 3414 3242 στεφανούμενος
3447 3165 3510 3230 ἐξ
3545 3160 3793 3258 ἀκανθῶν.

2255 3281 2342 3334 ἴνα
2364 3250 2474 3349 ’τῆς
2523 3250 2819 3344 γενομένης
2861 3267 2984 3322 καθ’
3027 3263 3184 3336 ήμῶν
3225 3259 3552 3330 ἀποφάσεως
3606 3250 3796 3308 ἐλευθε-

2259 3345 2442 3443 ρώσῃί
2459 3367 2717 3422 Λέλεκται
2746 3361 2854 3432 γὰρ
2878 3358 2956 3430 τῷ
2992 3355 3184 3425 Ἀδὰμ,
3215 3353 3295 3406 ὃτι
3331 3368 3350 3402 ι
3393 3347 3660 3410 Ἀκάνθας
3686 3345 3798 3398 ἀνα-

2254 3437 2404 3516 τελεί⁷
2429 3477 2508 3512 σοι
2540 3460 2575 3528 ή
2602 3457 2706 3528 γῆ·
2740 3476 2758 3506 ι
2787 3453 2866 3506 διὸ
2888 3449 2979 3503 τὸν
3013 3447 3071 3514 ἐξ
3103 3442 3353 3499 ἀκανθῶν
3390 3441 3654 3510 στέφανον
3681 3437 3798 3490 ἀνα-

2255 3553 2487 3624 δέχεται,
2521 3525 2623 3603 κάτ’
2644 3525 2884 3615 κάλαμον
2914 3542 2981 3611 τῇ
3017 3536 3164 3608 δεξιᾷ.
3200 3531 3363 3588 αὐτοῦ
3396 3529 3543 3600 χειρὶ
3567 3525 3798 3594 κατέχειν

2257 3644 2692 3718 παρεσκεύασαν,
2720 3641 2806 3693 ἵνα
2841 3635 2928 3689 διὰ
2954 3631 3144 3685 τούτου
3171 3627 3265 3680 τοῦ
3294 3626 3471 3695 ὄφεως
3503 3619 3696 3694 ῥᾳδίως
3717 3615 3802 3684 τὴν

2257 3703 2534 3808 ἀναίρεσιν
2580 3703 2886 3803 ποιήσηται.
2925 3725 3080 3779 Οὕτω
3109 3719 3218 3792 γὰρ
3264 3717 3424 3772 πάλιν
3461 3713 3586 3768 ἀντὶ
3615 3703 3802 3763 τοῦίοῦ

2257 3829 2351 3884 τοῦ
2383 3801 2578 3896 ὄφεως,
2623 3801 3012 3894 οὗήμετέλαϐεν
3067 3812 3237 3883 ’Δδάμ
3268 3811 3324 3864 ἐν
3370 3807 3450 3878 τῷ
3486 3801 3802 3896 παραδείσῳ,

2259 3888 2438 3983 αὐτὸς.
2456 3888 2597 3987 ὑπὲρ
2635 3888 2791 3986 ἡμῶν
2833 3908 2996 3981 χολὴν
3049 3903 3164 3976 μετ’
3190 3901 3346 3967 ὄξους
3387 3896 3693 3987 ποτίζεται·
3723 3888 3806 3987 καὶ

2257 4011 2378 4067 ἀντὶ
2399 3979 2524 4079 γτῆς
2568 3979 2928 4077 ’πλευρᾶςέξ
2959 3993 3027 4070 ἧς
3056 3993 3275 4066 ἐξῆλθεν
3315 3988 3451 4054 Εὕα,
3503 3984 3667 4079 αὐτος
3687 3979 3808 4079 -τήν

2261 4101 2454 4157 ἐαυτοῦ
2479 4070 2734 4172 πλευρὰν-
2763 4093 3031 4166 παρέσχεν
3081 4090 3160 4150 είς
3215 4082 3448 4156 σφαγήν.
3499 4078 3644 4148 Γυνὴ
3687 4070 3808 4127 Εὔα.

2260 4195 2396 4265 γυνὴ
2428 4168 2634 4264 Μαρία,
2665 4188 2726 4254 ἐξ
2768 4183 2836 4260 ἧς
2865 4179 3122 4252 ἐγεννήθη
3155 4179 3186 4230 ὁ
3225 4173 3476 4246 Χριστός.
3506 4168 3812 4265 "Amputat;

2261 4257 2290 4339 ό
2333 4257 2536 4354 ’Ᾰδάμξ
2557 4257 2861 4351 ἄνθρωπος,
2893 4273 2952 4327 ὃν
2980 4271 3236 4342 ἐφόρεσεν
3278 4268 3307 4320 6
3339 4262 3594 4336 Χριστός.
3639 4257 3813 4354 Παρά·

2261 4346 2564 4440 δεισοςίέξ
2612 4346 2673 4426 οὗ
2715 4365 2975 4436 ἐξεϐλήθη
3027 4365 3055 4417 6
3118 4359 3320 4430 ’A6dp.°
3372 4354 3718 4426 παράδεισος,
3762 4346 3816 4440 ὄν

2263 4433 2462 4539 ἀνέῳξε
2487 4433 2565 4536 τῶ
2590 4464 2759 4536 λῃστῇ
2790 4463 2819 4514 ό
2842 4433 3089 4530 Χριστός.
3117 4447 3283 4514 Οὗτος·
3311 4445 3404 4503 οὖν
3430 4450 3460 4500 ό
3487 4444 3663 4506 πῶλος
3691 4443 3719 4495 ό
3744 4433 3818 4500 εἷς

596 4573 745 4622 tem
778 4567 958 4632 modo,
995 4569 1090 4623 sed
1122 4570 1283 4622 etiam
1319 4533 1374 4622 in
1415 4533 1590 4624 cmlis.
1633 4567 1768 4622 Cum
1813 4533 1977 4638 igitur
2023 4570 2151 4624 solu-

2269 4533 2585 4633 ἁμαρτωλός
2630 4533 2801 4619 ἐστιν,
2853 4553 2881 4605 ό
2914 4547 3207 4621 μετανοῶν,
3234 4544 3292 4597 ὃν
3321 4543 3510 4650 ἔλυσεν
3551 4539 3580 4590 ό
3629 4533 3820 4604 Κύριος

595 4667 688 4716 tus
731 4661 910 4732 pullus
949 4660 1145 4718 fuisset
1189 4675 1219 4714 a
1261 4661 1568 4731 discipulis,
1613 4659 1891 4717 adducunt
1935 4675 2058 4714 eum
2094 4661 2164 4716 ad

595 4748 807 4814 Jesum,
837 4751 1186 4822 gaudentque
1216 4750 1415 4823 gaudio
1447 4765 1644 4822 magno
1687 4769 1702 4807 :
1744 4753 1872 4807 item
1904 4751 2078 4818 angeli
2111 4759 2168 4806 et

597 4843 799 4932 divina:
825 4845 1052 4901 virtutes
1081 4845 1320 4916 gaudent
1353 4858 1518 4914 super
1537 4860 1603 4900 eo
1623 4845 1715 4914 qui
1746 4845 1980 4916 perierat
2000 4851 2054 4898 et
2083 4843 2168 4896 in-

597 4945 793 4992 ventus
844 4943 948 4992 cst.
985 4937 1088 5004 Qui
1129 4936 1297 5006 igitur
1339 4936 1410 4992 iis
1441 4952 1562 5006 quae
1613 4937 1873 5000 diximus,
1913 4941 2170 4990 accurate

596 5028 839 5084 animum
873 5030 1236 5100 applicuerit,
1282 5037 1338 5084 et
1380 5029 1693 5099 evangelica
1732 5030 1900 5086 verba
1942 5028 2168 5098 mystice

597 5117 808 5188 legerit,
836 5118 886 5174 is
933 5133 1064 5175 sane
1090 5118 1405 5190 perspiciet,
1453 5117 1599 5174 hunc
1633 5119 1842 5188 pullum
1879 5131 2002 5172 esse
2034 5131 2167 5186 pec-

597 5212 840 5261 catorem
868 5207 1167 5291 Adamum.
1199 5207 1336 5264 Cum
1371 5207 1498 5263 dico
1525 5209 1810 5266 Adamum.
1851 5206 2168 5262 universum

597 5310 770 5363 genus
801 5297 1098 5353 humanum
1123 5300 1382 5370 intellige.
1415 5297 1514 5352 Hic
1535 5311 1665 5367 ergo
1685 5298 1864 5367 pullus
1896 5304 2020 5350 ante
2049 5293 2171 5349 Sal-

598 5389 806 5445 vatoris
838 5389 1154 5455 adventum,
1183 5391 1312 5446 feris
1341 5398 1460 5446 erat
1489 5389 1794 5458 subjectus,
1816 5385 2170 5458 quemadmo-

575 5477 733 5534 'dum
763 5483 994 5538 antehac
1014 5484 1274 5540 diximus.
1293 5483 1460 5538 Feras
1483 5496 1616 5536 voco
1637 5495 1854 5537 omnem
1883 5478 2168 5534 adversam

606 5635 890 5771 ωῗιῐέιιο.
926 5657 1017 5706 xv,
1055 5643 1107 5697 7.
1179 5641 1226 5674 “
1264 5639 1465 5696 Matth.’
1490 5653 1656 5702 xvm,
1695 5634 1761 5689 12
1832 5633 1918 5689 15.

602 5941 614 5954 ⁰
675 5861 788 5932 (13)
828 5859 960 5928 Reg.
993 5859 1154 5930 χαρᾷ.

2023 5633 2070 5665 ⁸³
2108 5632 2212 5687 lsa.
2247 5643 2381 5694 Lm,
2417 5623 2470 5679 6.

2267 4626 2334 4705 ἐκ
2374 4626 2482 4703 τῶν
2507 4646 2600 4702 τοῦ
2643 4645 2887 4701 διαϐόλου
2923 4639 3155 4710 δεσμῶν,
3192 4633 3322 4704 περὶ
3359 4627 3422 4686 οὗ
3450 4627 3596 4701 χαρά
3626 4626 3822 4696 γίνεται

2267 4745 2330 4798 οὐ
2357 4743 2512 4815 μόνον
2557 4741 2649 4794 ἐπὶ
2690 4737 2790 4806 τῆς
2821 4737 2942 4805 γῆς,
2989 4731 3124 4786 ἀλλά
3171 4727 3262 4781 καὶ
3311 4725 3374 4776 ἐν
3421 4725 3536 4786 τοῖς
3566 4717 3820 4791 οὐρανοῖς.

2269 4807 2425 4890 Μετὰ
2451 4828 2544 4886 οὖν
2589 4829 2652 4883 τὸ
2681 4828 2912 4898 λυθῆναι
2935 4825 3026 4879 τὸν
3067 4821 3240 4876 πῶλον
3283 4816 3394 4869 ὑπὸ
3418 4813 3527 4868 τῶν
3559 4807 3822 4883 μαθητῶν.

2271 4927 2524 4999 φέρουσιν
2551 4922 2711 4976 αὐτὸν
2741 4919 2874 4991 πρὸς
2901 4917 2992 4970 τὸν
3039 4911 3261 4984 Ἰησοῦν,
3295 4908 3394 4962 καὶ
3446 4903 3694 4977 χαίρουσι
3739 4914 3828 4968 χα-

2276 4990 2374 5090 έὶὰῖδ
2416 5013 2688 5088 μεγάλην’
2723 4990 2802 5064 ἔτι
2837 5009 2940 5080 μὴν
2975 5007 3066 5061 καὶ
3095 5001 3314 5072 ἄγγελοι
3353 4999 3448 5054 καὶ
3497 4997 3638 5050 θεῖαι
3681 4990 3826 5046 δυνά-

2276 5081 2397 5180 μεις
2417 5081 2705 5178 ’χαίρουσιν
2738 5101 2830 5155 ἐπὶ
2855 5099 2932 5170 τῷ
2959 5095 3258 5153 ἀπολωλότι
3296 5093 3392 5148 καὶ
3437 5088 3731 5160 εὑρεθέντι.
3772 5081 3826 5132 Ὀ

2271 5196 2364 5254 οὖν
2409 5195 2682 5268 ἐπιμελῶς
2723 5191 2998 5265 προσέχων
3032 5193 3144 5252 τοῖς
3187 5184 3523 5255 λεγομένοις,
3575 5177 3668 5234 καὶ
3709 5173 3826 5234 τοὺς

2271 5288 2656 5358 εὐαγγελικοὺς
2683 5285 2873 5354 λόγους
2896 5279 3170 5353 μυστικῶς
3195 5273 3604 5344 ἀναγινώσκων,
3626 5267 3820 5336 ὄψεται.

2271 5384 2345 5446 ὡς
2420 5353 2596 5442 πῶλος
2623 5373 2776 5441 οὗτος
2802 5378 2831 5430 6
2857 5372 3172 5446 ἁμαρτωλὸς
3211 5369 3380 5438 ’Δδὰμ
3414 5369 3583 5420 ἐστιν.
3629 5358 3745 5446 Ἐὰν

2272 5441 2417 5541 λέγω
2455 5468 2644 5540 Ἀδὰμ,
2693 5468 2842 5521 πᾶσα
2870 5441 3220 5536 ἀνθρωπότης
3256 5457 3424 5512 ἐστίν.
3473 5447 3642 5516 Οὗτος
3675 5442 3762 5502 οὖν
3795 5441 3822 5494 6

2577 5623 2622 5655 ⁸⁸
2659 5620 2764 5678 lsa.
2803 5634 2859 5686 ι,
2891 5619 2946 5676 5.
3025 5617 3068 5650 ⁸⁷
3105 5615 3236 5670 Luc.
3268 5630 3360 5679 xv,
3390 5611 3479 5666 32.
3557 5608 3602 5640 "
3635 5603 3820 5664 Getiei-
