4022 6382
595 376 734 435 1017
1744 382 1801 438 S.
1838 383 2167 439 ATHANAS‘;

2268 384 2301 442 ἱ.
2330 412 2400 425 —-
2438 381 2714 442 SPURIA.
2956 436 2962 442 _
3693 377 3820 433 1048

597 504 789 564 perum
817 494 1181 548 recordemur.
1207 492 1283 547 ita
1310 496 1451 549 enim
1481 496 1746 561 viventes,
1784 497 2153 555 hareditatcm

2268 496 2352 570 τὴν
2391 500 2837 570 προτιμήσωμεν,
2866 497 3157 569 ἀγαπητοὶ,
3186 496 3279 550 καὶ
3303 495 3433 560 τοὺς
3465 492 3610 564 ὑπὲρ
3629 491 3822 562 ταύτης

598 586 750 655 regni
783 585 1040 639 caalorum
1089 599 1503 656 consequemur,
1555 588 1610 641 in
1644 587 1861 644 Christo
1885 589 2015 645 Jesu
2044 590 2150 645 Do-

2268 590 2451 653 πόνους
2486 591 2747 654 ἑκουσίως
2784 575 3179 660 ἀσπασιῖῖμεθα·
3216 587 3550 659 ἐγκράτειαν
3578 584 3820 656 ἀσκήσω-

596 675 747 731 mino
779 682 989 740 nostro,
1014 676 1100 733 cui
1126 678 1295 747 gloria
1325 684 1378 733 et
1406 678 1691 748 imperium
1721 682 1774 735 in
1808 684 2005 738 saecula
2044 698 2149 738 sae-

2268 697 2393 751 μενο
2440 681 2548 737 τῶν
2589 682 2817 751 πτωχῶν
2870 680 3347 752 μνημονεύσωμεν.
3401 677 3562 731 Οὕτω
3606 676 3710 747 γὰρ
3746 674 3821 729 δι-

597 765 862 821 culorum.
894 768 1087 821 Amen.

2268 774 2503 842 άγοντες,
2536 775 2630 827 καὶ
2664 774 2933 844 βασιλείαν
2963 772 3205 843 οὐρανῶν
3256 770 3735 843 κληρονομήσομεν
3764 767 3817 820 ἐν

594 858 812 932 Χριστῷ
851 858 1021 930 Ἰησοῦ
1048 859 1126 931 τῷ
1158 860 1343 933 Κυρίῳ
1370 862 1543 934 ἡμῶν,
1561 856 1793 935 ᾦὴδόξα
1819 866 1911 921 καὶ
1928 865 1987 920 τὸ
2014 866 2212 938 κράτος
2243 869 2322 931 είς
2348 867 2474 931 τούς
2497 867 2698 931 αἰῶνας
2728 867 2838 921 τῶν
2864 866 3088 922 αἰώνων.
3134 866 3327 938 ’Δμήν.

1529 1200 1597 1256 lN
1651 1200 2067 1269 SEQUENTEM
2126 1203 2463 1262 HOMILIAM
2514 1205 2910 1265 ADMONITIO.

666 1355 822 1412 Hanc
858 1367 1013 1428 putat
1058 1358 1369 1415 llolstenius
1410 1359 1692 1415 Athanasii
1736 1379 1869 1429 esse,
1918 1364 1971 1417 in
2001 1380 2162 1435 eaque
2205 1382 2261 1420 se
2309 1365 2664 1422 Athanasiani
2699 1367 2826 1438 styli
2866 1376 3039 1431 notas,
3078 1368 3296 1433 scilicet,
3330 1366 3393 1421 τὸ
3423 1366 3593 1439 δριμύ
3639 1369 3727 1421 καὶ
3759 1367 3811 1421 ti

593 1451 907 1524 ἀπέριττον,
941 1470 974 1507 a
1006 1452 1203 1508 Pltotio
1230 1454 1531 1510 observatas
1562 1456 1786 1525 reperire
1809 1457 2123 1513 arbitratur.
2156 1457 2226 1511 At
2254 1459 2423 1523 nobis,
2456 1461 2532 1513 ita
2564 1461 2771 1514 variant
2812 1462 3097 1529 opiniones,
3131 1468 3323 1530 pra'ter
3354 1476 3545 1513 nomen
3587 1459 3715 1512 nihil
3742 1460 3812 1512 hie

595 1546 800 1602 videtur
828 1549 1275 1606 Athanasianum.
1320 1550 1465 1606 Licet
1490 1553 1627 1606 enim
1659 1570 1761 1607 non
1795 1554 2059 1624 inelegans
2088 1557 2157 1609 sit
2184 1554 2294 1609 Ita'c
2337 1555 2577 1625 humilia,
2620 1566 2675 1610 at
2713 1557 2925 1611 minime
2958 1556 3116 1625 refert
3154 1556 3307 1609 illam
3336 1554 3627 1608 Athanasii
3664 1554 3812 1623 graci-

598 1650 784 1703 tatem,
822 1654 871 1696 et
903 1644 1134 1697 nativam
1172 1644 1539 1713 eloquentiam.
1585 1644 1702 1699 Ima
1727 1662 1843 1699 vero
1874 1646 2110 1715 fucatum
2135 1656 2212 1701 est
2239 1648 2498 1703 orationis
2528 1666 2710 1719 genus,
2744 1649 2829 1703 cui
2855 1650 3014 1703 eliam
3046 1647 3283 1703 nonnihil
3316 1644 3586 1700 interdum
3615 1645 3735 1699 salis
3759 1658 3811 1696 ac

593 1726 784 1795 judicii
812 1728 989 1785 deesse
1019 1732 1360 1802 deprehendet
1391 1743 1577 1788 acutus
1610 1736 1791 1788 lector.

1672 1937 1809 1991 ΤΟΥ
1845 1939 1936 1992 EN
1966 1938 2189 1993 ΔῘΊΟΙΣ
2226 1938 2497 1992 ΠΑΤΡΟΣ
2535 1937 2734 1992 ΗΜΩΝ

1886 2082 2520 2171 ΑΘΑΝΑΣΙΟΥ

826 2257 955 2311 ειΣ
1016 2260 1159 2315 ΤΗΝ
1206 2260 1434 2316 ΔΓΙΑΝ
1476 2261 1826 2319 ΠΕΜΠἸἩΝ
1857 2264 2017 2325 ξΚΑι
2077 2263 2206 2316 ΕΙΣ
2277 2266 2416 2320 ΊΗΝ
2447 2267 2852 2322 ΠΡΟΔΟΣΙΑΝ
2888 2267 3030 2323 ΤΟΥ
3053 2266 3274 2325 ΙΟΥΔΑ
3312 2268 3574 2322 ΛΟΓΟΣ.

1613 2527 1708 2614 S.
1784 2530 1891 2615 P.
1970 2531 2086 2619 N.
2163 2532 2804 2621 ATHANASII

943 2687 1199 2748 SERHO
1270 2690 1360 2747 IN
1411 2691 1757 2751 SANCTAM
1814 2697 2163 2765 QUINTAH
2219 2700 2508 2758 FERIAM
2548 2702 2642 2758 ET
2676 2699 3205 2758 PRODITIONEH
3242 2696 3478 2754 JUDxE.

664 2923 718 2977 l.
779 2922 1082 2983 Salvatoris
1134 2898 1309 2983 nostri
1340 2929 1548 3001 passio,
1596 2927 1906 2985 Iudaeorum
1955 2932 2155 3000 luctus,

2330 2934 2383 2989 1.
2417 2932 2521 2985 Τοῦ
2542 2931 2793 3002 Σωτῆρος
2818 2928 2886 2983 τὰ
2916 2927 3082 2998 πάθη,
3102 2925 3295 2988 πένθος
3330 2923 3428 2995 μὲν
3443 2921 3715 2976 Ἰουδαίων.
3732 2919 3805 2973 εύ-

595 3011 852 3071 Ecclesiae
881 3016 1065 3071 laetitia
1091 3026 1176 3074 est
1213 3039 1226 3074 :
1257 3020 1366 3075 illis
1402 3021 1605 3092 quippe
1633 3022 2024 3087 calamitatem,
2057 3041 2155 3080 no.

2268 3024 2502 3097 φροσύνη
2540 3024 2595 3076 δὲ
2641 3023 2739 3091 τῆς
2767 3020 3123 3093 Ἐκκλησίαςο
3165 3017 3396 3080 ἐκείνοις
3429 3016 3527 3088 μὲν
3558 3016 3663 3087 γάρ
3691 3031 3804 3083 συμ-

596 3104 684 3160 his
712 3106 967 3176 gaudium
996 3109 1205 3179 peperit
1231 3128 1246 3176 ;
1299 3112 1422 3167 illos
1452 3123 1627 3167 morte
1672 3113 1972 3178 damnavit,
2006 3116 2163 3173 nobis

2268 3115 2455 3190 φοράν,
2478 3117 2610 3187 ἡμῖν
2637 3114 2691 3166 δὲ
2715 3112 2887 3185 χαρὰν
2918 3111 3287 3180 ἀπεγέννησεν
3310 3124 3325 3139 ο
3358 3107 3598 3171 ἐκείνους
3622 3105 3803 3173 θανάτῳ

598 3197 717 3254 dies
741 3198 910 3255 festos
936 3204 1165 3270 paravit.
1201 3202 1373 3260 Hodie
1396 3204 1636 3260 Judaicaa
1665 3206 2031 3276 improbitatis
2059 3218 2167 3264 ter-

598 3287 780 3345 minus
811 3301 1123 3360 compertus
1153 3301 1259 3360 est,
1285 3308 1348 3349 ac
1373 3294 1668 3351 Dominicae
1694 3296 2062 3354 beneﬁcentiae
2087 3300 2167 3353 lu-

598 3393 775 3436 cernae
810 3396 1054 3437 accensa:
1085 3392 1230 3440 sunt.
1265 3383 1437 3441 Hodie
1472 3387 1528 3441 in
1559 3388 1759 3456 angulo
1805 3402 1960 3443 creua
2004 3405 2165 3460 para-

597 3476 707 3534 tur,
743 3477 798 3527 et
846 3473 1105 3529 universo
1146 3476 1267 3531 orbi
1307 3492 1494 3533 mensa
1534 3478 1847 3535 instruitur.
1886 3477 2014 3535 Haec
2041 3480 2165 3537 dies

597 3564 840 3621 caelestis
870 3564 977 3620 cibi
1017 3567 1221 3636 spicam
1252 3568 1538 3639 pullulavit
1591 3587 1605 3625 :
1646 3571 1808 3627 hodie
1834 3572 2040 3643 lignum
2072 3588 2168 3628 vo-

596 3655 823 3725 luptatis
872 3658 1009 3711 citra
1060 3660 1361 3728 periculum
1403 3661 1568 3717 homo
1610 3671 1914 3719 contrectat
1952 3683 1967 3720 :
2005 3664 2166 3720 hodie

594 3747 984 3819 mysteriorum
1009 3750 1301 3804 thesaurus
1326 3759 1605 3807 reseratur
1634 3771 1649 3810 :
1678 3753 1840 3809 hodie
1864 3770 1990 3810 esca
2015 3771 2168 3827 para-

596 3846 689 3895 tur
711 3840 993 3910 apostolis,
1026 3841 1378 3900 beatitudinis
1400 3861 1593 3914 nempe
1622 3847 1783 3916 panis
1814 3867 1828 3902 :
1862 3848 2024 3903 hodie
2054 3849 2169 3919 spi-

596 3930 815 3985 ritualis
867 3932 1103 3986 convivii
1135 3935 1413 4005 perceptio
1447 3936 1663 3991 initium
1715 3938 1926 4009 accepit
1958 3957 1972 3993 :
2006 3938 2168 3994 hodie

598 4022 799 4078 dicitur
824 4023 993 4078 illud:
1018 4043 1037 4076 ‹
1061 4023 1324 4096 Accipite,
1354 4026 1698 4091 manducate,
1727 4028 1830 4085 hoc
1851 4037 1935 4086 est
1963 4046 2168 4101 corpus

599 4127 782 4166 meum
823 4114 890 4168 ".
933 4133 951 4166 ι
993 4113 1222 4171 Crucem
1256 4132 1596 4188 praeoccupo,
1630 4120 1909 4189 portiones
1960 4122 2165 4188 divido,

599 4198 763 4270 383
784 4201 1149 4257 venditionem
1172 4212 1317 4258 tuam
1346 4212 1646 4271 anteverto,
1670 4221 1703 4260 ο
1720 4204 1881 4273 Juda,
1905 4208 2170 4266 ell‘usione

2261 3207 2596 3278 κατέκρινεν,
2627 3206 2757 3276 ἡμῖν
2783 3203 2838 3257 δὲ
2869 3203 3058 3274 ἑορτὰς
3088 3199 3435 3271 προεξένησε.
3469 3199 3705 3270 Σήμερον
3724 3196 3805 3263 τῆς

2275 3296 2571 3367 Ἰουδαϊκῆς
2622 3294 2888 3366 πονηρίας
2930 3292 2991 3345 τὸ
3044 3290 3218 3363 πέρας
3267 3289 3543 3360 ﬁli-57161;,
3598 3289 3683 3341 καὶ
3727 3285 3805 3354 τῆς

2263 3386 2589 3456 δεσποτικῆς
2631 3386 2951 3457 εὐεργεσίας
2978 3385 3033 3437 αἱ
3063 3381 3341 3453 λαμπάδες
3372 3380 3700 3451 άνήφθησαν.
3723 3377 3808 3446 Σή-

2267 3493 2430 3549 μερον
2456 3479 2513 3530 ἐν
2537 3477 2709 3548 γωνίᾳ
2736 3476 2945 3530 δεῖπνον
2970 3475 3312 3539 σκευάζεται,
3338 3475 3431 3528 καὶ
3454 3477 3520 3545 τῇ
3548 3470 3806 3541 οἰκουμένῃ

2264 3569 2471 3639 γίνεται
2492 3570 2737 3639 τράπεζα
2756 3586 2769 3601 ·
2800 3571 3036 3640 σήμερον
3057 3570 3155 3641 τῆς
3174 3568 3425 3640 οὐρανίου
3452 3566 3654 3639 τροφῆς
3673 3563 3811 3618 ἄστα-

2265 3677 2363 3731 χυν
2391 3659 2688 3730 ἐϐλάστησε
2708 3675 2723 3690 θ
2753 3661 2987 3731 σήμερον
3018 3658 3112 3714 τοῦ
3147 3658 3303 3724 ξύλου
3334 3658 3437 3728 τῆς
3456 3658 3663 3728 τρυφῆς
3685 3657 3811 3708 ἁκιν-
3879 3704 3881 3706 ,

2263 3748 2433 3820 δύνως
2477 3748 2758 3819 ἄνθρωπος
2803 3749 3064 3803 ἅπτεται·
3110 3750 3346 3820 σήμερον
3379 3747 3489 3799 τῶν
3527 3744 3811 3817 μυστηρίων

2267 3819 2536 3909 ἀνοίγεται
2570 3839 2681 3911 (15)
2719 3838 3017 3911 Θησαυρός·
3060 3819 3300 3911 σήμερον
3354 3838 3559 3909 βρῶσις
3603 3835 3812 3890 amasti-

2266 3932 2380 3997 λοις
2410 3933 2805 4004 εὐτρεπίζεται,
2838 3931 3230 4004 μακαριότητος
3252 3930 3414 4001 ἄρτος
3432 3946 3446 3959 ⁶
3476 3931 3707 4000 σήμερον
3734 3925 3816 3995 τῆς

2269 4024 2639 4094 πνευματικῆς
2664 4024 2891 4094 εὐωχίας
2919 4022 3211 4085 ἀπόλαυσις
3240 4023 3463 4094 ἄρχεται
3484 4037 3495 4049 ·
3521 4022 3749 4091 σήμερον
3766 4015 3817 4066 τὸ

2274 4131 2293 4164 ι
2316 4113 2544 4176 Λάϐετε,
2572 4113 2793 4182 φάγετε,
2836 4110 2990 4164 τοῦτό
3028 4127 3127 4182 μου
3157 4111 3275 4163 ἐστὶ
3302 4110 3365 4163 τὸ
3413 4109 3592 4180 σῶμα.
3647 4128 3666 4160 ι
3698 4107 3818 4176 llos.

2269 4203 2529 4274 λαμϐάνω
2560 4204 2651 4256 τὸν
2673 4203 2923 4274 σταυρὸν,
2949 4201 3246 4277 διαμερίζω
3269 4202 3338 4255 τά
3363 4201 3521 4272 μέλη,
3549 4197 3819 4271 προφθάνω

600 4290 905 4357 sanguinis,
942 4300 1188 4362 quemotu
1207 4294 1442 4350 vendere
1464 4311 1626 4365 paras
1657 4315 1671 4351 :
1702 4303 1753 4352 te
1781 4313 2167 4370 praeoccupans

2273 4311 2364 4347 σου
2390 4294 2488 4366 τὴν
2524 4296 2744 4368 πρᾶσιν,
2789 4295 2978 4359 Ἰούδα,
3023 4298 3089 4366 τῇ
3140 4293 3359 4364 ἐκχύσει
3390 4291 3485 4347 τοῦ
3528 4286 3820 4363 αἴματος,ὃ

600 4380 773 4448 gratis
801 4382 1106 4450 distribuo;
1137 4399 1315 4439 meum
1339 4388 1558 4457 quippe,
1586 4401 1620 4441 ο
1638 4386 1797 4451 Juda,
1821 4403 2022 4459 corpus
2043 4398 2127 4446 est
2153 4411 2166 4448 :

601 4475 755 4523 tuum
788 4477 968 4527 autem
995 4483 1079 4529 cst
1104 4476 1295 4530 osculo
1318 4476 1497 4545 ipsum
1533 4479 1768 4534 vendere
1814 4497 1831 4536 :
1875 4496 2054 4536 meum
2085 4490 2171 4538 est

601 4574 741 4631 opus
765 4562 993 4619 salutem
1014 4579 1112 4635 per
1134 4567 1452 4637 sanguinem
1478 4568 1703 4637 aliene;
1731 4578 1883 4625 tuum
1906 4581 1987 4627 est
2007 4588 2167 4645 opus,

601 4654 887 4723 sanguinis
911 4655 1256 4712 nundinatio.
1288 4657 1420 4713 Lavi
1471 4661 1634 4730 pedes
1664 4669 1787 4718 tuos
1836 4663 1903 4717 ad
1943 4679 2166 4721 cursum

601 4752 794 4799 contra
828 4760 915 4801 me
943 4746 1355 4817 suscipiendum
1412 4748 1757 4806 festinantes.
1798 4751 2005 4809 Manus
2043 4766 2167 4811 tuas

601 4838 864 4893 miracula
887 4839 1048 4897 edere
1085 4842 1268 4909 docui,
1304 4844 1630 4901 venditionis
1673 4861 1806 4901 mem
1850 4848 2029 4918 pretio
2070 4848 2168 4904 de-

601 4940 846 4996 pressas.
876 4928 1143 5001 Accipite,
1185 4932 1472 4998 comedite,
1518 4938 1837 4991 antevertite
1875 4937 2169 5008 proditoris

534 5013 537 5017 ⁴
602 5019 938 5076 celeritatem
969 5041 982 5075 :
1009 5038 1108 5077 esu
1158 5024 1358 5079 vincite
1382 5025 1783 5092 venditionem.
1814 5027 1931 5083 Non
1977 5029 2171 5085 diﬁ‘ero

604 5105 807 5163 donum
839 5110 1152 5181 passionem
1189 5122 1532 5183 exspectans,
1572 5131 1679 5170 non
1718 5132 1901 5172 moror
1928 5117 2166 5186 donum;

605 5213 774 5269 prope
812 5214 1047 5272 namque
1075 5211 1159 5259 est
1184 5205 1447 5259 venditio.
1482 5207 1784 5276 lmpatibile
1814 5223 2014 5278 corpus
2042 5218 2125 5265 est
2152 5229 2167 5266 :

605 5290 1024 5362 impatibilitotis
1055 5296 1456 5353 comedentium
1481 5297 1552 5353 do
1582 5300 1954 5354 testimonium
1985 5320 1999 5355 :
2032 5316 2169 5371 prte-

605 5386 767 5439 venio
783 5385 1039 5442 dentibus
1052 5385 1366 5444 Iudaeorum
1397 5390 1718 5462 phalangam
1752 5408 1769 5445 :
1793 5390 1920 5446 dum
1949 5406 2169 5449 crucem

679 5538 723 5570 '“
764 5536 955 5598 Matth.
992 5558 1155 5609 nrt,
1188 5543 1281 5598 ‘26.

684 5714 793 5785 (i5)
995 5717 1274 5787 ἀνάγεται.

2272 4386 2603 4457 πιπράσκειν
2651 4385 2845 4458 βούλῃο
2896 4384 3286 4458 προλαμϐάνων
3339 4383 3659 4455 χαρίζομαι·
3708 4378 3821 4451 ἐμὸν

2268 4476 2377 4548 γάρ
2405 4478 2570 4543 ἐστιν,
2615 4477 2806 4544 Ἰούδα,
2839 4476 2899 4530 τὸ
2940 4476 3129 4546 σῶμα’
3164 4475 3257 4528 σοῦ
3290 4474 3345 4528 δὲ
3386 4474 3448 4528 τὸ
3480 4474 3723 4544 πωλῆσαι
3748 4488 3821 4539 φι-

2269 4567 2503 4639 λήματι·
2540 4569 2675 4641 ἐμοῦ
2706 4570 2863 4641 ἔργον
2888 4572 2922 4641 η
2947 4567 3034 4622 διὰ
3076 4567 3304 4639 αἵματος
3342 4566 3585 4638 σωτηρία
3605 4582 3617 4596 ·
3651 4565 3737 4618 σὸν
3774 4560 3822 4613 δὲ

2271 4658 2429 4730 ἔργον
2458 4663 2492 4731 ἡ
2527 4662 2621 4716 τοῦ
2651 4662 2879 4733 αἵματος
2913 4659 3169 4732 ἐμπορία.
3208 4658 3407 4729 Ἔνιψά
3448 4675 3541 4712 σου
3581 4659 3704 4721 τούς
3734 4654 3821 4708 πό·

2268 4750 2382 4817 δας,
2429 4754 2508 4817 είς
2557 4754 2647 4808 τὸν
2690 4753 2807 4807 κατ’
2837 4752 2971 4823 ἐμοῦ
3001 4751 3198 4823 δρόμον
3245 4751 3553 4823 ὁρμῶντας.
3591 4745 3822 4811 Ἐδίδαξα

2269 4844 2456 4913 χεῖρας
2488 4841 2941 4914 θαυματουργεῖν,
2965 4841 3040 4912 τῷ
3069 4840 3169 4910 τῆς
3195 4840 3334 4911 ἐμῆς
3359 4839 3617 4909 πράσεως
3640 4835 3823 4890 κοιλαι-

2270 4936 2499 5006 νομένας
2509 4937 2797 5006 τιμήματι.
2817 4935 3042 4998 Λάϐετε,
3058 4933 3278 5002 φάγετε*
3300 4931 3708 5004 προλαμϐάνετε
3721 4925 3821 4999 (l6)

2269 5030 2367 5102 τὴν
2399 5030 2494 5085 τοῦ
2528 5030 2784 5102 προδότου
2812 5029 3088 5100 ταχύτητα
3105 5041 3120 5057 ’
3146 5028 3403 5098 νικησατε
3430 5026 3530 5098 τὴν
3553 5027 3743 5098 πρᾶσιν
3760 5021 3818 5089 τῇ

2274 5119 2493 5191 βρώσει.
2528 5123 2602 5174 υύ
2643 5119 2972 5193 χρονοτριϐῶ
3005 5119 3065 5172 τὺ
3096 5117 3288 5189 δῶρον,
3334 5116 3615 5187 ἀναμένων
3638 5113 3695 5167 τὸ
3725 5109 3817 5163 πά-

2272 5207 2391 5273 θος·
2425 5211 2523 5264 οὐκ
2551 5209 2919 5280 ἀναϐάλλομαι
2949 5207 3046 5280 τὴν
3078 5206 3221 5262 δόσιν
3241 5223 3254 5237 ·
3288 5206 3454 5299 ἐγγὺς
3490 5205 3599 5276 γάρ
3624 5205 3665 5299 ζὴ
3694 5196 3818 5299 πρά-

2273 5317 2376 5365 σις.
2442 5302 2674 5367 Ἀπαθές
2727 5304 2843 5355 ἐστι
2893 5300 2956 5354 τὸ
2998 5299 3186 5369 σῶμα·
3246 5298 3539 5371 χαρίζομαι
3590 5294 3682 5363 τῆς
3720 5294 3814 5340 τῶν

2270 5392 2558 5447 ἐσθιόντων
2608 5393 2874 5456 ἀπαθείας
2938 5390 3256 5463 μαρτύριον.
3304 5384 3674 5461 Προλαμϐάνω
3713 5376 3813 5436 τοῖς

2342 5717 2454 5791 (16)
2493 5715 2628 5788 Reg.
2655 5711 3024 5788 προλαμϐάνω
