3898 6552
216 473 372 531 £069

1464 477 1700 537 SERMO
1740 478 1810 535 IN
1849 478 2103 535 FERIAM
2144 479 2211 536 ν.

3311 485 3455 542 1050

210 589 406 644 εδοῦσι
446 588 556 643 τῶν
598 587 863 642 Ἰουδαίων
900 589 998 659 τὴν
1039 589 1329 660 φάλαγγαο
1362 592 1467 655 ἕως
1511 593 1602 646 τὸν
1631 606 1797 645 σταυ-

1909 594 2110 657 didere.
2131 594 2397 651 comedite
2415 604 2468 650 et
2489 610 2604 658 vos,
2630 576 2914 651 comedite.
2948 613 2967 647 ι
2999 591 3115 649 Non
3137 602 3220 651 est
3244 597 3445 652 bonum

216 682 324 752 ρον
357 680 735 751 ὑπερτίθεμαι,
777 679 976 747 φάγετε
1024 682 1117 734 καὶ
1163 684 1339 753 ὑμεῖς,
1374 686 1596 753 φάγετε.
1631 703 1649 735 ι
1687 684 1799 737 Ούκ

213 772 344 825 ἔστι
386 791 406 823 ι
444 770 552 843 γάρ
587 789 606 821 ι
642 769 825 823 λαϐεῖν
853 771 943 824 τὸν
971 771 1134 842 ἄρτον
1178 773 1287 826 τῶν
1315 774 1538 837 τέκνων,
1569 775 1661 828 καὶ
1706 774 1801 843 βα-

212 862 338 914 λεῖν
364 864 483 924 τοῖς
526 862 681 914 κυσὶν
725 878 744 912 ι
802 861 1093 924 Ἰουδαίοις.
1124 859 1270 926 Ἕως
1295 865 1496 926 ἐκεῖνος
1517 864 1641 928 τοὺς
1673 881 1799 917 συν-

214 952 506 1015 αλλακτὰς
562 951 752 1022 ζητεῖ,
797 952 889 1005 τὸν
934 953 1276 1024 πωλούμενον
1321 955 1663 1027 μαργαρίτην
1700 957 1799 1028 ἁρ-

214 1059 461 1098 πασατε.

289 1136 353 1189 2.
389 1153 409 1186 ι
445 1135 511 1188 Τί
543 1152 631 1205 μοι
665 1134 846 1188 θέλετε
886 1133 1086 1198 δοῦναι,
1123 1133 1276 1203 κάγὼ
1305 1135 1433 1205 ὑμῖν
1468 1136 1631 1189 αὑτὸν
1666 1153 1802 1207 προ-

214 1226 421 1290 δώσω;
461 1246 478 1276 ι
518 1227 582 1279 Τί
616 1227 809 1290 πωλεῖς
844 1227 1036 1299 ἄρτον,
1067 1227 1256 1290 Ἰούδα,
1298 1227 1387 1279 τὸν
1419 1228 1518 1297 ἤδη
1553 1230 1619 1298 τῇ
1656 1227 1800 1299 βρώ-

219 1335 312 1372 σει
342 1317 751 1390 παραδοθέντα;
780 1317 888 1370 Ποῦ
916 1335 1006 1370 σου
1035 1318 1133 1387 τῆς
1161 1317 1524 1388 φιλοπτωχίας
1555 1319 1606 1370 οἱ
1631 1317 1797 1385 λόγοι·

223 1426 246 1459 ι
297 1407 558 1461 Ἐδύνατο
599 1408 756 1462 τοῦτο
803 1407 1075 1478 πραθῆναι
1119 1406 1333 1472 πολλοῦ,
1373 1426 1391 1459 ι
1420 1407 1609 1475 λέγων,
1648 1426 1667 1459 ι
1709 1407 1800 1460 καὶ

214 1498 448 1571 δοθῆναι
473 1502 736 1570 πτωχοῖς;
767 1517 785 1550 ι
819 1499 950 1553 Ὅτε
980 1500 1210 1567 γυναῖκα
1243 1497 1432 1568 μύροις
1454 1498 1799 1567 ἀλείφουσαν,

218 1590 326 1642 καὶ
362 1589 849 1660 προλαμϐάνουσαν
876 1590 941 1659 τῇ
972 1588 1147 1660 χρίσει
1177 1588 1266 1641 τὸν
1291 1588 1477 1656 τάφον,
1506 1589 1599 1641 καὶ
1626 1588 1802 1653 ζῶντα

217 1677 500 1748 τιμῶσαν,
543 1676 728 1749 ἐπειδὴ
778 1677 969 1748 νεκρὸν
1016 1677 1116 1731 οὐκ
1158 1678 1414 1748 ἡδύνατο²
1453 1677 1656 1747 ταύτην
1712 1678 1800 1744 ἐξ·

219 1769 495 1842 υϐρίζεις,
513 1770 638 1832 τοὺς
653 1770 749 1838 τῆς
765 1768 1128 1840 φιλοπτωχίας
1145 1770 1571 1841 προϐαλλόμενος
1586 1771 1797 1842 νόμους’

230 1879 253 1912 ι
305 1861 588 1923 Ἦδύνατο,
654 1860 847 1929 λέγων,
905 1862 1063 1915 τοῦτο
1120 1862 1425 1933 πραθῆναι·
1465 1881 1482 1914 ι
1506 1864 1798 1927 τουτέστιν,

216 1952 461 2024 ἠδύνατο
502 1952 596 2005 καὶ
639 1952 796 2005 τούτο
845 1952 983 2022 μετὰ
1020 1953 1209 2007 τούτου
1256 1955 1546 2025 πραθῆναι.
1586 1956 1799 2009 Ἔστω’
1836 1938 1877 1992 Β

221 2044 502 2113 φονεύεις,
554 2044 671 2097 οὐδὲ
724 2043 1021 2098 θάπτεσθαι
1075 2046 1349 2111 κελεύεις;
1396 2048 1611 2100 Ἔστω·
1665 2042 1804 2118 αἷμα

219 2135 455 2199 πωλεῖς,
486 2134 538 2188 τί
568 2134 662 2187 καὶ
691 2134 754 2187 τὸ
782 2134 1023 2206 ἄλειμμα
1054 2137 1418 2208 πιπράσκεις;
1453 2140 1517 2191 Ὢ
1542 2137 1804 2210 φιλαργυ-

223 2225 357 2297 ρίας
410 2226 773 2296 φιλοπτωχίας
817 2227 1142 2299 ἐνδυομένης
1187 2232 1560 2300 προσωπεῖονί
1594 2231 1659 2283 ’Ὠ
1707 2233 1805 2299 τῆς

225 2315 622 2388 μισανθρώπου
670 2316 1106 2389 φιλανθρωπίαςί
1139 2318 1367 2387 ἠδύνατο
1410 2320 1566 2373 τοῦτο
1598 2319 1809 2393 πραθῆ-

220 2427 356 2473 ναι,
410 2410 505 2462 καὶ
549 2408 768 2479 δοθῆναι
823 2412 1074 2479 πτωχοῖς.
1131 2409 1387 2480 Κάπηλος
1442 2410 1807 2481 φιλοπτωχίας

235 2500 466 2563 Ἰούδας,
511 2501 604 2554 καὶ
643 2500 774 2552 αὐτὸ
807 2500 907 2570 τῆς
947 2499 1312 2571 φιλοπτωχίας
1349 2501 1410 2554 τὸ
1454 2502 1636 2573 σχῆμα
1668 2520 1808 2574 πρα-

219 2609 245 2662 π
266 2593 655 2664 ματευόμενος.
686 2591 820 2644 Ἀλλ’
849 2593 948 2647 οὐκ
975 2592 1235 2663 ἡτόνησεν
1253 2596 1286 2663 ἡ
1305 2593 1398 2647 τοῦ
1429 2595 1679 2665 Σωτῆρος
1708 2611 1809 2664 μα-

218 2684 507 2755 κροθυμία
557 2684 818 2737 ἐκτείνειν
858 2684 994 2754 μετὰ
1043 2684 1136 2737 τοῦ
1185 2685 1438 2754 σφαγέως
1480 2685 1579 2756 τὴν
1621 2688 1803 2759 χεῖρα.

222 2777 508 2830 Συνεσθίει
561 2776 639 2848 τῷ
690 2777 954 2849 προδότῃ,
1009 2775 1269 2830 δυσωπῶν
1316 2777 1415 2848 τὴν
1467 2776 1803 2847 προαίρεσιν.

234 2870 586 2923 Ἐπιδίδωσιν
633 2870 818 2941 ἄρτον,
854 2870 949 2922 καλ⁵
979 2868 1168 2940 τρέφει
1205 2868 1297 2922 τὸν
1342 2868 1633 2939 ἀναιρέτην
1656 2885 1669 2898 ·
1714 2867 1809 2920 καὶ

224 2965 333 3033 τὴν
384 2962 533 3016 Νέαν
568 2961 843 3033 Διαθήκην
871 2962 965 3014 ἐπὶ
1005 2958 1284 3034 τραπέζης
1329 2961 1678 3031 ἀναγράφων,
1708 2961 1809 3013 οὐκ

224 3055 530 3125 ἀποστερεῖ
554 3054 655 3123 τῆς
684 3053 1048 3124 κληρονομίας
1072 3054 1164 3108 τὸν
1193 3053 1475 3126 προδόντα,
1518 3053 1611 3106 καὶ
1635 3051 1810 3106 διαθέ-

228 3164 396 3220 μενος
445 3150 546 3202 ούκ
592 3150 886 3221 ἀποστερεῖ
927 3146 1020 3202 τοῦ
1076 3150 1273 3222 μέρους
1321 3150 1412 3202 τὸν
1462 3149 1601 3219 μετὰ
1638 3147 1807 3219 βραχὺ

225 3238 617 3309 παραδιδόντα.
658 3239 795 3292 Ἀλλ’
821 3240 919 3292 οὐκ
944 3238 1172 3310 ὤφειλεν
1196 3244 1224 3295 6
1247 3241 1445 3313 κλῆρος
1476 3242 1566 3294 τὸν
1586 3242 1804 3312 τρόπον’
1835 3265 1877 3325 c

226 3328 263 3397 ή
299 3327 434 3398 τιμὴ
466 3329 566 3399 τὴν
590 3326 816 3397 γνώμην
847 3330 907 3381 οὐ
941 3329 1261 3399 μετέϐαλενο
1297 3331 1372 3394 ώς
1398 3331 1506 3403 γὰρ
1552 3330 1709 3384 ἔλαϐε
1748 3330 1808 3384 τὸ

224 3419 464 3491 ψωμίον,
497 3420 742 3491 εἰσῆλθεν
765 3424 791 3474 6
824 3422 1066 3484 Σατανᾶς
1094 3424 1170 3486 είς
1193 3422 1375 3475 αὐτόν.
1421 3424 1483 3477 Ἦ
1507 3424 1601 3476 τοῦ
1636 3424 1807 3477 Ἰούδα

227 3513 552 3585 προαίρεσις
597 3512 690 3566 τοῦ
718 3513 960 3567 διαϐόλου
991 3513 1180 3584 κλῆσις
1200 3532 1213 3545 ·
1247 3516 1307 3567 ού
1345 3515 1447 3587 γὰρ
1473 3515 1658 3579 ἁπλῶς
1699 3517 1810 3568 είσ-

225 3603 434 3675 ῆλθεν,
482 3605 596 3658 ἀλλ’
628 3597 755 3676 εὗρε
800 3604 860 3658 τὸ
910 3605 1011 3675 τῆς
1054 3605 1231 3676 ψυχῆς
1264 3607 1604 3676 καταγώγιον
1629 3625 1643 3637 θ
1683 3600 1809 3679 εὗρε

227 3695 460 3767 γνώμην
486 3697 795 3766 ἐπιτηδείαν
836 3696 971 3768 πρὸς
1000 3697 1297 3750 οίκείωσινο
1330 3692 1451 3769 εὗρε
1499 3699 1811 3770 σεσαρωμέ-

228 3803 355 3840 νον·
388 3781 511 3857 εὖρε
544 3785 874 3856 ποθούμενον
902 3785 1091 3850 πάθος,
1123 3787 1218 3839 καὶ
1245 3786 1333 3839 τὸν
1358 3782 1505 3841 οἷκον
1546 3790 1646 3842 οὐκ
1676 3789 1809 3858 ἐφυ-

229 3892 363 3946 γεν·
398 3873 554 3950 εὗρεν
582 3877 763 3942 ὅπλον,
785 3871 829 3945 ᾧ
851 3878 1193 3949 χρησάμενος
1228 3879 1625 3948 παρατάξηται.

1901 703 2115 742 sumere
2141 702 2333 758 panem
2372 687 2628 750 ﬁliorum,
2658 695 2713 743 et
2740 689 2953 741 mittere
2980 686 3207 743 canibus
3230 689 3275 719 τ’
3306 708 3325 741 ι
3358 687 3434 744 Ju-

1900 780 2052 834 da-is.
2089 778 2222 834 Dum
2273 780 2362 834 ille
2400 780 2594 850 quaerit
2629 779 2955 848 quibuscum
2988 779 3315 849 paciscatur,
3357 797 3446 837 vus

1903 871 2172 925 venditam
2203 872 2377 940 rapite
2406 873 2775 941 margaritam.

1968 1136 2023 1190 2.
2062 1154 2081 1187 ι
2119 1134 2259 1201 Quid
2302 1136 2465 1191 vultis
2511 1136 2645 1190 mihi
2687 1135 2836 1203 dare,
2886 1144 2939 1191 et
2995 1152 3096 1207 ego
3142 1137 3294 1194 vobis
3332 1152 3451 1193 eum

1903 1228 2109 1281 tradam
2138 1228 2224 1280 "?
2255 1246 2273 1280 ι
2308 1227 2419 1281 Cur
2462 1242 2655 1296 panem
2695 1228 2918 1291 vendis,
2950 1242 2983 1282 ο
3020 1226 3156 1282 Juda
3176 1267 3190 1292 ,
3218 1227 3330 1297 jam
3360 1242 3452 1298 pre

1888 1317 2023 1373 cibo
2052 1317 2441 1371 distributum?
2469 1315 2738 1382 Quorsum
2764 1318 2944 1372 abiere
2976 1318 3138 1372 verba
3179 1318 3269 1372 illa
3311 1333 3433 1373 amo

1902 1409 1979 1461 ris
2000 1420 2127 1475 erga
2157 1420 2422 1476 pauperes
2447 1405 2646 1460 indicia
2671 1423 2686 1460 :
2717 1423 2738 1459 ι
2774 1405 2952 1461 Potuit
2994 1408 3135 1461 istud
3160 1406 3454 1461 venundari

1901 1499 2095 1560 multo,
2127 1509 2181 1552 et
2207 1497 2324 1552 dari
2353 1497 2683 1567 pauperibus
2714 1497 2797 1552 "?
2830 1517 2849 1551 ι
2882 1497 3017 1553 Cum
3052 1499 3329 1553 mulierem
3359 1514 3450 1551 un-

1902 1590 2118 1659 guentis
2159 1587 2449 1642 Dominum
2507 1587 2949 1659 perfundentem,
2991 1596 3151 1659 atque
3208 1590 3457 1644 unctione

1902 1683 2236 1753 sepulturam
2274 1682 2711 1753 praevenientem,
2738 1682 2968 1750 vivoque
3017 1681 3273 1734 honorem
3308 1679 3454 1733 exhi-

1903 1773 2140 1837 bentem,
2172 1772 2314 1842 quod
2346 1779 2558 1826 mortuo
2603 1787 2709 1825 non
2748 1778 2994 1840 poterat;
3022 1786 3170 1833 eam,
3208 1771 3422 1840 inquam
3443 1808 3460 1834 ,

1903 1864 2231 1919 contumelia
2255 1863 2446 1924 adicis,
2481 1863 2762 1933 legemque
2801 1862 3093 1932 praetendis
3133 1862 3296 1917 studii
3338 1877 3460 1932 erga

1904 1968 2191 2023 pauperes.
2238 1969 2257 2002 ι
2301 1949 2516 2017 Potuit,
2584 1951 2693 2017 ait,
2777 1951 2921 2006 istud
2994 1948 3289 2005 venundari
3358 1968 3371 2004 :
3436 1967 3457 2001 ›

1905 2045 2007 2098 hoc
2034 2051 2138 2108 est,
2176 2042 2352 2113 patuit
2382 2048 2436 2096 et
2482 2042 2628 2096 istud
2661 2057 2768 2097 una
2811 2058 2934 2098 cum
2984 2042 3103 2111 ipso
3145 2040 3463 2095 venundari.

1898 2136 2054 2201 Esto,
2090 2134 2316 2199 occidis,
2343 2150 2412 2189 an
2439 2149 2655 2205 quoque
2695 2134 2910 2203 sepeliri
2945 2133 3132 2187 vetas?
3158 2131 3287 2187 Esto
3307 2171 3320 2192 ,
3343 2145 3464 2185 san-

1904 2230 2120 2302 guinem
2168 2227 2389 2288 vendis,
2434 2242 2532 2281 cur
2574 2234 2629 2281 et
2668 2234 3002 2295 unguentum
3048 2222 3366 2278 venundas?
3423 2220 3466 2277 0

1906 2319 2188 2375 avaritiam
2219 2332 2339 2389 qua:
2361 2330 2656 2387 pauperum
2682 2315 2885 2369 amoris
2910 2314 3112 2368 larvam
3140 2312 3404 2367 assumit!
3435 2325 3466 2365 ο

1912 2414 2260 2468 inhumanam
2305 2410 2697 2465 humanitatem
2725 2409 2739 2461 !
2787 2406 2969 2461 Potuit
3000 2404 3139 2460 istud
3170 2403 3467 2459 venundari

1906 2514 1960 2561 et
1987 2505 2106 2560 dari
2146 2503 2495 2575 pauperibus.
2539 2501 2790 2555 Amorem
2830 2513 3128 2569 pauperum
3167 2496 3347 2551 vendit
3374 2493 3469 2549 Ju-

1907 2599 2026 2662 das,
2058 2605 2110 2651 et
2138 2598 2308 2667 ipsam
2344 2592 2733 2649 misericordiae
2765 2607 2889 2662 erga
2927 2605 3194 2662 pauperes
3232 2589 3469 2659 speciem

1892 2688 2237 2758 negotiatur.
2292 2688 2359 2740 At
2403 2684 2700 2740 Salvatoris
2746 2684 3123 2754 aequanimitas
3168 2681 3302 2735 nihil
3349 2679 3470 2734 ideo

1909 2780 2136 2836 remissa
2163 2785 2268 2838 est,
2303 2784 2362 2831 ut
2391 2777 2557 2831 etiam
2584 2790 2711 2830 cum
2739 2774 3010 2846 parricida
3040 2787 3259 2826 manum
3287 2778 3471 2825 exten-

1908 2871 2076 2926 deret.
2104 2870 2222 2926 Una
2250 2883 2374 2923 cum
2418 2868 2696 2938 proditore
2736 2865 3082 2929 comedebat,
3119 2872 3176 2917 ut
3223 2863 3299 2917 illi
3346 2876 3472 2932 pro-

1910 2961 2071 3033 positi
2101 2961 2185 3017 sui
2215 2959 2472 3030 pudorem
2500 2956 2733 3012 aﬂerret.
2769 2956 2970 3010 Panem
3003 2954 3265 3025 porrigit.
3299 2953 3471 3006 inter-

1909 3053 2277 3121 fectoremque
2319 3051 2531 3103 nutrit:
2593 3063 2658 3103 ac
2706 3046 2913 3101 Novum
2961 3046 3366 3101 Testamentum
3417 3044 3472 3098 in

1908 3160 2094 3202 mensa
2123 3142 2461 3214 perscribens
2482 3181 2496 3204 ,
2528 3140 2855 3209 proditorem
2903 3152 3239 3208 nequaquam
3285 3136 3462 3205 privat

1908 3234 2219 3290 haereditate
2240 3254 2256 3286 ;
2273 3247 2336 3286 ac
2353 3232 2479 3286 dum
2504 3228 2907 3285 Teslamentum
2935 3226 3122 3285 tradit.
3148 3239 3268 3278 eum
3289 3224 3381 3292 qui
3413 3236 3473 3276 se

1912 3342 2038 3381 mox
2066 3324 2363 3378 traditurus
2388 3329 2471 3376 est
2491 3336 2522 3373 a
2561 3334 2658 3374 sua
2690 3326 2840 3388 parte
2871 3331 2978 3370 non
3005 3315 3189 3383 abigit.
3221 3311 3325 3365 Sed
3354 3325 3473 3366 sors

1914 3420 2005 3472 illa
2039 3430 2379 3486 nequaquam
2412 3426 2595 3466 mures
2628 3410 2769 3477 ejus,
2795 3421 2895 3463 nec
2940 3408 3114 3461 honor
3152 3401 3475 3461 sententiam

1911 3508 2159 3565 mutavit.
2191 3505 2323 3560 Nam
2372 3503 2531 3560 simul
2577 3512 2733 3571 atque
2778 3500 3072 3554 huceellam
3126 3496 3351 3564 accepit,
3380 3493 3466 3546 in-

1913 3603 2074 3658 travit
2108 3599 2336 3653 Satanas
2366 3595 2421 3648 in
2454 3594 2652 3663 ipsum.
2683 3591 2833 3646 Judze
2850 3590 3186 3659 propositum
3217 3592 3333 3639 erat
3356 3584 3475 3638 ἀίεις

1898 3694 2025 3749 ’1)01ὶ
2073 3692 2340 3745 invitatio.
2379 3685 2497 3740 Non
2538 3684 2681 3739 enim
2720 3682 2879 3736 modo
2923 3668 3203 3748 ingressus
3241 3685 3344 3737 est,
3381 3674 3476 3728 sed

1913 3783 2119 3841 invenit
2170 3781 2362 3834 anima:
2394 3776 2754 3831 diversorium
2789 3791 2802 3825 :
2854 3771 3060 3826 invenit
3108 3776 3340 3822 mentem
3371 3764 3475 3819 sibi

1911 3879 1983 3934 ad
2023 3870 2371 3930 habitandum
2417 3864 2852 3925 accommodam,
2886 3863 3089 3917 invenit
3132 3873 3249 3914 eam
3296 3855 3477 3925 scopis

232 3973 558 4028 mundatam
602 3989 615 4024 :
656 3973 864 4028 invenit
913 3972 1277 4028 desideratum
1316 3973 1420 4028 sibi
1467 3974 1750 4039 allectum,
1791 3992 1892 4033 nec
1929 3975 2149 4031 domum
2193 3971 2474 4022 aversatus
2515 3968 2636 4016 est:
2684 3958 2887 4013 invenit
2931 3955 3121 4019 telum,
3163 3965 3271 4023 quo
3321 3962 3475 4012 usus,

233 4070 411 4125 aciem
438 4071 755 4132 instrueret.

304 4159 362 4216 3.
404 4180 422 4212 ι
454 4161 520 4213 Τί
554 4178 643 4230 μοι
678 4159 859 4214 θέλετε
887 4159 1109 4225 δούναι;
1142 4179 1160 4212 ›
1194 4159 1477 4231 Πειράζων
1507 4160 1603 4232 μὲν
1647 4163 1675 4214 6
1703 4161 1817 4217 διά-

233 4250 394 4315 ϐολος
422 4251 514 4304 τὸν
545 4251 747 4323 Κύριον
775 4246 897 4304 εἶπε
923 4268 937 4281 ι
971 4269 988 4301 ι
1022 4250 1203 4304 Ταῦτα
1238 4251 1414 4304 πάντα
1458 4268 1536 4304 σοι
1569 4248 1742 4304 δώσω.
1789 4272 1808 4304 ι

232 4343 353 4397 Νῦν
389 4343 446 4396 δὲ
479 4344 507 4396 6
548 4343 747 4406 Ἰούδας
787 4342 919 4414 βοᾷ’
955 4341 1020 4395 Τί
1064 4342 1247 4396 θέλετε
1294 4343 1505 4397 δούναιί
1544 4343 1608 4395 Ὢ
1635 4343 1786 4413 ρημά

232 4451 344 4488 των
390 4434 485 4487 καὶ
529 4435 745 4506 τρόπων
798 4435 1113 4503 συγγένεια;
1157 4434 1200 4488 ὣ
1234 4435 1520 4505 συμφωνία
1575 4434 1815 4489 διαϐόλου

235 4526 406 4580 πάλαι
438 4525 819 4597 μελετηθεῶαί
845 4529 919 4582 Ού
941 4528 1108 4596 λέγει,
1141 4526 1194 4579 τί
1230 4544 1319 4597 μοι
1338 4526 1565 4579 δύνασθε
1590 4526 1805 4592 δούναι;

245 4617 336 4682 Ὠς
362 4617 561 4672 εὖωνον
599 4619 802 4690 κτίσμα
830 4619 921 4672 τὸν
940 4618 1202 4687 δεσπότην
1225 4617 1541 4688 προτίθησιν
1564 4633 1588 4648 ··
1611 4619 1685 4681 ὡς
1707 4618 1815 4671 ἄτι-

238 4728 339 4780 μον
366 4713 643 4780 συμφωνεῖ
666 4710 755 4763 τὸν
777 4710 1059 4781 ἀτίμητον.
1082 4710 1147 4763 Τί
1173 4709 1379 4763 τοιοῦτο
1404 4711 1464 4763 οὗ
1489 4710 1805 4781 λαμϐάνεις,

233 4796 346 4855 οἷον
371 4802 548 4865 δίδως,
584 4802 785 4867 Ἰούδας
821 4803 1160 4875 ’Υπόμνησον
1200 4802 1422 4856 σεαυτὸν
1446 4801 1555 4855 τῶν
1599 4801 1691 4854 τοῦ
1722 4819 1811 4854 πι-

235 4893 619 4964 πρασκομένου
665 4893 978 4966 θαυμάτων,
1009 4895 1103 4948 καὶ
1124 4894 1246 4947 τότε
1270 4891 1545 4960 ἀναλόγως
1573 4892 1661 4945 τὸν
1683 4891 1811 4946 θαυ-

238 4986 546 5058 ματουργὺν
575 4987 869 5059 καπήλευε.
904 4985 1094 5048 Βάδιζε
1128 4984 1261 5057 πρὸς
1292 4984 1384 5038 τὸν
1409 4983 1607 5055 λεπρόν
1630 4998 1643 5012 ⁸
1677 4985 1808 5055 παρ’

234 5077 447 5131 ἐκείνου
471 5077 718 5130 διδάσκου
752 5077 847 5149 τὴν
876 5077 975 5146 τῆς
1004 5078 1241 5147 ἰατρείας
1271 5075 1557 5145 ποσότητα.
1601 5073 1809 5145 Ἐρώτα

234 5164 491 5236 τυφλοὺς,
518 5165 661 5230 τίνος
690 5167 843 5233 ἀξίαν
868 5167 1127 5236 ἡγοῦνται
1153 5167 1251 5237 τὴν
1280 5167 1441 5219 ἴασιν.
1484 5163 1693 5235 Ἐρώτα
1717 5163 1811 5216 τὸν

234 5257 523 5329 Λάζαρον,
574 5257 739 5310 πόσου
788 5259 1013 5326 τιμᾶται
1051 5256 1148 5329 τὴν
1195 5257 1287 5310 τοῦ
1333 5256 1563 5310 θανάτου
1608 5257 1805 5325 φυγήν.

246 5346 500 5413 Ἑξέταζε
527 5347 618 5400 τὸν
650 5347 957 5420 παράλυτον
986 5347 1076 5402 τὸν
1098 5346 1193 5400 τοῦ
1224 5347 1412 5418 χρόνου
1446 5346 1539 5399 καὶ
1576 5346 1670 5417 τῆς
1702 5343 1809 5397 κλίσ

234 5459 333 5513 νης
371 5439 462 5493 διὰ
488 5439 548 5492 τὸ
589 5438 758 5502 πάθος
796 5437 1097 5508 δεσμώτην.
1139 5438 1543 5506 Ζυγοστάτησον
1575 5438 1671 5498 τὰς
1711 5436 1808 5488 αύ-

234 5531 543 5602 τοσχεδίους
580 5533 637 5584 ἐν
669 5532 860 5601 ἐρήμῳ
885 5529 1183 5603 τραπέζας.
1229 5526 1556 5598 Διατίμησον
1592 5527 1681 5579 τὸν
1713 5526 1806 5579 ἐπὶ

233 5624 347 5680 τῶν
380 5622 637 5693 κυμάτων
670 5622 987 5695 περίπατον,
1033 5620 1131 5683 τὰς
1162 5620 1259 5690 τῆς
1281 5619 1552 5688 θαλάσσης
1582 5619 1675 5671 καὶ
1700 5617 1807 5670 τῶν

236 5716 460 5786 ἀνέμων
511 5715 883 5785 ἐπιτιμήσεις·
914 5712 1014 5776 τὰς
1062 5711 1172 5764 τῶν
1206 5708 1603 5782 δαιμονιώντων
1654 5709 1813 5779 θερα-

1979 4157 2033 4212 ‘5.
2070 4174 2088 4206 ι
2129 4151 2267 4220 Quid
2305 4147 2466 4204 vultis
2493 4143 2623 4198 mihi
2654 4140 2826 4195 dare?
2866 4158 2884 4191 ι
2917 4134 3174 4191 Diabolus
3216 4147 3339 4187 cum
3372 4129 3479 4186 Do-

1910 4248 2116 4303 minum
2173 4249 2423 4300 tentaret,
2468 4237 2579 4291 ait:
2619 4253 2637 4286 ι
2676 4231 2800 4287 Haec
2827 4229 3009 4284 omnia
3039 4227 3132 4282 tibi
3163 4227 3303 4282 dabo
3334 4227 3400 4279 ".
3446 4245 3463 4276 ι

1912 4339 2069 4393 Nunc
2101 4343 2279 4391 autem
2307 4333 2505 4386 clamat
2536 4327 2706 4381 Judas
2734 4345 2746 4377 :
2785 4321 2923 4389 Quid
2959 4319 3122 4377 vultis
3155 4320 3283 4373 mihi
3319 4319 3481 4374 dare?

1909 4428 1954 4487 Ο
1992 4429 2281 4485 verborum
2326 4435 2646 4491 morumque
2690 4413 3035 4471 aﬂinitatem!
3082 4427 3116 4465 ο
3178 4424 3478 4466 consensus

1912 4535 2035 4574 cum
2066 4516 2304 4578 diabolo,
2346 4512 2457 4583 jam
2517 4510 2646 4565 olim
2697 4502 3023 4561 meditatus!
3067 4500 3182 4556 Non
3225 4500 3298 4554 ait
3349 4499 3479 4570 quid

1914 4614 2144 4682 potestis
2174 4608 2305 4662 mihi
2334 4604 2511 4659 dare?
2548 4601 2835 4656 Dominum
2869 4596 3024 4666 quasi
3056 4593 3350 4664 vili'pretio
3389 4606 3479 4682 ce-

1909 4680 2141 4757 dendum
2169 4695 2420 4768 proponit
2449 4712 2463 4747 :
2494 4691 2647 4763 quasi
2667 4689 2867 4743 nullius
2896 4684 3052 4755 pretii
3076 4691 3220 4738 esset
3243 4680 3479 4749 pacisci-

1917 4801 2009 4846 tur
2033 4790 2100 4846 de
2128 4804 2193 4844 eo
2225 4788 2317 4857 qui
2361 4786 2513 4840 nullo
2554 4782 2730 4850 pretio
2769 4778 3091 4833 aestimatur.
3123 4773 3319 4839 Quidni
3360 4779 3481 4825 tan-

1911 4884 2154 4939 tumdem
2188 4880 2391 4950 accipis
2421 4884 2681 4946 quantum
2704 4871 2896 4932 tradis,
2930 4884 2963 4922 o
2995 4866 3166 4921 Juda?
3191 4865 3248 4919 ln
3276 4878 3481 4919 memo-

1909 4978 1991 5030 ria
2024 4989 2218 5029 revoca
2250 4970 2510 5025 miracula
2537 4970 2655 5036 ejus
2681 4978 2838 5036 quem
2864 4961 3183 5017 venditurus
3204 4974 3284 5021 cs,
3317 4964 3479 5027 atque

1908 5078 2040 5123 tunc
2062 5068 2212 5135 justo
2236 5063 2408 5135 pretio
2431 5059 2815 5115 miraculorum
2847 5063 3124 5110 auctorem
3151 5050 3477 5108 nundinare.

1908 5158 2205 5229 Leprosum
2224 5157 2330 5210 adi.
2354 5161 2513 5222 atque
2541 5153 2607 5205 ah
2632 5151 2724 5205 illo
2746 5149 2924 5203 edisce
2941 5145 3129 5217 quanti
3156 5145 3225 5198 sit
3243 5140 3475 5196 curatio.

1909 5249 2184 5321 Interroga
2209 5263 2403 5311 crecos,
2424 5247 2612 5315 quanti
2637 5244 2973 5297 curationem
3001 5237 3272 5293 aestiment
3300 5248 3475 5289 suam.

1913 5341 2207 5397 Sciscitare
2241 5355 2270 5392 a
2304 5338 2543 5397 Lazaro,
2575 5333 2761 5405 quanti
2798 5330 3171 5387 aestimandum
3204 5325 3302 5388 sit.
3336 5323 3481 5395 quod

1908 5441 2139 5489 mortem
2163 5434 2252 5486 ille
2273 5431 2523 5486 evaserit.
2539 5428 2775 5498 Exquire
2805 5439 2834 5478 a
2866 5421 3181 5493 paralytico,
3204 5430 3363 5490 quem
3385 5418 3479 5471 diu

1917 5527 2143 5581 morbus
2178 5525 2230 5577 in
2267 5524 2407 5578 lecto
2436 5522 2677 5576 vinctum
2701 5517 3007 5573 detinuerat
3035 5530 3048 5566 :
3078 5511 3350 5584 perpende
3376 5508 3481 5563 mi-

1917 5616 1970 5671 hi
1996 5616 2205 5669 subitas
2236 5613 2358 5666 illas
2383 5612 2436 5665 in
2458 5625 2640 5665 eremo
2673 5606 2948 5677 appositas
2976 5616 3215 5667 mensas.
3242 5597 3477 5656 Estima

1915 5707 2336 5778 ambulationem
2371 5719 2536 5774 supra
2570 5701 2788 5766 ﬂuctus,
2814 5696 3216 5769 increpatioues
3247 5692 3384 5750 mari
3414 5704 3483 5745 ac

307 5871 357 5903 τ’
397 5867 583 5923 Matth.
618 5885 709 5935 xv,
743 5867 835 5924 26.
909 5868 955 5900 ⁷⁸
996 5866 1181 5923 Matth.
1219 5880 1344 5925 11w
1367 5907 1380 5933 ,
1417 5865 1504 5921 15.
1582 5867 1626 5899 "
1662 5865 1791 5920 ibid.
1827 5863 1881 5919 9.
1957 5865 2002 5896 "
2043 5861 2230 5916 Matth.
2265 5874 2340 5920 tv.
2375 5859 2428 5916 9.
