3898 6600
469 406 496 462 1
506 407 604 467 051

1573 410 1631 466 s.
1669 410 2125 468 ATHANASIUS.
2164 442 2239 454 —
2275 411 2546 469 srtJtuA.
2622 367 2631 373 ’

3562 410 3681 468 £03

470 532 648 588 ventis
674 529 847 587 factas
871 549 884 585 :
914 532 1200 586 considera
1229 531 1488 587 liberatos
1507 532 1890 587 daemoniaeos.
1929 531 2029 587 Ho-

2142 534 2299 597 πείας
2328 534 2639 604 ἐπίσκεψαι.
2676 533 2891 588 Τούτων
2930 533 3182 588 ἁπάντων
3211 533 3527 605 ἐπιλήσμων
3550 533 3681 602 τινό-

470 639 594 678 rum
634 623 916 678 immemor
952 622 1194 676 onmium
1216 661 1232 687 ,
1264 636 1372 676 non
1418 628 1598 678 tecum
1630 631 1851 693 reputas
1876 639 2034 693 quem

472 711 697 768 vendas.

540 802 597 856 4.
635 819 654 852 ι
683 803 749 854 At
776 799 1271 854 illiconstituerunt
1291 800 1339 854 ei
1368 799 1593 870 triginta
1626 808 1910 871 argenteos
1930 800 2031 854 ⁷⁸.»

473 891 519 949 Ο
551 893 939 956 venditionem,
969 907 1089 961 quae
1108 892 1327 946 vendito
1355 893 1410 944 in
1444 900 1718 962 emptores
1748 892 2033 963 imperium

466 983 632 1056 384
660 983 940 1038 conciliat!
978 982 1240 1038 Venilitus
1274 984 1473 1054 quippe
1512 982 1773 1039 Dominus
1815 992 2029 1053 erupto-

467 1092 588 1130 rum
620 1090 901 1146 possessor
945 1075 1168 1131 eli‘ectus
1206 1082 1309 1130 est.
1347 1074 1534 1128 Merito
1573 1074 1737 1144 igitur
1766 1076 2036 1130 clamabat

468 1168 719 1223 Christus
763 1186 777 1220 :
839 1184 859 1218 ι
909 1166 1131 1237 lmplete
1187 1182 1498 1222 mensuram
1556 1173 1771 1237 patrum
1824 1176 2035 1223 vestro-

474 1276 595 1315 rum
633 1263 712 1329 ";
760 1281 778 1314 ι
816 1261 1016 1332 siquid
1066 1260 1330 1329 majorum
1375 1269 1715 1323 vestrorum,
1761 1276 1794 1314 ο
1839 1260 2029 1326 Judaai,

472 1351 657 1407 deiicit
701 1353 1018 1408 sceleribus.
1057 1353 1140 1406 Illi
1174 1353 1463 1423 prophetas
1508 1352 1848 1413 occiderunt,
1872 1368 1968 1407 vos
2001 1367 2032 1406 a

464 1444 744 1513 prophetis
783 1443 1201 1512 praznuntiatum
1244 1442 1514 1497 occiditis.
1555 1440 1712 1496 Viros
1755 1442 1833 1495 illi
1865 1441 1931 1494 ad
1973 1457 2032 1496 se

464 1533 665 1587 missos
693 1531 1074 1598 confoderunt,
1106 1547 1202 1586 vos
1229 1541 1408 1586 autem
1444 1547 1567 1587 eum
1611 1532 1704 1601 qui
1740 1533 2031 1601 prophetas

463 1622 662 1689 mittit;
688 1637 878 1677 servos
902 1624 1001 1684 illi,
1024 1639 1123 1677 vos
1152 1621 1436 1676 Dominum
1469 1622 1795 1677 interficitis.
1838 1621 2027 1676 Sacer-

464 1713 619 1768 dotes
648 1713 724 1766 illi
767 1713 1134 1775 trucidabant.
1159 1728 1256 1768 vos
1298 1713 1553 1781 templum
1601 1712 1860 1767 solvistis.
1895 1710 2031 1766 Gra—

463 1804 617 1856 viora
645 1802 920 1872 prioribus
956 1802 1069 1856 haec
1101 1802 1405 1872 posteriora
1429 1809 1578 1856 sunt.
1610 1801 1860 1870 Trajecto
1882 1816 2030 1857 mare

2141 641 2317 695 μενος,
2347 626 2405 681 ὃν
2434 625 2633 690 πωλεῖς
2665 627 2764 679 οὑκ
2792 628 3025 690 ἐννοεῖςν

2206 798 2259 853 ι.
2299 818 2318 850 ι
2354 802 2415 853 Ol
2441 800 2498 854 δὲ
2523 800 2758 871 ἔστησαν
2785 799 2933 870 αὑτῷ
2956 799 3250 870 τριάκοντα
3293 798 3552 872 ἀργύρια.
3584 820 3605 854 ι
3626 804 3679 856 Ὠ

2136 891 2389 963 πράσεως
2443 891 2759 944 δεσποτείαν
2808 891 2887 962 τῷ
2941 892 3371 962 πιπρασκομένῳ
3415 892 3552 945 κατὰ
3586 893 3679 945 τῶν

2135 981 2454 1053 ὠνουμένων
2505 982 2871 1053 ὲγγυομένηςί
2906 983 3354 1055 Πιπρασκόμενος
3397 983 3508 1056 γὰρ
3546 986 3573 1037 6
3608 985 3679 1037 δε-

2137 1074 2338 1144 σπότης
2380 1074 2598 1145 κτήτωρ
2646 1073 2752 1126 τῶν
2790 1073 3161 1145 ἁγοραζόντων
3206 1073 3436 1142 ἐγίνετο.
3463 1075 3678 1138 Εἰκότως

2134 1160 2226 1219 οὖν
2254 1166 2283 1216 6
2312 1165 2543 1236 Χριστὸς
2575 1164 2801 1218 ἁνεῦόα·
2836 1183 2854 1215 ι
2892 1164 3219 1237 Πληρὼσατε
3266 1164 3327 1217 τὸ
3367 1165 3566 1235 μέτρον
3586 1165 3676 1218 τῶν

2136 1257 2383 1326 πατέρων
2413 1255 2596 1326 ὑμῶν·
2633 1274 2651 1307 ι
2682 1256 2732 1309 εί
2750 1271 2801 1307 τι
2824 1254 2996 1308 λείπει
3025 1258 3135 1318 τοῖς
3154 1258 3497 1326 προγονικοῖς
3525 1255 3673 1325 ὑμῶν,

2132 1342 2176 1401 ὧ
2212 1349 2471 1411 Ἰουδαῖοι,
2492 1349 2852 1419 τολμήμασιν.
2882 1348 3107 1400 Ἐκεῖνοι
3134 1349 3418 1417 προφήτας
3442 1349 3672 1418 ἀνῄρουν,

2133 1440 2289 1510 ὑμεῖς
2316 1440 2372 1493 δὲ
2404 1439 2495 1492 τὸν
2533 1437 2970 1509 προφητευθέντα
2998 1437 3265 1507 φονεύετε.
3309 1439 3538 1491 Ἐκεῖνοι
3569 1440 3675 1502 τοὺς

2133 1531 2475 1601 πεμφθέντας
2504 1531 2887 1599 κατέσφαττον,
2924 1533 3079 1602 ὑμεῖς
3116 1532 3174 1584 δὲ
3201 1533 3291 1585 τὸν
3320 1532 3451 1593 τοὺς
3484 1532 3673 1602 προφή-

2130 1638 2228 1682 τας
2277 1621 2671 1676 ἀπεσταλκότα.
2710 1622 2934 1675 Ἐκεῖνοι
2974 1624 3097 1686 τοὺς
3138 1623 3377 1685 δούλους,
3413 1623 3568 1691 ὑμεῖς
3598 1622 3674 1674 τὸν

2130 1712 2403 1781 Δεσπότην
2439 1713 2801 1767 ἀποκτείνετε.
2840 1714 3063 1767 Ἐκεῖνοι
3087 1716 3212 1778 τοὺς
3244 1716 3409 1785 ἱερεῖς
3441 1715 3673 1783 ἀνῄρουν,

2132 1806 2287 1875 ὑμεῖς
2326 1804 2413 1857 τὸν
2447 1805 2573 1858 ναὸν
2601 1805 2947 1858 κατελύσατε.
2988 1806 3220 1870 Μείζονα
3251 1807 3360 1860 τῶν
3398 1805 3674 1878 προλαϐόν-

463 1891 711 1961 ingratus
739 1892 1110 1962 deprehensus
1142 1908 1203 1947 es
1236 1910 1250 1947 :
1286 1908 1484 1947 manna
1517 1893 1778 1958 nutritus,
1810 1891 2027 1963 Aigypti

2135 1914 2236 1949 των
2268 1896 2333 1949 τὰ
2376 1895 2620 1967 δεύτερα.
2669 1895 2953 1950 Θάλασσαν
3003 1896 3238 1961 πλεύσας
3262 1896 3361 1969 [ίσ.
3404 1895 3669 1969 περάσας].

463 1981 692 2035 vitulum
756 1983 995 2039 adorasti
1051 2001 1065 2036 :
1142 1992 1363 2053 accepta
1431 1985 1588 2053 lege,
1662 1985 2026 2055 legislaturem

462 2082 990 2150 transgressionibus
1033 2083 1361 2137 contumelia
1403 2082 1592 2139 allicis.
1649 2083 1827 2138 Cessit
1873 2090 2027 2152 petra

461 2173 628 2242 virga:
660 2173 844 2237 Mosis,
893 2187 948 2228 at
992 2190 1171 2233 mores
1225 2175 1303 2230 tui
1336 2174 1404 2228 ad
1451 2176 1699 2245 pietatem
1747 2174 1888 2230 ﬂecti
1933 2190 2029 2229 ne-

460 2271 689 2333 queunt.
716 2262 782 2328 ¹1η
818 2265 1001 2334 ριἐειίο
1040 2266 1241 2329 vicisti,
1283 2282 1384 2320 nec
1411 2268 1683 2321 cmlestem
1722 2267 1865 2320 nosti
1912 2265 2020 2319 du-

461 2370 603 2412 cem.
656 2355 961 2413 Sistebatur
1011 2359 1144 2413 solis
1195 2374 1423 2422 cursus,
1481 2359 1721 2413 victoria:
1767 2358 2026 2428 praevium

464 2447 678 2515 signum
709 2449 805 2503 tibi
836 2447 1032 2511 factus,
1064 2457 1123 2502 tu
1154 2449 1386 2505 liliorum
1411 2449 1586 2505 cazdes
1616 2450 1671 2504 in
1700 2450 2027 2504 sacriﬁcium

462 2552 565 2609 pro
593 2539 805 2595 actione
833 2540 1128 2611 gratiarum
1160 2540 1426 2595 otferebas
1463 2541 1642 2596 idolis.
1680 2540 1906 2610 Semper
1929 2539 2028 2595 Ju-

460 2628 615 2684 dazus
640 2629 900 2699 sanguine
921 2630 1211 2692 enutritus,
1237 2630 1618 2699 prophetarum
1651 2629 1827 2685 caedes
1859 2630 2031 2686 susci-

463 2718 544 2788 pit
577 2737 591 2773 :
633 2726 796 2788 atque
817 2734 1005 2774 eorum
1039 2722 1301 2790 sanguine
1328 2722 1587 2791 paulatim
1630 2720 1922 2790 irrigatus,
1961 2721 2028 2775 ad

465 2808 766 2879 iniquitatis
806 2808 1084 2880 fastigium
1124 2810 1284 2864 hodie
1324 2808 1663 2880 prorumpit?
1693 2811 1826 2876 Quis
1866 2811 2030 2880 igitur

464 2900 577 2957 illis
615 2901 921 2973 iniquitatis
942 2903 1195 2957 fructus?
1223 2921 1241 2950 ι
1272 2903 1410 2959 Ecce
1450 2904 1788 2972 relinquetur
1836 2903 2029 2961 domus

464 2996 642 3044 vestra
680 2991 893 3048 deserta
912 2993 981 3046 ⁷⁸.
1022 3012 1042 3047 ι
1098 2991 1286 3048 Dedita
1335 3001 1419 3049 est
1464 2996 1528 3048 ad
1560 2995 1884 3063 supplicium
1938 2996 2029 3048 illa

464 3078 675 3135 natio:
730 3080 969 3151 quandiu
1025 3083 1169 3136 enim
1235 3097 1385 3152 spem
1448 3083 1748 3138 curationis
1808 3084 2029 3140 morbus

466 3168 794 3236 subindicat,
817 3172 1031 3227 lenibus
1053 3172 1239 3227 tandiu
1271 3173 1522 3229 remediis
1551 3175 1793 3230 medicus
1815 3191 1846 3229 a
1877 3192 2025 3231 mor-
2055 3216 2094 3236 ι.

464 3262 536 3316 bo
573 3277 819 3319 recreare
856 3266 1083 3321 studet:
1131 3267 1220 3320 ubi
1269 3282 1396 3321 vero
1446 3268 1594 3321 nulla
1632 3268 1851 3324 residua
1900 3285 2027 3340 spes

466 3351 709 3421 medelas,
740 3357 1042 3411 membrum
1075 3357 1432 3414 abscinditur.

535 3612 589 3667 5.
615 3612 744 3671 Post
773 3618 991 3686 paulum
1021 3624 1280 3694 temporis
1300 3664 1315 3687 ,
1344 3625 1529 3680 aderat
1563 3624 1731 3683 Judas
1760 3635 1883 3698 post
1908 3644 2032 3683 ven-

467 3701 724 3762 ditionem
742 3709 1383 3781 lmtusﬁquemadmodum
1401 3718 1613 3773 institor
1624 3718 1864 3790 quidam,
1890 3735 2033 3774 mer-

466 3795 610 3850 cium
630 3814 848 3855 suarum
863 3818 1027 3859 onere
1047 3804 1321 3875 deposito;
1341 3807 1526 3863 aderat
1549 3811 1733 3865 osculo
1755 3818 2027 3878 armatus;

466 3885 656 3944 aderat
679 3893 950 3948 venditum
985 3910 1016 3949 a
1053 3910 1112 3952 se
1142 3897 1316 3951 virum
1348 3898 1707 3956 indicaturus.
1733 3900 1874 3967 Quid
1895 3915 2027 3970 ergo

467 3977 535 4031 ad
576 3976 769 4035 Judam
813 3981 1119 4041 Dominus?
1160 3987 1404 4044 Avaritia
1450 4005 1550 4045 ceu
1594 3991 1855 4046 ebrietate
1901 3992 2033 4047 sub-

467 4080 707 4123 mersum
747 4073 1109 4144 expergefacit
1162 4077 1246 4132 his
1288 4077 1507 4134 verbis:
1546 4097 1567 4130 ι
1612 4078 1810 4134 Osculo
1835 4079 2030 4134 Filium

465 4159 704 4215 hominis
734 4162 902 4218 tradis
936 4165 1018 4218 79?
1057 4184 1077 4216 ι
1110 4163 1260 4222 Itane
1287 4168 1529 4222 osculari
1560 4170 1786 4225 edoctus
1814 4188 1872 4226 es
1892 4173 1914 4224 ?
1938 4171 2032 4228 Dic

465 4249 626 4314 mihi,
662 4251 898 4309 haeccine
940 4254 1026 4310 lex
1062 4256 1349 4314 cbaritatis
1393 4273 1423 4312 a
1452 4275 1537 4315 me
1579 4261 1678 4315 tibi
1726 4264 1959 4316 tradita?
1987 4261 2032 4317 Ο

465 4343 731 4411 sanguine
760 4344 975 4411 plenum
1006 4348 1254 4401 osculum
1278 4350 1290 4403 !
1317 4347 1361 4403 Ο
1389 4350 1587 4405 bellum
1610 4353 1797 4407 osculo
1822 4353 2034 4407 colora—

464 4432 611 4485 tum!
653 4429 698 4486 0
730 4434 975 4488 osculum
1017 4438 1162 4506 quod
1211 4439 1401 4494 mortis
1438 4457 1650 4498 morsus
1688 4443 1944 4498 ellicitur!
1979 4443 2023 4499 Ο

2125 1987 2394 2060 ἠλέγχθης
2422 1989 2711 2058 ἀχάριστος
2735 2004 2749 2017 ·
2786 1986 2958 2057 μάννα
2985 1987 3344 2058 τρεφόμενος,
3382 1987 3477 2039 τὸν
3518 1990 3571 2040 ὲν
3594 1988 3671 2039 Δί-

2127 2078 2318 2149 γύπτῳ
2371 2078 2565 2149 μόσχον
2603 2078 2993 2148 ὲθρήσκευσας“
3036 2076 3197 2147 νόμον
3244 2077 3550 2147 δεχόμενος,
3596 2078 3671 2129 τὸν

2127 2168 2413 2239 νομοδότην
2443 2168 2804 2239 παρανομίαις
2830 2167 3193 2240 καθυϐρίζεις.
3228 2165 3405 2239 ’ῌξεν
3457 2169 3492 2238 ἠ
3522 2168 3671 2235 πέτρα

2126 2262 2192 2330 τῇ
2230 2260 2414 2330 ῥάϐδῳ
2448 2259 2708 2323 Μωσέως,
2755 2261 2784 2312 6
2818 2259 2873 2313 δὲ
2906 2258 2998 2323 σὸς
3035 2260 3231 2331 τρόπος
3255 2260 3518 2330 ἀκαμπὴς
3558 2260 3671 2330 τρίς

2127 2347 2428 2401 εὐσέϐειαν.
2469 2347 2681 2411 Ἐνίκας
2728 2347 3053 2418 μαχόμενος,
3102 2349 3195 2401 καὶ
3240 2349 3332 2402 τὸν
3378 2349 3434 2415 ἐξ
3465 2349 3669 2420 ούρανοῦ

2130 2438 2432 2509 στρατηγὸν
2460 2437 2559 2490 οὐκ
2581 2436 2888 2508 ὲγνώριζες.
2926 2438 3271 2509 Ἐδεσμεύετο
3290 2438 3489 2509 δρόμος
3520 2440 3669 2510 ἡλίου,

2130 2529 2211 2579 σοὶ
2234 2527 2537 2599 προθεσμία
2564 2527 2720 2597 νίκης
2745 2528 3045 2597 γινόμενος,
3071 2529 3133 2583 σὺ
3154 2528 3209 2581 δὲ
3234 2528 3332 2591 τὰς
3360 2530 3468 2582 τῶν
3492 2530 3669 2584 τέκνων

2131 2620 2343 2688 σφαγὰς
2379 2618 2565 2683 θυσίας
2608 2619 3055 2690 εὐχαριστηρίους
3097 2624 3212 2684 τοῖς
3244 2620 3481 2685 εἰδώλοις
3529 2638 3671 2693 προσ-

2129 2710 2340 2781 έφερες.
2358 2710 2467 2761 Ἀεὶ
2501 2710 2790 2781 σύντροφος
2806 2709 3054 2773 ’Ῐθυδαῖος
3075 2711 3320 2781 αἱμάτων
3345 2710 3441 2774 τὰς
3478 2727 3668 2781 προνη-

2130 2801 2238 2855 τῶν
2273 2800 2486 2870 σφαγὰς
2516 2802 2916 2873 ὑπολαμϐάνει·
2949 2800 3157 2865 τούτοις
3188 2802 3284 2874 [ίσ.
3318 2802 3542 2874 τούτων]
3577 2805 3669 2863 τοῖς

2128 2893 2318 2964 αἵμασι
2336 2893 2473 2947 κατὰ
2494 2894 2684 2965 μικρὸν
2703 2893 3055 2965 ἀρδευόμενος
3071 2894 3150 2957 είς
3164 2894 3332 2965 αὑτὴν
3348 2897 3575 2966 σήμερον
3587 2894 3667 2962 τῆς

2130 2984 2470 3056 παρανομίας
2507 2984 2606 3055 τὴν
2647 2985 2887 3056 κορυφὴν
2918 2985 3302 3057 ἀπωλίσθησε;
3336 2986 3433 3049 Τίς
3467 2984 3554 3039 οὖν
3585 2985 3666 3039 uti»

2128 3079 2236 3139 τοῖς
2282 3077 2311 3128 6
2356 3076 2453 3145 τῆς
2498 3076 2845 3146 παρανομίας
2894 3077 3135 3147 καρπόςς
3175 3095 3194 3128 ι
3243 3076 3373 3130 Ἰδοὺ
3409 3078 3611 3145 ἀφίεται
3642 3075 3667 3126 ό

2128 3161 2274 3230 οἴκος
2306 3164 2458 3235 ὑμῶν
2501 3164 2720 3235 ἕρημος.
2766 3184 2785 3216 ›
2820 3164 3071 3218 Ἔκδοτον
3119 3166 3198 3227 εἰς
3242 3163 3339 3234 τὴν
3388 3163 3595 3217 κόλασιν
3619 3160 3668 3213 τὸ

2130 3255 2277 3319 ἔθνος
2296 3272 2309 3285 ο
2344 3255 2445 3319 ἓως
2475 3255 2584 3325 γὰρ
2613 3254 2907 3326 θεραπείας
2933 3255 3120 3308 ἐλπίδα
3149 3254 3478 3326 ὑπεμφαίνει
3499 3253 3558 3307 τὸ
3586 3251 3668 3306 πάι-

2130 3345 2240 3410 θος,
2267 3349 2460 3417 πράοις
2479 3344 2785 3416 φαρμάκοις
2807 3346 2836 3396 6
2858 3345 3039 3416 ἰατρὸς
3062 3347 3356 3399 ἁνακτᾶται
3380 3344 3441 3397 τὸ
3462 3343 3663 3412 νόσημα·

2129 3439 2397 3507 ἀπογνοὺς
2444 3438 2630 3507 δὲτὴν
2666 3436 2958 3508 θεραπείαν
3002 3437 3094 3490 τοῦ
3148 3437 3352 3501 πάθους
3381 3437 3513 3507 (l7),
3557 3438 3668 3489 ἀπο·

2128 3529 2382 3599 τέμνεται
2416 3529 2606 3599 μέλος..

2200 3620 2255 3674 5.
2284 3618 2494 3690 Μικρὸς
2516 3622 2572 3671 ἐν
2602 3619 2750 3690 μέσῳ
2774 3619 2982 3691 καιρὸς,
3008 3620 3099 3673 καὶ
3121 3619 3299 3690 παρῆν
3341 3618 3535 3681 Ἰούδας
3553 3616 3669 3687 μετὰ

2129 3711 2229 3782 τὴν
2262 3712 2461 3781 πρᾶσιν
2500 3710 2741 3781 φαιδρὸς,
2782 3710 3029 3781 καθάπερ
3062 3728 3144 3774 τις
3180 3711 3419 3783 ἔμπορος
3444 3711 3531 3764 τοῦ
3560 3727 3670 3781 φορ-

2131 3804 2246 3858 τίου
2271 3804 2332 3856 τὸ
2360 3803 2521 3873 ἄχθος
2560 3803 2943 3873 ἀπωσάμενος·
2980 3804 3159 3874 παρῆν
3182 3803 3519 3873 ὡπλισμένος
3545 3802 3671 3872 φιλῇς

2136 3913 2287 3967 ματι,
2331 3895 2510 3966 παρῆν
2544 3894 2777 3958 δεικνὺς,
2817 3894 2875 3949 ὃν
2902 3893 3181 3965 ἱὲπώλησε.
3211 3896 3274 3947 Τί
3297 3892 3391 3948 οὖν
3424 3895 3455 3948 6
3495 3893 3670 3965 Κύριος

2133 3985 2268 4057 πρὸς
2292 3985 2383 4038 τὸν
2426 3985 2661 4051 Ἰούδανς
2703 3986 2787 4049 Ὠς
2822 3985 2959 4059 μέθῃ
2991 3984 3416 4057 βεϐαπτισμένον
3446 3986 3671 4056 φιλαργυ-

2133 4076 2225 4148 ρίᾳ
2250 4076 2359 4147 (18)
2401 4076 2661 4140 διύπνιζε,
2703 4076 2905 4145 λέγων’
2936 4096 2954 4127 ι
2988 4076 3256 4147 Φιλήματι
3300 4077 3392 4130 τὸν
3426 4079 3547 4131 Υίὸν
3588 4073 3666 4128 τοῦ

2133 4166 2418 4239 ἀνθρώπου
2486 4167 2822 4239 παραδίδως;
2866 4187 2885 4218 ι
2948 4166 3100 4220 Οὕτω
3154 4168 3329 4236 φιλεῖν
3382 4166 3663 4237 tamen;

2132 4259 2267 4312 Εἰπέ
2297 4276 2407 4329 μοι,
2433 4254 2585 4322 οὗτος
2620 4261 2751 4330 παρ’
2780 4258 2901 4329 ὲμοί
2949 4275 3029 4311 σοι
3056 4258 3157 4327 τῆς
3196 4259 3471 4328 ἀγάπηςό
3499 4258 3664 4328 νόμος

2135 4352 2198 4403 ’Ὠ
2235 4351 2536 4421 φιλήματος
2582 4351 2808 4418 αἵματος
2847 4350 3313 4422 πεπληρωμένουί
3351 4352 3415 4404 Ὠ
3462 4349 3665 4419 πολέμου

2133 4442 2515 4514 κεχρωσμένου
2551 4443 2845 4513 φιλήματιί
2876 4443 2938 4494 Ὢ
2965 4442 3173 4511 φίλημα
3195 4442 3380 4512 δῆγμα
3404 4442 3509 4514 (I9)
3536 4441 3668 4493 θανά-

462 4524 715 4579 osculum
730 4539 989 4580 venenum
1004 4529 1250 4598 aspidum
1263 4540 1519 4587 eructans
1542 4534 1554 4586 !
1579 4533 1731 4599 Quod
1760 4534 1826 4589 ad
1855 4536 2029 4591 chari-

2135 4551 2227 4586 του
2253 4533 2568 4603 γενόμενονί
2602 4535 2665 4585 Ὢ
2693 4533 2901 4603 φίλημα
2936 4532 3176 4585 ἀσπίδων
3211 4533 3287 4585 ἰὸν
3321 4534 3663 4603 ἐρευγόμενον.

466 4621 634 4669 tatem
660 4613 917 4682 didicisti,
949 4633 1014 4674 eo
1041 4620 1106 4674 ad
1141 4620 1384 4678 fraudem
1421 4639 1552 4679 usus
1589 4626 1684 4680 es?
1714 4625 1883 4682 Video
1925 4630 2034 4683 cla-

465 4720 566 4761 vos
593 4705 647 4759 in
670 4722 764 4761 ore
797 4714 892 4764 tuo
920 4724 935 4761 :
963 4710 1093 4780 quid
1123 4713 1270 4768 celas
1299 4729 1435 4783 opus
1465 4717 1650 4770 tuum?
1677 4716 1905 4772 Crucem
1937 4735 2031 4774 ex-

466 4811 674 4870 specto.
723 4798 821 4855 liis
852 4799 1021 4858 Judas
1058 4806 1413 4876 compellatus
1454 4815 1556 4861 est.
1608 4806 1801 4863 Petrus
1848 4818 2029 4864 autem

464 4902 706 4945 amorem
756 4906 916 4946 suum
958 4893 1269 4963 juramento
1334 4895 1678 4951 allirmabat:
1728 4917 1748 4951 ι
1802 4897 2030 4954 Etiamsi

462 4982 768 5052 apol-tuerit
817 4999 905 5039 me
948 4985 1087 5042 mori
1144 4992 1353 5048 tecum.
1398 5003 1506 5042 non
1556 4996 1608 5043 te
1650 4990 1858 5060 negabo
1901 4990 1967 5042 ⁸⁸.
2007 5009 2026 5042 ι

468 5071 667 5130 Ebrius
711 5090 931 5142 amore,
968 5087 1158 5132 contra
1212 5089 1438 5135 mortem
1490 5080 1547 5134 ﬁt
1583 5080 1882 5137 audacior:
1922 5097 2032 5137 non

469 5164 561 5219 ille
587 5174 794 5222 natura:
829 5167 1143 5226 inﬁrmitate
1171 5173 1334 5227 verba
1363 5172 1581 5227 metitur
1603 5178 1720 5229 'sua
1746 5192 1760 5228 :
1798 5190 1906 5229 non
1939 5190 2033 5229 co-

2143 4627 2207 4679 Ὃ
2264 4624 2398 4696 πρὸς
2456 4625 2674 4696 ἀγάπην
2723 4623 3016 4695 ἐδιδάχθης,
3073 4623 3245 4694 τούτῳ
3290 4624 3428 4695 πρὸς
3481 4624 3666 4691 ἀπάτην

2137 4715 2372 4785 ἐχρήσω.
2408 4714 2548 4785 ’0ρῶ
2592 4732 2683 4768 σου
2715 4714 2839 4776 τοὺς
2865 4714 2955 4767 ἐπὶ
2995 4712 3087 4765 τοῦ
3125 4711 3391 4783 στόματος
3418 4713 3564 4783 ἥλους
3584 4728 3596 4740 ·
3620 4709 3667 4761 τί

2137 4806 2417 4878 κρύπτεις,
2443 4805 2478 4859 ἂ
2498 4806 2754 4877 πράττεις
2777 4822 2792 4871 ;
2823 4805 2925 4858 Τὸν
2950 4805 3178 4876 σταυρὸν
3204 4805 3471 4875 ἀναμένω.
3506 4805 3556 4856 ’0
3578 4800 3666 4873 μὲν

2148 4901 2348 4963 Ἰούδας
2371 4899 2607 4962 τούτοις·
2641 4898 2843 4969 Πέτρος
2878 4897 2934 4950 δὲ
2968 4896 3096 4969 περὶ
3127 4894 3347 4965 φίλτρου
3369 4894 3661 4962 διωμνύετο·

2142 5010 2160 5042 ι
2209 4991 2333 5044 Ἐὰν
2359 4991 2450 5061 δέῃ
2492 5007 2558 5061 με
2586 4990 2680 5042 σὺν
2716 4990 2798 5042 σοὶ
2835 4987 3144 5052 ἀποθανεῖν,
3175 4988 3234 5040 οὑ
3276 4990 3349 5058 μή
3376 5004 3432 5040 σε
3453 4985 3666 5055 ἀπαρνή-

2138 5099 2321 5152 σομαι.
2365 5102 2383 5133 ι
2425 5080 2651 5134 Μεθύων
2682 5079 2759 5150 τῷ
2808 5078 2957 5149 πόθῳ
2992 5078 3136 5131 κατὰ
3175 5078 3401 5132 θανάτου
3438 5072 3661 5148 θρασύνε-

2134 5190 2223 5225 ται
2242 5189 2255 5202 '
2283 5172 2343 5225 οὑ
2373 5174 2560 5243 μετρεῖ
2577 5172 2701 5234 τοὺς
2732 5169 2920 5237 λόγους
2946 5171 3008 5239 τῇ
3046 5167 3299 5238 ἀσθενείᾳ
3323 5168 3421 5237 τῆς
3446 5167 3660 5237 φύσεως·

466 5255 603 5319 gitat
633 5258 902 5327 loquentis
928 5264 1297 5328 veracitatem,
1332 5265 1425 5319 sed
1449 5266 1869 5320 contradicendo
1914 5281 2029 5322 sese

2138 5266 2238 5317 οὑκ
2279 5265 2449 5315 ἐννοεί
2485 5263 2576 5315 τὸν
2603 5260 2950 5332 ἀληθεύοντα,
2981 5260 3076 5313 καὶ
3115 5259 3408 5328 ἀντιλέγων
3436 5254 3661 5328 σεμνύνε·

465 5343 655 5413 jactat.
681 5346 820 5414 Quid
840 5365 970 5422 ergo
990 5351 1291 5410 Dominus?
1312 5353 1469 5409 Nulla
1492 5358 1618 5411 mihi
1651 5357 1718 5412 ad
1750 5358 2033 5412 victoriam

2138 5373 2247 5410 ται.
2280 5354 2344 5405 Τί
2372 5351 2465 5407 οὖν
2490 5356 2518 5407 ὁ
2558 5352 2792 5424 Κύριοςς
2828 5354 2901 5406 Οὑ
2937 5353 3093 5424 χρεία
3123 5369 3223 5423 μου
3255 5352 3424 5420 λόγων
3454 5348 3572 5420 πρὸς
3595 5345 3661 5397 νί-

542 5566 590 5601 "
627 5566 815 5625 Matth.
848 5585 1011 5637 xxvi,
1046 5573 1100 5627 9.
1172 5574 1217 5605 "
1261 5572 1447 5629 Matth.
1484 5591 1648 5641 unt,
1685 5575 1772 5629 52.
1828 5577 1874 5609 "
1912 5575 2039 5632 ibid.
2085 5576 2174 5632 28.
2249 5578 2297 5611 "
2333 5578 2464 5633 Luc.
2501 5593 2651 5644 xm,
2686 5577 2775 5631 48.
2851 5577 2896 5610 ⁸⁸
2937 5574 3125 5632 Matth.
3156 5574 3436 5644 xxvr,.35.

544 5720 657 5793 (η)
690 5721 820 5793 Βθε.
850 5723 911 5776 τδ
945 5723 1133 5788 πάθος.

544 5790 658 5864 (18)
691 5790 820 5865 Reg.
848 5794 1224 5865 φιλαργυρίας.

2215 5690 2326 5801 (is)
2362 5729 2494 5802 Reg.
2526 5730 2742 5803 δεῖγμα,
2776 5730 2935 5787 lectio
2960 5729 3143 5787 dubia.
