4022 6382
298 383 441 442 1055

1367 387 1598 447 SEBMO
1635 389 1703 444 IN
1740 389 2131 449 PASSlONEM
2169 395 2426 454 DOMINI.

3378 407 3513 463 ιοδι

296 518 423 573 κην.
468 494 801 572 Ἀλεκτρυών
831 515 923 552 σου
948 497 1045 570 τὴν
1074 499 1437 572 μεγαλαυχίαν
1462 504 1694 573 ἐλέγξει·
1719 508 1853 558 ὲ,κεῖ-

1957 511 2237 567 verborum
2260 512 2575 568 necessitas.
2603 510 2924 567 Jactantiam
2960 522 3107 569 tuam
3152 516 3324 587 gallus
3359 535 3514 575 coar-

290 606 386 656 νος
411 588 519 644 τῶν
543 589 636 643 τοῦ
656 589 913 642 δεσπότου
938 590 1108 658 λόγων
1138 593 1429 663 συνήγορος
1452 595 1603 647 ἔσται
1618 611 1631 624 '
1657 595 1858 657 ἐκεῖνός

282 688 380 738 ’σοι
410 685 524 746 τοῖς
570 681 672 735 τῶν
715 681 973 751 ῥημάτων
1020 682 1251 751 κόμποις
1281 683 1418 753 βοῶν
1458 674 1852 755 ἀντιστήσεται.

308 771 604 843 Ἠκολούθη
633 775 745 834 τοῖς
769 772 944 839 λόγοις
966 772 1035 825 τὰ
1061 774 1372 843 πράγματα.
1407 774 1667 844 Παιδίσκη
1695 773 1858 843 φθέγ-

294 883 477 935 γεται,
512 866 605 919 καὶ¹
630 868 662 936 ἠ
689 866 896 937 κορυφὴ
920 865 1027 918 τῶν
1057 866 1366 920 ἀποστόλων
1393 866 1735 938 ταράττεται,
1763 865 1858 919 καὶ

295 959 503 1029 Πέτρος
537 959 833 1027 ἐλέγχεται.
878 958 1025 1030 Κόρη
1060 958 1227 1020 λαλεῖ,
1267 959 1360 1011 καὶ
1389 960 1420 1028 ή
1454 958 1628 1029 πέτρα
1664 958 1857 1027 χειμά-

294 1051 448 1116 ζεται
465 1067 482 1081 ’
514 1050 648 1120 κόρη
670 1048 958 1119 ψιθυρίζει,
992 1049 1085 1101 καὶ
1108 1049 1310 1119 Πέτρος
1331 1050 1592 1119 ἀρνεῖται.
1622 1049 1854 1111 Ἤλπιζε

293 1142 504 1196 πείθειν
528 1144 625 1213 τὴν
655 1142 819 1212 κόρην
856 1143 883 1192 6
924 1141 1125 1212 Πέτρος
1153 1141 1392 1209 ὀμνύων*
1421 1141 1534 1194 ἀλλ’
1559 1140 1705 1211 ὅρνις
1732 1141 1856 1203 τοὺς

293 1234 491 1305 ὅρκους
514 1234 576 1286 ού
602 1234 813 1303 δέχεται
831 1249 844 1262 ο
879 1231 1210 1302 ἐπιστομίζει
1248 1234 1364 1295 ταῖς
1393 1235 1595 1300 φωναῖς
1640 1231 1729 1284 τὸν
1756 1232 1856 1301 ἀρ-

293 1326 571 1397 νούμενον.
619 1324 793 1388 Ἀξέαν
835 1324 1191 1394 ἀποστολικὴν
1223 1324 1322 1376 οὐκ
1357 1322 1697 1393 αἰσχύνεται·
1722 1324 1854 1393 τιμᾷ

292 1418 401 1490 γὰρ
442 1418 536 1471 τοῦ
578 1417 843 1471 Δεσπότου
870 1417 967 1488 τὴν
1001 1416 1328 1487 πρόρρησιν·
1363 1434 1380 1466 ι
1414 1417 1550 1486 Πρὶν
1590 1416 1855 1487 ἀλέκτορα

292 1511 563 1581 φωνῆσαι,
593 1509 712 1579 τρὶς
756 1509 1046 1580 ἀπαρνήσῃ
1082 1524 1169 1577 με.
1201 1525 1219 1558 ι
1253 1505 1483 1577 Εῖληφα,
1533 1507 1725 1577 Πέτρε,
1756 1506 1854 1576 τῆς

287 1600 626 1671 κατηγορίας
649 1599 708 1652 τὸ
729 1599 994 1669 σύνθημα.
1021 1598 1134 1651 Κᾶν
1160 1599 1429 1669 σιωπῆσαι
1455 1597 1527 1669 μὴ
1551 1597 1706 1661 θέλω,
1730 1597 1854 1668 βοᾷν

289 1693 389 1746 οὐκ
419 1691 607 1761 ἰσχύω.
648 1692 710 1743 Ὢ
740 1691 996 1761 ῥημάτων
1031 1690 1287 1759 κυμάτων
1319 1689 1397 1760 τῷ
1440 1690 1628 1761 Πέτρῳ
1659 1688 1854 1758 φανέν-

290 1801 397 1837 των
420 1785 434 1837 l
465 1785 562 1836 Ὃν
588 1782 786 1854 ᾐδέσθη
808 1782 874 1835 τὰ
902 1786 1138 1851 κύματα,
1165 1780 1350 1835 τοῦτον
1373 1779 1680 1852 ἀλεκτρυὼν
1705 1782 1857 1851 ἐστη-

1958 610 2129 671 guet:
2183 604 2300 673 ipse
2344 603 2556 659 Domini
2598 607 2889 660 verborum
2941 616 3178 663 assertor
3219 611 3368 666 erit:
3424 613 3515 669 ille

1957 697 2226 750 cantando
2263 697 2551 751 verborum
2594 704 2811 753 tuorum
2862 699 3212 756 venditatioui
3265 704 3509 761 obsistet.

1956 782 2132 840 Verba
2168 787 2433 856 ejusmodi
2484 803 2569 842 res
2618 790 2732 859 ipsa
2770 800 3061 845 consecuta
3103 801 3204 846 est.
3251 792 3514 864 Loquitur

1955 879 2169 947 puella,
2227 886 2280 934 et
2325 881 2690 948 apostolorum
2740 883 3056 953 coryphaaus
3100 885 3368 950 turbatur,
3412 885 3515 942 Ροε-

1954 975 2179 1036 trusque
2204 969 2536 1035 coarguitur.
2568 968 2749 1023 Puella
2786 971 3053 1040 loquitur,
3090 981 3143 1026 et
3192 982 3340 1042 petra
3379 984 3514 1030 tem-

1952 1066 2160 1127 pestate
2190 1065 2454 1110 movetur.
2490 1057 2672 1112 Puella
2695 1068 2978 1126 susurrat,
3009 1070 3059 1116 ct
3103 1061 3296 1120 Petrus
3331 1075 3510 1134 negat.

1956 1147 2215 1218 Sperabat
2244 1146 2437 1202 Petrus
2465 1150 2566 1203 sibi
2594 1150 2797 1217 jurauti
2836 1152 2990 1205 ﬁdem
3024 1153 3325 1209 habituram
3360 1157 3512 1226 puel-

1952 1238 2093 1305 lam;
2125 1240 2220 1293 scd
2268 1239 2384 1293 avis
2411 1240 2719 1307 iuramenta
2760 1258 2868 1296 non
2916 1244 3147 1298 admittit
3178 1262 3191 1296 :
3242 1261 3375 1301 voce
3412 1262 3514 1301 sua

1946 1330 2152 1399 iuranti
2182 1345 2245 1385 os
2278 1333 2537 1396 obturat;
2565 1333 2917 1400 apostolicam
2956 1350 3063 1388 non
3095 1346 3309 1391 veretur
3338 1338 3514 1407 digni-

1951 1426 2160 1474 tatem:
2223 1429 2512 1476 veneratur
2575 1421 2771 1491 quippe
2817 1421 3031 1478 Domini
3085 1427 3508 1494 praedictionem.

1957 1529 1975 1563 ι
2013 1510 2335 1582 Priusquam
2385 1513 2559 1583 gallus
2594 1520 2806 1574 cantet,
2843 1523 2926 1569 ter
2971 1531 3056 1570 me
3109 1518 3331 1585 negabis
3374 1518 3439 1574 ⁸³.
3484 1538 3504 1571 s

1950 1600 2167 1673 Accepi,
2197 1618 2229 1657 o
2270 1603 2443 1664 Pelre.
2479 1606 2770 1660 accusandi
2801 1613 3011 1676 tempus
3042 1608 3371 1661 condictum.
3424 1608 3513 1664 Li-

1952 1702 2038 1748 cet
2064 1702 2243 1749 tacere
2278 1696 2468 1758 nolim,
2499 1698 2733 1751 clamare
2763 1706 2940 1752 tamen
2975 1715 3081 1752 non
3119 1701 3291 1753 valeo.
3321 1698 3365 1753 Ο
3399 1717 3515 1755 ver-

1953 1785 2021 1839 ba
2063 1802 2183 1855 quae
2227 1787 2380 1855 quasi
2419 1787 2617 1843 ﬂuctus
2655 1788 2814 1842 Petro
2852 1790 2968 1843 visa
3008 1792 3168 1845 sunt!
3213 1792 3381 1857 Quem
3416 1790 3514 1846 ilu-

288 1875 553 1929 λίτευσεν.
581 1851 754 1927 ’Ὅπου
777 1851 894 1945 -γὰρ
923 1875 951 1926 6
983 1873 1254 1944 Δεσπότης
1292 1851 1639 1944 προστάττων
1683 1874 1850 1936 ἐστὶν,

1957 1884 2077 1931 ctus
2105 1877 2261 1932 veriti
2288 1887 2434 1942 sunt,
2466 1895 2588 1934 eum
2616 1880 2855 1934 traduxit
2879 1882 3073 1950 gallus.
3110 1881 3242 1936 Nam
3282 1884 3368 1938 ubi
3412 1883 3514 1937 Do-

291 1966 322 2019 ὑ
333 1982 404 2036 πη
410 1968 557 2037 ρετεῖ
586 1967 696 2027 τοῖς
711 1964 1015 2035 ὁμοδούλοις
1037 1966 1069 2034 ἡ
1086 1963 1342 2017 θάλαττα.
1358 1963 1531 2016 Ὅπου
1545 1963 1573 2014 6
1584 1963 1858 2032 Δεσπότης

1953 1969 2137 2024 minus
2165 1968 2413 2039 imperat,
2446 1970 2519 2025 ibi
2551 1986 2699 2025 mare
2740 1973 3019 2028 conservis
3063 1972 3375 2027 famulatur.
3414 1973 3512 2031 Ubi

282 2058 664 2128 ἅντιπράττει,
685 2057 777 2108 καὶ
820 2055 1171 2127 ἀλεκτρυόνες
1192 2054 1519 2120 ὁπλίζονται.
1544 2054 1725 2108 Πάντα
1752 2052 1857 2123 γὰρ

1957 2057 2220 2113 Dominus
2250 2067 2534 2130 repugnat,
2573 2061 2644 2113 ibi
2680 2070 2962 2115 armantur
2992 2064 3092 2132 ipsi
3140 2064 3285 2133 galli.
3317 2063 3513 2120 Omnis

286 2150 402 2212 τοῖς
448 2146 545 2201 τοῦ
601 2146 957 2217 πεποιηκότος
980 2146 1168 2200 ἕπεται
1210 2145 1492 2217 νεύμασιν.
1538 2162 1557 2195 ι
1603 2144 1728 2197 Ἐὰν
1766 2143 1857 2214 δέῃ

1957 2150 2155 2219 quippe
2187 2149 2399 2219 Opiﬁcis
2441 2162 2633 2205 nutum
2678 2161 2999 2220 sequuntur.
3040 2173 3058 2203 ι
3089 2151 3314 2208 Etiamsi
3352 2171 3515 2224 opor-

290 2256 361 2310 με
394 2239 494 2291 σὺν
517 2239 599 2291 σοὶ
627 2238 938 2301 ἀποθανεῖν,
982 2238 1040 2291 οὐ
1068 2240 1142 2309 μή
1175 2254 1235 2290 σε
1267 2238 1682 2308 (Ξιπαρνήσοιιιω.⁸
1713 2255 1733 2287 s
1766 2236 1857 2289 καὶ

1957 2242 2123 2296 tuerit
2156 2257 2242 2296 me
2268 2242 2404 2295 mori
2436 2249 2613 2297 tecum
2635 2282 2648 2303 .
2685 2258 2791 2297 non
2825 2250 2878 2297 te
2914 2245 3120 2315 negabo
3150 2264 3163 2298 :
3202 2265 3220 2297 ι
3252 2253 3303 2299 et
3339 2254 3459 2315 post
3494 2263 3511 2301 :

287 2329 481 2383 πάλιν·
517 2347 536 2380 ι
568 2330 680 2382 Οὐκ
724 2323 839 2382 οῖδα
867 2330 956 2382 τὸν
991 2327 1291 2399 ἄνθρωπον.
1318 2347 1335 2377 ι
1363 2328 1534 2380 Βλέπε
1557 2326 1722 2396 φόϐου
1756 2326 1850 2378 καὶ

282 2422 456 2476 πόθου
489 2420 979 2491 συμπεπλεγμένας
999 2419 1199 2489 φωνάς.
1243 2419 1562 2490 Ἡγνόησας,
1587 2412 1632 2470 ὦ
1660 2417 1851 2487 Πέτρε,

283 2514 380 2568 τὸν
408 2513 612 2585 Κύριον
637 2530 652 2574 ;
674 2514 879 2567 Οὐκοῦν
904 2513 998 2568 καὶ
1028 2513 1057 2564 6
1082 2512 1284 2583 Κύριος
1318 2511 1407 2564 τὸν
1434 2512 1637 2582 Πέτρον
1665 2513 1857 2580 ἠγνόη-

289 2621 419 2670 σεν;
454 2606 521 2657 Ὢ
553 2604 718 2673 φόϐου
750 2603 911 2656 πόθον
951 2603 1296 2674 νικήσαντοςί
1327 2600 1609 2673 Θεὼρησον
1636 2600 1732 2671 τὴν
1762 2600 1854 2655 τοῦ

289 2695 501 2766 Πέτρου
527 2694 746 2757 δειλίαν,
778 2695 863 2748 ἴνα
903 2694 1098 2766 μάθῃς,
1120 2694 1202 2758 τίς
1229 2695 1257 2746 6
1288 2694 1386 2766 τὴν
1422 2695 1730 2766 παρρησίαν
1754 2693 1856 2747 δω-

288 2785 576 2858 ρούμενος.
614 2784 942 2856 Ἐλεγχέσθω
966 2784 1143 2855 φύσις,
1171 2785 1258 2838 ἵνα
1280 2787 1420 2856 φανῇ
1447 2786 1479 2855 ἡ
1513 2785 1671 2855 χάρις
1690 2801 1703 2814 ·
1748 2783 1855 2836 δει-

285 2876 509 2931 κνύσθω
535 2875 595 2929 τὸ
620 2876 809 2939 πάοος,
836 2877 925 2931 ἴνα
954 2880 1093 2947 φανῇ
1120 2877 1215 2947 τῆς
1235 2876 1510 2946 δυνάμεως
1534 2880 1563 2930 6
1587 2876 1816 2947 χορηγός
1834 2892 1850 2907 ο

287 2968 443 3040 αὐτῷ
506 2970 540 3040 ἡ
597 2968 723 3033 δόξα
782 2968 873 3023 καὶ
904 2969 963 3023 τὸ
991 2970 1189 3040 κράτος
1230 2968 1326 3036 καὶ
1364 2967 1458 3021 νῦν
1495 2968 1588 3022 καὶ
1619 2969 1697 3032 είς
1728 2967 1853 3030 τοὺς

287 3060 494 3124 αίῶνας
538 3058 647 3113 τῶν
675 3058 906 3113 αἰώνων.
950 3060 1142 3130 Ἀμήν.

368 3178 412 3209 ³¹
456 3176 651 3232 Matth.
687 3191 839 3239 xxvr,
875 3174 964 3230 δι.
1054 3177 1099 3207 ⁸³
1137 3174 1270 3230 ibid.
1307 3175 1393 3230 72.

1961 2352 1978 2383 ι
2014 2333 2129 2387 Νοη
2152 2335 2276 2388 novi
2315 2334 2586 2390 hominem
2620 2337 2684 2390 ⁸⁸.
2722 2356 2742 2389 ι
2784 2336 2920 2392 Vide
2955 2338 3167 2392 timoris
3204 2340 3513 2408 amorisqu

1950 2425 2304 2494 complicatns
2334 2441 2512 2481 voces.
2563 2426 2680 2481 Non
2728 2443 2926 2492 noras,
2963 2428 3149 2489 Petre,
3187 2427 3516 2482 Dominum?

1950 2516 2033 2570 An
2066 2517 2231 2586 igitur
2256 2524 2310 2572 et
2338 2516 2599 2573 Dominus
2631 2519 2848 2574 Petrum
2873 2535 2977 2573 non
3010 2520 3198 2574 novit?
3223 2519 3267 2574 Ο
3312 2527 3511 2572 metum

1952 2606 2045 2677 qui
2073 2610 2242 2662 vincit
2276 2624 2512 2665 amorem
2538 2613 2551 2664 ι
2580 2610 2876 2666 Considera
2909 2613 3037 2665 mibi
3067 2612 3210 2673 illam
3244 2610 3383 2664 Petri
3411 2609 3516 2663 for-

1952 2698 2233 2764 midinem,
2270 2710 2329 2754 ut
2355 2702 2589 2765 ediscas,
2615 2705 2866 2772 quisnam
2897 2704 2968 2757 sit
2996 2704 3088 2772 qui
3120 2704 3212 2757 dat
3241 2701 3511 2755 ﬁduciam.

1958 2785 2231 2857 Arguatur
2275 2799 2492 2855 natura,
2534 2799 2595 2845 ut
2637 2801 2891 2862 appareat
2935 2795 3146 2863 gratia:
3197 2793 3516 2848 exliilztstttr

1957 2877 2267 2940 inﬁrmitas.
2302 2891 2360 2937 ut
2407 2893 2663 2953 appareat
2702 2884 2915 2939 virtutis
2947 2893 3168 2948 auctor,
3213 2885 3298 2938 cui
3342 2880 3515 2954 gloria

1955 2977 2009 3025 et
2059 2972 2345 3043 imperium
2399 2982 2454 3029 et
2500 2990 2645 3031 nunc
2695 2985 2750 3031 et
2812 2976 2868 3030 in
2918 2979 3119 3033 sarcula
3168 2977 3512 3033 saeculorum.

1955 3063 2146 3118 Amen.

1236 3465 1306 3523 ΙΝ
1346 3461 1725 3524 5ΕΒΜΟΝΕΜ
1765 3466 2181 3534 SEQUENTEM
2230 3470 2571 3529 MONlTUM.

366 3585 531 3660 385
552 3585 738 3641 Sermo
766 3585 819 3639 in
838 3583 1162 3639 Parasceven
1186 3584 1458 3655 antiquum
1486 3593 1561 3638 est
1586 3600 1712 3652 opus
1732 3600 1750 3637 :
1781 3598 1902 3637 nam
1924 3584 1976 3638 in
2006 3584 2265 3639 codicibus
2283 3604 2540 3642 annorum
2564 3589 2837 3661 plusquam
2864 3592 3271 3661 octingentorum
3306 3589 3514 3658 legitur.

298 3678 523 3735 Minime
562 3688 736 3733 tamen
766 3677 1056 3731 Athanasio
1096 3677 1430 3731 ascribendus
1450 3716 1464 3740 ,
1499 3677 1666 3747 stglus
1696 3674 1835 3729 enim
1862 3673 2225 3729 Athanasiano
2273 3676 2510 3732 absimile
2547 3680 2700 3747 plane
2721 3687 2820 3735 est.
2852 3679 2993 3734 Nam
3030 3682 3147 3734 licet
3169 3681 3263 3733 hoc
3295 3672 3518 3747 opuscu-
3613 3666 3616 3671 ’

295 3776 406 3830 ium
439 3773 675 3842 aliquam
699 3769 945 3839 praeferat
974 3770 1242 3840 elegantia
1281 3770 1533 3838 speciem,
1570 3776 1627 3822 at
1677 3766 1892 3820 minime
1947 3767 2180 3820 nativam
2211 3783 2228 3820 :
2270 3768 2358 3822 sed
2417 3772 2579 3839 tropis
2605 3811 2622 3835 ,
2671 3773 2854 3843 ﬁguris
2880 3813 2894 3839 ,
2950 3770 3419 3827 exclamationibus
3448 3768 3517 3822 ad

295 3862 630 3935 κακοζηλίαν
659 3877 818 3932 usque
844 3860 1244 3917 redundantem.
1308 3858 1375 3913 In
1408 3859 1568 3913 nullis
1595 3859 1756 3911 etiam
1787 3853 2067 3909 Athanasii
2125 3872 2336 3926 operum
2374 3860 2763 3916 collectionibus
2798 3861 3170 3930 manuscriptis
3211 3857 3520 3922 locum.“-

294 3958 429 4027 ltuit,
460 3956 602 4030 quod
630 3957 878 4013 sciamus.
912 3955 1091 4024 Quare
1118 3956 1257 4011 inter
1290 3955 1472 4026 spuria
1501 3953 1685 4007 merito
1724 3949 2015 4020 ablegatur.

1372 4148 1510 4234 ΤΟΥ
1543 4180 1637 4233 EN
1671 4180 1890 4234 mora
1927 4179 2197 4233 ΠΑτΡοΣ
2231 4180 2428 4235 HMON
2493 4176 2496 4185 ‘

1600 4328 2234 4421 ΑΘΑΝΑΣΙΟΥ

797 4501 1042 4555 ΛΟΓΟΣ
1072 4501 1197 4557 ΕΙΣ
1237 4501 1323 4556 T0
1350 4502 1578 4557 ΗΔΘοΣ
1619 4502 1760 4555 ΤΟΥ
1789 4503 1857 4555 KZ

1957 4503 2074 4556 [ογ
2100 4501 2210 4574 (ευ)
2233 4506 2326 4576 Τῌ
2356 4506 2535 4576 ΑΓῙᾼ
2569 4504 2911 4561 meum
2922 4490 3036 4576 ra.

1300 4755 1393 4845 S.
1472 4756 1580 4842 P.
1661 4756 1779 4843 N.
1877 4754 2530 4844 ATHANASII

1017 4928 1264 4987 SERMO
1309 4929 1398 4984 IN
1429 4930 1868 4989 PASSIONEM
1899 4932 2193 4988 ΒΟΜΙΝΙ
2233 4932 2323 4987 ΙΝ
2359 4930 2818 4988 PARASCEVE.

375 5163 428 5219 ι.
458 5160 622 5230 Μέγα
649 5158 747 5232 μὲν
762 5158 988 5231 οὐρανὸς
1002 5159 1407 5233 δημιούργημα,
1426 5164 1631 5236 καὶτῆς
1660 5167 1873 5239 ὁρωμέ-

307 5272 403 5326 νης
433 5255 665 5316 κτίσεως
694 5252 906 5324 πρῶτον
926 5252 1028 5305 ὑπὸ
1047 5252 1138 5306 τοῦ
1165 5254 1298 5307 Θεοῦ
1328 5257 1406 5319 είς
1426 5256 1485 5309 τὸ
1514 5253 1652 5310 εἶναι
1681 5260 1873 5313 καλού-

290 5362 502 5414 ,μενον⁸
541 5344 691 5415 μέγα.
729 5342 787 5395 δέ
842 5360 895 5396 τι
938 5343 1033 5397 καὶ
1065 5343 1372 5414 θαυμαστὸν
1418 5345 1526 5399 τῶν
1556 5348 1800 5417 ἀγγέλων
1837 5352 1870 5421 ἡ

309 5434 489 5506 φύσις,
515 5435 771 5505 ἀοράτοις
808 5434 1207 5504 στεφανουμένη
1236 5438 1347 5500 τοῖς
1375 5436 1642 5493 κάλλεσιν.
1685 5440 1873 5510 Ἅμιλ-

309 5524 466 5582 λᾶται
501 5529 617 5589 τοῖς
654 5526 963 5598 εἰρημένοις
981 5527 1075 5580 καὶ⁸
1115 5527 1283 5597 ἥλιος,
1317 5526 1417 5592 τὰς
1456 5529 1721 5601 ἡμερινὰς
1776 5530 1870 5584 τοῦ

313 5618 487 5687 φωτὸς
533 5616 822 5687 λαμπάδας
861 5616 1334 5688 περιϐαλλόμενος,
1371 5619 1464 5671 καὶ
1504 5618 1594 5673 τὸν
1627 5619 1872 5691 οὐράνιον

2047 5164 2099 5218 l.
2142 5160 2393 5232 Magnum
2456 5160 2676 5231 quidem
2726 5160 3001 5231 opiﬁcium
3058 5165 3143 5215 est
3195 5158 3433 5221 coelum,
3469 5173 3534 5214 ac

1974 5257 2209 5329 primum
2241 5255 2480 5308 omnium
2510 5270 2629 5324 quae
2664 5255 2764 5309 sub
2793 5250 3296 5322 aspectumcadunt
3318 5259 3535 5305 creatu-

1976 5364 2201 5409 rarum,
2260 5361 2290 5399 a
2328 5345 2435 5402 Deo
2462 5355 2711 5400 vocatum
2761 5353 2823 5400 ut
2872 5351 3036 5399 esset.
3096 5342 3346 5413 Magnum
3406 5343 3533 5396 item

1974 5438 2251 5507 quidpiam
2284 5444 2339 5491 et
2390 5436 2767 5490 admirandum
2817 5444 2902 5490 est
2945 5435 3258 5506 angelorum
3309 5440 3532 5495 natura,

1975 5529 2311 5585 ornamentis
2366 5529 2731 5584 invisibilibus
2787 5536 3064 5583 coronata.
3113 5526 3248 5582 Cum
3292 5525 3375 5580 his
3417 5541 3535 5596 qua:

1978 5622 2215 5678 diximus
2274 5621 2356 5678 sol
2398 5621 2713 5689 contendit,
2766 5622 2858 5691 qui
2891 5620 3103 5677 diurnis
3143 5616 3286 5675 lucis
3326 5617 3536 5674 lacibus

372 5774 497 5839 (20)
529 5773 620 5829 Sic
648 5788 783 5829 mss.
808 5772 949 5828 Editi
975 5788 1100 5828 vero
1129 5772 1462 5841 simpliciter,
1487 5773 1563 5838 είς
1586 5773 1682 5841 τὴν
1715 5774 1857 5841 ἀγίαη

1957 5777 2283 5843 αρασκευήν,
2317 5776 2536 5835 omissis
2565 5775 2806 5839 reliquis.
