3898 6578
506 442 646 500 1055

1629 437 1688 493 S.
1721 435 2182 493 ATHANASIUS.
2220 464 2291 476 —-
2325 435 2598 496 SPURIA.

3567 442 3695 498 {058

497 556 740 620 cinctus,
768 555 1040 610 cielestem
1062 553 1300 609 concitat
1328 567 1572 610 cursum.
1596 551 1827 610 Mentem
1855 553 2044 609 obstu-

2161 550 2340 623 ipdpov
2372 553 2622 609 ἐλαύνων.
2664 555 2977 628 Ἐκπλήττει
3003 557 3100 628 τὴν
3128 556 3362 611 διάνοιαν
3392 559 3427 628 ἠ
3456 558 3548 630 γῆ,
3575 577 3696 632 κρε-

481 645 706 716 _pel‘acit
733 655 872 700 terra
901 685 918 708 ,
965 643 1125 712 jussu
1171 642 1264 700 Dei
1297 659 1562 712 suspensa
1589 683 1606 710 ,
1667 658 1730 700 ac
1761 659 1922 714 grave
1953 645 2054 701 hoc

501 735 830 790 elementum
861 734 1016 805 aquis
1045 733 1336 790 invectum.
1368 735 1508 799 Ouid
1543 735 1610 790 de
1643 737 1779 790 mari
1812 735 2052 801 dixeris,

507 824 582 878 ita
610 825 912 894 explicato,
959 837 1122 877 arena
1153 825 1354 886 cincto,
1379 825 1558 879 ventis
1588 824 1919 894 gubernalo?
1949 823 2056 881 Sed

503 916 619 971 haec
636 917 817 970 omnia
847 915 1061 984 quidem
1098 917 1341 987 pulcbra,
1375 917 1484 971 imo
1516 917 1805 971 admodum
1833 917 2055 988 pulchra

503 1014 632 1063 sunt
660 1006 942 1062 creatricis
991 1007 1268 1076 sapientiae
1315 1008 1566 1078 opiﬁcia;
1603 1008 1696 1062 sed
1720 1025 1907 1064 eorum
1939 1011 2059 1080 pul-

495 1097 866 1152 chritudinem
901 1097 1210 1168 deturpavit
1265 1099 1461 1162 homo,
1515 1115 1580 1154 ac
1632 1101 1853 1156 honoris
1909 1101 2056 1156 allati

497 1187 858 1242 exuberantia
881 1227 897 1252 ,
951 1189 1234 1244 honoratis
1262 1188 1484 1258 pridem.
1503 1190 1886 1245 contumeliam
1919 1192 2058 1246 irro-

503 1281 668 1349 gavit.
707 1278 813 1336 Res
839 1280 984 1335 enim
1009 1287 1220 1336 creatas
1253 1296 1418 1352 supra
1449 1281 1666 1335 modum
1703 1281 2058 1338 admiratione

503 1380 846 1441 prosecutus,
875 1373 942 1428 iis
972 1388 1092 1442 qua:
1120 1380 1246 1427 ante
1297 1373 1355 1428 in
1389 1373 1594 1429 honore
1623 1381 1798 1437 erant,
1824 1373 2058 1432 dedecus

504 1462 720 1519 inludit.
763 1463 853 1519 Sic
885 1464 1049 1518 invita
1079 1471 1323 1519 creatura
1351 1467 1555 1518 erroris
1593 1473 1764 1520 mater
1792 1465 1911 1519 fuit.
1950 1465 2056 1521 Sed

501 1553 865 1610 errabundam
882 1555 1171 1612 miseratus
1185 1555 1467 1620 Dominus,
1485 1570 1700 1612 crucem
1733 1557 1788 1610 in
1821 1558 2055 1613 medium

505 1646 723 1708 attulit,
769 1645 1078 1702 hominibus
1125 1647 1447 1716 cognitionis
1474 1646 1588 1711 Dei,
1623 1649 1756 1719 ipsis
1797 1651 2058 1706 creaturis

500 1738 760 1802 validius,
786 1738 1224 1794 instrumentum.
1254 1739 1500 1794 lneﬂicax
1530 1741 1711 1810 itaque
1743 1742 1938 1796 malum
1960 1742 2059 1799 fuit

503 1826 572 1881 ad
609 1829 935 1899 impietatem
983 1831 1379 1902 corrigendum.
1413 1833 1688 1889 Adoratns
1723 1835 1804 1889 sol
1853 1835 2057 1906 pudore

504 1921 723 1988 quidem
750 1921 976 1978 allectus
995 1933 1111 1988 est,
1158 1939 1260 1980 nec
1301 1925 1468 1981 valuit
1515 1935 1694 1983 tamen
1739 1927 2056 1986 adoratores

503 2013 813 2083 prohibere.
881 2013 1050 2070 Terra
1115 2013 1327 2086 corpori
1391 2018 1608 2088 quidem
1665 2019 2060 2076 medicamenta

506 2105 729 2172 profert.
757 2106 849 2162 sed
881 2109 1164 2176 tegrotanti
1199 2109 1390 2165 anima:
1440 2125 1598 2180 opem
1660 2111 1802 2167 ferre
1851 2113 2056 2182 nequit.

506 2193 653 2249 Mare
701 2195 828 2250 huic
877 2198 1018 2252 malo
1045 2197 1285 2254 curando
1321 2201 1494 2270 impar
1533 2199 2056 2272 deprehendebatur.

505 2284 695 2342 Caecus
713 2287 873 2343 homo
903 2289 1170 2345 circuibat
1189 2302 1516 2357 creaturam,
1541 2301 1595 2348 et
1623 2293 1679 2347 in
1708 2293 1854 2363 quod
1885 2294 2058 2364 palpi-

508 2378 671 2433 tando
699 2380 990 2446 incidebat,
1017 2382 1147 2437 illud
1179 2383 1476 2440 adorabat:
1509 2385 1784 2456 Deumque
1809 2401 1918 2440 non
1966 2401 2062 2456 po-

505 2478 646 2524 terat
672 2471 933 2538 invenire,
958 2481 1143 2544 utpote
1163 2489 1322 2544 quem
1345 2481 1457 2530 tota
1487 2483 1861 2530 creaturarum
1899 2475 2060 2530 turba

507 2559 674 2616 Deum
711 2563 1030 2632 praedicans,
1064 2565 1132 2620 ad
1165 2565 1328 2621 unius
1378 2565 1471 2622 Dei
1529 2566 1832 2622 doctrinam
1883 2565 2057 2622 deduo-

507 2665 632 2706 cere
663 2667 772 2708 non
810 2654 1030 2709 valeret.
1079 2654 1182 2711 Sed
1225 2656 1369 2726 quod
1399 2658 1595 2713 caelum
1629 2657 1916 2726 nequibat,
1954 2657 2060 2712 hoc

507 2756 640 2796 crux
675 2742 881 2802 edicere
919 2747 1134 2816 potuit:
1183 2763 1343 2818 quem
1383 2749 1465 2804 sol
1507 2763 1616 2804 non
1660 2749 1884 2814 docuit,
1919 2763 2061 2804 crux

508 2834 783 2906 refulgens
809 2837 1175 2894 illuminavit:
1213 2841 1320 2896 vile
1346 2840 1914 2910 lignum-plantalum,
1963 2840 2063 2895 im-

510 2926 696 2996 pietati
713 2929 950 2984 deditum
973 2930 1156 2986 orbem
1181 2930 1248 2986 ad
1276 2933 1524 3001 pietatem
1548 2933 1803 2987 excoluit.
1832 2931 2060 3003 Lignum

507 3016 876 3075 damnationis
935 3021 1388 3086 instrumentum,
1430 3023 1701 3078 damnatis
1757 3023 2061 3078 libertatem

509 3111 838 3166 conciliavit.
900 3111 1137 3169 Invalida
1201 3115 1268 3168 ad
1333 3116 1559 3171 salutem
1612 3116 1891 3170 hominum
1946 3123 2064 3171 erat

2154 643 2368 714 paan
2427 643 2824 716 προστάγματι,
2882 646 2974 699 καὶ
3017 646 3078 698 τὸ
3134 645 3272 718 βαρὺ
3303 649 3562 718 στοιχεῖον
3592 652 3694 712 τοῖς

2153 731 2338 788 ὕδασιν
2391 735 2768 807 ἐποχούμενον.
2826 736 2892 790 Τί
2936 737 2981 791 δ’
3023 738 3088 792 ἄν
3117 753 3202 800 τις
3243 739 3408 801 εἴποι,
3445 738 3696 794 θάλατταν

2151 825 2480 898 ἡπλωμένην
2523 827 2680 900 δρῶν,
2725 827 2820 881 καὶ
2853 827 3062 900 ψάμμῳ
3099 828 3208 901 (2i)
3253 830 3352 900 μὲν
3401 831 3693 902 δεδεμένην,

2152 917 2422 988 πνεύμασι
2461 919 2518 972 δὲ
2557 919 3010 992 κυϐερνωμένηνς
3055 921 3214 976 Ἀλλά
3238 921 3414 977 πάντα
3454 925 3550 994 μὲν
3571 927 3694 982 καλά

2151 1010 2247 1065 καὶ
2305 1009 2426 1064 λίαν
2479 1009 2637 1075 καλὰ,
2697 1011 2791 1065 καὶ
2847 1011 2948 1081 τῆς
2994 1012 3087 1066 τοῦ
3140 1014 3470 1086 δημιουργοῦ
3523 1018 3696 1085 σοςίας

2151 1102 2497 1174 τεχνάσματα
2517 1118 2531 1132 ·
2572 1101 2767 1174 ᾔσχυνε
2810 1103 2867 1156 δὲ
2912 1103 3112 1160 τούτων
3143 1105 3202 1158 τὸ
3229 1105 3425 1170 κάλλος
3451 1109 3481 1160 6
3507 1105 3696 1181 άνθρωυ

2153 1209 2253 1258 πος
2309 1195 2374 1265 τῇ
2427 1195 2526 1264 τῆς
2571 1195 2739 1265 τιμῆς
2767 1195 3062 1268 ὑπερϐολῇ,
3091 1199 3202 1259 τοῖς
3254 1197 3584 1268 τιμωμένοις
3608 1200 3696 1270 τὴν

2153 1281 2308 1356 ὓϐριν
2346 1286 2626 1357 γεννήσας.
2655 1285 2850 1356 Θαῦμα
2876 1287 2984 1359 γάρ
3025 1290 3090 1359 τῇ
3135 1288 3310 1342 κτίσει
3341 1290 3695 1360 προσενέγκας

2153 1374 2470 1446 ὑπερὸαἰνον
2489 1375 2556 1429 τά
2587 1375 2758 1446 μέτρα
2777 1377 2872 1446 τῆς
2896 1376 3142 1439 κτίσεως,
3169 1376 3382 1441 ἀδοξίαν
3402 1379 3518 1440 τοῖς
3543 1395 3695 1447 τιμω-

2157 1466 2337 1538 μένοις
2355 1465 2627 1535 κατέχεεν.
2641 1466 2792 1520 Οὕτω
2809 1465 3012 1537 πλάνης
3044 1468 3226 1539 μήτηρ
3252 1468 3284 1538 ἡ
3311 1467 3488 1531 κτίσις
3508 1469 3695 1522 ἄκουσα

2152 1556 2391 1627 γέγονεν.
2435 1557 2572 1610 Ἀλλ’
2603 1556 2828 1630 ᾤκτειρε
2869 1558 2967 1630 τὴν
3000 1559 3358 1630 πλανωμένην
3381 1561 3410 1612 6
3437 1560 3588 1624 Θεδς,
3613 1562 3697 1614 καὶ

2155 1650 2308 1722 φέρει
2344 1651 2573 1722 σταυρὸν
2603 1652 2660 1704 ἐν
2679 1651 2844 1722 μέσῳ,
2865 1651 3188 1720 θεογνωσίας
3219 1652 3524 1724 ἀνθρώποις
3552 1655 3696 1724 δργα-

2154 1758 2242 1795 νον
2265 1782 2282 1806 ,
2330 1743 2429 1814 τῆς
2479 1743 2704 1806 κτίσεως
2759 1741 3137 1815 δυνατώτερον.
3177 1745 3488 1817 ’Δπρακτος
3525 1745 3696 1813 γοῦνδ

2155 1834 2379 1907 οὐρανὸς
2425 1836 2560 1908 πρὸς
2605 1835 2854 1900 ἀσεϐείας
2895 1835 3006 1908 (22)
3039 1835 3228 1904 γέγονε
3266 1835 3568 1908 διόρθωσιν.
3596 1838 3694 1892 Καὶ

2161 1925 2308 1996 ἥλιος
2363 1928 2460 1998 μὲν
2507 1927 2766 1998 ᾐσχύνετο
2809 1927 3275 2000 προσκυνούμενος
3298 1969 3314 1992 ,
3377 1928 3602 1982 κωλύειν
3644 1929 3693 1983 δὲ

2155 2019 2280 2083 τοὺς
2329 2019 2754 2091 προσκυνοῦντας
2789 2019 2887 2073 οὐκ
2917 2019 3122 2090 ἴσχυσε.
3155 2019 3252 2090 Γῆ,
3289 2020 3359 2074 τά
3391 2019 3487 2072 τοῦ
3524 2020 3692 2090 σῶμα·

2154 2123 2246 2172 τος
2275 2109 2538 2180 φάρμακα
2563 2107 2818 2180 βρύουσα,
2843 2111 2908 2180 τῇ
2939 2108 3084 2180 ψυχῇ
3116 2108 3344 2180 νοσούσῃ
3372 2107 3579 2178 βοηθεῖν
3608 2110 3692 2161 οὐκ

2156 2195 2400 2266 ἠδύνατο.
2437 2197 2689 2252 Θάλασσα
2730 2199 2954 2270 περιττὴ
2986 2197 3122 2269 πρὸς
3152 2198 3212 2251 τὸ
3243 2199 3414 2262 πάθος
3435 2199 3691 2269 ἠλέγχετο.

2157 2287 2266 2341 Καὶ
2285 2287 2567 2360 ἄνθρωπος
2587 2288 2906 2359 τυφλιὶιττων
2936 2293 3162 2363 περιῆγε
3194 2291 3291 2363 τὴν
3312 2291 3506 2353 κτίσιν,
3533 2292 3625 2344 καὶ
3643 2291 3695 2344 τὸ

2158 2377 2497 2450 προσπίπτον
2516 2377 2778 2448 ψηλαφῶν
2814 2379 3156 2450 προσεκύνει,
3178 2381 3309 2436 Θεὸν
3340 2381 3518 2452 εὑρεῖν
3539 2381 3600 2434 ού
3623 2381 3695 2434 δυο

2155 2465 2386 2538 νάμενος
2401 2483 2415 2498 ·
2443 2467 2500 2521 ὸν
2519 2469 2663 2537 ὁτῆς
2683 2468 2910 2532 κτίσεως
2931 2467 3058 2540 ὅλης
3077 2470 3246 2542 δῆμος
3269 2471 3546 2542 κηρύττων
3573 2473 3694 2542 πρὸς

2156 2555 2255 2628 τὴν
2275 2556 2392 2620 ἐνὸς
2412 2556 2545 2610 Θεοῦ
2570 2557 2914 2612 διδασκαλίαν
2946 2561 3239 2634 προσάγειν
3274 2562 3374 2614 οὐκ
3400 2563 3691 2633 ἐξήρκεσεν.

2169 2646 2306 2702 Ἀλλ’
2333 2647 2363 2702 δ
2388 2647 2461 2720 μὴ
2484 2648 2776 2720 πεποίηκεν
2789 2652 2818 2704 6
2844 2651 3086 2722 οὐρανὸς,
3107 2651 3260 2705 τοῦτο
3278 2653 3490 2722 ἴσχυσεν
3505 2653 3534 2704 6
3549 2669 3694 2706 σταυ-

2161 2739 2286 2814 ρός·
2339 2739 2433 2793 καὶ
2459 2739 2518 2793 ὃν
2550 2739 2698 2810 ἥλιος
2729 2742 2830 2795 οὐκ
2875 2741 3096 2809 ἐδίδαξε,
3133 2743 3358 2812 σταυρὸς
3395 2744 3695 2814 ἀναλάμψας

2159 2826 2554 2900 ἐφωταγώγησε
2575 2845 2588 2859 ·
2619 2829 2710 2884 καὶ
2751 2829 2906 2898 ξύλον
2938 2832 3150 2896 εὐτελὲς
3179 2831 3442 2902 φυτευθὲν
3462 2834 3694 2904 οἰκουμέ-

2159 2937 2256 2992 νην
2272 2919 2566 2974 ἀσεϐοῦσαν
2578 2922 2713 2994 πρὸς
2725 2921 3004 2978 εὐσέϐειαν
3022 2923 3330 2998 ἐγεώργησε
3339 2963 3352 2976 .
3370 2924 3532 2977 Ξύλον
3545 2941 3696 2978 κατα-

2159 3013 2312 3086 δίκης
2341 3013 2565 3088 ὅργανον
2592 3019 2702 3080 τοῖς
2723 3015 3028 3080 καταδίκοις
3067 3015 3378 3089 ἐλευθερίαν
3407 3017 3692 3086 ἐκαρποφό·

2161 3123 2343 3176 ρησεν.
2406 3105 2658 3178 Ἠτόνησε
2713 3106 2822 3178 (25)
2867 3105 3002 3180 πρὸς
3047 3108 3316 3179 σωτηρίαν
3359 3107 3692 3179 ἀνθρὼπωνὴ

509 3209 758 3256 creatura
785 3221 798 3257 :
830 3203 1070 3274 ingressa
1103 3219 1235 3258 crux
1265 3213 1321 3258 ut
1349 3205 1588 3261 medicus
1621 3209 1890 3277 apparuit.
1921 3205 2056 3273 Quia

2163 3198 2358 3262 κτίσις,
2429 3199 2522 3252 καὶ
2577 3198 2806 3271 σταυρὸς
2864 3197 3118 3252 εἰσελθὼν
3172 3199 3350 3270 ἰατρὸς
3418 3199 3690 3270 ἀνεδείχθη.

511 3293 657 3347 enim
711 3308 860 3348 mors
905 3295 1050 3366 ligno
1078 3304 1333 3366 tanquam
1365 3297 1557 3354 baculo
1593 3298 1721 3352 olim
1757 3312 1878 3362 usa,
1911 3297 2058 3352 radi-

511 3397 629 3437 cem
661 3383 954 3438 humanam
982 3394 1348 3455 0ppugnarat,
1388 3387 1642 3457 viamque
1681 3388 1746 3441 ad
1779 3402 1900 3444 sese
1930 3387 2064 3442 iusi-

509 3475 784 3529 nuandam
807 3477 1104 3540 invenerat,
1137 3479 1624 3548 transgressionem
1673 3477 1884 3534 scilicet
1915 3478 2062 3532 illam

511 3580 608 3638 per
637 3565 814 3621 cibum
856 3568 1112 3632 vetitum;
1153 3578 1338 3639 aperta
1372 3580 1500 3624 tunc
1533 3570 1693 3624 morti
1739 3565 2066 3634 via,’conse-

510 3657 778 3728 quebatur
807 3672 926 3713 eam
957 3673 1129 3728 genus
1155 3659 1483 3721 humanum,
1531 3667 1586 3715 et
1627 3661 1718 3729 qui
1771 3661 2064 3729 participes

508 3757 666 3806 erant
694 3758 900 3806 naturae
939 3751 1234 3821 (humanm)
1277 3751 1514 3806 bant-edes
1550 3751 1710 3806 iidem
1742 3751 1889 3806 fuere
1930 3766 2062 3821 sup-

509 3840 678 3910 plicii.
734 3841 803 3894 At
850 3839 990 3896 Deus
1021 3842 1222 3912 plastes
1253 3842 1342 3895 ille
1376 3841 1612 3911 ﬁgmenti
1657 3841 1915 3896 misertus
1943 3841 2063 3906 sui,

511 3929 716 4000 lignum
765 3941 994 3998 naturae,
1037 3932 1346 4002 oppositum
1401 3934 1608 3987 scilicet
1653 3933 1799 4002 ligno
1833 3933 2068 3987 medica-

511 4031 778 4087 mentum,
811 4025 1036 4094 largitus
1065 4033 1148 4078 est
1177 4043 1190 4078 :
1223 4024 1641 4094 passionetuque
1671 4024 1900 4087 induxit,
1939 4039 2066 4094 pas-

513 4112 652 4168 sioni
686 4114 995 4170 medelam:
1029 4123 1082 4170 et
1131 4124 1362 4170 mortem
1409 4131 1528 4182 qua:
1575 4124 1706 4170 tunc
1755 4116 2064 4179 obtinebat,

515 4220 611 4276 per
632 4205 792 4258 aliam
830 4215 1056 4262 mortem
1085 4221 1114 4259 a
1137 4222 1196 4262 se
1220 4206 1385 4260 armis
1413 4206 1736 4262 instructam
1760 4205 2065 4262 debellavit.

514 4295 592 4350 Ac
622 4312 836 4352 rursum
868 4297 1000 4351 liber
1031 4297 1192 4350 homo
1216 4339 1229 4362 ,
1271 4297 1467 4367 quibus
1501 4296 1663 4351 rebus
1718 4296 1785 4350 ad
1841 4304 2068 4352 mortem

515 4387 617 4444 fuit
659 4388 942 4460 alligatus,
983 4388 1050 4442 iis
1079 4388 1534 4441 immortalitatem
1568 4387 1769 4442 invenit
1803 4405 1820 4442 :
1857 4387 2064 4458 Quibus

515 4481 658 4536 enim
697 4479 986 4534 damnatus
1013 4479 1202 4535 iisdem
1231 4479 1489 4534 liberatus
1519 4486 1622 4533 est.
1676 4512 1694 4530 .

2173 3289 2388 3362 Ἐπειδὴ
2409 3289 2516 3360 γάρ
2544 3291 2572 3343 6
2592 3289 2837 3354 θάνατος,
2867 3288 3004 3361 ξύλῳ
3027 3290 3086 3344 τὸ
3111 3290 3271 3344 πάλαι
3296 3291 3564 3362 βακτηρία
3580 3309 3694 3362 χρη·

2164 3381 2412 3452 σάμενος,
2473 3380 2572 3452 τὴν
2616 3379 2724 3434 τῶν
2762 3379 3058 3453 ἀνθρώπων
3110 3381 3262 3452 ῥίζαν
3311 3381 3692 3452 ἐπολιόρκησεν,

2159 3476 2276 3530 ὁδδν
2307 3476 2478 3549 εὑρὼν
2526 3479 2606 3542 είς
2635 3478 2988 3549 παρείσδυσιν
3017 3478 3116 3548 τὴν
3158 3480 3214 3532 ἐν
3243 3476 3441 3549 βρώσει
3469 3477 3693 3549 παράϐα-

2163 3585 2245 3622 σιν
2263 3585 2277 3599 ο
2301 3569 2440 3632 τότε,
2467 3569 2922 3642 παρανοιχθείσης
2955 3569 3095 3624 οὕτω
3115 3569 3216 3640 τῆς
3246 3569 3364 3624 ὁδοῦ
3397 3569 3476 3640 τῷ
3508 3570 3694 3638 θανάτῳ

2161 3659 2230 3713 τὰ
2256 3660 2385 3730 γὲνη
2421 3663 2717 3733 συνήπτετο
2745 3661 2882 3733 (24).
2913 3663 3005 3716 καὶ
3034 3662 3084 3714 οἱ
3116 3661 3358 3714 κοινωνοὶ
3384 3661 3486 3730 τῆς
3511 3660 3694 3730 φύσεως

2163 3748 2400 3816 ἐγίνοντο
2436 3749 2759 3820 κληρονόμοι
2795 3749 3085 3813 κολάσεως.
3115 3749 3401 3820 Οἰκτείρας
3431 3751 3556 3813 τοὺς
3580 3747 3693 3800 πλα-

2164 3840 2388 3904 σθέντας
2429 3841 2458 3893 6
2488 3832 2766 3913 πλάστης,
2819 3841 2972 3908 ξύλον
3008 3843 3412 3912 ἀντιφάρμακον
3457 3841 3605 3908 ξύλου
3638 3840 3691 3909 τῇ

2165 3930 2321 4000 φύσει
2372 3929 2669 4003 χαρίζεται.
2717 3931 2812 3985 καὶ
2857 3931 3026 3993 πάθος
3075 3931 3380 4000 οἰκονομίας
3439 3931 3693 4000 εἰσήνεγκε

2165 4024 2369 4089 πάθους
2395 4023 2831 4096 ἀλεξιφάρμακον
2863 4024 2954 4077 καὶ
2983 4022 3212 4093 ’θανάτῳ
3243 4021 3534 4094 κρατοῦντι
3557 4021 3696 4075 θάνα-

2164 4133 2255 4171 τον
2287 4115 2614 4180 ἀνθοπλίσας
2671 4114 3104 4183 κατηγωνίσατοο
3140 4112 3233 4167 καὶ
3257 4113 3416 4166 πάλιν
3445 4111 3695 4181 ἐλεύθερος

2163 4205 2194 4258 6
2243 4205 2542 4276 ἄνθρωπος,
2596 4200 2676 4270 οἷς
2722 4205 2876 4277 ἐδέθη
2925 4205 3058 4277 πρὸς
3105 4203 3352 4266 θάνατον,
3374 4203 3578 4266 τούτοις
3613 4201 3698 4271 τὴν

2165 4295 2460 4350 ἀθανασίαν
2493 4296 2606 4367 (25)
2635 4296 2956 4368 εὑράμενοςο
2989 4296 3058 4351 δι’
3085 4288 3160 4350 ὧν
3202 4294 3308 4368 γὰρ
3341 4295 3694 4368 κατεκρίνετο,

2164 4385 2252 4441 διὰ
2279 4386 2480 4440 τούτων
2509 4385 2710 4441 ἐλύετο.

585 4571 750 4642 386
775 4571 830 4626 2.
871 4569 915 4626 0
935 4573 1171 4626 divinam
1203 4585 1328 4626 vere
1352 4570 1673 4640 sapientiam
1703 4610 1718 4633 ,
1764 4569 2062 4625 caelestem--

2233 4557 2288 4621 2.
2311 4567 2376 4619 Ὦ
2401 4564 2546 4631 θείας
2569 4563 2779 4638 ἀληθῶς
2809 4567 3016 4634 σοφίας,
3046 4565 3141 4618 καὶ
3167 4563 3412 4635 μηχανῆς
3436 4560 3691 4635 οὐρανίουί

515 4678 621 4733 que
651 4663 984 4717 machinam!
1016 4662 1159 4718 Crux
1199 4661 1372 4716 deﬁxa
1413 4661 1546 4725 fuit,
1571 4669 1621 4716 et
1654 4662 1918 4716 idolorum
1952 4661 2070 4716 cul-

517 4761 608 4810 tus
650 4768 872 4808 eversus
909 4769 923 4806 :
955 4769 1089 4808 crux
1142 4754 1406 4815 excitata,
1449 4759 1502 4807 et
1537 4752 1802 4807 diabolica
1831 4759 2070 4822 potestas

515 4846 770 4901 damnata
821 4845 921 4900 fuit
962 4866 975 4901 :
1007 4862 1139 4902 crux
1179 4845 1351 4901 deﬁxa
1385 4844 1504 4910 fuit,
1533 4853 1589 4900 et
1619 4843 1926 4901 Iudaeorum
1977 4861 2073 4900 su-

517 4939 704 5010 perbia
726 4940 782 4994 in
807 4940 1022 4994 ruinam
1051 4954 1202 4995 versa
1235 4948 1356 5004 est;
1387 4945 1446 4993 ut
1486 4937 1698 4994 ediscas
1722 4953 1828 4992 non
1860 4937 2069 5007 simpli-

518 5031 656 5085 citer
687 5032 887 5101 lignum
948 5036 1026 5084 tot
1075 5029 1459 5084 miraculorum
1515 5044 1637 5084 esse
1679 5043 1934 5094 causam,
1975 5027 2069 5084 sed

517 5136 642 5194 epm
663 5123 754 5192 qui
777 5123 923 5192 ligno
951 5121 1018 5176 ad
1050 5121 1330 5175 victoriam
1358 5129 1442 5176 est
1470 5136 1621 5176 usus.
1660 5119 1777 5174 Non
1801 5120 1944 5174 enim
1976 5135 2072 5190 per

519 5228 580 5268 se
615 5214 796 5283 passio
817 5221 898 5268 est
925 5210 1204 5272 salutaris.
1226 5211 1322 5266 sed
1352 5211 1441 5266 ille
1465 5211 1722 5266 salutaris
1750 5219 1834 5266 est
1861 5214 1952 5282 qui
1978 5227 2071 5281 per

519 5305 828 5374 passionem
860 5305 1087 5359 salutem
1117 5303 1288 5359 voluit
1313 5303 1648 5373 dispensare.
1707 5301 1826 5357 Tibi
1855 5303 2071 5372 quidem

519 5410 666 5452 mors
711 5396 770 5450 lit
811 5410 842 5450 α
885 5404 1058 5450 morte
1085 5395 1414 5466 redemptio,
1449 5393 1543 5451 sed
1590 5410 1774 5451 rerum
1817 5404 2072 5450 naturam

611 5568 703 5641 2i)
729 5567 807 5625 Ita
837 5587 970 5627 mss.
1005 5570 1146 5626 Editi
1171 5586 1318 5634 vero.
1339 5569 1582 5641 ψάμμοις
1619 5570 1832 5641 ἐνδεημ

613 5640 703 5706 ‘22)
733 5643 806 5695 lta
829 5642 982 5698 Cnlb.
1009 5642 1065 5697 2.
1099 5649 1264 5696 recte.
1289 5638 1431 5695 Editi
1464 5638 1608 5704 vero,
1635 5638 1930 5704 εὐσεϐείας.

593 5710 706 5782 (25)
745 5711 819 5766 Ita
839 5712 946 5766 duo
970 5711 1287 5782 colbertini.
1321 5713 1379 5765 In
1407 5711 1586 5782 editis,
1619 5709 1873 5782 ὴτόνησε·⁸
1897 5708 2069 5765 deest.

594 5778 707 5853 (ει)
740 5783 814 5853 [ta
848 5782 998 5853 eotb.
1027 5781 1082 5845 2,
1110 5778 1265 5836 C’olb.
1291 5782 1344 5853 ι,
1387 5778 1904 5853 συνείπελτοζΕὰἰιί,
1945 5794 2070 5832 συν-

520 5847 709 5920 intra.
741 5849 909 5907 Paulo
955 5857 1098 5921 post,
1119 5853 1270 5909 (ζου).
1296 5851 1352 5908 2.
1382 5849 1624 5906 κοινωνοὶ
1659 5849 1756 5920 τῆς
1783 5847 2068 5912 κολάσεως.

2170 4656 2408 4728 Σταυρὸς
2447 4656 2734 4726 ἐπήγνυτο,
2754 4655 2849 4708 καὶ
2870 4651 3272 4723 είδωλολατρεία
3292 4652 3692 4723 κατεστρέφετο·

2171 4747 2400 4819 σταυρὸς
2452 4747 2710 4819 ἐγείρετο,
2745 4745 2839 4798 καὶ
2874 4745 3152 4817 διαϐολικὴ
3194 4744 3478 4798 δυναστεία
3507 4743 3693 4798 κατεδι-

2169 4838 2394 4905 κάζετοο
2431 4838 2661 4910 σταυρὸς
2711 4839 3002 4908 ἐπήγνυτο,
3053 4837 3146 4890 καὶ
3181 4835 3450 4890 Ἰουδαίων
3486 4837 3514 4890 6
3554 4835 3694 4901 τύφος

2170 4931 2304 5004 πρὸς
2340 4931 2541 4986 πτῶσιν
2573 4931 2856 5002 μεθίστατο
2878 4946 2891 4960 ·
2921 4930 3007 4982 ἵνα
3063 4928 3270 5001 μάθῃς,
3329 4929 3412 4982 ὅτι
3450 4927 3522 5000 μὴ
3567 4925 3694 4992 ξύλον

2171 5023 2354 5088 ἁπλῶς
2374 5023 2480 5077 τῶν
2511 5022 2776 5077 τοσούτων
2799 5021 3090 5092 θαυμάτων
3117 5020 3424 5093 παραίτιον,
3449 5021 3560 5074 ἀλλ’
3583 5019 3607 5070 6
3629 5015 3693 5087 τῷ

2171 5117 2311 5187 ξύλῳ
2339 5117 2472 5187 πρὸς
2495 5113 2592 5186 τὴν
2614 5113 2770 5184 νίκην
2797 5111 3158 5183 χρησάμενος.
3189 5113 3262 5166 Ού
3285 5112 3393 5184 γάρ
3417 5111 3534 5168 καθ’
3561 5107 3694 5164 ἑαυτὸ

2169 5210 2230 5262 τὸ
2249 5207 2418 5271 πάθος
2452 5207 2734 5277 σωτήριον,
2762 5203 2873 5257 ἀλλ’
2901 5204 2930 5256 6
2953 5202 3042 5256 διά
3075 5203 3279 5268 πάθους
3302 5204 3594 5272 οἰκονομεῖν
3613 5197 3693 5269 τήν

2173 5299 2442 5370 σωτηρίαν
2496 5297 2830 5368 βουλόμενος.
2873 5296 2962 5350 Σοὶ
2991 5296 3084 5367 μὲν
3115 5295 3224 5368 γάρ
3249 5295 3456 5365 γίνεται
3496 5291 3692 5347 θανάτου

2171 5392 2322 5456 λύσις
2361 5393 2390 5446 6
2438 5389 2684 5454 θάνατος,
2720 5387 2831 5442 ἀλλ’
2865 5387 3063 5458 ἦμειψε
3107 5386 3216 5442 τῶν
3264 5385 3594 5460 πραγμάτων
3613 5381 3694 5451 τὴν

2171 5570 2294 5626 Mox
2320 5576 2632 5626 contextum
2657 5572 2782 5621 ante
2813 5563 2868 5618 in
2893 5563 3080 5621 multis
3107 5565 3358 5620 vitiatum
3385 5579 3452 5620 ex
3477 5576 3596 5618 mss.
3621 5570 3690 5613 ιὀ-

2172 5642 2468 5698 stituimns.
2501 5637 2646 5694 Infra
2678 5635 2913 5692 Colbcrt.
2939 5633 2996 5702 2,
3023 5649 3122 5707 pro
3142 5634 3585 5708 ἀλεξιφάρμακον,
3609 5627 3691 5686 hl-

2171 5709 2646 5782 ωιξάλεξιτήριον.

2151 5825 2164 5838 .
2241 5781 2352 5854 (25)
2385 5775 2461 5837 tta
2492 5775 2628 5838 ἤιξε.
2652 5775 2795 5837 Editi
2825 5791 2976 5847 vero,
3002 5775 3358 5848 ἀκαθαρσίαν.
