4022 6382
270 316 420 373 1057

1330 315 1562 373 SERMO
1597 315 1666 371 ΙΝ
1703 314 2087 373 PASSIONEM
2126 314 2386 373 DOMlNl.

3349 323 3493 379 4058

270 431 434 506 φύσιν
451 430 480 483 6
505 432 571 501 τῇ
596 429 753 500 φύσει
771 430 898 494 τοὺς
923 429 1080 501 ὅρους
1102 431 1430 504 πηξάμενος.
1451 433 1713 505 Σταυρὸς,
1737 435 1831 488 καὶ

1935 435 2288 487 commutavit
2335 430 2429 501 qui
2477 438 2687 486 natura
2724 431 2985 489 terminos
3039 430 3247 489 dellxit.
3300 434 3447 491 Crux
3470 473 3497 505 ,η

271 522 464 588 πάθος,
510 525 602 576 καὶ
660 521 848 591 λόγχη,
897 522 990 575 καὶ
1048 516 1188 594 ἦλοι,
1227 525 1322 578 καὶ
1365 523 1591 588 Θάνατος
1612 568 1627 590 ,
1663 523 1835 579 ταῦτα

271 612 417 685 ζωῆς
447 611 713 667 ἀθανάτου
731 612 1052 681 (ἰωγίνεται
1084 614 1371 686 σπάργανα
1393 632 1407 646 ·
1448 615 1697 680 τούτοιςό
1716 615 1836 669 δεύ-

269 721 429 777 τερος
477 704 760 777 ἄνθρωπος
814 707 893 769 είς
924 705 1066 777 ζωὴν
1110 707 1406 780 άπετέχθη.
1442 704 1536 772 Οἷς
1567 710 1596 762 ό
1624 708 1836 779 πρῶτος

284 797 456 868 Ἀδὰμ
493 795 823 867 κατεκρίθη,
856 798 1063 862 τούτοις
1101 801 1130 852 6
1175 798 1427 871 δεύτερος
1472 800 1644 871 Ἀδὰμ
1676 800 1836 871 ἠλευ-

269 888 483 961 θερὼοη
506 904 520 917 ·
551 889 642 956 ὑφ’
673 882 748 941 ὧν
806 889 839 958 ή
886 890 1026 961 ἀρχὴ
1050 889 1159 943 τῶν
1184 889 1482 962 ἀνθρώπων
1514 891 1832 955 κατέπεσεν,

270 982 377 1036 ὑπὸ
429 979 697 1052 τούτωνή
738 982 958 1053 ἀπαρχὴ
1018 981 1125 1036 τῶν
1178 982 1476 1052 ἀνθρώπων
1516 984 1833 1053 ἀνυψοῦται.

268 1073 517 1144 Σήμερον
546 1073 576 1124 6
619 1071 884 1143 δεσπότης
920 1072 1012 1126 καὶ
1052 1071 1251 1143 Κύριος
1273 1076 1596 1145 κατάκριτος
1619 1075 1832 1143 ἄγεται,

269 1166 366 1219 καὶ
391 1166 456 1217 ὲκ
486 1162 831 1234 δικαστηρίου
861 1164 993 1235 πρὸς
1008 1163 1349 1236 δικαστήριον
1377 1164 1831 1236 παραπέμπεταιο

270 1259 367 1311 καὶ
405 1258 658 1327 Καϊάφας
692 1257 1067 1326 ἀποφαίνεται,
1134 1259 1227 1311 καὶ
1270 1258 1497 1321 Πιλᾶτος
1536 1258 1632 1330 τὴν
1658 1258 1836 1329 ψῆφον

270 1345 591 1417 διαδέχεται.
651 1349 760 1401 Καὶ
800 1348 862 1401 ού
909 1351 1252 1420 παραιτεῖται
1307 1350 1405 1412 τὴν
1447 1350 1621 1420 κρίσιν
1652 1352 1682 1404 6
1706 1351 1838 1422 Χρι-

274 1436 418 1502 στὸς,
446 1437 531 1491 ἵνα
554 1436 689 1508 λύσῃ
714 1437 811 1509 τὴν
829 1437 923 1491 τοῦ
940 1439 1147 1509 κόσμου
1175 1439 1515 1511 κατάκρισιν.

340 1530 396 1585 5.
431 1531 495 1583 Ὦ
525 1530 839 1602 παραδόξων
894 1531 1181 1601 θαυμάτων
1208 1533 1221 1585 !
1254 1532 1464 1602 δέχεται
1491 1533 1587 1603 τὴν
1615 1531 1709 1586 τοῦ
1738 1532 1836 1586 θα-

271 1622 432 1677 νάτου
472 1622 653 1692 ψῆφον
679 1624 708 1675 6
737 1624 990 1693 Χριστὸς,
1022 1625 1115 1678 καὶ
1138 1624 1298 1688 εὐθὺς
1325 1628 1353 1679 6
1378 1625 1666 1697 Βαραϐϐᾶς
1705 1628 1839 1679 ἀποο

1936 525 2143 595 passio,
2174 525 2382 590 lancea,
2414 523 2575 586 clavi,
2601 533 2655 578 et
2695 537 2842 579 mors
2868 542 2883 590 ;
2918 525 3065 588 hac,
3115 525 3359 597 inquam.
3389 528 3494 584 im-

1937 617 2185 672 mortalis
2213 617 2335 672 vitae
2360 616 2494 670 ﬁunt
2513 616 2840 672 incunabula
2866 635 2880 672 :
2915 618 3000 672 his
3032 619 3304 673 secundus
3330 619 3494 675 homo

1939 707 2007 761 ad
2033 709 2196 762 vitam
2225 710 2537 779 progenitus
2564 718 2669 764 est.
2691 708 2899 774 Quibus
2930 710 3140 779 primus
3163 710 3333 765 Adam
3358 726 3494 766 con-

1938 798 2226 855 demnatus
2250 811 2353 864 est,
2374 800 2560 855 iisdem
2586 800 2859 856 secundus
2879 800 3049 855 Adam
3077 809 3160 857 est
3193 802 3453 858 liberatus
3478 820 3492 857 :

1937 907 2034 961 per
2055 907 2176 963 qua:
2208 893 2419 947 initium
2452 894 2728 948 hominum
2759 892 2978 958 decidit,
3025 909 3118 964 per
3147 910 3210 949 ea
3244 895 3499 964 primitiae

1938 985 2217 1038 hominum
2249 986 2496 1040 exaltata:
2539 993 2684 1041 sunt.
2732 984 2901 1040 Hodie
2942 986 3106 1043 herus
3144 1002 3207 1041 ac
3238 986 3499 1044 Dominus

1937 1086 2122 1131 noster
2151 1092 2277 1132 reus
2308 1080 2504 1149 agitur.
2534 1088 2587 1133 et
2630 1093 2694 1133 ex
2730 1078 2989 1131 tribunali
3030 1076 3097 1131 ad
3128 1079 3362 1136 tribunal
3389 1080 3494 1134 du-

1938 1167 2116 1221 citur:
2149 1166 2384 1237 Caiphas
2436 1167 2641 1237 profert
2677 1172 3019 1232 sententiam,
3055 1168 3258 1224 Pilatus
3303 1170 3496 1238 judicii

1939 1258 2205 1312 calculum
2240 1260 2458 1328 excipit.
2494 1258 2605 1313 Nec
2648 1268 2864 1314 recusat
2901 1259 3169 1328 judicium
3196 1260 3452 1319 Christus

1939 1360 2000 1406 ut
2025 1352 2215 1406 mundi
2243 1352 2753 1407 condemnationem
2775 1352 3008 1407 aboleat.

2012 1545 2065 1599 5.
2106 1542 2151 1601 Ο
2180 1543 2445 1614 stupenda
2495 1544 2797 1599 miracula!
2853 1546 3046 1601 mortis
3098 1546 3500 1603 damnationem

1941 1634 2193 1691 Christus
2219 1637 2438 1705 accipit,
2472 1642 2529 1689 et
2567 1650 2689 1689 mox
2724 1635 2997 1691 Barabbas
3026 1637 3272 1691 solvitur.
3304 1637 3361 1692 ln
3383 1640 3507 1709 ipso

268 1712 475 1767 λύεται.
544 1714 640 1768 Ἐκ
685 1713 981 1785 προοιμίων
1026 1718 1056 1767 6
1100 1717 1327 1786 σταυρὸς
1367 1719 1477 1779 τοῖς
1527 1717 1834 1782 καταδίκοις

1944 1726 2125 1777 statim
2159 1724 2385 1778 exordio
2430 1736 2563 1778 crux
2601 1725 2870 1780 damnatis
2903 1726 3130 1796 largitur
3171 1726 3499 1781 libertatem.

269 1804 582 1877 ἐλευθερίαν
639 1783 936 1876 χαρίζεται.
990 1806 1079 1878 Μὴ
1118 1783 1249 1877 γάρ⁷
1285 1824 1374 1879 μοι
1413 1809 1549 1880 πρὸς
1590 1809 1687 1881 τὴν
1726 1810 1834 1865 τῶν

1934 1805 2011 1861 Ne
2041 1807 2170 1860 mihi
2195 1822 2425 1875 namque
2450 1806 2761 1861 Judaeorum
2795 1783 3057 1863 malitiarum
3093 1811 3303 1879 respice
3332 1830 3345 1864 :
3386 1826 3501 1866 -nec

282 1894 550 1949 Ἰουδαίων
616 1895 879 1966 πονηρίαν
952 1895 1063 1966 (27)
1137 1898 1367 1971 ἀπίδῃς.
1419 1898 1543 1970 μήθ’
1591 1902 1673 1954 ὃτι
1742 1901 1833 1955 τὸν

268 1986 563 2058 εὐεργέτην
593 1986 1040 2052 καταδικάζοντες
1077 1990 1379 2061 προτιμῶσι
1407 1991 1498 2045 τὸν
1533 1993 1833 2063 μιαιφόνον·

268 2078 383 2132 ἀλλ’
435 2078 520 2132 ὅτι
545 2081 578 2150 η
623 2080 723 2150 τῆς
754 2080 1046 2152 καταδίκης
1073 2082 1237 2153 ἀρχὴ,
1271 2083 1369 2152 τῆς
1393 2084 1503 2137 τῶν
1533 2086 1836 2139 καταδίκων

267 2167 583 2240 ἐλευθερίας
628 2170 869 2241 ὑπῆρχεν
900 2171 1071 2243 ἀρχή·
1105 2173 1186 2225 ὅτι
1218 2174 1248 2225 6
1275 2174 1375 2242 τὴν
1398 2174 1506 2227 τῶν
1533 2176 1837 2230 καταδίκων

263 2258 419 2329 δίκην
442 2258 554 2330 (28)
576 2258 865 2330 δεξάμενος
881 2260 1101 2324 δικαίως
1120 2259 1334 2325 ζώντων
1360 2262 1494 2333 όμοῦ
1516 2264 1610 2316 καὶ
1627 2262 1836 2335 νεκρῶν

262 2350 460 2422 κριτὴς
509 2352 886 2420 ἀναφαίνεται·
919 2371 938 2403 ι
975 2352 1177 2406 Καθότι
1227 2353 1455 2424 ἔστησεν
1483 2356 1694 2426 ἡμέραν
1714 2356 1772 2408 ὲν

265 2441 451 2513 μέλλει
503 2441 706 2514 κρίνειν
729 2444 757 2495 6
787 2441 917 2506 Θεὸς
939 2442 1037 2514 τὴν
1087 2444 1410 2516 οίκουμένην
1442 2447 1500 2499 ὲν
1525 2443 1836 2517 δικαιοσύνῃ

262 2534 321 2588 ὲν
346 2534 503 2605 ἀνδρὶ
533 2529 578 2602 ᾧ
614 2533 812 2605 ὥρισεν
837 2536 867 2587 6
892 2534 1044 2598 Θεὸς,
1076 2536 1258 2589 πίστιν
1305 2535 1602 2607 παρασχὼν
1650 2540 1833 2601 πᾶσιν,

260 2628 573 2697 ἀναστήσας
594 2628 755 2681 αὑτὸν
799 2628 863 2680 ἐκ
908 2628 1134 2697 νεκρῶν.
1170 2649 1188 2681 ι
1226 2630 1287 2683 Οί
1320 2630 1417 2700 μὲν
1445 2626 1539 2683 οὖν
1576 2630 1834 2694 Ἰουδαῖοι,

260 2720 388 2783 τοὺς
416 2716 611 2781 άλλους
635 2718 728 2772 τοῦ
769 2718 996 2773 Θανάτου
1028 2722 1260 2791 τρόπους
1289 2722 1555 2794 παρέντες
1586 2722 1719 2793 (29),
1746 2723 1838 2776 ἐπὶ

260 2820 350 2862 τον
406 2808 640 2880 σταυρὸν
672 2807 956 2881 ὥρμησαν,
989 2811 1255 2881 τιμωρίας
1301 2811 1436 2883 όμοῦ
1489 2812 1583 2866 καὶ
1616 2812 1837 2882 ἀτιμίας

260 2900 649 2969 ἐπινοήσαντες
702 2900 961 2971 ὄργανον·
1000 2902 1094 2954 καὶ
1136 2901 1235 2973 τὴν
1266 2901 1358 2956 τοῦ
1393 2902 1555 2973 νόμου
1588 2903 1834 2975 κατάραν

259 2994 338 3064 τῷ
395 2994 484 3048 διά
543 2992 700 3059 ξύλου
757 2994 967 3067 θανάτῳ
1006 2997 1429 3067 προσάπτουσιν,
1468 2997 1838 3068 ὲπιφορτίζειν

260 3087 555 3158 ἡγούμενοι
609 3086 702 3140 τοῦ
749 3086 975 3141 θανάτου
1017 3089 1078 3141 τὸ
1128 3088 1307 3159 βάρος.
1355 3089 1608 3158 Ἥγνόουν
1635 3090 1702 3142 δὲ
1726 3090 1833 3161 ἄρα
1859 3139 1903 3197 c

260 3176 351 3229 τὸν
408 3178 640 3248 σταυρὸν
702 3177 857 3249 νίκης
916 3177 1025 3249 (30)
1071 3179 1289 3249 ὲντίμου
1333 3180 1830 3246 κατασκευάζοντες

264 3266 551 3340 σύμϐολον.
589 3270 698 3322 Καὶ
727 3269 849 3323 οὐδὲ
900 3270 1058 3341 μέχρι
1087 3270 1288 3324 τούτων
1326 3270 1672 3342 ἀρκούμενοι,
1719 3290 1834 3326 κοι-

261 3359 462 3421 νωνοὺς
491 3356 584 3410 τοῦ
643 3356 870 3411 θανάτου
908 3359 1001 3411 καὶ
1033 3356 1234 3428 λῃστάς
1252 3357 1504 3426 γενέσθαι
1538 3358 1829 3428 βιάζονται,

264 3452 350 3506 ἵνα
375 3454 410 3524 ὴ
442 3451 540 3505 τοῦ
569 3452 797 3505 θανάτου
826 3454 1076 3506 κοινωνία
1092 3453 1192 3522 τῆς
1208 3452 1461 3522 τελευτῆς
1475 3451 1699 3524 γένηται
1720 3453 1831 3522 (51)

262 3543 468 3609 ἀδοξία.
505 3543 763 3612 Ἦγνόουν
795 3543 850 3597 δὲ
885 3544 990 3615 ἄρα
1016 3544 1217 3614 λῃστὴν
1242 3543 1319 3615 τῷ
1350 3544 1571 3615 Χριστῷ
1604 3560 1834 3598 συσταυ-

265 3634 559 3708 ρὼσαντες,
604 3637 817 3707 κήρυκα
855 3636 954 3703 τῆς
993 3635 1084 3689 τοῦ
1125 3635 1533 3708 ὲσταυρωμένου
1559 3635 1834 3706 βασιλείας

260 3726 710 3798 χειροτονοῦντες.
748 3745 768 3777 ι
799 3726 1080 3797 Μνήσθητί
1130 3743 1252 3797 μου,
1284 3726 1476 3798 Κύριε,
1512 3727 1637 3780 ὅταν
1674 3726 1833 3801 ἔλθῃς

261 3819 322 3872 ὲν
349 3822 417 3891 τῇ
472 3817 718 3890 βασιλείᾳ
747 3835 860 3872 σου.
895 3838 915 3871 ι
961 3820 1044 3883 '0;
1070 3819 1269 3891 λῃστὴς
1308 3818 1656 3891 ὲσταυρώθης
1699 3821 1831 3893 (52),

262 3912 354 3964 καὶ
379 3911 773 3982 εὐαγγελιστὴς
811 3911 1120 3983 άνεδείχΘης
1146 3928 1162 3977 ;
1201 3911 1287 3977 Ὠς
1316 3911 1539 4059 ἑασιλέα
1567 3915 1731 3984 τιμᾷς
1773 3913 1833 3970 6v

262 4003 548 4059 ἀτιμάζειν
587 4003 857 4059 ὲτάνθηςε
890 4022 909 4056 ι
944 4004 1225 4059 Μνήσθητί
1289 4023 1326 4059 υ.
1358 4023 1418 4059 υ.
1467 4004 1662 4059 Κύριε.
1704 4006 1833 4059 ὅταν

261 4003 548 4074 ἀτιμάζειν
587 4003 857 4075 ὲτάχθης;
890 4022 909 4056 ι
944 4004 1225 4077 Μνήσθητί
1288 4003 1418 4077 μτυ,
1467 4004 1662 4076 Κύριε,
1704 4006 1834 4059 ὅταν

262 4096 419 4170 ἔλθῃς
446 4098 508 4149 ὲν
520 4101 588 4169 τῇ
609 4097 852 4169 βασιλείᾳ
878 4115 990 4153 σου.
1022 4117 1042 4151 ι
1074 4098 1137 4151 Τί
1171 4098 1326 4169 ἔφης,
1353 4094 1398 4154 ὦ
1416 4098 1607 4172 λῃστά,
1622 4099 1833 4166 ἀγνοεῖς

259 4187 295 4242 ἃ
324 4190 594 4259 πάσχεις;
638 4189 927 4243 Ἐπελάθου
959 4190 1065 4244 τῶν
1093 4189 1268 4259 ἦλων;
1312 4190 1411 4243 οὐκ
1444 4188 1677 4259 ᾑσθάνου
1726 4187 1831 4242 τῶν

260 4280 497 4346 ὀδυνῶν;
549 4280 636 4344 Ὠς
688 4282 747 4333 ὲν
802 4279 931 4351 ἱερῷ
976 4279 1427 4351 προσευχόμενος,
1491 4279 1589 4348 οὐχ
1648 4278 1725 4342 ὡς
1771 4280 1833 4331 ἐν

260 4369 399 4442 ξύλῳ
427 4369 541 4440 (53)
573 4370 936 4440 κρεμάμενος,
964 4368 1133 4432 οὕτως
1161 4368 1420 4431 ἱκετεύεις
1437 4385 1451 4433 ;
1469 4363 1641 4428 Εἶδον,
1674 4370 1827 4440 φησὶ,

1936 1891 2081 1960 quod
2143 1890 2540 1947 benefactoretu
2597 1893 2996 1957 condemnem,
3061 1893 3505 1966 homicidamque

1934 1985 2011 2039 illi
2057 1993 2423 2054 anu-ponant;
2482 1985 2576 2041 sed
2624 1986 2806 2054 potius
2839 1988 3212 2043 animadverte
3241 1990 3502 2045 condem-

1935 2076 2172 2131 nationis
2221 2076 2457 2144 initium,
2486 2078 2866 2132 damnatorum
2895 2079 3237 2136 liberationis
3281 2082 3501 2141 initium

1935 2166 2125 2222 fuisse.
2179 2164 2445 2232 Quoniam
2495 2168 2589 2238 qui
2643 2183 2861 2222 reorum
2890 2168 3293 2225 damnationem
3342 2174 3398 2226 in
3441 2187 3504 2228 se

1936 2259 2192 2328 suscepit,
2211 2259 2335 2328 jure
2361 2259 2608 2312 vivorum
2645 2259 2807 2314 simul
2853 2268 2908 2313 et
2957 2270 3298 2315 mortuorum
3331 2263 3503 2331 judex

1935 2350 2242 2405 declaratur
2265 2368 2279 2404 :
2317 2368 2335 2401 ι
2371 2350 2448 2403 Eo
2468 2349 2614 2421 quod
2642 2351 2836 2405 statuit
2860 2351 3027 2417 diem,
3055 2350 3112 2405 in
3140 2367 3248 2422 quo
3287 2352 3503 2423 judica-

1936 2444 2094 2499 turus
2131 2450 2214 2497 est
2264 2441 2405 2498 Deus
2453 2443 2642 2498 orbem
2675 2442 2729 2496 in
2785 2443 3021 2511 justitia,
3053 2444 3109 2498 in
3155 2447 3274 2499 viro
3304 2446 3356 2499 in
3391 2462 3502 2517 quo

1936 2537 2126 2590 statuit
2158 2535 2321 2598 Deus,
2339 2534 2496 2590 ﬁdem
2523 2536 2769 2607 praebens
2791 2537 3067 2603 omnibus,
3085 2539 3357 2595 suscitans
3376 2555 3503 2596 eum

1936 2642 1968 2682 a
1995 2628 2224 2682 mortuis
2267 2627 2335 2681 ⁸³.
2379 2645 2398 2679 ι
2454 2625 2627 2682 λιιιιωί
2684 2642 2845 2697 porro
2895 2631 3115 2686 omissis
3148 2631 3271 2685 aliis
3306 2632 3505 2687 mortis

1937 2720 2249 2790 generibus,
2275 2732 2493 2774 crucem
2522 2720 2821 2789 elegerunt,
2866 2735 2971 2773 una
2998 2721 3273 2791 supplicii,
3305 2738 3368 2776 ac
3405 2725 3506 2778 de-

1937 2811 2152 2867 decoris
2184 2812 2550 2867 instrumento
2572 2812 2912 2881 excogitato:
2949 2822 3003 2868 et
3039 2812 3386 2868 maledictum
3422 2815 3503 2869 le-

1938 2903 2055 2972 gis.
2086 2903 2244 2958 morti
2274 2918 2371 2974 per
2402 2905 2606 2974 lignum
2630 2904 2791 2958 illata
2819 2902 3183 2974 conjungunt,
3214 2906 3316 2960 rati
3346 2921 3405 2961 se
3426 2906 3504 2961 ita

1937 2995 2254 3066 gravitatem
2315 2997 2509 3051 mortis
2571 3011 2787 3065 augere.
2857 2994 3189 3067 Ignora'bant
3231 3014 3394 3068 porro
3443 3015 3505 3055 se

1938 3101 2154 3142 crucem
2189 3088 2243 3140 in
2273 3086 2570 3157 gloriosum
2601 3085 2843 3140 victoria:
2858 3087 3164 3156 symbolum
3196 3086 3500 3143 adornare:

1933 3193 2112 3248 neque
2141 3177 2225 3231 his
2270 3176 2554 3240 contenti,
2601 3176 2791 3231 mortis
2842 3176 2964 3247 ejus
3002 3187 3287 3233 consortes
3336 3178 3504 3232 etiam

1934 3269 2175 3324 latrones
2198 3285 2321 3324 esse
2361 3269 2724 3339 compellunt,
2773 3276 2833 3322 ut
2873 3271 3068 3325 mortis
3116 3271 3456 3325 consortium

1933 3362 2102 3417 exitui
2130 3361 2251 3431 ejus
2278 3361 2533 3417 dedecori
2559 3375 2702 3417 esse.
2731 3359 3056 3431 lgnorabant
3084 3377 3249 3433 porro
3279 3378 3339 3419 se
3368 3378 3497 3417 cum

1932 3451 2156 3507 Christo
2207 3451 2470 3506 latronem
2515 3452 2936 3522 cruciligentes,
2984 3467 3289 3523 praeconem
3349 3454 3502 3525 regni

1934 3541 2083 3598 illius
2133 3541 2225 3611 qui
2279 3542 2701 3619 cruciﬁgebatur
2752 3545 3139 3600 constituere:
3186 3562 3205 3595 ι
3236 3543 3505 3601 Memento

1933 3632 2062 3697 mei,
2101 3631 2347 3696 Domine,
2378 3634 2505 3687 dum
2552 3634 2769 3689 veneris
2817 3634 2873 3688 in
2929 3649 3156 3705 regnum
3193 3644 3345 3689 tuum
3375 3635 3442 3688 “.
3477 3663 3496 3687 ο

1934 3723 2213 3794 Tanquam
2240 3724 2378 3778 latro
2404 3724 2554 3806 cruci
2588 3722 2779 3779 allixus
2800 3739 2881 3790 es,
2917 3732 2972 3779 et
3005 3726 3352 3795 evangelista:
3381 3741 3501 3780 mu-

1933 3832 2038 3871 nus
2064 3814 2321 3871 exliibes?
2353 3813 2422 3869 Ut
2452 3830 2632 3885 regem
2667 3815 2905 3871 lionoras
2940 3831 3087 3879 eum,
3119 3832 3282 3886 quem
3326 3823 3383 3871 ut
3415 3817 3501 3871 in-

1932 3911 2232 3965 honorares
2262 3909 2594 3965 constitutus
2619 3906 2838 3964 fueras?
2874 3926 2893 3961 ι
2923 3906 3193 3964 Memento
3223 3910 3352 3973 mei,
3386 3908 3498 3964 Do-

1934 4001 2102 4064 mine,
2132 4000 2261 4055 dum
2290 4000 2505 4055 veneris
2544 3999 2600 4054 in
2628 4014 2854 4069 regnum
2888 4006 3064 4053 tuum.
3111 4017 3131 4052 ι
3164 3998 3306 4065 Quid
3333 4001 3432 4063 ais,
3464 4016 3500 4053 ο

1933 4095 2112 4150 latro?
2134 4094 2360 4166 Ignoras
2393 4107 2515 4164 quae
2546 4100 2660 4147 tute
2700 4092 2938 4164 pateris?
2987 4091 3203 4147 Oblitus
3229 4107 3290 4147 es
3318 4093 3502 4148 clavo-

1932 4202 2053 4241 rum
2088 4195 2269 4242 etnon
2292 4186 2463 4242 sentis
2490 4186 2804 4241 cruciatus?
2851 4183 3001 4240 ltane
3027 4186 3327 4255 supplieas,
3357 4199 3422 4239 ac
3455 4185 3502 4240 si

1934 4278 1990 4331 in
2034 4276 2236 4347 templo
2266 4290 2479 4343 orares,
2503 4289 2604 4331 nec
2634 4275 2689 4330 in
2730 4275 2873 4346 ligno
2906 4275 3211 4345 penderes?
3244 4273 3388 4339 Vidi,
3420 4274 3504 4327 in-

1931 4368 2069 4437 quit,
2112 4382 2298 4422 verum
2345 4366 2515 4422 Deum
2540 4409 2554 4430 ,
2606 4375 2661 4422 et
2708 4366 3018 4436 supplicare
3055 4365 3385 4421 desideravi.
3422 4364 3500 4419 Ex

257 4460 386 4514 Θεδν
408 4459 681 4531 ἀληθινδν,
706 4460 798 4514 καὶ
821 4460 1077 4513 ἱκετεύειν
1102 4458 1287 4513 τοῦτον
1313 4459 1574 4530 ὲπόθησα.
1612 4461 1823 4529 Ἐγνων

1934 4459 2288 4529 inscriptione
2314 4458 2629 4530 dignitatem
2671 4458 2888 4528 agnovi.
2920 4455 3043 4511 Vidi
3087 4455 3501 4511 condemnatio-

258 4553 321 4606 ὲκ
357 4554 458 4624 τῆς
502 4555 813 4625 ἐπιγραφῆς
860 4552 957 4624 τὴν
1002 4552 1174 4619 ἀξίαν.
1222 4549 1372 4606 Εἶδον
1403 4552 1697 4620 καταδίκην
1730 4553 1827 4625 τὴν

261 4645 537 4715 βασιλείαν
581 4646 972 4717 κηρύττουσαν.
1020 4644 1167 4699 Εἶδον
1192 4648 1249 4698 ἐν
1277 4648 1342 4717 τῇ
1379 4646 1682 4717 κατηγορία
1710 4646 1828 4700 δια-

258 4735 498 4808 δήματος
548 4735 708 4806 χάριν
736 4736 1168 4806 ἀστράπτουσαν.
1202 4735 1265 4787 Ei
1299 4734 1408 4805 γάρ
1430 4734 1829 4806 σταυρούμενος

261 4826 661 4898 βασιλεύειττίς
696 4827 762 4880 ἂν
793 4828 878 4899 εἴη
919 4828 1243 4901 στεφόμενος
1266 4827 1409 4897 (54);
1443 4827 1481 4879 Γ
1484 4827 1697 4898 νωρίζει
1727 4828 1829 4899 τὴν

258 4917 537 4992 βασιλείαν
590 4920 624 4989 ἡ
667 4918 863 4983 κτίσις.
912 4919 1097 4983 Ἤλιος
1143 4918 1537 4991 σταυρούμενον
1570 4919 1706 4991 ὁρᾷ,
1734 4919 1828 4973 καὶ

360 5075 409 5109 ⁸³
444 5075 567 5130 Act.
598 5089 737 5139 xvn,
768 5075 858 5131 3|.
936 5074 982 5107 ⁸⁸
1018 5072 1151 5131 Luc.
1183 5091 1316 5131 xxm
1337 5115 1353 5141 ,
1387 5073 1475 5129 42.

327 5230 440 5303 (26)
467 5229 561 5303 _Sic
586 5245 723 5285 mss.
748 5228 895 5303 Editi
927 5242 1079 5293 vero,
1115 5227 1259 5299 ζωῆς
1290 5230 1385 5303 καὶ
1408 5228 1656 5303 θανάτου.

350 5298 552 5383 ἴημα
581 5317 717 5356 mss.
917 5315 1065 5363 vero,
1096 5298 1577 5383 oqupiav,_niale.

347 5368 547 5442 ’28)'lta
576 5386 711 5426 mss.
740 5370 884 5442 Editi
907 5385 1040 5442 vero
1053 5373 1163 5442 sic,
1188 5368 1341 5442 δίκην
1365 5369 1563 5435 ἀδίκως
1593 5368 1821 5441 δεξάμε-

259 5439 366 5508 νος,
391 5439 472 5497 ὅτι
506 5442 601 5496 καὶ
627 5442 703 5505 ὼς
732 5439 854 5506 Cm.
893 5440 1241 5511 ἀναφέρεται.

330 5513 441 5638 ξθ)
479 5512 609 5596 βεδε.
640 5510 927 5583 παρέντες.
950 5509 1188 5593 Colbert.
1220 5509 1276 5574 2,
1314 5509 1690 5583 παρενθὲντες.
1742 5554 1745 5557 .

331 5589 345 5638 t
384 5586 439 5638 θ)
476 5586 568 5638 bne
616 5598 750 5637 mss.
797 5596 1004 5637 omnes.
1052 5583 1191 5637 Ldttt
1241 5598 1394 5638 vero.
1441 5581 1642 5638 νίκους.
1698 5579 1745 5635 Μ

331 5579 439 5655 (30)
476 5579 585 5639 Sie'
616 5579 750 5637 mss.
797 5596 1004 5655 omnes.
1052 5583 1191 5637 Ιίόὶιί
1217 5579 1406 5655 vero;
1441 5581 1642 5645 νίκους.
1698 5579 1820 5635 Mox

260 5644 400 5711 unus
422 5644 586 5709 liabet
617 5644 1115 5716 κατασκευάζοντες
1133 5652 1409 5723 τρόπαιον.

328 5725 438 5799 (3|)
475 5724 597 5781 Duo
629 5723 1009 5793 manuscripti,
1038 5719 1257 5794 γένηται
1286 5723 1384 5795 τῆς
1409 5722 1586 5794 ταφῆς
1612 5719 1816 5787 ἀδοξία.

1931 4566 2055 4607 nem
2090 4566 2313 4622 regnum
2340 4552 2512 4622 ipsius
2543 4551 2977 4605 annuntiautem.
3029 4547 3146 4603 Vidi
3189 4549 3243 4602 in
3274 4562 3503 4603 accusa-

1932 4645 2080 4699 tione
2105 4644 2427 4709 diudematis
2448 4645 2678 4713 gratiam
2717 4642 3093 4713 refulgentem.
3126 4639 3260 4694 Nam
3291 4642 3338 4694 si
3368 4640 3498 4693 dum

1933 4734 2267 4807 crucifigitur
2307 4743 2536 4806 regnat,
2601 4735 2726 4805 quis
2765 4735 2870 4788 erit
2925 4748 3049 4787 cum
3107 4730 3501 4787 eoronabitur?

1932 4826 2177 4899 Regnum
2217 4827 2338 4897 ejus
2359 4836 2620 4883 creatura:
2652 4826 3023 4882 manilcstant.
3058 4824 3151 4880 Sol
3183 4824 3329 4880 videt
3367 4839 3501 4878 cru-

1933 4920 2176 4988 ciﬁxum,
2206 4934 2308 4974 nec
2338 4920 2523 4974 lucere
2568 4917 2733 4973 audet
2773 4934 2788 4972 :
2832 4918 3010 4972 lucem
3061 4916 3251 4971 adimit
3283 4915 3501 4972 cruciil.

1926 5225 2093 5292 Editi,
2126 5224 2225 5296 τῆς
2248 5222 2505 5296 τελευτῆς
2533 5223 2758 5296 γένηται
2790 5221 2994 5296 ἀδοξία.

2000 5289 2114 5368 (32)
2169 5289 2583 5366 Ἐσταυρώθη.ζ.
2631 5289 2976 5368 ἀνεδείχθη...
3019 5289 3494 5368 “91.5616103.

1929 5361 2188 5436 δίόιόὶιο,
2224 5361 2455 5437 quorum
2485 5361 2669 5421 tamen
2713 5361 2849 5419 alter
2884 5361 3047 5419 habet
3080 5361 3497 5434 άτιμάσαςὲδι-

1924 5437 2117 5509 δάχθη.

1998 5502 2112 5580 (53)
2149 5509 2239 5580 Sic
2260 5523 2392 5563 mss.
2414 5505 2750 5580 ,Editi_vero,
2785 5506 2893 5580 ἐπὶ⁸
2910 5503 3089 5580 ξύλου.
3119 5502 3251 5580 ΠρωΔ
3275 5517 3411 5580 mss.
3434 5510 3497 5580 u_t

1926 5578 1980 5633 in
2003 5568 2181 5636 textu.
2221 5578 2357 5633 Editi
2384 5568 2535 5643 vero,
2565 5568 2745 5638 Εἶδον,
2773 5568 2933 5647 φησὶ,
2967 5574 3091 5630 ναὸν
3119 5568 3370 5647 ἀληθινὸν
3400 5572 3496 5631 τοῦ

1924 5649 2081 5711 Θεοῦ,
2108 5651 2204 5703 καὶ
2234 5647 2515 5703 ἱκετεύειν.

1996 5720 2110 5791 (54)
2148 5719 2241 5776 Sic
2278 5735 2414 5777 mss.
2441 5719 2584 5776 Editi
2616 5732 2768 5786 vero,
2803 5716 3251 5787 στεφανούμενος.
