4022 6382
1740 323 1797 376 S.
1837 312 2301 374 ATIIANASIUS.
2329 342 2403 354 —
2435 306 2714 365 SPURIA.
3649 303 3791 362 £060

551 448 828 520 gentibus,
864 454 922 499 ut
953 459 1049 514 pro
1077 440 1304 496 Domino
1327 446 1525 510 pugnet
1551 457 1565 493 :
1598 438 1969 507 inexspectata
1995 451 2098 490 no-

2224 428 2414 498 ραίνειν
2444 425 2505 478 οὐ
2524 423 2694 495 τολμᾷ
2713 439 2728 452 ·
2757 422 2990 493 ἁρπάζει
3015 418 3125 474 τῶν
3160 417 3538 491 σταυρούντων
3569 419 3632 472 τὸ
3657 419 3795 489 φῶς,

550 511 637 591 cte
669 511 977 590 Judaeornm
1007 532 1228 585 damnat
1250 529 1610 598 iniquitatem.
1650 526 1931 583 Coucussa
1961 534 2112 580 terra

2224 519 2355 591 ὑπὲρ
2374 515 2644 569 Δεσπότου
2676 512 2979 585 μαχόμενος
2997 529 3011 543 ·
3045 511 3200 565 νυκτὶ
3236 512 3537 583 παραλόγῳ
3561 512 3670 583 (35)
3697 529 3799 566 και

551 626 837 690 turbatur;
870 638 935 678 ac
961 629 1109 675 motu
1136 634 1236 673 suo
1257 621 1560 689 praecipitat
1590 632 1686 673 eos
1708 617 1802 688 qui
1821 617 2112 670 Dominum

2224 605 2493 668 ταδικάζει
2542 602 2810 656 Ἰουδαίων
2849 600 3213 672 παρανομίαν.
3252 600 3318 654 Ἦ
3347 602 3420 672 γῆ
3463 601 3799 673 σαλευομένη

550 715 963 785 suspenderent.
992 712 1110 777 Quo
1134 720 1291 780 pacto
1327 725 1434 763 non
1466 708 1784 764 crederem?
1810 707 2111 762 Contume-

2224 698 2561 769 ταράττεται,
2616 694 2708 748 καὶ
2762 693 2974 763 κρεμνᾷ
3031 691 3239 763 σεισμῷ
3265 694 3393 756 τοὺς
3424 695 3522 747 ἐπὶ
3564 693 3801 767 σταυροῦ

546 808 637 862 liis
652 784 913 861 affectum
945 804 1096 856 illum
1145 818 1265 857 esse
1302 816 1480 871 regem
1516 801 1716 854 clamat
1749 801 1864 869 ipse
1893 800 2109 855 titulus.

2224 790 2308 843 τὸν
2327 788 2605 858 Δεσπότην
2624 786 3022 859 κρεμάσαντας.
3046 784 3169 847 Πῶς
3192 785 3267 857 μὴ
3284 785 3496 839 πεισθῶ
3518 803 3534 852 ;
3568 786 3802 840 Βασιλέα

546 897 819 951 Creaturze
844 895 1222 951 testiﬁcantur.
1261 892 1391 958 Qua:
1426 893 1480 946 in
1513 892 1707 947 litteris
1744 892 1880 961 lego,
1907 906 1969 945 ea
1995 892 2113 961 ipsa

2224 880 2309 933 τὸν
2334 877 2688 949 ὑϐριζόμενον
2713 877 2742 928 ὁ
2772 875 2947 939 τίτλος
2974 876 3091 948 βοᾷ.
3132 876 3199 928 Ἠ
3227 876 3406 940 κτίσις
3442 876 3801 949 μαρτύρεται.

545 989 712 1043 rebus
740 987 1085 1058 comprobari
1116 986 1290 1040 video.
1324 1002 1343 1035 ι
1383 983 1653 1038 Memento
1680 983 1809 1049 mei,
1841 982 2069 1038 Domine
2092 1021 2108 1050 ,

546 1080 676 1134 dum
706 1081 916 1135 veneris
945 1082 1001 1133 in
1028 1093 1253 1149 regnum
1276 1086 1452 1132 tuum.
1481 1094 1501 1128 ι

614 1255 777 1327 387
804 1253 856 1307 4.
893 1251 937 1308 Ο
983 1253 1125 1306 latro
1174 1251 1369 1306 acerbe
1405 1249 1718 1305 Iudaeorum
1777 1250 2105 1306 accusator!

545 1347 591 1404 0
619 1348 759 1401 latro
787 1346 1015 1417 justitiae
1042 1343 1334 1399 advocate!
1365 1343 1409 1398 0
1446 1346 1583 1398 latro
1613 1344 1765 1414 regni
1797 1344 2107 1399 mercator!

547 1438 594 1496 0
624 1441 765 1493 latro
787 1438 1025 1509 paradisi
1055 1437 1272 1491 custos!
1302 1434 1346 1490 0
1377 1437 1513 1490 latro
1544 1435 1751 1490 Adamo
1774 1437 1920 1491 circa
1953 1449 2110 1489 crea-

548 1536 702 1585 turas
737 1530 896 1598 longe
939 1527 1172 1581 firmior!
1210 1525 1254 1581 0
1287 1527 1425 1580 latro
1468 1541 1672 1597 proavo
1718 1527 1865 1581 circa
1895 1526 2113 1597 paradi-

546 1634 669 1675 sum
706 1618 1085 1673 constantior!
1123 1617 1283 1671 Manu
1330 1617 1420 1671 ille
1457 1618 1765 1687 importune
1805 1619 1873 1672 ad
1905 1619 2110 1689 lignum

546 1719 798 1775 extensa,
832 1719 1058 1765 mortem
1087 1710 1291 1765 invexit
1325 1708 1379 1763 in
1413 1711 1783 1765 mundumztu
1804 1722 2112 1780 opportune

2219 972 2398 1043 Ἀπερ
2427 968 2787 1039 ἀναγινώσκω
2800 971 2912 1031 τοῖς
2924 969 3271 1040 γράμμασιν,
3305 968 3661 1037 ὲπιγινώσκω
3688 973 3805 1034 107.;

2216 1066 2504 1137 πράγμασι
2536 1064 2666 1134 (56).
2700 1081 2718 1113 ι
2750 1062 2942 1131 Κύριε,
2986 1061 3253 1133 μνήσθητί
3294 1078 3422 1133 μου,
3473 1063 3604 1117 ὅταν
3646 1062 3805 1137 ἔλθῃς

2212 1160 2274 1212 ὲν
2293 1162 2358 1229 τῇ
2401 1156 2647 1228 βασιλεία
2679 1172 2792 1208 σου.
2826 1174 2846 1207 ι

2283 1251 2338 1304 4.
2371 1246 2439 1302 '0
2478 1249 2648 1323 λῃστά
2694 1247 2854 1319 πικρὲ
2913 1244 3021 1300 τῶν
3071 1245 3335 1301 Ἰουδαίων
3380 1248 3690 1319 κατήγορει
3732 1247 3804 1302 '0

2215 1340 2388 1412 λῃστά
2434 1339 2777 1411 δικαιοσύνης
2828 1339 3126 1411 συνήγορεῑ
3168 1334 3237 1391 '0
3298 1338 3476 1412 λῃστά
3529 1339 3805 1410 βασιλείας

2216 1432 2459 1504 εμπορει
2495 1428 2565 1485 '0
2596 1433 2766 1505 λῃστά
2800 1432 3129 1503 παραδείσου
3161 1431 3367 1501 φύλαξι
3402 1428 3476 1484 '0
3503 1432 3682 1505 λῃστά
3706 1432 3802 1487 τοῦ

2229 1517 2400 1594 Ἀδάμ
2440 1525 2565 1595 περὶ
2622 1525 2720 1594 τὴν
2765 1525 2940 1578 κτίσιν
2996 1523 3339 1596 βεδαιότερει
3366 1520 3441 1577 '0
3494 1524 3673 1599 λῃστά
3708 1524 3803 1579 τοῦ

2216 1614 2482 1689 προγόνου
2525 1614 2653 1685 περὶ
2688 1615 2779 1669 τὸν
2817 1616 3139 1688 παράδεισον
3178 1616 3590 1688 ἀσφαλέστερει
3640 1618 3804 1672 Ἐκεῖ-

2215 1724 2323 1771 νος,
2350 1707 2593 1777 ἀκαίρως
2629 1708 2873 1772 ἐκτείνας
2916 1708 3013 1780 τὴν
3062 1711 3218 1781 χεῖρα
3249 1710 3344 1763 ἐπὶ
3385 1710 3451 1764 τὸ
3479 1711 3643 1778 ξύλον
3671 1712 3803 1783 (57),

547 1803 840 1872 explicatis
882 1803 939 1857 in
982 1818 1147 1857 cruce
1188 1804 1439 1858 manibus
1472 1803 1742 1873 perditum
1770 1802 2112 1874 recuperasti

2224 1802 2441 1856 Θάνατον
2490 1804 2571 1866 είς
2618 1801 2709 1854 τὸν
2750 1801 2952 1872 κόσμον
2985 1802 3278 1872 εἰσήγαγε⁹
3320 1801 3388 1854 σὺ
3424 1800 3505 1866 δὲ,
3535 1804 3804 1875 εὐκαίρως

547 1892 888 1962 paradisum.
922 1891 965 1947 0
999 1893 1162 1957 latro,
1192 1894 1284 1963 qui
1318 1894 1576 1948 amissam
1608 1896 1803 1948 avitam
1827 1894 2111 1949 haeredita-

546 1995 677 2052 tem,
708 2002 817 2040 uno
848 1986 989 2040 felici
1032 2003 1163 2044 casu
1206 1989 1577 2060 recuperasti!
1610 1987 1655 2043 0
1702 1990 1843 2043 latro
1877 1988 1969 2058 qui
2000 1987 2113 2058 pri-

550 2090 675 2130 mus
706 2076 859 2145 regni
892 2076 1293 2133 confessionem
1317 2079 1551 2150 adeptus
1586 2079 1681 2134 es!
1714 2080 1758 2132 0
1792 2079 1931 2132 latro
1959 2077 2112 2147 regni

550 2164 836 2221 confessor
873 2175 928 2223 et
975 2169 1169 2234 haeres,
1210 2178 1512 2241 martyrum
1556 2169 1824 2222 imitator!
1861 2168 1905 2222 0
1948 2169 2109 2231 latro,

548 2258 642 2326 qui
667 2260 865 2329 pusillo
891 2263 1060 2316 verbo
1092 2264 1291 2317 caelum
1320 2263 1613 2332 aperuisti!
1641 2261 1685 2317 0
1718 2264 1854 2317 latro
1883 2263 1977 2332 qui
2007 2262 2112 2315 mi-

545 2366 667 2405 rum
708 2344 1275 2410 incantamentum‘ad
1304 2357 1504 2410 mirum
1544 2356 1859 2412 thesaurum
1892 2369 2117 2424 compa-

544 2445 776 2498 randum
810 2446 1139 2501 adhibuisti!
1169 2445 1213 2501 Ο
1241 2449 1381 2502 latro
1420 2448 1515 2517 qui
1553 2449 1753 2501 cmlum
1802 2448 1951 2501 velut
1989 2462 2117 2500 cru-

550 2533 631 2588 cis
684 2534 955 2604 appendix
1000 2534 1264 2590 eﬂecisti!
1307 2535 1352 2591 Ο
1380 2537 1521 2590 latro
1568 2535 1795 2605 legitimi
1846 2533 2117 2588 latrocinii

2214 1896 2308 1949 ἐπὶ
2341 1895 2433 1949 τὸν
2467 1893 2698 1968 σταυρὸν
2732 1894 2827 1956 τάς
2862 1895 3047 1965 χεῖρας
3081 1892 3359 1957 άπλώσας,
3397 1895 3494 1948 τὸν
3539 1895 3803 1965 ἀπολόμε-

2212 2006 2303 2042 νον
2349 1988 2634 2057 ἀνεκτήσω
2667 1985 3009 2057 παράδεισον.
3049 1980 3119 2037 '0
3140 1984 3313 2058 λῃστά
3351 1985 3445 2039 τὸν
3484 1987 3805 2060 προγονικὸν

2213 2082 2414 2154 κλῆρον
2468 2079 2795 2148 ἀπολόμενον
2845 2078 2936 2131 διά
2983 2079 3111 2148 μιᾶς
3175 2078 3429 2147 εὐτυχίας
3491 2079 3797 2149 ἀνακτησά-

2217 2175 2379 2245 μενεὲ
2416 2168 2486 2225 '0
2512 2171 2685 2245 λῃστά
2714 2170 2929 2242 πρῶτος
2964 2168 3239 2239 βασιλείας
3264 2169 3559 2240 ὁμολογίαν
3586 2186 3803 2242 καρπον

2216 2268 2449 2339 σάμενει
2486 2261 2557 2319 '0
2603 2265 2775 2338 λῃστά
2825 2263 3099 2335 βασιλείας
3154 2262 3464 2333 ὀμολογητά
3519 2263 3671 2335 (38),
3710 2263 3803 2316 καὶ

2214 2358 2554 2431 κληρονόμε,
2607 2355 2899 2429 μαρτύρων
2947 2354 3193 2427 ζηλωτάῑ
3248 2351 3322 2407 '0
3373 2355 3550 2428 λῃστά
3602 2360 3799 2428 ῥήματι

2220 2449 2400 2522 μικρῷ
2442 2451 2534 2504 τὸν
2572 2449 2798 2520 οὐρανὸν
2847 2447 3173 2514 ὐπανοίξαςε
3205 2443 3276 2501 '0
3307 2447 3483 2521 λῃστά
3513 2450 3670 2521 ξένην
3706 2452 3806 2503 ἐπ.

2215 2541 2358 2611 φδὴν
2382 2541 2515 2612 πρὸς
2542 2539 2687 2605 ξένον
2717 2540 2989 2612 θησαυρὸν
3028 2542 3486 2614 μηχανησάμενεί
3522 2538 3596 2596 '0
3637 2544 3803 2615 λῃστά

545 2625 860 2681 hominibus
909 2627 1132 2682 doctor!
1182 2626 1228 2683 0
1286 2630 1424 2685 latro
1482 2629 1575 2700 qui
1635 2627 1904 2682 laudabile
1953 2627 2116 2683 doces

2224 2631 2494 2703 πάρεργον
2528 2630 2762 2703 σταυροῦ
2804 2630 2897 2684 τὸν
2933 2631 3159 2703 οὐρανὸν
3204 2636 3581 2707 ποιησάμεναι
3614 2630 3683 2688 '0
3706 2635 3801 2707 λῃ-

546 2718 932 2776 latrocinium!
963 2719 1007 2777 0
1041 2721 1183 2775 latro
1215 2722 1308 2790 qui
1335 2722 1588 2778 homines
1623 2720 1856 2775 docuisti
1883 2735 1993 2789 quo
2022 2733 2116 2788 pa-

2224 2721 2321 2774 στά
2353 2720 2582 2792 νομίμου
2618 2722 2874 2795 λῃστείας
2909 2725 3025 2787 τοῖς
3051 2724 3359 2797 ἀνθρώποις
3386 2728 3708 2783 διδάσκαλει
3731 2723 3804 2780 '0

490 2880 495 2885 λ
546 2819 636 2867 cto
664 2827 893 2880 regnum
929 2812 1077 2867 furto
1113 2814 1457 2883 abriperent!
1495 2811 1539 2866 Ο
1571 2813 1712 2865 latro
1740 2810 1869 2864 furti
1903 2809 2116 2873 doctor,

2224 2813 2396 2887 λῃστά
2432 2814 2687 2887 λῃστείαν
2719 2816 3112 2889 ἐπαινουμένην
3151 2818 3398 2887 διδάξαςῐ
3430 2817 3503 2875 '0
3527 2822 3697 2896 λῃστά
3726 2822 3805 2875 διο

546 2908 785 2963 maxime
829 2908 971 2977 grati
1007 2907 1089 2960 illi
1119 2922 1150 2960 a
1192 2921 1303 2976 quo
1336 2921 1425 2960 res
1470 2904 1750 2960 aufertur!
1784 2901 1830 2957 0
1858 2903 1998 2955 latro
2026 2901 2116 2971 qui

2224 2904 2381 2970 δάξας
2432 2906 2781 2979 ἀνθρώπους,
2835 2909 2951 2973 πῶς
3014 2908 3258 2979 βασιλεία
3324 2912 3681 2986 λῃστεύεταιῑ
3730 2909 3802 2966 '0

548 3014 801 3069 magnam
831 2997 964 3051 furti
990 2998 1295 3053 mercedem
1328 2996 1742 3066 conscripsisti!
1784 2993 2000 3049 O'latro
2025 2992 2116 3062 qui

2224 2996 2393 3070 λῃστά
2425 3000 2767 3071 ποθουμένην
2806 2998 2884 3070 τῷ
2923 3000 3271 3073 κλεπτομένῳ
3318 3004 3528 3076 κλοπὴν
3570 3006 3802 3076 ὑφηγού-

549 3105 806 3161 magnum
839 3089 1207 3145 confessionis
1250 3089 1487 3143 fructum
1525 3087 1847 3145 ostendisti!
1900 3086 1944 3140 0
1978 3088 2116 3141 latro

2227 3091 2384 3160 μενεί
2411 3086 2479 3142 '0
2509 3089 2681 3163 λῃστά
2718 3090 2979 3162 μεγάλους
3009 3091 3262 3164 λῃστείας
3297 3095 3527 3165 μισθοὺς
3572 3113 3805 3167 συγγρα-

548 3182 645 3252 qui
674 3183 828 3236 tarde
854 3181 1162 3243 credidisti,
1193 3188 1246 3235 et
1268 3180 1379 3234 cito
1401 3178 1689 3235 confessus
1710 3188 2116 3248 eszpostremus

2224 3182 2465 3254 ψάμενεί
2501 3179 2570 3235 '0
2613 3182 2786 3256 λῃστά
2839 3186 2979 3254 μέγα
3028 3163 3206 3249 δείξας
3252 3163 3317 3238 «ct
3370 3187 3472 3256 τῆς
3524 3163 3805 3257 ὁμολογίας

549 3275 747 3329 venisti
776 3280 833 3328 et
863 3275 1075 3343 primus
1098 3288 1157 3327 es
1171 3272 1495 3326 coronatus!
1530 3272 1574 3325 Ο
1597 3272 1733 3326 latro
1779 3272 1874 3341 qui
1897 3270 2121 3325 celerri-

551 3383 694 3420 mam
728 3367 851 3422 fidei
883 3365 1179 3421 efﬁcaciam
1220 3366 1551 3421 exliihuisti!
1585 3365 1629 3420 0
1665 3367 1808 3420 latro
1849 3366 1943 3436 qui
2000 3364 2122 3420 fidei

552 3465 772 3528 partum
805 3457 1097 3519 edocuisti,
1135 3459 1230 3528 qui
1264 3467 1507 3528 tempore
1545 3457 1766 3513 minime
1792 3465 1911 3528 eget
1940 3456 2008 3511 ad
2040 3455 2123 3512 fe-

549 3567 668 3605 .um
718 3549 1025 3606 edendum!
1070 3550 1113 3604 0
1168 3551 1308 3605 latro
1361 3551 1555 3607 acerbe
1591 3550 1744 3606 Judae
1791 3552 2117 3606 accusator!

549 3638 594 3697 0
626 3643 765 3694 latro
797 3641 889 3710 qui
941 3640 1209 3711 proditori
1240 3641 1361 3710 ipso
1388 3641 1581 3710 laqueo
1610 3640 1830 3711 gravior
1853 3638 2003 3694 visus
2023 3639 2117 3693 es!

548 3732 595 3791 0
623 3735 763 3787 latro
797 3733 885 3802 qui
907 3730 1058 3786 Judze
1100 3732 1462 3803 proditionem
1488 3742 1679 3787 contra
1701 3731 1976 3787 diabolum
2006 3728 2125 3783 imi-

548 3832 698 3880 tatus
718 3826 806 3880 es!
843 3823 888 3880 Ο
933 3826 1074 3878 latro
1104 3824 1199 3894 qui
1220 3823 1355 3878 mire
1385 3825 1504 3894 ejus
1534 3833 1649 3879 arte
1679 3839 1811 3880 usus
1836 3839 1896 3878 es
1931 3830 2122 3876 contra

549 3917 729 3971 illum!
757 3915 800 3971 0
831 3918 968 3970 latro
1002 3917 1095 3984 qui
1118 3917 1268 3985 jnste
1293 3915 1572 3972 Christum
1600 3917 1802 3979 emisti,
1838 3923 1892 3971 et
1924 3920 2121 3968 testem

549 4008 919 4077 possessionis
957 4023 1177 4062 crucem
1216 4008 1524 4064 adduxisti!
1558 4007 1602 4064 0
1632 4008 1779 4064 Petri
1820 4006 2123 4063 commilito

549 4108 603 4152 et
640 4099 1014 4166 apostolorum
1053 4110 1353 4170 synunysta

621 4360 673 4414 5.
714 4359 944 4415 Crucem
969 4376 1135 4432 porro
1164 4364 1382 4434 excepit
1411 4365 1747 4433 sepulcrum,
1768 4383 1965 4436 expers
1992 4369 2122 4425 hac-

2221 3274 2517 3347 γεώργιονι
2546 3271 2615 3327 '0
2647 3275 2819 3349 λῃστά
2846 3275 3082 3346 βραδέως
3120 3275 3440 3342 πιστεύσας,
3478 3280 3575 3332 καὶ
3602 3278 3803 3350 ταχέα-ς

2221 3366 2580 3438 ὁμολογήσας,
2627 3367 2851 3438 ἔσχατος
2894 3368 3083 3432 ἐλθὼν,
3126 3372 3219 3424 καὶ
3266 3371 3488 3442 πρῶτος
3530 3372 3795 3442 στεφϐείςι

2220 3452 2292 3510 Ὦ
2334 3459 2507 3531 λῃστά
2546 3460 2724 3526 δείξας
2776 3460 3011 3527 πίστεως
3055 3462 3320 3533 ὀξυτάτην
3374 3465 3683 3538 ὲνέργειανῑ
3730 3460 3803 3518 '0

2221 3550 2393 3623 λῃστά
2424 3552 2602 3621 δείξας
2643 3556 2877 3618 πίστεως
2906 3554 3122 3624 ὠδίνας,
3155 3558 3347 3629 χρόνου
3394 3561 3477 3623 είς
3523 3561 3676 3613 τόκον
3726 3558 3801 3630 μὴ

2221 3643 2512 3714 δεομέναςε
2551 3642 2621 3699 '0
2658 3646 2832 3718 λῃστά
2860 3649 3023 3720 πικρὲ
3050 3651 3147 3702 τοῦ
3194 3650 3362 3704 Ἰούδα
3392 3654 3699 3723 κατήγορει
3731 3647 3805 3704 '0

2222 3731 2395 3804 λῃστά
2428 3733 2504 3805 τῷ
2536 3735 2768 3809 προδότῃ
2809 3738 2908 3807 τῆς
2959 3739 3196 3810 ἀγχόνης
3245 3742 3435 3809 φανεὶς
3470 3742 3797 3815 βαρύτεροςῖ
3878 3748 3881 3749 ⁷

2222 3821 2293 3878 '0
2322 3825 2491 3899 λῃστά
2528 3828 2558 3880 ὁ
2594 3828 2693 3898 τὴν
2732 3827 2824 3881 τοῦ
2863 3830 3028 3884 Ἰούδα
3059 3833 3344 3904 προδοσίαν
3382 3835 3525 3888 κατά
3568 3836 3658 3889 τοῦ
3691 3836 3801 3889 δια-

2224 3918 2380 3973 ϐόλου
2417 3921 2788 4015 μιμησάμῦνει
2824 3918 2893 3975 '0
2922 3922 3095 3993 λῃστά
3137 3929 3202 3997 τῇ
3238 3926 3447 3979 ἐκείνου
3487 3926 3650 3999 τέχνῃ
3680 3927 3802 3982 θαυ-

2228 4010 2444 4079 μαστῶς
2483 4014 2602 4065 κατ’
2641 4010 2847 4066 ἐκείνου
2893 4016 3237 4086 χρησάμενεῐ
3273 4012 3344 4069 '0
3376 4017 3551 4090 λῃστά
3589 4018 3802 4081 δικαίως

2221 4102 2313 4153 τὸν
2358 4104 2593 4175 Χριστὸν
2638 4105 2931 4176 ἀγοράσας,
2981 4108 3073 4159 καὶ⁵
3129 4109 3378 4180 μάρτυρα
3419 4110 3519 4180 τῆς
3564 4113 3803 4183 κτήσεως

2223 4192 2313 4245 τὸν
2363 4195 2590 4266 σταυρὸν
2646 4197 2985 4267 ὲπαγόμενεῑ
3020 4194 3091 4251 '0
3148 4200 3354 4275 Πέτρου
3409 4203 3800 4276 συστρατιῶταρ

2226 4285 2319 4338 καὶ
2345 4285 2452 4338 τῶν
2476 4287 2787 4341 ἀποστόλων
2821 4289 3141 4361 συμμύσται

2294 4377 2346 4430 5.
2369 4378 2648 4443 Διεδέξατο
2693 4380 2748 4433 δὲ
2795 4381 2886 4435 τὸν
2920 4384 3147 4452 σταυρὸν
3175 4387 3202 4438 ό
3234 4386 3423 4455 τάφος,
3459 4388 3657 4459 νεκροῦ
3689 4390 3802 4441 πεῖ-

552 4461 709 4506 lenus
735 4453 1047 4520 sepultura.
1074 4453 1118 4507 0
1140 4456 1452 4524 sepulcrum
1479 4457 1905 4514 immortalitatis
1927 4461 2113 4517 locus!

2228 4484 2326 4539 ραν
2357 4468 2457 4521 οὐκ
2493 4468 2650 4539 ἔχων.
2683 4467 2752 4523 '0
2788 4473 2958 4542 τάφος
3014 4453 3584 4549 ἀθανασίας-χωρίονίε
3620 4476 3686 4532 '0
3713 4482 3801 4534 τάο

550 4543 596 4599 0
631 4544 940 4614 sepulcrum
980 4547 1401 4601 resurrectionis
1442 4546 1681 4601 oflicina!
1717 4547 1761 4604 0
1807 4553 2116 4622 sepulcrum

2226 4575 2324 4627 φος
2352 4561 2699 4628 ἀναστάσεως
2734 4566 3123 4642 ἐργαστήριονί
3160 4566 3228 4623 '0
3474 4574 3584 4627 τῶν
3621 4573 3801 4643 τάφων

550 4636 927 4705 sepulcrorum
953 4635 1288 4692 destructio!
1324 4636 1368 4693 0
1391 4641 1703 4708 sepulcrum
1728 4641 1783 4695 in
1813 4658 1922 4713 quo
1948 4660 2117 4712 mors,

550 4743 698 4782 mors
745 4742 868 4782 esse
899 4726 1135 4783 desinit!
1166 4727 1210 4784 Ο
1234 4731 1547 4801 sepulcrum
1586 4733 1640 4786 in
1675 4749 1783 4804 quo
1813 4736 1990 4789 oritur
2009 4739 2121 4792 vita

546 4834 670 4889 quae
728 4821 962 4875 termino
1008 4822 1195 4876 caret!
1253 4821 1461 4887 Probe,
1517 4826 1826 4896 sepulcrum
1878 4843 2119 4886 novum:

548 4926 746 4983 nempe
783 4913 886 4966 fuit
920 4914 1024 4969 hoc
1049 4914 1247 4971 divinae
1277 4918 1466 4987 gratia:
1494 4918 1806 4975 consilium.
1844 4921 2122 4993 Siquidem

547 5018 617 5059 ne
653 5004 977 5061 cadaverum
1025 5008 1318 5062 multitudo
1364 5008 1590 5063 dubium
1642 5011 1894 5068 redderet
1932 5029 2121 5069 resur-

545 5101 782 5163 gentem,
838 5112 974 5152 neve
1005 5095 1227 5155 Judaaus
1270 5100 1398 5155 hinc
1434 5102 1723 5156 calumniaa
1771 5107 2116 5163 occasionem

545 5184 837 5254 arriperet,
871 5203 1103 5244 vacuum
1147 5192 1510 5249 cadaveribus
1554 5194 1866 5265 sepulcrum
1901 5201 2120 5270 conspi-

545 5276 709 5342 citur,
743 5280 889 5347 quod
922 5279 1206 5336 Judaicam
1238 5284 1479 5355 linguam
1509 5299 1780 5354 coerceat,
1810 5303 1875 5343 ac
1904 5298 2115 5345 tantum

615 5429 726 5513 535)
762 5429 852 5513 tu:
877 5448 1009 5513 mss.
1059 5434 1202 5491 Editi
1242 5454 1393 5513 vero,
1436 5441 1733 5513 παραλόγῳ
1768 5428 2118 5507 καταδικάζει

543 5497 747 5580 Ξόλμαν
818 5503 1095 5580 ἰοὲδιειων
1139 5497 1488 5580 παρανόμων.
1519 5497 1671 5573 ’Μοί
1700 5497 1942 5567 Ὁοιὺθιδι.
1997 5516 2022 5566 1
2045 5497 2121 5567 ἐι

544 5564 680 5634 Reg.
705 5575 934 5652 zpspyq.
960 5574 1122 5645 Editi,
1147 5564 1510 5650 κρέμᾷ.’11›;(1.
1534 5564 1691 5637 ρόῶ.
1716 5564 1768 5647 ἦ,
1789 5564 2115 5654 iacuit—p13};

546 5649 898 5710 Ρτρέβισμῳν

544 5681 1019 5775 .r
1054 5714 1197 5772 Editi
1228 5733 1377 5786 vero,
1397 5722 1509 5784 τοῖς
1535 5721 1843 5791 γράμμασι,
1876 5722 2116 5790 Κύριε...

2222 4651 2546 4716 κατάλυσιςί
2574 4652 2644 4708 '0
2670 4657 2838 4724 τάφος
2870 4659 2928 4712 ὲν
2959 4654 3003 4728 ᾧ
3034 4661 3259 4727 Θάνατος
3285 4663 3379 4717 τοῦ
3408 4661 3550 4720 εἶναι
3582 4666 3797 4727 θάνατος

2226 4741 2487 4799 παύεταιῐ
2520 4741 2591 4799 '0
2642 4748 2810 4817 τάφος
2865 4752 2922 4804 ἐν
2979 4747 3024 4821 ᾧ
3070 4754 3180 4825 ζωὴ
3234 4756 3431 4823 φύεται
3492 4759 3663 4831 πέρας
3704 4760 3796 4811 οὐκ

2223 4834 2451 4907 ἐχουσαὲ
2487 4839 2681 4904 Καλῶς
2709 4843 2737 4895 ὁ
2767 4843 2936 4913 τάφος
2979 4848 3195 4912 καινόςῐ
3242 4848 3411 4903 Τοῦτο
3453 4852 3553 4922 τῆς
3587 4852 3797 4924 χάριτος

2228 4928 2494 5002 βούλημα.
2533 4934 2647 4986 Ἰνα
2675 4934 2781 5007 γάρ
2813 4937 2887 5009 μὴ
2927 4938 3037 4993 τῶν
3078 4941 3283 5013 νεκρῶν
3320 4943 3381 4996 τὸ
3408 4944 3610 5017 πλῆθος
3638 4944 3795 5015 ἀμφί-

2227 5020 2380 5075 ϐολον
2419 5022 2564 5096 δείξῃ
2607 5025 2696 5078 τὸν
2742 5031 3043 5085 ἀναστάντα
3067 5073 3082 5095 ,
3138 5034 3232 5087 καὶ⁵
3276 5035 3438 5089 πάλιν
3490 5039 3521 5090 δ
3559 5037 3794 5099 Ἰουδαῖος

2223 5111 2361 5183 λάϐῃ
2394 5114 2492 5183 τῆς
2528 5119 2887 5187 συκοφαντίας
2925 5122 3023 5186 τάς
3054 5122 3202 5188 ὕλας,
3236 5126 3444 5195 γυμνὸς
3479 5129 3667 5200 δρᾶται
3693 5126 3795 5180 τῶν

2224 5203 2489 5271 κειμένων
2534 5206 2781 5275 ὁτάφος,
2825 5209 3070 5278 γλῶτταν
3113 5214 3404 5288 Ἰουδαῖκὴν
3468 5216 3789 5285 ἀφοπλίζων,

2227 5295 2507 5364 μονονουχὶ
2551 5297 2770 5351 τοιαῦτα
2807 5302 2944 5373 πρὸς
2981 5303 3073 5359 τὸν
3117 5305 3363 5360 Ἰουδαῖον
3389 5307 3793 5379 ἀποφθεγγόμε-

2228 5443 2471 5533 βασιλεία
2505 5466 2624 5533 σοιν,ἰ
2654 5448 2724 5533 '0
2746 5454 2950 5533 Πέτρου
2975 5460 3363 5533 ’συστρατιῶτα
3392 5462 3503 5529 τῶν
3538 5459 3787 5517 Ἰουδαίων

2226 5519 2520 5601 uaginae.
2558 5517 2627 5574 '0
2659 5517 3102 5601 λῃστάξοηιίεείε
3127 5517 3483 5601 quibusdam.

2298 5587 2411 5725 (57g
2441 5587 2536 5671 Sic
2569 5587 2875 5650 mss."Editi
2907 5614 3058 5667 vero,
3086 5587 3292 5673 πεξζτδ
3317 5601 3494 5665 ξύλον.

2298 5656 2388 5724 ί58
2444 5656 2534 5715 Sic
2579 5678 2712 5719 mss.
2762 5665 2901 5720 Editi
2950 5685 3112 5725 vero.
3159 5672 3485 5725 ὁμολαγητά.

2579 5678 2712 5719 mss.
2762 5665 2901 5739 Editi
2950 5656 3112 5739 vero,
3159 5656 3492 5744 ὃμολογητάζ
3518 5671 3586 5729 Ὦ
3626 5668 3787 5749 λῃστά

2227 5728 2505 5785 παιδευτά.
