4022 6382
294 352 431 408 ιοϐι

1172 344 1455 401 HOMILIA
1494 345 1561 400 IN
1603 343 1701 400 SS.
1744 343 2016 400 PATRES
2054 343 2143 399 ET
2182 342 2609 399 PBOI’HETAS.

3386 339 3527 398 ιοοει

289 481 398 526 νος.
458 461 523 514 Τί
566 450 763 528 λέγεις,
802 451 848 511 ὦ
906 459 1244 528 συκοφάντα;
1286 458 1494 529 Νεκρδν
1538 458 1722 529 ἕτερον
1771 458 1869 526 οὐχ

1969 469 2079 508 non
2105 452 2322 510 Judaeos
2353 456 2426 509 ita
2467 454 2793 525 compellat:
2829 452 2972 520 Quid
3019 454 3102 510 ais
3151 454 3529 526 sycophanta!

287 556 421 628 ὁρᾷς
442 570 455 583 '
492 550 686 605 οὐκοῦν
723 549 800 620 τῷ
850 549 1205 622 ἀνισταμένῳ·
1232 549 1633 620 προσκύνησονι
1675 548 1863 601 θέασαι

288 645 452 699 αὐτὸν
499 641 886 713 ἐγηγερμένον,
927 642 1018 693 καὶ
1061 640 1159 709 τὴν
1210 640 1522 693 δεσποτείαν
1563 636 1823 707 ἐπίγνωθι
1847 654 1860 668 ο

287 738 346 790 εν
378 736 570 807 νεκρόν
598 751 685 805 μοι
712 732 1053 804 παρέδωκας,
1078 730 1339 785 ἀθάνατον
1365 730 1693 799 ἀντιδίδωμι,
1726 728 1862 782 Ἀλλ’

226 858 233 863 ε
286 828 388 880 οὐκ
419 829 645 898 ἠρκεῖτο
675 826 882 886 τούτοις
909 824 1017 893 ('59)
1048 824 1075 876 ὁ
1110 823 1357 884 Ἰουδαῖος
1376 839 1390 852 ·
1426 822 1777 874 ἐπισυνάπτει
1808 820 1866 874 δέ

284 913 364 985 τῷ
394 916 549 984 τάφῳ
585 914 680 976 τὰς
712 912 1027 982 σφραγῖδας.
1066 910 1249 964 Ἀθλιε
1281 911 1373 965 καὶ
1401 910 1683 973 πανάθλιε,
1711 912 1738 962 ὁ
1770 908 1864 962 τοῦ

287 1008 520 1060 θανάτου
552 1004 650 1067 τὰς
678 1004 867 1071 ὀδύνας
907 1002 1068 1067 λύων,
1113 1003 1211 1067 τὰς
1261 1002 1558 1074 σφραγῖδας
1602 1003 1662 1054 οὐ
1712 1000 1862 1066 λύει;

295 1097 357 1149 '0
411 1095 683 1148 σκυλεύων
736 1093 825 1147 τὸν
879 1093 1045 1165 ᾅδην,
1105 1093 1173 1147 τὰ
1235 1094 1518 1164 σήμαντρα
1589 1092 1862 1161 φοϐεῖται;

285 1186 562 1260 Σφράγιζε
593 1187 684 1240 τὸν
727 1186 919 1253 τάφον,
969 1185 1329 1255 ἐπισημαίνου
1371 1186 1462 1238 τὸν
1500 1184 1668 1245 λίθον,
1704 1202 1866 1258 στρα-

283 1281 485 1343 τιώτας
536 1278 846 1347 ἐπίστησον,
884 1276 1155 1347 πολιόρκει
1195 1276 1256 1330 τὸ
1292 1277 1480 1347 μνῆμα
1504 1276 1633 1346 (40).
1667 1275 1865 1341 Μειζόν

289 1389 390 1443 μου
435 1373 606 1431 ποιεῖς
638 1369 698 1421 τὸ
747 1367 1105 1440 κατόρθωμα,
1153 1366 1345 1430 θεατὰς
1382 1368 1480 1438 τῆς
1520 1366 1865 1432 ἀναστάσεως

285 1460 646 1534 εὐτρεπίζεις,
686 1459 966 1532 μάρτυρας
1002 1460 1099 1530 τῆς
1141 1459 1410 1528 ἐγέρσεως
1460 1458 1665 1529 φέρεις,
1698 1461 1868 1530 κήρυ-

286 1568 387 1613 κας
419 1548 525 1602 τῶν
554 1547 701 1620 ἐμῶν
731 1547 1023 1619 θαυμάτων
1053 1549 1179 1611 τοὺς
1226 1550 1349 1612 σοὺς
1388 1550 1664 1620 ὑπηρέτας
1707 1566 1869 1603 κατα-

288 1641 600 1705 σκευάζεις.

354 1731 410 1788 6.
434 1729 606 1804 Δεῦρο
624 1724 716 1784 οὖν
741 1728 875 1802 (Η),
903 1729 1117 1799 ἀδελφοὶ
1141 1729 1411 1800 μείνωμεν
1425 1729 1543 1797 τὰς,
1560 1730 1753 1795 ὠδῖνας
1773 1731 1865 1786 τοῦ

1964 545 2234 601 Μοηυυιη
2286 548 2453 601 alium
2508 562 2621 601 non
2672 545 2879 601 vides:
2924 554 3301 617 resurgentem
3360 547 3528 617 igitur

1964 636 2182 690 adora:
2227 638 2595 709 contemplare
2645 638 2799 692 illum
2856 638 3243 693 resuscitatum
3299 638 3528 708 ejusque

1964 724 2264 781 dominium
2308 743 2541 798 agnosce
2570 747 2583 783 :
2612 743 2772 799 quem
2805 727 2939 782 mihi
2975 738 3250 782 mortuum
3285 729 3528 783 tradide-

1964 833 2077 882 ras,
2118 819 2476 873 immortalem
2507 820 2606 874 tibi
2646 820 2834 874 reddo.
2869 817 2974 874 Sed
3002 818 3055 872 id
3087 819 3311 874 minime
3338 818 3528 875 Iudaeo

1965 909 2098 965 satis
2131 910 2231 963 fuit
2261 930 2274 966 :
2306 910 2510 965 addidit
2553 913 2699 966 enim
2729 912 2981 982 sepulcro
3019 912 3384 983 signaculum.
3429 912 3530 966 Mi-

1965 1016 2074 1065 ser,
2108 1001 2216 1055 imo
2239 1001 2548 1057 miserrime
2582 1021 2595 1057 :
2632 1003 2723 1072 qui
2750 1004 2943 1059 mortis
2981 1004 3199 1060 dolores
3222 1004 3403 1071 solvit,
3436 1019 3542 1059 an--

1965 1108 2076 1147 non
2117 1093 2291 1148 solvet
2344 1094 2660 1164 signacula?
2692 1094 2794 1160 Qui
2832 1095 3107 1151 infernum
3158 1096 3407 1167 diripuit,
3457 1112 3533 1151 an

1966 1186 2245 1256 signacula
2282 1186 2695 1241 reformidabit?
2727 1186 2966 1258 Obsigna
3008 1189 3340 1259 sepulcrum,
3373 1189 3533 1260 signa

1963 1276 2217 1346 lapidem,
2255 1277 2457 1332 milites
2518 1285 2718 1344 statue,
2778 1281 3086 1349 sepulcrum
3130 1277 3340 1333 obside.
3384 1277 3532 1333 Prae-

1968 1370 2290 1425 stantiorem
2336 1385 2364 1423 a
2396 1385 2482 1423 me
2526 1379 2729 1439 gestam
2763 1384 2877 1424 rem
2918 1368 3148 1425 ellicies:
3176 1370 3537 1425 resurrectio-

1966 1459 2055 1515 nis
2102 1467 2440 1531 spectatores
2470 1459 2727 1525 adornas,
2775 1466 2945 1515 testes
2987 1460 3408 1515 resurrectionis
3451 1458 3543 1514 σι’--

1966 1548 2077 1605 fers
2117 1567 2131 1604 :
2165 1550 2556 1604 miraculorum
2603 1564 2853 1604 meorum
2895 1564 3195 1620 praecones,
3250 1550 3532 1606 ministros

1967 1642 2174 1697 scilicet
2203 1650 2348 1707 tuos,
2382 1657 2676 1713 praeparas.

2036 1732 2090 1786 6.
2131 1733 2286 1802 Agite
2317 1748 2467 1803 ergo,
2501 1732 2721 1797 fratres,
2747 1741 3125 1802 exspectemus
3147 1732 3386 1802 sepulcri
3412 1748 3536 1804 par-

284 1823 481 1892 τάφου.
516 1822 743 1891 Ἰδωμεν
782 1821 917 1884 τέως
947 1820 1355 1892 δωροφοροῦντα
1399 1821 1488 1874 τὸν
1529 1822 1743 1891 Ἰωσὴφ,
1772 1823 1898 1889 καὶ,

1969 1831 2076 1881 tus.
2104 1823 2396 1881 Videamus
2424 1823 2625 1896 Joseph
2658 1827 2799 1880 dona
2834 1825 3117 1891 ferentem,
3147 1824 3534 1881 Nicodemum-

284 1914 377 1967 τὸν
438 1912 746 1983 Νικόδημον
801 1911 1159 1983 συντρέχοντα
1180 1951 1194 1976 ,
1238 1913 1431 1966 σινδόνι
1476 1912 1690 1985 καθαρᾷ
1711 1955 1726 1980 ,
1775 1914 1868 1967 καὶ

285 2003 533 2066 ὀθονίοις,
559 2002 652 2056 καὶ
689 2002 953 2073 σουδαρίῳ
992 2002 1451 2073 περιειλίσσοντας
1487 2003 1578 2056 τὸν
1614 2003 1706 2056 τού
1736 2021 1869 2057 παν-

284 2095 376 2160 τὸς
410 2095 640 2165 Κύριον,
689 2093 932 2165 σμύρναν
978 2110 1039 2145 τε
1090 2094 1183 2147 καὶ
1213 2093 1396 2164 άλόην,
1429 2094 1497 2148 τὰ
1536 2095 1635 2166 τῆς
1664 2096 1871 2168 ἀφθαρα

287 2188 409 2251 σίας
439 2186 504 2239 σύ
514 2186 708 2257 μὸολα,
735 2186 1216 2257 προσκομίζοντας.
1251 2186 1475 2256 Ἴδωμεν
1503 2191 1871 2260 κυοφορουμέ-

284 2296 382 2350 νην
413 2278 513 2350 τὴν
546 2278 858 2332 ἀνάστασιν.
892 2278 1117 2348 Ἴδωμεν
1142 2278 1382 2350 γαστέρα
1416 2279 1585 2348 τάφου
1616 2281 1713 2352 τῆς
1739 2284 1871 2336 ἀνα-

287 2372 531 2433 στάσεως
572 2369 799 2441 μητέρα.
844 2369 1131 2441 Μείνωμεν
1177 2370 1301 2424 ἰδεῖν
1340 2371 1429 2424 τὸν
1475 2372 1705 2443 Χριστὸν
1742 2389 1868 2446 τρο-

284 2462 546 2532 παιοῦχον
570 2464 633 2515 ἐκ
653 2463 822 2530 τάφου
847 2462 1291 2535 συνεγειρόμενον
1316 2462 1425 2534 (42)
1451 2480 1463 2493 ·
1490 2465 1585 2516 καὶ
1604 2465 1701 2536 τὴν
1725 2463 1868 2519 κατά

285 2554 518 2607 θανάτου
579 2555 674 2606 καὶ
733 2554 996 2626 τυράννου
1059 2553 1215 2624 νίκην
1273 2552 1696 2624 ἀναδησάμενον.
1751 2554 1868 2610 Τοί-

285 2663 380 2699 νυν
428 2645 645 2717 φαιδροὶ
689 2643 896 2716 φαιδρῷ
932 2643 1010 2715 τῷ
1052 2644 1397 2715 ἀνισταμένῳ
1441 2643 1657 2716 Χριστῷ
1701 2662 1869 2717 προσ-

286 2736 554 2808 ελθωμεν.
593 2737 751 2809 Αὐτῷ
794 2736 902 2808 γὰρ
958 2736 1156 2809 πρέπει
1206 2738 1354 2790 πᾶσα
1400 2736 1546 2803 δόξα,
1594 2737 1727 2809 τιμὴ
1775 2736 1870 2791 καὶ

286 2829 682 2903 προσκύνησις,
715 2830 812 2882 σὺν
838 2828 916 2900 τῷ
948 2829 1123 2901 Πατρὶ
1157 2831 1247 2883 καὶ
1292 2828 1371 2900 τῷ
1409 2830 1548 2900 ἁγίῳ
1572 2828 1867 2902 Πνεύματι,

287 2925 367 2986 είς
394 2922 524 2986 τοὺς
548 2922 747 2986 αἰῶνας
776 2923 883 2975 τῶν
907 2921 1135 2977 αἰώνων.
1190 2924 1381 2993 Ἀμήν.

358 3075 474 3145 (59)
507 3074 607 3148 ASic
639 3075 949 3148 mssLEditi
982 3091 1130 3148 vero,
1164 3076 1263 3130 οὐκ
1295 3077 1455 3148 ἀρκεῖ
1480 3076 1785 3141 τοσούτους.

357 3147 471 3217 (40)
503 3146 579 3200 Ita
610 3163 743 3201 mss.
778 3146 940 3210 Editi,
968 3146 1039 3199 τὰ
1074 3146 1355 3217 μνήματα,

360 3215 475 3289 (41)
511 3219 571 3272 lu
600 3218 760 3274 editis
784 3218 916 3281 haec,
943 3215 1112 3289 Δεῦρο
1149 3216 1355 3273 adv"...
1382 3216 1475 3270 τοῦ
1501 3218 1692 3286 τάφου,
1721 3215 1861 3271 infe-

1967 1931 2074 1986 que
2114 1916 2215 1986 ipsi
2246 1926 2685 1983 concurrentem,
2732 1917 2964 1971 sindone
3002 1918 3226 1982 munda,
3251 1918 3447 1988 pannis
3479 1926 3536 1972 et

1968 1989 2190 2064 sudario
2230 2008 2516 2063 Dominum
2564 2011 2803 2065 universi
2848 2009 3224 2073 obvolventes,
3256 2009 3533 2081 myrrham

1967 2107 2022 2156 et
2053 2101 2207 2154 aloen
2254 2101 2680 2156 immortalitatis
2727 2102 2973 2174 symbola
3017 2101 3326 2158 aﬂ'erentes.
3372 2102 3537 2170 Aspi-

1968 2194 2180 2248 ciamus
2203 2195 2654 2250 resurrectionem
2675 2194 2829 2264 quasi
2854 2202 3065 2249 uterum
3090 2203 3409 2266 gestantem.
3435 2193 3535 2248 Vi-

1978 2284 2204 2340 deamus
2258 2286 2493 2354 sepulcri
2545 2292 2759 2342 uterum
2803 2288 3222 2343 resurrectionis
3280 2294 3533 2342 matrem.

1967 2373 2359 2446 Exspectemus
2389 2376 2561 2431 visuri
2609 2376 2898 2431 Dominum
2934 2393 3057 2432 cum
3104 2385 3307 2449 trop=eo
3349 2392 3415 2432 ex
3447 2392 3537 2433 se-

1967 2468 2161 2537 pulcro
2193 2477 2587 2539 resurgentem,
2617 2476 2671 2524 et
2699 2469 2986 2523 victoriam
3010 2469 3077 2524 de
3110 2469 3364 2539 sepulcro
3389 2475 3437 2523 e'
3466 2470 3541 2525 de

1975 2567 2211 2631 tyranno
2252 2566 2640 2630 reportantem.
2671 2562 2861 2631 Itaque
2890 2560 2997 2615 laeti
3049 2563 3117 2614 ad
3161 2560 3343 2615 laetum
3377 2559 3540 2615 Chri-

1983 2657 2127 2703 stum
2164 2658 2539 2719 resurgentem
2585 2651 2928 2706 accedamus.
2984 2650 3141 2705 lllum
3184 2651 3326 2706 enim
3381 2650 3543 2706 decet

1973 2741 2152 2794 omnis
2192 2740 2382 2809 gloria,
2415 2741 2607 2806 honor,
2633 2741 2881 2796 adoratio
2909 2757 3033 2797 cum
3055 2740 3216 2797 Patre
3244 2749 3299 2797 et
3330 2738 3539 2812 Spiritu

1975 2841 2166 2887 sancto
2192 2833 2246 2887 in
2287 2833 2484 2889 saacula
2516 2837 2860 2890 saeculorum.
2890 2834 3084 2890 Amen.

1964 3076 2293 3160 riushposita
2315 3086 2463 3134 sunt.
2478 3079 2551 3160 ,ιη
2563 3094 2706 3160 mss.
2735 3095 2866 3135 vero
2894 3079 2984 3134 hie
3012 3080 3299 3160 hahentttr.

2037 3148 2148 3219 (42)
2179 3147 2257 3202 lta
2297 3165 2430 3205 mss.
2476 3149 2616 3204 Editi
2643 3166 2796 3216 vero,
2837 3152 3301 3223 συνεγειρόμενον.
3348 3147 3547 3203 Τοίνυν

1965 3219 2202 3289 φαιδροί,
2241 3220 2462 3276 omissis
2493 3219 2841 3290 quibusdam.

1237 3474 1403 3546 388
1438 3472 1502 3527 IN
1556 3471 1976 3539 SEQUENTEM
2015 3471 2355 3529 HOMILIAM
2393 3475 2797 3533 ADMONITIO.

370 3589 539 3642 Hanc.
567 3588 834 3658 publicam
885 3590 1007 3661 fecit
1054 3588 1398 3653 Holstem'us,
1433 3587 1825 3657 Athanasioque
1869 3587 2283 3658 abjudicandam
2314 3591 2552 3661 putavit,
2594 3607 2684 3646 nec
2730 3591 2933 3659 injuria
2963 3606 2981 3646 .'
3011 3601 3090 3648 est
3141 3593 3282 3646 enim
3320 3593 3543 3662 ineptis-

291 3682 415 3734 simi
474 3681 703 3735 thuinis
743 3684 899 3750 Ietas,
947 3691 1004 3735 ut
1055 3681 1223 3749 primo
1278 3690 1490 3748 aspectu
1539 3678 1817 3733 wstimabit
1859 3680 2096 3734 eruditus
2137 3680 2299 3734 lector
2342 3696 2361 3734 :
2408 3692 2562 3752 atque
2611 3691 2730 3751 post
2785 3680 3256 3737 Iconomachorum
3296 3684 3544 3742 hazrcsim

292 3776 593 3842 conscripta
624 3774 826 3832 videtur
853 3788 917 3827 ea:
936 3773 1003 3826 iis
1034 3787 1150 3841 qua:
1178 3774 1241 3824 de
1271 3769 1588 3841 imaginibus
1619 3768 1713 3822 sub
1744 3768 1901 3837 ﬁnem
1932 3767 2210 3824 habentur.
2245 3769 2377 3836 Qua:
2404 3772 2616 3824 etiamsi
2645 3780 2701 3824 ut
2741 3771 3037 3826 arbitratus
3071 3782 3149 3828 est
3190 3771 3544 3845 Combeﬁsius

291 3878 345 3934 p.
382 3865 509 3929 564,
543 3876 752 3935 possunt
781 3874 902 3921 ante
930 3863 1388 3920 Iconoclastarum
1440 3870 1649 3917 etatem
1691 3861 1892 3928 scripta
1917 3858 2102 3929 fuisse,
2140 3878 2277 3933 aegre
2318 3873 2492 3917 tamen
2520 3873 2746 3932 tempore
2783 3863 3067 3920 Athanasii
3113 3877 3315 3937 κηρία
3347 3885 3538 3924 conce-

291 3957 514 4013 dantur.

1380 4137 1516 4191 ΤΟΥ
1552 4137 1644 4191 EN
1681 4138 1905 4193 ΑΓΙΟΙΣ
1941 4141 2218 4195 ΠΑΤΡΟΣ
2252 4142 2453 4197 ΗΜΩΝ

1596 4259 2236 4352 ΑΘΑΝΑΣΙΟΥ

290 4443 392 4506 El;-
425 4435 572 4500 τοὺς
603 4432 810 4502 ἁγίους
839 4428 1102 4500 Πατέρας
1129 4429 1227 4484 καί
1260 4425 1587 4497 προφήτας,
1627 4412 2353 4563 καίεὶςόῑῗιὲἑτάνσεπτον
2379 4430 2774 4501 Ἐκκλησίαν,
2804 4429 2906 4487 καί
2938 4431 3028 4499 είς
3047 4427 3158 4484 τὸν
3185 4429 3277 4485 ,ιδ’
3298 4434 3546 4504 ψαλμὸν·

1904 4630 1970 4644 _

1317 4738 1413 4826 S.
1492 4738 1597 4825 P.
1680 4738 1799 4825 N.
1875 4735 2523 4826 ATHANASII

292 4925 357 4980 In
385 4930 602 4979 sanctos
631 4916 821 4972 Patres
847 4927 895 4970 et
921 4913 1226 4985 prophetas,
1263 4924 1314 4966 et
1342 4913 1399 4966 in
1424 4909 1708 4965 admodum
1746 4907 2102 4964 venerandam
2146 4907 2461 4973 Ecclesium,
2490 4916 2646 4979 atque
2676 4905 2737 4962 in
2791 4904 3057 4976 psalmum
3087 4917 3253 4959 um
3300 4902 3547 4960 humilia.

362 5149 415 5205 ει.
460 5149 526 5203 Ἦ
557 5143 873 5217 ποδηγοῦσα
903 5140 1083 5204 πίστις
1117 5141 1196 5202 εἰς
1245 5140 1343 5209 τὴν
1375 5137 1491 5192 ὁδὸν
1521 5137 1620 5209 τῆς
1649 5136 1877 5206 θεογνω-

293 5243 428 5307 σίας,
446 5241 545 5295 καὶ
560 5237 660 5309 τὴν
681 5236 934 5307 ἐνάρετον
957 5234 1051 5288 καὶ
1074 5231 1454 5301 ἀκατάληπτον
1485 5229 1777 5295 πολιτείαν,
1810 5231 1871 5284 οὐ

292 5332 564 5405 νεωτέραν
603 5327 716 5400 ἔχει
757 5325 854 5397 τὴν
893 5323 1087 5397 ἀρχὴν,
1104 5320 1286 5384 καθώς
1311 5336 1475 5391 φασιν
1502 5318 1758 5390 ἀνόμιμοι
1779 5319 1875 5372 καὶ

295 5422 562 5491 ἀλιτήριοι
608 5415 855 5471 Ἰουδαῖοι
878 5430 892 5444 ο
934 5411 1046 5466 ἀλλ’
1078 5409 1284 5467 ἄνωθεν
1328 5411 1393 5463 ἐκ
1420 5408 1528 5463 τῶν
1567 5409 1730 5461 ὁσίων
1779 5407 1875 5461 καὶ

294 5513 531 5567 εὐσεϐῶν
560 5511 842 5579 Πατέρων,
867 5504 1010 5572 λέγω
1044 5504 1100 5557 δὲ
1126 5502 1220 5556 τοῦ
1245 5500 1431 5565 Ἀϐελ,
1456 5499 1549 5553 καὶ
1568 5498 1658 5553 τοῦ
1680 5496 1871 5569 Ἑνὼχ,

293 5607 387 5677 καὶ
414 5604 510 5658 τοῦ
540 5602 691 5666 Νῶε,
734 5598 831 5653 καὶ
878 5597 972 5651 τοῦ
997 5595 1265 5669 Ἁϐραάμ,
1314 5594 1407 5649 καὶ⁵
1448 5592 1557 5647 τῶν
1603 5591 1776 5648 ἄλλων
1819 5591 1877 5645 δὲ

365 5761 479 5834 (45)
515 5753 839 5814 llolstenius
861 5755 1041 5820 vertit,
1077 5748 1526 5821 irreprehensibilc

2050 5133 2102 5187 1.
2143 5128 2307 5185 Fides
2339 5143 2461 5200 qua:
2502 5127 2656 5184 ducit
2693 5129 2761 5185 ad
2794 5131 2946 5186 viam
2973 5128 3302 5200 cognitionis
3336 5126 3457 5193 Dei,
3490 5137 3552 5183 et

1975 5226 2042 5281 ad
2072 5225 2306 5296 probum
2333 5222 2993 5293 incomprehensibileque
3025 5221 3135 5293 (45)
3163 5220 3286 5275 vitae
3323 5219 3549 5274 institu-

1976 5326 2117 5382 tum,
2156 5330 2264 5371 non
2290 5315 2528 5371 recentis
2551 5298 2635 5370 est
2668 5313 2831 5379 initii,
2862 5322 2921 5368 ut
2955 5315 3108 5368 aiunt
3133 5312 3285 5383 impii
3314 5311 3393 5366 illi
3426 5325 3549 5367 sce-

1976 5406 2247 5477 leratique
2282 5401 2618 5462 Judaai:sed
2660 5404 2775 5475 jam
2825 5404 2953 5459 olim
2996 5418 3027 5457 a
3076 5401 3283 5458 sanctis
3332 5400 3551 5473 piisque

1977 5499 2255 5563 Patribus,
2296 5498 2431 5554 A‘hel
2460 5497 2606 5565 dico,
2646 5496 2853 5560 Enoch,
2892 5494 3028 5561 Noe,
3058 5493 3356 5558 Abraham,
3397 5493 3548 5549 aliir

1983 5606 2088 5661 que
2113 5591 2369 5648 omnibus
2391 5590 2558 5662 justis
2587 5589 2720 5647 viris
2751 5596 2872 5644 orta
2919 5596 3023 5644 est.
3054 5586 3207 5653 Quod
3239 5600 3371 5642 sane
3412 5597 3548 5639 con-
