4022 6382
511 313 536 366 1
545 312 654 368 065

1708 303 1765 358 S.
1807 295 2266 355 ATHANASIUS.
2300 327 2372 338 -—-
2409 293 2686 352 SPURIA.

3621 291 3762 349 £064

509 423 764 494 spicuum
789 429 874 479 est
901 436 968 478 ex
999 421 1069 478 iis
1123 434 1242 492 quae
1295 418 1535 490 loquitur
1565 415 1798 480 Paulus,
1830 429 1928 469 vas
1957 413 2064 468 ele-

2185 411 2385 464 τάντων
2415 409 2660 465 δικαίων.
2696 409 2806 463 Καῒ
2853 407 3007 462 τοῦτο
3044 407 3200 479 δῆλον
3240 409 3304 461 ὲκ
3345 406 3444 462 τοῦ
3481 409 3655 462 εἰπεῖν
3697 409 3767 464 τὺ

509 513 734 579 ctionis,
776 530 872 570 vas
912 512 1352 584 uuguentarium.
1387 517 1441 565 et
1496 509 1753 563 columna
1799 506 2069 570 veritatis,

509 603 738 676 qui'hzec
755 601 1022 674 ipsissima
1040 599 1229 654 scribit
1243 597 1402 653 verba
1417 597 1462 628 ⁸³
1490 615 1505 648 :
1525 593 1656 650 Fide
1681 594 1868 650 Abelis
1893 591 2067 664 pluri-

511 710 658 750 mam
701 693 930 749 hostiam
960 706 1123 762 quam
1174 705 1204 743 a
1249 687 1420 744 Caiuo
1465 687 1674 757 aCCepit
1715 685 1880 748 Deus,
1931 683 2076 738 unde

509 786 672 840 etiam
704 782 838 836 vivit
867 783 919 834 in
949 789 1234 836 aeternum.
1270 777 1402 834 Fide
1447 776 1632 832 Enoch
1677 775 1786 832 Deo
1817 784 2074 846 acceptus

510 873 813 928 translatus
865 877 947 925 est
995 871 1050 923 iu
1101 867 1448 940 paradisum,
1501 883 1626 923 cum
1684 882 1792 922 non
1848 865 2077 920 vidisset

509 975 852 1017 communem
893 969 1100 1014 natura:
1142 968 1392 1012 mortem.
1436 955 1568 1012 Fide
1614 955 1728 1010 Noe
1769 955 2076 1010 construxit

511 1068 692 1107 arcam
755 1053 809 1106 in
863 1052 1092 1106 salutem
1143 1049 1341 1105 domus
1388 1057 1755 1120 suaeztypum
1801 1055 2074 1118 gerentem

511 1143 894 1198 inenarrabilis
937 1142 1216 1206 Ecclesiae,
1257 1141 1540 1196 habentem
1587 1141 2078 1211 binasoternasque

509 1236 968 1306 contignationes,
1013 1234 1414 1288 invocationem
1442 1232 1653 1287 scilicet
1682 1230 1880 1295 Patris,
1910 1239 1964 1285 et
1989 1229 2077 1284 Fi-

509 1325 594 1390 lii,
626 1337 679 1380 et
703 1327 942 1398 Spiritus
971 1326 1167 1380 sancti.
1201 1322 1331 1379 Fide
1359 1323 1631 1377 Abraham
1655 1339 1911 1394 egressus
1938 1337 1968 1376 e
1992 1337 2077 1376 re-

510 1415 670 1488 gione
697 1417 1096 1478 Chaldaeorum,
1123 1415 1384 1469 habitavit
1416 1414 1469 1468 in
1498 1424 1640 1470 terra
1673 1414 2073 1484 promissionis,

511 1517 836 1579 accepturus
867 1509 1142 1564 caelestem
1197 1509 1494 1570 civitatem,
1525 1522 1820 1577 supernam
1851 1505 2076 1560 Jerusa-

508 1598 640 1662 lem,
667 1607 892 1655 matrem
921 1599 1428 1671 primogeniturum,
1461 1599 1619 1668 cujus
1643 1598 1839 1652 artifex
1873 1605 1926 1652 et
1945 1612 2077 1652 con-

512 1690 658 1745 ditor
690 1693 842 1747 solus
877 1691 1038 1746 Deus.
1073 1689 1202 1746 Fide
1236 1689 1386 1746 Isaac
1427 1705 1552 1745 cum
1583 1689 1874 1745 oll‘erretur
1895 1690 1962 1744 ad
1992 1691 2075 1744 al-

2175 501 2364 568 σκεῦος
2389 503 2485 574 τῆς
2517 502 2762 572 ἐκλογῆς,
2788 501 2849 554 τὸ
2882 500 3186 573 μυροφόρον
3221 502 3462 570 ἀγγεῖον,
3505 501 3598 555 τὸν
3637 503 3766 556 στύ-

2171 593 2262 650 λον
2293 595 2392 665 τῆς
2419 594 2671 666 ἀληθείας,
2697 593 2928 656 Παῦλον,
2949 593 3226 664 γράφοντα
3249 593 3428 648 ταῦτα
3455 593 3550 646 ἐπὶ
3567 593 3766 658 λέξεως

2172 688 2268 741 καὶ
2318 685 2575 756 λέγοντα’
2633 685 2819 738 Πίστει
2865 683 3030 738 ’Δϐελ
3086 683 3308 763 πλείονα
3371 684 3566 738 θυσίαν
3613 685 3764 754 παρὰ

2173 778 2314 832 Κάῖν
2340 777 2698 850 προσεδέξατο
2721 777 2749 829 6
2775 776 2906 840 Θεός
2924 793 2938 808 '
2971 776 3092 830 ὅθεν
3120 776 3214 830 καὶ
3241 774 3310 848 ζῇ
3336 779 3419 841 είς
3443 777 3540 831 τὸν
3569 778 3758 832 αίῶνα.

2173 869 2359 924 Πίστει
2398 867 2568 940 Ἑνὼχ
2591 869 2958 940 εύαρεστήσας
2988 864 3066 940 τῷ
3094 867 3231 938 Θεῷ,
3265 867 3534 941 μετετέθη
3561 871 3640 934 είς
3671 871 3762 924 τὸν

2175 959 2520 1031 παράδεισον,
2555 958 2628 1031 μὴ
2661 958 2994 1029 θεασάμενος
3025 957 3154 1028 μηδὲ
3189 958 3280 1011 τὸν
3323 959 3508 1012 κοινὸν
3541 959 3765 1013 θάνατον

2173 1051 2272 1120 τῆς
2311 1049 2541 1120 φύσεως.
2588 1049 2771 1102 Πίστει
2805 1047 2928 1102 Νῶε
2972 1047 3341 1102 κατεσκεύασε
3390 1046 3496 1118 τὴν
3536 1048 3766 1103 κισωτδν

2175 1138 2255 1200 είς
2302 1137 2572 1208 σωτηρίαν
2619 1137 2712 1190 τοῦ
2758 1137 2906 1190 οἴκου
2951 1135 3136 1201 αὐτοῦ,
3193 1136 3621 1210 χαρακτηρίζων
3671 1137 3765 1209 τὴν

2177 1228 2536 1298 ἀνεκλὰλητον
2575 1229 2916 1302 Ἐκκλησίαν,
2955 1231 3183 1301 ἔχουσαν
3220 1230 3454 1302 διὸροφα
3499 1231 3594 1285 καὶ
3629 1232 3766 1303 τριό-

2179 1337 2344 1392 ροφα,
2389 1321 2674 1393 ἐπίκλησιν
2711 1322 2923 1395 Πατρδς
2960 1322 3054 1375 καὶ
3089 1321 3219 1376 Υἱοῦ
3263 1323 3358 1376 καὶ
3399 1323 3563 1391 ἁγίου
3605 1323 3767 1378 Πνεύ-

2179 1429 2365 1483 ματος.
2413 1413 2600 1466 Πίστει
2624 1413 2896 1486 Ἀϐραὰμ,
2933 1413 3161 1480 ἐξελθὼν
3204 1415 3270 1469 ὲκ
3313 1414 3416 1486 τῆς
3463 1415 3767 1489 Χαλδαῖκῆς

2174 1503 2388 1576 χώρας,
2443 1505 2770 1576 παρῴκησεν
2818 1507 2896 1570 είς
2951 1507 3049 1577 τὴν
3101 1507 3205 1578 γῆν
3251 1507 3352 1578 τῆς
3409 1508 3745 1577 ἐπαγγελίας

2175 1597 2602 1668 ἀπεκδεχόμενος
2625 1598 2724 1669 τὴν
2754 1598 3072 1671 ἐπουράνιον
3096 1599 3269 1663 πόλιν,
3295 1601 3396 1672 τὴν
3430 1599 3548 1654 ἄνω
3585 1579 3765 1672 Ἱερουί

2180 1689 2381 1760 σαλὴμ,
2433 1689 2530 1760 τὴν
2579 1690 2789 1762 μητέρα
2838 1690 2947 1745 τῶν
2992 1691 3371 1763 πρωτοτόκων,
3403 1687 3474 1764 ἦς
3505 1693 3766 1764 τεχνίτης

511 1791 649 1848 tare,
692 1799 805 1838 non
850 1785 1179 1855 lacrymatus
1227 1796 1332 1846 εει,
1385 1784 1567 1839 sciens
1615 1799 1676 1839 se
1727 1783 2078 1852 praeﬁgurare

2185 1778 2274 1832 καὶ
2303 1753 2817 1850 δημιουργδςυμόνος
2842 1782 2871 1834 6
2895 1753 3048 1846 856;:
3081 1781 3268 1834 Πίστει
3289 1753 3480 1835 Ἰσαάκ
3505 1753 3765 1854 ἀναφερόξ

512 1875 726 1945 Agnum
766 1877 859 1946 qui
909 1876 1192 1931 ablaturus
1229 1884 1347 1931 erat
1386 1883 1669 1946 peccatum
1702 1875 1912 1930 mundi.
1946 1873 2078 1930 Fide

513 1962 683 2020 Jacob
712 1966 956 2021 adoravit
997 1969 1365 2022 summitatem
1395 1969 1560 2038 virga:
1594 1985 1726 2031 sum.
1754 1967 2082 2024 manifestis-

516 2056 652 2113 sime
687 2059 1000 2130 signiﬁcans
1024 2059 1302 2114 victricem
1337 2075 1402 2115 ac
1434 2061 1804 2116 beatissimam
1833 2077 2075 2117 crucem.

514 2143 648 2204 Fide
675 2145 874 2219 Joseph
910 2149 1171 2217 moriens,
1206 2151 1484 2206 mandavit
1523 2151 1650 2208 liliis
1683 2153 1852 2208 lsrael
1883 2153 1951 2208 de
1991 2169 2082 2210 os-

516 2240 669 2295 sibus
718 2241 855 2305 suis,
903 2250 963 2296 ut
1010 2257 1074 2296 ea
1123 2257 1189 2298 ex
1237 2241 1473 2314 Egypto
1527 2243 1827 2308 auferrent,
1873 2260 1942 2300 ne
1987 2245 2081 2300 illa

516 2330 776 2404 Egyptii,
813 2335 970 2405 quasi
1012 2333 1200 2400 Deum,
1248 2337 1511 2392 colerent.
1560 2335 1692 2392 Fide
1729 2335 1924 2392 Bahab
1969 2351 2082 2393 non

514 2425 678 2496 periit
720 2441 824 2480 una
870 2443 993 2480 cum
1041 2428 1176 2483 urbe
1203 2426 1443 2492 Jericho,
1477 2431 1748 2500 susceptis
1794 2445 1918 2484 cum
1949 2445 2082 2501 pace

515 2517 973 2586 exploratoribus.
1023 2517 1156 2574 Fide
1207 2517 1384 2575 Moses
1427 2520 1722 2576 celebravit
1770 2519 1981 2575 Pascha
2028 2526 2084 2576 et

517 2607 834 2664 ellusiunem
858 2609 1160 2680 sanguinis,
1191 2618 1248 2664 ut
1271 2617 1326 2666 et
1357 2615 1457 2665 nes
1489 2610 1592 2666 [ide
1613 2611 1852 2666 salutare
1871 2608 2084 2666 Pascha

518 2700 896 2765 celebremus,
956 2702 1075 2757 sine
1123 2702 1231 2756 ulla
1283 2701 1560 2772 hypocrisi
1609 2701 1674 2774 (ι
1714 2702 1886 2758 Omne
1936 2701 2084 2756 enim

517 2789 660 2860 quod
690 2804 800 2844 non
831 2796 916 2845 est
956 2807 1024 2846 ex
1069 2791 1172 2846 ﬁde
1212 2799 1494 2862 peccatum
1539 2801 1624 2846 est
1638 2791 1684 2824 ⁸⁸
1711 2795 1782 2860 ι),
1817 2801 2084 2862 ungentes

519 2883 800 2952 sanguine,
833 2899 938 2938 nou
962 2883 1100 2940 duos
1122 2891 1308 2956 postes
1325 2885 1639 2955 janaarum,
1671 2884 1764 2940 sed
1792 2885 2088 2955 obsignan-

521 2981 604 3030 tes
629 2976 866 3028 animam
909 2984 966 3032 et
995 2991 1227 3047 corpus;
1261 2987 1320 3031 ut
1359 2975 1572 3030 Pharao
1620 2991 1744 3030 cum
1781 2975 2000 3031 diabolo
2029 2976 2085 3032 in

2181 1887 2338 1942 μενος
2364 1872 2456 1924 ἐπὶ
2493 1873 2554 1926 τὸ
2586 1871 2989 1944 θυσιαστήριον,
3019 1873 3120 1930 ούκ
3151 1871 3559 1944 ἀπεδάκρυσεν,
3591 1873 3759 1938 εἰδὼς,

2143 2010 2156 2022 ,
2177 1960 2259 2014 ὅτι
2309 1960 2560 2024 εἰκονίζει
2617 1962 2708 2016 τὸν
2761 1961 2930 2034 ἀμνὸν
2979 1959 3069 2034 τὸν
3129 1961 3393 2032 μέλλοντα
3439 1963 3622 2034 αἴρειν
3671 1964 3762 2034 τὴν

2180 2053 2450 2124 ἁμαρτίαν
2485 2052 2580 2108 τοῦ
2625 2054 2852 2126 κόσμου.
2907 2053 3091 2108 Πίστει
3123 2053 3319 2108 Ἰακὼὸ
3360 2052 3764 2127 προσεκύνησεν

2180 2145 2272 2198 ἐπὶ
2299 2145 2359 2198 τὸ
2387 2145 2551 2218 ἄκρον
2574 2145 2674 2218 τῆς
2700 2145 2894 2219 ῥάϐδου
2937 2143 3101 2200 αὑτοῦ
3135 2144 3266 2216 (44),
3301 2146 3600 2218 ὲκμηνύων
3629 2148 3766 2200 ἀντι-

2181 2235 2284 2306 κρὺ
2311 2233 2401 2288 τὸν
2433 2236 2702 2290 νικοποιδν
2738 2237 2828 2291 καὶ
2845 2238 3238 2309 τρισμακάριον
3271 2238 3530 2310 σταυρόν.
3563 2239 3761 2301 Πίστει,

2193 2323 2387 2396 Ἰωσὴφ
2399 2323 2660 2377 τελευτῶν
2679 2323 2976 2378 ἐνετείλατο
2988 2329 3097 2390 τοῖς
3121 2327 3254 2390 υἱοῖς
3277 2326 3500 2398 Ἰσραὴλ
3517 2344 3588 2379 πε
3594 2329 3648 2399 ρ).
3667 2325 3764 2380 τῶν

2181 2416 2383 2470 ὀστέων
2410 2415 2594 2481 αὑτοῦ,
2625 2415 2911 2486 ἐξαγαγεῖν
2935 2417 3072 2470 αὐτὰ
3103 2419 3167 2472 ὲκ
3211 2417 3310 2488 τῆς
3351 2417 3657 2488 Αἰγύπτου,
3687 2419 3763 2472 ἵνα

2185 2509 2259 2580 μὴ
2287 2508 2510 2579 μέλλουν
2539 2507 2663 2580 (sic)
2686 2511 2736 2563 οί
2764 2509 3048 2578 Αἰγύπτιοι
3071 2509 3146 2574 ῶς
3170 2509 3302 2563 Θεὸν
3329 2510 3472 2564 αὐτὰ
3503 2511 3760 2564 σέϐεσθαι.

2183 2600 2370 2654 Πίστει
2419 2599 2592 2654 Ῥαὰό
2629 2601 2690 2654 οὐ
2721 2599 3064 2654 συναπώλετο
3081 2602 3148 2671 τῇ
3179 2599 3330 2654 πόλει
3357 2601 3594 2672 Ἰεριχὼ,
3622 2601 3762 2664 δεξαο

2187 2693 2322 2765 μένη
2372 2694 2488 2764 μετ’
2526 2694 2752 2766 εἰρήνης
2793 2695 2920 2758 τοὺς
2967 2693 3369 2756 κατασκόπους.
3406 2693 3598 2748 Πίστει
3643 2696 3760 2748 Μωο

2187 2787 2288 2858 σῆς
2311 2787 2534 2859 ἐποίησε
2567 2787 2626 2840 τὸ
2665 2789 2858 2859 Πάσχα
2901 2789 2993 2842 καί
3023 2788 3123 2858 τὴν
3151 2787 3450 2858 πρόσχυσιν
3485 2787 3583 2842 τοῦ
3610 2789 3761 2858 αἷμα-

2186 2871 2297 2940 τος,
2334 2877 2468 2948 πρὸς
2503 2877 2564 2930 τδ
2606 2878 2700 2932 καὶ
2728 2879 2873 2949 ἡμᾶς
2913 2877 3092 2930 πίστει
3121 2877 3388 2932 ἐπιτελεῖν
3414 2878 3478 2932 τὸ
3512 2881 3762 2948 σωτήριον

2187 2967 2412 3038 Πάσχα,
2463 2968 2557 3021 καὶ
2591 2969 2665 3040 μὴ
2709 2971 2767 3023 ὲν
2799 2969 3082 3042 ὑποκρίσει
3122 2969 3170 3042 (ι
3215 2970 3330 3023 Πᾶν
3356 2971 3469 3043 γὰρ
3507 2971 3572 3024 τὸ
3607 2971 3678 3042 μὴ
3706 2973 3762 3024 ὲκ

521 3067 691 3120 maris
719 3063 888 3120 Rubri
920 3068 1107 3137 pelago
1135 3067 1535 3136 submergatur.
1560 3064 1672 3120 Nos
1693 3073 1874 3122 autem
1911 3082 2084 3122 novus

2190 3053 2424 3118 πίστεως
2471 3056 2758 3127 γενόμενον
2819 3058 3061 3131 ἁμαρτία
3117 3059 3234 3112 ἐστί
3267 3059 3354 3132 ›)·
3402 3061 3658 3132 χρίοντας
3697 3059 3765 3132 τῷ

519 3155 688 3209 lsrael
725 3170 849 3210 cum
879 3155 1026 3212 Mose
1045 3169 1330 3211 cantemus
1353 3155 1598 3211 victoriae
1625 3156 1922 3212 canticum.
1955 3157 2084 3213 Fide

2189 3147 2380 3218 αἵματι
2419 3147 2517 3201 οὐκ
2563 3149 2655 3203 ἐπὶ
2688 3149 2796 3204 τῶν
2835 3151 2928 3205 δύο
2969 3151 3223 3223 σταθμῶν
3261 3151 3372 3205 τῶν
3404 3151 3613 3224 θυρῶν,
3642 3151 3765 3206 ἀλλά

521 3248 802 3319 propheta:
830 3249 1078 3304 vicerunt
1110 3263 1300 3318 regna,
1331 3247 1510 3320 adepti
1539 3257 1668 3304 sunt
1703 3249 2088 3320 repromissio-

521 3355 642 3400 nes.
672 3339 1068 3394 obturaveruut
1107 3353 1203 3393 ora
1228 3340 1470 3404 leonum,
1502 3339 1723 3410 sapiens
1752 3340 1964 3396 scilicet
1995 3340 2088 3396 ille

522 3428 712 3484 Daniel
738 3449 752 3484 :
777 3430 1160 3486 exstinxerunt
1188 3430 1450 3500 impetum
1492 3429 1658 3502 ignis,
1690 3440 1804 3487 tres
1835 3431 2089 3488 videlicet

521 3523 699 3593 pueri,
729 3522 821 3594 qui
853 3522 1124 3578 ﬂammam
1158 3522 1300 3594 ignis
1338 3539 1463 3580 rore
1490 3524 1758 3579 mitiorem
1803 3526 2088 3595 proculca-

520 3623 674 3670 runt.
698 3616 802 3670 Alii
820 3623 1000 3670 autem
1021 3615 1246 3672 distenti
1267 3624 1414 3681 sunt,
1438 3625 1678 3672 rotarum
1698 3617 1892 3672 axibus
1913 3632 2088 3672 mem-

521 3707 722 3764 bratim
775 3709 1068 3780 exagitati,
1124 3725 1236 3765 non
1289 3709 1530 3765 admissa
1572 3711 1787 3779 tyranni
1829 3709 2087 3766 Antiochi

523 3799 902 3880 adhortatione
924 3803 1038 3866 illa,
1072 3821 1090 3854 ι
1113 3798 1428 3858 Sacriﬁcate
1447 3810 1502 3857 et
1524 3810 1698 3858 estote
1719 3802 1879 3857 amici
1903 3803 2033 3868 mei,
2061 3821 2083 3856 ι

523 3899 586 3945 ιιι
619 3891 898 3946 meliorem
932 3892 1239 3948 invenirent
1269 3893 1752 3948 resurrectionem.
1786 3891 2088 3964 Lapidatus

524 3987 610 4036 cst
633 3981 724 4036 ille
751 3997 808 4036 re
835 3989 996 4052 atque
1019 3984 1240 4038 nomine
1271 3980 1582 4052 Stephanus
1608 3981 1684 4055 (id
1707 3991 1811 4051 est,
1833 3984 2086 4056 corona),

525 4071 684 4141 cujus
695 4071 862 4141 capiti
879 4073 1577 4146 coronajustitiaaimposita
1589 4073 1709 4128 fuit.
1727 4073 1889 4131 Serra
1907 4083 2090 4132 sectus

528 4161 631 4215 fuit
662 4160 852 4227 Isaias,
897 4178 1082 4218 verum
1122 4165 1428 4220 celebratur
1477 4165 1534 4220 in
1568 4173 1854 4221 aeternum.
1897 4165 2090 4224 Gladio

2190 3235 2585 3308 σφραγίζοντας
2609 3237 2912 3313 ψυχὴν’καὶ
2955 3241 3140 3313 σῶμα·
3173 3243 3259 3294 ἵνα
3291 3241 3540 3314 ὁΦαραὼ
3575 3245 3672 3298 σὺν
3696 3241 3764 3313 τῷ

2186 3329 2413 3402 διαϐόλῳ
2457 3332 2856 3405 καταποντισθῇ
2894 3335 2974 3398 είς
3003 3333 3064 3388 τὺ
3097 3334 3334 3404 πέλαγος
3358 3335 3462 3406 τῆς
3509 3334 3764 3406 Ἐρυθρᾶς

2189 3408 2481 3492 θαλάσσης.
2522 3423 2712 3494 Ἡμεῖς
2754 3425 2812 3478 δὲ
2852 3427 2882 3479 6
2920 3425 3040 3490 νέος
3070 3426 3287 3498 Ἰσραὴλ
3346 3425 3486 3497 μετὰ
3536 3425 3763 3488 Μωσέως

2187 3513 2402 3586 ᾄδωμεν
2428 3514 2526 3587 τὴν
2561 3516 2826 3571 ἐπινίκιον
2853 3516 3017 3588 ᾠδήν.
3049 3518 3234 3572 Πίστει
3267 3520 3318 3571 οἱ
3352 3519 3630 3591 προφῆται
3652 3533 3764 3572 κατ·

2188 3606 2522 3676 ηγωνίσαντο
2561 3605 2858 3678 βασιλείας,
2887 3609 3145 3680 ἐπέτυχον
3188 3609 3533 3679 ἐπαγγελιῶν
3556 3649 3574 3676 ,
3613 3610 3764 3681 ἐφρα-

2189 3699 2288 3765 ξαν
2315 3699 2560 3770 στόματα
2586 3698 2834 3762 λεόντων,
2860 3699 3100 3770 δηλονότι
3123 3702 3152 3754 ὁ
3182 3701 3344 3770 σοφὸς
3373 3701 3608 3772 Δανιὴλ·
3633 3699 3763 3754 ἐσϐε-
3855 3739 3858 3742 .

2190 3808 2288 3846 σαν
2315 3791 2541 3864 δύναμιν
2581 3793 2771 3865 πυρὸς,
2821 3794 2870 3847 ol
2911 3798 3061 3866 τρεῖς
3103 3795 3292 3858 παῖδες
3332 3795 3558 3868 δηλαδὴ,
3603 3795 3763 3864 πατή-

2193 3900 2382 3949 σαντες
2412 3885 2512 3955 τὴν
2559 3883 2732 3954 φλόγα
2775 3883 2870 3938 τοῦ
2903 3887 3074 3958 πυρὸς
3119 3885 3310 3957 δρόσου
3359 3887 3759 3958 μαλακωτέραν.

2195 3977 2411 4048 Ἕτεροι
2458 3975 2515 4029 δὲ
2562 3975 3039 4049 ἐτυμπανίσθησαν
3088 3977 3217 4049 περὶ
3262 3977 3392 4042 τοὺς
3433 3977 3632 4044 ἄξονας
3663 3977 3761 4031 τῶν

2191 4067 2401 4139 τροχῶν
2435 4067 2659 4139 μεληδὸν
2691 4067 3056 4140 κλονούμενοι,
3087 4069 3163 4141 μὴ
3209 4067 3650 4142 παραδεξάμενοι
3677 4068 3760 4122 τοῦ

2190 4163 2454 4234 τυράννου
2500 4161 2771 4233 ⁹Δντιόχου
2813 4159 2912 4232 τὴν
2971 4160 3316 4234 παράκλησιν
3337 4201 3352 4225 ,
3405 4162 3489 4214 ὅτι
3520 4179 3542 4214 ι
3577 4161 3761 4216 θύσατε

529 4253 658 4308 caesi
689 4255 889 4308 mortui
915 4261 1044 4308 sunt
1069 4252 1308 4310 Joannes
1347 4263 1402 4311 et
1428 4255 1668 4311 Iacobus
1697 4275 1710 4312 :
1737 4259 1955 4314 occisus
1991 4257 2084 4314 fuit

2193 4253 2288 4306 καὶ
2317 4253 2532 4323 γίνεσθὲ
2563 4269 2663 4324 μου
2693 4251 2856 4322 φίλοι,
2888 4270 2907 4304 ι
2946 4251 3034 4304 ῖνα
3085 4251 3390 4323 κρείττονος
3425 4251 3761 4311 ἀναστάσεως

533 4339 830 4398 Zacharias
853 4361 868 4398 :
890 4343 1229 4398 circuierunt
1249 4345 1304 4399 in
1325 4346 1561 4412 melotis,
1579 4345 1751 4403 Isaias
1765 4355 1820 4404 et
1841 4348 2090 4416 Elismus,

2194 4343 2446 4414 τύχωσιν.
2487 4341 2772 4413 Ἐλιθάσθη
2823 4342 2852 4394 6
2889 4340 3209 4413 φερώνυμος
3234 4340 3528 4411 Στέφανος,
3563 4339 3761 4414 περιθέ·

530 4438 586 4487 ct
631 4432 686 4486 in
726 4431 958 4502 pellibus
993 4432 1268 4502 caprinis,
1295 4433 1462 4504 389
1497 4443 1740 4504 egentes,
1773 4438 2084 4507 angustiati,

2198 4455 2358 4509 μενος
2401 4439 2512 4501 τοῖς
2559 4435 2850 4508 κροτάφοις
2901 4435 2964 4488 τὸ
3022 4436 3212 4505 στέφος
3261 4435 3361 4506 τῆς
3405 4434 3759 4506 δικαιοσύνης.

529 4521 716 4578 alliicti
756 4523 826 4577 ab
881 4523 1290 4594 insipientibus,
1326 4534 1610 4580 manentes
1648 4525 1701 4581 in
1738 4531 2014 4599 speluncis
2040 4543 2095 4588 et

529 4615 780 4672 cavernis
809 4623 991 4682 terrae,
1022 4616 1225 4686 quibus
1257 4615 1458 4687 dignus
1485 4631 1595 4670 non
1639 4627 1755 4673 erat
1800 4623 2092 4682 universus

527 4709 786 4764 mundus.
813 4707 919 4779 lpsi
955 4709 1101 4764 enim
1132 4709 1283 4781 digni
1312 4717 1487 4775 erant,
1520 4718 1704 4780 utpote
1746 4714 1984 4786 religiosi
2027 4733 2092 4775 ac

527 4819 603 4873 pu
635 4819 756 4858 viri.

2214 4529 2472 4602 Ἐπρίσθη
2507 4529 2754 4592 Ἡσαΐας,
2782 4526 2893 4582 ἀλλ’
2926 4527 3326 4598 ὲγκωμιάζεται
3357 4529 3438 4590 είς
3461 4527 3556 4581 τὸν
3581 4526 3758 4581 αἰῶνα.

2212 4623 2502 4678 Ἀπέθανον
2531 4626 2589 4676 ὲν
2617 4621 2910 4693 μαχαίραις
2933 4621 3186 4692 Ἰωάννης
3213 4621 3306 4674 καὶ
3335 4620 3594 4685 Ἰάκωϐος
3611 4637 3625 4651 ·
3657 4621 3762 4688 ἐφο-

2199 4715 2360 4786 νεύθη
2391 4715 2662 4788 Ζαχαρίας
2681 4731 2694 4744 ⁸
2724 4713 3014 4784 περιῆλθον
3064 4715 3122 4766 ὲν
3159 4713 3432 4784 μηλωταῖς
3469 4713 3653 4778 Ἠλίας
3678 4709 3760 4766 καὶ

2211 4809 2524 4871 Ἐλισσαῖος,
2546 4807 2638 4860 καὶ
2676 4807 2732 4859 ἐν
2757 4807 2986 4874 αἰγείοις
3029 4805 3292 4878 δέρμασιν
3311 4844 3326 4868 ,
3365 4807 3756 4879 ὑστερούμενοι,

528 4896 950 4968 κακουχούμενοι
989 4895 1094 4951 ύπδ
1147 4897 1454 4969 ἀσυνέτων,
1484 4899 1732 4970 μένοντες
1759 4901 1870 4973 (45)
1915 4905 1974 4957 ὲν
2017 4905 2322 4979 σπηλαίοις,
2365 4905 2458 4959 καὶ
2505 4905 2563 4957 ὲν
2607 4905 2728 4968 ταῖς
2773 4902 2934 4966 ὀπαῖς
2976 4903 3078 4974 τῆς
3103 4903 3224 4974 γῆς,
3255 4897 3330 4955 ῶν
3359 4902 3462 4956 οὐκ
3493 4897 3562 4976 ἦν
3593 4901 3756 4966 ὅλοςό

528 4992 731 5064 κόσμος
758 4993 925 5058 ἄξιος.
955 4994 1120 5048 Αὐτοὶ
1163 4993 1272 5069 γὰρ
1303 4993 1440 5060 ἄξιοι
1479 4991 1640 5067 ἦσαν,
1675 4997 1750 5062 ὡς
1801 4999 2066 5071 θεοφιλεῖς
2094 5005 2190 5058 καὶ
2223 5001 2498 5074 φιλάρετοι
2533 4999 2747 5072 ἄνδρες.

597 5080 652 5135 2.
687 5084 776 5136 Ait
811 5097 976 5152 porro
1026 5081 1191 5137 David
1245 5085 1360 5156 lyra
1408 5085 1737 5156 Spiritualis,
1793 5092 1870 5144 uti
1922 5091 2086 5147 modo

531 5172 836 5229 audivimus
903 5189 970 5228 ex
1034 5175 1244 5246 psalmo
1299 5191 1460 5246 quem
1521 5179 1842 5236 succinuere
1891 5183 2093 5240 nobis:

537 5282 556 5314 ι
583 5262 794 5332 Judica,
826 5265 1089 5331 Domine,
1133 5279 1392 5325 nocentes
1445 5285 1533 5324 me
1569 5288 1582 5325 :
1617 5287 1866 5344 expugna
1921 5275 2098 5344 impu-

534 5365 761 5426 gnautes
789 5373 874 5414 me
900 5359 968 5414 ".
1008 5378 1028 5411 ι
1061 5357 1260 5416 Verum
1303 5360 1451 5418 Deus
1482 5360 1536 5416 id
1576 5362 1800 5421 minime
1829 5374 2097 5438 praestans

604 5511 651 5544 ⁸³
693 5510 854 5568 llebr.
881 5529 958 5570 ιι.
993 5513 1040 5546 ⁸⁸
1064 5513 1222 5570 Rom.
1258 5531 1351 5572 ειν
1373 5557 1388 5582 ,
1419 5515 1512 5571 2'5.
1587 5516 1632 5550 ⁸⁷
1677 5515 1821 5574 Psal.
1861 5534 2046 5582 xxxrv.
2081 5518 2139 5571 1ο

607 5665 716 5748 με)
744 5671 823 5726 Ita
864 5671 996 5744 Reg.
1043 5671 1186 5730 Editi
1233 5688 1384 5740 vero,
1434 5675 1534 5744 τῆς
1588 5671 1783 5740 ῥάϐδου
1831 5671 1924 5728 τοῦ
1983 5670 2100 5726 υἱοῦ

539 5737 721 5793 αὐτοῦ.

2261 5095 2315 5149 2.
2364 5093 2525 5160 Λέγει
2561 5091 2618 5144 δὲ
2647 5091 2740 5145 καί
2765 5090 2928 5146 Δαϐὶδ
2953 5092 2986 5163 ἡ
3017 5090 3359 5162 πνευματικὴ
3389 5091 3553 5163 λύρα,
3588 5087 3758 5152 καθὼς

2195 5183 2395 5257 ἀρτίως
2415 5180 2726 5252 ἠκούσαμεν
2755 5181 2843 5235 διὰ
2863 5181 2956 5235 τοῦ
2987 5179 3430 5251 ύποφωνηθέντος
3451 5183 3581 5254 ἡμῖν
3597 5181 3759 5253 ᾅσμα-

2195 5293 2315 5342 τοςο
2360 5295 2378 5327 ι
2408 5275 2658 5336 Δίκασον,
2695 5275 2902 5345 Κύριε,
2948 5275 3074 5338 τοὺς
3117 5271 3436 5337 ἀδικοῦντάς
3481 5289 3581 5344 με·
3615 5268 3758 5324 πολέ-

2203 5382 2372 5438 μησον
2397 5365 2523 5429 τοὺς
2546 5363 2914 5436 πολεμοῦντας
2933 5380 3020 5436 με.
3045 5381 3066 5416 ι
3099 5363 3212 5419 Οὐκ
3247 5363 3521 5434 ὲκφαίνων
3545 5361 3710 5418 ταῦτα
3731 5355 3756 5407 6

2279 5673 2389 5747 (65)
2427 5673 2504 5731 lta
2527 5673 2658 5748 Reg.
2690 5676 2831 5733 Editi
2864 5691 3014 5742 vero,
3055 5677 3152 5750 μὲν
3178 5676 3346 5738 ὄντες.
