4022 6382
274 396 409 452 1065

1181 394 1465 450 HOMILIA
1499 393 1567 449 IN
1606 393 1707 452 SS.
1746 395 2017 451 PATRES
2053 395 2142 451 ET
2180 395 2609 454 PROPHETAS.

3347 399 3485 455 £066

269 511 400 575 Θεὸς
431 511 581 581 λέγει
609 511 747 583 πρὸς
770 511 965 564 αὐτόν·
1000 510 1206 575 Θέλεις,
1246 514 1274 565 ὀ
1313 511 1497 579 Δασὶδ,
1531 512 1820 566 καταπολε-

1934 512 2008 566 ait
2035 512 2151 568 illi:
2184 510 2304 567 Vin‘
2334 522 2414 577 ιιι,
2440 530 2475 569 o
2501 512 2696 577 David,
2726 513 3019 584 expugnari
3050 512 3301 568 inimicos
3327 515 3492 570 tuos?

272 603 512 676 μηθῆναι
535 604 661 668 τοὺς
685 602 1065 677 ὲχθραίνοντάς
1102 621 1217 671 σοι;
1279 605 1337 657 Ὀ
1372 604 1431 658 δὲ
1471 603 1633 657 Δαὸίδ
1655 620 1668 633 ·
1708 604 1836 667 Ναὶ,

268 694 463 768 Κύριε,
490 697 585 750 καὶ⁵
615 695 754 751 πάνυ
800 697 996 761 αὐτοὺς
1031 696 1169 750 θέλω
1206 695 1741 767 καταπολεμηθῆναι.
1781 695 1841 749 '0

267 789 325 843 δὲ
354 790 667 860 Μονογενής
686 807 700 820 ’
732 789 841 843 Καὶ
873 790 968 843 ὲάν
1018 791 1189 844 ταῦτα
1237 780 1542 843 ὑποστῶσιν
1571 790 1619 840 οξ
1656 787 1838 859 ἐχθροί

270 895 387 943 σου,
426 878 531 932 ποῦ
564 896 658 932 σου
696 879 757 933 τὸ
797 880 1203 950 ἀμνησίκακονς
1236 880 1362 944 Πῶς
1387 880 1446 933 δὲ
1477 880 1571 933 καὶ
1615 879 1838 933 δύνασαι

265 969 492 1039 ψάλλειν
550 970 860 1040 ἀληθεύωνο
902 990 921 1022 ι
968 970 1176 1042 Κύριε,
1220 971 1270 1023 εί
1319 969 1675 1025 ἀνταπέδωκα
1726 972 1839 1032 τοῖς

265 1062 675 1117 ἀνταποδιδοῦσί
718 1080 808 1134 μοι
856 1064 1022 1128 κακά,
1053 1062 1384 1134 ἀποπέσοιμι
1431 1062 1538 1133 ἄρα
1564 1063 1673 1116 ἀπὸ
1728 1062 1837 1116 τῶν

265 1154 476 1227 ἐχθρῶν
522 1172 624 1227 μου
666 1155 854 1220 κενός;
910 1174 931 1207 ι
1001 1156 1059 1208 '0
1085 1155 1141 1208 δὲ
1182 1154 1362 1208 Δαϐίδ·
1394 1155 1522 1220 Ναὶ,
1572 1154 1835 1218 Δέσποτα,

263 1246 346 1300 ὅτι
396 1245 540 1300 οὕτω
583 1246 768 1316 ψάλλω
822 1246 1026 1317 ἀληθῆο,
1083 1245 1198 1300 ἀλλ’
1239 1246 1334 1300 ἐὰν
1380 1247 1443 1299 σὺ
1501 1246 1699 1310 αὐτοὺς
1740 1262 1838 1299 πο-

265 1337 541 1411 λεμήσῃς,
577 1337 716 1390 ’καὶ
757 1336 843 1391 διὰ
899 1336 1158 1409 τάιπαρά
1213 1335 1306 1389 σοῦ
1352 1337 1613 1407 γινόμενα
1661 1334 1839 1389 πάντα

262 1429 516 1499 ἄγνωστα
550 1431 643 1483 καὶ
676 1428 1034 1499 ἀκατάληπτα
1066 1430 1317 1500 ὑπάρχει.
1354 1427 1509 1481 Οὖτω
1539 1426 1597 1482 δέ
1631 1444 1721 1497 μοι
1745 1428 1837 1481 καὶ

263 1520 539 1574 ὲνετείλω·
565 1521 656 1592 Μὴ
698 1521 886 1574 ἑαυτὸν
917 1521 1204 1593 ἐκδικήσῃς
1223 1537 1237 1549 '
1280 1538 1299 1571 ι
1355 1521 1507 1591 Ἐμοὶ¹
1539 1520 1833 1590 ἐκδίκησις,

262 1609 372 1680 ἐγὼ
412 1609 777 1664 ἀνταποδώσω
826 1612 1026 1675 αὐτοῖς.
1074 1630 1094 1661 ι
1133 1612 1191 1663 ὐ
1240 1610 1297 1663 δὲ
1338 1612 1674 1683 Μονογενής’
1726 1610 1836 1663 Καὶ

262 1703 378 1766 πῶς
418 1701 526 1774 χρὴ
583 1701 950 1773 πολεμηθῆναι
1005 1703 1129 1765 τοὺς
1169 1700 1549 1772 ὲχθραίνοντάς
1588 1717 1676 1767 σε;
1712 1701 1835 1769 λέγε

260 1796 354 1849 καὶ
394 1793 739 1865 φανεροποίει
780 1794 874 1865 τὴν
901 1794 1097 1847 αἰτίαν.
1132 1794 1191 1846 ὐ
1229 1792 1286 1845 δὲ
1319 1792 1511 1845 Δαὸίδ·
1542 1793 1617 1845 Οὐ
1647 1792 1834 1863 χρείαν

259 1885 433 1955 ἔχεις,
460 1884 726 1950 Δέσποτα,
779 1886 1099 1957 ἐρωτήσεως
1129 1884 1163 1955 ἢ
1203 1885 1576 1956 ὑπομνήσεως,
1599 1883 1673 1937 ὢν
1704 1901 1835 1954 προ-

259 1977 508 2048 γνώστης
563 1978 658 2030 καὶ
696 1977 938 2030 εἰδαίνων
980 1978 1047 2030 τά
1095 1975 1473 2048 προγνώσεως,
1534 1977 1625 2029 καὶ
1674 1977 1832 2039 ποίας

1924 603 2025 658 Cui
2058 602 2227 659 David
2253 623 2266 658 :
2296 604 2494 668 Etiam,
2530 604 2775 669 Domine,
2806 613 2860 659 et
2883 603 3173 661 admodum
3205 604 3363 672 cupio
3394 620 3490 658 ex-

1923 697 2175 766 pugnari.
2200 696 2431 766 Reponit
2466 695 2787 768 Unigenitus
2846 715 2860 750 :
2925 695 2982 750 Si
3030 696 3143 750 haec
3181 697 3383 750 inimicn
3409 698 3489 751 tui

1925 788 2177 852 subeant,
2211 789 2432 842 ubinam
2483 789 2575 843 illa
2623 797 2717 842 tua
2760 789 3089 859 'injuriarum
3122 789 3356 843 oblivio?
3383 789 3487 856 Qui

1923 888 2080 951 potes
2103 897 2226 935 cum
2260 884 2486 937 veritate
2526 883 2796 953 psallere:
2832 902 2852 935 ι
2887 881 3144 949 Domine,
3190 884 3235 937 si
3276 881 3486 937 reddidi

1926 973 2356 1029 retribuentibus
2383 975 2516 1028 mihi
2539 976 2701 1040 mala,
2723 974 2966 1030 decidam
2995 977 3188 1029 merito
3209 975 3275 1028 ab
3308 974 3484 1028 inimi-

1925 1060 2007 1117 cis
2031 1063 2166 1117 mcis
2190 1062 2369 1117 inanis
2386 1062 2466 1115 “?
2499 1082 2518 1113 ι
2552 1060 2692 1117 Tum
2709 1062 2877 1117 David
2902 1082 2915 1117 :
2948 1062 3080 1128 lmo,
3104 1064 3348 1127 Domine,
3373 1063 3485 1117 haec

1921 1168 2049 1209 vere
2100 1154 2311 1224 psalle.
2375 1154 2469 1209 sed
2538 1154 2699 1209 modo
2762 1163 2821 1209 tu
2890 1155 3010 1210 illos
3059 1158 3483 1225 expugnaveris;

1923 1243 2052 1314 quia
2076 1251 2227 1314 gesta
2255 1251 2345 1297 tua
2377 1244 2630 1298 universa
2652 1244 2835 1313 ignota
2873 1252 2928 1297 et
2959 1244 3481 1314 incomprehensibi-

1921 1333 1995 1387 lia
2030 1339 2188 1400 sunt;
2218 1332 2293 1386 ita
2316 1333 2514 1403 quippe
2543 1332 2680 1384 mihi
2710 1334 3014 1404 praecepisti
3041 1354 3054 1389 :
3087 1332 3163 1389 Ne
3203 1338 3483 1409 temetipse

1920 1423 2229 1478 vindicato:
2267 1443 2285 1475 ‹
2308 1421 2437 1476 Mihi
2465 1422 2722 1487 vindicta,
2750 1438 2850 1492 ego
2875 1424 3165 1479 retribuam
3183 1425 3263 1480 eis
3285 1426 3350 1480 ⁸⁸.
3375 1447 3392 1478 ι
3413 1428 3484 1480 At

1922 1511 2285 1584 Unigcnitus:
2346 1512 2529 1583 Ecqua
2592 1515 2801 1568 ratione
2869 1526 3206 1585 expugnatos
3270 1524 3484 1587 oportet

1922 1603 2175 1658 inimicos
2221 1602 2387 1658 tuos?
2443 1617 2663 1656 causam
2697 1601 2861 1656 dicito
2913 1618 2977 1658 ac
3008 1602 3302 1660 declarato.
3343 1604 3479 1658 Tum

1922 1691 2091 1749 David
2117 1712 2132 1748 :
2161 1693 2277 1748 Non
2304 1701 2388 1750 est
2416 1693 2517 1748 tibi
2546 1709 2704 1764 opus,
2734 1709 2768 1747 o
2789 1692 3035 1760 Domine,
3057 1696 3483 1766 interrogatione

1919 1791 2015 1837 aut
2042 1782 2436 1848 admonitione,
2466 1799 2591 1837 cum
2643 1784 2942 1853 prawideas
2994 1794 3048 1840 et
3094 1801 3393 1858 cognoscas
3419 1805 3480 1842 ea

1919 1891 2040 1946 qua:
2070 1877 2448 1947 praevisionem
2480 1885 2729 1946 spectant
2758 1916 2773 1942 ,
2826 1890 2879 1932 et
2923 1893 3161 1948 quonam
3202 1880 3482 1950 proposito

1922 1969 2137 2025 futurus
2183 1981 2265 2027 est
2293 1971 2385 2041 qui
2414 1970 2728 2026 nasciturus
2774 1981 2858 2025 est
2907 1971 3089 2026 homo.
3126 1969 3309 2044 Neque
3334 1983 3394 2028 tu
3422 1990 3481 2029 es

259 2070 632 2140 προαιρέσεως
661 2068 772 2139 ἔχει
809 2067 1058 2137 γενέσθαι
1107 2069 1136 2120 ὁ
1175 2067 1379 2139 μέλλων
1412 2066 1685 2120 τίκτεσθαι
1733 2068 1817 2121 ἄν-

1928 2070 1986 2117 ut
2020 2064 2215 2134 aliquis
2266 2077 2335 2118 ex
2380 2063 2714 2132 principibus
2777 2061 2869 2131 qui
2932 2062 3078 2133 leges
3127 2063 3371 2133 ignoret,
3428 2074 3481 2117 ct

257 2159 494 2231 θρωπος.
542 2158 674 2212 Οὐδὲ
731 2158 1029 2228 ὑπάρχεις,
1084 2158 1159 2221 ὡς
1215 2155 1296 2222 εἷς
1343 2157 1453 2211 τῶν
1507 2158 1817 2228 ἀρχόντων,

255 2245 463 2313 ἀγνοῶν
485 2245 612 2309 τοὺς
639 2245 862 2315 νόμους,
886 2244 1153 2316 ῆχρῄζων
1188 2247 1483 2318 συνηγόρου
1514 2245 1546 2317 ἢ
1578 2244 1818 2314 συγκαθ-

256 2337 430 2409 έδρου,
442 2336 491 2390 οἳ
509 2337 643 2408 πρὸς
656 2336 712 2389 ἓν
728 2336 861 2410 (45⁸)
875 2338 1097 2391 ἕκαστον
1109 2336 1395 2405 κεφάλαιον
1410 2337 1815 2406 ἀποφαίνοντες,

255 2428 325 2481 Σὺ
345 2427 457 2500 γάρ
488 2423 542 2482 εἷ
579 2428 863 2500 σύνθρονος
907 2428 1001 2482 τοῦ
1045 2428 1278 2499 Πατρὸς,
1322 2428 1429 2481 τῶν
1464 2429 1642 2500 νόμων
1671 2430 1819 2498 εὐρε-

254 2520 370 2591 τὴς,
398 2520 511 2574 τῶν
544 2519 723 2590 σοφῶν
749 2521 1058 2593 διορθωτὴς,
1085 2523 1180 2592 τῆς
1198 2521 1542 2591 δικαιοσύνης
1562 2522 1815 2593 χορηγὸς,

255 2610 360 2664 τῶν
406 2613 896 2683 καταπονουμένων
938 2612 1363 2683 ὑπερασπιστὴς,
1404 2612 1511 2665 τῶν
1551 2629 1817 2684 συκοφαν-

250 2705 530 2775 τουμένων
569 2704 798 2768 ἔκδικος.
828 2705 938 2777 Τὴν
976 2705 1085 2777 γάρ
1121 2705 1424 2758 Σουσάνναν
1474 2721 1815 2776 συκοφαντη-

253 2795 436 2850 θεῖσαν
458 2796 565 2849 ὑπὸ
590 2796 696 2849 τῶν
718 2797 1025 2851 ἀκολάστων
1050 2799 1317 2869 γερόντων
1341 2798 1556 2870 ὲρῥύσω
1584 2799 1692 2851 ἀπὸ
1718 2797 1813 2852 τοῦ

250 2886 540 2941 θανατικοῦ
580 2889 944 2959 ψηφίσματος,
997 2889 1323 2951 ἀποστείλας
1371 2892 1451 2952 είς
1508 2890 1813 2956 δικολογίαν

249 2978 338 3033 τὸν
369 2979 533 3047 σοφὸν
568 2979 661 3032 καὶ
693 2979 996 3050 άνάργυρον
1039 2980 1239 3049 ῥήτορα
1282 2978 1499 3050 Δανιήλ.
1546 2980 1699 3034 Ἐπεὶ
1720 2976 1813 3034 οὖν

248 3072 465 3122 πάντων
489 3068 636 3139 ἔχεις
654 3069 875 3138 γνῶσιν,
895 3070 990 3123 καὶ
1013 3069 1318 3134 ἐπίστασαι,
1346 3071 1461 3134 πῶς
1489 3071 1593 3142 χρὴ
1617 3073 1813 3136 αὐτοὺς

248 3161 655 3233 πολεμηθῆναι·
690 3163 739 3215 εί
770 3163 828 3216 δὲ
858 3162 1171 3233 ἐπιτρέπεις
1201 3180 1311 3233 μοι,
1337 3163 1507 3232 λέγω’
1558 3166 1675 3235 εἰμὶ
1703 3164 1812 3236 γὰρ

245 3251 428 3317 δοῦλος
476 3253 578 3324 τῆς
620 3252 721 3323 σῆς
765 3252 1191 3325 φιλανθρωπίας,
1240 3253 1525 3308 καὶτοῦτο
1573 3256 1808 3325 ἀχρεῖος,

247 3345 339 3396 καὶ
378 3346 443 3397 οὐ
481 3345 718 3415 δύναμαι
755 3344 1079 3416 ἀντιπρᾶξαι
1115 3351 1181 3418 τῇ
1228 3347 1473 3401 κελεύσει
1507 3364 1619 3400 σου.
1663 3348 1722 3400 '0
1753 3347 1810 3399 δὲ

1922 2160 2076 2226 egeat
2096 2153 2409 2209 consiliario
2437 2165 2530 2207 aut
2565 2167 2864 2212 assessore.
2909 2156 3002 2223 qui
3050 2152 3117 2207 ad
3151 2155 3362 2226 singula
3390 2172 3480 2209 ca-

1924 2246 2036 2315 pita
2059 2246 2377 2301 sententiam
2413 2245 2615 2300 dicant.
2652 2242 2731 2299 Tu
2763 2259 2999 2316 namque
3041 2245 3289 2300 eumdem
3319 2264 3477 2316 quem

1923 2336 2082 2392 Pater
2104 2337 2358 2392 thronum
2382 2337 2616 2400 obtines,
2635 2353 2801 2407 esque
2822 2337 2998 2407 legum
3027 2346 3238 2402 auctor,
3264 2339 3478 2407 sapien-

1921 2429 2057 2485 tium
2086 2436 2382 2493 corrector,
2412 2429 2637 2499 justitiae
2662 2430 2905 2499 largitor,
2937 2430 3256 2484 aﬂlictorum
3288 2431 3478 2485 defen-

1921 2538 2033 2587 sor,
2064 2533 2117 2579 et
2141 2521 2413 2577 calumnia
2456 2535 2838 2592 oppressorum
2893 2520 3110 2575 vindex.
3171 2519 3477 2577 Susannam

1920 2615 2423 2686 quippealascivis
2468 2612 2693 2667 senibus
2754 2612 3157 2677 insimulatam,
3205 2627 3236 2666 a
3283 2612 3478 2681 capitis

1921 2707 2185 2764 sententia
2213 2705 2424 2767 eruisti,
2448 2704 2616 2758 misso
2643 2704 2711 2759 ad
2738 2703 3104 2760 defensionem
3138 2707 3381 2775 sapiente
3414 2720 3478 2760 ac

1918 2801 2147 2872 pecunia
2179 2800 2495 2870 incorrupto
2524 2811 2735 2856 oratore
2768 2796 3008 2853 Daniele.
3041 2797 3306 2865 Quoniam
3344 2813 3476 2867 ergo

1917 2894 2160 2950 omnium
2187 2894 2353 2949 habes
2376 2892 2649 2957 notitiam,
2670 2892 2854 2947 etscis
2884 2906 3101 2961 quoque
3127 2907 3233 2960 qua
3263 2891 3475 2945 ratione

1919 2984 2040 3041 illos
2059 2985 2447 3055 expugnandos
2470 2993 2751 3060 oporteat;
2792 2984 2836 3043 si
2862 2992 3040 3042 tamen
3066 2981 3358 3051 concedas,
3392 2983 3476 3040 di-

1916 3092 2035 3133 cam
2062 3097 2075 3131 :
2111 3094 2301 3142 servus
2320 3080 2519 3151 quippe
2561 3080 2859 3136 clementiae
2886 3088 2991 3134 tuae
3018 3095 3159 3143 sum,
3189 3088 3238 3133 et
3258 3079 3472 3148 quidem

1917 3171 2156 3235 inutilis,
2192 3187 2294 3227 nec
2337 3188 2558 3241 possum
2598 3171 2855 3227 mandato
2885 3186 3189 3241 repugnare
3218 3181 3331 3225 tuo.
3371 3169 3471 3225 Cui

1921 3261 2238 3334 Unigenitus
2265 3282 2278 3317 :
2310 3263 2562 3319 Concedo
2591 3265 2722 3329 tibi,
2767 3265 2855 3319 dic
2903 3265 3107 3333 absque
3146 3274 3382 3318 tremore
3409 3280 3474 3317 ac

1915 3354 2103 3411 libere.
2134 3353 2270 3408 Tum
2309 3354 2509 3409 David:
2541 3375 2560 3407 ι
2608 3355 2964 3426 Apprebende
3000 3371 3149 3410 arma
3172 3367 3226 3411 et
3257 3366 3472 3411 scutum

247 3434 589 3506 Μονογενής·
651 3435 956 3506 Ἐπιτρέπω
995 3452 1096 3501 σοι,
1141 3437 1235 3490 καὶ
1275 3437 1396 3490 εἰπὲ
1432 3436 1687 3508 ἀτρόμως
1721 3437 1813 3489 καὶ

1915 3452 1970 3499 et
2002 3454 2234 3516 exsurge
2285 3446 2340 3498 in
2379 3446 2710 3515 adjutorium
2744 3448 2877 3501 mihi
2915 3450 2981 3501 ὀ.
3015 3466 3034 3500 ›
3067 3445 3148 3501 Ad
3192 3447 3308 3501 haec
3341 3444 3474 3500 Uni-

244 3530 757 3601 ἀνυπεσταλμένως.
799 3531 856 3585 Ὀ
894 3532 952 3586 δὲ
993 3532 1169 3587 Δαὸίδ·
1221 3553 1241 3584 ι
1318 3533 1606 3588 Ἐπιλαῦοῦ
1646 3532 1809 3587 ὅπλου

244 3625 337 3677 καὶ
364 3622 590 3694 θυρεοῦ,
634 3624 727 3677 καὶ
767 3624 1031 3696 ἀνάστηθι
1073 3626 1153 3688 είς
1190 3626 1288 3697 τὴν
1330 3625 1580 3698 βοήθειάν
1627 3642 1749 3694 μου.
1788 3643 1807 3675 ι

252 3716 311 3769 '0
337 3716 395 3770 δὲ
420 3717 762 3788 Μονογενήςδ
799 3717 908 3770 Καὶ
937 3718 1087 3771 ποίου
1112 3718 1277 3772 ὅπλου
1300 3718 1407 3790 ἔχω
1439 3715 1812 3777 ἐπιλαϐέσθαι,

242 3805 277 3877 ἦ
328 3808 484 3862 ποίου
544 3806 771 3879 θυρεοῦ;
824 3809 948 3872 Πῶς
998 3809 1056 3861 δὲ
1094 3808 1201 3880 ἔχω
1249 3809 1359 3880 (46)
1395 3808 1690 3879 ἀναστῆναι
1734 3807 1813 3869 είς

245 3899 494 3971 βοήθειάν
527 3915 656 3963 σονς
702 3898 792 3970 Μὴ
822 3896 930 3972 ἆρα
968 3902 1174 3955 ἐκείνου
1208 3901 1300 3956 τοῦ
1330 3901 1493 3955 ὅπλου
1533 3900 1565 3971 ἢ
1604 3900 1811 3952 ἐκείνου

240 3991 333 4045 τοῦ
381 3990 580 4064 θυρεοῦ
619 3990 728 4061 ἔχω
775 3992 1147 4058 ἐπιλαϐέσθαι,
1207 3993 1265 4046 ὃν
1303 3992 1521 4062 ἀφείλου
1566 3993 1674 4045 ἀπὸ
1715 3994 1810 4047 τοῦ

241 4082 540 4151 ἀλλοφύλου
572 4081 794 4147 Γολιὰθ,
839 4081 897 4134 ὃν
924 4083 1016 4136 καὶ
1042 4083 1313 4148 ἐπάταξας
1343 4084 1436 4135 ἐπὶ
1473 4086 1538 4153 τῇ
1569 4084 1809 4148 κοιλάδι,

240 4174 371 4244 ἐμοῦ
403 4174 774 4244 ὁδηγήσαντος
802 4173 893 4228 τὸν
929 4173 1075 4229 λίθον
1117 4178 1197 4239 είς
1234 4176 1296 4229 τὸ
1330 4177 1668 4246 ἀσημείωτον
1720 4179 1814 4232 καὶ

239 4265 546 4335 ἀφώτιστον
573 4264 738 4318 αὐτοῦ
766 4264 1082 4336 πρόσωπον;
1112 4266 1252 4319 Ἀλλ’
1284 4266 1391 4319 ἴσθι
1420 4265 1577 4319 τοῦτο
1606 4267 1809 4336 σαφῶς,

239 4357 318 4409 ὅτι
341 4356 456 4427 ἐγὼ
472 4356 683 4410 τούτων
708 4355 816 4409 τῶν
845 4356 1023 4410 ὅπλων
1058 4358 1231 4428 πάντη
1255 4359 1351 4413 καὶ
1374 4359 1596 4413 καθόλου
1625 4361 1813 4431 χρείαν

236 4448 335 4501 οὐκ
356 4448 489 4519 ἔχω.
518 4448 646 4501 Ἐὰν
673 4446 730 4500 δὲ
757 4448 847 4500 καὶ¹
872 4446 1054 4517 συσχῶ
1077 4447 1137 4500 τὸ
1164 4448 1397 4519 πνεῦμα,
1424 4448 1651 4519 τελευτᾷ
1664 4451 1812 4502 πᾶσα

239 4540 374 4611 σὰρξ
401 4539 701 4613 κινουμένη
729 4540 821 4593 ἐπὶ
847 4540 945 4611 τῆς
979 4544 1101 4611 γῆς.
1147 4542 1205 4593 Ὀ
1236 4541 1293 4594 δὲ
1324 4542 1485 4595 Δαϐίδ
1504 4560 1516 4573 ο
1554 4539 1682 4596 Οἶδα
1719 4543 1813 4596 καὶ

238 4631 366 4701 ἐγὼ,
406 4631 687 4693 Δέσποτα,
730 4631 812 4684 ὅτι
856 4632 1059 4685 τούτων
1101 4631 1209 4685 τῶν
1251 4634 1429 4687 ὅπλων
1484 4636 1669 4707 χρείαν
1712 4637 1812 4691 οὐκ

237 4723 398 4797 ἔχεις,
426 4725 506 4779 ὢν
545 4725 798 4795 βασιλεὺς
836 4724 1113 4794 κραταιὸς,
1149 4726 1571 4797 παντοδύναμος.
1606 4729 1810 4783 ἀκατα-

1911 3534 2125 3604 genitus
2159 3552 2173 3588 :
2223 3532 2405 3604 Ecqua
2450 3550 2602 3588 arma
2634 3535 2718 3590 vel
2747 3537 2888 3606 quod
2921 3549 3136 3592 scutum
3168 3536 3473 3607 apprehen-

1910 3623 2069 3678 dam?
2117 3623 2396 3690 Quomodo
2427 3641 2715 3696 exsurgam
2748 3629 2806 3683 in
2838 3629 3168 3697 adjutorium
3203 3630 3339 3685 tibi?
3386 3631 3471 3684 An

1910 3726 2061 3766 arma
2093 3714 2185 3767 illa
2206 3752 2221 3776 ,
2252 3714 2451 3770 illudve
2480 3725 2694 3771 scutum
2743 3719 3140 3788 apprehendam
3168 3721 3313 3790 quod
3341 3722 3471 3776 abs-

1910 3802 2080 3858 tulisti
2115 3803 2183 3859 ab
2220 3805 2518 3876 alienigena
2562 3805 2773 3862 Goliath
2807 3825 2965 3879 quem
2997 3827 3051 3863 in
3085 3811 3221 3865 valle
3249 3827 3470 3880 percus-

1910 3895 2054 3962 sisti,
2086 3910 2173 3951 me
2225 3895 2455 3965 lapidem
2506 3896 2561 3950 in
2613 3898 2731 3967 ejus
2765 3898 2955 3954 faciem
2988 3900 3135 3953 omni
3171 3900 3326 3971 signo
3354 3918 3471 3958 oni-

1910 3985 2075 4056 nique
2127 3987 2523 4043 illuminatione
2565 3989 2880 4044 destitutam
2912 3991 3214 4063 dirigente?
3262 3990 3368 4049 Sed
3411 4003 3468 4049 tu

1909 4079 2076 4149 probe
2113 4080 2280 4142 nosti,
2307 4080 2442 4134 nihil
2476 4082 2691 4151 penitus
2728 4082 2860 4137 mihi
2902 4082 3170 4151 ejusmodi
3195 4100 3469 4139 armorum

1909 4185 2031 4226 esse
2054 4185 2210 4241 opus.
2236 4169 2396 4234 Nam,
2423 4172 2470 4227 si
2501 4174 2582 4225 vel
2615 4173 2865 4243 spiritum
2901 4162 3182 4230 cohibeam
3203 4218 3217 4241 ,
3242 4178 3471 4231 moritur

1908 4264 2089 4318 omnis
2121 4278 2249 4318 caro
2278 4278 2398 4334 quae
2440 4273 2690 4320 movetur
2736 4282 2901 4336 super
2937 4278 3159 4323 terram.
3218 4270 3316 4324 Cui
3362 4269 3471 4343 lla-

1909 4353 2000 4407 vid
2026 4371 2040 4408 :
2072 4353 2229 4419 Novi,
2259 4353 2486 4411 Domine
2511 4396 2526 4419 ,
2558 4357 2654 4410 tibi
2709 4373 2983 4412 armorum
3036 4360 3301 4430 ejusmodi
3337 4361 3470 4415 nihil

1909 4459 2032 4500 esse
2059 4460 2197 4515 opus
2216 4486 2232 4508 ,
2262 4461 2355 4500 rex
2382 4463 2504 4500 cum
2536 4449 2612 4503 sis
2642 4448 2818 4511 fortis,
2852 4450 3219 4520 omnipotens,
3250 4452 3470 4523 quicum

1911 4535 2138 4605 pugnari
2171 4544 2425 4606 nequeat,
2456 4552 2780 4606 permanens
2812 4539 2864 4592 in
2889 4551 3173 4595 aeternum.
3203 4540 3306 4595 Sed
3340 4557 3471 4609 rogo

1911 4630 2056 4677 tuam
2104 4625 2583 4695 incomparabilem
2640 4626 2969 4691 bonitatem,
3006 4636 3063 4681 ut
3094 4629 3470 4698 apprehendas

1911 4728 2062 4768 arma
2088 4722 2143 4767 et
2166 4723 2415 4778 scutum,
2464 4716 2518 4770 id
2546 4723 2651 4780 est,
2686 4717 2976 4770 [numnam
3008 4726 3256 4772 naturam
3311 4728 3469 4788 atque

241 4821 501 4890 μάχητος,
553 4816 892 4880 διαιωνίζων.
951 4816 1196 4870 Ἰκετεύω
1236 4816 1292 4869 δὲ
1333 4818 1430 4888 τὴν
1481 4818 1808 4889 ἀσύγκριτον

1915 4803 2252 4872 passionem,
2310 4812 2365 4858 et
2396 4804 2557 4859 tertia
2612 4805 2699 4859 die
2737 4821 3000 4876 cxsurgas
3040 4807 3093 4860 in
3138 4802 3491 4875 adjutorium

236 4911 597 4982 ἀγαθωσύνην
614 4927 707 4963 σου
738 4909 1087 4963 ἐπιλαϐέσθαι
1104 4908 1269 4963 ὅπλου
1290 4911 1383 4963 καὶ
1409 4909 1625 4979 θυρεοῦ,
1655 4926 1808 4964 τουτ-

239 5002 415 5063 έστιν,
478 4998 945 5069 ὲνανθρωπήσεως
986 4998 1081 5052 καὶ
1128 4997 1365 5061 πόιθους⁹
1409 4998 1703 5068 ἀναστῆναι
1748 5000 1807 5053 δέ

241 5112 327 5165 μοι
352 5096 435 5157 εἰς
464 5090 720 5162 βοήθειαν
760 5092 826 5161 τῇ
860 5090 1017 5163 τρίτῃ
1046 5090 1247 5160 ἡμέρᾳ.
1285 5090 1342 5143 '0
1373 5088 1431 5141 δὲ
1455 5090 1764 5161 Μονογενὴς
1790 5108 1804 5121 ο

238 5181 343 5235 Καὶ
370 5182 436 5234 σὺ
463 5179 629 5234 πόθεν
667 5175 814 5242 οἶδας
839 5178 1008 5232 ταῦτα
1031 5179 1098 5232 τὰ
1114 5177 1231 5231 θεῖα
1256 5178 1350 5231 καὶ
1381 5178 1671 5248 ἀπόκρυφα
1706 5198 1808 5250 μυ·

242 5272 452 5341 στήρια,
494 5288 514 5320 ι
543 5270 627 5332 είς
649 5266 686 5322 ἀ
704 5267 1058 5340 ἐπιθυμοῦσιν
1078 5269 1128 5323 oi.
1159 5267 1375 5337 ἄγγελοι
1394 5268 1744 5339 παρακύψαις
1779 5290 1799 5322 ι

252 5361 307 5413 ’0
343 5360 400 5414 δὲ
432 5358 628 5414 Δαϐίδ·
669 5358 896 5412 Ἐλαὸον
934 5358 1113 5413 αὐτῶν
1151 5356 1485 5429 τὴννγνῶσιν
1526 5357 1677 5430 παρά
1708 5358 1802 5412 τοῦ

240 5450 391 5518 ἁγίου
438 5449 795 5521 παρακλήτου
844 5450 1178 5520 Πνεύματος.
1249 5449 1307 5501 ‘0
1345 5447 1403 5501 δὲ
1454 5448 1797 5519 Μονογενήςο

308 5604 353 5637 ⁸⁸
385 5602 535 5659 Psal.
572 5618 684 5666 vn,
718 5599 773 5657 5.
845 5601 890 5634 ⁸⁸
931 5600 1094 5657 Hebr.
1114 5616 1170 5666 κ,
1206 5600 1295 5654 53.
1369 5599 1417 5632 '°
1455 5599 1602 5656 Psal.
1635 5616 1820 5664 xxxw,
1855 5600 1908 5654 2.

307 5738 448 5880 (‘5‘)
488 5737 672 5811 Vulg..
702 5741 819 5793 oi...
852 5739 969 5796 ἕνα.
1006 5740 1163 5795 Eon.

327 5808 418 5880 ιϐ)
456 5808 773 5880 ΒθεηΠότε
803 5810 860 5863 δὲ
886 5810 1010 5880 ἔχω.
1040 5811 1163 5866 Paul

327 5806 436 5881 ιθγ
456 5806 619 5880 Beg.,
634 5809 773 5863 Πότε
803 5810 860 5863 δὲ
886 5810 1010 5881 ἔχω.
1040 5811 1206 5866 Paulo
1228 5818 1370 5880 post,
1394 5811 1529 5874 hac,
1556 5806 1664 5879 ἔχω
1691 5810 1801 5861 ἑπι-

557 5908 753 5967 ΡΑτιι.
785 5903 904 5966 Gn.
943 5903 1239 5965 XXVIII.

1907 4894 2059 4947 mihi.
2078 4892 2708 4967 ResponditUnigenitus
2734 4894 2844 4949 :Tu
2868 4912 2996 4951 vero
3010 4897 3152 4951 unde
3180 4898 3323 4952 nosti
3355 4899 3464 4952 haec

1905 4986 2362 5040 divinaetarcana
2383 4989 2659 5058 mysteria,
2687 5007 2705 5039 ι
2737 4989 2792 5042 in
2820 5005 2939 5059 qua:
2957 4989 3266 5044 desiderant
3298 4992 3469 5061 angeli

1907 5077 2217 5147 prOSpicere
2239 5078 2325 5131 "?
2361 5098 2379 5130 ι
2412 5078 2512 5133 Cui
2537 5079 2746 5134 David:
2784 5080 2982 5135 Eorum
3016 5083 3197 5152 accepi
3223 5084 3468 5135 notitiam

1907 5186 1937 5224 a
1957 5178 2150 5226 sancto
2164 5178 2216 5225 et
2246 5172 2517 5240 paracleto
2547 5171 2771 5242 Spiritu.
2796 5170 2933 5229 Tum
2952 5171 3302 5244 Unigenitus:
3333 5174 3468 5229 (ium

1910 5264 2025 5319 haec
2053 5264 2236 5326 noris,
2283 5264 2372 5318 dic
2422 5280 2553 5319 num
2598 5266 2873 5335 quidpiam
2904 5267 3048 5321 aliud
3086 5267 3285 5322 habeas
3320 5287 3332 5320 :
3372 5282 3467 5319 au-

1908 5354 2052 5409 diam
2082 5355 2224 5410 enim
2273 5363 2328 5409 te
2353 5356 2457 5411 hac
2500 5357 2568 5412 de
2600 5373 2659 5413 re
2710 5358 2938 5413 libenter
2982 5367 3038 5414 et
3080 5375 3236 5429 aequo
3264 5360 3470 5416 animo.

1907 5448 2076 5504 David
2124 5458 2304 5504 autem
2341 5471 2354 5505 :
2400 5469 2419 5501 ι
2465 5450 2563 5506 Dic
2601 5450 2795 5506 animae
2838 5466 3006 5516 mete,
3065 5454 3214 5508 salus
3248 5462 3341 5507 tua
3371 5466 3470 5523 ego

1986 5602 2030 5635 ’⁸
2072 5603 2091 5656 1
2126 5602 2270 5658 Petr.
2309 5620 2362 5668 ι,
2406 5604 2487 5660 12.
2560 5626 2565 5627 ⁷

1898 5737 2176 5813 λαϐέ-σθαι,
2208 5700 2657 5798 desiderabantur
2682 5742 2735 5796 in
2757 5745 2908 5813 prius
2943 5744 3121 5807 editis,
3152 5745 3246 5800 sed
3274 5745 3471 5801 baben-

1906 5816 1996 5864 tur
2024 5811 2081 5864 in
2114 5809 2299 5883 Regio.

3153 5906 3223 5965 3's
