4022 6382
604 381 742 439 {067

1756 384 1811 438 S.
1849 381 2311 438 ATHANASIUS.
2352 412 2423 426 -—-
2464 385 2734 440 SPURIA.

3706 395 3826 448 £068

605 519 728 560 sum
756 507 822 560 ”.
859 525 877 557 ι
917 505 1048 559 Tum
1085 503 1402 576 Unigenitus
1431 524 1443 560 :
1482 503 1539 559 ld
1572 505 1669 560 tibi
1704 505 1893 573 habes,
1921 503 2146 568 conﬁde,

2257 505 2393 561 Μεθ’
2424 500 2498 562 ὧν
2531 506 2676 575 οῖδας
2727 511 2918 574 ταῦτα,
2950 512 3090 577 εἰπὲ,
3136 514 3189 566 εῐ
3229 530 3283 566 τι
3326 515 3419 567 καὶ
3476 515 3607 569 ἀλλο
3666 515 3827 584 ἔχεις·

604 595 806 651 salvam
835 597 975 651 enim
1006 595 1200 650 faciam
1234 596 1468 650 animam
1507 604 1658 650 tuam
1707 613 1802 668 per
1833 598 2163 652 incarnatio-

605 703 726 743 nem
759 696 811 743 et
839 686 1147 757 passionem
1183 703 1378 743 meam.
1411 687 1510 743 Cui
1545 689 1711 744 David
1738 710 1751 745 :
1787 690 2036 760 Magnam
2068 706 2164 744 ac-

601 781 720 850 cepi
749 781 997 834 tiduciam
1021 821 1035 842 ,
1089 788 1142 835 et
1191 781 1371 837 statim
1426 782 1611 837 subdit
1646 801 1658 836 :
1709 801 1728 834 ‹
1763 781 2010 848 Domine,
2041 783 2164 852 quis

599 873 793 928 similis
835 875 932 928 tibi
975 873 1060 926 "?
1112 893 1130 925 ›
1191 873 1495 944 Respondit
1549 874 1920 946 Unigenitus:
1982 875 2162 930 Pater.

597 963 776 1030 Quare
818 965 980 1030 dico,
1037 984 1058 1016 ι
1123 966 1225 1032 Qui
1264 967 1400 1022 vidit
1461 983 1587 1032 me,
1636 969 1773 1022 vidit
1829 975 1883 1023 et
1943 967 2159 1024 Patrem

596 1071 776 1111 meum
802 1055 868 1114 “.
920 1075 939 1110 ι
976 1054 1124 1111 Vade
1145 1057 1200 1111 in
1229 1073 1361 1128 pace
1385 1069 1706 1130 exspectans
1729 1061 2159 1130 promissionum

597 1146 806 1199 beatam
839 1162 1010 1216 spem.

2265 599 2564 672 ἀκούσομαι
2601 603 2709 674 γάρ
2738 619 2830 654 σου
2873 601 2966 655 καὶ
3000 603 3126 674 περὶ
3162 603 3326 657 αὑτοῦ
3358 605 3613 676 εὐμενῶς
3648 607 3741 658 καὶ
3764 609 3825 657 δι-

2265 694 2453 757 καίως.
2493 696 2548 748 '0
2572 694 2628 747 δὲ
2659 695 2850 748 Δαϐίδο
2899 715 2917 746 ‹
2955 692 3121 750 Εἶπον
3153 701 3218 768 τῇ
3250 697 3395 769 ψυχῇ
3432 717 3558 770 μου,
3599 700 3830 770 Σωτηρία

2267 800 2360 835 σου
2384 784 2518 853 εἰμί.
2561 803 2578 835 ι
2631 785 2686 836 '0
2714 785 2769 838 δὲ
2799 787 3132 858 Μονογενής·
3166 787 3336 840 Τοῦτο
3368 789 3540 858 ἔχεις,
3587 790 3683 842 καὶ
3721 791 3832 860 θάρ-

2266 892 2379 928 σει·
2425 875 2583 930 σώσω
2630 877 2737 947 γάρ
2777 895 2866 931 σου
2912 878 3009 950 τὴν
3051 879 3226 951 ψυχὴν
3281 881 3368 933 διὰ
3423 883 3526 952 τῆς
3575 883 3831 953 ὲνανθρω-

2265 965 2482 1037 πήσεὼς
2513 985 2612 1038 μου
2643 969 2735 1021 καὶ
2761 969 2852 1021 τοῦ
2890 969 3110 1035 πάθους.
3152 972 3209 1023 Ὁ
3248 972 3305 1023 δὲ
3341 972 3544 1025 Δα6ί6’
3583 992 3604 1024 ‹
3660 975 3830 1044 Ἐθαρ-

2267 1059 2560 1129 σοποιήθην
2614 1059 2722 1129 (47)
2783 1059 2931 1112 λίαν’
2974 1061 3066 1114 καὶ
3118 1063 3372 1133 παραυτά
3433 1063 3828 1136 ἀνθυποφέρει·

2271 1148 2493 1219 «Κύριε,
2525 1148 2608 1212 τίς
2640 1150 2823 1220 ὅμοιός
2863 1167 2975 1215 σοι;
3014 1153 3043 1204 6
3071 1152 3128 1205 δὲ
3157 1154 3506 1224 Μονογενήςο
3548 1155 3607 1207 '0
3635 1156 3827 1225 Πατήρ.

597 1239 756 1294 Ὅθεν
813 1242 905 1294 καί
963 1259 1144 1313 φημι·
1203 1259 1222 1294 ι
1261 1243 1320 1295 '0
1360 1243 1458 1313 ἐμὲ
1510 1242 1768 1314 ἑωρακὼς
1830 1243 2039 1316 ἑώρακε
2099 1243 2192 1297 τὸν
2237 1244 2456 1314 Πατέρα
2506 1261 2628 1315 μου.
2678 1264 2696 1296 ι
2743 1247 2981 1299 Ποοεύου
3029 1248 3087 1301 ἐν
3130 1249 3321 1321 εἰρήνῃ
3350 1289 3365 1314 ,
3407 1250 3830 1322 ἀπεκδεχόμενος

592 1333 699 1386 τῶν
730 1333 1068 1402 ἐπαγγελιῶν
1102 1332 1200 1406 τὴν
1227 1336 1501 1406 μακαρίαν
1530 1336 1739 1391 ἐλπίδα.

662 1431 718 1485 5.
757 1429 852 1486 His
882 1431 1062 1502 itaque
1091 1432 1376 1500 absolutis,
1400 1434 1606 1503 egressi
1638 1433 1811 1505 angeli
1845 1433 1938 1489 Dei
1960 1447 2156 1505 magna

595 1533 725 1574 voce
753 1519 1059 1575 clamarunt
1088 1539 1100 1575 :
1144 1518 1203 1576 Si
1231 1522 1353 1592 quis
1376 1523 1515 1579 alius
1547 1525 1789 1578 eamdem
1825 1537 1986 1593 quam
2030 1539 2160 1592 pro-

595 1611 770 1681 phetae
801 1609 946 1666 litem
978 1611 1193 1678 habeat,
1224 1613 1430 1684 absque
1460 1613 1848 1684 impedimento
1884 1614 2157 1684 ingredia~

595 1709 704 1764 tur,
729 1702 891 1773 390
941 1718 1005 1757 ac
1035 1704 1248 1758 veritati
1279 1705 1671 1774 patrocinetur.
1704 1703 1785 1758 Ad
1836 1721 1999 1775 quam
2033 1705 2156 1775 jus-

597 1794 804 1850 sionem
835 1797 999 1848 intrat
1022 1794 1270 1852 Nabuthe
1296 1793 1538 1852 Israelita
1566 1816 1580 1852 :
1610 1812 1768 1868 quem
1803 1798 2154 1867 conspicatus

599 1882 942 1956 Unigenitus.
973 1887 1087 1942 ait:
1125 1885 1354 1952 Quicum
1383 1887 1478 1942 tibi
1509 1887 1576 1944 lis
1605 1895 1710 1948 est,
1743 1888 1941 1941 autcui
1973 1887 2154 1941 dicam

594 1979 679 2033 vis
707 1977 1042 2050 impingere?
1073 1976 1228 2045 Quod
1277 1979 1323 2033 si
1376 1989 1432 2034 tu
1480 1979 1595 2049 ipse
1628 1993 1738 2033 non
1788 1985 1941 2048 potes
1973 1991 2154 2031 causa:

595 2078 701 2126 tua:
727 2078 1100 2140 argumentum
1130 2084 1416 2136 enarrare,
1469 2069 1748 2140 habesq‘ue
1779 2068 2103 2122 advocatum
2137 2094 2158 2126 ι

594 2162 928 2230 ingrediatur
954 2162 1044 2216 ille
1086 2160 1293 2231 absque
1341 2160 1766 2231 impedimento,
1831 2175 1894 2213 ac
1946 2158 2159 2214 veritati

592 2262 768 2307 tecum
795 2253 1184 2322 patrocinetur.
1213 2250 1350 2306 Tum
1381 2250 1632 2308 Nabuthe
1664 2271 1677 2306 :
1711 2250 1917 2314 Etiam,
1973 2248 2159 2304 Domi-

591 2360 680 2408 ne,
709 2344 1029 2398 advocatum
1089 2343 1264 2398 habeo
1296 2344 1668 2412 aequissimum
1698 2383 1712 2408 ,
1771 2340 2012 2411 aurigam
2044 2339 2154 2394 He-

592 2437 738 2500 liam,
777 2436 898 2489 dica
923 2443 1106 2490 autem
1139 2435 1270 2489 mihi
1301 2434 1616 2504 impingitur
1660 2449 1784 2489 cum
1822 2432 1974 2487 falsis
2002 2433 2156 2487 testi-

589 2530 712 2584 bus.
758 2527 1096 2597 Quapropter
1147 2541 1308 2580 orsus
1366 2541 1588 2579 causam
1651 2525 1810 2580 modo
1880 2524 2153 2580 enarrabo

589 2636 802 2677 meam:
837 2639 856 2673 ι
895 2618 1188 2690 Surgentes
1218 2625 1385 2674 testes
1432 2615 1626 2688 iniqui,
1663 2633 1783 2689 qum
1831 2618 2150 2687 ignorabam

590 2713 995 2784 interrogabant
1025 2728 1110 2768 me
1142 2712 1212 2777 ",
1246 2732 1263 2764 ι
1316 2711 1644 2766 afﬁrmantes
1696 2725 1780 2765 me
1809 2709 2153 2765 benedixisse

587 2801 753 2862 Deum
807 2813 860 2860 et
890 2805 1110 2876 Regem.
1147 2807 1299 2874 Quos
1350 2811 1703 2876 percontatus
1740 2803 1999 2858 Dominus
2031 2804 2146 2858 ait:

585 2896 759 2953 Dicite
797 2898 926 2952 mihi
960 2900 1037 2952 rei
1085 2900 1403 2962 veritatem,
1447 2896 1572 2968 quis
1602 2911 1700 2951 vos
1729 2895 1907 2965 coegit
1937 2895 2148 2948 calum-

584 2993 728 3046 niam
779 2992 1042 3048 adversus
1095 3007 1313 3046 servum
1361 3005 1538 3044 meum
1591 2989 1834 3058 legisque
1883 2987 2147 3041 cultorem

575 3080 851 3136 conﬂare?
883 3080 1299 3152 Responderunt
1347 3079 1463 3134 illi:
1517 3077 1704 3132 Achab
1757 3083 1811 3130 et
1855 3091 1993 3130 uxor
2029 3075 2148 3144 ejus

2327 1431 2382 1484 5.
2409 1427 2618 1482 υύκοῦν
2647 1428 3025 1483 ἀπολυθέντων
3040 1431 3242 1484 τούτων
3266 1430 3517 1500 ἐφοδίων,
3550 1436 3602 1488 οἱ
3629 1437 3826 1506 ἄγγελοι

2255 1522 2351 1576 τοῦ
2389 1522 2524 1576 Θεοῦ
2565 1519 2870 1587 ἐξελθόντες
2913 1521 3248 1594 κεκράγασιν
3293 1529 3510 1600 μεγάλῃ
3553 1533 3621 1600 τῇ
3661 1535 3823 1601 φωνῇ’

2258 1612 2328 1666 Εί
2364 1633 2448 1678 τις
2473 1615 2567 1668 καὶ
2589 1614 2745 1678 ἄλλος
2774 1615 2885 1686 ἔχει
2910 1615 3064 1687 δίκην
3082 1616 3189 1668 τῶν
3227 1620 3548 1690 προφητῶν,
3601 1624 3827 1694 εἰσερχέ-

2261 1703 2370 1756 σθω
2397 1704 2708 1767 ἀκωλύτως,
2745 1705 3057 1776 συνηγορῶν
3107 1706 3204 1777 τὴν
3238 1707 3518 1778 ἀλήθειαν.
3559 1711 3704 1778 Πρὸς
3742 1713 3825 1780 τὴν

2259 1796 2657 1868 παρακέλευσιν
2689 1797 2993 1868 εἰσέρχεται
3023 1796 3265 1850 Ναϐουθὲ
3296 1801 3323 1851 6
3371 1801 3737 1873 Ἰσραηλίτης,
3775 1803 3822 1855 δν

2262 1889 2356 1941 καὶ
2386 1887 2717 1958 Θεασάμενος
2749 1889 2911 1942 αὑτὸν
2943 1891 2970 1941 6
3002 1890 3309 1961 Μονογενής
3333 1891 3518 1959 λέγει’
3559 1895 3632 1948 Σὺ
3665 1895 3720 1947 δὲ
3743 1912 3822 1964 με-

2261 1979 2327 2032 τά
2343 1979 2485 2044 τίνος
2505 1980 2666 2049 ἔχεις,
2700 1979 2732 2051 ἦ
2759 1985 2774 2000 ⁹
2797 1981 2934 2051 μετά
2961 1981 3080 2033 τίνα
3107 1980 3265 2052 βούλῃ
3295 1982 3660 2048 δικάσασθαι;
3691 1986 3748 2037 Ei
3773 1984 3820 2036 δὲ

2260 2073 2420 2136 αὐτὸς
2450 2072 2514 2124 δι’
2540 2071 2704 2124 αὐτοῦ
2750 2071 2810 2125 οὺ
2847 2072 3067 2125 δύνασαι
3116 2074 3512 2144 εἰσηγήσασθαι
3568 2077 3668 2147 τὴν
3708 2079 3820 2130 ὑπό-

2260 2163 2405 2217 θεσιν
2447 2163 2541 2217 τοῦ
2584 2164 2903 2235 πράγματός
2945 2181 3056 2226 σου,
3093 2164 3234 2234 ἔχεις
3279 2165 3336 2218 δὲ
3385 2166 3688 2235 δικολόγον,
3739 2169 3816 2223 καὶ

2258 2255 2417 2317 αὐτὸς
2438 2256 2547 2307 είσε
2559 2254 2766 2326 ρχέσθω
2790 2254 3099 2319 ἀκωλύτως,
3127 2257 3443 2327 συνηγορῶν
3471 2275 3555 2311 σοι
3580 2261 3678 2330 τὴν
3702 2261 3815 2331 ἀλή-

2258 2345 2427 2400 θειαν.
2458 2347 2512 2399 Ὀ
2552 2346 2608 2399 δὲ
2637 2344 2880 2398 Ναϐουθέ
2902 2362 2915 2376 ·
2945 2347 3070 2409 Ναὶ,
3105 2347 3366 2408 Δέσποτα,
3398 2348 3508 2418 ἔχω
3533 2353 3814 2421 συνήγορον

2253 2438 2607 2500 δικαιότατον,
2637 2437 3020 2508 ἁρματηλάτην
3055 2436 3236 2491 Ἦλίαν
3264 2439 3447 2513 (48)’ή
3481 2443 3540 2496 δὲ
3574 2443 3693 2513 δίκη
3724 2461 3812 2514 μου

2256 2533 2632 2601 συγκροτεῖται
2669 2530 2804 2600 μετά
2839 2529 2947 2582 τῶν
3004 2529 3481 2601 ψευδομαρτύρων.
3516 2533 3679 2585 Ὅθεν
3721 2535 3812 2601 ἁρ-

2253 2622 2476 2692 χόμενος
2522 2620 2617 2674 τοῦ
2675 2620 2995 2691 πράγματός
3045 2637 3142 2690 μου
3180 2621 3322 2690 λέγω
3374 2623 3517 2676 κατά
3556 2625 3619 2677 τὸ
3669 2625 3806 2694 ἑξῆς.

2257 2729 2276 2762 ι
2343 2710 2689 2772 Ἀναστάντες
2737 2726 2825 2779 μοι
2863 2709 3138 2780 μάρτυρες
3166 2708 3368 2773 ἄδικοι,
3404 2711 3440 2764 ἃ
3483 2713 3586 2765 ούκ
3628 2715 3803 2781 ἐγίνω-

2253 2819 2378 2856 σκον
2396 2803 2620 2872 ἠρώτων
2647 2819 2734 2872 με,
2768 2821 2784 2853 ι
2803 2800 3264 2872 διαϐεϐαιούμενοι
3291 2804 3373 2855 ὅτι
3407 2806 3684 2876 ηὑλόγησα
3706 2807 3803 2876 (49)

2251 2891 2380 2946 Θεὸν
2415 2892 2507 2944 καὶ
2534 2891 2788 2961 βασιλέα·
2825 2888 2917 2954 οὓς
2951 2889 3042 2942 καὶ
3072 2887 3334 2952 ἐξετάζων
3369 2892 3399 2942 ὁ
3437 2891 3643 2962 Κύριος
3673 2892 3764 2960 ἔφη
3788 2904 3803 2919 ⁸

2250 2985 2454 3038 Εἴπατέ
2488 3002 2575 3054 μοι
2609 2980 2937 3053 φιλαλήθως,
2967 2981 3050 3044 τίς
3072 2982 3212 3052 ὑμᾶς
3235 2982 3516 3050 ἠνάγκασε
3550 3001 3801 3053 συκοφαν-

2249 3079 2410 3148 τῆσαι
2443 3077 2533 3130 τὸν
2563 3076 2692 3146 ἐμὸν
2732 3073 2914 3128 δοῦλον
2951 3074 3042 3126 καὶ
3099 3073 3482 3144 νομοφύλακας
3513 3078 3578 3128 Οί
3609 3077 3660 3129 δὲ
3703 3078 3796 3129 ἁπ-

583 3171 819 3227 Jezabel.
871 3169 1006 3224 Tum
1038 3171 1405 3241 Unigenitus:
1459 3167 1589 3223 Esto
1629 3167 1795 3236 igitur
1853 3165 2041 3220 Achab
2092 3165 2145 3218 in

2251 3166 2555 3237 εκρίνοντο’
2595 3163 2796 3234 Ἀχαάϐ
2829 3163 2922 3215 κα)⁸
2951 3163 2983 3233 ή
3022 3163 3156 3232 γυνὴ
3190 3163 3355 3215 αὐτοῦ
3401 3164 3650 3226 Ἰεζαϐέλ.
3680 3167 3728 3219 '0
3747 3166 3797 3218 δέ

584 3260 729 3316 beiio
753 3259 924 3314 veloci
963 3260 1158 3330 sagitta
1187 3259 1473 3314 confossus
1504 3259 1558 3312 in
1591 3257 1804 3325 hepate,
1837 3261 1931 3307 aut
1963 3255 2143 3324 potius

585 3351 640 3405 in
678 3353 965 3422 pulmone;
1001 3355 1092 3420 qui
1124 3350 1328 3420 injuste
1360 3349 1609 3420 spiritum
1647 3346 1812 3400 trahit
1839 3345 1905 3398 ad
1933 3361 2147 3415 posses-

585 3445 755 3500 sionis
806 3444 1322 3513 concupiscentiam.
1357 3441 1574 3498 Jezabel
1609 3447 1788 3493 autem
1822 3437 2145 3507 projiciatur

587 3539 642 3593 in
672 3552 851 3593 aream
881 3535 1094 3601 domus,
1122 3537 1302 3606 sitque
1326 3535 1401 3589 illi
1435 3549 1633 3589 canum
1665 3530 2002 3601 sepulcrum.
2036 3529 2147 3586 Na-

582 3633 748 3689 bathe
774 3650 901 3689 vero
947 3647 1046 3704 pro
1100 3630 1277 3684 ablata
1328 3627 1516 3692 vinea,
1549 3626 1866 3682 haereditate
1913 3626 2142 3698 accipiat

574 3726 815 3794 paradisi
851 3725 1179 3792 voluptatem
1210 3729 1374 3789 atque
1403 3717 1784 3773 :eternitatem.

2250 3258 2592 3326 Μονογενής·
2651 3257 2829 3307 Ἔστω
2875 3249 2967 3306 οὖν
3020 3255 3047 3304 6
3110 3256 3311 3325 Ἀχαάϐ
3361 3259 3421 3310 ἐν
3465 3259 3544 3328 τῷ
3600 3261 3798 3330 πολέμῳ

2249 3346 2597 3416 τοξευόμενος
2651 3345 2790 3416 βέλει
2851 3344 3116 3416 εὐθυὸὀλῳ
3176 3347 3314 3400 κατά
3366 3349 3462 3403 τοῦ
3503 3353 3721 3422 ήπατος.
3763 3354 3792 3422 ἦ

2254 3441 2450 3510 μᾶλλον
2485 3439 2626 3493 κατὰ
2664 3438 2756 3491 τοῦ
2791 3438 3119 3508 πνεύμονος,
3159 3439 3252 3492 τοῦ
3301 3441 3502 3507 ἀδίκως
3553 3446 3795 3499 ἀναπνεύ-

2253 3545 2442 3593 σαντος
2485 3531 2565 3592 είς
2596 3531 2691 3600 τὴν
2730 3530 3108 3601 πλεονεκτικήν
3162 3531 3471 3603 ἐπιθυμίαν.
3519 3537 3585 3588 Ἢ
3623 3538 3673 3590 δὲ
3714 3537 3793 3588 Ἰεο

2248 3621 2409 3685 ζαϐὲλ
2436 3621 2574 3674 ἔστω
2592 3621 2887 3693 ριπτομένη
2904 3624 2960 3675 ἐν
2981 3624 3262 3694 οίκοπέδῳ,
3285 3627 3526 3693 γενέσθω
3551 3630 3605 3682 δὲ
3636 3629 3793 3683 κυνῶν

2243 3714 2430 3783 τάφος.
2470 3714 2528 3766 '0
2564 3713 2619 3767 δὲ
2658 3713 2902 3767 Ναϐουθέ
2939 3714 3326 3786 κληρονομήτω
3367 3717 3507 3790 (49”)
3553 3723 3670 3774 ἀντὶ
3708 3720 3790 3773 τοῦ
3851 3758 3854 3759 ν

573 3815 1029 3886 ἐξτιφανιζομενου
1053 3811 1370 3884 ἀμπελῶνος
1402 3810 1499 3881 τήν
1533 3809 1741 3882 τρυφὴν
1758 3808 1855 3863 τοῦ
1886 3807 2211 3880 παραδείσου
2244 3806 2336 3858 καί⁸
2364 3805 2462 3876 τῆς
2485 3804 2832 3876 αἰωνιότητος
2857 3805 2992 3875 (-50).

645 3905 700 3958 4.
739 3904 851 3958 Hac
873 3918 1035 3973 porro
1059 3901 1328 3957 sententia
1359 3899 1414 3953 in
1442 3900 1868 3954 commentarios
1898 3899 2137 3962 redacta,

579 3995 882 4066 ingreditur
925 4008 1119 4063 magna
1150 4007 1283 4048 voce
1308 3989 1568 4060 praaditus
1622 3989 1711 4044 ille
1741 3989 1911 4044 Isaias
1960 3989 2143 4044 excla-

576 4100 735 4140 mans
761 4104 774 4138 :
809 4083 1053 4147 Domine,
1083 4081 1210 4135 audi
1237 4081 1472 4134 iibenter
1501 4087 1554 4134 et
1585 4095 1740 4150 aequo
1767 4080 1973 4135 animo.
1997 4077 2137 4134 Tum

578 4174 1213 4247 Unigenitus:Loquere
1245 4172 1505 4227 adversus
1542 4186 1666 4226 eum
1719 4171 1814 4241 qui
1861 4171 1999 4226 laesit
2044 4181 2134 4237 te;

570 4283 700 4323 cum
728 4265 1026 4336 praesertim
1056 4263 1316 4333 propheta
1356 4262 1434 4316 sis
1461 4270 1540 4326 tu,
1569 4261 1776 4331 justus,
1808 4262 2133 4333 spiritualis,

575 4366 842 4428 aptusque
869 4356 934 4410 ad
958 4369 1137 4410 causa:
1156 4361 1262 4407 tuae
1292 4360 1668 4421 argumentum
1699 4353 2132 4422 proponendum.

571 4448 673 4504 Cui
707 4447 1000 4518 propheta:
1025 4445 1151 4500 Dica
1180 4455 1263 4499 est
1289 4443 1420 4496 mihi
1451 4458 1574 4497 cum
1606 4443 1872 4504 Manasse,
1895 4445 2023 4512 quia
2051 4461 2136 4500 me

2315 3895 2368 3949 4.
2421 3895 3020 3967 ’Υπομνηματισθείσης
3071 3897 3127 3950 δέ
3175 3898 3376 3970 ταύτης
3444 3901 3788 3969 ἀποφάσεως.

2245 3990 2545 4062 εἰσέρχεται
2591 3991 2620 4042 6
2659 3987 3165 4059 μεγαλοφωνότατος
3221 3991 3446 4054 Ἡσαΐας
3487 3993 3785 4064 κεκραγώς·

2246 4083 2437 4154 Κύριε,
2473 4081 2701 4136 ἄκουσον
2747 4080 2878 4152 ἐμοῦ
2920 4082 3160 4151 εὐμενῶς
3199 4083 3293 4135 καὶ
3363 4082 3609 4148 δικαίως.
3662 4087 3713 4138 ὐ
3741 4084 3790 4136 δὲ

2245 4175 2580 4244 Μονογενής’
2614 4172 2751 4241 Λέγε
2784 4171 2924 4226 κατά
2945 4172 3039 4225 τοῦ
3084 4172 3440 4243 ἀδικήσαντός
3481 4193 3563 4238 σε,
3611 4176 3789 4246 μᾶλλον

2243 4267 2306 4318 σὺ
2331 4265 2405 4318 ὢν
2433 4269 2714 4338 προφήτης
2735 4264 2937 4328 δίκαιος
2958 4304 2970 4325 ,
3005 4263 3390 4332 πνευματικὸς,
3429 4267 3611 4330 ίκανὸς
3633 4266 3790 4335 ἐαυτῷ

2244 4358 2607 4428 συστήσασθαι
2656 4357 2753 4428 τὴν
2790 4356 3043 4411 ὑπόθεσιν
3091 4354 3186 4407 τοῦ
3224 4357 3546 4428 πράγματός
3597 4378 3703 4414 σου.
3740 4360 3788 4412 '0

2241 4445 2298 4498 δὲ
2338 4447 2620 4517 προφήτης
2645 4462 2659 4475 ⁸
2681 4446 2829 4515 Ἐχω
2857 4445 3010 4514 δίκην
3040 4443 3179 4514 μετά
3224 4445 3318 4499 τοῦ
3359 4448 3650 4520 Μανασσῆ,
3685 4449 3788 4501 ἐπεὶ

570 4541 816 4596 divinum
849 4553 878 4591 a
913 4537 1128 4607 Deoque
1157 4534 1481 4605 inspiratum
1505 4530 1742 4588 Verbum
1779 4534 2022 4589 studiose
2049 4543 2130 4588 at-

2251 4536 2369 4608 ;μοῦ
2417 4539 2718 4600 σπουδαίως
2761 4537 2856 4589 καὶ
2893 4535 3098 4599 ἀόκνως
3145 4537 3512 4609 κηρύσσοντος
3549 4543 3638 4595 τὸν
3663 4541 3786 4595 θεῖον

567 4650 676 4707 que
706 4633 934 4703 impigre
960 4631 1308 4701 praedicante,
1345 4629 1438 4683 ille
1477 4628 1773 4683 crudeliter
1821 4635 1875 4683 et
1926 4629 2131 4700 absque

569 4726 679 4783 ulla
705 4723 1098 4785 misericordia,
1123 4737 1207 4777 me
1245 4721 1419 4792 lignea
1455 4733 1605 4774 serra
1631 4717 1848 4773 occidit.
1889 4717 2131 4789 Respon-

565 4819 646 4873 dit
678 4814 999 4886 Unigenitus
1027 4834 1039 4869 :
1063 4811 1126 4867 ’Si
1159 4811 1212 4867 id
1239 4811 1515 4867 Manasses
1538 4810 1859 4880 designavit,
1885 4810 2130 4864 tradatur

564 4905 834 4964 Chaldmis
866 4906 920 4959 in
940 4903 1307 4974 captivitatem
1332 4941 1348 4966 ,
1390 4902 1688 4958 ludibrium
1717 4911 1771 4958 et
1793 4901 1990 4958 eadem
2020 4922 2032 4958 :
2071 4911 2128 4956 ut

563 4997 813 5052 ediscant
841 5009 1039 5065 reges,
1097 4992 1387 5063 prophetas
1435 5007 1584 5047 meos
1633 4992 1983 5047 contumeliis
2017 5007 2124 5046 non

563 5088 776 5142 allicere
803 5095 896 5140 aut
925 5084 1239 5150 trucidare;
1297 5081 1392 5138 sed
1424 5082 1695 5137 honorare
1748 5089 1911 5153 atque
1942 5082 2126 5153 magni

565 5179 761 5243 facere,
787 5178 1219 5240 considerantes,
1251 5173 1396 5245 quod
1432 5190 1529 5244 per
1572 5189 1659 5229 me
1681 5175 1862 5230 omnis
1913 5189 2009 5228 rex
2039 5189 2128 5228 re-

563 5281 712 5343 gnet,
756 5279 810 5325 et
852 5277 1098 5342 potentes
1146 5267 1350 5337 scripto
1379 5267 1675 5322 decernant
1710 5266 2000 5336 justitiam.
2038 5263 2121 5320 Tu

633 5427 676 5457 "
715 5425 858 5481 Psal.
894 5440 1092 5488 “xw,
1127 5423 1181 5476 5.
1256 5422 1304 5453 ⁸³
1343 5421 1474 5476 ibid.
1510 5421 1598 5476 10.
1673 5421 1721 5453 ⁸⁵
1757 5418 1914 5476 Joan.
1952 5437 2065 5485 xw,
2101 5419 2154 5475 9.

633 5579 742 5645 (47)
785 5579 861 5632 Ita
895 5578 1027 5647 Reg.
1058 5576 1201 5647 Editi
1225 5591 1376 5637 vero,
1401 5573 1844 5647 Cappfbjotqrd.

634 5643 742 5718 (48)
785 5647 873 5701 Sic
901 5643 1044 5718 haud
1080 5646 1240 5700 du‘bie
1261 5643 1564 5714 legendum.
1599 5643 1762 5710 Editi,
1797 5643 1938 5710 τινά,
1968 5643 2121 5714 Reg.,

560 5721 696 5777 λίαν,
731 5731 827 5784 pro
868 5717 1074 5784 Ἠλίαν.

633 5783 742 5859 (-19)
785 5785 857 5839 Ita
885 5783 1014 5855 Reg.
1046 5802 1168 5840 cum
1196 5789 1271 5840 0'.
1316 5783 1475 5846 Editi,
1506 5783 1894 5854 ἐκακολόγησα.

2237 4631 2328 4683 καὶ
2355 4629 2705 4683 θεόπνευστον
2749 4628 2924 4696 λόγον,
2978 4629 3135 4692 αὐτὸς
3182 4631 3522 4702 ἀσυμπαθῶς
3567 4635 3657 4688 καὶ
3707 4635 3786 4686 ἀν-

2235 4721 2538 4792 ελεημόνως
2588 4720 2778 4789 ξυλίνῳ
2799 4720 2979 4791 πρίονί
3014 4737 3081 4791 με
3114 4722 3340 4775 ἀνεῖλεν.
3389 4724 3447 4776 '0
3485 4726 3543 4778 δὲ
3568 4729 3785 4793 Μονογε-

2233 4811 2366 4881 νής*
2397 4812 2459 4863 Ei
2485 4810 2640 4864 τοῦτο
2691 4809 2942 4882 ἐποίησεν
2991 4813 3020 4864 6
3057 4813 3373 4883 Μανασσῆς,
3429 4815 3783 4886 παραδιδόσθω

2231 4903 2342 4963 τοῖς
2365 4899 2650 4963 Χαλδαίοις
2676 4901 2753 4962 εἰς
2776 4899 3170 4970 αἰχμαλωσίαν,
3209 4901 3304 4954 καὶ
3349 4905 3663 4975 ἐμπαιγμὸν
3683 4903 3780 4972 (5|)

2234 4991 2326 5045 καὶ
2364 4992 2616 5061 σφαγήν*
2653 4991 2738 5044 ἵνα
2786 4991 3029 5061 μάθωσιν
3077 4993 3126 5044 οἱ
3175 4993 3412 5062 βασιλεῖς
3462 4998 3590 5058 τοὺς
3631 4995 3778 5066 ἐμοὺς

2235 5087 2514 5155 προφήτας
2562 5084 2634 5156 μὴ
2668 5084 2988 5155 ὑϐρίζειν,ῆ
3039 5086 3394 5151 ἀποκτείνειν,
3447 5089 3582 5142 ἀλλά
3630 5089 3776 5158 τιμᾷν

2232 5175 2324 5227 καὶ⁵
2365 5175 2713 5246 μεγαλύνειν·
2753 5175 3158 5247 ἐνθυμούμενοι,
3193 5177 3273 5229 ὅτι
3300 5177 3367 5229 δι’
3407 5178 3542 5248 ἐμοῦ
3573 5181 3671 5242 πᾶς
3693 5179 3778 5247 βα-

2232 5266 2412 5330 σιλεὺς
2446 5266 2737 5338 βασιλεύει,
2771 5269 2865 5321 καὶ
2907 5269 2956 5320 αἱ
3000 5268 3256 5323 δυνάσται
3292 5271 3562 5340 γράφουσι
3601 5272 3776 5325 δικαιο-

2231 5421 2278 5453 ”
2317 5419 2457 5476 Psal.
2496 5437 2683 5486 xxxiv,
2721 5423 2808 5478 10.

2299 5574 2584 5651 )__Pro
2618 5561 3037 5651 κληρονομείτω.
3067 5578 3220 5635 Eotr.

2450 5646 2609 5720 Regi,
2771 5646 3155 5720 ἀνεκπότητος,
3190 5651 3470 5708 mendose.

2301 5717 2409 5787 (51)
2450 5715 2524 5771 Ita
2553 5715 2854 5787 Reg.'Ed-iti
2887 5715 3374 5792 vero,£y.1ta:~{y.a.
