4022 6382
273 367 412 427 ίθδθ

1147 368 1429 426 HOMILIA
1466 366 1531 422 iN
1575 368 1674 424 SS.
1716 367 1988 423 PATRES
2023 368 2113 423 ΕΤ
2152 368 2587 424 PROPHETAS.

3354 370 3496 425 £070

268 482 456 552 σύνην.
513 481 586 534 Σὺ
619 480 716 551 μὲν
746 480 864 533 ἀντὶ
903 479 1001 549 τῆς
1048 480 1290 548 ἐπιγείου
1354 479 1704 550 Ἰερουσαλὴμ
1736 478 1833 549 τὴν

1943 476 2153 547 quidem
2188 492 2285 546 pro
2314 484 2529 533 terrena
2560 476 2884 541 Jerusalem,
2917 479 3196 534 caelestem
3226 481 3498 551 primoge-

268 573 590 643 ἐπουράνιον
638 572 846 642 μητέρα
886 570 994 625 τῶν
1035 571 1391 641 πρωτοτόκων
1431 570 1598 624 οἶκει’
1646 571 1834 623 κάκεῖ-

268 681 356 727 νος
372 663 452 734 (51
467 665 509 733 ‘)
524 662 580 716 δὲ
607 662 698 715 τὸν
719 663 899 727 τόπον,
923 680 942 712 ι
966 661 1024 728 ἐξ
1044 656 1105 715 οὑ
1124 662 1331 733 ἀπέδρα
1366 660 1546 732 ὀδύνη,
1569 660 1710 733 λύπη
1742 662 1835 716 καὶ

270 755 593 825 στεναγμός.
631 772 649 805 ι

338 845 392 899 5.
424 845 831 917 Περαιωθείσης
876 844 934 899 δὲ
971 845 1067 898 καὶ
1104 845 1306 916 ταύτης
1339 846 1438 916 τῆς
1484 844 1830 915 ἀποφάσεως,

267 939 574 1011 εἰσέρχεται
606 941 635 991 ὁ
673 938 1121 1010 θαυμασιώτατος
1177 938 1466 1009 Ἱερεμίας,
1495 938 1554 991 ὃν
1589 939 1680 991 καὶ
1708 938 1835 993 θεα-

269 1032 503 1103 σάμενος
525 1032 556 1083 ὁ
580 1031 885 1102 Μονογενὴς
911 1031 1088 1099 λέγει·
1125 1030 1196 1084 Σὺ
1223 1030 1280 1083 δὲ
1315 1030 1452 1101 μετά
1489 1030 1633 1095 τίνος
1670 1030 1833 1101 ἔχεις,

266 1122 302 1195 ἢ
337 1122 478 1194 μετά
498 1121 642 1185 τινος
673 1121 921 1192 βούλεσαι
949 1121 1301 1187 δικάσασθαι;
1345 1122 1404 1175 Ὀ
1432 1121 1487 1174 δὲ
1529 1120 1831 1192 Ἱερεμίας·

271 1216 421 1285 Ἔχω
453 1213 612 1284 δίκην
654 1212 791 1284 μετά
818 1213 924 1267 τῶν
958 1211 1244 1276 Ἰουδαίων,
1286 1210 1542 1282 βούλομαι
1590 1211 1646 1264 δὲ
1685 1211 1836 1267 δικά-

269 1306 464 1361 σασθαι
498 1306 590 1359 ἐπὶ
623 1304 716 1358 σοῦ
749 1304 843 1358 τοῦ
871 1304 1368 1376 ἀπροσωπολήπτου
1388 1303 1677 1357 Δεσπότου.
1696 1303 1753 1357 '0
1779 1303 1835 1357 δὲ

264 1398 605 1469 Μονογενής·
638 1398 749 1451 Καὶ
779 1399 832 1452 τί
864 1399 1189 1470 κατηγορεῖς
1212 1398 1336 1459 τοὺς
1370 1395 1670 1467 ὁμοφύλους
1711 1412 1835 1462 σου;

277 1489 336 1542 '0
365 1488 422 1542 δὲ
468 1489 787 1559 προφήτης·
830 1487 1135 1559 Κατηγορῶ
1182 1486 1408 1552 αὐτοὺς,
1466 1487 1587 1539 ἐπεὶ
1636 1486 1838 1540 ἀνταπ-

266 1580 475 1634 ἐδωκάν
514 1596 603 1650 μοι
622 1581 739 1633 ἀντί
759 1579 868 1634 τῶν
892 1578 1071 1633 καλῶν
1089 1580 1254 1644 κακά,
1282 1580 1400 1633 ἀντὶ
1414 1578 1470 1632 δὲ
1485 1578 1593 1632 τῶν
1620 1578 1837 1647 ἀγαθῶν

265 1668 499 1741 πονηρά.
546 1668 711 1739 Ἐμοῦ
754 1669 1046 1740 εὐχομένου
1100 1669 1240 1740 ὑπὲρ
1282 1668 1471 1737 ὑγείας
1516 1667 1697 1722 αὑτῶν
1745 1669 1837 1721 καὶ

268 1762 566 1831 σωτηρίας,
598 1762 750 1815 αὐτοὶ
774 1761 1162 1815 ἐϐουλεύσαντο
1197 1760 1470 1830 φαρμάκῳ
1500 1777 1566 1829 με
1606 1760 1833 1826 ἀνελεῖν,

1935 568 2176 621 nitorum
2225 578 2454 624 matrem
2484 570 2788 643 .babilato;
2847 570 2937 625 ille
2966 585 3097 625 vero
3134 571 3335 637 locum,
3373 590 3392 625 ι
3429 588 3497 628 ex

1935 671 2044 727 quo
2076 657 2213 729 fugit
2237 658 2395 714 dolor
2420 666 2473 714 ct
2501 660 2721 715 tristitia
2743 674 2796 716 et
2822 660 3057 731 gemitus
3080 662 3147 715 ".
3191 682 3211 715 ι

2007 833 2059 888 5.
2102 832 2214 889 Hac
2243 836 2509 905 completa
2535 840 2801 892 sententia
2835 880 2850 904 ,
2903 838 3204 910 ingreditur
3227 840 3499 909 admiran-

1935 924 2038 981 dus
2061 926 2150 982 ille
2178 925 2438 985 Jeremias
2465 970 2481 993 ,
2533 947 2692 1001 quem
2730 933 2963 990 intuitus
3021 934 3342 1007 Unigenitus
3380 941 3495 993 ait:

1936 1016 2167 1084 Quicum
2201 1021 2269 1076 lis
2298 1029 2380 1076 est
2412 1022 2529 1089 tibi,
2575 1031 2668 1076 aut
2697 1040 2986 1094 quemnam
3019 1027 3100 1082 vis
3133 1028 3188 1081 in
3232 1028 3324 1097 jus
3375 1045 3501 1100 pro-

1936 1112 2165 1167 vocare?
2193 1110 2455 1170 Jeremias
2488 1124 2667 1170 autem
2691 1134 2705 1170 :
2734 1115 2825 1172 Lis
2852 1126 2936 1174 est
2964 1119 3095 1174 mihi
3122 1135 3245 1174 cum
3275 1120 3500 1188 Juda‘is,

1935 1203 2166 1273 voloque
2192 1204 2400 1274 judicio
2421 1207 2747 1264 contendere
2769 1225 2951 1265 coram
2998 1221 3069 1277 te,
3098 1211 3357 1282 Domine,
3405 1219 3502 1286 qui

1937 1310 2222 1365 personam
2258 1312 2366 1352 non
2392 1298 2616 1369 accipis.
2647 1298 2785 1354 Tum
2812 1300 3133 1374 Unigeuitus
3166 1324 3181 1360 :
3222 1306 3407 1378 Ecqua
3433 1308 3503 1365 de

1937 1401 1998 1442 re
2043 1402 2271 1444 accusas
2319 1390 2653 1447 contribules
2692 1393 2852 1448 tuos?
2890 1394 2991 1449 Cui
3050 1397 3357 1467 propheta:
3396 1402 3505 1454 Ac-

1936 1496 2071 1537 cuso
2121 1483 2265 1548 illos,
2302 1483 2446 1553 quod
2472 1484 2827 1539 retribuerint
2850 1487 2981 1540 mihi
3017 1504 3116 1558 pro
3146 1490 3303 1544 bonis
3338 1492 3501 1556 mala,

1939 1587 2037 1644 pro
2063 1573 2340 1631 beneficiis
2376 1575 2626 1644 injurias.
2676 1574 2759 1630 Me
2792 1591 2890 1647 pro
2917 1593 3104 1632 eorum
3146 1590 3377 1636 sanitate
3430 1590 3505 1635 al-

1937 1681 2044 1737 que
2071 1667 2245 1722 salute
2274 1667 2621 1738 deprecante,
2652 1669 2754 1739 ipsi
2787 1669 2996 1726 interea
3042 1686 3253 1727 veneno
3289 1689 3376 1728 me
3409 1675 3485 1729 tol

1939 1756 2050 1812 lere
2066 1757 2446 1823 moliebantur,
2473 1759 2814 1815 occultantes
2842 1760 2975 1815 illud
3010 1777 3205 1833 magna
3235 1761 3427 1820 fraude
3452 1767 3504 1820 in

266 1852 642 1925 ἐγκρύψαντες
672 1854 801 1907 αὐτὸ
841 1853 980 1925 μετά
1021 1853 1216 1907 πολλοῦ
1244 1854 1395 1907 δόλου
1436 1856 1516 1917 εἰς
1545 1853 1636 1907 τὸν
1676 1852 1838 1924 ἄρτον

1943 1864 2076 1919 pane
2131 1866 2272 1905 meo.
2328 1850 2465 1906 Tum
2528 1851 2885 1924 Umgenitus:
2930 1853 3200 1920 Quidnam
3234 1856 3343 1912 illis
3387 1856 3505 1912 ﬁeri

271 1963 394 2017 μου.
439 1947 500 1999 '0
541 1945 598 1998 δὲ
652 1945 997 2016 Μονογενής·
1044 1945 1153 1999 Καὶ
1192 1945 1245 1998 τί
1275 1946 1457 2009 αὑτοῖς
1489 1944 1659 2008 θέλεις
1692 1942 1842 2012 γενέ-

267 2035 426 2101 σθαι;
469 2037 528 2089 Ὀ
581 2035 637 2089 δὲ
676 2036 996 2107 προφήτης·
1063 2036 1268 2089 Ἐκεῖνο
1307 2037 1487 2098 αὐτοῖς
1528 2036 1749 2105 ποίησον
1781 2034 1841 2088 τὸ

263 2125 652 2196 γεγραμμένον
675 2127 730 2178 ὲν
755 2128 876 2189 ταῖς
910 2123 1268 2195 Παροίμίαις·
1299 2142 1318 2175 ι
1370 2126 1427 2177 'O
1460 2124 1841 2187 ἀνταποδιδοὺς

263 2220 438 2273 κακὸν
480 2218 602 2273 ἀντὶ
646 2219 872 2287 ἀγαθοῦ,
931 2218 991 2270 οὑ
1046 2216 1397 2289 κινηθήσεται
1441 2219 1587 2272 κακά
1634 2218 1699 2271 ὲκ
1745 2214 1838 2269 τοῦ

264 2312 414 2365 οἴκου
446 2309 635 2365 αὑτοῦ.
671 2328 690 2362 ι
732 2312 790 2363 '0
828 2309 885 2362 δὲ
915 2310 1257 2379 Μονογενής·
1292 2308 1457 2361 Ούδὲν
1491 2309 1686 2363 ἄτοπον
1717 2305 1842 2379 ἐζή-

261 2420 457 2474 τησας.
490 2400 596 2454 Ἴδε
620 2402 681 2454 οὑ
710 2399 982 2455 κινοῦνται
1011 2398 1159 2453 κακά
1188 2398 1254 2450 ὲκ
1278 2396 1371 2451 τοῦ
1400 2398 1546 2451 οἴκου
1577 2396 1685 2450 τῶν
1721 2396 1840 2450 Ἰουε

262 2494 433 2548 δαίων
472 2492 574 2563 τῆς
612 2489 983 2562 Ἰερουσαλὴμ,
1026 2489 1129 2554 ἓως
1153 2488 1218 2543 ἀν
1248 2490 1312 2542 ἐκ
1341 2486 1605 2558 θεμελίων
1624 2487 1843 2556 ἐρημω-

265 2583 354 2655 θῇ.
387 2584 462 2637 Σὺ
488 2582 546 2636 δὲ
572 2580 852 2635 ἀναπαύου
895 2582 953 2633 ὲν
996 2582 1109 2644 τοῖς
1141 2577 1462 2642 ἀστενύνιοις
1498 2576 1717 2641 κόλποις
1746 2574 1841 2628 τοῦ

265 2675 610 2748 προπάτορος
654 2673 922 2743 Ἀὕραάμ.

335 2765 391 2820 6.
453 2764 865 2837 Περαιωθείσης
925 2766 1019 2820 καὶ
1073 2763 1275 2835 ταύτης
1324 2763 1423 2833 τῆς
1480 2760 1838 2831 ἀποφάσεως,

265 2857 575 2928 εἰσέρχεται
606 2856 634 2908 ό
661 2857 943 2928 προφήτης
980 2854 1254 2927 Ζαχαρίας
1292 2853 1611 2926 κεκραγώς·
1647 2851 1839 2919 Κύριε,

265 2947 499 3001 ὼιουσον
524 2945 618 2998 καὶ
643 2944 778 3015 ἐμοῦ
815 2944 1057 3016 εὐμενῶς
1088 2945 1179 2998 καὶ
1215 2941 1456 3006 δικαίως.
1500 2942 1558 2996 '0
1584 2942 1640 2995 δὲ
1671 2942 1844 2995 Μονο-

264 3039 433 3109 γενής
454 3052 470 3068 ·
505 3035 646 3105 Λέγε
673 3035 815 3090 κατὰ
838 3036 947 3091 τῶν
970 3036 1344 3106 ἀδικησάντων
1374 3051 1456 3090 σε.
1502 3034 1559 3086 '0
1588 3033 1646 3086 δὲ
1668 3032 1842 3103 Ζαχα-

267 3130 426 3201 ρίας⁹
458 3130 615 3183 Εἰσὶν
645 3130 696 3182 οἱ
744 3128 1098 3199 ἀδικήσαντες
1133 3144 1200 3199 με
1240 3128 1288 3181 oi
1334 3127 1608 3197 ἀρχιερεῖς
1655 3125 1749 3178 καὶ
1792 3126 1840 3178 οἱ

265 3190 732 3293 νομοδιδάσκαλοι.
787 3220 845 3273 ’0
948 3190 1257 3291 Μονογενής
1274 3236 1289 3250 ο
1318 3190 1440 3271 ιςὰῖ
1458 3190 1509 3270 τί
1532 3215 1741 3270 τοιοῦτό
1777 3233 1839 3269 σε
1866 3190 1910 3247 C

265 3308 535 3379 ἠδίκησαν
596 3308 647 3360 οἱ
687 3308 961 3379 ἀρχιερεῖς
1013 3308 1106 3361 καὶ
1145 3308 1195 3360 οἱ
1248 3304 1721 3377 νομοδιδάσκαλοι;
1782 3305 1840 3359 '0

265 3398 324 3454 δὲ
345 3397 653 3469 Ζαχαρίαςο
694 3397 1020 3465 Ἐφόνευσάν
1072 3414 1139 3469 με
1192 3392 1396 3469 μεταξὺ
1441 3393 1536 3448 τοῦ
1576 3392 1705 3448 ναοῦ
1746 3393 1842 3448 καὶ

265 3488 358 3542 τοῦ
391 3489 805 3560 θυσιαστηρίου.
848 3487 1059 3559 Ἐπάγη
1103 3487 1160 3541 δὲ
1204 3487 1299 3541 καὶ
1340 3485 1401 3540 τὸ
1441 3480 1580 3556 αἶμά
1616 3501 1714 3555 μου
1752 3485 1845 3537 ἐπὶ

265 3582 368 3651 τῆς
391 3581 621 3652 πέτρας,
659 3581 794 3654 πρὸς
820 3580 1039 3652 ἔλεγχον
1062 3580 1164 3650 τῆς
1195 3578 1476 3651 μιαιφόνου
1503 3576 1681 3630 αὐτῶν
1702 3574 1844 3645 γνὼ-

272 3688 399 3743 μης.
438 3672 497 3726 ’0
519 3671 576 3725 δὲ
597 3673 910 3742 Μονογενής
927 3687 942 3704 ο
970 3671 1177 3743 Τοίγαρ
1204 3671 1298 3724 καὶ
1326 3669 1479 3724 αὐτοὶ
1508 3666 1848 3739 ἀποθνησκέ-

267 3781 449 3819 τωσαν
504 3764 763 3817 ὑποκάτω
804 3764 899 3818 τοῦ
942 3762 1323 3835 θυσιαστηρίου
1369 3761 1520 3834 παρά
1568 3761 1676 3815 τῶν
1715 3761 1848 3814 Ῥω-

272 3854 482 3924 μαίων·
537 3853 605 3907 δι’
649 3847 724 3908 ὧν
768 3854 828 3907 δέ
868 3871 951 3917 τις
997 3852 1327 3926 ἁμαρτάνει,
1376 3852 1463 3905 διὰ
1498 3850 1702 3904 τούτων
1750 3850 1847 3905 καὶ

268 3944 558 4008 κολάζεται
578 3963 594 3976 ·
635 3946 726 3999 καὶ
755 3945 851 4016 οἴῳ
877 3962 961 4009 τις
994 3945 1176 4016 μέτρῳ
1208 3944 1471 4015 μετρήσει
1502 3941 1581 4013 τῷ
1618 3942 1843 4013 πλησίον

269 4037 456 4102 αὑτοῦ,
507 4036 735 4108 τοιούτῳ
785 4036 934 4108 αὐτῷ
981 4034 1505 4107 ἀντιμετρηθήσεται
1557 4032 1845 4104 οὐρανόθεν

268 4127 513 4192 δικαίως.
553 4127 808 4181 Ἐκείνων
851 4126 910 4181 δὲ
942 4126 1219 4180 παθόντων
1248 4124 1317 4178 τά
1350 4124 1439 4178 ῐσα
1472 4125 1566 4178 καὶ
1597 4118 1672 4179 ὧν
1705 4120 1846 4196 ἦσαν

271 4218 438 4285 ἄξιοι,
470 4220 535 4273 σὺ
563 4218 620 4272 δὲ
651 4218 897 4289 είσέρχου
938 4219 1018 4281 είς
1057 4216 1148 4270 τὺν
1176 4217 1365 4286 νοητὸν
1405 4214 1694 4287 νυμφῶνα,
1740 4217 1837 4268 ὲπ-

270 4308 484 4362 ακούων
514 4308 645 4379 παρ’
676 4308 810 4379 ἐμοῦ
857 4309 957 4378 τῆς
997 4307 1383 4378 εύκταιοτάτης
1423 4306 1637 4377 φωνῆς·
1690 4325 1710 4357 ι
1749 4302 1845 4375 Εὖ,

271 4399 421 4453 δοῦλε
454 4399 629 4468 ἀγαθὲ
660 4400 753 4452 καὶ
782 4399 957 4464 πιστὲ,
987 4398 1078 4451 ἐπὶ
1102 4397 1257 4467 ὀλίγα
1280 4394 1348 4469 ἧς
1376 4396 1585 4461 πιστὸς,
1612 4398 1706 4450 ἐπὶ
1727 4396 1849 4450 πολ-

273 4488 376 4543 λῶν
406 4507 468 4543 σε
496 4491 826 4562 καταστήσω
841 4507 854 4520 ⁶
880 4488 1087 4541 εἴσελθε
1115 4492 1195 4553 είς
1215 4487 1313 4561 τὴν
1333 4487 1505 4561 χαράν
1525 4486 1618 4541 τοῦ
1640 4488 1845 4560 Κυρίου

276 4598 386 4636 σου.
432 4603 454 4636 ι

340 4675 395 4730 7.
436 4669 594 4737 Εἶτα,
625 4673 1004 4745 πληρωθείσης
1031 4674 1125 4727 καὶ
1149 4673 1352 4743 ταύτης
1371 4673 1471 4743 τῆς
1491 4674 1842 4745 ἀποφάσεως,

275 4765 611 4837 εἰσέρχονται
651 4764 747 4817 καλ⁵
772 4762 842 4816 τά
867 4761 1220 4835 ἀναιρεθέντα
1252 4762 1436 4815 παιδία
1476 4763 1534 4815 ἐν
1577 4763 1845 4835 Βηθλεὲμ,

275 4855 484 4925 βοῶντα
521 4856 619 4908 καὶ
649 4851 892 4922 λέγονταο
937 4853 1124 4926 Κύριε,
1165 4855 1259 4909 καὶ
1293 4856 1452 4925 ἡμεῖς
1482 4853 1568 4907 διά
1598 4854 1659 4907 τὸ
1681 4854 1852 4925 δνομά

278 4963 369 5000 σου
420 4946 633 5016 ξίφεσιν
681 4945 1027 5017 ἀνῃρέθημεν
1072 4945 1176 4999 ὑπὸ
1212 4945 1304 4998 τοῦ
1349 4944 1710 4998 ἀσεϐεστάτου
1756 4946 1850 5000 καὶ

276 5039 594 5110 παρανόμου
638 5036 898 5109 Ἡρώδου.
959 5037 1018 5089 '0
1058 5037 1116 5090 δὲ
1166 5036 1494 5106 Μονογενής·
1541 5036 1604 5088 Ei
1644 5036 1711 5089 δι’
1750 5038 1852 5108 ἐμὲ

277 5131 607 5203 ὑπεμείνατε
627 5128 717 5182 τὸν
741 5127 1045 5200 ὲπικέρδιον
1069 5126 1294 5182 θάνατον
1318 5131 1412 5183 καὶ
1432 5129 1734 5201 προύχοντα
1753 5130 1853 5199 τῆς

278 5222 442 5293 ζωῆς,
475 5222 581 5276 κᾶν
612 5221 780 5293 μυρία
807 5221 970 5292 μέρη,
1005 5219 1078 5291 μὴ
1108 5220 1382 5285 λυπεῖσθε,
1419 5222 1619 5285 εἰδότες
1645 5220 1851 5291 σαφῶς,

278 5311 356 5365 ὃτι
384 5315 431 5366 oi
460 5313 528 5366 δι’
553 5311 657 5382 ἐμὲ
692 5310 1125 5383 ἀποθνήσκοντες
1146 5311 1207 5363 οὐ
1240 5310 1673 5381 καταθνήσκουσι
1717 5311 1850 5382 (διν

281 5401 409 5465 ζῶσι
430 5404 540 5477 γὰρ
569 5404 652 5466 εἰς
669 5401 761 5455 τὸν
792 5402 984 5456 αἰῶνα.
1008 5402 1171 5456 Ὅθεν
1201 5400 1405 5455 κελεύω
1429 5402 1519 5456 τὸν
1554 5404 1651 5473 μὲν
1682 5402 1857 5475 Ἦρὼ-

348 5541 392 5573 "
432 5540 536 5597 lsa.
573 5556 741 5603 xxxv,
777 5540 863 5595 10.
936 5541 983 5573 ’⁷
1022 5539 1182 5595 Prov.
1216 5557 1363 5605 xvu,
1400 5542 1483 5597 15.

343 5656 476 5728 (51⁸)
511 5656 652 5724 Quis
680 5657 749 5712 sit
777 5658 985 5721 ὲκεῖιος
1022 5673 1131 5712 non
1171 5657 1346 5714 video.
1403 5659 1507 5713 nisi
1563 5658 1700 5715 forte
1738 5657 1847 5714 Na-

281 5727 445 5783 buthe
495 5728 861 5797 designetur:
904 5728 1182 5797 sequentia
1206 5729 1348 5797 enim
1383 5730 1693 5785 nullomcdo
1733 5732 1843 5783 Ma-

283 5800 424 5854 nassi
458 5795 756 5854 convenire
785 5795 1033 5866 possunt.
1064 5796 1217 5851 Euir.
1251 5795 1491 5854 Pnaou.

1874 4533 1925 4592 ι)

1940 1942 2131 2013 optas?
2154 1942 2252 1997 Cui
2276 1945 2536 2015 propheta
2569 1964 2583 2001 :
2615 1945 2760 2001 lnfer
2789 1947 2923 2017 ipsis
2952 1947 3096 2018 quod
3129 1949 3394 2019 scriptum
3423 1960 3507 2005 est

1941 2033 1998 2087 in
2026 2032 2373 2091 Proverbiis:
2412 2056 2429 2088 ι
2472 2037 2574 2104 Qui
2615 2038 2795 2093 reddit
2832 2040 3030 2094 malum
3070 2056 3168 2111 pro
3193 2043 3360 2107 bono,
3393 2060 3503 2097 non

1940 2124 2194 2180 recedent
2237 2127 2378 2181 mala
2424 2127 2493 2183 de
2526 2129 2690 2184 domo
2735 2131 2853 2199 ejus
2881 2132 2948 2187 ”.
2986 2151 3004 2184 ι
3052 2131 3350 2203 Respondit
3381 2132 3509 2189 Uni-

1939 2218 2154 2288 genitus
2182 2238 2195 2273 :
2225 2218 2458 2275 Absurdi
2488 2222 2622 2275 nihil
2657 2224 2965 2291 postulasti.
3008 2223 3147 2280 Ecce
3195 2242 3305 2281 non
3354 2243 3506 2283 rece—

1939 2302 2071 2359 dent
2104 2307 2242 2360 mala
2279 2306 2349 2363 de
2375 2306 2537 2365 domo
2560 2309 2892 2378 Iudaeorum,
2924 2326 3045 2383 quae
3073 2322 3157 2370 est
3177 2313 3503 2379 Jerusalem.

1940 2394 2113 2451 donec
2140 2411 2171 2450 a
2206 2397 2575 2456 fundamentis
2595 2400 2892 2459 desoletur.
2922 2402 3002 2459 Tu
3021 2420 3183 2476 porro
3205 2406 3261 2461 in
3282 2408 3507 2462 minime

1942 2494 2175 2559 angusto
2203 2489 2434 2547 Abrahae
2453 2492 2577 2548 sinu
2607 2494 2909 2566 requiesce.

2011 2743 2067 2801 6.
2108 2744 2222 2802 Hac
2244 2754 2427 2803 autem
2458 2749 2706 2806 absoluta
2739 2753 3040 2820 sententia,
3074 2754 3376 2827 ingreditur
3401 2756 3500 2811 Za-

1942 2838 2160 2896 charias
2192 2841 2452 2911 propheta
2478 2844 2834 2900 exclamans:
2864 2844 3126 2912 Domine,
3171 2863 3258 2903 me
3291 2863 3507 2921 quoque

1944 2931 2158 2997 audias,
2182 2948 2387 3004 quaeso,
2423 2934 2655 2991 libenter
2680 2945 2735 2992 et
2762 2953 2918 3008 aequo
2968 2938 3172 2994 animo.
3226 2939 3503 3011 Loquere.

1944 3027 2020 3081 ait
2042 3025 2388 3099 Unigenitus.
2416 3030 2679 3085 adversus
2709 3046 2805 3086 eos
2838 3031 2931 3102 qui
2955 3042 3007 3087 te
3030 3031 3227 3101 injuria
3258 3033 3503 3090 affecere.

1944 3117 2042 3174 Cui
2075 3117 2404 3175 Zacharias:
2436 3120 2538 3187 Qui
2568 3138 2654 3178 me
2691 3124 2947 3178 laeserunt
2972 3131 3099 3178 sunt
3122 3125 3395 3196 principes
3422 3142 3509 3181 sa-

1942 3211 2222 3267 cerdotum
2250 3252 2265 3277 ,
2316 3212 2560 3285 legisque
2604 3215 2875 3271 doctores.
2924 3215 3065 3283 Quid
3110 3218 3240 3273 illud
3291 3226 3395 3284 est,
3435 3220 3511 3272 ait

1944 3301 2290 3374 Unigenitus,
2324 3305 2379 3359 in
2411 3322 2521 3376 quo
2550 3313 2604 3361 te
2637 3306 2895 3363 laeserunt
2933 3309 3210 3379 principes
3258 3310 3513 3365 sacerdo-

1942 3401 2057 3449 tum
2088 3409 2152 3450 ac
2178 3396 2309 3466 legis
2337 3395 2629 3453 doctores?
2671 3398 2771 3453 Cui
2808 3397 3143 3455 Zacharias:
3179 3399 3513 3457 Deciderunt

1943 3501 2031 3542 me
2059 3486 2202 3542 inter
2238 3487 2496 3557 templum
2527 3496 2581 3543 et
2602 3489 2771 3544 altare
2806 3489 3036 3561 (52-53).
3080 3489 3315 3562 Sanguis
3346 3508 3512 3562 porro

1945 3596 2099 3636 meus
2122 3581 2177 3635 in
2215 3590 2368 3652 petra
2406 3591 2694 3639 concretus
2723 3594 2839 3648 est,
2874 3584 2929 3638 in
2969 3593 3346 3655 argumentum
3384 3601 3511 3640 san-

1945 3673 2178 3744 guinarii
2217 3688 2405 3727 eorum
2450 3675 2683 3729 consilii.
2740 3675 3044 3731 laetentur
3089 3691 3218 3745 ergo
3243 3676 3401 3747 391
3457 3685 3513 3731 et

1948 3762 2073 3832 ipsi.
2104 3762 2181 3816 ait
2209 3760 2533 3833 Unigenitus
2561 3803 2576 3829 ,
2606 3764 2711 3820 sub
2748 3765 2904 3819 altari
2952 3780 2983 3818 a
3029 3762 3291 3820 Romanis
3318 3784 3331 3820 :
3384 3781 3511 3820 nam

1945 3869 2044 3924 per
2103 3869 2223 3923 quae
2268 3854 2391 3923 quis
2436 3865 2646 3926 peccat,
2694 3870 2792 3926 per
2852 3856 2965 3912 haec
3008 3864 3064 3912 et
3102 3857 3376 3926 punietur.
3447 3856 3514 3910 Et

1946 3958 2054 4014 qua
2113 3944 2344 4014 quisque
2392 3960 2647 4001 mensura
2704 3946 3012 4017 proximum
3079 3962 3238 4002 suum
3287 3962 3514 4002 mensus

1947 4036 2132 4100 fuerit,
2163 4036 2351 4091 eadem
2381 4036 2498 4107 ipsa
2527 4038 2651 4108 jure
2679 4038 2785 4109 ipsi
2823 4039 3042 4095 caelitus
3072 4040 3407 4097 remetietur.
3440 4039 3514 4093 lis

1949 4136 2129 4187 autem
2178 4131 2339 4203 digna
2395 4133 2694 4189 sceleribus
2745 4135 2861 4190 suis
2924 4137 3295 4206 patientibus,
3341 4150 3403 4192 tu
3442 4138 3511 4192 ad

1949 4222 2285 4290 spiritualem
2335 4224 2520 4293 sponsi
2560 4223 2853 4278 thalamum
2898 4215 3060 4289 intra,
3107 4227 3335 4283 audiens
3369 4242 3400 4282 a
3427 4242 3514 4282 meo

1948 4312 2345 4382 Optatissimam
2384 4313 2528 4368 illam
2558 4327 2783 4368 vocem:
2823 4332 2842 4365 ι
2865 4312 3047 4384 Euge,
3098 4330 3253 4370 serve
3289 4316 3433 4371 bone
3460 4326 3515 4372 et

1949 4400 2145 4472 ﬁdelis,
2179 4419 2343 4473 super
2398 4418 2566 4483 pauca
2620 4405 2771 4461 luisti
2820 4404 3025 4470 ﬁdelis,
3060 4423 3224 4477 super
3253 4409 3424 4463 multa
3461 4418 3517 4462 te

1949 4496 2278 4551 constituam
2314 4514 2327 4550 :
2371 4496 2511 4550 intra
2537 4496 2590 4550 in
2620 4498 2875 4568 gaudium
2912 4498 3125 4554 Domini
3150 4501 3228 4554 tui
3250 4502 3316 4555 ".
3347 4520 3367 4554 ι

2018 4673 2073 4730 7.
2113 4672 2374 4728 Absoluta
2405 4687 2535 4742 ergo
2571 4680 2625 4727 et
2673 4673 2776 4728 hac
2805 4673 3098 4736 sententia,
3135 4672 3519 4743 ingrediuntur

1950 4766 2188 4821 infantes
2219 4765 2272 4819 iu
2304 4764 2613 4820 Bethlehem
2638 4765 2788 4823 caesi.
2817 4766 3118 4820 clamantes
3143 4779 3207 4819 ac
3228 4764 3472 4820 dicentes
3499 4781 3512 4815 :

1953 4853 2199 4919 Domine,
2250 4866 2352 4908 nos
2401 4853 2565 4928 etiam
2615 4861 2833 4921 propter
2892 4866 3087 4906 nomen
3141 4860 3294 4906 tuum
3337 4853 3519 4922 gladio

1951 4944 2120 5000 occisi
2162 4959 2352 4999 sumus
2384 4945 2454 4997 ab
2493 4942 2816 5012 impiissimo
2845 4949 2898 4997 et
2934 4943 3169 4998 scelesto
3204 4942 3416 4998 Herode
3448 4945 3516 4999 θ’.

1952 5038 2088 5090 Tum
2135 5035 2459 5106 Unigenitus
2509 5053 2522 5088 :
2569 5033 2624 5087 Si
2665 5041 2885 5103 propter
2925 5048 3010 5087 me
3049 5034 3335 5102 perutilem
3370 5034 3515 5088 illam

1953 5135 2006 5183 et
2034 5127 2337 5182 sexcenties
2354 5127 2463 5179 vita
2493 5127 2760 5195 potiorem
2791 5131 3022 5179 mortem
3055 5123 3419 5186 sustinuistis,
3450 5140 3520 5180 nc

1954 5218 2372 5282 contristemini,
2400 5218 2568 5287 probe
2619 5218 2877 5281 scientes,
2915 5231 3009 5271 eos
3060 5217 3155 5286 qui
3200 5216 3306 5271 mei
3354 5230 3521 5270 causa

1952 5310 2265 5365 moriuntur
2292 5324 2401 5363 non
2437 5316 2611 5364 morte
2635 5308 2887 5373 detineri,
2924 5308 3113 5361 vivunt
3151 5309 3294 5364 enim
3329 5310 3383 5363 in
3421 5325 3522 5364 sre-

1954 5403 2157 5457 culum.
2189 5401 2534 5471 Quapropter
2562 5399 2829 5455 Herodem
2859 5400 3078 5470 quidem
3114 5400 3280 5470 jubeo
3326 5415 3521 5457 novem

1560 5543 1606 5575 ’⁸
1645 5542 1832 5597 Matth.
1869 5558 1993 5608 xxv,
2027 5542 2120 5607 21,
2153 5540 2245 5595 23.
2319 5541 2365 5573 ”
2404 5539 2590 5594 Matth.
2631 5556 2690 5605 ιι,
2726 5538 2813 5594 16.

2023 5660 2231 5733 (53-55)
2260 5658 2648 5721 Tertullianus.
2689 5656 3000 5725 Scorpiace;
3048 5659 3118 5713 cf.
3185 5659 3522 5733 Ιιίεινοιιςῑῖη

1954 5732 2003 5782 in
2039 5730 2232 5783 Manli.
2275 5748 2325 5783 c.
2362 5742 2515 5783 um.

2026 5800 2135 5871 (54)
2178 5799 2332 5871 Reg,
2356 5799 2455 5852 οὑκ
2485 5796 2905 5870 ἀποθνήσκουσι.
