4022 6382
543 395 675 455 1071

1664 399 1719 454 S.
1761 401 2224 462 ATIIANASIUS.
2263 435 2334 448 —
2373 406 2642 464 SPURIA.

3649 413 3778 470 lt)"

541 513 938 572 insanabilibus
975 511 1176 582 subjici
1225 513 1457 579 morbis,
1485 529 1584 570 vos
1611 529 1741 570 vero
1778 515 2079 574 victorioso

2200 521 2298 590 δην
2332 524 2702 598 ὑποϐληθῆναι
2732 529 2842 594 τοῖς
2879 528 3034 583 ἐννέα
3069 529 3309 596 ἀνιάτοις
3348 529 3609 596 πάθεσιν,
3641 531 3780 602 ὑμᾶς

539 624 661 663 rum
697 617 994 679 martyrum
1026 605 1255 662 choreis
1299 607 1671 674 annumerari,
1695 623 1820 665 cum
1849 609 1986 682 ipsis
2021 613 2104 667 vi-

537 700 726 756 ctoria:
762 713 986 754 carmen
1015 697 1412 755 modulaturos.

605 792 658 847 8.
699 790 951 847 Omnium
992 797 1270 860 postrema
1319 790 1626 862 ingreditur
1660 789 1905 848 Ecclesia
1929 832 1946 858 ,
1979 808 2104 864 quae

534 881 790 952 abnegari
841 896 948 934 non
987 887 1163 952 potest
1192 898 1208 948 ;
1261 897 1426 952 quam
1457 883 1810 952 conspicatus
1845 882 2104 954 [inigeni—

532 981 620 1028 tus
651 973 728 1026 ait
763 993 776 1027 :
812 969 892 1027 Tu
933 987 1062 1026 vexo
1097 971 1229 1042 quid
1264 972 1453 1038 habes,
1484 987 1687 1042 sponsa
1730 988 1872 1038 mea,
1907 974 2102 1028 imma-

529 1067 709 1121 culata
759 1065 891 1130 lilia,
948 1064 1273 1120 intemerata
1335 1063 1532 1134 virgo?
1581 1062 1719 1117 Tum
1775 1063 2023 1119 Ecclesia
2079 1079 2093 1117 :

527 1153 812 1210 Erumnis
859 1169 1098 1226 premor,
1131 1168 1304 1226 quare
1349 1168 1502 1222 rogo,
1540 1171 1560 1205 ι
1599 1151 1814 1222 Indica,
1844 1153 2096 1222 Domine,

527 1259 788 1304 nocentes
835 1263 942 1311 me,
985 1262 1240 1317 expugna
1284 1247 1668 1316 impugnantes
1721 1261 1807 1302 me
1839 1245 1882 1300 ⁸.
1931 1264 1950 1297 ι
1995 1245 2098 1300 Cui

526 1340 854 1411 Unigenitus
891 1357 906 1394 ι
953 1337 1137 1408 Ecqua
1170 1337 1238 1392 de
1272 1351 1440 1392 causa
1491 1337 1870 1407 impugnaris?
1919 1336 2098 1393 Dicito

529 1434 664 1489 mihi
701 1441 757 1488 et
793 1431 1096 1486 declarato.
1141 1429 1456 1500 lmpugnor,
1489 1429 1666 1500 inquit
1693 1427 1960 1496 Ecclesia,
1991 1429 2098 1485 Do-

526 1527 694 1592 mine,
721 1524 794 1580 ob
820 1530 1069 1580 exactam
1114 1522 1551 1592 evangelicorum
1595 1522 2097 1592 dogmatum,veri-

521 1625 729 1680 tatem,
796 1621 964 1686 atque
1028 1611 1450 1666 celebrationem
1506 1611 1620 1667 veri
1680 1619 1734 1667 et
1797 1613 2093 1669 immobilis

521 1703 810 1760 Paschalis
869 1721 883 1758 :
939 1710 994 1756 et
1044 1700 1115 1756 ob
1162 1701 1523 1756 venerandam
1571 1717 1637 1756 ac
1687 1703 2091 1758 immaculatam

520 1803 672 1850 tuam
717 1793 1034 1864 imaginem,
1065 1807 1229 1861 quam
1263 1791 1454 1846 deiferi
1488 1791 1620 1845 mihi
1656 1793 1893 1864 apostoli
1919 1795 2090 1848 tradi-

2201 612 2260 668 δὲ
2283 619 2650 691 καταταγῆναι
2675 621 2733 674 ἐν
2751 623 2871 686 ταῖς
2895 622 3134 694 χορείαις
3157 621 3270 676 τῶν
3292 621 3617 696 ἀθλοφόρων
3647 643 3780 698 μαρ-

2199 705 2401 778 τύρων,
2436 709 2792 777 κελαδοῦντας
2819 714 2937 784 μετ’
2968 713 3148 768 αὐτῶν
3184 714 3275 768 τὸν
3300 715 3572 770 ἐπινίκιον
3595 715 3772 786 ὕμνον.

2271 797 2325 851 8.
2366 799 2683 855 Τελευταῖον
2705 801 2760 855 δέ
2789 802 3003 857 πάντων
3029 803 3333 876 εἰσέρχεται
3363 807 3460 859 καὶ⁵
3483 806 3517 877 ή
3549 807 3772 877 ἀνεξάρ·

2201 904 2359 958 νητος
2403 891 2717 964 Ἐκκλησία,
2765 894 2830 965 ἣν
2872 895 2968 948 καὶ
3011 895 3349 966 θεασάμενος
3393 897 3423 948 ό
3468 898 3774 971 Μονογενὴς

2199 979 2366 1050 λέγει·
2406 983 2552 1037 Σὺδέ
2587 984 2640 1038 τί
2683 984 2846 1057 ἔχεις,
2880 989 2914 1058 ή
2961 986 3069 1059 ἐμὴ
3114 988 3297 1060 νύμφη
3341 989 3438 1043 καὶ
3483 991 3518 1062 ή
3565 991 3772 1062 ἀμύσα-

2175 1061 2326 1136 ’κτος
2354 1073 2466 1145 (55)
2505 1075 2665 1147 κόρη,
2714 1078 2808 1131 καὶ
2839 1079 2872 1150 ἠ
2911 1079 3240 1149 ἀκηλίδωτος
3274 1061 3580 1152 παρθένος;
3612 1061 3690 1136 ῨἩ
3719 1082 3772 1136 δὲ

2215 1164 2509 1235 Ἐκκλησία
2527 1184 2540 1198 ·
2558 1167 2868 1240 Λυποῦμαι,
2895 1169 3112 1224 δι’ὂκαί
3138 1189 3300 1243 φημι·
3335 1193 3353 1225 ι
3377 1173 3636 1238 Δίκασον,
3665 1175 3770 1228 Κύ-

2201 1271 2305 1324 ριε,
2339 1257 2465 1320 τοὺς
2495 1255 2813 1322 ἀδικοῦντάς
2842 1275 2932 1330 με,
2967 1260 3275 1332 πολέμησον
3312 1263 3442 1328 τοὺς
3472 1263 3769 1334 πολεμοῦν-

2195 1344 2294 1408 τάς
2329 1363 2416 1416 με.
2449 1367 2468 1399 ι
2517 1348 2582 1400 '0
2621 1347 2678 1401 δὲ
2711 1335 3047 1420 Μονογενής·
3084 1353 3194 1406 Καὶ
3229 1352 3319 1407 διά
3358 1354 3412 1408 τί
3453 1355 3765 1426 πολεμήσῃς

2193 1434 2332 1504 Λέγε
2375 1435 2468 1488 καὶ
2503 1437 2848 1508 φανεροποίει
2881 1440 2980 1511 τὴν
3014 1440 3214 1494 αἰτίαν.
3255 1443 3322 1496 Ἦ
3353 1443 3412 1497 δὲ
3455 1445 3764 1517 Ἐκκλησία·

2192 1521 2558 1594 Πολεμοῦμαι,
2577 1526 2842 1594 Δέσποτα,
2869 1528 2958 1582 διὰ
2978 1527 3075 1600 τὴν
3097 1530 3384 1603 ἀκρίϐειαν
3413 1534 3522 1587 τῶν
3548 1536 3768 1604 εὐαγγε-

2191 1611 2354 1666 λικῶν
2382 1614 2690 1687 δογμάτων,
2739 1619 2834 1673 καὶ
2871 1619 2970 1691 τὴν
3011 1621 3232 1692 ποίησιν
3267 1623 3363 1677 τοῦ
3393 1625 3652 1696 ἀληθινοῦ
3681 1627 3768 1682 καὶ

2191 1702 2406 1773 βεϐαίου
2430 1706 2640 1776 Πάσχα,
2667 1709 2760 1762 καὶ
2780 1708 2867 1763 διὰ
2891 1709 2990 1780 τὴν
3015 1712 3224 1784 σεπτὴν
3257 1713 3352 1766 καὶ
3376 1714 3648 1786 ἄχραντόν
3675 1735 3762 1772 σου

2187 1793 2390 1858 εἰκόνα,
2441 1795 2508 1866 ἦν
2564 1813 2656 1867 μοι
2701 1798 3022 1868 παρέδωκαν
3075 1801 3127 1854 oi
3185 1801 3431 1876 θεοφόροι
3485 1805 3762 1861 ἀπόστολοι

519 1885 740 1952 derunt,
769 1894 828 1941 ut
855 1901 974 1941 eam
1003 1898 1362 1948 asservarem,
1401 1883 1562 1938 veluti
1591 1885 1897 1955 exemplum
1923 1894 2079 1956 atque

2187 1888 2436 1970 κατέχειν
2477 1887 2646 1961 αὐτὴν
2685 1891 2765 1953 είς
2802 1890 3164 1962 ὑπογραμμὸν
3189 1892 3300 1963 (56)
3343 1895 3439 1948 καὶ
3477 1896 3762 1968 ἀρραϐῶνα

518 1982 718 2052 pignus
748 1987 856 2034 tua:
877 1977 931 2032 in
959 1991 1125 2032 carne
1155 1976 1498 2030 oeconomiae.
1541 1974 1678 2030 Tum
1714 1975 2038 2048 Unigenitus
2070 1997 2085 2033 :

515 2072 668 2128 Licet
689 2087 754 2128 ea
780 2071 848 2127 de
876 2084 1046 2125 causa
1080 2067 1438 2139 impugnet-is,
1470 2084 1539 2124 ne
1567 2069 1809 2124 animum
1847 2069 2086 2143 despon-

515 2165 666 2230 deas,
689 2178 790 2219 nec
837 2171 1016 2219 mente
1054 2169 1148 2217 aut
1188 2162 1372 2216 animo
1402 2160 1718 2231 defatigere.
1762 2159 1900 2216 Illud
1935 2163 2082 2218 enim

513 2255 863 2312 manifestum
888 2263 992 2318 est,
1031 2255 1262 2318 scilicet,
1299 2253 1394 2325 qui
1441 2252 1671 2318 Pascha,
1701 2261 1794 2308 aut
1821 2254 2084 2309 immacu-

511 2347 678 2404 latam
724 2364 898 2404 meam
945 2347 1234 2419 imaginem
1276 2346 1642 2419 abnegaverit,
1682 2355 1736 2402 et
1776 2363 1876 2418 ego
1916 2347 2084 2402 abne-

508 2439 648 2511 gabo
679 2455 801 2494 eum
835 2455 1020 2496 coram
1048 2439 1260 2495 ccclein
1292 2437 1456 2494 Patre
1488 2454 1630 2504 meo,
1660 2446 1716 2494 et
1742 2439 1932 2496 electis
1960 2441 2082 2511 ejus

510 2529 740 2600 angelis.
768 2528 874 2596 Qui
917 2545 1048 2584 vero
1095 2535 1288 2583 contra
1335 2544 1546 2584 mecum
1600 2545 1706 2584 una
1758 2531 1964 2600 patitur
2011 2531 2082 2586 ob

507 2619 756 2685 Pascha,
795 2621 845 2678 is
887 2620 1411 2690 conglorilicabitur.
1461 2622 1657 2676 Annon
1705 2621 1905 2676 audisti
1950 2623 2081 2694 quid

509 2713 854 2785 praeceperim
901 2712 1199 2784 legislatori
1244 2711 1448 2783 Moysi:
1485 2709 1592 2766 Fac
1624 2712 1754 2768 mihi
1796 2712 1906 2767 duo
1952 2714 2081 2770 che-

509 2805 688 2860 rubim
729 2805 782 2860 in
815 2805 1169 2860 tabernaculo
1221 2803 1521 2859 testimonii
1566 2805 1609 2867 ²,
1649 2804 1716 2858 ad
1761 2805 2081 2876 praesigniﬁ-

505 2896 736 2952 candam
796 2896 1084 2967 imaginem
1140 2896 1476 2951 meam?Et
1536 2913 1754 2951 rursum
1809 2913 1934 2952 cum
1992 2914 2080 2954 me

507 2993 780 3042 tentarent
817 2985 988 3040 Judaei
1019 2987 1264 3042 dicentes
1303 3006 1316 3042 ς
1355 3004 1372 3035 ι
1401 2986 1684 3059 Magister,
1718 2987 1914 3042 licetne
1947 3003 2079 3044 cen-

508 3092 628 3130 sum
645 3077 774 3132 dare
801 3075 1027 3144 Caesari,
1063 3093 1132 3132 an
1169 3079 1323 3134 non?
1359 3099 1379 3131 ι
1406 3078 1654 3134 dicebam
1686 3087 1865 3133 autem
1897 3080 2029 3150 ipsis
2059 3099 2074 3135 :

511 3187 531 3218 ι
566 3169 846 3224 Oslendile
875 3169 1008 3222 mibi
1040 3169 1335 3234 numisma,
1370 3189 1390 3222 ι
1418 3179 1471 3224 et
1503 3169 1678 3224 dicam
1706 3171 1881 3227 vobis.
1906 3171 1976 3226 At
2001 3172 2076 3226 illi

2185 1977 2287 2047 τῆς
2333 1979 2600 2051 ἐνσάρκου
2643 1979 2954 2051 οἰκονομίας
3003 1998 3116 2036 σου.
3163 1983 3219 2037 '0
3252 1983 3309 2036 δὲ
3340 1987 3673 2059 Μονογενής·
3702 1989 3760 2042 ΕΞ

2185 2070 2280 2122 καὶ
2298 2069 2384 2122 διὰ
2409 2071 2565 2124 τοῦτο
2591 2071 2893 2144 πολεμήσῃ,
2922 2071 2998 2142 μὴ
3013 2071 3300 2148 ἀθυμήσῃς
3324 2075 3356 2146 ἦ
3381 2077 3676 2150 ἀποκάμῃς
3697 2081 3758 2150 τῇ

2184 2161 2409 2233 διανοίᾳ,
2432 2162 2465 2233 ἢ
2494 2162 2572 2234 τῷ
2595 2162 2858 2234 λογισμῷ.
2904 2162 3031 2216 Ἰδοὺ
3053 2164 3162 2235 γὰρ
3187 2165 3398 2234 σαφῶς,
3420 2168 3504 2220 ὅτι
3533 2171 3563 2222 ό
3592 2171 3760 2240 ἀπαρ-

2183 2251 2440 2322 νούμενος
2471 2253 2534 2306 τὸ
2565 2253 2758 2324 Πάσχα
2808 2254 2900 2307 καὶ
2947 2254 3044 2326 τὴν
3091 2255 3358 2325 ἄχραντόν
3406 2275 3511 2328 μου
3561 2261 3756 2324 εἰκόνα,

2183 2341 2338 2410 κάγὼ
2364 2343 2526 2397 αὐτὸν
2553 2346 2940 2416 ἀπαρνήσομαι
2975 2345 3280 2416 ἔμπροσθεν
3316 2348 3412 2400 τοῦ
3441 2349 3754 2421 ἐπουρανίου

2186 2451 2286 2504 μου
2317 2434 2550 2506 Ηατρὸς,
2599 2435 2694 2489 καὶ
2735 2435 2842 2490 τῶν
2883 2435 3153 2490 ἐκλεκτῶν
3191 2437 3357 2491 αὑτοῦ
3391 2439 3658 2508 ἀγγέλων.
3703 2442 3755 2496 ’0

2178 2523 2236 2576 δὲ
2264 2524 2424 2579 πάλιν
2455 2528 2788 2598 συμπάσχων
2811 2544 2898 2598 μοι
2917 2527 3004 2581 διὰ
3024 2527 3348 2600 τοῦἨάσχα,
3379 2531 3478 2583 καὶ
3510 2531 3752 2598 συνδοξά-

2182 2634 2352 2670 σεται.
2391 2619 2460 2670 ’Ἡ
2492 2619 2591 2672 οὐκ
2622 2620 2854 2691 ἤκουσας
2892 2619 2954 2672 τὸ
2973 2658 2988 2682 ,
3037 2620 3090 2674 τί
3136 2619 3468 2693 διεταξάμην
3500 2623 3579 2694 τῷ
3604 2639 3751 2694 νομο-

2181 2707 2308 2778 θέτῃ
2340 2709 2512 2780 Μωσῇ
2533 2725 2549 2741 ·
2584 2708 2812 2781 Ποίησόν
2847 2726 2937 2780 μοι
2969 2708 3064 2763 δύο
3094 2711 3377 2782 Χερουϐὶμ
3404 2714 3462 2766 ἐν
3490 2716 3557 2786 τῇ
3590 2717 3748 2784 σκηνῇ

2178 2799 2273 2853 τοῦ
2301 2801 2618 2874 μαρτυρίου,
2647 2803 2728 2866 εἰς
2755 2805 3092 2875 προμήνυσιν
3109 2805 3218 2874 (57)
3232 2807 3332 2876 τῆς
3347 2807 3491 2880 ἐμῆς
3520 2809 3747 2872 εἰκόνος;

2180 2889 2290 2942 Καὶ
2325 2889 2506 2956 πάλιν,
2539 2892 2627 2945 ὅτε
2671 2909 2739 2962 με
2773 2892 3059 2964 ἐπείραζον
3091 2895 3141 2947 oi
3200 2895 3442 2949 Ἰουδαῖοι
3489 2896 3742 2966 λέγοντες·

2185 2999 2202 3034 ι
2242 2981 2558 3048 Διδάσκαλε,
2584 2983 2790 3050 ἔξεστιν
2813 2987 2944 3055 ἡμῖν
2965 2983 3132 3038 δῶσαι
3157 2985 3357 3056 κῆνσον
3381 2986 3460 3058 τῷ
3493 2988 3740 3058 Καίσαρι,

2179 3073 2213 3145 ἢ
2251 3072 2346 3142 οὓς
2385 3093 2403 3127 ι
2453 3070 2606 3129 εἷπον
2646 3074 2702 3128 δέ
2745 3073 2880 3147 πρὸς
2926 3074 3141 3140 αὐτούς·
3208 3095 3227 3128 ι
3275 3077 3621 3144 ’Υποδείξατέ
3665 3095 3744 3149 μοι

2177 3167 2443 3238 νόμισμα,
2483 3185 2502 3218 ι
2549 3166 2644 3220 καὶ
2685 3165 2827 3236 λέγω
2871 3167 3017 3236 ὑμῖν·
3070 3168 3134 3221 Οἱ
3181 3167 3238 3221 δὲ
3287 3169 3624 3240 προσέφερόν
3664 3185 3743 3240 μοι

507 3260 822 3315 obtulerunt
850 3261 984 3316 mihi
1019 3262 1326 3324 denarium,
1367 3263 1589 3333 dixique
1638 3263 1791 3330 illis;
1839 3283 1858 3316 ι
1905 3264 2077 3334 Cujus

2180 3257 2448 3328 δηνάριον·
2481 3257 2576 3312 καὶ
2604 3257 2746 3326 λέγω
2771 3256 2905 3326 πρὸς
2933 3257 3150 3322 αὐτούς·
3183 3277 3202 3310 ι
3232 3259 3390 3324 Τίνος
3427 3259 3595 3314 εἰκὼν
3618 3261 3742 3330 αῦτη

503 3363 592 3406 est
641 3351 821 3423 imago
869 3353 982 3408 hac
1029 3362 1084 3408 ct
1121 3355 1556 3424 superscriptio?
1610 3373 1628 3406 ι
1682 3353 1880 3410 Dicunt
1923 3357 2000 3410 illi
2059 3373 2072 3410 :

511 3461 528 3490 ε
571 3441 849 3498 Caasaris:
888 3463 906 3494 ι
937 3453 990 3500 et
1013 3444 1268 3514 respondi
1293 3444 1398 3499 illis
1432 3463 1445 3499 :
1485 3462 1505 3496 ι
1539 3443 1772 3501 Reddite
1801 3462 1932 3518 ergo
1957 3463 2077 3518 qum

504 3544 632 3590 sunt
675 3533 928 3600 Caesaris,
973 3536 1198 3600 Caesari,
1237 3544 1292 3592 et
1333 3551 1455 3607 quae
1505 3546 1634 3592 sunt
1679 3537 1794 3605 Dei,
1830 3537 1944 3594 Deo
1975 3539 2016 3593 ³.
2049 3559 2069 3593 ι

504 3624 569 3679 Et
595 3641 811 3682 rursum
847 3625 914 3680 ad
959 3625 1177 3682 Petrum
1227 3647 1240 3682 :
1285 3645 1306 3678 ι
1347 3626 1494 3684 Vade
1528 3629 1596 3682 ad
1642 3644 1811 3695 mare,
1845 3638 1898 3685 et
1924 3631 2077 3688 mitte

505 3720 723 3773 hamum
767 3727 942 3784 tuum,
989 3729 1043 3774 et
1082 3735 1206 3776 eum
1241 3721 1449 3791 piscem
1495 3722 1589 3792 qui
1627 3722 1843 3793 primus
1881 3737 2075 3779 ascen-

501 3810 664 3876 derit,
703 3811 855 3882 aperi
891 3826 958 3882 os
985 3811 1127 3881 ejus,
1151 3821 1204 3866 et
1239 3813 1481 3868 invenies
1510 3820 1794 3882 staterem;
1825 3814 1888 3869 ia
1921 3815 2072 3870 illum

503 3913 599 3968 pro
634 3914 722 3956 me
763 3907 818 3955 et
850 3915 949 3971 pro
983 3909 1036 3957 te
1063 3904 1106 3956 ⁸.
1142 3923 1160 3954 ο
1197 3901 1312 3956 Hoc
1353 3912 1433 3958 est
1463 3905 1530 3959 da
1563 3905 1767 3960 mundo
1806 3922 1981 3962 meam
2019 3911 2074 3962 et

501 3994 651 4040 tuam
681 3987 992 4058 imaginem.
1045 3989 1238 4045 Nonne
1283 3992 1490 4047 audisti
1545 3994 1869 4050 monitorem
1915 4003 2072 4050 tuum

499 4074 729 4132 Paulum
773 4079 1043 4136 dicentem
1079 4097 1093 4132 :
1131 4099 1150 4132 ι
1192 4081 1250 4136 Si
1287 4092 1468 4139 tamen
1505 4085 1888 4156 compatimur,
1929 4096 1991 4142 ut
2019 4100 2073 4144 et

499 4167 970 4236 congiarilicemur
1002 4168 1067 4222 “‘i
1111 4188 1131 4219 ι
1180 4167 1248 4223 Ει
1299 4170 1368 4224 ad
1409 4170 1768 4227 Athenienses
1818 4193 1831 4228 :
1889 4190 1909 4224 ι
1968 4171 2072 4228 Per

494 4256 684 4310 omnia
711 4258 868 4327 quasi
895 4258 1392 4328 superstitiosiores
1414 4276 1512 4315 vos
1543 4260 1720 4316 video.
1747 4261 2072 4319 Praatericns

497 4346 646 4399 enim
693 4353 750 4401 et
787 4345 979 4402 videns
1013 4347 1308 4402 simulacra
1351 4355 1556 4415 vestra,
1603 4349 1783 4404 inveni
1827 4359 1882 4406 et
1917 4365 2070 4405 aram

499 4439 842 4510 inscriptam,
873 4437 1065 4512 ignoto
1096 4439 1205 4496 Deo
1237 4459 1250 4496 :
1277 4455 1439 4511 quem
1465 4456 1596 4512 ergo
1627 4443 2070 4514 vosignorantes

497 4533 699 4601 colitis,
745 4533 892 4589 hunc
947 4549 1048 4604 ego
1089 4535 1352 4588 annuntio
1385 4533 1541 4588 vobis
1575 4533 1616 4588 ⁸.
1653 4553 1673 4586 ι
1707 4531 1772 4588 Et
1803 4534 1872 4588 ad
1909 4533 2069 4589 Gala-

497 4634 580 4680 tas
611 4641 627 4679 :
667 4642 686 4676 ι
724 4622 770 4680 0
804 4623 1069 4680 insensati
1104 4621 1328 4692 Galatae,
1360 4623 1486 4694 quis
1509 4638 1606 4679 vos
1641 4621 1930 4680 fascinavit
1961 4637 2070 4679 non

493 4714 716 4772 obedire
747 4715 988 4782 veritati,
1013 4723 1141 4770 ante
1163 4731 1394 4786 quorum
1419 4715 1610 4772 oculos
1629 4712 1791 4771 Jesus
1815 4713 2068 4772 Christus

495 4807 846 4878 praescriptus
887 4816 990 4876 est,
1031 4815 1196 4878 atque
1229 4805 1524 4862 cruciﬁxus
1549 4805 1614 4860 '?
1666 4823 1686 4858 ι
1739 4803 1804 4860 Ει
1847 4805 1917 4862 ad
1960 4803 2068 4861 Co-

492 4897 730 4956 rinthios
764 4917 778 4956 :
829 4917 849 4950 ι
889 4896 947 4954 Si
975 4901 1099 4971 quis
1133 4913 1245 4953 non
1279 4897 1470 4954 adorat
1492 4897 1786 4954 Dominum
1811 4905 2062 4954 nostrum

491 4987 675 5046 Jesum
698 4991 999 5059 Christum,
1032 4991 1126 5062 qui
1160 4991 1306 5046 venit
1331 4991 1386 5045 in
1416 5007 1603 5056 carne,
1643 4992 1717 5048 sit
1747 4990 2060 5056 anathema,

493 5067 812 5138 maranatha
867 5085 908 5138 ⁸.
969 5103 990 5138 ι
1042 5083 1125 5140 Tu
1163 5099 1326 5148 vero,
1373 5095 1575 5154 sponsa
1625 5099 1780 5150 mea,
1843 5083 2064 5138 hortare

493 5171 631 5230 lilios
673 5181 798 5230 tuos
849 5184 906 5230 ut
951 5175 1006 5230 in
1046 5173 1340 5246 praeceptis
1381 5175 1520 5240 meis
1570 5181 1842 5241 maneant,
1884 5187 2061 5242 neque

493 5279 682 5336 regum
735 5267 846 5320 iras
901 5265 1248 5331 reformides,
1295 5274 1388 5320 aut
1435 5264 1613 5321 minas
1675 5271 2056 5335 tyrannorum,

574 5485 588 5514 ¹
637 5482 778 5538 Psal.
814 5502 1002 5550 xxxnv,
1041 5488 1091 5540 1.
1169 5488 1190 5518 ²
1228 5486 1400 5542 Exod.
1432 5503 1562 5548 xxv.
1599 5486 1688 5543 18.

495 5551 518 5585 ⁸
555 5554 674 5607 Art.
711 5570 844 5618 xvu,
877 5556 976 5623 22,
1008 5556 1102 5612 25.

721 5732 798 5810 με
829 5734 961 5810 ﬁes.
982 5736 1128 5810 Editi
1161 5753 1310 5797 vero.
1392 5739 1689 5810 ἐμυσαχθή.

570 5802 682 5874 (56)
721 5802 797 5860 lla
826 5802 958 5878 Reg.
982 5805 1124 5860 Editi
1147 5821 1296 5874 vero,
1326 5802 1687 5880 ὑπόγραμμα.

1805 5486 1826 5517 ³
1861 5484 2056 5540 Matth.
2090 5500 2240 5551 χιιι,
2276 5487 2464 5543 17-21.

1175 5557 1196 5588 ⁷
1234 5557 1412 5612 Galat.
1448 5572 1542 5626 tu,
1579 5555 1630 5612 1.
1707 5557 1730 5590 ⁸
1769 5556 1788 5610 1
1819 5556 1947 5612 Cor.
1983 5570 2072 5612 xw
2097 5595 2112 5623 ,
2147 5555 2239 5612 22.

2181 3347 2274 3400 καὶ
2293 3347 2614 3418 ὑπογραφῆς
2645 3364 2664 3398 ι
2691 3347 2754 3399 Οἱ
2777 3345 2832 3398 δὲ
2859 3340 3026 3399 εἷπον·
3059 3365 3078 3397 ι
3107 3347 3406 3420 Καίσαρος·
3439 3369 3458 3402 ι
3490 3352 3584 3404 καὶ
3605 3346 3742 3404 εἷπον

2179 3439 2316 3510 πρὸς
2342 3437 2557 3502 αὐτούς·
2592 3457 2612 3490 ι
2655 3437 2905 3491 Ἀπόδοτε
2935 3433 3027 3492 οὖν
3066 3438 3136 3492 τὰ
3181 3439 3453 3512 Καίσαρος
3494 3442 3573 3514 τῷ
3618 3443 3739 3496 Καί-

2179 3547 2327 3602 σαρι,
2353 3529 2448 3582 καὶ
2475 3529 2544 3584 τὰ
2571 3529 2662 3583 τοῦ
2696 3529 2830 3584 Θεοῦ
2854 3530 2932 3600 τῷ
2963 3530 3100 3603 Θεῷ.
3134 3551 3154 3584 ι
3189 3533 3299 3586 Καὶ
3321 3533 3484 3588 πάλιν
3509 3535 3641 3607 πρὸς
3659 3535 3741 3589 τὸν

2177 3621 2402 3694 Πέτρον·
2435 3641 2454 3673 ι
2499 3621 2757 3693 Πορεύου,
2802 3621 2962 3692 βάλλε
2993 3622 3288 3696 ἄγκιστρον
3313 3625 3393 3687 εἰς
3425 3627 3527 3698 τὴν
3559 3627 3740 3681 θάλασ-

2177 3728 2298 3776 σαν,
2329 3712 2426 3766 καὶ
2455 3713 2546 3767 τὸν
2587 3715 2738 3784 ἰχθὺν
2777 3714 2870 3768 τὸν
2912 3714 3113 3785 ἔχοντα.
3145 3715 3408 3784 ἀνελθεῖν,
3445 3717 3654 3783 ἄνοιξον
3688 3719 3741 3770 τὸ

2177 3803 2350 3874 στόμα
2366 3803 2550 3868 αὐτοῦ,
2575 3804 2668 3858 καὶ
2685 3805 2934 3876 εὑρήσεις
2951 3807 3213 3878 στατῆρα·
3241 3805 3328 3871 δὸς
3350 3808 3472 3862 ἀν·ιὺ⁸
3496 3808 3629 3880 ἐμοῦ
3657 3809 3738 3863 καὶ

2176 3895 2292 3952 σοῦ.
2308 3916 2326 3948 ι
2347 3897 2624 3966 Τοντέστι,
2652 3898 2742 3962 δὸς
2763 3898 2859 3970 τὴν
2880 3899 3066 3954 εἰκόνα
3083 3901 3182 3972 τὴν
3207 3902 3346 3974 ἐμὴν
3367 3905 3460 3956 καὶ
3480 3903 3580 3975 σὴν
3606 3905 3659 3956 ἐν
3671 3901 3738 3971 τῷ

2174 3988 2382 4060 κόσμῳ.
2417 3990 2489 4042 Ἣ
2525 3991 2626 4043 οὐκ
2667 3989 2906 4062 ἤκουσας
2937 3991 3030 4046 τοῦ
3075 3994 3376 4064 μνήστορός
3407 4011 3503 4048 σου
3537 3995 3734 4050 Παύλου

2171 4076 2439 4148 λέγοντος·
2479 4097 2498 4130 ι
2533 4079 2596 4132 Et
2642 4079 3057 4152 συμπάσχομεν,
3100 4082 3197 4146 ,ἵνα
3246 4083 3342 4137 καὶ
3384 4083 3736 4149 συνδοξασθῶ-

2175 4186 2312 4240 μεν;
2349 4189 2368 4220 ›
2397 4170 2490 4223 καὶ
2527 4169 2664 4240 πρὸς
2705 4170 3036 4242 Ἀθηναίους·
3073 4193 3092 4225 ι
3130 4173 3282 4228 Κατὰ
3320 4175 3500 4230 πάντα
3531 4175 3606 4240 ὡς
3633 4176 3732 4229 δει-

2175 4259 2673 4332 σιδαιμονεστέρους
2691 4260 2836 4332 ὑμᾶς
2865 4259 3076 4332 θεωρῶ.
3109 4263 3540 4335 Περιερχόμενος
3565 4268 3630 4320 τὰ
3654 4282 3732 4318 σε·

2172 4347 2425 4418 ϐἀσματα
2447 4348 2475 4400 ὐ
2483 4347 2620 4418 μῶν,
2644 4350 2701 4402 ἐν
2733 4342 2777 4417 ᾧ
2801 4348 2981 4421 βωμὸν
3003 4347 3160 4424 εὖρον
3177 4358 3193 4373 ⁶
3209 4353 3510 4424 γράφοντα·
3548 4355 3734 4425 Ἀγνώ-

2173 4453 2282 4508 στῳ
2310 4439 2448 4510 Θεῷ·
2476 4443 2571 4496 καὶ
2598 4442 2657 4498 ὃν
2688 4443 2847 4515 ὑμεῖς
2877 4445 3194 4515 ἀγνοοῦντες
3232 4447 3530 4516 εὐσεϐεῖτε,
3560 4451 3732 4506 τοῦτον

2171 4527 2298 4598 ὑμῖν
2337 4532 2712 4601 καταγγέλλω.
2735 4555 2754 4588 ›
2772 4536 2882 4589 Καὶ
2914 4535 3049 4608 πρὸς
3085 4536 3346 4602 Γαλάτας·
3389 4559 3406 4590 ι
3429 4537 3500 4594 Ὦ
3528 4541 3731 4612 ἀνόητοι

2101 4605 2145 4661 Ῑ)
2172 4619 2430 4688 Γαλάται,
2463 4623 2547 4688 τίς
2575 4624 2718 4695 ὑμᾶς
2759 4605 3057 4682 ἐϐάσκανεν
3099 4627 3173 4699 μὴ
3207 4628 3489 4685 πείθεσθαι
3517 4635 3584 4703 τῇ
3611 4605 3731 4702 ἀληο

2172 4710 2295 4784 θείᾳ
2314 4755 2329 4778 ,
2353 4708 2432 4779 οἷς
2455 4717 2575 4770 κατ’
2599 4717 2908 4790 ὀφθαλμοὺς
2940 4718 3144 4789 Ἰησοῦς
3166 4721 3399 4792 Χριστὸς
3423 4725 3726 4796 προεγράφη

2173 4804 2231 4859 ἐν
2265 4805 2412 4876 ὑμῖν,
2453 4807 2546 4862 καὶ
2588 4809 2744 4862 τοῦτο
2787 4809 3278 4882 ἐσταυρωμένος;›
3315 4813 3426 4867 Καὶ
3458 4815 3594 4888 πρὸς
3635 4817 3726 4869 Κο-

2172 4896 2427 4969 ρινθίους·
2463 4917 2480 4948 ι
2512 4898 2581 4952 Εἴ
2600 4917 2682 4963 τις
2710 4901 2771 4954 οὐ
2802 4903 3094 4973 προσκυνεῖ
3111 4901 3200 4955 τὸν
3221 4902 3424 4972 Κύριον
3445 4907 3602 4978 ἡμῶν
3639 4907 3728 4976 ’1ης

2171 4988 2296 5043 σοῦν
2329 4990 2560 5062 Χριστὸν
2593 4989 2881 5062 ἐληλυθότα
2905 4993 2962 5044 ἐν
2993 4993 3175 5064 σαρκὶ,
3207 4993 3320 5064 ἔχει
3349 4998 3532 5068 μαράν
3554 4997 3652 5052 eos
3675 4995 3730 5049 τὸ

2166 5081 2429 5151 ἀνάθεμα.
2455 5101 2473 5133 ι
2495 5082 2566 5134 Σὺ
2594 5081 2670 5142 δέ,
2691 5081 2843 5154 ὴέμὴ
2866 5081 3072 5154 νύμφη,
3101 5083 3338 5138 νουθέτει
3366 5087 3435 5140 τὰ
3457 5087 3621 5142 τέκνα
3641 5102 3726 5140 σου

2165 5171 2422 5242 ἐμμένειν
2451 5175 2565 5236 τοῖς
2597 5173 2749 5244 ἐμοῖς
2779 5174 3184 5246 προστάγμασι,
3225 5177 3317 5230 καὶ
3362 5179 3438 5249 μὴ
3467 5179 3726 5250 δειλιάσῃς

2164 5262 2368 5334 θυμοὺς
2391 5262 2670 5334 βασιλέων,
2701 5263 2735 5336 ἢ
2765 5264 2994 5329 ἀπειλὰς
3021 5267 3319 5340 τυράννων,
3349 5271 3383 5342 ἢ
3416 5269 3724 5344 φρυαγμοὺς

2570 5489 2594 5520 ⁵
2631 5486 2818 5544 Matth.
2859 5503 2994 5558 xvii,
3027 5489 3115 5546 26.
3221 5494 3243 5526 ⁸
3281 5493 3439 5551 Rom.
3478 5513 3605 5566 vin,
3637 5495 3718 5552 i‘l.

2235 5737 2347 5808 (57)
2387 5695 2542 5809 Bequ
2575 5738 2960 5809 προσκύνησιν.
