4022 6382
307 335 446 392 1075
1402 338 1641 397 SERMO
1678 341 1745 396 IN
1782 341 1913 396 SAN

1974 341 2107 397 TUM
2146 341 2436 400 PASCHA.
3398 343 3535 401 1074

302 453 689 562 αἱρεσιόιρχων.ἶ
715 454 750 526 ἢ
786 455 972 562 πῦρ,ἧ
1004 458 1177 562 ξίφρς,
1208 460 1241 532 ἢ
1275 459 1463 562 θηρία,
1498 463 1531 533 ἢ
1559 465 1873 533 ἀφαιρέσεις
1902 509 1918 561 Α

1976 462 2291 519 fremitusve
2338 460 2847 527 haeresiarcharum,
2892 470 2987 517 aut
3036 476 3236 535 Ignem,
3273 461 3535 534 gladium,

305 543 623 617 χρημάτων,
656 545 690 617 ἢ
718 549 1032 618 κτημάτων,
1081 550 1114 621 ῆ
1155 551 1361 615 οἰκιῶν,
1407 553 1440 626 ἢ
1482 555 1700 624 ὁμοίων.
1741 554 1872 607 Οἴαν
1902 543 1918 561 ⁸

1979 553 2145 617 feras,
2195 561 2290 608 aut
2345 552 2679 624 direptiones
2738 567 2900 622 opum
2958 552 3045 608 vel
3104 554 3534 623 possessionum,

1976 642 2331 700 domorumve
2364 651 2459 698 aut
2506 640 2788 698 similium.
2829 641 3220 712 Quamcunque
3248 641 3392 697 enim
3425 642 3533 697 cla-

1976 736 2099 792 dem
2144 737 2438 793 decernent
2483 742 2921 806 transgressores
2949 736 3059 799 illi,
3093 735 3335 790 eamdem
3367 733 3538 789 susti—

1975 827 2184 883 nebunt
2234 845 2249 883 :
2303 834 2358 883 et
2398 828 2759 899 quodcunque
2809 826 3094 883 consilium
3147 825 3390 888 inierint,
3435 837 3538 895 ego

1976 916 2260 989 dissipabo
2308 938 2324 975 :
2375 918 2545 975 habes
2577 921 2721 975 enim
2754 934 2786 974 a
2815 917 3180 974 fundamentis
3209 916 3418 971 firmam
3453 916 3537 970 vi-

1973 1023 2204 1079 vamque
2234 1015 2465 1079 petram.
2489 1009 2680 1064 Amen.

303 637 411 708 γὰρ
438 638 534 691 καὶ⁵
556 638 798 704 δόξουσιν
823 641 872 693 ol
897 641 1209 713 παραϐάται
1232 638 1423 715 ἧτταν,
1458 645 1870 717 ἡττηθήσονται·

302 729 397 782 καὶ⁵
427 729 545 783 οἵαν
572 728 765 801 βουλὴν
794 730 1189 803 βουλεύσονται,
1224 734 1334 805 ἐγὼ
1357 737 1706 792 διασκεδάσων
1728 737 1872 808 ἔχεις

300 821 410 893 γὰρ
442 823 508 876 ὲκ
549 821 815 893 θεμελίων
851 826 953 897 τὴν
999 826 1231 900 στερρὰν
1277 829 1373 883 καὶ
1415 828 1593 883 (ὦσαν
1641 828 1865 899 πέτραν.

313 914 488 986 Ἀμήν

3459 1164 3528 1174 -

1136 1282 1214 1339 -ΙΝ
1254 1282 1438 1340 TBES
1477 1282 1885 1351 SEQUENTES
1921 1282 2251 1340 HOMILIAS
2299 1281 2695 1342 ADMONITIO.

370 1393 535 1466 392
590 1395 719 1451 Tres
768 1408 1033 1467 sequentes
1075 1402 1308 1457 homilia:
1356 1410 1559 1455 tantam
1599 1411 1781 1454 mutuo
1834 1400 2121 1469 pra'ferunt
2168 1399 2295 1469 styli
2344 1399 2666 1470 afﬁnitatem,
2702 1410 2756 1453 ut
2801 1398 3032 1469 ejusdem
3065 1400 3221 1469 plane
3262 1400 3536 1469 scriptoris

301 1502 411 1541 esse
444 1486 741 1542 rideantur.
787 1487 856 1542 In
902 1490 1167 1546 codicibus
1223 1508 1379 1561 porro
1415 1491 1729 1563 quibusdam
1781 1490 2075 1545 Athanasio
2128 1490 2487 1555 ascribuntur,
2527 1490 2583 1543 in
2620 1489 2890 1544 nonnullis
2941 1488 3146 1543 Basilio
3198 1486 3534 1545 Seleuciensi.

302 1578 373 1633 Et
437 1581 649 1651 quidem
695 1591 846 1636 tanta
894 1583 977 1637 hic
1035 1602 1153 1639 cum
1202 1586 1564 1641 Athanasiano
1613 1585 1751 1656 stylo
1809 1587 2038 1641 occurrit
2084 1585 2463 1654 discrepantia,
2521 1598 2577 1642 ut
2627 1587 2862 1659 quisquis
2910 1601 3026 1638 eum
3077 1583 3156 1637 vel
3216 1582 3537 1654 primoribus

303 1668 468 1723 labris
502 1671 755 1742 attigerit.
783 1671 937 1725 hasce
974 1672 1056 1727 illi
1086 1674 1334 1729 homilias
1363 1674 1671 1744 abjudicare
1704 1673 1837 1729 nihil
1864 1683 2153 1729 cunctetur.
2182 1674 2323 1729 Nam
2353 1677 2408 1729 in
2435 1675 2728 1732 Athanasio
2763 1674 3020 1729 orationis
3046 1689 3207 1744 genus
3229 1673 3346 1743 plus
3368 1662 3536 1727 .habe‘

303 1774 599 1830 nervorum,
627 1764 746 1833 plus
776 1763 991 1833 judicii,
1026 1767 1401 1837 gravitatisque
1429 1782 1449 1821 :
1481 1767 1565 1819 hic
1610 1776 1784 1822 autem
1828 1767 2018 1837 stylus,
2047 1766 2255 1836 elegans
2283 1766 2512 1839 quidem,
2544 1768 2633 1823 sed
2672 1766 2906 1839 ﬂosculis
2965 1765 3225 1835 tropisque
3265 1763 3538 1817 rhetoricis

303 1850 604 1907 redundans
640 1869 660 1906 :
698 1856 787 1924 qui
825 1852 1031 1909 Basilio
1088 1853 1407 1910 Seleuciensi
1440 1856 1637 1910 ascribi
1694 1857 1864 1911 verius
1908 1856 2074 1925 possit
2122 1872 2281 1927 quam
2342 1858 2650 1915 Athanasio.
2698 1856 2817 1912 Huc
2863 1854 3114 1909 accedunt
3164 1871 3307 1909 voces
3359 1853 3537 1908 multa:

302 1943 443 2011 apud
493 1943 848 1999 Athanasium
895 1947 1186 2015 inusitate,
1238 1946 1420 2018 quales
1462 1956 1585 2002 sunt
1620 1946 1752 2013 illa:,
1802 1948 1918 2001 ἀντι

1974 1944 2063 2013 ιτα,
2114 1956 2164 2001 et
2213 1949 2548 2021 μεταμαθεῖν
2595 1965 2711 2021 pro,
2752 1947 3046 2020 pmnitere,
3096 1954 3146 2001 et
3186 1947 3384 2001 similes
3425 1961 3538 2015 per-

302 2040 504 2092 multat.

374 2129 616 2185 Primam
664 2141 838 2186 autem
873 2130 1149 2187 homiliam
1190 2130 1254 2187 de
1289 2129 1552 2187 Paschate
1575 2131 1814 2201 'primum
1845 2129 2008 2186 edidit
2042 2130 2109 2188 P.
2141 2130 2483 2204 Contbeﬁsius
2515 2135 2570 2189 in
2609 2133 2860 2189 Auctario
2906 2149 3021 2189 suo.
3056 2130 3298 2189 Secunda
3326 2132 3448 2185 item
3476 2132 3542 2187 de

300 2224 586 2292 Paschate,
612 2229 668 2281 in
694 2227 922 2282 editione
951 2227 1247 2282 Parisiensi
1286 2229 1412 2281 anni
1441 2227 1580 2283 1627
1622 2226 1764 2281 edita
1795 2235 1894 2293 est,
1920 2242 2049 2280 cura
2075 2236 2125 2281 et
2154 2227 2329 2283 studio
2366 2228 2655 2285 Holsteinii
2686 2246 2807 2283 cum
2836 2229 3261 2299 interpretatione
3282 2227 3537 2298 ejusdem.

303 2317 495 2373 Postea
525 2336 643 2373 vero
676 2320 999 2375 cmendatior
1027 2319 1222 2392 prodiit
1252 2320 1306 2374 in
1330 2319 1584 2373 Auctario
1601 2317 1833 2388 ejusdem
1861 2317 2163 2389 Combeﬁsii
2186 2336 2303 2373 cum
2337 2337 2467 2374 nova
2490 2320 2722 2390 ejusdem
2749 2320 3192 2387 interpretatione.
3231 2317 3440 2385 Tertia,
3475 2316 3540 2372 de

297 2415 618 2469 Ascensione
649 2414 885 2479 Domini,
925 2417 1153 2486 primum
1191 2416 1385 2483 publici
1403 2416 1543 2485 juris
1570 2414 1713 2483 facta
1751 2424 1828 2468 est
1860 2416 1916 2467 in
1956 2415 2181 2468 editione
2218 2414 2654 2481 Contmeliniana,
2688 2418 2962 2486 interprete
2986 2414 3191 2472 Joanne
3224 2414 3538 2484 Lampadio,

298 2505 527 2560 secundo
563 2523 693 2561 cusa
741 2507 844 2576 fuit
886 2510 939 2562 in
982 2508 1106 2562 edit.
1143 2507 1325 2562 Paris;
1360 2525 1486 2562 ann.
1517 2506 1675 2561 1627.
1712 2506 1946 2560 Tertium
1980 2508 2034 2561 in
2065 2508 2321 2563 Auctario
2348 2507 2648 2581 Cambeﬁsii
2678 2507 2999 2564 emendatior
3028 2506 3219 2578 prodiit
3262 2522 3382 2562 cum
3408 2521 3539 2560 nova

296 2596 531 2667 ejusdem
566 2599 868 2671 Combeﬁsii
897 2602 1344 2674 interpretatione.

1389 2807 1529 2862 ΤΟΥ
1559 2807 1651 2862 ΕΝ
1688 2808 1909 2862 APIle
1945 2808 2217 2862 ΠΑΤΡΟΣ
2247 2808 2443 2862 ΗΜΩΝ

1603 2928 2236 3018 ΑΘΑΝΑΣΙΟΥ

1381 3077 1628 3130 ΛΟΓΟΣ
1664 3078 1790 3129 ΕΙΣ
1828 3079 1910 3129 T0
1942 3077 2178 3131 ΑΙἾΟΝ
2202 3077 2468 3131 ΠΑΣΧΑ.

1311 3324 1404 3413 8.
1482 3325 1588 3411 Ρ.
1666 3322 1787 3410 Ν.
1867 3310 2509 3407 ATHANASII

1362 3486 1611 3544 SERHO
1650 3485 1737 3541 IN
1778 3479 2127 3541 SANCTUM
2188 3475 2498 3533 PASCHA.

369 3722 419 3777 ι.
456 3724 521 3778 Εἰ
546 3725 667 3786 ταῖς
696 3721 804 3776 τῶν
842 3722 1084 3792 ἀγγέλων
1116 3722 1243 3792 ὲνῆν
1272 3722 1408 3793 πρὸς
1438 3722 1499 3775 τὸ
1525 3721 1697 3792 παρὸν
1733 3721 1868 3792 χρή·
1898 3735 1918 3790 ι

2039 3718 2091 3771 1.
2130 3713 2351 3770 Etiamsi
2373 3713 2573 3783 linguis
2604 3709 2915 3781 angelorum
2942 3705 3407 3777 inpraesentiarum
3458 3706 3536 3761 uti

298 3815 492 3871 σο.σθαι
522 3813 811 3883 γλώτταις,
847 3815 897 3867 εί
930 3813 1112 3882 φωνὰς
1140 3813 1435 3875 ἀθανάτους
1466 3815 1501 3884 ἡ
1529 3812 1635 3866 τῶν
1664 3813 1871 3882 θνητῶν

1976 3811 2164 3865 liceret
2221 3849 2236 3864 .
2296 3805 2509 3861 etiamsi
2567 3800 2968 3857 immortalibus
3022 3798 3269 3853 mortalis
3338 3805 3538 3852 natura

297 3909 567 3978 ἐκτήσατο
621 3906 813 3976 φύσις·
850 3906 1112 3977 ἐτόλμησε
1155 3906 1306 3976 μόλις
1349 3904 1458 3974 (58)
1512 3906 1579 3959 ἂν
1628 3904 1727 3968 τὰς
1771 3905 1873 3976 τῆς

233 4001 239 4007 ’
298 3999 490 4069 ἑορτῆς
532 3999 770 4069 ὑμνῆσαι
798 3998 1025 4070 δωρεάς.
1070 3998 1206 4050 Νυνὶ⁹
1241 3996 1298 4050 δὲ
1333 3995 1547 4065 γλῶττα
1578 3994 1744 4066 θνητὴ
1777 3997 1873 4049 καὶ

297 4091 521 4163 πήλινον
548 4089 780 4158 ὄργανον
812 4089 864 4141 τί
893 4089 991 4159 μὲν
1020 4088 1085 4141 ἂν
1109 4089 1271 4148 εἴποι,
1299 4087 1353 4140 τί
1374 4087 1430 4140 δὲ
1451 4088 1546 4141 καὶ
1568 4086 1868 4156 φθέγξοιτο,

297 4178 439 4248 ἅπερ
458 4180 494 4248 ἠ
519 4176 785 4248 σύμπασα
804 4178 979 4241 κτίσις
992 4178 1347 4249 ὁμοφωνοῦσα
1365 4178 1500 4249 πρὸς
1517 4177 1669 4243 ἀξίαν
1687 4178 1871 4246 ὑμνεῖν

296 4273 392 4325 οὐκ
431 4270 640 4342 laxast;
680 4270 1023 4341 ’Υπερϐαίνει
1056 4270 1164 4341 γὰρ
1192 4270 1407 4342 ἀληθῶς
1435 4269 1663 4333 κτίσεως
1700 4269 1871 4340 μέτρα

295 4365 361 4418 τὰ
390 4364 543 4436 δῶρα
570 4364 667 4432 τῆς
694 4363 933 4433 χάριτος.
964 4362 1202 4425 Θάνατος
1235 4361 1293 4427 ἐξ
1328 4360 1626 4433 ἀνθρώπων
1655 4359 1872 4413 ἐλαύνε-

294 4467 403 4515 ται,
434 4452 531 4504 καὶ
551 4450 683 4521 ᾅδης
703 4451 801 4520 τὴν
825 4449 1054 4520 πολυετῆ
1079 4447 1395 4503 δυναστείαν
1419 4450 1751 4503 ἀποτίθεται*
1777 4450 1870 4503 καὶ

295 4538 449 4604 γένος
494 4536 801 4608 ἀνθρώπων
833 4538 1101 4609 ἁμαρτίας
1144 4538 1291 4610 νόμῳ
1339 4539 1626 4593 κατάδικον
1663 4541 1728 4609 τῇ
1767 4538 1868 4608 τῆς

294 4630 516 4701 χάριτος
549 4629 728 4700 δωρεᾷ
757 4629 1058 4699 βασιλεύειν
1078 4630 1408 4685 διδάσκεται.
1440 4633 1551 4702 Τῆς
1579 4632 1758 4685 τοίνυν
1774 4632 1871 4684 Δε-

296 4720 558 4790 σποτικῆς
584 4721 777 4791 ἑορτῆς
804 4722 832 4775 ὁ
852 4721 1239 4792 πρωτοστάτης
1263 4722 1360 4792 μὲν
1386 4723 1485 4792 τῆς
1517 4721 1869 4787 ἀπολαύσεως

293 4809 602 4880 ἄνθρωπος,
640 4812 895 4875 κοινωνὸς
926 4811 984 4864 δὲ
1024 4812 1125 4882 τῆς
1156 4813 1376 4883 χάριτος
1414 4815 1448 4884 ἡ
1475 4812 1867 4884 λοιῄγίνεται

293 4904 491 4965 κτίσις.
532 4903 623 4956 Ἐν
651 4901 939 4975 ἀνθρώπου
963 4900 1070 4976 Ῠὰρ
1109 4908 1288 4975 μορφῇ
1318 4906 1552 4975 σήμερον
1576 4906 1605 4956 ὀ
1633 4900 1729 4974 τ”ῆς
1762 4904 1867 4974 φύ-

294 5008 430 5058 σεως
456 4994 570 5063 (59)
595 4995 957 5049 ἀνεπλάττετο
974 4996 1164 5066 δῆμος.
1186 4994 1340 5049 Οὕτω
1363 4996 1471 5064 γὰρ
1491 4995 1699 5059 Παῦλος
1719 4998 1746 5050 ὁ
1767 4996 1868 5066 τῆς

1976 3901 2206 3958 vocibus
2250 3900 2517 3955 instructa
2544 3902 2690 3952 esset
2718 3912 2732 3960 ;
2760 3893 2849 3947 vix
2894 3891 3118 3947 auderet
3155 3892 3277 3946 festi
3305 3891 3540 3961 hujusce

1976 3996 2084 4051 diei
2124 3994 2269 4049 dona
2314 3991 2632 4063 praedicare.
2681 3986 2799 4042 Jam
2852 3999 2983 4040 vero
3029 3985 3275 4039 mortalis
3329 3984 3536 4054 lingua,

1978 4090 2182 4143 luteum
2216 4086 2659 4146 instrumentum,
2692 4077 2824 4150 quid
2850 4076 3018 4142 dicat,
3049 4075 3247 4147 quidve
3285 4076 3540 4145 loquatur

1975 4196 2040 4236 ea
2071 4194 2193 4248 quas
2218 4193 2286 4232 ne
2311 4184 2424 4230 tota
2450 4173 2670 4245 quidem
2704 4185 2935 4226 concors
2966 4183 3150 4223 rerum
3180 4175 3398 4230 natura,
3440 4182 3539 4237 pro

1975 4272 2053 4328 rei
2079 4271 2342 4342 dignitate
2361 4268 2652 4323 decantare
2674 4262 2886 4317 valeat?
2914 4259 3135 4315 Natura:
3164 4275 3296 4314 sane
3318 4261 3539 4313 modum

1977 4371 2240 4434 superant
2266 4360 2454 4431 gratia:
2474 4359 2635 4414 dona.
2658 4356 2885 4412 Pellitur
2908 4369 3054 4409 mors
3086 4353 3155 4407 ah
3181 4350 3492 4407 hominibus
3519 4364 3536 4404 :

1975 4456 2174 4510 amittit
2222 4453 2471 4507 infernus
2512 4450 2828 4504 diuturnum
2875 4446 3004 4501 illud
3054 4445 3341 4515 imperium
3389 4460 3405 4497 :
3447 4457 3542 4512 ge-

1975 4561 2189 4616 nusque
2240 4545 2518 4598 hominum
2569 4538 2793 4610 peccati.
2828 4539 2944 4608 lege
2983 4536 3324 4599 damnatum,
3353 4533 3539 4603 gratia:

1973 4637 2118 4693 dono
2148 4650 2375 4705 regnare
2421 4634 2671 4688 docetur.
2708 4629 2971 4684 Dominici
3001 4628 3184 4697 itaque
3223 4627 3346 4680 festi
3375 4624 3537 4679 homo

1975 4728 2252 4799 prmcipue
2290 4740 2353 4781 ac
2386 4724 2564 4795 primo
2601 4721 2795 4776 ordine
2838 4719 3074 4774 fructum
3114 4717 3358 4787 percipit,
3392 4716 3538 4784 ejus-

1972 4820 2205 4889 demque
2256 4817 2444 4887 gratia:
2504 4814 2775 4884 particeps
2825 4818 2910 4866 est
2956 4809 3169 4879 reliqua
3215 4814 3432 4861 natura.
3476 4803 3536 4859 in

1971 4911 2209 4966 heminis
2234 4922 2465 4977 namque
2495 4904 2666 4959 forma
2694 4902 2851 4957 hodie
2874 4908 2986 4954 tota
3016 4913 3197 4955 rerum
3228 4903 3536 4952 creatarum

1973 4998 2269 5054 multitudo
2304 4996 2657 5053 reformatur.
2710 4993 2785 5047 lta
2826 4992 2972 5047 enim
3004 4989 3206 5044 Paulus
3238 4989 3428 5059 gratim
3455 4985 3540 5041 di-

293 5086 515 5157 χάριτος
548 5086 800 5157 μαθητὴς
838 5086 1236 5157 περιήγγειλεν·
1285 5104 1304 5135 ι
1350 5085 1418 5139 Εἰ
1449 5103 1534 5149 τις
1565 5088 1624 5139 ἐν
1653 5087 1918 5161 Χριστῷ(

1974 5088 2217 5157 scipulus
2242 5085 2551 5156 prmdicavit
2581 5102 2593 5137 :
2633 5103 2651 5134 ι
2676 5081 2732 5137 Si
2757 5095 2863 5151 qua
2895 5079 2949 5133 in
2973 5078 3191 5133 Christo
3217 5091 3354 5131 nova
3383 5089 3539 5129 crea-

294 5179 454 5249 καινὴ
475 5177 676 5242 κτίσις,
708 5178 777 5230 τὰ
802 5179 1004 5248 ἀρχαῖα
1033 5176 1328 5248 παρῆλθεψ
1360 5177 1466 5230 ἰδοὺ
1494 5177 1683 5245 γέγονε
1708 5181 1867 5234 καινά

1974 5186 2095 5233 tura
2130 5188 2359 5234 :vetera
2392 5177 2730 5231 transierunt
2778 5191 2791 5229 :
2836 5187 2964 5230 ecce
3003 5170 3144 5225 facta
3191 5177 3319 5224 sunt
3355 5167 3538 5221 omnia

294 5269 361 5322 τὰ
386 5269 586 5325 πάντα.
629 5289 648 5320 ι
686 5270 802 5340 Μεᾷ
831 5272 981 5340 φωνῇ
1028 5268 1258 5331 ἑλκύσας
1290 5267 1357 5321 τὰ
1398 5268 1688 5339 σύμπαντα
1733 5271 1868 5341 πρὸς

1974 5283 2112 5324 nova
2144 5271 2185 5321 ⁹.
2231 5286 2249 5319 ι
2286 5265 2536 5321 Surrexit
2572 5266 2716 5320 enim
2742 5272 2951 5319 naturae
2980 5259 3162 5331 opifex
3190 5274 3205 5324 ;
3239 5265 3402 5328 atque
3431 5269 3540 5309 una

294 5360 575 5417 ἀνάκτισιν
600 5360 735 5430 (60),
763 5362 792 5413 ὁ
819 5360 917 5430 τῆς
940 5358 1167 5422 κτίσεως
1190 5357 1517 5429 δημιουργὸς
1549 5359 1764 5433 ἀνέστη.
1805 5361 1868 5413 Ἦ

1976 5376 2110 5416 voce
2172 5359 2355 5415 omnia
2410 5358 2576 5412 traxit
2623 5357 2690 5411 ad
2743 5370 2940 5412 novam
2989 5352 3346 5408 creationem.
3401 5347 3537 5405 Nam

366 5516 387 5547 ⁸
427 5514 469 5568 ΙΙ
502 5515 634 5570 Cor.
673 5530 726 5579 ν,
762 5512 849 5566 Π.

383 5629 492 5700 (38)
534 5629 708 5700 Μόλις
733 5628 887 5700 deest
910 5628 965 5681 in
996 5624 1321 5700 Colbertiuo.

381 5697 491 5771 (59)
530 5699 801 5759 Colbert.,
831 5697 929 5768 τῆς
954 5697 1199 5756 κτίσεως.

2049 5621 2161 5679 (60)
2197 5621 2271 5677 ita
2298 5620 2429 5694 Reg.
2460 5623 2599 5680 Editi
2618 5640 2746 5681 vero
2770 5634 2823 5681 et
2850 5623 3028 5690 Colb.,
3059 5621 3194 5696 πρδς
3224 5622 3537 5677 ἀνάστασιι.
