4022 6382
520 355 662 413 10τὸ

1651 356 1709 410 s.
1749 320 2216 412 unamsuus.
2235 387 2301 398 —
2325 319 2596 413 spurius.

3616 353 3747 410 1076

521 471 825 529 Salvatoris
846 472 1177 530 resurrectio
1199 513 1213 538 ,
1245 474 1552 531 communis
1585 477 1965 531 universorum
1994 483 2077 531 est

2178 474 2286 550 γὰρ
2313 476 2405 531 τοῦ
2430 476 2683 549 Σωτῆρος
2706 476 2999 540 ἀνάστασις
3024 476 3174 548 κοινὴ
3198 475 3306 529 τῶν
3338 475 3558 530 πάντων
3582 473 3749 547 61:69-

518 584 663 625 nova
709 570 934 626 creatio.
972 568 1126 636 Quod
1178 568 1295 639 ipse
1342 569 1503 625 nobis
1544 568 1748 624 Paulus
1794 569 2083 624 annuntiat

519 660 608 716 his
638 660 820 716 verbis
857 680 871 715 :
913 678 932 711 ι
976 658 1093 730 ipsa
1120 668 1371 716 creatura
1394 659 1717 715 liberabitur
1755 675 1785 713 a
1821 662 2083 717 servitute

518 752 908 823 corruptionis,
941 753 994 806 in
1029 753 1333 807 libertatem
1353 751 1587 807 liliorum
1616 753 1794 817 Dei“,
1835 773 1853 805 ι
1882 754 1933 808 id
1965 760 2080 820 est,

518 844 921 914 corruptionem
948 843 1201 913 deponet,
1243 843 1561 897 servitutem
1589 849 1773 905 exuet,
1810 843 2084 896 immorta~

516 935 721 990 litatem
747 931 992 1001 recipiet,
1035 930 1104 985 ad
1147 931 1426 986 meliorem
1457 929 1825 987 transferetur
1856 941 2080 988 sortem.

521 1024 752 1080 Homine
809 1023 1076 1093 siquidem
1126 1020 1196 1075 ad
1253 1021 1719 1077 immortalitatem
1775 1032 2080 1088 renovato,

516 1113 694 1168 omnis
741 1113 946 1184 pariter
993 1117 1244 1166 creatura
1285 1125 1406 1180 quze
1439 1112 1561 1181 ejus
1607 1111 1780 1182 gratia
1819 1111 2082 1181 producta

515 1203 619 1260 fuit
646 1202 1017 1259 renovabitur.

581 1295 637 1350 2.
674 1295 892 1351 Creavit
926 1296 1071 1352 enim
1097 1296 1242 1353 Deus
1274 1296 1419 1353 hanc
1448 1312 1708 1370 magnam
1739 1313 1922 1355 rerum
1960 1298 2083 1354 uni-

513 1386 793 1443 versitatis
826 1386 1018 1445 urbem
1065 1407 1079 1441 :
1121 1389 1348 1460 solaque
1390 1404 1523 1446 voce
1566 1390 1736 1447 multa
1772 1390 2029 1461 produxit
2064 1408 2078 1445 :

516 1481 632 1537 sola
660 1497 795 1538 voce
823 1482 1068 1537 omnium
1103 1484 1464 1540 substantiam
1491 1484 1744 1549 extraxit,
1775 1495 1935 1556 atque
1959 1486 2078 1558 opi-

516 1571 637 1626 licis
683 1573 966 1644 sapientiae
1013 1589 1126 1629 suae
1155 1574 1262 1628 vim
1309 1574 1569 1630 ostendit.
1605 1575 1771 1630 Acin
1815 1577 2080 1632 creaturis

516 1660 665 1715 velut
705 1661 762 1715 in
798 1661 996 1716 illustri
1035 1663 1236 1737 templo
1272 1678 1425 1718 suam
1460 1662 1771 1733 imaginem,
1804 1662 2079 1718 hominem

517 1752 730 1807 scilicet
766 1766 928 1823 quem
977 1761 1260 1815 creaverat
1310 1755 1501 1815 erexit.
1555 1752 1849 1825 Oportebat
1895 1755 2079 1833 itaque

516 1840 640 1912 ejus
694 1843 915 1914 propria
972 1852 1232 1903 renovata
1275 1845 1530 1914 imagine,
1588 1845 1763 1916 ipsam
1824 1845 2079 1915 imaginis

516 1933 737 1989 domum
771 1950 879 1990 una
918 1935 1029 2006 jam
1069 1937 1341 1992 renovari.
1378 1936 1583 1993 Horum
1629 1938 1790 1994 nobis
1837 1952 2079 2008 przesens

516 2027 835 2083 solemnitas
877 2029 1105 2099 sponsio
1148 2037 1250 2085 est.
1282 2028 1415 2100 Ejus
1447 2044 1611 2085 causa
1653 2029 1922 2084 clamabat
1952 2030 2079 2084 bea-

516 2125 607 2172 tus
649 2116 848 2172 Paulus
909 2133 924 2171 :
987 2134 1007 2169 σ
1063 2116 1289 2196 Oportet
1342 2118 1489 2173 enim
1562 2116 1920 2187 corruptibile
1974 2115 2079 2170 hoc

516 2207 742 2264 induere
791 2208 1281 2279 incorruptionem,
1333 2216 1388 2265 et
1437 2209 1666 2265 mortale
1707 2208 1810 2264 hoc
1853 2208 2080 2263 induere

515 2299 975 2356 immortalitatem
1013 2300 1077 2356 “.
1132 2319 1153 2353 ι
1184 2299 1425 2371 Respuet
1470 2301 1613 2357 enim
1664 2302 1856 2356 mortis
1907 2301 2079 2373 legem

512 2406 734 2462 corpus,
792 2393 1220 2450 immortalitatis
1278 2393 1505 2450 ﬂoribus
1560 2402 1901 2450 coronatum.
1969 2394 2080 2450 Nec

512 2483 684 2537 ullum
734 2484 967 2553 reperiet
1018 2484 1198 2540 locum
1259 2487 1559 2560 corruptio,
1620 2486 1781 2569 393
1833 2487 2081 2542 elucente

514 2575 945 2647 incorruptione.
987 2575 1033 2632 0
1084 2593 1336 2649 magnam
1372 2595 1552 2634 rerum
1610 2581 2000 2636 mutationem!
2046 2595 2081 2635 o

513 2669 931 2725 conversionem
988 2685 1109 2742 quae
1163 2678 1359 2741 praeter
1413 2687 1562 2742 spem
1617 2672 1844 2728 accidit!
1887 2688 1919 2726 ο
1964 2687 2081 2727 ma-

512 2777 681 2832 gnum
745 2760 952 2817 luctum
1009 2763 1065 2817 in
1122 2777 1374 2833 magnam
1439 2779 1655 2819 versum
1711 2764 1993 2818 lat-titiam!
2046 2778 2080 2817 ο

512 2852 771 2921 gaudium
813 2853 1176 2910 calamitatem
1223 2855 1541 2926 excipiens!
1583 2853 1757 2926 Auget
1793 2855 1938 2910 enim
1971 2853 2078 2910 diei

514 2942 640 2997 festi
689 2943 901 3008 laudes,
948 2943 1161 3001 Veteris
1217 2946 1462 3017 Novique
1505 2945 1838 3003 Testamenti
1898 2961 2079 3000 recor-

2182 586 2265 639 χει
2297 568 2579 631 ἀνάκτισις
2605 567 2834 637 (Gl-62).
2870 569 2980 623 Καὶ
3002 568 3157 623 τοῦτο
3187 567 3404 631 Παῦλος
3441 570 3575 639 ἡμῖν
3594 569 3749 637 εὐαγ-

2179 656 2471 728 γελίζεται,
2490 657 2683 726 λέγων,
2712 659 2794 711 ὅτι
2816 677 2834 710 ι
2859 658 2966 713 Καὶ
2982 658 3165 730 αὐτὴὴ
3189 658 3366 721 κτίσις
3385 657 3748 730 ἐλευθερωθή-

2183 765 2334 802 σεται
2356 749 2419 801 ἐκ
2451 748 2550 819 τῆς
2571 748 2813 813 δουλείας
2840 748 2941 819 τῆς
2970 747 3174 819 φθορᾶς
3200 750 3278 812 εἰς
3307 749 3407 818 τὴν
3439 746 3746 818 ἐλευθερίαν

2178 834 2287 888 τῶν
2314 834 2517 895 τέκνων
2549 835 2644 889 τοῦ
2674 836 2831 889 Θεοῦ·
2864 856 2882 888 ι
2919 836 3161 899 τουτέστι
3193 836 3294 909 τὴν
3324 837 3532 908 φθορὰν
3564 838 3745 891 ἀποτί-

2180 926 2352 992 θεται,
2396 929 2495 1000 τὴν
2549 929 2790 984 δουλείαν
2872 929 3229 993 ἀποδύσεται,
3284 930 3383 1001 τὴν
3453 930 3746 985 ἀθανασίαν

2180 1017 2544 1089 ἀπολήψεται,
2585 1018 2721 1090 πρὸς
2750 1018 3008 1090 ἀμείνονα
3032 1021 3429 1091 μεταστήσεται
3455 1020 3630 1091 λῆξιν.
3663 1020 3746 1092 Τῷ

2180 1111 2288 1184 γὰρ
2304 1110 2571 1183 ἀνθρώπῳ
2594 1111 2728 1183 πρὸς
2752 1111 3056 1182 ἀφθαρσίαν
3094 1113 3573 1185 καινουργουμένῳ
3596 1114 3690 1167 καὶ
3714 1114 3745 1186 ή

2179 1206 2246 1259 δι’
2266 1206 2428 1260 αὐτὸν
2458 1205 2800 1277 παραχθεῖσα
2827 1204 3335 1277 ἀνακαινισθήσεται
3375 1205 3573 1269 κτίσις.

2247 1296 2301 1350 9.
2348 1297 2567 1350 Ἔκτισε
2618 1296 2717 1367 μὲν
2761 1296 2876 1367 γάρ.
2902 1298 2931 1350 ό
2976 1296 3108 1360 Θεὸς
3144 1296 3242 1367 τὴν
3276 1297 3520 1368 μεγάλην
3551 1295 3747 1368 ταύτην

2179 1389 2278 1460 τῆς
2303 1387 2531 1453 κτίσεως
2558 1388 2728 1442 πόλιν·
2764 1390 2913 1460 φωνῇ
2950 1388 3087 1461 μόνῃ
3106 1388 3205 1465 τὴν
3233 1387 3342 1444 τῶν
3374 1388 3588 1449 πολλῶν
3612 1407 3747 1461 παρ-

2179 1480 2399 1553 αγωγὴν
2446 1481 2806 1552 ποιησάμενος
2824 1521 2839 1546 ,
2882 1484 3032 1553 φωνῇ
3063 1481 3202 1552 μόνῃ
3230 1480 3328 1553 τήν
3356 1480 3466 1537 τῶν
3496 1482 3636 1536 ὅλων
3659 1482 3745 1535 ού-

2180 1573 2300 1626 σίαν
2341 1572 2591 1648 ἑλκύσας,
2630 1575 2728 1646 τῆς
2768 1574 3159 1646 δημιουργικῆς
3202 1573 3365 1626 αὑτοῦ
3419 1572 3614 1647 σοφίας
3652 1574 3746 1645 τὴν

2178 1664 2402 1735 δύναμιν
2437 1664 2653 1732 ἔδειξεν·
2685 1665 2761 1729 ὠς
2788 1667 2846 1719 ἐν
2873 1664 2987 1737 ναῷ
3023 1664 3079 1719 δὲ
3118 1667 3428 1737 περιφανεῖ,
3455 1668 3525 1737 τῇ
3552 1665 3743 1729 κτίσει,

2178 1756 2276 1828 τὴν
2303 1756 2436 1810 ίδίαν
2465 1757 2647 1810 είκόνα
2672 1757 2761 1810 τὸν
2783 1756 3064 1829 άνθρωπον
3088 1757 3502 1829 δημιουργήσας
3525 1756 3746 1829 ἀνέστη-

2110 1827 2150 1882 B
2182 1827 2291 1900 σεν.
2326 1846 2473 1905 Ἔδει
2497 1847 2784 1925 τοιγαροῦν
2817 1827 2909 1900 καὶ
2938 1846 3053 1913 νῦν,
3085 1827 3182 1917 τῆς
3215 1827 3349 1918 ἰδίας
3388 1846 3596 1914 εἰκόνος
3632 1827 3746 1899 και-

2179 1939 2603 2017 νουργουμένης,
2644 1939 2740 1993 καὶ
2778 1939 2939 1994 αὑτὸν
2963 1939 3055 1994 τὸν
3082 1939 3181 2010 τῆς
3210 1939 3417 2004 εἰκόνος
3448 1935 3596 2001 οἷκον
3629 1957 3745 1995 συν-

2177 2029 2579 2096 ανακτίζεσθαι.
2606 2030 2822 2086 Τούτων
2852 2033 2980 2103 ήμῐν
3005 2031 3275 2104 ἐγγυητὴς
3305 2031 3547 2103 σήμερον
3562 2032 3743 2107 ἠπαρ-

2179 2120 2317 2176 οῦσα
2382 2122 2707 2195 πανήγυρις.
2769 2122 2868 2182 Διά
2910 2121 3115 2193 ταύτην
3157 2124 3186 2181 ὁ
3233 2122 3504 2199 μακάριος
3552 2120 3742 2193 ἕκραξε

2178 2214 2411 2280 Παῦλος·
2469 2234 2488 2267 ι
2533 2217 2626 2269 Δεῖ
2662 2214 2770 2288 γάρ
2818 2215 2880 2269 τὸ
2933 2214 3166 2288 φθαρτὸν
3216 2213 3375 2269 τοῦτο
3429 2214 3743 2269 ἐνδύσασθαι

2177 2306 2323 2377 ἀφθα
2331 2305 2598 2379 ρσίαν,κα’ί
2612 2306 2673 2361 τὸ
2690 2306 2879 2378 θνητὸν
2892 2306 3047 2361 τοῦτο
3060 2305 3379 2361 ἐνδύσασθαι
3394 2305 3706 2361 ἀθανασίαν.
3719 2327 3737 2359 ι

2190 2398 2505 2471 Ἀρνήσεται
2527 2399 2635 2473 γὰρ
2655 2399 2881 2455 θανάτου
2901 2400 3060 2471 νόμον
3083 2398 3144 2452 τό
3166 2400 3344 2471 σῶμα,
3365 2402 3475 2464 τοῖς
3496 2400 3596 2470 τῆς
3614 2399 3740 2454 ἀθα-

2178 2490 2370 2558 νασίας
2402 2491 2828 2565 στεφανούμενον
2866 2492 3068 2548 ἄνθεσι·
3097 2494 3191 2546 καὶ
3223 2491 3407 2565 χώραν
3439 2494 3539 2564 οὐχ
3569 2493 3741 2562 ὑφέξει

2180 2580 2383 2657 φθορὰ,
2408 2582 2509 2653 τῆς
2560 2582 2866 2654 ἀφθαρσίας
2913 2584 3328 2657 ὲπιλαμπούσης
3368 2585 3505 2656 (65).
3558 2586 3623 2638 ’Ὠ
3652 2586 3741 2655 τῆς

2182 2670 2423 2743 μεγάλης
2462 2672 2573 2726 τῶν
2610 2672 2945 2745 πραγμάτων
2995 2673 3325 2745 μεταϐολῆςί
3378 2675 3424 2727 ὣ
3473 2675 3574 2746 τῆς
3611 2674 3740 2745 ὑπὲρ

2179 2760 2399 2825 ἐλπίδας
2426 2762 2758 2835 ἐναλλαγῆςί
2787 2761 2831 2817 ὢ
2862 2765 3094 2834 μεγάλου
3121 2764 3350 2829 πένθους
3381 2767 3460 2828 είς
3488 2765 3739 2835 εὐθυμίαν

2177 2852 2575 2924 καταλήξαντος
2598 2855 2611 2907 l
2642 2854 2687 2908 ὣ
2709 2855 2882 2927 χαρᾶς
2902 2853 3285 2927 διαδεξαμένης
3311 2854 3410 2925 τὴν
3436 2855 3735 2927 συμφοράνῑ

2178 2941 2339 3007 Αὔξει
2358 2942 2486 3016 γὰρ,
2509 2942 2661 3008 αὔξει
2682 2943 2784 3013 τῆς
2806 2943 2999 3015 ἑορτῆς
3018 2945 3117 3016 τὴν
3141 2944 3447 3013 δοξολογίαν
3465 2944 3577 3015 (64)
3597 2946 3629 3015 ή
3650 2944 3739 3014 τῆς

514 3033 683 3090 datio.
717 3034 951 3091 Eramus
978 3037 1177 3107 quippe
1212 3046 1338 3093 ante
1366 3038 1421 3091 in
1450 3037 1704 3106 paradiso
1731 3052 1795 3092 ex
1827 3036 1917 3092 Dei
1951 3052 2078 3107 erga

2179 3033 2419 3097 Παλαιᾶς
2434 3036 2529 3088 καὶ
2554 3034 2698 3097 Νέας
2721 3032 2992 3105 Διαθήκης
3015 3034 3334 3105 ὑπόμνησις.
3356 3030 3541 3105 τΗμεν
3566 3034 3672 3105 γάρ
3689 3036 3739 3086 ἐν

516 3125 765 3182 homines
802 3126 1159 3197 benignitate,
1206 3128 1361 3182 nullo
1409 3129 1597 3184 labore
1646 3139 1855 3199 partam
1909 3128 2081 3199 possi-

513 3219 705 3274 dentes
730 3220 1083 3290 voluptatem.
1128 3220 1377 3275 Accessit
1430 3235 1658 3291 serpens
1698 3219 1929 3275 effossor
1958 3236 2080 3274 mu-

514 3325 725 3375 rorum,
759 3311 853 3381 qui
885 3310 1153 3380 ejusmodi
1187 3312 1519 3380 voluptatem
1565 3312 1807 3379 abstulit,
1837 3319 1891 3367 et
1934 3312 2079 3383 quod

514 3418 686 3472 genus
723 3404 1084 3473 cxspoliatum
1129 3402 1326 3465 fuerat,
1360 3419 1513 3459 reum
1560 3404 1689 3473 egit,
1739 3407 1954 3460 inventa
2011 3406 2079 3460 ad

513 3500 741 3548 mortem
772 3494 880 3558 via,
921 3495 1177 3566 praecepti
1220 3495 1428 3550 scilicet
1458 3498 1915 3567 transgressione.
1940 3497 2079 3552 Hinc

513 3584 782 3651 infernus,
805 3588 1010 3658 apertis
1038 3586 1270 3651 furibus,
1304 3589 1585 3644 hominum
1613 3593 1825 3660 excepit
1858 3606 2029 3661 genus
2060 3609 2074 3645 :

512 3685 676 3748 atque
713 3681 933 3748 pariens
979 3693 1195 3743 natura,
1224 3680 1554 3736 horrendam
1595 3681 1729 3736 vidit
1760 3681 1926 3752 prolis
1965 3695 2081 3736 sua:

510 3776 742 3823 mortem
777 3788 791 3824 :
824 3785 888 3824 ac
929 3780 1118 3841 partus
1157 3770 1329 3833 labor,
1362 3771 1451 3825 via
1489 3770 1713 3827 effectus
1759 3779 1843 3826 est
1884 3772 1951 3825 ad
1992 3786 2078 3826 se-

510 3860 783 3928 pulcrum.
829 3860 1067 3932 Eratque
1120 3877 1270 3917 mors
1313 3877 1379 3917 ex
1425 3862 1861 3932 transgressione
1903 3860 2079 3915 haeres

510 3950 670 4017 facta,
713 3952 958 4022 singulas
993 3960 1181 4009 aetates
1206 3954 1343 4008 cit-ra
1369 3953 1580 4009 obicem
1619 3954 1933 4023 abripiens;
1967 3968 2078 4007 non

505 4042 791 4113 embryoni
843 4057 1096 4111 parcens,
1154 4057 1265 4098 non
1310 4050 1583 4099 recentem
1638 4050 1853 4114 partum
1908 4042 2081 4111 respi-

512 4134 685 4197 ciens,
723 4149 831 4188 non
862 4135 1131 4190 miserans
1158 4135 1459 4206 ephebum,
1494 4151 1603 4190 non
1639 4137 1956 4206 relinquens
1983 4135 2076 4206 ju-

507 4237 696 4283 venes,
727 4238 837 4277 non
872 4223 1103 4278 reverita
1129 4239 1309 4287 senes,
1340 4240 1448 4279 non
1489 4227 1627 4281 dans
1650 4226 1864 4280 veniam
1894 4239 2081 4295 pecca-

509 4311 760 4379 toribus;
812 4312 953 4367 nihil
992 4315 1229 4369 reverita
1267 4316 1542 4385 justorum
1588 4318 1921 4387 catalogum,
1965 4324 2076 4370 non

506 4402 789 4471 prophetis
826 4418 1081 4473 parcens,
1122 4420 1234 4460 non
1262 4409 1679 4476 praetermittens
1710 4406 2071 4463 sacerdotem.
2106 4387 2151 4443 θ

508 4493 615 4549 Sed
654 4493 942 4549 adversum
980 4509 1172 4550 omnes
1205 4498 1583 4566 explicabatur
1620 4500 1812 4567 mortis
1849 4514 2075 4571 sagena,

502 4601 623 4655 quae
650 4586 706 4641 in
737 4585 1103 4657 quodcunque
1132 4587 1405 4644 incidebat
1432 4590 1725 4661 abriperet.

572 4676 627 4733 3.
660 4676 852 4732 Nullus
876 4686 993 4732 erat
1019 4680 1155 4733 tanti
1179 4680 1307 4733 mali
1362 4681 1637 4749 medicus;
1696 4682 1902 4738 nullum
1933 4684 2073 4740 alla-

501 4777 617 4824 tum
681 4770 1005 4837 remedium,
1045 4778 1213 4843 atque
1263 4780 1344 4827 tot
1388 4762 1764 4845 generationes
1797 4791 1919 4847 qua
1951 4775 2080 4831 vitae

501 4860 834 4915 curriculum
870 4875 1106 4917 emensae
1135 4870 1284 4927 sunt,
1312 4863 1677 4918 insatiabilem
1719 4866 1913 4922 mortis
1941 4880 2075 4920 ven-

500 4959 640 5008 trem
661 4968 769 5008 non
804 4954 1121 5024 implevere.
1150 4955 1230 5009 Ac
1258 4962 1367 5009 tam
1400 4956 1580 5027 gravis
1627 4958 1755 5012 mali
1806 4959 1955 5013 nulla
1988 4959 2075 5014 lu-

380 5044 386 5051 “
499 5043 756 5114 gentibus
782 5040 903 5098 erat
947 5045 1277 5109 consolatio,
1321 5046 1417 5101 sed
1473 5046 1780 5117 desperatio
1830 5049 2072 5112 medela),

500 5133 609 5188 nisi
629 5132 885 5189 Christus
905 5134 1058 5189 cruci
1097 5133 1310 5194 aliixus.
1352 5135 1546 5190 mortis
1586 5138 1947 5207 tyrannidem,
1979 5138 2073 5192 illa

501 5223 664 5279 trium
688 5226 898 5281 dierum
924 5225 1256 5297 totidemque
1269 5226 1509 5280 noctium
1528 5228 1805 5297 sepultura
1823 5235 2072 5300 prostra-

499 5313 691 5379 visset,
722 5317 989 5372 subversa
1010 5315 1356 5373 diuturniore
1377 5316 1468 5371 illa
1502 5315 1701 5371 inferni
1732 5319 1880 5389 regia
1919 5336 1934 5372 :
1961 5334 2071 5373 non

572 5469 617 5501 “
655 5468 815 5525 Rom.
852 5486 987 5537 vm,
1019 5471 1111 5525 Ἡ.
1191 5473 1232 5504 ¹¹
1272 5470 1292 5525 l
1322 5470 1449 5528 Cor.
1482 5488 1574 5537 xv,
1606 5471 1694 5527 53.

571 5625 782 5699 (δι-62)
802 5625 875 5680 Ita
897 5626 1031 5698 Reg.
1049 5627 1214 5695 Editi,
1232 5628 1548 5699 ἀνάκτησις,
1564 5624 1744 5692 Colb.,
1764 5627 2061 5691 ἀνάκλισις,

500 5711 599 5766 pro
630 5695 944 5766 ἀνάκλησις.

571 5764 682 5837 (65)
722 5764 874 5822 Coll).
888 5810 900 5833 ,
931 5766 1308 5837 ἐπιλαϐούσης.

2182 3125 2493 3196 παραδείσῳ
2515 3124 2578 3179 τὺ
2611 3125 2894 3198 πρότερον,
2932 3126 3281 3198 ἀγεωργήτου
3319 3126 3535 3197 τρυφῆς
3555 3125 3741 3197 κλῆρον

2158 3218 2244 3283 ,ὲκ
2281 3216 2690 3290 φιλανθρωπίας
2720 3217 3022 3289 δεξάμενοι.
3063 3216 3321 3288 Ἐπῆλθεν
3352 3219 3381 3268 ὁ
3411 3218 3534 3286 ὄφις
3565 3234 3741 3287 τοιχω-

2181 3306 2362 3379 ρύχος,
2409 3308 2508 3378 τῆς
2540 3307 2893 3371 ἀπολαύσεως
2936 3306 3235 3381 λῃστεύσας
3272 3307 3372 3379 τὴν
3400 3307 3631 3379 τρυφὴν,
3656 3306 3741 3358 καὶ

2180 3396 2507 3469 κατάκριτον
2531 3397 2593 3450 τὸ
2612 3396 2901 3471 λῃστευθὲν
2922 3397 3219 3467 κατέστησε
3237 3396 3414 3465 γένος,
3438 3397 3557 3450 ὁδὸν
3579 3393 3740 3464 εὑρὼν

2178 3485 2273 3545 ⁸’ἐοῐὶ
2301 3485 2553 3549 θανάτου,
2581 3484 2685 3556 τῆς,
2711 3485 2929 3555 ἐντολῆς
2965 3486 3059 3557 τὴν
3099 3484 3432 3555 παράϐασιν.
3476 3483 3741 3537 Ἐντεῦθεν

2179 3577 2331 3649 ᾅδης,
2378 3575 2550 3639 πύλας
2589 3575 2825 3643 ἀνοίξας,
2872 3575 2934 3629 τὸ
2981 3575 3086 3629 τῶν
3123 3574 3423 3645 ἀνθρώπων
3461 3575 3742 3644 ὑπεδέχετο

2178 3668 2353 3738 γένος·
2383 3668 2478 3722 καὶ
2504 3667 2759 3721 τίκτουσα
2788 3666 2948 3737 φύσις
2975 3665 3201 3737 φοϐερὸν
3229 3662 3341 3736 εἶχε
3370 3665 3479 3718 τῶν
3499 3663 3742 3735 τικτομέ-

2179 3776 2285 3813 νων
2312 3760 2403 3813 τὸν
2431 3759 2680 3815 θάνατον·
2722 3760 2814 3814 καὶ
2842 3759 2950 3812 τῶν
2982 3758 3185 3812 ὠδίνων
3219 3759 3272 3809 οἱ
3309 3760 3463 3811 πόνοι
3495 3757 3741 3830 πρόσοδος
3856 3744 3859 3745 ν

2179 3852 2388 3921 ἐγίνετο
2427 3853 2635 3921 τάφων.
2673 3851 2783 3905 Καὶ
2823 3847 2892 3923 ἦν
2933 3852 3260 3924 κληρονόμος
3305 3852 3370 3905 ἐκ
3406 3849 3742 3922 παρανομίας

2180 3944 2428 4009 θάνατος,
2463 3945 2700 4016 ἑκάστην
2736 3943 2845 3998 τῶν
2888 3945 3111 4016 ἡλικιῶν
3150 3942 3441 4008 ἀκωλύτως
3481 3942 3737 4015 ἀγρεύων·

2179 4037 2280 4091 οὐκ
2319 4036 2563 4109 ἐμϐρύου
2597 4037 2932 4108 φειδόμενος,
2975 4038 3037 4090 οὺ
3066 4037 3128 4089 τὸ
3163 4034 3353 4107 τεχθὲν
3387 4036 3658 4107 προορῶν,
3686 4034 3773 4115 ού.

2179 4129 2270 4182 τὸν
2308 4129 2507 4199 ἔφηϐον
2537 4128 2725 4196 ἐλεῶν,
2767 4130 2830 4182 οὐ
2873 4127 3295 4199 καταλιμπάνων
3331 4128 3645 4191 νεάζοντας,
3685 4124 3740 4177 ού

2180 4220 2490 4292 πρεσϐύτας
2536 4220 2855 4291 αἰδούμενος
2876 4260 2890 4285 ,
2943 4220 3040 4290 οὐχ
3086 4218 3430 4290 ἁμαρτωλοῖς
3486 4213 3741 4287 συγγινὼ-

2180 4330 2326 4366 σκων
2351 4312 2484 4386 (65),
2529 4313 2591 4365 οὐ
2635 4312 2856 4366 δικαίων
2898 4311 3191 4379 κατάλογον
3234 4309 3642 4379 αἰσχυνόμενος,
3684 4306 3740 4360 οὐ

2179 4404 2465 4475 προφήτας
2509 4400 2961 4474 παραιτούμενος,
3000 4400 3096 4470 οὐχ
3127 4397 3278 4468 ἱερέα
3308 4396 3744 4468 παραπεμπόμε-

2178 4512 2288 4558 νος·
2314 4495 2428 4549 ἀλλ⁹
2449 4493 2672 4563 ἧπλωτο
2695 4492 2839 4547 κατά
2861 4492 3076 4546 πάντων
3093 4493 3127 4562 ή
3147 4488 3239 4543 τοῦ
3263 4488 3494 4542 θανάτου
3520 4489 3740 4559 σαγήνη,

2177 4587 2239 4639 τὸ
2269 4585 2612 4658 προσπίπτον
2641 4584 2980 4658 ἀρπάζουσα.
3158 4596 3161 4599 ·

2250 4678 2302 4733 5.
2334 4681 2445 4733 Οὐκ
2476 4674 2545 4750 ἦν
2574 4677 2755 4749 ἰατρὸς
2800 4677 2893 4732 τοῦ
2930 4675 3100 4731 κακοῦ
3125 4692 3139 4706 ·
3183 4674 3285 4729 οὐκ
3317 4668 3387 4745 ἦν
3417 4672 3743 4742 ἐπαγόμενον

2180 4769 2490 4842 φάρμακον,
2527 4771 2623 4823 καὶ
2655 4768 2916 4823 τοσαῦται
2953 4767 3136 4837 γενεαὶ
3166 4765 3267 4838 τὴν
3292 4765 3438 4838 ζωὴν
3490 4761 3744 4834 παροδεύ-

2181 4877 2362 4924 σασαι,
2413 4860 2514 4931 τὴν
2560 4859 2854 4929 ἀκόρεστον
2885 4858 2985 4912 οὐκ
3011 4856 3331 4928 ἐπλήρωσαν
3372 4854 3470 4908 τοῦ
3521 4853 3741 4907 θανάτου

2178 4954 2438 5026 γαστέρα.
2465 4951 2576 5005 Καὶ
2608 4947 2677 5023 ἦν
2707 4950 2768 5005 τὸ
2793 4951 2963 5005 δεινὸν
2987 4953 3097 5013 τοῖς
3129 4947 3416 5001 πενθοῦσιν
3457 4944 3743 5018 ἀπαραμύ-

2177 5044 2358 5117 θητον,
2399 5043 2493 5096 καὶ
2532 5043 2671 5115 πρὸς
2704 5042 2847 5097 ῐασιν
2878 5043 3098 5114 ἄπορον,
3127 5040 3177 5094 εί
3222 5038 3296 5111 μὴ
3324 5038 3559 5111 Χριστὸς
3590 5053 3742 5092 σταυ-

2181 5136 2375 5209 ρωθεὶς
2399 5135 2494 5191 τοῦ
2525 5135 2751 5189 θανάτου
2777 5134 2874 5207 τὴν
2905 5132 3192 5206 τυραννίδα
3219 5132 3546 5204 κατήνεγκε,
3572 5145 3742 5184 νυκτο·

2176 5228 2459 5299 τριημέρῳ
2476 5231 2619 5300 ταφῇ
2650 5228 2718 5282 τὰ
2746 5226 3072 5300 πολυχρόνια
3095 5224 3187 5279 τοῦ
3216 5224 3341 5297 ᾅδου
3372 5222 3741 5297 καταστρέψας

2178 5318 2450 5390 βασίλεια·
2486 5319 2545 5372 οὐ
2588 5317 2684 5374 νῦν
2728 5318 2961 5391 πρώτως
2998 5317 3135 5390 πρὸς
3180 5316 3589 5389 φιλανθρωπίαν
3617 5314 3737 5389 δρα-

2399 5626 2658 5711 §ic_mss.
2692 5626 3291 5711 vegohdt’azﬁost
3318 5625 3432 5698 γὰρ
3461 5625 3560 5711 τήν
3578 5619 3729 5711 δοξοιλ.

2251 5698 2360 5771 (65)
2401 5697 2479 5754 Ita
2503 5698 2636 5771 Reg.
2664 5700 2894 5756 etColb.
2939 5698 3082 5754 Editi
3120 5697 3267 5762 vero,
3302 5697 3693 5766 συγγινώσκων.
