4022 6382
339 252 477 307 1077

1467 263 1705 323 SERMO
1743 267 1811 323 IN
1850 269 2174 326 SANCTUM
2213 269 2500 328 PASCHA.

3422 278 3557 335 £078

337 375 472 447 μὼν,
505 377 613 430 οὐδ’
637 379 795 444 αὐτὸς
826 381 1016 435 ἑαυτοῦ
1043 382 1173 456 πρὸς
1208 384 1270 437 τὸ
1313 387 1483 459 παρὸν
1509 390 1747 458 γεγονὼς
1771 407 1906 462 συμ-

2012 393 2112 462 iam
2145 394 2376 464 primum
2407 394 2472 447 ad
2507 393 2892 464 benignitatem
2908 409 3034 465 erga
3061 395 3306 453 homines
3334 411 3455 453 sese
3471 398 3560 451 ir.-

339 467 688 541 παθέστερος,
730 474 778 526 εί
809 473 899 526 καὶ
927 473 1020 526 νῦν
1046 474 1190 548 ἔργῳ
1221 476 1319 548 τὴν
1346 480 1636 534 ἀνάστασιν
1667 482 1864 546 ἔδειξεν
1883 499 1895 512 ⁸

339 558 470 611 ἀλλά
499 560 592 613 καὶ
627 562 791 616 πάλαι
813 564 1113 635 κρατοῦντα
1143 566 1232 620 τὸν
1253 569 1478 623 θάνατον
1507 575 1626 636 ταῖς
1647 573 1745 642 τῆς
1773 575 1901 627 ἀνα-

341 651 579 714 στάσεως
603 654 786 722 ὲφόόει
836 661 1041 724 σκιαῖς·
1075 660 1167 712 καὶ
1196 660 1288 713 τοῦ
1329 662 1453 733 ᾇδου
1494 665 1592 734 τὴν
1627 664 1900 733 βασιλείαν

339 741 652 812 ἐτάραττεν,
685 746 904 812 ἐλπίδας
935 749 1230 815 ἀθανασίας
1257 754 1508 823 ἀμυδρῶς
1535 754 1612 824 τῷ
1636 756 1776 822 γένει
1801 756 1900 809 δω-

342 831 630 902 ρούμενος·
682 837 983 908 ίσοχρὸνους
1035 841 1127 892 καὶ
1164 842 1262 911 τῆς
1289 842 1380 894 τοῦ
1425 843 1550 913 ᾇδου
1596 845 1903 916 τυραννίδος

337 923 435 986 τὰς
461 924 562 993 τῆς
588 927 931 992 καταλύσεως
957 932 1264 1000 άνυφαίνων
1305 934 1528 997 ἐννοίας.
1571 938 1680 989 Καὶ
1713 939 1902 990 σκόπει

339 1014 436 1086 τὴν
476 1019 785 1090 ἀπόρρητον
824 1020 932 1072 τῶν
985 1025 1320 1094 πραγμάτων
1360 1027 1685 1096 οἰκονομίαν.
1740 1028 1904 1080 Ἀὁελ

341 1105 557 1176 πρῶτος
582 1108 686 1161 ὑπὸ
721 1109 812 1161 τοῦ
844 1109 1069 1164 θανάτου
1109 1115 1412 1183 κατέχεται.
1459 1117 1514 1169 '0
1556 1117 1798 1179 δεδωκὼς
1828 1119 1904 1190 τῷ

342 1194 555 1266 θανάτῳ
583 1197 681 1267 τῆς
717 1200 987 1272 ἁμαρτίας
1007 1202 1102 1273 τὴν
1131 1205 1418 1274 πρόφασιν,
1444 1206 1624 1260 δίδωσι
1649 1212 1713 1279 τῇ
1747 1209 1904 1278 φύσει

341 1287 481 1340 κατὰ
508 1288 600 1341 τοῦ
626 1289 850 1343 θανάτου
881 1291 1235 1362 δικαιολογίας
1256 1297 1527 1351 ὑπόθεσιν.
1569 1299 1630 1351 El
1663 1301 1769 1371 γὰρ
1800 1301 1908 1355 ἀδί-

341 1394 453 1439 κως
495 1379 802 1448 κατέχεται,
835 1381 1056 1446 δικαίως
1095 1385 1400 1439 ἀνίσταταιο
1447 1389 1767 1460 ἁμαρτωλοῦ
1799 1391 1906 1462 γὰρ

341 1467 721 1532 ἀποθανόντος,
749 1473 1090 1546 ἰσχυρότερος
1113 1475 1461 1548 δικαζόμενος
1486 1483 1513 1534 6
1539 1480 1781 1546 θάνατος.
1811 1485 1909 1536 Σα-

343 1561 446 1631 θρὰ
480 1562 536 1614 δὲ
566 1565 706 1618 κατὰ
743 1565 962 1618 δικαίων
989 1566 1067 1638 τῷ
1115 1568 1213 1640 ᾅδῃ
1244 1573 1276 1640 ἠ
1310 1570 1649 1642 ἐγχείρησις⁸
1680 1573 1908 1644 ἀσθενὴς

343 1657 372 1706 ὁ
399 1653 492 1706 τοῦ
524 1655 754 1708 Θανάτου
798 1657 1014 1726 δεσμὸς,
1045 1659 1249 1714 δίκαιον
1279 1660 1423 1731 ἔχων,
1446 1663 1642 1728 ἀδίκως
1682 1666 1909 1734 κρατού-

345 1762 524 1816 μενον.
558 1747 621 1798 Et
649 1748 756 1818 γὰρ
784 1751 814 1818 ἡ
853 1749 1092 1820 ἁμαρτία
1119 1752 1217 1819 τῆς
1253 1752 1346 1805 τοῦ
1377 1753 1604 1808 Θανάτου
1635 1755 1908 1826 βασιλείας

343 1835 514 1904 ἰσχὺς,
548 1836 576 1887 6
615 1837 779 1907 μήπω
825 1838 1052 1901 πταίσας
1089 1840 1393 1905 ἀνεύθυνος.
1428 1843 1535 1903 Διὰ.
1562 1845 1718 1902 τοῦτο
1748 1845 1905 1899 δυνά-

345 1944 506 1996 μενος
538 1929 566 1979 6
598 1928 729 1992 Θεὸς
761 1928 1061 1998 ἐξαρπάσαι
1097 1931 1195 1984 τοῦ.
1229 1933 1390 2002 φόνου,
1414 1934 1519 1991 τὸν.
1538 1935 1720 2001 Ἀϐελ,
1754 1937 1908 1990 τοῦτο

346 2019 444 2088 μὲν
470 2020 532 2073 ού
583 2021 866 2091 πεποίηκε,
900 2021 1244 2095 συνεχώρησε
1275 2025 1330 2082 δὲ
1361 2026 1458 2096 τὴν
1493 2029 1788 2099 ἀναίρεσιν,
1822 2031 1908 2083 ἵνα

341 2109 567 2180 ἆρῤιζος
591 2108 701 2180 (66)
741 2111 964 2181 γένηται
1001 2112 1225 2177 θάνατος
1261 2114 1467 2170 δικαίου
1511 2120 1909 2191 φυτουργούμε-

343 2217 434 2264 νος
464 2201 675 2272 αἵματι.
703 2202 800 2254 Διὰ
835 2196 993 2256 τοῦτο
1020 2205 1272 2271 Χριστὸς,
1316 2208 1452 2278 ὑπὲρ
1477 2209 1570 2261 τοῦ
1600 2211 1804 2280 κόσμου
1837 2213 1908 2266 δι-

345 2287 548 2360 καζόμε
558 2305 660 2355 νος,
683 2291 848 2358 ἔλεγε·
879 2311 896 2343 ι
918 2293 1029 2346 Νῦν
1046 2294 1220 2366 κρίσις
1237 2299 1351 2350 ἐστὶ
1366 2299 1459 2352 τοῦ
1473 2301 1674 2372 κόσμου
1696 2304 1902 2358 τούτου·

341 2379 437 2434 νῦν
467 2383 498 2434 6
539 2383 719 2452 ἄρχων
750 2383 842 2436 τοῦ
868 2385 1070 2454 κόσμου
1090 2387 1276 2442 τούτου
1314 2390 1705 2463 ἐκϐληθήσεται
1726 2395 1850 2461 ἔξω.
1882 2416 1901 2449 ι

345 2473 584 2525 Ἀνωθεν
606 2469 696 2526 οῦν
725 2475 756 2545 ἡ
777 2478 869 2528 τοῦ
902 2477 1066 2533 Ἀϐελ
1088 2479 1176 2532 διὰ
1200 2481 1434 2550 Χριστοῦ
1466 2487 1906 2558 προκεκήρυκται

341 2562 462 2633 δίκη
488 2564 580 2617 καὶ
595 2566 740 2638 νίκη.
780 2567 924 2620 Λάϐε
954 2586 1038 2638 μοι
1067 2571 1275 2625 Παῦλον
1301 2577 1716 2646 συνηγοροῦντσ·
1743 2597 1761 2629 ι
1801 2581 1908 2634 Καὶ

341 2654 628 2710 ἀποθανὼν
659 2696 675 2723 ,
720 2658 918 2728 φησὶν,
967 2659 1164 2725 Ἀϐελ,
1210 2663 1289 2716 ἐτι
1343 2663 1523 2718 λαλεῖ·
1580 2667 1701 2720 ὅθεν
1747 2671 1908 2725 αὑτὸν

344 2747 437 2800 καὶ
471 2750 529 2801 ἐν
558 2749 838 2821 παραϐολῇ
875 2752 1183 2821 ἐκομίσατο,
1218 2773 1236 2806 ι
1271 2756 1579 2834 παραὸολὴν
1615 2759 1714 2830 τὴν.
1741 2761 1910 2831 ὁμοιὸν

345 2858 483 2910 τητα
523 2841 713 2910 λέγων.
748 2844 918 2914 Φέρει
943 2844 1050 2916 γὰρ
1085 2847 1430 2918 μίμησιν.τῆς
1451 2850 1542 2902 τοῦ
1567 2851 1802 2922 Χριστοῦ
1829 2852 1906 2908 6i,—

345 2950 448 3003 κης
475 2934 509 3004 ἡ
541 2933 634 2986 τοῦ
675 2933 836 2995 Ἅϐελ
867 2936 1160 3005 ἀναίρεσις.
1201 2937 1298 2990 Διὰ
1328 2939 1484 2993 τοῦτο
1521 2942 1614 2994 κα).
1643 2943 1779 3012 μετὰ
1814 2943 1908 2997 θά-

1999 485 2233 548 clinans,
2268 501 2443 556 neque
2471 486 2586 555 ipse
2619 485 2800 555 seipso
2832 485 3148 556 propensior
3170 486 3237 540 ad
3258 487 3563 542 misericor-

2001 575 2144 630 diam
2183 576 2386 639 factus,
2411 577 2624 632 etiamsi
2681 591 2824 631 nunc
2874 590 3060 632 revera
3106 578 3559 632 resurrectionem

2006 669 2286 734 exhibuit;
2318 667 2411 723 sed
2436 667 2548 737 jam
2580 667 2708 722 olim
2740 677 2965 722 mortem
3000 669 3282 738 imperium
3314 668 3563 722 obtinen-

2004 767 2133 822 tem,
2178 761 2596 814 resurrectionis
2647 758 2854 814 umbris
2898 759 3178 824 exterruit,
3229 775 3560 831 regnumque

2007 849 2208 904 infcrni
2232 850 2601 914 conturbavit,
2628 850 2856 906 obscura
2889 851 3120 920 quadam
3147 853 3357 906 ratione
3377 852 3558 922 generi

2004 937 2241 992 humano
2274 953 2423 1008 spem
2457 939 2701 992 tribuens
2723 939 3182 1008 incorruptionis;
3205 939 3562 1010 indicansque

2003 1029 2206 1096 aequale
2238 1027 2351 1082 fore
2382 1035 2593 1098 tempus
2626 1029 2788 1084 soluti
2819 1029 3035 1095 inferni,
3065 1029 3290 1100 tempori
3312 1030 3558 1101 tyranni-

2004 1119 2089 1172 dis
2127 1118 2265 1188 ejus.
2299 1120 2377 1172 Ac
2395 1120 2546 1184 mihi,
2572 1135 2777 1189 quaeso,
2809 1121 3077 1191 perpende
3096 1136 3350 1176 arcanam
3378 1136 3560 1177 rerum

2007 1209 2386 1264 oeconomiam.
2416 1208 2549 1263 Abel
2575 1209 2784 1279 primus
2803 1225 2834 1264 a
2857 1219 3030 1265 morte
3066 1210 3336 1266 detinetur
3364 1212 3428 1266 ".
3458 1211 3560 1278 Qui

2008 1300 2168 1354 morti
2193 1299 2340 1355 dedit
2372 1302 2578 1372 peccati
2630 1302 2996 1369 occasionem,
3033 1303 3079 1357 is
3109 1312 3315 1358 natura:
3343 1303 3437 1358 dat
3470 1303 3565 1358 ad-

2005 1403 2198 1442 versus
2227 1395 2455 1442 mortem
2491 1388 2741 1443 vindictae
2795 1390 3108 1459 expetenda;
3163 1400 3561 1462 argumentum.
3635 1453 3650 1476 ³

2008 1475 2166 1542 Nam,
2207 1478 2254 1533 si
2293 1479 2492 1549 injuria
2521 1479 2814 1543 detinetur,
2842 1479 2965 1548 jure
3013 1482 3247 1552 resurgit
3287 1499 3300 1534 :
3351 1489 3566 1536 mortuo

2009 1587 2243 1642 namque
2270 1581 2572 1642 peccatore,
2592 1573 2645 1626 in
2670 1572 2762 1642 jus
2785 1579 2972 1626 vocata
3004 1588 3151 1628 mors
3183 1575 3374 1628 fortior
3398 1583 3563 1630 esset.

2011 1663 2362 1720 Perniciosus
2395 1674 2577 1718 autem
2615 1662 2829 1718 inferno
2858 1663 2962 1718 fuit
2990 1662 3080 1718 ille
3103 1667 3364 1720 adversus
3388 1665 3567 1734 justos

2009 1764 2240 1811 conatus
2275 1773 2288 1810 :
2317 1755 2589 1809 infirmum
2615 1756 2806 1810 mortis
2838 1757 3136 1818 vinculum,
3168 1755 3314 1826 quod
3358 1756 3567 1825 justum

2009 1845 2210 1916 injuria
2239 1847 2564 1902 obstrictum
2591 1847 2877 1903 detineret.
2931 1847 2988 1902 Si
3021 1864 3256 1920 namque
3287 1857 3569 1918 peccatum

2008 1949 2092 1991 est
2115 1937 2267 2007 regni
2302 1938 2493 1992 mortis
2538 1937 2726 2001 robur,
2770 1938 2862 2008 qui
2917 1939 3149 1992 necdum
3182 1937 3424 2003 offendit,
3461 1953 3571 1993 non

2008 2028 2086 2082 illi
2115 2028 2386 2083 obnoxius
2415 2035 2518 2083 est.
2553 2027 2913 2094 Quamobrem
2944 2044 3067 2083 cum
3103 2044 3268 2098 penes
3292 2029 3458 2084 Deum
3483 2045 3574 2084 es-

2009 2125 2091 2172 set
2145 2117 2363 2172 Abelem
2416 2117 2538 2172 neci
2575 2117 2893 2186 subripere;
2946 2116 3000 2170 id
3035 2116 3255 2171 minime
3296 2115 3444 2180 fecit,
3477 2115 3573 2171 sed

2008 2210 2254 2280 permisit
2300 2209 2537 2275 caedem;
2573 2217 2631 2262 ut
2658 2209 2794 2278 justi
2850 2209 3116 2280 sanguine
3153 2208 3393 2278 plantata
3424 2222 3573 2262 mors

2008 2301 2210 2355 nullam
2235 2300 2454 2354 haberet
2470 2300 2729 2356 radicem.
2761 2300 2937 2365 Quare
2959 2299 3208 2354 Christus
3233 2297 3418 2352 mundi
3441 2311 3571 2352 cau-

2008 2407 2122 2447 sam
2160 2407 2346 2463 agens,
2389 2392 2604 2447 diccbat
2639 2411 2652 2447 :
2693 2410 2711 2443 ι
2743 2391 2898 2446 Νιιηο
2925 2391 3191 2462 judicium
3243 2399 3329 2446 est
3380 2389 3573 2444 mundi

2009 2484 2192 2554 hujus,
2247 2499 2396 2538 nunc
2449 2483 2702 2553 princeps
2753 2482 2916 2552 hujus
2972 2482 3160 2537 mundi
3199 2481 3449 2552 ejicietur
3492 2481 3574 2535 fo-

2008 2577 2180 2634 ras“.
2223 2595 2242 2628 ι
2292 2577 2478 2646 Itaque
2502 2576 2615 2645 jam
2659 2575 2789 2628 olim
2841 2591 2937 2646 per
2963 2574 3242 2630 Christum
3281 2573 3575 2644 praedicata

2007 2676 2091 2722 est
2123 2667 2306 2724 Abelis
2343 2679 2509 2722 causa
2536 2674 2697 2734 atque
2714 2665 2964 2720 victoria.
2991 2664 3216 2718 Paulum
3238 2664 3426 2733 accipe
3440 2663 3574 2717 mihi

2008 2758 2135 2816 huic
2183 2757 2464 2812 sententia:
2513 2755 2944 2826 patrocinantem
3001 2771 3013 2806 :
3061 2773 3080 2805 ‹
3130 2754 3196 2809 Ει
3232 2765 3516 2817 mortuus,
3549 2771 3568 2806 ι

2009 2850 2205 2919 inquit,
2243 2867 2262 2900 ‹
2304 2848 2458 2910 Abel,
2504 2848 2682 2902 adhuc
2738 2848 3024 2918 loquitur:
3066 2847 3208 2902 unde
3247 2863 3371 2901 eum
3416 2855 3471 2902 et
3519 2846 3573 2899 in

2012 2939 2322 3010 parabolam
2355 2938 2551 3006 accipit
2572 2937 2634 3001 ³⁸,
2675 2958 2693 2990 ι
2729 2939 3040 3008 parabolam
3065 2938 3345 3008 appellans
3375 2938 3573 2992 simili-

343 3040 504 3077 νατον
529 3023 843 3093 φθέγγεται,
873 3027 966 3078 καὶ
995 3031 1287 3097 κατηγορεῖ
1305 3030 1396 3082 τοῦ
1435 3032 1806 3100 φονεύσαντος.
1845 3035 1908 3088 Ἦ

2012 3030 2271 3084 tudinem.
2298 3028 2483 3084 Abelis
2508 3029 2707 3100 quippe
2729 3030 2903 3085 caedes
2929 3028 3116 3098 judicii
3150 3026 3355 3083 Christi
3387 3037 3571 3098 typum

344 3114 452 3184 γὰρ
482 3115 577 3168 τοῦ
622 3117 736 3187 βίου
782 3121 1051 3190 παρουσία
1087 3121 1218 3190 (67),
1252 3122 1344 3174 τοῦ
1391 3121 1616 3175 θανάτου
1651 3124 1748 3194 τὴν
1789 3124 1908 3195 βίαν

2012 3122 2167 3193 gerit.
2193 3120 2371 3186 Quare
2400 3121 2562 3175 etiam
2591 3129 2714 3193 post
2752 3129 2980 3176 mortem
3017 3120 3279 3190 loquitur,
3309 3134 3373 3174 ac
3397 3119 3574 3189 parri-

343 3207 624 3278 ἐνίκησεν.
657 3211 769 3264 ὓύκ
799 3211 1023 3283 ἔστησεν
1052 3213 1213 3266 αὐτοῦ
1243 3214 1447 3284 βοῶσαν
1478 3215 1574 3287 τὴν
1609 3215 1857 3284 γλῶσσαν
1881 3220 1909 3270 6

345 3301 527 3369 φόνος,
561 3303 682 3356 οὐδὲ
720 3304 820 3367 τὰς
856 3304 948 3357 τοῦ
985 3306 1214 3376 αἵματος
1239 3307 1598 3376 δικαιολογίας
1629 3297 1905 3378 ἐνέκοψεν·

342 3393 457 3448 (Dx
505 3393 754 3456 ἀθάναταΔ
795 3395 1090 3464 φθέγγεται
1152 3397 1368 3466 γλῶττα
1416 3400 1759 3471 κρατουμένη
1816 3399 1911 3452 θα-

343 3487 510 3558 νάτῳ.
541 3488 653 3541 Οὐκ
684 3487 749 3548 ἂν
787 3483 854 3558 ἦν
889 3488 1117 3559 εὔπορος
1147 3491 1228 3556 είς¹
1252 3489 1543 3558 ἀπολογίαν
1569 3493 1603 3561 ἡ
1648 3490 1827 3560 φύσις,
1863 3494 1910 3544 εί

341 3577 392 3632 6.
418 3577 591 3649 Ἀδὰμ
628 3580 1080 3649 προανήρπαστο·
1117 3579 1280 3650 ἡγὰρ
1303 3580 1398 3649 τῆς
1439 3580 1798 3651 παραϐάσεως
1831 3583 1913 3636 αἰ-

346 3671 516 3742 σχύνη
541 3673 639 3742 τὴν
675 3670 918 3740 γλῶτταν
955 3672 1290 3743 άνέφραττεν
1320 3670 1453 3742 (68).
1490 3671 1653 3725 Ἀὁελ
1701 3671 1913 3744 πρῶτος

345 3762 530 3824 πεσὼν
552 3763 739 3834 ἤγειρε
772 3763 868 3827 τάς
903 3763 1120 3827 ἐλπίδας
1140 3766 1238 3835 τῆς
1268 3763 1497 3834 φύσεως.

409 3937 466 3996 4.
495 3936 767 4006 Ἕφθασεν
805 3936 896 3989 ἐπὶ
935 3933 1141 3997 τούτοις
1188 3933 1378 4005 Ἑνὼχ,
1417 3935 1509 3988 καὶ
1544 3951 1708 3988 τοπου
1750 3951 1915 4006 μετα-

345 4028 534 4083 στάσει
561 4027 651 4079 τὸν
686 4028 817 4098 ᾆδην
859 4027 1158 4095 ἀπέφυγεν,
1190 4025 1533 4097 εὐδοκιμήσει
1568 4026 1682 4096 βίου
1717 4025 1916 4097 δραπε-

341 4120 518 4176 τεύων
536 4121 626 4172 τὸν
652 4119 897 4176 θάνατον.
929 4118 1081 4172 Μετὰ
1100 4117 1286 4170 τοῦτον
1320 4117 1503 4182 Ἠλίας
1526 4121 1553 4171 6
1576 4119 1765 4189 μέγας,
1796 4118 1915 4172 οὐδὲ

343 4213 508 4275 αὐτὸς
557 4211 702 4276 εἴξας
744 4210 821 4280 τῷ
859 4209 1091 4278 θανάτῳ,
1132 4210 1193 4262 τὸ
1230 4211 1328 4279 τῆς
1379 4210 1651 4280 ξενοδόχου
1707 4209 1916 4266 παιδίον

343 4303 1026 4374 τελευτῆσανςὲξήρπασεν,
1056 4301 1219 4371 εὐχῆς
1251 4302 1536 4374 δυναστεία
1561 4303 1653 4383 τοῦ
1687 4302 1915 4358 θανάτου

2011 3215 2188 3270 cidam
2219 3223 2462 3270 accusat.
2495 3215 2631 3270 Nam
2664 3216 2790 3269 vita:
2823 3212 3087 3268 adventus
3118 3212 3308 3268 mortis
3350 3212 3459 3266 vim
3484 3226 3576 3266 su-

2013 3304 2242 3374 peravit.
2276 3304 2626 3376 Nequaquam
2651 3306 2825 3360 caedes
2885 3305 3006 3373 ejus
3052 3303 3292 3374 linguam
3335 3303 3578 3358 claman-

2012 3401 2118 3449 tem
2136 3395 2410 3461 cohibuit,
2426 3413 2602 3466 neque
2629 3396 2909 3465 sanguinis
2929 3396 3414 3466 expostulationem
3437 3408 3576 3465 pra:-

2013 3483 2145 3538 cidit
2165 3501 2180 3550 ;
2215 3484 2309 3539 sed
2325 3492 2498 3543 morte
2513 3485 2728 3539 detenta
2748 3485 2930 3554 lingua
2951 3491 3211 3537 aeternum
3236 3482 3452 3536 clamat.
3471 3481 3577 3538 Ne-

2011 3591 2282 3646 quaquam
2333 3584 2541 3630 natura:
2566 3575 2619 3629 in
2650 3581 2904 3646 promptu
2939 3572 3134 3628 fuisset
3179 3587 3276 3628 sua
3309 3571 3574 3635 defensio.

2013 3669 2060 3724 si
2090 3668 2240 3739 prior
2280 3667 2448 3724 Adam
2482 3675 2670 3738 raptus
2709 3665 2923 3722 fuisset.
2960 3664 3094 3718 Nam
3127 3664 3577 3734 transgressionis

2013 3760 2186 3829 pudor
2211 3775 2272 3814 os
2303 3759 2377 3814 illi
2403 3759 2704 3814 obturaret.
2735 3755 2869 3812 Abel
2902 3755 3053 3826 prior
3096 3753 3365 3809 decedens
3423 3767 3576 3822 spem

2011 3853 2265 3910 excitavit
2297 3862 2521 3906 naturae.

2081 3945 2137 4000 4.
2169 3945 2249 3998 Ad
2273 3945 2388 4000 haec
2411 3942 2654 3998 occurrit
2677 3941 2882 4007 Enocb,
2924 3940 3017 4012 qui
3068 3940 3174 3996 loci
3223 3937 3577 3994 translatione

2014 4034 2286 4092 infernum
2313 4035 2522 4106 elfugit,
2551 4049 2616 4089 ac
2645 4034 2831 4105 probae
2857 4031 2982 4088 vitae
3011 4047 3123 4088 sua
3172 4031 3344 4102 gratia
3404 4029 3578 4084 evasit

2016 4136 2244 4183 mortem
2275 4127 2338 4182 “.
2375 4124 2505 4182 Post
2549 4125 2696 4180 hunc
2728 4139 2956 4195 magnus
3014 4123 3104 4178 ille
3147 4121 3350 4184 Helias,
3403 4136 3578 4190 nequc

2019 4218 2138 4288 ipse
2198 4217 2359 4272 morti
2392 4214 2554 4288 394
2580 4215 2799 4280 cedens,
2856 4214 3082 4284 hospitae
3141 4211 3386 4267 mulieris
3418 4225 3578 4264 mor-

2017 4317 2172 4364 tuum
2205 4309 2372 4363 ﬁlium
2404 4309 2567 4362 morti
2593 4305 2850 4376 abripuit,
2879 4304 3089 4360 devicto
3116 4317 3213 4360 Der
3243 4302 3348 4355 vim
3375 4300 3578 4355 oratio-

344 4396 601 4466 τὴν,βίαν
643 4396 871 4464 νικήσας
904 4393 1034 4465 (69),
1061 4395 1156 4447 καὶ
1200 4394 1297 4465 τὴν
1342 4394 1400 4458 ἐξ
1424 4394 1548 4465 ᾇδου
1597 4397 1731 4466 πρὸς
1773 4393 1908 4464 ζωὴν

2022 4401 2108 4455 nis
2143 4401 2334 4455 mortis
2374 4399 2622 4468 imperio,
2665 4412 2728 4451 ac
2784 4411 2925 4450 nova
2954 4410 3019 4450 ex
3048 4393 3262 4449 inferno
3301 4389 3366 4445 ad
3410 4391 3578 4444 vitam

347 4488 693 4559 ὑποστροφὴν
742 4490 1156 4558 καινουργῆσας.
1217 4487 1516 4550 Ἐλισσαῖος
1561 4487 1652 4539 ἐπὶ
1704 4487 1914 4550 τούτοις

343 4577 608 4641 ἀνέτειλε,
658 4577 853 4646 διπλῆν
887 4576 945 4640 ἐξ
970 4576 1145 4646 ἁπλῆς
1171 4577 1270 4646 τὴν
1315 4577 1474 4650 χάριν
1506 4576 1816 4646 δεξάμενος,
1858 4575 1915 4638 ὃς

343 4670 405 4726 τὸ
437 4672 536 4741 τῆς
562 4669 920 4740 Σωμανίτιδος
948 4667 1155 4720 παιδίον
1188 4668 1244 4734 ἐξ
1281 4667 1406 4737 ᾇδου
1442 4669 1576 4739 πρὸς
1606 4668 1715 4742 βίον
1739 4669 1805 4722 δι’
1834 4668 1921 4719 εύ-

345 4763 449 4834 χῆς
475 4762 874 4833 μετεπέμπετο.
916 4759 1067 4812 Ἐπεὶ
1093 4759 1148 4811 δὲ
1182 4759 1277 4811 καὶ
1309 4760 1467 4824 αὐτὸς
1497 4763 1603 4823 τοῖς
1636 4761 1728 4813 τοῦ
1763 4759 1920 4814 θανά-

342 4871 438 4910 του
482 4851 810 4922 περιεόλήθη
861 4851 1118 4918 δικτύοις,
1158 4854 1252 4906 καὶ
1297 4853 1488 4924 νεκρὸς
1525 4851 1619 4915 ὢν,
1649 4855 1796 4922 ὅμως
1830 4852 1920 4905 τὸν

343 4947 477 5017 ᾅδην
504 4945 752 5015 ἐσύλησε,
777 4949 842 5017 τῇ
874 4945 969 4997 τοῦ
994 4944 1240 5016 σώματος
1271 4946 1380 5017 ἁφῇ
1411 4946 1503 4998 τὸν
1534 4945 1722 5016 νεκρὸν
1752 4962 1918 5014 φυγαο

341 5038 560 5103 δεύσας,
595 5038 689 5092 καὶ
719 5038 805 5091 διὰ
838 5037 1029 5108 νεκροῦ
1071 5038 1261 5109 νεκρὸς
1285 5039 1420 5108 πρὸς
1451 5036 1563 5106 βίον
1607 5037 1914 5089 ὲκλέπτετο.

419 5217 461 5247 ¹²
505 5215 641 5268 Gen.
681 5230 754 5276 IV,
791 5215 843 5268 8.
921 5209 963 5246 ¹³
1003 5212 1158 5266 Joan.
1196 5230 1306 5275 xu,
1344 5213 1433 5267 51.

345 5303 420 5349 ιι,
455 5286 544 5348 10,
583 5286 639 5338 tl
665 5301 680 5346 ;
711 5300 785 5349 ιν,
816 5283 905 5338 54.
984 5284 1028 5316 ⁸⁸
1068 5283 1135 5337 ιν
1174 5281 1302 5353 Reg.
1339 5299 1475 5347 xm,
1507 5282 1598 5339 21.

415 5439 530 5510 (66)
569 5439 748 5503 Colb.,
781 5437 987 5508 ἄριζος.
1015 5436 1135 5492 Mox
1178 5437 1233 5490 in
1277 5435 1444 5508 Regio
1482 5443 1536 5490 et
1578 5435 1733 5493 Colb.
1764 5439 1916 5494 deest

341 5511 596 5574 θάνατος.

416 5581 530 5647 (67)
573 5579 706 5648 Reg.
741 5586 793 5633 et
812 5579 989 5641 Colb.,
1017 5577 1316 5648 παρρησία.

415 5651 528 5722 (68)
571 5647 730 5720 Reg,
762 5647 1108 5720 ἐνίφραττεν.
1135 5647 1310 5714 Colb.,
1344 5647 1701 5717 ἀπέφραττεν.

1511 5213 1552 5244 ¹¹¹
1588 5211 1753 5270 Hebr.
1785 5230 1839 5270 ιι
1864 5255 1878 5281 ,
1911 5214 1966 5268 4.

2015 4493 2401 4564 remigratione
2430 4490 2727 4546 constituta
2763 4488 2824 4540 ιδ.
2848 4485 2978 4541 Post
3002 4486 3116 4539 haec
3164 4483 3389 4539 Eliszeus
3418 4497 3578 4537 exor-

2019 4591 2106 4637 tus
2138 4590 2241 4642 est.
2278 4583 2369 4652 qui
2415 4582 2681 4652 duplicem
2712 4595 2809 4650 pro
2838 4578 3068 4648 simplici
3093 4586 3284 4630 nactus
3324 4575 3572 4645 gratiam.

2024 4673 2380 4728 Sunamitidis
2417 4672 2585 4726 lilium
2620 4670 2927 4726 exinferno
2959 4668 3024 4721 ad
3048 4667 3206 4720 vitam
3232 4665 3282 4719 vi
3314 4662 3576 4717 orationis

2021 4764 2239 4820 reduxit
2269 4763 2331 4817 ¹⁷.
2369 4761 2501 4816 Cum
2529 4765 2785 4814 autemet
2821 4759 2937 4829 ipse
2971 4756 3164 4810 mortis
3193 4754 3401 4810 retibus
3430 4768 3579 4806 com—

2022 4857 2254 4928 plicatus
2289 4861 2396 4915 est,
2435 4850 2870 4913 mortuuslicet,
2911 4847 3183 4902 infernum
3233 4852 3417 4900 tamen
3448 4841 3580 4896 (Ιίιοί-

2026 4945 2162 5016 puit,
2195 4944 2378 5013 fugato
2403 4958 2498 5012 per
2520 4942 2692 4996 solum
2721 4937 2967 5008 corporis
2997 4943 3308 4991 contactum
3338 4942 3577 4997 mortuo,

2026 5051 2090 5089 ac
2127 5043 2239 5088 tum
2289 5049 2383 5103 per
2442 5031 2756 5088 defunctum
2809 5028 3099 5085 defunctus
3140 5027 3450 5097 rapiebatur
3512 5025 3573 5077 ⁸⁸.

2043 5213 2086 5244 ’⁵
2127 5210 2261 5266 Cen.
2299 5226 2352 5264 v.
2389 5209 2476 5264 9.4.
2557 5209 2598 5239 ¹⁶
2641 5205 2704 5260 Ill
2740 5204 2871 5276 Reg.
2907 5218 3054 5267 xvu,
3094 5202 3182 5257 29..
3263 5202 3303 5233 "
3345 5198 3409 5254 Ν
3445 5198 3578 5272 Reg.

2095 5432 2205 5502 (69)
2248 5432 2324 5486 lla
2354 5429 2484 5502 Reg.
2519 5435 2571 5483 et
2600 5426 2757 5502 Colb.
2787 5425 2930 5479 Editi
2966 5439 3116 5483 vero,
3146 5422 3460 5502 δυναστείας
3487 5417 3582 5502 τοῦ

2027 5492 2262 5594 θανάξξδυ,
2288 5502 2384 5573 τὴν
2426 5492 2934 5594 βίανινικησάσης...
2974 5495 3461 5594 {fumo-quadam.
3492 5492 3554 5550 In

2029 5577 2107 5660 Ira
2132 5564 2630 5696 gegius'ct'Colb"
2650 5564 2944 5621 ἀνέτελλεν.
2979 5564 3121 5631 Mox,
3152 5564 3333 5627 iidem,
3372 5564 3584 5636 Σουμα-

2027 5661 2128 5696 νιτι
2161 5659 2236 5696 ος.
