3898 6582
445 356 586 411 £079

1572 356 1632 410 S.
1675 355 2136 413 ATHANASIUS.
2175 387 2247 399 —-
2282 355 2550 412 SPUBIA.

3550 357 3671 411 1580

443 476 688 546 Eratque,
734 486 983 532 mortuus
1040 478 1303 548 propheta
1354 478 1516 533 morti
1556 477 1775 533 noxius.
1828 477 2018 536 Elisaeo

2122 478 2228 531 Καὶ
2246 470 2314 548 ἦν
2341 480 2369 529 ὁ
2390 477 2674 547 προφήτης
2700 473 2777 545 τῷ
2800 471 3016 544 θανάτῳ
3036 473 3230 545 νεκρὸς
3250 473 3556 544 ἐπιζήμιος.
3576 473 3671 528 Τοῦ

445 568 647 638 quippe
675 574 916 630 mortuo,
952 576 1292 623 mortuorum
1337 584 1601 624 numerus
1646 570 2017 625 accessionem

446 674 557 714 non
591 658 799 715 habuit.
841 656 955 713 Nec
1014 659 1230 715 inferno
1274 659 1552 731 quidpiam
1594 660 1732 716 lucri
1775 661 2014 724 obvenit,

443 751 591 821 quod
619 751 827 820 justum
851 752 1010 821 quasi
1053 753 1290 823 pandam
1317 753 1667 822 abripuisset.
1706 752 1865 809 Hisce
1896 768 2021 808 cor-

444 843 979 915 ruptionelabentem
996 854 1269 911 naturam,
1294 845 1717 900 resurrectionis
1751 845 1863 917 typi
1894 858 2013 898 mu-

444 937 668 990 niebant
700 954 715 990 :
742 951 844 990 nec
873 937 1126 991 valebant
1167 944 1350 991 tamen
1386 936 1454 992 iis
1475 937 1570 1006 qui
1601 936 1717 1006 jam
1758 936 1903 1007 capti
1936 943 2019 991 te-

442 1036 706 1081 nerentur
726 1042 882 1096 opem
911 1027 1091 1082 ferre:
1133 1047 1150 1079 ι
1192 1027 1301 1082 Sed
1327 1029 1575 1099 regnavit
1596 1044 1743 1084 mors
1760 1030 1826 1083 ab
1846 1029 2017 1084 Adam

441 1132 617 1187 usque
632 1118 699 1171 ad
720 1118 945 1190 Moysen
970 1120 1068 1181 ",3
1097 1120 1232 1190 legis
1274 1129 1487 1191 tempus
1517 1121 1727 1176 habens
1750 1122 1804 1176 in
1830 1122 2020 1177 termi-

441 1224 546 1264 nos
579 1210 810 1279 imperii.
842 1210 911 1264 At
935 1219 1224 1282 postquam
1254 1213 1510 1268 Christus
1543 1229 1610 1268 ex
1639 1215 1795 1269 crelis
1846 1230 2017 1284 appa-

442 1299 577 1363 ruit,
605 1308 718 1353 tum
744 1315 871 1371 spes
898 1303 1114 1372 generis
1163 1302 1388 1356 humani
1424 1305 1479 1357 in
1512 1318 1652 1374 opus
1699 1306 1971 1373 processit
2000 1322 2014 1358 :

443 1398 558 1443 tum
617 1389 899 1447 Dominica
951 1407 1087 1447 voce
1128 1393 1325 1449 inferni
1367 1394 1611 1449 claustra
1641 1403 1829 1465 aperta
1864 1402 2016 1462 sunt,

442 1494 505 1533 ae
529 1488 776 1538 mortuos
798 1481 1084 1552 colligatos
1117 1482 1419 1537 reddebant
1449 1484 1701 1553 sepulcra
1729 1526 1742 1538 .
1763 1492 1877 1539 tum
1913 1501 2015 1539 von

442 1570 583 1624 catio
608 1570 772 1635 facta,
802 1581 916 1626 tum
964 1575 1273 1644 sepulcrum
1332 1581 1579 1644 apertum
1631 1583 1735 1640 est,
1792 1591 1855 1630 ac
1908 1576 2017 1632 Deo

442 1662 737 1731 conjuncta
759 1664 994 1718 humana
1018 1673 1236 1728 natura,
1256 1664 1531 1721 infernum
1546 1668 1858 1737 perterruit.
1880 1668 2017 1725 [iinc

443 1751 693 1809 mfernus
713 1755 977 1811 adversus
1000 1764 1338 1811 mortuorum
1361 1766 1638 1829 raptorem
1663 1758 2011 1817 inclamabat:

443 1843 586 1908 Quid
638 1853 698 1900 tu
742 1847 947 1901 editum
994 1848 1052 1902 in
1104 1847 1356 1918 paradiso
1405 1852 1735 1922 rescriptum
1778 1853 2017 1908 evertis?

442 1952 615 2007 quare
676 1937 1100 2009 chirographum
1152 1940 1418 1997 adversus
1459 1949 1711 1998 naturam
1771 1945 2017 2000 conscri-

442 2038 596 2101 ptum
618 2030 896 2087 exscindis
911 2032 937 2086 ’ἔ
967 2030 1268 2101 Rescriptis
1294 2034 1419 2104 jure
1440 2035 1601 2091 editis
1626 2036 1888 2093 adversus
1911 2037 2015 2092 ho-

442 2122 619 2177 mines
652 2123 954 2179 instructus
971 2138 1114 2178 sum.
1149 2123 1484 2181 Habeoillud
1512 2144 1560 2179 τι
1597 2126 1769 2185 Terra
1788 2144 1845 2185 es
1881 2130 2015 2185 etin

443 2219 646 2267 terram
678 2214 971 2270 reverteris
998 2214 1077 2283 ”;
1117 2236 1136 2268 ι
1164 2218 1380 2287 generis
1404 2219 1616 2275 scilicet
1643 2221 1867 2276 humani
1890 2238 2017 2294 sup-

347 2356 352 2361 .
444 2306 685 2373 plicium.
711 2305 954 2376 Lugebat
974 2323 1138 2377 porro
1154 2311 1433 2382 sigillatim
1458 2313 1711 2383 abreptos
1741 2323 2011 2371 mortuos.

444 2395 731 2465 lgnorabat
763 2398 924 2463 forte,
970 2401 1248 2457 Christum
1287 2419 1412 2457 cum
1446 2404 1823 2473 descenderet,
1872 2423 2017 2463 mor-

444 2494 568 2542 tuos
606 2488 894 2545 universos
924 2491 1173 2548 libertate
1195 2495 1550 2549 donaturum.
1584 2495 1661 2553 Ne
1701 2498 1827 2567 quis
1870 2500 2015 2554 enim

445 2579 589 2632 ultra
618 2580 674 2634 in
705 2580 921 2637 inferno
971 2583 1189 2641 vinctus
1220 2597 1544 2653 remaneret,
1588 2588 1870 2645 descendit
1898 2591 2015 2660 ipse

443 2669 696 2725 Christus
724 2672 779 2726 in
808 2672 1117 2727 infernum:
1148 2675 1240 2744 qui
1272 2690 1438 2729 carne
1462 2692 1558 2732 sua
1593 2694 1753 2749 quam
1773 2681 2018 2751 gestabat

443 2758 611 2813 veluti
638 2774 766 2815 esca
804 2775 939 2817 usus
988 2771 1181 2818 contra
1239 2765 1537 2835 infernum,
1587 2768 1806 2826 deitatis
1835 2780 2017 2827 autem

442 2852 644 2907 virtute
667 2854 872 2926 regiam
898 2855 1019 2925 ejus
1052 2858 1396 2925 subvertens,
1430 2860 1579 2916 brevi
1602 2863 1861 2933 temporis
1892 2881 2018 2936 spa-

442 2945 520 2998 tio
550 2946 775 3016 antiqua
798 2947 934 3019 legis
978 2949 1200 3005 discidit
1244 2952 1625 3025 chirographa,
1672 2964 1730 3009 ut
1770 2956 2018 3012 homines

446 3038 513 3089 ad
549 3038 720 3094 cmlos
768 3039 1090 3109 adduceret;
1148 3041 1217 3097 ad
1253 3044 1445 3109 oculos,
1490 3045 1736 3116 inquam,
1777 3047 1955 3104 locum
1988 3064 2019 3103 a

443 3136 619 3185 morte
651 3130 914 3197 liberum,
945 3133 1377 3205 incorruptionis
1406 3135 1790 3207 diversorium,
1855 3140 2020 3210 jdsti-
2046 3160 2089 3217 ρ

444 3220 534 3274 tiae
559 3222 851 3277 oﬂicinam.

515 3312 568 3367 5.
603 3313 662 3367 In
700 3315 851 3371 hisce
883 3316 1045 3373 bonis
1081 3326 1161 3384 tu,
1196 3333 1390 3375 recens
1420 3320 1744 3392 illuminate,
1775 3324 2019 3395 baptiza-

446 3410 536 3457 tus
563 3418 624 3458 es
658 3420 671 3433 '
707 3406 907 3477 pignus
941 3408 1040 3463 tibi
1091 3413 1510 3467 resurrectionis
1537 3415 1731 3481 evasit,
1768 3430 1801 3469 ο
1832 3430 2021 3471 recens

445 3493 772 3561 illuminate,
807 3499 995 3568 gratiae
1024 3500 1258 3557 initiatio
1292 3522 1309 3557 ι
1339 3503 1538 3573 pignus
1587 3504 1687 3559 tibi
1717 3514 1802 3561 est
1844 3506 2020 3577 bapti-

447 3598 564 3639 sma
587 3583 784 3643 futura:
812 3588 866 3641 in
889 3590 1031 3647 caalo
1059 3592 1203 3647 vitae.
1230 3592 1480 3649 Imitatus
1513 3610 1572 3650 es
1603 3611 1701 3666 per
1723 3597 2023 3655 demersio-

444 3691 571 3730 nem
606 3676 817 3733 Domini
850 3682 1187 3751 sepulcrum.
1225 3680 1331 3737 Sed
1363 3683 1491 3740 inde
1541 3701 1763 3740 rursum
1792 3688 2023 3742 emersi-

449 3770 542 3836 sti,
578 3770 707 3827 visis
734 3773 1160 3829 resurrectionis
1208 3776 1488 3845 operibus,
1534 3784 1660 3831 ante
1696 3792 1861 3847 opera
1892 3778 2019 3832 alia.

447 3859 690 3928 Quorum
719 3862 902 3919 vidisti
937 3864 1205 3935 symbolo,
1243 3881 1430 3920 eorum
1469 3882 1583 3921 rem
1614 3868 1788 3938 ipsam
1811 3869 2018 3938 accipe.

447 3950 587 4007 Dicti
619 3961 813 4010 testem
844 3971 999 4012 sume
1021 3958 1120 4011 tibi
1152 3956 1379 4012 Paulum
1422 3960 1515 4030 qui
1550 3960 1664 4015 ait:
1713 3980 1730 4011 ι
1765 3959 1823 4015 Si
1873 3964 2019 4017 enim

448 4046 803 4115 complantati
851 4046 981 4102 facti
1025 4064 1219 4105 sumus
1274 4050 1620 4105 similitudini
1657 4054 1851 4108 mortis
1879 4054 2020 4121 ejus,

449 4137 613 4193 etiam
642 4147 696 4193 et
726 4141 1150 4196 resurrectionis
1182 4142 1391 4198 erimus
1417 4144 1484 4198 “.
1521 4162 1540 4195 ι
1573 4141 1805 4200 Pulchre
1866 4145 2020 4214 illud,

452 4229 806 4297 complantati
840 4249 853 4286 :
888 4231 1157 4302 baptisma
1182 4234 1381 4303 quippe
1413 4234 1676 4303 plantatio
1698 4244 1782 4291 est
1821 4236 1886 4289 ad
1916 4237 2023 4291 im-

454 4321 865 4386 mortalitatem,
894 4321 949 4375 in
974 4323 1186 4391 piscina
1227 4325 1490 4395 plantata,
1541 4326 1598 4379 in
1652 4327 1793 4381 caalo
1844 4328 2024 4384 ferens

454 4408 713 4466 fructum.
745 4412 859 4467 Illic
893 4411 1129 4484 Spiritus
1187 4419 1363 4486 gratia
1395 4432 1590 4472 arcana
1631 4418 1842 4474 ratione
1893 4436 2015 4490 ope-

2118 567 2228 639 γάρ
2273 567 2574 622 Ἐλισσαίου
2611 565 2884 630 θανόντος,
2930 565 3246 636 προσθήκην
3275 568 3305 618 ὁ
3337 565 3453 617 τῶν
3483 564 3671 633 νεκρῶν

2119 660 2351 731 ἀριθμὸς
2385 661 2483 714 οὐκ
2515 658 2834 729 ἐλάμϐανεν.
2875 659 3014 712 Ἀλλ’
3042 657 3267 729 ἀκερδὲς
3302 656 3380 727 τῷ
3418 656 3520 727 ᾄδῃ
3548 656 3673 709 κατά

2117 751 2212 805 τοῦ
2241 750 2446 805 δικαίου
2475 750 2587 821 (70)
2616 751 2678 805 τὸ
2706 750 2946 823 θήραμα.
2981 750 3070 803 Ἐν
3099 748 3311 812 τούτοις
3333 750 3383 801 οἱ
3404 749 3563 801 τύποι
3589 750 3674 819 τῆς

2119 844 2466 908 ἀναστάσεως
2491 843 2736 914 ὠχύρουν
2763 843 3123 917 φθειρομένην
3142 843 3240 914 τὴν
3271 843 3436 912 φύσιν
3453 861 3469 873 ·
3501 843 3675 914 βοηθῆ-

2121 953 2210 988 σαι
2242 937 2286 989 δ’
2309 937 2457 1006 ὅμως
2486 938 2600 999 τοῖς
2640 935 2854 989 ἁλοῦσιν
2888 937 2990 989 ούκ
3023 935 3231 1006 ἴσχυον⁹
3270 955 3288 986 ι
3329 932 3473 989 Ἀλλ’
3510 934 3675 989 ἐϐασί-

2118 1026 2305 1079 λευσεν
2332 1028 2361 1078 ὁ
2388 1026 2615 1089 θάνατος
2661 1027 2767 1079 ἀπὸ
2810 1026 2979 1095 Ἀδὰμ
3014 1026 3174 1096 μέχρι
3196 1026 3500 1087 Μωῦσέως,
3544 1046 3562 1076 ο
3595 1024 3674 1078 τοῦ

2117 1119 2281 1187 νόμου
2336 1121 2425 1170 τὸν
2476 1119 2664 1189 χρόνον
2704 1118 2861 1188 ὄρους
2916 1117 3009 1171 τοῦ
3064 1117 3299 1188 κράτους
3350 1116 3673 1186 ποιούμενος.

2131 1207 2349 1279 Ἐπειδὴ
2374 1207 2431 1261 δὲ
2452 1209 2686 1280 Χριστὸς
2708 1208 2767 1271 ἐξ
2796 1207 3041 1279 ούρανιῖν
3059 1207 3320 1279 ἀνεφάνη,
3349 1206 3568 1278 ἔτρεχον
3593 1208 3674 1276 μὲν

2117 1301 2196 1363 εἰς
2229 1300 2386 1371 ἔργον
2412 1301 2467 1352 αἱ
2492 1299 2585 1353 τοῦ
2614 1301 2802 1368 γένους
2830 1300 3041 1363 ἐλπίδες
3060 1317 3074 1330 ’
3098 1300 3190 1353 καὶ
3225 1303 3373 1370 φωνῇ
3388 1302 3673 1370 Δεσποτικῇ

2115 1387 2183 1442 τὰ
2235 1389 2361 1460 ᾅδου
2399 1389 2696 1461 διηνοίγετο
2729 1389 2971 1461 κλεῖθρα,
3014 1390 3106 1444 καὶ
3143 1389 3431 1461 δεσμώτας
3470 1390 3675 1458 νεκροὺς

2115 1483 2399 1538 ἀπεδίδουν
2445 1486 2494 1536 oi
2530 1484 2722 1552 τάφοι-
2765 1484 2859 1538 καὶ
2900 1483 3093 1553 κλῆσις
3129 1484 3357 1551 ἐγίνετο,
3395 1483 3492 1535 καὶ
3525 1483 3676 1549 τάφος

2113 1576 2395 1646 ὴνοίγετοθ
2437 1575 2530 1629 καὶ
2566 1575 2727 1645 φύσις
2772 1574 3084 1646 ἀνθρωπίνη
3118 1574 3235 1645 Θεῷ
3288 1573 3542 1644 ἡνωμένη
3598 1574 3676 1627 τὸν

2115 1663 2249 1736 ᾅδην
2296 1664 2686 1736 κατέπληττεν.
2726 1662 3006 1717 Ἐντεῦθεν
3048 1665 3076 1717 ό
3103 1662 3236 1734 ᾅδης
3266 1663 3407 1734 πρὸς
3435 1662 3529 1715 τὸν
3565 1665 3676 1726 τοὺς

2115 1757 2343 1828 νεκροὺς
2394 1755 2797 1829 ἀφαιρούμενον
2829 1756 2988 1810 ὲϐόα’
3020 1755 3085 1808 Τί
3129 1755 3227 1827 τὴν
3273 1757 3333 1808 ἐν
3376 1754 3674 1826 παραδείσῳ

2047 1826 2087 1879 Β
2118 1826 2438 1921 συγγραφὴν
2464 1826 2819 1920 ἀνατρέπεις;
2851 1848 2904 1901 τί
2939 1847 2999 1901 τὸ
3036 1846 3177 1901 κατά
3211 1847 3313 1917 τῆς
3338 1846 3552 1916 φύσεως
3590 1863 3675 1901 κα-

2114 1941 2390 2012 τασχῐζεις
2448 1941 2842 2012 χειρόγραφονς
2902 1939 3230 2011 Ἐγγράφοις
3274 1939 3506 2004 δικαίοις
3550 1940 3674 1993 κατὰ

2113 2031 2223 2085 τῶν
2251 2031 2553 2104 ἀνθρώπων
2572 2031 2891 2103 ὠχύρωμαι.
2922 2032 3073 2102 Ἔχω
3097 2032 3159 2084 τὸ
3181 2074 3196 2098 ,
3233 2051 3253 2083 ι
3286 2030 3367 2103 Γῆ
3394 2027 3467 2094 εἴ,
3497 2033 3585 2086 καὶ
3604 2033 3672 2095 είς

2114 2124 2218 2194 γῆν
2251 2122 2546 2195 ἀπελεύσῃ,
2577 2143 2598 2176 ι
2632 2123 2729 2177 τοῦ
2772 2124 2961 2192 γένους
2997 2123 3057 2177 τὸ
3091 2124 3410 2196 πρόστιμον.
3447 2123 3673 2194 Ὤδύρετο

2120 2216 2218 2285 μὲν
2247 2214 2311 2286 δὴ
2352 2214 2471 2268 καθ’
2500 2214 2595 2269 ’ἑνα
2641 2214 2749 2269 τῶν
2795 2214 3002 2284 νεκρῶν
3043 2216 3475 2290 ἀφαιρούμενος·
3507 2218 3674 2288 ἠγνόει

2116 2306 2173 2361 δὲ
2202 2305 2332 2378 ἀρα,
2368 2306 2445 2370 ὡς
2485 2305 2740 2379 Χριστὸς,
2785 2305 3054 2373 καταϐὰς,
3094 2309 3374 2379 πάνδημον
3405 2309 3673 2379 ἀφαίρεσιν

2114 2400 2226 2462 τοῖς
2253 2398 2543 2470 θνήσκουσι
2565 2399 2867 2470 χαρίσεται.
2901 2401 3017 2453 Ἵνα
3036 2400 3146 2471 γὰρ
3172 2401 3360 2472 μηδεὶς
3388 2400 3469 2453 ἔτι
3490 2400 3566 2470 τῷ
3586 2398 3671 2470 ᾄδῃ

2118 2490 2490 2562 περιλειφθείη
2531 2490 2640 2562 (71)
2667 2490 2972 2564 δεσμώτης,
2999 2492 3240 2546 κάτεισιν
3273 2493 3436 2556 αὐτὸς
3457 2495 3539 2557 είς

2116 2582 2380 2655 Χριστός⁹
2428 2586 2493 2655 τῇ
2551 2583 2649 2654 μὲν
2702 2584 3020 2655 φορουμένη,
3067 2584 3231 2656 σαρκὶ
3288 2584 3549 2650 δελεάζων
3593 2584 3670 2636 τον

2119 2674 2271 2747 ᾅδην,
2308 2674 2557 2745 θεότητος
2583 2675 2639 2728 δὲ
2669 2675 2894 2746 δυνάμει
2938 2675 3215 2749 καθαιρῶν
3248 2676 3411 2730 αὑτοῦ
3438 2675 3502 2730 τα
3534 2676 3671 2747 βασί-

2117 2769 2258 2828 λεια.
2302 2768 2494 2839 βραχεί
2538 2768 2715 2841 χρόνῳ
2751 2767 2820 2822 τὰ
2855 2768 3056 2824 παλαιὰ
3084 2768 3176 2822 τοῦ
3226 2771 3394 2841 νόμου
3423 2768 3668 2840 διατεμὼν

2118 2862 2473 2933 χειρόγραφα,
2509 2861 2595 2913 ἵνα
2638 2860 2955 2935 ἀνθρώπους
2983 2864 3063 2926 είς
3103 2864 3364 2934 οὐρανοὺς
3407 2864 3665 2932 avaram.

2118 2955 2475 3026 ούρανοῦς,τὸ
2496 2954 2678 3009 ὲλεύθε
2688 2972 2777 3027 ρο]
2791 2955 2882 3008 τοῦ
2902 2954 3131 3009 θανάτου
3155 2956 3375 3028 χωρίον,
3389 2955 3666 3027 ἀφθαρσίας

2122 3046 2481 3117 καταγώγιον,
2511 3046 2852 3119 δικαιοσύνης
2873 3048 3256 3119 ἐργαστήριον.

2137 3376 2146 3388 ,
2193 3314 2244 3368 5.
2292 3314 2380 3367 Ἑν
2402 3312 2612 3376 τούτοις
2650 3308 2981 3381 ἐϐαπτίσθης
3013 3311 3125 3371 τοῖς
3150 3307 3394 3377 ἀγαθοῖς,
3438 3306 3665 3376 νεοφὼτι-

2123 3421 2215 3459 στε
2234 3423 2248 3436 ·
2281 3403 2536 3476 ἀρραϐών
2578 3420 2659 3456 σοι
2688 3402 2907 3471 γέγονεν
2948 3400 3314 3464 ἀναστάσεως,
3344 3404 3665 3469 νεοφιὶδτιστε,

2121 3500 2154 3569 ἡ
2179 3498 2277 3569 τῆς
2307 3497 2527 3569 χάριτος
2557 3494 2755 3567 μύησις
2772 3511 2787 3526 ο
2818 3493 3069 3565 ἐνέχυρον
3102 3494 3200 3565 τῆς
3225 3495 3285 3547 ἐν
3308 3491 3521 3565 οὐρανῷ
3546 3491 3665 3545 διαξ-

2120 3606 2221 3660 της
2252 3589 2393 3660 ἔχεις
2418 3588 2478 3641 τὸ
2507 3587 2805 3659 βάπτισμα.
2855 3587 3139 3657 Ἐμιμήσω
3163 3587 3230 3657 τῇ
3272 3585 3555 3639 καταδύσει
3585 3582 3665 3637 τοῦ

2121 3681 2391 3735 Δεσπότου
2422 3680 2512 3733 τὸν
2548 3679 2718 3749 τάφον
2738 3696 2753 3710 ο
2781 3678 2918 3733 ἀλλά
2956 3678 3143 3743 ἀνέδυς
3169 3677 3330 3731 πάλιν
3366 3677 3585 3740 ἐκεῖθεν,
3611 3674 3667 3728 τὰ

2120 3771 2220 3839 τῆς
2247 3768 2591 3833 ἀναστάσεως
2616 3768 2752 3841 ἔργα
2789 3768 2896 3841 πρὸ
2924 3768 3033 3822 τῶν
3072 3766 3247 3839 ἔργων
3277 3767 3561 3839 θεώμενος.
3584 3759 3669 3818 Ὧν

2121 3857 2258 3925 εἶδες
2291 3860 2359 3915 τὰ
2407 3859 2668 3931 σύμϐολα,
2711 3859 2914 3913 τούτων
2968 3859 3232 3930 ἀποδέχου
3286 3858 3399 3932 (72)
3443 3860 3511 3912 τά
3550 3855 3669 3927 πρά-

2124 3968 2331 4022 γματα.
2360 3951 2525 4022 Δέχου
2558 3950 2813 4023 μάρτυρα
2859 3951 2966 4004 τῶν
3007 3949 3313 4022 λεγομένων
3347 3950 3439 4003 τὸν
3484 3949 3668 4003 Παῦλον

2120 4046 2382 4114 λέγοντα’
2424 4064 2443 4097 ι
2479 4045 2677 4116 Εζγὰρ
2726 4044 2992 4115 σύμφυτοι
3035 4045 3336 4115 γεγόναμεν
3378 4043 3456 4114 τῷ
3500 4041 3668 4113 690:6:-

2126 4155 2253 4209 ματι
2293 4136 2391 4191 τοῦ
2429 4136 2656 4191 θανάτου
2698 4137 2884 4201 αὑτοῦ,
2920 4137 3053 4191 ἀλλά
3094 4138 3187 4191 καὶ
3213 4136 3315 4207 τῆς
3352 4136 3671 4197 ἀναστάσεως

2123 4227 2376 4298 ἐσόμεθα.
2420 4248 2438 4280 ι
2477 4228 2673 4292 Καλῶς
2718 4229 2798 4293 τὸ,
2836 4227 3136 4299 σύμφυτοι·
3175 4225 3369 4296 φυτεία
3401 4225 3510 4296 γὰρ
3556 4223 3669 4294 πρὸς

2122 4318 2419 4372 ἀθανασίαν
2445 4319 2506 4371 τὸ
2541 4318 2843 4390 βάπτισμα,
2874 4320 2930 4371 ὲν
2955 4316 3307 4388 κολυμϐήθρᾳ
3335 4313 3669 4385 φυτευομένη,

2121 4412 2216 4465 καὶ
2247 4409 2458 4482 ούρανῷ
2501 4411 2939 4483 καρποφοροῦσα.
2996 4411 3143 4463 Ἐκεῖ
3173 4409 3266 4462 τοῦ
3309 4407 3613 4479 Πνεύματος
3642 4406 3670 4474 ἠ

452 4509 610 4555 ratur
644 4517 746 4556 :ac
785 4519 853 4558 ne
882 4513 1089 4559 natura:
1115 4506 1294 4562 indole
1324 4509 2017 4580 miraculumignoraveris.

2124 4500 2283 4572 χάρις
2312 4500 2641 4572 ἀπορῤήτως
2662 4500 2950 4570 ἐργάζεται
2969 4514 2985 4530 ο
3015 4499 3108 4552 καὶ
3138 4497 3213 4569 μὴ
3253 4497 3332 4569 τῷ
3356 4497 3462 4568 τῆς
3488 4497 3673 4566 φύσεως

449 4592 531 4645 Ad
563 4606 722 4647 usum
775 4609 915 4664 aqua
964 4596 1262 4662 ministrat,
1314 4602 1784 4671 regenerationem
1838 4612 2021 4657 autem

448 4691 710 4753 operatur
735 4686 930 4755 gratia,
957 4694 1121 4757 atque
1157 4689 1211 4743 in
1245 4690 1457 4760 piscina
1487 4693 1645 4761 quasi
1676 4693 1730 4765 in
1765 4695 1949 4756 vulva.
1973 4697 2025 4753 ei

448 4772 593 4841 quod
626 4773 939 4828 immittitur
962 4792 1157 4831 novam
1179 4778 1269 4832 dat
1287 4777 1534 4833 formam.
1558 4777 1615 4833 ln
1634 4794 1773 4849 aqua
1787 4781 1940 4851 quasi
1968 4781 2024 4835 in

449 4864 691 4929 fornace,
725 4864 1140 4924 descendentem
1197 4871 1412 4925 conﬁat.
1450 4871 1874 4927 lmmurtalitatis
1909 4890 2028 4944 my-

450 4958 633 5013 steriis
665 4958 832 5013 donat
865 4961 1039 5029 ipsum
1071 4979 1085 5016 :
1115 4965 1537 5019 resurrectionis
1554 4964 1749 5019 tribuit
1769 4965 2021 5035 signacu-

449 5048 581 5102 lum.
618 5046 825 5104 ﬂorum
859 5052 954 5106 tibi
987 5054 1394 5118 miraculorum,
1420 5072 1453 5111 ο
1478 5071 1667 5111 recens
1698 5056 2025 5122 illuminate,

449 5141 618 5195 vestis
643 5142 760 5211 ipsa
787 5143 892 5197 fert
918 5145 1184 5216 symbolo.
1230 5145 1307 5202 Te
1352 5147 1467 5218 ipse
1494 5149 1706 5219 respice
1752 5148 2021 5203 bonorum

452 5233 719 5303 imagines
778 5234 1056 5290 ferentem.
1097 5235 1391 5307 Splendida
1441 5238 1659 5309 quidem
1692 5253 1757 5294 ac
1811 5239 2024 5310 fulgens

524 5388 820 5459 ".Romm,
857 5391 944 5447 14.
1019 5394 1065 5426 ’⁸
1104 5393 1240 5449 Gen.
1277 5411 1365 5449 ιιι.
1405 5394 1490 5449 i9.
1572 5395 1615 5426 ἰ
1657 5392 1813 5448 llom.
1848 5409 1898 5448 νι
1923 5433 1936 5457 ,
1972 5393 2025 5448 5.

524 5569 637 5641 (ῗθ)
675 5572 918 5628 Colbert.
948 5572 1088 5627 κατά
1113 5573 1206 5629 τοῦ
1237 5573 1491 5627 θανάτου.

534 5640 649 5715 (3i)
686 5642 837 5715 ρυιι).
871 5645 926 5706 2,
960 5643 1339 5715 περιληφθλείη.

531 5711 643 5783 (7:3)
680 5710 1048 5770 Colberlinus.
1074 5710 1397 5782 ἁτέεκδέχου.

2124 4595 2378 4662 συγγενεῖ
2425 4593 2697 4664 ἀγνοήσῃς
2741 4592 2801 4645 τὸ
2852 4590 3057 4662 θαῦμα.
3092 4590 3387 4661 Ὑπηρετεί
3425 4589 3558 4662 πρὸς
3593 4586 3674 4656 τὴν

2123 4684 2312 4756 χρείαν
2351 4684 2412 4737 τὸ
2459 4683 2633 4755 ὕδωρ·
2665 4672 2986 4755 δημιουργεῖ
3015 4682 3072 4735 δὲ
3120 4682 3220 4753 τὴν
3263 4681 3610 4753 ἀναγέννησιν
3646 4678 3674 4746 ἠ

2125 4775 2285 4847 χάρις
2314 4775 2448 4845 (75),
2481 4774 2556 4838 ὡς
2586 4776 2642 4827 ἐν
2677 4775 2859 4845 μήτρᾳ
2875 4775 2941 4844 τῇ
2974 4771 3327 4844 κολυμϐήθρᾳ
3355 4771 3416 4824 τὸ
3446 4767 3674 4842 ἐμϐαλλόι

2130 4886 2290 4941 μενον
2316 4866 2663 4922 ἀναπλάττει.
2708 4868 2794 4929 Ὠς
2828 4868 2886 4920 ὲν
2924 4864 3272 4936 χωνευτηρίῳ
3309 4862 3387 4934 τῷ
3412 4862 3563 4916 ὕδατι
3599 4859 3676 4911 τὸν

2127 4960 2384 5013 κατιόντα
2428 4958 2800 5030 ἀναχαλκεύει.
2837 4958 3059 5011 Δίδωσιν
3099 4955 3247 5027 αὐτῷ
3275 4956 3375 5027 τῆς
3404 4952 3677 5013 ἀθανασίας

2132 5056 2405 5126 μυστήρια
2463 5053 2610 5125 (74)’
2662 5052 3010 5116 ἀναστάσεως
3063 5050 3333 5122 σφραγῖδα
3398 5049 3674 5119 χαρίζεται.

2129 5143 2346 5198 Τούτων
2371 5160 2454 5197 σοι
2482 5142 2591 5197 τῶν
2628 5142 2944 5213 θαυμάτων,
2969 5136 3013 5195 ὦ
3044 5138 3390 5207 νεοφώτιστε,
3424 5137 3565 5206 καὶὴ
3588 5136 3675 5204 ἀμ·

2131 5239 2305 5306 φίεσις
2339 5235 2491 5307 φέρει
2522 5234 2591 5289 τὰ
2618 5234 2880 5306 σύμϐολα.
2926 5232 3252 5303 Ἀπόϐλεψον
3280 5234 3359 5296 εἰς
3386 5230 3571 5285 ἑαυτὸν
3592 5225 3675 5289 τὰς

2209 5566 2320 5637 (7'5)
2363 5566 2454 5620 Sic
2494 5583 2630 5623 mss.
2666 5564 2811 5628 Haec,
2850 5566 3171 5637 δημιουργεί
3197 5566 3255 5619 δὲ
3280 5563 3379 5636 τὴν
3403 5565 3674 5633 ἀναγέννη-

2140 5654 2223 5691 σιν
2252 5638 2484 5708 ἡχάρις,
2514 5638 2743 5708 deerant
2771 5639 2826 5691 in
2855 5643 2984 5690 edit.

2209 5704 2447 5779 (7051c
2482 5724 2617 5762 mss.
2655 5706 2820 5772 Edit.,
2855 5704 3168 5779 μνηστείαν.
