4022 6382
246 298 383 354 1081

1342 297 1575 354 διειιιιο
1612 298 1679 353 IN
1719 298 2043 355 SANCTUM
2079 296 2368 353 PASCHA.

3353 290 3492 346 1082

243 416 359 470 τῶν
390 414 611 483 ἀγαθῶν
649 416 862 478 εἰκόνας
888 413 1178 486 φοροῦντα.
1209 417 1451 489 Λαμπρα
1479 418 1577 487 μὲν
1602 418 1711 491 γὰρ
1737 420 1831 471 καὶ

1939 419 2023 471 illa
2058 416 2251 478 vestis,
2287 414 2717 485 incorruptionis
2738 412 2835 467 tibi
2874 427 3028 481 signa
3059 409 3318 481 depingit.
3363 408 3499 463 Can-

243 505 476 576 διαυγὴς
512 507 546 577 ἡ
593 505 758 575 ἐσθής
800 521 914 569 σου,
954 506 1055 575 τῆς
1104 506 1410 578 ἀφθαρσίας
1467 506 1827 580 ζωγραφοῦσα

138 642 173 668 ,
243 596 316 649 τά
343 595 607 667 σύμϐολα.
646 596 831 667 Ὀθόνη
868 613 949 649 σοι
992 597 1158 668 λευκὴ
1192 598 1442 671 καθάπερ
1469 599 1702 669 διάδημα
1728 599 1826 670 τὴν

247 684 491 756 κεφαλὴν
524 685 854 753 διασφίγγει,
889 686 990 756 τὴν
1022 687 1330 759 ἐλευθερίαν
1369 688 1743 760 κηρύττουσαη
1763 691 1825 743 Ἠ

246 777 371 847 χεὶρ
401 777 501 847 τῆς
528 776 670 829 κατὰ
702 775 797 828 τοῦ
827 774 1073 830 διαϐόλου
1104 778 1261 849 νίκης
1297 780 1579 850 περιφέρει
1605 781 1675 833 τὰ
1720 797 1826 851 μη-

256 867 486 937 ιύματα.
522 866 729 934 Ἐδειξε
775 869 885 940 γάρ
932 887 992 922 σε
1039 870 1272 940 Χριστὸς
1315 871 1691 941 ἐγειρόμενον·
1732 872 1828 925 νῦν

200 1016 209 1025 δ
250 960 350 1030 μὲν
376 959 687 1028 συμϐόλοις,
709 960 871 1026 δείξει
894 961 949 1014 δὲ
970 962 1111 1015 κατὰ
1139 963 1332 1033 μικρὸν
1359 965 1415 1015 ἐν
1443 967 1555 1026 τοῖς
1580 964 1829 1036 πράγμα-

249 1069 353 1115 σιν,
392 1052 494 1104 ἐὰν
517 1051 608 1107 τὸν
637 1053 837 1123 χιτῶνα
868 1054 965 1124 τῆς
1007 1054 1241 1117 πίστεως
1280 1054 1352 1124 μὴ
1388 1057 1509 1117 ταῖς
1539 1054 1829 1125 ἁμαρτίαις

248 1142 596 1213 ρυπώσωμεν
616 1160 629 1174 ’
656 1146 751 1197 ἐὰν
793 1145 893 1213 τὴν
937 1144 1195 1214 λαμπάδα
1229 1146 1328 1215 τῆς
1358 1146 1578 1216 χάριτος
1610 1146 1830 1209 ἀτόποις

252 1232 326 1302 μὴ
361 1232 785 1303 κατασϐέσωμεν
827 1232 1114 1304 πράξεσιψ
1147 1234 1240 1287 ἐὰν
1268 1233 1358 1286 τὸν
1389 1233 1484 1286 τοῦ
1517 1234 1829 1304 Πνεύματος

247 1322 664 1400 διαφυλάξωμεν
710 1325 989 1392 στέφανον.
1038 1325 1168 1378 Τότε
1195 1327 1379 1395 σαφῶς
1409 1329 1437 1379 ὁ
1459 1327 1731 1397 Δεσπότης
1770 1327 1828 1394 ἐξ

248 1414 495 1485 οὐρανῶν
528 1415 668 1487 μετὰ
712 1417 947 1489 φοϐερᾶς
986 1418 1080 1469 καὶ
1112 1417 1491 1489 φιλανθρώπου
1541 1419 1671 1489 βοῆς
1698 1420 1829 1472 ἁνα-

250 1506 505 1578 ϐοήσειε’
535 1528 554 1559 ι
589 1508 775 1572 Δεῦτε,
808 1511 859 1562 οί
908 1511 1262 1583 εὐλογημένοι
1312 1512 1403 1565 τοῦ
1449 1514 1661 1584 Πατρός
1704 1531 1825 1584 μου,

250 1597 698 1672 κληρονομήσατε
718 1602 816 1673 τὴν
846 1603 1250 1674 ἡτοιμασμένην
1274 1605 1401 1675 ὑμῖν
1432 1604 1701 1675 βασιλείαν
1722 1604 1830 1658 ἀπὸ

1932 510 2116 564 didum
2176 508 2279 563 tibi
2322 507 2575 570 linteum,
2610 506 2782 559 instar
2821 502 3143 558 diadematis
3189 500 3498 570 astringens

1934 610 2118 671 caput,
2143 601 2450 656 libertatem
2476 597 2756 669 praedicat.
2792 594 3002 658 Manus,
3034 593 3277 647 victoriae
3297 591 3364 647 de
3380 592 3498 646 dia-

1930 694 2057 748 bolo
2088 702 2380 764 reportatae
2409 690 2746 762 signagerit.
2786 687 2920 742 Nam
2955 694 3006 741 te
3037 685 3290 741 Christus
3332 684 3503 739 susci-

1930 792 2104 838 tatum
2136 785 2378 840 ostendit
2409 804 2421 838 :
2457 797 2600 837 nunc
2618 780 2833 851 quidem
2861 778 3140 850 symbolis,
3184 777 3343 845 paulo
3375 782 3501 844 post

1931 884 2131 938 autem,
2159 877 2323 931 rebus
2357 876 2491 945 ipsis
2524 873 2807 938 ostendet;
2838 872 2882 924 si
2923 870 3083 923 modo
3109 869 3227 923 lidci
3261 868 3498 921 tunicam

1934 967 2172 1036 peccatis
2206 984 2314 1021 non
2352 968 2699 1036 inquinemus
2742 983 2755 1017 :
2790 965 2834 1019 si
2870 964 3059 1033 gratiae
3089 960 3503 1031 lampademim-

1935 1060 2119 1128 probis
2173 1060 2485 1113 actionibus
2531 1075 2637 1111 non
2687 1056 3219 1112 exstinxeriuiuszsi
3264 1052 3501 1122 Spiritus

1935 1162 2216 1201 SCI‘VBﬂllIS
2252 1164 2533 1202 coronam.
2576 1145 2712 1200 Tum
2763 1148 2909 1200 clare
2949 1144 3208 1198 Dominus
3246 1141 3311 1197 dc
3337 1143 3477 1196 caelo

1935 1243 2164 1296 terribili
2211 1242 2303 1296 sed
2329 1240 2488 1312 395
2518 1256 2644 1310 erga
2677 1240 2924 1294 homines
2947 1240 3179 1309 benigna
3210 1253 3340 1291 voce
3389 1237 3502 1289 cla-

1934 1334 2104 1387 mabit
2142 1347 2155 1384 :
2204 1349 2222 1381 ι
2275 1330 2488 1393 Venite,
2536 1330 2746 1383 benedit
2765 1330 2803 1382 ti
2836 1327 3013 1383 Patris
3046 1330 3149 1383 mei
3183 1344 3196 1379 :
3232 1328 3503 1398 possidete

1934 1430 2182 1490 paratum
2224 1420 2379 1475 vobis
2410 1434 2635 1489 regnum
2668 1434 2698 1471 a
2728 1419 3114 1472 constitutione
3158 1418 3341 1471 mundi
3375 1416 3442 1469 ”.
3476 1435 3495 1468 ι

1939 1512 2044 1584 Ipsi
2103 1511 2274 1581 gloria
2316 1519 2371 1566 et
2431 1510 2746 1579 imperium,
2798 1508 2855 1562 in
2907 1508 3106 1562 sazcula
3154 1507 3497 1562 smculorum.

1935 1606 2128 1659 Amen.
2952 1618 2955 1623 λ

251 1692 564 1764 καταϐολῆς
598 1693 823 1765 κόσμου.
858 1712 877 1746 ι
908 1693 1066 1765 Αὐτῷ
1094 1695 1128 1765 ἡ
1156 1694 1281 1762 δόξα
1313 1695 1444 1767 (75),
1471 1696 1565 1748 καὶ
1592 1696 1653 1748 τὸ
1688 1694 1885 1767 κράτος
1909 1696 1989 1759 είς
2016 1694 2144 1757 τοὺς
2173 1690 2375 1755 αὶῶνας
2404 1692 2512 1746 τῶν
2544 1690 2775 1746 αἰώνων.
2823 1690 3016 1762 Ἀμήν.

328 1936 374 1965 “
416 1934 611 1989 Matth.
648 1949 777 2001 xxv,
812 1935 903 1990 54.

319 2087 432 2157 (75)
458 2087 715 2158 Ωοὶῒιπῑ.
744 2088 822 2142 sic
848 2108 861 2144 :
888 2083 956 2158 ἧς
984 2088 1192 2156 γένοιτο
1229 2088 1434 2151 πάντας
1466 2088 1612 2158 ἡμᾶς

247 2161 364 2230 χεζν
403 2157 590 2229 χάριτι
606 2160 721 2230 μκαὶ
743 2157 1136 2230 φιλανθρωπία
1165 2158 1259 2230 τοῦ
1295 2157 1684 2230 ιςυρίομὴμῶν
1726 2158 1828 2230 'qu-

251 2223 347 2282 σοῦ
390 2223 655 2297 Χριστοῦ,
686 2228 752 2280 δι’
772 2223 851 2283 ὀὗ
896 2223 989 2282 καὶ
1021 2223 1138 2299 μεθ’
1176 2224 1237 2283 οὗ
1269 2228 1346 2299 τῷ
1372 2223 1492 2298 Θεῷ
1520 2223 1616 2281 καὶ
1650 2223 1826 2299 Πατρὶ

1939 2085 2141 2168 πρέπει
2162 2089 2202 2173 ⁹ἡ
2229 2085 2482 2173 δόξαησὺν
2518 2087 2598 2158 τῷ
2629 2088 3214 2173 παναγίῳὶκαὶργαθιῷ
3242 2091 3334 2173 καὶ
3374 2090 3507 2173 ζωρ-

1934 2158 2075 2228 ποιῷ
2116 2158 2279 2209 αὑτοῦ
2348 2158 2622 2228 Πνεύματι
2680 2158 2913 2214 νῦνκαὶ
2949 2160 3035 2214 ἀεὶ
3086 2158 3195 2214 καῖ
3242 2162 3322 2225 είς
3381 2161 3506 2224 τοὺς

1932 2226 2137 2290 αἰῶνας
2166 2227 2275 2280 τῶν
2310 2228 2539 2282 αἰώνων.
2585 2230 2774 2302 Ἀμην.

1343 2499 1482 2551 ΤΟΥ
1515 2499 1608 2552 ΕΝ
1644 2497 1864 2552 ΑΙἸΟΙΣ
1900 2499 2172 2553 ΠΑΤΡΟΣ
2208 2500 2406 2554 ΗΜΩΝ

1555 2644 2194 2735 ΑΘΑΝΑΣΙΟΥ

315 2813 436 2866 ΕΙΣ
484 2814 570 2866 T0
593 2812 831 2866 ΑΓΙΟΝ
867 2813 1115 2867 ΠΑΣΧΑ
1158 2814 1286 2868 ΚΑΙ
1320 2811 1447 2867 ΕΙΣ
1492 2815 1665 2869 ΤΟΥΣ
1699 2815 2252 2939 ΝξὲῗίέἔΙΣῘΟΥΣ
2286 2818 2372 2887 Τῼ
2403 2816 2741 2887 ΣΔΒΒΑΤῼ
2789 2819 2928 2872 ΤΗΣ
2969 2813 3453 2872 ΑΠΟΛΥΣῙΜΟΥ

1268 3127 1361 3216 S.
1443 3129 1550 3215 P.
1629 3128 1747 3217 N.
1824 3129 2478 3222 ATHANASII

254 3293 343 3352 LV
405 3292 767 3353 SANCTUH
804 3294 1089 3351 PASCHA
1129 3294 1225 3349 ET
1279 3292 1369 3353 IN
1422 3292 1835 3423 RECEAII’SBIISL

1939 3297 2323 3426 ﬁgat-ros,
2363 3298 2505 3357 SEU
2543 3298 3009 3357 BAPTIZATOS
3046 3298 3379 3358 SABBATO
3415 3299 3507 3357 IN

324 3594 375 3647 i.
419 3591 660 3664 Χριστὸς
704 3590 949 3663 ἐγερθεὶς
986 3592 1051 3645 ἐκ
1093 3592 1300 3663 νεκρῶν
1333 3590 1459 3662 ὃλην
1493 3592 1603 3646 τῶν
1629 3592 1835 3665 ἀνθρώ-

2005 3595 2059 3650 1.
2088 3595 2341 3650 Christus
2364 3607 2657 3663 resurgens
2685 3607 2752 3647 ex
2769 3592 3017 3656 mortuis,
3037 3599 3202 3645 totam
3227 3590 3508 3647 hominum

253 3703 372 3739 πων
398 3684 501 3755 τὴν
538 3681 683 3754 ζωὴν
714 3682 904 3754 ἑορτὴν
933 3682 1304 3754 ἀπειργάσατο
1327 3682 1473 3753 μίαν.
1500 3683 1620 3736 Τῶν
1640 3683 1747 3756 γὰρ
1780 3687 1838 3738 ἐν

252 3780 318 3848 τῇ
350 3780 426 3848 γῇ
466 3776 530 3828 τὸ
571 3775 869 3845 πολίτευμα
907 3775 1043 3846 πρὸς
1071 3774 1297 3847 οὐρανὸν
1344 3776 1711 3849 μεταστήσας,
1741 3777 1839 3841 τὰς

252 3869 345 3921 τοῦ
387 3865 783 3938 πανηγυρίζειν
816 3867 1069 3936 ἀφορμὰς
1111 3866 1439 3939 ἐδωρήσατο.
1476 3869 1585 3922 Καὶ
1631 3869 1838 3940 μάρτυς

251 3957 360 4011 τῶν
405 3957 719 4029 εἰρημένων
758 3959 787 4010 ὁ
822 3957 1048 4022 Παῦλος,
1090 3961 1119 4011 ὁ
1163 3958 1271 4011 τῶν
1305 3959 1539 4031 Χριστοῦ
1582 3960 1839 4031 ῥημάτων

252 4050 486 4121 ὄργανον
536 4050 635 4120 τὴν
692 4048 940 4117 γλῶσσαν
989 4049 1344 4121 κτησάμενος.
1409 4068 1428 4101 ι
1494 4048 1677 4119 Ἡμῶν
1731 4049 1840 4121 γὰρ

256 4146 421 4216 φησὶ,
462 4144 524 4196 τὸ
554 4142 853 4213 πολίτευμα
893 4144 950 4195 ἐν
988 4144 1238 4214 οὐρανοῖς
1277 4143 1529 4213 ὑπάρχει,
1560 4143 1619 4209 ἐξ
1660 4134 1720 4196 οὗ
1747 4144 1842 4197 καὶ

255 4238 489 4309 Σωτῆρα
512 4235 921 4305 ἀπεκδεχόμεθα
944 4234 1055 4305 (76)
1074 4234 1274 4307 Κύριον
1304 4234 1509 4305 Ἰησοῦν
1533 4234 1786 4305 Χριστόν.
1815 4253 1833 4286 ι

254 4329 348 4393 Τίς
379 4329 498 4400 γάρ
539 4326 973 4397 ἀπεκδεχόμενος
1012 4329 1131 4389 ταῖς
1177 4325 1385 4378 ἐλπίσιν
1428 4326 1526 4396 οὑχ
1560 4324 1837 4396 ἐορτάζει;

256 4419 369 4484 Τίς,
401 4419 509 4491 τὴν
547 4418 640 4471 τοῦ
686 4419 936 4489 Σωτῆρος
976 4417 1266 4488 ἐπιδημίαν
1294 4417 1536 4489 λογισμῷ
1582 4418 1842 4487 φανταζό-

259 4527 440 4581 μενος,
473 4511 536 4564 οὑ
569 4509 941 4581 προλαμϐάνει
987 4509 1188 4581 χαίρων
1231 4508 1337 4563 τῶν
1369 4509 1713 4580 πραγμάτων
1740 4509 1840 4582 τὴν

257 4605 495 4673 πεῖραν;
526 4599 625 4662 Τίς
662 4599 739 4662 δέ,
785 4597 1047 4669 βασιλέως
1091 4598 1283 4671 θνητοῦ
1313 4598 1537 4655 κάθοδον
1577 4601 1840 4671 ἐσομένην

258 4693 493 4757 ἁκοῦων,
521 4693 623 4744 οὐκ
648 4690 930 4744 ἀνίσταται
963 4691 1062 4761 μὲν
1084 4691 1182 4761 τὴν
1203 4689 1461 4755 διάνοιαν,
1494 4691 1842 4762 εὐφραίνεται

258 4785 312 4837 δὲ
331 4786 431 4856 τὴν
461 4783 664 4854 ψυχὴν,
692 4782 1005 4853 προτρέχων
1031 4781 1111 4853 τῷ
1134 4781 1282 4853 πόθῳ
1319 4782 1418 4852 τῆς
1452 4781 1579 4845 θέας
1608 4781 1699 4835 τὸν
1719 4783 1843 4853 χρό-

258 4893 379 4942 νον;
410 4876 550 4930 Τότε
578 4872 957 4943 συγκινοῦνται
991 4873 1086 4943 μὲν
1106 4871 1289 4942 δῆμοι,
1328 4871 1588 4943 σκιρτῶσι
1626 4871 1683 4923 δὲ
1715 4874 1839 4924 παῖ-

261 4969 366 5034 δες,
414 4968 705 5042 χορεύουσι
737 4966 917 5039 κόραι,
952 4965 1251 5036 πρεσϐῦται
1292 4964 1353 5018 τὸ
1384 4965 1560 5035 γῆρας
1608 4964 1845 5035 ἀναιρεῖα

265 5060 387 5114 σθαι
421 5059 723 5132 βιάζονται,
756 5061 876 5121 ταῖς
904 5058 1115 5113 ἐλπίσιν
1151 5055 1515 5128 ἀκμάζοντες·
1541 5058 1635 5110 καὶ
1677 5061 1845 5129 χωρεί

262 5151 349 5205 διὰ
368 5154 590 5207 πάντων
621 5153 656 5223 ἡ
680 5150 780 5222 τῆς
808 5150 1090 5221 βασιλικῆς
1112 5151 1412 5222 παρουσίας
1428 5151 1754 5223 πανήγυρις.
1778 5152 1844 5206 Τί

263 5240 351 5296 οὖν
371 5245 433 5299 ἂν
446 5247 594 5299 εἴποι
607 5261 715 5307 τις,
735 5243 1167 5316 παραγινομένου
1184 5240 1420 5314 Χριστοῦ
1438 5242 1697 5313 βασιλέως
1714 5242 1845 5297 ἀθα-

266 5336 450 5401 νάτου,
482 5337 586 5407 οὐχ
614 5335 703 5389 ἵνα
726 5335 907 5399 πόλεις
930 5333 1216 5406 φαιδρύνῃ,
1242 5334 1336 5388 καὶ
1369 5334 1609 5406 πύργους
1635 5334 1845 5407 ἐγείρῃ,

335 5494 380 5527 υ
422 5492 662 5563 Philipp.
697 5506 798 5558 ιιι,
831 5491 923 5548 20.

339 5650 391 5723 ('1
402 5652 454 5724 ἐ)
493 5652 573 5707 Ita
605 5665 742 5706 mss.
774 5649 915 5706 Ε(ὶὶιί
944 5663 1098 5712 vero,
1131 5645 1450 5718 ὲκδεχόμεθι·
1483 5644 1496 5654 ”

1937 3687 2106 3742 vitam
2136 3685 2334 3741 festum
2365 3684 2541 3739 ell‘ecit
2564 3700 2752 3738 unum.
2772 3680 3058 3738 Translata
3077 3682 3275 3753 quippe
3302 3682 3359 3737 in
3393 3698 3507 3738 cm-

1939 3778 2072 3843 lum,
2099 3778 2377 3832 hominum
2414 3777 2469 3830 in
2499 3775 2661 3830 terris
2711 3775 3022 3845 degentium
3070 3777 3505 3839 conversatione,

1939 3869 2203 3925 festorum
2250 3868 2460 3922 dierum
2509 3866 2828 3922 occasiones
2883 3864 3053 3921 dedit.
3095 3864 3300 3920 Horum
3352 3866 3510 3921 testis

1940 3961 2164 4026 Paulus,
2219 3960 2380 4030 cujus
2422 3960 2606 4030 lingua
2649 3955 2853 4013 Christi
2906 3958 3197 4012 verborum
3244 3971 3509 4027 organum

1940 4052 2065 4108 fuit.
2101 4072 2119 4105 ι
2153 4051 2347 4107 Nostra
2378 4056 2544 4115 enim,
2582 4071 2602 4103 ι
2642 4051 2840 4121 inquit,
2867 4069 2886 4102 ι
2921 4050 3266 4105 conversatio
3297 4050 3351 4104 in
3398 4063 3511 4104 caa-

1940 4147 2009 4201 lis
2031 4154 2136 4213 est,
2167 4145 2312 4200 unde
2342 4144 2504 4199 etiam
2541 4141 2876 4199 Salvatorem
2906 4148 3288 4212 exspectamus
3322 4139 3510 4195 Domi-

1940 4249 2072 4288 num
2103 4240 2352 4290 nostrum
2386 4229 2572 4287 Jesum
2605 4230 2971 4287 Christum".
2999 4250 3017 4281 ι
3039 4229 3173 4296 Quis
3211 4230 3353 4285 enim
3380 4230 3510 4284 dum

1939 4329 2250 4395 exspectat,
2283 4338 2393 4378 non
2437 4337 2533 4390 spe
2564 4320 2762 4377 festum
2794 4321 3066 4377 celebrat?
3094 4320 3229 4387 Quis
3265 4320 3513 4375 Salvato-

1942 4418 2021 4473 ris
2078 4417 2371 4472 adventum
2422 4417 2605 4471 animo
2634 4416 2901 4487 cogitans,
2941 4432 3051 4471 non
3101 4416 3278 4486 ipsum
3325 4429 3509 4471 rerum

1941 4508 2372 4580 experimentum
2390 4524 2513 4563 cum
2540 4509 2737 4579 gaudio
2761 4509 3087 4565 antevertit?
3108 4509 3242 4575 Quis
3266 4500 3510 4563 futurum

1943 4603 2171 4657 audiens
2202 4601 2450 4657 mortalis
2480 4601 2625 4670 regis
2655 4600 3000 4665 descensum,
3027 4617 3136 4656 non
3181 4615 3302 4655 sese
3331 4611 3514 4653 mente

1941 4695 2121 4765 erigit,
2157 4694 2448 4765 animoque
2501 4695 2753 4760 lzetatur,
2804 4702 3059 4765 aspectus
3099 4693 3245 4747 illius
3298 4700 3511 4760 tempus

1942 4799 2131 4838 amore
2183 4785 2576 4838 antevertens?
2634 4783 2769 4838 Tum
2829 4794 3238 4839 commoventur
3292 4782 3507 4852 populi,

1944 4877 2223 4932 exsultant
2244 4875 2421 4945 pueri,
2455 4876 2685 4931 choreas
2734 4883 2900 4946 agunt
2931 4875 3194 4946 virgines,
3237 4888 3395 4927 senes
3423 4887 3512 4927 se-

1952 4975 2226 5025 nectutem
2252 4970 2319 5025 de
2346 4968 2527 5023 medio
2559 4970 2747 5043 tollere
2778 4968 3142 5029 contendunt,
3170 4965 3236 5020 ad
3256 4965 3511 5035 juventu-

1952 5063 2023 5117 tis
2056 5061 2244 5116 ﬂorem
2276 5077 2371 5133 spe
2404 5059 2654 5115 reducti:
2692 5061 2935 5130 regiique
2977 5058 3243 5112 adventus
3282 5054 3511 5110 celebri-

1949 5160 2035 5208 tas
2055 5153 2237 5206 omnia
2269 5152 2534 5222 pervadit.
2573 5150 2715 5218 Quid
2748 5167 2877 5222 ergo
2902 5150 3026 5221 quis
3048 5147 3266 5211 dixerit,
3289 5146 3510 5201 Christo

1948 5244 2246 5300 immortali
2286 5258 2412 5314 rege
2455 5244 2799 5309 adveniente,
2831 5258 2940 5297 non
2981 5249 3039 5295 ut
3071 5239 3234 5294 nrbes
3261 5243 3511 5303 exornet,

1951 5343 2006 5389 ct
2040 5342 2222 5391 turres
2254 5332 2450 5405 erigat,
2481 5348 2659 5405 neque
2685 5339 2745 5387 ut
2786 5331 2926 5388 dona
2976 5329 3197 5394 tribuat,
3222 5341 3341 5399 quae
3371 5334 3509 5383 tem-
