3898 6538
190 402 332 460 I085

1281 400 1512 457 SEBMO
1549 398 1616 454 [Ν
1655 399 1980 456 SANCTUM
2017 400 2307 462 PASCHA.

3292 402 3312 455 Ι
3324 400 3425 457 ὒ86

183 518 445 588 Θεωρίαν.
489 519 577 581 Ὠς
607 520 833 583 ἄπιστος
876 519 988 583 ἷδω,
1040 519 1134 573 καὶ
1164 520 1241 583 ὡς
1269 520 1457 583 πιστὸς
1497 517 1754 590 περιπτύο

1870 526 1924 572 ut
1972 520 2147 576 ﬁdelis
2202 521 2607 591 complexabor,
2662 525 2826 587 atque
2879 516 3149 587 perfruar.
3204 515 3425 572 Videam

186 609 374 682 ξομαι,
401 611 498 665 καὶ
531 610 840 665 ἀπολαύσω.
867 611 990 665 Ἴδω
1010 615 1197 683 χεῖρας
1227 612 1565 683 ὀρυχθείσας,
1599 611 1664 664 δι’
1684 604 1760 664 ὧν

191 707 243 757 εί
270 705 592 776 παραϐᾶσαι
616 704 710 757 τοῦ
748 701 919 772 Ἀδὰμ
950 701 1390 774 ἐθεραπεύθησαν
1428 704 1638 773 χεῖρες·
1667 700 1761 754 ῐδω

191 798 456 869 πλευρὰν,
487 797 556 851 δι’
581 791 649 869 ἦς
681 797 708 849 ὁ
735 797 799 849 ἐκ
829 795 930 866 τῆς
954 795 1192 866 πλευρᾶς
1216 795 1481 866 ἀνῄρηται
1512 793 1757 857 Θάνατος.

185 889 426 960 Θεατὴς,
465 889 567 942 οὐκ
588 886 879 960 ἀκροατὴς,
920 886 1013 940 τοῦ
1029 886 1299 940 Δεσπότου
1326 885 1574 954 γενέσθαι
1597 884 1757 941 θέλω.

186 980 265 1050 Τῇ
288 980 545 1050 διηγήσει
564 979 724 1032 πλέον
748 979 882 1050 πρὸς
904 976 1198 1047 ἐπιθυμίαν
1224 978 1532 1048 ἀνάπτομαι
1547 993 1562 1011 ·
1597 975 1663 1029 δι’
1685 969 1760 1030 ὧν

188 1069 633 1139 εὐαγγελίζεσθε,
657 1068 744 1123 διὰ
763 1068 968 1122 τούτων
982 1068 1080 1139 τὴν
1103 1067 1294 1139 ὀδύνην
1312 1067 1583 1137 ἐπαυξῆτε
1600 1065 1757 1137 (86‘).

194 1161 344 1231 Ἐγὼ
384 1161 442 1215 δέ
490 1178 591 1232 μου
623 1160 944 1232 θεραπεύσω
987 1158 1086 1232 τὴν
1128 1159 1304 1227 ἀνίαν,
1341 1159 1442 1232 τὴν
1468 1157 1763 1231 θεραπείαν

189 1252 688 1325 προχειριζόμενος.

252 1347 312 1402 4.
337 1347 500 1402 ,Ἀλλ’
522 1342 678 1408 αὖθις
708 1344 935 1417 παρῆνὸ
956 1343 1253 1416 Δεσπότης,
1282 1343 1378 1397 καὶ
1403 1342 1519 1396 λύει
1548 1338 1626 1413 τῷ
1654 1357 1762 1413 μα-

186 1439 328 1510 θητῇ
360 1437 501 1509 μετὰ
523 1437 625 1507 τῆς
652 1436 803 1501 ἀνίας
825 1437 922 1507 τὴν
952 1436 1229 1490 ἀπιστίαν.
1255 1434 1471 1496 Μᾶλλον
1504 1433 1560 1487 δέ
1583 1435 1643 1488 οὐ
1663 1432 1762 1504 τὴν

186 1531 452 1587 ἀπιστίαν
477 1530 685 1593 ἔλυσεν,
702 1529 841 1584 ἀλλὰ
864 1529 962 1601 τὴν
980 1527 1270 1598 ἐπιθυμίαν
1304 1526 1588 1596 ἐνέπλησε.
1614 1526 1763 1596 Παρ-

186 1626 254 1696 ἦν
301 1624 414 1678 τῶν
446 1623 627 1697 θυρῶν
672 1622 1103 1693 κεκλεισμένων·
1135 1618 1509 1691 ἀπιστουμένῃ
1545 1617 1643 1688 θέᾳ
1672 1635 1762 1673 πι-

186 1716 413 1772 στοῦται
438 1717 537 1789 τὴν
585 1715 987 1786 ἀπιστουμένην
1016 1714 1335 1768 ἀνάστασιν·
1365 1712 1460 1766 καὶ
1499 1710 1658 1764 πάλιν
1686 1710 1764 1764 δι-

186 1812 486 1876 πλασιάζει
530 1811 590 1864 τδ
622 1809 823 1879 θαῦμα,
862 1808 948 1862 ἵνα
989 1807 1376 1878 πληροφορήσῃ
1418 1804 1510 1857 τὸν
1539 1802 1760 1873 Θωμᾶν.

191 1924 211 1955 ι
258 1904 422 1967 Βάλε,
503 1902 658 1974 φησὶ,
712 1900 803 1953 τὸν
840 1898 1096 1953 δάκτυλόν
1164 1914 1256 1951 σου
1322 1898 1404 1959 είς
1450 1895 1542 1949 τὸν
1593 1893 1761 1949 τύπον

185 1996 302 2049 τῶν
332 1995 510 2065 ἥλων·
548 2013 566 2045 ι
595 1993 653 2046 ὃν
692 1990 903 2063 ἐζήτεις
934 1989 1161 2052 ἀπόντα,
1202 1988 1464 2060 παρόντος
1503 1986 1758 2040 ἀπόλαυε.

187 2084 325 2143 Οἶδά
349 2104 446 2140 σου
474 2086 571 2157 τὴν
601 2084 894 2155 ἐπιθυμίαν
925 2082 1017 2136 καὶ
1051 2079 1388 2143 σιωπῶντος·
1419 2078 1527 2151 πρὸ
1546 2077 1657 2132 τῶν
1676 2076 1762 2131 λό-

188 2196 325 2249 γων,
361 2178 460 2250 τὴν
492 2175 717 2248 γνώμην
760 2175 1078 2244 ἐπίσταμαι.
1115 2170 1351 2226 Ἤκουόν
1391 2187 1484 2224 σου
1525 2168 1632 2224 τῶν
1666 2171 1762 2241 ῥη-

189 2272 405 2342 μάτων,
454 2268 550 2322 καὶ
602 2267 675 2339 μὴ
725 2264 1089 2336 βλεπόμενος,
1120 2263 1382 2334 παρήμην
1427 2259 1759 2326 ἀπιστοῦντι,

185 2364 287 2417 καὶ
311 2362 389 2434 μὴ
417 2359 767 2430 φαινόμενος,
797 2356 1059 2409 ἐνεδίδουν
1077 2353 1186 2425 (87)
1211 2356 1277 2424 τῇ
1301 2352 1526 2424 ἀπιστίᾳ
1549 2350 1758 2423 καιρὸν,

186 2456 280 2506 ῐνα
312 2468 407 2505 σου
431 2449 530 2521 τὴν
566 2446 858 2517 ἐπιθυμίαν
888 2443 1169 2515 θαυμάσω.
1193 2461 1212 2494 ‹
1236 2441 1372 2496 Βάλε
1398 2441 1487 2494 τὸν
1506 2439 1763 2495 δάκτυλόν

186 2561 288 2598 σου
318 2544 400 2605 εἰς
414 2541 540 2603 τοὺς
560 2538 762 2602 τύπους
788 2536 897 2590 τῶν
912 2536 1076 2607 ἥλων·
1102 2535 1196 2589 καὶ
1221 2534 1345 2605 βάλε
1373 2533 1472 2603 τὴν
1494 2530 1651 2603 χεῖρά
1668 2547 1761 2583 σου

185 2639 274 2699 εἰς
305 2634 429 2705 τὴν
463 2631 702 2702 πλευράν
738 2646 861 2701 μου,
900 2628 995 2681 καὶ
1035 2626 1109 2699 μὴ
1137 2626 1285 2695 γίνου
1328 2623 1572 2687 ἄπιστος,
1626 2621 1763 2676 ἀλλά

186 2729 438 2791 πιστός.»
486 2727 543 2779 Ὀ
562 2724 618 2777 δὲ
637 2723 857 2793 Θωμᾶς,
879 2720 1221 2791 ψηλαφήσας,
1253 2716 1347 2770 καὶ
1378 2714 1476 2786 τὴν
1507 2712 1762 2768 ἀπιστίαν

184 2818 465 2890 ἑξορίσας,
499 2814 682 2866 πίστει
715 2812 997 2881 εἰλικρινεῖ
1037 2808 1129 2863 καὶ
1168 2804 1633 2879 πόθῳθεοπρεπεῖ
1666 2802 1762 2856 κέ-

185 2925 399 2981 κραγεν
416 2924 431 2939 ·
462 2927 481 2959 ι
526 2906 584 2958 Ὀ
610 2901 813 2975 Κύριός
844 2918 945 2972 μου
971 2899 1063 2954 καὶ
1091 2901 1120 2952 6
1138 2897 1267 2961 Θεός
1292 2912 1415 2966 μου.
1447 2915 1467 2946 ι
1499 2894 1604 2949 Καί
1632 2909 1762 2964 φησι

190 3000 333 3071 πρὸς
364 2996 524 3050 αὐτὸν
558 2996 588 3048 ὀ
611 2992 840 3063 Κύριος·
872 3009 890 3041 ι
928 2989 1050 3042 ’Ότι
1076 2985 1325 3058 ἑώρακάς
1347 3000 1435 3054 με,
1469 2983 1762 3035 πεπίστευ-

188 3105 334 3153 κας·
389 3086 645 3161 μακάριοι
693 3083 880 3154 (88)οί
922 3081 995 3152 μὴ
1044 3078 1260 3140 ίδόντες,
1310 3076 1404 3128 καὶ
1441 3072 1737 3127 πιστεῦσαν

186 3201 301 3247 τες.
348 3201 368 3234 ι
394 3178 664 3252 Κήρυξον,
704 3176 894 3247 Θωμᾶ,
937 3174 1049 3235 τοῖς
1095 3170 1169 3242 μὴ
1213 3167 1481 3240 ἐωρακόσι
1533 3182 1632 3236 μου
1666 3163 1762 3236 τὴν
1789 3196 1832 3254 C

188 3278 512 3331 ἀνάστασιν.
543 3268 811 3323 Ἒλκυσον
838 3263 936 3335 τὴν
959 3260 1299 3331 οἰκουμένην,
1326 3259 1425 3312 οὐκ
1450 3255 1763 3326 ὀφθαλμοῖς,

190 3367 334 3423 ἀλλά
373 3364 552 3434 λόγοις
594 3358 985 3415 πιστεύουσαν·
1019 3352 1269 3425 περίελθε
1318 3349 1604 3422 βαρϐάρων
1638 3346 1765 3416 ἔθνη

191 3460 288 3514 καὶ
331 3458 517 3519 πόλεις
540 3471 554 3484 ·
588 3449 793 3517 δίδαξον
830 3448 946 3503 ἀνθ’
983 3446 1166 3500 ὅπλων
1205 3440 1420 3513 σταυρῷ
1465 3438 1767 3511 θωρακίςε-

193 3551 341 3605 σθαι.
382 3545 634 3618 Κήρυξον
677 3543 855 3615 μόνον,
883 3538 978 3594 καὶ
1003 3533 1430 3609 προσκυνοῦντες
1453 3529 1769 3584 πιστεύσου-

192 3656 310 3696 σιν·
348 3641 449 3694 οῦκ
472 3635 821 3706 ἀπαιτηθήσῃ
846 3634 973 3704 παρ’
1007 3627 1184 3684 αὐτῶν
1213 3626 1309 3696 τὴν
1342 3624 1468 3678 θέαν
1492 3622 1587 3694 τὴν
1608 3622 1765 3692 ἐμήν.

190 3733 332 3788 Εἰπέ
357 3732 459 3803 τὴν
487 3729 698 3799 κλῆσιν,
733 3725 827 3778 καὶ
866 3724 969 3794 ὅρα
1003 3720 1103 3791 τὴν
1131 3718 1343 3770 πίστιν·
1382 3733 1400 3765 ι
1429 3712 1701 3783 Μακάριοι
1742 3729 1760 3761 ι

189 3827 304 3897 γὰρ
352 3820 568 3893 ἀληθῶς
603 3837 622 3871 ι
660 3817 710 3871 οἱ
744 3814 817 3887 μὴ
871 3813 1104 3876 ἰδόντες,
1154 3809 1250 3863 καὶ
1305 3804 1710 3866 πιστεύσαντες.
1743 3820 1762 3853 ι

191 3896 451 3977 Τοιοῦτος
482 3915 512 3966 ὁ
552 3909 826 3971 νεόλεκτος
861 3906 971 3979 (89)
1003 3898 1159 3966 οὗτος
1184 3898 1277 3953 τοῦ
1303 3896 1572 3951 Δεσπότου
1607 3912 1769 3967 στρα-

191 4010 305 4071 τδς,
337 4007 440 4075 τῆς
477 4000 854 4072 πνευματικῆς
895 3991 1278 4066 κολυμϐήθρας
1305 3989 1506 4052 ὠδῖνες,
1534 3986 1602 4040 τὰ
1633 3986 1770 4058 ἔργα

189 4104 289 4172 τῆς
315 4100 561 4170 χάριτος,
589 4098 623 4165 ἡ
657 4090 895 4165 γεωργία
931 4087 1025 4142 τοῦ
1060 4082 1375 4155 Πνεύματος
1395 4098 1411 4117 ·
1444 4080 1543 4133 οὐκ
1574 4078 1770 4140 ἰδόντες

190 4171 536 4262 ὑπήκουσαν,
568 4184 703 4238 ἀλλὰ
726 4180 1013 4243 ποθοῦντες
1037 4177 1385 4230 ἐπίστευσαν.
1423 4171 1769 4239 Ἐπέγνωσαν

193 4261 435 4352 Χριστὸν
458 4278 558 4330 οῦκ
579 4275 793 4345 ὄμμασι
815 4269 1086 4339 σώματος,
1114 4266 1226 4320 ἀλλ’
1266 4265 1477 4336 ὄμμασι
1513 4261 1766 4352 πίστεως.

191 4351 309 4426 Ούκ
336 4366 527 4421 ἔϐαλον
543 4364 668 4426 τοὺς
695 4360 987 4423 δακτύλους
1006 4362 1084 4422 είς
1106 4359 1231 4420 τοὺς
1250 4355 1452 4416 τύπους
1473 4352 1579 4405 τῶν
1603 4351 1768 4423 ἥλων,

193 4461 334 4516 ἀλλὰ
358 4458 437 4530 τῷ
471 4453 687 4528 σταυρῷ
711 4451 1139 4524 περιπλακέντες
1162 4448 1223 4501 τὸ
1242 4446 1413 4509 πάθος
1434 4445 1766 4514 ἠσπάσαντο·

1862 611 2150 668 confossas
2184 629 2399 678 manus,
2433 612 2630 682 quibus
2658 609 2786 663 Adae
2836 624 3030 662 manus
3063 609 3425 678 praet-oriente

1862 704 2088 759 sanitati
2134 713 2263 761 sunt
2308 706 2589 761 restitutae.
2628 701 2849 756 Videam
2904 701 3082 765 latus,
3141 716 3237 770 per
3279 699 3424 771 quod

1861 798 2123 853 mors-de
2175 797 2343 853 latere
2366 812 2651 868 progressa
2696 795 2913 851 sublata
2946 793 3067 848 fuit.
3101 792 3416 863 Spectator,

1860 904 1970 944 non
2003 891 2243 953 auditor.
2275 890 2489 945 Domini
2516 905 2638 945 esse
2670 888 2812 943 volo.
2846 887 3170 941 Narratione
3187 886 3252 940 ad
3280 884 3425 941 desi-

1861 980 2071 1036 derium
2100 983 2224 1052 plus
2252 982 2522 1038 accendor
2556 981 2659 1037 :iis
2684 995 2805 1051 qua:
2834 979 3192 1044 annuntiatis,
3231 977 3423 1033 iisdem

1861 1073 2077 1141 augetis
2108 1072 2372 1128 dolorem.
2408 1072 2662 1127 Medebor
2688 1078 2870 1127 autem
2898 1069 3150 1135 tristitia,
3182 1068 3275 1124 ubi
3312 1083 3425 1125 orae

1861 1163 2116 1219 manibus
2141 1163 2307 1220 fuerit
2333 1162 2621 1219 medicina.

1928 1329 1983 1386 ι.
2018 1329 2125 1387 Sed
2171 1332 2367 1389 iterum
2392 1333 2547 1391 adest
2583 1333 2867 1398 Dominus,
2901 1341 3061 1404 atque
3090 1346 3198 1388 una
3223 1346 3426 1387 moero-

1860 1437 1974 1478 rem
1997 1423 2268 1494 discipulo
2290 1425 2451 1487 levat,
2466 1435 2518 1480 et
2540 1425 2993 1479 incredulitatem.
3020 1424 3086 1478 At
3106 1423 3286 1494 potius
3310 1436 3423 1477 non

1861 1513 2059 1568 levavit
2109 1514 2581 1582 incredulitatem,
2641 1516 2736 1570 sed
2781 1515 3111 1570 desiderium
3166 1513 3419 1584 explevit.

1860 1607 2064 1665 Aderat
2106 1608 2294 1679 januis
2335 1607 2537 1663 clausis
2570 1625 2585 1663 :
2623 1606 2926 1662 incredibili
2967 1614 3261 1675 conspectu
3312 1619 3425 1658 non

1862 1701 2125 1756 creditam
2161 1699 2614 1759 resurrectionem
2658 1701 2945 1754 conﬁrmat
2972 1712 2985 1750 :
3016 1704 3180 1767 atque
3226 1697 3424 1751 iterum

1862 1791 2188 1846 miraculum
2215 1791 2475 1861 geminat,
2513 1797 2573 1844 ut
2607 1788 2876 1844 Thomam
2908 1788 3197 1844 certiorem
3239 1786 3422 1840 faciat.

1868 1901 1886 1934 ι
1924 1880 2091 1947 infer,
2131 1901 2151 1934 ι
2186 1882 2383 1952 inquit,
2416 1899 2435 1933 ι
2462 1880 2689 1951 digitum
2715 1888 2869 1934 tuum
2902 1880 2956 1934 in
2984 1879 3214 1933 ﬁxuram
3236 1879 3425 1933 clavo-

1864 1986 1985 2024 rum
2024 1971 2092 2034 ",
2124 1989 2142 2022 ι
2176 1986 2335 2041 quem
2367 1971 2642 2026 absentem
2685 1969 2988 2040 querebas,
3020 1985 3085 2024 eo
3109 1984 3255 2023 nunc
3288 1984 3427 2038 prae-

1862 2070 2015 2118 sente
2069 2062 2272 2119 fruere.
2298 2061 2399 2116 Tui
2432 2063 2591 2118 etiam
2641 2062 2872 2117 tacentis
2923 2061 3050 2116 novi
3094 2060 3423 2116 desiderium

1861 2161 1986 2208 ante
2030 2154 2192 2208 verba
2238 2153 2465 2225 prolata,
2497 2153 2821 2208 sententiam
2851 2152 2975 2206 novi
3021 2159 3191 2205 tuam.
3227 2151 3423 2205 Audivi

1859 2246 2024 2301 verba
2046 2252 2160 2307 tua,
2182 2261 2245 2300 ac
2269 2246 2395 2302 licet
2419 2262 2528 2300 non
2557 2260 2890 2315 apparerem,
2920 2259 3027 2299 non
3054 2243 3294 2298 credenti
3326 2243 3423 2297 ad—

1859 2351 2007 2391 eram
2038 2354 2052 2403 ;
2083 2351 2148 2392 ac
2188 2337 2315 2392 licet
2380 2351 2487 2391 non
2539 2335 2774 2400 viderer,
2806 2334 3001 2390 dabam
3052 2334 3421 2389 incredulitati

1862 2436 2111 2499 tempus,
2143 2437 2201 2483 ut
2253 2427 2587 2484 desiderium
2642 2428 2872 2481 mirarer
2920 2434 3092 2481 tuum.
3129 2444 3147 2478 ι
3198 2425 3360 2490 Inter,
3397 2445 3416 2477 ι

1861 2519 2059 2592 inquit,
2099 2540 2118 2573 ι
2151 2521 2379 2592 digitum
2403 2527 2553 2575 tuum
2584 2519 2638 2573 in
2670 2519 2872 2574 ﬁxuras
2899 2519 3197 2582 clavorum,
3221 2525 3274 2573 ct
3297 2517 3423 2571 mit-

1861 2621 1917 2670 te
1940 2631 2156 2671 manum
2186 2624 2334 2669 tuam
2367 2615 2424 2669 in
2455 2615 2597 2669 latus
2643 2629 2844 2680 meum,
2873 2618 2927 2668 et
2956 2612 3065 2667 noli
3090 2627 3209 2666 esse
3245 2611 3422 2665 inere-

1860 2706 2024 2761 dulus
2049 2707 2143 2762 sed
2168 2705 2342 2761 ﬁdelis
2356 2706 2424 2759 ⁸⁸.
2455 2723 2473 2757 ι
2496 2703 2735 2759 Thomas
2764 2719 2893 2759 vero
2916 2704 3005 2758 ubi
3034 2702 3425 2757 contrectando

1860 2795 2295 2852 incredulitatem
2354 2795 2683 2867 depulisset.
2717 2794 2931 2849 sincera
2983 2793 3087 2848 ﬁde
3132 2792 3426 2862 divinaque

1860 2887 2116 2942 incensus
2145 2886 2415 2941 desiderio
2452 2887 2772 2941 exclamavit
2795 2904 2808 2917 ·
2849 2902 2869 2937 ι
2899 2885 3162 2940 Dominus
3191 2899 3344 2938 meus
3373 2891 3426 2938 et

1862 2978 2004 3035 Deus
2058 2996 2210 3034 meus
2235 2980 2300 3034 ’⁷.
2350 2998 2369 3031 ι
2402 2978 2490 3032 Ait
2542 2979 2608 3034 ad
2658 2980 2813 3033 illum
2863 2977 3126 3035 Dominus
3168 2997 3182 3033 :
3221 2995 3239 3028 ι
3284 2975 3424 3043 Quia

1860 3070 2047 3125 vidisti
2098 3086 2201 3135 me,
2233 3068 2512 3125 credidisti
2542 3083 2561 3122 :
2594 3070 2734 3125 beati
2774 3069 2867 3140 qui
2912 3085 3020 3123 non
3066 3068 3336 3130 viderunt,
3372 3073 3427 3122 et

1864 3161 2212 3216 crediderunt
2239 3162 2305 3218 ’³.
2347 3180 2365 3213 ι
2395 3161 2894 3228 Resurrectionem,
2928 3177 2962 3216 ο
2991 3160 3219 3226 Thema,
3250 3173 3425 3213 meam

1864 3252 2092 3321 praedica
2127 3254 2193 3309 iis
2216 3254 2310 3324 qui
2342 3268 2451 3307 non
2474 3253 2723 3308 viderunt
2753 3252 3205 3308 resurrectionem
3227 3265 3425 3305 meam.

1865 3343 2043 3398 Trahe
2068 3354 2336 3399 terrarum
2370 3345 2581 3409 orbem,
2617 3360 2722 3398 non
2754 3345 2949 3410 oculis,
2973 3342 3066 3399 sed
3101 3342 3282 3397 verbis
3306 3357 3428 3397 cre-

1864 3433 2078 3490 dentem
2108 3451 2122 3487 :
2156 3436 2459 3491 circumeas
2488 3436 2845 3491 barbarorum
2873 3444 3061 3505 gentes
3083 3441 3135 3489 et
3158 3434 3427 3496 civitates,

1866 3525 2066 3580 doceas
2096 3540 2191 3580 eos
2248 3541 2526 3580 armorum
2558 3528 2712 3595 loco,
2748 3541 2913 3581 cruce
2952 3535 3025 3579 uti
3048 3524 3216 3578 lorica
3255 3521 3426 3576 indui.

1866 3616 2219 3673 Solummodo
2271 3620 2535 3688 praedica,
2583 3619 2983 3688 adorantesque
3036 3616 3113 3671 illi
3172 3614 3428 3669 credituri

1867 3717 2016 3776 sunt,
2048 3726 2156 3764 non
2211 3710 2316 3765 mei
2364 3719 2719 3779 conspectum
2758 3724 2787 3762 a
2833 3718 2884 3763 te
2936 3707 3306 3777 postulabunt.
3339 3705 3429 3758 ln-

1866 3800 1990 3854 dica
2050 3799 2160 3854 illis
2213 3798 2591 3858 vocationem,
2643 3813 2705 3852 ac
2767 3796 2890 3852 vide
2945 3795 3125 3849 ﬁdem.
3168 3813 3187 3846 ι
3228 3791 3375 3846 Beati
3406 3808 3425 3841 ι

1869 3892 2012 3946 enim
2059 3905 2245 3946 revera
2277 3908 2295 3941 ι
2328 3890 2423 3959 qui
2462 3903 2570 3943 non
2604 3887 2877 3950 viderunt,
2909 3896 2963 3941 et
2993 3883 3361 3940 crediderunt.
3406 3902 3426 3933 ι

1870 3978 2019 4035 Talis
2041 3981 2132 4036 ille
2159 3988 2241 4036 cst
2272 3994 2463 4034 recens
2496 3978 2742 4033 delectus
2770 3976 2984 4031 Domini
3014 3976 3322 4040 exercitus;
3356 3972 3431 4026 ita

1869 4090 1929 4130 se
1975 4074 2173 4129 habent
2222 4073 2522 4143 spiritualis
2568 4072 2717 4127 illius
2769 4070 2992 4142 piscina:
3023 4076 3233 4140 partus,
3266 4079 3433 4137 Opera

1868 4164 2077 4233 gratiae,
2109 4164 2323 4218 cultura
2353 4161 2585 4233 Spiritus
2618 4180 2632 4216 :
2669 4177 2774 4215 non
2811 4161 3054 4215 videntes
3089 4159 3431 4220 obedterunt,

1870 4255 1965 4311 sed
1984 4255 2353 4310 desiderantes
2371 4254 2743 4309 crediderunt.
2756 4253 3027 4307 Christum
3043 4255 3431 4321 cognoverunt,

1872 4364 1978 4401 non
1996 4349 2242 4417 corporis
2263 4350 2458 4410 oculis,
2479 4348 2573 4404 sed
2588 4347 2761 4401 oculis
2784 4346 2925 4400 ﬁdei.
2942 4344 3055 4398 Non
3080 4339 3429 4398 miseruutdi-

1870 4442 2009 4511 gitos
2026 4442 2078 4494 in
2100 4442 2300 4497 lixuras
2321 4442 2616 4506 clavorum,
2635 4439 2726 4494 sed
2742 4453 2958 4493 crucem
2979 4434 3268 4505 complexi,
3312 4447 3436 4503 pas-

196 4525 538 4623 Δεσποτικῆς
559 4525 795 4619 πλευρᾶς
821 4543 1010 4598 θεαταὶ
1033 4543 1131 4597 οὐκ
1156 4536 1566 4609 ἐγένοντο,ἀλλὰ
1590 4535 1766 4606 χάριτι

1874 4533 2080 4587 sionem
2098 4532 2384 4602 amplexati
2415 4545 2577 4588 sunt:
2606 4546 2711 4586 non
2740 4530 2958 4585 fuerunt
2975 4525 3437 4586 Dominicilateris

198 4646 553 4706 Δεσποτικοῖς
583 4638 931 4710 συνήφθησαν
984 4634 1186 4706 μέλεσι,
1217 4629 1509 4704 κυροῦντες
1538 4629 1620 4697 ἐφ’
1647 4628 1773 4679 ἐαυ-

197 4737 308 4797 τοίς
340 4732 441 4803 τὴν
471 4729 563 4783 τοῦ
591 4727 857 4781 Δεσπότου
886 4725 1067 4795 φωνήν
1094 4722 1228 4793 (90)·
1264 4740 1282 4769 ι
1320 4719 1587 4789 Μακάριοι
1616 4716 1665 4768 oi
1697 4715 1771 4785 μὴ

202 4826 425 4887 ἰδόντες,
452 4822 545 4874 καὶ
572 4817 959 4879 πιστεύσαντες
979 4832 992 4847 ·
1035 4834 1055 4867 ι
1083 4814 1133 4866 οἱ
1169 4811 1243 4883 μὴ
1278 4810 1493 4872 ἰδόντες,
1525 4807 1618 4859 καὶ
1642 4806 1777 4875 Χρι-

200 4918 313 4989 στῷ
346 4914 726 4984 συναφθέντες.

273 5012 328 5065 5.
364 5011 612 5080 Σήμερον
665 5001 961 5058 ἀποδύεσθε
1003 4999 1102 5071 τὴν
1145 4995 1480 5069 φορουμένην
1531 4989 1767 5058 ἐσθῆτα,

202 5103 341 5158 ἀλλά
378 5100 453 5172 μὴ
478 5096 744 5153 ἀπόθεσθε
772 5100 872 5168 τὴν
903 5090 1289 5164 κεκρυμμένην
1315 5083 1583 5157 σφραγῖδα
1601 5100 1614 5111 ·
1639 5083 1772 5172 ἀπο-

198 5171 394 5251 δύεσθε
420 5191 489 5244 τὰ
518 5189 815 5259 φαινόμενα
843 5184 1105 5257 σύμϐολα,
1133 5180 1268 5235 ἀλλὰ
1295 5178 1368 5249 μὴ
1391 5172 1655 5229 ἀπόθεσθε
1678 5171 1774 5243 τῆς

205 5287 469 5359 στρατιᾶς
495 5282 566 5338 τὰ
586 5281 960 5354 γνωρίσματα.
1002 5272 1342 5329 Ἀποτίθεσαι
1372 5268 1470 5340 τὴν
1495 5263 1773 5336 ἁμφίεσιν,

1878 4633 2246 4693 spectatores;
2288 4625 2380 4679 sed
2423 4640 2516 4692 per
2556 4625 2782 4694 gratiam
2835 4619 3134 4675 Dominicis
3179 4616 3438 4670 membris

1877 4723 2003 4768 sunt
2027 4715 2323 4784 conjuncti,
2354 4715 2737 4769 conﬁrmantes
2783 4712 2837 4765 in
2875 4708 3181 4779 semetipsis
3224 4705 3436 4759 Domini

1875 4820 2061 4859 vocem
2089 4821 2104 4856 :-
2144 4825 2163 4856 ι
2190 4804 2337 4859 Beati
2355 4805 2444 4875 qui
2464 4821 2571 4858 non
2601 4804 2875 4866 viderunt,
2907 4809 2959 4856 et
2985 4799 3371 4855 crediderunt:
3413 4815 3432 4847 ι

1878 4895 1969 4964 qui
2020 4911 2129 4948 non
2159 4894 2435 4960 viderunt,
2469 4903 2523 4950 et
2554 4895 2774 4948 Christo
2807 4890 3086 4960 conjuncti
3119 4894 3269 4942 sunt.

1949 4988 2001 5042 ὅ.
2043 4985 2213 5042 Hodie
2250 4997 2454 5042 vestem
2499 5002 2662 5056 quam
2716 4985 2944 5054 gestatis
2974 4980 3204 5043 exuitis;
3237 4976 3328 5032 sed
3373 4992 3441 5030 ne

1880 5078 2155 5133 occultum
2196 5078 2437 5148 sigillum
2471 5077 2794 5149 deponatis:
2826 5076 3007 5130 exuite
3046 5078 3269 5127 externa
3297 5084 3443 5140 sym-

1880 5171 2022 5249 bola,
2065 5170 2159 5225 sed
2202 5186 2269 5224 ne
2320 5171 2529 5224 militia:
2580 5179 2843 5225 tesseram
2883 5164 3157 5236 deponite.
3208 5162 3442 5230 Deponis

1881 5260 2040 5331 397
2065 5262 2346 5329 amictum,
2378 5277 2411 5316 ο
2434 5260 2638 5318 Christi
2664 5259 2844 5324 miles,
2875 5256 2972 5312 sed
3002 5271 3069 5310 ne
3097 5268 3296 5310 exuare
3322 5250 3442 5305 ﬁdei

272 5409 321 5440 ³³
359 5406 520 5462 Joan.
546 5403 746 5468 xx,27.
820 5400 871 5434 “-
906 5398 1036 5454 ibid.
1112 5396 1156 5428 "
1197 5394 1329 5449 ibid.
1366 5391 1458 5448 ‘28.
1532 5389 1578 5423 ³⁸
1618 5385 1743 5441 ibid.
1783 5383 1875 5437 29.

278 5522 422 5592 (86‘)
456 5520 639 5582 Forte,
667 5516 953 5582 ἐπαυξετε.
966 5514 1151 5592 κευιιτ.

277 5578 509 5665 {sum
540 5578 673 5665 mss.
710 5578 922 5665 omnes.
965 5584 1125 5649 Editi,
1156 5583 1229 5654 μὴ
1266 5580 1590 5652 βλεπόμενος
1613 5578 1777 5631 ἐνεδί-

204 5658 350 5727 δουν,
385 5661 607 5716 omissis
635 5658 984 5729 quibusdam;

279 5721 393 5803 (83)
432 5731 509 5785 Ila
542 5721 673 5803 mss'.
712 5743 921 5803 omnes.
946 5726 1019 5781 Ed
1053 5756 1072 5792 ,η
1107 5722 1181 5795 μὴ
1214 5724 1361 5792 γίνου
1394 5721 1636 5784 ἄπιστος.
1660 5721 1776 5774 Μα-

209 5798 414 5876 κζριοι,
447 5802 632 5857 multis
665 5798 906 5855 omissis.

1956 5506 2066 5574 (89)
2109 5500 2200 5556 Sic
2232 5515 2362 5554 mss.
2386 5512 2592 5553 omnes.
2805 5506 2956 5559 vero,
2983 5489 3319 5574 νεόπλεκτος.
3351 5549 3400 5574 ﬂ.

1957 5559 2066 5637 (90')
2106 5574 2179 5626 Ita
2224 5584 2414 5623 οιηιιεε
2458 5582 2595 5622 mss.
2633 5563 2775 5617 Editi
2808 5578 2953 5628 vero,
3001 5559 3088 5613 ἐπ’
3127 5559 3309 5637 adrui;
3349 5559 3446 5637 τὴν

1885 5625 2074 5700 τούτου
2110 5625 2488 5711 ίφωνήνΑηίτο
2527 5650 2717 5711 oumes
2759 5625 3309 5699 ιιιεεησυναφθὲντες,
3352 5625 3447 5678 ιω-

1888 5719 2038 5778 bent,
2065 5706 2155 5769 ubi
2186 5706 2336 5777 editi,
2359 5706 2736 5775 συνταφέντες.
