4022 6382
542 307 686 365 1087

1717 305 1778 360 S.
1827 300 2287 360 ATHANASIUS.
2305 296 2376 343 '—
2411 298 2686 356 SPUBIA.

3657 297 3789 353 £088

535 420 750 478 armis:
782 419 894 490 jam
920 419 1016 474 tibi
1059 417 1294 474 maxime
1336 418 1530 474 omnis'
1556 417 1771 489 generis
1818 427 2098 474 armatura

2203 411 2246 470 ὧ
2285 413 2379 468 τοῦ
2409 413 2650 486 Χριστοῦ
2700 409 3004 482 στρατιῶτα
3031 409 3167 482 (91),
3207 409 3349 464 ἀλλὰ
3385 409 3464 481 μὴ
3499 411 3795 482 γυμπκοθῇς

535 524 678 582 onus
701 515 806 566 est.
833 507 989 562 Nunc
1015 508 1160 562 enim
1183 507 1356 562 multo
1380 507 1551 577 magis
1567 522 1730 577 quam
1761 514 1887 562 ante
1925 507 2100 563 bostis

536 601 826 657 adversum
860 608 912 655 te
945 599 1162 670 vigilat,
1191 609 1353 668 atque
1386 598 1722 668 ingravatum
1769 607 1853 654 est
1876 599 2096 656 bellum.

537 693 676 748 Dum
715 692 962 762 captivus
1013 705 1158 754 eras,
1193 705 1257 746 ac
1278 705 1469 746 servus
1501 690 1731 754 inimici,
1759 673 1882 744 cum
1911 699 1963 746 te
1995 690 2100 745 sub

538 785 764 853 imperio
791 792 1018 846 teneret,
1045 799 1152 837 non
1165 782 1392 836 curabat
1431 789 1484 837 te
1513 797 1856 852 oppugnare;
1891 790 1948 836 at
1973 798 2096 838 cum

533 877 753 932 Christo
783 892 978 932 nomen
1011 875 1232 941 dedisti,
1273 883 1437 946 atque
1466 876 1536 930 ab
1558 875 1715 930 hoste
1761 875 1996 946 fugiens,
2029 875 2099 930 ad

534 967 822 1023 Dominum
855 968 1182 1029 accurristi,
1211 975 1264 1022 et
1311 983 1342 1022 a
1387 968 1517 1037 lupo
1563 967 1834 1032 resiliens,
1868 967 1997 1021 ovili
2037 981 2102 1022 es

536 1064 894 1125 aggregatus;
946 1066 996 1110 te
1048 1057 1202 1125 quasi
1260 1055 1536 1125 antiquam
1584 1056 1818 1126 prredam
1871 1055 2098 1120 invadit,

535 1146 719 1200 multis
750 1146 1065 1215 excogitatis
1095 1146 1257 1201 dolis.
1297 1145 1377 1198 Ad
1425 1147 1537 1201 haec
1591 1163 1689 1202 nos
1738 1154 1919 1203 castra
1972 1147 2101 1201 bea-

537 1243 625 1288 tus
652 1236 862 1305 inuugit
887 1244 939 1292 et
973 1237 1156 1290 invitat
1200 1236 1425 1298 Paulus,
1448 1237 1714 1308 ducisque
1759 1239 1931 1293 instar
1960 1252 2097 1306 prte-

532 1333 687 1392 cepta
721 1325 924 1378 tradit:
971 1345 990 1376 ι
1022 1325 1141 1380 Non
1189 1336 1274 1382 est
1312 1328 1489 1390 nobis,
1528 1349 1546 1379 ι
1587 1329 1800 1398 inquit,
1853 1346 1873 1380 ι
1926 1330 2100 1383 collu-

533 1417 700 1469 ctatio
747 1417 1008 1472 adversus
1041 1434 1262 1472 carnem
1293 1427 1346 1474 et
1379 1420 1728 1490 sanguinem:
1760 1420 1856 1476 sed
1913 1421 2102 1476 adver-

531 1520 628 1561 sus
656 1507 991 1577 principatus
1011 1517 1063 1562 et
1083 1516 1393 1578 potestates,
1415 1510 1682 1567 adversus
1711 1513 1897 1567 mundi
1933 1519 2103 1568 recto-

533 1613 624 1652 res
669 1599 1015 1654 tenebrarum
1075 1600 1236 1670 hujus
1281 1602 1468 1658 smculi
1499 1617 1514 1653 :
1549 1612 1742 1657 contra
1793 1604 2100 1674 spiritualia

534 1691 788 1758 nequitia:
821 1693 887 1745 ’³.
929 1709 948 1742 ι
977 1691 1150 1747 Viden
1177 1693 1412 1750 hostium
1443 1708 1656 1764 agmen,
1683 1694 2092 1766 ferventemque

534 1781 810 1851 pugnam?
844 1781 1014 1852 Cujus
1055 1799 1186 1854 ergo
1237 1785 1408 1854 gratia
1453 1762 1652 1840 bellum
1683 1789 1930 1857 geritur?
1958 1762 2092 1854 Quae
2127 1762 2170 1817 Β

535 1867 689 1922 lucra
720 1872 946 1940 pugnae?
983 1872 1126 1927 Idem
1158 1872 1274 1942 ipse
1311 1871 1417 1927 dux
1455 1873 1735 1944 subjungit
1768 1895 1782 1931 :
1827 1894 1848 1928 ι
1895 1877 1952 1931 ln
1987 1893 2100 1933 casa

537 1957 788 2021 lestibus,
811 1978 832 2012 ι
861 1959 915 2014 id
935 1969 1037 2023 est,
1057 1975 1155 2030 pro
1173 1961 1488 2018 cmlestibus
1516 1965 1975 2032 possessionibus.
1993 1965 2098 2022 Pro

535 2047 942 2122 incorruptione
967 2059 1162 2117 armat,
1195 2067 1294 2124 pro
1322 2053 1763 2112 itnmutabilitate
1786 2065 2010 2132 pugnat,
2041 2067 2103 2113 ut

537 2153 660 2194 cum
692 2140 912 2196 Christo
946 2143 1017 2198 sit
1060 2143 1230 2200 aciem
1271 2144 1514 2200 instruit.
1545 2144 1638 2202 lla:
1667 2146 1934 2218 siquidem
1970 2159 2100 2204 sunt

535 2233 790 2293 caelestes
807 2235 1182 2306 possessiones
1214 2254 1227 2291 :
1263 2237 1364 2294 has
1388 2236 1479 2291 ille
1512 2237 1687 2307 abripi
1713 2247 1955 2310 exaptat.
1980 2239 2098 2296 Non

536 2323 667 2378 sinit
707 2331 761 2380 te
801 2324 1005 2380 Paulus
1033 2324 1240 2379 nudum
1265 2325 1560 2388 dimicare,
1586 2325 1810 2382 instruit
1837 2335 1892 2382 te
1919 2336 2098 2382 autem

534 2409 716 2468 Patris
750 2414 940 2469 armis.
974 2412 1041 2468 Et
1082 2414 1234 2476 vide.
1267 2429 1474 2484 (ιιιαξεο,
1505 2429 1784 2470 armorum
1830 2417 2099 2486 ejusmodi

533 2501 716 2572 fulgur
730 2517 891 2572 quam
914 2503 984 2558 sit
1014 2503 1257 2558 terribile
1286 2503 1522 2558 inimicis
1541 2521 1556 2570 ;
1575 2503 1652 2556 ait
1677 2503 1822 2558 enim
1856 2523 1870 2558 :
1897 2524 1916 2556 ‹
1953 2504 2106 2560 State

534 2605 666 2663 ergo
687 2595 953 2649 succincti
988 2594 1205 2650 lumbos
1244 2603 1460 2652 vestros
1484 2594 1540 2648 in
1560 2596 1812 2656 veritate.
1843 2603 1896 2651 et
1923 2595 2102 2650 induti

533 2685 1026 2756 loricamjustitiaa,
1053 2694 1109 2742 et
1133 2687 1362 2742 ealceati
1400 2691 1565 2758 pedes
1608 2689 1666 2744 in
1706 2689 2104 2759 praeparatione

2203 507 2312 560 τῶν
2341 505 2520 560 ὅπλων
2545 505 2649 574 τῆς
2683 505 2920 566 πίστεως
2940 519 2953 532 ·
2982 500 3078 556 νῦν
3114 519 3198 554 σοι
3235 500 3482 572 μάλιστα
3509 501 3675 573 χρεία
3703 505 3798 574 τῆς

2201 593 2526 658 πανοπλίας.
2563 593 2676 646 Νῦν
2719 593 2829 664 γὰρ
2859 590 3000 645 κατὰ
3037 589 3132 644 σοῦ
3163 588 3330 643 πλέον
3363 589 3398 660 ἢ
3433 589 3533 644 τοῦ
3564 591 3796 661 πρόσθεν

2203 690 2508 761 ἐγρήγορεν
2539 689 2568 738 ὁ
2617 685 2895 755 πολέμιος,
2929 684 3022 736 καὶ
3059 680 3414 752 ὲκραταιιῦθη
3461 682 3492 733 ὁ
3538 683 3791 753 πόλεμος.

2204 783 2348 844 Ἕως
2369 779 2711 851 αἰχμάλωτος
2754 773 2822 848 ἧς
2852 775 2944 830 καὶ
2981 773 3163 838 δοῦλος
3195 772 3295 826 τοῦ
3338 771 3545 844 ἐχθροῦ
3579 774 3717 842 (9‘2),
3739 773 3791 828 ei

2203 875 2424 946 κρατεῖν
2451 872 2589 942 ἔχων
2639 871 2862 933 ἐκεῖνος,
2887 866 2978 920 τοῦ
3015 865 3274 936 πολεμεῖν
3303 865 3409 918 οὐκ
3435 865 3788 936 ἐφρόντιζεν

2204 964 2390 1036 ἐπειδὴ
2427 964 2484 1018 δὲ
2516 961 2653 1034 πρὸς
2681 959 2912 1030 Χριστὸν
2944 958 3303 1028 μετετάχθης,
3337 958 3458 1020 καὶ,
3491 958 3684 1026 φυγὼν
3711 958 3795 1010 τὸν

2206 1055 2422 1128 ἐχθρὸν,
2445 1053 2524 1126 τῷ
2543 1052 2791 1124 Δεσπότῃ
2821 1049 3215 1122 προσέδραμες,
3245 1051 3343 1104 καὶ
3381 1049 3556 1102 λύκον
3585 1051 3795 1119 ἁποπη-

2203 1147 2394 1218 δήσας,
2427 1141 2758 1212 συνετάχθης
2791 1144 2856 1211 τῇ
2889 1141 3112 1212 ποίμνῃ,
3146 1140 3223 1202 ὡς
3247 1139 3496 1194 παλαιὰν
3526 1156 3589 1192 σε
3623 1140 3789 1210 θήραν

2207 1237 2545 1309 μετέρχεται,
2563 1232 2928 1302 πολυτρόπους
2940 1231 3405 1303 ἐκμηχανὼμενος
3421 1232 3636 1295 δόλους.
3651 1233 3790 1302 Πρὸς
3854 1280 3862 1289 .

2201 1327 2405 1398 ταύτην
2453 1327 2602 1397 ἡμᾶς
2641 1324 2740 1396 τὴν
2787 1321 3088 1393 παράταξιν
3137 1323 3167 1375 ὁ
3225 1323 3506 1394 μακάριος
3555 1321 3785 1390 ἀλείφων

2201 1420 2435 1484 Παῦλος,
2455 1419 2750 1490 στρατηγεῖ
2771 1416 2862 1470 καὶ
2890 1412 3298 1487 προχειρίζεται
3321 1415 3783 1486 παραγγέλματα,

2208 1534 2226 1567 ι
2262 1516 2375 1568 Οὐκ
2415 1513 2562 1566 ἔστιν
2597 1514 2760 1583 ἡμῖν,
2819 1509 3022 1577 λέγων,
3070 1509 3103 1578 ἡ
3149 1507 3295 1579 πάλη
3335 1507 3483 1578 πρὸς
3513 1503 3658 1577 αἷμα
3698 1506 3783 1559 καὶ

2205 1603 2402 1675 σάρκα,
2420 1601 2553 1654 ἀλλὰ
2579 1597 2713 1671 πρὸς
2732 1597 2828 1661 τὰς
2853 1597 3044 1669 ἀρχὰς,
3066 1597 3203 1667 πρὸς
3227 1595 3331 1660 τὰς,
3355 1596 3634 1660 ἐξουσίας,
3659 1594 3784 1666 πρὸς

2201 1694 2328 1756 τοὺς
2353 1690 2802 1763 κοσμοκράτορας
2838 1687 2932 1740 τοῦ
2967 1686 3188 1751 σκότους
3219 1687 3316 1740 τοῦ
3348 1687 3556 1750 αἰῶνος
3577 1686 3782 1748 τούτου,

2201 1784 2336 1856 πρὸς
2366 1783 2434 1837 τὰ
2463 1779 2806 1854 πνευματικὰ
2827 1779 2926 1848 τῆς
2949 1778 3211 1850 πονηρίας
3239 1778 3377 1849 (95).
3421 1798 3446 1830 ι
3482 1781 3650 1851 Ὁρᾷς
3675 1779 3783 1832 στῖ.

2199 1891 2296 1944 φος
2323 1873 2615 1944 πολεμικὸν
2648 1872 2744 1926 καὶ
2782 1870 3007 1936 ζέουσαν
3039 1869 3254 1942 μάχην;
3300 1870 3479 1942 ’Υπὲρ
3513 1871 3675 1924 τίνων
3696 1867 3784 1924 οὖν

2200 1962 2309 2038 ἆρα
2355 1967 2384 2019 ὁ
2431 1965 2693 2034 πόλεμος;
2730 1964 2864 2016 Ποῖα
2889 1963 2991 2029 τῆς
3035 1963 3214 2034 μάχης
3259 1962 3327 2016 τὰ
3376 1963 3586 2035 κέρδης
3621 1962 3780 2026 Αὐτὸς

2201 2056 2395 2123 ἐπάγει
2423 2057 2450 2107 ὁ
2468 2051 2768 2125 στρατηγὸς
2794 2051 2994 2120 λέγων·
3023 2069 3042 2102 ι
3094 2052 3181 2104 Ἐν
3199 2053 3316 2113 τοῖς
3344 2049 3718 2121 ἐπουρανίοις,
3753 2069 3770 2100 ι

2200 2145 2499 2206 τουτέστιν,
2540 2143 2680 2213 ὑπὲρ
2719 2140 2828 2193 τῶν
2867 2139 3200 2211 ἐπουρανίων
3242 2139 3570 2208 κτημάτων.
3617 2138 3778 2209 ’Υπὲρ

2201 2239 2300 2309 τῆς
2327 2233 2636 2307 ἀφθαρσίας
2676 2234 2904 2299 ὁπλίζει,
2941 2234 3035 2288 καὶ
3065 2231 3204 2304 ὑπὲρ
3249 2231 3662 2303 ἀτρεπτότητος
3690 2247 3777 2283 πο-

2201 2329 2358 2398 λεμεῖ
2375 2345 2390 2358 ο
2417 2327 2556 2398 ὑπὲρ
2580 2325 2674 2380 τοῦ
2705 2328 2942 2380 συνεῖναι
2966 2324 3185 2396 Χριστῷ
3204 2323 3572 2394 παρατάττει.
3603 2323 3776 2376 Ταῦτα

2202 2421 2311 2493 γὰρ
2349 2420 2647 2491 ἐπουράνια
2684 2420 2968 2490 κτήματαο
3007 2417 3177 2472 ταῦτα
3234 2420 3444 2481 ἐκεῖνος
3489 2416 3774 2486 ἀφελέσθαι

2205 2513 2452 2584 βούλεται
2497 2511 2632 2582 (94).
2685 2511 2798 2564 Ούκ
2825 2509 3014 2581 ἀφίησί
3059 2527 3118 2562 σε
3159 2508 3508 2580 πολεμοῦντα
3546 2508 3773 2578 γυμνόν·

2205 2603 2519 2668 καθοπλίζει
2539 2603 2596 2657 δὲ
2624 2605 2736 2666 τοῖς
2761 2601 2943 2665 ὅπλοις
2965 2601 3058 2654 τοῦ
3089 2600 3322 2672 Πατρός.
3357 2602 3466 2654 Καί
3499 2617 3593 2670 μοι
3623 2599 3774 2670 βλέπε

2204 2694 2312 2748 τῶν
2341 2693 2519 2747 ὅπλων
2541 2692 2638 2764 τὴν
2661 2691 2945 2764 ἀστραπὴν
2965 2689 3201 2762 φοϐεράν
3219 2686 3386 2744 οὖσαν
3408 2693 3523 2752 τοῖς
3550 2688 3774 2760 ἐχθροῖς·

534 2775 812 2848 Evangelii
844 2778 1027 2848 pacis;
1063 2794 1230 2848 super
1266 2779 1450 2834 omnia
1503 2789 1852 2836 assumentes
1883 2788 2100 2836 scutum

2207 2787 2339 2858 φησὶ
2384 2787 2496 2860 γὰρ
2538 2785 2736 2850 οὕτως·
2779 2803 2798 2835 ι
2832 2784 3002 2853 Στῆτε
3046 2778 3138 2836 οὗν
3193 2783 3637 2854 περιζωσάμενοι
3683 2779 3782 2844 τὰς

537 2866 685 2934 ﬁdei,
718 2869 774 2923 in
803 2885 912 2939 quo
939 2871 1167 2940 possitis
1211 2873 1394 2927 omnia
1435 2873 1542 2927 tela
1591 2872 1912 2942 nequissimi
1948 2873 2103 2943 ignea

2207 2876 2412 2946 ὀσφύας
2462 2875 2616 2948 ὑμῶν
2649 2877 2707 2928 ὲν
2738 2873 2984 2946 ἀληθείᾳ,
3030 2874 3123 2928 καὶ
3153 2872 3514 2943 ἐνδυσάμενοι
3549 2871 3640 2926 τὸν
3678 2869 3774 2925 θώ-

535 2961 921 3032 exsunguere:
970 2971 1024 3018 et
1070 2964 1278 3034 galeam
1324 2964 1519 3020 salutis
1575 2965 1836 3033 accipite;
1877 2973 1930 3018 et
1985 2963 2104 3034 εισι·

2211 2988 2352 3042 ρακα
2376 2971 2473 3041 τῆς
2498 2967 2862 3038 δικαιοσύνης,
2891 2968 2986 3022 καὶ
3025 2967 3429 3039 ὑποδησάμενοι
3467 2967 3595 3032 τοὺς
3619 2965 3772 3028 πόδας

536 3051 684 3108 dium
717 3053 974 3125 Spiritus,
1008 3056 1155 3125 quod
1177 3063 1262 3111 est
1289 3055 1515 3112 verbum
1555 3055 1648 3111 Dei
1679 3057 1746 3111 ³ο.
1781 3077 1800 3108 ι
1829 3055 2105 3114 Adversus

2209 3065 2266 3115 ἐν
2293 3060 2579 3134 ἑτοιμασίᾳ
2605 3061 2698 3115 τοῦ
2724 3059 3054 3132 Εὑαγγελίου
3093 3059 3194 3130 τῆς
3225 3061 3482 3132 εἰρήνης·
3519 3059 3612 3114 ἐπὶ
3651 3060 3770 3112 πᾶσι

535 3146 837 3202 invisibiles
860 3147 1065 3212 hostes,
1102 3149 1467 3205 invisibilibus
1491 3163 1593 3204 nos
1620 3149 1787 3204 armis
1821 3149 2098 3204 instruxit.

2204 3153 2413 3217 τούτοις
2459 3153 2818 3218 ἀναλαϐόντες
2848 3153 2937 3206 τὸν
2975 3151 3168 3224 θυρεὸν
3207 3152 3308 3222 τῆς
3347 3152 3608 3216 πίστεως,
3639 3153 3694 3204 ὲν
3727 3143 3770 3216 ᾧ

535 3233 825 3306 δυνήσεσθε
869 3237 1046 3292 πάντα
1095 3236 1164 3292 τὰ
1209 3237 1336 3309 βέλη
1384 3237 1474 3292 τοῦ
1519 3240 1754 3310 πονηροῦ
1807 3237 1876 3292 τὰ
1923 3243 2288 3312 πεπυρωμένα
2351 3243 2572 3297 σὸἐσαι·
2609 3243 2704 3298 καὶ
2749 3243 2850 3314 τὴν
2887 3241 3313 3314 περικεφαλαίαν
3374 3241 3470 3295 τοῦ
3517 3239 3768 3311 σωτηρίου

535 3329 778 3398 δέξασθε,
807 3333 902 3386 καὶ
932 3333 1030 3404 τὴν
1066 3333 1339 3406 μάχαιραν
1383 3331 1477 3388 τοῦ
1510 3333 1896 3404 Πνεύματος,ὃ
1921 3335 2036 3388 ἐστι
2077 3337 2230 3409 ῥῆμα
2256 3337 2412 3393 Θεοῦ.
2450 3357 2469 3391 ι
2505 3337 2649 3410 Πρὸς
2685 3337 2946 3410 άοράτους
2980 3338 3209 3409 ἐχθροὺς
3228 3335 3340 3409 (95)
3380 3337 3633 3409 ἀοράτοις
3662 3333 3768 3387 ἐκό-

544 3443 752 3499 σμησεν
778 3429 980 3494 ὅπλοις.

609 3521 662 3578 6.
711 3520 860 3579 Talis
909 3523 1128 3593 quidem
1157 3533 1242 3581 est
1269 3539 1544 3580 armorum
1575 3527 1676 3580 vis.
1722 3523 1876 3591 Quod
1923 3532 2104 3580 autem

537 3626 664 3666 cum
685 3626 750 3666 eo
771 3613 843 3668 sit
862 3611 1256 3680 dimicandum,
1273 3614 1489 3669 etiamsi
1511 3613 1564 3668 id
1585 3614 1808 3670 minime
1828 3621 2104 3685 appareat,

2279 3521 2334 3576 6.
2363 3521 2600 3592 Τοιαύτη
2638 3522 2737 3593 μὲν
2761 3521 2793 3592 ἡ
2828 3519 2937 3573 τῶν
2965 3519 3143 3573 ὃπλων
3161 3518 3318 3590 ἰσχύς
3341 3535 3356 3550 ο
3386 3519 3472 3573 ὃτι
3507 3521 3565 3574 δὲ
3592 3520 3658 3574 τά
3681 3520 3766 3591 τῆς

2205 3613 2578 3685 παρατάξεως,
2617 3613 2718 3667 κᾶν
2762 3612 2836 3682 μὴ
2875 3613 3148 3684 φαίνηται,
3197 3611 3458 3680 γίνεται,
3512 3613 3766 3683 σκόπησον
3843 3671 3846 3674 ,

539 3701 647 3756 hac
689 3711 744 3758 tu
783 3705 994 3759 ratione
1035 3705 1303 3776 perspice.
1336 3703 1471 3759 Nam
1504 3705 1680 3774 ipsum
1713 3713 1920 3760 tentare
1948 3703 2105 3759 Citri-

2205 3704 2394 3768 οὕτως.
2432 3705 2495 3758 Εἰ
2518 3704 2626 3775 γὰρ
2647 3704 2740 3756 τὸν
2773 3702 3005 3772 Χριστὸν
3041 3701 3324 3773 πειράζειν
3349 3704 3452 3756 οὐκ
3479 3701 3716 3775 ὤκνησεν
3741 3703 3768 3754 ὁ

539 3801 685 3850 stum
708 3788 960 3852 diabolus
985 3811 1094 3851 non
1117 3796 1410 3864 dubitavit;
1439 3797 1533 3852 sed
1556 3805 1797 3852 extrema
1823 3797 2105 3868 impuden-

2203 3795 2466 3860 διάϐολος,
2491 3795 2606 3849 ἀλλ’
2644 3795 3025 3864 ἀναισχυντίας
3055 3792 3330 3866 ὐπερὸολῇ
3377 3795 3474 3848 καὶ
3519 3793 3662 3849 κατά
3685 3791 3764 3846 τοῦ

541 3882 616 3936 tia
647 3883 824 3953 ipsum
863 3883 1088 3940 adortus
1124 3891 1207 3939 est
1237 3885 1540 3939 Dominum.
1577 3885 1678 3952 Qui
1711 3901 1809 3942 sua
1838 3895 2026 3940 contra
2059 3895 2105 3940 te

2207 3888 2472 3942 Δεσπότου
2490 3885 2810 3958 τετόλμηκε·
2830 3885 2945 3950 πῶς
2961 3884 3070 3939 τῶν
3093 3885 3233 3939 κατὰ
3261 3885 3355 3939 σοῦ
3375 3887 3766 3958 μηχανημάτων

541 3972 823 4026 molimina
865 3970 1220 4028 intermittet?
1264 3973 1412 4027 Vidit
1453 3974 1729 4030 Christum
1776 3975 2104 4046 baptizatum

2207 3978 2478 4048 παύσηται
2498 3977 2608 4048 (96)
2635 3993 2650 4042 ;
2678 3972 2798 4030 Εἷδε
2824 3975 2916 4029 τὸν
2946 3976 3179 4048 Χριστὸν
3209 3974 3576 4046 βαπτισθέντα
3615 3977 3698 4045 (σὺ
3717 3974 3764 4027 e

543 4060 627 4134 (ιιι
665 4077 816 4128 vero,
861 4078 894 4118 ο
934 4078 1128 4119 recens
1165 4064 1488 4128 illuminate,
1534 4065 1762 4122 observa
1791 4067 1931 4120 hanc
1968 4075 2105 4120 tem-

2211 4069 2506 4122 σκόπειτδν
2531 4069 2739 4140 καιρὸν.
2760 4061 2806 4121 ὦ
2837 4065 3214 4137 νεοφὼτιστε),
3252 4066 3346 4119 καὶ
3394 4067 3517 4120 τότε
3549 4065 3682 4139 πρὸς
3713 4064 3764 4120 τὸ

542 4154 694 4226 poris
723 4154 1112 4224 occasionem),
1145 4163 1366 4225 tumque
1400 4157 1712 4210 tentandqu
1733 4157 1882 4210 illum
1913 4172 2105 4227 aggre-

2211 4159 2490 4232 πειράζειν
2533 4159 2764 4230 ἠγέρθη.
2794 4155 2948 4212 Εἷδεν
2995 4159 3052 4213 ὲν
3109 4161 3174 4228 τῇ
3201 4158 3392 4228 ἐρήμῳ
3428 4157 3762 4216 πεινάσαντα.

543 4243 873 4302 ditur.Vidit
898 4247 951 4299 in
975 4245 1192 4300 deserto
1220 4245 1570 4308 esurientem,
1603 4246 1906 4315 famemque
1933 4255 1992 4300 ut
2019 4247 2105 4302 in-

2211 4251 2304 4305 καὶ
2334 4249 2592 4323 συνεργὸν
2607 4249 2706 4320 τῆς
2738 4248 2932 4318 πείρας
2957 4247 3056 4318 τὴν
3085 4249 3272 4300 πεῖναν
3311 4245 3634 4317 ἐλάμϐανεν,
3659 4245 3764 4298 οὐδὲ

543 4343 906 4392 stramentum
920 4336 984 4389 ad
1002 4335 1352 4389 tentatiouem
1370 4335 1600 4403 accepit,
1616 4351 1790 4405 neque
1813 4336 1980 4405 ipsam
1997 4337 2105 4392 cibi

2211 4341 2379 4412 αὐτῆς
2400 4343 2496 4412 τῆς
2521 4340 2727 4413 τροφῆς
2750 4339 2848 4410 τὴν
2859 4339 3046 4410 χρείαν
3069 4337 3472 4408 μηχανημάτων
3490 4337 3764 4407 ἐλευθέραν

543 4427 926 4484 necessitatem
950 4425 1164 4482 insidiis
1195 4426 1418 4482 liberam
1443 4427 1697 4496 reliquit;
1724 4427 1819 4482 sed
1842 4429 2105 4485 accedens

2209 4398 2386 4504 ἀφείς,
2602 4398 2910 4504 τὲρὲξςελὸάᾆζ
2939 4398 3198 4500 ἐνεχείρει
3234 4398 3514 4500 πειράζειν
3561 4428 3654 4481 καὶ
3679 4398 3764 4480 ’λέ-

542 4521 631 4577 bis
669 4520 854 4576 verbis
893 4527 1065 4574 tentat
1095 4520 1244 4574 illum
1283 4537 1298 4575 :
1343 4538 1362 4571 ι
1401 4517 1458 4573 Si
1487 4517 1659 4573 Filius
1687 4518 1783 4573 Dei
1811 4535 1892 4585 es,
1931 4519 2019 4576 dic
2047 4529 2105 4576 ut

2208 4521 2489 4592 γειν(9“7)⁶
2527 4540 2545 4572 ι
2571 4521 2633 4574 Ei
2661 4519 2789 4584 Υἱὸς
2837 4516 2888 4572 εἷ
2927 4517 3020 4572 τοῦ
3051 4515 3206 4581 Θεοῦ,
3257 4517 3379 4570 εἰπὲ
3417 4518 3509 4576 ἵνα
3556 4519 3606 4572 οἱ
3645 4517 3762 4571 λίθοι

541 4613 752 4686 lapides
772 4614 860 4670 isti
883 4619 1051 4683 panes
1076 4611 1204 4666 ﬁant
1225 4609 1292 4666 ³⁸.
1319 4630 1338 4664 ι
1363 4607 1594 4664 Tantum
1615 4625 1725 4665 non
1744 4610 1819 4666 ita
1841 4611 2102 4682 loquens:

2209 4606 2356 4668 οὗτοι
2380 4614 2531 4684 άρτοι
2557 4611 2839 4681 γένωνται.
2877 4631 2896 4662 ι
2921 4609 3219 4680 Μονονουχὶ
3248 4608 3406 4662 τοῦτο
3425 4610 3621 4678 λέγων’
3654 4609 3762 4671 Υἱὸς

544 4708 790 4779 Superbe
811 4707 928 4778 agis
950 4706 1095 4776 quod
1121 4704 1292 4762 Filius
1315 4703 1410 4760 Dei
1434 4703 1666 4768 voceris,
1689 4703 1911 4758 nomine
1933 4705 2105 4760 hallu-

2211 4704 2346 4758 Θεοῦ
2399 4703 2712 4776 σοϐαρεύεις
2764 4701 3124 4772 καλούμενος“,
3187 4699 3480 4772 ἠπατήθης
3535 4700 3758 4770 ὀνόματι.

541 4803 761 4858 cinatus
792 4816 874 4857 es.
910 4798 1064 4855 Nuda
1106 4813 1384 4868 vacuaque
1429 4796 1792 4868 appellatione
1833 4795 2105 4867 gloriaris.

2213 4795 2561 4868 Προσηγορίᾳ
2599 4798 2780 4866 γυμνῇ
2824 4793 3146 4866 πράγματος
3196 4791 3456 4863 σεμνύνῃ.
3504 4791 3759 4846 Πεινῶντα

542 4985 698 5039 sione
728 4983 902 5038 honor
927 4982 1241 5052 illegitimus
1269 4981 1472 5036 evadit.
1501 4979 1763 5036 Miraculo
1793 4979 2105 5036 necessitati

2212 4976 2504 5033 νοθεύεται.
2565 4977 2910 5048 Θεράπευσον
2965 4973 3062 5046 τὴν
3139 4973 3328 5046 χρείαν
3387 4972 3464 5043 τῷ
3511 4971 3754 5041 θαύματιο

542 5075 768 5146 provide
805 5083 908 5130 tute
941 5093 956 5130 :
991 5073 1206 5144 jubenti
1251 5073 1462 5144 lapides
1493 5072 1886 5144 obsequantur,
1926 5079 1982 5128 et
2011 5085 2105 5126 no-

2213 5069 2594 5126 ὑπακούσωσιν
2619 5070 2668 5122 oi.
2694 5065 2832 5121 λίθοι
2865 5065 3272 5138 προστάττοντι,
3301 5063 3398 5118 καὶ
3419 5061 3685 5118 πιστεύσω
3697 5059 3752 5129 τῇ

613 5234 658 5267 ’θ
696 5231 895 5302 Ephes.
931 5245 1006 5294 vr,
1048 5229 1136 5285 l2.
1213 5229 1257 5261 ³⁸
1295 5228 1428 5284 ibid.
1462 5227 1648 5282 44-17.
1724 5227 1766 5258 “
1807 5225 1998 5282 Matth.
2035 5242 2108 5292 tv,
2141 5225 2196 5282 5.

616 5345 724 5414 (91)
766 5343 856 5414 S_ic
879 5359 1070 5414 omnes
1091 5359 1223 5400 mss.
1250 5343 1392 5398 Editi
1426 5351 1632 5414 autem,
1655 5343 1977 5398 άποτίθεσθε
2006 5343 2105 5414 τὴν

543 5410 838 5486 ἔσθ-ᾐτιῶ
867 5413 962 5468 τοῦ
995 5414 1228 5486 Χριστοῦ
1255 5413 1579 5486 στρατιῶτα.

617 5484 727 5548 (92)
766 5485 841 5537 Ita
877 5484 1069 5540 omnes
1098 5500 1231 5540 mss.

618 5552 821 5634 (95).ln
843 5553 1008 5610 editis
1040 5555 1300 5625 adjicitur
1336 5553 1449 5621 hic,
1491 5555 1550 5607 ἐν
1595 5553 1709 5615 τοῖς
1749 5553 2108 5624 ἐπουρανίοις,

548 5639 705 5680 80608
735 5639 788 5676 ll]
817 5637 951 5678 mss.

619 5693 730 5764 (94)
769 5691 845 5746 lta
883 5708 1075 5750 omnes
1106 5711 1219 5751 mss
1276 5696 1417 5752 Editi
1453 5708 1604 5757 vero,
1647 5690 2024 5762 συμϐούλεται.

2283 5341 2392 5410 (93)
2429 5340 2580 5404 Mss.,
2609 5341 2673 5394 άο
2713 5338 2870 5401 άτους
2900 5336 3026 5391 πολε
3077 5333 3205 5398 ίους.

2285 5411 2394 5462 (util
2433 5411 2587 5462 Mss..
2621 5357 2751 5462 πὲε
2779 5406 2888 5461 τῶν
2921 5355 3072 5461 κατά..
3091 5405 3184 5459 σοῦ
3222 5398 3509 5462 μηγανημά

2285 5393 2394 5483 (illis
2430 5393 2587 5475 Uss;
2616 5393 2751 5463 πδτε
2779 5393 2888 5461 τιῖῖν
2921 5393 3061 5461 κατὰ
3091 5393 3184 5459 σού
3221 5398 3620 5474 μηχανημάτων
3666 5393 3751 5461 ἁφ-

2214 5483 2413 5620 ἑξῗὶᾙί
2444 5548 2519 5602 lta
2548 5564 2681 5606 mss.
2722 5550 2782 5604 lu
2819 5545 2953 5604 edit.
2988 5545 3128 5612 haec,
3155 5542 3438 5616 πειράζειν
3454 5541 3547 5596 καὶ
3570 5536 3745 5604 λέγειν,

2219 5623 2435 5679 desunt.

3185 5735 3209 5778 ὃ
