4022 6382
248 378 390 435 1089

1302 374 1534 432 SERMO
1569 373 1637 428 ΙΝ
1678 370 2001 430 SANCTUM
2036 371 2327 428 PASCHA.

3348 378 3374 431 1
3384 374 3489 433 090

244 494 457 567 κλήσει·
480 492 798 546 αίδεσθῶσιν
821 492 1017 547 ἐκεῖνοι
1033 492 1095 546 τὺ
1115 493 1409 565 ἐπίταγμα,
1424 493 1520 547 καὶ
1545 490 1814 562 συντρέχω

1921 487 2054 541 mini
2099 486 2257 543 fidem
2301 488 2509 544 habebo
2540 507 2554 543 :
2587 496 2941 545 revereantur
2970 489 3047 543 illi
3075 490 3401 560 jussionem,
3434 500 3491 546 et

242 581 326 656 τῷ
360 582 631 655 θαύματι·
662 583 885 654 δέξομαι
917 583 1015 655 τὴν
1049 584 1254 655 φωνὴν,
1292 584 1388 639 καὶ
1413 582 1727 654 συντίθεμαι
1747 583 1817 653 τῇ

240 678 402 749 τιμῇ.
460 675 622 729 Ἀλλά
654 676 950 747 Γραφικοῖς
1006 674 1281 740 ὲτοξεύετο
1323 677 1557 748 ῥήμασιν
1587 687 1605 703 ο
1653 691 1673 724 t
1704 673 1819 727 062

242 769 332 822 ἐπ’
359 768 512 840 ἄρτῳ
545 766 689 839 μόνῳ
709 766 932 837 ζήσεται
956 767 1259 837 ἅνθρωπος,
1286 766 1399 820 ἀλλ’
1427 766 1520 820 ἐπὶ
1545 764 1706 819 παντὶ
1724 764 1821 835 ῥή-

246 876 381 932 ματι
432 859 847 931 ἐκπορευομένῳ
873 858 961 913 διὰ
990 860 1255 929 στόματος
1279 858 1412 913 Θεοῦ
1442 858 1576 929 (98).
1611 876 1630 908 ι
1674 854 1817 909 Ἀλλ’

240 952 555 1022 αἰσχυνθεὶς
583 953 648 1022 τῇ
684 951 925 1025 προτέρᾳ
975 951 1141 1023 πάλῃ,
1193 951 1287 1004 καὶ
1317 950 1574 1021 δευτέραν
1622 950 1818 1019 πεῖραν

241 1043 615 1114 προσήγαγενο
644 1061 663 1094 ι
704 1043 885 1113 Ῥίψον
908 1063 926 1096 ι
952 1044 1115 1114 φησὶν
1149 1060 1168 1093 t
1191 1044 1381 1096 ἑαυτὸν
1404 1041 1607 1097 ἄνωθεν
1634 1042 1783 1094 κάτω
1800 1057 1814 1070 ·

241 1133 553 1207 γέγραπται
576 1135 685 1205 γὰρ
703 1130 837 1205 (99),
866 1136 947 1189 ὅτι
972 1137 1098 1199 Τοῖς
1117 1134 1366 1205 ἀγγέλοις
1393 1132 1558 1187 αὑτοῦ
1589 1132 1818 1185 ἐντελεῖ-

237 1242 331 1281 ται
364 1228 496 1297 περ).
527 1226 640 1291 σοῦ,
664 1227 758 1280 τοῦ
785 1227 1104 1298 διαφυλάξαι
1139 1244 1197 1280 σε
1230 1231 1287 1282 ἐν
1314 1228 1515 1290 πάσαις
1537 1227 1659 1289 ταῖς
1683 1225 1820 1287 ὁδοῖς

243 1334 358 1372 σου.
410 1338 430 1369 ι
477 1318 613 1372 Ἀλλ’
640 1320 840 1390 ἢκουσε
886 1321 1065 1374 πάλινο
1101 1340 1121 1372 ι
1154 1318 1270 1374 Οὐκ
1311 1318 1657 1391 ἐκπειράσεις
1705 1317 1820 1371 Κύ-

243 1424 361 1480 ριον
382 1408 621 1461 τὸνθεόν
652 1426 765 1463 σου.
806 1430 824 1461 ι
859 1411 969 1463 Καὶ
984 1410 1083 1463 οὐκ
1111 1409 1379 1479 ἐνάρκησε
1419 1406 1646 1477 δευτέρᾳ⁴
1671 1403 1820 1458 πτώ-

240 1515 348 1562 σει,
374 1498 489 1551 ἀλλ’
519 1499 717 1567 ἐπάγει
741 1500 836 1552 κα).
863 1499 1050 1571 τρίτην
1076 1498 1321 1571 μηχανὴν
1346 1490 1641 1569 προσδοκίᾳ
1662 1496 1821 1565 νίκης

238 1590 378 1661 πρὸς
401 1591 610 1644 πτῶσιν
653 1592 1061 1662 δελεαζόμενος·
1117 1609 1137 1642 t
1173 1590 1356 1644 Ταῦτα
1388 1590 1497 1662 γάρ
1530 1606 1612 1643 σοι
1644 1589 1820 1642 πάντα

237 1680 429 1745 δώσω,
462 1684 647 1752 φησὶν,
688 1683 781 1738 ὲάν
811 1683 992 1737 πεσὼν
1024 1685 1405 1755 προσκυνήσῃς
1442 1699 1552 1753 μοι.
1600 1698 1620 1731 ι
1655 1679 1820 1750 Ὁρᾷς

241 1774 654 1845 μηχανημάτων
671 1776 974 1846 γοργότητα
990 1792 1005 1841 ;
1030 1777 1192 1847 Ὁρᾷς
1207 1775 1420 1845 ἀπάτης
1440 1791 1514 1827 πα
1524 1771 1816 1843 ρασκευήν;

311 1885 362 1940 7.
400 1885 563 1940 Ἀλλά
614 1891 762 1959 τρεῖς
794 1888 890 1958 μὲν
940 1887 1082 1952 ἰδέας
1126 1887 1257 1952 ἴσως
1315 1885 1635 1957 πειρασμῶν
1679 1880 1814 1937 εἶναι

236 1981 550 2050 νενόμικας,
584 1980 662 2050 τῶ
686 1979 776 2033 τοῦ
810 1979 1043 2051 ἀριθμοῦ
1078 1980 1338 2051 ἑπόμενος
1366 1981 1635 2049 σχήματι’
1670 1977 1816 2030 ἆπαν

234 2073 293 2127 δὲ
318 2073 637 2143 πειρασμῶν
662 2067 799 2137 εἶδος
815 2072 921 2143 ἄρα
955 2074 1012 2125 ἐν
1031 2074 1144 2135 τοῖς
1177 2071 1324 2142 τρισὶ
1346 2069 1655 2142 περιέξεται
1687 2085 1701 2100 ο
1753 2067 1815 2121 οὐ

234 2162 346 2235 γάρ
377 2164 443 2217 ἂν
474 2163 751 2218 ἐπαύσατο
771 2164 1063 2235 πειράζων,
1082 2164 1131 2216 εἰ
1163 2162 1236 2234 μὴ
1267 2164 1446 2216 πᾶσαν
1500 2161 1663 2215 αὐτοῦ
1716 2160 1815 2232 τὴν

236 2256 517 2328 φαρέτραν
542 2256 652 2310 τῶν
689 2256 856 2327 βελῶν
906 2255 1203 2321 ἐξεκένωσε
1229 2256 1325 2327 (1).
1354 2255 1540 2317 Πάσας
1576 2255 1685 2327 γὰρ
1714 2252 1814 2318 τὰς

236 2345 298 2411 ἐξ
314 2346 511 2418 ἡδονῆς
550 2345 795 2418 μηχανὰς
823 2345 910 2399 διά
940 2348 1037 2416 τῆς
1071 2346 1199 2416 περὶ
1230 2345 1325 2417 τὴν
1378 2345 1578 2417 βρῶσιν
1628 2344 1815 2397 ἐπιθυ-

238 2439 367 2512 μίας
405 2440 748 2511 προσήγαγε,
784 2440 881 2509 μιᾷ
899 2438 1171 2510 προσϐολῃ
1183 2437 1281 2507 τὴν
1304 2436 1412 2489 τῶν
1436 2435 1666 2506 ὀρέξεων
1688 2437 1817 2490 ἀνα-

235 2538 464 2603 κινήσας
494 2531 829 2599 συγγένειαν.
881 2529 1062 2583 Εἰπὼν
1104 2529 1182 2595 δὲ,
1228 2548 1247 2581 ι
1288 2530 1472 2599 Ῥίψον
1503 2529 1747 2591 σεαυτὸν,
1790 2516 1832 2579 ι’

234 2623 333 2687 τὰς
385 2626 451 2677 ἐκ
513 2623 873 2694 μεγαλαυχίας
918 2623 993 2693 (2)
1054 2622 1306 2693 μεθόδους
1348 2621 1583 2692 ἐκίνησε.
1630 2621 1704 2673 Τὸ
1735 2621 1812 2686 δὲ,

241 2733 261 2765 ι
288 2713 477 2768 Ταῦτα
511 2714 687 2766 πάντα
728 2730 808 2765 σοι
835 2712 1011 2776 δωσω,
1047 2730 1066 2761 ι
1095 2710 1193 2781 τὴν
1230 2708 1620 2781 χαλεπωτάτην
1661 2707 1815 2776 ῥίζαν

233 2804 342 2856 τῶν
413 2802 856 2875 ἁμαρτημάτων,
903 2799 1000 2871 τὴν
1057 2797 1436 2870 φιλαργυρίαν,
1499 2797 1806 2865 εἰσήγαγεν.

237 2892 419 2946 Ἀπαν
445 2891 557 2963 γὰρ
584 2886 719 2953 εἶδος
744 2887 1152 2960 ἁμαρτημάτων
1184 2889 1249 2940 ὲκ
1280 2888 1408 2957 μιᾶς
1452 2883 1654 2955 ταύτης
1682 2882 1812 2951 φύε-

237 3002 322 3036 ται
350 2981 529 3055 ῥίζης.
558 2982 666 3035 Καὶ
693 2981 837 3052 παρὰ
868 2979 1173 3050 ἀνθρώποις
1206 2978 1450 3049 ἁμαρτία
1493 2975 1676 3047 χώραν
1710 2975 1810 3028 ούκ

236 3075 368 3146 ἔχει,
405 3076 486 3149 μὴ
508 3075 596 3128 διὰ
637 3072 840 3127 τούτων
877 3072 1153 3126 ὁδεύουσα.
1180 3072 1250 3125 Ἦ
1282 3070 1390 3142 γὰρ
1417 3069 1482 3122 δι’
1508 3068 1700 3142 ἡδονῆς
1731 3084 1812 3120 τι-

1845 1843 1889 1899 Β

1917 578 2185 633 miraculo
2231 579 2607 644 consentiam,
2654 593 2842 635 vocem
2888 579 3034 633 illam
3081 580 3401 645 admittam,
3436 589 3491 636 et

1917 671 2179 729 honorem
2228 673 2541 744 approbabo
2573 693 2587 729 :
2616 673 2711 730 sed
2752 674 2916 729 etiam
2951 689 3017 728 ex
3068 672 3350 755 Scriptura
3396 674 3493 729 de-

1919 766 2186 837 promptis
2233 768 2596 837 impetebatur
2629 766 2829 822 verbis.
2873 783 2893 817 ι
2942 763 3060 819 Non
3099 765 3154 819 in
3191 765 3308 820 solo
3352 779 3492 835 pane

1917 857 2063 912 vivet
2090 858 2271 918 homo.
2299 857 2394 913 sed
2419 858 2475 912 in
2498 857 2645 912 omni
2672 858 2840 913 verbo
2865 858 3006 928 quod
3037 858 3282 927 procedit
3306 858 3374 912 de
3396 873 3491 914 ore

1918 945 2016 1002 Dei
2047 948 2113 1000 ³³.
2155 966 2174 999 ι
2212 946 2413 1002 Verum
2445 947 2626 1016 priore
2658 947 2751 1001 illa
2780 962 2959 1017 pugna
2990 947 3196 1016 pudore
3240 946 3487 1011 affectus,

1920 1038 2160 1093 secunda
2180 1038 2483 1094 tentatione
2504 1039 2850 1109 aggreditur:
2876 1059 2895 1090 ι
2920 1038 3068 1094 Mitte
3086 1047 3139 1094 te
3159 1039 3437 1103 deorsum,
3464 1059 3483 1091 ι

1920 1129 2118 1200 inquit,
2149 1147 2168 1181 ι
2200 1131 2464 1199 scriptum
2493 1138 2578 1185 est
2604 1130 2748 1185 enim
2780 1130 3037 1199 :Angelis
3067 1132 3183 1186 suis
3214 1131 3491 1185 mandavit

1919 1221 1989 1276 de
2028 1230 2102 1286 te,
2137 1229 2197 1275 ut
2225 1221 2537 1278 custodiant
2568 1229 2623 1277 te
2672 1223 2726 1275 in
2768 1223 3022 1278 omnibus
3064 1225 3168 1279 viis
3209 1225 3321 1279 tuis
3359 1224 3425 1278 ³⁸.
3464 1244 3485 1276 ι

1922 1312 2029 1367 Sed
2052 1313 2259 1367 audivit
2290 1314 2485 1368 iterum
2514 1331 2529 1367 :
2558 1330 2577 1363 t
2609 1312 2728 1366 Non
2755 1315 2992 1369 tentabis
3009 1313 3295 1369 Dominum
3318 1314 3489 1370 Deum

1921 1414 2076 1459 tuum
2113 1404 2181 1459 ³⁸.
2222 1424 2243 1457 ι
2280 1403 2392 1460 Nec
2436 1405 2679 1460 secundo
2717 1405 2822 1461 hoc
2854 1406 3009 1475 lapsu
3053 1408 3360 1477 obtorpuit,
3394 1406 3489 1462 sed

1921 1510 2019 1566 spe
2043 1496 2287 1551 victoriae
2315 1497 2530 1551 tertiam
2563 1496 2773 1551 inducit
2805 1498 3134 1564 machinam,
3158 1515 3265 1569 qua
3312 1500 3366 1552 in
3410 1500 3492 1552 Ia-

1922 1603 2081 1658 psum
2110 1588 2370 1658 pelliciat.
2411 1607 2430 1639 t
2451 1587 2578 1643 Haec
2615 1590 2821 1654 omnia,
2849 1608 2867 1641 ι
2904 1590 3102 1658 inquit,
3145 1609 3163 1641 ι
3193 1591 3291 1645 tibi
3324 1591 3487 1655 dabo,

1922 1680 1969 1734 si
1998 1679 2201 1735 cadens
2234 1681 2548 1735 adoraveris
2579 1696 2665 1735 me
2694 1680 2761 1736 ³⁸.
2801 1700 2820 1734 ι
2859 1680 3050 1735 Viden’
3080 1684 3492 1739 machinamen-

1922 1777 2102 1826 torum
2133 1771 2282 1825 vim?
2310 1771 2501 1827 Viden'
2531 1772 2786 1827 fraudum
2823 1774 3185 1843 apparatum?

1990 1883 2040 1938 7.
2077 1883 2273 1938 Verum
2307 1883 2540 1940 fortasse
2566 1893 2820 1941 autumas
2855 1885 2957 1940 tria
2985 1887 3160 1941 solum
3204 1901 3326 1942 esse
3371 1876 3489 1942 te'n-

1919 1974 2187 2028 talionum
2238 1991 2457 2046 genera,
2500 1978 2663 2045 hujus
2712 1976 2923 2031 numeri
2964 1979 3195 2047 speciem
3244 1986 3486 2034 secutus.

1916 2066 2030 2120 Imo
2055 2081 2214 2122 omne
2232 2070 2585 2123 tentationum
2603 2083 2772 2139 genus
2790 2070 2966 2125 tribus
2986 2070 3136 2124 hisce
3155 2072 3486 2139 continetur;

1918 2176 2094 2229 neque
2136 2161 2281 2215 enim
2313 2161 2479 2231 398
2520 2162 2681 2217 ﬁnem
2711 2163 2956 2219 tentandi
2991 2162 3233 2229 fecisset,
3262 2164 3368 2218 nisi
3399 2180 3490 2219 sa-

1920 2253 2071 2322 gittis
2100 2260 2266 2307 totam
2296 2262 2617 2309 evacuasset
2639 2256 2967 2325 pharetram.
2992 2252 3184 2308 Omnia
3216 2255 3486 2323 siquidem

1923 2345 2214 2413 voluptatis
2254 2346 2686 2401 machinamenta
2720 2364 2814 2417 per
2845 2348 2949 2402 cibi
2984 2348 3485 2417 concupiscentiam

1922 2436 2149 2501 obtulit,
2208 2451 2425 2506 unoque
2464 2437 2701 2506 impetu,
2752 2439 3083 2507 appetituum
3119 2451 3279 2491 omne
3316 2452 3486 2505 genus

1920 2528 2232 2583 concitavit.
2259 2528 2394 2581 Cum
2422 2528 2558 2581 dixit
2588 2537 2791 2592 autem,
2820 2546 2842 2581 ι
2882 2528 3034 2582 Mitte
3060 2536 3113 2584 te
3140 2529 3420 2592 deorsum,
3459 2546 3481 2580 ι

1917 2635 2106 2677 omnes
2124 2622 2450 2689 arrogantia:
2466 2622 2622 2675 dolos
2640 2622 2897 2677 admovit.
2918 2621 3054 2676 Illud
3070 2637 3201 2677 vero
3220 2623 3481 2693 loquens:

1924 2732 1943 2765 ι
1974 2712 2099 2767 Haec
2120 2714 2302 2767 omnia
2325 2714 2420 2768 tibi
2441 2714 2602 2782 dabo;
2633 2733 2652 2765 ι
2676 2715 2966 2785 pessimam
2987 2723 3335 2785 peccatorum
3360 2729 3487 2785 pro-

1920 2806 2104 2877 posuit
2135 2805 2408 2871 radicem,
2440 2808 2742 2862 avaritiam.
2774 2807 2852 2861 Ex
2881 2808 2982 2861 hac
3012 2811 3209 2877 quippe
3247 2822 3353 2860 una
3394 2822 3485 2861 ra-

1921 2898 2041 2952 dice
2081 2905 2428 2966 peccatorum
2467 2914 2631 2953 omne
2667 2914 2840 2969 genus
2882 2907 3119 2953 emanat.
3158 2897 3486 2968 Nullumque

1920 2988 2062 3059 apud
2088 2988 2335 3045 homines
2361 2998 2639 3059 peccatum
2672 2991 2831 3045 habet
2859 2991 3058 3056 locum,
3080 3006 3200 3061 quae
3222 3006 3328 3045 non
3359 2992 3485 3046 inde

1920 3082 2177 3152 procedat
2209 3101 2223 3137 :
2260 3090 2354 3137 aut
2386 3084 2529 3138 enim
2565 3084 2842 3153 voluptate
2884 3086 3150 3150 vulnerat,
3182 3086 3264 3141 vel
3299 3086 3485 3157 gloriae

234 3167 491 3239 τρώσκει,
527 3167 666 3239 ἦδιά
697 3167 851 3237 δόξης
877 3164 1153 3235 τοξεύει,ῆ
1182 3162 1474 3234 χρημάτων
1499 3161 1658 3230 ἔρωτι
1680 3159 1814 3231 πρὸς

1918 3174 2212 3241 cupiditate
2248 3174 2398 3236 ferit,
2437 3181 2531 3227 aut
2562 3174 2912 3244 pecuniarum
2949 3192 3134 3231 amore
3176 3176 3243 3230 ad
3276 3178 3483 3232 scelera

237 3257 617 3330 πλημμέλειαν
644 3256 811 3309 ἕλκει.
838 3252 1147 3324 Γυμνωθεὶς
1179 3248 1271 3304 οὖν
1326 3248 1435 3302 τῶν
1489 3248 1657 3319 βελῶν
1691 3248 1810 3300 τότε

233 3347 324 3403 τοῦ
387 3348 634 3415 τοξεύειν
675 3347 978 3399 ἐπαύσατο·
1021 3344 1114 3397 καὶ
1163 3341 1367 3412 γυμνὸν
1424 3341 1555 3412 ἡμῖν
1592 3338 1753 3390 αὑτὸν
1784 3339 1813 3390 ό

234 3439 469 3512 Χριστὸς
501 3439 609 3491 τῶν
643 3437 1046 3508 μηχανημάτων
1089 3433 1442 3506 κατέστησεν,
1500 3431 1813 3501 ἀπράκτους

234 3525 398 3584 αὐτοῦ
432 3533 535 3591 τὰς
565 3528 755 3591 ἀκίδας
793 3526 1184 3597 ἐργασάμενος·
1219 3526 1528 3593 γνωρίμους
1575 3522 1702 3582 τοὺς
1730 3518 1815 3572 δό-

232 3621 356 3685 λους
376 3621 454 3690 (ὅ)
470 3619 824 3691 κατέστησεν,
853 3618 1176 3690 εὐχείρωτον
1199 3616 1360 3669 αὐτὸν
1378 3617 1490 3678 τοῖς
1510 3610 1814 3684 ἀνθρώποις

236 3714 583 3784 ποιούμενος.

300 3809 356 3864 8.
387 3809 518 3870 Τοῖς
543 3806 893 3866 Δεσποτικοῖς
909 3803 1085 3857 τοίνυν
1115 3804 1289 3871 ἀγῶσι
1316 3802 1413 3874 τὴν
1435 3802 1590 3873 νίκην
1615 3818 1676 3854 κε
1685 3800 1811 3872 ρδα-

232 3899 431 3969 νῶμεν·
448 3896 687 3967 Χριστοῦ
704 3894 1058 3965 πολεμοῦντος
1074 3898 1246 3949 οἰκεῖα
1263 3896 1359 3965 στή
1369 3910 1544 3965 σωμεν
1560 3892 1812 3963 τρόπαια.

170 4030 175 4037 .
233 3991 323 4060 Μὴ
348 3988 697 4061 ρυπώσωμεν
739 3987 828 4040 τὸν
861 3987 1063 4057 χιτῶνα
1090 3988 1187 4057 τῆς
1220 3987 1472 4049 πίστεως,
1515 3985 1627 4055 δνὴ
1655 3985 1815 4055 χάρις

234 4079 487 4150 ἐξύφανεο
520 4078 595 4149 μὴ
634 4077 839 4147 δωρεὰν
863 4080 1151 4151 ἀτιμάσῃς.
1176 4078 1240 4150 ἣν
1266 4078 1415 4147 παρᾶ
1442 4075 1575 4129 Θεοῦ
1603 4074 1810 4137 ἐλαϐεςο

234 4171 402 4224 ἐννόει
420 4171 511 4223 τὸν
532 4169 821 4234 δεδωκότα,
843 4172 937 4222 καὶ
958 4170 1017 4222 τὸ
1036 4169 1185 4223 δοθὲν
1200 4168 1547 4237 διαφύλαξον.
1582 4156 1651 4220 Εἴ
1670 4183 1815 4229 τινος

239 4261 578 4332 μαργαρίτου
606 4259 780 4328 φύλαξ
810 4260 843 4330 ἢ
870 4260 1181 4332 ἀλουργίδος
1209 4261 1478 4331 κατέστης
1508 4258 1811 4329 βασιλικῆς,

237 4348 343 4423 ἆρα
361 4354 462 4405 οὐκ
482 4351 548 4404 ἂν
580 4351 740 4421 μέχρι
772 4350 999 4404 θανάτου
1030 4353 1125 4422 τῆς
1157 4351 1403 4421 φυλακῆς
1431 4348 1689 4414 ἐπεδείξω
1716 4349 1814 4421 τὴν

236 4443 583 4513 ἐπιμέλειανς
632 4441 791 4494 Ἀλλά
845 4439 940 4495 νῦν
994 4445 1055 4495 οὐ
1114 4442 1445 4513 μαργαρίτου
1490 4441 1665 4512 μόνον,
1694 4441 1814 4493 οὐδὲ

1912 3267 2197 3335 pertrahit.
2222 3266 2370 3323 Telis
2392 3284 2521 3340 ergo
2543 3269 2803 3336 nudatus,
2826 3270 3102 3339 jaculandi
3130 3270 3288 3325 linem
3314 3270 3437 3325 fecit
3461 3288 3476 3325 :

1912 3372 1977 3411 ac
2001 3358 2203 3412 nudum
2231 3359 2685 3415 machinamentis
2718 3362 2866 3415 illum
2894 3362 3053 3415 nobis
3076 3363 3327 3419 Christus
3350 3378 3483 3417 con-

1913 3450 2109 3513 stituit,
2140 3450 2324 3504 irritas
2352 3451 2471 3520 ejus
2502 3453 2760 3521 cuspides
2805 3452 2983 3508 effecit
3020 3473 3033 3507 :
3068 3455 3357 3524 palamque
3406 3453 3486 3507 fa-

1914 3541 2019 3593 ctis
2055 3540 2176 3610 ejus
2205 3540 2378 3605 dolis,
2412 3550 2575 3612 captu
2602 3543 2813 3599 facilem
2845 3545 3008 3600 nobis
3042 3546 3193 3599 illum
3223 3545 3480 3601 reddidit.

1982 3802 2036 3857 8.
2069 3801 2365 3857 Dominicis
2397 3818 2528 3870 ergo
2558 3804 2954 3860 certaminibus
2982 3805 3265 3860 victoriam
3293 3820 3483 3875 repor-

1914 3886 2111 3950 temus.
2146 3892 2425 3965 Pugnante
2463 3895 2682 3949 Christo
2720 3903 2905 3950 nostra
2939 3912 3039 3950 nos
3068 3904 3268 3966 tropaza
3301 3897 3482 3966 eriga-

1915 4001 2057 4041 mus.
2100 3986 2178 4040 Ne
2219 3987 2566 4056 inquinemus
2612 3986 2733 4040 fidei
2774 3988 3047 4052 tunicam,
3099 4003 3259 4057 quam
3309 3989 3481 4057 gratia

1914 4077 2191 4131 contexuit
2226 4094 2238 4130 :
2271 4093 2340 4132 ne
2385 4075 2587 4133 denum
2636 4085 2954 4132 contemnas
2999 4079 3141 4148 quod
3179 4093 3208 4131 a
3243 4078 3348 4130 Deo
3386 4094 3481 4130 ae-

1913 4167 2103 4235 cepisti
2140 4185 2154 4221 :
2185 4168 2360 4238 cogita
2392 4168 2517 4237 quis
2555 4168 2794 4234 dederit,
2831 4170 3124 4239 datumque
3156 4177 3391 4224 servato.
3425 4168 3480 4222 Si

1914 4259 2221 4328 margarita:
2257 4259 2541 4328 cujusdam
2582 4269 2674 4314 aut
2705 4262 2865 4332 regite
2893 4278 3146 4332 purpura:
3173 4271 3359 4319 custos
3388 4263 3483 4317 de-

1915 4357 2136 4419 putatus
2166 4365 2338 4414 esses,
2384 4367 2566 4406 nonne
2608 4353 2673 4406 ad
2721 4364 2947 4407 mortem
2984 4370 3157 4424 usque
3213 4356 3333 4423 ejus
3386 4372 3483 4409 eu-

1917 4441 2107 4495 slodize
2148 4457 2337 4496 curam
2388 4445 2714 4500 exhiberes?
2750 4446 2816 4500 At
2862 4463 3007 4502 nunc
3036 4463 3142 4501 non
3176 4449 3484 4518 margarita:

236 4535 539 4606 πορφύρας,
578 4536 695 4587 οὐδὲ
730 4536 1006 4605 κτήματος
1051 4534 1235 4598 ἁπλῶς
1282 4531 1731 4605 βασιλικοῦ,⁹αύτδ
1761 4534 1814 4586 δὲ

1918 4547 2161 4604 tantum.
2220 4557 2395 4611 neque
2445 4559 2729 4613 purpurze,
2778 4543 2860 4597 vel
2897 4545 3250 4613 pecuniarum
3304 4544 3479 4596 solum

232 4626 293 4680 τὸ
324 4626 414 4678 τοῦ
444 4626 715 4679 Δεσπότου
750 4626 1176 4696 κατεπιστεύθης
1202 4626 1271 4695 (4)
1308 4626 1492 4696 σῶμα⁹
1534 4626 1730 4696 μᾶλλον
1756 4625 1814 4678 δέ

233 4733 284 4770 τι
312 4717 476 4785 λέγω,
502 4717 735 4786 γέγονας
759 4716 914 4786 σῶμα
938 4717 1281 4776 Δεσποτικὺν,
1301 4717 1456 4788 μέλος
1480 4717 1664 4785 ἐγένου
1689 4718 1733 4769 Χ
1743 4734 1817 4786 ρι-

237 4808 361 4860 στοῦ
384 4825 398 4839 ·
435 4809 669 4861 ὲνεδύσω
696 4810 947 4880 Χριστὸν,
984 4808 1125 4862 κατὰ
1144 4808 1241 4879 τὴν
1268 4808 1359 4861 τοῦ
1374 4808 1585 4862 Παύλου
1603 4809 1807 4879 φωνήν·

242 4898 426 4953 «Ὅσοι
445 4899 555 4971 γὰρ
572 4901 652 4963 είς
670 4900 903 4971 Χριστὸν
924 4900 1351 4972 ἐϐαπτίσθησαν,
1371 4900 1603 4973 Χριστὸν
1626 4899 1807 4952 ἐνεδύ-

240 5006 453 5046 σαντο.»
484 4992 574 5063 Μὴ
591 4991 751 5060 γενοῦ
773 4993 872 5061 (4⁸)
899 4992 1005 5045 τῶν
1032 4992 1126 5045 τοῦ
1152 4990 1388 5062 Χριστοῦ
1419 4990 1682 5061 προδότης
1708 5007 1808 5059 μεη

236 5080 362 5137 λῶν.
377 5083 518 5154 ’Υπῆ
528 5083 657 5153 ρξας
669 5081 762 5135 τοῦ
780 5082 916 5137 Πνεύ
924 5100 1091 5155 ματος
1105 5082 1178 5152 (5)
1192 5081 1522 5153 οἰκητήριον,
1540 5080 1632 5133 καὶ
1651 5080 1809 5149 μέλος

306 5259 351 5291 ⁸¹
388 5258 548 5315 Deut.
584 5275 716 5322 vttt,
745 5259 800 5314 5.

244 5330 288 5361 "
315 5328 492 5385 Galat.
516 5345 602 5398 tu,
625 5330 719 5385 27.

914 5260 958 5292 ³³
996 5257 1186 5315 Matth.
1224 5273 1298 5322 tv,
1333 5257 1409 5325 6;
1443 5255 1589 5312 Psal.
1628 5274 1728 5326 xc,
1761 5261 1847 5315 ll.

1916 4629 2185 4695 regiarum
2233 4645 2365 4682 cura
2401 4631 2495 4684 tibi
2544 4632 2865 4691 commissa;
2914 4632 3005 4685 sed
3059 4632 3232 4699 ipsum
3269 4631 3480 4682 Domini

1914 4733 2115 4788 corpus
2145 4720 2240 4773 tibi
2269 4722 2642 4775 concreditum
2678 4731 2780 4775 est.
2813 4721 2941 4775 Plus
2971 4721 3114 4782 dico,
3150 4722 3265 4789 ipse
3303 4720 3481 4772 [lumi-

1913 4810 2096 4864 nicum
2139 4826 2371 4881 corpus,
2414 4813 2827 4881 membrumque
2867 4811 3067 4865 Christi
3110 4812 3333 4865 effertus
3375 4827 3478 4863 es:

1913 4897 2187 4954 Christum
2212 4900 2434 4955 induisti
2460 4903 2758 4955 secundum
2782 4901 2931 4955 Pauli
2960 4918 3138 4955 vorem
3163 4917 3174 4951 :
3204 4922 3219 4951 ι
3249 4899 3485 4967 Quicun-

1914 5008 2019 5062 que
2048 4991 2191 5046 enim
2222 4993 2276 5045 in
2301 4992 2520 5047 Christo
2551 4993 2809 5062 haptizuli
2841 5002 2966 5048 sunt
2994 4992 3271 5047 Christum
3301 4991 3486 5045 indue-

1913 5092 2042 5137 runt
2060 5083 2125 5137 ³⁸.
2141 5102 2158 5135 ι
2179 5081 2255 5139 Ne
2276 5083 2354 5137 sis
2374 5084 2743 5138 membrorum
2765 5085 2969 5140 Christi
2991 5084 3251 5155 proditor.
3285 5082 3481 5141 Factus

1944 5259 1991 5293 “
2029 5260 2217 5315 Matth.
2274 5275 2326 5314 tv
2380 5260 2455 5328 7;
2490 5259 2647 5316 Deut.
2683 5277 2771 5330 vt,
2811 5260 2895 5317 l6.
2998 5262 3044 5293 ⁸⁵
3075 5260 3265 5316 Matth.
3306 5278 3381 5328 IV,
3422 5262 3478 5318 9.

305 5445 441 5525 (9_8)A
456 5445 549 5525 Sic
579 5460 715 5500 mss.
755 5458 966 5500 omnes.
1005 5442 1145 5498 Editi
1175 5457 1325 5507 vero,
1358 5440 1801 5512 ἐπιπορευομένῳ

1918 5440 2047 5525 lnfr-a
2083 5439 2267 5525 iidem.
2305 5439 2821 5525 cptlapyupiavkpro
2845 5439 3304 5525 φιλοχρηματίας).

236 5530 311 5568 πα
320 5519 383 5585 ρά
396 5515 561 5570 Θεοῦ.

305 5582 412 5659 (⁷99)
468 5588 547 5642 lta
610 5585 968 5655 depravatum
1015 5583 1162 5639 hunc
1213 5583 1395 5639 locum
1454 5582 1800 5640 restituimus

235 5669 510 5796 ex(ll')ssS.ic
548 5741 686 5780 mss.
718 5722 883 5789 Editi,
907 5723 1005 5795 τὴν
1031 5722 1306 5796 φαρέτραν
1334 5725 1585 5796 ἐκένωσε.

321 5792 376 5870 2)
416 5798 549 5856 Mss.
584 5810 801 5859 omnes,
828 5792 1247 5865 μεγαλοψυχίαν,
1276 5810 1375 5865 pro
1407 5792 1798 5866 μεγαλαυχίαν.

1975 5513 2049 5582 (5)
2092 5510 2184 5565 Sic
2234 5508 2369 5565 mss.
2409 5508 2622 5565 omnes.
2675 5509 2816 5565 Editi
2858 5508 3021 5575 vero,
3059 5508 3187 5574 τοὺς
3238 5508 3481 5575 δούλους,

1908 5585 2070 5636 male.

1976 5653 2049 5723 (4)
2093 5650 2184 5723 Sic
2224 5651 2456 5723 mssaAt
2481 5652 2639 5717 editi,
2675 5651 3074 5723 διεπιστεύοης.

1976 5722 2073 5791 (4')
2108 5721 2286 5789 Vttlg..
2321 5722 2499 5789 γένου.
2541 5722 2699 5777 Εοιτ.

1977 5792 2050 5862 (ὃ)
2093 5791 2186 5847 Sic
2221 5806 2354 5848 mss.
2382 5792 2543 5859 Editi,
2577 5793 2672 5847 τοῦ
2704 5792 2962 5867 Χριστοῦ.
