4022 6382
557 340 691 397 1091

1681 327 1739 384 S.
1780 321 2242 380 ATHANASIUS.
2285 349 2356 363 —
2393 315 2665 374 SPUBIA.

3657 309 3782 365 109$

555 463 619 504 es
652 445 889 518 Spiritus
918 445 1090 502 sancti
1125 443 1512 506 habitaculum,
1573 438 1981 508 membrumquc
2009 451 2121 491 cm-

2230 433 2313 488 τοῦ
2337 435 2395 487 ὲν
2415 432 2660 505 οὐρανοῖς
2695 428 3090 501 βασιλεύοντος.
3121 428 3367 500 ’Δρεταῖς
3393 421 3488 481 οὖν
3517 424 3581 479 τὸ
3627 423 3783 496 διῖιρον

554 539 714 596 lestis
749 537 933 608 Regis.
977 535 1186 588 Donum
1227 547 1358 604 ergo
1399 530 1694 586 virtutibus
1730 527 2062 582 honoremus
2099 543 2112 579 :

553 632 927 704 temperantia;
981 633 1280 682 sectatores
1341 621 1657 687 eﬂlciamur,
1723 619 2118 674 humanitatem

555 735 924 781 exerceamus,
949 717 1347 787 eleemosynam
1371 715 1700 784 largiamur:
1720 709 2116 780 incredulitatis

553 827 824 871 venenum
851 811 1211 871 excutiamus,
1243 807 1428 860 dolum
1452 805 1670 860 diabolo
1699 803 1932 857 amicum
1962 816 2120 856 aver-

552 922 738 964 semur
768 924 782 959 :
811 901 1174 967 mendacium,
1217 898 1421 954 inimici
1457 897 1632 952 nostri
1669 910 1957 966 organum,
1989 893 2117 948 odio

552 999 870 1052 habeamus.
895 995 1115 1048 Beatum
1147 989 1424 1045 imitemur
1436 986 1794 1056 Paulum,qui
1813 985 2118 1056 baptizatus

553 1093 706 1147 illum
737 1087 1081 1160 praedicavit,
1113 1099 1272 1156 quem
1305 1091 1430 1138 ante
1460 1081 1790 1152 baptismum
1823 1093 2119 1150 perseque-

552 1185 734 1240 batur.
766 1182 1044 1236 Imitemur
1074 1175 1366 1247 Aithiopiae
1395 1174 1704 1230 eunuchum
1727 1215 1742 1239 ,
1771 1174 1865 1242 qui
1895 1176 2118 1240 accepto

553 1277 610 1331 in
637 1275 722 1328 via
753 1273 1094 1344 baptismate,
1133 1271 1221 1323 via
1249 1271 1364 1338 ipse
1395 1265 1744 1322 credentibus
1772 1261 2118 1332 Ethiopibus

554 1367 678 1422 fuit.
701 1365 1120 1435 Multiplicemus
1150 1362 1336 1433 gratim
1361 1359 1644 1420 talenlum,
1669 1364 1729 1410 ut
1753 1370 1938 1410 vocem
1969 1353 2118 1407 illam

554 1457 1083 1514 desideratissimam
1162 1449 1448 1504 audiamus
1518 1445 1730 1500 Domini
1803 1444 2035 1499 dicentis
2101 1459 2115 1496 :

562 1570 582 1602 ι
621 1549 789 1618 Euge,
821 1561 976 1602 serve
1012 1545 1154 1600 boue
1197 1554 1251 1597 et
1299 1541 1500 1606 ﬁdelis;
1550 1553 1714 1610 super
1745 1551 1918 1608 pauca
1969 1533 2119 1590 fuisti

554 1639 754 1704 ﬁdelis,
797 1651 964 1707 supra
997 1635 1166 1688 multa
1194 1640 1248 1687 te
1274 1630 1602 1685 constituam
1649 1647 1662 1681 :
1701 1628 1843 1681 intra
1888 1626 1942 1680 in
1985 1639 2118 1695 gau-

556 1729 707 1783 dium
752 1727 966 1782 Domini
1003 1726 1083 1780 tui
1122 1725 1186 1778 ".
1233 1743 1253 1776 D
1287 1724 1393 1793 Ipsi
1437 1721 1608 1793 gloria
1651 1727 1705 1775 et
1739 1715 2028 1788 imperium
2061 1715 2118 1771 in

559 1820 758 1877 sacula
791 1819 1135 1875 saeculorum.
1168 1816 1353 1872 Amen.

628 1979 672 2011 "
712 1977 899 2036 Matth.
933 1992 1057 2041 xxv,
1089 1973 1180 2040 2i,
1215 1975 1306 2030 23.

629 2136 706 2209 (6)
743 2135 819 2190 lta
849 2151 984 2191 mss.
1019 2148 1229 2189 omnes.
1259 2128 1322 2184 ln
1348 2127 1481 2184 edit.
1515 2125 1736 2182 brevius
1759 2120 2056 2178 clauditur.

2214 525 2566 595 τιμήσωμεν·
2629 517 2983 592 σωφροσύνης
3039 516 3370 588 ἐπιμεληταί
3400 513 3780 584 καταστῶμεν·

2216 615 2624 688 φιλανθρωπίαν
2656 613 3038 686 μετέλθωμενο
3096 610 3472 683 ἐλεημοσύνην
3523 625 3790 682 προκειρν

2217 707 2436 780 ζώμεθα
2449 724 2462 738 ·
2481 705 2734 769 ἀπιστίας
2755 705 2830 758 ἰὸν
2849 703 3299 776 ἀποτιναξὼμεθα
3315 719 3330 732 ⁸
3354 703 3510 756 δόλον
3525 703 3790 772 ἀποστρα-

2217 801 2404 871 φῶμεν
2430 798 2523 852 τοῦ
2578 798 2824 852 διαϐόλου
2869 797 3054 866 φίλονο
3119 798 3442 868 μισήσωμεν
3483 793 3681 866 ψεῦδος
3704 793 3786 848 τοῦ

2216 890 2476 961 πολεμίου
2541 889 2602 943 τὺ
2655 889 2903 960 ὄργανον,
2946 887 3330 960 Μιμησὼμεθα
3381 887 3474 940 τὸν
3529 886 3787 958 μακάριον

2217 982 2445 1046 Παῦλον,
2463 981 2522 1045 ὃς
2543 981 2854 1052 βαπτισθεὶς
2896 982 3210 1052 ἐκήρυττεν,
3249 979 3308 1032 ὃν
3331 978 3440 1050 πρὸ
3460 977 3560 1032 τοῦ
3608 977 3788 1048 βαπτί-

2219 1091 2421 1146 σματος
2447 1073 2664 1145 ἤλαυνε.
2694 1071 3078 1144 Μιμησώμεθα
3122 1070 3212 1124 τὸν
3241 1071 3341 1142 τῆς
3384 1070 3679 1134 Αἰθιοπίας
3707 1071 3788 1122 εὐ-

2217 1169 2424 1241 νοῦχον,
2447 1168 2505 1232 ὃς
2533 1171 2590 1222 ὲν
2621 1168 2724 1239 ὁδῷ
2749 1167 2923 1239 τυχὼν
2947 1167 3042 1220 τοῦ
3073 1166 3468 1238 βαπτίσματος,
3493 1167 3616 1231 ὁδὸς
3645 1167 3790 1230 αὐτὸς

2215 1266 2328 1326 τοῖς
2349 1261 2664 1318 πιστεύουσι
2695 1260 2802 1314 τῶν
2843 1260 3114 1314 Αἰθιόπων
3152 1259 3389 1326 ἐγένετο.
3415 1260 3788 1314 Πολυπλασιά-

2219 1369 2398 1424 σωμεν
2425 1353 2486 1406 τὸ
2511 1353 2610 1424 τῆς
2632 1353 2853 1424 χάριτος
2882 1352 3162 1414 τάλαντον,
3205 1351 3292 1406 ἴνα
3316 1355 3418 1423 τῆς
3465 1351 3787 1406 πολυεύκτου

2218 1445 2401 1515 φωνῆς
2426 1441 2745 1514 ἀκούσωμεν
2767 1443 2841 1513 (6)
2876 1442 2970 1496 τοῦ
3010 1444 3278 1498 Δεσπότου
3326 1443 3616 1511 λέγοντος·
3651 1460 3672 1494 ι
3705 1436 3788 1504 Εὖ,

2215 1535 2364 1590 δοῦλε
2390 1534 2562 1604 ἀγαθὲ
2579 1536 2672 1588 καὶ
2690 1536 2864 1596 πιστὲ,
2884 1536 2977 1589 ἐπὶ
3001 1531 3237 1606 ὀλίγαῆς
3266 1534 3489 1598 πιστὸς,
3525 1533 3623 1587 ἐπὶ
3673 1532 3790 1586 πολ.

2221 1627 2328 1680 λῶν
2345 1643 2404 1680 σε
2427 1628 2751 1697 καταστήσω
2769 1642 2786 1658 ο
2819 1625 3024 1680 εἴσελθε
3042 1628 3122 1690 εἰς
3140 1627 3240 1698 τὴν
3274 1627 3454 1698 χαρὰν
3468 1625 3567 1680 τοῦ
3598 1625 3790 1696 Κυρίου

2225 1735 2339 1774 σου.
2375 1737 2395 1770 ι
2433 1717 2592 1788 Λύτῷ
2608 1720 2642 1790 ἡ
2663 1717 2789 1785 δόξα
2814 1719 2908 1772 καὶ
2925 1718 2986 1772 τὸ
3013 1717 3210 1783 κοάτος
3226 1719 3306 1782 εἰς
3320 1719 3449 1782 τοὺς
3474 1716 3679 1780 αἰῶνας
3697 1713 3790 1768 τῶν

2148 1801 2194 1862 Β
2221 1808 2452 1864 αἰώνων.
2491 1809 2682 1881 Ἀμήν.

581 2269 3755 2308 Μ

1631 2415 1766 2470 ΤΟΥ
1801 2414 1894 2468 ΕΝ
1931 2411 2152 2466 ΑΓΙΟΙΣ
2187 2408 2458 2463 ΠΑΤΡΟΣ
2493 2405 2692 2460 ΗΜΩΝ

1855 2530 2488 2625 ΑΘΑΝΑΣΙΟΥ

1001 2676 1246 2732 ΛΟΓΟΣ
1277 2677 1404 2731 ΕΙΣ
1441 2675 1585 2729 ΤΗΝ
1615 2675 2011 2730 ΔΝΑΛΗΨΙΝ
2043 2671 2186 2726 ΤΟΥ
2211 2669 2500 2724 ΚΥΡΙΟΥ
2523 2667 2734 2722 ΗΜΩΝ
2759 2665 2998 2722 ΙΗΣΟΥ
3023 2664 3362 2719 ΧΡΙΣΤΟΥ.

1573 2878 1667 2964 S.
1746 2877 1853 2964 P.
1934 2879 2052 2964 N.
2130 2871 2776 2964 ATHANASII

1079 3049 1324 3108 SERMO
1363 3047 1454 3104 IN
1487 3045 2088 3104 ASSUHPTIONEH
2117 3043 2407 3103 DOMINI
2441 3039 2720 3099 NOSTRI
2745 3036 2929 3095 JESU
2961 3033 3265 3093 CHRISTI

637 3280 685 3334 Ι.
730 3275 1166 3334 Resurrectionis
1199 3273 1458 3330 memoria
1486 3274 1664 3345 palma
1693 3274 1940 3331 homines
1964 3275 2127 3333 donat

2303 3278 2356 3332 1.
2385 3277 2450 3330 Ἦ
2468 3275 2565 3346 μὲν
2597 3273 2696 3342 τῆς
2723 3268 3071 3330 ἀναστάσεως
3107 3268 3294 3337 μνήμη
3320 3264 3391 3316 τὰ
3422 3259 3568 3314 κατὰ
3589 3258 3680 3313 τοῦ
3709 3258 3794 3312 θει⁶

534 3429 546 3432 _
564 3373 825 3427 adversus
864 3377 1090 3424 mortem
1121 3385 1136 3422 :
1166 3375 1220 3421 at
1251 3381 1489 3438 praesens
1518 3366 1832 3422 solemnitas
1859 3366 2134 3422 hominem

564 3461 786 3517 adducit
815 3461 881 3515 ad
911 3461 1130 3525 caelum,
1151 3458 1606 3528 commutatisque
1635 3466 1794 3514 terra:
1830 3459 2135 3514 mansioni-

563 3554 688 3621 bus,
718 3554 914 3608 C(Bllllll
949 3551 1264 3607 hominibus
1303 3551 1548 3620 pervium
1581 3549 1762 3606 ellicit.
1801 3549 1920 3605 Non
1950 3550 2136 3606 decuit

563 3651 740 3714 enim,
785 3647 1085 3702 humanum
1125 3661 1316 3716 genus,
1364 3643 1508 3714 quod
1559 3653 1784 3700 mortem
1819 3644 2128 3710 devicerat,

563 3748 782 3796 terrena
811 3739 1007 3794 iterum
1040 3739 1278 3792 incolere
1308 3737 1446 3790 loca.
1482 3733 1602 3790 Jam
1643 3751 1728 3791 me
1763 3751 1951 3791 revera
1987 3735 2134 3791 subit

565 3847 794 3904 magnus
837 3831 1102 3886 adversus
1133 3830 1334 3884 diaboli
1381 3828 1722 3899 tyrannidem
1761 3829 1976 3882 animus
2007 3843 2133 3882 cum

564 3925 727 3979 hodie
749 3923 906 3977 video
932 3922 1146 3992 generis
1171 3921 1276 3974 mei
1308 3919 1578 3989 primitias
1602 3921 1658 3973 in
1681 3921 1837 3975 cmlis
1865 3933 2094 3990 regnare
2117 3939 2131 3974 :

566 4031 714 4072 nunc
741 4013 938 4069 cecidit
966 4013 1140 4068 hostis
1183 4012 1372 4076 robur,
1409 4010 1722 4065 defecerunt
1741 4011 1905 4081 399
1935 4010 2135 4065 diaboli

565 4102 1141 4162 machinationesNon
1163 4113 1244 4157 est
1259 4102 1348 4156 hic
1364 4101 1502 4154 ultra
1525 4101 1831 4170 paradisus,
1851 4117 1884 4155 ο
1899 4101 2132 4164 diabole,

565 4212 679 4252 non
713 4195 928 4250 arboris
955 4195 1206 4264 voluptas
1237 4207 1358 4263 quae
1406 4191 1473 4246 ad
1508 4190 1752 4245 fraudem
1787 4191 2025 4253 alliciat,
2076 4196 2136 4243 ut

567 4301 786 4342 rursum
821 4287 956 4356 legis
1001 4292 1149 4339 metu
1193 4283 1394 4348 soluto,
1429 4290 1659 4336 mortem
1703 4281 1969 4336 stabilias.
2014 4277 2136 4334 Non

567 4379 796 4436 ulterius
818 4377 979 4444 audio
1005 4394 1018 4430 :
1041 4394 1060 4428 ι
1085 4375 1254 4431 Terra
1276 4389 1354 4434 es.
1377 4373 1507 4428 etin
1529 4381 1730 4428 terram
1752 4371 2076 4437 reverteris;
2107 4390 2126 4422 ι

567 4469 698 4533 sed,
725 4468 887 4522 etiam
919 4466 966 4520 si
995 4471 1143 4520 terra
1172 4479 1253 4528 es,
1285 4463 1405 4532 ejus
1435 4461 1526 4532 qui
1563 4469 1616 4516 te
1663 4474 1880 4516 sursum
1915 4458 2137 4512 adducit

567 4559 857 4618 clementia
885 4559 938 4614 in
961 4558 1160 4614 coelum
1187 4555 1470 4611 ascendes.
1499 4553 1831 4610 Delictorum
1857 4551 2134 4622 regionem

2237 3369 2395 3423 νάτου
2421 3368 2534 3430 τοῖς
2549 3361 2853 3434 ἀνθρώποις
2870 3357 3152 3432 χαρίζεται
3167 3355 3462 3427 νικητήρια
3479 3369 3498 3386 ο
3521 3355 3558 3422 ἡ
3586 3351 3641 3405 δὲ
3664 3365 3792 3419 παρ-

2235 3459 2374 3514 οῦσα
2411 3459 2711 3529 πανήγυρις
2743 3454 2880 3526 πρὸς
2920 3450 3148 3524 οὐρανὸν
3171 3447 3361 3516 ἀνάγει
3382 3446 3476 3500 τὸν
3503 3443 3791 3516 ἄνθρωπον.

2236 3551 2448 3616 καὶτὰς
2490 3551 2548 3604 ὲν
2570 3551 2636 3620 τῇ
2676 3550 2747 3618 γῇ
2803 3543 3082 3616 διατριϐάς
3132 3539 3429 3604 ἀλλάξασα,
3461 3537 3556 3592 τὸν
3588 3535 3793 3610 ούρανὶν

2239 3644 2400 3717 βατὸν
2445 3645 2556 3706 τοῖς
2604 3637 2909 3710 ἀνθρώποις
2939 3635 3248 3708 ἐργάζεται.
3283 3633 3356 3685 Οὐ
3387 3631 3498 3700 γὰρ
3533 3629 3610 3698 (7)
3645 3625 3794 3698 ἐχρῆν

2235 3707 2326 3791 τὸν
2361 3735 2611 3798 θάνατον,
2667 3707 3044 3804 κεκρατηκότα
3091 3725 3185 3781 τοῦ
3227 3722 3570 3795 ἀνθρωπίνου
3599 3720 3792 3790 γένους,
3859 3707 3862 3710 ’

2237 3828 2397 3884 πάλιν
2429 3827 2561 3883 αὐτὸ
2585 3827 2698 3886 τοῖς
2712 3821 2806 3878 τοῦ
2839 3821 3068 3877 θανάτου
3096 3817 3313 3890 χωρίοις
3337 3812 3677 3880 αὐλίζεσθαι.
3696 3809 3794 3864 Νῦν

2240 3940 2328 3996 μοι
2362 3920 2506 3992 μέγα
2552 3919 2769 3991 φρονεῖν
2800 3914 3016 3985 ἀληθῶς
3051 3909 3192 3965 κατὰ
3221 3908 3322 3978 τῆς
3368 3905 3684 3974 διαϐολικῆς
3715 3919 3797 3954 τυ·

2239 3993 2482 4091 ραννίδος
2508 4013 2820 4084 ἐπέρχεται,
2856 4009 2982 4062 ὅταν
3012 4005 3105 4058 ἴδω
3158 4004 3400 4074 σήμερον
3435 3999 3535 4053 τοῦ
3565 3996 3694 4068 ἐμοῦ
3721 3993 3796 4091 γέ·

2237 4126 2358 4172 νους
2386 4109 2486 4180 τὴν
2539 4083 2792 4174 ἀπαρχὴν
2843 4100 2900 4151 ὲν
2932 4097 3179 4169 οὐρανοῖς
3237 4089 3653 4164 βασιλεύουσαν.
3695 4083 3794 4139 Νῦν

2237 4170 2491 4254 πέπτωκε
2546 4191 2641 4248 τοῦ
2661 4170 2941 4260 *πολεμίου
2971 4187 3030 4239 τὸ
3061 4184 3260 4256 κράτος
3285 4221 3301 4245 ,
3351 4179 3589 4234 ἀπέλιπε
3615 4175 3687 4247 (8)
3711 4170 3793 4226 τοῦ

2235 4290 2478 4346 διαϐόλου
2503 4287 2570 4342 τά
2603 4283 2984 4356 μηχανήματα.
3009 4277 3122 4330 Ούκ
3151 4273 3233 4327 ἐτι
3258 4272 3435 4326 ταῦτα
3463 4269 3792 4340 παράδεισος.

2236 4377 2282 4436 ὦ
2327 4380 2570 4434 διάϐολεο
2605 4373 2724 4428 οὐδὲ
2761 4369 2928 4440 φυτοῦ
2956 4367 3144 4437 τέρψις
3186 4365 3324 4436 πρὸς
3365 4364 3586 4434 ἀπάτην
3620 4359 3796 4431 θηρεύ-

2236 4485 2390 4532 ουσα,
2428 4468 2515 4520 ἵνα
2552 4462 2710 4518 πάλιν
2741 4460 2910 4522 λύσας
2945 4474 3044 4528 μου
3075 4455 3165 4508 τὸν
3198 4454 3394 4524 φόϐον,
3428 4451 3684 4526 κυρώσῃς
3716 4449 3797 4502 τὸν

2241 4557 2488 4611 θάνατον.
2537 4551 2754 4612 Οὐκέτι,
2790 4567 2808 4599 ι
2836 4549 2911 4618 Γῆ
2949 4543 3018 4610 εἷ,
3053 4544 3146 4598 καὶ
3179 4545 3262 4607 εἰς
3295 4543 3398 4613 γῆν
3455 4541 3744 4610 ἀπελεύσῃ,
3777 4558 3793 4588 ι

567 4657 782 4719 desero,
817 4661 1022 4709 terram
1060 4650 1158 4706 tibi
1202 4647 1462 4713 concedo,
1493 4647 1549 4702 in
1587 4661 1693 4718 qua
1731 4651 1916 4706 natus,
1946 4643 2000 4696 in
2029 4655 2127 4712 qua

2239 4647 2452 4703 ἀκούωο
2494 4645 2631 4708 ἀλλ’,
2674 4644 2722 4694 εἰ
2756 4642 2851 4694 καὶ
2879 4640 2952 4710 γῆ
2997 4633 3068 4700 εἴ,
3117 4635 3254 4706 πρὸς
3301 4635 3534 4706 οὐρανὸν
3589 4633 3662 4703 (9)
3700 4633 3795 4684 άπ-

567 4750 830 4807 educatus
867 4765 1019 4815 sum,
1060 4747 1116 4802 in
1147 4746 1344 4802 caelum
1376 4753 1469 4800 tua
1497 4742 1688 4797 fraude
1714 4740 1853 4795 liber
1880 4737 2139 4793 transmi-

567 4858 684 4917 gro.
714 4842 858 4896 Satis
886 4841 1015 4896 olim
1045 4839 1144 4895 tibi
1176 4837 1278 4894 fuit
1313 4837 1498 4904 arbor,
1529 4849 1639 4905 qua
1670 4833 1937 4887 Adamum
1967 4846 2139 4901 expu-

568 4949 797 5007 gnares,
849 4934 1069 5004 quando
1118 4931 1252 5002 ligni
1300 4927 1483 4983 [ructu
1531 4939 1849 4996 percussum
1901 4921 2137 4992 primum

567 5036 844 5100 parentem
879 5024 1116 5096 paradisi
1136 5023 1414 5093 voluptate
1433 5016 1752 5075 eliminasti.
1775 5014 1930 5070 Nunc
1953 5022 2132 5069 autem

569 5119 785 5174 etiamsi
815 5124 980 5171 totam
1011 5115 1304 5172 exhaurias
1333 5114 1671 5186 pharetram,
1699 5108 1752 5162 in
1783 5107 2131 5176 temetipsum

571 5211 754 5268 omnia
781 5211 922 5281 jacis
966 5209 1090 5264 tela.
1118 5207 1390 5274 Quorsum
1433 5204 1547 5274 jam
1587 5203 1772 5257 abiere
1807 5199 1927 5264 tibi,
1953 5214 1986 5254 ο
2017 5197 2134 5252 dia-

645 5365 718 5438 (7)
742 5364 1251 5438 Colb.,xapKa't-ut.
1283 5363 1364 5438 0ύῇ
1390 5357 1676 5438 γμάρἉῌρξ
1709 5356 1872 5438 idem,
1908 5353 2003 5438 τού
2040 5355 2138 5438 riu-

575 5425 842 5507 ορῲπίνου
871 5425 1274 5507 γένουςίπᾲλιν
1307 5425 1488 5507 αὐτόν.
1525 5429 1664 5482 Editi
1686 5435 1736 5482 el.
1759 5427 1912 5496 Reg,
1943 5425 2003 5477 τὸ
2035 5425 2132 5476 ἁν-

574 5501 837 5577 θρῴπινον
873 5501 1046 5577 γένος,
1083 5504 1242 5577 πάλιν
1267 5501 1416 5577 αύτὸ.

645 5575 719 5645 (8)
759 5564 1183 5645 Βριζέξελιπε.
1210 5573 1377 5645 Paulo
1410 5580 1534 5645 p_ost
1571 5568 1701 5638 Reg.
1733 5565 1982 5627 etColb.,
2018 5564 2134 5616 Οὐκ

575 5639 687 5699 ἔστι
704 5639 907 5697 ταῦτα.
929 5639 1091 5706 Editi,
1130 5645 1230 5697 οὐκ
1255 5643 1335 5695 ἔτι
1354 5639 1548 5694 ταῦτα.

646 5713 718 5785 (9)
755 5713 950 5784 [teg.et
978 5704 1156 5778 Colb.,
1181 5711 1422 5783 οὐρανόν.
1454 5708 1617 5771 Ειιὶίί,
1641 5704 1916 5775 οὐρανούς.

2243 4739 2436 4810 ελεύσῃ
2467 4737 2556 4791 διὰ
2581 4735 2680 4807 τὴν
2709 4731 2801 4786 τοῦ
2856 4731 3146 4798 ἀνάγοντος
3175 4725 3512 4796 ἀγαθότητα.
3535 4721 3797 4790 Καταλιμυ

2243 4831 2396 4885 πάνω
2435 4829 2496 4882 τὺ
2532 4827 2641 4882 τῶν
2673 4824 3081 4895 ἁμαρτημάτων
3113 4819 3335 4890 χωρίον,
3381 4814 3696 4888 παραχωρῶ
3725 4829 3797 4864 σοι

2242 4923 2340 4993 τῆς
2355 4923 2478 4992 γῆς,
2497 4921 2580 4990 ἐφ’
2608 4914 2676 4990 ἧς
2701 4915 2948 4985 ἐτέχθην,
2982 4915 3066 4982 ἐφ’
3091 4907 3158 4983 ἦς
3191 4911 3436 4981 ἐτράφην
3454 4908 3591 4979 (10)·
3612 4908 3688 4970 εἰς
3713 4905 3796 4957 οὐ·

2247 5012 2404 5086 ρανὸν
2421 5009 2816 5082 μετοικίζομαι,
2839 5009 2938 5078 τῆς
2953 5007 3051 5077 σῆς
3071 5003 3284 5075 ἀπάτης
3321 5001 3624 5070 ἐλεύθερος,
3639 4999 3797 5052 Πάλαι

2243 5106 2340 5176 μὲν
2394 5100 2488 5158 οὖν
2537 5119 2618 5156 σοι
2671 5099 2834 5167 φυτὸν
2892 5099 3028 5170 πρὸς
3081 5097 3178 5166 τὴν
3219 5093 3314 5147 τοῦ
3369 5092 3543 5163 Ἀδὰμ
3604 5091 3796 5163 αἰρεσιν

2239 5197 2496 5268 ἡρκεσεν,
2536 5194 2624 5247 ὅτε
2659 5188 2866 5259 πλήξας
2896 5187 2976 5259 τῷ
3007 5186 3098 5240 τοῦ
3123 5185 3277 5250 ξύλου
3315 5183 3516 5256 καρπῷ
3545 5183 3635 5236 τὸν
3658 5197 3795 5251 πρω-

2323 5348 2432 5417 (10)
2471 5351 2549 5417 lta
2590 5344 2792 5417 Regius
2833 5353 2888 5400 et
2924 5341 3300 5417 Colbertinus.
3350 5337 3494 5417 Editi
3527 5352 3675 5417 vero,
3707 5331 3796 5417 τὴν

2243 5407 2370 5491 γῆν.
2407 5407 2578 5503 ἕςεξῆς
2623 5407 2876 5525 ἐτάχθην,
2911 5407 3092 5492 άφ¹ἦς
3123 5411 3386 5533 ὲτὲάφην.
3443 5407 3615 5461 Paulo
3665 5411 3794 5486 pust.

2241 5491 2420 5542 κομι..
2461 5487 2740 5542 ελευθερος
2758 5501 2974 5542 γυγονα.
3012 5483 3145 5537 lbul.
3225 5496 3308 5539 eg.
3336 5489 3390 5534 et
3415 5477 3595 5539 Colb.,
3637 5473 3795 5527 Παλαι

2241 5489 2420 5550 Colb.,
2461 5489 2740 5555 ἐλεύθερος
2758 5489 2974 5556 γέγονα.
3012 5489 3145 5537 Ibid.
3177 5489 3308 5539 Reg.
3336 5489 3390 5534 et
3415 5489 3595 5539 1.011).,
3639 5489 3795 5527 ιιαλαι

2238 5563 2340 5686 ¹μὲν
2373 5559 2486 5621 οὖν.
2519 5557 2612 5614 sed
2638 5550 2731 5608 οὖν
2747 5556 2900 5612 deest
2933 5557 2988 5610 in
3015 5553 3200 5610 editis.
3237 5547 3357 5606 Mox
3401 5548 3571 5619 Reg,
3603 5546 3796 5615 αἰρεσιν

2264 5647 2424 5686 .οεσε.
3695 5633 3703 5640 ’

2261 5636 2424 5705 ipsos.
3695 5633 3703 5640 '
