4022 6382
527 330 709 389 ’1095

1689 335 1745 389 S.
1781 332 2243 389 ATHANASIUS.
2285 363 2352 373 —
2391 333 2663 390 SPUBIA.

3669 344 3690 397 1
3702 343 3793 399 096

568 449 885 516 extendisti,
918 449 1202 520 factusque
1221 464 1281 505 es
1301 448 1502 503 diaboli
1530 450 1734 512 socius,
1759 465 1865 503 una
1895 463 2019 502 cum
2045 448 2132 500 illo

2237 452 2365 521 παρ’
2384 450 2519 521 ἐμοῦ
2548 453 2726 523 χεῖρα,
2756 451 2899 506 κατά
2944 454 3041 525 τῆς
3077 454 3218 525 ἐμῆς
3255 455 3535 521 ἐξέτεινας
3566 460 3794 531 ἐντολῆς,

573 543 794 597 rebellis
814 550 1004 596 contra
1021 541 1337 596 Creatorem
1358 550 1531 595 tuum.
1557 540 1791 595 Proinde
1803 539 1889 595 exi
1906 554 1937 592 a
1961 538 2133 609 digni-

575 641 684 689 tate
715 642 849 687 tua:
897 632 1203 687 honorabili
1244 631 1446 688 excede
1487 633 1647 687 loco:
1690 639 1835 686 terra
1868 647 1947 694 es,
1979 638 2032 684 et
2074 631 2127 683 in

573 733 773 779 terram
800 722 1085 777 reverteris
1112 737 1125 772 :
1150 730 1418 776 revertere
1464 721 1533 775 ad
1563 722 1740 776 illam.
1769 721 1861 791 qui
1899 735 1960 775 ea
1992 735 2132 775 som-

572 812 734 865 niasti
759 825 878 880 quae.
899 818 952 864 te
981 817 1347 879 exsuperant;
1381 812 1721 880 regrediatur
1752 818 1983 872 natura,
2014 825 2131 864 ma-

570 911 707 956 trem
737 902 884 956 disce
906 908 1127 965 terram,
1158 908 1332 955 morte
1366 900 1530 973 ᾧοο
1560 904 1627 956 ad
1665 903 1811 955 illam
1854 902 2131 956 remitten-

571 995 696 1049 dus.
728 992 853 1047 εἰωο
882 1000 1009 1046 sunt
1036 993 1314 1048 diabolica:
1344 993 1551 1048 fraudis
1572 994 1812 1062 praemia,
1833 995 1945 1049 haec
1978 996 2131 1063 prin-

571 1085 698 1153 cipii
724 1084 938 1155 generis
964 1085 1138 1139 nostri
1169 1084 1416 1147 scientia,
1447 1084 1551 1138 hoc
1582 1084 1896 1138 miserabile
1916 1084 2126 1143 drama,

570 1196 677 1234 una
702 1195 825 1234 cum
855 1189 1050 1232 natura
1090 1186 1278 1233 nostra
1303 1178 1568 1232 introivit.
1616 1175 1722 1232 Sed
1761 1191 1871 1230 non
1907 1176 2130 1230 omnino

567 1271 828 1327 sustinuit
853 1269 1082 1325 Creator
1109 1268 1382 1339 opiﬁcium
1416 1283 1575 1322 suum
1605 1268 1681 1321 ita
1720 1266 1962 1321 attritum
2006 1282 2129 1321 cer-

566 1377 733 1427 nere;
776 1361 869 1416 sed
901 1360 1109 1430 pudore
1143 1367 1198 1413 et
1242 1360 1389 1412 luctu
1421 1358 1671 1412 alllictam
1713 1364 1985 1422 naturam,
2031 1371 2129 1410 nec

567 1468 677 1507 non
713 1468 868 1508 suam
908 1453 967 1506 in
1013 1452 1282 1506 creaturis
1306 1459 1577 1506 errantem
1621 1451 1941 1520 imaginem,
1967 1449 2131 1503 mise-

567 1553 723 1600 ratus
749 1554 852 1599 est.
883 1543 1024 1609 Quid
1070 1543 1182 1613 agit
1226 1543 1394 1614 ergo?
1438 1540 1616 1613 Fingit
1657 1543 1886 1597 alterum
1931 1540 2126 1600 Adam,

567 1651 743 1705 exque
778 1644 1003 1699 natura,
1041 1643 1251 1689 natura)
1296 1642 1582 1704 patronum
1627 1633 1918 1699 excitavit;
1969 1640 2129 1701 atque

569 1736 771 1783 terram
798 1743 866 1780 ex
890 1725 1108 1796 Virgine
1136 1733 1437 1790 mutuatus,
1474 1724 1720 1780 eﬁ'ormat
1750 1725 1805 1778 in
1849 1724 2028 1793 seipso
2058 1724 2123 1778 ad

570 1820 836 1875 veriorem
881 1818 1169 1887 imaginem
1209 1832 1407 1871 novum
1440 1815 1628 1871 letum.
1670 1814 1919 1885 Elllngit,
1969 1826 2129 1884 atque

570 1919 772 1972 manet,
798 1911 1099 1980 stolamque
1126 1917 1315 1964 texens
1345 1909 1402 1963 in
1432 1918 1609 1969 utero,
1631 1907 1783 1978 quasi
1816 1908 1868 1960 in
1895 1906 2132 1961 thalamo

570 2002 722 2071 regio
753 2001 927 2055 induit
958 2000 1265 2071 imaginem,
1294 2007 1353 2053 ut
1383 1999 1632 2068 imaginis
1656 1998 1952 2053 nuditatem
1988 1999 2133 2052 vela-

571 2101 673 2147 ret.
697 2090 895 2146 Eduxit
935 2090 1079 2146 enim
1123 2090 1275 2144 illum
1313 2089 1502 2144 fraude
1528 2090 1886 2158 potentiorem
1919 2098 1972 2143 et
2007 2104 2134 2154 pce-

569 2190 694 2238 cato
721 2184 1075 2251 superiorem,
1108 2181 1471 2236 immortalem
1516 2181 1678 2235 etiam
1730 2189 1853 2248 post-
1881 2191 2129 2245 mortem,

568 2274 914 2328 liberatorem
931 2289 997 2328 ex
1029 2273 1318 2344 sepulcris,
1347 2273 1440 2342 qui
1477 2272 1531 2326 in
1572 2274 1825 2342 sepulcro
1872 2272 2014 2328 fuit:
2052 2281 2135 2326 at-

568 2381 675 2436 que
696 2366 1102 2420 immortalitate
1130 2380 1405 2421 coronans
1439 2365 1648 2435 ipsum,
1677 2366 1837 2419 hndie
1873 2367 1927 2420 in
1964 2367 2133 2420 caelos

567 2458 882 2521 transtulit,
931 2471 1274 2512 communem
1342 2456 1803 2526 pulchritudinem
1867 2458 2133 2511 creaturis

570 2547 842 2612 tribuens,
870 2546 1079 2601 scilicet
1106 2554 1317 2600 natura:
1344 2546 1634 2616 primitias.

637 2751 693 2807 '5.
724 2752 807 2808 An
837 2751 1020 2821 igitur,
1049 2750 1249 2806 dixerit
1278 2750 1568 2822 quispiam,
1604 2751 1694 2822 qui
1725 2759 1855 2806 tunc
1885 2750 1964 2805 ira
1985 2766 2134 2805 com-

569 2850 752 2898 motus
783 2852 897 2897 erat
928 2842 1188 2907 Creator,
1220 2858 1343 2897 cum
1384 2858 1573 2898 recens
1612 2841 1787 2896 adhuc
1829 2849 2136 2911 transgres-

569 2935 655 2990 sio
678 2942 847 2999 esset,
884 2935 1172 3005 imaginem
1208 2935 1628 2997 exsecrabatur,
1663 2941 1717 2988 et
1764 2950 1886 2988 cum
1931 2936 2137 2991 odisset

570 3028 920 3089 sententiam,
975 3026 1356 3081 condemnavit
1410 3035 1700 3094 naturam;
1756 3041 1903 3081 nunc
1957 3034 2134 3083 autem

2233 542 2326 595 ml.
2354 542 2585 611 γέγονας
2618 543 2866 598 διαϐόλου
2897 544 3242 617 συμμύστης,
3267 548 3410 601 κατὰ
3445 548 3544 602 τοῦ
3569 550 3794 621 Ποιητοῦ

2231 634 3133 709 συμφραξάμενος(19).Τοιγαροῦν
3158 639 3294 704 ἔξιθι
3315 641 3420 710 τῆς
3451 642 3612 706 ἀξίας
3633 661 3646 673 ·
3670 645 3797 700 ἐντί-

2233 743 2334 796 μου
2371 728 2569 798 χωρίου
2595 728 2912 799 μεθίστασο·
2940 733 3008 801 γῆ
3038 726 3104 806 εἴ,
3139 732 3233 784 καὶ
3264 734 3346 795 είς
3370 733 3476 803 γῆν
3507 735 3793 808 ἀπελεύσῃ.

2242 818 2574 892 Ὑπόστρεφε
2610 820 2746 893 πρὸς
2789 822 2977 893 αὐτὴν,
3012 824 3080 876 τά
3122 825 3263 895 ὑπὲρ
3291 825 3493 878 σαυτὸν
3531 827 3646 891 (‘20)
3672 845 3796 897 φαν-

2227 911 2472 975 τασθείς·
2522 914 2922 983 ἀνακαμπτέτω
2966 915 3125 969 πάλιν
3174 917 3207 986 ἡ
3258 916 3452 986 φύσις·
3515 919 3657 989 μάθε
3700 937 3795 991 μη-

2228 1001 2359 1074 τέρα
2386 1002 2485 1073 τὴν
2511 1004 2634 1073 γῆν,
2660 1004 2872 1075 Θανάτῳ
2906 1005 3040 1076 πρὸς
3073 1005 3241 1077 αὐτὴν
3269 1010 3792 1078 παραπεμπόμενκ.

2233 1093 2417 1146 Ταῦτα
2449 1096 2546 1165 τῆς
2573 1096 2883 1165 διαϐολικῆς
2907 1098 3121 1169 ἀπάτης
3140 1097 3208 1149 τά
3242 1097 3483 1151 ἔπαθλα·
3515 1099 3690 1153 ταῦτα
3706 1100 3795 1169 τῆς

2229 1185 2324 1237 τοῦ
2348 1185 2539 1254 γένους
2574 1188 2748 1259 ἀρχῆς
2770 1187 2839 1240 τὰ
2868 1190 3251 1260 γνωρίσματαο
3282 1188 3446 1243 τοῦτο
3476 1189 3538 1244 τὸ
3575 1191 3795 1245 ὲλεεινὸν

2228 1276 2412 1348 δρᾶμα
2466 1280 2781 1349 συνεισῆλθε
2814 1280 2924 1350 (21)
2971 1284 3036 1348 τῇ
3093 1283 3272 1350 φύσει.
3332 1282 3476 1335 Ἀλλ’
3527 1284 3632 1336 οὐκ
3678 1285 3793 1356 ἄχρι

2229 1370 2427 1433 παντὸς
2455 1370 2681 1439 ἤνεγκεν
2710 1372 2738 1422 ὁ
2766 1371 3104 1443 Δημιουργὸς
3140 1370 3282 1442 όρῶν
3310 1371 3373 1424 τὺ
3415 1372 3793 1444 δημιούργημα

2231 1461 2669 1532 συντριϐόμενονο
2694 1461 2922 1533 ᾤκτειρε
2940 1462 2997 1515 δὲ
3022 1462 3346 1533 αἰδουμένην
3369 1463 3467 1516 καὶ
3501 1464 3793 1516 πενθοῦσαν

2228 1552 2325 1623 τὴν
2354 1553 2535 1623 φύσιν,
2572 1555 2666 1608 καὶ
2688 1554 2884 1624 ἠλέησε
2913 1554 3009 1625 τὴν
3041 1557 3099 1608 ὲν
3136 1558 3203 1627 τῇ
3239 1555 3415 1608 κτίσει
3444 1555 3795 1625 πλανωμένην

2228 1645 2428 1697 εἰκόνα.
2464 1646 2529 1697 Τί
2550 1642 2642 1698 οὖν
2677 1649 2850 1711 ποιεῖ;
2903 1646 3135 1699 Πλάττει
3180 1646 3344 1699 πάλιν
3383 1648 3573 1717 ἓτερον
3614 1647 3792 1716 Ἀδὰμ,

2232 1739 2297 1790 ἐκ
2342 1739 2439 1809 τῆς
2493 1739 2706 1808 φύσεως
2733 1738 2959 1809 ἐγείρων
3014 1739 3322 1810 προστάτην
3378 1742 3445 1810 τῇ
3476 1739 3671 1808 φύσει,
3711 1740 3793 1793 καὶ

2231 1829 2360 1899 χοῦν
2406 1832 2470 1883 ὲκ
2515 1830 2787 1901 Παρθένου
2828 1829 3227 1900 δανεισάμενος,
3260 1834 3464 1902 μορφοῖ
3510 1832 3647 1903 πρὸς
3670 1832 3791 1902 ἀλη-
3874 1867 3880 1871 ι

2232 1920 2488 1992 θεστέραν
2522 1922 2705 1974 εἰκόνα
2751 1923 2808 1974 ἐν
2855 1921 3029 1993 ἑαυτῷ
3057 1921 3117 1973 τὸ
3151 1921 3522 1991 πλαττόμενον
3547 1923 3791 1994 ἔμϐρυον.

2231 2013 2461 2066 Πλάττει
2509 2013 2598 2065 καὶ
2646 2012 2817 2082 μένειν
2847 2014 2939 2066 καὶ
2970 2014 3159 2085 στολὴν
3192 2014 3435 2082 ὑφαίνων
3459 2015 3571 2085 (22)
3607 2019 3665 2069 ἐν
3694 2019 3792 2088 μή·

2231 2122 2356 2176 τρα,
2401 2105 2476 2168 ὼς
2517 2108 2571 2158 ἐν
2608 2104 2835 2175 θαλάμῳ
2878 2104 3135 2176 βασιλικῷ
3172 2106 3415 2162 ἐνδύεται
3453 2109 3557 2178 τὴν
3600 2109 3788 2171 εἰκόνα,

2234 2196 2317 2249 ἵνα
2346 2196 2448 2267 τῆς
2478 2197 2683 2260 εἰκόνος
2722 2196 2943 2267 περιέλῃ
2981 2196 3078 2266 τὴν
3116 2196 3418 2267 γύμνωσιν.
3451 2200 3664 2264 Ἔδειξε
3696 2201 3792 2272 γὰρ

2231 2287 2446 2358 ἀπάτης
2488 2288 2832 2358 ἰσχυρότερον
2871 2290 2961 2341 καὶ
3006 2290 3279 2360 ἁμαρτίας
3327 2289 3631 2363 ἀνώτερον,
3674 2291 3790 2345 ἀθά-

2230 2396 2388 2432 νατον
2415 2379 2508 2433 καὶ
2544 2379 2683 2450 μετά
2709 2380 2953 2444 θάνατον,
2986 2379 3082 2433 καὶ
3108 2380 3314 2453 λυτῆρα
3345 2382 3539 2452 τάφων
3562 2384 3622 2436 ὲν
3651 2384 3790 2454 mea

2230 2472 2546 2541 γενόμενον·
2589 2473 2684 2524 καὶ
2712 2472 2975 2542 ἀθανασίᾳ
3009 2472 3376 2541 στεφανώσας,
3405 2475 3647 2545 σήμερον
3670 2475 3792 2545 πρὸς

2230 2560 2492 2632 οὐρανοὺς
2533 2562 2843 2633 ἀνεκόμισε,
2880 2562 3053 2615 κοινὸν
3097 2562 3529 2634 ὲγκαλλώπισμα
3572 2568 3639 2635 τῇ
3682 2566 3790 2618 κτί-

2233 2673 2317 2708 σει
2343 2656 2480 2727 (23,,
2515 2657 2613 2728 τὴν
2648 2658 2748 2728 τῆς
2785 2656 2998 2727 φύσεως
3030 2657 3281 2729 ἀπαρχὴν
3320 2657 3728 2730 δωρησάμενος.

2300 2748 2353 2802 5.
2384 2744 2510 2821 ’Ἆρ’
2536 2746 2649 2813 οὖν,
2672 2750 2814 2801 εἴποι
2849 2766 2932 2812 τις
2967 2748 3053 2811 ἂν,
3088 2750 3163 2812 ὡς
3182 2749 3301 2801 τότε
3338 2749 3496 2821 θυμῷ
3536 2751 3635 2822 μὲν
3671 2768 3790 2821 κρα-

2232 2838 2489 2908 τούμενος
2519 2842 2548 2893 ὁ
2579 2845 2651 2911 Δη
2663 2838 2918 2911 μιουργδς
2942 2838 3088 2910 παρὰ
3120 2838 3285 2902 πόδας
3305 2838 3475 2911 οῢσης
3502 2844 3606 2911 τῆς
3632 2857 3789 2912 παρα-

2233 2928 2465 2995 ϐάσεως,
2515 2932 2612 3002 τὴν
2657 2931 2840 2983 εἰκόνα
2881 2930 3258 3001 βδελύττεται,
3310 2933 3404 2984 καὶ
3445 2935 3684 3002 μισήσας
3705 2934 3789 2999 τὴν

2232 3023 2458 3095 γνώμην
2486 3022 2839 3088 καταδικάζει
2870 3025 2969 3095 τὴν
3017 3025 3209 3094 φύσι-θ’
3243 3025 3361 3077 νυνὶ
3388 3024 3447 3077 δὲ
3488 3028 3669 3097 χρόνῳ
3708 3041 3791 3095 με·

569 3117 756 3186 elapso
806 3123 1071 3184 tempore,
1116 3115 1362 3185 deposita
1405 3115 1796 3187 indignatione,
1845 3114 2132 3187 animoque

2234 3115 2495 3186 ταμαθὼν
2522 3116 2621 3187 τὴν
2660 3116 3053 3186 ἀγανάκτησιν,
3087 3117 3452 3187 μαλαχθέντος
3487 3117 3585 3170 τοῦ
3612 3116 3787 3187 θυμοῦ,

572 3207 781 3269 sedato,
811 3222 935 3261 eum
967 3207 1061 3277 qui
1103 3215 1475 3278 transgressus
1513 3208 1687 3261 fuerat
1732 3207 2136 3277 perhumaniter

571 3300 805 3371 accipit?
825 3298 1195 3369 Nequaquam,
1239 3316 1412 3369 neque
1441 3300 1585 3354 enim
1626 3300 1718 3354 illa
1757 3300 1908 3370 prius
1947 3314 2129 3370 gesta,

572 3394 689 3457 ira;
732 3409 907 3465 neque
950 3392 1088 3455 haec,
1117 3392 1340 3447 allectus
1380 3392 1711 3463 poenitentiae
1754 3393 1978 3463 largitus
2011 3403 2131 3462 est;

571 3482 668 3538 sed
699 3483 933 3553 desuper
965 3483 1278 3553 respiciens,
1311 3482 1403 3536 dat
1432 3484 1676 3538 ordinem
1709 3485 1895 3540 rebus.
1934 3483 2135 3540 Videns

570 3574 719 3629 enim
781 3574 1126 3633 damnatione
1198 3574 1390 3629 mortis
1449 3583 1774 3644 prostratam
1841 3587 2130 3641 naturam,

568 3674 623 3720 et
686 3666 937 3720 humanis
988 3664 1268 3719 doloribus
1337 3674 1584 3735 paratum
1650 3668 1960 3736 sepulcrum
2039 3684 2133 3722 rc-

569 3758 934 3826 ceptaculum,
961 3754 1287 3826 divitiasque
1317 3756 1511 3812 inferni
1544 3756 1659 3811 fore
1693 3757 1970 3813 hominum
2001 3774 2138 3830 prae-

568 3848 716 3912 dam,
747 3863 811 3903 ac
841 3849 1084 3918 quotidie
1123 3857 1350 3902 mortem
1401 3851 1675 3919 grassari;
1727 3853 1944 3907 solvens
1980 3868 2134 3907 com-

570 3939 884 3995 minationis
911 3941 1082 3993 aciem
1113 3938 1277 4003 Deus,
1301 3954 1452 4010 spem
1486 3941 1667 3995 statim
1708 3943 2134 3999 immortalitatis

570 4029 752 4097 generi
783 4029 1004 4083 exhibet
1034 4030 1293 4091 humano,
1328 4038 1590 4099 raptoque
1627 4047 1690 4085 ex
1726 4035 1917 4089 mediis
1959 4033 2135 4088 homi-

571 4114 736 4166 nibus
757 4111 999 4173 Enocho,
1027 4123 1259 4167 mortem
1285 4114 1563 4168 hominum
1598 4127 1908 4186 superatam
1950 4130 2137 4173 osten-

570 4201 698 4257 dit:
740 4204 1033 4272 docuitque
1086 4205 1367 4258 mortalem
1415 4213 1664 4259 naturam
1709 4210 2134 4265 immortalitatis

570 4294 835 4348 terminos
869 4296 1142 4363 accipere,
1178 4302 1341 4363 atque
1382 4303 1514 4349 tunc
1552 4297 1772 4352 edidicit
1800 4300 1905 4353 illa
1944 4302 2133 4356 mortis

570 4398 793 4438 cursum
824 4383 1118 4452 impedire:
1152 4385 1395 4453 justiquc
1417 4387 1721 4452 translatio,
1763 4391 1953 4444 mortis
1988 4393 2135 4445 cohi—

2234 3209 2325 3262 τὸν
2344 3209 2639 3281 ἠδικηκότα
2662 3209 2851 3275 φιλανθ
2861 3207 3161 3280 ρωπεύεται
3182 3225 3196 3274 ;
3218 3209 3496 3279 Οὒμενοὺν
3516 3226 3530 3239 ο
3557 3208 3677 3262 οὔτε
3694 3207 3789 3277 γάρ

2235 3302 2415 3353 ἐκεῖνα
2444 3300 2614 3370 θυμὸς
2651 3300 2795 3371 (24),
2842 3298 2966 3354 οὔτε
3011 3300 3181 3353 ταῦτα
3227 3300 3565 3371 μεταμέλεια
3605 3299 3791 3360 πάθους

2234 3396 2542 3465 χαρίζεται·
2572 3393 2687 3447 ἀλλ’
2736 3393 2939 3449 ἀνωθεν
2989 3393 3151 3466 ὁρῶν,
3200 3393 3350 3459 τάξιν
3406 3394 3664 3465 βραϐεύει
3697 3393 3791 3452 τοῖς

2234 3487 2583 3557 πράγμασιν
2615 3485 2756 3557 ὁρῶν
2791 3486 2901 3556 γὰρ
2925 3490 2990 3559 τῇ
3019 3487 3114 3540 τοῦ
3153 3487 3382 3540 θανάτου
3416 3486 3685 3556 καταδίκῃ
3708 3482 3790 3551 τὴν

2235 3580 2395 3649 φύσιν
2445 3577 2813 3644 ὀκλάζουσαν,
2866 3579 2960 3632 καὶ
3022 3578 3133 3632 τῶν
3191 3577 3553 3648 ἀνθρωπίνων
3605 3576 3791 3628 ὠδίνων

2233 3672 2449 3741 ἕτοιμον
2496 3672 2587 3725 τὸν
2636 3672 2805 3739 τάφον
2846 3670 3106 3740 διάδοχον,
3138 3671 3231 3723 καὶ
3272 3668 3505 3722 πλοῦτον
3555 3667 3649 3720 τοῦ
3683 3665 3790 3736 ᾅδου

2234 3761 2517 3832 γινόμενον
2553 3760 2661 3815 τῶν
2692 3760 2992 3833 ἀνθρώπων
3014 3761 3111 3831 τὴν
3137 3760 3331 3831 θήραν,
3366 3760 3463 3813 καὶ
3486 3756 3794 3826 καθημέραν

2236 3854 2466 3908 θανάτου
2505 3854 2785 3924 γινόμενον
2819 3852 3195 3925 παρανάλωμα
3230 3852 3364 3922 (‘25).
3408 3849 3557 3902 λύων
3589 3848 3688 3918 τὴν
3712 3847 3794 3914 τῆς

2235 3945 2463 4015 ἀπειλῆς
2512 3944 2695 4016 ἀκμὴν
2747 3945 2774 3996 ὁ
2822 3943 2988 4008 Θεὸς,
3045 3943 3236 3997 ἐλπίδα
3293 3941 3459 4003 εὐθὺς
3512 3936 3793 3995 ἀθανασίας

2233 4037 2511 4091 ἀνατέλλει
2542 4037 2618 4108 τῷ
2648 4037 2813 4105 γένει,
2840 4037 2934 4089 καὶ
2961 4037 3050 4089 τὸν
3086 4035 3258 4105 Ἑνὼχ
3301 4036 3365 4085 ἐκ
3403 4032 3591 4100 μέσων
3632 4026 3793 4099 ἁρπά-

2237 4145 2357 4191 σας,
2392 4128 2614 4181 θάνατον
2647 4127 2948 4199 ἀνθρώπων
2974 4126 3291 4197 ἡττώμενον
3321 4121 3513 4186 ἔδειξε,
3554 4121 3650 4173 καὶ
3687 4118 3798 4184 θνη-

2233 4217 2331 4286 τὴν
2353 4217 2512 4286 φύσιν
2544 4217 2819 4271 ἐδίδασκεν
2842 4218 3000 4287 ὅρους
3024 4214 3334 4277 ἀθανασίας
3356 4212 3693 4281 ἐκδέχεσθαι,
3717 4206 3799 4261 καὶ

2234 4310 2371 4373 τέως
2404 4311 2633 4364 θανάτου
2671 4310 2868 4381 δρόμον
2908 4308 3017 4380 (26)
3044 4309 3361 4378 ἐμάνθανεν
3409 4300 3796 4374 ἐμποδίζετθαι’

2236 4401 2331 4455 καὶ
2355 4403 2388 4471 ἡ
2414 4401 2505 4453 τοῦ
2521 4400 2729 4452 δικαίου
2748 4397 3092 4469 μετάστασις.
3110 4395 3357 4453 θανάτου
3378 4394 3570 4454 στάσις
3593 4390 3799 4459 ἐγίνετο.

569 4474 703 4529 bitio
732 4473 854 4528 fuit.
889 4474 945 4528 ld
991 4476 1047 4528 in
1089 4474 1268 4528 medio
1298 4476 1446 4529 luctu
1484 4485 1685 4538 actum,
1723 4487 1971 4534 naturam
2004 4483 2132 4537 edo-

2236 4489 2406 4542 Τοῦτο
2454 4490 2735 4560 γινόμενον
2780 4490 2837 4541 ἐν
2891 4488 3038 4559 μέσῳ
3064 4487 3289 4548 πένθει,
3341 4482 3671 4553 παλινῳδίαν
3719 4479 3803 4542 τὴν

568 4563 680 4616 cuit
707 4563 1038 4633 palinodiam
1064 4578 1278 4626 cauere,
1318 4579 1382 4617 ac
1411 4580 1559 4635 spem
1592 4581 1807 4623 sumere
1834 4572 2131 4626 meliorem.

569 4652 645 4709 Ne
663 4664 843 4710 autem
877 4657 1071 4710 iterum
1126 4657 1285 4709 mulli
1331 4659 1589 4727 temporis
1627 4660 1890 4717 decursus
1927 4679 2135 4720 memo-

568 4746 704 4800 riam
761 4746 1007 4802 miraculi
1059 4746 1206 4803 illius
1229 4748 1583 4814 oblitteraret,
1639 4754 1863 4822 speique
1911 4758 2133 4827 vestigia

566 4836 789 4899 deleret,
818 4838 983 4892 animi
1011 4841 1505 4894 consternationem
1528 4852 1749 4911 augeret
1781 4846 1960 4902 :cheve
1987 4864 2135 4903 mors

569 4929 880 4985 hominibus
917 4930 1231 4984 horribilior
1271 4940 1589 5002 appareret,
1620 4936 1940 4991 miraculum
1973 4956 2133 5011 repe-

567 5022 652 5085 tit,
677 5020 989 5091 donumque
1020 5021 1284 5091 duplicat,
1315 5022 1596 5094 adl‘uitque
1631 5027 1804 5082 victor
1843 5028 1989 5084 Elias
2038 5030 2136 5085 ad-

568 5126 758 5167 versus
784 5121 1011 5167 mortem
1037 5123 1293 5180 vocatus;
1318 5116 1409 5183 qui
1433 5130 1564 5170 voce
1586 5118 1760 5172 nubes
1783 5135 2130 5188 percurrens,

633 5312 745 5384 (i9)
784 5312 917 5385 Reg.
956 5312 1212 5378 etColb.,
1257 5316 1733 5388 συμφραξάμενος.
1780 5317 1946 5383 Editi,
1988 5336 2133 5391 συμ-

633 5382 966 5448 ιυαξάμενος.

644 5400 966 5446 υαςαμενος.

569 5400 782 5454 φρυαςα
857 5401 966 5446 νος.

636 5452 743 5526 (“30)
783 5401 876 5509 gi:
904 5454 1035 5525 Reg.
1065 5455 1295 5526 etColh.
1331 5456 1473 5511 Editi
1499 5473 1648 5517 vero.
1670 5458 1812 5526 ὑπὲρ
1842 5459 2025 5512 αὐτόν.

653 5522 744 5601 ξε)
785 5525 960 5601 ςυιυη
976 5522 1231 5601 συνῆλθε.
1258 5524 1401 5582 Infra
1423 5528 1732 5601 idetu,6p¢.iv
1755 5522 1817 5580 τδ
1834 5527 2129 5601 δημιούργ.

655 5591 743 5663 ἓξ)
782 5592 912 5663 [ἰιξίζζ
923 5632 938 5655 ,
972 5591 1271 5663 ἐμφαίνων.

631 5660 1122 5737 (25)-Ιιεᾘοεξυει
1179 5666 1334 5737 ροΙΙ).
1398 5669 1538 5723 Editi
1588 5685 1741 5731 vero,
1780 5666 2131 5737 στεφανώσας

568 5730 737 5782 κοινὸν
768 5730 987 5797 ὲγκαλλῖ
1012 5733 1146 5789 Ibid.
1194 5733 1348 5807 Reg.,
1392 5743 1457 5809 τῇ
1502 5739 1681 5807 φύσει,
1717 5730 1816 5809 pro
1846 5730 1909 5809 τῇ
1932 5730 2127 5797 κτίσειξ

2237 4580 2396 4651 φύσιν
2426 4581 2688 4643 ἐδίδασκε,
2720 4580 2813 4633 καὶ
2851 4581 3112 4650 χρησταῖς
3152 4580 3373 4635 ἐλπίσιν
3407 4573 3673 4627 ἀνίεσθαι.
3703 4570 3805 4621 Ἵνα

2234 4672 2290 4725 δὲ
2332 4673 2404 4743 μὴ
2434 4672 2622 4742 χρόνος
2651 4669 2809 4724 πάλιν
2838 4672 2895 4722 ἐν
2937 4668 3082 4739 μέσῳ
3112 4671 3272 4736 ῥέων
3314 4666 3481 4728 πολὺς
3507 4660 3805 4731 κατακλύσει

2234 4760 2334 4830 τὴν
2379 4762 2595 4833 μνήμην
2663 4759 2756 4813 τοῦ
2800 4759 3102 4829 θαύματος,
3157 4764 3292 4821 καί,
3343 4758 3409 4810 τὰ
3468 4757 3567 4826 τῆς
3614 4752 3805 4812 ἐλπίδος

2236 4855 2538 4924 ἀπαλείψας
2583 4855 2725 4926 ἴχνη,
2769 4854 2866 4925 τὴν
2908 4853 3152 4924 ἀθυμίαν
3206 4852 3436 4927 αὐξήσῃ,
3479 4851 3575 4905 καὶ
3612 4844 3806 4902 πάλινό

2236 4945 2463 5011 θάνατος
2493 4949 2632 5001 κατά
2655 4948 2762 5000 τῶν
2787 4946 3083 5020 ἀνθρώπων
3112 4948 3335 5021 φοϐερώ
3348 4964 3501 5020 τερος
3530 4945 3801 5016 (potivntur

2234 5038 2599 5107 ἀναλαμϐάνει
2629 5040 2690 5093 τὸ
2711 5039 2895 5111 θαῦμα
2924 5041 3018 5094 καὶ
3042 5040 3386 5105 διπλασιάζει
3414 5039 3477 5094 τὸ
3506 5038 3700 5110 δῶρον,
3718 5032 3799 5087 καί

2236 5125 2415 5196 παρῆν
2442 5128 2624 5192 Ἠλίας
2655 5131 2881 5200 νικητὴς
2906 5128 3046 5183 κατά
3064 5130 3159 5183 τοῦ
3190 5132 3421 5185 θανάτου
3446 5128 3793 5199 καλούμενος·

2305 5323 2952 5403 (εὓιβοιὺχοὺμενοῦν,
2970 5326 3093 5403 οὔτε
3119 5331 3439 5403 γὰρᾲὲκείξνα
3461 5330 3646 5403 θυμῷ,
3667 5326 3787 5396 Reg.

2233 5409 2382 5473 iens),
2410 5396 2704 5473 (Jb-EEVOPV'
2727 5396 2861 5473 ρὓτε
2887 5399 2995 5462 γὰρ
3024 5396 3209 5455 ἐκεῖνα
3232 5401 3425 5473 θυμός.
3461 5396 3635 5455 ΡξιῖιΙὈ
3658 5412 3785 5470 ροέι,

2233 5463 2411 5527 Colb.,
2431 5463 2579 5533 τάξει
2612 5467 2865 5540 βραϐεύει

2235 5555 2415 5681 ηξό)
2457 5557 2554 5614 Hic
2587 5560 2740 5615 locus
2763 5561 2964 5620 citatur
2996 5575 3025 5614 a
3062 5560 3320 5619 Michacle
3356 5563 3527 5636 Glyca
3564 5579 3619 5635 p.
3652 5558 3784 5617 ενα

2304 5717 2414 5788 (26)
2455 5718 2825 5791 Colbertinus,
2844 5721 3092 5792 δρίμους.
3115 5721 3269 5795 Βοε..
3293 5724 3513 5797 δρόμος-
