4022 6382
247 266 386 323 1097

1191 267 1419 325 SERMO
1452 268 1522 323 IN
1559 266 2094 327 ASSUMPTIONEM
2128 271 2382 331 DOMINI.

3324 278 3459 334 I098

243 385 337 451 ὃς,
393 388 545 459 φωνῇ
599 386 698 450 τὰς
731 386 960 457 νεφέλας
1011 387 1369 460 ὑποδραμὼν,
1417 389 1627 461 οὐρανῷ
1674 391 1793 461 περὶ

1900 393 2040 447 οωιο
2064 393 2447 451 interminatus
2475 404 2561 452 est
2585 412 2653 453 ne
2676 397 2904 468 plueret,
2928 407 3090 467 atque
3112 397 3276 468 ligata
3299 398 3466 452 verbo

241 476 506 548 ἀϐροχίας
552 477 813 549 ήπείλησε
836 518 852 542 ,
894 479 986 533 καὶ⁵
1030 481 1231 551 ῥήματι
1274 482 1439 553 δήσας
1480 481 1577 552 τὴν
1622 481 1799 534 κτίσιν

242 568 460 640 ἡνίοχος
508 567 617 621 τῶν
659 569 936 639 στοιχείων
966 569 1202 638 ἐγένετο,
1248 570 1459 644 γλώττῃ
1491 573 1661 642 μικρᾷ
1687 570 1797 642 (27)

240 661 341 728 τῆς
379 657 609 721 κτίσεως
645 658 926 722 συστείλας
964 660 1090 722 τοὺς
1132 661 1339 724 οἴακας.
1372 663 1502 715 Τότε
1553 663 1614 714 τὸ
1655 662 1801 732 μέγα

245 749 431 821 θαῦμα
468 749 774 814 δείκνυται,
810 749 1093 823 ἄνθρωπον
1125 752 1351 823 οὐρανὸς
1385 754 1795 824 αἰσχυνόμενοςσ

240 841 330 895 ἵνα
351 842 460 913 γὰρ
488 840 562 912 μη
584 842 645 894 τὸ
665 840 756 893 τοῦ
782 841 971 912 ἀνδρὸς
994 842 1205 907 εὐτελὲς
1232 843 1507 914 omaso!)
1535 844 1632 917 τῆς
1659 842 1799 896 κατά

239 930 334 984 τοῦ
385 931 617 986 θανάτου
654 931 811 1002 νίκης
856 931 954 1002 τὴν
999 932 1266 1003 αῐσθησιν,
1316 931 1588 1004 γνώριμον
1638 932 1798 985 αὐτὸν

243 1021 462 1092 πρῶτον
488 1025 556 1093 τῇ
613 1021 723 1092 (28)
764 1022 939 1076 κτίσει
983 1025 1131 1094 πάσῃ
1176 1024 1495 1096 προτίθησι,
1550 1024 1646 1078 καὶ
1677 1025 1798 1078 τότε

186 1174 197 1193 ν
238 1114 413 1184 πυρὶς
447 1114 683 1185 ὀχήματι
710 1113 900 1178 ἑπιϐἀς
935 1113 1217 1184 παραδόξῳ
1255 1116 1448 1186 πτήσει
1488 1115 1581 1169 καὶ
1615 1115 1799 1186 δρόμῳ

242 1207 393 1261 κάτω
446 1204 841 1276 καταλιμπάνει
882 1204 972 1258 τὸν
1011 1206 1267 1259 θάνατον·
1299 1207 1391 1260 καὶ
1422 1205 1675 1261 ἀλλάσσει
1707 1208 1799 1260 τὸν

240 1299 404 1370 νόμον
452 1299 552 1368 τῆς
589 1297 800 1366 φύσεως
847 1298 881 1367 ἡ
909 1295 1034 1362 ἀξία
1068 1298 1168 1369 τῆς
1210 1297 1453 1370 χάριτος.
1498 1298 1795 1370 Ἀνελήφθη

241 1392 346 1464 γάρ
389 1389 576 1454 Ἠλίας
616 1390 693 1454 ὡς
742 1392 822 1453 είς
864 1389 954 1443 τὸν
995 1390 1247 1462 οὐρανὸν,
1300 1391 1393 1445 καὶ
1449 1394 1722 1464 κέκραγεν
1769 1394 1798 1464 ή

240 1482 429 1555 Γραφὴ
454 1483 516 1535 τὸ
540 1481 744 1554 θαῦμα,
779 1484 888 1546 τοῖς
927 1481 1068 1545 ὅλοις
1111 1482 1272 1536 αίῶσι
1313 1485 1378 1553 τῇ
1423 1484 1571 1552 φωνῇ
1615 1498 1795 1553 παρα-

238 1576 557 1647 πέμπουσα.

306 1667 363 1721 4.
398 1668 471 1720 Σὺ
499 1666 558 1721 δέ
603 1683 691 1738 μοι
738 1665 952 1731 λοιπὸν,
999 1666 1266 1737 ἀγαπητὲ,
1309 1665 1410 1736 τῆς
1455 1665 1649 1729 λέξεως
1697 1665 1795 1737 τὴν

232 1757 523 1830 ἀκρίϐειαν
569 1758 867 1830 σκόπησονο
902 1757 994 1810 καὶ
1044 1759 1127 1829 μή
1163 1774 1222 1810 σε
1264 1756 1488 1828 διαλάθῃ
1526 1756 1792 1828 συλλαϐῆς

239 1849 515 1923 γραφικῆς
542 1850 829 1921 περιουσία
872 1849 966 1904 ml.
991 1848 1248 1919 δύναμις·
1291 1847 1425 1920 μηδὲ
1470 1850 1537 1920 τῇ
1575 1848 1674 1919 τῆς
1705 1847 1791 1903 λέ-

239 1940 373 2008 ξεως
410 1940 735 2014 παραδρομῇ
780 1939 859 2012 τῷ
884 1941 1119 2019 δεσπότῃ
1162 1941 1255 1995 τὸν
1299 1940 1517 2011 οἰκέτην
1566 1940 1793 2012 νομίσῃς

231 2033 508 2102 ἰσότιμονο
559 2033 621 2089 οὐ
673 2032 783 2105 γὰρ
833 2034 914 2096 είς
955 2031 1180 2104 οὐρανὸν
1231 2030 1415 2094 Ἠλίας
1471 2030 1790 2102 ἀνέρχεται,

235 2122 375 2186 οὐδὲ,
404 2120 716 2194 διαδραμὼν
759 2121 822 2175 τὸ
859 2121 1166 2193 στερέωμα,
1197 2123 1308 2183 τοῖς
1356 2120 1533 2173 ἐκεῖσε
1574 2119 1793 2191 χωρίοις

232 2214 549 2278 αὐλίζεταιν
582 2212 695 2267 ἀλλ’
720 2213 977 2275 ἄκουσον,
1006 2213 1058 2266 τί
1094 2228 1258 2282 φησιν
1297 2213 1327 2266 6
1368 2210 1611 2280 ἀνάγων⁹
1644 2229 1664 2262 ι
1706 2212 1793 2265 Ἐν

234 2307 289 2360 δὲ
313 2307 392 2378 τῷ
425 2304 651 2375 ἀνάγειν
686 2304 888 2378 Κύριον
926 2305 1015 2358 τὸν
1052 2305 1255 2368 Ἠλίαν,
1290 2304 1365 2367 ὡς
1405 2306 1482 2368 εἰς
1513 2304 1603 2357 τὸν
1633 2304 1795 2375 ούρα-

233 2397 323 2450 νόν
342 2412 356 2423 ·
395 2415 416 2447 r
445 2396 540 2450 καί
568 2396 727 2450 πάλιν
756 2395 926 2468 μικρά
947 2395 1093 2461 λέξις
1114 2412 1128 2426 ·
1161 2413 1179 2446 ι
1214 2396 1447 2465 Ἔστησε
1484 2396 1575 2449 τὸν
1609 2395 1794 2449 Ἠλίαν

236 2489 370 2559 πρὸς
387 2487 455 2542 τά
479 2490 590 2543 ἀνω
615 2489 926 2564 φερόμενον·
945 2486 1127 2560 Ἃρκεῖ
1144 2486 1250 2558 γὰρ
1268 2485 1345 2558 τῷ
1368 2489 1615 2559 προφήτῃ
1636 2504 1794 2559 τιμη-

230 2576 394 2646 θῆναι
416 2575 496 2647 τῷ
513 2576 685 2647 τύπῳ.
704 2576 817 2648 Πρὸ
840 2577 947 2649 γὰρ
965 2575 1060 2628 τοῦ
1082 2574 1341 2629 δεσπότου
1360 2576 1450 2627 τὸν
1473 2577 1688 2647 οίκέτην
1705 2576 1796 2628 οὑ-

234 2666 397 2738 ρανδς
414 2667 515 2738 οὐχ
535 2668 848 2738 ὑποδέχεται
861 2684 876 2699 ·
900 2688 917 2718 ι
940 2666 1112 2728 οὐδεὶς
1126 2666 1234 2737 γὰρ
1252 2666 1586 2737 ἀναϐέϐηκεν
1605 2670 1684 2732 είς
1704 2667 1795 2722 τὸν

234 2758 462 2829 οὐρανὸν
488 2760 535 2811 εί
567 2757 640 2829 μὴ
659 2761 687 2813 6
723 2761 787 2812 ὲκ
812 2758 905 2812 τοῦ
934 2757 1162 2831 οὐρανοῦ
1192 2758 1453 2823 καταϐάς,
1484 2760 1513 2811 6
1542 2759 1670 2823 Υίὸς
1700 2759 1794 2813 τοῦ

233 2849 548 2924 ἀνθρώπου.
571 2853 601 2904 6
625 2850 699 2904 ὢν
720 2854 776 2905 ὲν
804 2852 883 2923 τῷ
914 2852 1142 2925 οὐρανῷ.
1184 2874 1203 2906 ι
1254 2855 1529 2926 Ἐτηρεῖτο
1573 2855 1680 2926 γάρ
1726 2857 1792 2926 τῇ

234 2944 338 2996 τῶν
368 2943 675 3015 ἀνθρώπων
703 2945 920 3016 ἀπαρχῇ
945 2946 1031 3000 διὰ
1059 2947 1149 3000 τὸν
1173 2947 1282 3000 τῶν
1312 2946 1615 3019 ἀνθρώπων
1641 2965 1795 3018 ποιη-

1900 497 2081 537 rerum
2114 492 2331 550 natura,
2358 488 2546 556 auriga
2570 488 2960 543 elementorum
2996 488 3172 543 factus
3206 494 3319 551 est,
3341 503 3466 544 con-

1897 576 2088 629 tractis
2120 590 2283 644 parva
2312 592 2409 631 sua
2435 577 2616 647 lingua
2642 587 3015 632 creaturarum
3057 578 3463 647 gubernaculis.

1873 662 2037 717 ‘Tum
2067 667 2271 736 grande
2298 668 2584 724 exhibetur
2617 669 2937 723 miraculum
2958 708 2973 733 ,
3000 668 3201 724 cmlum
3244 685 3464 726 revere-

1900 761 1990 809 tur
2015 757 2499 822 ,hominem:nam
2548 775 2616 814 ne
2664 760 2904 815 hominis
2954 760 3193 816 tenuitas
3238 777 3463 817 sensum

1899 845 2142 902 victoriae
2192 848 2260 902 de
2310 856 2482 903 morte
2536 856 2823 918 reportatae
2889 846 3279 913 suffuraretur,
3335 866 3459 905 eum

1870 934 2077 1005 primo
2136 938 2405 993 creaturis
2443 938 2697 994 omnibus
2747 948 2935 993 notum
2987 938 3194 1003 reddit,
3232 955 3299 993 ac
3341 948 3461 993 tum

1900 1027 1991 1083 ille
2029 1029 2256 1098 ignitum
2298 1029 2672 1084 conscendens
2720 1044 2966 1093 currum,
3012 1030 3243 1085 mirabili
3278 1034 3464 1085 volatu

1896 1128 1954 1173 et
1974 1133 2161 1181 cursu,
2206 1127 2434 1173 mortem
2486 1119 2626 1172 infra
2673 1120 2929 1190 relinquit
2960 1162 2974 1186 ,
3039 1128 3317 1192 mutatque
3360 1137 3462 1175 na-

1901 1219 2036 1265 tura:
2064 1211 2235 1280 legem
2261 1210 2498 1281 dignitas
2528 1213 2733 1281 gratiae.
2758 1212 3085 1282 Assumptus
3121 1229 3355 1284 namque
3380 1222 3466 1269 est

1899 1298 2084 1356 Helias
2134 1301 2290 1370 quasi
2346 1302 2402 1354 in
2456 1303 2675 1365 cmlum,
2714 1300 3101 1371 Scripturaque
3141 1303 3465 1359 miraculum

1900 1391 2275 1460 proclamavit,
2311 1393 2563 1447 omnibus
2604 1394 2781 1462 ipsum
2822 1392 3038 1448 saeculis
3076 1410 3206 1450 voce
3252 1396 3464 1467 signiﬁ-

1900 1496 2056 1538 cans.

1969 1656 2024 1711 4.
2058 1655 2177 1713 Jam
2206 1667 2265 1715 tu
2298 1659 2431 1716 mihi
2453 1701 2468 1725 ,
2502 1659 2730 1726 dilecte,
2768 1661 2918 1716 vocis
2949 1661 3345 1716 accuratiouem
3382 1667 3463 1715 at-

1827 1722 2079 1820 Btende,
2109 1767 2211 1808 nec
2254 1752 2351 1808 tibi
2404 1722 2606 1809 lateant
2657 1722 2942 1824 descriptae
2992 1755 3211 1826 syllaba
3264 1755 3468 1809 divitia:

1896 1850 2059 1913 atque
2097 1843 2324 1900 virtus:
2381 1859 2559 1915 neque
2614 1844 2910 1899 dictionem
2965 1844 3469 1919 praetercurreudo,

1891 1931 2123 1991 Domino
2154 1950 2372 1992 servum
2404 1935 2610 1991 honore
2629 1950 2814 2006 parem
2838 1936 3138 1992 existimes.
3167 1934 3285 1990 Non
3312 1936 3457 1990 enim

1893 2026 1951 2081 in
1981 2026 2180 2083 cmlum
2208 2025 2391 2084 Helias
2420 2027 2686 2094 ascendit,
2718 2043 2892 2098 neque
2914 2027 3309 2083 ﬁrmamentum
3332 2044 3459 2096 per-

1892 2118 2096 2174 vadens
2121 2119 2190 2174 iis
2218 2120 2273 2175 in
2301 2120 2436 2176 locis
2459 2119 2702 2186 habitat;
2731 2119 2830 2175 sed
2857 2119 2983 2174 audi
3017 2118 3146 2190 quid
3178 2119 3342 2181 dicat,
3366 2120 3461 2188 qui

1894 2227 2114 2267 sursum
2149 2213 2260 2285 agit
2296 2212 2490 2267 illum:
2529 2232 2547 2262 ‹
2591 2209 2728 2265 Cum
2775 2218 2955 2265 autem
3001 2211 3237 2265 elevaret
3280 2209 3462 2263 Domi-

1894 2321 2001 2361 nus
2052 2304 2286 2368 Heliam,
2318 2304 2475 2374 quasi
2514 2304 2567 2357 in
2588 2303 2786 2358 caelum
2823 2303 2913 2354 ‘°:
2952 2322 2972 2354 ι
3003 2313 3057 2357 et
3096 2317 3316 2357 rursum
3348 2301 3463 2356 haec

1895 2410 2118 2466 pauca:
2162 2414 2181 2446 ι
2223 2393 2427 2449 Statuit
2484 2394 2687 2449 Heliam
2742 2394 2794 2447 in
2850 2393 3017 2447 altum
3057 2399 3302 2447 evectum
3330 2390 3395 2444 δι.
3435 2409 3456 2440 ο

1898 2484 2105 2539 Suﬁicit
2130 2485 2275 2539 enim
2319 2482 2603 2553 Propheta:
2634 2493 2691 2537 ut
2727 2484 2896 2552 ﬁgura
2923 2481 3239 2537 honoretur.
3278 2478 3462 2550 Siqui-

1894 2575 2015 2633 dem
2044 2577 2243 2632 cmlum
2271 2591 2382 2630 non
2423 2574 2657 2629 admittit
2694 2589 2906 2628 servum
2961 2584 3083 2628 ante
3132 2572 3458 2627 Dominum:

1893 2686 2020 2727 nam
2041 2712 2057 2737 ,
2087 2688 2108 2722 ι
2136 2685 2299 2727 nemo
2331 2669 2575 2726 ascendit
2602 2669 2658 2723 in
2697 2668 2918 2731 coelum,
2949 2667 3051 2722 nisi
3084 2667 3177 2736 qui
3228 2667 3294 2720 de
3324 2664 3464 2719 cmlo

1895 2764 2176 2822 descendit
2212 2763 2384 2818 Filius
2408 2762 2570 2835 Ml
2598 2762 2853 2824 hominis,
2880 2760 2971 2827 qui
3003 2768 3087 2814 est
3116 2760 3169 2813 in
3195 2759 3403 2812 caelo".
3437 2775 3455 2806 ι

1895 2852 2295 2908 Reservabatur
2325 2853 2469 2908 enim
2498 2851 2695 2905 ccelum
2726 2850 3007 2903 hominum
3050 2847 3304 2918 primitiis
3333 2861 3462 2917 pro-

1896 2951 2015 3013 pter
2063 2944 2343 2998 hominum
2398 2942 2757 2998 conditorem.
2807 2937 2992 3009 Itaque
3034 2937 3177 2994 Deus
3212 2938 3460 3007 exemplo

235 3036 379 3106 τηνό
404 3036 650 3106 οὐρανός.
702 3035 855 3091 Οὕτω
900 3039 1004 3108 μὲν
1039 3034 1132 3093 οὖν
1175 3043 1286 3102 τοῖς
1320 3040 1445 3110 περὶ
1496 3038 1584 3091 τὸν
1629 3038 1793 3109 Ἑνὼχ

1899 3032 2105 3087 Enochi
2166 3041 2220 3088 et
2273 3031 2402 3086 Elite
2470 3032 2611 3086 bona
2662 3046 2761 3100 spe
2816 3030 3059 3083 homines
3115 3027 3458 3088 exhilaravit,

234 3132 322 3182 καὶ
361 3129 552 3183 Ἠλίαν
572 3132 602 3183 6
637 3129 768 3193 Θεὸς
802 3129 977 3200 ἀγαθῇ
1008 3130 1176 3183 ἐλπίδι
1211 3130 1483 3201 εὐφράνας
1528 3132 1661 3193 τοὺς
1700 3132 1793 3183 ἁν-

235 3219 509 3292 θρώπους,
545 3219 611 3272 δι’
644 3212 717 3275 ὧν
763 3219 1066 3291 ἀνθρώποις
1107 3216 1223 3274 οὖσι
1248 3219 1337 3272 τὸν
1372 3220 1465 3273 τοῦ
1495 3219 1653 3290 ἀέρος
1675 3219 1795 3290 δρό-

234 3329 329 3383 μον
355 3312 663 3384 ἱππήλατον
687 3313 954 3382 ἥπλωσεν.
1008 3314 1081 3367 υὺ
1142 3331 1249 3384 μην
1299 3314 1426 3384 ἄχρι
1481 3329 1544 3381 γε
1590 3313 1793 3367 τούτων

232 3406 428 3478 ιστησε
453 3405 562 3459 τῶν
594 3406 735 3459 ὑπὲρ
760 3404 855 3475 τὴν
884 3404 1043 3473 φύσιν
1077 3405 1174 3476 τὴν
1198 3405 1375 3458 πίστιν
1394 3422 1407 3435 ο
1434 3404 1569 3458 ἀλλὰ
1595 3406 1687 3458 καὶ
1707 3406 1793 3459 διὰ

231 3497 326 3568 τῆς
351 3496 681 3569 καθημέραν
709 3496 937 3566 θεωρίας
969 3494 1162 3558 ἐθάδας
1193 3494 1443 3565 γενέσθαι
1485 3513 1795 3568 παρασκευ-

234 3590 341 3655 ἀςιν
365 3589 465 3643 τοῦ
492 3587 783 3659 θαύματος.
801 3586 865 3639 Τί
884 3585 991 3657 γὰρ
1012 3590 1182 3650 ποιεῖς
1205 3586 1536 3658 Προστάττει
1559 3586 1650 3641 τὸν
1673 3603 1796 3656 συγ-

233 3680 448 3751 γραφέα
481 3680 684 3734 Μωσέα
703 3677 1081 3750 εἶκονογράφον
1117 3678 1215 3748 τῆς
1248 3677 1474 3742 κτίσεως
1501 3676 1787 3746 γενέσθαι·

230 3775 322 3826 καὶ
349 3773 442 3826 διὰ
476 3770 681 3840 σκηνῆς
712 3768 1044 3840 μιμήσασθαι
1068 3769 1157 3823 τὸν
1178 3769 1404 3840 ποιητὴν
1429 3768 1790 3837 ὲγκελεύεται’

233 3863 332 3933 γῆς
359 3864 463 3934 μὲν
503 3861 726 3933 μίμημα
755 3862 847 3914 καὶ
893 3861 999 3915 τῶν
1031 3863 1090 3914 έν
1119 3862 1184 3931 τῇ
1239 3863 1308 3932 γῇ
1347 3862 1406 3913 τὺ
1457 3862 1555 3931 τῆς
1594 3861 1794 3931 σκηνῆς

234 3954 526 4023 πρόσωπον
555 3949 922 4023 θεωρούμενον
940 3968 955 3981 ·
985 3950 1052 4004 τά
1082 3951 1137 4004 δὲ
1165 3950 1264 4020 τῆς
1300 3950 1502 4021 σκηνῆς
1535 3950 1794 4021 ἐνδοτέρω

231 4043 563 4115 διατειχίσας
610 4042 1060 4111 παραπετάσματι
1101 4039 1425 4111 (ἀνθρώποις
1453 4040 1794 4110 ίκαταλείψας

232 4133 454 4187 ἀθέατον
488 4128 720 4203 ούρανοῦ
745 4146 866 4183 τινα
887 4127 1087 4197 τάξιν),
1108 4129 1185 4200 τῷ
1210 4130 1283 4202 μὴ
1314 4131 1619 4201 φαινομένῳ
1638 4130 1790 4201 μέρει

233 4224 533 4296 χαρίζεται.
578 4219 718 4274 Ἀλλ’
767 4219 937 4283 οὕτως
972 4219 1201 4293 οὐρανοῦ
1244 4221 1346 4277 οιαὶ
1401 4220 1504 4291 γῆς
1544 4219 1632 4273 διὰ
1686 4219 1793 4273 τῶν

236 4317 529 4386 σχημάτων
550 4310 915 4383 νομοθετήσας
961 4311 1059 4382 τὴν
1115 4310 1364 4382 μίμησιν,
1405 4311 1473 4364 τὰ
1515 4312 1574 4364 ὲν
1617 4309 1793 4383 ἀδύτῳ

1896 3125 2025 3194 quia
2062 3124 2309 3178 homines
2333 3136 2455 3177 cum
2494 3129 2712 3188 essent,
2758 3121 2864 3176 illis
2894 3120 3035 3175 aeris
3074 3134 3294 3173 cursum
3342 3132 3464 3186 per-

1896 3220 2041 3271 vium
2069 3217 2322 3272 reddidit.
2367 3213 2549 3285 Neque
2580 3223 2762 3268 tamen
2799 3228 2864 3268 eo
2910 3212 3175 3275 constitit,
3203 3217 3261 3264 ut
3302 3210 3461 3263 ﬁdem

1894 3307 2049 3362 daret
2078 3308 2145 3362 iis
2166 3322 2288 3377 qua:
2317 3314 2445 3362 sunt
2476 3319 2641 3374 supra
2687 3312 2957 3367 naturam,
3013 3303 3105 3358 sed
3142 3301 3460 3372 quotidiano

1895 3403 2121 3466 aspectu
2162 3396 2404 3449 homines
2441 3394 2707 3448 miraculo
2747 3408 3060 3448 assuescere
3099 3401 3269 3462 parat.
3319 3390 3460 3457 Quid

1895 3488 2039 3541 enim
2067 3484 2393 3556 agit?1ubet
2423 3486 2744 3553 scriptorem
2796 3482 2978 3536 Mosen
3031 3482 3321 3551 imaginem
3373 3498 3459 3536 re-

1897 3593 2018 3633 rum
2044 3587 2350 3632 creatarum
2372 3576 2682 3647 depingere,
2705 3583 2758 3629 et
2780 3590 2874 3643 per
2899 3574 3302 3627 tabernaculum
3337 3574 3459 3627 imi-

1895 3671 1999 3723 tari
2019 3667 2361 3733 Creatorem;
2395 3668 2467 3720 ita
2502 3674 2560 3721 ut
2588 3673 2748 3721 terra:
2774 3663 2990 3734 quidem
3020 3677 3083 3716 ac
3116 3673 3455 3717 terrenorum

1896 3758 2097 3828 efﬁgies
2136 3757 2209 3811 sit
2248 3756 2578 3810 tabernaculi
2626 3753 2838 3809 facies:
2897 3753 3157 3807 interiora
3200 3768 3327 3807 vero
3372 3762 3456 3805 ta-

1895 3844 2197 3904 bernaculi,
2226 3845 2361 3898 velis
2385 3842 2618 3897 obducta
2654 3841 2988 3913 (hominibus
3015 3844 3137 3896 caeli
3166 3841 3455 3912 quemdam

1894 3936 2137 3992 ordinem
2168 3937 2442 3991 occultum
2481 3935 2812 4007 relinquens)
2846 3937 2985 4005 parti
3028 3935 3151 3990 coeli
3199 3949 3318 4006 quae
3348 3951 3461 3990 non

1895 4035 2117 4099 apparet
2143 4028 2408 4082 attribuit.
2443 4030 2618 4098 Atque
2662 4028 2743 4081 sic
2787 4028 2911 4082 cmli
2959 4035 3226 4099 terraeque
3264 4027 3458 4096 imagi-

1895 4134 2018 4173 nem
2055 4118 2238 4189 ﬁguris
2261 4117 2574 4172 adumbrari
2602 4117 2819 4186 jubens,
2847 4127 3007 4186 atque
3036 4117 3223 4171 volens
3252 4124 3310 4168 ut
3338 4129 3458 4184 quae

1898 4213 1952 4266 in
1982 4212 2141 4283 adyto
2195 4218 2353 4267 erant
2403 4209 2716 4265 hominibus
2772 4211 3052 4265 inaccessa
3099 4218 3301 4274 essent,
3354 4212 3455 4263 soli

1896 4302 2137 4373 pontiﬁci
2160 4314 2493 4359 secretorum
2526 4301 2698 4372 aperit
2736 4302 3039 4373 ingressum
3070 4321 3082 4355 :
3121 4303 3309 4371 sicque
3345 4296 3457 4353 eiii-

230 4379 400 4460 ἄϐατα
429 4404 598 4458 πάλιν
617 4379 930 4473 *ἀνθρώποις
961 4379 1101 4456 εἶναι
1117 4379 1378 4473 θελήσας,
1400 4402 1542 4473 μόνῳ
1557 4401 1633 4472 τῷ
1660 4379 1793 4474 ἀρχζ

1895 4397 1969 4449 cit
2006 4404 2065 4449 ut
2106 4397 2387 4465 ingressus
2434 4393 2704 4464 pontificis
2747 4408 3008 4449 ascensus
3050 4393 3103 4448 in
3155 4393 3351 4447 cmlum
3386 4391 3458 4444 sit

234 4498 564 4567 ιερατεύοντι
599 4494 708 4547 τῶν
746 4494 1068 4565 ἀπορρήτων
1102 4492 1307 4560 ἀνοίγει
1336 4492 1432 4563 τὴν
1451 4493 1673 4555 είσοδον,
1696 4493 1792 4565 τῆς

230 4589 307 4650 εἰς
332 4587 561 4658 οὐρανὸν
585 4584 771 4639 ἀνόδου
820 4584 914 4654 τήν
942 4582 1034 4636 τοῦ
1081 4583 1201 4636 τότε
1244 4583 1541 4654 ἀρχιερέως
1591 4582 1793 4636 εἴσοδον

228 4678 468 4741 τυπικῶς
501 4675 895 4748 ἐργαζόμενος⁸
937 4674 1045 4737 ἵνα,
1085 4674 1317 4742 ὁρῶντες
1341 4675 1390 4726 οἱ
1435 4674 1554 4727 τότε
1588 4673 1679 4725 τὸν
1709 4674 1793 4725 οὐ·

227 4771 387 4839 ρανὸν
417 4771 475 4822 ὲν
506 4770 667 4837 τύπῳ
695 4766 1128 4836 διατεμνόμενον,
1163 4766 1255 4818 καὶ
1279 4764 1370 4816 τὸν
1393 4763 1652 4834 ἀρχιερέα
1697 4763 1791 4832 μό-

229 4877 313 4912 νον
335 4859 445 4912 τῶν
468 4859 690 4911 ἀϐάτων
718 4855 1154 4926 κατατολμῶντα,
1190 4853 1549 4925 προεθισθῶσι
1568 4857 1633 4924 τῇ
1670 4854 1786 4925 θέᾳ,

223 4951 316 5004 καὶ
352 4950 426 5021 μὴ
452 4947 734 5018 πολεμῶσι
769 4950 881 5010 τοῖς
913 4946 1173 5016 θαύμασι.
1221 4946 1435 4999 Τούτων
1471 4945 1788 5016 ὑπομιμνή-

226 5057 370 5094 σκων
417 5039 698 5101 Ἰουδαίοις
721 5040 749 5091 ὁ
777 5037 986 5099 Παῦλος
1027 5038 1055 5088 6
1078 5037 1177 5104 τῆς
1207 5037 1527 5106 οἰκουμένης
1569 5035 1786 5088 παιδευ-

224 5130 335 5201 τὴς,
366 5131 504 5185 ἐϐόα
526 5128 604 5200 τῷ
632 5130 920 5198 γράμματι
944 5146 956 5158 ·
992 5148 1009 5178 ι
1053 5129 1144 5190 Εἰς
1169 5128 1266 5197 μὲν
1287 5126 1383 5196 τὴν
1411 5125 1633 5195 πρώτην
1663 5141 1789 5195 σκη-

224 5222 316 5291 νὴν
343 5222 434 5276 διὰ
464 5221 671 5283 παντὸς
701 5220 926 5272 εἰσίασιν
952 5221 1000 5272 οἱ
1022 5222 1185 5291 ἱερεῖς
1214 5218 1309 5281 τὰς
1330 5217 1579 5287 λατρείας
1603 5220 1787 5270 ἐπιτε-

224 5311 472 5377 λοῦντεςο
523 5315 605 5375 είς
646 5310 704 5363 δὲ
741 5309 838 5381 τὴν
878 5310 1134 5378 δευτέραν
1187 5307 1333 5372 ἅπαξ
1367 5306 1460 5361 τοῦ
1503 5307 1783 5369 ἐνιαυτοῦ,

291 5467 335 5499 ⁵⁸
375 5465 444 5519 IV
482 5465 618 5535 Reg.
652 5480 724 5520 ιι.
759 5463 812 5517 I.
887 5464 929 5495 “
972 5461 1102 5517 ibid.
1137 5461 1224 5514 II.
1299 5460 1343 5492 “
1379 5458 1535 5514 Joan.
1573 5475 1668 5525 ιιι,
1704 5461 1792 5514 I5.

291 5579 400 5649 (27)
442 5578 524 5633 Ita
564 5578 768 5648 Regius
797 5584 851 5631 et
878 5575 1222 5649 Chibertinus
1250 5574 1454 5628 rectius
1476 5588 1638 5641 quam
1664 5573 1781 5626 edi-

222 5649 285 5713 ti,
324 5648 417 5719 qui
452 5650 679 5709 habent,
708 5650 737 5699 6
769 5648 971 5718 μακρᾷ.

626 5741 892 5799 Pauor"
935 5742 1050 5797 (in.
1085 5735 1376 5797 XXVIII.

1895 4487 2100 4556 ﬁgura;
2148 4493 2208 4540 ut
2256 4493 2389 4539 tunc
2442 4486 2624 4557 p0puli
2670 4485 2868 4539 cmlum
2910 4484 3154 4539 videntes
3203 4484 3258 4537 in
3290 4482 3454 4551 ﬁgura

1893 4588 2162 4649 apertum.
2193 4585 2247 4632 et
2282 4578 2456 4632 solum
2505 4575 2816 4647 pontiﬁcem
2854 4574 2923 4629 ad
2967 4574 3245 4627 inaccessa
3297 4587 3458 4638 pene-

1892 4679 2038 4724 trare
2086 4656 2399 4730 audentem,
2456 4667 2769 4737 spectaculo
2824 4662 3212 4725 assueﬁerent,
3282 4675 3459 4728 neque

1893 4762 2171 4815 miraculis
2199 4766 2583 4830 repugnarent.
2613 4757 2736 4811 Haec
2776 4753 2978 4810 Iudaeis
3024 4766 3458 4807 commemorans

1895 4850 2094 4907 Paulus
2120 4851 2311 4905 doctor
2338 4850 2507 4911 orbis,
2544 4850 2746 4917 scripto
2786 4847 3091 4900 exclamat:
3132 4861 3151 4893 ι
3193 4841 3248 4895 In
3286 4842 3458 4910 priori

1894 4943 2110 5013 quidem
2146 4942 2496 4997 tabernaculo
2522 4956 2733 5008 semper
2773 4937 3070 4992 introibant
3115 4931 3455 4992 sacerdotes,

1895 5031 2284 5087 sacriﬁciorum
2337 5031 2516 5084 ofﬁcia
2569 5036 3051 5083 consummantes:
3109 5025 3161 5077 in
3218 5020 3457 5076 secundo

1895 5134 2073 5178 autem
2105 5122 2270 5176 semel
2303 5123 2357 5176 in
2384 5137 2526 5175 anno
2556 5123 2705 5176 solus
2738 5117 3003 5189 pontifex,
3037 5130 3151 5168 non
3178 5114 3297 5167 sine
3330 5127 3459 5167 san-

1892 5215 2075 5284 Βυίῐιθς
2107 5228 2267 5283 quem
2298 5212 2456 5267 offert
2486 5227 2583 5280 pro
2612 5225 2711 5264 sua
2738 5218 2792 5264 et
2836 5221 2937 5276 pro
2981 5203 3165 5272 populi
3207 5201 3464 5268 ignoran-

1893 5310 1986 5362 tia.
2027 5306 2277 5360 Christus
2315 5313 2494 5357 autem
2540 5301 2836 5356 adveniens
2872 5292 3122 5365 pontifex
3156 5289 3465 5344 futurorum

1932 5571 2068 5659 ~(‘28)
2107 5568 2310 5641 Regius
2369 5575 2423 5623 et
2472 5565 2626 5621 Colb.
2691 5560 2907 5633 πρῶτον
2967 5559 3082 5620 τοῖς
3133 5555 3263 5626 περὶ
3311 5550 3473 5607 αὑτὸν

1896 5651 1984 5713 τῇ,
2013 5651 2115 5695 etc.

3127 5719 3201 5782 35
