4022 6382
598 318 737 372 1099
1749 317 1804 372 S.
1847 317 2302 373 ATHANASIL'S.
2347 351 2413 358 —
2455 317 2724 374 SPURIA.
3685 315 3811 370 “00

598 443 888 506 bonorum,
921 458 1017 516 per
1041 443 1268 512 amplius
1296 449 1345 496 et
1380 440 1677 511 perfectius
1701 441 2145 507 tabernaculum,

2262 442 2417 512 μόνος
2446 443 2475 494 ό
2505 442 2811 513 ἀρχιερεὺς,
2851 440 2910 493 οὑ
2951 441 3119 511 χωρὶς
3170 437 3402 508 αἵματος
3422 475 3438 498 ,
3465 436 3497 488 δ
3523 436 3811 506 προσφέρει

604 550 710 588 non
742 534 1128 597 manufactum,
1154 533 1211 587 id
1241 540 1344 595 est,
1371 547 1481 586 non
1506 531 1667 600 hujus
1691 531 1982 586 creationis
2017 550 2029 585 :
2063 547 2145 586 ne-

2258 533 2396 603 ὑπέρ
2425 533 2615 585 ἐαυτοῦ
2639 529 2860 584 καὶτῶν
2889 528 2980 581 τοῦ
3005 527 3131 580 λαοῦ
3163 525 3548 596 ἀγνοημάτων.
3589 525 3811 594 Χριστὸς

602 638 709 692 que
735 638 829 691 per
853 623 1168 691 sanguinem
1197 627 1478 674 taurorum
1507 626 1561 674 et
1585 619 1861 673 hircorum
1885 637 1900 685 ;
1935 619 2029 674 sed
2063 635 2145 688 per

2256 626 2312 678 δὲ
2341 624 2774 694 παραγενόμενος
2809 621 3095 692 ἀρχιερεὺς
3123 619 3232 672 τῶν
3255 618 3562 689 μελλόντων
3578 616 3808 686 ἀγαθῶν,

603 714 875 782 proprium
901 713 1218 782 sanguinem
1241 711 1483 766 introivit
1521 710 1690 765 semel
1724 710 1779 763 in
1807 718 1994 764 sancta
2025 710 2091 764 “.
2133 731 2145 762 ι

2255 714 2344 767 διὰ
2376 715 2471 785 τῆς
2506 713 2745 785 μείζονος
2769 713 2863 765 καὶ
2899 710 3230 780 τελειοτέρας
3279 710 3506 780 σκηνῆς,
3547 708 3608 761 ού
3647 724 3812 779 χειρο-

602 804 666 856 Et
695 819 909 860 rursum
942 803 1131 873 paucis
1162 804 1492 873 interjeetis:
1527 820 1545 853 ι
1572 800 1694 855 Non
1715 801 1857 856 enim
1890 803 1944 856 in
1968 811 2145 857 sancta

2257 807 2498 877 ποιήτου,
2527 805 2824 867 τουτέστιν,
2859 803 2920 857 ού
2943 801 3145 872 ταύτης
3171 801 3268 871 τῆς
3295 799 3529 862 κτίσεως
3556 815 3571 829 ·
3616 799 3733 852 ούδέ
3752 797 3809 850 δι’

600 892 906 946 ηιοηιίιιοιο
940 892 1183 946 introivit
1202 891 1472 951 Christus,
1499 889 1833 959 exemplaria
1861 904 2145 955 verorum;

2258 899 2485 968 αἵματος
2504 898 2717 969 ταύρων
2739 897 2833 951 καὶ
2851 894 3065 968 τράγων
3083 912 3096 925 ο
3113 893 3202 948 διά
3219 893 3274 946 δὲ
3291 892 3386 947 τοῦ
3414 893 3547 946 ίδίου
3568 893 3809 962 αἵματος,

599 985 692 1039 sed
723 985 777 1038 in
809 985 984 1054 ipsum
1013 985 1230 1050 coelum,
1262 991 1321 1039 ut
1368 990 1625 1056 appareat
1657 998 1805 1038 nunc
1847 984 2018 1038 vultui
2058 983 2145 1040 Dei

2260 985 2500 1057 εἰσῆλθεν
2528 983 2742 1054 ἐφάπαξ
2774 983 2939 1048 είςτά
2961 983 3109 1052 ἆγια.
3147 1001 3165 1035 ι
3197 982 3306 1035 Καὶ
3335 981 3500 1034 πάλιν
3533 982 3675 1052 μετά
3701 981 3812 1051 βρα-

597 1094 695 1147 ιπυ
724 1077 880 1132 llObiS
904 1076 968 1130 ’⁵⁸-
1015 1096 1034 1130 )
2258 1076 2386 1146 χὲατ
2427 1093 2446 1126 ι
2477 1079 2547 1130 Οὐ
2577 1076 2683 1148 γὰρ
2712 1077 2792 1139 είς
2812 1074 3160 1146 χειροποίητα
3183 1074 3311 1142 ἆγια
3347 1072 3600 1143 εἰσῆλθεν
3629 1074 3658 1125 ό
3687 1073 3811 1141 Χρι-

597 1171 736 1233 στὸς,
778 1171 1038 1224 ἀντίτυπα
1079 1171 1184 1224 τῶν
1227 1170 1489 1242 ἀληθινῶν
1515 1187 1528 1200 ’
1585 1171 1698 1225 ἀλλ’
1741 1173 1819 1234 είς
1863 1170 2024 1224 αὐτὸν
2087 1171 2176 1223 τὸν
2211 1170 2434 1243 οὐρανὸν
2516 1171 2610 1224 νῦν
2657 1169 3050 1242 ἐμφανισθῆνα.
3085 1168 3162 1240 τῷ
3212 1168 3490 1240 προσώπῳ
3544 1167 3638 1221 τοῦ
3677 1166 3811 1220 Θεοῦ

595 1263 731 1333 ὑπὲρ
762 1262 938 1333 ἡμῶν.
973 1282 990 1314 ι

665 1359 717 1412 5.
760 1357 837 1412 lta
882 1359 1032 1412 novit
1072 1359 1212 1414 Deus
1257 1359 1338 1415 vel
1366 1359 1557 1429 ﬁguris
1579 1358 1922 1419 confundere
1968 1359 2145 1414 incre~

2317 1356 2367 1411 5.
2401 1355 2584 1418 Οὕτως
2603 1350 2711 1408 οἶδε
2742 1355 2838 1408 καὶ
2865 1352 3054 1417 τύποις
3081 1352 3363 1424 ἐντρέπειν
3391 1352 3522 1416 τοὺς
3559 1353 3812 1418 ἀπίστους

592 1449 771 1513 dulos,
801 1458 854 1504 et
883 1451 1164 1505 miraculis
1196 1451 1461 1506 miracula
1502 1453 1846 1508 conﬁrmare.
1888 1450 1978 1507 Sic
2005 1451 2145 1507 Chri-

2247 1447 2449 1512 όΘεὺς,
2476 1447 2572 1502 καὶ
2601 1445 2842 1516 θαύμασι
2885 1445 2998 1517 (29)
3054 1442 3378 1499 πιστοῦσθαι
3423 1444 3493 1497 τὰ
3540 1445 3806 1516 θαύματα.

591 1551 710 1595 slus
759 1541 1005 1596 ascendit
1035 1541 1089 1595 in
1128 1542 1327 1596 caelum
1357 1561 1370 1596 :
1406 1542 1487 1597 sic
1529 1541 1729 1613 ﬁguras
1774 1542 1891 1612 ipsa
1931 1541 2145 1596 veritate

2248 1539 2403 1594 Οῦτω
2423 1538 2653 1612 Χριστὸς
2681 1539 2948 1610 ἀνήρχετο
2970 1539 3049 1601 είς
3077 1535 3302 1606 ούρανόν
3321 1551 3337 1566 ·
3386 1533 3534 1590 οὕτω
3571 1537 3700 1600 τοὺς
3727 1536 3811 1588 τύι

592 1629 900 1698 complevit.
937 1628 1234 1698 Oportebat
1275 1631 1442 1701 igitur
1481 1631 1868 1687 resurrectioni
1900 1631 2145 1685 Salvato-

2250 1645 2382 1694 πους
2411 1629 2556 1701 ἔργῳ
2584 1629 2838 1700 ἀληθείας
2868 1627 3164 1699 ἐκύρωσεν.
3211 1626 3359 1680 Ἔδει
3405 1628 3506 1698 μὲν
3555 1626 3651 1682 οὖν
3697 1646 3810 1681 συν-

593 1718 670 1773 ris
710 1733 997 1774 ascensum
1035 1718 1291 1790 adjungi,
1339 1728 1392 1775 et
1424 1722 1682 1776 victorem
1709 1720 1905 1775 inferni
1953 1723 2145 1776 caelum

2251 1720 2511 1774 ἅπτεσθαι
2538 1723 2606 1792 τῇ
2639 1716 2929 1774 ἀναστάσει
2963 1718 3055 1772 τοῦ
3090 1718 3340 1790 Σωτῆρος
3372 1719 3473 1791 τὴν
3499 1719 3706 1781 ἄνοδον,
3728 1721 3810 1773 καὶ

593 1811 777 1866 statim
811 1826 1099 1882 occupare.
1138 1811 1244 1867 Sed
1292 1828 1360 1867 ne
1398 1813 1647 1868 celeritas
1683 1827 1902 1869 sensum
1935 1814 2154 1868 tolleret

590 1915 774 1958 rerum
816 1911 1115 1975 gestarum,
1165 1912 1405 1975 tempore
1455 1905 1692 1975 quodam
1746 1905 2006 1959 miracula
2043 1904 2156 1958 vult

596 1994 832 2065 imprimi
879 1995 933 2049 in
965 1996 1336 2066 apostolorum
1372 1996 1642 2052 mentibus
1686 2011 1782 2066 per
1820 1997 2156 2067 contempla-

589 2088 832 2152 tionem,
894 2096 948 2142 et
989 2087 1214 2143 assiduo
1263 2089 1546 2144 oculorum
1587 2095 1807 2158 aspectu
1861 2087 2054 2142 animae
2094 2085 2155 2140 ﬁ-

590 2177 712 2232 dem
746 2177 1050 2234 insinuare.
1071 2177 1442 2234 ‘Convescitur
1469 2195 1593 2234 cum
1629 2179 1936 2250 discipulis,
1971 2178 2152 2234 cibum

590 2267 780 2330 sumit,
831 2267 957 2322 licet
1017 2282 1083 2322 eo
1131 2267 1353 2323 minime
1395 2269 1669 2339 indigeat:
1699 2269 1901 2338 praebet
1952 2281 2153 2338 corpus

589 2355 937 2425 palpandum,
979 2367 1141 2426 atque
1175 2359 1415 2413 veritatis
1454 2367 1623 2414 testes
1655 2374 1763 2416 non
1811 2358 1987 2414 solum
2030 2373 2155 2413 ocu-

588 2447 670 2502 los
701 2448 794 2502 sed
846 2449 1010 2503 etiam
1041 2448 1239 2519 digitos
1289 2449 1546 2504 admittit.
1581 2449 1951 2505 Diuturnitate
1991 2449 2154 2520 igitur

588 2538 890 2606 praesentire
936 2539 1078 2594 levat
1126 2539 1424 2608 phantasia:
1471 2539 1864 2609 suspicionem,
1918 2553 1982 2593 ac
2034 2554 2154 2608 qua:

588 2642 686 2696 par
723 2636 840 2682 erat
872 2628 938 2684 de
986 2629 1234 2684 discessu
1285 2644 1389 2684 suo
1437 2643 1562 2685 cum
1606 2629 1865 2700 apostolis
1916 2629 2149 2694 locutus,

589 2719 886 2789 discipulos
934 2735 1200 2776 ascensus
1245 2721 1330 2775 sui
1383 2728 1552 2777 testes
1605 2722 1862 2776 admittit.
1903 2718 2153 2792 Oportuit

587 2815 730 2866 enim
797 2814 1182 2869 miraculorum
1237 2827 1532 2884 praecones
1599 2812 1960 2868 indubitatam
2011 2810 2152 2866 ferre

586 2903 1004 2970 praedicatarum
1064 2920 1248 2960 rerum
1298 2905 1570 2960 notitiam.
1605 2904 1932 2960 Elevabatur
1973 2904 2152 2974 itaque

591 2991 860 3057 Salvator,
894 2995 1149 3050 videbant
1174 2994 1400 3050 inferius
1430 2992 1723 3064 discipuli:
1767 2993 1938 3048 nubes
1969 3001 2150 3049 autem

2255 1810 2345 1865 τὸν
2367 1810 2460 1864 τοῦ
2484 1811 2610 1882 ᾅδου
2631 1810 2854 1882 νικητὴν
2873 1809 3032 1873 εὐθὺς
3059 1809 3150 1862 τὸν
3171 1808 3400 1880 οὐρανὸν
3419 1809 3777 1873 ὑποδέξασθαι
3793 1825 3805 1838 ο

2255 1902 2367 1956 ἀλλ’
2397 1902 2482 1954 ἵνα
2523 1900 2596 1972 μὴ
2635 1899 2696 1954 τὸ
2727 1900 2889 1970 τάχος
2917 1900 3024 1954 τῶν
3048 1902 3352 1972 γενομένων
3391 1901 3568 1971 κλέψῃ
3601 1903 3700 1972 τὴν
3728 1901 3808 1954 αἶ-

2257 1994 2466 2065 σθησιν,
2495 1993 2731 2063 παγῆναι
2753 1992 2831 2064 τῷ
2861 1992 3036 2064 χρόνῳ
3072 1992 3319 2064 βούλεται
3345 1995 3459 2056 τοῖς
3500 1993 3806 2054 ἀποστόλοις

2253 2085 2340 2140 διὰ
2368 2084 2467 2156 τῆς
2495 2084 2724 2157 θεωρίας
2763 2083 2832 2138 τὰ
2872 2083 3142 2156 θαύματα,
3194 2086 3287 2138 καὶ
3335 2088 3404 2155 τῇ
3454 2086 3671 2153 συνεχεί
3707 2084 3807 2135 τῶν

2253 2177 2514 2248 όμμάτων
2539 2175 2807 2248 προσϐολῇ
2833 2179 2899 2248 τῇ
2931 2177 3079 2248 ψυχῇ
3106 2176 3466 2248 παραπέμψαι
3491 2177 3594 2244 τὴν
3615 2177 3803 2229 πίστιν.

2255 2270 2599 2322 Συνεστιᾶται
2641 2269 2753 2332 τοῖς
2796 2268 3096 2340 μαθηταῖς,
3129 2267 3390 2322 ἀπολαύει
3434 2269 3550 2339 (50)
3591 2269 3804 2345 τροφῆς.

2253 2363 2502 2434 ἀνενδεὴς
2525 2361 2621 2425 ὣν,
2654 2363 2921 2432 συγχωρεῖ
2954 2360 3302 2431 ψηλαφᾶσθαι
3341 2360 3402 2413 τὸ
3445 2361 3632 2432 σῶμα,
3676 2363 3804 2433 μάρ-

2251 2470 2417 2526 τυρας
2443 2454 2540 2523 τῆς
2569 2452 2822 2524 ἀληθείας
2841 2453 2941 2506 οὐκ
2972 2451 3278 2522 ὀφθαλμοὺς
3313 2453 3474 2523 μόνον
3493 2493 3508 2516 ,
3549 2453 3686 2506 ἀλλά
3725 2453 3805 2506 καὶ

2249 2543 2542 2606 δακτύλους
2592 2541 2966 2613 ἐφελκόμενος.
3018 2537 3199 2604 Δύσας
3236 2537 3328 2594 οὖν
3373 2542 3474 2611 τῆς
3518 2542 3806 2612 φαντασίας

2251 2636 2347 2707 τὴν
2375 2634 2603 2705 ὑποψίαν
2634 2633 2710 2706 τῷ
2737 2635 2911 2706 χρόνῳ
2942 2634 3041 2704 τῆς
3074 2634 3387 2706 παρουσίας,
3420 2635 3518 2687 καὶ
3561 2636 3632 2688 τὰ
3684 2635 3805 2707 πρὸς

2251 2733 2348 2802 τὴν
2377 2729 2681 2802 ἀποδημίαν
2702 2729 2884 2782 εἰκότα
2919 2730 3030 2792 τοῖς
3064 2726 3378 2790 ἀποστόλοις
3420 2728 3803 2800 φθεγξάμενος,

2254 2822 2449 2886 θεατὰς
2479 2823 2577 2893 τῆς
2607 2822 2789 2876 ἀνόδου
2819 2821 2942 2884 τοὺς
2978 2817 3222 2891 μαθητὰς
3251 2819 3647 2891 ἀπεργάζεται.
3675 2819 3804 2872 Ἔδει

2251 2912 2358 2984 γὰρ
2393 2913 2499 2966 τῶν
2530 2913 2820 2983 θαυμάτων
2843 2912 2967 2975 τοὺς
2996 2911 3262 2982 κήρυκας,
3303 2910 3681 2964 ἀνενδοίαστον

2252 3021 2365 3077 ρειν
2410 3004 2517 3058 τῶν
2565 3002 2975 3076 κηρυττομένων
3021 3003 3118 3074 τὴν
3142 3002 3360 3072 γνῶσιν.
3412 3003 3672 3072 Ἀνήγετο
3719 3003 3803 3071 μὲν

586 3087 815 3154 pedibus
860 3101 1211 3150 succurrens,
1257 3086 1566 3142 vehiculum
1612 3100 1677 3140 eo
1721 3084 1778 3138 in
1817 3099 1980 3139 cursu
2023 3083 2141 3140 fuit.

2247 3092 2338 3152 οὖν
2365 3097 2393 3150 ὁ
2421 3096 2629 3167 Σωτήρ·
2648 3095 2869 3147 ἔϐλεπον
2890 3095 2946 3148 δέ
2967 3094 3207 3149 κάτωθεν
3234 3095 3283 3147 οἱ
3305 3094 3566 3165 μαθηταί·
3589 3095 3800 3166 νέφοςδὲ

586 3176 630 3231 Ο
663 3178 906 3232 inaudita
937 3179 1229 3232 miracula!
1261 3179 1368 3233 Aer
1398 3175 1731 3247 pervaditur,
1765 3177 1934 3232 mther
1965 3177 2142 3232 susci-

582 3268 686 3337 pit,
715 3267 891 3337 angeli
925 3276 1275 3324 accurrentes
1307 3266 1727 3337 triumphalibus
1755 3266 1986 3322 canticis
2013 3281 2145 3321 con-

587 3360 865 3414 celebrant
895 3377 910 3413 :
942 3360 1253 3428 spectaculo
1289 3360 1547 3414 attonitos
1599 3357 1906 3428 discipulos
1946 3357 2144 3413 festum

581 3451 866 3505 celebrare
895 3451 1126 3506 suadent
1151 3470 1164 3506 :
1199 3470 1217 3502 ι
1245 3450 1387 3518 Quid
1415 3451 1572 3506 statis
1604 3450 1927 3521 aspicientes
1956 3451 2012 3506 in
2033 3465 2146 3506 ca:-

587 3542 850 3596 lum"?i
909 3541 1048 3608 Quid
1101 3543 1295 3598 statis?
1337 3543 1660 3600 miraculum
1712 3543 2001 3614 praedicate
2049 3559 2146 3615 per

585 3633 794 3700 orbem,
827 3633 1071 3688 discessu
1106 3633 1439 3688 adventum:
1467 3651 1488 3684 ι
1522 3633 1603 3688 sic
1647 3634 1846 3698 veniet,
1886 3633 2146 3703 quemad-

579 3729 806 3782 modum
827 3727 1041 3784 vidistis
1069 3743 1194 3783 eum
1220 3734 1438 3783 euntem
1464 3727 1518 3780 in
1546 3727 1744 3782 coelum
1769 3726 1833 3780 “.
1867 3746 1886 3778 ι
1925 3724 2022 3782 His
2048 3739 2148 3778 au-

585 3820 715 3874 ditis
742 3819 986 3885 vocibus;
1019 3817 1222 3875 Paulus
1250 3819 1402 3874 vocis
1434 3833 1546 3873 suaa
1573 3818 1734 3874 tubas
1763 3817 1984 3882 emittit,
2011 3817 2146 3872 scri-

583 3913 691 3980 ptis
713 3911 1028 3967 exclamans
1066 3912 1181 3967 suis
1209 3930 1223 3965 :
1255 3929 1274 3963 ι
1306 3909 1504 3967 Nostra
1533 3911 1876 3966 conversatio
1906 3911 1960 3965 in
1992 3911 2145 3965 caelis

584 4009 688 4062 est,
734 4001 876 4054 unde
923 4011 978 4054 et
1035 4001 1369 4055 Salvatorem
1423 4007 1804 4070 exspectamus
1855 3999 2143 4053 Dominum

584 4089 772 4146 Jcsum
811 4092 1092 4146 Christum
1117 4092 1182 4148 ⁸⁷.
1215 4113 1233 4145 ι
1277 4091 1374 4147 His
1407 4093 1653 4149 homines
1697 4092 1880 4162 adjicit
1911 4091 2097 4145 dicens
2127 4109 2139 4144 :

593 4199 612 4230 ι
649 4180 950 4250 ιὶιιρίοηιιιιι
988 4183 1042 4235 in
1091 4183 1328 4237 nubibus
1367 4181 1425 4236 in
1455 4196 1600 4246 aera,
1629 4183 1684 4236 in
1720 4194 2007 4236 occursum
2042 4180 2144 4235 Do-

587 4272 718 4324 mini
742 4273 807 4325 ⁵⁸.
839 4291 856 4322 ι
897 4269 1106 4326 Etenim
1137 4273 1297 4344 m2
1317 4273 1455 4342 justi
1485 4273 1762 4344 fulgebunt
1791 4273 1934 4327 sicut
1964 4273 2146 4342 splen-

587 4360 685 4412 dor
717 4359 1062 4414 ﬁrmamenti.
1111 4359 1188 4414 Ex
1243 4360 1516 4416 dominica
1558 4362 1722 4431 igitur
1758 4361 2142 4428 Assumptionc

2245 3189 2367 3252 τοὺς
2383 3186 2548 3248 πόδας
2564 3185 2908 3258 ὑποδραμὼν,
2921 3186 3018 3258 δχη
3027 3203 3100 3256 μα
3120 3186 3256 3256 πρὸς
3268 3185 3358 3238 τὸν
3373 3186 3574 3257 δρόμον
3592 3188 3798 3256 ἐγίνετο.

2249 3279 2311 3330 Ὢ
2327 3277 2639 3349 παραδόξων
2656 3275 2942 3346 θαυμάτων
2961 3278 2972 3330 l
2991 3277 3048 3329 '0
3070 3275 3176 3347 ἀὴρ
3192 3275 3508 3338 διοδεύεται,
3528 3277 3688 3347 αἰθὴρ
3707 3276 3799 3329 δια*

2244 3370 2473 3441 δέχεται,
2491 3368 2706 3437 ἄγγελοι
2725 3368 3256 3440 συμπαρατρέχοντες
3272 3367 3510 3438 ᾅσμασιν
3533 3368 3799 3429 ἐπινικίοις

2245 3460 2660 3533 ἐπανηγύριςον·
2685 3460 3158 3532 ἐκπεπληγμένους
3185 3462 3250 3530 τῇ
3285 3459 3382 3530 θέᾳ
3403 3461 3534 3523 τοὺς
3568 3460 3800 3532 μαθητὰς

2245 3552 2518 3626 ἐορτάζειν
2545 3552 2777 3607 ἔπειθον·
2801 3571 2820 3604 ι
2843 3552 2906 3604 Τί
2935 3551 3192 3624 ἑστήκατε
3222 3550 3714 3622 ἐμϐλέποντεςβί)
3731 3554 3798 3614 είς

2245 3647 2334 3699 τὸν
2355 3645 2610 3716 ούρανόν;
2667 3663 2685 3696 ι
2728 3644 2792 3697 Τί
2828 3646 3127 3717 ἐστήκατες
3166 3643 3246 3714 τῷ
3292 3644 3484 3715 κόσμῳ
3518 3646 3582 3698 τὸ
3632 3644 3796 3714 θαῦμα

2247 3735 2539 3808 κηρύξατε,
2567 3739 2635 3807 τῇ
2659 3737 2936 3810 ἀποδημίᾳ
2955 3738 3055 3808 τὴν
3088 3739 3415 3809 παρουσίαν·
3450 3738 3626 3804 οὕτως
3659 3737 3795 3794 ἐλεύ-

2249 3845 2421 3891 σεται,
2447 3828 2505 3882 ὃν
2542 3830 2739 3901 τρόπον
2779 3829 3071 3883 ἐθεάσασθε
3114 3830 3276 3883 αὐτὸν
3322 3832 3687 3902 πορευόμενον
3726 3832 3796 3891 είς

2245 3914 2335 3968 τὸν
2363 3915 2606 3988 οὐρανόν.
2643 3917 2856 3970 Τούτων
2885 3916 3118 3982 ἀκούσας
3143 3918 3252 3971 τῶν
3279 3919 3473 3988 φωνῶν
3509 3923 3540 3974 ὁ
3579 3920 3791 3982 Παῦλος,

2245 4003 2343 4074 τῆς
2374 4005 2557 4075 φωνῆς
2581 4005 2770 4076 ἀφίησι
2806 4006 2904 4069 τὰς
2932 4007 3251 4076 σάλπιγγας,
3280 4007 3369 4061 διὰ
3389 4008 3501 4064 τῶν
3547 4010 3791 4081 γραμμά-

2245 4115 2351 4150 των
2382 4098 2701 4169 κεκραγώς·
2744 4117 2762 4150 ι
2813 4099 2996 4170 Ἦμῶν
3024 4098 3084 4152 τὺ
3118 4099 3414 4171 πολίτευμα
3458 4103 3518 4153 ἐν
3563 4102 3793 4173 ούρανοέ

2247 4189 2499 4260 ὑπάρχει,
2541 4190 2601 4255 ἐξ
2651 4186 2710 4244 οὗ
2743 4191 2834 4245 καὶ
2872 4193 3097 4264 Σωτῆρα
3145 4192 3558 4263 ἀπεκδεχόμεθα
3607 4193 3791 4264 Κύριον

2258 4279 2460 4346 Ἰησοῦν
2481 4279 2734 4351 Χριστόν.
2773 4299 2792 4331 ι
2831 4279 3051 4344 Τούτοις
3084 4279 3405 4352 προστίθησι
3436 4281 3566 4343 τοὺς
3602 4277 3792 4350 ἀνθρὼ-

2245 4386 2379 4434 πους
2419 4371 2624 4439 λέγων,
2669 4371 2750 4424 ὃτι
2801 4389 2822 4423 ι
2865 4371 3295 4443 Ἀρπαγήσονται
3337 4372 3398 4424 ἐν
3431 4371 3680 4439 νεφέλαις
3719 4371 3790 4431 εἰς

587 4447 888 4504 Salvatoris
919 4450 1097 4505 nostri
1123 4459 1179 4506 et
1209 4449 1425 4504 Domini
1461 4457 1516 4505 et
1547 4451 1662 4505 veri
1691 4448 1784 4505 Dei
1811 4448 1942 4505 Jesu
1984 4449 2142 4504 Chri-

2247 4459 2401 4530 ἀέρα,
2431 4463 2510 4523 εἰς
2530 4461 2832 4532 ἀπάντησιν
2853 4462 2947 4515 τοῦ
2969 4461 3191 4532 Κυρίου.
3223 4481 3245 4513 ι
3272 4461 3381 4515 Καὶ
3407 4462 3516 4533 γάρ
3543 4465 3591 4515 si
3611 4463 3789 4515 δίκαιοι

587 4541 679 4603 sti,
717 4540 880 4596 simili
911 4556 1006 4612 spe
1039 4540 1295 4596 laetiﬁcati
1332 4541 1583 4596 dicamus
1603 4542 1678 4595 illi
1709 4556 1770 4595 :‘c
1800 4539 1974 4606 Quam
2021 4557 2138 4594 ma-

569 4620 835 4703 gniﬁcala
859 4640 988 4687 sunt
1011 4646 1177 4702 Opera
1206 4640 1322 4696 tua,
1350 4630 1605 4687 Dominel
1635 4631 2138 4701 omnia‘in‘sapien-

583 4727 657 4778 tia
686 4723 864 4779 fecisti
885 4726 952 4776 ιθ.
985 4743 1002 4774 ι
1037 4720 1160 4778 Tibi
1191 4725 1362 4795 gloria
1411 4731 1465 4780 et
1496 4725 1785 4794 imperium
1817 4724 1946 4777 cum
1971 4723 2139 4778 'Patre

557 4826 634 4873 -et
663 4817 868 4888 Spirilu
891 4828 1100 4883 sancto,
1133 4833 1278 4872 nunc
1315 4824 1369 4873 et
1397 4832 1609 4887 semper
1638 4823 1692 4871 et
1722 4817 1776 4871 in
1809 4816 2005 4871 saecula
2041 4832 2141 4872 sae-

578 4912 850 4965 culorum.
883 4913 1077 4966 Amen.

2242 4548 2606 4619 ἐκλάμψουσιν
2629 4549 2704 4613 ὡς
2728 4553 2760 4621 ἡ
2790 4550 3104 4624 λαμπρότης
3129 4549 3221 4604 τοῦ
3264 4550 3664 4623 στερεώματος.
3707 4552 3789 4604 Ἐκ

2241 4640 2340 4709 τῆς
2363 4641 2690 4712 δεσποτικῆς
2712 4643 2890 4696 τοίνυν
2915 4642 3226 4713 ἀναλήψεως
3252 4643 3347 4696 τοῦ
3380 4644 3630 4716 Σωτῆρος
3648 4643 3788 4715 ήμῶν

2243 4734 2336 4786 καὶ
2368 4734 2594 4804 Κυρίου,
2626 4734 2720 4786 καὶ
2750 4734 2998 4805 ἀληθινοῦ
3026 4733 3158 4786 Θεοῦ
3196 4733 3370 4805 Ἰησοῦ
3411 4735 3667 4805 Χριστοῦ,
3698 4733 3789 4796 τὰς

2228 4823 2434 4894 ’ὁμοίας
2455 4822 2674 4886 ἐλπίδας
2712 4825 3102 4894 τρυφήσαντες,
3137 4822 3386 4894 λέγωμεν
3430 4825 3567 4896 πρὸς
3604 4823 3786 4878 αὐτόν·

2249 4934 2266 4965 ι
2314 4913 2399 4977 Ὦς
2429 4913 2768 4986 ἐμεγαλύνθη
2818 4914 2884 4967 τὰ
2917 4914 3051 4985 ἔργα
3099 4931 3212 4977 σου,
3261 4913 3472 4984 Κύριεί
3523 4915 3692 4969 πάντα
3735 4914 3788 4964 ἐν

579 5004 741 5074 σοφίᾳ
772 5004 1066 5074 ἐποίησας’
1105 5023 1122 5056 ι
1155 5005 1236 5057 ὅτι
1267 5021 1346 5057 σοι
1377 5005 1410 5075 ή
1439 5003 1563 5071 δόξα
1590 5005 1684 5057 καὶ
1718 5005 1779 5057 τὸ
1813 5005 2009 5074 κράτος
2037 5005 2130 5058 σὺν
2168 5004 2246 5076 τῷ
2270 5007 2443 5076 Πατρὶ
2470 5007 2563 5060 καὶ
2589 5005 2663 5077 τῷ
2689 5005 2827 5076 ἁγίῳ
2860 5006 3130 5077 Πνεύματι
3163 5004 3256 5058 νῦν
3291 5005 3384 5058 καὶ
3412 5006 3501 5059 ἀεὶ
3563 5005 3654 5060 καὶ
3710 5002 3786 5062 είς

574 5097 701 5158 τοὺς
723 5096 923 5160 αἰῶνας
955 5096 1061 5150 τῶν
1093 5095 1320 5151 αἰώνων.
1365 5098 1559 5168 Ἀμήν.

643 5237 693 5268 ⁴⁵³
733 5238 894 5295 Hebr.
960 5257 1046 5302 Ix,
1082 5242 1232 5308 6,7,
1277 5243 1366 5306 Η,
1403 5243 1488 5297 19..
1554 5245 1610 5277 ‘“
1649 5245 1780 5300 ibid.
1814 5245 1904 5299 24.
1981 5246 2026 5278 ⁸⁸
2065 5245 2184 5300 Act.
2224 5263 2273 5308 ι,
2311 5244 2397 5299 Η.

574 5322 650 5369 ιν,
683 5309 775 5363 16.
853 5311 897 5341 ⁸⁸
936 5308 1080 5367 Psal.
1111 5328 1236 5377 cm,
1272 5313 1343 5365 24

580 5463 1008 5584 ποξῖθὲοῐξὲεἰιις,
1044 5469 1297 5541 θαύματι.
1323 5468 1496 5524 Paulo
1528 5476 1671 5540 post,
1705 5468 1836 5540 Reg.
1870 5473 1997 5534 τοὺς
2028 5470 2126 5524 τύ-

1047 5609 1324 5673 ἀπολαύει,
1364 5624 1486 5664 cum
1537 5611 1724 5664 codice
1769 5608 2000 5679 quodam
2036 5607 2127 5661 Bi-

578 5667 1157 5743 bliot‘hccze'l’alatinm,
1185 5695 1293 5749 quo
1313 5667 1588 5735 interdum
1611 5682 1694 5735 usi
1726 5667 1852 5736 su'nt
1877 5680 2130 5735 Comme-

2487 5245 2537 5275 “
2577 5243 2707 5298 ibid.
2799 5243 2845 5275 ‘7
2885 5242 3113 5314 Philipp.
3152 5257 3248 5309 ιιι,
3279 5241 3371 5297 20.
3464 5243 3510 5274 “
3547 5241 3564 5294 1
3599 5239 3780 5294 Thess.

2231 5469 2442 5550 liniani.
2483 5467 2645 5534 Editi,
2680 5468 2960 5523 ἀπολάὁει.
3002 5467 3138 5526 Ibid.
3170 5468 3300 5543 Reg.
3333 5469 3513 5533 habet,
3545 5467 3638 5538 τῆς
3664 5480 3781 5536 τρυ-

2237 5557 2414 5680 φηᾷἑι)
2447 5608 2644 5681 Regius
2669 5608 2862 5676 codex,
2907 5609 3217 5680 βλέποντες.
