4022 6382
307 174 442 230 HO!
1476 171 1837 229 ENCOMIUM
1874 172 1937 226 IN
1981 169 2039 226 S.
2077 171 2428 227 ANDREA“.
3404 165 3536 222 ΙΙοΞ

1027 497 1404 554 ΑυΜοΝιτιο
1443 497 1510 554 IN
1549 497 1910 555 amomum
1951 462 2017 554 ιιι
2062 499 2399 555 SANCTUM
2436 499 2792 556 moneam.

385 608 496 663 Hoc
519 604 824 663 Encomium
856 625 991 663 nunc
1018 611 1187 679 primo
1217 612 1394 680 prodit
1422 614 1477 667 in
1510 614 1679 669 lucem
1704 631 1769 669 ex
1795 615 1996 670 schedia
2025 616 2374 670 eruditissimi
2427 620 2676 687 nobisque
2726 619 3040 672 amicissimi
3093 619 3193 671 viri
3246 619 3533 683 Toinardi,

296 719 436 772 quas
469 702 560 754 ille
587 701 688 754 sibi
716 700 780 752 ab
822 698 1087 770 Hispania
1115 706 1460 758 transmissus
1486 722 1576 774 per
1601 708 2100 761 excellentissimum
2122 709 2301 762 domn.
2329 707 2610 775 Gasparem
2640 711 2704 763 de
2739 709 2995 764 Mendoza
3024 719 3074 763 et
3110 708 3361 779 Segovia,
3395 728 3538 762 mar-

298 793 540 845 chionem
579 791 644 844 de
683 789 986 859 Mondejar,
1022 791 1293 846 nobiscum
1321 796 1711 862 perhumaniter
1741 800 2161 853 communicavit.
2184 802 2266 854 Ad
2290 800 2644 854 Athanasium
2674 817 2832 869 porro
2858 802 3073 854 minime
3104 803 3363 868 pertinere
3383 803 3538 871 judi-

305 885 449 937 cabit
468 883 705 953 quisquis
745 882 1128 937 Athanasianaz
1157 885 1414 938 orationis
1437 885 1514 938 vel
1536 887 1806 940 tantillum
1829 889 2026 954 peritus
2054 891 2232 958 fuerit.
2279 891 2400 944 Non
2429 902 2507 945 est
2547 894 2684 944 enim
2718 909 2781 945 ea
2816 892 3096 962 dignitate,
3127 891 3355 959 judicio,
3405 910 3534 960 gra-

306 986 488 1039 uitate,
518 991 634 1046 quae
677 975 732 1028 in
760 975 894 1029 veris
920 977 1124 1029 elucent
1148 975 1428 1029 Athanasii
1456 977 1718 1044 operibus.
1759 977 1950 1031 Exstat
1983 979 2067 1034 hic
2097 982 2283 1036 Sermo
2322 985 2375 1036 in
2432 983 2610 1036 codice
2653 982 2958 1036 Colbertino
3019 984 3143 1050 847,
3190 985 3538 1053 tribuiturque

303 1069 510 1124 Basilio
546 1068 885 1134 Seleuciensi,
915 1069 1064 1138 cujus
1091 1085 1217 1123 sane
1246 1070 1440 1140 stylum
1466 1071 1632 1132 maqis
1663 1071 1825 1139 refert
1855 1088 2014 1141 quam
2047 1073 2493 1130 Athanasiannm.
2528 1075 2706 1130 Codex
2753 1085 2926 1129 autem
2967 1086 3047 1130 est
3092 1079 3538 1146 septingentorum

296 1163 519 1215 circiter
547 1176 830 1215 annorum.

1389 1365 1528 1422 ΤΟΥ
1564 1365 1655 1419 ΕΝ
1691 1367 1914 1423 ΑΠΟΙΣ
1947 1369 2218 1424 ΠΑΤΡΟΣ
2254 1371 2452 1424 ΗΜΩΝ

1610 1516 2246 1606 ΑΘΑΝΑΣΙΟΥ

882 1669 1285 1729 ΕΓΚΩΜΙΟΝ
1305 1675 1436 1730 ΕΙΣ
1477 1678 1615 1732 ΤΘΝ
1649 1681 1884 1735 APION
1917 1681 2265 1735 ΑΝΔΡΕΑΝ
2297 1682 2340 1733 Τ
2339 1679 2439 1732 ΟΝ
2466 1676 2922 1731 ΑΠΟΣΤΟΛΟΝ.

1312 1928 1405 2018 S.
1487 1932 1587 2018 P.
1670 1931 1789 2018 N.
1866 1931 2513 2021 ATHANASII

974 2101 1376 2160 ENCOHIUM
1427 2102 1518 2158 ΙΝ
1563 2103 1919 2162 SANCTUJI
1967 2103 2325 2162 ANDREAM
2369 2102 2834 2162 APOSTOLUJI.

374 2327 428 2382 1.
475 2329 648 2402 Ὁρῶν
666 2329 765 2401 τὴν
789 2330 1045 2402 λαμπρὰν
1075 2332 1276 2402 ταύτην
1318 2329 1519 2404 ἀγέλην
1565 2333 1656 2388 τοῦ
1705 2335 1874 2388 Πνεύ-

2050 2335 2104 2388 1.
2144 2333 2472 2388 Prmclarum
2502 2332 2694 2387 videns
2727 2331 2938 2386 Domini
2968 2347 3208 2404 gregem,
3255 2348 3541 2404 sagenam-

294 2439 478 2492 ,ματος
508 2422 602 2475 καί
628 2424 708 2486 είς
734 2422 795 2475 τὸ
821 2423 1050 2494 γαληνὸν
1082 2423 1296 2494 ἀληθῶς
1320 2426 1412 2477 καὶ
1437 2425 1747 2496 ἀκύμαντον
1777 2427 1874 2480 πέ-

1977 2442 2082 2497 que
2111 2425 2489 2495 apostolicam,
2519 2425 2815 2494 tranquillo
2845 2439 2909 2478 ac
2928 2425 3094 2479 nullis
3124 2427 3540 2495 tempestatibus

290 2511 490 2582 λαγος,
519 2513 878 2585 ἀποστολικὴν
925 2516 1401 2588 ὑπερϐεϐλημένην
1447 2518 1688 2589 σαγήνην
1737 2519 1870 2590 (52),

299 2607 402 2675 ’τῆς
455 2605 779 2677 δεσποτικῆς
837 2607 1018 2678 φωνῆς
1078 2608 1566 2679 ὑπομιμνήσκομαι
1629 2608 1870 2680 βοώσης·

307 2717 327 2749 ί
357 2697 527 2750 Δεῦτε
553 2697 727 2748 ὀπίσω
754 2713 875 2766 μου,
907 2697 999 2748 καὶ
1027 2697 1238 2767 ποιήσω
1270 2698 1414 2767 ὑμᾶς
1456 2698 1620 2761 ἁλιεῖς
1661 2697 1870 2768 ἀνθρώ-

300 2805 446 2845 πων.
480 2809 498 2839 ι
531 2789 596 2840 Ὢ
619 2791 800 2859 φωνῆς
830 2787 1082 2858 ἐνεργοῦς
1105 2789 1118 2842 !
1139 2789 1203 2840 Ὢ
1232 2789 1489 2859 ῥημάτων
1507 2789 1595 2842 διὰ
1619 2791 1877 2861 πραγμά-

298 2897 412 2933 των
473 2879 928 2951 γνωριζομένωνι
978 2881 1042 2932 Ὢ
1086 2880 1188 2950 τῆς
1239 2881 1473 2950 ἀληθοῦς
1533 2883 1876 2952 ὑποσχέσεως

293 2971 426 3024 ’καθ’
456 2971 671 3042 ἡμέραν
704 2969 1104 3042 αύξανομένηςί
1136 2971 1291 3034 Τίνος
1321 2970 1430 3042 γὰρ
1462 2973 1495 3043 ἡ
1527 2971 1875 3045 πολυάνθρω-

302 3081 407 3124 πος
442 3061 582 3134 αὕτη
609 3062 749 3133 θῆρα
775 3078 789 3126 ;
820 3061 912 3124 Τίς
941 3064 970 3114 6
1016 3062 1112 3132 τὴν
1149 3063 1422 3133 περιφανῆ
1457 3063 1661 3135 ταύτην
1689 3063 1875 3134 ἀθροί-

303 3174 404 3220 σας
457 3157 780 3226 πανήγυριν,
816 3155 848 3225 ἣ
882 3154 1056 3225 δῆλον,
1093 3155 1168 3218 ὡς
1195 3157 1224 3208 6
1270 3155 1571 3225 περιφανὴς
1597 3156 1704 3208 τῶν
1749 3158 1878 3209 ἀπο-

302 3247 511 3300 στόλων
557 3246 840 3318 Ἀνδρέαςς
873 3246 900 3297 6
929 3244 1188 3309 ’ἀπλώσας
1219 3246 1318 3316 τῆς
1347 3245 1592 3316 γλώττης
1637 3248 1730 3299 καὶ
1776 3249 1878 3318 τῆς

303 3341 517 3408 μνήνης
547 3339 617 3390 τὰ
649 3338 895 3408 θήρατρα
917 3355 929 3367 ⁸
961 3338 1067 3400 ἵνα,
1101 3339 1200 3410 τὴν
1234 3339 1384 3409 ἱερὰν
1405 3339 1613 3410 ταύτην
1661 3340 1877 3411 ἐμπλή-

304 3447 405 3492 σας
431 3429 633 3482 ὁλκάδα
651 3431 762 3492 τοῖς
783 3429 923 3493 οἴαξι
963 3431 1060 3500 τῆς
1093 3429 1399 3499 ἀποστολῆς
1434 3431 1566 3502 (55),
1617 3431 1752 3501 πρὸς
1794 3432 1878 3484 ού-

303 3521 470 3591 ρανὺν
500 3519 652 3592 ίΘύνῃ
679 3520 742 3572 τὸ
774 3522 1002 3589 σκάφος.
1038 3520 1147 3572 Καὶ
1170 3523 1298 3574 ποῖα
1322 3521 1390 3573 τὰ
1415 3521 1516 3590 τῆς
1539 3521 1714 3591 ἄγρας
1730 3537 1876 3592 πρω-

299 3614 462 3674 τεῖα;
501 3611 635 3662 Ποῖα
663 3610 719 3662 δὲ
753 3609 860 3662 τῶν
896 3613 1154 3680 καμάτων
1186 3613 1253 3665 τὸ.
1303 3610 1627 3681 ἀκροϐίνια;
1676 3613 1738 3663 Οἱ
1786 3612 1876 3664 τὸν

1978 2518 2180 2588 agitato
2212 2517 2402 2587 pelago
2431 2516 2711 2584 injectam,
2746 2515 3041 2572 Dominicae
3082 2519 3234 2573 vocis
3277 2520 3537 2572 recordor

1977 2607 2307 2661 clamantis:
2339 2625 2359 2655 ι
2393 2604 2585 2660 Venite
2623 2616 2744 2676 post
2786 2622 2892 2670 me,
2944 2617 2997 2661 et
3044 2606 3237 2662 l‘aciam
3284 2623 3381 2664 vos
3424 2608 3540 2664 ﬁeri

1981 2697 2283 2763 piscatores
2332 2695 2612 2748 hominum
2637 2696 2703 2750 ⁵ο.
2734 2714 2752 2746 ι
2807 2694 2853 2750 Ο
2900 2696 3168 2752 elﬁcacem
3221 2699 3440 2752 vocem!
3495 2697 3539 2751 Ο

1975 2788 2141 2842 verba
2183 2787 2349 2841 rebus
2387 2786 2522 2855 ipsis
2555 2788 2940 2856 comprobata!
2969 2787 3012 2842 Ο
3042 2804 3288 2843 veracem
3315 2791 3544 2858 promis-

1979 2880 2184 2934 sionem
2235 2880 2290 2932 in
2331 2880 2447 2934 dies
2494 2881 2740 2932 auctam!
2789 2879 3086 2948 Cujusnam
3137 2879 3252 2934 haec
3291 2889 3401 2934 tam
3445 2897 3544 2935 co-

1978 2971 2130 3040 piosa
2163 2969 2442 3025 hominum
2467 2973 2720 3026 venatio?
2748 2972 2881 3038 Quis
2917 2973 3186 3026 illustrem
3229 2972 3544 3041 huiusmodi

1977 3064 2153 3133 coegit
2175 3065 2415 3120 cretum?
2445 3065 2641 3119 Annon
2673 3066 2850 3135 palam
2880 3075 2965 3121 est
2985 3066 3133 3120 inter
3163 3067 3440 3135 apostolos
3480 3067 3546 3119 il-

1979 3153 2200 3207 lustrem
2233 3153 2286 3206 id
2317 3155 2637 3222 praestitisse
2684 3155 2998 3209 Andream?
3035 3155 3130 3224 qui
3161 3171 3283 3209 cum
3324 3156 3542 3226 linguaz,

1977 3252 2092 3298 tum
2127 3245 2402 3300 memoriae
2446 3245 2714 3302 venabula
2757 3246 3085 3316 explicavit;
3139 3255 3199 3300 ut
3245 3247 3347 3301 hac
3387 3262 3546 3303 sacra

1979 3335 2198 3404 impleta
2224 3336 2497 3398 navicula,
2533 3337 2872 3406 apostolatus
2904 3337 2987 3392 sui
3018 3338 3406 3407 gubernaculis
3428 3354 3550 3392 sca-

1979 3427 2139 3494 pham
2179 3425 2377 3496 dirigat
2408 3427 2475 3480 ad
2517 3428 2739 3480 coelum.
2791 3425 3118 3496 Ecquaanam
3157 3429 3211 3482 in
3259 3429 3549 3484 venatione

1979 3518 2184 3586 primas
2231 3517 2468 3571 habent?
2512 3517 2769 3584 Quaenam
2825 3518 3071 3572 laborum
3123 3521 3243 3588 ejus
3293 3521 3548 3588 primitiae

1979 3611 2144 3664 sunt?
2167 3609 2270 3676 Qui
2302 3610 2590 3664 sacerdotii
2625 3610 2888 3665 ambitum
2924 3612 3222 3666 virtutibus
3248 3621 3544 3667 exornant.

297 3703 401 3771 τῆς
439 3701 734 3772 ἱερωσύνης
774 3679 1055 3772 περίϐολον
1083 3705 1202 3767 ταῖς
1249 3679 1470 3775 ἀρεταῖς
1519 3705 1874 3776 περιφαιδρύ-

1977 3699 2082 3765 Qui
2115 3701 2274 3770 primi
2306 3701 2624 3770 apostolicis
2661 3701 2814 3756 hisce
2847 3703 2995 3756 ulnis
3031 3703 3270 3772 impositi
3305 3710 3458 3767 sunt,
3491 3711 3550 3757 et

302 3810 488 3856 νοντες
516 3793 648 3862 (54).
668 3792 734 3847 Οἱ
759 3793 1076 3863 πρῶτοιτάς
1109 3795 1467 3859 ἀποπολικάς
1490 3797 1690 3860 ταύτας
1717 3799 1879 3862 ύπερυ

298 3883 492 3948 ’θέντες
514 3884 777 3953 ἀγκάλας,
801 3887 895 3939 καὶ¹
921 3888 1046 3949 τοὺς
1073 3885 1176 3950 ἔξω
1202 3887 1586 3958 πλανωμένους
1617 3889 1752 3960 πρὸς
1777 3906 1880 3942 σω-

302 3977 500 4048 τηρίαν
527 3976 912 4048 ἀγρεύσαντες.
953 3978 1090 4031 Ἀλλ’
1123 3978 1156 4049 ῆ
1180 3980 1272 4033 καὶ
1298 3980 1396 4050 τῆς
1432 3981 1714 4052 παρούσης
1744 3983 1876 4053 ἡμῖν

304 4068 666 4140 πανηγύρεως
692 4072 720 4122 ό
750 4072 922 4140 μέγας
950 4065 1103 4132 οὗτος
1149 4070 1396 4140 Ἀνδρέας
1441 4071 1538 4135 τὰς
1573 4072 1876 4143 προφάσεις

303 4162 534 4215 δέδωκεν
554 4179 568 4192 ο
600 4161 713 4216 ἀλλ’
739 4163 767 4216 ὃ
793 4179 857 4230 γε
888 4163 994 4225 πᾶς
1021 4162 1128 4214 τῶν
1156 4163 1464 4216 ἀποστόλων
1486 4166 1874 4234 συνεκτιμᾶται

303 4253 487 4323 χορὸς.
524 4252 630 4316 Οὓς
654 4253 815 4324 γὰρὴ
852 4255 1008 4327 χάρις
1042 4255 1293 4325 συνῆψεν,
1330 4257 1388 4308 οὐ
1427 4255 1658 4328 διίστησι
1689 4257 1871 4321 τόπος.

307 4345 417 4397 Καὶ
451 4344 699 4417 καθάπερ
732 4347 890 4409 εἴτις
914 4346 1022 4398 τῶν
1064 4347 1129 4398 ἐκ
1167 4346 1512 4411 πολυτελείας
1557 4348 1874 4419 διηνθισμέ-

304 4453 410 4488 νων
445 4436 608 4489 λίθων
635 4438 872 4489 ἐπαινεῖν
903 4437 1173 4509 ἐθελήσειε
1202 4438 1485 4507 στέφανον,
1507 4440 1630 4492 ὅτου
1667 4439 1734 4492 ἂν
1762 4442 1875 4503 τοῖς

305 4528 550 4591 ἐπαίνοις
581 4529 964 4598 περιδράξηται
998 4529 1216 4599 μέσους,
1248 4530 1340 4582 τὸν
1367 4530 1485 4583 ὅλον
1506 4531 1874 4602 συνθαυμάζει

303 4624 416 4684 τοῖς
464 4620 688 4693 μέρεσι’
738 4621 770 4690 ἢ
808 4619 1078 4690 καθάπερ,
1113 4623 1318 4692 χρυσῆν
1349 4639 1470 4676 τινα
1521 4623 1706 4694 σειρὰν
1733 4623 1876 4694 ὁρῶν

304 4731 406 4776 τις,
436 4714 542 4783 ὅπη
577 4711 642 4764 ἂν
667 4713 881 4782 ἅψαιτο,
901 4713 960 4765 τὸ
992 4716 1100 4766 πᾶν
1136 4714 1482 4785 συνεκίνησεν
1501 4733 1517 4748 ο
1551 4715 1692 4768 οὕτω
1727 4718 1817 4770 καὶ
1846 4719 1876 4769 6

304 4804 442 4874 πρὸς
485 4804 582 4857 ἕνα
626 4804 734 4856 τῶν
781 4805 1090 4858 ἀποστόλων
1137 4805 1292 4873 λόγος
1335 4805 1562 4875 βαδίζων
1607 4808 1672 4860 δι’
1708 4807 1873 4861 αὑτοῦ

306 4897 518 4966 συνέχει
537 4896 662 4958 τοὺς
691 4896 932 4960 ἅπαντας
947 4898 1088 4951 κατά
1110 4899 1204 4970 τὴν
1232 4899 1324 4952 τοῦ
1358 4899 1644 4952 Θεσπεσίου
1661 4899 1874 4952 Παύλου

1978 3793 2074 3861 qui
2122 3801 2275 3847 extra
2304 3801 2565 3863 vagantes
2597 3802 2953 3864 errantesque
2985 3794 3052 3848 ad
3099 3796 3328 3850 salutem
3362 3797 3547 3849 venali

1978 3893 2122 3941 sunt.
2164 3883 2330 3939 Plane
2379 3885 2540 3940 nobis
2591 3887 2876 3956 praesentis
2933 3884 3267 3960 celebritatis
3311 3896 3541 3953 magnus

1977 3977 2066 4031 ille
2093 3975 2338 4031 Andreas
2377 3977 2696 4032 occasiones
2725 3978 2875 4034 dedit
2903 3996 2918 4033 :
2947 3978 3038 4031 sed
3075 3986 3224 4030 totus
3264 3978 3548 4044 apostolo-

1976 4083 2098 4120 rum
2131 4067 2334 4122 chorus
2380 4067 2438 4120 in
2488 4075 2696 4136 partem
2734 4068 2956 4122 honoris
3002 4069 3169 4122 venit.
3202 4067 3352 4134 Quos
3399 4071 3545 4121 enim

1975 4159 2150 4229 gratia
2179 4159 2467 4228 conjunxit
2508 4175 2617 4214 non
2649 4168 2870 4229 separat
2893 4160 3066 4214 locus.
3088 4159 3168 4213 Ac
3188 4157 3547 4228 quemadmo-

1977 4255 2105 4308 dum
2137 4255 2182 4307 si
2213 4259 2336 4324 quis
2376 4269 2636 4309 coronam
2666 4253 2865 4324 lapillis
2898 4253 3156 4324 pretiosis
3193 4260 3548 4322 coagmenta-

1979 4357 2086 4400 tam
2120 4348 2343 4402 laudare
2384 4347 2536 4410 velit,
2587 4361 2974 4418 quamcunque
3027 4355 3239 4414 partem
3292 4343 3547 4398 laudibus

1975 4439 2220 4500 extollat,
2252 4447 2424 4494 totum
2471 4455 2578 4494 una
2623 4455 2746 4494 cum
2791 4447 2947 4508 parte
2999 4439 3092 4492 illa
3144 4439 3420 4491 miratur:
3453 4447 3548 4489 aut

1977 4531 2433 4600 quemadmodum
2492 4533 2538 4585 si
2583 4531 2708 4600 quis
2748 4545 2970 4585 auream
3029 4531 3218 4585 videns
3267 4538 3541 4594 catenam,

1977 4639 2301 4693 quacunque
2328 4638 2446 4679 eam
2481 4632 2636 4692 parte
2669 4629 2876 4692 tangat,
2902 4629 3068 4675 totam
3102 4631 3438 4677 commovet:
3471 4623 3548 4674 ila

1977 4730 2158 4770 sermo
2195 4714 2262 4768 de
2290 4713 2485 4783 quovis
2518 4714 2888 4782 apostolorum
2922 4713 3119 4772 factus,
3165 4727 3355 4766 omnes
3387 4711 3548 4779 plane
3615 4770 3618 4774 Α

1978 4813 2185 4876 spectat
2230 4807 2531 4875 apostolos,
2577 4806 2731 4874 juxta
2763 4804 2933 4857 divini
2980 4805 3130 4857 Pauli
3174 4819 3362 4858 vocem
3393 4823 3405 4856 :
3438 4823 3456 4853 c
3489 4803 3546 4857 Si

1977 4899 2178 4968 gaudet
2208 4913 2374 4952 unum
2419 4897 2744 4962 membrum,
2781 4898 3123 4967 congaudent
3165 4899 3345 4950 omnia
3378 4911 3550 4949 mem-

304 4989 522 5057 φωνήν·
571 5006 590 5037 ι
629 4988 690 5040 Εἰ
718 4988 895 5057 χαίρει
928 4988 985 5039 ἓν
1035 4989 1211 5058 μέλος,
1266 4989 1549 5059 συγχαίρει
1594 4990 1769 5042 πάντα
1803 4990 1871 5042 τά

1977 4992 2071 5044 bra
2094 4991 2162 5044 ⁵⁸.
2201 5010 2219 5042 ι
2268 4989 2440 5054 Quam
2487 4991 2630 5044 enim
2685 4992 3052 5045 membrorum
3107 5004 3420 5058 compagem
3472 4990 3549 5042 ita

304 5083 464 5152 μέλη.
509 5101 528 5132 ι
560 5081 726 5134 Ποίαν
755 5081 862 5152 γὰρ
897 5081 961 5134 ἂν
989 5082 1161 5150 μελῶν
1192 5084 1456 5152 ἁρμονίαν
1489 5081 1660 5144 οὓτως
1703 5085 1734 5152 ἡ
1770 5083 1871 5151 φύ-

303 5191 385 5236 σις
411 5173 693 5243 ἐξύφηνεν,
721 5171 796 5234 ὡς
829 5172 924 5243 τὴν
953 5173 1061 5226 τῶν
1100 5175 1410 5227 ἀποστόλων
1455 5175 1668 5247 χορείαν
1703 5178 1734 5245 ή
1775 5174 1870 5228 τοῦ

369 5327 415 5357 ⁸⁸
458 5326 652 5380 Matth.
686 5341 763 5388 Iv,
799 5325 884 5378 19.
960 5328 1002 5356 ⁸⁸
1046 5325 1062 5377 l
1096 5325 1224 5380 Cor.
1270 5343 1368 5388 Vm,
1403 5327 1500 5381 26.

371 5480 682 5552 (52)(3011).
734 5480 1060 5550 ἀποστολικῇ
1109 5479 1201 5534 νῦν
1259 5481 1720 5552 περιϐεϐλημένην
1776 5499 1870 5535 σα-

303 5557 462 5625 tiva-

1981 5091 2174 5135 natura
2216 5080 2509 5148 colligavit,
2542 5088 2601 5132 ut
2631 5081 3001 5149 apostolorum
3045 5078 3273 5132 chorum
3315 5078 3550 5146 Spiritus-

1980 5173 2152 5242 gratia
2193 5172 2506 5240 copulavit?
2533 5170 2670 5224 Nam
2718 5186 2823 5224 una
2863 5171 3022 5240 plane
3068 5171 3244 5238 gratia
3292 5179 3398 5234 est,
3428 5186 3550 5240 qua:

2052 5481 2160 5536 ('33)
2195 5479 2348 5532 Colb.
2381 5479 2480 5550 τῆς
2500 5480 2862 5552 ἀποστολικῆς
2892 5480 3128 5550 χάριτος,
3163 5483 3237 5546 εἰς
3267 5484 3386 5552 οὐρ.

2053 5553 2160 5621 (5-4)
2201 5553 2562 5605 Ουὶὶιηιιίιιυε.
2593 5551 3135 5623 καταφαιδρύνοντες.
