4022 6382
587 447 723 500 ΗΟἸ

1755 450 1810 506 S.
1858 449 2320 506 ATHANASIUS.
2361 480 2431 489 —
2474 449 2744 507 SPURIA.

3706 453 3812 510 “08

587 570 851 624 novavit:
887 585 950 623 ac
993 585 1209 624 rursum
1249 571 1640 626 miraculorum
1675 572 1804 626 olim
1857 573 1910 625 in
1945 571 2162 625 deserto

2279 571 2461 641 ἐρήμῳ
2500 572 2630 623 ποτέ
2681 570 2974 641 θαυμάτων
3017 569 3268 642 μάρτυρα
3307 568 3466 623 πάλιν
3502 570 3720 622 ἐποιεῖτο
3738 571 3812 639 τὴν

589 664 855 716 editorum
891 661 1163 715 desertum
1207 669 1396 719 testem
1427 661 1640 730 effecit;
1674 665 2166 732 convivatoresque

591 752 816 820 protulit
846 751 1171 821 discipulos,
1203 763 1256 808 et
1289 754 1357 807 ad
1399 755 1521 810 illas
1553 755 1687 811 levis
1721 764 2018 826 apparatus
2062 757 2164 809 da-

589 860 684 912 pes
721 843 910 898 turbas
944 844 1157 898 invitat.
1186 847 1573 914 Apostolorum
1603 863 1767 918 porro
1800 856 2003 902 coetum
2028 848 2169 919 ejus-

589 934 740 987 modi
783 937 1010 1002 penuria
1044 935 1323 998 turbabat,
1369 951 1603 1006 seseque
1646 947 1839 992 mutuo
1870 940 2169 1008 respicien-

586 1035 691 1086 tes,
728 1042 829 1080 nec
859 1028 1164 1095 cogitantes
1205 1028 1257 1082 id
1287 1029 1431 1098 quod
1465 1030 1709 1085 futurum
1742 1042 1878 1096 erat,
1913 1032 2169 1087 humanis

587 1119 900 1173 ratiociniis
946 1121 1308 1175 fluctuabant.
1365 1122 1523 1178 Alius
1572 1124 1968 1194 discipulorum
2022 1123 2170 1177 aliud

586 1209 924 1277 proferebat,
958 1227 1066 1279 quo
1100 1223 1423 1282 praisentem
1455 1214 1740 1282 penuriam
1781 1224 1986 1269 certam
2025 1214 2171 1267 indi-

588 1310 801 1355 carent.
853 1303 1097 1357 Andreas
1124 1318 1254 1357 vero
1283 1319 1470 1358 eorum
1505 1320 1628 1374 quae
1670 1314 2020 1376 suppeterent
2060 1307 2173 1361 viii-

589 1399 754 1442 tatcm
790 1391 1232 1462 paucitatemque
1275 1402 1740 1459 commonstrans,
1787 1396 2037 1450 miraculi
2080 1411 2175 1451 oc-

589 1481 867 1546 casiones,
921 1483 1148 1552 ignarus
1198 1485 1344 1549 licet,
1401 1485 1674 1540 Salvatori
1727 1489 1979 1558 prazbuit.
2031 1488 2174 1555 Quid

589 1575 738 1627 cnim
768 1575 884 1627 ait?
912 1575 1031 1631 Non
1067 1587 1195 1632 sunt
1228 1580 1335 1633 nisi
1366 1580 1608 1649 quinque
1641 1595 1810 1650 panes
1841 1592 1894 1637 et
1923 1583 2172 1652 pisciculi

595 1665 778 1732 pauci.
811 1665 952 1731 Quid
984 1668 1153 1738 igitur
1185 1668 1702 1727 Salvator?Atferte
1733 1671 1868 1744 mihi
1901 1673 2019 1742 ipsa
2044 1676 2171 1728 huc.

593 1755 799 1828 Illaque
835 1761 1127 1830 paucitatis
1155 1763 1403 1818 ciborum
1437 1762 1719 1820 confessio
1752 1781 1963 1838 magnae
2011 1767 2177 1822 bono-

596 1861 717 1898 rum
743 1849 915 1916 copia:
946 1864 1112 1904 causa
1140 1848 1260 1905 fuit.

2268 659 2506 730 ἔρημον·
2542 661 2636 714 καὶ
2667 661 2794 723 τοὺς
2831 658 3075 730 μαθητὰς
3115 659 3443 730 ἑστιάτορας
3463 659 3812 730 προύϐάλλετο,

2267 751 2362 804 καὶ
2416 751 2550 820 πρὸς
2594 750 2939 820 αὐτοσχέδιον
2976 750 3209 821 εὐωχίαν
3241 748 3312 802 τὰ
3345 749 3528 820 πλήθη
3555 748 3817 820 προτρέπε-

2268 861 2378 897 ται.
2415 843 2487 895 Τὸ
2531 841 2710 896 τοίνυν
2743 843 2852 895 τῶν
2912 842 3166 913 μαθητῶν
3217 841 3430 912 πλῆθος
3473 841 3615 913 πρὸς
3641 841 3728 910 τὴν
3755 841 3818 892 ἕν-

2268 937 2417 990 δειαν
2461 937 2804 1008 ἐταράττετο,
2842 936 2935 988 καὶ
2967 934 3102 1005 πρὸς
3132 933 3399 1004 ἀλλήλους
3427 932 3681 1004 ὁρῶντες,
3704 929 3820 983 τὸδὲ

2276 1027 2470 1098 μέλλον
2507 1027 2607 1079 οὑκ
2657 1026 2962 1089 ἐννοοῦντες
3001 1029 3113 1089 τοῖς
3158 1024 3526 1096 ἀνθρωπίνοις
3585 1023 3821 1092 λογισμοῖς

2272 1120 2648 1189 ἐκυμαίνοντο.
2684 1118 2875 1182 Ἀλλος
2910 1118 3009 1189 μὲν
3040 1113 3133 1172 οὖν
3179 1117 3312 1173 ἄλλο
3356 1134 3410 1170 τι
3456 1115 3569 1170 τῶν
3604 1115 3822 1187 μαθητῶν

2272 1211 2587 1280 ἐφθέγγετο,
2637 1211 2736 1283 τὴν
2788 1209 3069 1282 παροῦσαν
3121 1210 3356 1281 ἀπορίαν
3397 1209 3820 1278 ἐπαγγέλλοντες·

2286 1303 2541 1374 Ἀνδρέας
2580 1304 2656 1368 δὲ,
2685 1303 2794 1356 τῶν
2813 1303 3145 1374 προσόντων,
3160 1301 3262 1372 τὴν
3291 1301 3569 1354 εὐτέλειαν
3602 1300 3824 1368 ἐλέγχων,

2273 1394 2432 1447 ἔλαθε
2462 1394 2637 1457 διδοὺς
2667 1393 2746 1464 τῷ
2776 1393 2986 1463 Σωτῆρι
3022 1393 3120 1455 τὰς
3159 1393 3468 1463 προφάσεις
3507 1390 3606 1444 ‘170l3
3651 1391 3822 1460 θαύμα-

2274 1504 2390 1551 τος·
2425 1488 2490 1540 Τί
2523 1488 2628 1557 γάρ
2657 1503 2854 1557 φησιν;
2889 1487 3002 1539 Οὐκ
3030 1487 3165 1538 εἰσιν
3194 1487 3244 1537 εί
3270 1485 3345 1556 μὴ
3373 1484 3536 1538 πέντε
3563 1484 3726 1554 ἄρτοι,
3752 1482 3824 1535 καὶ

2274 1577 2430 1646 ὀλίγα
2457 1576 2685 1647 ἰχθύδια.
2707 1577 2772 1629 Τί
2793 1573 2885 1629 οὖν
2916 1578 2944 1629 ὁ
2970 1576 3190 1646 Σωτήρ;
3223 1575 3424 1646 ⁴ιδέρετέ
3453 1591 3544 1645 μοι
3569 1574 3702 1627 αὐτά
3724 1567 3824 1626 ὧδε.

2276 1670 2388 1723 Καὶ
2437 1669 2664 1738 γέγονεν
2711 1670 2745 1739 ὴ
2795 1666 2893 1738 τῆς
2944 1669 3190 1730 σπάνεως
3221 1665 3483 1738 ὁμολογία
3506 1664 3620 1720 τῶν
3643 1662 3830 1734 ἀγαθῶν

2277 1779 2344 1815 πε
2355 1779 2470 1834 ριου
2478 1761 2584 1816 σία.

668 1939 720 1990 6.
766 1937 872 1994 Sed
913 1941 1076 1995 etiam
1123 1941 1240 2011 ipse
1269 1941 1535 2001 Dominus
1577 1961 1701 2001 cum
1750 1962 1906 2002 suam
1942 1948 1995 2001 in
2027 1956 2173 2003 terra

2349 1943 2402 1995 6.
2441 1939 2603 1994 Ἀλλά
2632 1939 2740 2012 γὰρ
2776 1940 2805 1990 ὀ
2837 1937 3030 2008 Σωτὴρ
3062 1937 3163 2009 ἤδη
3193 1936 3400 1997 λοιπὸν,
3429 1935 3531 1998 τὰς
3549 1937 3610 1987 ἐν
3632 1937 3698 2006 γῇ
3734 1933 3832 1987 δια-

595 2034 1171 2088 conimemorationem
1213 2035 1553 2103 perfecisset,
1595 2046 1759 2108 atque
1791 2047 1876 2092 sat
1915 2040 2174 2108 temporis

594 2141 719 2179 cum
773 2125 1061 2195 discipulis
1109 2137 1494 2193 conversatus,
1555 2131 1611 2184 in
1657 2134 1829 2188 eteius
1873 2131 2171 2187 ferebatur.

592 2218 845 2287 Apostoli
880 2228 1086 2284 autem,
1127 2219 1304 2276 diviso
1342 2221 1485 2276 inter
1513 2238 1572 2277 se
1601 2230 1875 2278 terrarum
1920 2224 2074 2288 orbe,
2112 2239 2176 2278 ac

594 2325 825 2380 corpore
891 2311 1151 2380 scjuncti,
1213 2313 1354 2368 alius
1411 2314 1581 2376 alium
1637 2315 1693 2368 in
1745 2316 1925 2370 locum
1986 2315 2177 2386 gratiae

593 2403 797 2458 ﬂuenta
839 2403 1142 2458 derivabat.
1177 2405 1313 2458 Tum
1361 2421 1490 2460 vero
1541 2407 1736 2462 beatus
1780 2408 1884 2463 iste
1929 2408 2176 2464 Andreas

595 2512 721 2550 cum
755 2495 1018 2552 Graeciam
1070 2499 1236 2555 simul
1282 2506 1336 2553 et
1371 2499 1732 2554 barbarorum
1783 2507 1962 2556 terras
2004 2502 2174 2572 gratia

597 2593 954 2661 implevisset,
983 2608 1048 2646 ac
1092 2593 1374 2647 miraculis
1420 2594 1535 2648 suis
1573 2602 1763 2663 gentes
1807 2595 1859 2648 in
1895 2603 2174 2665 stuporem

599 2703 663 2736 ac
697 2685 959 2754 pudorem
994 2686 1224 2741 eductas
1254 2686 1322 2741 ad
1356 2687 1511 2740 Iidem
1548 2688 1935 2751 convertisset,
1971 2689 2036 2742 ad
2075 2705 2175 2759 pu-

598 2777 986 2846 gnacissimam
1007 2777 1408 2833 incredulitatis
1427 2779 1726 2846 regionem,
1748 2780 2009 2834 Achaiam
2030 2782 2172 2844 dico,

600 2870 803 2924 missus
849 2879 951 2924 est.
990 2869 1092 2924 Ubi
1141 2871 1329 2925 multis
1376 2871 1516 2924 cmlo
1571 2871 1847 2941 ascriptis,
1905 2889 2048 2927 unus
2105 2874 2176 2927 ob

602 2962 762 3014 fidem
796 2963 945 3016 cruci
994 2962 1291 3031 affigendus
1337 2963 1607 3017 traditur:
1637 2977 1701 3017 ac
1734 2964 1926 3018 mortis
1966 2965 2176 3019 ratione

599 3049 893 3104 Dominum
926 3052 1190 3114 imitatur,
1213 3059 1272 3105 ut
1308 3054 1580 3122 passionis
1611 3053 1997 3109 communione
2026 3069 2176 3108 amo-

601 3144 680 3198 ris
710 3145 1108 3199 vehementiam
1152 3145 1451 3200 exhiberet.
1499 3145 1647 3199 Crux
1688 3145 1874 3215 itaque
1907 3145 1963 3199 in
1998 3145 2175 3200 media

2274 2033 2467 2105 τριϐὰς
2496 2031 2720 2094 ἀνύσας,
2755 2033 2850 2084 καὶ
2890 2032 2983 2083 τὸν
3014 2031 3262 2101 αὐτάρκη
3292 2032 3406 2092 τοῖς
3443 2027 3707 2098 μαθηταῖς
3732 2044 3830 2080 συν-

2275 2125 2564 2198 διατρίψας
2603 2125 2814 2196 χρόνον,
2855 2124 2990 2194 πρὸς
3035 2123 3298 2195 ούρανοὺς
3347 2121 3663 2192 ἐκομίζετοο
3718 2120 3829 2174 ἀπό-

2282 2219 2460 2272 στολοι
2493 2220 2570 2283 δὲ,
2610 2218 2706 2290 τὴν
2738 2218 3062 2288 οἰκουμένην
3103 2215 3469 2279 διαλαϐόντες,
3500 2216 3596 2268 καὶ
3624 2217 3728 2278 τοῖς
3752 2212 3832 2266 σώ-

2283 2329 2415 2384 μασι
2439 2311 2810 2384 μερισθέντες,
2829 2311 2985 2375 ἄλλος
3005 2311 3266 2381 ἀλλαχόσε
3289 2310 3358 2362 τά
3373 2309 3476 2379 τῆς
3499 2309 3714 2380 χάριτος
3734 2324 3834 2378 μετ-

2276 2406 2542 2476 οχετεύων
2589 2405 2826 2475 νάματα.
2866 2403 3128 2457 Ἐνταῦθα
3151 2403 3326 2456 τοίνυν
3351 2405 3379 2455 ὁ
3404 2402 3677 2473 μακάριος
3709 2396 3834 2464 οὗτος

2290 2497 2566 2570 Ἀνδρέας,
2603 2497 2825 2552 Ἑλλάδα
2865 2514 2924 2550 τε
2966 2495 3102 2568 ὁμοῦ
3139 2496 3232 2549 καὶ
3278 2493 3558 2566 βάρϐαρον
3583 2495 3835 2565 ἐμπλήσας

2275 2591 2378 2660 τῆς
2405 2591 2625 2663 χάριτος
2649 2592 2743 2645 καὶ
2777 2591 3104 2662 δυσωπήσας
3133 2589 3270 2660 πρὸς
3292 2588 3477 2642 πίστιν
3504 2588 3577 2641 τὰ
3606 2587 3724 2658 ἔθνη
3746 2588 3835 2646 τοῖς

2279 2681 2574 2754 θαύμασιν,
2607 2684 2698 2736 ἐπὶ
2721 2682 2781 2736 τὸ
2803 2683 2904 2751 τῆς
2923 2681 3178 2743 ἀπιστίας
3205 2679 3597 2752 μαχιμώτατον
3623 2675 3836 2750 (56),τὴν

2292 2776 2517 2845 Ἀχαΐαν
2551 2776 2719 2845 λέγω,
2754 2776 3124 2828 ἐπεστέλλετο.
3158 2773 3329 2829 Ἔνθα
3352 2774 3417 2845 δὴ
3445 2773 3670 2836 πολλοὺς
3700 2773 3839 2842 obpa-

2279 2866 2353 2937 νῷ
2385 2868 2768 2940 προσγράψας,
2797 2864 2878 2930 εἷς
2902 2865 2990 2921 διὰ
3019 2867 3117 2938 τῆς
3145 2866 3404 2929 πίστεως,
3446 2864 3667 2935 σταυρῷ
3691 2880 3840 2934 παρα-

2277 2960 2514 3014 δίδοται·
2567 2963 2660 3016 καὶ
2708 2963 2895 3033 τρόπῳ
2928 2961 3027 3032 τῆς
3069 2959 3327 3030 τελευτῆς
3349 2959 3444 3012 τὸν
3473 2959 3744 3028 Δεσπὸτην
3770 2973 3841 3026 μι-

2284 3054 2384 3122 μού
2393 3072 2572 3125 μενος,
2594 3056 2679 3108 ἵνα
2707 3057 2770 3126 τῇ
2796 3054 3047 3124 κοινωνία
3066 3052 3160 3105 τοῦ
3185 3051 3391 3115 πάθους
3411 3051 3565 3125 δείξῃ
3588 3051 3680 3104 τοῦ
3703 3049 3840 3104 πόθου

2278 3144 2340 3196 τὸ
2370 3145 2616 3215 μέγεθος.
2654 3144 2896 3217 Σταυρὸς
2930 3139 3023 3198 οὖν
3051 3143 3146 3196 ἐπὶ
3176 3143 3313 3213 μέσῃ
3343 3141 3598 3206 Ἑλλάδος
3632 3143 3844 3212 ἐπήγνυ-

601 3235 971 3305 compingitur
1020 3233 1249 3302 Graecia,
1304 3236 1659 3306 suspenditur
1707 3235 1975 3300 Andreas,
2014 3253 2177 3294 cruce

2282 3255 2361 3301 το,
2385 3239 2475 3291 καὶ
2519 3237 2769 3310 Ἀνδρέας
2802 3238 3094 3308 ἐκρεμᾶτο,
3117 3235 3334 3306 σταυρῷ
3365 3235 3459 3287 τὸν
3489 3233 3845 3304 σταυρωθέντα

602 3327 927 3381 crucifixum
971 3329 1300 3399 przedicans,
1353 3329 1526 3383 clavis
1566 3329 1848 3384 clavorum
1893 3332 2180 3386 veritatem

601 3419 966 3478 confirmans.
1015 3422 1269 3490 passione
1318 3421 1629 3492 passionem
1685 3423 2008 3479 testificaris.
2065 3423 2180 3479 Hoc

601 3519 782 3566 autem
830 3512 1055 3568 invento
1106 3515 1351 3568 mortalis
1385 3515 1513 3569 vita:
1553 3530 1667 3570 suae
1701 3517 1954 3582 termino,
1991 3533 2184 3573 secun-

601 3602 731 3655 dum
770 3602 1200 3660 immortalitatis
1230 3606 1470 3669 initium,
1509 3586 1741 3660 mortem
1785 3607 1998 3663 scilicet
2030 3609 2183 3664 inve-

600 3692 683 3745 nit
715 3712 728 3747 :
758 3701 922 3764 atque
972 3711 1071 3765 per
1118 3698 1430 3768 passionem
1471 3713 1628 3753 suam
1681 3696 2040 3754 efficaciorem
2085 3699 2186 3755 do-

600 3786 791 3841 ctrinae
820 3803 932 3844 suae
960 3789 1220 3846 virtutem
1255 3790 1524 3846 exhibuit.
1558 3789 1693 3844 Nam
1726 3793 1927 3862 quibus
1956 3795 2182 3849 concio-

602 3879 786 3932 nando
814 3880 1099 3936 veritatem
1132 3897 1238 3937 non
1265 3884 1559 3951 persuasit,
1595 3883 1695 3939 hos
1728 3885 1947 3940 occisus
1977 3884 2185 3956 pudore

2285 3329 2599 3400 κηρύσσων,
2636 3330 2730 3382 καὶ
2781 3331 2893 3392 τοῖς
2933 3328 3082 3398 ἥλοις
3114 3327 3239 3390 τοὺς
3283 3325 3452 3396 ἥλους
3485 3325 3844 3396 πιστούμενος,

2284 3421 2377 3473 καὶ
2439 3420 2518 3492 τῷ
2572 3420 2734 3474 πάθει
2775 3419 2838 3473 τὺ
2889 3419 3059 3483 πάθος
3106 3417 3576 3490 μαρτυρούμενος.
3607 3419 3776 3487 Πέρας
3800 3413 3846 3468 δὲ

2283 3511 2442 3567 τοῦτο
2485 3515 2584 3585 τῆς
2639 3513 2840 3584 θνητῆς
2881 3511 3025 3582 ζωῆς
3059 3511 3380 3581 εὑράμενος,
3409 3509 3672 3582 δευτέραν
3697 3505 3845 3578 ἀρχὴν

2285 3604 2582 3668 ἀθανασίας
2639 3603 2731 3656 τὸν
2784 3603 3010 3658 θάνατον
3065 3601 3281 3671 εὕρατο,
3329 3601 3726 3672 ἐνεργεστέραν
3766 3597 3847 3666 τῆς

2284 3698 2631 3761 διδασκαλίας
2660 3695 2750 3750 διά
2779 3693 2874 3748 τοῦ
2904 3695 3110 3758 πάθους
3131 3693 3229 3764 τὴν
3257 3692 3490 3762 δύναμιν
3532 3691 3848 3762 ἐνδεικνύμε-

2283 3807 2393 3852 νος.
2426 3790 2533 3854 Οὓς
2565 3789 2672 3860 γὰρ
2714 3788 2814 3842 οὐκ
2860 3787 3045 3840 ἔπεισε
3074 3784 3429 3856 δημηγορῶν,
3455 3783 3686 3848 τούτους
3721 3783 3850 3837 ἀναι-

2289 3880 2465 3952 ρεθεὶς
2491 3879 2859 3951 ἐδυσώπησενο
2900 3880 2995 3933 καὶ
3024 3876 3117 3942 οὒς
3144 3877 3323 3930 λαλῶν
3351 3876 3452 3945 οὐχ
3484 3877 3726 3938 εἵλκυσε,
3765 3891 3851 3926 πα·

2285 3971 2393 4026 θὼν
2419 3973 2771 4042 ἐσαγήνευσε.
2814 3970 3109 4042 Μερισθεὶς
3125 3970 3233 4042 γὰρ
3264 3969 3483 4042 ούρανῷ
3513 3972 3613 4023 καὶ
3643 3970 3734 4040 γῇ,
3761 3964 3850 4018 σὼ·

2289 4080 2419 4132 ματι
2449 4064 2546 4134 μὲν
2576 4061 2713 4132 ἔχων
2742 4061 2840 4132 τὴν
2866 4063 2990 4132 γῆν,
3027 4061 3168 4133 ψυχῇ
3191 4061 3249 4114 δὲ
3279 4061 3372 4115 τὸν
3397 4060 3631 4134 οὐρανὸν
3661 4060 3852 4130 κληρω-

603 4152 659 4204 in
696 4161 844 4208 terra
874 4155 1095 4225 inspicit
1119 4157 1401 4212 hominum
1431 4174 1656 4230 greges;
1698 4176 1929 4232 corpore
1959 4164 2177 4234 quidem

2286 4155 2418 4222 θεὶς,
2449 4153 2737 4208 ἐποπτεύει
2788 4153 2886 4218 τάς
2929 4155 3039 4207 τῶν
3062 4154 3370 4225 ἀνθρώπων
3403 4154 3611 4222 ἀγέλας
3631 4195 3646 4217 ,
3683 4152 3852 4222 ίάμασι

601 4247 658 4299 in
706 4256 850 4299 terra
890 4249 1123 4315 positus,
1174 4252 1356 4304 anima
1387 4265 1518 4306 vero
1563 4253 1760 4306 cmlum
1809 4263 2044 4311 nactus:
2081 4273 2177 4311 cu-

2285 4248 2380 4302 καὶ
2413 4247 2652 4318 θαύμασι
2679 4246 2804 4309 τοὺς
2832 4247 2922 4299 ἐπὶ
2959 4245 3064 4316 γῆς
3095 4244 3458 4316 δεξιούμενος.
3499 4241 3854 4316 Ἐκείνηςιτῆς

600 4335 846 4392 rationes
868 4346 1048 4392 autem
1072 4355 1137 4394 ac
1160 4341 1426 4396 miracula
1447 4342 1500 4395 in
1529 4351 1868 4399 terrenorum
1899 4347 2177 4401 hominum

2284 4341 2556 4413 γεωργίας
2581 4341 2632 4395 οἱ
2663 4339 2929 4410 παρόντες
2961 4339 3366 4410 ἀνεδλάστησαν
3395 4340 3662 4409 στάχυεςο
3691 4339 3755 4390 ἐκ
3771 4333 3855 4402 τῆς

601 4426 834 4495 gratiam
888 4427 1019 4482 edit.
1059 4429 1137 4483 Ex
1183 4445 1247 4484 ea
1294 4445 1459 4500 porro
1506 4433 1843 4503 agricultura
1886 4445 2177 4506 praesentes

2285 4432 2494 4486 ἐκείνου
2521 4431 2870 4495 διδασκαλίας
2900 4432 2948 4484 οἱ
2968 4431 3070 4501 τῆς
3101 4430 3336 4495 πίστεως
3355 4431 3604 4502 ἤνθησαν
3628 4431 3853 4502 βότρυες-

602 3970 830 4026 afi’ectos
873 3976 1142 4030 convertit
1168 3993 1181 4029 :
1207 3991 1346 4045 quos
1389 3991 1643 4032 sermone
1687 3993 1798 4032 non
1835 3980 2026 4046 traxit,
2062 3996 2185 4050 pas-

604 4061 757 4115 sione
788 4062 948 4131 quasi
980 4079 1180 4134 sagena
1227 4069 1392 4135 cepit.
1433 4066 1654 4122 Divisus
1689 4069 1835 4124 enim
1871 4069 1925 4122 in
1957 4071 2098 4124 cmlo
2128 4078 2184 4126 et

600 4511 771 4580 spica:
824 4515 1218 4584 pullularunt:
1271 4534 1336 4573 ex
1392 4518 1512 4588 ejus
1587 4521 1834 4577 doctrina
1903 4525 2024 4580 fidei
2084 4525 2182 4580 flo-

2284 4523 2396 4575 Kai.
2422 4525 2582 4594 ὑμεῖς
2611 4524 2658 4575 οἱ
2692 4522 2792 4592 τῆς
2833 4520 3114 4584 εὐσεϐείας
3143 4521 3453 4575 διδάσκαλοι
3495 4522 3854 4593 ἀπηντήκατε,

597 4616 766 4658 ruere
807 4603 969 4661 botri.
1005 4604 1223 4676 Vosque
1264 4607 1483 4677 pietatis
1513 4608 1769 4665 doctores
1814 4611 2176 4668 occurristis:

2284 4617 2332 4667 οἱ
2361 4617 2458 4685 τῆς
2489 4615 2598 4667 τῶν
2637 4614 2884 4684 οὐρανῶν
2920 4613 3194 4686 βασιλείας
3219 4613 3451 4685 ἔμποροι
3491 4615 3632 4686 πρὸς
3658 4611 3748 4667 τὸν
3775 4609 3854 4661 οὐ·

599 4696 697 4765 qui
735 4697 888 4766 regni
918 4698 1183 4752 caelorum
1231 4701 1601 4770 negotiatores
1637 4700 1794 4766 estis,
1835 4700 1902 4755 ad
1934 4717 2058 4756 eum
2087 4704 2180 4772 qui

599 4789 658 4843 in
675 4790 835 4844 cwlis
853 4789 1200 4845 admirationi
1222 4799 1306 4848 est
1327 4793 1689 4848 convenistis.
1713 4792 1918 4849 Christi
1943 4810 2180 4866 namque

599 4891 685 4936 est
701 4883 788 4936 illa
805 4883 946 4936 beati
965 4881 1118 4938 Pauli
1133 4901 1266 4941 vox:
1290 4904 1308 4936 ι
1334 4886 1390 4939 Si
1407 4889 1800 4951 sustineamus,
1819 4897 1871 4942 et
1887 4903 2183 4959 conregna-

599 4973 782 5029 bimus
798 4974 866 5027 ".
893 4993 912 5027 ι
935 4973 1043 5044 Ipsi
1072 4976 1247 5046 gloria
1278 4977 1334 5030 in
1367 4977 1568 5032 saecula
1605 4978 1953 5035 saeculorum.
1980 4979 2175 5036 Amen.

2290 4707 2434 4778 ρανῷ
2465 4705 2879 4777 θαυμαζόμενον
2907 4705 3322 4778 συνεληλύθατε.
3352 4706 3597 4778 Χριστοῦ
3620 4706 3729 4776 γάρ
3755 4704 3855 4755 ἐπι

2282 4799 2368 4851 διὰ
2395 4798 2490 4852 τοῦ
2524 4799 2794 4870 μακαρίου
2840 4798 3051 4854 Παύλου
3097 4782 3276 4868 φωνή·
3323 4815 3341 4848 ι
3372 4799 3438 4851 Εἰ
3488 4796 3854 4868 ὑπομένωμεν,

2283 4891 2379 4941 καὶ
2411 4891 2933 4961 συμϐασιλεύσομεν.
2965 4910 2983 4942 ι
3015 4889 3172 4960 Δύτῷ
3204 4891 3238 4960 ἡ
3259 4887 3390 4954 δόξα
3406 4890 3490 4952 είς
3515 4890 3640 4953 τοὺς
3671 4883 3853 4941 αἰῶνας

2283 4981 2394 5033 τῶν
2423 4981 2652 5036 αἰώνων.
2703 4983 2890 5054 Ἀμήν.

672 5085 718 5116 "
759 5084 802 5139 ff
836 5084 980 5142 Tim.
1017 5104 1076 5153 ιι,
1118 5088 1184 5142 12

684 5196 798 5266 (56)
845 5194 937 5252 Sic
982 5198 1348 5258 Colbertinus.
1411 5203 1567 5260 Alius
1629 5219 1794 5269 vero,
1861 5207 2254 5277 χαμηλότατον.

2847 5322 3838 5353 ______________

1532 5419 1913 5476 ADMONITIO
1954 5419 2020 5473 IN
2063 5418 2444 5475 SEBMONEM
2487 5410 2929 5487 SEQUENTEM.

605 5523 764 5579 lfunc
800 5543 1202 5604 sermonemex
1248 5548 1352 5604 ms.
1383 5534 1627 5588 Colbert.
1662 5533 1822 5593 5104.
1862 5551 1913 5604 p.
1941 5534 2064 5596 502,
2097 5535 2595 5604 transcripsimus:
2633 5543 2825 5603 estque
2856 5531 3092 5604 imperiti
3122 5539 3177 5586 et
3196 5531 3527 5604 inelegantis
3561 5524 3858 5600 scriptoris

1043 5601 1327 5657 Athanasii
1363 5613 1543 5656 tamen
1573 5604 1790 5673 praefert
1818 5601 2015 5659 nomen
2040 5605 2095 5658 in
2122 5601 2462 5670 Colbertino,
2496 5615 2552 5660 et
2582 5607 2638 5660 in
2679 5601 2895 5675 Anglic.
2923 5602 3162 5672 quodam
3194 5602 3408 5659 codice.

607 5752 768 5824 405
817 5751 1062 5809 SERMO
1117 5756 1391 5812 SANCTI
1428 5759 1844 5815 ATHANASII
1898 5760 2177 5817 EPISCO-

2304 5761 2550 5812 ΛΟΓΟΣ
2573 5757 2957 5812 ΤΟΥΑΓῙΟΥ
2989 5757 3415 5808 ΑΘΛΝΑΣΙΟΥ
3443 5744 3866 5810 ΕΠΙΣΚΟΠΟΥ

599 5839 602 5842 ‘
1078 5826 1157 5880 PI
1201 5827 1734 5884 ALEXANURIzE.

2793 5828 2886 5880 ΑΛ
2896 5827 3370 5880 ΕΞΑΝΔΡΕΙΑΣ.

681 5915 734 5972 1.
754 5914 881 5972 Tria
907 5919 1146 5989 postulat
1182 5920 1369 5977 Deusa
1390 5921 1725 5992 Christiano,
1758 5931 1965 5980 rectam
1999 5922 2177 5992 fidem,

2364 5923 2414 5976 1.
2454 5922 2588 5991 Τρία
2617 5922 2838 5976 ἀπαιτεῖ
2862 5921 2889 5972 ὁ
2923 5917 3051 5981 Θεὸς
3090 5919 3240 5990 παρὰ
3285 5917 3377 5971 τοῦ
3406 5912 3761 5989 Χριστιανοῢ,
3792 5903 3862 5960 πί·
