4022 6382
270 291 409 350 1109

1458 294 1686 352 SERMU
1724 294 2338 355 EXHORTATORIUS.

3363 300 3503 356 Hi0

273 430 387 469 στιν
427 412 614 486 ὀρθὴν,
643 413 735 467 καὶ
765 413 1018 486 ἀλήθειαν
1045 413 1153 468 ἀπὸ
1181 413 1452 486 γλώσσης,
1485 416 1580 470 καὶ
1616 416 1836 484 ἁγνείαν

1948 419 2286 475 veracitatem
2316 419 2536 493 lingua,
2574 428 2629 475 et
2657 419 2965 477 castitatem
3014 422 3282 493 carperis.
3319 420 3509 477 Cate-

270 505 382 558 ἀπὺ
405 502 673 574 σώματος.
705 503 905 558 Καὶ.τά
942 503 1075 559 ἀλλα
1105 504 1303 576 ὁμοίως
1332 506 1583 576 φύλαττε.
1617 506 1838 579 Πρῶτον

275 595 375 667 μὲν
411 594 680 667 μηδέποτέ
707 613 826 649 τινα
856 596 1250 670 καταλαλήσῃς,
1277 598 1410 669 μηδέ
1435 615 1578 662 τινος
1601 598 1840 673 ἀκούσῃς

273 686 722 752 καταλαλοῦντος.
791 688 929 741 Ἀλλ’
967 690 1096 745 ὅταν
1152 689 1390 763 ἀκούσῃς
1411 689 1555 754 τινὸς
1604 690 1840 743 καταλα-

272 777 510 844 λοῦντος,
560 778 698 849 φύγε
727 780 822 834 καὶ
868 779 1215 852 ἀναχώρησον
1250 780 1478 842 ἐκεῖθεν,
1506 784 1601 836 καὶ
1620 782 1841 837 κάθισον

273 872 355 935 είς
378 872 471 925 τὸν
496 867 643 926 οἶκόν
668 889 784 939 σου,
807 874 894 928 ἴνα
922 874 996 947 μὴ
1014 875 1252 947 ἀκούσῃς
1276 874 1459 939 αὑτὸν,
1484 876 1578 929 καὶ
1608 875 1840 929 κλαῦσον

268 963 372 1028 «ac
426 964 699 1037 ἁμαρτίας
723 982 843 1032 σου,
879 967 966 1022 ἵνα
997 968 1071 1039 μὴ
1117 967 1211 1021 καὶ
1243 967 1307 1020 σὺ
1334 967 1497 1042 γένῃς
1523 968 1707 1039 ὅμοιος
1744 968 1840 1022 τοῦ

272 1054 722 1122 καταλαλοῦντος,
764 1057 859 1112 καὶ
885 1058 1126 1131 ἀπέλθῃς
1154 1060 1235 1122 είς
1253 1058 1479 1115 κόλασιν,
1503 1056 1740 1123 αίώνιον,
1761 1061 1842 1123 είς

273 1147 572 1220 δράκοντας
622 1149 898 1221 πυρίνους,
931 1150 1231 1220 τρώγοντές
1292 1168 1385 1207 σου
1425 1150 1524 1222 τὴν
1569 1150 1838 1220 γλῶσσαν.

274 1236 411 1293 Εῐπε
442 1240 550 1312 γὰρ
573 1242 602 1296 ό
631 1240 761 1307 Θεὸς
791 1242 879 1296 διὰ
899 1241 992 1296 τοῦ
1020 1243 1325 1314 Προφήτου,
1362 1242 1446 1297 ὅτι
1478 1260 1498 1294 ι
1532 1242 1638 1297 Τὸν
1669 1259 1841 1299 κατα-

268 1329 649 1389 λαλοῦνταλάθ
657 1353 724 1408 ρα
738 1334 847 1390 τῶν
862 1335 1086 1407 πλησίον
1101 1334 1287 1403 αὐτοῦ,
1301 1333 1489 1391 τοῦτον
1505 1334 1804 1400 έξεδίωκον·
1818 1356 1836 1388 ι

273 1424 347 1478 Τὸ
394 1423 525 1497 γὰρ,
585 1447 605 1479 ι
660 1425 855 1497 λάθρα,
887 1445 915 1479 ι
942 1424 1099 1479 τοῦτο
1152 1425 1378 1498 κρύφιόν
1427 1428 1563 1491 ἐστι,
1616 1428 1714 1481 καὶ
1767 1427 1842 1499 μὴ

274 1514 538 1586 παρόντος
560 1514 655 1569 τοῦ
676 1513 989 1588 ἀνθρώπου..
1010 1515 1076 1569 Τί
1093 1514 1151 1569 δέ
1175 1517 1290 1570 ἐστι
1308 1515 1609 1573 καταλαλιά
1629 1533 1657 1583 ;,
1671 1517 1843 1587 ὀπερ

274 1608 335 1662 ού
384 1608 610 1663 δύνασαι
668 1611 842 1663 εἰπεῖν
883 1608 1190 1683 ἔμπροσθεν
1220 1609 1407 1674 αὑτοῦ,
1440 1609 1577 1668 ἀλλά
1621 1609 1843 1665 ὄπισθεν

274 1700 449 1755 αὑτοῦ.
462 1700 664 1765 λαλεῖν,
686 1701 940 1774 λοιδορῶν
964 1701 1147 1765 αὑτὸν,
1177 1701 1477 1759 καταλαλιά
1502 1703 1649 1757 ἐστιν
1680 1702 1836 1773 αὐτή.

274 1792 470 1857 Βλέπε,
519 1761 752 1861 φύλαττε
786 1761 886 1865 την
910 1761 1162 1862 γλῶσσάν
1211 1811 1303 1848 σου
1347 1794 1456 1848 ἀπὸ
1490 1761 1839 1859 καταλαλιᾶς,
1871 1761 1914 1815 Β

274 1885 367 1940 καὶ
390 1884 499 1939 ἀπὸ
529 1884 723 1951 κακοῦ,
766 1887 860 1941 καὶ
891 1884 1089 1951 παντὸς
1122 1887 1306 1958 ὅρκου,
1340 1886 1436 1940 καὶ⁸
1466 1885 1692 1956 ψεύδους
1707 1902 1721 1917 ⁶
1750 1887 1845 1939 καλ⁵

278 1976 542 2049 μηδέποτε
592 1977 870 2049 τολμήσῃς
914 1977 1109 2049 ὀμόσαι
1160 1977 1252 2031 τὸν
1291 1978 1423 2032 Θεὸν
1454 1978 1489 2050 ἧ
1535 1977 1779 2041 δικαίως,
1806 1977 1841 2048 ἢ

273 2069 491 2132 ἀδίκως.
535 2069 593 2123 'U
643 2070 755 2142 γὰρ
804 2068 1018 2141 ὀμνύων
1048 2070 1139 2124 τδν
1186 2069 1316 2123 Θεόν
1361 2070 1456 2124 καὶ
1496 2069 1846 2142 παραϐαίνων

272 2161 364 2214 τὸν
417 2160 576 2230 λόγον
618 2160 714 2216 τοῦ
761 2159 967 2234 Κυρίου
1005 2161 1099 2216 τοῦ
1135 2162 1378 2227 εἰπόντος
1402 2179 1417 2193 ο
1455 2180 1475 2215 ι
1514 2162 1606 2235 Μὴ
1629 2162 1848 2234 ὀμόσεις

273 2251 428 2315 ὅλως,
466 2252 601 2323 μήτε
631 2254 689 2306 ἐν
719 2252 799 2324 τῷ
828 2252 1041 2324 οὐρανῷ
1072 2254 1208 2325 μήτε
1240 2254 1300 2307 έν
1322 2257 1388 2325 τῇ
1422 2256 1492 2326 γῇ
1511 2270 1526 2285 ο
1557 2255 1683 2311 »ὅτι
1702 2245 1846 2308 οὗτοι

273 2344 324 2395 οἱ
361 2342 654 2414 ὀμνύοντες
702 2344 782 2407 είς
820 2344 1037 2399 κόλασιν
1078 2344 1293 2399 αἰώνιον
1338 2345 1665 2417 ἀπέρχονται
1712 2345 1850 2417 μετά

272 2434 367 2489 τοῦ
396 2436 602 2508 πατρὸς
627 2436 807 2490 αὐτῶν
825 2436 920 2490 τοῦ
956 2438 1189 2491 Σατανᾶ.
1236 2438 1396 2492 Ἀλλά
1421 2438 1666 2509 βλέπετε,
1696 2438 1850 2492 ἀδελ-

276 2528 366 2595 φοί
405 2544 529 2598 μου,
564 2526 838 2596 φυλάξατε
881 2529 981 2599 τὴν
1002 2527 1252 2597 γλῶσσαν
1277 2530 1384 2583 ἀπὸ
1415 2531 1600 2602 ὅρκου,
1632 2530 1741 2584 ἀπὸ
1759 2531 1852 2599 γέ-

275 2618 463 2682 λωτος,
515 2618 626 2672 ἀπὸ
656 2610 925 2690 φλυαρίας
983 2621 1240 2690 ματαίας,
1284 2621 1392 2675 ἀπὸ
1436 2621 1666 2693 ἀκαίρου
1713 2622 1850 2694 πρά-

274 2722 506 2777 γματος,
552 2709 648 2762 καὶ
705 2709 814 2763 ἀπὸ
840 2711 1038 2774 παντὸς
1075 2710 1306 2781 ψεύδους
1328 2729 1341 2742 ·
1370 2713 1465 2766 καὶ
1498 2712 1681 2767 λοιπὸν
1713 2713 1853 2767 έστω

275 2798 406 2868 ὑμῖν
432 2798 494 2851 τὸ
520 2799 611 2853 ναὶ
628 2839 644 2865 ,
668 2801 778 2868 ναὶ,
799 2802 893 2855 καλ⁵
920 2802 984 2855 τὸ
1001 2802 1086 2871 οὒ,
1110 2802 1193 2860 ού·
1222 2804 1283 2858 τὸ
1313 2805 1370 2859 δὲ
1393 2807 1649 2879 περισσὸν
1677 2807 1854 2863 λαλεῖν

276 2891 371 2944 καὶ
419 2889 642 2961 ὀμνύειν
675 2890 771 2944 τοῦ
823 2893 1073 2965 πονηροῦ.
1108 2895 1273 2951 ἐστιν.
1320 2895 1443 2950 Ἐὰν
1479 2896 1536 2950 δὲ
1581 2900 1723 2953 κατά
1759 2900 1853 2954 σοῦ

275 2982 489 3053 γένοιτο
513 2983 669 3057 παρά
700 3001 847 3050 τινος
876 2986 1095 3058 ὀμόσαι,
1131 2988 1281 3042 εἰπέ·
1318 3006 1339 3042 ι
1390 2990 1668 3062 ’Δλήθειαν
1691 2992 1853 3063 λέγω,

1939 527 2110 582 raque
2172 512 2422 569 similiter
2470 512 2722 568 observa.
2790 511 2978 569 Primo
3032 514 3240 569 nemini
3268 529 3513 584 unquam

1939 602 2232 669 ohtrectes,
2267 618 2369 675 nec
2397 605 2791 660 ohtrectantem
2837 604 3046 661 audias.
3086 602 3193 660 Sed
3221 604 3270 661 si
3291 603 3513 675 quando

1939 695 1997 749 in
2034 696 2425 752 obtrectantem
2449 695 2730 763 incideris,
2780 694 2906 768 fuge
2935 703 3099 766 atque
3141 696 3269 752 inde
3296 696 3511 762 recede,

1941 787 2176 859 sedeque
2204 788 2358 862 domi.
2382 796 2445 845 ut
2496 805 2565 845 ne
2611 788 2763 845 illum
2820 790 3136 856 auscultes;
3168 789 3243 844 ibi
3290 797 3510 859 peccata

1939 878 2066 937 ﬂeto
2110 888 2225 945 tua,
2279 889 2340 936 ut
2383 897 2453 936 ne
2498 882 2576 938 sis
2608 882 2959 938 obtrectatori
2990 882 3207 945 similis,
3243 890 3404 951 atque
3441 878 3511 932 ad

1941 980 2144 1028 aeterna
2174 973 2339 1028 abeas
2366 974 2664 1044 supplicia,
2715 972 2785 1028 ad
2830 974 3030 1045 ignitos
3082 973 3369 1036 dracones,
3416 971 3512 1040 qui

1942 1072 2092 1117 tuam
2138 1062 2430 1119 corrodent
2482 1064 2745 1133 linguam.
2822 1063 2913 1117 Ait
2965 1062 3165 1133 quippe
3216 1062 3360 1117 Dcus
3414 1076 3514 1131 per

1941 1152 2267 1225 Prophetam
2297 1173 2309 1208 :
2345 1170 2367 1205 ι
2399 1152 2779 1210 Detrahentem
2827 1162 3039 1209 secreto
3095 1154 3343 1223 proximo
3388 1169 3510 1220 suo,

1942 1248 2090 1302 hunc
2116 1245 2486 1316 persequebar
2515 1245 2599 1313 ⁸⁶;
2632 1264 2652 1299 ι
2706 1245 2840 1300 illud
2868 1246 3036 1311 enim,
3074 1264 3093 1296 ι
3135 1254 3367 1311 secreto,
3401 1266 3418 1297 ι
3458 1247 3513 1300 id

1942 1346 2046 1403 est,
2106 1338 2162 1393 in
2215 1336 2561 1405 abscondito,
2613 1351 2717 1392 nec
2766 1347 3031 1408 praisente
3062 1337 3299 1393 homine.
3371 1336 3513 1404 Quid

1944 1446 2110 1501 porro
2146 1439 2233 1487 est
2262 1431 2632 1487 obtrectatio?
2671 1428 2829 1497 Quod
2864 1445 2976 1485 non
3009 1438 3165 1500 potes
3195 1445 3379 1484 coram
3418 1429 3515 1483 illo

1943 1523 2145 1589 dicere,
2184 1522 2280 1580 sed
2310 1538 2342 1577 a
2366 1531 2518 1593 tergo
2543 1521 2876 1578 maledicens
2907 1519 3140 1592 profers,
3178 1521 3284 1576 hoc
3313 1528 3398 1576 est
3423 1521 3519 1577 ob-

1945 1616 2221 1673 trectatio.
2274 1614 2420 1672 Cave
2451 1616 2692 1687 linguam
2725 1614 2984 1671 cohibcas
3032 1622 3182 1669 tuam
3228 1615 3293 1669 ab
3330 1614 3515 1669 obtre-

1947 1707 2205 1776 ctatione,
2257 1722 2287 1761 a
2342 1706 2486 1762 malo
2521 1705 2737 1777 quovis,
2786 1705 2855 1761 ab
2890 1705 3039 1761 omni
3097 1705 3410 1776 iuramento
3462 1711 3518 1758 et

1942 1798 2229 1855 mendacio
2261 1817 2275 1853 :
2305 1813 2481 1868 neque
2507 1813 2744 1869 unquam
2768 1798 2918 1854 ausis
2949 1812 3044 1867 per
3066 1795 3255 1864 Deum,
3281 1796 3396 1852 sive
3422 1795 3516 1865 ju-

1943 1901 2029 1949 sta
2060 1892 2176 1948 sive
2229 1891 2437 1962 injusta
2495 1891 2563 1947 de
2601 1906 2771 1947 causa
2794 1890 3003 1960 iurare.
3064 1888 3199 1944 Nam
3230 1888 3327 1960 qui
3369 1889 3520 1958 jurat

1942 1999 2041 2055 per
2067 1980 2260 2049 Deum,
2292 1984 2340 2039 is
2374 1983 2596 2039 verbum
2646 1982 2861 2039 Domini
2899 1983 3303 2055 transgreditur
3333 1981 3519 2037 dicen-

1945 2078 2017 2133 tis
2052 2096 2066 2132 :
2103 2097 2122 2128 ‹
2155 2077 2273 2132 Non
2300 2077 2515 2147 jurabis
2542 2077 2787 2143 omnino,
2842 2092 3017 2147 neque
3042 2092 3139 2146 per
3192 2076 3390 2131 coelum
3422 2090 3521 2130 ne-

1945 2183 2053 2241 que
2082 2184 2179 2241 per
2205 2177 2406 2223 terram
2428 2168 2475 2199 ”
2506 2186 2521 2223 :
2561 2187 2580 2220 ι
2619 2168 2747 2238 quia
2778 2167 2873 2239 qui
2915 2167 3125 2237 jurant,
3158 2166 3215 2220 in
3253 2172 3518 2221 aternum

1947 2276 2071 2317 cum
2097 2269 2249 2332 patre
2275 2274 2375 2315 suo
2415 2258 2616 2315 Satana
2649 2258 2852 2313 abeunt
2890 2258 3240 2328 supplicium.
3286 2253 3393 2311 Sed
3430 2271 3523 2310 ca-

1948 2362 2145 2418 vetote,
2184 2352 2384 2408 fratres
2416 2352 2542 2415 mei,
2576 2352 2816 2423 linguam
2843 2350 3142 2407 cohibeatis
3187 2363 3218 2401 a
3242 2347 3523 2417 iuramen-

1949 2455 2027 2509 to,
2058 2461 2089 2500 a
2120 2446 2259 2511 risu,
2306 2458 2506 2500 avana
2533 2444 2810 2508 futilitate,
2851 2444 2919 2498 ab
2951 2440 3333 2523 intempestivo
3360 2453 3526 2508 nego-

1949 2540 2029 2594 tio
2064 2548 2120 2594 et
2164 2539 2233 2594 ab
2268 2539 2419 2595 omni
2447 2536 2734 2593 mendacio
2772 2556 2786 2591 :
2824 2551 2888 2592 ac
2914 2522 3132 2591 demum
3193 2535 3265 2590 sit
3316 2533 3475 2588 vobis
3507 2550 3521 2586 :

1951 2632 2054 2701 Ita,
2085 2634 2193 2701 ita';
2223 2641 2300 2699 et,
2329 2631 2471 2698 Non,
2511 2647 2619 2688 non
2647 2650 2661 2686 :
2690 2631 2737 2688 si
2765 2629 2896 2702 quid
2930 2630 3160 2685 ulterius
3194 2627 3338 2684 enim
3394 2642 3527 2698 aga-

1953 2730 2063 2788 tur,
2117 2722 2165 2778 si
2193 2722 2432 2793 juratur,
2466 2721 2520 2777 id
2552 2721 2773 2792 maligni
2802 2728 2887 2777 est
2914 2721 2980 2776 ⁶⁶.
3026 2719 3183 2787 Quod
3222 2720 3269 2774 si
3314 2718 3530 2773 accidat

1954 2814 2261 2886 quempiam
2288 2814 2575 2871 adversum
2616 2822 2668 2870 te
2686 2815 2895 2885 jurare,
2920 2813 3077 2868 dic“
3106 2829 3137 2868 ς·
3163 2831 3184 2865 ι
3230 2808 3528 2867 Veritatem

1954 2907 2079 2962 dico
2113 2914 2168 2963 ct
2200 2921 2310 2961 non
2346 2906 2598 2970 mentior,
2638 2925 2658 2957 ι
2696 2919 2760 2960 ac
2788 2904 3001 2959 dimitte
3048 2904 3224 2958 illum.
3283 2902 3420 2958 Cum
3449 2902 3532 2956 vi-

1958 2996 2037 3054 ris
2065 3004 2119 3052 et
2149 2995 2472 3051 mulieribus
2506 3010 2576 3049 ne
2605 2994 2799 3051 sedeas
2830 3003 2888 3048 ut
2943 2993 3119 3049 iutilia
3156 2993 3418 3063 loquare;
3471 3000 3530 3046 ut

275 3076 370 3128 καὶ
389 3075 450 3129 οὐ
477 3075 766 3148 ψεύδομαι,
788 3097 809 3129 ι
839 3078 936 3132 καὶ
958 3078 1097 3149 ἄφες
1125 3080 1305 3135 αὐτόν.
1336 3082 1493 3136 Μετὰ
1521 3084 1728 3155 ἀνδρῶν
1751 3086 1848 3139 καὶ

1948 3106 2010 3163 in
2042 3089 2133 3143 illa
2170 3086 2258 3144 die
2284 3086 2560 3159 inculpate
2605 3085 2716 3142 Deo
2754 3100 3034 3151 occurras,
3085 3084 3305 3155 quando
3336 3090 3531 3138 ventu—

274 3168 550 3237 γυναικῶν
576 3169 828 3241 φλυαρῶν
861 3170 935 3241 μὴ
971 3170 1330 3244 συγκαθίσῃς,
1359 3174 1506 3239 ὅπως
1533 3175 1845 3252 ὑπαντήσῃς

1950 3196 2045 3237 rus
2074 3188 2159 3235 est
2184 3180 2242 3234 in
2272 3179 2470 3234 throno
2501 3178 2686 3250 gloria:
2730 3194 2863 3234 suae.
2916 3176 3072 3232 Tunc
3099 3178 3536 3233 obtrectatorum

274 3261 353 3333 τῷ
378 3261 500 3333 Θεῷ
521 3265 580 3317 έν
603 3264 670 3334 τῇ
696 3262 882 3334 ἡμέρᾳ
906 3263 1230 3334 ἀμέμπτως,
1258 3265 1386 3319 ὃταν
1408 3266 1574 3340 μέλλῃ
1597 3266 1848 3339 ἔρχεσθαι

276 3354 373 3408 ἐπὶ
416 3353 604 3426 θρόνον
626 3353 782 3424 δόξης
804 3352 990 3408 αὑτοῦ.
1025 3354 1157 3408 Τότε
1179 3355 1286 3410 τῶν
1328 3356 1768 3413 καταλαλούντων
1799 3362 1848 3413 οἱ

276 3444 486 3508 ὀδόντες
542 3444 648 3498 ὑπὸ
695 3443 803 3498 τῶν
840 3444 1145 3517 ἀποτόμωνο
1175 3445 1421 3515 ἀγγέλων
1454 3448 1847 3521 συντρίϐονταιε

277 3538 413 3592 Τότε
443 3536 554 3590 τῶν
584 3537 891 3607 όμνυόντων
921 3536 995 3591 τὰ
1024 3537 1267 3609 στόματα
1316 3539 1420 3594 ὑπὸ
1459 3542 1721 3597 ἀσϐέστου
1749 3562 1852 3598 πυ-

282 3630 374 3700 ρὸς
401 3627 823 3699 ὲμφράττονται.
839 3628 972 3682 Τότε
992 3628 1101 3683 τῶν
1124 3628 1471 3686 διανευόντων
1507 3634 1555 3686 οἱ
1585 3632 1851 3705 ὀφθαλμοὶ

280 3720 387 3774 ὑπὸ
410 3719 773 3790 ἀσπλάγχνων
801 3720 897 3773 καὶ
917 3720 1288 3792 ἀνελεημόνων
1313 3723 1559 3793 ἀγγέλων
1588 3724 1853 3797 ὲξορίζον-

276 3829 388 3866 ται.
426 3810 561 3864 Τότε
614 3812 663 3865 οἱ
696 3811 986 3881 γελῶντες
1032 3813 1245 3884 πικρῶς
1288 3814 1601 3871 κλαύσουσι.
1633 3816 1779 3871 Τότε·
1802 3819 1851 3871 οί

278 3898 649 3977 φλυαροῦντες
704 3904 912 3959 ἐλεεινὰ
957 3904 1319 3971 στενάζουσιν,
1371 3908 1853 3981 καταδικαζόμενοι

277 3998 356 4061 εἰς
386 3997 480 4051 τὸν
533 3996 756 4068 πύρινον
792 3996 1054 4067 ποταμὸν,
1089 3999 1166 4061 εὶς
1191 3997 1281 4051 τὸν
1312 3998 1569 4071 σκώληκα
1589 4002 1679 4055 τὸν
1705 4002 1854 4056 ἀκοί-

282 4105 474 4161 μητον,
509 4090 589 4152 εῑς
615 4087 708 4142 τὸν
757 4088 927 4143 δεινὸν
968 4088 1121 4160 ᾅδην,
1156 4091 1237 4154 είς
1270 4091 1333 4144 τὸ
1359 4092 1548 4157 σκότος
1568 4093 1630 4146 τὸ
1661 4092 1854 4161 ἐξώτε-

281 4196 393 4251 ρον,
421 4180 504 4244 είς
532 4178 628 4233 τὸν
676 4178 871 4250 πικρὸν
920 4177 1215 4252 κλαυθμὸν,
1248 4182 1328 4246 είς
1352 4182 1443 4236 τόν
1476 4182 1718 4255 βρυγμὸν
1746 4184 1854 4237 τῶν

274 4270 527 4334 ὀδόντων,
552 4270 633 4333 είς
655 4268 754 4342 τὴν
787 4268 1050 4323 ἂσδεστον
1084 4270 1330 4342 κάμινον.
1366 4272 1538 4327 Βλέπε
1574 4273 1648 4346 μὴ
1687 4292 1855 4329 κατα-

276 4360 542 4431 δικασθῇς
597 4361 678 4424 είς
707 4360 807 4423 τὰς
836 4359 1084 4425 κολάσεις
1127 4362 1358 4428 ἐκείνας.
1422 4364 1598 4418 Βλέπε
1651 4364 1724 4437 μὴ
1767 4366 1857 4420 διὰ

1947 3272 2143 3328 dentes
2188 3271 2257 3326 ab
2310 3270 2639 3327 immanibus
2685 3270 2894 3342 angelis
2938 3277 3311 3324 conterentur.
3374 3266 3530 3320 'l‘unc

1945 3362 2250 3434 jurantium
2279 3376 2375 3416 ora
2404 3360 2544 3431 igne,
2563 3376 2842 3431 nunquam
2875 3359 3275 3431 exstinguenda
3298 3359 3522 3413 obtura-

1948 3453 2173 3509 buntur.
2225 3448 2381 3506 Tunc
2429 3452 2788 3505 annuentium
2840 3449 2984 3505 oculi
3016 3449 3086 3503 ab
3138 3447 3529 3502 immisericor-

1948 3545 2110 3601 dihus
2141 3551 2198 3600 et
2231 3542 2652 3601 inclementibus
2685 3541 2895 3614 angelis
2932 3541 3342 3612 exsculpentur.
3372 3537 3528 3593 Tunc

1950 3637 2044 3708 qui
2104 3637 2375 3699 riserunt,
2441 3649 2626 3691 amare
2684 3633 2915 3690 ﬂebunt.
2974 3633 3138 3689 Tunc-
3173 3633 3267 3702 qui
3336 3629 3527 3702 nugati

1951 3736 2101 3796 sunt,
2135 3726 2520 3784 miserabiliter
2562 3728 2983 3798 congemiscent,
3037 3723 3104 3780 ad
3160 3724 3379 3795 igneum
3425 3719 3527 3775 da-

1951 3821 2122 3875 mnati
2156 3818 2404 3885 ﬂuvium,
2434 3818 2504 3873 ad
2544 3832 2781 3875 vermem
2838 3830 3117 3887 nunquam
3173 3815 3524 3878 moriturum,

1951 3911 2020 3967 ad
2075 3921 2315 3967 atrocem
2376 3908 2652 3964 infernum
2683 3946 2697 3972 ,
2761 3907 2831 3963 ad
2890 3906 3148 3963 tenebras
3200 3907 3524 3968 exteriores,

1952 4003 2020 4057 ad
2067 4001 2324 4057 acerbum
2370 4001 2577 4067 ﬂetum,
2638 3999 2705 4053 ad
2770 3996 3056 4054 stridorem
3108 3996 3352 4053 dentium
3383 4034 3399 4059 ,
3457 3995 3526 4050 ad

1952 4096 2226 4152 caminum
2289 4110 2401 4150 non
2456 4090 2934 4164 exstinguendum.
2999 4089 3235 4145 Provide
3287 4088 3386 4143 tibi
3458 4104 3528 4143 ne

1953 4189 2021 4244 ad
2056 4189 2146 4243 illa
2176 4187 2451 4258 supplicia
2489 4184 2785 4241 damneris.
2836 4183 2980 4239 Cave
3023 4197 3095 4237 ne
3136 4181 3208 4237 ob
3253 4180 3527 4236 modicam

1952 4278 2289 4347 voluptatem
2337 4275 2501 4345 hujus
2557 4274 2745 4329 mundi
2795 4272 2889 4343 qui
2928 4271 3189 4343 praeterit,
3236 4270 3303 4325 ad
3336 4285 3527 4341 ptenas

1955 4369 2233 4426 damneris
2261 4378 2494 4424 aeternas
2527 4367 2579 4421 in
2612 4367 2873 4421 smculum
2903 4365 3087 4421 saeculi
3116 4363 3430 4428 duraturas,
3471 4364 3527 4417 in

281 4451 487 4524 μικρὰν
529 4450 842 4524 γλυκύτητα
876 4453 973 4506 τοῦ
1014 4453 1219 4524 κόσμου
1246 4454 1436 4509 τούτου
1459 4456 1552 4510 τοῦ
1582 4475 1849 4531 παρερχο·

1958 4462 2067 4518 illis
2118 4468 2513 4516 tormentorum
2550 4460 2705 4516 locis.
2764 4456 2847 4512 Tu
2892 4473 3022 4513 vero
3067 4456 3124 4517 ,si
3164 4455 3247 4511 vis
3295 4455 3527 4512 salutem

280 4543 445 4613 μένου
472 4541 877 4613 καταδικασθῇς
909 4544 989 4605 εις
1026 4541 1240 4597 αἰώνιον
1273 4544 1492 4599 κόλασιν
1525 4546 1695 4600 αἰῶνα
1720 4547 1852 4602 αἰῶ-

277 4650 389 4700 νος,
411 4635 494 4697 είς
532 4632 604 4686 τά
648 4632 976 4705 κολαστήρια
1004 4636 1204 4688 ἐκεῖνα.
1239 4635 1310 4688 Σὺ
1339 4635 1417 4700 δὲ,
1440 4636 1533 4690 ἐὰν
1567 4637 1727 4710 θέλῃς
1749 4656 1853 4692 σω·-

279 4724 463 4796 θῆναι,
486 4723 586 4777 καὶ
612 4721 872 4775 εἰσελθεῖν
893 4724 973 4786 εἰς
1003 4722 1102 4794 τὴν
1150 4722 1424 4792 βασιλείαν
1449 4725 1545 4778 τοῦ
1575 4726 1732 4791 Θεοῦ,
1761 4729 1853 4781 καὶ

280 4821 356 4891 μὴ
409 4816 674 4872 εἰσελθεῖν
715 4819 795 4882 είς
820 4816 917 4888 τὴν
943 4815 1159 4870 αἰώνιον
1186 4815 1429 4881 κόλασιν,
1464 4816 1606 4888 ἅπερ
1637 4818 1853 4882 ἀκούεις

278 4910 515 4981 φύλαξον
538 4927 553 4941 ο
582 4911 677 4964 καὶ
700 4909 883 4980 βίασαι
906 4909 1046 4980 ὑπὲρ
1065 4907 1202 4962 αύτά
1226 4908 1329 4971 ἕως
1346 4907 1597 4971 θανάτου,
1628 4910 1715 4964 ἵνα
1736 4927 1853 4963 στε-

278 5002 536 5074 φανωθῇς
565 5001 718 5071 παρὰ
756 4999 992 5074 Χριστοῦ
1026 4999 1122 5053 τοῦ
1147 4998 1301 5064 Θεοῦ,
1334 5000 1461 5053 ὅταν
1501 4999 1667 5073 μέλλῃ
1696 5001 1851 5074 ἐρευ-

279 5098 375 5167 νᾷν
402 5095 472 5149 τά
507 5092 726 5167 κρυπτά
767 5092 961 5157 πάντα,
989 5091 1058 5145 τὰ
1091 5092 1149 5145 έν
1192 5092 1347 5145 νυκτὶ
1378 5092 1473 5145 καὶ
1493 5093 1692 5164 ἡμέρᾳ,
1725 5094 1851 5149 ὅταν

282 5184 569 5257 μέλλωμεν
591 5182 794 5244 πάντες
821 5182 1017 5253 γυμνοὶ
1052 5182 1145 5235 καὶ
1196 5182 1681 5254 τετραχηλισμένοι-
1710 5201 1853 5257 παρ-

284 5275 532 5330 ίστασθαι
562 5273 643 5344 τῷ
685 5272 919 5345 βήματι,
971 5272 1034 5326 τὸ
1080 5272 1327 5342 φοόερὸν,
1384 5269 1558 5345 οἶμαι,
1609 5277 1856 5349 αἰσχυνό-

281 5386 548 5440 μενοι.....

347 5460 402 5515 2.
437 5462 643 5517 Ἄκουε
670 5456 853 5512 λοιπὸν
882 5457 983 5513 κᾶν
1006 5459 1144 5530 ἀνὴρ
1169 5457 1269 5512 κᾶν
1307 5460 1466 5532 γυνὴ,
1507 5461 1598 5513 καὶ
1622 5460 1856 5529 φύλαξον

279 5554 422 5627 ᾶπερ
450 5551 778 5624 παρέδωκαν
806 5553 854 5604 οί
882 5551 1023 5621 ἆγιοι
1063 5550 1365 5615 ἀπόστολοι,
1407 5553 1491 5605 ἵνα
1529 5553 1645 5623 μετ’
1680 5551 1858 5607 αὐτῶν

348 5711 395 5743 ⁵⁸
432 5706 588 5764 Psal.
623 5721 692 5775 ε,
725 5706 777 5762 5.
853 5706 897 5739 ³⁹
935 5703 1119 5760 Matth.
1155 5722 1205 5773 ν,
1244 5705 1330 5761 5i.

1960 4555 2241 4625 consequi,
2288 4563 2449 4625 atque
2475 4552 2686 4624 ingredi
2711 4553 2767 4607 in
2799 4566 3026 4622 regnum
3058 4548 3175 4614 Dei,
3212 4563 3322 4603 non
3346 4555 3528 4603 autem

1955 4645 2021 4700 ad
2060 4655 2324 4702 aiternum
2377 4645 2744 4717 supplicium;
2791 4658 2949 4698 serva
2997 4656 3117 4711 qua:
3147 4640 3305 4695 audis
3342 4658 3355 4693 :
3389 4639 3529 4692 vim-

1954 4755 2059 4809 que
2096 4739 2194 4794 tibi
2226 4738 2366 4793 infer
2409 4754 2597 4793 eorum
2626 4751 2791 4791 causa
2852 4749 3023 4805 usque
3050 4734 3118 4788 ad
3161 4739 3416 4797 mortem,
3467 4738 3527 4786 ut

1953 4829 2233 4883 coroneris
2273 4843 2303 4880 a
2337 4827 2556 4882 Christo
2584 4826 2713 4889 Deo,
2761 4840 2884 4879 cum
2935 4825 3149 4879 occulta
3198 4820 3380 4875 omnia
3411 4828 3525 4874 tum

1954 4930 2113 4974 nocte
2145 4928 2258 4975 tum
2296 4918 2383 4972 die
2421 4924 2574 4988 gesta
2614 4915 3065 4985 perscrutabitur,
3106 4911 3325 4984 quando
3375 4911 3524 4966 futu-

1955 5028 2075 5067 rum
2102 5019 2186 5066 est
2214 5018 2273 5065 ut
2302 5010 2435 5064 nudi
2468 5025 2658 5064 omnes
2686 5016 2740 5065 et
2786 5007 3060 5063 manifesti
3092 5007 3355 5061 sistamur
3397 5016 3526 5061 ante

1954 5104 2217 5167 tribunal,
2272 5101 2419 5172 quod
2472 5102 2802 5159 horrendum
2838 5117 2972 5156 sane
3000 5092 3115 5153 est.
3146 5096 3213 5149 Et
3266 5096 3357 5151 alii
3401 5100 3527 5167 qui-

1952 5198 2243 5254 dem....

2035 5461 2091 5521 2.
2125 5460 2267 5516 Audi
2301 5460 2519 5517 demum
2578 5462 2692 5517 sive
2717 5463 2820 5525 vir,
2864 5460 2977 5515 sive
3007 5460 3205 5515 mulier
3249 5475 3332 5525 es,
3360 5471 3414 5517 et
3442 5461 3542 5514 ob-

1969 5569 2126 5610 serva
2154 5568 2276 5627 qua:
2306 5553 2483 5610 sancti
2530 5552 2874 5610 tradiderunt
2907 5551 3162 5623 apostoli,
3200 5558 3255 5607 ut
3284 5567 3392 5609 una
3417 5567 3542 5608 cum

1410 5707 1452 5740 ευ
1492 5705 1606 5763 Jac.
1646 5724 1696 5775 ν,
1742 5707 1824 5765 l2.
1920 5709 1959 5742 ⁶¹
2001 5710 2019 5764 1
2058 5708 2198 5767 Tini.
2235 5725 2308 5776 ιι,
2349 5710 2399 5765 7.
2488 5698 2491 5703 ’
