3982 6398
568 317 696 370 1ΗΙ

1716 315 1773 369 S.
1812 313 2269 369 ATHANASIUS.
2309 345 2380 354 —
2419 314 2684 369 SPURIA.

3651 316 3771 372 1112

570 435 705 502 ipsis
738 448 963 502 vespere
991 437 1269 495 fruamur;
1323 433 1386 485 ad
1415 431 1710 487 Eccksiam
1741 437 1999 500 concede,
2031 445 2113 489 at-

2232 433 2605 503 ίπολαύσωμεν
2661 432 2895 503 ἑσπέρας
2921 449 2934 462 ·
2988 432 3079 486 καὶ
3135 431 3270 503 πρὸς
3318 431 3414 503 τὴν
3467 431 3773 502 Ἐκκλησίαν

569 539 676 592 que
732 522 841 575 Deo
889 522 1146 576 conﬁtere
1202 531 1424 590 peccata
1473 532 1565 576 tua
1614 539 1734 594 quae
1782 528 2127 595 perpetrasti.

569 614 682 682 (57)
705 612 855 678 Quod
888 613 934 667 si
966 628 1051 668 res
1078 628 1187 666 non
1218 615 1355 668 bene
1407 617 1750 683 processerit,
1796 633 1970 686 neque
2004 634 2128 689 pro--

567 705 731 774 pitius
763 704 851 758 ille
881 703 1060 768 fuerit,
1096 721 1166 760 ne
1195 705 1262 758 ad
1292 721 1430 775 opus
1469 708 1698 764 accedas
1751 715 1926 770 tuum,
1958 725 2131 780 quau-

567 794 856 862 doquidem
887 810 994 848 non
1012 806 1094 850 est
1119 797 1462 852 benedictum
1493 801 1616 858 :sin
1645 803 1915 870 propitius
1948 803 2130 865 fuerit,

565 895 697 941 tunc
731 903 867 956 opus
921 888 1083 943 adeas
1121 899 1297 953 tuum,
1351 891 1485 947 illud
1536 893 1680 949 Deus
1737 895 2029 959 benedicit,
2066 913 2136 950 ne

563 977 660 1030 tibi
709 980 912 1032 malum
949 981 1195 1036 accedat.
1259 982 1395 1036 Cum
1427 1001 1587 1040 mane
1618 990 1943 1047 surrexeris.
1995 990 2128 1058 ligu-

563 1084 681 1122 rum
713 1072 1030 1126 veneranda:
1057 1081 1112 1126 et
1142 1073 1368 1128 vivitica:
1399 1077 1582 1131 crucis
1613 1079 1866 1133 omnibus
1903 1079 2010 1133 tuis
2054 1079 2134 1132 fa-

563 1161 672 1214 cito
702 1163 981 1230 membris;
1031 1172 1085 1218 et
1110 1164 1236 1217 dum
1271 1167 1537 1232 ambulas,
1587 1169 1893 1237 decumbis,
1928 1172 2129 1241 surgis,

565 1267 778 1319 semper
808 1252 974 1307 dicito
1008 1273 1020 1308 :
1053 1252 1278 1309 Domine
1303 1255 1432 1311 Jesu
1491 1259 1725 1323 Christe,
1781 1261 1974 1329 adjuva
2024 1275 2130 1316 me.

565 1336 770 1400 Quarta
797 1339 952 1402 feria,
989 1349 1044 1395 et
1069 1357 1387 1411 parasceve,
1421 1361 1516 1401 seu
1547 1347 1680 1402 feria
1725 1359 1897 1414 sexta,
1922 1353 2129 1421 jejuna.

567 1429 704 1483 Aliis
733 1429 949 1493 diebus,
983 1433 1064 1486 tui
1117 1440 1195 1488 est
1242 1436 1456 1490 arbitrii
1482 1439 1751 1508 jejunare,
1799 1444 1880 1496 vel
1918 1459 2024 1497 non
2051 1446 2132 1512 je-

560 1521 780 1590 junare.
835 1523 1087 1580 Attamen
1119 1542 1219 1594 par
1261 1535 1348 1582 est
1388 1539 1446 1583 ut
1493 1531 1751 1588 mulieres
1794 1549 2008 1605 semper
2052 1538 2134 1606 je-

562 1612 778 1680 junent.
815 1613 949 1668 Illud
1000 1615 1085 1669 vel
1117 1631 1240 1670 sero
1274 1618 1488 1672 tandem
1523 1619 1831 1685 observato,
1855 1623 2132 1680 diabolum

2231 523 2490 593 ἀπέρχου,
2521 525 2613 576 καὶ
2657 521 2975 593 ἐξομολογοῦ
3021 521 3100 592 τῷ
3121 522 3238 592 Θεῷ
3275 522 3373 586 τάς
3399 523 3671 593 ἁμαρτίας
3695 541 3773 578 σου

2230 614 2371 685 ᾇπερ
2405 613 2660 680 ἔπραξας.
2693 616 2787 668 "Av
2817 615 2873 668 δέ
2898 615 2970 685 μὴ
3003 613 3232 684 ἀπέλθῃ,
3267 613 3362 666 καὶ
3415 611 3546 684 εὒξῃ
3592 629 3669 677 σε,
3713 616 3774 686 μὴ

2232 708 2454 779 ἐγγίσῃς
2482 710 2560 771 εἱς
2593 708 2771 778 ἔργον,
2793 709 2912 760 ἐπεὶ
2946 707 3045 760 οὐκ
3082 705 3230 759 ἔστιν
3277 706 3638 777 εύλογημένον
3657 721 3672 737 ·
3697 709 3780 758 ἐὰν

2233 801 2288 854 δέ
2316 799 2443 870 εὔξῃ
2475 817 2556 862 σε,
2582 801 2674 853 καὶ
2697 801 2815 852 τότε
2834 800 3042 870 ἐπάρῃς
3077 799 3140 850 τὸ
3166 797 3326 868 ἔργον
3357 815 3473 863 σου,
3497 800 3525 849 6
3547 797 3676 859 Θεὸς
3702 799 3775 849 εὑ-

2233 891 2379 959 λογεῖ
2403 891 2552 954 αὐτὸ,
2581 890 2654 960 μὴ
2709 889 2873 942 κακὸν
2895 888 3227 959 προσεγγίσῃ
3264 904 3366 940 σοι.
3410 885 3775 956 Ἀνισταμένου

2235 1005 2327 1041 σου
2353 986 2416 1038 τὸ
2430 985 2591 1056 πρωῒ,
2612 984 2700 1038 τὸν
2723 985 2889 1036 τύπον
2903 982 2996 1036 τοῦ
3016 983 3196 1052 τιμίου
3220 981 3314 1035 καὶ
3339 978 3606 1044 ζωοπαοῦ
3632 995 3776 1032 σταυ-

2235 1078 2328 1148 ροῦ
2361 1077 2583 1146 ποίησον
2609 1078 2688 1139 είς
2721 1076 2896 1129 πάντα
2915 1074 2981 1128 τά
3019 1075 3152 1144 μέλη
3187 1090 3303 1136 σου,
3330 1073 3425 1127 καὶ
3453 1071 3778 1143 περιπατῶν,

2233 1168 2325 1220 καὶ
2380 1164 2738 1237 κοιμώμενος,
2787 1166 2879 1218 καὶ
2927 1164 3300 1232 ἀνιστάμενος,
3359 1164 3593 1215 πάντοτε
3638 1161 3773 1228 λέγε·

2232 1257 2406 1329 Κύριε
2448 1257 2618 1328 Ἰησοῦ
2675 1255 2894 1328 Χριστέ,
2941 1255 3202 1325 βοήθησόν
3246 1271 3357 1324 μοι.
3406 1253 3672 1323 Γετράδην
3700 1256 3776 1306 καὶ

2235 1347 2581 1418 παρασκευὴν
2626 1349 2869 1418 νήστευε.
2899 1347 3010 1407 Τὰς
3047 1346 3103 1398 δὲ
3159 1346 3324 1409 ἄλλας
3350 1347 3602 1411 ἐξουσίαν
3632 1345 3776 1415 ἔχεις,

2234 1442 2334 1494 κᾶν
2363 1441 2540 1511 θέλῃς,
2564 1442 2806 1511 νήστευε,
2838 1438 2936 1491 κᾶν
2964 1437 3142 1508 θέλῃς,
3197 1438 3271 1508 μὴ
3302 1439 3554 1507 νήστευε.
3606 1437 3778 1507 ὐμως

2233 1533 2328 1596 τὰς
2340 1536 2599 1601 γυναῖκας
2616 1533 2684 1601 ἀρ
2690 1532 2826 1603 μόζῃ
2838 1531 2921 1583 ἴνα
2935 1531 3166 1584 πάντοτε
3177 1547 3240 1599 νη
3248 1529 3494 1583 στεύωσι.
3511 1529 3682 1582 Βλέπε
3696 1530 3777 1598 ὀψέ

2234 1641 2383 1688 ποτε,
2407 1625 2486 1676 ὅτι
2507 1626 2536 1676 6
2563 1623 2802 1686 διάϐολος
2823 1622 3068 1692 ἐπιφέρει
3089 1620 3187 1691 τὴν
3207 1620 3508 1690 ὀξυχολίαν,
3537 1620 3624 1673 ἵνα
3645 1620 3780 1686 65w-

568 1701 779 1755 scilicet
822 1703 1159 1758 iracundiam
1219 1707 1317 1760 tibi
1352 1707 1660 1767 immittere.
1698 1721 1752 1765 ut
1803 1729 2126 1770 succenseas

2234 1713 2350 1784 θῇς,
2385 1715 2476 1768 καὶ
2493 1713 2756 1785 ἀπολέσῃς
2780 1712 2876 1782 τὴν
2895 1711 3070 1782 ψυχήν
3099 1729 3212 1764 σου.
3241 1711 3350 1782 Τὴν
3367 1711 3424 1764 δὲ
3451 1712 3734 1781 πραΰτητα
3755 1713 3780 1764 ὸ

567 1800 622 1844 et
667 1794 901 1846 animam
977 1798 1171 1865 perdas
1225 1807 1392 1852 tuam.
1460 1799 1926 1858 Mansuetudinem
1981 1805 2124 1862 Deus

2956 1764 3266 1871 πραΰτητος
3296 1764 3389 1854 καὶ
3429 1764 3530 1870 τῆς
3569 1764 3778 1870 ἐλεημοο

567 1882 669 1936 tibi
719 1883 884 1955 406
912 1887 1140 1951 dederit,
1172 1899 1231 1941 ut
1260 1904 1354 1957 per
1381 1894 1851 1948 mansuetudinem
1888 1903 1943 1951 et
1985 1897 2127 1951 elee—

568 1988 852 2044 mosynam
883 1977 1110 2033 salutem
1142 1982 1514 2050 consequaris.
1577 1982 1643 2038 Et
1677 1985 1906 2041 observa
1955 2003 2128 2057 quan-
2178 1980 2180 1983 ’

567 2063 764 2118 donam
805 2081 835 2118 a
881 2075 930 2120 te
979 2067 1226 2124 diabolus
1283 2070 1473 2142 fugiat,
1508 2081 1621 2128 tum
1655 2077 1862 2132 scilicet
1895 2081 2129 2135 maxime

567 2170 693 2208 cum
727 2157 921 2212 viderit
950 2159 1132 2212 crucis
1166 2170 1349 2230 typum
1390 2163 1445 2216 in
1503 2163 1702 2228 fronte,
1756 2167 1810 2220 in
1855 2183 1950 2223 ore
1977 2177 2032 2224 et
2072 2171 2129 2225 in

567 2247 728 2301 corde
773 2256 885 2304 tuo.
947 2249 1092 2321 Fuge
1139 2268 1356 2322 quoque
1395 2271 1622 2325 pugnas,
1657 2259 1781 2327 jure
1824 2276 1894 2316 an
1931 2262 2128 2332 injuria

569 2340 881 2405 suscitatas,
929 2353 987 2396 ut
1023 2360 1090 2399 ne
1121 2346 1314 2414 perdas
1347 2347 1583 2403 animam
1640 2358 1809 2405 tuam.
1852 2351 2128 2424 Scriptum

569 2442 652 2486 est
703 2435 848 2487 enim
885 2453 901 2487 :
937 2453 954 2486 ι
995 2434 1090 2489 Vir
1146 2439 1441 2494 iracundus
1495 2452 1551 2497 et
1613 2459 1851 2514 praeceps
1903 2447 2130 2502 suscitat

569 2525 841 2593 pugnas“
877 2545 891 2579 :
953 2545 970 2578 ι
1011 2526 1270 2584 Dominus
1329 2538 1506 2585 autem
1557 2534 1807 2603 angelum
1839 2535 2130 2590 immiseri-

571 2615 786 2669 cordem
835 2619 1077 2672 immittit
1136 2620 1231 2675 illi.
1293 2621 1370 2678 Ne
1431 2623 1751 2692 injuriarum
1807 2626 2128 2698 cujusquam

571 2708 806 2764 hominis
846 2713 1170 2767 recordere:
1217 2716 1310 2769 sed
1357 2725 1474 2771 esto
1519 2718 1638 2774 siue
1684 2720 1887 2774 malitia
1926 2727 1986 2775 ut
2047 2721 2130 2775 in-

571 2799 767 2854 fantes.
831 2801 918 2853 Ait
949 2804 1148 2872 quippe
1180 2802 1442 2860 Dominus
1477 2806 1531 2860 in
1565 2807 1873 2877 Evangeliis
1903 2829 1916 2864 :
1955 2829 1973 2862 ι
2014 2808 2128 2864 Nisi

570 2893 815 2945 conversi
872 2892 1086 2948 fueritis
1118 2903 1172 2947 et
1203 2894 1510 2950 eiiiciamini
1568 2901 1711 2953 sicut
1742 2901 1973 2968 parvuli,
2020 2916 2127 2954 nou

572 2985 846 3039 intrabitis
885 2988 939 3040 in
985 3003 1210 3056 regnum
1255 2989 1516 3042 caelorum
1545 2991 1607 3044 “.
1643 3010 1661 3041 ι
1713 2991 1847 3045 lline
1888 2992 2130 3045 animad-

2229 1894 2394 1964 σύνης
2423 1893 2617 1964 σωθῇς.
2642 1893 2749 1945 Kal
2773 1892 2932 1961 βλέπε
2963 1893 3051 1945 ὅτε
3077 1893 3106 1944 6
3136 1891 3380 1954 διάϐολος
3406 1891 3662 1960 φεύξεται
3687 1891 3779 1944 ἀπὸ

2229 1983 2344 2045 σοῦ,
2366 1984 2595 2054 μάλιστα
2613 1984 2738 2037 ὅταν
2761 1983 2844 2056 ἴδῃ
2860 1983 2948 2035 τὸν
2965 1983 3132 2036 τύπον
3147 1982 3238 2036 τοῦ
3267 1982 3504 2053 σταυροῦ
3522 1985 3579 2035 ἐν
3595 1982 3670 2052 τῷ
3702 1999 3780 2053 με-

2226 2073 2392 2144 τώπῳ
2422 2090 2535 2134 σου,
2555 2073 2645 2126 καὶ
2665 2074 2722 2125 ἐν
2744 2073 2822 2141 τῷ
2841 2072 3064 2142 στόματί
3092 2089 3206 2135 σου,
3236 2073 3329 2126 καὶ
3341 2073 3435 2124 ἐπὶ
3455 2073 3556 2144 τὴν
3573 2072 3778 2142 καρδίαν

2230 2183 2345 2218 σου.
2368 2164 2539 2232 Φεῦγε
2551 2164 2607 2216 δὲ
2627 2164 2833 2226 καὶτὰς
2851 2164 3047 2234 μάχας,
3080 2162 3185 2216 κᾶν
3209 2163 3434 2226 δικαίως
3458 2164 3564 2217 κᾶν
3576 2163 3780 2226 ἀδίκως,

2231 2256 2315 2309 ἵνα
2353 2255 2424 2325 μὴ
2456 2253 2721 2325 ἀπολέσῃς
2752 2255 2849 2324 τὴν
2875 2253 3053 2324 ψυχήν
3080 2271 3194 2307 σου.
3219 2255 3536 2324 Γέγραπται
3563 2254 3688 2325 γάρ,
3710 2256 3780 2308 ὅτι

2235 2365 2253 2397 ι
2310 2346 2366 2398 'U
2392 2343 2640 2414 θυμώδης
2672 2345 2764 2396 καὶ⁸
2779 2344 2900 2408 ὀξὺς
2933 2343 3134 2415 ἐγείρει
3167 2345 3344 2415 μάχας
3363 2361 3377 2374 ·
3413 2364 3431 2395 ι
3456 2348 3484 2399 6
3511 2345 3572 2397 δὲ
3599 2345 3779 2415 Κύριος

2229 2438 2455 2506 ἄγγελον
2486 2437 2816 2506 ἀνελεήμονα
2860 2436 3160 2507 ἐπιπέμπει
3195 2439 3275 2500 είς
3302 2437 3484 2490 αὐτόν.
3519 2439 3780 2508 Μνησικα-

2230 2530 2352 2582 κίαν
2390 2529 2526 2600 μετά
2572 2546 2713 2592 τινος
2747 2527 2820 2598 μὴ
2845 2528 2973 2599 ἔχῃς
2991 2546 3003 2558 ·
3051 2528 3184 2581 ἀλλά
3210 2529 3362 2596 γίνου
3389 2529 3597 2593 ἄκακος
3626 2529 3696 2592 ὡς
3723 2529 3781 2581 τά

2229 2623 2396 2691 νήπια
2435 2620 2502 2673 τὰ
2539 2619 2610 2690 μὴ
2644 2619 2830 2689 ἔχοντα
2875 2619 3089 2672 κακίαν.
3134 2615 3265 2672 Εἷπε
3298 2619 3407 2690 γάρ
3431 2622 3460 2672 ὁ
3493 2620 3693 2689 Κύριος
3731 2622 3778 2672 ἐν

2229 2711 2577 2780 Εύαγγελίοις
2597 2729 2611 2742 υ
2635 2732 2652 2762 ι
2677 2711 2800 2764 Ἐὰν
2831 2711 2905 2781 μὴ
2935 2711 3206 2782 στραφῆτε
3253 2712 3348 2765 καὶ
3379 2711 3603 2780 γίνησθε
3626 2712 3696 2774 ὼς
3724 2711 3780 2764 τά

2229 2805 2414 2875 νήπια,
2440 2804 2500 2856 οὐ
2541 2803 2614 2874 μὴ
2660 2803 2931 2873 εἰσέλθητε
2965 2804 3043 2865 είς
3070 2803 3168 2873 τὴν
3200 2802 3475 2872 βασιλείαν
3513 2803 3621 2855 τῶν
3641 2805 3781 2871 ούρα-

2229 2896 2353 2949 νῶν.
2394 2916 2412 2948 ›
2447 2895 2541 2948 ἰδὲ
2568 2895 2770 2959 λοιπὸν,
2799 2895 2866 2948 τὰ
2895 2895 3076 2950 παιδία
3105 2895 3165 2948 ού
3193 2896 3475 2965 μάχονται,
3511 2895 3607 2948 καὶ
3639 2895 3780 2948 πάλιν

2229 2987 2504 3058 ὁμιλοῦσιν
2529 2987 2750 3058 ἄλληλα.
2788 2987 2972 3050 Ἐκτὸς
3003 2990 3133 3058 ἡμῖν
3160 2988 3336 3040 πάντα
3364 2987 3475 3041 ἀπὸ
3503 2990 3680 3056 πάσης
3699 3004 3784 3038 κα-

571 3081 740 3134 verte,
771 3076 1024 3142 parvulos
1063 3093 1171 3131 non
1229 3094 1488 3148 pugnare,
1524 3081 1618 3133 sed
1650 3089 1838 3134 mutuo
1870 3083 2124 3152 colloqui.

2232 3079 2372 3140 κίας.
2398 3077 2566 3139 Αὐτὸς
2597 3076 2797 3140 λοιπὸν,
2838 3075 3050 3143 ἀδελφέ,
3086 3075 3324 3146 μιμητὴς
3346 3075 3509 3142 γενοῦ
3540 3076 3647 3128 τῶν
3669 3074 3781 3127 παί-

572 3163 654 3215 Αι›
685 3166 832 3217 omni
866 3167 1022 3234 plane
1050 3169 1254 3222 malitia
1285 3168 1633 3227 excedamus.
1663 3170 1907 3237 Demum,
1942 3173 2128 3240 frater,

573 3256 812 3309 imitator
843 3267 962 3311 esto
991 3275 1280 3326 puerorum
1301 3261 1478 3330 quoad
1508 3262 1791 3327 malitiam,
1829 3272 1886 3317 ut
1919 3266 1985 3318 ab
2014 3281 2134 3320 om-

573 3348 627 3400 ni
664 3362 721 3401 re
752 3349 892 3402 mala
930 3349 1194 3406 libereris.
1255 3351 1395 3405 Audi
1432 3351 1748 3420 Apostolum
1785 3355 1866 3409 sic
1912 3356 2136 3424 loquen-

575 3447 715 3493 tem:
743 3459 762 3490 ι
787 3439 879 3492 Sol
901 3457 1006 3495 non
1027 3444 1240 3497 occidat
1259 3460 1422 3512 super
1440 3445 1774 3498 iracundiam
1795 3447 2094 3500 vestram“.
2109 3466 2130 3499 ι

575 3528 978 3599 Loquacitatem
1017 3533 1238 3586 nimiam
1291 3534 1418 3588 odio
1474 3535 1632 3599 habe,
1683 3536 2136 3590 taciturnitatem-

573 3636 680 3690 que
715 3623 896 3690 potius
941 3638 1080 3677 ama.
1145 3623 1202 3678 In
1233 3625 1397 3680 corde
1432 3637 1526 3680 tuo
1579 3632 1770 3691 orato,
1810 3640 1875 3681 ac
1926 3626 2130 3682 dicito:

581 3731 601 3762 ι
642 3710 782 3767 Deus
834 3715 1098 3783 propitius
1146 3725 1266 3771 esto
1310 3717 1442 3771 mihi
1502 3717 1878 3787 peccatori“.
1919 3737 1938 3770 ι
1998 3718 2136 3774 Odia

572 3803 702 3857 item
738 3805 876 3860 habe
900 3807 1009 3860 viui
1043 3809 1370 3876 potationes,
1399 3809 1738 3876 nimiumque
1765 3808 1971 3864 cibum.
1998 3808 2136 3865 Odio

574 3893 711 3948 habe
742 3895 1145 3964 puriﬁcatioues
1175 3897 1532 3954 :saltationes
1562 3907 1615 3953 et
1657 3897 1950 3969 tragmdias
1991 3897 2135 3967 iuge;

573 3983 687 4037 haec
719 3993 848 4038 sunt
877 3987 1078 4054 quippe
1110 3986 1311 4040 diaboli
1345 3987 1480 4042 ludi.
1536 3986 1995 4042 Vestimentorum
2026 3985 2138 4041 cul-

576 4085 689 4127 tum
721 4075 848 4129 odio
878 4076 1100 4142 habeas,
1146 4093 1244 4132 nec
1283 4079 1560 4133 mollitiem
1587 4079 1879 4146 dilexeris;
1913 4079 2006 4133 sed
2039 4095 2136 4149 po-

574 4167 683 4220 tius
741 4166 1098 4222 humilitatem
1129 4171 1503 4240 vilitatemque
1554 4179 1773 4240 propter
1807 4170 2013 4236 Deum;
2077 4179 2136 4224 ut

573 4258 696 4312 ideo
727 4266 780 4312 te
817 4258 1067 4314 Christus
1097 4269 1150 4314 et
1181 4260 1324 4317 Deus
1355 4271 1543 4317 noster
1584 4261 1772 4316 induat
1799 4265 1992 4316 stolam
2027 4263 2136 4332 glo-

573 4349 687 4412 τίω,
718 4351 1098 4405 vestimentum
1129 4353 1569 4422 incorruptionis,
1603 4338 1857 4407 coronam
1893 4352 2134 4422 pulchri-

2233 3171 2338 3223 δων
2365 3171 2442 3232 είς
2473 3169 2570 3239 τὴν
2615 3169 2832 3234 κακίαν,
2865 3168 2950 3221 ἵνα
2983 3169 3158 3238 σωθῇς
3197 3168 3304 3221 ἀπὸ
3336 3169 3538 3230 παντὸς
3566 3165 3782 3238 πονηροῦ

2234 3264 2574 3337 πράγματος.
2614 3264 2808 3316 Ἀκουε
2840 3260 2933 3313 τοῦ
2978 3258 3294 3312 Ἀποστόλου
3324 3259 3575 3328 λέγοντος
3599 3276 3613 3288 ·
3653 3277 3670 3308 ι
3707 3257 3781 3327 Μὴ

2234 3357 2498 3410 ἐπιδυέτω
2519 3359 2547 3408 6
2581 3353 2730 3424 ἥλιος
2758 3352 2848 3404 ιῖῑπλ⁵
2870 3350 2948 3420 τῷ
2981 3349 3342 3421 παροργισμῷ
3366 3351 3541 3421 ὑμῶν.
3573 3370 3593 3402 ι
3609 3349 3680 3402 Τὸ
3702 3348 3784 3402 λα-

2234 3449 2344 3503 λεῖν
2377 3447 2547 3502 πολλά
2582 3448 2828 3517 μίσησον,
2863 3445 2958 3498 καὶ
2992 3445 3189 3515 μᾶλλον
3229 3445 3514 3513 ἀγάπησω
3547 3443 3639 3497 τοῦ
3669 3459 3782 3496 σιω-

2235 3539 2361 3608 πᾷν.
2386 3537 2496 3590 Kal
2521 3533 2772 3606 εὔχεσθαι
2799 3535 2856 3586 ἐν
2887 3535 2954 3603 τῇ
2985 3532 3181 3605 καρδίᾳ
3217 3548 3332 3596 σου,
3370 3533 3466 3584 καὶ
3492 3532 3646 3600 λέγε·
3678 3549 3695 3581 t
3734 3530 3782 3582 '0

2234 3628 2386 3691 Θεὸς,
2432 3627 2676 3697 ἱλάσθητί
2703 3641 2791 3696 μοι
2817 3625 2895 3696 τῷ
2924 3623 3246 3695 ἁμαρτωλῷ.
3283 3643 3302 3676 ι
3337 3623 3583 3694 Μίσησον
3621 3624 3675 3676 δὲ
3703 3622 3784 3676 καὶ

2232 3719 2331 3784 τὰς
2372 3719 2698 3782 οίνοποσίας,
2755 3718 2850 3772 καὶ
2894 3715 3254 3784 πολυφαγίας.
3293 3714 3540 3785 Μίσησον
3584 3716 3674 3767 καὶ
3705 3713 3784 3764 τὸν

2236 3812 2592 3884 καθαρισμὸν,
2636 3810 2730 3864 καὶ
2775 3809 2866 3862 τὸν
2897 3807 3170 3880 ὀρχηθμὸν
3201 3805 3391 3874 φεῦγε,
3418 3807 3514 3858 καὶ
3542 3806 3640 3867 τάς
3665 3822 3782 3876 τρα-

2235 3904 2454 3973 γῳδίας,
2486 3905 2669 3956 ἐκεῖνα
2701 3901 2794 3954 τοῦ
2827 3898 3072 3954 διαϐόλου
3104 3899 3220 3950 ἐστὶ
3258 3897 3506 3962 παίγνια.
3537 3897 3640 3949 Τὸν
3666 3894 3779 3947 καλ·

2235 3997 2409 4050 λωπισ
2415 3997 2510 4065 μὸν
2528 3994 2875 4064 τῶνίματίων
2899 3991 3144 4062 μίσησον,
3162 3990 3291 4060 μηδὲ
3306 3991 3405 4059 τὴν
3419 3989 3648 4059 βλακίαν
3663 3989 3758 4052 ἀγα
3770 4015 3782 4026 -

2235 4093 2456 4161 πήσοιςο
2487 4088 2623 4142 ἀλλά
2659 4085 2856 4156 μᾶλλον
2903 4081 3416 4153 ταπεινοφροσύνην,
3454 4081 3550 4134 καὶ
3587 4080 3784 4134 τελείαν

2237 4183 2346 4251 (38)
2393 4181 2480 4234 διὰ
2516 4179 2607 4233 τὸν
2628 4177 2778 4240 Θεὸν,
2807 4176 2891 4228 ἵνα
2923 4173 3130 4228 ἐκεῖθεν
3159 4173 3352 4244 ἐνδύσῃ
3374 4177 3403 4227 6
3425 4174 3676 4244 Χριστὸς,
3703 4171 3785 4224 καὶ

2233 4273 2362 4335 Θεὸς
2399 4271 2550 4343 ὑμῶν
2585 4269 2774 4338 στολὴν
2805 4267 2981 4336 δόξης,
3018 4265 3215 4336 ἔνδυμα
3251 4265 3576 4337 ἀφθαρσίας,
3609 4263 3786 4332 στέφα-

2238 4382 2327 4418 νον
2347 4363 2594 4426 κάλλους,
2615 4361 2849 4430 διάδημα
2884 4357 3141 4428 βασιλέως
3161 4375 3173 4388 ·
3213 4357 3299 4411 ἵνα
3331 4357 3448 4410 τότε
3471 4357 3571 4430 ἔχῃ
3596 4359 3629 4427 ἡ
3654 4353 3784 4425 ψυχή

572 4444 801 4510 tudinis,
839 4445 1090 4499 diadema
1137 4443 1311 4512 regis;
1354 4452 1413 4498 ut
1450 4451 1564 4496 tum
1594 4444 1789 4498 habeat
1835 4445 2013 4498 anima
2041 4453 2132 4498 tua

2236 4475 2324 4510 σου
2349 4455 2655 4528 παρρησίαν
2678 4454 2812 4525 πρὸς
2842 4453 2930 4505 τὸν
2955 4451 3107 4512 Θεὸν,
3133 4450 3362 4518 λέγουσα
3382 4465 3396 4480 ·
3426 4449 3623 4518 Κύριε,
3647 4451 3702 4501 ἐν
3721 4445 3788 4515 τῷ

454 4593 466 4604 ,
570 4538 825 4592 ﬁduciam
853 4552 979 4606 erga
1013 4535 1202 4600 Deum,
1242 4536 1429 4590 dicens
1463 4551 1476 4586 :
1507 4534 1752 4600 Domine,
1783 4537 1854 4590 ob
1883 4543 2127 4590 sanctum

2233 4549 2421 4618 κόσμῳ
2448 4547 2622 4615 τούτῳ
2651 4545 2728 4614 τῷ
2769 4543 2980 4614 ματαίῳ
3018 4541 3106 4594 διὰ
3135 4541 3196 4593 τὸ
3225 4539 3396 4610 ὄνομά
3434 4556 3531 4592 σου
3559 4538 3618 4592 τὸ
3647 4540 3786 4605 ἅγιον

570 4644 765 4684 nomen
798 4638 950 4682 tuum
997 4629 1180 4681 multis
1214 4627 1270 4680 in
1308 4627 1410 4681 hoc
1458 4641 1598 4680 vano
1645 4626 1846 4680 mundo
1877 4625 2022 4696 egui,
2074 4635 2130 4679 ut

2233 4639 2403 4692 πολλά
2451 4637 2774 4708 ὑστερήθην,
2815 4637 2902 4688 ἵνα
2937 4635 3034 4705 τὴν
3068 4631 3340 4702 βασιλείαν
3388 4648 3482 4684 σου
3523 4630 3783 4690 ἀπολάϐω,

569 4739 797 4792 regnum
830 4722 1129 4791 acciperem
1167 4729 1321 4774 tuum
1365 4734 1535 4788 eoque
1571 4719 1798 4787 fruerer,
1836 4719 1908 4771 mi
1949 4719 2131 4792 Domi-

2232 4730 2324 4782 καὶ
2357 4726 2668 4788 ἀπολαύσω,
2726 4723 2987 4777 Δέσποτα.
3035 4721 3144 4774 Kal
3173 4721 3291 4772 τότε
3325 4721 3443 4789 ἐρεῖ
3478 4721 3507 4771 6
3530 4719 3787 4785 Δεσπότης

569 4791 658 4871 ne.
701 4814 838 4868 Tum
865 4814 1214 4884 respondebit
1244 4812 1504 4867 Dominus
1534 4810 1784 4865 Christus
1815 4828 1829 4864 :
1865 4808 1921 4863 Si
1953 4818 2008 4862 tu
2033 4791 2130 4879 pa-

2232 4818 2462 4890 Χριστὸς
2521 4814 2718 4883 λέγων’
2767 4813 2830 4866 Εἰ
2895 4812 2958 4864 σὺ
3001 4809 3056 4862 δὲ
3105 4808 3262 4874 ὀλίγα
3300 4805 3548 4870 ἐκοπίας,
3587 4801 3784 4875 (πολλὰ)

571 4923 692 4960 rum
746 4905 1026 4969 laborasti,
1077 4905 1247 4959 multa
1308 4903 1602 4975 prasparavi
1657 4903 1792 4967 tibi;
1845 4901 1940 4957 sed
1989 4901 2129 4954 intra

2237 4907 2515 4980 ἡτοίμασά-
2566 4921 2685 4959 σοι·
2721 4902 2854 4956 ἀλλά
2898 4899 3104 4954 εἴσελθε
3155 4901 3233 4961 εἰς
3276 4897 3368 4950 τὸν
3413 4897 3675 4967 νυμφῶνα
3700 4894 3786 4961 τῆς

570 4999 625 5052 in
650 4998 944 5052 thalamum
973 4998 1156 5068 gloria:
1185 5011 1335 5060 meae,
1367 5006 1525 5064 atque
1552 4997 1621 5052 iis
1646 4996 1825 5050 fruere
1848 5010 1968 5065 qua:
1997 5009 2131 5048 ocu-

573 5093 658 5146 lus
695 5108 806 5146 non
833 5091 987 5154 vidit,
1023 5107 1119 5145 nec
1155 5089 1306 5143 auris
1351 5089 1578 5152 audivit,
1605 5105 1706 5145 nec
1741 5091 1794 5143 in
1825 5105 1922 5144 cor
1955 5089 2131 5143 homi-

572 5183 658 5237 nis
696 5184 964 5244 ascendit,
1007 5196 1126 5250 qua:
1175 5180 1471 5249 praeparavi
1501 5181 1846 5250 diligentibus
1900 5196 2004 5246 me,
2048 5188 2131 5232 at-

573 5291 678 5343 que
706 5275 1013 5329 amantibus
1043 5291 1236 5329 nomen
1293 5283 1540 5329 sanctum
1576 5290 1753 5330 meum
1795 5278 1859 5328 “.
1896 5275 2029 5328 Tum
2063 5275 2130 5329 iis

577 5367 871 5433 perfrueris
905 5382 1028 5420 cum
1079 5366 1264 5421 choris
1303 5374 1616 5422 sanctorum
1648 5368 1994 5437 angelorum;
2050 5381 2132 5419 ar-

2235 5001 2391 5072 δόξης
2422 5017 2544 5070 μου,
2594 4998 2690 5050 καὶ
2739 4994 3038 5048 άπόλαυσον
3060 4991 3096 5044 ἃ.
3123 4989 3396 5060 ὀφθαλμὸς
3427 4990 3528 5041 οὐκ
3552 4983 3676 5048 εἶδε,
3702 4984 3786 5038 καὶ

2235 5089 2329 5154 οὖς
2386 5092 2486 5144 οὐκ
2531 5090 2752 5160 ἢκουσε,
2803 5087 2895 5139 καὶ
2945 5085 3036 5137 ἐπὶ
3085 5082 3306 5153 καρδίαν
3370 5080 3654 5152 ἀνθρώπου
3697 5077 3785 5128 οὐκ

2235 5185 2430 5254 ἀνέϐη·
2464 5184 2564 5236 ὅσα
2599 5179 2872 5252 ὴτοίμασα
2915 5178 3027 5238 τοῖς
3063 5171 3314 5242 ἀγαπῶσι
3337 5189 3427 5242 με,
3463 5173 3556 5224 καὶ
3579 5166 3784 5224 ποθοῦσι

2232 5279 2294 5332 τὸ
2346 5277 2517 5346 ὄνομά
2563 5291 2665 5346 μου
2698 5274 2760 5327 τὸ
2786 5273 2958 5340 ἅγιον.
2989 5269 3098 5322 Kal
3133 5267 3253 5320 τότε
3298 5264 3624 5325 ἀπολαύσεις
3658 5254 3783 5330 μετά

2234 5365 2408 5438 χορῶν
2457 5363 2628 5432 ἀγίων
2665 5361 2928 5430 ἀγγέλων,
2975 5358 3068 5413 καὶ
3112 5355 3483 5428 ἀρχαγγέλων,
3535 5354 3625 5407 καὶ
3657 5363 3786 5422 μαρ-

650 5521 694 5552 ⁸²
730 5523 885 5576 Prov.
920 5538 1010 5588 xv,
1045 5523 1131 5577 18.
1207 5523 1252 5554 ⁸³
1290 5522 1478 5578 Matth.
1516 5537 1671 5587 mu,
1703 5523 1756 5577 5.
1835 5522 1880 5554 ⁸⁸
1920 5521 2117 5592 Ephcs.

2265 5521 2354 5574 9.6.
2397 5518 2479 5552 ·⁶⁵
2515 5517 2646 5572 Luc.
2685 5531 2842 5576 xvm,
2883 5515 2965 5568 15.
3043 5512 3087 5543 ⁸⁸
3117 5509 3135 5564 l
3167 5510 3274 5564 Cor
3333 5526 3394 5575 ιι,
3425 5508 3484 5562 9..

650 5676 759 5743 (37)
799 5675 973 5729 Locus
999 5677 1305 5733 intricatus.

2309 5673 2417 5744 ('58)
2459 5671 2516 5725 F.
2550 5669 2841 5724 εὐτέλειαν.
