3982 6398
251 321 392 377 ili?»
1115 317 1209 372 DE
1234 317 1498 374 SANCTA
1532 315 1901 373 TRINIT’ATE
1930 315 2222 374 DIALOGI.
2261 345 2329 358 —-
2353 312 2760 370 ADMONITIO.
3331 310 3470 368 HM

245 461 308 497 τυ
319 458 445 514 ρων,
473 457 568 494 και
600 439 812 494 πάντων
841 437 946 492 τῶν
970 439 1158 508 ἁγίων.
1190 441 1322 494 Τότε
1351 443 1464 512 ἐρεῖ
1486 442 1515 493 ὁ
1533 440 1804 509 Δεσπότης

1904 438 2314 509 changelorum,
2363 443 2663 508 martyrum
2726 440 2782 490 et
2832 432 3072 487 omnium
3132 438 3466 488 sanctorum.

244 534 498 605 Χριστὸς,
533 534 642 596 τοῖς
663 531 1085 602 ἀγωνισαμένοις
1100 533 1184 585 διὰ
1213 532 1272 584 τὸ
1292 533 1459 602 ὄνομα
1484 532 1664 592 αὑτοῦ,
1701 533 1805 594 τοῖς

1913 529 2034 584 Haec
2065 531 2210 585 dicet
2254 529 2515 584 Dominus
2557 525 2808 582 Christus
2850 526 2920 580 iis
2957 523 3050 594 qui
3100 530 3322 593 propter
3365 537 3469 575 no-

249 626 323 696 μὴ
373 625 620 696 ὀμόσασι,
656 627 767 687 τοῖς
801 625 875 697 μὴ
914 625 1158 690 κλέψασι,
1191 628 1303 688 τοῖς
1349 626 1422 696 μὴ
1455 625 1802 696 πορνεύσασι,

1909 639 2033 676 men
2071 639 2230 679 suum
2284 622 2706 684 decertaverint,
2738 619 2832 689 qui
2877 632 2986 672 non
3019 616 3339 686 juraverint,
3369 628 3469 668 nec

243 719 356 779 τοῖς
380 717 452 787 μὴ
478 716 852 786 ψευσαμένοις,
889 721 998 780 τοῖς
1026 718 1099 789 μὴ
1151 719 1320 792 ὀργὴν
1352 721 1445 772 καὶ
1468 718 1640 786 λύπην
1672 717 1805 786 πρὸς

1909 713 2093 778 furati,
2129 713 2409 779 fornicati,
2452 711 2665 766 mentiti
2696 709 2922 772 fuerint,
2967 707 3062 778 qui
3099 720 3206 760 non
3263 705 3326 758 ad
3359 705 3472 758 ira-

243 807 334 859 τὸν
371 807 597 878 πλησίον
629 808 905 888 ποιήσασι,
957 811 1068 873 τοῖς
1109 809 1357 880 ἐλεήσασι
1401 809 1523 872 τοὺς
1548 809 1800 878 πένητας,

1910 803 2164 857 cundiam
2223 804 2307 858 vel
2365 801 2642 856 tristitiam
2719 800 3027 870 proximum
3100 795 3465 866 provocarint.

245 900 337 952 καὶ
369 900 442 970 μὴ
472 901 840 970 ἀποστρέψασι
889 902 951 954 τὸ
983 902 1270 972 πρόσωπον
1295 901 1471 954 αὐτῶν
1501 901 1594 955 ἀπ’
1625 900 1802 954 αὐτῶν

1908 895 1999 963 qui
2057 893 2482 948 misericordiam
2513 908 2640 964 erga
2674 905 2942 962 pauperes
2977 888 3340 950 exercuerint,
3375 885 3468 954 qui

248 991 512 1062 ἀλλήλων.
543 987 618 1062 ’ᾯ
670 995 702 1061 ἡ
752 993 876 1060 δόξα
906 995 998 1048 καὶ
1024 997 1082 1048 τὸ
1113 996 1310 1059 κοάτος
1341 997 1420 1057 εις
1457 997 1581 1057 τοὺς
1601 994 1801 1056 αἰῶνας

1906 1001 2014 1039 non
2047 1000 2077 1038 a
2130 983 2392 1053 proximis
2449 983 2566 1038 suis
2605 983 2809 1036 vultum
2847 979 3140 1033 averterint
3173 992 3350 1032 suum.
3387 974 3465 1027 llli

246 1081 353 1136 τῶν
383 1082 613 1136 αἰώνων.
658 1084 844 1155 Ἀμήν.

1905 1075 2075 1147 gloria
2112 1084 2165 1129 et
2198 1076 2480 1144 imperium
2541 1075 2603 1128 in
2653 1071 2851 1128 seacula
2888 1071 3228 1127 saeculorum.
3268 1069 3460 1122 Antea.

350 1519 476 1606 IN
554 1452 1106 1626 oUtNoUE
1183 1517 1775 1611 DIALOGOS
1846 1520 2543 1630 SEQUENTES
2616 1517 3355 1610 ADMONITIO.

315 1694 357 1748 1.
392 1695 622 1750 Multum
667 1697 964 1765 discrepant
988 1699 1041 1751 in
1069 1698 1308 1751 horumce
1339 1696 1679 1768 Dialogorum
1710 1699 2049 1768 inscriptione
2076 1698 2276 1752 codices
2308 1714 2328 1752 :
2364 1697 2486 1752 aliis
2526 1698 2841 1758 Athanasio,
2874 1695 3111 1750 Maximo
3140 1705 3313 1750 autem
3343 1695 3466 1748 aliis

245 1789 620 1858 referentibus;
655 1791 777 1844 aliis
823 1791 1030 1844 demum
1076 1793 1268 1846 nemini
1297 1791 1691 1847 ascribentibus.
1727 1792 1828 1848 Sed
1859 1795 2164 1864 priusquam
2191 1795 2313 1863 quid
2343 1793 2490 1848 nobis
2520 1795 2588 1847 sit
2618 1794 2714 1846 hac
2743 1792 2806 1846 de
2837 1808 2891 1846 re
2923 1792 3180 1860 opinionis
3229 1790 3469 1858 profera-

247 1898 387 1945 mus,
421 1881 670 1935 audiendi
717 1892 837 1935 sunt
877 1885 966 1952 qui
999 1882 1150 1936 hosce
1176 1883 1424 1952 Dialogos
1455 1883 1679 1939 edidere.
1712 1883 1824 1937 Hoc
1851 1900 1978 1952 opus
2023 1881 2200 1937 (ἔνατα
2227 1893 2275 1936 et
2301 1881 2485 1936 Latine
2522 1883 2783 1951 publicum
2815 1881 2936 1944 fecit
2969 1880 3270 1934 Theodorus
3300 1879 3472 1939 fiexa,

246 1989 387 2026 anno
412 1972 574 2036 1570,
596 1974 726 2043 typis
756 1983 804 2028 et
829 1991 982 2044 opera
1016 1973 1231 2028 llenrici
1271 1974 1536 2044 Stephani.
1569 1976 1704 2030 Hinc
1739 1977 2084 2031 Commeliani
2123 1975 2395 2030 ediderunt
2425 1993 2558 2029 anno
2596 1975 2748 2034 1600.
2781 1990 2844 2027 ac
2872 1973 3108 2042 deinceps
3139 1974 3192 2026 in
3228 1971 3470 2026 omnibus

258 2064 678 2120 Graeco-Latinis
709 2067 862 2121 editis
911 2084 1094 2121 rusum
1124 2069 1245 2137 fuit.
1281 2067 1499 2122 Demum
1537 2068 1878 2137 Combe/uias
1903 2069 2040 2122 inter
2069 2085 2226 2138 opera
2254 2066 2480 2120 Maximi
2508 2065 2691 2126 edidit,
2730 2065 3066 2136 Maximoque
3093 2079 3188 2132 pro
3219 2063 3482 2131 facultate

256 2158 557 2213 vindicavit.
590 2158 694 2224 Qui
727 2161 872 2227 prior
907 2161 1128 2230 vulgavit
1162 2160 1351 2216 Theod.
1380 2161 1519 2216 Beza
1552 2162 1662 2215 Itwc
1692 2162 1947 2230 prafatur
1977 2178 1994 2215 :
2026 2162 2276 2230 Quinque
2301 2161 2522 2215 istorum
2567 2159 2903 2229 Dialogorum
2933 2157 3205 2227 exemplar
3233 2158 3286 2210 in
3322 2164 3474 2208 vetu-

245 2253 509 2307 stissimis
546 2253 878 2309 membranis
911 2254 1264 2324 descriptum,
1295 2254 1554 2309 divinitus
1584 2256 1763 2324 potius
1797 2271 1958 2324 quam
1994 2270 2121 2308 casu
2158 2271 2186 2306 a
2217 2252 2461 2307 Graeculo
2493 2252 2725 2321 quodam
2766 2253 2865 2305 hac
2917 2244 3229 2304 transeunte
3263 2250 3475 2304 redem-

244 2353 419 2414 ptum,
454 2346 878 2399 communicavit
910 2346 1039 2399 mihi
1070 2346 1438 2416 amplissimus
1473 2345 1634 2415 hujus
1660 2346 1892 2400 civitatis
1915 2353 2137 2400 senatus
2176 2365 2188 2399 :
2221 2344 2363 2414 quod
2385 2343 2707 2414 quibusdam
2737 2343 2870 2397 locis
2907 2342 3174 2402 mutilum,
3197 2340 3480 2394 nonnullis

240 2438 429 2501 etiam,
460 2437 556 2492 sed
605 2438 978 2508 paucissimis,
1013 2437 1366 2508 depravatum
1418 2437 1596 2492 inveni
1632 2453 1740 2492 :eo
1789 2453 1812 2491 e

1904 2445 2034 2506 >pto,
2061 2435 2204 2505 quod
2243 2436 2467 2506 γενητός
2491 2446 2542 2490 et
2573 2435 2830 2504 ἀγένητος
2888 2449 3029 2502 saepe
3080 2435 3336 2501 scriptum
3390 2444 3476 2489 est

239 2549 340 2604 pro
369 2535 631 2606 γεννητὸς
661 2542 715 2589 et
750 2534 1040 2606 ἀγέννητος
1081 2553 1093 2587 :
1133 2535 1184 2587 in
1230 2533 1426 2604 quibus
1477 2533 1846 2602 permutandis
1887 2532 2096 2586 voculis
2125 2531 2444 2586 Eunomiani
2498 2546 2673 2584 causa:
2703 2546 2813 2583 sua:
2843 2529 3140 2584 servientes
3167 2529 3419 2583 ludebant
3453 2551 3467 2584 :

239 2645 376 2698 quas
415 2645 518 2700 ego
564 2630 768 2684 idcirco
797 2628 1010 2684 Graecas
1044 2630 1097 2682 in
1121 2630 1332 2684 duobus
1363 2629 1550 2698 primis
1577 2627 1804 2698 dialogis
1851 2628 2061 2696 reliqui,
2094 2627 2266 2680 donec
2293 2626 2544 2680 videlicet
2578 2625 2722 2677 hunc
2761 2638 2998 2677 errorem
3030 2623 3185 2691 plane
3217 2621 3464 2675 animad-

248 2723 562 2776 vertissem.
593 2721 835 2787 Quatuor
869 2738 936 2776 ex
968 2723 1088 2778 istis
1126 2723 1358 2792 priores,
1384 2721 1686 2776 Athanasio
1717 2721 1794 2774 illi
1828 2719 2046 2790 (Magno
2080 2719 2346 2788 videlicet)
2377 2726 2504 2774 sunt
2531 2719 2773 2788 inscripti
2814 2737 2826 2772 :
2864 2717 3077 2772 etiamsi
3105 2717 3274 2770 aliena
3309 2730 3471 2767 manu

239 2815 560 2868 adnotatum
596 2825 710 2868 erat
742 2814 806 2868 ad
841 2815 998 2883 primi
1029 2813 1225 2883 dialogi
1256 2815 1576 2882 marginem,
1600 2813 1702 2865 Τὸν
1731 2830 1806 2866 πα

1893 2830 1972 2865 ιτα
1999 2812 2242 2880 διάλογον
2282 2813 2329 2863 οἱ
2362 2811 2460 2881 μὲν
2503 2811 2837 2871 Ἀθανασίου,
2878 2812 2925 2862 οἱ
2954 2809 3008 2862 δὲ
3041 2809 3289 2878 Μαξίμου
3329 2802 3465 2858 εἶναι

236 2907 517 2974 λέγουσιν’
551 2915 603 2959 et
630 2906 858 2960 habebat
890 2907 1050 2959 etiam
1102 2906 1237 2959 liber
1268 2905 1356 2959 ille
1396 2903 1611 2957 Maximi
1672 2903 1954 2968 nonnulla,
1987 2904 2104 2973 ejus
2139 2902 2413 2965 videlicet,
2440 2903 2532 2971 qui
2568 2902 2752 2954 multis
2790 2907 2908 2970 post
2937 2900 3286 2953 Athanasium
3315 2897 3481 2950 annis.

235 2999 746 3068 Mon0physitarum
782 2998 1028 3052 hwresim
1063 2996 1337 3050 refutavit.
1372 2995 1532 3050 Certe
1563 2994 1698 3048 nihil
1727 2995 1945 3059 habent,
1971 3011 2091 3049 meo
2124 2995 2352 3063 judicio,
2386 2994 2666 3048 Athanasii
2696 2994 2777 3048 vel
2805 2994 3020 3047 nomine
3061 2991 3362 3060 indignum,
3385 2989 3472 3044 vel

236 3089 577 3160 temporibus
602 3103 708 3142 non
740 3101 1048 3156 congruens
1075 3104 1088 3140 :
1113 3085 1360 3154 quamvis
1387 3096 1568 3154 postea
1605 3085 1776 3154 magis
1808 3086 2040 3154 grassati
2075 3085 2375 3152 videantur;
2400 3085 2816 3153 Apollinaristaa,
2843 3093 2896 3138 et
2926 3082 3222 3138 Macedonii
3253 3081 3482 3136 ltaresis

236 3182 582 3236 tecumenico
611 3182 828 3236 demum
865 3181 1102 3235 concilio
1134 3181 1236 3233 sub
1282 3177 1588 3233 Theodosio
1617 3178 1809 3249 Magno
1843 3180 2004 3234 fuerit
2044 3181 2368 3250 proscripta.
2404 3178 2639 3245 Quintus
2673 3195 2800 3233 vero
2840 3194 2946 3232 non
2980 3189 3086 3231 tam
3119 3177 3364 3247 dialogus
3393 3186 3476 3231 est

236 3296 400 3348 quam
453 3278 836 3348 compendium
885 3276 1178 3347 quoddam,
1211 3284 1270 3328 ut
1313 3283 1556 3344 apparet,
1593 3275 1676 3328 vel
1705 3275 1773 3328 ab
1807 3276 1927 3344 ipso
1957 3274 2240 3344 Gregorio,
2281 3283 2410 3345 puta
2453 3274 2817 3337 Nazianzeno,
2852 3276 3118 3329 acerrimo
3147 3273 3473 3343 Apollinari-

235 3380 449 3426 starum
499 3377 872 3440 oppugnatore
899 3366 978 3438 (ut
1006 3382 1071 3420 ex
1105 3365 1276 3435 ipsius
1301 3365 1364 3418 ad
1396 3364 1713 3417 Cledoniutn
1747 3363 1978 3432 epistola
2018 3363 2236 3433 liquet),
2273 3363 2433 3434 407
2470 3364 2552 3418 vel
2591 3380 2655 3418 ex
2685 3364 2866 3433 aliqua
2909 3365 3080 3433 ipsius
3107 3363 3482 3434 disputatione

234 3470 580 3533 excerptum.
613 3459 751 3514 Sunt
778 3468 955 3513 autem
981 3468 1129 3512 certe
1167 3457 1222 3510 in
1249 3455 1333 3511 his
1364 3454 1602 3524 Dialogis
1637 3453 1868 3508 obscura
1890 3452 2158 3523 quaedam,
2190 3461 2244 3508 et
2269 3469 2390 3524 qua:
2419 3453 2639 3508 aliunde
2676 3454 2823 3506 illata
2852 3455 2973 3508 luce
2995 3454 3289 3524 indigeant.
3318 3453 3476 3521 Quod

234 3567 288 3612 et
319 3557 369 3613 si
399 3571 547 3610 nunc
581 3569 611 3606 a
647 3567 752 3616 me,
783 3551 924 3607 sicut
951 3551 1019 3604 ab
1040 3549 1195 3604 initio
1224 3548 1639 3611 conSIitueram,
1663 3546 1908 3616 praestari
1936 3559 2044 3599 non
2078 3545 2273 3614 potuit,
2311 3546 2460 3599 brevi
2493 3551 2697 3608 tamen,
2725 3554 2784 3597 ut
2821 3558 3002 3613 spero,
3031 3552 3086 3598 et
3117 3545 3332 3614 quidem
3362 3560 3474 3601 non

235 3649 359 3703 sine
397 3645 584 3700 fenore
626 3642 990 3713 praestabitur.
1020 3639 1077 3693 In
1106 3640 1217 3694 illis
1243 3640 1385 3694 enim
1413 3638 1650 3692 citantur
1699 3637 1958 3691 nonnulla
1990 3634 2286 3706 Scriptura:
2323 3635 2636 3690 testimonia
2683 3652 2792 3690 non
2829 3636 2964 3691 satis
3014 3635 3299 3706 apposite:
3327 3636 3476 3705 quod

234 3737 498 3794 omnibus
551 3735 765 3788 illorum
809 3741 1115 3801 temporum
1163 3729 1547 3800 scriptoribus,
1575 3735 1689 3782 tum
1718 3725 1924 3784 Graecis
1977 3734 2090 3781 tum
2135 3725 2364 3792 Latinis,
2391 3726 2710 3796 saepiuscule
2746 3726 2945 3790 evenit,
2986 3726 3112 3780 dum
3144 3726 3480 3796 posteriores

233 3831 375 3900 ipsis
432 3828 551 3881 ocis
634 3840 742 3878 non
797 3822 1076 3891 inspectis,
1116 3821 1358 3890 priorum
1410 3819 1638 3888 vestigia
1694 3826 2001 3886 sequuntur
2037 3835 2050 3871 :
2086 3833 2148 3870 ac
2175 3816 2367 3887 partim
2432 3816 2618 3880 etiam,
2654 3815 2800 3886 quod
2857 3814 3043 3871 Graeca
3081 3816 3267 3881 editio,
3308 3831 3473 3887 quam

235 3919 598 3990 Septuaginta
633 3924 848 3979 vocant,
874 3913 1124 3985 quamvis
1156 3914 1384 3968 infinitis
1415 3913 1550 3966 locis
1584 3911 1819 3976 falsa,ac
1851 3911 2123 3965 interdum
2155 3911 2316 3964 etiam
2349 3909 2582 3964 ridicula
2608 3918 2662 3964 et
2694 3911 2896 3978 inepta,
2921 3910 2976 3964 in
3007 3909 3264 3966 Ecclesiis
3292 3919 3477 3966 tamen

231 4015 546 4076 obtineret;
595 4010 732 4064 tanti
780 4017 865 4063 est
917 4007 1174 4061 momenti
1214 4022 1277 4059 ex
1326 4005 1566 4059 fontibus
1617 4004 1750 4072 ipsis
1802 4006 2084 4058 veritatem
2141 4003 2380 4055 haurire.
2412 4001 2527 4055 Huc
2562 4002 2721 4055 etiam
2751 4001 2948 4055 accidit
2973 4009 3229 4072 perpetua
3258 4003 3473 4057 illorum

230 4118 544 4176 temporum
582 4105 753 4165 labes,
787 4101 1022 4156 studium
1069 4099 1318 4152 videlicet
1361 4096 1740 4166 allegoriarutu
1790 4095 2040 4156 nimium,
2074 4094 2215 4162 quod
2252 4093 2452 4162 passim
2494 4093 2635 4162 apud
2691 4101 2899 4147 veteres
2947 4094 3133 4176 multis
3176 4093 3477 4164 Scriptura:

235 4201 380 4254 locis
438 4195 800 4267 depravandis
853 4193 1194 4246 occasionem
1247 4190 1543 4260 praebuisse
1598 4195 1832 4241 constat.
1878 4185 1982 4240 Sed
2039 4186 2150 4239 haec
2197 4185 2377 4239 omnia
2417 4184 2573 4239 facile
2616 4185 2782 4239 veluti
2831 4185 3038 4254 aperiet
3065 4186 3180 4255 ipsa
3213 4185 3474 4242 doctrinae

232 4292 559 4346 orthodoxae
589 4289 810 4352 veritas,
849 4287 1178 4361 firmissimis
1206 4300 1267 4337 ac
1297 4282 1645 4339 solidissimis
1681 4281 2016 4348 argumentis
2046 4279 2291 4334 defensa.

306 4384 583 4436 Hactenus
630 4379 790 4439 Beza,
824 4380 1016 4441 minus,
1067 4379 1144 4430 uti
1193 4377 1346 4438 solet,
1380 4375 1548 4430 sobrie
1593 4374 1656 4428 de
1696 4371 1844 4426 LXX
1893 4373 2120 4426 versione
2148 4371 2370 4424 loeutus.
2395 4369 2475 4422 Ad
2502 4369 2610 4423 hwc
2649 4368 3035 4424 Felekmannus
3070 4373 3122 4424 in
3155 4373 3292 4425 notis
3336 4376 3468 4428 edit.

226 4477 470 4541 Camm.,
502 4492 554 4544 p.
585 4473 654 4528 84
685 4493 698 4527 :
731 4473 810 4527 Ad
851 4488 914 4527 ea
945 4487 1062 4541 qua:
1092 4472 1356 4540 interpres
1384 4472 1438 4524 in
1479 4469 1628 4540 praef.
1676 4484 1772 4524 sua
1813 4468 2043 4531 monuit,
2094 4467 2294 4520 addere
2322 4465 2500 4520 visum
2533 4472 2617 4520 est
2658 4473 2711 4518 et
2756 4465 2890 4519 hac.
2932 4464 3134 4520 Praeter
3178 4468 3469 4522 editionem

227 4570 618 4640 Stephanieam
666 4577 718 4622 et
752 4568 994 4621 codicem
1043 4567 1194 4620 illum
1246 4574 1517 4621 vetustum
1569 4581 1678 4634 quo
1725 4565 1840 4633 ipse
1888 4563 2157 4631 interpres
2201 4563 2328 4615 olim
2365 4577 2500 4616 usus
2532 4571 2634 4624 est,
2673 4561 2964 4616 habuimus
3015 4563 3177 4616 etiam
3227 4562 3473 4617 codicem

226 4663 572 4729 Palatinum,
605 4666 696 4734 qui
733 4664 832 4719 hos
875 4662 1129 4732 Dialogos
1161 4661 1402 4731 integros
1442 4661 1649 4722 habuit,
1677 4660 1784 4712 imo
1818 4659 2108 4728 pleniores,
2143 4667 2200 4710 ut
2235 4673 2288 4727 p.
2316 4657 2418 4709 169
2444 4657 2705 4709 monitum
2741 4665 2823 4710 est
2853 4656 2987 4724 (39),
3015 4665 3067 4710 et
3108 4657 3276 4709 alium
3310 4655 3472 4709 Pala-

226 4762 329 4816 tin.
363 4770 420 4817 et
450 4761 753 4830 Augustan.
787 4759 878 4828 qui
909 4757 1264 4827 fragmentum
1303 4763 1513 4809 tantum
1549 4754 1748 4824 dialogi
1778 4753 1813 4805 2
1835 4755 2139 4815 continent,
2178 4752 2338 4818 idque
2378 4759 2437 4802 ut
2463 4749 2677 4803 videtur
2709 4751 2885 4804 solum
2914 4751 3134 4820 γνήσιον
3163 4751 3466 4814 Athanasii,

230 4863 288 4907 ut
321 4854 391 4908 ad
418 4869 475 4922 p.
508 4850 610 4904 166
640 4851 869 4918 amplius
906 4847 1173 4902 dicemus.
1197 4845 1340 4900 Sane
1364 4845 1597 4898 Palatin.
1629 4845 1800 4898 codex

1902 4844 2154 4905 tramissis,
2186 4841 2436 4910 Μαξίμου
2471 4839 2704 4910 μοναχοῦ
2733 4841 2846 4909 ὅροι
2877 4840 3140 4909 διάφοροι,
3178 4850 3474 4911 posteaque

228 4942 529 5012 subjectis,
579 4938 766 5001 οὐσίας
819 4939 912 4991 καὶ
976 4936 1209 5005 φύσεως,
1262 4935 1623 4988 ὲνυποστὰτου
1677 4934 1983 5003 ὁμοουσίου,
2031 4930 2316 4991 οὐσιώδους
2377 4928 2616 4992 ἐνώσεως
2668 4931 2759 4982 καὶ
2812 4931 3072 5000 διαφορᾶς
3123 4931 3472 4997 ὑποστάσεως

225 5034 505 5097 ὲνουσίου,
536 5039 591 5085 et
619 5030 875 5084 similium
905 5029 1109 5098 aliquot
1139 5029 1492 5081 terminorum
1526 5026 1952 5093 theologicorutn
1985 5021 2409 5080 definitimtibus,
2453 5021 2632 5073 statim
2666 5021 2762 5075 hos
2797 5021 3046 5090 Dialogos
3080 5021 3282 5089 absque
3307 5023 3474 5080 ullius

224 5131 466 5186 alterius
496 5127 738 5180 auctoris
767 5125 1038 5180 mentione
1065 5122 1354 5178 submittit.
1387 5121 1497 5174 Iino
1519 5118 1811 5189 Gregorius
1841 5115 2291 5189 Πρωτοσύγγελος
2315 5116 2400 5184 (de
2426 5130 2534 5183 quo
2562 5129 2724 5183 supra
2756 5115 2822 5168 ad
2855 5131 2908 5183 p.
2936 5115 3057 5184 180)
3089 5131 3345 5185 expresse
3371 5117 3474 5171 hos

222 5226 491 5296 Dialogos
516 5221 747 5276 Maximo
771 5221 978 5274 tribuit.
999 5219 1150 5285 Quod
1184 5218 1358 5286 ipsum
1392 5217 1715 5270 conﬁrmare
1750 5215 1960 5268 videtur
1979 5222 2032 5266 et
2057 5211 2208 5273 illud,
2239 5210 2384 5278 quod
2409 5226 2532 5279 pag.
2568 5209 2688 5272 180,
2714 5207 2781 5271 A,
2810 5209 2976 5262 tacite
2996 5209 3243 5262 innuitur
3267 5209 3474 5261 additio

223 5317 294 5370 ad
330 5315 658 5388 Symbolum
706 5311 1004 5374 Nictenum,
1041 5311 1179 5364 facta
1215 5310 1268 5361 in
1306 5306 1513 5378 synodo
1546 5323 1605 5368 tt,
1639 5305 1970 5359 (ecumenica
1997 5301 2414 5368 Constantinop.
2450 5302 2553 5353 sub
2584 5297 2887 5353 Theodosio
2923 5297 2940 5350 Ι
2987 5298 3335 5367 imperatore,
3366 5315 3480 5369 quo

223 5421 482 5482 tempore
525 5409 638 5477 jam
696 5407 903 5460 obierat
949 5405 1298 5458 Athanasius.
1354 5401 1522 5455 Porro
1565 5402 1615 5453 in
1650 5403 1795 5454 inscr

1904 5415 2003 5452 one
2031 5399 2156 5460 ista,
2201 5393 2317 5449 Τοῦ
2349 5396 2418 5447 ἐν
2444 5393 2636 5462 ἁγίοις
2663 5391 2890 5459 Πατρός
2915 5392 3083 5460 ἡμῶν
3119 5393 3476 5445 Ἀθανασίου

223 5481 718 5568 ἀρχιεπισκόπου
743 5494 1212 5561 Ἀλεξανδρείας,
1247 5507 1354 5546 non
1379 5499 1505 5546 sunt
1540 5491 1594 5544 in
1627 5499 1758 5544 vett.
1791 5514 1795 5536 ι

1907 5489 1949 5552 1,
1971 5488 2062 5542 sed
2095 5488 2162 5539 ab
2185 5487 2362 5554 operis
2389 5484 2714 5553 azqualitatis
2740 5496 2905 5536 causa
2935 5496 3054 5534 cum
3085 5481 3312 5549 reliquis
3350 5495 3479 5550 ope-

225 5591 388 5645 ribus
411 5587 620 5642 addita.
644 5585 777 5640 Nam
805 5586 945 5641 sicut
978 5584 1230 5648 Palatin.,
1257 5592 1313 5636 ut
1334 5584 1465 5645 dixi,
1509 5581 1654 5635 omni
1684 5581 1924 5634 auctoris
1950 5580 2166 5634 nomine
2193 5589 2360 5644 caret,
2385 5577 2460 5632 sic
2489 5583 2543 5631 et
2571 5581 2816 5632 vetustus
2847 5572 2937 5628 ille
2960 5572 3291 5646 interpretis,
3315 5587 3481 5644 quem

308 5747 419 5812 I59)
468 5743 563 5799 lim
609 5744 894 5801 citationes
935 5742 990 5795 in
1031 5741 1129 5794 hac
1175 5738 1408 5793 editione
1460 5736 1725 5790 habentur
1787 5732 1948 5786 infra.
