3982 6398
557 330 697 388 1115
1739 332 1794 386 S.
1832 330 2287 388 ATHANASlUS.
2330 365 2398 376 —-
2437 331 2716 389 SPURIA-
3637 327 3752 383 H16

558 446 738 500 littera
771 447 815 502 G
845 448 1116 518 signabol
1133 449 1224 518 qui
1255 448 1396 503 alius
1424 456 1604 504 tamen
1634 457 1718 503 est
1747 463 1777 502 a
1807 447 2155 515 Gobleriano,
2183 448 2329 520 quod
2364 447 2684 519 notandum)
2714 447 2859 502 aliua
2887 445 3024 500 nihil
3052 445 3222 501 habet.
3241 444 3307 502 de
3335 451 3578 507 auctore,
3610 456 3753 512 quam

559 554 680 606 quae
721 538 986 608 interpres
1012 541 1066 592 in
1092 539 1408 608 praefatione
1446 540 1649 610 posuit.
3013 593 3016 598 .

629 628 968 697 Combe/isius
1001 630 1226 685 secundo
1257 640 1394 684 tomo
1423 647 1632 696 operum
1659 631 1837 684 sancti
1866 629 2114 693 Maximi,
2147 645 2200 698 p.
2232 629 2356 695 581,
2397 629 2509 684 hac
2540 628 2691 684 habet
2720 645 2738 683 :
2773 627 3006 684 Maximo
3023 627 3307 684 ascribunt
3353 623 3588 680 Romani
3611 623 3752 678 codd.

559 728 613 773 et
658 719 863 784 Veneti,
896 722 1116 792 ipseque
1156 723 1420 779 Dul‘renii.
1447 723 1646 794 Sicque
1691 727 1893 794 passim
1938 727 2110 780 citant
2133 723 2307 779 (ἓνκαὶ
2347 726 2441 796 qui
2483 724 2754 795 πολεμικά
2781 723 3118 793 scripserunt
3149 737 3192 776 a4
3215 723 3325 777 400
3352 728 3409 776 et
3447 719 3554 774 500
3578 719 3756 782 annis;

557 809 661 864 etsi
717 810 876 866 iidem
903 816 1230 884 quandoque
1269 816 1503 884 variant,
1532 817 1809 886 citentque
1833 817 2000 871 etiam
2030 819 2310 872 Athanasii
2342 818 2597 885 nomine;
2628 817 2868 872 variante
2898 815 3108 871 scilicet
3152 814 3283 869 olim
3330 813 3410 867 eis
3449 811 3562 880 jam
3592 825 3758 863 exem-

557 900 788 968 plarium
843 903 1197 974 inscriptione
1243 927 1255 961 :
1307 923 1433 962 cum
1486 916 1674 963 notum
1713 911 1786 964 sit
1819 923 1930 962 non
1974 925 2096 964 esse
2147 909 2431 964 Athanasii
2483 924 2643 980 opus,
2697 908 2802 964 etsi
2853 906 3170 961 Theodorus
3202 903 3341 959 Beza
3378 903 3498 972 ejus
3537 901 3760 970 vulgavit

556 993 799 1060 nomine,
832 1005 940 1053 etc.
981 997 1048 1053 In
1093 1002 1228 1056 notis
1259 1017 1416 1070 porro
1443 1017 1495 1071 p.
1531 1003 1638 1057 715
1665 1004 1743 1056 ait
1781 1003 1910 1072 ipse,
1955 1003 2351 1074 prazstantiores
2398 1019 2512 1057 esse.
2557 1003 2647 1072 qui
2695 1000 2934 1054 Maximo
2963 998 3212 1052 tribuunt.
3247 995 3470 1058 codices,
3501 1008 3658 1061 quam
3682 994 3757 1062 qui

557 1087 868 1145 Athanasio.

631 1183 732 1238 llic
766 1203 858 1240 nos
894 1187 1174 1257 adjicimus
1203 1189 1432 1245 codicem
1459 1207 1559 1262 quo
1593 1193 1790 1246 utimur
1817 1192 2055 1260 Regium,
2095 1191 2352 1254 neutrius,
2385 1206 2475 1244 nec
2496 1189 2776 1243 Athanasii
2803 1189 3004 1243 scilicet
3036 1204 3126 1242 nec
3156 1184 3402 1248 Maximi,
3427 1197 3617 1238 nomen
3639 1196 3760 1250 prte-

559 1275 714 1343 {erre.
749 1277 773 1330 1
782 1295 814 1331 ιι
853 1279 1110 1334 Vaticano
1132 1299 1292 1348 porro
1323 1282 1500 1337 codice
1529 1286 1808 1340 Athanasii
1835 1285 2216 1339 inscribuntur.
2239 1281 2473 1336 Joannes
2507 1281 2628 1335 item
2660 1279 3042 1351 Gyparissiotes
3069 1279 3252 1334 decad.
3283 1278 3336 1338 τι,
3369 1292 3415 1330 c.
3442 1274 3499 1337 5,
3527 1274 3623 1327 hoc
3648 1287 3758 1338 opus

559 1367 840 1439 Dialogum
894 1389 928 1427 ιι
979 1383 1127 1428 vocat
1171 1375 1455 1430 Athanasii
1481 1394 1599 1430 cum
1629 1377 1758 1432 Aria
1794 1379 1848 1431 in
1877 1375 2075 1446 synodo
2109 1374 2353 1430 Nicazna.
2385 1372 2564 1428 Citant
2597 1375 2716 1428 item
2752 1374 2950 1442 passim
2993 1371 3301 1426 recentibres
3331 1365 3524 1430 Graeci,
3561 1362 3759 1417 Marcus

559 1462 875 1532 Ephesinus,
911 1465 1164 1538 Georgius
1196 1469 1499 1535 Metochita,
1541 1471 1766 1526 Vecchus
1795 1483 1844 1526 et
1873 1473 1970 1525 alii
2001 1472 2323 1526 :Athanasii
2350 1471 2525 1534 modo,
2560 1469 2714 1524 modo
2747 1468 2971 1522 Maximi
3001 1468 3222 1521 nomine.
3250 1464 3318 1518 At
3349 1462 3513 1532 fuisse
3540 1458 3762 1512 Athana-

559 1555 638 1608 sio
669 1571 942 1624 perperam
987 1561 1240 1628 ascripta,
1273 1579 1422 1616 nemo
1457 1563 1576 1632 jam
1624 1564 1860 1618 eruditus
1886 1581 1988 1618 non
2033 1566 2281 1618 testimat.
2319 1561 2472 1617 Nihil
2499 1565 2636 1617 enim
2664 1563 2746 1616 hic
2775 1561 3068 1616 Athanasio
3107 1559 3321 1630 dignum
3349 1561 3614 1623 comparet
3642 1567 3660 1606 :
3684 1567 3760 1604 nec

559 1659 890 1714 usurpentur
915 1649 998 1704 hic
1029 1668 1093 1706 ea
1119 1669 1254 1722 stupe
1285 1671 1400 1724 qua:
1433 1657 1623 1724 sapius
1651 1655 1858 1710 adhibet
1882 1657 2208 1711 Athanasius
2254 1666 2564 1727 argumenta
2595 1656 2841 1710 adversus
2869 1655 3095 1708 Arianos
3121 1662 3170 1708 et
3200 1652 3494 1705 Anomteos.
3539 1645 3760 1699 Maximo

560 1753 689 1792 sane
725 1741 898 1807 potius
927 1743 1259 1810 ascribenda,
1293 1747 1413 1801 licet
1451 1750 1669 1820 insignis
1702 1749 1799 1802 illa
1833 1749 2069 1802 codicum
2100 1751 2349 1814 varietas,
2373 1766 2591 1820 quorum
2621 1749 2851 1820 plerique
2874 1748 3128 1802 neminem
3179 1743 3464 1814 praeferunt
3490 1748 3762 1802 auctorem,

562 1846 665 1883 non
718 1832 976 1888 modicum
1008 1837 1108 1891 hac
1158 1841 1212 1893 in
1244 1857 1300 1894 re
1329 1842 1529 1912 ingerat
1584 1844 1935 1912 scrupulum:
1970 1843 2307 1914 suadeatque,
2345 1861 2407 1897 ne
2445 1844 2755 1914 festinanter
2782 1860 2843 1897 ac
2869 1843 3012 1897 nullo
3059 1840 3216 1894 dubio
3254 1838 3354 1906 ipsi
3392 1834 3762 1904 adjudicemus,

563 1923 725 1980 donec
781 1931 952 1998 major
982 1933 1036 1986 in
1068 1934 1178 1988 dies
1228 1936 1320 1989 lux
1350 1939 1724 2008 vestigantibus
1779 1939 2049 2008 e/fulgeat.
2081 1939 2241 1992 Aliud
2291 1947 2368 1993 est
2395 1939 2533 2008 quod
2565 1937 2800 1992 Maximo
2838 1933 3246 2000 abiudicandum
3266 1932 3362 1985 hoc
3390 1945 3519 1999 opus
3558 1928 3766 1998 fortasse

563 2020 826 2078 suadeat:
853 2027 976 2096 quia
1001 2029 1201 2084 scilicet
1227 2032 1405 2087 multis
1430 2033 1517 2087 ille
1550 2035 1758 2088 steculis
1783 2034 1966 2103 ﬂoruit
1993 2044 2110 2103 post
2139 2045 2351 2087 exortus
2385 2035 2607 2088 hwreses
2633 2049 2748 2103 qua:
2773 2031 2854 2085 hic
2881 2032 3264 2100 impugnantur.

634 2113 766 2171 Cum
802 2123 972 2176 neutri
1010 2140 1152 2194 ergo,
1195 2143 1285 2180 nec
1322 2127 1611 2181 Athanasio
1658 2130 1856 2182 scilicet
1888 2145 1976 2182 nec
2013 2127 2271 2190 Maximo,
2306 2131 2416 2182 sine
2448 2128 2772 2181 dubitatione
2797 2124 3176 2180 ascriberentur
3204 2138 3222 2175 :
3252 2119 3462 2174 tertium
3494 2113 3765 2168 Carnerius

562 2211 778 2276 protulit
802 2215 868 2267 ad
894 2231 1043 2284 quem
1073 2218 1182 2273 [nec
1217 2229 1472 2289 pertinere
1499 2232 1720 2291 pugnat,
1756 2222 2135 2279 Theodoretum
2165 2224 2396 2278 videlicet
2426 2239 2444 2276 :
2479 2223 2567 2292 qui
2594 2222 2732 2276 hisce
2762 2222 3018 2291 pracipue
3040 2217 3360 2290 argumentis
3393 2228 3523 2282 opus
3551 2221 3765 2264 asserere

566 2305 772 2360 nititur.
816 2309 954 2374 Quia
989 2329 1099 2368 sese
1129 2324 1356 2370 testatur
1388 2315 1744 2373 Theodoretus
1768 2321 2038 2387 scripsisse
2070 2319 2317 2374 adversus
2349 2320 2641 2384 Anommos,
2686 2317 3091 2372 Macedonianos
3134 2323 3182 2368 et
3222 2309 3660 2382 Apollinaristas,
3690 2302 3765 2372 qui

565 2400 619 2452 in
646 2401 785 2456 hisce
835 2405 1068 2478 Dialogis
1121 2420 1506 2482 oppugnantur.
1535 2412 1592 2465 2°
1619 2413 1771 2479 Quod
1806 2415 1971 2468 multa
2010 2415 2124 2468 loca
2157 2415 2238 2468 hic
2285 2422 2640 2483 compareant,
2667 2413 2787 2466 aliis
2821 2409 3126 2465 Theodoreti
3173 2408 3298 2461 locis
3331 2404 3555 2458 multum
3584 2396 3764 2467 afﬂuit!-

565 2491 828 2550 Mittimus
860 2499 968 2552 alia
1002 2503 1217 2556 minoris
1259 2507 1504 2563 momenti
1535 2524 1567 2560 a
1598 2507 1708 2560 viro
1753 2510 1905 2560 docto
1937 2508 2126 2572 allata,
2154 2525 2215 2562 ne
2243 2508 2313 2560 ad
2340 2507 2449 2560 alia
2477 2516 2813 2577 properantes
2856 2514 3121 2560 morentur
3141 2545 3154 2567 ,
3184 2497 3581 2570 reponimusque
3628 2485 3766 2540 ηἰηιῦ

565 2599 752 2653 vagum
783 2587 916 2640 illud
944 2606 1054 2644 esse
1084 2604 1468 2663 argumentum,
1498 2599 1714 2664 petitum
1754 2597 1950 2650 scilicet
1979 2615 2011 2650 a
2045 2601 2346 2652 memoratis
2376 2598 2483 2651 illis
2540 2598 2847 2652 Theodoreti
2893 2597 3139 2651 adversus
3181 2585 3482 2659 hujusmodi
3512 2584 3767 2636 haereticos

565 2675 824 2742 operibus.
853 2677 982 2734 Cum
1007 2684 1144 2736 enim
1177 2687 1226 2738 in
1252 2686 1397 2740 nullo
1425 2688 1601 2741 codice
1630 2688 1938 2742 Theodoreti
1963 2707 2148 2744 nomen
2170 2692 2476 2760 prteferant,
2502 2699 2550 2744 et
2582 2708 2613 2744 a
2653 2691 2795 2743 nullo
2825 2691 3077 2756 scriptore
3106 2680 3411 2740 Theodoreti
3444 2675 3650 2731 nomine
3677 2685 3770 2722 nte-

567 2779 851 2833 uterentur,
884 2775 1092 2827 nonnisi
1123 2779 1429 2845 augurando
1466 2777 1801 2831 ascribuntur
1826 2777 2163 2834 Theodoreto.
2198 2779 2350 2847 Quod
2375 2779 2496 2832 illas
2525 2787 2720 2845 spectat
2751 2777 2876 2846 styli
2906 2777 3181 2845 aﬂlnitates
3216 2787 3234 2825 :
3263 2783 3446 2838 pauca:
3479 2779 3607 2819 sane
3635 2767 3769 2826 atque

566 2859 696 2914 leves
747 2872 868 2916 sunt
906 2865 1298 2932 similitudines,
1324 2879 1380 2923 ut
1415 2871 1552 2938 apud
1584 2869 1897 2923 Garnerium
1939 2872 2230 2941 inspicienti
2266 2873 2459 2940 patebit
2487 2887 2503 2924 :
2531 2882 2578 2926 et
2608 2872 2655 2925 si
2693 2887 2807 2940 qua:
2849 2871 2976 2932 sint,
3014 2866 3138 2939 quid
3179 2866 3369 2917 mirum
3411 2861 3458 2915 si
3503 2855 3680 2912 eadem
3717 2852 3770 2901 de

567 2967 620 3005 re
647 2954 927 3010 scribentes
971 2959 1135 3027 aliqui
1174 2960 1354 3013 eadem
1402 2977 1773 3029 nonnunquam
1819 2973 2065 3028 usurpent
2095 2975 2424 3033 argumenta.
2461 2961 2576 3015 lmo
2607 2979 2722 3016 vero
2752 2960 2939 3014 nedum
2977 2959 3216 3027 afﬁnitas
3247 2955 3428 3022 aliqua
3471 2947 3620 3003 nobis
3651 2953 3770 2998 inter

567 3043 669 3097 ista
697 3045 954 3110 videatur,
984 3048 1038 3101 hi
1069 3048 1272 3120 Dialogi
1302 3051 1622 3105 Theodoreto
1653 3051 1855 3121 indigni
1884 3062 2157 3120 putantur.
2190 3052 2376 3107 Fuisse
2402 3065 2571 3107 autem
2599 3052 2765 3106 editos
2803 3051 2956 3104 hosce
2992 3049 3239 3117 Dialogos
3267 3055 3377 3114 post
3405 3040 3769 3096 Constantino-

565 3139 856 3204 politanam
897 3143 1125 3211 primam
1165 3147 1531 3199 tecumenicam
1561 3145 1817 3216 synodum
1866 3146 2023 3216 liquet
2063 3163 2126 3201 ex
2167 3149 2230 3201 iis
2273 3165 2388 3218 qua:
2426 3148 2638 3218 dialogo
2673 3162 2733 3201 ιιι
2767 3151 2995 3215 aguntur
3021 3143 3084 3194 de
3107 3137 3398 3208 adjectione
3422 3132 3494 3186 ibi
3534 3130 3602 3184 ad
3628 3145 3771 3199 syno-

566 3231 692 3282 dum
728 3230 891 3298 facta.
2413 3226 2416 3230 ’

638 3317 896 3374 Craterum
965 3320 1344 3379 Keckermanni
1387 3327 1480 3380 illa
1529 3327 1786 3397 appendix
1857 3329 1924 3380 ad
1985 3327 2252 3398 dialogum
2307 3329 2362 3390 2,
2418 3344 2573 3396 quam
2624 3326 2900 3380 Athanasii
2952 3339 3062 3378 esse
3110 3319 3324 3390 judicat
3379 3315 3781 3370 Felckmannus,

571 3407 732 3461 multo
788 3411 954 3480 magis
1017 3410 1258 3468 abhorret
1315 3413 1380 3468 ab
1436 3415 1717 3471 Athanasii
1770 3418 1907 3487 stglo
1953 3433 2111 3487 quam
2164 3417 2349 3490 reliqui
2386 3418 2620 3488 dialogi;
2655 3434 2817 3488 quare
2855 3417 3219 3471 incunctanter
3273 3410 3321 3466 ei
3378 3403 3784 3479 abjudtcandant-

567 3513 850 3556 censemus.

1657 3765 1789 3821 ΤΟΥ
1820 3765 1912 3819 ΕΝ
1944 3766 2166 3818 ΑιΊοιΣ
2203 3764 2472 3819 ΠΑΤΡΟΣ
2507 3762 2704 3816 ΗΜΩΝ

1867 3912 2501 4002 ΑΘΑΝΑΣΙΟΥ

712 4066 1081 4122 ΔΙΑΛΟΙὊΣ
1115 4069 1298 4124 ΠΕΡΙ
1337 4072 1476 4127 ΤΗΣ
1520 4074 1845 4140 ΤΡῙΑΔΟΣ,
1897 4071 2615 4200 ΕἴΡιέιέξέίξξέςΝτΑι
2651 4065 3060 4125 ΟΡΘΟΔΟΞΟΣ
3089 4069 3228 4122 ΚΑΙ
3270 4064 3662 4121 ΔΛὊΜΟΙΟΣ

1008 4160 1028 4186 ο
2243 4174 2283 4195 ..ι
2388 4173 2452 4198 ιν.

1008 4160 1028 4186 ⁸
1931 4160 2452 4198 ΔΓΕΙΑλΥΙὲιΗᾶ.

1563 4420 1659 4499 b.
1737 4410 1846 4496 P.
1884 4421 1893 4430 '
1925 4411 2044 4502 N.
2115 4406 2760 4500 ATHANASII

676 4568 1044 4633 DIALOGUS
1090 4575 1192 4631 DE
1238 4575 1521 4635 SANCTA
1583 4579 2013 4636 TRlNlTATE.
2051 4581 2142 4635 IN
2194 4583 2346 4649 QUO
2405 4573 3002 4647 COLLOQUUNTUR
3042 4568 3542 4628 ORTHODOXUS
3595 4565 3682 4620 ET

1753 4649 2153 4709 ANOMCEUS
2197 4650 2632 4723 ,ARIANISTA.

1150 4871 1528 4932 ΑΝοιιοΕυε.
2154 4880 2201 4935 Α
2819 4859 3186 4917 ΔΝΟΜΟΙΟΣ.

645 4988 692 5042 l.
727 4985 1070 5042 Christianus
1095 4988 1196 5042 es?

2302 4987 2352 5039 1.
2387 4998 2706 5056 Αριστιανος
2739 4975 2821 5045 ei;

643 5099 998 5156 Orthodoxus.
1032 5101 1176 5155 Sane
1206 5100 1444 5168 quidem.
1477 5102 1663 5155 Anam.
1691 5100 1831 5167 Quid
1856 5107 1941 5156 est
1967 5099 2126 5155 Chri-

2311 5096 2672 5165 Ὀρθόδοξος.
2701 5094 2810 5146 Καὶ
2832 5094 2990 5147 πάνυ.
3007 5092 3192 5160 Ἀνόμ.
3222 5089 3285 5142 Τί
3306 5091 3451 5140 ἐστιν
3472 5089 3502 5140 ὁ
3528 5087 3773 5156 Χριστια-

571 5192 930 5248 stianismus?
987 5191 1138 5246 Orth.
1210 5190 1346 5246 Illud
1400 5193 1616 5262 quidem
1670 5193 1852 5247 dicere
1905 5207 2129 5248 necesse

2231 5188 2450 5258 νισμός;
2498 5187 2650 5254 Ὀρθ.
2715 5183 2875 5236 Ἀλλὰ
2932 5199 2994 5235 το
3025 5181 3123 5252 μὲν
3162 5176 3231 5250 ἦν
3258 5181 3556 5248 ἀναγκαῖον
3591 5175 3773 5231 εἰπεῖν.

573 5283 725 5336 fuit:
776 5283 918 5337 istud
962 5298 1094 5338 vero
1142 5299 1250 5338 non
1304 5284 1376 5338 ita
1427 5293 1621 5338 tutum.
1672 5284 1860 5336 Anam.
1928 5281 2131 5346 Quam-

2229 5280 2290 5332 τὸ
2310 5279 2366 5331 δὲ
2393 5280 2492 5331 οὐκ
2515 5275 2769 5344 ἀσφαλές.
2811 5276 2997 5344 Ὰνόμ.
3031 5274 3128 5327 Διὰ
3148 5272 3236 5338 τίς
3272 5273 3420 5339 Ὀρθ.
3451 5271 3526 5323 Τὸ
3557 5269 3648 5340 μὲν
3678 5263 3775 5334 γὰρ

576 5369 802 5423 obrem?
829 5369 984 5425 Orth.
1014 5369 1280 5436 Quoniam
1304 5370 1482 5426 dicere
1510 5371 1726 5440 quidem
1751 5385 1974 5424 necesse
2010 5378 2128 5424 erat

2227 5372 2418 5434 εἰπεῖν,
2450 5371 2530 5422 ὅτι
2574 5367 2805 5436 Χριστοῦ
2841 5365 3022 5428 δοῦλός
3054 5365 3190 5434 εἰμι,
3237 5363 3534 5430 ἀναγκαῖον
3572 5357 3738 5412 ειπεῖν
3762 5369 3773 5381 ·

576 5474 662 5512 me
705 5475 826 5516 esse
878 5462 1081 5517 Christi
1135 5478 1387 5526 servum,
1433 5462 1615 5517 dicere
1663 5477 1826 5528 vero,
1871 5462 2002 5530 quid
2056 5462 2129 5516 sit

2223 5463 2284 5514 τὸ
2307 5462 2384 5525 δὲ,
2412 5461 2463 5514 τί
2494 5462 2636 5514 ἐστιν
2657 5462 2685 5512 ὁ
2709 5456 3149 5530 Χριπιανισμὸς,
3181 5455 3279 5508 οὐκ
3307 5453 3566 5524 ἀσφαλὲς,
3591 5450 3683 5502 ἐὰν
3709 5444 3776 5516 μὴ

575 5549 1024 5608 Cliristianismus
1045 5592 1062 5617 ,
1091 5561 1267 5608 tutum
1303 5569 1411 5607 non
1447 5553 1644 5616 fuerit,
1681 5553 1786 5607 nisi
1820 5567 2126 5623 cognovero

2228 5552 2340 5621 γνῶ
2370 5553 2452 5616 τίς
2480 5553 2626 5604 ἐστιν
2655 5552 2683 5603 ὁ
2708 5552 2958 5621 ἐρωτῶν·
2995 5547 3200 5618 μήποτε
3241 5543 3448 5616 εὐρεθῶ
3482 5541 3683 5614 βάλλων
3717 5533 3778 5587 τὰ

576 5641 824 5709 quisnam
868 5644 958 5699 ille
1002 5645 1073 5699 sit
1117 5646 1210 5715 qui
1264 5645 1366 5700 hoc
1419 5651 1768 5714 percontatur
1820 5663 1833 5697 :
1885 5661 1949 5697 ne
1991 5643 2128 5699 forte

2230 5644 2358 5712 ἅγια
2381 5647 2492 5706 τοῖς
2536 5643 2766 5712 κυσὶν,ἢ
2800 5643 2926 5704 τοὺς
2959 5637 3300 5710 μαργαρίτας
3345 5634 3646 5706 ἔμπροσθεν
3676 5625 3777 5679 τῶν

579 5733 880 5802 comperiar
917 5736 1142 5792 canibus
1178 5753 1264 5792 res
1293 5743 1510 5791 sanctas
1560 5745 1610 5791 et
1660 5735 1842 5804 porcis
1868 5739 2126 5790 mai-vari-

2229 5735 2444 5804 γοίρων.
2476 5735 2582 5787 Καὶ
2605 5733 2728 5804 γὰρ,
2763 5734 2854 5787 ἐάν
2893 5749 2958 5802 με
2988 5731 3284 5802 ἐρωτήσῃς,
3313 5729 3508 5792 Πιστὸς
3539 5722 3584 5780 εἷ
3605 5724 3635 5794 ἢ
3659 5732 3780 5773 κατ’·
