3982 6398
296 356 433 413 ΗΠ

1311 353 1400 407 DE
1439 352 1711 408 SANCTA
1751 351 2124 410 TRINETATE
2163 351 2517 411 DIALOGUS
2551 350 2593 405 l.

3407 349 3544 411 “18

293 477 593 548 ηχούμενος
626 471 760 544 (40),
804 471 1033 541 ἑτοίμως
1064 468 1205 538 λέγω
1234 470 1262 522 ὃ
1288 471 1402 540 εἰμι
1422 487 1436 499 ο
1463 471 1517 522 τί
1547 470 1605 524 δέ
1652 472 1766 523 ἐστι
1809 469 1858 522 τί

1971 478 2056 526 tas
2085 471 2250 544 408
2273 473 2560 543 projicere.
2596 470 2808 527 Etenim
2834 470 2881 526 si
2903 485 2973 525 ex
3000 485 3086 524 me
3117 485 3331 540 quaeras
3355 489 3368 524 :
3403 471 3548 530 Esne

293 563 432 620 εἶναι
459 564 669 627 πιστὸν,
699 563 759 614 οὐ
787 561 950 630 λέγω,
985 562 1194 632 μήποτε
1222 562 1314 614 καὶ
1354 562 1605 626 Ἰουδαῖος
1692 565 1722 615 6
1748 563 1858 633 ὲρω

1977 562 2172 628 ﬁdelis,
2232 573 2325 619 aut
2373 564 2822 628 catechumenus,
2872 562 3160 618 confestim
3216 563 3392 618 dicam
3451 566 3546 636 qui

289 655 420 708 τῶν.
473 654 665 720 Ἀνόμ.
714 650 852 704 Ἀλλ’
896 649 1008 719 ἐγώ
1055 667 1136 702 σοι
1178 647 1319 718 λέγω
1361 653 1389 703 6
1420 651 1639 723 ἐρωτῶν
1677 669 1759 713 σε,
1792 651 1874 704 ὅτι

289 743 616 816 Χριστιανός
640 745 773 814 εἰμι.
811 743 954 810 Ὀρθ.
984 741 1097 795 Οὐκ
1126 742 1327 812 ἦρκεσέ
1359 760 1440 794 σοι
1470 743 1530 796 τὸ
1556 747 1727 796 εἰπεῖν
1752 744 1870 814 ἐμὲ,

290 835 369 889 ὅτι
392 833 715 906 Χριστιανός
740 835 886 903 εἰμι·
912 832 1021 885 οὐδ’
1046 834 1169 903 ἐμοὶ
1191 833 1352 903 ἀρκεῖ
1369 833 1428 886 τὸ
1452 835 1624 886 εἰπεῖν
1651 851 1708 886 σε
1737 833 1870 903 (4-1),

289 929 371 980 ὅτι
417 925 740 997 Χριστιανὸς
781 920 864 977 εἴ*
901 925 994 979 ἐὰν
1029 927 1104 996 μή
1147 943 1236 997 μοι
1275 925 1458 998 εἴπῃς,
1495 927 1550 979 τί
1584 929 1697 980 ἐστι
1741 928 1873 997 Χρι-

293 1019 629 1088 στιανισμός.
661 1018 769 1070 Καὶ
810 1017 932 1070 τότε
969 1017 1026 1070 δὲ
1059 1018 1118 1070 οὐ
1165 1017 1382 1080 πάντως
1425 1015 1476 1071 εἴ
1510 1017 1865 1087 Χριστιανός·

288 1108 410 1162 οὐδε
440 1106 550 1176 γὰρ
581 1105 642 1158 τὸ
675 1105 877 1158 εἰδέναι
902 1105 954 1158 τί
981 1107 1127 1158 ἐστιν
1175 1107 1203 1158 6
1235 1105 1678 1176 Χριστιανισμὸς,
1711 1105 1870 1159 τοῦτό

291 1202 438 1253 ἐστιν
489 1195 631 1251 εἶναι
686 1197 1042 1270 Χριστιανὸν
1100 1197 1288 1269 ἐπειδὴ
1335 1198 1542 1250 οὐδὲτὸ
1585 1198 1778 1251 εἰδέναι
1816 1199 1868 1253 τί

291 1293 434 1344 ἐστιν
469 1287 799 1358 Ἰουδαῖσμός
834 1289 950 1340 ἐστι
977 1287 1038 1340 τὸ
1081 1283 1219 1340 εἶναι
1253 1289 1503 1340 Ἰουδαῖον
1551 1287 1658 1359 (42)
1683 1305 1696 1318 ·
1747 1289 1868 1342 οὐδὲ

288 1383 350 1435 τὸ
381 1381 579 1434 εἰδέναι
605 1381 658 1433 τί
698 1383 844 1434 ἐστιν
877 1379 1250 1450 Ἑλληνισμὸς,
1279 1378 1436 1432 τοῦτό
1475 1383 1589 1434 ἐστι
1620 1381 1682 1434 τὸ
1727 1375 1865 1434 εἶναι

289 1475 548 1546 Ἕλληνα.
589 1475 776 1542 Ὰνόμ.
804 1469 965 1536 Οἶδας
994 1473 1081 1527 τὸν
1112 1472 1274 1538 Θεόν;
1310 1473 1462 1541 Ὀρθ.
1497 1473 1628 1526 Ναί.
1664 1475 1861 1542 Ἀνόμ.

298 1568 387 1631 Ὧς
426 1567 590 1630 αὐτὸς
635 1565 823 1619 ἑαυτὸν
863 1562 1035 1631 οἶδεν;
1081 1567 1228 1633 Ὀρθ.
1272 1564 1369 1620 Οὔ.
1418 1565 1606 1634 Άνόμ.
1657 1565 1864 1619 Οὐκοῦν

285 1661 386 1714 οὐκ
433 1654 582 1724 οἶδας
635 1659 837 1726 αὑτὸν;
878 1659 1024 1726 Ὀρθ.
1073 1653 1203 1712 Οἶδα
1247 1657 1429 1718 αὐτὸν,
1471 1659 1547 1722 ὼς
1592 1658 1863 1728 ἐνδέχεται

286 1747 576 1820 ἀνθρώπου
625 1748 784 1818 φύσει
822 1748 1043 1801 εἰδέναι.
1079 1749 1276 1818 Ἀνόμ.
1312 1748 1522 1813 Ἀλλως
1568 1745 1660 1802 οὖν
1700 1750 1861 1803 αὐτὸν

1975 655 2080 708 sim
2120 675 2132 710 :
2167 656 2296 726 quid
2345 658 2418 712 sit
2465 665 2645 711 autem
2683 656 2895 710 Iidelem
2933 669 3206 719 esse,non
3245 655 3447 719 dicam,
3478 673 3548 710 ne

1974 745 2114 802 forte
2155 746 2376 804 Judzeus
2416 749 2513 813 sis,
2559 747 2652 818 qui
2703 748 3030 818 interrogas.
3083 748 3272 801 Anam.
3327 746 3396 800 At
3445 763 3557 818 ego

1974 841 2066 908 qui
2093 840 2194 896 hoc
2220 857 2284 896 ex
2313 852 2364 896 te
2395 856 2601 911 quaero,
2623 840 2720 896 tibi
2745 840 2868 895 dico
2890 855 2974 893 me
2999 839 3371 896 Christianum
3402 856 3543 897 esse.

1975 931 2128 986 Orth.
2187 931 2306 986 Tibi
2355 949 2463 986 non
2501 931 2603 987 fuit
2647 932 2804 996 satis,
2849 932 2994 1002 quod
3041 947 3126 986 me
3168 931 3552 986 Christianum

1972 1024 2204 1079 dixerim
2245 1043 2258 1078 :
2295 1025 2368 1079 ita
2413 1025 2547 1080 mihi
2588 1040 2807 1096 qumque
2833 1040 2940 1080 non
2985 1023 3120 1080 satis
3165 1033 3269 1087 est,
3309 1024 3451 1094 quod
3492 1035 3551 1080 te

1968 1115 2338 1170 Christianum
2387 1132 2510 1172 esse
2561 1117 2711 1172 dicas
2757 1135 2771 1172 :
2820 1116 2930 1172 nisi
2974 1116 3108 1171 mihi
3148 1115 3354 1170 dixeris
3411 1116 3544 1186 quid

1967 1207 2040 1264 sit
2089 1205 2562 1263 Christianismus.
2614 1207 2692 1261 Ac
2737 1223 2806 1262 ne
2859 1207 2941 1262 sic
2996 1207 3216 1276 quidem
3277 1207 3437 1276 plane
3484 1220 3548 1260 es

1966 1296 2311 1353 Christianus
2347 1315 2361 1352 :
2396 1313 2572 1367 neque
2597 1297 2742 1351 enim
2775 1296 2920 1352 scire
2943 1297 3075 1368 quid
3097 1297 3170 1352 sit
3193 1295 3546 1351 Christianis-

1965 1406 2124 1455 mus,
2159 1389 2264 1444 hoc
2291 1397 2376 1444 est
2413 1388 2790 1444 Christianum
2829 1404 2994 1456 esse;
3032 1404 3158 1443 nam
3193 1404 3368 1460 neque
3404 1388 3546 1444 scire

1965 1482 2095 1554 quid
2157 1483 2230 1537 sit
2277 1479 2623 1542 Judaismus.
2683 1491 2766 1537 est
2831 1497 2954 1538 esse
3015 1479 3292 1547 Judazum,
3368 1495 3547 1550 neque

1964 1570 2107 1624 scire
2160 1567 2290 1639 quid
2362 1568 2436 1624 sit
2497 1567 2876 1640 gentilismus,
2951 1573 3034 1622 est
3095 1567 3352 1637 gentilem
3399 1581 3540 1620 esse.

1970 1660 2152 1716 Anam.
2217 1657 2372 1714 Nosti
2439 1657 2652 1713 Deum?
2717 1657 2869 1713 Orth.
2933 1657 3128 1712 Etiam.
3189 1659 3379 1711 Anam.
3475 1656 3544 1710 Ut

1964 1751 2082 1821 ipse
2110 1751 2351 1821 seipsum
2379 1753 2574 1807 novit?
2610 1749 2764 1805 Orth.
2793 1749 3034 1806 Minime.
3064 1750 3254 1806 Anam.
3285 1749 3422 1804 Eum
3451 1749 3546 1822 igi-

288 1841 467 1896 ῐσασιν
496 1842 547 1894 οἱ
585 1840 881 1912 ἄνθρωποι,
919 1839 1012 1893 καὶ
1043 1839 1216 1904 ἄλλως
1250 1841 1411 1905 αὐτὸς
1452 1842 1680 1907 ὲαυτόν;
1711 1843 1858 1910 Ὀρθ.

1971 1851 2060 1896 tur
2094 1857 2201 1896 non
2237 1843 2406 1899 nosti.
2453 1841 2607 1897 Orth.
2657 1841 2792 1897 Novi
2841 1858 2989 1906 eum,
3043 1850 3102 1896 ut
3147 1841 3250 1897 fert
3293 1842 3548 1897 humanae

285 1934 395 1988 Καὶ
435 1934 600 1987 πάνυ.
645 1933 842 2001 Ἀνόμ.
888 1932 1050 1996 Πῶς;
1087 1932 1303 2000 Ὀρθόδ.
1335 1934 1478 1993 Ὀτι,
1525 1932 1618 1986 ἐὰν
1670 1936 1742 2006 μή
1780 1951 1866 1998 τις

280 2026 381 2097 τὴν
406 2024 577 2096 αὐτὴν
603 2024 681 2094 τῷ
699 2023 819 2094 Θεῷ
845 2025 1111 2094 κτήσηται
1141 2023 1362 2091 γνῶσιν,
1385 2024 1642 2079 ἀδύνατον
1664 2024 1864 2092 γνῶναι

282 2117 467 2181 αὐτὸν,
501 2117 577 2179 ὡς
613 2116 774 2179 αὐτὸς
811 2115 1001 2169 ἑαυτὸν
1043 2110 1170 2168 οἶδε.
1203 2115 1312 2185 Τὴν
1351 2115 1407 2169 δὲ
1434 2114 1600 2185 αὐτὴν
1638 2114 1715 2185 τῷ
1747 2113 1864 2184 Θεῷ

283 2209 587 2282 κτήσασθαι
609 2208 810 2277 γνῶσιν
833 2207 1112 2271 ἀδύνατον,
1140 2207 1213 2278 μὴ
1243 2207 1342 2276 τῆς
1369 2207 1535 2277 αὐτῆς
1560 2206 1709 2276 αὑτῷ
1735 2206 1863 2260 ὄντα

281 2301 492 2363 οὐσίας.
522 2300 638 2353 Οὐκ
673 2299 838 2368 ἐσμὲν
881 2299 938 2351 δὲ
981 2298 1082 2368 τῆς
1115 2297 1284 2368 αὐτῆς
1322 2296 1470 2366 αὐτῷ
1499 2296 1704 2358 οὐσίας.
1747 2297 1860 2348 Οὐκ

279 2395 391 2465 ἀρα
419 2394 520 2465 τὴν
549 2392 720 2462 αὐτὴν
748 2390 895 2460 αὑτῷ
927 2390 1122 2461 ἔχομεν
1151 2389 1371 2459 γνῶσιν.
1405 2390 1591 2458 Ἀνόμ.
1615 2389 1740 2445 Ἐὰν
1769 2385 1864 2441 οὖν

281 2487 411 2558 θέλῃ
431 2488 459 2540 6
487 2486 614 2548 Υἱὸς
640 2483 986 2553 ἀποκαλύψαι
1009 2484 1136 2547 τινἰ,
1161 2484 1220 2536 οὐ
1243 2482 1464 2535 δύναται
1485 2499 1499 2546 ;
1536 2483 1679 2550 Ὀρθ.
1706 2485 1862 2536 Ἀπο-

278 2572 547 2628 καλὺπτει
572 2573 690 2642 μὲν,
724 2571 837 2624 ἀλλ’
864 2573 961 2642 οὐχ
983 2572 1158 2636 οὕτως
1187 2572 1334 2642 αὐτῷ
1363 2572 1754 2629 ἀποκαλύπτει.
1785 2574 1860 2636 ὡς

278 2666 446 2728 αὐτὸς
478 2665 669 2717 ἑαυτὸν
699 2660 837 2716 οἶδεν
857 2683 870 2696 ·
907 2664 1020 2717 ἀλλ’
1061 2665 1134 2726 ὡς
1161 2663 1380 2717 δύναται
1423 2663 1625 2733 γνῶναι
1657 2667 1684 2717 6
1725 2682 1857 2718 κατ-

277 2757 619 2827 αξιούμενος.
651 2755 797 2808 Διότι
835 2755 914 2826 τῷ
956 2756 1052 2826 μὲν
1092 2756 1348 2827 Ίεζεχιὴλ
1380 2757 1485 2809 ἀπὸ
1520 2755 1717 2826 ὀσφύος
1769 2759 1858 2811 καὶ

275 2848 392 2902 ἄνω
440 2848 754 2918 ἡλέκτρινος
803 2848 1045 2917 ἐγνώσθη
1077 2864 1090 2876 ·
1141 2847 1218 2918 τῷ
1270 2849 1326 2902 δὲ
1384 2848 1578 2918 Δανιὴλ
1631 2849 1858 2913 παλαιὸς

275 2944 308 3011 ή
319 2959 383 3010 με
395 2941 533 3014 ρῶνο
560 2939 638 3011 τῷ
665 2939 722 2992 δὲ
757 2940 951 3011 Ἡσαΐᾳ
993 2939 1127 2992 καλυ
1139 2941 1396 3010 πτάμενος
1429 2941 1534 2994 ὑπὸ
1561 2941 1665 2994 τῶν
1695 2959 1860 3014 σερα-

276 3032 406 3103 φίμο

1972 1933 2201 1989 facultas
2241 1942 2470 1988 naturae.
2504 1937 2695 1989 Anam.
2729 1931 2903 1986 Aliter
2937 1931 3105 2002 igitur
3130 1931 3308 2001 ipsum
3340 1938 3544 1986 norunt

1971 2023 2241 2087 homines,
2278 2033 2331 2077 et
2377 2023 2534 2078 aliter
2580 2039 2639 2077 se
2679 2023 2795 2092 ipse
2842 2022 3030 2076 novit?
3063 2020 3216 2076 Orth.
3254 2020 3396 2077 Sane
3422 2021 3547 2092 qui-

1969 2116 2114 2172 dem.
2165 2117 2357 2170 Anam.
2411 2113 2736 2180 Quomodo?
2775 2112 2925 2168 Orth.
2959 2112 3226 2178 Quoniam
3267 2113 3374 2168 nisi
3417 2113 3546 2182 quis

1969 2205 2158 2262 eadem
2205 2213 2368 2275 atque
2410 2203 2552 2259 Deus
2598 2203 2715 2274 ipse
2751 2203 3115 2275 cognoscendi
3165 2203 3424 2257 facultate
3471 2203 3546 2257 sit

1970 2299 2250 2367 prmditus,
2290 2297 2404 2351 fieri
2452 2312 2562 2350 non
2617 2303 2795 2366 potest
2853 2303 2910 2348 ut
2953 2310 3076 2350 eum
3107 2295 3269 2360 norit,
3297 2295 3439 2351 sicut
3482 2311 3543 2350 se

1968 2393 2082 2459 ipse
2127 2391 2296 2443 novit.
2341 2389 2410 2442 At
2453 2388 2566 2444 fieri
2603 2389 2794 2459 nequit
2861 2397 2920 2442 ut
2969 2387 3092 2458 quis
3143 2387 3331 2441 eadem
3379 2393 3543 2456 atque

1969 2481 2112 2534 Deus
2150 2480 2265 2548 ipse
2309 2479 2676 2549 cognoscendi
2711 2479 2971 2533 facultate
3005 2478 3076 2532 sit
3108 2475 3403 2548 praaditus,
3435 2477 3540 2530 nisi

1967 2571 2037 2627 sit
2079 2570 2324 2640 ejusdem
2375 2585 2437 2624 ac
2489 2568 2634 2624 Deus
2683 2577 2912 2623 naturae.
2959 2567 3078 2622 Non
3121 2583 3312 2622 sumus
3357 2575 3540 2621 autem

1966 2662 2210 2732 ejusdem
2257 2670 2418 2733 atque
2471 2662 2588 2732 ipse
2642 2670 2872 2716 naturae.
2911 2659 3030 2716 Non
3082 2660 3248 2730 igitur
3294 2659 3540 2715 eamdem

1967 2765 2127 2825 atque
2189 2758 2306 2826 ipse
2373 2755 2623 2810 notitiam
2683 2755 2971 2810 habemus.
3034 2754 3224 2808 Anam.
3270 2752 3432 2820 Quid,
3492 2753 3539 2807 si

1967 2847 2139 2905 Filius
2178 2849 2302 2902 velit
2327 2849 2563 2918 cuipiam
2598 2849 2864 2914 revelare,
2909 2863 3092 2902 annon
3138 2847 3358 2916 potest?
3385 2845 3539 2902 Ortli.

1968 2941 2190 2997 Revelat
2233 2940 2476 3012 quidem,
2529 2940 2624 2995 sed
2674 2957 2786 2995 non
2823 2940 2896 2994 ita
2947 2939 3048 3010 ipsi
3104 2939 3329 3003 revelat,
3379 2944 3440 2992 ut
3481 2954 3542 2993 se

1969 3033 2087 3104 ipse
2128 3035 2278 3088 novit
2323 3051 2337 3087 :
2387 3049 2578 3088 verum
2610 3043 2770 3103 prout
2802 3033 2848 3088 is
2883 3040 2968 3086 est
2999 3032 3066 3086 ad
3098 3029 3538 3102 cognoscendum

277 3125 537 3189 idoneus,
587 3139 747 3194 quem
825 3123 927 3178 hac
973 3123 1150 3193 gratia
1195 3123 1382 3179 donat.
1435 3123 1805 3190 Quamobrem
1861 3140 1892 3178 a
1932 3124 2134 3179 lumbis
2167 3123 2235 3177 ad
2283 3124 2545 3178 vorticem
2595 3124 2784 3179 electri
2831 3122 3014 3193 specie
3076 3120 3348 3178 Ezechieli
3386 3120 3542 3177 visus

273 3225 360 3272 est
402 3235 416 3270 :
453 3216 660 3270 Danieli
692 3231 839 3277 vero,
877 3217 1152 3285 Antiquus
1194 3216 1405 3271 dierum
1455 3237 1468 3271 :
1513 3224 1566 3272 et
1609 3216 1782 3280 Isaiae,
1817 3233 1848 3271 a
1886 3216 2164 3286 seraphim
2196 3217 2446 3271 obtectus

346 3311 402 3365 2.
447 3311 758 3380 Ἁνόμοιος.
787 3311 858 3364 Σὺ
883 3306 974 3364 οὖν
1001 3310 1118 3374 πῶς
1142 3311 1304 3364 αὐτὸν
1327 3307 1494 3375 οἶδας,
1519 3314 1593 3375 ὡς
1613 3311 1858 3384 ἠλέκτρι-

2028 3312 2084 3366 2.
2127 3311 2430 3366 Anamwua.
2453 3309 2534 3363 Tu
2555 3308 2720 3378 igitur
2737 3323 2842 3377 qua
2865 3307 3078 3364 ratione
3108 3307 3257 3362 illum
3276 3306 3419 3361 nosti
3445 3324 3459 3373 ;
3481 3315 3540 3360 ut

273 3421 388 3467 vov,
419 3403 454 3472 ἦ
487 3402 564 3464 ὡς
604 3402 830 3456 παλαιὸν
872 3402 980 3456 τῶν
1021 3403 1272 3474 ἡμερῶνς
1315 3405 1458 3470 Ὀρθ.
1505 3403 1641 3474 Παρ’
1678 3403 1854 3458 αὐτῶν

279 3494 471 3565 μαθὼν
509 3491 647 3557 οἶδα,
680 3496 762 3548 ὃτι
809 3495 948 3568 ὑπὲρ
991 3497 1166 3549 πάντα
1212 3497 1328 3549 ἐστὶ
1364 3497 1431 3549 τὰ
1484 3496 1852 3566 γνωρισθέντα

273 3587 482 3649 αὐτοῖς.
515 3585 577 3638 Εἰ
614 3585 688 3657 μὴ
726 3587 834 3658 γὰρ
875 3583 941 3657 ἦν
981 3588 1118 3658 ὑπὲρ
1144 3587 1301 3650 αὐτὰ,
1345 3588 1445 3640 οὐκ
1478 3586 1543 3640 ἂν
1585 3587 1853 3658 διαφόρως

275 3678 564 3745 ἐφαίνετο·
591 3678 684 3732 xal.
713 3677 801 3730 διὰ
832 3678 994 3732 τοῦτο
1016 3681 1044 3732 6
1089 3677 1396 3748 Μονογενὴς
1439 3677 1584 3747 λέγει
1603 3695 1618 3710 ·
1653 3696 1672 3730 ι
1721 3678 1854 3733 Θεὸν

275 3768 453 3831 οὐδεὶς
482 3767 694 3839 ἑώρακε
726 3769 962 3831 πώποτε.
1012 3789 1032 3823 ι
1082 3771 1267 3839 Ἀνόμ.
1313 3769 1472 3824 Ἀλλο
1503 3770 1620 3822 ἐστὶ
1662 3769 1722 3823 τὸ
1755 3770 1855 3824 ἐω-

281 3859 529 3932 ρακέναι,
573 3861 668 3914 καὶ
713 3861 841 3915 ἄλλο
888 3863 948 3915 τὸ
990 3862 1321 3932 ὲγνωκέναι;
1359 3863 1503 3931 Ὀρθ.
1553 3864 1674 3916 Ἐπὶ
1718 3863 1852 3917 Θεοῦ

277 3955 379 4008 οὐκ
402 3954 547 4008 ἐστιν
579 3953 710 4012 ἄλλο
739 3955 833 4010 καὶ
863 3954 1020 4009 ἄλλο·
1051 3954 1213 4016 αὐτὸς
1235 3954 1344 4025 γὰρ
1377 3954 1474 4024 τὴν
1505 3953 1736 4028 θεωρίαν
1763 3956 1855 4008 ἐπὶ

276 4047 376 4116 τῆς
413 4047 666 4115 γνώσεως
691 4046 871 4107 έλαὸε.
907 4046 1079 4115 λέγων
1104 4062 1118 4076 ·
1165 4064 1184 4097 ι
1209 4045 1472 4100 Τοσοῦτον
1505 4047 1694 4118 χρόνον
1736 4047 1852 4117 μεθ’

277 4139 433 4208 ὑμῶν
467 4141 611 4207 siin,-
633 4139 727 4192 καὶ¹
769 4139 866 4194 οὐκ
906 4138 1148 4208 ἔγνωκάς
1195 4156 1300 4210 με;
1336 4138 1590 4202 Φίλιππε,
1622 4141 1650 4192 6
1683 4140 1856 4210 ἑωρα-

278 4231 391 4296 κὼς
415 4233 514 4302 ἐμὲ
539 4231 749 4302 ἑώρακε
785 4231 874 4288 τὸν
902 4232 1120 4304 Πατέρα
1147 4250 1268 4304 μου.
1305 4253 1323 4284 ι
1369 4233 1556 4302 Ἀνόμ.
1591 4235 1654 4286 Εἰ
1686 4229 1852 4298 οἶδας,

276 4325 359 4376 ὅτι
390 4324 531 4394 ὑπὲρ
577 4323 646 4376 τὰ
687 4323 987 4393 φαινόμενα
1023 4325 1191 4386 ἐστιν,
1223 4321 1368 4386 οἶδας
1405 4325 1458 4376 τί
1502 4325 1669 4378 ἐστιν.
1707 4325 1851 4392 Ὀρθ.

277 4415 314 4466 Γ
320 4415 492 4468 ελοῖον
525 4415 737 4482 λέγεις⁸
785 4415 859 4487 μὴ
890 4415 1018 4486 γὰρ,
1067 4416 1254 4487 ἐπειδὴ
1299 4412 1435 4479 οἶδα,
1486 4417 1567 4470 ὅτι
1610 4417 1748 4488 ὑπὲρ
1787 4416 1856 4471 τὰ

279 4509 580 4588 φαινόμενα
611 4507 840 4578 σώματά
881 4510 1026 4561 ἐστιν
1062 4512 1094 4578 ή
1139 4507 1305 4579 ψυχὴ,
1339 4505 1454 4563 οἶδα
1499 4509 1592 4562 καὶ
1635 4509 1687 4562 τί
1738 4509 1854 4562 ἐστι

277 4601 461 4671 ψυχῆς
507 4599 697 4668 Ἀνόμ.
739 4597 879 4667 Ἐγὼ
927 4597 1097 4662 οὕτως
1151 4599 1312 4653 αὐτὸν
1367 4596 1502 4662 οἶδα,
1558 4601 1634 4665 ὼς
1689 4601 1851 4664 αὐτὸς

1959 3403 2150 3459 electri
2192 3405 2394 3473 specie,
2436 3419 2504 3457 an
2546 3411 2604 3457 ut
2643 3403 2928 3472 antiquum
2959 3401 3210 3456 dierum?
3259 3399 3412 3455 Orth.
3458 3398 3542 3453 Ab

1956 3495 2090 3567 ipsis
2118 3495 2284 3550 didici
2319 3495 2486 3550 Deum
2515 3510 2638 3550 esse
2671 3509 2835 3564 supra
2859 3494 3042 3548 omnia
3089 3493 3179 3546 illa
3205 3491 3338 3563 ipsis
3364 3491 3540 3546 mani—

1954 3587 2176 3644 festata.
2209 3586 2324 3642 Nisi
2360 3587 2506 3642 enim
2556 3587 2679 3642 istis
2733 3586 3084 3657 praecelleret,
3131 3598 3408 3653 nunquam
3455 3583 3540 3638 dic

1955 3681 2129 3735 versis
2159 3680 2336 3734 modis
2362 3679 2726 3750 apparuisset,
2759 3675 2987 3748 ideoque
3013 3676 3144 3732 dicit
3169 3674 3487 3746 Unigenitus
3519 3693 3535 3730 :

1960 3792 1980 3822 ‹
2017 3769 2188 3827 Deum
2222 3787 2384 3826 nemo
2417 3771 2550 3826 vidit
2587 3785 2829 3842 unquam
2869 3770 2935 3824 ⁸⁷.
2981 3788 3001 3822 ι
3046 3771 3234 3822 Anam.
3263 3767 3426 3822 Aliud
3454 3777 3539 3825 est

1954 3865 2181 3929 vidisse,
2218 3864 2368 3919 aliud
2397 3879 2580 3920 nosse.
2611 3861 2765 3919 Orth.
2801 3861 2958 3929 Quod
3001 3860 3069 3916 ad
3108 3861 3275 3918 Deum
3321 3861 3538 3925 attinet,

1957 3973 2064 4014 non
2107 3965 2192 4013 est
2233 3952 2392 4011 aliud‘
2428 3963 2483 4011 et
2535 3956 2682 4011 aliud
2718 3995 2735 4022 ,
2775 3955 3048 4026 siquidem
3098 3954 3214 4025 ipse
3253 3961 3536 4026 aspectum

1957 4068 2056 4123 pro
2089 4050 2400 4122 cognitione
2435 4049 2740 4121 usurpavit,
2763 4048 2954 4105 dicens
2985 4067 2999 4103 '.
3036 4066 3056 4099 ι
3088 4045 3264 4103 Tanto
3290 4055 3538 4118 tempore

1956 4145 2237 4202 vobiscum
2283 4159 2442 4211 sum,
2482 4152 2538 4200 et
2588 4159 2698 4199 non
2749 4140 3057 4214 cognovisti
3099 4140 3222 4195 me?
3265 4138 3531 4212 Philippe.

1956 4239 2049 4308 qui
2102 4254 2188 4293 me
2228 4236 2382 4302 vidit,
2429 4235 2643 4291 Patrem
2675 4250 2856 4290 meum
2894 4233 3030 4288 vidit
3069 4233 3134 4287 ⁸⁸.
3179 4251 3198 4284 ι
3240 4232 3427 4286 Anam.
3473 4229 3534 4284 Si

1957 4328 2106 4385 nosti
2137 4345 2260 4385 eum
2305 4343 2430 4384 esse
2470 4343 2636 4400 supra
2701 4327 2884 4382 omnia
2925 4341 3046 4396 qua:
3090 4323 3530 4394 conspiciuntur,

1957 4419 2086 4490 quid
2130 4419 2246 4489 ipse
2277 4418 2345 4474 sit
2385 4419 2560 4475 nosti.
2594 4417 2747 4474 Orth.
2779 4416 3090 4472 Ridiculum
3122 4413 3378 4485 quiddam
3408 4429 3536 4468 nar-

1958 4528 2070 4574 ras.
2118 4528 2249 4566 num
2298 4511 2446 4566 enim
2504 4511 2633 4582 quia
2682 4511 2918 4564 animam
2965 4508 3092 4563 novi
3134 4523 3302 4578 supra
3349 4508 3532 4562 omnia

1963 4605 2314 4674 aspectabilia
2350 4619 2582 4675 corpora
2610 4619 2753 4667 esse,
2792 4602 2998 4657 idcirco
3045 4603 3206 4657 etiam
3245 4602 3370 4655 novi
3401 4601 3528 4670 quid

278 4690 470 4743 ἑαυτὸν
527 4684 683 4743 οἶδεν.
739 4689 884 4756 Ὀρο.
935 4687 997 4740 Τί
1048 4684 1140 4741 οὖν
1199 4690 1344 4742 ἐστιν
1384 4691 1413 4745 6
1455 4689 1620 4754 856;;
1659 4691 1844 4759 Ἀνόμ.

1963 4697 2024 4752 sit
2057 4697 2276 4752 anima?
2300 4697 2488 4750 Anam.
2516 4697 2584 4749 At
2601 4711 2700 4766 ego
2722 4712 2842 4750 eum
2869 4695 2991 4750 novi
3034 4703 3092 4748 ut
3132 4695 3245 4764 ipse
3272 4709 3328 4748 se
3357 4694 3529 4747 novit.

280 4782 418 4836 Αὐτὸ
464 4779 526 4833 τὸ
568 4779 879 4850 ἀγέννητον.
927 4780 1074 4846 Ὀρθ.
1109 4779 1181 4832 T6
1228 4780 1445 4846 εἰδέναι,
1499 4781 1580 4833 ὃτι
1631 4781 1855 4852 ἀγέννη-

278 4874 367 4936 τός
397 4873 509 4943 (45)
539 4872 674 4934 ἐστι,
708 4870 862 4925 τοῦτό
888 4873 1004 4924 ἐστι
1031 4871 1090 4926 τὸ
1116 4871 1312 4924 εἰδέναι
1349 4872 1439 4924 τὸν
1467 4872 1617 4924 Θεόν.
1663 4873 1850 4942 Ἀνόμ.

279 4968 389 5021 Καὶ
417 4965 580 5020 πάνυ.
618 4965 763 5031 Ὀρθ.
793 4965 1000 5017 Ἷσασιν
1024 4959 1116 5017 οὖν
1144 4965 1234 5017 καὶ
1271 4963 1509 5016 Ἰουδαῖοι
1537 4965 1628 5017 καὶ
1658 4965 1854 5036 Ἐλλη-

277 5077 368 5122 νες
416 5058 594 5112 τοῦτο.
631 5057 742 5128 Τὴν
779 5057 947 5127 αὐτὴν
981 5057 1090 5126 ἄρα
1132 5059 1243 5119 τοῖς
1280 5055 1551 5120 Ἰουδαίοις
1597 5058 1689 5110 καὶ
1740 5061 1852 5121 τοῖς

278 5153 540 5222 Ἕλλησιν
578 5148 722 5219 ἔχεις
765 5148 983 5216 γνῶσιν,
1027 5152 1138 5212 τοῖς
1171 5148 1245 5219 μὴ
1286 5147 1638 5216 γινώσκουσιν
1667 5150 1848 5204 αὐτόν.

280 5245 403 5295 Ὅτι
429 5240 541 5321 γὰρ
567 5242 597 5293 6
647 5239 721 5310 μὴ
747 5239 1029 5306 γινώσκων
1065 5240 1155 5292 τὸν
1189 5239 1314 5292 Υἰὸν
1357 5240 1418 5292 οὐ
1460 5239 1712 5308 γινώσκει
1760 5241 1851 5294 τὸν

280 5334 524 5406 Πατέρα,
559 5333 628 5386 τὰ
656 5331 963 5400 Εὐαγγέλια
995 5333 1295 5403 εἰρήκασιν.
1337 5332 1533 5402 Ἀνόμ.
1565 5333 1678 5386 Οὐκ
1710 5329 1848 5388 οἶδεν

348 5490 391 5522 ⁸⁷
432 5488 591 5544 Joan.
631 5504 685 5554 ι,
721 5488 806 5544 18.
884 5487 929 5518 ⁸⁸
947 5485 1104 5542 Joan.
1142 5503 1252 5551 xxv,
1288 5487 1341 5542 9.

349 5645 463 5715 (49)
494 5643 571 5696 Ita
604 5643 735 5715 Reg.
767 5652 820 5697 et
855 5642 1153 5715 Palatinus.
1189 5641 1328 5715 Editi
1360 5655 1508 5715 vero,
1544 5643 1640 5696 καὶ
1660 5643 1848 5715 σειστὸς

275 5707 364 5784 εἴη’
394 5707 589 5786 κατῃχ.
625 5707 765 5768 hle
793 5714 951 5786 infra.
988 5712 1079 5765 καὶ
1107 5711 1355 5778 Ἰουδαῖος
1449 5713 1478 5766 6
1508 5713 1746 5786 ἐρωτῶν.

346 5788 458 5864 (Η)
491 5784 788 5851 Palatinus,
813 5785 980 5838 εἰπεῖν
1008 5801 1107 5838 σοι.

1961 4787 2114 4842 Orth.
2153 4786 2292 4852 Quid
2331 4794 2413 4841 est
2452 4787 2619 4856 igitur
2658 4784 2836 4840 Dens?
2866 4786 3056 4839 Anam.
3104 4784 3282 4854 Ipsum
3322 4783 3531 4854 ingeni-

1956 4887 2092 4933 tum.
2129 4878 2281 4934 Orth.
2319 4879 2403 4933 An
2447 4893 2609 4934 nosse
2639 4878 2783 4948 quod
2814 4880 2884 4933 sit
2915 4877 3214 4948 ingenitus,
3247 4883 3330 4931 est
3357 4874 3526 4930 Deum

1956 4972 2164 5026 nosse?
2190 4973 2379 5024 Anam.
2413 4970 2556 5025 Sane
2584 4970 2827 5042 quidem.
2856 4969 3008 5025 Orth.
3036 4969 3198 5038 Atqui
3231 4968 3335 5022 hoc
3363 4969 3526 5023 etiam

1959 5066 2162 5113 norunt
2195 5067 2247 5114 et
2278 5058 2450 5114 Judaei
2492 5068 2550 5114 et
2581 5059 2775 5115 Graeci.
2811 5059 3011 5114 Eadem
3041 5074 3170 5130 ergo
3204 5057 3395 5114 notitia
3428 5056 3524 5114 Dei

1959 5151 2218 5222 praeditus
2267 5168 2327 5208 es
2375 5168 2483 5221 qua
2526 5150 2698 5207 Judaei
2744 5161 2796 5206 et
2835 5150 3029 5216 Graeci,
3071 5152 3162 5222 qui
3197 5152 3372 5222 ipsum
3416 5168 3523 5207 non

1961 5252 2181 5300 norunt.
2229 5243 2527 5301 Tcstantur
2573 5246 2717 5301 enim
2760 5244 3072 5314 Evangelia,
3113 5259 3237 5298 eum
3272 5244 3364 5312 qui
3416 5261 3522 5298 non

1958 5335 2240 5407 cognoscit
2273 5335 2493 5402 Filium,
2543 5352 2643 5391 nec
2688 5335 2900 5391 Patrem
2950 5350 3132 5390 nosse.
3167 5333 3356 5389 Anam.
3403 5331 3522 5388 Non

2028 5642 2136 5710 (42)
2169 5639 2473 5703 Palatinus.
2497 5642 2774 5706 Ἰουδαῖος.

1956 5784 1988 5836 ἁ
2027 5713 2137 5834 (ἐῶ)
2173 5710 2262 5767 Sic
2289 5713 2596 5778 Palatinus,
2629 5713 2715 5768 hic
2743 5720 2794 5770 et
2819 5712 2900 5768 bis
2921 5711 3166 5770 inferius.
3196 5711 3337 5769 Editi
3365 5726 3518 5780 vero,

1994 5801 2025 5852 γ
2059 5798 2234 5854 νητον.
