3982 6398
535 387 673 445 1119

1685 388 1743 444 S.
1783 388 2245 447 ATHANASIUS.
2282 420 2353 429 —
2394 388 2664 446 SPURIA.

3638 388 3758 446 M20

532 509 701 577 igitur
728 510 881 563 novit
914 507 1055 563 Deus
1088 524 1148 563 se
1177 524 1297 563 esse
1339 508 1679 579 ingenitum?
1714 511 1866 566 Orth.
1898 516 1967 566 At
1995 515 2085 567 hor

2203 508 2293 566 οὗν
2322 515 2350 565 ὁ
2379 512 2510 576 Θεὸς
2551 512 2849 581 ἀγέννητον
2888 509 3106 575 έαυτὸν;
3146 509 3305 578 Ὀρθ.
3343 509 3463 561 Ἀλλ
3517 511 3579 563 οὐ
3621 510 3761 566 τοῦτό

528 598 754 653 minime
779 597 952 667 ipsius
977 606 1061 653 est
1098 596 1336 655 essentia
1372 600 1517 669 quod
1562 604 2094 673 comprehendimus.

531 689 721 742 Anam.
757 692 837 742 An
863 705 1022 743 unam
1050 689 1191 745 dicis
1219 690 1497 755 deitatem,
1528 701 1581 747 et
1606 704 1716 748 tres
1738 695 2101 766 bypostases?

533 774 686 830 Orth.
719 775 833 831 Tua
869 778 1088 848 quidem
1133 780 1225 833 illa
1264 780 1490 845 notitia,
1526 797 1687 851 quam
1722 786 1875 854 prius
1907 784 2100 841 all‘ere-

499 858 650 930 ~bas,
699 866 977 922 confutata
1023 878 1106 924 est
1147 888 1160 924 :
1211 870 1308 925 tibi
1358 886 1489 926 vero
1538 874 1617 927 sic
1669 876 1833 930 etiam
1880 892 2100 947 respon-

534 951 675 1010 d'ebo
711 976 724 1009 τ
758 956 921 1012 Aliud
963 967 1046 1014 est
1081 960 1414 1032 bypostasis,
1443 973 1497 1018 et
1542 965 1688 1020 aliud
1730 967 1906 1022 deitas
1939 986 1954 1024 :
1988 985 2096 1024 non

527 1052 586 1099 ut
617 1046 723 1101 alia
771 1059 824 1103 et
873 1048 980 1103 alia
1016 1066 1105 1105 res
1144 1068 1158 1116 ;
1202 1053 1299 1107 sed
1337 1056 1481 1124 quod
1520 1057 1832 1127 hypostasis
1873 1061 2096 1129 quidem

494 1120 495 1123 η
525 1136 696 1200 aliud,
745 1138 892 1192 aliud
939 1155 1066 1195 vero
1097 1140 1271 1197 deitas
1301 1120 1753 1215 signiﬁcet-simini
1790 1120 2095 1219 hyphstasis

523 1226 586 1281 τὸ
620 1223 781 1293 εἶναι,
820 1230 875 1285 id
919 1242 1024 1292 est.
1061 1252 1079 1285 ι
1120 1249 1263 1303 esse,
1304 1255 1322 1288 ι
1356 1236 1530 1293 deitas
1577 1246 1723 1303 Vero,
1757 1241 1818 1294 τὸ
1851 1242 1905 1294 τὶ
1932 1239 2092 1308 εἶναι,

525 1317 581 1372 id
607 1326 711 1383 est,
733 1338 750 1370 ι
783 1321 1039 1392 quiddam
1067 1340 1208 1391 esse,
1248 1346 1267 1378 ι
1292 1327 1585 1398 signiﬁcat.
1611 1335 1801 1388 Anam.
1827 1332 1940 1388 lloc
1966 1351 2095 1391 vero

506 1410 837 1489 pcujusmodi
886 1416 1004 1472 est?
1046 1415 1199 1472 Orth.
1236 1418 1305 1473 Ut
1349 1430 1475 1475 sunt
1524 1421 1693 1490 Petri,
1733 1432 1787 1480 et
1827 1423 2001 1491 Pauli,
2041 1434 2097 1482 et

522 1501 796 1559 Timothei
868 1514 980 1563 tres
1046 1506 1409 1578 hypostases,
1463 1520 1518 1567 et
1587 1529 1696 1568 una
1758 1516 2092 1574 humanitas.

523 1597 715 1651 Anam.
749 1595 890 1667 Ergo
934 1609 1046 1655 tres
1086 1610 1213 1657 sunt
1258 1602 1354 1656 dii.
1394 1602 1546 1663 Orth.
1588 1606 1744 1662 Absit
1787 1615 1844 1663 ut
1876 1608 1976 1663 hoc
2009 1608 2095 1663 di-

522 1683 679 1737 cam!
731 1684 923 1741 Anam.
977 1687 1033 1742 Si
1088 1690 1160 1745 ita
1199 1700 1330 1747 sunt
1376 1693 1718 1765 hypostases,
1752 1705 1810 1751 ut
1852 1696 1995 1753 Petri
2038 1708 2093 1754 et

499 1760 677 1827 'Pauli
700 1816 715 1840 ,
748 1783 801 1829 et
833 1774 1140 1842 Timothei,
1172 1789 1285 1838 tres
1317 1760 1559 1839 sunt-dii
1597 1804 1610 1840 :
1654 1786 2091 1859 quandoquidem

522 1863 739 1932 Petrus,
773 1880 826 1923 et
861 1868 1083 1934 Paulus,
1118 1880 1172 1929 et
1201 1873 1541 1940 Timotheus,
1584 1887 1694 1934 tres
1745 1887 1872 1935 sunt
1913 1880 2090 1935 homi-
2120 1868 2163 1923 Β

523 1972 644 2012 nes.
680 1957 831 2014 Orth.
858 1959 937 2018 Ne
978 1963 1033 2017 hi
1082 1965 1302 2035 quidem
1334 1974 1467 2022 sunt
1495 1966 1659 2041 5.09
1690 1979 1799 2026 tres
1821 1986 1885 2027 ex
1917 1973 2093 2029 sacris

523 2043 761 2104 Litteris.
798 2070 816 2102 ι
852 2049 985 2107 Nam
1021 2054 1076 2109 in
1106 2053 1324 2112 Christo
1355 2056 1482 2113 Jesu
1526 2076 1633 2115 non
1664 2069 1747 2117 est
1790 2064 2087 2129 masculus,

522 2155 701 2211 neque
734 2141 957 2207 femina,
986 2160 1095 2199 non
1125 2156 1211 2203 est
1245 2147 1469 2206 Graecus
1507 2159 1561 2206 et
1588 2150 1827 2220 Iudaeus,
1864 2172 1973 2211 non
2007 2165 2091 2214 est

522 2247 715 2290 servus
765 2243 819 2290 et
876 2236 1035 2303 liber,
1082 2239 1179 2294 sed
1217 2256 1407 2298 omnes
1448 2245 1505 2297 in
1547 2243 1766 2301 Christo
1803 2263 1968 2301 unum
2004 2264 2091 2303 su-

490 2338 643 2397 gmus
679 2324 747 2380 ".
802 2344 822 2377 ι
861 2327 1052 2383 Anam.
1092 2330 1289 2385 Annon
1340 2332 1505 2403 igitur
1550 2342 1661 2391 trcs
1708 2345 1835 2391 sunt
1870 2337 2086 2406 Petrus,

522 2415 746 2478 Paulus,
801 2429 855 2474 et
903 2422 1263 2479 Timotheus?
1294 2423 1447 2481 Orlh.
1493 2426 1629 2483 Tres
1670 2431 1890 2499 quidem
1936 2442 2087 2500 sunt,

521 2515 577 2561 at
605 2524 711 2563 non
743 2516 854 2565 tres
894 2511 1163 2569 homines.
1196 2516 1387 2571 Anam.
1418 2515 1737 2582 Quomodo?
1763 2518 1914 2575 Orth.
1949 2521 2089 2589 Quia

522 2610 653 2656 tunc
683 2610 797 2659 tres
843 2614 972 2661 sunt
1016 2608 1286 2673 homines,
1315 2626 1438 2664 cum
1463 2611 1730 2668 dissimile
1762 2630 1857 2670 cor
1883 2616 2086 2674 habue-

521 2693 652 2757 rint,
698 2703 756 2748 ut
805 2695 1025 2753 Craacus
1063 2710 1117 2755 et
1163 2699 1407 2765 Iudaeus,
1443 2709 1497 2757 et
1539 2703 1888 2762 Christianus
1938 2723 1952 2759 :
1999 2708 2083 2763 sin

519 2801 650 2841 vero
679 2788 820 2842 idem
852 2790 1056 2854 dicant,
1098 2810 1198 2849 nec
1240 2797 1351 2851 sint
1384 2796 1523 2851 inter
1556 2813 1651 2852 eos
1681 2798 1929 2865 dissidia,
1973 2809 2087 2857 tres

519 2875 739 2945 quidem
762 2878 1103 2950 bypostases,
1130 2885 1221 2939 sed
1257 2902 1399 2941 unus
1428 2886 1483 2940 in
1508 2886 1756 2952 Domino,
1784 2890 1876 2959 qui
1919 2907 2083 2946 unum

519 2966 761 3020 animum
808 2977 861 3024 et
903 2986 1068 3025 unum
1124 2990 1222 3027 cor
1267 2975 1501 3029 habeant
1545 2995 1559 3030 :
1606 2984 1662 3032 et
1705 2985 1819 3034 tres
1863 2980 2083 3048 quidem

522 3066 652 3112 sunt
682 3075 933 3125 numero,
965 3070 1019 3117 at
1054 3081 1162 3118 non
1195 3067 1339 3135 quod
1369 3068 1637 3123 diversam
1669 3071 1810 3125 inter
1836 3087 1894 3125 se
1924 3081 2082 3126 natu-

518 3164 635 3202 ram
672 3151 753 3203 vel
793 3152 1066 3207 diversum
1112 3171 1207 3210 cor
1251 3157 1505 3213 habeant.
1559 3160 1748 3214 Anam.
1800 3162 1912 3232 Ego
1960 3178 2076 3226 eos,

517 3240 615 3308 qui
646 3248 758 3298 tres
779 3252 927 3307 sunt,
956 3252 1069 3301 tres
1102 3263 1224 3303 esse
1248 3249 1390 3305 dico.
1423 3250 1575 3306 Orth.
1606 3252 1674 3307 At
1697 3269 1795 3320 ego
1826 3261 1936 3309 tres
1958 3270 2080 3311 esse

516 3329 660 3391 dico,
694 3331 740 3386 si
773 3333 914 3389 inter
956 3351 1015 3391 se
1052 3336 1410 3393 dissenserint
1448 3355 1461 3392 :
1505 3342 1650 3411 quod
1688 3344 1732 3398 si
1778 3343 2076 3401 secundum

518 3436 730 3476 sacram
772 3423 1107 3496 Scripturam
1149 3429 1373 3498 perfecti
1417 3430 1616 3487 fuerint
1662 3436 1851 3492 eadem
1898 3450 2078 3497 mente

512 3520 569 3566 et
616 3516 904 3581 sententia,
959 3534 1123 3574 unum
1171 3535 1299 3578 esse
1346 3538 1547 3579 novum
1601 3525 1875 3584 hominem
1928 3529 2072 3597 dico,

511 3607 861 3664 manentibus
903 3619 1082 3666 tamen
1128 3610 1537 3685 bypostasibus.
1578 3617 1768 3673 Anam.
1817 3618 1924 3677 Sed
1960 3623 2076 3679 haec

510 3692 579 3749 de
613 3696 925 3756 hominibus
970 3701 1232 3759 dicuntur
1273 3720 1289 3759 :
1323 3706 1380 3762 in
1412 3707 1521 3765 Deo
1547 3724 1679 3766 vero
1709 3711 1869 3768 aliter
1900 3728 1959 3770 se
1987 3731 2076 3772 res

510 3786 691 3844 habet.
724 3788 876 3847 Orth.
921 3790 977 3848 Si
1024 3794 1080 3850 in
1122 3795 1190 3852 iis
1237 3813 1359 3869 quae
1406 3803 1763 3871 corporaliter
1821 3813 2072 3875 separata

509 3886 660 3942 sunt,
701 3882 864 3937 modo
908 3885 1072 3941 animi
1115 3891 1385 3945 sententia
1425 3906 1533 3945 non
1565 3892 1886 3972 dissideant,
1909 3896 2073 3952 habet

511 3965 791 4039 Scriptura
832 3990 990 4039 unus,
1030 3984 1084 4032 et
1125 3995 1307 4042 unum,
1361 3982 1532 4037 multo
1575 3965 1748 4055 magis
1784 3986 1838 4040 id
1885 3987 2072 4042 dicen-

508 4057 637 4112 dum
674 4069 760 4116 est
811 4064 868 4118 in
910 4066 978 4122 iis
1022 4084 1145 4138 qua:
1191 4071 1416 4126 materia
1477 4081 1531 4128 et
1569 4090 1800 4146 corpore
1859 4088 2065 4135 carent.

2200 609 2349 659 ἐστιν
2373 604 2537 659 αὐτοῦ
2577 606 2615 677 ἡ
2642 605 2817 670 οὐσία,
2853 606 2881 658 ὃ
2913 602 3340 674 κατειλήφαμεν.
3388 604 3590 672 ’Ardp.
3629 604 3759 658 Μίαν

2199 697 2378 767 λέγεις
2404 697 2651 769 θεότητα,
2675 698 2769 750 καὶ
2791 700 2939 769 τρεῖς
2965 696 3319 761 ὑποστάσεις;
3350 698 3515 764 Ὅροι
3539 696 3757 752 Δέλυται

2202 790 2300 860 μέν
2333 806 2425 843 σου
2466 791 2501 861 ἡ
2543 789 2804 860 πρότερον
2848 786 3068 856 γνῶσις.
3118 784 3543 858 Ἀποκρινοῦμαι
3587 785 3644 839 δέ
3685 803 3758 840 σοι

2198 883 2291 935 καὶ
2315 880 2486 944 οὕτως
2505 898 2520 911 ’
2558 880 2719 933 ’Άλλο
2752 880 2897 932 ἐστὶν
2925 880 3241 942 ὑπόστασις,
3273 879 3366 933 καὶ
3386 877 3516 935 ἄλλο
3547 877 3754 949 θεότηςο

2197 972 2294 1043 οὐχ
2325 973 2400 1035 ὼς
2435 970 2562 1025 ἄλλο
2589 973 2819 1044 πρᾶγμα
2856 972 2950 1025 καὶ
2993 970 3138 1027 ἄλλο.
3169 970 3290 1024 ἀλλ’
3317 970 3392 1033 ὡς
3418 970 3549 1027 ἄλλο
3590 989 3642 1023 τι
3670 988 3754 1040 σηι-

2200 1062 2494 1134 μαινοὺσης
2525 1063 2626 1132 τῆς
2667 1062 3035 1125 ὑποστάσεως,
3065 1064 3157 1116 καὶ
3190 1062 3317 1115 ἄλλο
3347 1065 3448 1132 τῆς
3493 1060 3751 1133 θεότητος.

2208 1156 2271 1207 Ἦ
2308 1155 2405 1225 μὲν
2443 1155 2549 1226 γὰρ
2597 1155 2890 1218 ὑπόστασις
2926 1173 2945 1206 ι
2981 1155 3041 1207 τδ
3086 1152 3225 1207 εἶναι
3252 1174 3275 1206 ι
3324 1153 3608 1226 σημαίνειο
3642 1157 3674 1225 ἡ
3703 1154 3755 1209 δὲ

2196 1241 2382 1315 θεότης
2414 1264 2432 1294 ι
2459 1245 2518 1297 τὸ
2543 1245 2596 1298 τί
2616 1240 2775 1301 εἶναι.
2807 1264 2825 1297 ι
2854 1247 3055 1315 Ἀνόμ.
3081 1240 3224 1308 Οἴον,
3256 1245 3331 1308 ὡς
3362 1245 3415 1297 τί
3440 1261 3455 1309 ;
3492 1245 3648 1313 Ὀρθ.
3677 1246 3751 1310 Ὠς

2195 1335 2425 1407 Πέτρου,
2462 1336 2556 1389 καὶ
2598 1336 2833 1400 Παύλου,
2883 1337 2979 1390 καὶ
3022 1336 3286 1406 Τιμοθέου
3334 1338 3484 1407 τρεῖς
3523 1336 3750 1389 ὑποστά·

2196 1444 2327 1490 σεις,
2354 1429 2446 1480 καὶ
2475 1429 2571 1499 μία
2596 1429 2965 1500 ἀνθρωπότης.
2990 1428 3189 1498 Ἀνόμ.
3217 1427 3426 1481 Οὐκοῦν
3452 1430 3603 1498 τρεῖς
3629 1426 3749 1493 θεοῖς

2207 1520 2352 1587 Ὀρθ.
2385 1520 2477 1593 Μὴ
2505 1521 2712 1589 γένοιτο
2740 1522 2943 1575 είπεῖνί
2986 1522 3183 1590 Ἀνόμ.
3217 1522 3280 1574 Ei
3320 1520 3495 1585 οὕτως
3528 1524 3665 1576 εἰσὶν
3702 1524 3749 1577 al

2193 1612 2516 1677 ὑποστάσεις
2546 1614 2621 1677 ὼς
2664 1614 2893 1686 Πέτρου,
2938 1616 3031 1668 καὶ
3074 1614 3313 1676 Παύλου,
3348 1614 3445 1668 καὶ
3474 1613 3751 1685 Τιμοθέου,

2190 1708 2337 1776 τρεῖς
2364 1705 2506 1759 θεοί·
2540 1709 2689 1778 τρεῖς
2720 1706 2829 1778 γάρ
2874 1706 3166 1776 ἄνθρωποι,
3200 1706 3429 1776 Πέτρος,
3470 1707 3567 1760 καὶ
3613 1706 3752 1760 Παῦε

2190 1794 2301 1860 λος,
2337 1799 2431 1851 καὶ
2475 1796 2753 1869 Τιμόθεος.
2786 1798 2931 1868 Ὀρθ.
2986 1798 3142 1852 Κατὰ
3187 1798 3286 1861 τὰς
3317 1797 3470 1862 Θείας
3517 1799 3749 1870 Γραφὰς,

2190 1887 2371 1942 οὐκέτι
2412 1889 2530 1944 οὐδὲ
2582 1891 2735 1945 αὐτοὶ
2777 1894 2926 1962 τρεῖς
2957 1890 3251 1962 ἄνθρωποι.
3285 1909 3308 1942 ι
3352 1892 3442 1944 Ἐν
3484 1892 3598 1963 γὰρ
3629 1893 3750 1963 Χρι-

2192 1979 2301 2051 στῷ
2340 1980 2514 2053 Ἰησοῦ
2546 1982 2645 2035 οὐκ
2671 1981 2749 2036 ἔνι
2788 1983 2951 2053 ἄρσεν
2991 1983 3086 2036 καὶ
3127 1983 3278 2055 θῆλυ,
3323 1984 3425 2038 οὑκ
3457 1984 3538 2038 Evt
3566 1984 3751 2057 Ἕλλην

2190 2073 2285 2125 καὶ
2321 2072 2589 2138 Ἰουδαῖος,
2631 2075 2730 2128 οὑκ
2762 2074 2840 2128 ενι
2866 2073 3049 2138 δοῦλος
3079 2076 3173 2129 καὶ⁵
3206 2074 3492 2147 ἐλεύθερος
3516 2091 3530 2105 ·
3565 2076 3676 2130 ἀλλ’
3707 2078 3758 2131 oi.

2190 2164 2387 2228 πάντες
2435 2167 2491 2218 ὲν
2528 2164 2748 2237 Χριστῷ
2787 2166 2846 2219 ἓν
2885 2167 3070 2234 ἐσμεν.
3122 2185 3140 2217 ι
3184 2167 3381 2235 Ἀνόμ.
3422 2168 3623 2221 Οὐκέτι
3667 2164 3757 2222 οὖν

2188 2258 2296 2310 εἱσι
2323 2260 2490 2329 τρεῖς,
2526 2258 2750 2329 Πέτρος,
2780 2258 2871 2310 καὶ
2900 2256 3129 2320 Παῦλος,
3158 2259 3252 2311 καὶ
3276 2259 3319 2309 Τ
3326 2258 3571 2327 ιμόθεος;
3608 2260 3749 2328 Ὀρθ.

2187 2346 2348 2417 Τρεῖς
2393 2347 2491 2416 μέν
2532 2348 2667 2400 είσιν
2691 2386 2705 2410 ,
2752 2345 2866 2399 ἀλλ’
2906 2348 2968 2400 οὑ
3015 2349 3163 2417 τρεῖς
3206 2345 3506 2419 ἄνθρωποι.
3561 2349 3748 2419 Ἀνόμ.

2185 2438 2342 2504 Πῶς;
2371 2440 2523 2506 Ὄρθ.
2550 2439 2670 2493 Ὀτι
2699 2443 2845 2512 τρεῖς
2867 2442 3001 2492 εἰσιν
3027 2440 3319 2511 ἄνθρωποι,
3348 2442 3477 2493 ὅταν
3503 2441 3751 2512 ἀνομοίαν

2186 2529 2349 2600 ἔχωσι
2393 2531 2499 2602 τὴν
2540 2532 2784 2602 καρδίαν,
2831 2530 2906 2595 ὡς
2942 2530 3160 2603 Ἕλλην,
3202 2532 3295 2585 καὶ
3346 2532 3620 2597 Ἰουδαῖος,
3666 2537 3750 2587 καὶ

2184 2622 2503 2692 Χριστιανός
2522 2639 2535 2653 ο
2566 2624 2693 2676 ὃταν
2722 2622 2778 2675 δὲ
2804 2622 2866 2675 τὸ
2890 2623 3017 2677 αὐτὸ
3040 2621 3259 2691 λέγωσι,
3298 2623 3393 2676 καὶ
3423 2624 3498 2694 μὴ
3525 2624 3671 2678 ἔστιν
3697 2627 3748 2678 ἐν

2184 2714 2366 2777 αὐτοῖς
2398 2715 2689 2785 σχίσματα,
2720 2718 2866 2786 τρεῖς
2902 2715 2999 2786 μέν
3042 2716 3177 2767 εἰσιν
3214 2716 3564 2782 ὑποστάσεις,
3596 2713 3675 2780 εἷς
3695 2718 3747 2770 δὲ

2183 2807 2241 2858 ὲν
2280 2807 2488 2878 Κυρίῳ,
2535 2808 2665 2879 μίαν
2706 2807 2881 2878 ψυχὴν
2916 2807 3128 2878 ἔχοντες
3174 2808 3267 2861 καὶ
3311 2808 3442 2878 μίαν
3491 2809 3753 2880 καρδίαν*

2183 2896 2275 2949 καὶ
2303 2901 2450 2967 τρεῖς
2494 2898 2595 2968 μέν
2627 2900 2762 2951 εἰσιν
2792 2897 3028 2969 ἀριθμῷ,
3060 2898 3174 2951 ἀλλ’
3203 2898 3299 2968 οὑχ
3340 2899 3617 2969 ἑτερότητι
3657 2900 3749 2969 φύ-

2184 3001 2319 3049 σεως
2345 2986 2376 3056 ἢ
2406 2987 2651 3058 καρδίας.
2690 2989 2885 3057 Ἀνόμ.
2921 2988 3060 3056 Ἐγὼ
3084 2990 3209 3051 τοὺς
3234 2991 3385 3060 τρεῖς
3408 2993 3559 3060 τρεῖς
3590 2991 3751 3059 λέγω.

2194 3076 2346 3144 Ὀρθ.
2382 3080 2524 3148 Ἐγὼ
2543 3079 2599 3132 δὲ
2630 3083 2779 3151 τρεῖς
2803 3080 2968 3149 λέγω,
2994 3080 3120 3133 ὅταν
3210 3082 3266 3133 ὲν
3296 3081 3482 3144 αὐτοῖς
3512 3082 3744 3153 σχίσμα·

2181 3168 2275 3222 ἐὰν
2299 3169 2354 3223 δὲ
2383 3170 2523 3224 κατὰ
2549 3171 2649 3236 τὰς
2677 3171 2835 3239 ἁγίας
2856 3171 3072 3241 Γραφάς
3097 3170 3359 3238 γένωνται
3387 3174 3750 3243 κατηρτισμέρ

2185 3276 2265 3312 vat
2294 3260 2352 3312 ὲν
2381 3260 2459 3332 τῷ
2482 3260 2629 3331 αὑτῷ
2654 3259 2755 3323 νοῒ,
2786 3262 2879 3314 καὶ
2904 3261 2963 3312 ὲν
2983 3264 3048 3331 τῇ
3076 3262 3214 3332 αὑτῇ
3244 3260 3461 3332 γνώμῃ,
3484 3263 3585 3317 ’ένα
3611 3262 3748 3332 λέγω

2183 3350 2367 3404 καινὸν
2393 3351 2697 3425 ἄνθρωπον,
2735 3352 2875 3423 μετὰ
2911 3353 3007 3407 τοῦ
3053 3354 3232 3425 μένειν
3265 3355 3365 3418 τὰς
3402 3357 3742 3422 ὑποστάσεις.

2195 3440 2389 3511 Ἀνόμ.
2429 3443 2588 3497 Ἀλλὰ
2623 3444 2797 3499 ταῦτα
2826 3445 2919 3499 ἐπὶ
2953 3444 3254 3518 ἀνθρώπων
3280 3447 3530 3517 εἴρηται·
3574 3451 3669 3504 ἐπὶ
3692 3450 3747 3505 δὲ

2180 3531 2317 3585 Θεοῦ
2350 3533 2541 3599 ἄλλως.
2589 3537 2740 3604 ὀρθ.
2778 3537 2841 3589 Εἰ
2870 3536 2963 3590 ἐπὶ
2998 3537 3106 3591 τῶν
3134 3538 3481 3613 διῃρημένων
3512 3559 3746 3613 σωματι-

2180 3625 2314 3689 κῶς,
2345 3626 2473 3682 ὅταν
2516 3624 2647 3703 μὴῇ
2680 3628 2884 3701 σχίσμα
2931 3628 3189 3695 διανοίας,
3220 3631 3282 3684 τὸ
3326 3626 3407 3696 εἷς
3455 3632 3554 3686 καὶ
3588 3633 3650 3687 τὸ
3689 3633 3745 3687 ἓν

2179 3719 2352 3771 κεῖται
2377 3720 2436 3773 ὲν
2461 3721 2527 3791 τῇ
2557 3723 2764 3792 γραφῇ,
2798 3719 2977 3792 πολλῷ
3003 3721 3162 3777 πλέον
3192 3722 3284 3776 ἐπὶ
3307 3723 3417 3799 τῷν
3446 3723 3629 3779 eam.
3656 3726 3745 3780 καὶ

2176 3808 2285 3863 τῶν
2313 3810 2635 3884 ἀσωμάτων.
2666 3813 2736 3867 Ἦ
2766 3813 2946 3867 τοίνυν
2975 3810 3061 3878 δὸς
3090 3816 3206 3869 ἐκεῖ
3231 3815 3528 3886 σχίσματα,
3558 3816 3646 3870 ἵνα
3671 3817 3745 3871 εῖ-

2176 3919 2366 3973 πωμεν
2408 3907 2556 3975 τρεῖς
2597 3904 2783 3969 θεοὺς,
2809 3906 2904 3959 τοῦ
2950 3906 3050 3977 μὲν
3088 3907 3205 3961 τόδε
3254 3906 3517 3973 θέλοντος,
3562 3909 3655 3963 τοῦ
3687 3908 3741 3964 δὲ

2175 3993 2290 4047 τόδε
2314 4010 2330 4025 ο
2363 3994 2419 4067 ἢ,
2450 3997 2497 4048 εί
2534 3996 2644 4067 (44)
2695 3997 2794 4050 οὐκ
2830 3996 2908 4049 ἔνι
2958 3998 3177 4069 σχίσμα,
3224 3992 3307 4062 εἷς
3350 3998 3486 4063 Θεὸς
3536 3999 3738 4070 Πατὴρ,

2174 4085 2267 4138 καὶ
2300 4084 2447 4152 Υἱὸς,
2477 4088 2571 4140 καὶ
2603 4088 2754 4155 ἅγιον
2789 4087 3033 4159 Πνεῦμα,
3062 4088 3138 4152 ὡς
3169 4083 3249 4151 εἷς
3282 4088 3570 4161 ἄνθρωπος
3608 4090 3656 4142 oi
3685 4092 3739 4142 ἐν

507 4148 618 4202 Aut
656 4150 821 4220 igitur
871 4155 926 4210 in
973 4157 1096 4213 istis
1144 4163 1333 4229 ponito
1382 4179 1505 4220 esse
1549 4165 1796 4235 dissidia,
1854 4177 1912 4224 ut
1955 4179 2066 4228 tres

2186 4177 2390 4250 Χριστῷ
2409 4148 2859 4250 κατηρτισμένοι,
2889 4148 3069 4244 καθὼς
3095 4148 3421 4251 γέγραπται.

506 4240 639 4297 deos
667 4243 935 4314 dicamus,
968 4253 1224 4319 quoniam
1289 4273 1433 4313 unus
1492 4260 1661 4324 ιειιιιί,
1730 4263 1872 4319 alius
1904 4266 2038 4321 illud
2073 4271 2202 4324 velit
2225 4240 2250 4324 ἐ
2303 4281 2396 4327 aut
2446 4273 2492 4329 si
2553 4275 2701 4329 nulla
2752 4281 2835 4330 est
2894 4277 2948 4329 in
2994 4275 3062 4331 iis
3139 4276 3434 4338 dissensio,
3487 4292 3632 4331 unus
3670 4277 3738 4329 sic

507 4332 651 4392 Deus
673 4334 853 4405 Pater,
898 4350 951 4397 et
988 4342 1178 4412 Filius,
1228 4356 1282 4405 et
1329 4348 1565 4423 Spiritus
1622 4364 1845 4415 sanctus
1892 4375 1907 4411 :
1958 4366 2418 4432 quemadmodum
2442 4369 2614 4439 quiin
2648 4370 2869 4427 Christo
2892 4379 3019 4426 sunt
3075 4371 3324 4441 perfecti,
3385 4388 3531 4428 unus
3580 4372 3735 4427 homo

505 4437 655 4494 sunt,
688 4433 828 4489 sicut
859 4439 1119 4508 scriptum
1150 4452 1255 4498 est.
2457 4433 2473 4439 ’
3075 4433 3092 4441 ’
3310 4433 3320 4439 ’
3636 4482 3639 4485 »

575 4525 935 4588 5.Αηοηιωιιε.
976 4532 1135 4590 Nulla
1156 4545 1240 4593 est
1266 4539 1431 4609 igitur
1451 4541 1752 4601 diﬂ‘erentia
1786 4548 1985 4616 Patris,
2016 4558 2070 4607 et

2240 4554 2626 4624 5.Ἀνόμειος.
2664 4556 2775 4609 Οὐκ
2818 4555 2961 4609 ἐστιν
2993 4552 3085 4609 οῦν
3109 4555 3339 4627 διαφορὰ
3375 4559 3611 4631 Πατρὸς,
3646 4563 3733 4616 καὶ

502 4614 647 4683 Filii,
680 4627 733 4675 et
774 4620 1009 4692 Spiritus
1039 4631 1264 4684 sancti?
1316 4632 1469 4688 Orth.
1510 4635 1665 4692 Nulla
1714 4656 1846 4698 sane
1890 4614 2065 4716 neque

2186 4646 2324 4710 Γὶοῦ,
2355 4614 2453 4701 καί
2481 4614 2637 4716 ἁγίου
2666 4649 3008 4720 Πνεύματος;
3038 4649 3191 4717 Ὀρθ,
3210 4614 3320 4703 ’Ἰθέν
3350 4655 3416 4722 τῇ
3454 4614 3614 4722 φὸσὲξ
3638 4655 3729 4708 οὔ·

504 4708 558 4762 in
599 4721 813 4777 natura,
853 4731 1029 4786 neque
1074 4720 1130 4774 in
1181 4724 1476 4796 voluntate,
1518 4730 1614 4785 sed
1654 4732 1707 4786 in
1745 4749 1811 4789 eo
1860 4708 2061 4808 aliqua,

2186 4746 2228 4791 ιν
2248 4708 2326 4808 τῷ
2349 4708 2609 4810 θελήματι
2633 4739 2692 4793 οὗ
2716 4757 2729 4766 ·
2759 4708 2825 4793 ἐν’
2856 4741 2934 4811 τῷ
2958 4708 3150 4810 ᾖννᾷν
3172 4742 3266 4794 καὶ
3293 4708 3606 4810 γεννᾶσθαι,
3642 4746 3731 4798 καὶ

502 4801 647 4870 quod
683 4803 903 4873 gignere
930 4817 983 4863 et
1009 4810 1180 4882 gigni,
1211 4817 1462 4874 emittere
1493 4834 1547 4875 et
1574 4826 1885 4893 procedere,
1927 4801 2057 4883 inter

2186 4801 2614 4901 ικπέ’μπειν’(45)
2658 4830 2750 4883 καὶ
2801 4801 3207 4902 ἐκπορεύεσθαι,
3264 4801 3372 4885 ναί.
3427 4801 3625 4903 Ἀνόρι.
3667 4835 3729 4887 Τί

503 4909 564 4948 se
591 4893 857 4955 diﬂ'erant.
898 4903 1088 4959 Anam.
1122 4904 1261 4973 Quid
1294 4919 1377 4966 est
1407 4914 1626 4986 gignere
1647 4926 1699 4973 et
1720 4919 2066 4990 gigni,emil-

2186 4939 2282 4974 ιστι
2309 4893 2522 4992 *γεννᾷν
2552 4893 2644 4975 καὶ
2671 4893 2979 4991 γεννᾶσθαι,
3014 4922 3106 4975 καὶ
3153 4923 3459 4994 ἐκπέμπειν
3500 4893 3592 4979 καὶ
3638 4926 3727 4978 ὲκ-

503 4994 618 5042 tere
666 4998 718 5044 et
763 4995 1096 5061 procedere?
1147 4998 1297 5058 Orth.
1341 5001 1463 5060 llaec
1502 5007 1573 5061 ita
1619 5009 1895 5078 dicuntur,
1937 5016 2065 5085 quia

2186 5012 2527 5083 τορεύεσθαις
2551 5015 2705 5082 Ὀρθ.
2725 5014 2846 5066 Ὀτι
2866 5015 2894 5066 ὁ
2916 5014 3012 5083 μὲν
3036 5013 3227 5084 Πατὴρ
3250 5016 3436 5086 γεννᾷ,
3460 5014 3728 5068 τουτέστιν

503 5075 662 5133 Pater
711 5082 929 5152 quidem
977 5088 1169 5159 gignit.
1211 5092 1265 5146 id
1312 5101 1415 5161 est,
1459 5098 1692 5166 genuit:
1726 5075 1895 5159 Filius
1936 5075 2062 5157 vero

508 5169 763 5240 gignitur,
805 5176 857 5230 id
896 5187 1000 5245 est,
1044 5183 1259 5251 genitus
1296 5193 1379 5241 est
1413 5206 1426 5242 :
1468 5199 1523 5244 et
1557 5191 1683 5260 quia
1736 5192 1850 5262 ipse
1901 5192 2060 5250 Pater

507 5264 698 5319 emittit
737 5265 1019 5338 Spiritum,
1077 5273 1131 5328 id
1188 5284 1272 5332 est
1325 5280 1525 5336 emisit.
1586 5284 1822 5353 Spiritus
1879 5295 2059 5341 autem

506 5355 745 5422 procedit
767 5360 834 5425 ",
867 5361 922 5416 id
954 5370 1058 5431 est,
1093 5369 1377 5436 processit.
1434 5371 1625 5428 Anam.
1660 5374 1932 5443 Procedit,
1978 5378 2063 5431 in-

504 5443 643 5511 quit,
689 5462 817 5504 num
845 5466 975 5508 vero
1025 5456 1187 5511 etiam
1220 5463 1526 5529 processit?
1572 5464 1722 5520 Orlh.
1774 5466 1959 5524 Itidem
1994 5468 2061 5523 de

574 5598 621 5630 ⁸·
653 5597 827 5658 Calat.
861 5619 940 5671 ιιι,
968 5605 1059 5663 28.
1133 5612 1181 5643 "
1215 5611 1371 5670 Joan.
1408 5633 1495 5682 xv,
1523 5618 1611 5672 26.

577 5751 688 5823 (44)
718 5754 776 5809 Et
798 5756 950 5815 abest
977 5777 1007 5816 a
1035 5762 1296 5821 Palatino.

2169 5104 2481 5174 ἐγέννησεν·
2511 5106 2538 5157 ὁ
2564 5103 2621 5156 δὲ
2660 5103 2786 5166 re;
2812 5104 3083 5172 γεννᾶται,
3110 5105 3357 5157 τουτέστι
3380 5106 3723 5176 γεγέννηται·

2163 5195 2259 5249 καὶ⁸
2277 5195 2358 5247 ὅτι
2385 5194 2544 5258 αὐτὸς
2567 5196 2596 5247 ὁ
2622 5194 2807 5267 Πατὴρ
2832 5194 3104 5265 ἐκπέμπει
3129 5195 3191 5247 τὸ
3217 5195 3440 5267 Πνεῦμα
3462 5197 3729 5250 τουτέστιν

2167 5286 2581 5356 ἐξέπεμψε.Καὶ
2593 5288 2653 5340 τὸ
2680 5286 2901 5357 Πνεῦμα
2936 5285 3311 5357 ἐκπορεύεται,
3330 5287 3626 5351 τουτέστιν,
3640 5289 3725 5339 ὲκ-

2168 5378 2512 5449 πεπόρευται,
2542 5378 2740 5447 Ἀνόμ.
2773 5377 3181 5449 Ἐκπορεύεται,
3208 5378 3360 5431 εἷπε·
3389 5377 3463 5450 μὴ
3500 5378 3608 5449 γάρ
3639 5377 3729 5431 καὶ

2169 5470 2567 5539 ὲκπεπόρευται
2588 5472 2770 5538 ;‘Up0.
2791 5471 2901 5523 Καὶ
2923 5469 3049 5540 περὶ
3066 5468 3163 5522 τοῦ
3185 5469 3337 5534 Υίοῦ,
3360 5488 3380 5521 ι
3408 5470 3576 5539 Γεννᾷ
3602 5484 3720 5538 μεθ

2241 5774 2351 5844 (43)
2384 5776 2491 5829 Καὶ
2519 5775 2841 5846 ἐκπέμπειν,
2871 5775 3021 5831 abest
3052 5792 3079 5827 ιι
3118 5772 3393 5832 Palatino.
