3982 6398
231 265 360 321 ιιει
1202 263 1292 324 DE
1333 268 1600 327 sanam
1640 273 2012 333 TRINI‘I’ATE
2050 278 2396 340 MALOGUS
2436 285 2476 341 ι.
3324 300 3462 358 ιιεε

219 383 425 453 εἴρηκε.
466 400 485 434 ι
510 380 662 454 Πρὸ»
693 383 802 454 γὰρ
851 398 871 434 ι
921 383 1136 438 πάντων
1188 385 1390 456 βουνῶν
1434 394 1599 465 γεννᾷ
1638 412 1725 464 με,

1848 412 1866 465 ι
1894 396 2030 461 Filio
2059 400 2195 455 dixit
2232 421 2252 454 ι
2278 402 2458 475 Gignit
2490 419 2577 458 me
2605 424 2620 460 :
2655 425 2675 458 ι
2704 407 2781 462 ait
2807 409 2952 464 enim
2978 429 2992 465 :
3032 429 3053 463 ι
3098 412 3240 470 Ante
3270 431 3461 477 omnes

215 464 386 526 εἶπεν.
427 472 637 543 Ὠσπερ
666 469 758 527 οὖν
784 472 877 526 ἐπὶ
898 473 989 527 τοῦ
1015 474 1144 528 Υιοῦ
1175 476 1236 529 rb
1265 479 1446 548 γεννᾷ
1483 464 1583 546 με,
1606 484 1744 551 Ἐγέη

1891 492 2059 548 εοΙΙεε
2088 494 2260 564 gignit
2296 464 2474 551 me".
2514 516 2533 548 ι
2570 496 3039 564 Quemadmodum

213 580 365 634 νησε,
383 567 543 628 νοεῖς,
563 564 705 618 οὑτω
737 566 832 619 καὶ
858 566 949 619 ἐπὶ
975 564 1070 621 τοῦ
1087 568 1400 641 Πνεύματος
1418 572 1479 624 rb
1500 574 1744 644 έκπορεύι

1890 584 1963 639 lio
1991 601 2087 655 per
2117 587 2269 651 illud,
2302 589 2475 659 gignit
2520 606 2629 657 me,
2673 591 2952 664 intelligis,
2994 564 3191 653 Genvuit
3223 564 3351 671 me;
3382 564 3459 658 ita

208 670 321 716 ται,
358 655 777 727 ὲκπεπόρευται,
803 654 994 729 νόησον
1011 674 1028 690 ο
1055 658 1176 723 ἐθος
1199 662 1310 733 γάρ
1338 664 1453 716 ἐστι
1482 669 1750 737 γραφικόν
1768 683 1781 700 ⁸

205 744 281 809 ὡς
314 744 396 808 rb,
431 765 451 797 ι
472 747 531 800 '0
561 748 729 801 ποιῶν
769 749 897 814 τοὺς
925 751 1189 820 ἀγγέλους
1219 753 1384 807 αὑτοῦ
1423 757 1727 828 πνεύματα,
1759 779 1779 812 ι

206 835 501 900 τουτέστιν,
538 836 596 891 Ὀ
617 839 846 910 ποιήσας
869 858 883 872 ο
919 841 1013 895 καὶ
1051 841 1132 906 τὸ,
1155 861 1174 893 ι
1196 841 1254 895 '0
1271 842 1535 915 θεμελιιῖΝ
1559 848 1657 919 τὴν
1679 847 1783 920 γῆν

205 927 300 980 ἐπὶ
344 927 443 998 τὴν
473 929 771 997 ἀσφάλειαν
815 932 1017 1003 αὑτῆς,
1048 951 1068 985 ι
1117 933 1387 999 τουτέστι,
1423 935 1776 1008 θεμελιώσας.

203 1018 405 1089 Ἀνόμ.
438 1019 585 1092 Αὕτη
625 1021 772 1074 ἐστὶν
803 1022 837 1092 ἡ
873 1022 1139 1094 διαφοράς
1170 1025 1324 1091 Ὀρθ.
1378 1025 1547 1099 Δῦτη.
1576 1030 1774 1099 Ἀνόμ.

202 1109 314 1181 Τὴν
340 1111 399 1164 δὲ
439 1111 598 1180 φύσιν
646 1111 743 1184 τὴν
780 1113 949 1185 αὐτὴν
1000 1115 1212 1185 λέγεις;
1255 1120 1410 1185 Ὄρθ.
1449 1120 1562 1190 Τὴν
1584 1121 1773 1192 αὑτήν.

196 1200 402 1269 "Aa-dy.
456 1201 567 1255 Kal.
620 1203 738 1266 πῶς
774 1203 993 1257 δύναται
1026 1207 1058 1276 ὴ
1089 1208 1225 1278 αὑτὴ
1266 1207 1426 1276 φύσις
1470 1205 1631 1274 εἶναι,
1662 1213 1711 1264 εἰ
1746 1212 1775 1264 6

204 1291 300 1361 μὲν
326 1295 509 1364 γεννᾷ,
548 1295 577 1346 6
605 1294 661 1347 δὲ
683 1295 965 1362 γεννᾶται;
993 1297 1146 1365 Ὀρθ.
1171 1298 1337 1368 Τίθης
1354 1299 1411 1353 δὲ
1434 1299 1601 1370 ὅμως,
1636 1302 1717 1356 ὅτι
1744 1304 1773 1355 6

201 1385 297 1454 μὲν
314 1384 425 1456 (46)
450 1388 635 1458 γεννᾷ,
668 1388 698 1439 6
726 1388 781 1441 δὲ
805 1390 1061 1456 γεννᾶται
1087 1406 1102 1453 ;
1126 1392 1325 1460 ῖΑνόμ.
1351 1392 1493 1458 Nat;
1526 1395 1680 1460 Ὀρθ.
1705 1395 1770 1447 Ei

190 1473 224 1524 6
253 1473 353 1543 μὲν
367 1478 551 1547 γεννᾷ,
568 1480 596 1530 6
610 1477 666 1530 δὲ
684 1480 934 1546 γεννᾶται
954 1497 968 1510 ·
998 1482 1027 1534 6
1048 1482 1252 1549 γεννῶν
1276 1484 1340 1536 ὲκ
1355 1482 1455 1554 τῆς
1477 1483 1639 1537 αὐτοῦ
1658 1483 1766 1555 (47)

196 1564 411 1633 φύσεως
441 1569 625 1639 γεννᾷ,
658 1571 752 1623 καὶ
783 1572 812 1623 6
841 1570 1176 1643 γεννώμενος
1203 1574 1269 1626 ὲκ
1298 1574 1398 1645 τῆς
1425 1574 1514 1627 τοῦ
1537 1577 1768 1644 γεννῶν-

192 1670 283 1716 τος
306 1656 524 1725 φύσεως
555 1661 829 1726 γεννᾶται.
850 1663 1049 1731 Ἀνόμ.
1081 1663 1171 1735 Μὴ
1192 1664 1404 1732 γένοιτό
1436 1683 1526 1735 μοι
1568 1671 1760 1732 εἰπεῖν,

1887 675 2049 728 etiam
2088 677 2241 741 illud,
2271 680 2537 748 procedit,
2573 682 2758 751 accipe
2802 684 2871 738 de
2909 682 3139 755 Spiritu,
3180 705 3245 744 ac
3283 693 3331 746 si
3371 694 3459 750 di-

1885 772 2118 829 ceretur,
2157 771 2443 837 processit.
2485 770 2586 825 llic
2634 788 2778 826 enim
2837 784 2921 830 est
2989 793 3106 834 mos
3162 780 3458 855 Scriptura:

1883 866 1941 909 ut
1975 857 2127 920 illud,
2164 878 2182 908 ι
2206 858 2310 926 Qui
2331 861 2460 916 facit
2482 865 2703 934 angelos
2726 883 2855 924 suos
2879 871 3106 940 spiritus
3123 875 3188 936 ⁷⁸,
3217 893 3234 925 ι
3269 878 3319 931 id
3344 887 3453 941 est,

1881 942 1981 1009 Qui
2006 944 2135 1001 fecit
2158 966 2173 1002 :
2195 958 2249 1003 et
2274 950 2427 1013 illud,
2456 972 2473 1001 ι
2494 952 2596 1018 Qui
2612 954 2805 1013 fundas
2828 966 3027 1014 terram
3058 977 3224 1033 supra
3245 968 3455 1023 stabili-

1879 1044 2041 1091 tatem
2059 1052 2213 1093 suam
2229 1039 2296 1103 ⁷³,
2322 1060 2341 1093 ι
2368 1043 2419 1097 id
2442 1052 2545 1103 est.
2562 1048 2655 1116 qui
2689 1046 2947 1104 fiindasti.
2973 1052 3167 1107 Anam.
3202 1053 3454 1116 Haeccine

1876 1124 2044 1196 igitur
2057 1138 2141 1184 est
2156 1131 2491 1188 dill'erentia?
2522 1135 2675 1193 Orth.
2698 1137 2823 1193 llaec
2850 1148 2953 1195 εει.
2985 1142 3451 1207 Anam.Eamdem

1874 1227 2055 1273 autem
2099 1233 2347 1277 naturam
2403 1227 2522 1281 ais?
2574 1228 2728 1283 Orth.
2787 1230 3064 1290 Eamdem.
3127 1239 3318 1295 Anam.
3380 1243 3449 1297 Et

1871 1314 2146 1380 quomodo
2176 1323 2355 1383 potest
2399 1318 2587 1373 eadem
2621 1336 2743 1377 esse
2772 1333 2992 1389 natura,
3029 1328 3074 1382 si
3134 1345 3274 1385 unus
3322 1333 3447 1402 qui-

1868 1402 1992 1458 dem
2024 1406 2218 1475 gignit.
2259 1409 2397 1462 alter
2429 1411 2711 1481 giguitur?
2767 1413 2921 1471 Orth.
2952 1416 3120 1473 Pouis
3168 1422 3445 1478 nihilomi-

1868 1511 1994 1559 nus,
2032 1514 2197 1552 unum
2230 1501 2468 1570 gignere.
2512 1504 2741 1559 alterum
2773 1508 2962 1578 gigni?
3018 1510 3207 1567 Anam.
3243 1513 3438 1572 Etiam.

1868 1586 2025 1645 Orth.
2081 1592 2140 1643 Si
2174 1608 2315 1648 unus
2343 1594 2534 1665 gignit,
2565 1597 2704 1652 alter
2727 1599 2971 1668 gignitur
3000 1619 3015 1656 :
3051 1604 3141 1674 qui
3175 1604 3347 1675 gignit
3374 1622 3442 1661 ex

1865 1694 1963 1734 sua
2017 1682 2191 1751 ipsius
2221 1692 2417 1738 natura
2453 1686 2624 1756 gignit
2659 1707 2673 1742 :
2702 1696 2757 1743 et
2795 1691 2888 1759 qui
2918 1692 3178 1762 gignitur,
3210 1710 3276 1749 ex
3324 1696 3442 1769 gig-

190 1744 272 1799 ὅτι
301 1747 367 1799 ὲκ
391 1746 494 1818 τῆς
523 1749 737 1818 φύσεως
765 1751 1055 1825 ἐγέννησεν
1084 1757 1114 1809 6
1140 1755 1308 1821 8e6;l
1364 1757 1520 1825 Ὄρθ.
1551 1760 1744 1813 οὐκοῦη

1860 1744 2054 1825 ηεηιίε
2096 1779 2290 1825 natura
2334 1744 2591 1844 gignitur.
2655 1744 2842 1834 Anoni.
2899 1744 3076 1845 Avb'sit,
3139 1790 3198 1837 ut
3238 1744 3438 1852 d153,

187 1835 287 1889 οὐκ
308 1837 619 1925 ἐγέννησεν.
639 1842 1140 1925 Ἀνόμ.Ἐγέννησε
1170 1848 1396 1915 κτίσαςς
1429 1852 1582 1919 Ὅθρ.
1610 1852 1761 1925 Πρῶ-

187 1938 276 1975 τον
299 1924 465 1977 αὐτὸν
497 1925 700 1992 ἔκτισε,
729 1931 821 1984 καὶ
844 1918 971 1986 τότε
988 1934 1304 2008 ἐγέννησενο
1337 1936 1371 2010 ἢ
1415 1918 1565 2005 πῶςς
1593 1918 1759 1996 Φανε-

186 2011 424 2087 ρώτερόν
461 2034 553 2088 μοι
602 2021 742 2075 εἰπέ.
777 2022 853 2074 Οὐ
900 2023 1008 2077 νοῶ
1045 2027 1157 2099 γὰρ
1201 2027 1256 2082 τί
1304 2030 1470 2095 ἐστιν,
1505 2031 1757 2105 ἐγέννησε

182 2105 396 2171 κτίσας.
435 2105 641 2180 Ἀνόμ.
675 2112 748 2166 Τὸ
771 2112 1017 2187 γέννημα
1039 2117 1134 2171 τοῦ
1187 2118 1324 2173 Θεοῦ
1353 2120 1555 2193 κτίσμα
1592 2123 1755 2179 αὑτοῦ

181 2197 348 2262 ἐστιν,
400 2201 591 2274 επειδὴ
636 2203 840 2269 ἁπλοῦς
867 2206 984 2261 ἐστι
1032 2208 1125 2263 καὶ
1157 2210 1478 2277 ἀσύνθετος·
1518 2215 1611 2268 καὶ
1654 2215 1754 2270 οὐκ

179 2288 360 2354 ἄλλοις
386 2295 571 2364 γεννᾷ,
608 2296 701 2348 καὶ
740 2295 919 2361 ἄλλοις
950 2299 1139 2364 κτίζει,
1175 2302 1291 2355 ἀλλ’
1319 2297 1401 2368 οἷς
1426 2306 1610 2376 γεννᾷ,
1629 2305 1754 2360 τού-

174 2395 287 2443 τοις
315 2384 414 2437 καὶ
439 2383 635 2449 κτίζει.
655 2387 808 2455 Ὀρθ.
842 2389 907 2443 El
932 2391 1135 2456 ἁπλοῦς
1163 2395 1277 2447 ἐστι
1306 2394 1401 2448 καὶ
1436 2395 1746 2463 ἁσύνθετος,

174 2469 225 2521 τί
252 2468 456 2540 λέγεις,
485 2469 567 2538 οἷς
582 2476 676 2528 καὶ
697 2472 813 2541 big;
841 2479 1011 2533 Ἔνθα
1038 2480 1147 2554 γὰρ
1169 2483 1250 2547 rb,
1279 2479 1360 2547 οἷς
1388 2484 1483 2539 κα)⁴
1509 2480 1611 2551 οἷς,
1636 2488 1753 2540 ἐκεῖ

174 2560 366 2616 πολλά.
393 2566 456 2618 Εί
485 2566 543 2619 δὲ
577 2568 889 2635 ἀσύνθετος,
917 2573 1017 2627 οὐκ
1041 2575 1151 2645 ἄρα
1175 2575 1365 2630 πολλὰ.

1870 1852 2037 1909 Deum
2060 1870 2126 1910 ex
2155 1865 2352 1911 natura
2389 1860 2663 1929 genuisse.
2701 1859 2854 1917 Orth.
2881 1863 3001 1918 Non
3036 1866 3200 1936 igitur
3229 1869 3437 1937 genuit.

1863 1943 2054 1999 Anam.
2107 1943 2324 2013 Genuit,
2354 1962 2477 2002 cum
2527 1958 2789 2006 creasset.
2846 1951 2998 2010 Orta.
3046 1954 3258 2025 Ergone
3284 1959 3439 2028 prius

1857 2034 2036 2105 ipsum
2065 2038 2290 2103 creavit,
2339 2045 2394 2093 et
2459 2038 2655 2096 deinde
2698 2042 2902 2110 genuit,
2947 2059 3015 2099 an
3077 2047 3262 2117 aliquo
3299 2064 3439 2120 quo-

1855 2125 1999 2196 piam
2023 2126 2221 2182 modo?
2257 2126 2502 2199 Loquere
2531 2131 2809 2200 apertius:
2838 2132 2950 2189 Nec
3009 2137 3156 2192 enim
3195 2140 3438 2210 intelligo

1852 2215 1984 2284 quid
2015 2216 2109 2276 sit.
2140 2218 2328 2287 genuit
2356 2232 2480 2272 cum
2509 2227 2775 2275 creasset.
2823 2221 3018 2278 Anam.
3069 2223 3227 2292 Quod
3261 2230 3438 2300 gigni-
3487 2222 3498 2235 '

1852 2316 1945 2362 tur
1969 2323 2001 2362 a
2033 2306 2139 2363 Deo
2172 2316 2421 2363 creatura
2471 2317 2576 2373 est,
2629 2311 2886 2381 quoniam
2931 2315 3023 2371 ille
3060 2317 3292 2389 simplex
3325 2331 3431 2387 est,

1848 2408 1905 2454 et
1956 2401 2373 2471 compositionis
2409 2415 2606 2470 expers
2653 2416 2666 2453 :
2708 2417 2811 2458 nec
2867 2405 2990 2462 aliis
3048 2407 3239 2479 gignit,
3309 2413 3433 2467 aliis

1853 2498 2027 2555 creat,
2057 2492 2154 2547 sed
2181 2492 2380 2562 quibus
2418 2492 2610 2563 gignit,
2644 2493 2835 2550 iisdem
2868 2497 3031 2552 etiam
3064 2509 3235 2556 creat.
3274 2501 3428 2559 Orth.

1856 2577 1916 2633 Si
1945 2579 2173 2649 simplex
2211 2587 2296 2635 est
2338 2589 2392 2636 et
2436 2583 2850 2651 compositionis
2900 2601 3115 2656 expers,
3165 2606 3429 2661 quorsum

169 2656 334 2723 dicis,
386 2660 586 2731 quibus
616 2671 673 2719 et
723 2666 958 2736 quibus?
986 2666 1089 2724 Ubi
1116 2671 1260 2726 enim
1288 2678 1371 2727 est
1409 2671 1561 2737 illud,
1600 2673 1800 2745 quibus
1836 2683 1892 2731 ct
1927 2675 2152 2747 quibus,
2187 2674 2261 2730 ibi
2285 2691 2502 2747 quoque
2531 2678 2700 2732 multa
2747 2689 2895 2736 sunt.
2929 2679 2986 2736 Si
3048 2656 3214 2754 porrb
3274 2703 3428 2743 com-

170 2754 464 2822 positionis
516 2772 714 2829 expers
753 2769 837 2817 est
861 2761 1025 2829 Deus,
1079 2781 1188 2820 non
1231 2768 1399 2838 igitur
1435 2769 1490 2823 in
1521 2785 1588 2824 eo
1630 2781 1760 2826 sunt
1798 2771 1992 2826 multa.

236 2846 293 2901 4.
312 2847 641 2918 Ἀνόμοιος.
675 2852 787 2906 Οὐκ
806 2853 953 2909 ἐστιν
977 2851 1069 2912 οὖν
1099 2859 1301 2922 ἁπλοῦς
1331 2863 1360 2914 6
1385 2861 1551 2929 856;;
1581 2864 1738 2934 Ὄρθ.

165 2937 311 3007 Ἐγὼ
332 2939 391 2992 δὲ
419 2942 511 2995 καί
540 2942 682 3014 ὑπὲρ
708 2944 769 2997 rb
799 2945 1004 3003 ἁπλοῦν
1030 2948 1192 3018 λέγω.
1241 2951 1353 3004 Καὶ
1380 2952 1488 3024 γὰρ
1515 2952 1742 3022 ἄγγελος

163 3028 373 3094 ἁπλοῦς
408 3032 544 3088 ἐστι.
578 3035 673 3087 καὶ
702 3033 868 3107 ψυχὴ,
926 3039 1019 3091 καὶ
1050 3040 1112 3092 rb
1146 3039 1262 3110 φῶς
1283 3058 1296 3072 ⁸
1332 3042 1394 3094 οὐ
1421 3042 1531 3115 γὰρ
1554 3046 1620 3097 ὲκ
1648 3061 1742 3115 με·

165 3121 274 3190 ρῶν
306 3122 343 3193 ἢ
384 3123 560 3192 μελῶν
604 3125 902 3194 σύγκειται.
940 3130 1137 3199 Ἀνόμ.
1172 3132 1234 3185 Εἰ
1271 3131 1449 3185 τοίνυν
1475 3134 1568 3186 καὶ
1601 3134 1738 3207 ὑπὲρ

160 3211 222 3264 rb
258 3213 472 3267 ἁπλοῦν
500 3217 669 3277 ἐστιν.
698 3211 779 3282 οἷς
809 3222 972 3292 γεννᾷ
1007 3223 1100 3276 καὶ
1137 3223 1346 3289 κτίζεις
1380 3227 1535 3294 Ὀρθ.
1572 3228 1740 3281 Πάλιν

159 3301 324 3372 λέγω,
363 3308 438 3378 μὴ
473 3306 619 3376 λέγε,
652 3305 733 3373 οἷς
760 3314 921 3383 γεννᾷ
950 3315 1042 3367 καὶ
1070 3313 1271 3380 κτίζειο
1311 3317 1372 3370 τὸ
1401 3317 1509 3388 γὰρ
1536 3319 1739 3375 ἁπλοῦν

156 3389 236 3459 οἷς
268 3393 471 3459 καὶοῖς
500 3401 602 3453 οὐκ
624 3400 766 3471 ἔχει’
802 3403 979 3475 πολλῷ
1005 3406 1061 3458 δὲ
1089 3407 1258 3461 πλείω
1277 3410 1337 3462 rb
1368 3411 1506 3484 ὑπὲρ
1534 3412 1737 3466 ἁπλοῦν

152 3482 234 3552 οἷς
265 3491 369 3542 καὶ
414 3488 497 3554 οἷς
538 3492 641 3546 οὐκ
680 3492 811 3564 ἔχει.
847 3497 1044 3564 Ἀνόμ.
1086 3499 1356 3566 Ὡσαύτως
1387 3482 1487 3556 οὖν
1518 3506 1680 3575 γεννᾷ
1708 3504 1736 3558 ό

149 3578 305 3647 Θεὸς,
346 3583 441 3635 καὶ
466 3582 729 3648 ὡσαύτως
755 3585 956 3652 κτίζει;
988 3592 1142 3658 Ὄρθ.
1175 3592 1271 3647 Οὑ.
1298 3595 1496 3663 Ἀνόμ.
1528 3596 1734 3649 Οὐκοῦν

149 3667 448 3739 σύνθετος
477 3676 636 3744 Ὀρθ.
666 3678 756 3750 Μὴ
777 3680 1015 3748 γένοιτοι
1052 3682 1251 3754 Ἀνόμ.
1278 3687 1340 3740 El
1371 3687 1549 3753 ἄλλοις
1571 3692 1735 3762 γεννᾷ

144 3766 239 3818 καὶ
279 3766 472 3831 ἄλλοις
523 3768 719 3832 κτίζει,
766 3771 1017 3837 σύνθετός
1050 3775 1229 3841 ἐστινς
1256 3777 1412 3845 Ὀρθ.
1447 3779 1522 3832 Οὑ
1568 3780 1729 3850 λέγω,

137 3855 326 3921 ἄλλοις
363 3858 549 3928 γεννᾷ,
590 3860 683 3913 καὶ
730 3860 910 3925 ἄλλοις
943 3862 1136 3927 κτίζει,
1175 3865 1314 3920 ἀλλὰ
1345 3867 1518 3932 ἄλλως
1548 3873 1728 3942 γεννᾷ,

137 3947 235 4001 καὶ
266 3948 459 4014 ἄλλως
488 3950 680 4015 κτίζει.
738 3953 938 4024 Ἀνόμ.
971 3956 1096 4021 Πῶς
1123 3962 1305 4031 γεννᾷ,
1342 3964 1438 4016 καὶ
1468 3964 1586 4029 πῶς
1610 3966 1730 4020 κτί-

139 4034 453 4105 ζει;’ορθ.
505 4040 830 4096 ’Υποστάσει
865 4047 1047 4117 γεννᾷ,
1097 4048 1191 4100 καὶ
1220 4050 1406 4122 ἐντολῇ
1442 4054 1634 4119 κτίζει.
1663 4057 1729 4110 Ἠ

137 4128 248 4200 γὰρ
300 4130 521 4200 ἐντολὴ,
571 4130 869 4204 σύνδρομον
913 4135 1112 4206 ἔχουσα
1157 4138 1256 4211 τὴν
1287 4140 1541 4214 δύναμιν,
1586 4161 1729 4215 παρ-

138 4219 358 4293 ίστησιν
378 4223 409 4276 ὃ
430 4222 682 4293 βούλεται
713 4227 741 4278 6
762 4226 1133 4299 ἐντειλάμενος
1149 4247 1163 4261 ο
1192 4232 1485 4287 ὑποστάσει
1511 4233 1569 4288 δὲ
1599 4252 1726 4303 ᾔν-

133 4309 263 4373 νῶν,
313 4313 426 4366 οὐκ
460 4310 715 4382 ἀνέχεται
761 4314 999 4388 ἐντολὴν,
1049 4318 1136 4371 ἴνα
1166 4321 1331 4391 μηδὲν
1363 4323 1524 4393 μέσον
1628 4324 1723 4378 τοῦ

1915 2863 1970 2918 4.
1988 2863 2289 2919 Anomaeus.
2306 2862 2505 2920 Annon
2534 2872 2618 2921 est
2642 2865 2807 2938 igitur
2822 2865 2963 2923 Deus
2991 2868 3256 2941 simplex?
3270 2871 3422 2929 Orlh.

1843 2953 1958 3011 Imo
1994 2958 2159 3013 etiam
2187 2958 2423 3027 amplius
2453 2973 2617 3028 quam
2641 2960 2945 3031 simplicem
2972 2978 3096 3018 esse
3122 2964 3232 3019 aio.
3270 2963 3409 3020 Nam

1843 3054 1897 3103 et
1924 3049 2149 3118 angelus
2180 3048 2409 3118 simplex
2441 3055 2546 3113 est,
2598 3056 2652 3104 et
2694 3051 2895 3114 anima,
2934 3059 2991 3107 et
3026 3052 3138 3119 lux,
3188 3069 3310 3108 cum
3346 3072 3422 3110 ex

1842 3142 2087 3211 partibus
2110 3148 2201 3194 aut
2228 3142 2487 3197 membris
2518 3158 2627 3196 non
2654 3152 3075 3212 componantur.
3102 3144 3293 3200 Anam.
3320 3146 3419 3200 lta-

1838 3248 1945 3302 que
1995 3233 2043 3288 si
2074 3234 2308 3305 amplius
2365 3233 2530 3306 5.10
2576 3250 2738 3305 quam
2797 3235 3026 3304 simplex
3062 3246 3169 3304 est,
3222 3237 3418 3308 quibus

1838 3321 2028 3391 gignit,
2071 3320 2275 3376 iisdem
2317 3323 2482 3376 etiam
2515 3333 2686 3378 creat.
2754 3321 2911 3379 Orth.
2944 3324 3144 3379 lterqu
3197 3340 3414 3389 moneo.

1836 3426 1906 3464 ne
1954 3409 2143 3474 dicito,
2188 3411 2390 3481 quibus
2444 3412 2617 3483 gignit
2668 3412 2861 3469 iisdem
2910 3422 2964 3468 et
3019 3424 3171 3470 creat
3216 3434 3234 3471 ι
3286 3431 3414 3471 nam

1835 3501 1978 3571 quod
2011 3501 2239 3571 simplex
2287 3510 2393 3568 est,
2432 3519 2541 3557 non
2596 3505 2762 3561 habet
2812 3505 3017 3575 quibus
3068 3514 3122 3561 et
3171 3508 3410 3577 quibus:

1833 3593 2003 3646 multo
2036 3602 2216 3648 autem
2268 3596 2431 3650 etiam
2466 3596 2636 3666 magis
2692 3597 2767 3659 id,
2817 3599 2962 3667 quod
3020 3613 3188 3669 supra
3236 3598 3410 3668 ipsam

1833 3683 2237 3754 simplicitatem
2290 3693 2396 3749 est,
2449 3701 2561 3740 non
2594 3686 2834 3741 admittit
2894 3687 3051 3751 illud,
3090 3689 3290 3758 quibus
3351 3700 3409 3744 et

1831 3776 2050 3846 quibus.
2092 3776 2285 3831 Anam.
2319 3774 2582 3831 Similiter
2609 3792 2741 3847 ergo
2778 3777 2952 3849 gignit
2986 3777 3149 3841 Deus,
3177 3786 3232 3833 et
3259 3779 3411 3834 simi-

1831 3867 1958 3921 liter
2002 3875 2172 3922 creat.
2244 3866 2399 3923 Orth.
2456 3867 2834 3939 Nequaquam.
2884 3870 3074 3924 Anam.
3130 3868 3273 3940 Ergo
3324 3878 3410 3926 est

1829 3957 2182 4025 compositus.
2244 3957 2399 4013 Orth.
2433 3959 2609 4014 Absit.
2661 3959 2858 4015 Anam.
2905 3958 2964 4015 Si
2994 3960 3117 4016 aliis
3146 3961 3316 4032 gignit
3353 3974 3405 4017 et

1827 4048 1951 4103 aliis
1978 4056 2149 4113 creat,
2192 4048 2529 4119 compositus
2558 4056 2664 4105 est.
2724 4048 2876 4105 Orth.
2930 4048 3050 4105 Non
3103 4050 3228 4105 dico
3278 4050 3406 4107 aliis

1828 4140 2021 4211 gignit,
2054 4140 2176 4197 aliis
2204 4149 2389 4195 creat:
2431 4140 2529 4195 sed
2574 4141 2734 4196 aliter
2776 4141 2967 4212 gignit,
3025 4140 3185 4196 aliter
3229 4150 3398 4196 creat.

1824 4235 2015 4286 Anam.
2057 4232 2340 4298 Quomodo
2388 4232 2562 4304 gignit
2600 4240 2656 4288 et
2700 4233 2971 4303 quomodo
3005 4225 3195 4289 creat?
3243 4232 3398 4289 Orth.

1826 4324 2113 4396 Hypostasi
2139 4326 2329 4397 gignit,
2349 4334 2404 4381 et
2425 4328 2681 4382 mandato
2711 4339 2878 4382 creat.
2901 4325 3209 4382 Mandatum
3233 4327 3403 4391 enim,

130 4404 447 4468 γεννῶντος
492 4404 708 4475 Πατρὸς
732 4406 826 4459 καὶ
850 4407 946 4461 τοῦ
974 4413 1311 4482 γεννωμένου
1335 4414 1487 4469 Υίοῦ.
1519 4416 1717 4486 Ἀνόμ.

1848 4416 2183 4469 :ouc'urrente
2209 4421 2493 4485 potestate,
2525 4430 2764 4486 praesens
2793 4416 2934 4471 sistit
2966 4414 3112 4485 quod
3146 4415 3405 4470 mandau-

128 4492 219 4564 Μὴ
249 4494 434 4549 θέλων
477 4492 572 4550 οὖν
622 4497 944 4570 ὲγέννησεν;
981 4503 1134 4569 Ὀρθ.
1174 4505 1230 4557 ’0
1260 4506 1538 4577 γεννηθεὶς
1578 4508 1725 4574 ζῶσα

124 4586 221 4638 τοῦ
248 4588 634 4659 γεννήσαντὸς
661 4590 805 4643 ἐστιν
831 4591 1014 4656 είκὼν,
1048 4595 1145 4647 καὶ
1170 4596 1484 4670 ὑπερϐαίνει
1509 4600 1608 4670 τὴν
1637 4598 1725 4653 θέ-

125 4675 286 4749 λησιν
314 4682 350 4752 ἠ
380 4678 555 4734 εἰκὼν
573 4680 676 4750 τῆς
700 4682 1064 4749 ὑποστάσεως.
1097 4687 1318 4759 Πρῶτον
1343 4690 1451 4763 γὰρ
1477 4691 1559 4744 δεῖ
1583 4696 1723 4745 νοεῖν

121 4769 222 4840 τὴν
256 4771 463 4825 εἰκόνα
493 4771 598 4840 τῆς
628 4771 991 4839 ὑποστάσεως,
1011 4776 1103 4831 καὶ
1134 4779 1254 4831 τότε
1281 4779 1341 4832 rb
1366 4780 1557 4845 θέλειν,
1582 4780 1614 4853 ἢ
1647 4783 1721 4852 μὴ

122 4859 324 4915 θέλειν.
358 4862 484 4932 Τῆς
530 4861 587 4915 δὲ
613 4862 959 4929 ὑποστάσειῦς
987 4868 1100 4920 ἐστι
1128 4868 1375 4940 γέννημα
1424 4871 1518 4924 καὶ
1561 4871 1721 4925 είκὼν

119 4949 572 5021 ἀπαράλλακτος
604 4954 634 5004 ὁ
663 4953 791 5017 Υἱός
816 4972 830 4985 ο
866 4956 973 5027 πρὸ
1012 4956 1106 5010 τοῦ
1140 4958 1438 5030 θελήματος
1484 4962 1593 5016 νόει
1623 4961 1721 5034 τὴν

116 5043 218 5112 τῆς
259 5044 640 5106 ὑποστάσεως
661 5045 863 5099 εἰκόνα.
881 5047 1079 5117 Ἀνόμ.
1105 5049 1169 5101 Τί
1188 5051 1358 5115 surtu;
1375 5051 1722 5122 ’Υπερΰαίνει

91 5136 211 5207 ,τὴν
242 5136 489 5208 θέλησιν
519 5136 554 5206 ἠ
579 5133 774 5202 εἰκὼνς
799 5138 953 5205 Ὄρθ.
976 5139 1098 5192 Ὄτι
1117 5139 1213 5212 τὴν
1238 5142 1445 5205 οὐσίαν,
1479 5143 1573 5196 καὶ
1593 5144 1720 5197 ἄνευ

112 5225 202 5277 τοῦ
240 5227 373 5279 τόδε
424 5225 633 5289 θέλειν,
664 5225 849 5297 νοῆσαι
872 5227 1004 5301 δύνῃ
1023 5246 1036 5258 ·
1066 5229 1194 5283 ἄνευ
1218 5230 1273 5283 δὲ
1299 5232 1503 5296 εἰκόνος
1539 5234 1601 5286 οὑ
1635 5234 1723 5288 δύ-
1753 5241 1757 5245 ”

111 5335 195 5386 νη,
230 5318 302 5372 Ἦ
357 5317 483 5389 γὰρ
512 5314 733 5385 θέλησις
758 5319 852 5371 καὶ
896 5318 1121 5390 ἄρχεται
1170 5322 1263 5374 καὶ
1304 5323 1569 5378 παύεται·
1601 5328 1634 5398 ἡ
1666 5327 1723 5382 δὲ

183 5475 229 5507 τι
276 5473 454 5528 Prov.
493 5485 630 5533 vui,
664 5470 753 5525 25.
830 5472 876 5503 "
918 5470 1062 5527 Psal.
1098 5488 1224 5538 CIII,
1262 5474 1315 5529 4.
1395 5474 1441 5507 ’⁸
1483 5476 1618 5535 ibid.
1657 5479 1709 5534 5.

188 5626 677 5701 (66)‘Pal_atinus,
717 5627 780 5678 ’ὐ
809 5624 963 5695 τίθης
987 5624 1043 5678 δὲ
1070 5626 1204 5690 ὅλως
1264 5627 1345 5682 ὅτι
1375 5629 1403 5683 6
1434 5627 1552 5697 μέν.
1582 5627 1716 5701 Reg.

120 5696 293 5772 πείθῃ
314 5698 379 5753 δὲ
413 5696 586 5758 ὅλως.

1832 4510 1868 4562 ιί
1909 4509 2035 4565 libet
2066 4528 2082 4564 :
2112 4510 2159 4563 is
2205 4525 2334 4565 vero
2363 4509 2455 4581 qui
2482 4512 2652 4581 gignit
2699 4510 3001 4582 hypostasi,
3033 4526 3143 4565 nou
3173 4526 3400 4580 exspec-

1829 4607 1907 4654 tat
1954 4601 2290 4666 mandatum,
2349 4616 2419 4657 ne
2466 4600 2596 4672 quid
2639 4603 2877 4657 medium
2927 4602 3226 4656 intercedat
3257 4602 3398 4656 inter

1827 4687 2135 4758 gignentem
2180 4688 2419 4750 Patrem,
2455 4697 2509 4745 et
2540 4688 2737 4744 Filium
2780 4690 2873 4760 qui
2902 4691 3159 4760 gignitur.
3201 4690 3393 4744 Anam.

1826 4780 1909 4834 An
1962 4780 2130 4850 igitur
2157 4781 2364 4835 invitus
2408 4780 2636 4850 genuit?
2701 4778 2858 4834 Orth.
2895 4780 3000 4847 Qui
3040 4779 3252 4849 genitus
3288 4790 3394 4844 est,

1827 4869 1947 4922 viva
2008 4876 2091 4924 est
2146 4869 2266 4937 ejus
2303 4870 2394 4937 qui
2451 4868 2637 4938 genuit
2679 4869 2883 4936 imago;
2952 4877 3008 4923 et
3059 4869 3394 4923 voluntatem

1828 4958 2167 5014 transcendit
2195 4960 2374 5029 imago
2403 4959 2780 5029 hypostaseos.
2813 4957 2973 5014 Prius
3005 4959 3150 5013 enim
3180 4967 3393 5028 oportet

1828 5052 2009 5106 animo
2056 5054 2345 5122 concipere
2379 5052 2670 5122 imaginem
2709 5051 3091 5123 liypostaseos,
3121 5060 3175 5106 et
3204 5058 3389 5120 postea

1827 5145 1964 5198 velle
1997 5151 2091 5196 aut
2134 5143 2301 5198 nolle.
2332 5142 2505 5198 Filius
2533 5150 2714 5199 autem
2756 5152 2842 5198 est
2873 5143 3092 5197 soboles
3132 5142 3391 5213 hyposta-

1829 5250 1975 5300 seos,
2003 5241 2057 5289 et
2084 5234 2264 5304 imago
2289 5249 2520 5304 prorsus
2560 5235 2828 5289 invariata
2859 5252 2872 5288 :
2907 5241 3034 5288 ante
3059 5233 3394 5288 voluntatem

1831 5329 2014 5385 animo
2041 5329 2272 5398 concipe
2296 5328 2588 5400 imaginem
2612 5328 2993 5399 hypostaseos.
3027 5325 3216 5381 Anam.
3253 5321 3398 5389 Quid

1832 5621 1837 5625 ’
1900 5634 2009 5705 (67)
2042 5632 2343 5702 Palatinus,
2371 5635 2435 5688 ἐκ
2463 5632 2562 5703 τῆς
2586 5632 2772 5705 αὐτῆς.
