3982 6398
502 2186 511 2196 ⁸
589 2119 968 2188 ειιγροειοεοοε.
1039 2117 1202 2172 Aliud
1275 2127 1359 2172 est
1413 2129 1590 2172 autem
1625 2159 1640 2182 ν

589 266 622 331 ἦ
636 277 655 332 ί
668 278 733 331 23
1725 269 1784 325 S.
1824 261 2175 324 ATHANASI'

2275 309 2284 320 .
2326 291 2398 302 ν·-
2434 259 2702 316 SPURIA.
3683 249 3792 304 “24

591 397 686 444 est
739 386 871 442 illud
907 405 922 441 :
971 383 1330 441 Transceudit
1379 387 1555 453 imago
1593 383 1966 437 vomntatem?
2007 379 2158 436 Orth.

2275 378 2426 431 εἰκὼν
2452 377 2552 446 τῆς
2593 377 2778 435 οὐσίας
2824 371 2933 423 οὔτ’
2964 371 3206 441 ἄρχεται,
3245 364 3368 417 οὔτε
3420 362 3675 417 παύεται.
3710 366 3795 417 Καὶ

598 480 710 534 Hoc
739 480 884 540 dico,
911 477 1168 547 quoniam
1212 476 1502 531 essentiam
1537 475 1822 541 concipere
1846 481 2026 526 mente
2055 486 2153 541 po-

2275 469 2431 531 ἱλλως
2451 484 2464 496 ·
2505 467 2685 518 Θέλων
2734 463 2878 517 ἐστὶν
2913 463 3194 520 ἀθάνατος.
3224 457 3256 522 ἢ
3285 457 3358 526 μὴ
3395 455 3599 519 θέλων;
3629 457 3794 524 Ἀνὸμ.

585 579 700 632 tes,
727 545 944 638 absque
961 582 1026 621 eo
1055 567 1218 620 etiam
1251 565 1397 634 quod
1424 565 1526 617 hoc
1555 564 1684 618 velit
1718 582 1731 616 :
1765 562 1972 631 absque
2009 563 2152 614 ima-

2275 560 2460 613 θέλων.
2500 558 2655 623 Ὄρθ.
2698 553 2810 624 Πρὸ
2859 552 2951 604 τοῦ
2995 547 3088 602 οὖν
3142 547 3378 616 θελήσει,
3419 546 3520 597 οὐκ
3568 545 3674 615 ἄρα
3707 546 3797 613 (48)

585 663 721 731 gine
754 633 904 724 vero,
937 673 1040 711 non
1073 665 1247 726 potes.
1273 633 1430 709 iNam
1491 655 1744 708 voluntas
1774 661 1829 706 et
1864 653 2056 720 incipit
2100 659 2156 706 et

2275 651 2542 710 ἱιθάνατος.
2563 647 2762 714 Ἀνόμ.
2779 642 2988 703 Ἀῖδίως
3012 639 3152 691 θέλει
3178 636 3316 688 εἷναι
3339 635 3607 697 ἀθάνατος
3633 650 3647 696 ;
3669 633 3794 700 Ὀρθ.

585 749 797 805 desinit
829 767 843 804 :
876 749 1054 817 imago
1089 763 1217 809 vero
1249 746 1504 801 essentia?
1527 760 1628 799 nec
1686 744 1895 812 incipit,
1929 757 2030 796 uec
2062 742 2160 797 de-

2275 741 2374 793 Καὶ
2411 739 2595 800 ἀῖδίως
2623 737 2830 805 Πατήρ.
2861 734 2948 794 Ὡς
2973 732 3078 800 γὰρ
3101 729 3160 782 οὐ
3195 727 3326 799 δύνῃ
3379 729 3576 788 εἰπεῖν,
3621 726 3694 777 ὅτι
3731 725 3798 817 (μὴ

586 842 746 896 sinit.
785 839 889 894 Sed
919 849 972 895 et
993 816 1158 893 aliter
1200 840 1302 892 hoc
1334 838 1542 908 accipe.
1586 836 1752 890 Estne
1781 835 1924 890 Deus
1973 835 2164 889 volens

2275 832 2437 884 θέλων
2494 831 2639 882 ἐστὶν
2681 827 2962 886 ἀθάνατος,
3001 821 3108 875 οὐδ’
3136 822 3217 874 ὅτι
3273 820 3351 890 μὴ
3403 817 3571 870 θέλων
3606 816 3796 908 Πατήρ·

581 943 689 986 ~aut
731 934 922 987 nolens
950 931 1306 986 immortalis?
1357 931 1546 985 Anam.
1591 927 1810 983 Valens.
1851 927 2003 983 Orth.
2054 943 2164 980 non

2275 926 2362 978 καὶ
2408 923 2596 992 ὥσπερ
2647 921 2710 972 οὐ
2743 919 3056 988 προηγεῖται
3104 913 3201 981 τῆς
3256 910 3552 971 ἀθανασίας
3597 907 3798 976 θέλημα,

585 1025 761 1094 igitur
786 1023 1106 1077 immortalis
1133 1031 1252 1077 erat
1279 1032 1568 1093 antequam
1592 1037 1713 1076 esse
1743 1021 1921 1075 vellet.
1970 1021 2160 1071 Anam.

2275 1015 2433 1078 οὕτως
2451 1014 2569 1067 οὐδὲ
2586 1011 2679 1067 τοῦ
2705 1010 2832 1064 Υἱού
2849 1027 2861 1039 °
2882 1008 2992 1062 ἀλλ’
3015 1007 3197 1068 ἀῐδίως
3213 1003 3364 1056 ἐστὶν
3389 1001 3515 1062 Υἱὸς
3532 1001 3599 1052 ὲκ
3622 998 3801 1094 Πατρὸς

586 1090 677 1168 ᾸΙ)
708 1124 910 1168 aeterno
943 1117 1057 1167 vult
1085 1129 1206 1170 esse
1235 1090 1598 1169 immortalis?
1633 1113 1783 1168 Ortlt.
1815 1112 1881 1165 Et
1906 1112 1976 1166 ab
2004 1123 2163 1164 mter-

2275 1105 2508 1167 θέλοντος
2534 1101 2941 1172 γεγεννημένος,
2975 1096 3136 1151 εἰκὼν
3169 1095 3272 1165 τῆς
3309 1092 3655 1152 ὑποστάσεως
3683 1090 3801 1142 ἀπα-

584 1219 667 1257 ιιιο
695 1220 816 1258 esse
847 1203 1026 1258 Pater.
1063 1201 1217 1256 Sicut
1245 1205 1389 1257 enim
1435 1205 1621 1258 dicere
1665 1218 1775 1256 non
1809 1208 1988 1272 potes,
2019 1199 2161 1269 quod

2275 1197 2582 1268 ράλλακτος.

596 1297 798 1351 invitus
847 1295 920 1349 sit
967 1297 1327 1363 immortalis;
1385 1298 1480 1358 ita.
1515 1313 1584 1352 ne
1613 1297 1716 1349 hoc
1741 1295 1983 1364 quidem,
2014 1292 2160 1362 quod
2198 1289 2404 1344 invitus
2467 1290 2540 1344 sit
2571 1285 2730 1339 Pater
2765 1302 2778 1337 :
2818 1291 2873 1337 et
2931 1290 2988 1335 ut
3019 1294 3119 1335 nec
3151 1274 3569 1337 immortalitati,
3617 1274 3685 1327 ita
3721 1287 3803 1326 nec

585 1391 732 1445 :Filio
769 1392 922 1460 praeit
956 1392 1226 1454 voluntas,
1267 1391 1361 1446 sed
1399 1393 1468 1446 ab
1513 1401 1720 1446 aeterno
1753 1398 1837 1445 est
1884 1387 2055 1442 Filius
2090 1402 2159 1442 ex
2226 1387 2440 1440 volente
2471 1383 2629 1436 Patre
2699 1379 2933 1448 genitus,
2974 1376 3330 1445 hypostaseos
3379 1370 3557 1438 imago
3613 1367 3802 1435 penitus

587 1485 886 1538 iuvariata.

666 1573 1037 1628 5.Anama:us.
1068 1570 1174 1627 Ubi
1208 1579 1469 1643 scriptum
1490 1581 1592 1635 est,
1613 1571 1805 1628 Filium
1837 1572 2164 1643 esseimagi-

2428 1560 2749 1627 Ἀνόμοιος.
2793 1554 2904 1609 Ποῦ
2959 1553 3282 1624 γέγραπται,
3339 1554 3439 1623 τῆς
3481 1549 3804 1615 ὑποστάσεὼς

589 1679 722 1716 metu
787 1663 1176 1734 hypostaseos?
1197 1642 1350 1717 om.
1385 1661 1759 1717 Characterem
1791 1642 2164 1734 hypostaseos,

2275 1654 2415 1706 ἐστιν
2452 1649 2610 1703 εἰκὼν
2639 1649 2668 1700 ὁ
2706 1648 2868 1711 Υἱός;
2909 1648 3058 1714 Ὀρθ.
3089 1644 3190 1697 Τὸν
3223 1642 3546 1714 χαρακτῆρα
3568 1643 3666 1712 τῆς
3697 1643 3806 1695 ὑπι-

593 1769 696 1807 seu
735 1770 756 1804 ι
792 1731 1018 1822 liguram
1057 1753 1376 1808 substantia:
1405 1752 1450 1782 ⁷⁴⁵
1482 1771 1502 1802 ι
1525 1753 1660 1806 nihil
1689 1731 1841 1806 aliud
1859 1731 1981 1809 esse
2010 1754 2172 1809 intel-

2275 1745 2511 1806 στάσεως
2538 1742 2688 1795 οὐδὲν
2725 1739 2852 1794 ἄλλο
2883 1739 2986 1792 νοῶ
3019 1737 3050 1807 ἢ
3082 1737 3262 1790 εἰκόνα
3299 1731 3438 1789 εἶναι
3469 1735 3569 1804 τῆς
3597 1735 3807 1788 ὑποστά-

591 1844 726 1914 -ligo,
792 1859 954 1914 quam
1017 1845 1306 1915 imaginem
1371 1844 1728 1915 hypostaseos
1775 1861 1918 1901 esse.
1979 1846 2169 1900 Anam.

2275 1853 2429 1899 σεως.
2461 1834 2659 1902 Ἀνόμ.
2699 1832 2755 1884 ὐ
2787 1830 2894 1902 γὰρ
2918 1830 3054 1900 ἀνὴρ
3079 1828 3140 1881 οὐ
3172 1829 3483 1898 γέγραπται
3529 1825 3690 1879 εἰκὼν
3730 1827 3807 1879 καὶ

591 1933 906 1999 Enimvero,
964 1951 1144 1990 annon
1190 1937 1274 1990 vir
1308 1950 1526 2006 quoque
1563 1937 1822 1991 scribitur
1857 1953 1979 1993 esse
2034 1939 2172 1992 ima-

2275 1927 2394 1992 δόξα
2431 1924 2604 1990 Θεοῦ;
2640 1924 2793 1992 Ὄρθ.
2822 1922 2960 1975 Ἀλλ’
2981 1917 3102 1992 οὔχ).
3133 1919 3419 1992 χαρακτὴρ
3468 1919 3568 1988 τῆς
3597 1918 3808 1971 ὑποστά-

588 2041 666 2096 go
717 2034 771 2082 et
825 2028 995 2098 gloria
1036 2027 1168 2081 Dei?
1218 2027 1370 2084 Orth.
1402 2027 1591 2082 Sane:
1631 2038 1685 2082 at
1734 2045 1841 2084 non
1889 2030 2172 2086 character

2275 2035 2428 2081 σεως.
2446 2015 2604 2069 Ἄλλο
2625 2015 2680 2068 δέ
2709 2016 2852 2067 ἐστιν
2877 2013 3059 2066 εἰκόνα
3088 2011 3220 2065 Θεοῦ
3259 2007 3414 2074 εἶναι,
3448 2010 3544 2063 καὶ
3574 2009 3698 2062 ἄλλο
3729 2027 3807 2078 χα-

1719 2118 2004 2188 imagiuetn
2074 2117 2170 2174 Dei

589 2223 737 2270 esse,
777 2224 941 2278 quam
971 2225 1094 2264 esse
1139 2210 1508 2264 characterem
1562 2209 1912 2278 hypostaseos
1973 2209 2166 2279 ipsius.

595 2298 729 2351 Nam
760 2300 1034 2368 apilicium
1077 2300 1236 2354 habet
1275 2301 1491 2368 quidem
1547 2299 1835 2370 imaginem
1896 2303 2031 2354 artis
2081 2301 2168 2355 sui

595 2389 840 2451 artiﬁcis,
877 2407 906 2444 a
939 2407 1048 2460 quo
1076 2391 1326 2446 eﬂ'ectum
1357 2399 1459 2453 est.
1498 2392 1854 2462 hypostaseos
1886 2407 2012 2445 vero
2063 2392 2168 2444 mi-

596 2484 758 2536 nime.
815 2485 1002 2537 Anam.
1049 2481 1240 2538 Nescio
1272 2484 1402 2553 quid
1436 2484 1608 2549 dicas,
1657 2485 1874 2554 planius
1924 2485 2163 2553 loquere.

588 2571 754 2628 'Orth.
793 2573 1087 2627 Scamnum
1123 2574 1283 2628 habet
1321 2573 1614 2644 imaginem
1657 2575 1792 2627 artis
1825 2573 1962 2627 fabri
1997 2592 2009 2626 :
2045 2588 2167 2626 nam

599 2663 646 2717 si
676 2678 956 2718 scamnum
997 2663 1205 2728 videro,
1252 2679 1486 2734 agnosco
1526 2680 1556 2717 a
1600 2664 1753 2718 fabro
1781 2665 1983 2718 factum
2011 2678 2164 2719 esse:

597 2765 653 2807 et
709 2755 754 2808 si
801 2755 1104 2809 naviculam
1150 2770 1511 2825 conspexero,
1555 2771 1792 2826 agnosco
1820 2773 1941 2831 esse
1970 2772 2107 2826 apus
2138 2771 2169 2809 a

592 2842 927 2898 fabricatore
959 2845 1176 2898 navium
1211 2843 1546 2905 confectum,
1587 2847 1731 2915 quod
1764 2847 1834 2900 sit
1865 2847 2038 2916 imago
2080 2860 2171 2898 ar-

2275 2849 2528 2910 στάσεως.
2571 2846 2646 2899 Οὐ
2681 2844 2787 2916 γὰρ
2827 2844 2916 2896 τὸν
2959 2842 3278 2913 χαρακτῆρα
3314 2839 3408 2892 τοῦ
3465 2837 3816 2911 ἐργασαμένου

597 2933 763 2988 tiflcis
809 2942 862 2987 et
895 2935 1065 3004 gloria
1124 2937 1258 2990 artis
1308 2935 1456 2988 illius
1498 2953 1512 2988 :
1554 2944 1610 2990 at
1657 2951 1763 2990 non
1816 2937 2168 3008 hypostaseos

2275 2939 2384 3010 ἔχει
2414 2939 2474 2991 τὸ
2504 2937 2699 3009 βάθρον
2725 2936 2834 3007 ﬁt?)
2850 2933 3052 2987 πλοῖον’
3077 2935 3106 2985 ὁ
3139 2935 3232 3002 μὲν
3257 2932 3364 3002 γάρ
3381 2933 3530 2983 ἐστιν
3559 2931 3819 3000 ἄνθρωπος

600 3025 900 3078 character.
958 3024 1067 3079 Nec
1123 3027 1264 3079 enim
1306 3035 1400 3079 aut
1452 3042 1737 3082 scamnum
1769 3037 1862 3081 aut
1915 3031 2164 3084 navicula

2275 3033 2330 3100 τῇ
2355 3030 2666 3084 ὑποστάσει.
2685 3028 2742 3079 τὸ
2772 3026 2827 3078 δὲ
2857 3025 3052 3096 βάθρον
3081 3025 3112 3094 ἢ
3155 3025 3216 3077 τὸ
3251 3023 3432 3076 πλοῖον
3455 3021 3539 3076 οὔ.
3569 3021 3722 3073 Οὕτω
3741 3021 3821 3072 καὶ

596 3115 764 3169 habet
797 3115 1164 3170 characterem
1202 3117 1413 3186 opificis
1465 3120 1548 3175 sui
1581 3138 1594 3173 :
1634 3134 1757 3173 cum
1811 3120 1897 3175 hic
1953 3121 2170 3190 quidem

2275 3123 2298 3173 ὁ
2337 3120 2618 3190 ἄνθρωπος
2649 3118 2739 3172 τοῦ
2768 3117 2993 3187 θεμένου
3023 3116 3180 3169 αὑτὸν
3217 3116 3350 3170 Θεοῦ
3391 3115 3558 3169 εἰκὼν
3590 3117 3683 3168 καὶ
3715 3114 3821 3176 δόξα

606 3207 677 3259 sit
707 3206 868 3262 homo
902 3206 1202 3276 hypostasi,
1254 3223 1536 3264 scamnum
1568 3213 1868 3266 autemvel
1925 3213 2172 3267 navicula

2275 3212 2403 3264 ἐστί.
2425 3211 2533 3263 Καὶ
2559 3212 2665 3282 γὰρ
2698 3210 2836 3264 κατὰ
2859 3208 2950 3262 τὸν
2981 3211 3131 3277 ἆγιον
3161 3207 3448 3278 Σολομῶνα
3475 3207 3588 3277 (49)
3614 3228 3620 3233 ·
3646 3225 3663 3256 ι
3687 3207 3821 3257 Ἀνα-

608 3311 717 3348 non
763 3297 910 3353 item.
947 3295 1037 3350 Sic
1069 3297 1230 3351 etiam
1272 3299 1432 3354 homo
1466 3309 1550 3356 est
1573 3302 1749 3372 imago
1777 3312 1830 3356 et
1850 3304 2020 3374 gloria
2059 3304 2170 3369 Dei,

2275 3301 2486 3369 λόγωςὸ
2505 3300 2880 3372 γενεσιουργὺς
2917 3300 3092 3352 αὐτῶν
3131 3299 3414 3367 θεωρεῖται
3451 3296 3550 3349 καὶ
3567 3293 3822 3358 δοξάζεται

609 3390 700 3456 qui
733 3387 908 3456 ipsum
931 3389 1204 3444 condidit.
1242 3389 1475 3455 Etenim,
1532 3402 1592 3446 ut
1643 3395 1718 3446 ait
1767 3403 1990 3450 sanctus
2023 3395 2174 3450 Salo-

2275 3395 2337 3445 ὲκ
2373 3392 2468 3445 τοῦ
2506 3391 2786 3460 γεγονότος
2807 3408 2820 3422 ·
2850 3410 2866 3441 ι
2901 3392 2959 3443 οὐ
2998 3390 3102 3461 μὴν
3134 3389 3417 3460 χαρακτήρ
3439 3390 3556 3440 ἐστι
3581 3387 3677 3455 τῆς
3713 3385 3824 3437 ὑπο-

2277 3485 2516 3546 στάσεως
2553 3483 2644 3536 τοῦ
2670 3483 3045 3552 πεποιηκότος,
3073 3482 3184 3534 ἀλλ’
3211 3481 3372 3551 ῆάρα
3409 3480 3511 3550 τῆς
3547 3479 3821 3549 ἐνεργείας.

2273 2112 2522 2181 ρακτῆρα
2556 2109 2901 2169 ὑποστάσεως
2939 2104 3123 2164 αὑτοῦ.
3164 2104 3237 2156 Τὸ
3274 2103 3382 2174 γάρ
3414 2102 3575 2174 ἔργον
3617 2101 3706 2155 τοῦ
3735 2104 3808 2172 ἐρ-

2269 2203 2578 2273 γασαμένου
2609 2201 2847 2272 τεχνίτου
2878 2199 2988 2270 ἔχει
3013 2199 3112 2270 τὴν
3133 2198 3314 2250 εἰκόνα
3344 2197 3444 2264 τῆς
3481 2196 3694 2266 τέχνης,
3709 2195 3808 2264 οὐχὶ

2268 2297 2324 2350 δὲ
2360 2297 2459 2367 τῆς
2499 2296 2863 2356 ὑποστάσεως.
2891 2294 3088 2361 Ἀνόμ.
3132 2291 3195 2343 Τί
3228 2290 3404 2357 λέγεις
3438 2291 3538 2342 οὐκ
3565 2284 3709 2342 οἷδαο
3735 2306 3810 2340 σα-

2271 2389 2530 2459 φέστερον
2570 2387 2710 2439 εἰπέ.
2770 2385 2914 2452 Ὁρθ.
2954 2383 3060 2436 Τοῦ
3097 2382 3341 2444 τέκτονος
3391 2382 3452 2433 τὸ
3494 2380 3690 2452 βάθρον
3721 2378 3811 2453 ἔχει

2268 2481 2367 2553 τὴν
2420 2481 2602 2534 εἰκόνα
2635 2481 2732 2550 τῆς
2757 2479 2980 2549 τέχνης·
3027 2477 3120 2529 ἐὰν
3158 2477 3265 2546 γὰρ
3298 2474 3389 2527 ἴδω
3431 2474 3650 2543 βάθρον,
3696 2470 3811 2535 οἶδα,

2269 2574 2350 2626 ὅτι
2385 2573 2490 2626 ὑπὸ
2532 2573 2775 2635 τέκτονος
2816 2571 3054 2638 ἐγένετοο
3089 2567 3188 2621 κᾶν
3220 2568 3310 2619 ἴδω
3351 2566 3554 2627 πλοῖον,
3594 2561 3724 2626 οῖδα,
3747 2565 3813 2616 ὅτι

2270 2665 2375 2717 ὑπὸ
2411 2662 2688 2733 ναυπηγοῦ
2721 2665 2833 2715 ὲστι
2859 2663 2918 2714 τὸ
2955 2661 3133 2732 ἔργον,
3163 2658 3258 2712 τοῦ
3279 2658 3653 2730 ἐργασαμένου
3677 2654 3815 2709 εἰκὼν

2269 2758 2363 2811 καὶ
2393 2754 2520 2820 δόξα
2543 2758 2640 2826 τῆς
2668 2757 2858 2825 τέχνης
2878 2771 2891 2784 ο
2928 2755 2986 2806 οὐ
3015 2755 3120 2824 μὴν
3143 2753 3236 2806 καὶ
3265 2752 3554 2822 χαρακτὴρ
3582 2751 3679 2820 τῆς
3705 2752 3816 2802 ὑπο»

611 3494 739 3532 mou
776 3498 788 3531 :
831 3497 849 3530 ι
887 3477 1240 3548 Proportione
1267 3483 1522 3552 quadam,
1595 3484 1811 3538 illarum
1846 3501 2023 3538 rerum
2074 3503 2172 3539 ιιιιο

611 3577 731 3622 ctor
769 3569 1108 3639 conspicitur
1147 3579 1200 3626 et
1229 3573 1400 3642 gloria
1429 3573 1675 3638 aﬂicitur,
1715 3590 1780 3628 ex
1825 3591 1891 3629 eo
1924 3577 2068 3644 quod
2097 3575 2177 3630 cf-

605 3656 813 3712 fectum
842 3668 926 3714 est
953 3677 967 3715 :
998 3661 1044 3693 “
1081 3681 1101 3714 ι
1141 3677 1249 3716 non
1279 3671 1457 3717 tamen
1490 3672 1575 3719 est
1606 3665 1892 3720 character
1921 3667 2177 3736 hyposta-

613 3765 737 3804 seos
761 3751 992 3820 apilicis,
1023 3752 1116 3808 sed
1161 3752 1428 3807 duntaxat
1457 3755 1672 3811 virtutis
1721 3758 1841 3825 ejus
1867 3757 2174 3811 cll'ectricis.

2287 3578 2344 3628 ὐ
2377 3576 2433 3629 δὲ
2467 3575 2593 3638 Υἱὸς
2630 3573 2914 3646 χαρακτὴρ
2946 3573 3323 3634 ὲνυπόστατος.
3367 3573 3531 3639 Λέγει
3569 3572 3706 3640 γάρ·
3743 3569 3824 3618 ιὈ
3865 3619 3870 3623 .

2275 3663 2533 3736 ἑωρακὼς
2565 3666 2663 3735 ἐμὲ
2695 3664 2905 3736 ἑώρακε
2941 3664 3032 3716 τὸν
3073 3663 3292 3730 Πατέρα
3335 3679 3436 3732 μου
3458 3678 3472 3690 ’
3506 3681 3525 3712 ›
3565 3662 3735 3722 οὐδεὶς
3759 3659 3822 3713 δὲ.

2277 3759 2534 3828 ἑωρακὼς
2577 3759 2880 3829 ἄνθρωπον,
2935 3751 3042 3808 εἶδε
3072 3755 3161 3807 τὸν
3189 3753 3427 3825 Πατέρα.
3482 3754 3685 3820 Ἀνέμ.
3732 3749 3824 3804 Ποῦ

612 3841 681 3895 At
711 3839 878 3896 Filius
907 3852 993 3898 cst
1029 3843 1314 3899 character
1351 3845 1745 3916 hypostaticus.
1785 3847 1966 3918 luquit
2001 3850 2174 3902 enim:

611 3950 640 3982 ι(
677 3931 781 3998 Qui
835 3934 975 3988 vidit
1002 3950 1112 3998 me.
1166 3936 1302 3990 vidit
1342 3935 1556 3991 Patrem
1611 3954 1789 3992 meum
1827 3941 1914 3995 "z
1962 3959 1980 3990 ι
2020 3955 2179 3994 nemo

616 4038 765 4085 vero,
795 4025 939 4093 quod
988 4025 1183 4078 viderit
1214 4025 1512 4091 hominem,
1549 4027 1755 4083 idcirco
1781 4028 1912 4082 vidit
1940 4027 2175 4083 Patrem.

617 4113 804 4164 Anam.
841 4110 942 4166 Ubi
987 4115 1249 4183 scriptum
1281 4127 1384 4181 est,
1418 4115 1613 4171 Filium
1662 4133 1784 4174 esse
1811 4119 2180 4174 characterem

617 4203 1020 4273 hypostaseos?
1071 4205 1223 4260 Orth.
1280 4208 1438 4276 Apud
1475 4211 1782 4278 apostolum
1838 4209 2066 4265 Paulum
2124 4211 2180 4264 in

621 4293 858 4362 Epistola
892 4296 957 4348 ad
996 4294 1272 4353 Hebraeos.
1323 4300 1510 4353 Anam.
1547 4298 1665 4354 Non
1697 4300 1954 4369 recipitur
1983 4302 2038 4356 in
2079 4301 2183 4357 Ec-

2277 3848 2601 3918 γέγραπται,
2653 3847 2734 3899 ὅτι
2787 3847 3070 3916 χαρακτήρ
3125 3845 3239 3896 ὲστι
3287 3842 3386 3910 τῆς
3428 3843 3770 3902 ὑποστάσεως
3804 3839 3828 3888 ὁ

2279 3940 2433 4004 Υἱός;
2468 3941 2621 4007 Ὀρθ.
2658 3939 2812 4008 Παρά
2847 3937 2923 4007 τῷ
2955 3935 3235 4005 άποστόλῳ
3281 3933 3483 4004 Παύλῳ
3514 3935 3575 3987 ὲν
3615 3936 3680 4002 τῇ
3712 3931 3830 4000 πρὸς

2289 4027 2592 4100 Ἐϐραίους.
2621 4029 2819 4096 Ἀνόμ.
2851 4027 2964 4080 Οὐκ
2991 4023 3443 4095 ὲκκλησιάξεταις
3469 4025 3626 4092 Ὀρθ.
3650 4024 3763 4088 ’Δφ’
3781 4011 3831 4070 οὗ

2279 4119 2586 4190 κατηγγέλη
2611 4119 2671 4172 τὸ
2693 4118 3018 4187 Εὑαγγέλιον
3046 4115 3304 4188 Χριστοῦ,
3336 4115 3552 4170 Παύλου
3591 4111 3728 4167 εἶναι
3753 4127 3836 4162 πε-

2281 4211 2566 4264 πίστευται
2599 4213 2631 4280 ἡ
2673 4209 2926 4280 ἐπιστολή
2947 4226 2961 4242 ο
2999 4210 3092 4262 καὶ
3123 4208 3238 4278 μετ’
3278 4207 3454 4276 αὐτῆς
3475 4209 3613 4260 εἰσιν
3633 4208 3835 4258 ἐπιστο-

2281 4303 2372 4356 λαὶ
2396 4303 2452 4355 ιδ’
2477 4305 2532 4356 αἱ
2566 4305 2734 4355 πᾶσαι
2762 4302 2855 4354 τοῦ
2891 4301 3124 4356 Παύλου.
3152 4303 3351 4370 Ἀνόμ.
3371 4299 3659 4368 Ἀνέγνως,
3687 4298 3765 4349 ὅτι
3789 4295 3837 4344 ἐν

615 4384 808 4437 clesia.
867 4381 1026 4438 Orth.
1056 4385 1130 4438 Ex
1163 4403 1273 4455 quo
1304 4387 1685 4440 annuntiatum
1725 4362 2175 4458 est-Evangelium

2287 4395 2385 4465 μὲν
2427 4394 2626 4456 πάσαις
2662 4394 2723 4446 τὸ
2754 4393 2920 4462 ὖνομα
2953 4391 3116 4445 αὐτοῦ
3147 4362 3463 4463 ἐμφέρεται,
3508 4362 3574 4440 -ὲν
3601 4388 3657 4441 δὲ
3682 4384 3838 4451 ταύτῃ

613 4473 842 4538 Christi,
890 4479 1154 4532 creditum
1191 4490 1275 4533 est
1306 4479 1445 4530 hanc
1486 4477 1778 4546 Epistolam
1824 4476 1977 4531 Pauli
2015 4494 2178 4534 esse:

2281 4483 2342 4535 οὔ
2366 4500 2380 4546 ;
2405 4485 2560 4549 Ὅρθ.
2588 4483 2708 4534 Ὅτι
2734 4480 3001 4551 Ἑϐραίοις
3039 4480 3273 4552 ἔγραφεν
3295 4496 3307 4507 ·
3338 4474 3481 4548 ἦσαν
3525 4477 3583 4529 δὲ
3615 4488 3839 4542 intra?

616 4577 676 4621 et
705 4583 769 4621 ea
807 4578 1215 4635 conuumerata,
1239 4583 1431 4624 omnes
1461 4567 1710 4636 Epistola:
1738 4566 1892 4622 Pauli
1922 4578 2050 4623 sunt
2083 4587 2175 4624 nu-

2281 4571 2463 4635 θέντες
2491 4572 2619 4642 περὶ
2651 4571 2836 4633 αὑτοῦ,
2857 4572 2938 4624 ὅτι
2966 4571 3300 4624 ἀποστασίαν
3335 4567 3608 4624 διδάσκει·
3636 4564 3731 4617 καὶ
3765 4562 3840 4613 ἵνα

620 4673 772 4712 mero
825 4659 1254 4727 quatuordecim.
1308 4658 1497 4711 Anam.
1551 4656 1807 4728 Legistin’
1864 4658 1915 4711 in
1967 4661 2175 4714 caeteris

2284 4663 2380 4733 μὴ,
2441 4662 2808 4732 σειριάσαντες
2866 4661 3028 4714 αὑτοῦ
3076 4660 3136 4714 τὸ
3206 4661 3400 4730 ὄνομα,
3455 4658 3715 4713 κλείσωσι
3753 4653 3840 4720 τὴν

618 4749 876 4804 omnibus
931 4751 1160 4820 proferri
1201 4764 1397 4803 nomen
1448 4749 1640 4818 ipsius,
1693 4750 1747 4802 in
1779 4749 1878 4804 hac
1910 4765 2040 4804 vero
2071 4767 2175 4805 non

2281 4753 2447 4823 ἀκοήν
2465 4770 2478 4781 ’
2515 4754 2604 4805 διὰ
2633 4753 2791 4805 τοῦτο
2834 4752 2943 4805 ἀπὸ
2978 4752 3082 4805 τῶν
3119 4751 3369 4821 πατέρων
3395 4750 3619 4822 ἠρξατο,
3644 4747 3806 4813 λέγων
3828 4757 3839 4768 ·

624 4843 799 4897 item?
858 4841 1011 4896 Orth.
1069 4841 1205 4896 Cum
1262 4840 1504 4896 Hebraeis
1557 4840 1839 4902 scriberet,
1899 4845 1991 4910 qui
2045 4841 2175 4895 fama

2295 4864 2313 4896 I
2353 4845 2677 4915 Πολυμερῶς
2706 4847 2800 4898 καὶ
2838 4844 3186 4913 πολυτρόπως
3213 4844 3381 4896 πάλαι
3407 4845 3438 4894 ὁ
3463 4843 3596 4904 Θεὸς
3621 4839 3844 4906 λαλήσας

623 4942 981 5004 acceperant,
1041 4934 1222 5004 ipsum
1278 4934 1526 4987 homines
1583 4932 1779 4988 docere
1829 4933 2175 4988 defectionem

2285 4941 2396 5000 τοῖς
2425 4939 2692 5006 πατράσιν
2723 4936 2876 5006 ἡμῶν
2907 4938 2966 4988 ἐν
2990 4938 3095 4998 τοῖς
3145 4937 3473 5006 προφήταις,
3513 4934 3598 4985 ἐπ’
3628 4931 3845 5012 ἐσχάτου

624 5037 656 5074 a
707 5023 839 5091 lege,
868 5037 936 5074 ne
991 5022 1162 5090 ipsius
1203 5036 1394 5074 nomen
1431 5021 1806 5083 abhorrentes.
1837 5037 1998 5078 aures
2024 5021 2175 5094 bl]

2285 5027 2394 5079 τῶν
2421 5028 2641 5099 ἡμερῶν
2666 5026 2924 5096 ἐλάλησεν
2955 5027 3083 5096 ἡμῖν
3113 5026 3170 5077 ὲν
3199 5024 3332 5094 Υἱῷ.
3365 5045 3382 5073 ι
3429 5026 3552 5076 ’Ὁτι
3601 5022 3659 5074 δὲ
3692 5016 3845 5072 αύτοῦ

626 5113 996 5174 (recluderent,
1051 5121 1332 5182 propterea
1387 5127 1416 5164 a
1455 5111 1709 5168 Patribus
1740 5115 1813 5166 ita
1857 5129 2018 5168 orsus
2060 5123 2175 5167 est:

2286 5120 2494 5188 ὲστινή
2533 5117 2809 5187 ἐπιστολὴ,
2855 5116 3084 5186 φανερόν
3128 5115 3362 5168 ἐστικαὶ
3401 5115 3511 5167 ἀπὸ
3543 5113 3633 5165 τοῦ
3673 5110 3851 5165 τέλους

632 5220 650 5251 c
693 5203 1034 5258 Multifariam
1070 5205 1362 5272 multisque
1409 5207 1582 5258 modis
1611 5206 1741 5259 olim
1785 5204 1926 5260 Deus
1971 5206 2175 5259 locutus

2285 5211 2384 5280 τῆς
2419 5211 2720 5281 ἐπιστολῆς.
2748 5210 3034 5280 Μέμνηται
3074 5208 3178 5280 γὰρ
3208 5211 3303 5262 καὶ
3335 5209 3619 5279 Τιμοθέου,
3650 5207 3820 5271 λέγων
3839 5218 3851 5228 ·

629 5297 874 5364 patribus
927 5297 981 5349 iu
1025 5296 1327 5365 prophetis,
1387 5297 1589 5350 ultimis
1649 5298 1797 5351 hisce
1852 5297 2044 5352 diebus
2103 5299 2175 5350 lo-I

2297 5319 2313 5347 ι
2345 5299 2644 5352 Γινώσκετε
2681 5299 2773 5352 τὸν
2827 5297 3052 5366 ἀδελφὸν
3084 5298 3243 5368 ἡμῶν
3271 5298 3536 5367 Τιμόθεον
3594 5294 3856 5349 ἀπολελύ-

699 5447 745 5479 ⁷⁵
778 5448 938 5504 Hebr.
976 5466 1028 5513 ι,
1062 5451 1114 5503 5.
1189 5453 1233 5488 ⁷⁸
1274 5449 1401 5521 Sap.
1439 5466 1571 5512 xm,
1605 5450 1657 5505 5.
1735 5451 1780 5481 7‘
1816 5448 1954 5504 Joan
2019 5465 2130 5515 xxv,
2164 5448 2218 5504 9.

704 5565 811 5635 (48)
840 5565 916 5620 Ita
951 5566 1120 5620 Palat.
1160 5576 1211 5621 et
1253 5560 1432 5622 Fclck.
1471 5568 1607 5622 Editi
1647 5583 1794 5630 vero,
1839 5566 2061 5638 θελήσαι
2091 5561 2183 5622 οἷν

634 5632 671 5686 ἆ
704 5565 811 5635 (48)
840 5565 916 5620 Ita
951 5566 1120 5620 Palat.
1160 5576 1211 5621 et
1253 5563 1432 5622 Fclck.
1471 5568 1607 5622 Editi
1647 5583 1794 5630 vero,
1839 5566 2061 5638 θελήσαι
2091 5563 2183 5622 οἷν
2362 5569 2472 5638 (49)
2510 5568 2676 5621 Palat.
2717 5566 2855 5619 κατὰ
2879 5566 2966 5619 τὸν
2996 5565 3145 5631 ἅγιον
3176 5563 3406 5618 Παῦλον.

675 5651 758 5686 aa.

673 5651 758 5703 ρα.
