3982 6398
230 325 371 383 ’1125

1212 320 1299 375 DE
1325 318 1607 375 ’SANCTA
1647 319 2023 375 TRlNlTATE
2055 319 2402 378 DIALOGUS
2433 318 2482 374 1.

3315 318 3456 374 “26

233 445 412 514 μένον,
454 441 574 514 μεθ’
602 436 685 506 οὗ,
719 441 813 496 ἐὰν
835 439 1019 511 τάχιον
1047 440 1290 512 ἔρχηται,
1338 441 1538 511 ὄψομαι
1571 441 1732 512 ὑμᾶς.
1772 462 1791 496 ι

1902 449 2056 496 cutus
2090 449 2174 496 est
2208 440 2366 496 nobis
2393 441 2450 494 in
2485 437 2621 494 Filio
2646 439 2714 494 τ’.
2757 456 2777 490 ι
2829 435 2982 493 Hanc
3012 447 3195 496 autem
3222 451 3345 494 esse
3373 438 3458 507 ip-

217 544 342 596 sius
379 542 700 613 Epistolam,
737 547 963 611 apparet
993 541 1155 594 etiam
1182 555 1246 594 ex
1283 541 1389 594 line
1420 537 1693 601 Epistolze.
1757 537 2004 594 Meminit
2035 538 2181 594 enim
2220 537 2384 593 etiam
2437 537 2708 592 Timothei
2756 537 2842 592 his
2875 538 3058 594 verbis
3090 556 3106 594 :
3155 556 3172 589 ι
3249 536 3457 593 Scitote

229 632 453 687 fratrem
482 643 731 688 nostrum
765 632 1111 687 Timotheum
1163 632 1454 692 liberatum
1491 646 1635 696 esse,
1675 645 1800 684 cum
1831 645 1962 702 quo.
1991 631 2037 686 si
2071 630 2181 685 cito
2206 631 2437 694 venerit,
2471 646 2570 685 vos
2603 629 2794 685 videbo
2816 630 2885 682 ⁷⁸.
2923 648 2942 682 ι

298 725 354 780 6.
404 726 725 797 Ἀνόμοιος.
771 726 890 780 Κᾶν
933 725 1132 798 δῶμεν,
1166 727 1247 779 ὅτι
1298 725 1506 778 Παύλου
1566 725 1712 779 ἐστὶν
1753 727 1788 797 ή

1964 725 2018 779 6.
2057 725 2362 782 Αηοιηωιιε.
2388 725 2608 780 Etiamsi
2645 725 2785 780 hanc
2819 723 3115 795 Epistolam
3146 724 3299 780 Pauli
3328 740 3457 782 esse

241 818 550 890 Ἐπιστολὴ,
582 818 717 872 ἀλλὰ
744 818 1072 890 ὁχαρακτὴρ
1108 817 1219 888 (50)
1235 818 1332 888 τῆς
1363 815 1708 880 ὑποστάσεως
1737 819 1794 871 ὲν

1902 815 2293 882 concedamus,
2341 823 2578 871 attamen
2623 815 2909 870 character
2955 815 3310 888 hypostaseos
3358 817 3457 870 ha-

228 909 294 978 τῇ
325 908 619 962 ὑποστάσει
650 908 763 979 ἔχει
789 908 850 961 τὸ
892 903 1052 970 εἶναι,
1091 908 1190 960 οὐκ
1218 909 1274 960 ὲν
1315 906 1419 977 ἰδίᾳ
1446 905 1595 977 (toﬁ;
1639 907 1792 973 Ὀρθ.

242 998 380 1050 Ἀλλ’
408 999 470 1052 ού
503 997 660 1068 μόνον
691 997 902 1068 εἴρηται
938 995 1221 1067 χαρακτὴρ
1258 994 1625 1058 ὑποστάσεως,
1659 994 1795 1048 ἀλλά

231 1091 326 1143 καὶ
353 1089 500 1154 Υἱὸς,
521 1090 608 1141 ἵνα
637 1088 697 1140 τὸ
725 1087 1082 1142 ἐνυπόστατον
1100 1088 1396 1157 νοήσωμεν.
1434 1086 1794 1156 ’Λπαύγασμα

231 1181 340 1254 γὰρ
386 1183 618 1252 εἴρηται,
665 1179 752 1234 διὰ
783 1179 842 1232 τὸ
885 1180 1166 1242 ωναῖδίως
1196 1178 1256 1242 ἐξ
1291 1177 1454 1232 αὑτοῦ
1484 1173 1620 1232 εῖναι
1641 1195 1654 1208 ·
1692 1194 1792 1247 χα-

215 1273 442 1346 -ρακτὴρ
495 1271 584 1326 διά
625 1273 722 1344 τὴν
768 1269 1059 1342 ὁμοιὸτητα
1095 1271 1194 1341 τῆς
1246 1269 1623 1333 ὑποστάσεως·
1667 1268 1793 1330 Υἱὸς

211 1366 321 1419 ιδιά
345 1366 406 1419 τὸ
436 1364 810 1418 ένυπόστατον.
841 1363 1035 1432 ’Λνόμ
1061 1362 1168 1414 Kal.
1189 1362 1349 1433 ἡμεῖς
1371 1361 1600 1432 λέγομεν
1619 1359 1798 1413 πάντα

213 1453 370 1511 -εἷναι
407 1457 473 1509 ἐκ
498 1455 590 1521 τοῦ
623 1454 780 1509 Θεοῦ.
821 1455 972 1522 Ὀρθ.
1020 1452 1181 1506 Ἀλλὰ
1205 1453 1274 1506 τὰ
1307 1452 1403 1524 μὲν
1432 1451 1577 1504 ἐστιν
1602 1453 1666 1504 ὲκ
1699 1451 1798 1522 τῆς

231 1549 452 1620 ἐντολῆς
496 1547 659 1602 αὐτοῦ
717 1546 1150 1620 δημιουργικῶςο
1203 1546 1233 1598 ὁ
1286 1545 1344 1598 δὲ
1399 1544 1527 1608 Υἱὸς
1581 1544 1646 1598 ὲκ
1697 1543 1799 1613 τῆς

231 1641 582 1704 ὑποστάσεως
602 1639 930 1710 γεννητικῶς
956 1639 1015 1692 τὸ
1037 1638 1093 1692 δὲ
1121 1636 1343 1708 Πνεῦμα
1371 1634 1794 1707 ἑκπορευτικῶς.

1893 905 1985 960 bet
2021 921 2146 962 esse
2192 906 2248 960 in
2286 907 2601 978 hypostasi,
2633 923 2744 962 non
2785 908 2842 962 in
2871 909 3093 978 propria
3123 909 3255 964 vita.
3294 907 3452 964 Ortli.

1895 996 1966 1050 At
2004 997 2256 1053 Christus
2299 1013 2406 1052 non
2451 1006 2662 1052 tantum
2707 997 2911 1052 dicitur
2963 999 3246 1053 character
3283 997 3456 1070 hypo-

1900 1097 2148 1152 staseos,
2195 1105 2382 1145 verum
2431 1091 2595 1145 etiam
2647 1089 2856 1156 Filius,
2907 1098 2967 1144 ut
3018 1091 3149 1145 illud
3202 1091 3459 1163 hyposla-

1899 1181 2068 1236 ticum
2109 1181 2496 1252 intelligamus.
2546 1180 2756 1235 Dicitur
2795 1181 2940 1237 enim
2989 1180 3266 1251 splendor,
3311 1183 3458 1252 quod

1893 1287 2005 1325 una
2039 1272 2111 1326 sit
2139 1287 2206 1327 ex
2233 1272 2354 1342 ipso
2385 1271 2452 1326 ab
2477 1283 2682 1328 aeterno
2711 1291 2724 1328 :
2761 1272 3045 1327 character
3077 1288 3207 1327 vero
3237 1283 3458 1344 propter

1897 1362 2252 1432 hypostaseos
2290 1362 2703 1416 similitudinem
2740 1380 2753 1416 :
2785 1360 2955 1418 Filius
2999 1362 3265 1432 denique,
3304 1363 3458 1432 quod

1893 1453 1970 1509 sit
2000 1454 2055 1509 in
2085 1454 2387 1526 hypostasi.
2416 1452 2608 1508 Anam.
2639 1451 2882 1510 Dicimus
2911 1461 2967 1508 et
2997 1471 3097 1510 nos
3127 1458 3309 1511 omnia
3336 1473 3458 1514 esse

1897 1561 1964 1600 ex
2005 1543 2134 1599 Deo.
2189 1544 2341 1600 Orth.
2397 1544 2502 1600 Sed
2562 1544 2667 1599 alia
2719 1545 2941 1616 quidem
2993 1554 3120 1601 sunt
3164 1564 3232 1603 ex
3282 1548 3457 1618 ipsius

1899 1634 2156 1689 mandato
2212 1650 2309 1705 per
2356 1633 2728 1701 creationem;
2772 1632 2940 1688 Filius
2977 1651 3108 1690 vero
3161 1653 3227 1692 ex
3283 1639 3458 1710 ipsius

227 1734 440 1804 ”Ανόμ.
476 1734 586 1789 Καὶ
608 1732 670 1786 τὸ
701 1731 923 1804 Πνεῦμα
962 1735 1026 1786 ὲκ
1063 1733 1162 1802 τῆς
1207 1730 1554 1792 ὑποστάσεως
1580 1727 1793 1796 λέγεις;

1902 1720 2218 1796 h'ypostasi,
2265 1741 2362 1796 per
2411 1725 2850 1796 generationem;
2901 1725 3138 1796 Spiritus
3187 1744 3317 1784 vero
3364 1745 3460 1799 per

226 1827 400 1897 "0130.
448 1826 601 1880 Ἐπεὶ
648 1825 842 1892 πόθεν;
891 1825 1088 1894 Ἀνόμ.
1122 1823 1230 1876 Ποῦ
1258 1823 1588 1894 γέγραπται,
1619 1821 1702 1874 ὅτι
1729 1820 1796 1873 τά

215 1920 336 1991 ’μὲν
362 1921 426 1973 ἑκ
455 1919 554 1990 τῆς
584 1918 820 1990 ἐντολῆς,
838 1915 908 1970 τά
932 1917 988 1970 δὲ
1017 1918 1081 1969 ὲκ
1106 1915 1204 1986 τῆς
1222 1915 1603 1978 ύποστάσεωςς
1638 1913 1792 1980 Ὀρθ.

242 2013 302 2065 '0
340 2010 505 2065 Δαΰὶδ
531 2008 678 2078 λέγει
705 2007 832 2079 περ).
874 2007 983 2060 τῶν
1009 2007 1073 2060 ὲκ
1113 2006 1210 2077 τῆς
1244 2005 1464 2075 ἐντολῆς
1483 2020 1497 2032 ·
1539 2022 1558 2056 ι
1587 2005 1795 2057 Αἰνεῖτε

212 2103 325 2156 ’τδν
374 2101 579 2173 Κύριον
619 2101 685 2154 ὲκ
723 2099 832 2152 τῶν
869 2097 1133 2170 οὐρανῶν,
1181 2097 1378 2149 αῑνεῖτε
1408 2095 1568 2150 αὑτὸν
1601 2096 1658 2148 έν
1686 2096 1797 2158 τοῖς

221 2192 500 2262 ὑψίστοις,
541 2191 740 2246 αἱνεῖτε
785 2189 968 2253 αὐτὸν,
1011 2188 1210 2252 πάντες
1257 2190 1306 2240 οἱ
1354 2187 1573 2256 ἄγγελοι
1609 2187 1795 2250 αὑτοῦ,

231 2289 433 2340 αἱνεῖτε
468 2285 650 2348 αὑτὸν,
676 2285 848 2338 πᾶσαι
875 2283 930 2335 αἱ
963 2281 1218 2352 δυνάμεις
1261 2277 1445 2342 αὐτοῦ,
1475 2279 1670 2332 αἰνεῖτε
1697 2279 1798 2331 αύ-

230 2373 344 2434 τὸν,
383 2375 534 2444 ἥλιος
585 2374 678 2428 καὶ
731 2373 962 2443 σελήνη,
1015 2374 1212 2424 αίνεῖτε
1261 2370 1452 2431 αὐτὸν,
1505 2371 1680 2424 πάντα
1731 2370 1800 2423 τὰ

227 2468 409 2537 ἄστρα
435 2467 528 2519 καὶ
551 2463 612 2518 τὸ
644 2465 777 2534 φῶς.
815 2465 934 2516 Ὅτι
962 2463 1122 2526 αὐτὸς
1153 2458 1293 2519 εἷπε.
1317 2461 1409 2514 καὶ
1435 2461 1765 2531 ἐγενήθησαν
1782 2477 1796 2491 ·

233 2559 396 2618 αὐτὸς
446 2556 744 2610 ἐνετείλατο
780 2554 912 2625 (51),
944 2555 1038 2608 καὶ
1085 2553 1429 2624 ἐκτίσθησαν.
1487 2571 1507 2602 ι
1564 2552 1699 2623 Περὶ
1743 2552 1800 2605 δὲ

229 2650 334 2719 τῆς
367 2652 673 2718 γεννήσεως
712 2647 806 2700 τοῦ
838 2646 968 2699 Υίοῦ
1004 2645 1343 2716 γέγραπται·
1376 2663 1395 2695 ι
1444 2644 1538 2697 Ἐκ
1568 2643 1802 2715 γαστρὸς

241 2742 352 2812 πρὸ
401 2739 680 2812 έωσφόρου
726 2739 837 2810 (52)
897 2737 1162 2808 ὲγέννησά
1210 2753 1302 2789 σε’
1338 2755 1355 2786 ι
1393 2736 1486 2789 καὶ
1535 2736 1662 2806 περὶ
1707 2734 1800 2788 τοῦ

219 2831 392 2899 ’ἁγίου
419 2828 751 2900 Πνεύματος,
773 2848 790 2880 ι
835 2827 921 2882 Ἐν
954 2829 1074 2890 ταῖς
1095 2825 1345 2896 ἐσχάταις
1376 2826 1606 2898 ἡμέραις
1627 2824 1802 2896 ἐκχεῶ

233 2922 344 2974 ἀπὸ
370 2919 465 2974 τοῦ
497 2920 809 2990 Πνεύματός
842 2937 942 2988 μου
977 2919 1068 2972 ἐπὶ
1107 2923 1286 2971 πᾶσαν
1318 2918 1528 2988 σάρκαο
1569 2936 1587 2967 ι
1625 2917 1718 2969 καὶ
1746 2919 1802 2969 έν

217 3012 446 3074 ’ἄλλοις’
483 3029 501 3062 ι
536 3009 758 3080 Πνεῦμα
781 3009 890 3080 γὰρ
922 3009 1049 3080 παρ’
1074 3007 1206 3078 ἐμοῦ
1231 3007 1581 3079 ἐκπορεύεται
1601 3025 1614 3037 ο
1655 3026 1672 3057 ι
1709 3007 1802 3060 καὶ

231 3107 288 3155 ὲν
317 3102 500 3165 άλλοις
521 3117 532 3130 ·
569 3121 587 3152 ι
614 3101 703 3172 Τῷ
748 3100 906 3170 Λόγῳ
938 3101 1142 3172 Κυρίου
1169 3100 1280 3169 (55)
1307 3100 1356 3152 οί
1401 3099 1617 3172 οὐρανοὶ
1649 3101 1801 3152 ἐστε-

233 3193 552 3266 ρεὼθησαν,
596 3194 690 3246 καὶ
737 3192 814 3264 τῷ
859 3191 1135 3263 Πνεύματι
1179 3191 1270 3245 τοῦ
1325 3191 1588 3261 στόματος
1637 3191 1800 3244 αύτοῦ

228 3287 383 3338 πᾶσα
416 3287 450 3356 ἡ
482 3283 710 3354 δύναμις
750 3283 946 3336 αὐτῶν.
983 3301 1003 3335 ι
1051 3283 1247 3351 Ἀνόμ.
1287 3283 1382 3335 Ἐκ
1423 3281 1653 3354 γαστρὸς
1681 3275 1800 3334 εἷπε

230 3378 326 3429 καὶ
355 3377 642 3447 στόματος,
687 3375 787 3428 οὐκ
816 3374 873 3440 ἐξ
901 3375 1264 3438 ὑποστάσεως.
1306 3375 1460 3442 Ὀρθ.
1523 3375 1642 3427 Ἐπὶ
1665 3373 1800 3427 Θεοῦ

228 3467 359 3520 ὅταν
389 3465 652 3534 λέγωνται
680 3465 815 3537 μέλη
842 3465 874 3536 ἢ
913 3464 1074 3537 μέρη,
1119 3463 1561 3535 άνθρωποπαθῶς
1592 3464 1690 3535 μὲν
1711 3464 1800 3517 λέ-

227 3572 440 3622 γονται,
482 3555 798 3627 θεοπρεπῶς
846 3554 903 3607 δὲ
962 3554 1239 3607 νοοῦνταιο
1290 3555 1337 3606 εί
1383 3553 1437 3606 δὲ
1485 3553 1594 3624 μὴ,
1642 3555 1803 3608 ποίαν

227 3647 475 3717 γαστέρα
496 3643 812 3716 σωματικὴν
837 3644 930 3696 ἐπὶ
955 3643 1089 3698 Θεοῦ
1120 3645 1316 3714 ἔχομεν
1365 3644 1586 3714 νοῆσαι;
1636 3643 1797 3712 Ἐγὼ,

215 3738 474 3809 γαστέρα
503 3735 735 3800 ἁκούων,
761 3735 822 3790 τὸ
841 3736 1154 3807 γεννητικὸν
1177 3736 1276 3806 τῆς
1301 3735 1510 3804 φύσεως
1536 3736 1642 3789 νοῶ
1661 3776 1676 3798 ,
1708 3736 1802 3789 καὶ

228 3830 406 3900 στόμα
423 3829 486 3882 τὸ
504 3827 806 3882 διδακτικόν
824 3844 838 3859 ·
861 3830 956 3883 καὶ
977 3828 1084 3900 γὰρ
1105 3828 1198 3881 καὶ
1222 3827 1314 3881 ἐπὶ
1339 3827 1638 3898 ἀνθρώπων
1655 3827 1802 3881 ἔστιν

211 3919 316 3971 -ὅτε
344 3918 609 3990 κέχρηται
641 3920 676 3988 ἡ
709 3917 899 3990 Γραφὴ
922 3917 1091 3990 ταύτῃ
1119 3920 1184 3987 τῇ
1225 3916 1501 3988 συνηθείᾳ,
1551 3917 1628 3980 ὡς
1673 3917 1802 3971 ὅταν

226 4011 360 4082 λέγῃ
380 4026 397 4042 ·
434 4029 454 4062 ι
508 4009 642 4063 Ἀπὸ
668 4009 760 4063 τοῦ
791 4009 953 4078 φόὸου
987 4026 1103 4074 σου,
1139 4008 1331 4080 Κύριε,
1368 4010 1424 4062 ὲν
1445 4009 1642 4081 γαστρὶ
1674 4008 1801 4062 ἐλά-

216 4103 418 4174 ϐομεν,
441 4103 537 4156 καὶ
560 4102 818 4172 ὲτέκομεν
841 4101 1055 4173 πνεῦμα
1078 4100 1350 4172 σωτηρίας
1379 4103 1469 4154 ἐπὶ
1498 4100 1598 4170 τῆς
1626 4100 1748 4171 γῆς.
1776 4119 1795 4152 ι

227 4196 339 4250 Καὶ
368 4193 604 4249 ἐνταῦθα
631 4194 737 4266 γὰρ
771 4193 832 4247 ού
855 4192 1096 4266 γαστέρα
1123 4191 1278 4264 ἡμῶν
1302 4191 1448 4260 λέγει
1479 4191 1578 4262 τὴν
1612 4208 1800 4264 σωμα-

223 4286 410 4358 τικὴν.
436 4284 574 4339 ἀλλὰ
605 4286 704 4356 τὴν
727 4288 827 4358 τῆς
852 4283 1064 4354 φύσεως
1088 4282 1406 4356 γεννητικὴν
1431 4283 1677 4357 δύναμιν.

303 4457 354 4512 7.
375 4457 699 4525 Ἀνόμοιος.
721 4457 832 4510 Ποῦ
849 4456 1150 4531 γέγραπται
1163 4459 1254 4513 ἐπὶ
1271 4459 1406 4515 Θεοῦ
1426 4461 1584 4533 φύσις
1609 4465 1795 4533 ςὊρθ.

227 4548 391 4620 Παρὰ
422 4547 502 4620 τῷ
538 4548 872 4621 Ἀποστόλῳο
911 4567 930 4601 ‹
977 4551 1135 4605 Ἀλλὰ
1163 4551 1284 4605 τότε
1315 4553 1432 4624 μὲν,
1460 4554 1576 4608 οὐκ*
1598 4555 1798 4620 ειδότες
1836 4543 1846 4554 ’

223 4641 386 4703 Θεὸν,
416 4638 764 4692 ἐδουλεύσατε
804 4642 916 4706 τοῖς
947 4641 1021 4713 μὴ
1055 4641 1212 4711 φύσει
1233 4638 1350 4697 οῦσι
1379 4643 1520 4709 Θεοῖς
1540 4662 1553 4676 ·
1597 4646 1691 4702 νῦν
1715 4647 1794 4713 δὲ,

225 4731 454 4799 γνόντες
483 4729 635 4795 Θεὸν,
674 4731 872 4801 μᾶλλον
899 4732 956 4786 δὲ
983 4734 1309 4802 γνωσθέντες
1335 4735 1440 4790 ύπὺ
1467 4737 1559 4790 τοῦ
1581 4738 1738 4805 Θεοῦ,
1773 4759 1792 4791 ι

228 4821 393 4890 φύσει
423 4821 686 4892 δηλονότι.
723 4823 836 4876 Καὶ
876 4825 934 4877 ὲν
967 4827 1085 4889 ταῖς
1118 4826 1426 4892 καθο).ικαῖς
1461 4828 1800 4896 Ἐπιστολαῖς

222 4912 578 4985 γέγραπται·
632 4933 651 4966 ι
706 4916 783 4967 Δι’
811 4908 887 4968 ὧν
924 4915 994 4969 τὰ
1045 4916 1274 4987 μέγιστα
1326 4921 1457 4990 ἡμῖν
1503 4922 1595 4974 καὶ
1641 4922 1797 4993 τίμια

222 5003 622 5074 ἐπαγγέλματα
647 5004 962 5078 δεδώρηται,
989 5007 1077 5060 ἵνα
1109 5008 1336 5080 γένησθε
1365 5009 1513 5074 θείας
1547 5014 1796 5066 κοινωνοὶ

221 5097 467 5167 φύσεως.
507 5115 525 5148 ι
561 5097 825 5168 Γινόμεθα
862 5099 974 5170 (54)
999 5099 1056 5153 δὲ
1101 5099 1248 5164 θείας
1287 5101 1533 5155 κοινωνοὶ⁸
1582 5102 1798 5172 φύσεως

219 5193 286 5261 τῇ
321 5188 581 5261 κοινωνίᾳ
622 5189 714 5243 τοῦ
747 5191 899 5259 ἁγίου
947 5191 1278 5262 Πνεύματος.
1335 5194 1530 5264 Ἀνόμ.
1581 5194 1789 5250 υύκοῦν

293 5345 341 5376 ’τ
385 5343 552 5400 Hebr.
591 5359 644 5404 ι,
680 5345 746 5406 l.
785 5344 838 5399 2.
964 5347 1010 5380 ⁷⁸
1048 5345 1209 5403 Hebr.
1243 5362 1374 5411 xui,
1407 5348 1498 5404 23.

243 5416 264 5446 ³
309 5413 458 5470 Psal.
494 5429 680 5480 xxxtt,
725 5415 775 5470 7.
849 5417 896 5447 ⁸³
936 5416 1038 5473 lsa.
1071 5435 1228 5481 xm,
1264 5420 1352 5474 18.

297 5571 410 5712 (50)
438 5570 613 5625 Palat.
655 5571 768 5624 ἀλλ’
799 5573 857 5626 ού
884 5591 1082 5644 χαρακ.

297 5643 374 5709 (51
441 5641 536 5698 Sic
569 5639 703 5705 Reiz.
756 5642 922 5698 Palat.
954 5654 1008 5698 et
1064 5642 1082 5696 1

293 5639 405 5712 (51)
441 5641 536 5698 Sic
569 5639 703 5705 Reiz.
756 5639 922 5698 Palat.
954 5639 1008 5698 et
1064 5641 1205 5700 Felc.
1261 5641 1402 5698 Editi
1446 5659 1594 5711 vero,
1641 5644 1792 5699 ταῦτ’

219 5712 544 5768 ἐνετείλατο.

1639 5351 1684 5382 ⁷⁸
1723 5351 1866 5408 Psal.
1901 5367 2143 5412 cxtvm.
2177 5350 2296 5405 1-4.

1425 5423 1472 5451 ⁸⁵
1512 5419 1684 5476 Galat.
1719 5439 1791 5489 tv,
1826 5423 1892 5486 8,
1927 5424 1985 5477 9.
2063 5423 2108 5454 "
2140 5419 2181 5475 ll
2213 5419 2360 5475 Petr.
2399 5421 2464 5482 1,
2499 5421 2555 5476 ι.

1896 1819 2320 1885 processionem.
2366 1815 2557 1870 Anam.
2609 1815 2751 1886 Ergo
2799 1815 3062 1888 Spiritum
3110 1820 3273 1875 etiam
3316 1819 3460 1876 dicis

1895 1921 2018 1961 esse
2048 1920 2115 1960 ex
2175 1905 2510 1978 bypostasi?
2572 1906 2728 1962 Orth.
2783 1906 3000 1976 Alioqui
3065 1908 3230 1965 unde.
3264 1918 3410 1965 esset
3436 1910 3462 1963 ’ί

1895 1994 2086 2051 Anam.
2132 1995 2240 2052 Ubi
2285 1995 2550 2065 scriptum
2596 2003 2681 2051 est
2720 1995 2826 2049 alia
2873 2010 2997 2050 esse
3047 2010 3114 2051 ex
3166 1997 3460 2059 mandato.

1897 2088 2005 2142 alia
2035 2104 2104 2143 ex
2135 2087 2462 2160 bypostasi?
2521 2086 2676 2144 Orth.
2733 2086 2873 2142 Dicit
2908 2086 3075 2142 David
3107 2087 3175 2144 de
3217 2089 3289 2144 iis
3339 2105 3463 2160 qua!

1895 2194 1963 2234 ex
1995 2178 2085 2235 Dei
2117 2179 2375 2235 mandato
2401 2179 2714 2236 exsistunt:
2745 2198 2762 2230 ι
2797 2178 3038 2234 Laudate
3071 2178 3356 2235 Dominum
3391 2182 3460 2238 de

1895 2272 2052 2326 crelis
2072 2311 2087 2336 ,
2123 2271 2338 2326 laudate
2367 2287 2492 2326 eum
2520 2271 2576 2325 in
2603 2271 2834 2326 excelsis
2862 2287 2877 2336 ;
2915 2271 3130 2328 laudate
3157 2287 3312 2336 eum,
3343 2288 3464 2327 om-

1899 2380 1996 2420 nes
2061 2363 2235 2434 angeli
2283 2363 2446 2434 ejus,
2500 2361 2714 2418 laudate
2769 2379 2937 2427 eum,
2993 2379 3182 2420 omnes
3229 2364 3464 2420 virtutes

1898 2457 2062 2526 ejus;
2099 2454 2316 2510 laudate
2366 2469 2527 2517 eum,
2585 2455 2667 2509 sol
2719 2463 2773 2510 et
2821 2455 2984 2520 luna,
3036 2441 3254 2512 laudate
3305 2472 3463 2520 eum.

1899 2560 2094 2600 omnes
2125 2545 2298 2600 stella:
2326 2552 2380 2600 et
2421 2545 2626 2599 lumen.
2674 2543 2813 2620 Quia
2856 2546 2972 2616 ipse
3009 2546 3178 2614 dixit,
3221 2555 3277 2602 et
3321 2547 3464 2602 facta

1901 2645 2030 2693 sunt
2061 2655 2074 2690 :
2111 2636 2228 2707 ipse
2265 2635 2544 2690 mandavit
2570 2643 2624 2690 et
2650 2646 2835 2690 creata
2880 2647 3008 2691 sunt
3040 2637 3107 2691 ".
3143 2657 3162 2690 ι
3193 2637 3267 2692 De
3302 2654 3467 2709 gene-

1899 2730 2120 2784 ratione
2150 2743 2280 2784 vero
2328 2726 2451 2782 Filii
2504 2727 2768 2798 scriptum
2821 2737 2905 2784 est
2930 2747 2944 2782 :
2974 2749 2994 2781 ι
3024 2727 3104 2783 Ex
3149 2737 3306 2786 utero
3339 2741 3465 2785 ante

1904 2821 2191 2876 luciferum
2225 2819 2388 2892 genui
2423 2827 2478 2876 te
2508 2821 2554 2852 ⁸⁸
2582 2840 2596 2876 :
2631 2840 2650 2872 ι
2677 2828 2731 2876 et
2758 2820 2824 2876 de
2855 2820 3061 2890 Spiritu
3091 2832 3316 2878 sancto:
3355 2841 3374 2875 ι
3405 2825 3464 2877 1η

1902 2913 2214 2968 novissimis
2250 2913 2442 2968 diebus
2491 2910 2764 2968 ell‘undam
2793 2911 2860 2967 de
2893 2911 3099 2982 Spiritu
3134 2929 3258 2970 meo
3303 2931 3467 2986 super

1904 3020 2119 3059 omnem
2148 3020 2368 3061 carnem
2397 3005 2465 3061 ⁸¹.
2499 3025 2518 3057 ι
2542 3004 2605 3058 Ει
2650 3005 2778 3060 alibi
2805 3023 2818 3060 :
2847 3024 2866 3057 ι
2896 3005 3132 3076 Spiritus
3176 3007 3337 3080 enim
3397 3024 3465 3063 ex

1904 3112 1990 3151 me
2039 3096 2322 3166 procedit:
2359 3115 2377 3147 ι
2411 3097 2538 3152 item
2587 3097 2756 3153 alibi:
2811 3116 2830 3148 ι
2862 3096 3039 3155 Verbo
3085 3098 3298 3154 Domini
3339 3102 3464 3156 coeli

1904 3187 2103 3242 firmati
2138 3195 2298 3256 sunt,
2330 3195 2385 3243 et
2415 3189 2613 3258 spiritu
2647 3189 2760 3244 oris
2801 3189 2921 3260 ejus
2963 3191 3142 3246 omnis
3170 3193 3343 3248 virtus
3374 3208 3468 3248 eo-

1903 3294 2025 3332 rum
2057 3281 2124 3333 ".
2161 3299 2180 3330 ι
2205 3279 2394 3334 Anam.
2430 3280 2507 3335 Ex
2557 3289 2711 3336 utero
2760 3282 2931 3344 dixit.
2974 3289 3028 3338 et
3072 3298 3138 3338 ex
3183 3298 3312 3346 ore,
3352 3300 3465 3338 non

1901 3377 2080 3426 autem
2110 3386 2177 3424 ex
2207 3370 2505 3441 hypostasi.
2539 3370 2694 3428 Orth.
2727 3371 2914 3428 Partes
2943 3389 3038 3428 seu
3071 3374 3310 3429 membra
3338 3389 3463 3429 cum

1902 3461 2012 3518 Deo
2060 3462 2396 3526 tribuuntur,
2445 3464 2703 3518 dicuntur
2747 3465 2963 3534 quidem
3010 3465 3249 3520 humano
3279 3481 3464 3531 more,

1902 3555 2280 3624 intelliguntur
2309 3564 2488 3610 autem
2536 3563 2592 3610 ut
2637 3555 2747 3612 Deo
2792 3558 3088 3612 convenit:
3120 3561 3202 3612 sin
3245 3559 3463 3623 minus,

1901 3662 2060 3716 quem
2091 3656 2303 3702 uterum
2349 3648 2404 3702 in
2453 3647 2564 3702 Deo
2602 3663 2922 3718 corporeum
2965 3650 3240 3719 possimus
3283 3661 3467 3706 mente

1900 3739 2232 3808 concipere?
2261 3739 2448 3811 Itaque
2480 3748 2695 3795 uterum
2728 3741 2989 3805 audiens,
3025 3742 3314 3810 generandi
3362 3757 3464 3795 na-

1901 3835 2037 3882 tura:
2061 3829 2211 3883 vim:
2248 3837 2303 3884 et
2336 3844 2399 3884 es
2425 3828 2652 3884 audiens
2677 3869 2693 3893 ,
2743 3829 2974 3884 docendi
3021 3829 3332 3884 facultatem
3379 3830 3466 3884 in-

1901 3919 2134 3988 telligo:
2194 3935 2304 3989 quo
2333 3920 2592 3992 loquendi
2650 3935 2802 3975 more
2845 3919 3132 3992 Scriptura
3187 3920 3463 3976 interdum

1900 4017 2063 4070 etiam
2109 4015 2283 4070 utitur
2327 4031 2453 4070 cum
2485 4016 2552 4071 de
2586 4016 2898 4071 hominibus
2931 4016 3082 4088 agit,
3117 4023 3178 4070 ut
3204 4031 3330 4072 cum
3377 4016 3464 4070 in-

1900 4107 2055 4177 quit:
2086 4126 2105 4159 ι
2130 4106 2175 4160 Α
2205 4107 2404 4161 timore
2426 4107 2540 4166 tui.
2573 4106 2826 4171 Domine,
2857 4108 3206 4178 concepimus
3230 4107 3282 4163 in
3310 4116 3466 4164 utero

1899 4207 1954 4254 et
1981 4199 2288 4269 peperimus
2315 4201 2368 4254 in
2399 4207 2542 4256 terra
2573 4200 2821 4270 spiritum
2853 4201 3045 4256 salutis
3075 4201 3140 4258 ⁸⁸.
3167 4218 3187 4254 ι
3215 4201 3349 4255 Nam
3379 4201 3464 4255 hic

1901 4305 2115 4360 quoque
2146 4305 2254 4344 non
2285 4290 2556 4360 signiﬁcat
2585 4305 2907 4359 corporeum
2944 4298 3154 4345 uterum
3181 4297 3428 4345 nostrum

1832 4386 1876 4442 D
1905 4381 2000 4438 sed
2032 4382 2178 4436 illam
2212 4389 2422 4438 natura:
2453 4382 2560 4436 vim
2589 4382 2864 4452 gignendi.

1971 4473 2020 4527 7.
2061 4473 2362 4541 Anomaeus.
2396 4473 2496 4530 Ubi
2528 4475 2596 4530 de
2628 4473 2736 4529 Deo
2768 4475 3028 4546 scriptum
3045 4481 3130 4530 cst
3150 4481 3354 4528 naturae
3371 4488 3466 4527 no-

1901 4565 2070 4619 men?
2098 4565 2250 4620 Orth.
2282 4566 2442 4636 Apud
2468 4565 2788 4636 Apostolum
2822 4585 2835 4621 :
2867 4585 2884 4618 ι
2918 4565 3025 4621 Sed
3076 4575 3205 4620 tunc
3245 4564 3463 4634 quidem

1901 4652 2215 4721 ignorantes
2246 4651 2416 4708 Deum
2445 4692 2460 4716 .
2493 4653 2561 4708 iis
2587 4654 2680 4724 qui
2714 4636 2908 4707 natura
2940 4669 3049 4708 non
3083 4660 3210 4709 sunt
3240 4654 3314 4708 dii
3348 4668 3466 4708 ser-

1899 4742 2175 4796 viebatis:
2233 4759 2378 4797 nunc
2430 4751 2609 4798 autem
2657 4758 2780 4797 cum
2833 4744 3203 4813 cognoveritis
3259 4741 3460 4804 Deum,

1901 4831 2012 4884 imo
2033 4871 2048 4892 ,
2079 4831 2279 4900 cogniti
2314 4831 2434 4886 sitis
2466 4847 2496 4884 a
2543 4830 2651 4885 Deo
2682 4831 2750 4892 ⁸⁸,
2793 4851 2812 4883 ι
2842 4841 2947 4886 etc.
2977 4846 3006 4884 a
3032 4830 3142 4886 Deo
3174 4831 3460 4890 videlicet.

1901 4921 1994 4989 qui
2042 4927 2234 4972 natura
2285 4918 2427 4975 Deus
2473 4925 2577 4974 est.
2632 4919 2698 4972 Et
2755 4920 2810 4974 in
2866 4919 3126 4990 Epistolis
3176 4921 3464 4974 catholicis

1901 5011 2170 5080 scriptum
2205 5018 2328 5066 est:
2359 5030 2377 5062 ι
2409 5009 2511 5066 Per
2541 5026 2662 5081 qua:
2694 5012 2930 5065 maxima
2961 5019 3014 5066 et
3046 5011 3280 5082 pretiosa
3310 5011 3466 5066 nobis

1900 5105 2168 5174 promissa
2208 5103 2459 5168 donavit,
2491 5113 2551 5158 ut
2595 5103 2902 5159 efﬁciamini
2945 5103 3144 5158 divinze
3185 5112 3466 5158 consortes

1900 5206 2109 5250 naturae
2148 5195 2215 5248 ⁸⁸.
2250 5214 2268 5244 ι
2295 5193 2571 5250 Ellicimur
2606 5202 2787 5249 autem
2835 5203 3047 5249 naturae
3094 5193 3291 5249 divina:
3335 5209 3466 5249 con-

2399 5351 2444 5382 "°
2479 5349 2624 5404 Psal.
2655 5363 2776 5413 cu,
2815 5349 2867 5402 5.
2996 5348 3044 5378 ⁸¹
3083 5345 3223 5402 Joel.
3265 5363 3304 5402 ll
3329 5388 3344 5411 ,
3379 5346 3470 5402 98.

1971 5577 2084 5650 (se)
2113 5575 2274 5650 Editi.
2305 5575 2370 5628 ιι.
2395 5573 2584 5650 Steph.
2616 5574 2719 5636 εως
2744 5571 3051 5650 φωσφρρου.
3081 5639 3106 5650 ν

1971 5641 2082 5716 (55)
2113 5645 2187 5716 [ta
2223 5659 2354 5699 mss.
2395 5643 2536 5716 Edit‘i
2563 5659 2710 5716 vero.
2739 5643 2816 5713 τῷ
2840 5641 2993 5716 Λδγῳ
3015 5641 3110 5716 τοῦ
3137 5641 3294 5696 Θεοῦ,

1973 5711 2084 5788 (54)
2114 5714 2282 5770 Palat.
2306 5714 2571 5785 Γινόμεθα
2592 5715 2645 5768 δὲ
2672 5711 2928 5767 κοινωνία
2950 5711 3042 5764 τοῦ
3072 5712 3142 5779 ἀγ
