3982 6398
589 297 727 352 ΗΞἹ

1756 291 1818 346 S.
1859 287 2315 345 ATHANASIUS.
2357 317 2426 331 υ-
2465 285 2733 342 SPURIA.

3676 282 3789 336 “'38

591 423 768 469 sortes
815 427 883 468 ex
935 410 1344 481 participatione
1399 408 1637 479 Spiritus
1688 409 1887 463 sancti.
1949 407 2138 460 Anam.

2268 407 2337 459 ιαὶ
2361 405 2420 458 τὸ
2445 404 2666 474 Πνεῦμα
2707 402 2856 464 Θείας
2903 403 3018 454 ἐστὶ
3069 399 3316 468 φύσεως;
3373 401 3526 467 Ὀρθ.
3569 397 3632 450 ΕΞ
3659 397 3791 466 ἡμεῖς

594 505 735 575 Ergo
764 511 819 558 et
851 501 1083 572 Spiritus
1115 510 1340 556 sanctus
1368 512 1452 556 est
1483 501 1680 556 divinae
1712 498 1964 552 natum?
1998 498 2151 554 Orth.

593 595 653 650 Si
702 611 764 650 ex
816 594 1230 664 participatione
1272 595 1445 647 sancti
1494 589 1734 662 Spiritus
1779 589 1979 644 divinae
2028 605 2158 645 con-

594 695 769 741 sortes
799 693 1006 740 natura:
1040 700 1264 748 sumus,
1303 700 1484 738 nonne
1514 684 1685 738 multo
1732 683 1905 753 magis
1947 689 2031 736 est
2071 683 2155 736 di-

595 777 732 831 vina:
761 786 968 831 natura:
999 775 1238 846 Spiritus
1269 777 1358 829 ille
1379 815 1394 836 ,
1442 775 1536 844 qui
1580 790 1679 828 nos
1726 774 2020 844 participes
2045 772 2158 828 eiii-

481 862 497 870 ’
593 864 920 921 cit?Anam.
970 868 1110 936 Ergo
1141 877 1195 922 et
1243 865 1506 936 Spiritum
1557 873 1811 920 sanctum
1860 865 1998 918 dicis
2039 879 2160 918 esse

576 957 790 1010 divinae
817 957 1067 1011 naturae?
1100 956 1254 1011 Orth.
1297 954 1414 1009 Non
1450 955 1773 1024 simpliciter
1801 955 1999 1009 divinae
2038 969 2162 1008 esse

595 1053 836 1110 naturae,
865 1047 957 1100 sed
985 1047 1256 1102 essentiae.
1290 1045 1439 1100 Dixit
1479 1047 1625 1100 enim
1671 1046 1787 1111 ipse
1812 1044 2011 1100 Pater:
2050 1065 2066 1096 ι
2101 1045 2161 1098 1η

595 1135 913 1190 novissimis
945 1135 1141 1190 diebus
1171 1135 1444 1190 eﬂundam
1479 1135 1546 1190 de
1591 1134 1800 1205 Spiritu
1841 1151 1962 1189 meo
1998 1149 2163 1204 super

580 1241 812 1280 omnem
842 1241 1064 1281 carnem
1098 1228 1165 1281 ⁸⁸.
1205 1247 1223 1279 ›
1254 1229 1384 1282 Item
1420 1225 1594 1281 Filius
1629 1245 1642 1280 :
1676 1247 1693 1278 ι
1724 1226 1840 1281 Non
1881 1227 2024 1282 enim
2067 1241 2162 1282 vos

595 1319 767 1380 estis.
797 1319 890 1388 qui
926 1319 1244 1389 loquimini.
1281 1319 1376 1374 sed
1412 1318 1651 1390 Spiritus
1679 1317 1860 1373 Patris
1889 1319 2030 1382 mei,
2067 1317 2161 1384 qui

599 1409 838 1477 loquitur
890 1409 946 1463 in
992 1410 1147 1464 vobis
1181 1409 1249 1462 ⁸⁷.
1285 1428 1304 1460 ι
1336 1408 1436 1463 Job
1476 1425 1694 1479 quoque
1737 1409 1980 1463 divinum
2026 1409 2163 1462 dixit

587 1499 862 1571 Spiritum
883 1537 900 1563 ,
933 1516 1059 1555 cum
1107 1501 1188 1556 sic
1233 1501 1545 1570 loqueretur
1575 1515 1588 1550 :
1621 1518 1638 1550 ‹
1673 1498 1816 1553 Vivit
1863 1499 2120 1554 Dominus
2144 1537 2160 1561 ,

586 1593 691 1661 qui
727 1592 801 1644 ita
836 1591 904 1646 de
937 1607 1022 1645 me
1052 1590 1351 1660 judicavit,
1381 1601 1434 1645 et
1465 1588 1846 1660 Omnipotens,
1879 1588 2039 1660 412
2069 1589 2163 1658 qui

588 1681 959 1737 amaritudine
1004 1679 1180 1734 aﬁ‘ecit
1229 1679 1462 1732 animam
1513 1693 1707 1732 meam.
1760 1676 2032 1744 Siquidem
2067 1675 2164 1728 do-

2253 499 2318 566 τῇ
2361 495 2610 564 κοινωνίᾳ
2651 492 2742 545 τοῦ
2783 493 2937 558 ἁγίου
2986 491 3299 560 Πνεύματος
3333 490 3483 551 Θείας
3528 487 3687 556 ἐσμὲν
3714 485 3792 553 φύ-

2256 605 2411 650 σεως,
2445 587 2562 655 ούχὶ
2585 586 2646 638 τὸ
2678 584 2896 653 Πνεῦμα
2924 585 2984 636 τὸ
3013 584 3385 654 παρεχόμενον
3418 583 3550 651 ἡμῖν
3577 580 3672 649 τὴν
3706 595 3797 630 κοι-

2255 679 2446 732 νωνίαν
2467 694 2480 742 ;
2499 679 2692 744 Ἀνόμ.
2723 676 2828 728 Καὶ
2851 675 2911 727 τὸ
2938 675 3156 744 Πνεῦμα
3186 670 3278 726 οῦν
3306 673 3482 740 λέγεις
3509 671 3656 732 Θείας
3680 664 3796 722 εἶναι

2255 769 2503 837 φύσεως;
2547 769 2697 834 Ὀρθ.
2730 766 2844 836 Ούχ
2869 765 3054 828 ἁπλῶς
3075 765 3225 827 θείας
3259 759 3398 816 εἶναι
3425 763 3658 831 φύσεως,
3685 760 3796 812 ἀλλὰ

2255 861 2355 929 τῆς
2397 859 2582 920 οὐσίας
2621 857 2752 928 (55).
2802 857 2970 918 Αὐτὸς
3018 856 3124 927 γὰρ
3169 851 3324 908 εἶπεν
3351 857 3378 906 6
3410 853 3631 923 ἰίατὴρο
3665 869 3684 902 ι
3729 849 3798 902 Ἐν

2258 957 2374 1016 ταῖς
2426 952 2676 1021 ἐσχάταις
2728 951 2961 1020 ἡμέραις
3008 948 3181 1018 ἐκχεῶ
3235 948 3342 1000 ἀπὸ
3381 946 3474 999 τοῦ
3509 943 3798 1014 Πνεύματός

2262 1061 2361 1115 μου
2400 1043 2491 1095 ἐπὶ
2525 1043 2702 1094 πᾶσαν
2750 1042 2958 1111 σάρκα·
2998 1059 3015 1090 ι
3052 1042 3079 1092 ὁ
3116 1040 3174 1092 δὲ
3212 1040 3372 1102 Υἱός·
3412 1058 3430 1089 ι
3467 1040 3541 1092 Ού
3573 1041 3678 1108 γάρ
3699 1041 3797 1091 ἐστε

2260 1130 2414 1199 ὑμεῖς
2440 1130 2490 1181 οἱ
2519 1128 2823 1190 λαλοῦντες.
2856 1127 2988 1180 ἀλλὰ
3019 1127 3076 1180 τὸ
3109 1127 3334 1197 Πνεῦμα
3363 1127 3456 1180 τοῦ
3486 1128 3694 1198 Πατρός
3715 1145 3796 1198 μου

2259 1220 2318 1272 τὸ
2337 1220 2526 1272 λαλοῦν
2553 1221 2611 1272 ὲν
2637 1221 2782 1289 ύμῖν.
2811 1239 2828 1270 ο
2853 1220 2959 1271 Καὶ
2977 1221 3006 1272 6
3033 1218 3152 1272 Ἰὼϐ
3177 1219 3317 1272 Οεῖον
3349 1215 3467 1273 εἷπε
3491 1217 3553 1272 τὺ
3578 1219 3795 1289 Πνεῦμα,

2259 1310 2399 1363 οῦτω
2426 1311 2630 1379 λέγων·
2674 1330 2692 1361 ι
2735 1314 2808 1380 Ζῇ
2845 1311 3065 1382 Κύριος,
3099 1309 3157 1373 ὂς
3181 1309 3324 1362 οῦτω
3353 1328 3418 1380 με
3451 1311 3696 1382 κέκρικε,
3720 1314 3798 1364 καὶ

2259 1405 2287 1455 6
2316 1403 2710 1474 Παντοκράτωρ
2747 1405 2775 1456 6
2806 1401 3071 1473 πικράνας
3116 1418 3218 1472 μου
3248 1401 3344 1472 τὴν
3389 1402 3565 1472 ψυχήν
3586 1420 3598 1432 ·
3634 1403 3669 1473 ἢ
3713 1404 3799 1473 μὴν

2260 1494 2338 1547 ἔτι
2365 1495 2461 1563 τῆς
2494 1498 2656 1565 πνοῆς
2694 1512 2782 1564 μοι
2813 1493 3038 1563 ἐνούσης
3077 1494 3208 1564 (56),
3237 1493 3452 1564 πνεῦμα
3492 1495 3550 1546 δὲ
3596 1495 3727 1548 θεῖον
3752 1498 3802 1548 τὸ

2262 1589 2446 1659 περιόν
2479 1605 2566 1658 μοι
2587 1590 2644 1640 ἐν
2679 1588 2812 1658 ῥισὶ,
2840 1586 2915 1658 μὴ
2934 1586 3153 1655 λαλήσει
3181 1585 3241 1638 τὸ
3263 1585 3435 1654 στόμα
3472 1602 3573 1654 μου
3597 1585 3794 1638 ἄδικα.»

2273 1681 2451 1751 Ὁρᾷς,
2489 1680 2603 1744 πῶς
2629 1681 2724 1751 τῆς
2753 1681 2913 1748 ἁγίας
2937 1679 3160 1750 Τριάδος
3193 1679 3496 1748 μέμνηταγ
3541 1693 3559 1726 ι
3602 1679 3678 1746 Ζῇ
3707 1676 3798 1728 K6-

602 1787 707 1827 nec
733 1780 820 1827 est
851 1772 1031 1825 adhuc
1066 1770 1268 1826 halitus
1294 1770 1354 1823 in
1401 1783 1522 1834 me,
1567 1778 1620 1822 et
1671 1766 1907 1838 Spiritus
1950 1765 2166 1820 divinus

2270 1789 2402 1842 ριος,
2438 1791 2454 1822 ι
2488 1769 2658 1839 λέγων
2691 1772 2781 1825 τὸν
2806 1772 2962 1824 Υίόν·
2995 1772 3106 1832 καὶ,
3145 1789 3162 1821 ι
3187 1771 3241 1823 Ὀ
3267 1769 3664 1840 Παντοκράτωρ
3683 1771 3708 1821 6
3732 1786 3804 1820 πι-

603 1870 852 1933 superest
879 1863 1009 1916 mihi
1047 1863 1100 1916 in
1133 1861 1400 1925 naribus;
1441 1874 1504 1912 os
1536 1873 1716 1912 meum
1763 1871 1870 1911 non
1905 1857 2160 1926 loquetur

603 1954 807 2022 injusta
829 1953 896 2006 ⁸⁸.
923 1971 940 2000 ο
969 1949 1161 2006 Viden‘
1203 1949 1475 2019 quomodo
1501 1945 1788 2002 Trinitatis
1808 1946 2116 2000 meminerit
2143 1962 2158 2011 ;

593 2043 670 2098 de
693 2041 829 2096 Filio
851 2041 1076 2096 dicens:
1103 2059 1122 2091 ι
1153 2038 1298 2093 Vivit
1323 2038 1586 2092 Dominus
1610 2055 1625 2104 ;
1651 2057 1668 2088 ι
1689 2036 1755 2092 de
1774 2034 1933 2091 Patre
1953 2057 1966 2091 :
1991 2054 2008 2086 ι
2033 2033 2164 2090 Om-

601 2134 852 2203 nipotens
870 2171 884 2196 ,
920 2131 1014 2200 qui
1045 2128 1406 2183 amaritudine
1434 2127 1612 2182 all‘ecit
1641 2127 1875 2180 animam
1902 2140 2075 2181 meam
2103 2143 2115 2180 :
2140 2144 2158 2177 ι

591 2223 669 2276 de
701 2220 908 2290 Spiritu
943 2226 1169 2276 sancto:
1203 2237 1222 2269 ‹
1245 2218 1465 2272 divinus
1496 2215 1733 2287 Spiritus
1752 2255 1767 2279 .
1795 2216 1886 2286 qui
1915 2225 2164 2285 superest

604 2313 735 2366 mihi
768 2313 822 2366 in
853 2310 1126 2366 naribus?
1153 2330 1170 2361 ι
1201 2308 1337 2363 Nam
1370 2307 1612 2380 Spiritus
1663 2316 1747 2363 est
1788 2309 1974 2363 suavis
2031 2309 2166 2361 odor

591 2403 846 2458 Christi:
869 2410 922 2456 et
951 2399 1412 2470 quemadmodum
1445 2413 1512 2453 ex
1538 2399 1709 2453 odore
1735 2398 1889 2452 suavi
1922 2414 2166 2468 unguen-

608 2504 726 2548 tum
761 2510 858 2563 per
888 2508 1048 2546 nares
1097 2491 1395 2561 percipitur
1423 2508 1435 2543 :
1471 2491 1546 2544 ita
1574 2497 1629 2544 et
1670 2489 1922 2544 Christus
1953 2505 2016 2542 ex
2047 2488 2168 2559 Spi-

606 2587 734 2640 ritu.
766 2603 784 2634 ι
808 2582 976 2638 Nemo
1003 2585 1148 2637 enim
1196 2590 1375 2650 potest
1405 2579 1590 2635 dicere
1636 2578 1913 2633 Christum
1941 2579 2124 2634 Jesum
2146 2619 2162 2642 ,

601 2678 711 2731 nisi
744 2677 796 2730 in
827 2676 1032 2746 Spiritu
1067 2682 1258 2729 sancto
1288 2673 1355 2726 '9.
1392 2692 1408 2724 ι
1443 2671 1507 2724 Et
1549 2671 1800 2742 Apostoli
1852 2671 2071 2725 fuerunt
2101 2687 2166 2725 ac

604 2775 734 2821 sunt
765 2769 940 2821 bonus
975 2765 1180 2821 Christi
1226 2764 1385 2826 odor,
1429 2765 1692 2833 quoniam
1724 2762 1960 2832 Spiritus
1993 2765 2166 2818 sancti

598 2863 803 2932 templa
859 2871 1006 2916 sunt.
1059 2860 1200 2915 Dicit
1249 2861 1393 2914 enim
1443 2858 1688 2914 Paulus:
1721 2859 1850 2912 «Αιι
1901 2860 2164 2920 nescitis.

2263 1861 2466 1929 κράνας
2501 1879 2602 1930 μου
2629 1862 2726 1932 τὴν
2752 1861 2946 1932 ψυχὴν,
2989 1881 3006 1912 ι
3047 1861 3138 1914 τὸν
3166 1860 3384 1931 Πατέρα
3405 1877 3418 1888 ·
3462 1880 3480 1912 ι
3517 1859 3735 1930 Πνεῦμα
3757 1860 3803 1912 δὲ

2267 1951 2408 2004 Θεῖον
2436 1951 2496 2004 τὸ
2523 1953 2706 2023 περιόν
2738 1969 2828 2023 μοι
2853 1955 2910 2005 ὲν
2943 1951 3073 2023 ῥισὶ,
3113 1971 3129 2002 ι
3169 1951 3224 2004 τὸ
3249 1949 3474 2021 Πνεῦμα
3528 1952 3590 2003 τὸ
3652 1952 3802 2018 ἅγιον.

2267 2042 2502 2114 Χριστοῦ
2536 2043 2643 2115 γάρ
2685 2043 2830 2096 ἐστιν
2869 2043 3062 2096 εύωδία
3096 2043 3156 2096 τὸ
3206 2042 3460 2113 Πνεῦμα⁸
3516 2043 3611 2095 καὶ
3641 2041 3806 2111 ὥσπερ

2269 2135 2334 2187 ὲκ
2356 2133 2456 2204 τῆς
2487 2133 2708 2198 εὐωδίας
2737 2133 2822 2185 διὰ
2855 2132 2959 2185 τῶν
3004 2131 3164 2204 ρινῶν
3192 2133 3251 2184 τὸ
3284 2132 3452 2202 μύρον
3480 2130 3804 2199 γινώσκεται,

2265 2225 2438 2290 οὕτως
2469 2227 2562 2279 καὶ
2592 2227 2657 2278 ἐκ
2683 2224 2775 2278 τοῦ
2806 2224 3115 2294 Πνεύματος
3146 2223 3398 2296 Χριστός.
3432 2243 3454 2275 ι
3495 2223 3685 2287 Οὐδεὶς
3719 2223 3807 2294 γὰρ

2265 2316 2484 2370 δύναται
2534 2317 2706 2369 εἰπεῖν
2754 2315 2954 2386 Κύριον
3004 2316 3208 2386 Ἰησοῦν
3249 2316 3409 2386 εἰμὴ
3446 2317 3502 2369 ἐν
3554 2316 3808 2386 Πνεύματι

2268 2408 2425 2477 ἁγίῳ.
2463 2426 2480 2458 ι
2517 2407 2626 2460 Καὶ
2652 2408 2700 2460 οἱ
2734 2407 3016 2460 ἀπόστολοι
3056 2406 3289 2477 Χριστοῦ
3328 2407 3528 2460 εὐωδία
3551 2402 3704 2476 ἦσαν,
3733 2406 3808 2458 καὶ

2269 2497 2437 2549 εἰσίν·
2473 2496 2656 2568 ἐπειδὴ
2709 2498 2799 2550 καὶ
2844 2501 2960 2551 ναοὶ
2988 2497 3079 2550 τοῦ
3127 2496 3436 2568 Πνεύματός
3488 2499 3616 2549 εἱσι.
3668 2498 3805 2563 Λέγει

2277 2589 2383 2660 γὰρ
2419 2589 2660 2652 Παῦλος
2698 2609 2716 2640 ι
2775 2590 2886 2642 Ούκ
2928 2588 3122 2655 οἴδατε,
3158 2590 3240 2641 ὅτι
3284 2590 3353 2642 τά
3411 2587 3639 2658 σώματα
3677 2587 3807 2658 ὑμῶν

2271 2680 2396 2742 ναὸς
2441 2680 2535 2732 τοῦ
2569 2683 2625 2733 ὲν
2664 2681 2790 2751 ὑμῖν
2821 2681 2975 2748 ἁγίου
3026 2680 3337 2751 Πνεύματός
3377 2683 3547 2742 ἐστιν,
3579 2674 3640 2732 οῦ
3680 2679 3808 2748 ἔχετε

2271 2770 2376 2823 ἀπὸ
2421 2771 2574 2833 Θεοῦ,
2615 2773 2707 2824 καὶ
2755 2772 2856 2824 οὐκ
2903 2773 3025 2825 ἐστὲ
3078 2772 3304 2825 ἑαυτῶν.
3351 2771 3620 2836 Δοξάσατε
3652 2771 3710 2839 δὴ
3735 2770 3808 2820 τὸν

2273 2862 2404 2916 Θεὸν
2433 2865 2488 2914 ἐν
2517 2863 2593 2933 τῷ
2624 2863 2832 2932 σώματι
2866 2864 3036 2934 ὑμῶν.
3078 2883 3095 2915 ι

605 2955 731 3022 quia
761 2967 989 3023 corpora
1020 2961 1198 3006 vestra
1232 2953 1491 3023 templum
1522 2959 1650 3006 sunt
1682 2949 1920 3021 Spiritus
1949 2952 2154 3016 sancti,
2194 2955 2285 3024 qui
2318 2957 2370 3008 in
2402 2955 2554 3010 vobis
2583 2964 2666 3009 est
2687 2995 2701 3015 ,
2727 2971 2889 3024 quem
2919 2957 3128 3010 habetis
3159 2971 3186 3006 a
3219 2953 3324 3008 Deo
3351 2973 3366 3019 ;
3429 2963 3485 3009 et
3545 2970 3652 3007 non
3698 2948 3810 3006 esus

601 3045 807 3099 vestri?
828 3044 992 3099 Deum
1013 3044 1179 3113 igitur
1201 3045 1255 3098 in
1278 3059 1505 3114 corpore
1532 3051 1708 3099 vestrt
1736 3043 2032 3113 gloriiicatc
2053 3044 2118 3098 ’°.
2134 3061 2152 3093 ι

675 3136 728 3188 8.
749 3135 1047 3188 Αηοηιωιιδ.
1069 3131 1125 3186 Si
1144 3133 1297 3188 aliter
1319 3143 1467 3188 creat
1499 3132 1638 3188 Deus
1657 3173 1672 3196 ,
1702 3141 1757 3189 et
1795 3135 1950 3189 aliter
1975 3134 2166 3203 gignit,

2341 3128 2392 3183 8.
2448 3130 2766 3197 ‘Ardyoroc.
2799 3130 2860 3183 Εἰ
2889 3131 3058 3193 ἄλλως
3089 3131 3257 3195 κτίζει
3284 3133 3311 3183 6
3344 3131 3497 3195 656g,
3535 3146 3627 3186 και
3663 3136 3808 3195 ἇέιλως

607 3226 946 3294 compositus
980 3225 1108 3278 est?
1145 3223 1298 3278 Orth.
1348 3224 1696 3294 Compositus
1727 3241 1836 3280 non
1865 3235 1948 3281 est
1981 3227 1998 3298 (
2025 3227 2166 3280 absit

609 3316 752 3369 cnim
782 3323 842 3368 ut
869 3315 974 3368 hoc
1003 3314 1179 3368 dicam
1205 3315 1246 3386 ),
1275 3315 1366 3369 sed
1394 3315 1678 3386 hypostasi
1711 3317 1931 3386 quidem
1963 3319 2166 3388 gignit,

611 3408 870 3462 mandato
898 3423 1025 3463 vero
1053 3417 1224 3462 creat.
1257 3407 1411 3474 Quod
1446 3411 1492 3463 si
1525 3411 1597 3462 ita
1638 3411 1845 3481 gignit,
1895 3421 1954 3466 ut
1983 3421 2165 3476 creat,

605 3498 756 3568 quod
810 3498 878 3552 ab
931 3513 998 3552 eo
1048 3508 1289 3553 creatum
1334 3507 1455 3561 est,
1503 3501 1572 3554 ab
1616 3501 1733 3570 ipso
1783 3509 1866 3555 est
1906 3505 2166 3571 genitum.

609 3592 797 3645 Anam.
835 3589 976 3645 Sane
1006 3590 1244 3660 quidem.
1280 3590 1432 3644 Orth.
1461 3592 1662 3646 Canem
1701 3601 1885 3647 autem
1918 3597 2122 3648 creavit
2153 3613 2166 3650 :

609 3685 751 3738 aude
799 3683 963 3754 igitur
1011 3682 1234 3745 dicere,
1289 3699 1479 3737 canem
1533 3691 1626 3738 aut
1684 3686 1828 3739 aliud
1892 3687 2167 3756 quidpiam

608 3783 850 3830 creatum
872 3814 888 3837 ,
915 3789 1036 3829 esse
1065 3775 1303 3843 genitam
1333 3792 1400 3831 ex
1426 3784 1602 3831 utero.
1637 3777 1768 3832 Nam
1799 3777 1922 3832 dico
1954 3778 2169 3848 quidem

606 3885 741 3935 ego,
769 3867 912 3938 quod
943 3867 1083 3922 Deus
1110 3883 1300 3921 canem
1341 3879 1393 3923 et
1433 3870 1594 3924 bruta
1642 3871 1823 3925 omnia
1847 3911 1862 3930 ,
1905 3886 2030 3924 cum
2068 3886 2172 3924 ca:-

609 3959 745 4014 teris
791 3959 1046 4012 omnibus
1093 3959 1257 4012 rebus
1305 3961 1604 4016 creaverit:
1656 3961 1746 4016 dic
1791 3970 1844 4016 et
1889 3971 1976 4024 tu,
2026 3959 2171 4030 quod

607 4051 773 4103 etiam
818 4065 885 4104 ex
933 4059 1088 4104 utero
1129 4064 1191 4104 ea
1237 4051 1520 4118 genuerit,
1575 4052 1620 4106 si
1667 4052 1888 4123 quidem
1921 4053 2174 4106 similiter

606 4147 762 4192 creat
791 4149 844 4192 et
879 4139 1068 4209 gignit.
1114 4138 1306 4193 Anam.
1349 4143 1524 4196 Aliter
1553 4143 1717 4212 igitur
1749 4151 1900 4198 creat
1931 4151 1987 4198 et
2015 4144 2174 4197 aliter

609 4227 822 4297 gignit?
854 4225 1002 4281 Orth.
1041 4227 1205 4281 Sane.
1253 4230 1439 4282 Anam.
1475 4228 1664 4287 Nonne
1693 4240 1779 4285 est
1819 4233 2175 4301 compositio-

615 4322 703 4374 uis
732 4320 968 4389 expers?
1017 4319 1170 4373 Orth.
1224 4318 1443 4376 Minime
1498 4322 1610 4375 dixi
1665 4338 1772 4377 non
1803 4337 1926 4378 esse
1954 4339 2174 4394 compo-

610 4411 834 4465 sitionis
865 4421 1142 4480 expertem
1166 4453 1179 4472 .
1210 4411 1322 4464 imo
1352 4413 1514 4467 etiam
1543 4421 1626 4469 est
1656 4414 1861 4484 aliquid
1895 4416 2129 4484 amplius
2155 4455 2170 4478 ,

2269 3223 2451 3291 γεννᾷ,
2479 3221 2727 3284 σύνθετός
2757 3225 2936 3287 tactv;
2981 3225 3128 3292 Ὀρθ.
3158 3224 3416 3288 Σύνθετος
3445 3228 3544 3295 μὲν
3565 3229 3663 3280 ούκ
3683 3229 3807 3280 ἔστι·

2272 3313 2344 3383 μὴ
2381 3313 2487 3383 γάρ
2508 3314 2714 3380 γένοιτό
2750 3331 2838 3383 μοι
2871 3317 3078 3368 είπεῖνί
3119 3317 3409 3370 ὑποστάσει
3435 3318 3492 3371 δὲ
3523 3321 3700 3389 γεννᾷ,
3733 3320 3807 3371 καὶ

2268 3403 2453 3472 ἐντολῇ
2499 3404 2688 3468 κτίζει.
2738 3405 2800 3456 Εἰ
2846 3405 2902 3457 δὲ
2953 3405 3026 3468 ὡς
3073 3407 3266 3470 κτίζει,
3315 3407 3487 3470 οὔτως
3521 3410 3614 3462 καὶ
3649 3411 3808 3478 γεννᾷ.

2267 3494 2328 3546 τὸ
2362 3495 2563 3564 κτίσμα
2594 3494 2756 3548 αὑτοῦ
2792 3496 3031 3566 γέννημα
3065 3497 3226 3550 αὑτοῦ
3271 3500 3437 3552 ἐστιν.
3491 3501 3684 3570 Ἀνόμ.
3723 3501 3811 3552 Καὶ

2270 3586 2429 3638 πάνυ.
2472 3587 2622 3653 Ὀρθ.
2654 3588 2872 3638 Ἐκτισε
2906 3587 2962 3639 δὲ
3003 3588 3092 3640 τὸν
3124 3587 3258 3640 κύνα
3281 3605 3295 3619 ο
3345 3590 3619 3661 τόλμησον
3661 3593 3812 3644 εἰπεῖν

2268 3677 2356 3729 τὸν
2387 3676 2520 3728 κύνα
2553 3679 2617 3729 ὲκ
2649 3677 2880 3747 γαστρὸς
2907 3677 3283 3747 γεγεννῆσθαι,
3327 3681 3422 3733 καὶ
3466 3681 3596 3735 ἄλλο
3643 3699 3693 3734 τι
3722 3681 3815 3733 τῶν

2270 3771 2604 3840 κτισμάτων.
2661 3767 2800 3836 Ἐγὼ
2842 3769 2947 3840 γὰρ
2978 3769 3139 3839 λέγω,
3189 3773 3268 3824 ὅτι
3301 3774 3394 3826 καὶ
3441 3773 3532 3825 τὸν
3561 3775 3695 3828 κύνα
3739 3773 3815 3826 καὶ

2271 3862 2447 3914 πάντα
2478 3861 2547 3914 τὰ
2578 3862 2743 3929 ἄλογα
2782 3860 2918 3930 μετὰ
2949 3863 3041 3914 καὶ
3068 3863 3245 3934 πάσης
3273 3865 3367 3935 τῆς
3397 3866 3566 3937 ἄλλης
3610 3867 3816 3928 κτίσεως

2271 3957 2481 4009 ἔκτισεν
2507 3956 2534 4006 6
2565 3954 2692 4014 Θεὸς
2712 3969 2724 3981 ·
2757 3952 2888 4004 Εἰπὲ
2919 3954 3011 4006 καὶ
3041 3954 3219 4018 αὐτὸς,
3243 3958 3324 4010 ὅτι
3365 3959 3460 4009 καὶ
3506 3960 3572 4013 ἐκ
3604 3958 3817 4028 γαστρὸς

2273 4046 2407 4100 αύτὰ
2449 4045 2757 4114 ἐγέννησεν,
2794 4046 2948 4115 εἴπερ
2991 4043 3248 4108 ὡσαύτως
3293 4048 3466 4112 κτίζει
3520 4051 3613 4102 καὶ
3651 4050 3817 4117 γεννᾷ.

2284 4137 2480 4204 Ἀνόμ.
2519 4135 2726 4197 Ἀλλως
2759 4130 2849 4188 οῦν
2882 4135 3073 4200 κτίζει,
3111 4137 3202 4189 καὶ
3230 4137 3403 4201 ἄλλως
3434 4143 3632 4211 γεννᾷ;
3681 4143 3817 4209 Ὀρθ.

2273 4228 2382 4284 Καὶ
2414 4225 2574 4279 πάνυ.
2611 4225 2808 4293 Ἀνόμ.
2846 4225 2960 4276 Ούκ
2983 4225 3126 4278 ἐστιν
3154 4226 3477 4293 ἀσύνθετος;
3527 4231 3678 4297 Ὀρθ.
3720 4232 3820 4283 Οὐκ

2273 4323 2445 4387 εἷπον,
2487 4325 2586 4378 οὐκ
2632 4324 2777 4377 ἔστιν
2817 4323 3106 4386 ἀσύνθετος
3139 4323 3271 4392 (57),
3303 4323 3437 4376 ἀλλὰ
3471 4325 3563 4376 καὶ
3602 4325 3734 4393 ὑπὲρ
3771 4324 3822 4373 τὸ

2273 4416 2561 4470 ἁσυνοετόν
2594 4419 2737 4468 ἐστιν
2761 4433 2774 4444 ·
2805 4414 2977 4476 ἄλλως
3007 4413 3062 4466 δὲ
3094 4415 3260 4484 γεννᾷ
3290 4415 3387 4466 καί⁵
3436 4414 3609 4477 ἄλλως
3642 4412 3817 4475 κτίζει.

613 4515 778 4570 quam
828 4499 1248 4568 compositionis
1293 4515 1529 4568 expers,
1573 4499 1669 4556 sed
1709 4481 1870 4557 aliter
1910 4481 2083 4572 gignit
2124 4514 2166 4557 el

2289 4509 2481 4577 Ἀνόμ.
2535 4507 2656 4572 Πῶς
2684 4502 2794 4561 οἷόν
2837 4523 2932 4571 τε;
2985 4507 3136 4574 Ὀρθ.
3301 4505 3478 4569 νοῦςὸ
3525 4509 3582 4558 ὲν
3625 4505 3821 4576 ἡμῖν,ὸ

611 4591 772 4644 aliter
800 4596 968 4643 creat.
999 4590 1186 4642 Anam.
1218 4588 1503 4654 Quomodo
1537 4590 1588 4644 id
1622 4590 1734 4646 ﬁeri
1769 4592 1991 4660 potest?
2023 4591 2174 4645 Orth.

619 4679 771 4735 Mens
801 4679 958 4734 nobis
984 4679 1180 4744 insita,
1212 4695 1332 4750 qua:
1355 4680 1420 4734 ad
1450 4682 1733 4752 imaginem
1766 4681 1858 4734 Dei
1889 4680 2030 4735 facta
2062 4692 2143 4736 est
2163 4723 2178 4746 ,

614 4787 797 4826 nonne
839 4779 923 4826 est
963 4771 1375 4841 compositionis
1419 4773 1658 4840 expers?
1703 4781 1758 4827 et
1799 4783 1980 4828 tamen
2024 4775 2185 4828 aliter

613 4863 789 4934 gignit
833 4877 1172 4919 sermonem.
1207 4862 1364 4915 aliter
1405 4869 1588 4917 autem
1633 4864 1853 4925 condit,
1885 4880 2005 4934 quae
2045 4880 2180 4919 con-

615 4955 716 5006 dit.
747 4954 931 5005 Anam.
973 4951 1077 5017 Qui
1109 4951 1268 5006 aliter
1298 4952 1472 5021 gignit
1502 4960 1557 5008 et
1590 4953 1746 5007 aliter
1774 4955 2002 5008 condit?
2032 4965 2178 5010 certe

611 5045 816 5114 quibus
839 5043 1024 5097 condit
1065 5058 1257 5105 mens,
1297 5045 1460 5097 etiam
1509 5045 1700 5112 gignit.
1751 5044 1903 5100 Orth.
1952 5044 2173 5100 Falsum

616 5151 848 5189 narras:
879 5135 1049 5204 gignit
1087 5136 1230 5189 enim
1263 5151 1327 5189 ex
1362 5151 1421 5190 se
1461 5152 1797 5198 sermonem,
1847 5140 2031 5193 condit
2074 5155 2176 5192 au-

614 5234 724 5281 tem
774 5241 839 5279 ex
891 5226 1112 5278 materia
1158 5225 1413 5289 domum,
1467 5229 1685 5289 navim,
1741 5237 1792 5281 et
1838 5247 2175 5299 quaacunque

2278 4601 2397 4654 κατ’
2429 4601 2609 4655 εἰκόνα
2637 4599 2730 4654 τοῦ
2760 4599 2892 4652 Θεοῦ
2925 4598 3181 4668 γεγονὼς,
3208 4599 3308 4651 ούκ
3341 4598 3488 4652 ἔστιν
3515 4599 3819 4658 ἁσύνθετοςς

2281 4693 2372 4744 καὶ
2403 4691 2572 4753 ἄλλως
2597 4693 2758 4761 γεννᾷ
2787 4691 2962 4758 λόγον,
3006 4693 3097 4745 καὶ¹
3125 4691 3297 4753 ἄλλως
3327 4690 3523 4753 κτίζει,
3569 4691 3603 4746 ἃ
3641 4692 3818 4752 κτίζει.

2293 4784 2485 4849 ’Λνίῖιμ
2512 4785 2636 4846 Πῶς
2659 4783 2831 4847 ἄλλως
2857 4787 3018 4855 γεννᾷ
3049 4785 3140 4837 καὶ
3164 4783 3334 4846 ἄλλως
3360 4783 3564 4846 κτίζει;
3598 4785 3819 4848 καίτοιγε

2281 4875 2308 4926 6
2333 4873 2454 4937 νοῦς
2485 4869 2566 4936 οἷς
2613 4875 2806 4938 κτίζει,
2853 4877 2945 4929 καὶ
2977 4860 3158 4944 γεννᾷ.
3200 4876 3350 4941 Ὀρθ.
3401 4875 3639 4940 Ψεῦδοςο
3676 4875 3821 4941 γεννᾷ

2283 4963 2389 5033 γάρ
2421 4963 2476 5028 ἐξ
2505 4964 2670 5016 αὑτοῦ
2697 4964 2872 5033 λόγον,
2894 4965 3061 5028 κτίζει
3087 4964 3142 5015 δὲ
3177 4963 3236 5030 ἐξ
3256 4964 3386 5034 ὕλης
3411 4967 3608 5027 οἰκίαν,
3633 4966 3817 5021 πλοῖον,

2283 5055 2374 5106 καὶ
2407 5055 2504 5107 ὅσα
2538 5055 2775 5109 τοιαῦτα.
2824 5056 3014 5122 Ἀι·ὀμ.
3055 5054 3262 5106 Ούκοῦν
3308 5057 3401 5108 καὶ
3443 5057 3575 5118 Θεὸς
3606 5055 3664 5119 ἐξ
3706 5054 3820 5120 ὕλης

2282 5145 2485 5208 κτίζεις
2531 5147 2682 5212 Ὀρθ.
2734 5145 2812 5197 Τά
2867 5145 2962 5214 μὲν
3012 5143 3272 5215 ὲξ,ῦλης,
3327 5146 3395 5197 τὰ
3441 5145 3517 5206 δὲ,
3566 5147 3636 5215 μὴ
3684 5144 3818 5200 ὄντα,

2281 5235 2643 5303 ὑπεστήσατο.
2677 5235 2870 5302 ’Δγ-ὀμ.
2901 5233 3054 5298 Πῶς;
3096 5234 3248 5300 Ὀρθ.
3283 5235 3391 5304 Τὴν
3419 5234 3550 5305 ὓλην
3592 5233 3683 5286 καὶ
3710 5231 3818 5290 τοὺς

688 5378 733 5407 ⁸⁸
764 5375 898 5430 Joel.
935 5392 1002 5440 ιι,
1035 5377 1124 5431 28.
1197 5377 1239 5408 ³⁷
1281 5375 1466 5432 Matth.
1504 5395 1624 5440 xw.
1656 5379 1745 5435 20.
1823 5381 1866 5412 ⁸⁸
1899 5379 2000 5434 Job
2037 5398 2166 5436 xxw

2268 5383 2370 5440 ι-ι.
2447 5388 2490 5418 ⁸⁸
2530 5386 2545 5437 1
2582 5389 2706 5442 Cor.
2739 5404 2814 5441 xu
2839 5430 2852 5452 ,
2886 5391 2938 5442 5.
3011 5388 3056 5418 ⁸ο
3097 5386 3114 5438 l
3150 5386 3276 5443 Cor.
3312 5405 3399 5452 γι,
3441 5390 3620 5446 19-20.

654 5530 816 5611 -6535).
839 5531 1034 5601 Regius
1065 5542 1121 5586 et
1160 5532 1329 5586 Palat.
1363 5533 1496 5586 ἀλλά
1543 5535 1638 5604 τῆς
1663 5535 1799 5597 οἵας.
1843 5533 1984 5589 Felc.
2028 5535 2162 5589 ἀλλὰ

618 5599 949 5739 τηῖὸἳῧίῗῖῗε.
982 5678 1034 5726 et
1076 5671 1246 5724 Palat.
1280 5673 1377 5740 τῆς
1414 5673 1575 5741 πνοῆς
1609 5691 1709 5742 μου
1743 5676 1797 5724 ἐν
1845 5675 1948 5742 ῥινὶ
1979 5674 2154 5744 05"!“

2273 5539 2390 5593 Mox
2427 5542 2584 5598 idem.
2619 5545 2690 5612 μὴ
2727 5542 2970 5612 λαλῆσαι.

2343 5613 2448 5666 ’37)
2485 5609 2647 5665 Palat.
2682 5609 2782 5664 ὀὐκ
2813 5609 2980 5672 εἷπον,
3005 5614 3084 5664 ὅτι
3113 5614 3214 5665 οὐκ
3242 5614 3383 5666 ἔστιν
3411 5615 3496 5666 ἀσ.
