3982 6398
177 393 305 448 1129
1151 384 1238 439 DE
1278 381 1547 440 SANCTA
1585 378 1747 437 TRIN

1826 376 1957 433 ATE
1994 372 2338 431 DIALOGUS
2371 374 2416 432 I.
3262 370 3398 425 H30

123 506 132 518 ’
174 509 429 583 οὐρανοὺς
453 509 547 564 καὶ⁸
577 510 704 574 τοὺς
723 506 989 578 ἀγγέλους
1022 505 1083 570 ἐξ
1124 505 1334 569 οὐδενὸς
1373 503 1695 573 ύπεστήσατε

1839 503 1970 552 ειιηι
1995 494 2288 565 ejusmodi.
2328 490 2517 545 Anam.
2547 488 2686 544 Num
2714 487 2876 559 igitur
2905 487 3068 543 etiam
3100 485 3242 542 Deus
3266 502 3400 541 con-

176 576 307 656 Ἀλλ’
356 603 391 672 ἡ
442 599 713 672 βούλησις,
766 576 1061 672 σύνδρομον
1102 596 1297 667 ἔχουσα
1344 594 1444 665 τὴν
1490 593 1739 662 δύναμιν,

1841 584 1922 637 dit
1950 599 2017 638 ex
2046 582 2315 638 materia?
2345 579 2494 635 Orth.
2529 576 2786 646 Quaedam
2836 592 2904 630 ex
2949 576 3175 629 materia
3195 613 3211 637 ,
3253 588 3402 645 quc-

144 666 515 760 ὑπεστήσατο
550 666 650 741 ὅσα
681 666 945 758 ἠθέλησε’
966 666 1049 740 ’τὰ
1180 683 1349 757 θνητὰ
1387 682 1501 748 ζῶα
1543 684 1607 735 ὲκ
1641 680 1716 750 τῆ

1840 673 1966 727 dam
1998 687 2230 737 rursus,
2261 686 2385 725 cum
2416 685 2523 724 non
2549 677 2737 725 essent
2756 708 2772 732 ,
2803 666 2928 721 fecit
2953 674 3013 719 ut
3053 667 3400 722 exsisterent.

146 736 307 852 ⁸ιῇἦᾷ
324 736 1051 852 ’έέἐᾶζπξςεῖῇῖλὲοὲῇἶὲοδὲξ
1073 736 1505 849 ἐέχςέιέᾶιζῖόρθ.
1535 774 1641 828 Τὸν
1683 736 1718 826 5':

1839 765 2030 820 Anam.
2060 736 2386 831 Quomodo?
2413 760 2569 817 Orth.
2623 759 2900 815 Materiem
2935 765 2989 813 et
3023 757 3195 812 ctelos
3224 766 3278 812 et
3310 772 3407 811 au-

181 848 301 926 Ti6v
326 874 425 942 οὐχ
452 848 655 925 αττλοῦν
688 871 782 925 καὶ
808 870 1096 923 ἀσύνθετον
1126 848 1336 937 λέγεις;
1370 867 1570 935 Ἀνόμ.
1612 864 1740 917 Ναί.

1842 857 1993 926 gelos
2020 854 2149 910 fecit
2176 863 2237 909 ut
2262 869 2330 909 ex
2355 853 2527 907 nihilo
2556 853 2906 907 exsisterent.
2932 848 3199 903 Voluntas
3224 856 3404 903 autem

193 962 341 1029 Ὄρθ.
378 941 587 1015 Οὐκοῦν
630 963 722 1015 καὶ
760 961 852 1015 τοῦ
882 960 1013 1014 Υίοῦ
1059 960 1120 1013 τὸ
1153 960 1358 1030 κτίσμα
1384 959 1631 1028 γέννημα
1657 956 1746 1025 λέ-

1842 952 2257 999 concurrentem
2298 951 2622 1013 potestatem
2665 949 2864 1003 nacta,
2897 942 3023 997 fecit
3068 950 3128 996 ut
3170 941 3407 997 exsiste-

183 1071 329 1123 γεις;
372 1054 571 1122 Ἀνόμ.
603 1051 698 1106 Οὔ.
737 1053 882 1121 Ὀρθ.
905 1053 969 1105 Εἰ
996 1051 1083 1106 διὰ
1106 1051 1263 1104 τοῦτο
1303 1050 1366 1103 τδ
1405 1048 1610 1118 κτίσμα
1647 1046 1743 1099 τοῦ

1843 1044 1927 1091 ret
1963 1036 2228 1106 quidquid
2273 1035 2436 1089 libuit
2485 1053 2500 1090 :
2544 1035 2795 1088 mortalia
2829 1049 2957 1089 vero
2992 1033 3289 1086 animantia
3338 1047 3407 1085 ex

180 1121 408 1219 Πατρὶς,
439 1121 684 1215 γέννημα
713 1144 910 1214 λέγεις,
937 1143 1122 1215 ἐπειδὴ
1158 1141 1361 1207 ἁπλοῦς
1394 1143 1532 1203 ἐστι,
1565 1139 1661 1194 καὶ
1686 1137 1748 1191 τὸ

1846 1127 2074 1181 materia
2106 1125 2368 1180 condidit.
2395 1124 2584 1180 Anam.
2616 1124 2730 1179 Hoc
2750 1125 2997 1178 admitto.
3027 1124 3180 1178 Orth.
3210 1121 3407 1176 Filium

184 1214 422 1307 γέννημα
454 1214 691 1307 κτίσμα·
742 1235 854 1289 ἔστι
900 1235 957 1289 δὲ
1003 1214 1167 1288 καιό
1208 1234 1337 1298 Υἱὸς
1382 1232 1606 1296 ἁπλοῦς,
1653 1232 1748 1284 καὶ

1844 1231 1976 1271 vero
2021 1231 2203 1271 nonne
2245 1217 2328 1271 ais
2375 1215 2677 1285 simplicem
2728 1230 2850 1270 esse
2894 1224 2949 1270 et
2995 1214 3411 1285 compositionis

185 1304 436 1382 ἀύτυΰτδ
466 1304 669 1399 κτίσμα
692 1329 807 1381 ἐστὶ
827 1327 1102 1398 γέννημα·
1140 1327 1234 1380 καὶ
1266 1325 1619 1397 εὑρεθήσεται
1652 1322 1745 1377 τοῦ
1846 1315 2119 1399 ξέξρετίθιη
2139 1307 2167 1399 ῗί
2191 1307 2378 1361 Απθηι·
2410 1305 2608 1361 Euam-
2642 1304 2793 1360 θῖν’·
2849 1306 2931 1360 An
2975 1305 3142 1399 ίεῐιιιη·
3185 1304 3332 1399 quod
3380 1320 3412 1399 ξ

190 1419 282 1489 μὲν
315 1417 443 1471 Υίοῦ
491 1395 673 1491 πατῆρ
699 1420 728 1471 6
769 1395 1104 1489 Πατὴρίτῆς
1129 1417 1187 1471 δὲ
1235 1395 1464 1479 κτίσεως
1502 1416 1743 1478 πάππος.

1846 1397 1988 1453 Filio
2033 1398 2316 1453 conditum
2368 1405 2486 1461 est,
2536 1413 2605 1453 ex
2654 1412 2720 1451 eo
2753 1411 2971 1468 quoque
3011 1397 3254 1468 genitum
3286 1395 3414 1451 ais?

199 1486 390 1575 Ἂνόμ.
448 1486 751 1560 Ἀλλὰ-,τοῦ
817 1486 939 1578 μὲν-γ
963 1486 1175 1577 Πατρὸς
1226 1504 1288 1558 τὸ
1338 1503 1588 1575 γέννημα
1631 1506 1748 1557 ἐστι

1848 1490 2037 1542 Anam.
2070 1487 2309 1544 ﬂinime.
2348 1487 2504 1544 Orth.
2538 1486 2618 1553 Si,
2642 1488 2899 1558 quoniam
2946 1486 3106 1543 Pater
3152 1496 3237 1544 est
3280 1490 3416 1544 sim—

184 1598 404 1668 κτίσμα,
440 1600 533 1653 τοῦ
566 1592 786 1652 δὲ’Υίοῦ
825 1598 886 1651 τὸ
928 1598 1130 1668 κτίσμα
1162 1597 1280 1650 ἐστὶ
1323 1596 1546 1669 κτίσμα.
1592 1596 1745 1664 Ὀρθ.

1849 1583 2003 1652 plex,
2037 1582 2245 1637 idcirco
2271 1581 2416 1652 quod
2445 1597 2474 1635 a
2504 1579 2667 1636 Patre
2695 1580 2974 1636 conditum
3005 1586 3092 1635 est
3134 1580 3296 1634 etiam
3326 1594 3418 1649 ge-

200 1684 411 1756 Ἐπειδὴ
453 1684 658 1749 ἁπλοῦς
687 1687 832 1738 ἐστιν
858 1687 887 1737 6
913 1685 1065 1748 Θεὸς,
1097 1684 1158 1738 τὸ
1182 1684 1387 1755 κτίσμα
1418 1683 1582 1737 αὐτοῦ
1624 1684 1750 1752 γέν-

1850 1674 2023 1727 nitum
2052 1672 2191 1728 dicis
2211 1713 2225 1736 ,
2256 1690 2449 1743 nempe
2480 1672 2626 1743 quod
2662 1671 2898 1741 genitum
2930 1676 3049 1735 εει,
3076 1673 3239 1725 etiam
3265 1684 3420 1725 crea-

183 1790 327 1845 νημα
357 1775 524 1828 αὐτοῦ
566 1777 701 1833 ἐστι,
733 1775 826 1830 καί
852 1776 914 1828 τὸ
959 1776 1203 1846 γέννημα
1243 1774 1482 1844 κτίσμα*
1530 1773 1563 1844 ἢ
1596 1775 1748 1836 πεῖ)ςὲ

1852 1771 1965 1817 tum
1997 1771 2120 1819 est:
2158 1774 2212 1818 at
2241 1763 2417 1819 Filius
2444 1779 2663 1833 quoque
2695 1772 2780 1817 est
2810 1763 3037 1832 simplex
3072 1779 3087 1817 :
3119 1777 3249 1829 ergo
3274 1761 3418 1832 quod

187 1842 379 1936 ’Ᾰιοόμ
426 1868 598 1921 Πάνυ.
637 1868 791 1935 Ὄρθ.
835 1868 946 1920 Καὶ
974 1842 1085 1920 τοῦ
1111 1842 1248 1919 Υίοῦ
1294 1842 1401 1938 ἄρα
1442 1865 1504 1918 τὸ
1549 1842 1752 1936 κτίσμα

1853 1855 2089 1918 creavit,
2133 1856 2295 1909 etiam
2338 1856 2527 1925 genuit
2555 1870 2569 1906 :
2601 1865 2657 1909 et
2687 1854 2850 1910 Pater
2890 1856 3259 1924 eomperietur
3300 1869 3420 1909 esse

188 1957 448 2028 γέννημα,
487 1957 781 2011 ἁσυνθέτου
823 1956 1008 2021 ὄντοςο
1044 1957 1077 2027 ἢ
1128 1956 1238 2029 (58)
1269 1957 1368 2010 οὐκ
1409 1956 1519 2029 ἄρα
1561 1956 1648 2010 διὰ
1692 1956 1753 2009 τὸ

1850 1943 1976 1999 Filii
2020 1945 2243 2015 quidem
2292 1953 2467 2014 pater,
2515 1959 2697 1999 rerum
2740 1958 2872 1999 vero
2914 1952 3220 1998 creatarum
3265 1958 3421 1999 avus.

185 2048 476 2101 ἀσύνθετον
529 2047 623 2102 τοῦ
669 2047 878 2119 Πατρός
932 2048 993 2101 τδ
1036 2048 1281 2119 γέννημα
1340 2048 1566 2117 κτίσμα,
1615 2046 1650 2117 ἢ
1694 2046 1752 2099 τὲ

1853 2035 2038 2089 Anam.
2094 2035 2201 2091 Sed
2246 2036 2394 2106 quod
2441 2043 2531 2090 est
2572 2036 2817 2107 genitum
2851 2048 2882 2087 a
2924 2033 3112 2095 Patre.
3144 2035 3307 2089 etiam
3339 2043 3425 2093 est

185 2127 389 2207 κτίσμα
415 2137 682 2208 γέννημα,
726 2131 889 2209 κᾶνῇ
934 2134 1247 2199 ἀσύνθετος.
1286 2135 1533 2207 Γέννημα
1570 2134 1629 2188 δὲ
1657 2134 1751 2188 τοῦ

1853 2139 2134 2185 creatum:
2188 2132 2334 2200 quod
2388 2139 2572 2185 autem
2621 2139 2868 2186 creatum
2921 2140 3005 2185 est
3048 2146 3078 2184 a
3116 2129 3292 2198 Filio,
3337 2143 3425 2188 est

185 2228 394 2299 Πατρός
421 2228 451 2279 6
482 2226 609 2290 Υίός
630 2242 644 2255 ο
673 2226 773 2279 ούκ
796 2224 921 2297 -ἄρα
952 2225 1176 2295 κτίσμα.
1219 2224 1418 2293 Ἀνόμ.
1476 2224 1534 2278 '0
1566 2223 1755 2295 Πατὴρ

1852 2232 2124 2278 creatura.
2162 2224 2316 2280 Orth.
2351 2224 2543 2281 Nonne
2568 2226 2831 2296 quoniam
2866 2227 3095 2297 simplex
3128 2236 3213 2281 est
3242 2227 3422 2293 Deus,

184 2316 273 2370 τοῦ
318 2315 452 2370 Υίοῦ
481 2315 651 2379 αίτιός
695 2316 831 2380 ἐστι,
869 2313 968 2384 τῆς
1003 2312 1060 2366 δὲ
1099 2311 1327 2374 κτίσεως
1366 2311 1396 2363 6
1421 2310 1567 2374 Υίός.
1598 2309 1753 2378 Ὀρθ.

1858 2315 2066 2370 idcirco
2112 2315 2259 2386 quod
2309 2323 2379 2371 ab
2407 2332 2473 2372 eo
2515 2326 2764 2373 creatum
2804 2324 2928 2381 est,
2974 2318 3135 2373 etiam
3179 2320 3423 2388 genitum

187 2407 294 2476 Τῆς
313 2406 369 2460 δὲ
396 2405 629 2468 κτίσεως
650 2404 749 2457 οὐκ
771 2403 917 2457 ἐστιν
937 2403 1109 2467 αἴτιος
1132 2402 1225 2456 καὶ
1248 2404 1277 2455 6
1301 2402 1522 2472 Πατήρς
1558 2402 1754 2470 Ἀνόμ.

1856 2422 2013 2463 esse:
2047 2415 2101 2463 et
2130 2407 2276 2477 quod
2309 2410 2378 2465 ab
2403 2425 2471 2466 eo
2499 2410 2746 2481 genitum
2789 2418 2910 2470 est,
2961 2410 3126 2464 etiam
3177 2421 3424 2466 creatum

182 2495 343 2549 ’Δλλὰ
383 2496 476 2550 διὰ
505 2494 601 2548 τοῦ
635 2494 787 2551 Υίοῦ.
827 2495 983 2563 Ὀρθ.
1020 2492 1187 2564 Τίθης
1231 2492 1340 2564 (59)
1386 2492 1441 2546 δὲ
1478 2492 1632 2558 ὅλως,
1678 2494 1754 2547 ὅτι

1856 2514 1979 2556 esse
2000 2500 2124 2557 vis?
2146 2500 2243 2556 Sin
2265 2503 2445 2559 minus
2461 2543 2477 2566 ,
2509 2501 2785 2573 quomodo
2808 2502 3017 2558 sentis?
3039 2501 3228 2557 Anam.
3254 2503 3422 2559 Sane.

183 2586 346 2650 αίτιός
365 2587 488 2638 ἐστι
522 2584 618 2638 καὶ
644 2584 743 2654 τῆς
763 2582 1022 2647 κτίσεως;
1055 2582 1252 2650 Ἀνόμ.
1285 2582 1410 2635 Ναί.
1445 2582 1629 2635 Πάντα
1652 2582 1755 2655 γὰρ

1859 2589 2012 2646 Orth.
2043 2589 2183 2663 Ergo
2226 2601 2281 2647 et
2321 2593 2465 2663 quod
2496 2602 2743 2648 creatum
2772 2601 2858 2657 est
2886 2608 2915 2646 a
2944 2591 3083 2647 Filio
3103 2637 3119 2658 ,
3149 2602 3233 2649 est
3260 2594 3425 2649 etiam

183 2678 246 2730 ὲκ
270 2677 364 2731 τοῦ
391 2676 552 2730 Θεοῦ.
600 2677 755 2743 Ὀρθ.
797 2674 950 2728 Εἰσὶν
992 2670 1084 2728 οὖν
1126 2671 1292 2727 αὑτοῦ
1331 2674 1425 2725 καὶ
1448 2672 1516 2726 τὰ
1556 2675 1752 2745 γεννή-

1858 2681 2098 2752 genitum
2119 2723 2133 2746 ,
2164 2691 2351 2753 utpote
2382 2684 2476 2755 qui
2518 2684 2592 2739 sit
2621 2685 3041 2751 compositionis
3073 2699 3268 2754 expers
3294 2700 3309 2737 ε
3342 2684 3429 2740 vel

183 2785 329 2839 ματα
379 2768 584 2831 πάντα,
634 2764 813 2829 κύνες,
858 2763 1121 2837 κόρακες,
1163 2762 1357 2832 γῦπες,
1414 2763 1504 2814 καὶ
1549 2765 1696 2815 πᾶσα
1721 2765 1755 2833 η

1860 2773 2023 2827 etiam
2054 2773 2103 2828 si
2147 2772 2311 2829 Pater
2338 2784 2423 2830 est
2448 2775 2867 2847 compositionis
2909 2790 3143 2845 expers,
3189 2788 3299 2830 non
3346 2776 3431 2830 id-

184 2861 357 2923 κτίσις
388 2860 587 2931 λογική
631 2874 693 2911 τε
721 2857 816 2911 καὶ
837 2857 1047 2925 ἄλογος.
1074 2855 1273 2924 Ἀνόμ.
1315 2850 1503 2919 Εἶπον,
1544 2857 1625 2909 ὅτι
1670 2856 1756 2910 διὰ

1863 2862 2013 2917 circo
2040 2873 2220 2918 tamen
2249 2865 2395 2934 quod
2425 2866 2494 2920 ab
2517 2880 2583 2921 eo
2614 2866 2856 2936 genitum
2885 2873 3003 2930 est,
3033 2872 3275 2920 creatum
3301 2872 3386 2921 est
3414 2885 3426 2920 :

179 2950 274 3005 τοῦ
298 2950 433 3005 Υίοῦ
463 2949 821 3019 ἐκτίσθησαν⁸
864 2948 1021 3020 μόνος
1058 2947 1116 3001 δὲ
1143 2948 1172 3001 6
1203 2947 1329 3011 Υἱὸς
1368 2947 1494 3001 ἄνευ
1543 2949 1751 3019 μεσίτου

1859 2968 1967 3009 nec
1995 2954 2143 3024 quod
2175 2954 2243 3009 ab
2273 2971 2338 3010 eo
2363 2962 2609 3010 creatum
2644 2962 2759 3021 est,
2792 2954 3034 3026 genitum
3064 2964 3183 3013 εει.
3210 2954 3431 3010 etiamsi

184 3044 532 3115 γεγέννηται,
558 3040 838 3094 τουτέστιν
873 3040 1135 3093 ἔκτισται.

1867 3045 1939 3099 sit
1971 3046 2089 3117 ipse
2114 3049 2528 3129 compositionis
2557 3062 2778 3119 expers.
2809 3049 2878 3102 At
2903 3046 3078 3103 Filius
3112 3048 3327 3119 genitus
3352 3057 3436 3103 est

183 3149 220 3190 α
246 3134 449 3192 Patre:
482 3150 599 3191 non
630 3134 799 3205 igitur
863 3140 1103 3188 creatus.
1138 3132 1327 3187 Anam.
1376 3132 1538 3189 Pater
1577 3144 1661 3190 est
1706 3146 1900 3192 auctor
1965 3138 2124 3203 Filii,
2160 3140 2336 3196 Filius
2402 3152 2595 3196 auctor
2636 3156 2822 3196 rerum
2862 3142 3233 3195 conditarum.
3277 3137 3433 3195 Orth.

185 3226 382 3283 Annon
413 3226 584 3281 Pater
605 3239 824 3296 quoque
850 3231 933 3279 est
956 3238 1142 3278 rerum
1163 3224 1508 3279 conditarum
1535 3227 1767 3280 auctor?
1804 3227 1994 3284 Anam.
2019 3229 2118 3286 Est
2146 3248 2279 3287 sane
2299 3274 2314 3298 ,
2346 3232 2441 3287 scd
2474 3248 2567 3302 per
2594 3231 2814 3286 Filium.
2879 3229 3032 3287 Orlh.
3064 3229 3171 3286 Sed
3214 3231 3439 3285 omnino

184 3324 381 3393 ponis,
404 3337 541 3379 eum
570 3336 790 3391 quoque
820 3327 1100 3374 auctorem
1143 3334 1265 3375 esse
1303 3334 1486 3375 rerum
1533 3324 1893 3378 creatarum?
1924 3325 2115 3380 Ano’m.
2149 3328 2327 3382 Certe.
2382 3325 2575 3382 Omnia
2619 3332 2761 3383 enim
2826 3336 2956 3383 sunt
3005 3342 3073 3381 ex
3111 3324 3240 3381 Deo.
3282 3323 3438 3381 Ortla.

186 3413 327 3469 Sunt
357 3415 538 3486 igitur
573 3412 642 3467 ab
666 3427 732 3467 eo
760 3411 924 3465 etiam
955 3412 1139 3481 genita
1170 3411 1354 3465 omnia
1374 3450 1389 3476 ,
1420 3426 1618 3478 canes,
1654 3415 1843 3477 corvi,
1872 3417 2120 3473 vultures
2140 3459 2155 3482 ,
2186 3418 2453 3490 quidquid
2495 3419 2657 3491 413
2717 3408 2954 3489 denique
3008 3425 3254 3472 creatum
3320 3423 3440 3483 est,

184 3506 302 3561 sive
340 3504 587 3560 rationis
616 3503 889 3573 particeps
910 3542 926 3564 ,
956 3502 1071 3556 sive
1100 3501 1331 3557 rationis
1354 3517 1569 3572 expers.
1624 3504 1813 3560 Anam.
1856 3506 1977 3562 Dixi
2004 3509 2120 3565 haec
2145 3511 2365 3566 condita
2390 3527 2513 3566 esse
2559 3526 2657 3582 per
2681 3509 2878 3564 Filium
2908 3530 2921 3565 :
2956 3510 3108 3565 solus
3135 3516 3318 3563 autem
3346 3505 3441 3560 Fi-

184 3592 290 3651 lius
310 3635 327 3659 ,
360 3595 523 3649 nullo
550 3592 877 3648 intermedio
905 3594 1121 3663 genitus
1148 3601 1263 3656 est,
1292 3592 1344 3647 id
1380 3600 1465 3649 est
1492 3603 1727 3650 creatus.

252 3690 303 3744 9.
340 3692 502 3759 Ὀρθ.
536 3686 764 3758 Ἐπειδὴ
812 3687 972 3757 μόνος
1008 3688 1074 3739 ὲκ
1106 3687 1293 3757 μόνου,
1348 3686 1437 3741 διὰ
1484 3706 1641 3742 τουτο
1670 3691 1761 3742 καὶ
1787 3697 1824 3752 C

1933 3689 1987 3744 9.
2020 3688 2173 3745 Orth.
2213 3690 2491 3746 Idcircone
2532 3703 2658 3744 eum
2688 3701 2814 3743 esse
2857 3687 2996 3742 dicis
3030 3695 3086 3743 et
3119 3686 3358 3757 genitum
3389 3697 3444 3744 et

181 3779 429 3853 γέννημα
474 3779 660 3847 λέγεις
702 3777 862 3830 αὐτὸν
908 3777 1004 3830 καὶ
1046 3777 1280 3849 κτίσμα;
1307 3778 1340 3848 ἢ
1368 3777 1525 3844 πῶςς
1566 3779 1753 3849 Ἀνόμ.

1876 3786 2135 3840 creatum,
2162 3778 2291 3848 quia
2320 3779 2475 3834 solus
2497 3787 2581 3833 est
2608 3791 2638 3830 a
2667 3776 2787 3831 solo
2805 3775 2829 3828 ?
2849 3784 2944 3830 aut
2977 3777 3250 3846 quomodo
3278 3777 3332 3831 id
3360 3794 3448 3833 ae-

181 3869 304 3923 Ναί.
352 3872 518 3938 Ὄρθ.
554 3869 638 3921 Τά
660 3867 716 3921 δὲ
743 3866 854 3939 (60)
892 3867 1025 3922 ἄλλα
1066 3868 1269 3933 πάντα,
1323 3868 1511 3940 ἐπειδὴ
1556 3869 1646 3923 διὰ
1674 3869 1753 3923 τοί

1891 3868 2043 3937 :ipis?
2084 3870 2276 3923 Anam.
2318 3867 2516 3924 Etiam.
2554 3867 2711 3925 Orth.
2756 3868 2961 3924 Caetera
3001 3876 3181 3924 autem
3226 3872 3463 3939 omnia;

184 3959 311 4015 Υίοῦ
341 3961 627 4031 ἐγένοντο,
651 3958 922 4030 κτίσματά
953 3961 1110 4023 εἰσιν,
1141 3960 1240 4013 οὐκ
1267 3959 1345 4012 ἔτι
1380 3960 1437 4015 δὲ
1462 3962 1556 4014 καὶ
1576 3962 1756 4033 γεννή-

1871 3960 2130 4029 quoniam
2151 3975 2248 4030 per
2273 3959 2468 4015 Filium
2499 3958 2644 4014 facta
2666 3968 2816 4026 sunt,
2847 3970 3028 4016 creata
3057 3962 3272 4033 quidem
3296 3977 3443 4029 sunt,

179 4070 357 4122 ματα;
407 4051 619 4120 Ἀνόμ.
651 4049 854 4113 Οὕτως.
896 4050 1049 4119 Ὀρθ.
1090 4049 1154 4103 Ἦ
1188 4050 1434 4121 μεσιτεία
1468 4051 1645 4106 τοίνυν
1678 4051 1751 4106 τοί

1877 4053 2053 4122 genita
2085 4068 2215 4108 vero
2245 4067 2352 4107 non
2394 4052 2557 4107 item?
2586 4051 2780 4108 Anam.
2819 4053 2898 4107 lta
2943 4061 3049 4109 est.
3084 4053 3239 4109 Ortlt.
3276 4054 3449 4112 luter-

186 4145 317 4200 Υίοῦ
374 4144 673 4216 ἠλάττωσε
705 4140 800 4213 τὴν
823 4139 919 4194 τοῦ
970 4142 1182 4213 Πατρὸς
1236 4144 1536 4214 ἐνέργειαν.
1575 4144 1758 4213 Ἀνόμ.

1880 4143 2055 4197 ventio
2088 4142 2252 4213 igitur
2295 4140 2417 4196 Filii
2461 4140 2737 4196 imminuit
2768 4141 2947 4198 Patris
3008 4144 3063 4197 in
3104 4145 3311 4214 agendo
3339 4147 3452 4201 eili-

178 4236 274 4290 Διὰ
298 4237 395 4302 τίς
426 4238 597 4304 Ὀρθ.
641 4234 784 4298 Ὅτι,
815 4232 973 4304 μόνος
1018 4234 1179 4303 μόνον
1228 4234 1466 4302 γεννῶν,
1515 4234 1750 4288 ὡσαύτω

1877 4235 2181 4290 cacitatem.
2230 4235 2421 4289 Anam.
2462 4230 2863 4299 Quamobrem?
2918 4234 3072 4291 Orlh.
3120 4236 3257 4302 Quia
3300 4237 3449 4292 solus

179 4330 272 4382 καὶ
298 4330 476 4399 γεννᾷ
498 4327 602 4380 καὶ
641 4325 833 4390 κτίζει.
861 4325 1248 4388 Μεσιτεύοντος
1277 4326 1334 4377 δὲ
1369 4323 1464 4379 τοῦ
1496 4325 1647 4390 Υίοῦ,
1675 4326 1751 4379 οὐ]

1881 4323 2053 4377 solum
2078 4322 2327 4391 gignens,
2364 4320 2549 4377 itidem
2580 4328 2634 4376 et
2655 4322 2829 4393 gignit
2863 4332 2919 4379 et
2949 4334 3121 4379 creat.
3154 4324 3292 4381 Filio
3322 4342 3453 4382 vero

177 4421 255 4475 ἔτι
283 4422 347 4475 τὸ
376 4421 597 4492 κτίσμα
614 4417 778 4471 αὑτοῦ
798 4417 1041 4489 γέννημα
1070 4416 1232 4471 αὑτοῦ
1251 4419 1395 4469 ἐστι·
1422 4418 1534 4480 καὶ,
1557 4417 1632 4481 ὡς
1655 4418 1748 4487 φαί

1883 4414 2304 4482 interveniente,
2330 4414 2474 4484 quod
2522 4423 2693 4481 creat,
2741 4430 2854 4471 non
2900 4432 3031 4474 sane
3061 4418 3373 4488 gignit;et,
3397 4425 3455 4471 ut

179 4529 350 4581 νεται,
383 4515 482 4567 ἐπὶ
522 4508 702 4582 βλάϐῃ
752 4508 859 4561 τῶν
884 4507 1067 4580 ἀρχῶν
1096 4508 1189 4562 καὶ
1236 4507 1344 4561 τῶν
1372 4507 1648 4575 ἐξουσιῶν,
1680 4526 1751 4562 κα

1882 4506 2116 4572 videtur,
2149 4507 2550 4578 principatuum
2593 4517 2649 4564 et
2688 4517 3017 4579 potestatum
3039 4549 3055 4574 ,
3091 4525 3269 4565 rerum
3299 4510 3454 4564 deni-

176 4605 361 4676 πάσης
389 4603 542 4675 ὁμοῦ
575 4601 675 4672 τῆς
729 4598 978 4660 κτίσεως,
1033 4598 1295 4669 ἐγεννήθη
1325 4599 1353 4651 6
1383 4598 1530 4662 Υἱός.
1578 4598 1748 4668 Ἀνόμ

1883 4614 1984 4669 que
2019 4599 2263 4653 omnium
2295 4606 2601 4654 creatarum
2634 4599 2871 4665 damno,
2899 4602 3115 4670 genitus
3160 4601 3326 4656 fuerit
3365 4600 3455 4655 Fi-

175 4689 274 4744 Διὰ
300 4691 393 4757 τί;
435 4691 604 4758 Ὀρθ.
646 4687 875 4757 Ἔμελλε
908 4686 1016 4757 γὰρ
1047 4686 1158 4757 (61)
1188 4688 1403 4741 ἃπαντα
1421 4688 1488 4740 τά
1506 4688 1747 4760 κτίσματι

1884 4689 2003 4745 lius.
2028 4689 2217 4743 Anam.
2244 4689 2646 4755 Quamobrem?
2674 4690 2827 4746 Orth.
2873 4692 3141 4758 Quoniam
3188 4692 3293 4748 nisi
3312 4691 3456 4761 geni-

174 4786 506 4855 γεννήματα
524 4769 698 4835 αύτοῠ
725 4775 886 4842 εἶναι,
903 4780 952 4831 εί
979 4779 1052 4849 μὴ
1076 4778 1337 4850 ὲγεννηθη
1355 4782 1383 4833 6
1406 4780 1554 4843 Υίός.
1574 4781 1630 4834 ’A
1640 4784 1746 4851 νόμ

1883 4790 1972 4837 tus
1999 4782 2191 4838 fuisset
2224 4781 2425 4851 Filius,
2456 4799 2798 4854 quaecunque
2833 4785 2905 4839 ab
2931 4800 2997 4840 eo
3024 4792 3234 4847 creata,
3270 4792 3455 4840 essent

174 4870 249 4924 06
266 4872 358 4926 διὰ
378 4871 482 4924 τοῦ
502 4867 646 4924 Υίοῦ
669 4864 760 4922 οὖν
774 4867 994 4939 ἐκτίσθη
1002 4886 1099 4939 μεν
1117 4884 1132 4933 ;
1158 4869 1302 4937 Ὀρθ.
1326 4870 1436 4921 Καὶ
1463 4869 1624 4923 πάνυ.
1644 4870 1746 4922 Ἀλ]

1883 4874 2046 4929 etiam
2077 4874 2280 4945 genita.
2308 4874 2501 4929 Anam.
2533 4874 2733 4931 Annon
2761 4875 2927 4946 igitur
2947 4890 3043 4946 per
3066 4874 3260 4931 Filium
3285 4877 3455 4929 creati

171 4968 337 5037 ἡμεῖς
366 4968 471 5038 μὲν
502 4964 603 5019 διὰ
622 4962 718 5016 τοῦ
753 4963 881 5017 Υίοῠ
932 4964 1277 5036 ὲκτίσθημεν,
1311 4965 1340 5017 6
1363 4964 1419 5017 δὲ
1442 4964 1569 5026 Υἱὸς
1590 4966 1654 5018 ὲκ
1690 4982 1743 5018 το

1888 4966 2120 5022 sumus?
2144 4964 2299 5020 Ortlt.
2327 4964 2470 5020 Sane
2496 4979 2644 5021 vero.
2695 4964 2802 5020 Sed
2845 4981 2946 5021 nos
2979 4965 3197 5037 quidem
3237 4980 3335 5034 per
3362 4962 3457 5017 Fi-

172 5059 310 5112 Θεοῦ
359 5058 745 5128 γεγέννηται,
776 5057 871 5110 καὶ
923 5056 1025 5112 οὐκ
1078 5056 1342 5112 ἔκτισται.
1385 5055 1581 5127 Ἀνόμ.
1612 5058 1744 5110 Δύτὲ

1885 5058 2016 5112 lium
2040 5056 2209 5111 creati
2234 5071 2449 5122 sumus,
2477 5055 2649 5114 Filius
2690 5072 2818 5114 vero
2844 5074 2910 5113 ex
2961 5057 3068 5113 Deo
3091 5057 3306 5127 genitus
3349 5064 3454 5116 est,

172 5154 341 5223 λέγει’
381 5175 401 5206 ι
432 5153 660 5225 Κύριος
685 5150 863 5204 ἕκτισέ
894 5168 963 5221 με
995 5151 1166 5223 ἀρχὴν
1189 5151 1327 5207 όδῶν
1359 5149 1544 5207 αὑτοῦ.
1568 5169 1587 5203 ι
1625 5153 1744 5220 Ὀρε

1888 5164 1997 5205 non
2041 5154 2221 5202 autem
2264 5156 2506 5202 creatus.
2532 5148 2723 5203 Anam.
2774 5148 2897 5219 Ipse
2937 5148 3109 5203 dicit:
3145 5168 3164 5199 ι
3195 5147 3460 5202 Dominus

173 5246 281 5299 Καὶ
316 5246 494 5309 αὐτὸς
520 5243 683 5312 λέγει
705 5258 719 5272 °
756 5260 776 5292 ι
820 5243 1054 5314 Ὠρυξαν
1101 5243 1287 5316 χεῖράς
1339 5261 1441 5315 μου
1473 5243 1568 5297 καὶ
1613 5244 1745 5297 πόδα

1893 5240 2092 5295 creavit
2115 5254 2225 5302 me,
2257 5238 2473 5293 initium
2502 5239 2712 5295 viarum
2741 5256 2968 5297 suarum
2993 5242 3060 5292 θί.
3102 5258 3123 5292 ι
3161 5238 3313 5295 ΟνιΙι.
3346 5239 3465 5309 Ipse

175 5354 303 5407 μου,
363 5338 469 5392 καὶ
526 5333 917 5407 διεμερίσαντο
958 5335 1027 5387 τὰ
1079 5335 1269 5405 ἱμάτιά
1300 5352 1402 5404 μου
1428 5336 1658 5399 ἑαυτοῖς,
1689 5352 1747 5388 κο

1893 5349 2103 5405 quoque
2131 5332 2309 5388 dicit:
2358 5351 2378 5385 ι
2421 5332 2698 5389 Fuderunt
2739 5349 2935 5389 manus
2990 5347 3140 5388 meas
3201 5338 3257 5388 et
3296 5332 3465 5400 pedes

173 5429 267 5483 ἐπὶ
295 5430 391 5483 τὸν
436 5426 752 5500 ἱματισμόν
788 5443 889 5497 μου
928 5426 1115 5480 ἔὸαλον
1154 5427 1373 5498 κλῆρον.
1414 5446 1433 5477 ι
1485 5427 1679 5495 Ἀνόμ.
1717 5428 1745 5478 'l

1893 5441 2064 5492 meos,
2099 5434 2153 5480 et
2180 5424 2366 5495 partiti
2390 5432 2518 5480 sunt
2536 5426 2858 5481 vestimenta
2896 5442 3015 5481 mea
3046 5425 3183 5489 sibi,
3208 5431 3264 5479 et
3298 5434 3465 5494 super

243 5588 292 5621 ⁹¹
335 5586 515 5641 Prov.
557 5596 689 5647 vui,
722 5581 812 5634 22.

271 5744 368 5811 58)
411 5743 493 5797 Ἥ
516 5740 697 5811 deest
710 5738 763 5791 in
792 5736 1047 5811 Palatino
1068 5744 1123 5792 et
1153 5734 1364 5811 Regio._
1443 5804 1475 5811 _
1522 5806 1532 5811 _
1601 5807 1609 5811 _
1968 5735 2077 5811 (θθ)
2112 5737 2365 5811 έέ-ᾶεεει
2396 5736 2454 5811 i_n_
2478 5736 2747 5811 Palatino.

271 5744 368 5811 58)
411 5743 493 5797 Ἥ
516 5743 689 5797 deest
710 5743 763 5791 in
794 5743 1039 5793 Palatino
1068 5744 1123 5792 et
1155 5743 1341 5805 Regio.

247 5743 368 5889 ξω)
411 5813 587 5875 Μεεη
611 5806 764 5881 τίθη.
791 5806 957 5872 Infra,
986 5807 1143 5870 κύνες
1171 5807 1324 5860 deest
1354 5805 1409 5860 iu
1443 5804 1708 5861 Palatino.

1968 5743 2077 5805 (60)
2113 5743 2183 5790 Δὲ
2213 5743 2365 5792 deest
2396 5743 2450 5790 in
2481 5743 2747 5791 Palatino.

1621 5822 1708 5861 no.
1906 5878 1911 5882 δ
1962 5806 2074 5877 (61)
2112 5802 2286 5862 Palat.
2322 5802 2554 5878 et‘l‘ibg.,
2585 5807 2914 5878 Ἐμέλλομεν
2945 5808 3053 5879 γὰρ
3085 5809 3189 5867 ἆπ.

572 5903 858 5963 Parua!“
888 5900 1006 5963 Gn.
1055 5898 1347 5961 XXVIII.
3036 5900 3119 5961 36
