  <div class='ocr_page' id='page_1' title='image "/cluster/home/n/w/nwhite01/storage/ocr_20150623/28/hvd.32044019207737/583.png"; bbox 0 0 3982 6398; ppageno 0'>
   <div class='ocr_carea' id='block_1_1' title="bbox 539 330 672 386">
    <p class='ocr_par' dir='ltr' id='par_1_1' title="bbox 539 330 672 386">
     <span class='ocr_line' id='line_1_1' title="bbox 539 330 672 386; baseline 0.015 -2"><span class='ocrx_word' id='word_1_1' title='bbox 539 330 672 386; x_wconf 75' lang='grc'><strong>1151</strong></span> 
     </span>
    </p>
   </div>
   <div class='ocr_carea' id='block_1_2' title="bbox 1668 331 2635 388">
    <p class='ocr_par' dir='ltr' id='par_1_2' title="bbox 1668 331 2635 388">
     <span class='ocr_line' id='line_1_2' title="bbox 1668 331 2635 388; baseline 0.004 -4"><span class='ocrx_word' id='word_1_2' title='bbox 1668 332 1725 384; x_wconf 90' lang='lat' dir='ltr'><strong>S.</strong></span> <span class='ocrx_word' id='word_1_3' title='bbox 1760 331 2222 388; x_wconf 59' lang='lat' dir='ltr'><strong>ATI—IANASIUS.</strong></span> <span class='ocrx_word' id='word_1_4' title='bbox 2259 362 2328 371; x_wconf 92' lang='lat'><strong>-—</strong></span> <span class='ocrx_word' id='word_1_5' title='bbox 2364 332 2635 388; x_wconf 77' lang='lat' dir='ltr'><strong>SPURIA.</strong></span> 
     </span>
    </p>
   </div>
   <div class='ocr_carea' id='block_1_3' title="bbox 3633 330 3741 386">
    <p class='ocr_par' dir='ltr' id='par_1_3' title="bbox 3633 330 3741 386">
     <span class='ocr_line' id='line_1_3' title="bbox 3633 330 3741 386; baseline 0.019 -2"><span class='ocrx_word' id='word_1_6' title='bbox 3633 330 3741 386; x_wconf 72' lang='grc'><strong>1152</strong></span> 
     </span>
    </p>
   </div>
   <div class='ocr_carea' id='block_1_4' title="bbox 535 442 2087 518">
    <p class='ocr_par' dir='ltr' id='par_1_4' title="bbox 535 444 2087 510">
     <span class='ocr_line' id='line_1_4' title="bbox 535 444 2087 510; baseline -0.001 -13"><span class='ocrx_word' id='word_1_7' title='bbox 535 450 745 499; x_wconf 90' lang='lat' dir='ltr'><strong>vestem</strong></span> <span class='ocrx_word' id='word_1_8' title='bbox 785 459 959 498; x_wconf 86' lang='lat' dir='ltr'><strong>meam</strong></span> <span class='ocrx_word' id='word_1_9' title='bbox 1003 444 1267 498; x_wconf 89' lang='lat' dir='ltr'><strong>miserunt</strong></span> <span class='ocrx_word' id='word_1_10' title='bbox 1303 450 1505 497; x_wconf 98' lang='lat' dir='ltr'><strong>sortem</strong></span> <span class='ocrx_word' id='word_1_11' title='bbox 1541 446 1607 496; x_wconf 70' lang='grc' dir='ltr'><strong>θ’.</strong></span> <span class='ocrx_word' id='word_1_12' title='bbox 1660 464 1678 496; x_wconf 76' lang='grc' dir='ltr'><strong>ι</strong></span> <span class='ocrx_word' id='word_1_13' title='bbox 1730 446 1920 499; x_wconf 90' lang='lat' dir='ltr'><strong>Anam.</strong></span> <span class='ocrx_word' id='word_1_14' title='bbox 1962 445 2087 510; x_wconf 81' lang='lat' dir='ltr'><strong>QIIIt&#39;.</strong></span> 
     </span>
    </p>
   </div>
   <div class='ocr_carea' id='block_1_5' title="bbox 2192 442 3753 518">
    <p class='ocr_par' dir='ltr' id='par_1_5' title="bbox 2205 442 3753 518">
     <span class='ocr_line' id='line_1_5' title="bbox 2205 442 3753 518; baseline -0.001 -18"><span class='ocrx_word' id='word_1_15' title='bbox 2205 447 2408 518; x_wconf 84' lang='grc' dir='ltr'><strong>ὅμοιον,</strong></span> <span class='ocrx_word' id='word_1_16' title='bbox 2439 466 2456 498; x_wconf 78' lang='grc' dir='ltr'><strong>ι</strong></span> <span class='ocrx_word' id='word_1_17' title='bbox 2488 445 2666 499; x_wconf 77' lang='grc' dir='ltr'><strong>ἔκτισὲ</strong></span> <span class='ocrx_word' id='word_1_18' title='bbox 2734 461 2822 516; x_wconf 89' lang='grc' dir='ltr'>με,</span> <span class='ocrx_word' id='word_1_19' title='bbox 2868 463 2885 494; x_wconf 76' lang='grc' dir='ltr'><strong>ι</strong></span> <span class='ocrx_word' id='word_1_20' title='bbox 2925 445 3051 508; x_wconf 78' lang='grc' dir='ltr'>καὶ,</span> <span class='ocrx_word' id='word_1_21' title='bbox 3104 463 3122 494; x_wconf 88' lang='grc'><strong>‹</strong></span> <span class='ocrx_word' id='word_1_22' title='bbox 3162 442 3378 512; x_wconf 81' lang='grc' dir='ltr'>ὤρυξαν</span> <span class='ocrx_word' id='word_1_23' title='bbox 3429 443 3611 516; x_wconf 81' lang='grc' dir='ltr'>χεῖράς</span> <span class='ocrx_word' id='word_1_24' title='bbox 3661 462 3753 517; x_wconf 28' lang='grc' dir='ltr'>μου,</span> 
     </span>
    </p>
   </div>
   <div class='ocr_carea' id='block_1_6' title="bbox 537 534 2103 601">
    <p class='ocr_par' dir='ltr' id='par_1_6' title="bbox 537 534 2103 601">
     <span class='ocr_line' id='line_1_6' title="bbox 537 534 2103 601; baseline 0.001 -13"><span class='ocrx_word' id='word_1_25' title='bbox 537 536 717 590; x_wconf 82' lang='lat' dir='ltr'><strong>simile</strong></span> <span class='ocrx_word' id='word_1_26' title='bbox 744 536 885 590; x_wconf 87' lang='lat' dir='ltr'><strong>inter</strong></span> <span class='ocrx_word' id='word_1_27' title='bbox 917 550 974 590; x_wconf 91' lang='lat' dir='ltr'><strong>se</strong></span> <span class='ocrx_word' id='word_1_28' title='bbox 1005 534 1224 598; x_wconf 91' lang='lat' dir='ltr'><strong>habent,</strong></span> <span class='ocrx_word' id='word_1_29' title='bbox 1269 551 1288 584; x_wconf 78' lang='grc' dir='ltr'><strong>ι</strong></span> <span class='ocrx_word' id='word_1_30' title='bbox 1322 535 1522 588; x_wconf 88' lang='lat' dir='ltr'><strong>creavit</strong></span> <span class='ocrx_word' id='word_1_31' title='bbox 1550 550 1656 601; x_wconf 90' lang='lat' dir='ltr'><strong>me,</strong></span> <span class='ocrx_word' id='word_1_32' title='bbox 1693 555 1710 587; x_wconf 76' lang='grc' dir='ltr'><strong>ι</strong></span> <span class='ocrx_word' id='word_1_33' title='bbox 1733 545 1786 590; x_wconf 91' lang='grc' dir='ltr'><strong>ει</strong></span> <span class='ocrx_word' id='word_1_34' title='bbox 1806 555 1824 588; x_wconf 75' lang='grc' dir='ltr'><strong>ι</strong></span> <span class='ocrx_word' id='word_1_35' title='bbox 1851 536 2103 591; x_wconf 79' lang='lat' dir='ltr'><strong>foderunt</strong></span> 
     </span>
    </p>
   </div>
   <div class='ocr_carea' id='block_1_7' title="bbox 536 623 2098 695">
    <p class='ocr_par' dir='ltr' id='par_1_7' title="bbox 536 623 2098 695">
     <span class='ocr_line' id='line_1_7' title="bbox 536 623 2098 695; baseline 0.001 -16"><span class='ocrx_word' id='word_1_36' title='bbox 536 641 732 681; x_wconf 86' lang='lat' dir='ltr'><strong>manus</strong></span> <span class='ocrx_word' id='word_1_37' title='bbox 759 641 910 680; x_wconf 87' lang='lat' dir='ltr'><strong>meas</strong></span> <span class='ocrx_word' id='word_1_38' title='bbox 940 635 993 679; x_wconf 84' lang='lat' dir='ltr'><strong>et</strong></span> <span class='ocrx_word' id='word_1_39' title='bbox 1027 624 1228 695; x_wconf 85' lang='lat' dir='ltr'><strong>pedes?</strong></span> <span class='ocrx_word' id='word_1_40' title='bbox 1264 643 1282 676; x_wconf 75' lang='grc' dir='ltr'><strong>ι</strong></span> <span class='ocrx_word' id='word_1_41' title='bbox 1325 623 1476 679; x_wconf 82' lang='lat' dir='ltr'><strong>Orth.</strong></span> <span class='ocrx_word' id='word_1_42' title='bbox 1512 623 1976 690; x_wconf 81' lang='lat' dir='ltr'><strong>Quemadmodum</strong></span> <span class='ocrx_word' id='word_1_43' title='bbox 2026 629 2098 688; x_wconf 82' lang='lat' dir='ltr'><strong>id.</strong></span> 
     </span>
    </p>
   </div>
   <div class='ocr_carea' id='block_1_8' title="bbox 536 715 2098 788">
    <p class='ocr_par' dir='ltr' id='par_1_8' title="bbox 536 715 2098 788">
     <span class='ocr_line' id='line_1_8' title="bbox 536 715 2098 788; baseline -0.001 -16"><span class='ocrx_word' id='word_1_44' title='bbox 536 717 682 788; x_wconf 92' lang='lat' dir='ltr'><strong>quod</strong></span> <span class='ocrx_word' id='word_1_45' title='bbox 713 718 767 770; x_wconf 93' lang='lat' dir='ltr'><strong>in</strong></span> <span class='ocrx_word' id='word_1_46' title='bbox 796 731 955 771; x_wconf 86' lang='lat' dir='ltr'><strong>cruce</strong></span> <span class='ocrx_word' id='word_1_47' title='bbox 989 715 1229 770; x_wconf 88' lang='lat' dir='ltr'><strong>futurum</strong></span> <span class='ocrx_word' id='word_1_48' title='bbox 1260 722 1408 781; x_wconf 89' lang='lat' dir='ltr'><strong>erat,</strong></span> <span class='ocrx_word' id='word_1_49' title='bbox 1442 717 1774 784; x_wconf 92' lang='lat' dir='ltr'><strong>enuntiavit,</strong></span> <span class='ocrx_word' id='word_1_50' title='bbox 1813 726 1870 771; x_wconf 92' lang='lat' dir='ltr'><strong>ut</strong></span> <span class='ocrx_word' id='word_1_51' title='bbox 1906 719 1951 773; x_wconf 87' lang='lat' dir='ltr'><strong>si</strong></span> <span class='ocrx_word' id='word_1_52' title='bbox 1987 719 2098 787; x_wconf 86' lang='lat' dir='ltr'><strong>jam</strong></span> 
     </span>
    </p>
   </div>
   <div class='ocr_carea' id='block_1_9' title="bbox 530 807 2102 878">
    <p class='ocr_par' dir='ltr' id='par_1_9' title="bbox 530 807 2102 878">
     <span class='ocr_line' id='line_1_9' title="bbox 530 807 2102 878; baseline -0.001 -16"><span class='ocrx_word' id='word_1_53' title='bbox 530 808 735 863; x_wconf 86' lang='lat' dir='ltr'><strong>factum</strong></span> <span class='ocrx_word' id='word_1_54' title='bbox 766 807 961 862; x_wconf 87' lang='lat' dir='ltr'><strong>fuisset</strong></span> <span class='ocrx_word' id='word_1_55' title='bbox 989 825 1004 862; x_wconf 78' lang='grc' dir='ltr'>τ</span> <span class='ocrx_word' id='word_1_56' title='bbox 1035 808 1108 861; x_wconf 87' lang='lat' dir='ltr'><strong>ita</strong></span> <span class='ocrx_word' id='word_1_57' title='bbox 1153 807 1298 878; x_wconf 92' lang='lat' dir='ltr'><strong>quod</strong></span> <span class='ocrx_word' id='word_1_58' title='bbox 1332 807 1576 862; x_wconf 83' lang='lat' dir='ltr'><strong>futurum</strong></span> <span class='ocrx_word' id='word_1_59' title='bbox 1607 815 1725 862; x_wconf 90' lang='lat' dir='ltr'><strong>erat</strong></span> <span class='ocrx_word' id='word_1_60' title='bbox 1765 810 1819 863; x_wconf 92' lang='lat' dir='ltr'><strong>in</strong></span> <span class='ocrx_word' id='word_1_61' title='bbox 1857 811 2102 864; x_wconf 86' lang='lat' dir='ltr'><strong>incarna-</strong></span> 
     </span>
    </p>
   </div>
   <div class='ocr_carea' id='block_1_10' title="bbox 531 899 2099 972">
    <p class='ocr_par' dir='ltr' id='par_1_10' title="bbox 531 899 2099 972">
     <span class='ocr_line' id='line_1_10' title="bbox 531 899 2099 972; baseline 0.001 -20"><span class='ocrx_word' id='word_1_62' title='bbox 531 900 697 964; x_wconf 87' lang='lat' dir='ltr'><strong>tione,</strong></span> <span class='ocrx_word' id='word_1_63' title='bbox 727 899 884 963; x_wconf 74' lang='lat' dir='ltr'><strong>dixit,</strong></span> <span class='ocrx_word' id='word_1_64' title='bbox 913 913 975 953; x_wconf 89' lang='lat' dir='ltr'><strong>ac</strong></span> <span class='ocrx_word' id='word_1_65' title='bbox 1009 899 1056 954; x_wconf 88' lang='lat' dir='ltr'><strong>si</strong></span> <span class='ocrx_word' id='word_1_66' title='bbox 1093 899 1206 969; x_wconf 88' lang='lat' dir='ltr'><strong>jam</strong></span> <span class='ocrx_word' id='word_1_67' title='bbox 1258 901 1452 956; x_wconf 85' lang='lat' dir='ltr'><strong>fuisset</strong></span> <span class='ocrx_word' id='word_1_68' title='bbox 1486 901 1712 956; x_wconf 90' lang='lat' dir='ltr'><strong>factum.</strong></span> <span class='ocrx_word' id='word_1_69' title='bbox 1757 901 1946 972; x_wconf 82' lang='lat' dir='ltr'><strong>Itaque</strong></span> <span class='ocrx_word' id='word_1_70' title='bbox 1991 916 2099 954; x_wconf 88' lang='lat' dir='ltr'><strong>non</strong></span> 
     </span>
    </p>
   </div>
   <div class='ocr_carea' id='block_1_11' title="bbox 529 990 2098 1059">
    <p class='ocr_par' dir='ltr' id='par_1_11' title="bbox 529 990 2098 1059">
     <span class='ocr_line' id='line_1_11' title="bbox 529 990 2098 1059; baseline 0.001 -15"><span class='ocrx_word' id='word_1_71' title='bbox 529 991 686 1055; x_wconf 85' lang='lat' dir='ltr'><strong>dixit,</strong></span> <span class='ocrx_word' id='word_1_72' title='bbox 717 990 979 1045; x_wconf 89' lang='lat' dir='ltr'><strong>Dominus</strong></span> <span class='ocrx_word' id='word_1_73' title='bbox 1027 992 1232 1046; x_wconf 88' lang='lat' dir='ltr'><strong>creavit</strong></span> <span class='ocrx_word' id='word_1_74' title='bbox 1283 1008 1369 1048; x_wconf 90' lang='lat' dir='ltr'><strong>me</strong></span> <span class='ocrx_word' id='word_1_75' title='bbox 1421 1003 1545 1048; x_wconf 86' lang='lat' dir='ltr'><strong>ante</strong></span> <span class='ocrx_word' id='word_1_76' title='bbox 1584 994 1800 1048; x_wconf 85' lang='lat' dir='ltr'><strong>initium</strong></span> <span class='ocrx_word' id='word_1_77' title='bbox 1830 995 1951 1059; x_wconf 79' lang='lat' dir='ltr'><strong>viae,</strong></span> <span class='ocrx_word' id='word_1_78' title='bbox 2004 992 2098 1047; x_wconf 89' lang='lat' dir='ltr'><strong>sed</strong></span> 
     </span>
    </p>
   </div>
   <div class='ocr_carea' id='block_1_12' title="bbox 527 1079 2097 1150">
    <p class='ocr_par' dir='ltr' id='par_1_12' title="bbox 527 1079 2097 1150">
     <span class='ocr_line' id='line_1_12' title="bbox 527 1079 2097 1150; baseline 0.001 -18"><span class='ocrx_word' id='word_1_79' title='bbox 527 1079 782 1149; x_wconf 90' lang='lat' dir='ltr'><strong>quoniam</strong></span> <span class='ocrx_word' id='word_1_80' title='bbox 813 1079 1041 1132; x_wconf 88' lang='lat' dir='ltr'><strong>aliorum</strong></span> <span class='ocrx_word' id='word_1_81' title='bbox 1082 1080 1167 1132; x_wconf 89' lang='lat' dir='ltr'><strong>via</strong></span> <span class='ocrx_word' id='word_1_82' title='bbox 1205 1082 1414 1150; x_wconf 89' lang='lat' dir='ltr'><strong>perdita</strong></span> <span class='ocrx_word' id='word_1_83' title='bbox 1458 1090 1606 1149; x_wconf 86' lang='lat' dir='ltr'><strong>erat,</strong></span> <span class='ocrx_word' id='word_1_84' title='bbox 1655 1082 1872 1136; x_wconf 87' lang='lat' dir='ltr'><strong>futurus</strong></span> <span class='ocrx_word' id='word_1_85' title='bbox 1918 1091 2097 1135; x_wconf 90' lang='lat' dir='ltr'><strong>autem</strong></span> 
     </span>
    </p>
   </div>
   <div class='ocr_carea' id='block_1_13' title="bbox 526 1170 2097 1243">
    <p class='ocr_par' dir='ltr' id='par_1_13' title="bbox 526 1170 2097 1243">
     <span class='ocr_line' id='line_1_13' title="bbox 526 1170 2097 1243; baseline 0.001 -20"><span class='ocrx_word' id='word_1_86' title='bbox 526 1171 685 1224; x_wconf 90' lang='lat' dir='ltr'><strong>nobis</strong></span> <span class='ocrx_word' id='word_1_87' title='bbox 714 1175 830 1223; x_wconf 91' lang='lat' dir='ltr'><strong>erat</strong></span> <span class='ocrx_word' id='word_1_88' title='bbox 859 1170 952 1238; x_wconf 91' lang='lat' dir='ltr'><strong>qui</strong></span> <span class='ocrx_word' id='word_1_89' title='bbox 986 1170 1074 1223; x_wconf 88' lang='lat' dir='ltr'><strong>via</strong></span> <span class='ocrx_word' id='word_1_90' title='bbox 1101 1185 1290 1226; x_wconf 80' lang='lat' dir='ltr'><strong>recens</strong></span> <span class='ocrx_word' id='word_1_91' title='bbox 1321 1182 1373 1226; x_wconf 87' lang='lat' dir='ltr'><strong>et</strong></span> <span class='ocrx_word' id='word_1_92' title='bbox 1395 1173 1585 1226; x_wconf 84' lang='lat' dir='ltr'><strong>vivens</strong></span> <span class='ocrx_word' id='word_1_93' title='bbox 1614 1182 1778 1237; x_wconf 85' lang='lat' dir='ltr'><strong>esset,</strong></span> <span class='ocrx_word' id='word_1_94' title='bbox 1813 1181 2097 1243; x_wconf 79' lang='lat' dir='ltr'><strong>propterea</strong></span> 
     </span>
    </p>
   </div>
   <div class='ocr_carea' id='block_1_14' title="bbox 525 1259 2098 1319">
    <p class='ocr_par' dir='ltr' id='par_1_14' title="bbox 525 1259 2098 1319">
     <span class='ocr_line' id='line_1_14' title="bbox 525 1259 2098 1319; baseline 0 -2"><span class='ocrx_word' id='word_1_95' title='bbox 525 1263 657 1317; x_wconf 88' lang='lat' dir='ltr'><strong>dicit</strong></span> <span class='ocrx_word' id='word_1_96' title='bbox 688 1281 701 1316; x_wconf 92' lang='lat'><strong>:</strong></span> <span class='ocrx_word' id='word_1_97' title='bbox 751 1280 769 1311; x_wconf 85' lang='lat'><strong>(</strong></span> <span class='ocrx_word' id='word_1_98' title='bbox 812 1259 1076 1316; x_wconf 86' lang='lat' dir='ltr'><strong>Dominus</strong></span> <span class='ocrx_word' id='word_1_99' title='bbox 1113 1263 1315 1317; x_wconf 86' lang='lat' dir='ltr'><strong>creavit</strong></span> <span class='ocrx_word' id='word_1_100' title='bbox 1349 1279 1434 1318; x_wconf 89' lang='lat' dir='ltr'><strong>me</strong></span> <span class='ocrx_word' id='word_1_101' title='bbox 1469 1265 1682 1318; x_wconf 90' lang='lat' dir='ltr'><strong>initium</strong></span> <span class='ocrx_word' id='word_1_102' title='bbox 1722 1265 1933 1317; x_wconf 81' lang='lat' dir='ltr'><strong>viarum</strong></span> <span class='ocrx_word' id='word_1_103' title='bbox 1980 1279 2098 1319; x_wconf 91' lang='lat' dir='ltr'><strong>sua-</strong></span> 
     </span>
    </p>
   </div>
   <div class='ocr_carea' id='block_1_15' title="bbox 523 1355 2098 1425">
    <p class='ocr_par' dir='ltr' id='par_1_15' title="bbox 523 1355 2098 1425">
     <span class='ocr_line' id='line_1_15' title="bbox 523 1355 2098 1425; baseline -0.001 -16"><span class='ocrx_word' id='word_1_104' title='bbox 523 1371 644 1409; x_wconf 86' lang='lat' dir='ltr'><strong>rum</strong></span> <span class='ocrx_word' id='word_1_105' title='bbox 675 1355 742 1410; x_wconf 93' lang='lat' dir='ltr'><strong>ad</strong></span> <span class='ocrx_word' id='word_1_106' title='bbox 765 1370 931 1425; x_wconf 83' lang='lat' dir='ltr'><strong>opera</strong></span> <span class='ocrx_word' id='word_1_107' title='bbox 960 1370 1079 1409; x_wconf 89' lang='lat' dir='ltr'><strong>sua.</strong></span> <span class='ocrx_word' id='word_1_108' title='bbox 1119 1375 1136 1406; x_wconf 73' lang='grc' dir='ltr'><strong>ι</strong></span> <span class='ocrx_word' id='word_1_109' title='bbox 1171 1356 1360 1408; x_wconf 83' lang='lat' dir='ltr'><strong>Anam.</strong></span> <span class='ocrx_word' id='word_1_110' title='bbox 1399 1374 1416 1405; x_wconf 78' lang='grc' dir='ltr'><strong>ι</strong></span> <span class='ocrx_word' id='word_1_111' title='bbox 1447 1355 1586 1410; x_wconf 86' lang='lat' dir='ltr'><strong>Ante</strong></span> <span class='ocrx_word' id='word_1_112' title='bbox 1619 1357 1878 1411; x_wconf 85' lang='lat' dir='ltr'><strong>saeculum</strong></span> <span class='ocrx_word' id='word_1_113' title='bbox 1904 1355 2098 1409; x_wconf 87' lang='lat' dir='ltr'><strong>funda-</strong></span> 
     </span>
    </p>
   </div>
   <div class='ocr_carea' id='block_1_16' title="bbox 522 1445 2090 1516">
    <p class='ocr_par' dir='ltr' id='par_1_16' title="bbox 522 1445 2090 1516">
     <span class='ocr_line' id='line_1_16' title="bbox 522 1445 2090 1516; baseline -0.002 -15"><span class='ocrx_word' id='word_1_114' title='bbox 522 1448 600 1501; x_wconf 91' lang='lat' dir='ltr'><strong>vit</strong></span> <span class='ocrx_word' id='word_1_115' title='bbox 627 1461 734 1509; x_wconf 90' lang='lat' dir='ltr'><strong>me,</strong></span> <span class='ocrx_word' id='word_1_116' title='bbox 773 1465 791 1498; x_wconf 75' lang='grc' dir='ltr'><strong>ι</strong></span> <span class='ocrx_word' id='word_1_117' title='bbox 849 1445 1057 1515; x_wconf 89' lang='lat' dir='ltr'><strong>inquit,</strong></span> <span class='ocrx_word' id='word_1_118' title='bbox 1094 1464 1112 1496; x_wconf 79' lang='grc' dir='ltr'><strong>ι</strong></span> <span class='ocrx_word' id='word_1_119' title='bbox 1149 1453 1437 1516; x_wconf 87' lang='lat' dir='ltr'><strong>antequam</strong></span> <span class='ocrx_word' id='word_1_120' title='bbox 1482 1457 1682 1501; x_wconf 87' lang='lat' dir='ltr'><strong>terram</strong></span> <span class='ocrx_word' id='word_1_121' title='bbox 1728 1447 1933 1502; x_wconf 84' lang='lat' dir='ltr'><strong>faceret</strong></span> <span class='ocrx_word' id='word_1_122' title='bbox 1962 1447 2027 1502; x_wconf 65' lang='lat'><strong>9’.</strong></span> <span class='ocrx_word' id='word_1_123' title='bbox 2073 1466 2090 1498; x_wconf 83' lang='grc'>›</span> 
     </span>
    </p>
   </div>
   <div class='ocr_carea' id='block_1_17' title="bbox 525 1537 2094 1608">
    <p class='ocr_par' dir='ltr' id='par_1_17' title="bbox 525 1537 2094 1608">
     <span class='ocr_line' id='line_1_17' title="bbox 525 1537 2094 1608; baseline -0.003 -14"><span class='ocrx_word' id='word_1_124' title='bbox 525 1537 678 1594; x_wconf 84' lang='lat' dir='ltr'><strong>Orth.</strong></span> <span class='ocrx_word' id='word_1_125' title='bbox 729 1537 825 1593; x_wconf 90' lang='lat' dir='ltr'><strong>Dic</strong></span> <span class='ocrx_word' id='word_1_126' title='bbox 861 1546 919 1590; x_wconf 94' lang='lat' dir='ltr'><strong>tu</strong></span> <span class='ocrx_word' id='word_1_127' title='bbox 961 1553 1222 1606; x_wconf 87' lang='lat' dir='ltr'><strong>quoque:</strong></span> <span class='ocrx_word' id='word_1_128' title='bbox 1273 1556 1290 1587; x_wconf 81' lang='grc' dir='ltr'><strong>ι</strong></span> <span class='ocrx_word' id='word_1_129' title='bbox 1327 1537 1694 1608; x_wconf 81' lang='lat' dir='ltr'><strong>Quadraginta</strong></span> <span class='ocrx_word' id='word_1_130' title='bbox 1737 1552 1910 1592; x_wconf 85' lang='lat' dir='ltr'><strong>annos</strong></span> <span class='ocrx_word' id='word_1_131' title='bbox 1953 1552 2094 1590; x_wconf 88' lang='lat' dir='ltr'><strong>non--</strong></span> 
     </span>
    </p>
   </div>
   <div class='ocr_carea' id='block_1_18' title="bbox 521 1620 2095 1692">
    <p class='ocr_par' dir='ltr' id='par_1_18' title="bbox 521 1620 2095 1692">
     <span class='ocr_line' id='line_1_18' title="bbox 521 1620 2095 1692; baseline -0.003 -8"><span class='ocrx_word' id='word_1_132' title='bbox 521 1630 650 1684; x_wconf 92' lang='lat' dir='ltr'><strong>dum</strong></span> <span class='ocrx_word' id='word_1_133' title='bbox 676 1629 845 1684; x_wconf 90' lang='lat' dir='ltr'><strong>habes</strong></span> <span class='ocrx_word' id='word_1_134' title='bbox 864 1629 931 1692; x_wconf 68' lang='lat'><strong>“,</strong></span> <span class='ocrx_word' id='word_1_135' title='bbox 963 1648 981 1679; x_wconf 75' lang='grc' dir='ltr'><strong>ι</strong></span> <span class='ocrx_word' id='word_1_136' title='bbox 1032 1639 1085 1683; x_wconf 87' lang='grc' dir='ltr'><strong>ει</strong></span> <span class='ocrx_word' id='word_1_137' title='bbox 1127 1636 1254 1684; x_wconf 88' lang='lat' dir='ltr'><strong>ante</strong></span> <span class='ocrx_word' id='word_1_138' title='bbox 1299 1630 1553 1683; x_wconf 67' lang='lat' dir='ltr'><strong>saeculum</strong></span> <span class='ocrx_word' id='word_1_139' title='bbox 1605 1627 1863 1682; x_wconf 89' lang='lat' dir='ltr'><strong>fundatus</strong></span> <span class='ocrx_word' id='word_1_140' title='bbox 1906 1620 2002 1682; x_wconf 78' lang='lat' dir='ltr'><strong>es?</strong></span> <span class='ocrx_word' id='word_1_141' title='bbox 2037 1637 2095 1680; x_wconf 95' lang='lat' dir='ltr'><strong>ut</strong></span> 
     </span>
    </p>
   </div>
   <div class='ocr_carea' id='block_1_19' title="bbox 523 1721 2093 1790">
    <p class='ocr_par' dir='ltr' id='par_1_19' title="bbox 523 1721 2093 1790">
     <span class='ocr_line' id='line_1_19' title="bbox 523 1721 2093 1790; baseline -0.003 -15"><span class='ocrx_word' id='word_1_142' title='bbox 523 1722 740 1786; x_wconf 86' lang='lat' dir='ltr'><strong>audias,</strong></span> <span class='ocrx_word' id='word_1_143' title='bbox 773 1740 792 1772; x_wconf 77' lang='grc' dir='ltr'><strong>ι</strong></span> <span class='ocrx_word' id='word_1_144' title='bbox 829 1722 1020 1785; x_wconf 89' lang='lat' dir='ltr'><strong>Amen,</strong></span> <span class='ocrx_word' id='word_1_145' title='bbox 1050 1737 1206 1776; x_wconf 88' lang='lat' dir='ltr'><strong>amen</strong></span> <span class='ocrx_word' id='word_1_146' title='bbox 1264 1722 1386 1776; x_wconf 90' lang='lat' dir='ltr'><strong>dico</strong></span> <span class='ocrx_word' id='word_1_147' title='bbox 1421 1721 1540 1782; x_wconf 86' lang='lat' dir='ltr'><strong>tibi,</strong></span> <span class='ocrx_word' id='word_1_148' title='bbox 1566 1730 1854 1790; x_wconf 79' lang='lat' dir='ltr'><strong>antequam</strong></span> <span class='ocrx_word' id='word_1_149' title='bbox 1898 1721 2093 1774; x_wconf 72' lang='lat' dir='ltr'><strong>saecula</strong></span> 
     </span>
    </p>
   </div>
   <div class='ocr_carea' id='block_1_20' title="bbox 2202 530 3742 606">
    <p class='ocr_par' dir='ltr' id='par_1_20' title="bbox 2202 530 3742 606">
     <span class='ocr_line' id='line_1_20' title="bbox 2202 530 3742 606; baseline -0.001 -15"><span class='ocrx_word' id='word_1_150' title='bbox 2202 539 2296 591; x_wconf 75' lang='grc' dir='ltr'><strong>καὶ</strong></span> <span class='ocrx_word' id='word_1_151' title='bbox 2323 538 2521 603; x_wconf 80' lang='grc' dir='ltr'>πόδας;</span> <span class='ocrx_word' id='word_1_152' title='bbox 2559 556 2577 589; x_wconf 73' lang='grc' dir='ltr'><strong>ι</strong></span> <span class='ocrx_word' id='word_1_153' title='bbox 2625 539 2776 605; x_wconf 80' lang='grc' dir='ltr'><strong>Ὀρθ.</strong></span> <span class='ocrx_word' id='word_1_154' title='bbox 2815 537 3028 606; x_wconf 86' lang='grc' dir='ltr'>Ὥσπερ</span> <span class='ocrx_word' id='word_1_155' title='bbox 3073 533 3135 587; x_wconf 90' lang='grc' dir='ltr'><strong>τὸ</strong></span> <span class='ocrx_word' id='word_1_156' title='bbox 3189 530 3380 605; x_wconf 81' lang='grc' dir='ltr'>μέλλον</span> <span class='ocrx_word' id='word_1_157' title='bbox 3413 535 3649 602; x_wconf 81' lang='grc' dir='ltr'>γίνεσθαι</span> <span class='ocrx_word' id='word_1_158' title='bbox 3671 537 3742 590; x_wconf 77' lang='grc' dir='ltr'>ἐπὶ</span> 
     </span>
    </p>
   </div>
   <div class='ocr_carea' id='block_1_21' title="bbox 2200 620 3741 700">
    <p class='ocr_par' dir='ltr' id='par_1_21' title="bbox 2200 620 3741 700">
     <span class='ocr_line' id='line_1_21' title="bbox 2200 620 3741 700; baseline -0.001 -18"><span class='ocrx_word' id='word_1_159' title='bbox 2200 629 2293 682; x_wconf 80' lang='grc' dir='ltr'><strong>τοῦ</strong></span> <span class='ocrx_word' id='word_1_160' title='bbox 2313 629 2565 700; x_wconf 80' lang='grc' dir='ltr'>σταυροῦ,</span> <span class='ocrx_word' id='word_1_161' title='bbox 2583 629 2656 692; x_wconf 85' lang='grc' dir='ltr'>ὼς</span> <span class='ocrx_word' id='word_1_162' title='bbox 2677 628 2773 700; x_wconf 79' lang='grc' dir='ltr'>ἤδη</span> <span class='ocrx_word' id='word_1_163' title='bbox 2799 626 3016 696; x_wconf 79' lang='grc' dir='ltr'>γεγονὸς</span> <span class='ocrx_word' id='word_1_164' title='bbox 3045 625 3254 694; x_wconf 72' lang='grc' dir='ltr'><strong>ἔλεγενο</strong></span> <span class='ocrx_word' id='word_1_165' title='bbox 3288 620 3460 688; x_wconf 73' lang='grc' dir='ltr'>οὕτως</span> <span class='ocrx_word' id='word_1_166' title='bbox 3501 625 3562 678; x_wconf 90' lang='grc' dir='ltr'><strong>τὸ</strong></span> <span class='ocrx_word' id='word_1_167' title='bbox 3586 626 3741 695; x_wconf 84' lang='grc' dir='ltr'><strong>μέλλον</strong></span> 
     </span>
    </p>
   </div>
   <div class='ocr_carea' id='block_1_22' title="bbox 2201 716 3744 792">
    <p class='ocr_par' dir='ltr' id='par_1_22' title="bbox 2201 716 3744 792">
     <span class='ocr_line' id='line_1_22' title="bbox 2201 716 3744 792; baseline -0.002 -20"><span class='ocrx_word' id='word_1_168' title='bbox 2201 721 2291 773; x_wconf 76' lang='grc' dir='ltr'>ἐπὶ</span> <span class='ocrx_word' id='word_1_169' title='bbox 2314 721 2413 791; x_wconf 80' lang='grc' dir='ltr'><strong>τῆς</strong></span> <span class='ocrx_word' id='word_1_170' title='bbox 2441 719 2786 792; x_wconf 85' lang='grc' dir='ltr'>σαρκώσεως,</span> <span class='ocrx_word' id='word_1_171' title='bbox 2807 719 2881 782; x_wconf 85' lang='grc' dir='ltr'><strong>ὡς</strong></span> <span class='ocrx_word' id='word_1_172' title='bbox 2910 719 3008 790; x_wconf 68' lang='grc' dir='ltr'><strong>ἤδη</strong></span> <span class='ocrx_word' id='word_1_173' title='bbox 3042 718 3263 786; x_wconf 82' lang='grc' dir='ltr'>γεγονὸς</span> <span class='ocrx_word' id='word_1_174' title='bbox 3309 716 3512 785; x_wconf 76' lang='grc' dir='ltr'><strong>ἔλεγεν.</strong></span> <span class='ocrx_word' id='word_1_175' title='bbox 3560 717 3744 786; x_wconf 80' lang='grc' dir='ltr'><strong>Ἀμέλει</strong></span> 
     </span>
    </p>
   </div>
   <div class='ocr_carea' id='block_1_23' title="bbox 2201 804 3734 878">
    <p class='ocr_par' dir='ltr' id='par_1_23' title="bbox 2201 804 3734 878">
     <span class='ocr_line' id='line_1_23' title="bbox 2201 804 3734 878; baseline -0.003 -16"><span class='ocrx_word' id='word_1_176' title='bbox 2201 809 2331 878; x_wconf 79' lang='grc' dir='ltr'><strong>γοῦν</strong></span> <span class='ocrx_word' id='word_1_177' title='bbox 2393 811 2495 861; x_wconf 81' lang='grc' dir='ltr'>οὐκ</span> <span class='ocrx_word' id='word_1_178' title='bbox 2547 804 2666 860; x_wconf 78' lang='grc' dir='ltr'>εἷπε</span> <span class='ocrx_word' id='word_1_179' title='bbox 2687 825 2700 840; x_wconf 76' lang='grc' dir='ltr'><strong>ο</strong></span> <span class='ocrx_word' id='word_1_180' title='bbox 2736 807 2937 878; x_wconf 83' lang='grc' dir='ltr'>Κύριος</span> <span class='ocrx_word' id='word_1_181' title='bbox 2971 806 3150 859; x_wconf 77' lang='grc' dir='ltr'><strong>ἔκτισέ</strong></span> <span class='ocrx_word' id='word_1_182' title='bbox 3181 822 3247 876; x_wconf 88' lang='grc' dir='ltr'><strong>με</strong></span> <span class='ocrx_word' id='word_1_183' title='bbox 3283 804 3388 876; x_wconf 89' lang='grc' dir='ltr'><strong>πρὸ</strong></span> <span class='ocrx_word' id='word_1_184' title='bbox 3419 804 3592 876; x_wconf 73' lang='grc' dir='ltr'>ἀρχῆς</span> <span class='ocrx_word' id='word_1_185' title='bbox 3620 804 3734 857; x_wconf 75' lang='grc' dir='ltr'><strong>ὁδοῦ·</strong></span> 
     </span>
    </p>
   </div>
   <div class='ocr_carea' id='block_1_24' title="bbox 2199 894 3740 970">
    <p class='ocr_par' dir='ltr' id='par_1_24' title="bbox 2199 894 3740 970">
     <span class='ocr_line' id='line_1_24' title="bbox 2199 894 3740 970; baseline -0.001 -19"><span class='ocrx_word' id='word_1_186' title='bbox 2199 899 2310 952; x_wconf 88' lang='grc' dir='ltr'><strong>ἀλλ’</strong></span> <span class='ocrx_word' id='word_1_187' title='bbox 2333 899 2517 970; x_wconf 78' lang='grc' dir='ltr'><strong>ἐπειδὴ</strong></span> <span class='ocrx_word' id='word_1_188' title='bbox 2551 898 2896 969; x_wconf 79' lang='grc' dir='ltr'><strong>ἀπολλυμένη</strong></span> <span class='ocrx_word' id='word_1_189' title='bbox 2921 894 2987 968; x_wconf 81' lang='grc' dir='ltr'>ἦν</span> <span class='ocrx_word' id='word_1_190' title='bbox 3017 900 3049 968; x_wconf 79' lang='grc' dir='ltr'>ἡ</span> <span class='ocrx_word' id='word_1_191' title='bbox 3080 896 3194 960; x_wconf 86' lang='grc' dir='ltr'><strong>ὁδὸς</strong></span> <span class='ocrx_word' id='word_1_192' title='bbox 3216 897 3324 949; x_wconf 83' lang='grc' dir='ltr'>τῶν</span> <span class='ocrx_word' id='word_1_193' title='bbox 3355 895 3550 960; x_wconf 79' lang='grc' dir='ltr'><strong>ἄλλων,</strong></span> <span class='ocrx_word' id='word_1_194' title='bbox 3580 895 3740 966; x_wconf 77' lang='grc' dir='ltr'><strong>ἔμελλε</strong></span> 
     </span>
    </p>
   </div>
   <div class='ocr_carea' id='block_1_25' title="bbox 2198 986 3744 1061">
    <p class='ocr_par' dir='ltr' id='par_1_25' title="bbox 2198 986 3744 1061">
     <span class='ocr_line' id='line_1_25' title="bbox 2198 986 3744 1061; baseline -0.003 -17"><span class='ocrx_word' id='word_1_195' title='bbox 2198 991 2252 1044; x_wconf 85' lang='grc' dir='ltr'>δὲ</span> <span class='ocrx_word' id='word_1_196' title='bbox 2281 993 2408 1061; x_wconf 78' lang='grc' dir='ltr'>ἡμῖν</span> <span class='ocrx_word' id='word_1_197' title='bbox 2434 989 2680 1059; x_wconf 81' lang='grc' dir='ltr'>γίνεσθαι</span> <span class='ocrx_word' id='word_1_198' title='bbox 2706 989 2822 1052; x_wconf 82' lang='grc' dir='ltr'><strong>ὁδὸς</strong></span> <span class='ocrx_word' id='word_1_199' title='bbox 2853 988 3159 1060; x_wconf 81' lang='grc' dir='ltr'><strong>πρόσφατος</strong></span> <span class='ocrx_word' id='word_1_200' title='bbox 3186 989 3281 1040; x_wconf 76' lang='grc' dir='ltr'><strong>καὶ</strong></span> <span class='ocrx_word' id='word_1_201' title='bbox 3311 987 3482 1051; x_wconf 71' lang='grc' dir='ltr'>ζῶσα,</span> <span class='ocrx_word' id='word_1_202' title='bbox 3513 986 3600 1039; x_wconf 87' lang='grc' dir='ltr'><strong>διὰ</strong></span> <span class='ocrx_word' id='word_1_203' title='bbox 3620 987 3744 1040; x_wconf 81' lang='grc' dir='ltr'>τοῦτο</span> 
     </span>
    </p>
   </div>
   <div class='ocr_carea' id='block_1_26' title="bbox 2197 1080 3747 1152">
    <p class='ocr_par' dir='ltr' id='par_1_26' title="bbox 2197 1080 3747 1152">
     <span class='ocr_line' id='line_1_26' title="bbox 2197 1080 3747 1152; baseline 0.003 -20"><span class='ocrx_word' id='word_1_204' title='bbox 2197 1082 2373 1150; x_wconf 79' lang='grc' dir='ltr'><strong>λέγει’</strong></span> <span class='ocrx_word' id='word_1_205' title='bbox 2411 1100 2430 1131; x_wconf 75' lang='grc' dir='ltr'><strong>ι</strong></span> <span class='ocrx_word' id='word_1_206' title='bbox 2470 1082 2672 1152; x_wconf 86' lang='grc' dir='ltr'>Κύριος</span> <span class='ocrx_word' id='word_1_207' title='bbox 2702 1081 2880 1134; x_wconf 81' lang='grc' dir='ltr'>ἓκτισέ</span> <span class='ocrx_word' id='word_1_208' title='bbox 2913 1098 2977 1152; x_wconf 89' lang='grc' dir='ltr'><strong>με</strong></span> <span class='ocrx_word' id='word_1_209' title='bbox 3007 1080 3176 1151; x_wconf 82' lang='grc' dir='ltr'>ἀρχὴν</span> <span class='ocrx_word' id='word_1_210' title='bbox 3197 1080 3334 1132; x_wconf 82' lang='grc' dir='ltr'>ὁδῶν</span> <span class='ocrx_word' id='word_1_211' title='bbox 3363 1080 3527 1134; x_wconf 83' lang='grc' dir='ltr'>αὐτοῦ</span> <span class='ocrx_word' id='word_1_212' title='bbox 3546 1083 3622 1143; x_wconf 88' lang='grc' dir='ltr'><strong>είς</strong></span> <span class='ocrx_word' id='word_1_213' title='bbox 3635 1081 3747 1150; x_wconf 76' lang='grc' dir='ltr'>ἔργα</span> 
     </span>
    </p>
   </div>
   <div class='ocr_carea' id='block_1_27' title="bbox 2197 1167 3740 1240">
    <p class='ocr_par' dir='ltr' id='par_1_27' title="bbox 2197 1167 3740 1240">
     <span class='ocr_line' id='line_1_27' title="bbox 2197 1167 3740 1240; baseline 0 -19"><span class='ocrx_word' id='word_1_214' title='bbox 2197 1169 2381 1222; x_wconf 79' lang='grc' dir='ltr'>αὐτοῦ.</span> <span class='ocrx_word' id='word_1_215' title='bbox 2427 1189 2445 1222; x_wconf 72' lang='grc' dir='ltr'><strong>ι</strong></span> <span class='ocrx_word' id='word_1_216' title='bbox 2487 1170 2685 1238; x_wconf 80' lang='grc' dir='ltr'><strong>Ἀνόμ.</strong></span> <span class='ocrx_word' id='word_1_217' title='bbox 2724 1188 2742 1221; x_wconf 75' lang='grc' dir='ltr'><strong>ι</strong></span> <span class='ocrx_word' id='word_1_218' title='bbox 2780 1169 2891 1240; x_wconf 85' lang='grc' dir='ltr'><strong>Πρὸ</strong></span> <span class='ocrx_word' id='word_1_219' title='bbox 2917 1168 3009 1222; x_wconf 77' lang='grc' dir='ltr'><strong>τοῦ</strong></span> <span class='ocrx_word' id='word_1_220' title='bbox 3035 1167 3225 1231; x_wconf 74' lang='grc' dir='ltr'>αἰῶνος</span> <span class='ocrx_word' id='word_1_221' title='bbox 3260 1168 3588 1237; x_wconf 79' lang='grc' dir='ltr'>ἐθεμελίωσέ</span> <span class='ocrx_word' id='word_1_222' title='bbox 3620 1187 3693 1240; x_wconf 82' lang='grc' dir='ltr'><strong>με,</strong></span> <span class='ocrx_word' id='word_1_223' title='bbox 3723 1187 3740 1221; x_wconf 76' lang='grc' dir='ltr'><strong>ι</strong></span> 
     </span>
    </p>
   </div>
   <div class='ocr_carea' id='block_1_28' title="bbox 2196 1261 3744 1333">
    <p class='ocr_par' dir='ltr' id='par_1_28' title="bbox 2196 1261 3744 1333">
     <span class='ocr_line' id='line_1_28' title="bbox 2196 1261 3744 1333; baseline 0 -19"><span class='ocrx_word' id='word_1_224' title='bbox 2196 1262 2362 1331; x_wconf 81' lang='grc' dir='ltr'><strong>λέγει,</strong></span> <span class='ocrx_word' id='word_1_225' title='bbox 2398 1281 2416 1312; x_wconf 85' lang='grc'><strong><em>‹</em></strong></span> <span class='ocrx_word' id='word_1_226' title='bbox 2460 1262 2565 1332; x_wconf 87' lang='grc' dir='ltr'><strong>πρὸ</strong></span> <span class='ocrx_word' id='word_1_227' title='bbox 2587 1261 2679 1314; x_wconf 82' lang='grc' dir='ltr'><strong>τοῦ</strong></span> <span class='ocrx_word' id='word_1_228' title='bbox 2705 1262 2805 1332; x_wconf 82' lang='grc' dir='ltr'>τὴν</span> <span class='ocrx_word' id='word_1_229' title='bbox 2833 1262 2936 1332; x_wconf 80' lang='grc' dir='ltr'><strong>γῆν</strong></span> <span class='ocrx_word' id='word_1_230' title='bbox 2960 1263 3199 1333; x_wconf 80' lang='grc' dir='ltr'>ποιῆσαι.</span> <span class='ocrx_word' id='word_1_231' title='bbox 3246 1281 3264 1312; x_wconf 69' lang='grc' dir='ltr'><strong>ι</strong></span> <span class='ocrx_word' id='word_1_232' title='bbox 3308 1261 3463 1329; x_wconf 81' lang='grc' dir='ltr'><strong>Ὀρθ.</strong></span> <span class='ocrx_word' id='word_1_233' title='bbox 3488 1261 3623 1313; x_wconf 80' lang='grc' dir='ltr'><strong>Εἰπὲ</strong></span> <span class='ocrx_word' id='word_1_234' title='bbox 3670 1261 3744 1314; x_wconf 82' lang='grc' dir='ltr'>καὶ</span> 
     </span>
    </p>
   </div>
   <div class='ocr_carea' id='block_1_29' title="bbox 2199 1351 3744 1424">
    <p class='ocr_par' dir='ltr' id='par_1_29' title="bbox 2199 1351 3744 1424">
     <span class='ocr_line' id='line_1_29' title="bbox 2199 1351 3744 1424; baseline -0.001 -18"><span class='ocrx_word' id='word_1_235' title='bbox 2199 1354 2283 1406; x_wconf 82' lang='grc' dir='ltr'><strong>σύ·</strong></span> <span class='ocrx_word' id='word_1_236' title='bbox 2319 1373 2336 1404; x_wconf 79' lang='grc' dir='ltr'><strong>ι</strong></span> <span class='ocrx_word' id='word_1_237' title='bbox 2371 1354 2784 1424; x_wconf 81' lang='grc' dir='ltr'>Τεσσαράκοντα</span> <span class='ocrx_word' id='word_1_238' title='bbox 2810 1353 2905 1423; x_wconf 84' lang='grc' dir='ltr'>ἕτη</span> <span class='ocrx_word' id='word_1_239' title='bbox 2954 1351 3106 1406; x_wconf 77' lang='grc' dir='ltr'>οῠπω</span> <span class='ocrx_word' id='word_1_240' title='bbox 3133 1354 3294 1423; x_wconf 80' lang='grc' dir='ltr'><strong>ἔχεις,</strong></span> <span class='ocrx_word' id='word_1_241' title='bbox 3335 1371 3351 1404; x_wconf 81' lang='lat' dir='ltr'><strong>t</strong></span> <span class='ocrx_word' id='word_1_242' title='bbox 3389 1353 3484 1406; x_wconf 79' lang='grc' dir='ltr'><strong>καὶ</strong></span> <span class='ocrx_word' id='word_1_243' title='bbox 3536 1352 3637 1420; x_wconf 84' lang='grc' dir='ltr'><strong>πρὸ</strong></span> <span class='ocrx_word' id='word_1_244' title='bbox 3667 1351 3744 1405; x_wconf 76' lang='grc' dir='ltr'>τοῦ</span> 
     </span>
    </p>
   </div>
   <div class='ocr_carea' id='block_1_30' title="bbox 2195 1440 3743 1514">
    <p class='ocr_par' dir='ltr' id='par_1_30' title="bbox 2195 1440 3743 1514">
     <span class='ocr_line' id='line_1_30' title="bbox 2195 1440 3743 1514; baseline -0.001 -20"><span class='ocrx_word' id='word_1_245' title='bbox 2195 1440 2388 1504; x_wconf 79' lang='grc' dir='ltr'>αἰῶνος</span> <span class='ocrx_word' id='word_1_246' title='bbox 2434 1440 2829 1512; x_wconf 78' lang='grc' dir='ltr'>ἐθεμελιώθηςς</span> <span class='ocrx_word' id='word_1_247' title='bbox 2883 1441 2948 1495; x_wconf 80' lang='grc' dir='ltr'><strong>ἶν’</strong></span> <span class='ocrx_word' id='word_1_248' title='bbox 2993 1441 3268 1514; x_wconf 79' lang='grc' dir='ltr'><strong>ἀκούσῃς’</strong></span> <span class='ocrx_word' id='word_1_249' title='bbox 3322 1460 3341 1492; x_wconf 73' lang='grc' dir='ltr'><strong>ι</strong></span> <span class='ocrx_word' id='word_1_250' title='bbox 3394 1441 3584 1512; x_wconf 82' lang='grc' dir='ltr'>Ἀμὴν,</span> <span class='ocrx_word' id='word_1_251' title='bbox 3625 1442 3743 1512; x_wconf 81' lang='grc' dir='ltr'>ἀμὴν</span> 
     </span>
    </p>
   </div>
   <div class='ocr_carea' id='block_1_31' title="bbox 2195 1531 3740 1604">
    <p class='ocr_par' dir='ltr' id='par_1_31' title="bbox 2195 1531 3740 1604">
     <span class='ocr_line' id='line_1_31' title="bbox 2195 1531 3740 1604; baseline 0.001 -20"><span class='ocrx_word' id='word_1_252' title='bbox 2195 1532 2337 1601; x_wconf 81' lang='grc' dir='ltr'><strong>λέγω</strong></span> <span class='ocrx_word' id='word_1_253' title='bbox 2359 1549 2460 1597; x_wconf 86' lang='grc' dir='ltr'><strong>σοι,</strong></span> <span class='ocrx_word' id='word_1_254' title='bbox 2495 1531 2600 1604; x_wconf 89' lang='grc' dir='ltr'>πρό</span> <span class='ocrx_word' id='word_1_255' title='bbox 2630 1532 2721 1584; x_wconf 81' lang='grc' dir='ltr'><strong>τοῦ</strong></span> <span class='ocrx_word' id='word_1_256' title='bbox 2757 1533 2882 1595; x_wconf 74' lang='grc' dir='ltr'>τοὺς</span> <span class='ocrx_word' id='word_1_257' title='bbox 2920 1532 3119 1596; x_wconf 85' lang='grc' dir='ltr'>αίῶνας</span> <span class='ocrx_word' id='word_1_258' title='bbox 3142 1532 3413 1601; x_wconf 74' lang='grc' dir='ltr'><strong>γενέσθαι,</strong></span> <span class='ocrx_word' id='word_1_259' title='bbox 3446 1531 3557 1601; x_wconf 82' lang='grc' dir='ltr'>ἐγώ</span> <span class='ocrx_word' id='word_1_260' title='bbox 3587 1535 3702 1604; x_wconf 87' lang='grc' dir='ltr'><strong>εἰμι.</strong></span> <span class='ocrx_word' id='word_1_261' title='bbox 3724 1553 3740 1585; x_wconf 77' lang='grc' dir='ltr'><strong>ι</strong></span> 
     </span>
    </p>
   </div>
   <div class='ocr_carea' id='block_1_32' title="bbox 2208 1618 3746 1694">
    <p class='ocr_par' dir='ltr' id='par_1_32' title="bbox 2208 1618 3746 1694">
     <span class='ocr_line' id='line_1_32' title="bbox 2208 1618 3746 1694; baseline 0.001 -20"><span class='ocrx_word' id='word_1_262' title='bbox 2208 1623 2401 1692; x_wconf 80' lang='grc' dir='ltr'><strong>Ἀνόμ.</strong></span> <span class='ocrx_word' id='word_1_263' title='bbox 2439 1623 2547 1675; x_wconf 97' lang='lat' dir='ltr'><strong>Kal</strong></span> <span class='ocrx_word' id='word_1_264' title='bbox 2570 1618 2638 1693; x_wconf 79' lang='grc' dir='ltr'>ἦν</span> <span class='ocrx_word' id='word_1_265' title='bbox 2678 1623 2844 1676; x_wconf 79' lang='grc' dir='ltr'>αὐτοῦ</span> <span class='ocrx_word' id='word_1_266' title='bbox 2872 1625 2904 1694; x_wconf 87' lang='grc' dir='ltr'>ἡ</span> <span class='ocrx_word' id='word_1_267' title='bbox 2947 1624 3216 1694; x_wconf 82' lang='grc' dir='ltr'>σάρκωσις</span> <span class='ocrx_word' id='word_1_268' title='bbox 3237 1623 3342 1694; x_wconf 80' lang='grc' dir='ltr'><strong>πρὸ</strong></span> <span class='ocrx_word' id='word_1_269' title='bbox 3368 1622 3461 1676; x_wconf 76' lang='grc' dir='ltr'><strong>τοῦ</strong></span> <span class='ocrx_word' id='word_1_270' title='bbox 3486 1625 3612 1688; x_wconf 73' lang='grc' dir='ltr'>τοὺς</span> <span class='ocrx_word' id='word_1_271' title='bbox 3640 1624 3746 1676; x_wconf 79' lang='grc' dir='ltr'><strong>αίῶο</strong></span> 
     </span>
    </p>
   </div>
   <div class='ocr_carea' id='block_1_33' title="bbox 2197 1712 3744 1785">
    <p class='ocr_par' dir='ltr' id='par_1_33' title="bbox 2197 1712 3744 1785">
     <span class='ocr_line' id='line_1_33' title="bbox 2197 1712 3744 1785; baseline 0.001 -19"><span class='ocrx_word' id='word_1_272' title='bbox 2197 1732 2292 1777; x_wconf 85' lang='grc' dir='ltr'>νας</span> <span class='ocrx_word' id='word_1_273' title='bbox 2324 1713 2604 1782; x_wconf 79' lang='grc' dir='ltr'>γενέσθαι;</span> <span class='ocrx_word' id='word_1_274' title='bbox 2647 1716 2798 1781; x_wconf 83' lang='grc' dir='ltr'><strong>Ὄρθ.</strong></span> <span class='ocrx_word' id='word_1_275' title='bbox 2827 1715 2904 1784; x_wconf 84' lang='grc' dir='ltr'><strong>Τῇ</strong></span> <span class='ocrx_word' id='word_1_276' title='bbox 2938 1712 3240 1785; x_wconf 77' lang='grc' dir='ltr'>προγνώσει</span> <span class='ocrx_word' id='word_1_277' title='bbox 3269 1715 3362 1768; x_wconf 76' lang='grc' dir='ltr'>καὶ</span> <span class='ocrx_word' id='word_1_278' title='bbox 3388 1714 3522 1767; x_wconf 85' lang='grc' dir='ltr'>αὐτὸ</span> <span class='ocrx_word' id='word_1_279' title='bbox 3563 1716 3620 1767; x_wconf 86' lang='grc' dir='ltr'>τὸ</span> <span class='ocrx_word' id='word_1_280' title='bbox 3659 1716 3744 1769; x_wconf 81' lang='grc' dir='ltr'><strong>πά-</strong></span> 
     </span>
    </p>
   </div>
   <div class='ocr_carea' id='block_1_34' title="bbox 522 1803 2087 1882">
    <p class='ocr_par' dir='ltr' id='par_1_34' title="bbox 522 1811 2087 1882">
     <span class='ocr_line' id='line_1_34' title="bbox 522 1811 2087 1882; baseline -0.001 -15"><span class='ocrx_word' id='word_1_281' title='bbox 522 1813 884 1875; x_wconf 80' lang='lat' dir='ltr'><strong>exsisterent,</strong></span> <span class='ocrx_word' id='word_1_282' title='bbox 927 1827 1027 1882; x_wconf 81' lang='lat' dir='ltr'><strong>ego</strong></span> <span class='ocrx_word' id='word_1_283' title='bbox 1071 1828 1191 1867; x_wconf 92' lang='lat' dir='ltr'><strong>sum</strong></span> <span class='ocrx_word' id='word_1_284' title='bbox 1235 1813 1302 1867; x_wconf 75' lang='grc'><strong>⁸⁵.</strong></span> <span class='ocrx_word' id='word_1_285' title='bbox 1334 1832 1352 1864; x_wconf 81' lang='grc' dir='ltr'><strong>ι</strong></span> <span class='ocrx_word' id='word_1_286' title='bbox 1401 1814 1591 1868; x_wconf 91' lang='lat' dir='ltr'><strong>Anam.</strong></span> <span class='ocrx_word' id='word_1_287' title='bbox 1620 1811 1702 1866; x_wconf 83' lang='lat' dir='ltr'><strong>An</strong></span> <span class='ocrx_word' id='word_1_288' title='bbox 1750 1820 1870 1866; x_wconf 85' lang='lat' dir='ltr'><strong>erat</strong></span> <span class='ocrx_word' id='word_1_289' title='bbox 1920 1812 2087 1880; x_wconf 87' lang='lat' dir='ltr'><strong>ipsius</strong></span> 
     </span>
    </p>
   </div>
   <div class='ocr_carea' id='block_1_35' title="bbox 2192 1803 3745 1882">
    <p class='ocr_par' dir='ltr' id='par_1_35' title="bbox 2194 1803 3745 1875">
     <span class='ocr_line' id='line_1_35' title="bbox 2194 1803 3745 1875; baseline 0 -19"><span class='ocrx_word' id='word_1_290' title='bbox 2194 1803 2317 1867; x_wconf 83' lang='grc' dir='ltr'><strong>Θος·</strong></span> <span class='ocrx_word' id='word_1_291' title='bbox 2353 1803 2493 1857; x_wconf 84' lang='grc' dir='ltr'><strong>ὥστε</strong></span> <span class='ocrx_word' id='word_1_292' title='bbox 2546 1804 2722 1872; x_wconf 82' lang='grc' dir='ltr'><strong>λέγειν</strong></span> <span class='ocrx_word' id='word_1_293' title='bbox 2758 1805 2949 1857; x_wconf 78' lang='grc' dir='ltr'>αὐτόν·</span> <span class='ocrx_word' id='word_1_294' title='bbox 2977 1822 2995 1854; x_wconf 88' lang='grc'><strong>‹</strong></span> <span class='ocrx_word' id='word_1_295' title='bbox 3035 1803 3268 1874; x_wconf 76' lang='grc' dir='ltr'>Ὠρυξαν</span> <span class='ocrx_word' id='word_1_296' title='bbox 3317 1804 3507 1874; x_wconf 82' lang='grc' dir='ltr'><strong>χεῖράς</strong></span> <span class='ocrx_word' id='word_1_297' title='bbox 3543 1822 3640 1875; x_wconf 88' lang='grc' dir='ltr'><strong>μου</strong></span> <span class='ocrx_word' id='word_1_298' title='bbox 3668 1807 3745 1856; x_wconf 78' lang='grc' dir='ltr'><strong>καί</strong></span> 
     </span>
    </p>
   </div>
   <div class='ocr_carea' id='block_1_36' title="bbox 528 1887 2086 1973">
    <p class='ocr_par' dir='ltr' id='par_1_36' title="bbox 528 1887 2086 1973">
     <span class='ocr_line' id='line_1_36' title="bbox 528 1887 2086 1973; baseline 0 -18"><span class='ocrx_word' id='word_1_299' title='bbox 528 1903 852 1968; x_wconf 88' lang='lat' dir='ltr'><strong>incarnatio,</strong></span> <span class='ocrx_word' id='word_1_300' title='bbox 909 1912 1199 1973; x_wconf 86' lang='lat' dir='ltr'><strong>antequam</strong></span> <span class='ocrx_word' id='word_1_301' title='bbox 1259 1903 1582 1959; x_wconf 80' lang='lat' dir='ltr'><strong>exsisterent</strong></span> <span class='ocrx_word' id='word_1_302' title='bbox 1643 1903 1882 1959; x_wconf 70' lang='lat' dir='ltr'><strong>saecula?</strong></span> <span class='ocrx_word' id='word_1_303' title='bbox 1935 1887 2086 1956; x_wconf 53' lang='lat' dir='ltr'><strong>Orl’h.</strong></span> 
     </span>
    </p>
   </div>
   <div class='ocr_carea' id='block_1_37' title="bbox 525 1995 2084 2068">
    <p class='ocr_par' dir='ltr' id='par_1_37' title="bbox 525 1995 2084 2068">
     <span class='ocr_line' id='line_1_37' title="bbox 525 1995 2084 2068; baseline 0 -20"><span class='ocrx_word' id='word_1_304' title='bbox 525 1995 659 2060; x_wconf 91' lang='lat' dir='ltr'><strong>lmo,</strong></span> <span class='ocrx_word' id='word_1_305' title='bbox 687 1995 830 2068; x_wconf 91' lang='lat' dir='ltr'><strong>quod</strong></span> <span class='ocrx_word' id='word_1_306' title='bbox 852 1995 920 2050; x_wconf 89' lang='lat' dir='ltr'><strong>ad</strong></span> <span class='ocrx_word' id='word_1_307' title='bbox 941 1995 1033 2050; x_wconf 91' lang='lat' dir='ltr'><strong>Dei</strong></span> <span class='ocrx_word' id='word_1_308' title='bbox 1063 1995 1456 2066; x_wconf 67' lang='lat' dir='ltr'><strong>prtescieutiam</strong></span> <span class='ocrx_word' id='word_1_309' title='bbox 1487 1997 1698 2061; x_wconf 83' lang='lat' dir='ltr'><strong>attinet,</strong></span> <span class='ocrx_word' id='word_1_310' title='bbox 1725 1996 1908 2066; x_wconf 88' lang='lat' dir='ltr'><strong>passio</strong></span> <span class='ocrx_word' id='word_1_311' title='bbox 1931 1995 2044 2064; x_wconf 86' lang='lat' dir='ltr'><strong>ipsa</strong></span> <span class='ocrx_word' id='word_1_312' title='bbox 2072 2013 2084 2048; x_wconf 93' lang='lat'><strong>:</strong></span> 
     </span>
    </p>
   </div>
   <div class='ocr_carea' id='block_1_38' title="bbox 522 2087 2088 2158">
    <p class='ocr_par' dir='ltr' id='par_1_38' title="bbox 522 2087 2088 2158">
     <span class='ocr_line' id='line_1_38' title="bbox 522 2087 2088 2158; baseline -0.001 -14"><span class='ocrx_word' id='word_1_313' title='bbox 522 2089 661 2144; x_wconf 86' lang='lat' dir='ltr'><strong>adeo</strong></span> <span class='ocrx_word' id='word_1_314' title='bbox 691 2099 750 2143; x_wconf 92' lang='lat' dir='ltr'><strong>ut</strong></span> <span class='ocrx_word' id='word_1_315' title='bbox 787 2089 987 2144; x_wconf 80' lang='lat' dir='ltr'><strong>dixerit</strong></span> <span class='ocrx_word' id='word_1_316' title='bbox 1015 2107 1029 2143; x_wconf 91' lang='lat'><strong>:</strong></span> <span class='ocrx_word' id='word_1_317' title='bbox 1061 2107 1079 2139; x_wconf 85' lang='grc'><strong><em>‹</em></strong></span> <span class='ocrx_word' id='word_1_318' title='bbox 1122 2087 1395 2142; x_wconf 87' lang='lat' dir='ltr'><strong>Foderunt</strong></span> <span class='ocrx_word' id='word_1_319' title='bbox 1431 2103 1622 2142; x_wconf 87' lang='lat' dir='ltr'><strong>manus</strong></span> <span class='ocrx_word' id='word_1_320' title='bbox 1655 2103 1803 2143; x_wconf 89' lang='lat' dir='ltr'><strong>meas</strong></span> <span class='ocrx_word' id='word_1_321' title='bbox 1841 2097 1894 2142; x_wconf 77' lang='lat' dir='ltr'><strong>et</strong></span> <span class='ocrx_word' id='word_1_322' title='bbox 1925 2087 2088 2158; x_wconf 82' lang='lat' dir='ltr'><strong>pedes</strong></span> 
     </span>
    </p>
   </div>
   <div class='ocr_carea' id='block_1_39' title="bbox 423 2178 2087 2247">
    <p class='ocr_par' dir='ltr' id='par_1_39' title="bbox 423 2178 2087 2247">
     <span class='ocr_line' id='line_1_39' title="bbox 423 2178 2087 2247; baseline -0.002 -11"><span class='ocrx_word' id='word_1_323' title='bbox 423 2181 426 2184; x_wconf 84' lang='grc'><em>’</em></span> <span class='ocrx_word' id='word_1_324' title='bbox 519 2195 693 2247; x_wconf 89' lang='lat' dir='ltr'><strong>meos,</strong></span> <span class='ocrx_word' id='word_1_325' title='bbox 725 2187 780 2235; x_wconf 89' lang='lat' dir='ltr'><strong>et</strong></span> <span class='ocrx_word' id='word_1_326' title='bbox 824 2179 1089 2236; x_wconf 88' lang='lat' dir='ltr'><strong>dederunt</strong></span> <span class='ocrx_word' id='word_1_327' title='bbox 1117 2179 1174 2234; x_wconf 88' lang='lat' dir='ltr'><strong>in</strong></span> <span class='ocrx_word' id='word_1_328' title='bbox 1218 2194 1399 2235; x_wconf 88' lang='lat' dir='ltr'><strong>escam</strong></span> <span class='ocrx_word' id='word_1_329' title='bbox 1450 2194 1624 2234; x_wconf 88' lang='lat' dir='ltr'><strong>meam</strong></span> <span class='ocrx_word' id='word_1_330' title='bbox 1674 2178 1764 2247; x_wconf 90' lang='lat' dir='ltr'><strong>fel,</strong></span> <span class='ocrx_word' id='word_1_331' title='bbox 1808 2187 1861 2238; x_wconf 88' lang='lat' dir='ltr'><strong>et</strong></span> <span class='ocrx_word' id='word_1_332' title='bbox 1905 2181 1960 2233; x_wconf 90' lang='lat' dir='ltr'><strong>in</strong></span> <span class='ocrx_word' id='word_1_333' title='bbox 1998 2180 2087 2233; x_wconf 87' lang='lat' dir='ltr'><strong>siti</strong></span> 
     </span>
    </p>
   </div>
   <div class='ocr_carea' id='block_1_40' title="bbox 517 2271 2086 2342">
    <p class='ocr_par' dir='ltr' id='par_1_40' title="bbox 517 2271 2086 2342">
     <span class='ocr_line' id='line_1_40' title="bbox 517 2271 2086 2342; baseline -0.001 -16"><span class='ocrx_word' id='word_1_334' title='bbox 517 2285 639 2327; x_wconf 89' lang='lat' dir='ltr'><strong>mea</strong></span> <span class='ocrx_word' id='word_1_335' title='bbox 668 2278 993 2342; x_wconf 89' lang='lat' dir='ltr'><strong>potaverunt</strong></span> <span class='ocrx_word' id='word_1_336' title='bbox 1025 2287 1112 2327; x_wconf 88' lang='lat' dir='ltr'><strong>me</strong></span> <span class='ocrx_word' id='word_1_337' title='bbox 1129 2281 1292 2334; x_wconf 79' lang='lat' dir='ltr'><strong>aceto</strong></span> <span class='ocrx_word' id='word_1_338' title='bbox 1322 2271 1387 2329; x_wconf 76' lang='grc'><strong>⁸⁸.</strong></span> <span class='ocrx_word' id='word_1_339' title='bbox 1421 2291 1440 2323; x_wconf 72' lang='grc' dir='ltr'><strong>ι</strong></span> <span class='ocrx_word' id='word_1_340' title='bbox 1478 2273 1668 2326; x_wconf 89' lang='lat' dir='ltr'><strong>Anam.</strong></span> <span class='ocrx_word' id='word_1_341' title='bbox 1703 2273 1771 2325; x_wconf 88' lang='lat' dir='ltr'><strong>At</strong></span> <span class='ocrx_word' id='word_1_342' title='bbox 1802 2271 1948 2327; x_wconf 86' lang='lat' dir='ltr'><strong>istud</strong></span> <span class='ocrx_word' id='word_1_343' title='bbox 1979 2287 2086 2325; x_wconf 92' lang='lat' dir='ltr'><strong>non</strong></span> 
     </span>
    </p>
   </div>
   <div class='ocr_carea' id='block_1_41' title="bbox 518 2362 2087 2432">
    <p class='ocr_par' dir='ltr' id='par_1_41' title="bbox 518 2362 2087 2432">
     <span class='ocr_line' id='line_1_41' title="bbox 518 2362 2087 2432; baseline -0.003 -14"><span class='ocrx_word' id='word_1_344' title='bbox 518 2369 603 2419; x_wconf 88' lang='lat' dir='ltr'><strong>est</strong></span> <span class='ocrx_word' id='word_1_345' title='bbox 629 2362 833 2418; x_wconf 90' lang='lat' dir='ltr'><strong>dictum</strong></span> <span class='ocrx_word' id='word_1_346' title='bbox 868 2373 992 2416; x_wconf 89' lang='lat' dir='ltr'><strong>ante</strong></span> <span class='ocrx_word' id='word_1_347' title='bbox 1032 2363 1313 2427; x_wconf 69' lang='lat' dir='ltr'><strong>smculum,</strong></span> <span class='ocrx_word' id='word_1_348' title='bbox 1341 2378 1529 2416; x_wconf 84' lang='lat' dir='ltr'><strong>verum</strong></span> <span class='ocrx_word' id='word_1_349' title='bbox 1571 2362 1790 2417; x_wconf 88' lang='lat' dir='ltr'><strong>Davidis</strong></span> <span class='ocrx_word' id='word_1_350' title='bbox 1825 2363 2087 2432; x_wconf 86' lang='lat' dir='ltr'><strong>tempori-</strong></span> 
     </span>
    </p>
   </div>
   <div class='ocr_carea' id='block_1_42' title="bbox 513 2453 2082 2524">
    <p class='ocr_par' dir='ltr' id='par_1_42' title="bbox 513 2453 2082 2524">
     <span class='ocr_line' id='line_1_42' title="bbox 513 2453 2082 2524; baseline -0.002 -16"><span class='ocrx_word' id='word_1_351' title='bbox 513 2453 644 2509; x_wconf 81' lang='lat' dir='ltr'><strong>bus.</strong></span> <span class='ocrx_word' id='word_1_352' title='bbox 690 2453 846 2509; x_wconf 85' lang='lat' dir='ltr'><strong>Orth.</strong></span> <span class='ocrx_word' id='word_1_353' title='bbox 902 2453 1118 2508; x_wconf 91' lang='lat' dir='ltr'><strong>Dictum</strong></span> <span class='ocrx_word' id='word_1_354' title='bbox 1152 2468 1368 2524; x_wconf 89' lang='lat' dir='ltr'><strong>quoque</strong></span> <span class='ocrx_word' id='word_1_355' title='bbox 1417 2461 1500 2509; x_wconf 90' lang='lat' dir='ltr'><strong>est</strong></span> <span class='ocrx_word' id='word_1_356' title='bbox 1547 2468 1577 2506; x_wconf 86' lang='lat' dir='ltr'><strong>a</strong></span> <span class='ocrx_word' id='word_1_357' title='bbox 1606 2454 1945 2523; x_wconf 86' lang='lat' dir='ltr'><strong>temporibus</strong></span> <span class='ocrx_word' id='word_1_358' title='bbox 1992 2453 2082 2507; x_wconf 85' lang='lat' dir='ltr'><strong>lilii</strong></span> 
     </span>
    </p>
   </div>
   <div class='ocr_carea' id='block_1_43' title="bbox 513 2541 2086 2616">
    <p class='ocr_par' dir='ltr' id='par_1_43' title="bbox 513 2541 2086 2616">
     <span class='ocr_line' id='line_1_43' title="bbox 513 2541 2086 2616; baseline 0.001 -20"><span class='ocrx_word' id='word_1_359' title='bbox 513 2541 771 2611; x_wconf 85' lang='lat' dir='ltr'><strong>Davidis,</strong></span> <span class='ocrx_word' id='word_1_360' title='bbox 820 2560 1013 2616; x_wconf 89' lang='lat' dir='ltr'><strong>nempe</strong></span> <span class='ocrx_word' id='word_1_361' title='bbox 1049 2543 1414 2600; x_wconf 75' lang='lat' dir='ltr'><strong>Salomonis:</strong></span> <span class='ocrx_word' id='word_1_362' title='bbox 1477 2563 1496 2596; x_wconf 76' lang='grc' dir='ltr'><strong>ι</strong></span> <span class='ocrx_word' id='word_1_363' title='bbox 1559 2544 1823 2600; x_wconf 90' lang='lat' dir='ltr'><strong>Dominus</strong></span> <span class='ocrx_word' id='word_1_364' title='bbox 1883 2545 2086 2599; x_wconf 89' lang='lat' dir='ltr'><strong>creavit</strong></span> 
     </span>
    </p>
   </div>
   <div class='ocr_carea' id='block_1_44' title="bbox 514 2632 2085 2691">
    <p class='ocr_par' dir='ltr' id='par_1_44' title="bbox 514 2632 2085 2691">
     <span class='ocr_line' id='line_1_44' title="bbox 514 2632 2085 2691; baseline -0.001 -3"><span class='ocrx_word' id='word_1_365' title='bbox 514 2647 622 2688; x_wconf 91' lang='lat' dir='ltr'><strong>me.</strong></span> <span class='ocrx_word' id='word_1_366' title='bbox 663 2652 682 2685; x_wconf 72' lang='grc' dir='ltr'><strong>ι</strong></span> <span class='ocrx_word' id='word_1_367' title='bbox 731 2632 926 2688; x_wconf 83' lang='lat' dir='ltr'><strong>Anam.</strong></span> <span class='ocrx_word' id='word_1_368' title='bbox 982 2635 1090 2691; x_wconf 91' lang='lat' dir='ltr'><strong>Sed</strong></span> <span class='ocrx_word' id='word_1_369' title='bbox 1143 2632 1349 2690; x_wconf 91' lang='lat' dir='ltr'><strong>dictum</strong></span> <span class='ocrx_word' id='word_1_370' title='bbox 1401 2643 1532 2691; x_wconf 88' lang='lat' dir='ltr'><strong>est:</strong></span> <span class='ocrx_word' id='word_1_371' title='bbox 1579 2651 1600 2686; x_wconf 74' lang='grc' dir='ltr'><strong>ι</strong></span> <span class='ocrx_word' id='word_1_372' title='bbox 1642 2634 1782 2690; x_wconf 88' lang='lat' dir='ltr'><strong>Ante</strong></span> <span class='ocrx_word' id='word_1_373' title='bbox 1828 2633 2085 2690; x_wconf 64' lang='lat' dir='ltr'><strong>saeculum</strong></span> 
     </span>
    </p>
   </div>
   <div class='ocr_carea' id='block_1_45' title="bbox 513 2723 2086 2798">
    <p class='ocr_par' dir='ltr' id='par_1_45' title="bbox 513 2723 2086 2798">
     <span class='ocr_line' id='line_1_45' title="bbox 513 2723 2086 2798; baseline 0.003 -22"><span class='ocrx_word' id='word_1_374' title='bbox 513 2723 764 2780; x_wconf 83' lang='lat' dir='ltr'><strong>fundavit</strong></span> <span class='ocrx_word' id='word_1_375' title='bbox 788 2740 893 2782; x_wconf 91' lang='lat' dir='ltr'><strong>me.</strong></span> <span class='ocrx_word' id='word_1_376' title='bbox 925 2744 945 2778; x_wconf 88' lang='grc'><strong>›</strong></span> <span class='ocrx_word' id='word_1_377' title='bbox 982 2725 1134 2781; x_wconf 81' lang='lat' dir='ltr'><strong>Orth.</strong></span> <span class='ocrx_word' id='word_1_378' title='bbox 1164 2725 1368 2798; x_wconf 85' lang='lat' dir='ltr'><strong>Nempe</strong></span> <span class='ocrx_word' id='word_1_379' title='bbox 1387 2727 1666 2798; x_wconf 90' lang='lat' dir='ltr'><strong>quoniam,</strong></span> <span class='ocrx_word' id='word_1_380' title='bbox 1709 2747 1728 2779; x_wconf 77' lang='grc' dir='ltr'><strong>ι</strong></span> <span class='ocrx_word' id='word_1_381' title='bbox 1767 2735 1890 2782; x_wconf 91' lang='lat' dir='ltr'><strong>ante</strong></span> <span class='ocrx_word' id='word_1_382' title='bbox 1915 2743 2086 2782; x_wconf 83' lang='lat' dir='ltr'><strong>saecu-</strong></span> 
     </span>
    </p>
   </div>
   <div class='ocr_carea' id='block_1_46' title="bbox 511 2813 2086 2888">
    <p class='ocr_par' dir='ltr' id='par_1_46' title="bbox 511 2813 2086 2888">
     <span class='ocr_line' id='line_1_46' title="bbox 511 2813 2086 2888; baseline 0.002 -20"><span class='ocrx_word' id='word_1_383' title='bbox 511 2813 629 2868; x_wconf 89' lang='lat' dir='ltr'><strong>Ium</strong></span> <span class='ocrx_word' id='word_1_384' title='bbox 668 2824 786 2870; x_wconf 87' lang='lat' dir='ltr'><strong>erat</strong></span> <span class='ocrx_word' id='word_1_385' title='bbox 827 2815 1206 2872; x_wconf 88' lang='lat' dir='ltr'><strong>absconditum</strong></span> <span class='ocrx_word' id='word_1_386' title='bbox 1254 2817 1358 2872; x_wconf 87' lang='lat' dir='ltr'><strong>hoc</strong></span> <span class='ocrx_word' id='word_1_387' title='bbox 1401 2819 1739 2888; x_wconf 86' lang='lat' dir='ltr'><strong>mysterium,</strong></span> <span class='ocrx_word' id='word_1_388' title='bbox 1774 2837 1792 2869; x_wconf 73' lang='grc' dir='ltr'><strong>ι</strong></span> <span class='ocrx_word' id='word_1_389' title='bbox 1823 2826 1881 2871; x_wconf 81' lang='grc' dir='ltr'><strong>ιιι</strong></span> <span class='ocrx_word' id='word_1_390' title='bbox 1909 2818 2086 2887; x_wconf 91' lang='lat' dir='ltr'><strong>inquit</strong></span> 
     </span>
    </p>
   </div>
   <div class='ocr_carea' id='block_1_47' title="bbox 512 2901 2087 2976">
    <p class='ocr_par' dir='ltr' id='par_1_47' title="bbox 512 2901 2087 2976">
     <span class='ocr_line' id='line_1_47' title="bbox 512 2901 2087 2976; baseline 0.001 -18"><span class='ocrx_word' id='word_1_391' title='bbox 512 2901 738 2974; x_wconf 88' lang='lat' dir='ltr'><strong>Paulus,</strong></span> <span class='ocrx_word' id='word_1_392' title='bbox 771 2923 792 2958; x_wconf 77' lang='grc' dir='ltr'><strong>ι</strong></span> <span class='ocrx_word' id='word_1_393' title='bbox 827 2905 974 2976; x_wconf 90' lang='lat' dir='ltr'><strong>quod</strong></span> <span class='ocrx_word' id='word_1_394' title='bbox 1002 2923 1150 2962; x_wconf 83' lang='lat' dir='ltr'><strong>nunc</strong></span> <span class='ocrx_word' id='word_1_395' title='bbox 1189 2907 1596 2962; x_wconf 87' lang='lat' dir='ltr'><strong>manifestatum</strong></span> <span class='ocrx_word' id='word_1_396' title='bbox 1637 2916 1722 2962; x_wconf 90' lang='grc' dir='ltr'><strong>εει</strong></span> <span class='ocrx_word' id='word_1_397' title='bbox 1757 2907 1881 2962; x_wconf 85' lang='lat' dir='ltr'><strong>ﬁliis</strong></span> <span class='ocrx_word' id='word_1_398' title='bbox 1914 2908 2087 2961; x_wconf 84' lang='lat' dir='ltr'><strong>homi-</strong></span> 
     </span>
    </p>
   </div>
   <div class='ocr_carea' id='block_1_48' title="bbox 510 2993 2086 3065">
    <p class='ocr_par' dir='ltr' id='par_1_48' title="bbox 510 2993 2086 3065">
     <span class='ocr_line' id='line_1_48' title="bbox 510 2993 2086 3065; baseline 0.001 -16"><span class='ocrx_word' id='word_1_399' title='bbox 510 3008 666 3049; x_wconf 85' lang='lat' dir='ltr'><strong>num.</strong></span> <span class='ocrx_word' id='word_1_400' title='bbox 706 3014 726 3048; x_wconf 73' lang='grc' dir='ltr'><strong>ι</strong></span> <span class='ocrx_word' id='word_1_401' title='bbox 750 2993 908 3061; x_wconf 87' lang='lat' dir='ltr'><strong>Quod</strong></span> <span class='ocrx_word' id='word_1_402' title='bbox 937 3003 1118 3050; x_wconf 89' lang='lat' dir='ltr'><strong>autem</strong></span> <span class='ocrx_word' id='word_1_403' title='bbox 1148 2996 1240 3051; x_wconf 87' lang='lat' dir='ltr'><strong>ille</strong></span> <span class='ocrx_word' id='word_1_404' title='bbox 1267 2995 1339 3051; x_wconf 89' lang='lat' dir='ltr'><strong>sit</strong></span> <span class='ocrx_word' id='word_1_405' title='bbox 1367 2994 1499 3048; x_wconf 88' lang='lat' dir='ltr'><strong>illud</strong></span> <span class='ocrx_word' id='word_1_406' title='bbox 1533 2996 1712 3065; x_wconf 92' lang='lat' dir='ltr'><strong>ipsum</strong></span> <span class='ocrx_word' id='word_1_407' title='bbox 1737 3036 1752 3058; x_wconf 92' lang='lat'><strong>,</strong></span> <span class='ocrx_word' id='word_1_408' title='bbox 1788 2995 1933 3064; x_wconf 89' lang='lat' dir='ltr'><strong>quod</strong></span> <span class='ocrx_word' id='word_1_409' title='bbox 1961 3005 2086 3051; x_wconf 90' lang='lat' dir='ltr'><strong>ante</strong></span> 
     </span>
    </p>
   </div>
   <div class='ocr_carea' id='block_1_49' title="bbox 512 3083 2085 3154">
    <p class='ocr_par' dir='ltr' id='par_1_49' title="bbox 512 3083 2085 3154">
     <span class='ocr_line' id='line_1_49' title="bbox 512 3083 2085 3154; baseline -0.001 -12"><span class='ocrx_word' id='word_1_410' title='bbox 512 3086 715 3142; x_wconf 60' lang='lat' dir='ltr'><strong>saecula</strong></span> <span class='ocrx_word' id='word_1_411' title='bbox 758 3086 1046 3141; x_wconf 89' lang='lat' dir='ltr'><strong>fundatum</strong></span> <span class='ocrx_word' id='word_1_412' title='bbox 1076 3095 1181 3152; x_wconf 87' lang='lat' dir='ltr'><strong>est,</strong></span> <span class='ocrx_word' id='word_1_413' title='bbox 1214 3087 1344 3140; x_wconf 89' lang='lat' dir='ltr'><strong>audi</strong></span> <span class='ocrx_word' id='word_1_414' title='bbox 1389 3103 1454 3142; x_wconf 79' lang='lat' dir='ltr'><strong>ex</strong></span> <span class='ocrx_word' id='word_1_415' title='bbox 1485 3087 1676 3142; x_wconf 90' lang='lat' dir='ltr'><strong>eodem</strong></span> <span class='ocrx_word' id='word_1_416' title='bbox 1714 3083 1905 3154; x_wconf 89' lang='lat' dir='ltr'><strong>Paulo,</strong></span> <span class='ocrx_word' id='word_1_417' title='bbox 1957 3086 2085 3140; x_wconf 90' lang='lat' dir='ltr'><strong>alibi</strong></span> 
     </span>
    </p>
   </div>
   <div class='ocr_carea' id='block_1_50' title="bbox 2193 1893 3745 1964">
    <p class='ocr_par' dir='ltr' id='par_1_50' title="bbox 2193 1893 3745 1964">
     <span class='ocr_line' id='line_1_50' title="bbox 2193 1893 3745 1964; baseline -0.001 -17"><span class='ocrx_word' id='word_1_418' title='bbox 2193 1895 2378 1958; x_wconf 82' lang='grc' dir='ltr'><strong>πόδας,</strong></span> <span class='ocrx_word' id='word_1_419' title='bbox 2425 1893 2518 1946; x_wconf 79' lang='grc' dir='ltr'><strong>καὶ</strong></span> <span class='ocrx_word' id='word_1_420' title='bbox 2551 1893 2755 1946; x_wconf 77' lang='grc' dir='ltr'>ἔδωκαν</span> <span class='ocrx_word' id='word_1_421' title='bbox 2791 1895 2870 1955; x_wconf 84' lang='grc' dir='ltr'><strong>εἰς</strong></span> <span class='ocrx_word' id='word_1_422' title='bbox 2901 1893 2960 1945; x_wconf 92' lang='grc' dir='ltr'><strong>τὸ</strong></span> <span class='ocrx_word' id='word_1_423' title='bbox 2996 1893 3190 1964; x_wconf 82' lang='grc' dir='ltr'><strong>βρῶμά</strong></span> <span class='ocrx_word' id='word_1_424' title='bbox 3225 1911 3326 1963; x_wconf 92' lang='grc' dir='ltr'><strong>μου</strong></span> <span class='ocrx_word' id='word_1_425' title='bbox 3357 1894 3544 1964; x_wconf 85' lang='grc' dir='ltr'><strong>χολὴν,</strong></span> <span class='ocrx_word' id='word_1_426' title='bbox 3576 1895 3658 1946; x_wconf 82' lang='grc' dir='ltr'><strong>καὶ</strong></span> <span class='ocrx_word' id='word_1_427' title='bbox 3679 1897 3745 1955; x_wconf 75' lang='grc' dir='ltr'>είς</span> 
     </span>
    </p>
   </div>
   <div class='ocr_carea' id='block_1_51' title="bbox 2189 1984 3745 2058">
    <p class='ocr_par' dir='ltr' id='par_1_51' title="bbox 2189 1984 3745 2058">
     <span class='ocr_line' id='line_1_51' title="bbox 2189 1984 3745 2058; baseline -0.001 -20"><span class='ocrx_word' id='word_1_428' title='bbox 2189 1987 2286 2058; x_wconf 82' lang='grc' dir='ltr'>τὴν</span> <span class='ocrx_word' id='word_1_429' title='bbox 2319 1985 2474 2055; x_wconf 70' lang='grc' dir='ltr'>δίψαν</span> <span class='ocrx_word' id='word_1_430' title='bbox 2506 2003 2606 2056; x_wconf 91' lang='grc' dir='ltr'><strong>μου</strong></span> <span class='ocrx_word' id='word_1_431' title='bbox 2663 1985 2916 2039; x_wconf 77' lang='grc' dir='ltr'>ὲπότισάν</span> <span class='ocrx_word' id='word_1_432' title='bbox 2950 2003 3016 2055; x_wconf 90' lang='grc' dir='ltr'><strong>με</strong></span> <span class='ocrx_word' id='word_1_433' title='bbox 3051 1984 3188 2048; x_wconf 79' lang='grc' dir='ltr'><strong>ὅξος.</strong></span> <span class='ocrx_word' id='word_1_434' title='bbox 3221 2005 3239 2036; x_wconf 73' lang='grc' dir='ltr'><strong>ι</strong></span> <span class='ocrx_word' id='word_1_435' title='bbox 3273 1986 3471 2054; x_wconf 77' lang='grc' dir='ltr'><strong>Ἀνόμ.</strong></span> <span class='ocrx_word' id='word_1_436' title='bbox 3523 1985 3653 2038; x_wconf 85' lang='grc' dir='ltr'><strong>Ἀλλ’</strong></span> <span class='ocrx_word' id='word_1_437' title='bbox 3695 1987 3745 2038; x_wconf 70' lang='grc' dir='ltr'><strong>οὐ</strong></span> 
     </span>
    </p>
   </div>
   <div class='ocr_carea' id='block_1_52' title="bbox 2191 2073 3747 2146">
    <p class='ocr_par' dir='ltr' id='par_1_52' title="bbox 2191 2073 3747 2146">
     <span class='ocr_line' id='line_1_52' title="bbox 2191 2073 3747 2146; baseline -0.001 -18"><span class='ocrx_word' id='word_1_438' title='bbox 2191 2077 2296 2146; x_wconf 88' lang='grc' dir='ltr'><strong>πρὸ</strong></span> <span class='ocrx_word' id='word_1_439' title='bbox 2325 2074 2416 2128; x_wconf 72' lang='grc' dir='ltr'><strong>τοῦ</strong></span> <span class='ocrx_word' id='word_1_440' title='bbox 2476 2076 2667 2138; x_wconf 82' lang='grc' dir='ltr'><strong>αἰῶνος</strong></span> <span class='ocrx_word' id='word_1_441' title='bbox 2715 2075 2870 2127; x_wconf 77' lang='grc' dir='ltr'>τοῦτο</span> <span class='ocrx_word' id='word_1_442' title='bbox 2902 2073 3114 2145; x_wconf 76' lang='grc' dir='ltr'><strong>ἐλέχθη,</strong></span> <span class='ocrx_word' id='word_1_443' title='bbox 3162 2073 3275 2126; x_wconf 73' lang='grc' dir='ltr'><strong>ἀλλ’</strong></span> <span class='ocrx_word' id='word_1_444' title='bbox 3297 2074 3405 2126; x_wconf 85' lang='grc' dir='ltr'>ἀπὸ</span> <span class='ocrx_word' id='word_1_445' title='bbox 3435 2073 3545 2126; x_wconf 81' lang='grc' dir='ltr'><strong>τῶν</strong></span> <span class='ocrx_word' id='word_1_446' title='bbox 3569 2075 3747 2144; x_wconf 79' lang='grc' dir='ltr'>χρόνων</span> 
     </span>
    </p>
   </div>
   <div class='ocr_carea' id='block_1_53' title="bbox 2189 2164 3743 2238">
    <p class='ocr_par' dir='ltr' id='par_1_53' title="bbox 2189 2164 3743 2238">
     <span class='ocr_line' id='line_1_53' title="bbox 2189 2164 3743 2238; baseline -0.003 -17"><span class='ocrx_word' id='word_1_447' title='bbox 2189 2167 2368 2226; x_wconf 76' lang='grc' dir='ltr'><strong>Δαϐίδ,</strong></span> <span class='ocrx_word' id='word_1_448' title='bbox 2408 2169 2559 2237; x_wconf 73' lang='grc' dir='ltr'><strong>Ὡρθ.</strong></span> <span class='ocrx_word' id='word_1_449' title='bbox 2615 2167 2723 2219; x_wconf 80' lang='grc' dir='ltr'><strong>Καὶ</strong></span> <span class='ocrx_word' id='word_1_450' title='bbox 2750 2166 2857 2218; x_wconf 83' lang='grc' dir='ltr'><strong>ἀπὸ</strong></span> <span class='ocrx_word' id='word_1_451' title='bbox 2883 2166 2989 2218; x_wconf 82' lang='grc' dir='ltr'>τῶν</span> <span class='ocrx_word' id='word_1_452' title='bbox 3048 2165 3253 2238; x_wconf 86' lang='grc' dir='ltr'>χρόνων</span> <span class='ocrx_word' id='word_1_453' title='bbox 3299 2164 3392 2217; x_wconf 76' lang='grc' dir='ltr'><strong>τοῦ</strong></span> <span class='ocrx_word' id='word_1_454' title='bbox 3429 2164 3545 2216; x_wconf 85' lang='grc' dir='ltr'>υίοῦ</span> <span class='ocrx_word' id='word_1_455' title='bbox 3581 2164 3743 2227; x_wconf 70' lang='grc' dir='ltr'><strong>Δαὸὶδ,</strong></span> 
     </span>
    </p>
   </div>
   <div class='ocr_carea' id='block_1_54' title="bbox 2187 2255 3749 2331">
    <p class='ocr_par' dir='ltr' id='par_1_54' title="bbox 2187 2255 3749 2331">
     <span class='ocr_line' id='line_1_54' title="bbox 2187 2255 3749 2331; baseline -0.001 -18"><span class='ocrx_word' id='word_1_456' title='bbox 2187 2261 2428 2313; x_wconf 82' lang='grc' dir='ltr'><strong>τουτέστι</strong></span> <span class='ocrx_word' id='word_1_457' title='bbox 2461 2259 2798 2331; x_wconf 77' lang='grc' dir='ltr'><strong>Σολομῶνος,</strong></span> <span class='ocrx_word' id='word_1_458' title='bbox 2829 2257 2908 2322; x_wconf 85' lang='grc' dir='ltr'><strong>τὸ,</strong></span> <span class='ocrx_word' id='word_1_459' title='bbox 2948 2277 2966 2309; x_wconf 75' lang='grc' dir='ltr'><strong>ι</strong></span> <span class='ocrx_word' id='word_1_460' title='bbox 2998 2257 3196 2330; x_wconf 83' lang='grc' dir='ltr'><strong>Κύριος</strong></span> <span class='ocrx_word' id='word_1_461' title='bbox 3219 2255 3398 2310; x_wconf 77' lang='grc' dir='ltr'>ἔκτισε</span> <span class='ocrx_word' id='word_1_462' title='bbox 3436 2273 3525 2327; x_wconf 86' lang='grc' dir='ltr'>με,</span> <span class='ocrx_word' id='word_1_463' title='bbox 3563 2275 3582 2307; x_wconf 72' lang='grc' dir='ltr'><strong>ι</strong></span> <span class='ocrx_word' id='word_1_464' title='bbox 3617 2255 3749 2326; x_wconf 74' lang='grc' dir='ltr'>εἴρη-</span> 
     </span>
    </p>
   </div>
   <div class='ocr_carea' id='block_1_55' title="bbox 2187 2348 3749 2421">
    <p class='ocr_par' dir='ltr' id='par_1_55' title="bbox 2187 2348 3749 2421">
     <span class='ocr_line' id='line_1_55' title="bbox 2187 2348 3749 2421; baseline -0.002 -18"><span class='ocrx_word' id='word_1_465' title='bbox 2187 2369 2294 2404; x_wconf 90' lang='grc' dir='ltr'><strong>ται.</strong></span> <span class='ocrx_word' id='word_1_466' title='bbox 2347 2352 2545 2420; x_wconf 80' lang='grc' dir='ltr'><strong>Ἀνόμ.</strong></span> <span class='ocrx_word' id='word_1_467' title='bbox 2619 2350 2799 2414; x_wconf 65' lang='grc' dir='ltr'><strong>Ἀλλὰ,</strong></span> <span class='ocrx_word' id='word_1_468' title='bbox 2854 2369 2872 2400; x_wconf 74' lang='grc' dir='ltr'><strong>ι</strong></span> <span class='ocrx_word' id='word_1_469' title='bbox 2912 2350 3022 2421; x_wconf 89' lang='grc' dir='ltr'>Πρὸ</span> <span class='ocrx_word' id='word_1_470' title='bbox 3071 2349 3163 2402; x_wconf 77' lang='grc' dir='ltr'>τοῦ</span> <span class='ocrx_word' id='word_1_471' title='bbox 3221 2348 3749 2418; x_wconf 79' lang='grc' dir='ltr'>αίῶνος-ὲθεμελίωσέ</span> 
     </span>
    </p>
   </div>
   <div class='ocr_carea' id='block_1_56' title="bbox 2191 2440 3748 2514">
    <p class='ocr_par' dir='ltr' id='par_1_56' title="bbox 2191 2440 3748 2514">
     <span class='ocr_line' id='line_1_56' title="bbox 2191 2440 3748 2514; baseline -0.003 -19"><span class='ocrx_word' id='word_1_472' title='bbox 2191 2461 2280 2513; x_wconf 89' lang='grc' dir='ltr'>με,</span> <span class='ocrx_word' id='word_1_473' title='bbox 2312 2463 2330 2494; x_wconf 76' lang='grc' dir='ltr'><strong>ι</strong></span> <span class='ocrx_word' id='word_1_474' title='bbox 2365 2445 2597 2514; x_wconf 77' lang='grc' dir='ltr'>εἴρηται.</span> <span class='ocrx_word' id='word_1_475' title='bbox 2641 2444 2794 2510; x_wconf 82' lang='grc' dir='ltr'><strong>Ὀρθ.</strong></span> <span class='ocrx_word' id='word_1_476' title='bbox 2835 2460 2853 2491; x_wconf 73' lang='grc' dir='ltr'><strong>ι</strong></span> <span class='ocrx_word' id='word_1_477' title='bbox 2889 2442 3001 2512; x_wconf 85' lang='grc' dir='ltr'>Πρὸ</span> <span class='ocrx_word' id='word_1_478' title='bbox 3031 2461 3048 2492; x_wconf 77' lang='grc' dir='ltr'><strong>ι</strong></span> <span class='ocrx_word' id='word_1_479' title='bbox 3090 2441 3196 2511; x_wconf 80' lang='grc' dir='ltr'><strong>γὰρ</strong></span> <span class='ocrx_word' id='word_1_480' title='bbox 3255 2459 3274 2491; x_wconf 77' lang='grc' dir='ltr'><strong>ι</strong></span> <span class='ocrx_word' id='word_1_481' title='bbox 3339 2440 3434 2493; x_wconf 83' lang='grc' dir='ltr'><strong>τοῦ</strong></span> <span class='ocrx_word' id='word_1_482' title='bbox 3488 2441 3675 2503; x_wconf 83' lang='grc' dir='ltr'>αἰῶνος</span> <span class='ocrx_word' id='word_1_483' title='bbox 3699 2442 3748 2492; x_wconf 81' lang='grc' dir='ltr'>τὸ</span> 
     </span>
    </p>
   </div>
   <div class='ocr_carea' id='block_1_57' title="bbox 2190 2528 3746 2607">
    <p class='ocr_par' dir='ltr' id='par_1_57' title="bbox 2190 2528 3746 2607">
     <span class='ocr_line' id='line_1_57' title="bbox 2190 2528 3746 2607; baseline -0.003 -19"><span class='ocrx_word' id='word_1_484' title='bbox 2190 2537 2486 2607; x_wconf 86' lang='grc' dir='ltr'>μυστήριον</span> <span class='ocrx_word' id='word_1_485' title='bbox 2511 2534 2664 2588; x_wconf 79' lang='grc' dir='ltr'>τοῦτο</span> <span class='ocrx_word' id='word_1_486' title='bbox 2679 2533 3171 2605; x_wconf 81' lang='grc' dir='ltr'>ἀποκεκρυμμένον</span> <span class='ocrx_word' id='word_1_487' title='bbox 3212 2528 3300 2603; x_wconf 82' lang='grc' dir='ltr'><strong>ἦν,</strong></span> <span class='ocrx_word' id='word_1_488' title='bbox 3339 2552 3356 2584; x_wconf 73' lang='grc' dir='ltr'><strong>ι</strong></span> <span class='ocrx_word' id='word_1_489' title='bbox 3395 2533 3471 2596; x_wconf 80' lang='grc' dir='ltr'><strong>ὡς</strong></span> <span class='ocrx_word' id='word_1_490' title='bbox 3496 2537 3525 2586; x_wconf 88' lang='grc' dir='ltr'>ὀ</span> <span class='ocrx_word' id='word_1_491' title='bbox 3556 2533 3746 2595; x_wconf 78' lang='grc' dir='ltr'>Παῦλος</span> 
     </span>
    </p>
   </div>
   <div class='ocr_carea' id='block_1_58' title="bbox 2186 2624 3746 2698">
    <p class='ocr_par' dir='ltr' id='par_1_58' title="bbox 2186 2624 3746 2698">
     <span class='ocr_line' id='line_1_58' title="bbox 2186 2624 3746 2698; baseline -0.001 -19"><span class='ocrx_word' id='word_1_492' title='bbox 2186 2628 2332 2697; x_wconf 81' lang='grc' dir='ltr'><strong>λέγει</strong></span> <span class='ocrx_word' id='word_1_493' title='bbox 2357 2667 2371 2691; x_wconf 94' lang='grc'><strong>,</strong></span> <span class='ocrx_word' id='word_1_494' title='bbox 2407 2647 2424 2678; x_wconf 77' lang='grc' dir='ltr'><strong>ι</strong></span> <span class='ocrx_word' id='word_1_495' title='bbox 2459 2627 2487 2679; x_wconf 85' lang='grc' dir='ltr'><strong>ὃ</strong></span> <span class='ocrx_word' id='word_1_496' title='bbox 2512 2626 2606 2680; x_wconf 79' lang='grc' dir='ltr'>νῦν</span> <span class='ocrx_word' id='word_1_497' title='bbox 2633 2625 2951 2698; x_wconf 78' lang='grc' dir='ltr'><strong>ἐφανερώθη</strong></span> <span class='ocrx_word' id='word_1_498' title='bbox 2979 2628 3090 2688; x_wconf 82' lang='grc' dir='ltr'><strong>τοῖς</strong></span> <span class='ocrx_word' id='word_1_499' title='bbox 3107 2627 3239 2688; x_wconf 87' lang='grc' dir='ltr'>υίοίς</span> <span class='ocrx_word' id='word_1_500' title='bbox 3269 2625 3376 2677; x_wconf 87' lang='grc' dir='ltr'>τῶν</span> <span class='ocrx_word' id='word_1_501' title='bbox 3408 2624 3746 2695; x_wconf 73' lang='grc' dir='ltr'>ἀνθρώπων.»</span> 
     </span>
    </p>
   </div>
   <div class='ocr_carea' id='block_1_59' title="bbox 2187 2716 3750 2788">
    <p class='ocr_par' dir='ltr' id='par_1_59' title="bbox 2187 2716 3750 2788">
     <span class='ocr_line' id='line_1_59' title="bbox 2187 2716 3750 2788; baseline 0.001 -16"><span class='ocrx_word' id='word_1_502' title='bbox 2187 2721 2295 2774; x_wconf 90' lang='lat' dir='ltr'><strong>Kal</strong></span> <span class='ocrx_word' id='word_1_503' title='bbox 2332 2720 2412 2772; x_wconf 80' lang='grc' dir='ltr'><strong>ὅτι</strong></span> <span class='ocrx_word' id='word_1_504' title='bbox 2435 2720 2596 2783; x_wconf 82' lang='grc' dir='ltr'>αὐτός</span> <span class='ocrx_word' id='word_1_505' title='bbox 2625 2721 2740 2772; x_wconf 83' lang='grc' dir='ltr'>ἐστι</span> <span class='ocrx_word' id='word_1_506' title='bbox 2775 2719 2836 2771; x_wconf 90' lang='grc' dir='ltr'><strong>τὸ</strong></span> <span class='ocrx_word' id='word_1_507' title='bbox 2863 2718 2967 2788; x_wconf 88' lang='grc' dir='ltr'><strong>πρὸ</strong></span> <span class='ocrx_word' id='word_1_508' title='bbox 3019 2717 3126 2769; x_wconf 84' lang='grc' dir='ltr'><strong>τῶν</strong></span> <span class='ocrx_word' id='word_1_509' title='bbox 3157 2716 3365 2771; x_wconf 84' lang='grc' dir='ltr'>αίώνων</span> <span class='ocrx_word' id='word_1_510' title='bbox 3418 2716 3750 2787; x_wconf 80' lang='grc' dir='ltr'><strong>θεμελιωθὲν,</strong></span> 
     </span>
    </p>
   </div>
   <div class='ocr_carea' id='block_1_60' title="bbox 2187 2807 3753 2881">
    <p class='ocr_par' dir='ltr' id='par_1_60' title="bbox 2187 2807 3753 2881">
     <span class='ocr_line' id='line_1_60' title="bbox 2187 2807 3753 2881; baseline -0.002 -16"><span class='ocrx_word' id='word_1_511' title='bbox 2187 2812 2351 2866; x_wconf 81' lang='grc' dir='ltr'>ἄκουε</span> <span class='ocrx_word' id='word_1_512' title='bbox 2383 2810 2547 2864; x_wconf 82' lang='grc' dir='ltr'>αὐτοῦ</span> <span class='ocrx_word' id='word_1_513' title='bbox 2570 2811 2662 2864; x_wconf 79' lang='grc' dir='ltr'><strong>καί</strong></span> <span class='ocrx_word' id='word_1_514' title='bbox 2693 2811 2750 2863; x_wconf 84' lang='grc' dir='ltr'>ὲν</span> <span class='ocrx_word' id='word_1_515' title='bbox 2772 2809 2951 2872; x_wconf 76' lang='grc' dir='ltr'><strong>ἄλλοις</strong></span> <span class='ocrx_word' id='word_1_516' title='bbox 2979 2809 3264 2878; x_wconf 71' lang='grc' dir='ltr'><strong>λέγοντοςο</strong></span> <span class='ocrx_word' id='word_1_517' title='bbox 3298 2827 3316 2859; x_wconf 78' lang='grc' dir='ltr'><strong>ι</strong></span> <span class='ocrx_word' id='word_1_518' title='bbox 3362 2807 3624 2878; x_wconf 86' lang='grc' dir='ltr'><strong>Θεμέλιον</strong></span> <span class='ocrx_word' id='word_1_519' title='bbox 3659 2809 3753 2881; x_wconf 78' lang='grc' dir='ltr'><strong>γὰρ</strong></span> 
     </span>
    </p>
   </div>
   <div class='ocr_carea' id='block_1_61' title="bbox 2187 2900 3752 2973">
    <p class='ocr_par' dir='ltr' id='par_1_61' title="bbox 2187 2900 3752 2973">
     <span class='ocr_line' id='line_1_61' title="bbox 2187 2900 3752 2973; baseline -0.003 -14"><span class='ocrx_word' id='word_1_520' title='bbox 2187 2905 2344 2959; x_wconf 79' lang='grc' dir='ltr'><strong>ἄλλον</strong></span> <span class='ocrx_word' id='word_1_521' title='bbox 2395 2904 2569 2966; x_wconf 78' lang='grc' dir='ltr'><strong>οὐδεὶς</strong></span> <span class='ocrx_word' id='word_1_522' title='bbox 2612 2903 2834 2956; x_wconf 82' lang='grc' dir='ltr'>δύναται</span> <span class='ocrx_word' id='word_1_523' title='bbox 2890 2902 3062 2955; x_wconf 86' lang='grc' dir='ltr'>θεῖναι</span> <span class='ocrx_word' id='word_1_524' title='bbox 3092 2901 3243 2973; x_wconf 77' lang='grc' dir='ltr'>παρὰ</span> <span class='ocrx_word' id='word_1_525' title='bbox 3271 2900 3362 2952; x_wconf 92' lang='grc' dir='ltr'><strong>τὸν</strong></span> <span class='ocrx_word' id='word_1_526' title='bbox 3396 2901 3666 2970; x_wconf 83' lang='grc' dir='ltr'>κείμενον,</span> <span class='ocrx_word' id='word_1_527' title='bbox 3703 2901 3752 2964; x_wconf 78' lang='grc' dir='ltr'><strong>ὃς</strong></span> 
     </span>
    </p>
   </div>
   <div class='ocr_carea' id='block_1_62' title="bbox 2187 2992 3753 3068">
    <p class='ocr_par' dir='ltr' id='par_1_62' title="bbox 2187 2992 3753 3068">
     <span class='ocr_line' id='line_1_62' title="bbox 2187 2992 3753 3068; baseline -0.004 -17"><span class='ocrx_word' id='word_1_528' title='bbox 2187 2999 2303 3050; x_wconf 76' lang='grc' dir='ltr'><strong>ἐστι</strong></span> <span class='ocrx_word' id='word_1_529' title='bbox 2361 2995 2591 3068; x_wconf 83' lang='grc' dir='ltr'>Χριστὸς</span> <span class='ocrx_word' id='word_1_530' title='bbox 2640 2993 2877 3064; x_wconf 78' lang='grc' dir='ltr'><strong>Ἰησοῦς,</strong></span> <span class='ocrx_word' id='word_1_531' title='bbox 2928 3013 2947 3046; x_wconf 71' lang='grc' dir='ltr'><strong>ι</strong></span> <span class='ocrx_word' id='word_1_532' title='bbox 3009 2994 3100 3046; x_wconf 91' lang='grc' dir='ltr'><strong>τὸν</strong></span> <span class='ocrx_word' id='word_1_533' title='bbox 3158 2992 3405 3062; x_wconf 77' lang='grc' dir='ltr'><strong>λέγονταο</strong></span> <span class='ocrx_word' id='word_1_534' title='bbox 3460 3011 3479 3043; x_wconf 72' lang='grc' dir='ltr'><strong>ι</strong></span> <span class='ocrx_word' id='word_1_535' title='bbox 3527 2994 3639 3065; x_wconf 88' lang='grc' dir='ltr'><strong>Πρὸ</strong></span> <span class='ocrx_word' id='word_1_536' title='bbox 3672 2993 3753 3045; x_wconf 77' lang='grc' dir='ltr'><strong>τοῦ</strong></span> 
     </span>
    </p>
   </div>
   <div class='ocr_carea' id='block_1_63' title="bbox 2189 3083 3755 3156">
    <p class='ocr_par' dir='ltr' id='par_1_63' title="bbox 2189 3083 3755 3156">
     <span class='ocr_line' id='line_1_63' title="bbox 2189 3083 3755 3156; baseline -0.003 -16"><span class='ocrx_word' id='word_1_537' title='bbox 2189 3087 2381 3149; x_wconf 80' lang='grc' dir='ltr'>αἰῶνος</span> <span class='ocrx_word' id='word_1_538' title='bbox 2435 3084 2758 3156; x_wconf 81' lang='grc' dir='ltr'>ὲΘεμελίωσέ</span> <span class='ocrx_word' id='word_1_539' title='bbox 2817 3101 2902 3156; x_wconf 87' lang='grc' dir='ltr'>με.</span> <span class='ocrx_word' id='word_1_540' title='bbox 2935 3103 2954 3136; x_wconf 71' lang='grc' dir='ltr'><strong>ι</strong></span> <span class='ocrx_word' id='word_1_541' title='bbox 2989 3083 3222 3155; x_wconf 85' lang='grc' dir='ltr'>Χριστὸς</span> <span class='ocrx_word' id='word_1_542' title='bbox 3253 3083 3311 3136; x_wconf 79' lang='grc' dir='ltr'>δὲ</span> <span class='ocrx_word' id='word_1_543' title='bbox 3344 3084 3558 3154; x_wconf 78' lang='grc' dir='ltr'>Ἰησοῦς</span> <span class='ocrx_word' id='word_1_544' title='bbox 3585 3085 3755 3136; x_wconf 79' lang='grc' dir='ltr'>ἔκτοτε</span> 
     </span>
    </p>
   </div>
   <div class='ocr_carea' id='block_1_64' title="bbox 514 3149 2087 3251">
    <p class='ocr_par' dir='ltr' id='par_1_64' title="bbox 514 3177 2086 3248">
     <span class='ocr_line' id='line_1_64' title="bbox 514 3177 2086 3248; baseline -0.001 -16"><span class='ocrx_word' id='word_1_545' title='bbox 514 3177 764 3234; x_wconf 88' lang='lat' dir='ltr'><strong>dicente:</strong></span> <span class='ocrx_word' id='word_1_546' title='bbox 801 3196 821 3229; x_wconf 79' lang='grc' dir='ltr'><strong>ι</strong></span> <span class='ocrx_word' id='word_1_547' title='bbox 858 3177 1300 3233; x_wconf 89' lang='lat' dir='ltr'><strong>Fundamentum</strong></span> <span class='ocrx_word' id='word_1_548' title='bbox 1340 3179 1483 3234; x_wconf 90' lang='lat' dir='ltr'><strong>enim</strong></span> <span class='ocrx_word' id='word_1_549' title='bbox 1523 3179 1670 3232; x_wconf 90' lang='lat' dir='ltr'><strong>aliud</strong></span> <span class='ocrx_word' id='word_1_550' title='bbox 1710 3194 1871 3234; x_wconf 86' lang='lat' dir='ltr'><strong>nemo</strong></span> <span class='ocrx_word' id='word_1_551' title='bbox 1909 3187 2086 3248; x_wconf 89' lang='lat' dir='ltr'><strong>potest</strong></span> 
     </span>
    </p>
   </div>
   <div class='ocr_carea' id='block_1_65' title="bbox 2192 3149 3754 3251">
    <p class='ocr_par' dir='ltr' id='par_1_65' title="bbox 2192 3149 3754 3251">
     <span class='ocr_line' id='line_1_65' title="bbox 2192 3149 3754 3251; baseline -0.002 -19"><span class='ocrx_word' id='word_1_552' title='bbox 2192 3179 2322 3241; x_wconf 80' lang='grc' dir='ltr'><strong>Θεὸς</strong></span> <span class='ocrx_word' id='word_1_553' title='bbox 2367 3149 2542 3247; x_wconf 62' lang='grc' dir='ltr'><strong>Λόγοέ</strong></span> <span class='ocrx_word' id='word_1_554' title='bbox 2581 3149 2858 3251; x_wconf 70' lang='grc' dir='ltr'><strong>κέκληται,</strong></span> <span class='ocrx_word' id='word_1_555' title='bbox 2912 3177 2969 3244; x_wconf 80' lang='grc' dir='ltr'>ἐξ</span> <span class='ocrx_word' id='word_1_556' title='bbox 2999 3149 3060 3232; x_wconf 51' lang='grc' dir='ltr'><strong>οξ</strong></span> <span class='ocrx_word' id='word_1_557' title='bbox 3085 3181 3114 3232; x_wconf 78' lang='grc' dir='ltr'><strong><em>ὁ</em></strong></span> <span class='ocrx_word' id='word_1_558' title='bbox 3143 3179 3316 3247; x_wconf 67' lang='grc' dir='ltr'><strong>Λόγος</strong></span> <span class='ocrx_word' id='word_1_559' title='bbox 3354 3149 3494 3248; x_wconf 63' lang='grc' dir='ltr'>σάρξ</span> <span class='ocrx_word' id='word_1_560' title='bbox 3524 3177 3754 3245; x_wconf 76' lang='grc' dir='ltr'><strong>ἐγένετο·</strong></span> 
     </span>
    </p>
   </div>
   <div class='ocr_carea' id='block_1_66' title="bbox 510 3268 2090 3340">
    <p class='ocr_par' dir='ltr' id='par_1_66' title="bbox 510 3268 2090 3340">
     <span class='ocr_line' id='line_1_66' title="bbox 510 3268 2090 3340; baseline -0.001 -16"><span class='ocrx_word' id='word_1_561' title='bbox 510 3283 751 3339; x_wconf 87' lang='lat' dir='ltr'><strong>ponere,</strong></span> <span class='ocrx_word' id='word_1_562' title='bbox 812 3277 1009 3339; x_wconf 86' lang='lat' dir='ltr'><strong>praeter</strong></span> <span class='ocrx_word' id='word_1_563' title='bbox 1065 3268 1119 3323; x_wconf 91' lang='lat' dir='ltr'><strong>id</strong></span> <span class='ocrx_word' id='word_1_564' title='bbox 1167 3269 1311 3339; x_wconf 91' lang='lat' dir='ltr'><strong>quod</strong></span> <span class='ocrx_word' id='word_1_565' title='bbox 1369 3271 1608 3340; x_wconf 90' lang='lat' dir='ltr'><strong>positum</strong></span> <span class='ocrx_word' id='word_1_566' title='bbox 1652 3280 1766 3336; x_wconf 91' lang='lat' dir='ltr'><strong>est,</strong></span> <span class='ocrx_word' id='word_1_567' title='bbox 1821 3270 1966 3339; x_wconf 91' lang='lat' dir='ltr'><strong>quod</strong></span> <span class='ocrx_word' id='word_1_568' title='bbox 2005 3279 2090 3325; x_wconf 91' lang='lat' dir='ltr'><strong>est</strong></span> 
     </span>
    </p>
   </div>
   <div class='ocr_carea' id='block_1_67' title="bbox 513 3360 2086 3432">
    <p class='ocr_par' dir='ltr' id='par_1_67' title="bbox 513 3360 2086 3432">
     <span class='ocr_line' id='line_1_67' title="bbox 513 3360 2086 3432; baseline -0.001 -16"><span class='ocrx_word' id='word_1_569' title='bbox 513 3361 770 3417; x_wconf 89' lang='lat' dir='ltr'><strong>Christus</strong></span> <span class='ocrx_word' id='word_1_570' title='bbox 798 3360 959 3418; x_wconf 82' lang='lat' dir='ltr'><strong>Jesus</strong></span> <span class='ocrx_word' id='word_1_571' title='bbox 987 3362 1029 3394; x_wconf 79' lang='grc'><strong>’⁷</strong></span> <span class='ocrx_word' id='word_1_572' title='bbox 1061 3377 1074 3412; x_wconf 90' lang='lat'><strong>:</strong></span> <span class='ocrx_word' id='word_1_573' title='bbox 1117 3382 1138 3414; x_wconf 72' lang='grc' dir='ltr'><strong>ι</strong></span> <span class='ocrx_word' id='word_1_574' title='bbox 1175 3371 1370 3432; x_wconf 84' lang='lat' dir='ltr'><strong>praeter</strong></span> <span class='ocrx_word' id='word_1_575' title='bbox 1405 3378 1530 3417; x_wconf 89' lang='lat' dir='ltr'><strong>eum</strong></span> <span class='ocrx_word' id='word_1_576' title='bbox 1564 3362 1845 3426; x_wconf 87' lang='lat' dir='ltr'><strong>videlicet,</strong></span> <span class='ocrx_word' id='word_1_577' title='bbox 1871 3362 1964 3432; x_wconf 92' lang='lat' dir='ltr'><strong>qui</strong></span> <span class='ocrx_word' id='word_1_578' title='bbox 2000 3361 2086 3415; x_wconf 87' lang='lat' dir='ltr'><strong>di-</strong></span> 
     </span>
    </p>
   </div>
   <div class='ocr_carea' id='block_1_68' title="bbox 515 3452 2084 3510">
    <p class='ocr_par' dir='ltr' id='par_1_68' title="bbox 515 3452 2084 3510">
     <span class='ocr_line' id='line_1_68' title="bbox 515 3452 2084 3510; baseline 0.001 -4"><span class='ocrx_word' id='word_1_579' title='bbox 515 3452 628 3506; x_wconf 90' lang='lat' dir='ltr'><strong>cit:</strong></span> <span class='ocrx_word' id='word_1_580' title='bbox 669 3471 689 3506; x_wconf 75' lang='grc' dir='ltr'><strong>ι</strong></span> <span class='ocrx_word' id='word_1_581' title='bbox 719 3453 856 3510; x_wconf 83' lang='lat' dir='ltr'><strong>Ante</strong></span> <span class='ocrx_word' id='word_1_582' title='bbox 898 3454 1155 3509; x_wconf 65' lang='lat' dir='ltr'><strong>saeculum</strong></span> <span class='ocrx_word' id='word_1_583' title='bbox 1195 3454 1442 3510; x_wconf 86' lang='lat' dir='ltr'><strong>fundavit</strong></span> <span class='ocrx_word' id='word_1_584' title='bbox 1488 3470 1591 3510; x_wconf 89' lang='lat' dir='ltr'><strong>me.</strong></span> <span class='ocrx_word' id='word_1_585' title='bbox 1648 3475 1667 3508; x_wconf 75' lang='grc' dir='ltr'><strong>ι</strong></span> <span class='ocrx_word' id='word_1_586' title='bbox 1701 3453 1955 3510; x_wconf 88' lang='lat' dir='ltr'><strong>Christus</strong></span> <span class='ocrx_word' id='word_1_587' title='bbox 1987 3470 2084 3508; x_wconf 88' lang='lat' dir='ltr'><strong>au-</strong></span> 
     </span>
    </p>
   </div>
   <div class='ocr_carea' id='block_1_69' title="bbox 513 3541 2080 3617">
    <p class='ocr_par' dir='ltr' id='par_1_69' title="bbox 513 3541 2080 3617">
     <span class='ocr_line' id='line_1_69' title="bbox 513 3541 2080 3617; baseline 0.003 -22"><span class='ocrx_word' id='word_1_588' title='bbox 513 3550 624 3598; x_wconf 88' lang='lat' dir='ltr'><strong>tem</strong></span> <span class='ocrx_word' id='word_1_589' title='bbox 652 3541 834 3611; x_wconf 83' lang='lat' dir='ltr'><strong>Jesus,</strong></span> <span class='ocrx_word' id='word_1_590' title='bbox 867 3543 1009 3600; x_wconf 91' lang='lat' dir='ltr'><strong>Deus</strong></span> <span class='ocrx_word' id='word_1_591' title='bbox 1038 3542 1274 3599; x_wconf 81' lang='lat' dir='ltr'><strong>Verbum</strong></span> <span class='ocrx_word' id='word_1_592' title='bbox 1311 3553 1442 3599; x_wconf 90' lang='lat' dir='ltr'><strong>tunc</strong></span> <span class='ocrx_word' id='word_1_593' title='bbox 1474 3554 1699 3602; x_wconf 87' lang='lat' dir='ltr'><strong>vocatus</strong></span> <span class='ocrx_word' id='word_1_594' title='bbox 1729 3559 1845 3614; x_wconf 88' lang='grc' dir='ltr'><strong>εει,</strong></span> <span class='ocrx_word' id='word_1_595' title='bbox 1876 3564 1940 3602; x_wconf 79' lang='lat' dir='ltr'><strong>ex</strong></span> <span class='ocrx_word' id='word_1_596' title='bbox 1971 3561 2080 3617; x_wconf 91' lang='lat' dir='ltr'><strong>quo</strong></span> 
     </span>
    </p>
   </div>
   <div class='ocr_carea' id='block_1_70' title="bbox 513 3632 2073 3710">
    <p class='ocr_par' dir='ltr' id='par_1_70' title="bbox 513 3632 2073 3710">
     <span class='ocr_line' id='line_1_70' title="bbox 513 3632 2073 3710; baseline 0.001 -20"><span class='ocrx_word' id='word_1_597' title='bbox 513 3632 752 3695; x_wconf 81' lang='lat' dir='ltr'><strong>Verbum</strong></span> <span class='ocrx_word' id='word_1_598' title='bbox 783 3636 984 3692; x_wconf 88' lang='lat' dir='ltr'><strong>factum</strong></span> <span class='ocrx_word' id='word_1_599' title='bbox 1012 3645 1096 3693; x_wconf 93' lang='lat' dir='ltr'><strong>est</strong></span> <span class='ocrx_word' id='word_1_600' title='bbox 1117 3652 1266 3705; x_wconf 87' lang='lat' dir='ltr'><strong>caro,</strong></span> <span class='ocrx_word' id='word_1_601' title='bbox 1295 3645 1349 3692; x_wconf 89' lang='lat' dir='ltr'><strong>et</strong></span> <span class='ocrx_word' id='word_1_602' title='bbox 1374 3637 1578 3693; x_wconf 91' lang='lat' dir='ltr'><strong>dictum</strong></span> <span class='ocrx_word' id='word_1_603' title='bbox 1613 3638 1716 3694; x_wconf 89' lang='lat' dir='ltr'><strong>fuit</strong></span> <span class='ocrx_word' id='word_1_604' title='bbox 1741 3640 1807 3695; x_wconf 87' lang='lat' dir='ltr'><strong>ab</strong></span> <span class='ocrx_word' id='word_1_605' title='bbox 1839 3640 2030 3710; x_wconf 90' lang='lat' dir='ltr'><strong>angelo</strong></span> <span class='ocrx_word' id='word_1_606' title='bbox 2061 3656 2073 3691; x_wconf 95' lang='lat'><strong>:</strong></span> 
     </span>
    </p>
   </div>
   <div class='ocr_carea' id='block_1_71' title="bbox 2192 3270 3755 3343">
    <p class='ocr_par' dir='ltr' id='par_1_71' title="bbox 2192 3270 3755 3343">
     <span class='ocr_line' id='line_1_71' title="bbox 2192 3270 3755 3343; baseline -0.003 -18"><span class='ocrx_word' id='word_1_607' title='bbox 2192 3273 2285 3325; x_wconf 65' lang='grc' dir='ltr'><strong>καλ⁵</strong></span> <span class='ocrx_word' id='word_1_608' title='bbox 2309 3271 2501 3342; x_wconf 80' lang='grc' dir='ltr'><strong>ἐλέχθη</strong></span> <span class='ocrx_word' id='word_1_609' title='bbox 2538 3271 2686 3343; x_wconf 71' lang='grc' dir='ltr'>παρὰ</span> <span class='ocrx_word' id='word_1_610' title='bbox 2731 3270 2824 3324; x_wconf 76' lang='grc' dir='ltr'><strong>τοῦ</strong></span> <span class='ocrx_word' id='word_1_611' title='bbox 2879 3271 3132 3339; x_wconf 82' lang='grc' dir='ltr'><strong>ἀγγέλου·</strong></span> <span class='ocrx_word' id='word_1_612' title='bbox 3168 3290 3186 3321; x_wconf 87' lang='grc'><strong>‹</strong></span> <span class='ocrx_word' id='word_1_613' title='bbox 3223 3270 3491 3333; x_wconf 84' lang='grc' dir='ltr'><strong>Καλέσεις</strong></span> <span class='ocrx_word' id='word_1_614' title='bbox 3513 3271 3575 3322; x_wconf 86' lang='grc' dir='ltr'><strong>τὸ</strong></span> <span class='ocrx_word' id='word_1_615' title='bbox 3603 3270 3755 3338; x_wconf 70' lang='grc' dir='ltr'>ὄνομα</span> 
     </span>
    </p>
   </div>
   <div class='ocr_carea' id='block_1_72' title="bbox 2193 3362 3755 3435">
    <p class='ocr_par' dir='ltr' id='par_1_72' title="bbox 2193 3362 3755 3435">
     <span class='ocr_line' id='line_1_72' title="bbox 2193 3362 3755 3435; baseline -0.003 -17"><span class='ocrx_word' id='word_1_616' title='bbox 2193 3364 2358 3418; x_wconf 79' lang='grc' dir='ltr'>αὑτοῦ</span> <span class='ocrx_word' id='word_1_617' title='bbox 2401 3365 2626 3434; x_wconf 82' lang='grc' dir='ltr'><strong>Ἰησοῦν.</strong></span> <span class='ocrx_word' id='word_1_618' title='bbox 2661 3383 2679 3416; x_wconf 72' lang='grc' dir='ltr'><strong>ι</strong></span> <span class='ocrx_word' id='word_1_619' title='bbox 2715 3365 2786 3417; x_wconf 88' lang='grc' dir='ltr'>Τὸ</span> <span class='ocrx_word' id='word_1_620' title='bbox 2816 3364 2942 3435; x_wconf 78' lang='grc' dir='ltr'>ἄρα,</span> <span class='ocrx_word' id='word_1_621' title='bbox 2967 3383 2984 3415; x_wconf 76' lang='grc' dir='ltr'><strong>ι</strong></span> <span class='ocrx_word' id='word_1_622' title='bbox 3018 3363 3220 3434; x_wconf 82' lang='grc' dir='ltr'><strong>Κύριος</strong></span> <span class='ocrx_word' id='word_1_623' title='bbox 3247 3362 3430 3414; x_wconf 82' lang='grc' dir='ltr'><strong>ἐκτισὲ</strong></span> <span class='ocrx_word' id='word_1_624' title='bbox 3479 3379 3570 3432; x_wconf 88' lang='grc' dir='ltr'>με,</span> <span class='ocrx_word' id='word_1_625' title='bbox 3601 3381 3619 3413; x_wconf 76' lang='grc' dir='ltr'><strong>ι</strong></span> <span class='ocrx_word' id='word_1_626' title='bbox 3651 3364 3755 3421; x_wconf 79' lang='grc' dir='ltr'>καί,</span> 
     </span>
    </p>
   </div>
   <div class='ocr_carea' id='block_1_73' title="bbox 2195 3452 3742 3525">
    <p class='ocr_par' dir='ltr' id='par_1_73' title="bbox 2195 3452 3742 3525">
     <span class='ocr_line' id='line_1_73' title="bbox 2195 3452 3742 3525; baseline -0.001 -19"><span class='ocrx_word' id='word_1_627' title='bbox 2195 3474 2214 3507; x_wconf 77' lang='grc' dir='ltr'><strong>ι</strong></span> <span class='ocrx_word' id='word_1_628' title='bbox 2253 3455 2367 3525; x_wconf 88' lang='grc' dir='ltr'><strong>Πρὸ</strong></span> <span class='ocrx_word' id='word_1_629' title='bbox 2391 3455 2483 3508; x_wconf 80' lang='grc' dir='ltr'><strong>τοῦ</strong></span> <span class='ocrx_word' id='word_1_630' title='bbox 2510 3455 2703 3518; x_wconf 84' lang='grc' dir='ltr'>αίῶνος</span> <span class='ocrx_word' id='word_1_631' title='bbox 2731 3455 3060 3525; x_wconf 76' lang='grc' dir='ltr'>ἐθεμελίωσέ</span> <span class='ocrx_word' id='word_1_632' title='bbox 3097 3471 3185 3525; x_wconf 88' lang='grc' dir='ltr'><strong>με,</strong></span> <span class='ocrx_word' id='word_1_633' title='bbox 3221 3471 3240 3504; x_wconf 77' lang='grc' dir='ltr'><strong>ι</strong></span> <span class='ocrx_word' id='word_1_634' title='bbox 3269 3455 3398 3524; x_wconf 74' lang='grc' dir='ltr'>περὶ</span> <span class='ocrx_word' id='word_1_635' title='bbox 3426 3454 3530 3524; x_wconf 77' lang='grc' dir='ltr'><strong>τῆς</strong></span> <span class='ocrx_word' id='word_1_636' title='bbox 3561 3452 3742 3525; x_wconf 88' lang='grc' dir='ltr'>σαρκώ</span> 
     </span>
    </p>
   </div>
   <div class='ocr_carea' id='block_1_74' title="bbox 2188 3543 3758 3618">
    <p class='ocr_par' dir='ltr' id='par_1_74' title="bbox 2188 3543 3758 3618">
     <span class='ocr_line' id='line_1_74' title="bbox 2188 3543 3758 3618; baseline 0 -19"><span class='ocrx_word' id='word_1_637' title='bbox 2188 3564 2324 3610; x_wconf 83' lang='grc' dir='ltr'>σεως</span> <span class='ocrx_word' id='word_1_638' title='bbox 2380 3547 2542 3600; x_wconf 79' lang='grc' dir='ltr'>αὑτοῦ</span> <span class='ocrx_word' id='word_1_639' title='bbox 2587 3549 2820 3618; x_wconf 71' lang='grc' dir='ltr'>εἴρηται,</span> <span class='ocrx_word' id='word_1_640' title='bbox 2867 3546 2960 3599; x_wconf 79' lang='grc' dir='ltr'><strong>τοῦ</strong></span> <span class='ocrx_word' id='word_1_641' title='bbox 3016 3545 3228 3617; x_wconf 79' lang='grc' dir='ltr'><strong>ἀληθῶς</strong></span> <span class='ocrx_word' id='word_1_642' title='bbox 3270 3543 3378 3616; x_wconf 90' lang='grc' dir='ltr'><strong>πρὸ</strong></span> <span class='ocrx_word' id='word_1_643' title='bbox 3403 3545 3513 3600; x_wconf 84' lang='grc' dir='ltr'>τῶν</span> <span class='ocrx_word' id='word_1_644' title='bbox 3563 3545 3758 3599; x_wconf 65' lang='grc' dir='ltr'>αἰώνωι</span> 
     </span>
    </p>
   </div>
   <div class='ocr_carea' id='block_1_75' title="bbox 2184 3639 3024 3712">
    <p class='ocr_par' dir='ltr' id='par_1_75' title="bbox 2184 3639 3024 3712">
     <span class='ocr_line' id='line_1_75' title="bbox 2184 3639 3024 3712; baseline 0 -20"><span class='ocrx_word' id='word_1_645' title='bbox 2184 3639 2674 3712; x_wconf 82' lang='grc' dir='ltr'>ἀποκεκρυμμένου</span> <span class='ocrx_word' id='word_1_646' title='bbox 2707 3640 3024 3710; x_wconf 85' lang='grc' dir='ltr'>μυστηρίου.</span> 
     </span>
    </p>
   </div>
   <div class='ocr_carea' id='block_1_76' title="bbox 513 3731 3757 3806">
    <p class='ocr_par' dir='ltr' id='par_1_76' title="bbox 513 3731 3757 3806">
     <span class='ocr_line' id='line_1_76' title="bbox 513 3731 3757 3806; baseline 0 -20"><span class='ocrx_word' id='word_1_647' title='bbox 513 3747 540 3786; x_wconf 67' lang='grc' dir='ltr'><strong>ι</strong></span> <span class='ocrx_word' id='word_1_648' title='bbox 578 3731 811 3789; x_wconf 80' lang='lat' dir='ltr'><strong>Vocabis</strong></span> <span class='ocrx_word' id='word_1_649' title='bbox 838 3749 1036 3790; x_wconf 84' lang='lat' dir='ltr'><strong>nomen</strong></span> <span class='ocrx_word' id='word_1_650' title='bbox 1067 3733 1184 3803; x_wconf 89' lang='lat' dir='ltr'><strong>ejus</strong></span> <span class='ocrx_word' id='word_1_651' title='bbox 1220 3732 1402 3789; x_wconf 80' lang='lat' dir='ltr'><strong>Jesum</strong></span> <span class='ocrx_word' id='word_1_652' title='bbox 1440 3735 1504 3789; x_wconf 75' lang='grc'><strong>’⁸.</strong></span> <span class='ocrx_word' id='word_1_653' title='bbox 1539 3756 1557 3786; x_wconf 74' lang='grc' dir='ltr'><strong><em>ο</em></strong></span> <span class='ocrx_word' id='word_1_654' title='bbox 1592 3733 1776 3806; x_wconf 89' lang='lat' dir='ltr'><strong>Itaque</strong></span> <span class='ocrx_word' id='word_1_655' title='bbox 1812 3736 1966 3802; x_wconf 90' lang='lat' dir='ltr'><strong>illud,</strong></span> <span class='ocrx_word' id='word_1_656' title='bbox 2012 3755 2029 3787; x_wconf 77' lang='grc' dir='ltr'><strong>ι</strong></span> <span class='ocrx_word' id='word_1_657' title='bbox 2073 3735 2337 3791; x_wconf 88' lang='lat' dir='ltr'><strong>Dominus</strong></span> <span class='ocrx_word' id='word_1_658' title='bbox 2371 3738 2578 3792; x_wconf 89' lang='lat' dir='ltr'><strong>creavit</strong></span> <span class='ocrx_word' id='word_1_659' title='bbox 2628 3751 2734 3801; x_wconf 90' lang='lat' dir='ltr'><strong>me,</strong></span> <span class='ocrx_word' id='word_1_660' title='bbox 2789 3755 2807 3788; x_wconf 76' lang='grc' dir='ltr'><strong>ι</strong></span> <span class='ocrx_word' id='word_1_661' title='bbox 2841 3744 2916 3802; x_wconf 88' lang='grc' dir='ltr'><strong>ει,</strong></span> <span class='ocrx_word' id='word_1_662' title='bbox 2958 3754 2977 3787; x_wconf 80' lang='grc' dir='ltr'><strong>ι</strong></span> <span class='ocrx_word' id='word_1_663' title='bbox 3022 3736 3160 3790; x_wconf 80' lang='lat' dir='ltr'><strong>Ante</strong></span> <span class='ocrx_word' id='word_1_664' title='bbox 3209 3735 3471 3792; x_wconf 72' lang='lat' dir='ltr'><strong>saeculum</strong></span> <span class='ocrx_word' id='word_1_665' title='bbox 3522 3733 3757 3789; x_wconf 87' lang='lat' dir='ltr'><strong>fundavit</strong></span> 
     </span>
    </p>
   </div>
   <div class='ocr_carea' id='block_1_77' title="bbox 511 3826 3294 3903">
    <p class='ocr_par' dir='ltr' id='par_1_77' title="bbox 511 3826 3294 3903">
     <span class='ocr_line' id='line_1_77' title="bbox 511 3826 3294 3903; baseline 0 -20"><span class='ocrx_word' id='word_1_666' title='bbox 511 3842 621 3894; x_wconf 87' lang='lat' dir='ltr'><strong>me,</strong></span> <span class='ocrx_word' id='word_1_667' title='bbox 663 3846 683 3878; x_wconf 75' lang='grc' dir='ltr'><strong>ι</strong></span> <span class='ocrx_word' id='word_1_668' title='bbox 710 3826 778 3882; x_wconf 89' lang='lat' dir='ltr'><strong>de</strong></span> <span class='ocrx_word' id='word_1_669' title='bbox 805 3826 977 3898; x_wconf 88' lang='lat' dir='ltr'><strong>ipsius</strong></span> <span class='ocrx_word' id='word_1_670' title='bbox 1011 3827 1380 3884; x_wconf 85' lang='lat' dir='ltr'><strong>incarnatione</strong></span> <span class='ocrx_word' id='word_1_671' title='bbox 1403 3827 1605 3884; x_wconf 90' lang='lat' dir='ltr'><strong>dictum</strong></span> <span class='ocrx_word' id='word_1_672' title='bbox 1635 3837 1748 3896; x_wconf 90' lang='grc' dir='ltr'><strong>εει,</strong></span> <span class='ocrx_word' id='word_1_673' title='bbox 1783 3829 2038 3903; x_wconf 78' lang='lat' dir='ltr'><strong>mysterio</strong></span> <span class='ocrx_word' id='word_1_674' title='bbox 2072 3830 2280 3887; x_wconf 88' lang='lat' dir='ltr'><strong>scilicet</strong></span> <span class='ocrx_word' id='word_1_675' title='bbox 2310 3830 2403 3885; x_wconf 93' lang='lat' dir='ltr'><strong>illo</strong></span> <span class='ocrx_word' id='word_1_676' title='bbox 2427 3845 2554 3886; x_wconf 90' lang='lat' dir='ltr'><strong>vere</strong></span> <span class='ocrx_word' id='word_1_677' title='bbox 2579 3836 2704 3885; x_wconf 90' lang='lat' dir='ltr'><strong>ante</strong></span> <span class='ocrx_word' id='word_1_678' title='bbox 2732 3831 2930 3886; x_wconf 87' lang='lat' dir='ltr'><strong>saecula</strong></span> <span class='ocrx_word' id='word_1_679' title='bbox 2955 3829 3294 3885; x_wconf 89' lang='lat' dir='ltr'><strong>abscondito.</strong></span> 
     </span>
    </p>
   </div>
   <div class='ocr_carea' id='block_1_78' title="bbox 581 3961 2079 4038">
    <p class='ocr_par' dir='ltr' id='par_1_78' title="bbox 581 3961 2079 4038">
     <span class='ocr_line' id='line_1_78' title="bbox 581 3961 2079 4038; baseline 0.003 -20"><span class='ocrx_word' id='word_1_680' title='bbox 581 3964 670 4018; x_wconf 78' lang='grc'><strong>10.</strong></span> <span class='ocrx_word' id='word_1_681' title='bbox 704 3961 898 4018; x_wconf 86' lang='lat' dir='ltr'><strong>Anam.</strong></span> <span class='ocrx_word' id='word_1_682' title='bbox 939 3963 1045 4019; x_wconf 89' lang='lat' dir='ltr'><strong>Sed</strong></span> <span class='ocrx_word' id='word_1_683' title='bbox 1083 3965 1354 4034; x_wconf 90' lang='lat' dir='ltr'><strong>quomodo</strong></span> <span class='ocrx_word' id='word_1_684' title='bbox 1396 3975 1576 4035; x_wconf 89' lang='lat' dir='ltr'><strong>potest</strong></span> <span class='ocrx_word' id='word_1_685' title='bbox 1619 3969 1694 4020; x_wconf 88' lang='lat' dir='ltr'><strong>ita</strong></span> <span class='ocrx_word' id='word_1_686' title='bbox 1731 3969 1984 4038; x_wconf 82' lang='lat' dir='ltr'><strong>genuisse</strong></span> <span class='ocrx_word' id='word_1_687' title='bbox 2012 3984 2079 4023; x_wconf 79' lang='lat' dir='ltr'><strong>ex</strong></span> 
     </span>
    </p>
   </div>
   <div class='ocr_carea' id='block_1_79' title="bbox 513 4052 2076 4127">
    <p class='ocr_par' dir='ltr' id='par_1_79' title="bbox 513 4052 2076 4127">
     <span class='ocr_line' id='line_1_79' title="bbox 513 4052 2076 4127; baseline 0.004 -21"><span class='ocrx_word' id='word_1_688' title='bbox 513 4067 613 4106; x_wconf 82' lang='lat' dir='ltr'><strong>sua</strong></span> <span class='ocrx_word' id='word_1_689' title='bbox 641 4053 815 4120; x_wconf 81' lang='lat' dir='ltr'><strong>ipsius</strong></span> <span class='ocrx_word' id='word_1_690' title='bbox 852 4052 1153 4122; x_wconf 87' lang='lat' dir='ltr'><strong>hypostasi,</strong></span> <span class='ocrx_word' id='word_1_691' title='bbox 1188 4065 1245 4108; x_wconf 90' lang='lat' dir='ltr'><strong>ut</strong></span> <span class='ocrx_word' id='word_1_692' title='bbox 1288 4056 1421 4111; x_wconf 88' lang='lat' dir='ltr'><strong>nihil</strong></span> <span class='ocrx_word' id='word_1_693' title='bbox 1465 4058 1536 4111; x_wconf 88' lang='lat' dir='ltr'><strong>sit</strong></span> <span class='ocrx_word' id='word_1_694' title='bbox 1566 4059 1898 4127; x_wconf 87' lang='lat' dir='ltr'><strong>perpessus?</strong></span> <span class='ocrx_word' id='word_1_695' title='bbox 1924 4058 2076 4113; x_wconf 82' lang='lat' dir='ltr'><strong>Orth.</strong></span> 
     </span>
    </p>
   </div>
   <div class='ocr_carea' id='block_1_80' title="bbox 512 4139 2080 4219">
    <p class='ocr_par' dir='ltr' id='par_1_80' title="bbox 512 4139 2080 4219">
     <span class='ocr_line' id='line_1_80' title="bbox 512 4139 2080 4219; baseline 0.006 -27"><span class='ocrx_word' id='word_1_696' title='bbox 512 4139 670 4205; x_wconf 91' lang='lat' dir='ltr'><strong>Illud,</strong></span> <span class='ocrx_word' id='word_1_697' title='bbox 700 4139 962 4209; x_wconf 86' lang='lat' dir='ltr'><strong>quomoda</strong></span> <span class='ocrx_word' id='word_1_698' title='bbox 996 4151 1183 4209; x_wconf 79' lang='lat' dir='ltr'><strong>potest,</strong></span> <span class='ocrx_word' id='word_1_699' title='bbox 1210 4160 1278 4199; x_wconf 90' lang='lat' dir='ltr'><strong>ne</strong></span> <span class='ocrx_word' id='word_1_700' title='bbox 1311 4146 1574 4219; x_wconf 83' lang='lat' dir='ltr'><strong>investiga</strong></span> <span class='ocrx_word' id='word_1_701' title='bbox 1605 4148 1777 4204; x_wconf 90' lang='lat' dir='ltr'><strong>:illud</strong></span> <span class='ocrx_word' id='word_1_702' title='bbox 1809 4165 1938 4205; x_wconf 87' lang='lat' dir='ltr'><strong>vero</strong></span> <span class='ocrx_word' id='word_1_703' title='bbox 1960 4191 1975 4211; x_wconf 87' lang='lat'><strong>,</strong></span> <span class='ocrx_word' id='word_1_704' title='bbox 2016 4164 2080 4203; x_wconf 77' lang='lat' dir='ltr'><strong>ea:</strong></span> 
     </span>
    </p>
   </div>
   <div class='ocr_carea' id='block_1_81' title="bbox 509 4230 2081 4309">
    <p class='ocr_par' dir='ltr' id='par_1_81' title="bbox 509 4230 2081 4309">
     <span class='ocr_line' id='line_1_81' title="bbox 509 4230 2081 4309; baseline 0.008 -26"><span class='ocrx_word' id='word_1_705' title='bbox 509 4230 806 4300; x_wconf 75' lang='lat' dir='ltr'><strong>hypostasi,</strong></span> <span class='ocrx_word' id='word_1_706' title='bbox 839 4246 869 4285; x_wconf 90' lang='lat' dir='ltr'><strong>a</strong></span> <span class='ocrx_word' id='word_1_707' title='bbox 897 4233 1052 4288; x_wconf 89' lang='lat' dir='ltr'><strong>nobis</strong></span> <span class='ocrx_word' id='word_1_708' title='bbox 1093 4243 1371 4292; x_wconf 90' lang='lat' dir='ltr'><strong>ostensum</strong></span> <span class='ocrx_word' id='word_1_709' title='bbox 1416 4248 1521 4298; x_wconf 87' lang='lat' dir='ltr'><strong>est.</strong></span> <span class='ocrx_word' id='word_1_710' title='bbox 1569 4242 1759 4296; x_wconf 88' lang='lat' dir='ltr'><strong>Anam.</strong></span> <span class='ocrx_word' id='word_1_711' title='bbox 1800 4242 2081 4309; x_wconf 84' lang='lat' dir='ltr'><strong>Quomodo</strong></span> 
     </span>
    </p>
   </div>
   <div class='ocr_carea' id='block_1_82' title="bbox 511 4323 2080 4403">
    <p class='ocr_par' dir='ltr' id='par_1_82' title="bbox 511 4323 2080 4403">
     <span class='ocr_line' id='line_1_82' title="bbox 511 4323 2080 4403; baseline 0.006 -27"><span class='ocrx_word' id='word_1_712' title='bbox 511 4331 795 4379; x_wconf 88' lang='lat' dir='ltr'><strong>ostensum</strong></span> <span class='ocrx_word' id='word_1_713' title='bbox 819 4323 941 4379; x_wconf 84' lang='lat' dir='ltr'><strong>est?</strong></span> <span class='ocrx_word' id='word_1_714' title='bbox 971 4323 1122 4379; x_wconf 85' lang='lat' dir='ltr'><strong>Orth.</strong></span> <span class='ocrx_word' id='word_1_715' title='bbox 1145 4326 1435 4386; x_wconf 84' lang='lat' dir='ltr'><strong>Ostensum</strong></span> <span class='ocrx_word' id='word_1_716' title='bbox 1458 4341 1542 4387; x_wconf 89' lang='lat' dir='ltr'><strong>est</strong></span> <span class='ocrx_word' id='word_1_717' title='bbox 1554 4341 1662 4388; x_wconf 78' lang='lat' dir='ltr'><strong>nan</strong></span> <span class='ocrx_word' id='word_1_718' title='bbox 1687 4348 1807 4389; x_wconf 86' lang='lat' dir='ltr'><strong>esse</strong></span> <span class='ocrx_word' id='word_1_719' title='bbox 1824 4333 2080 4403; x_wconf 89' lang='lat' dir='ltr'><strong>quiddam</strong></span> 
     </span>
    </p>
   </div>
   <div class='ocr_carea' id='block_1_83' title="bbox 513 4413 2084 4490">
    <p class='ocr_par' dir='ltr' id='par_1_83' title="bbox 513 4413 2084 4490">
     <span class='ocr_line' id='line_1_83' title="bbox 513 4413 2084 4490; baseline 0.006 -23"><span class='ocrx_word' id='word_1_720' title='bbox 513 4423 776 4468; x_wconf 87' lang='lat' dir='ltr'><strong>creatum.</strong></span> <span class='ocrx_word' id='word_1_721' title='bbox 818 4413 975 4480; x_wconf 88' lang='lat' dir='ltr'><strong>Quod</strong></span> <span class='ocrx_word' id='word_1_722' title='bbox 1011 4425 1190 4471; x_wconf 90' lang='lat' dir='ltr'><strong>autem</strong></span> <span class='ocrx_word' id='word_1_723' title='bbox 1223 4435 1330 4474; x_wconf 89' lang='lat' dir='ltr'><strong>non</strong></span> <span class='ocrx_word' id='word_1_724' title='bbox 1364 4430 1446 4476; x_wconf 88' lang='lat' dir='ltr'><strong>est</strong></span> <span class='ocrx_word' id='word_1_725' title='bbox 1473 4434 1738 4490; x_wconf 80' lang='lat' dir='ltr'><strong>creatum,-</strong></span> <span class='ocrx_word' id='word_1_726' title='bbox 1771 4431 1866 4477; x_wconf 90' lang='lat' dir='ltr'><strong>aut</strong></span> <span class='ocrx_word' id='word_1_727' title='bbox 1889 4432 1972 4478; x_wconf 88' lang='lat' dir='ltr'><strong>est</strong></span> <span class='ocrx_word' id='word_1_728' title='bbox 2001 4424 2084 4476; x_wconf 84' lang='lat' dir='ltr'><strong>in-</strong></span> 
     </span>
    </p>
   </div>
   <div class='ocr_carea' id='block_1_84' title="bbox 2256 3965 3757 4038">
    <p class='ocr_par' dir='ltr' id='par_1_84' title="bbox 2256 3965 3757 4038">
     <span class='ocr_line' id='line_1_84' title="bbox 2256 3965 3757 4038; baseline -0.003 -16"><span class='ocrx_word' id='word_1_729' title='bbox 2256 3967 2344 4021; x_wconf 84' lang='grc'><strong>10.</strong></span> <span class='ocrx_word' id='word_1_730' title='bbox 2385 3967 2582 4038; x_wconf 75' lang='grc' dir='ltr'><strong>Ἀνόμ.</strong></span> <span class='ocrx_word' id='word_1_731' title='bbox 2612 3969 2723 4021; x_wconf 86' lang='lat' dir='ltr'><strong>Kal</strong></span> <span class='ocrx_word' id='word_1_732' title='bbox 2752 3969 2868 4031; x_wconf 81' lang='grc' dir='ltr'><strong>πῶς</strong></span> <span class='ocrx_word' id='word_1_733' title='bbox 2887 3967 3108 4020; x_wconf 83' lang='grc' dir='ltr'>δύναται</span> <span class='ocrx_word' id='word_1_734' title='bbox 3136 3966 3390 4036; x_wconf 84' lang='grc' dir='ltr'>γεννῆσαι</span> <span class='ocrx_word' id='word_1_735' title='bbox 3417 3967 3484 4018; x_wconf 76' lang='grc' dir='ltr'>ἐκ</span> <span class='ocrx_word' id='word_1_736' title='bbox 3510 3965 3612 4035; x_wconf 85' lang='grc' dir='ltr'><strong>τῆς</strong></span> <span class='ocrx_word' id='word_1_737' title='bbox 3640 3967 3757 4018; x_wconf 77' lang='grc' dir='ltr'>ὐπο-</span> 
     </span>
    </p>
   </div>
   <div class='ocr_carea' id='block_1_85' title="bbox 2187 4056 3761 4129">
    <p class='ocr_par' dir='ltr' id='par_1_85' title="bbox 2187 4056 3761 4129">
     <span class='ocr_line' id='line_1_85' title="bbox 2187 4056 3761 4129; baseline -0.004 -15"><span class='ocrx_word' id='word_1_738' title='bbox 2187 4060 2426 4124; x_wconf 82' lang='grc' dir='ltr'>στὰσεως</span> <span class='ocrx_word' id='word_1_739' title='bbox 2445 4059 2632 4121; x_wconf 68' lang='grc' dir='ltr'><strong>αὑτοῦ,</strong></span> <span class='ocrx_word' id='word_1_740' title='bbox 2657 4059 2750 4112; x_wconf 77' lang='grc' dir='ltr'><strong>καὶ</strong></span> <span class='ocrx_word' id='word_1_741' title='bbox 2776 4059 2848 4129; x_wconf 81' lang='grc' dir='ltr'>μὴ</span> <span class='ocrx_word' id='word_1_742' title='bbox 2867 4059 3055 4110; x_wconf 82' lang='grc' dir='ltr'>παθεῖν</span> <span class='ocrx_word' id='word_1_743' title='bbox 3081 4076 3094 4121; x_wconf 89' lang='grc'>;</span> <span class='ocrx_word' id='word_1_744' title='bbox 3122 4059 3278 4125; x_wconf 79' lang='grc' dir='ltr'><strong>Ὀρθ.</strong></span> <span class='ocrx_word' id='word_1_745' title='bbox 3313 4057 3408 4120; x_wconf 88' lang='grc' dir='ltr'>Τὸ,</span> <span class='ocrx_word' id='word_1_746' title='bbox 3441 4057 3572 4122; x_wconf 82' lang='grc' dir='ltr'><strong>πῶς</strong></span> <span class='ocrx_word' id='word_1_747' title='bbox 3585 4056 3761 4110; x_wconf 57' lang='lat' dir='ltr'><strong>eam.</strong></span> 
     </span>
    </p>
   </div>
   <div class='ocr_carea' id='block_1_86' title="bbox 2187 4146 3757 4223">
    <p class='ocr_par' dir='ltr' id='par_1_86' title="bbox 2187 4146 3757 4223">
     <span class='ocr_line' id='line_1_86' title="bbox 2187 4146 3757 4223; baseline -0.004 -18"><span class='ocrx_word' id='word_1_748' title='bbox 2187 4170 2301 4214; x_wconf 83' lang='grc' dir='ltr'><strong>ται,</strong></span> <span class='ocrx_word' id='word_1_749' title='bbox 2329 4152 2402 4223; x_wconf 83' lang='grc' dir='ltr'>μὴ</span> <span class='ocrx_word' id='word_1_750' title='bbox 2425 4150 2665 4217; x_wconf 68' lang='grc' dir='ltr'><strong>ἐξέταζε*</strong></span> <span class='ocrx_word' id='word_1_751' title='bbox 2684 4150 2830 4213; x_wconf 79' lang='grc' dir='ltr'><strong>τὸδὲ,</strong></span> <span class='ocrx_word' id='word_1_752' title='bbox 2848 4149 2914 4202; x_wconf 82' lang='grc' dir='ltr'>ἐκ</span> <span class='ocrx_word' id='word_1_753' title='bbox 2931 4147 3037 4216; x_wconf 82' lang='grc' dir='ltr'><strong>τῆς</strong></span> <span class='ocrx_word' id='word_1_754' title='bbox 3053 4146 3757 4213; x_wconf 75' lang='grc' dir='ltr'><strong>ὐποστάσεως,δέδεικται.</strong></span> 
     </span>
    </p>
   </div>
   <div class='ocr_carea' id='block_1_87' title="bbox 2189 4239 3761 4311">
    <p class='ocr_par' dir='ltr' id='par_1_87' title="bbox 2189 4239 3761 4311">
     <span class='ocr_line' id='line_1_87' title="bbox 2189 4239 3761 4311; baseline -0.006 -14"><span class='ocrx_word' id='word_1_755' title='bbox 2189 4245 2388 4311; x_wconf 75' lang='grc' dir='ltr'><strong>Ἀνόμ.</strong></span> <span class='ocrx_word' id='word_1_756' title='bbox 2434 4243 2561 4305; x_wconf 84' lang='grc' dir='ltr'>Πῶς</span> <span class='ocrx_word' id='word_1_757' title='bbox 2587 4240 2882 4304; x_wconf 86' lang='grc' dir='ltr'><strong>δέδεικται;</strong></span> <span class='ocrx_word' id='word_1_758' title='bbox 2923 4241 3074 4308; x_wconf 79' lang='grc' dir='ltr'><strong>Ὀρθ.</strong></span> <span class='ocrx_word' id='word_1_759' title='bbox 3110 4241 3230 4292; x_wconf 75' lang='grc' dir='ltr'><strong>Ὀτι</strong></span> <span class='ocrx_word' id='word_1_760' title='bbox 3256 4240 3357 4292; x_wconf 78' lang='grc' dir='ltr'><strong>οὐκ</strong></span> <span class='ocrx_word' id='word_1_761' title='bbox 3389 4239 3507 4291; x_wconf 79' lang='grc' dir='ltr'><strong>ἔστι</strong></span> <span class='ocrx_word' id='word_1_762' title='bbox 3537 4240 3761 4308; x_wconf 81' lang='grc' dir='ltr'>κτίσμα,</span> 
     </span>
    </p>
   </div>
   <div class='ocr_carea' id='block_1_88' title="bbox 2186 4329 3762 4402">
    <p class='ocr_par' dir='ltr' id='par_1_88' title="bbox 2186 4329 3762 4402">
     <span class='ocr_line' id='line_1_88' title="bbox 2186 4329 3762 4402; baseline -0.004 -14"><span class='ocrx_word' id='word_1_763' title='bbox 2186 4335 2470 4388; x_wconf 80' lang='grc' dir='ltr'><strong>δέδεικται.</strong></span> <span class='ocrx_word' id='word_1_764' title='bbox 2500 4333 2572 4385; x_wconf 89' lang='grc' dir='ltr'><strong>Τὸ</strong></span> <span class='ocrx_word' id='word_1_765' title='bbox 2602 4333 2658 4384; x_wconf 87' lang='grc' dir='ltr'><strong>δὲ</strong></span> <span class='ocrx_word' id='word_1_766' title='bbox 2687 4332 2762 4402; x_wconf 85' lang='grc' dir='ltr'>μὴ</span> <span class='ocrx_word' id='word_1_767' title='bbox 2790 4333 2848 4387; x_wconf 82' lang='grc' dir='ltr'>ὂν</span> <span class='ocrx_word' id='word_1_768' title='bbox 2877 4333 3100 4401; x_wconf 79' lang='grc' dir='ltr'>κτίσμα,</span> <span class='ocrx_word' id='word_1_769' title='bbox 3129 4331 3160 4401; x_wconf 85' lang='grc' dir='ltr'>ἢ</span> <span class='ocrx_word' id='word_1_770' title='bbox 3203 4331 3500 4401; x_wconf 72' lang='grc' dir='ltr'>ἀγέννητον</span> <span class='ocrx_word' id='word_1_771' title='bbox 3535 4333 3704 4391; x_wconf 77' lang='grc' dir='ltr'><strong>ἐστιν,</strong></span> <span class='ocrx_word' id='word_1_772' title='bbox 3733 4329 3762 4380; x_wconf 75' lang='grc' dir='ltr'><strong>ἢ</strong></span> 
     </span>
    </p>
   </div>
   <div class='ocr_carea' id='block_1_89' title="bbox 2187 4417 3762 4492">
    <p class='ocr_par' dir='ltr' id='par_1_89' title="bbox 2187 4417 3762 4492">
     <span class='ocr_line' id='line_1_89' title="bbox 2187 4417 3762 4492; baseline -0.003 -17"><span class='ocrx_word' id='word_1_773' title='bbox 2187 4423 2462 4492; x_wconf 86' lang='grc' dir='ltr'>γεννητὸν,</span> <span class='ocrx_word' id='word_1_774' title='bbox 2492 4422 2525 4492; x_wconf 85' lang='grc' dir='ltr'>ἢ</span> <span class='ocrx_word' id='word_1_775' title='bbox 2558 4423 2884 4492; x_wconf 82' lang='grc' dir='ltr'>ὲκπορευτὸν</span> <span class='ocrx_word' id='word_1_776' title='bbox 2914 4421 2988 4483; x_wconf 86' lang='grc' dir='ltr'><strong>ὼς</strong></span> <span class='ocrx_word' id='word_1_777' title='bbox 3021 4420 3077 4485; x_wconf 75' lang='grc' dir='ltr'><strong>ἐξ</strong></span> <span class='ocrx_word' id='word_1_778' title='bbox 3117 4419 3309 4472; x_wconf 79' lang='grc' dir='ltr'>αἰτίου.</span> <span class='ocrx_word' id='word_1_779' title='bbox 3342 4420 3669 4490; x_wconf 78' lang='grc' dir='ltr'>Ἀγέννητος</span> <span class='ocrx_word' id='word_1_780' title='bbox 3711 4417 3762 4470; x_wconf 80' lang='grc' dir='ltr'><strong>δὲ</strong></span> 
     </span>
    </p>
   </div>
   <div class='ocr_carea' id='block_1_90' title="bbox 511 4496 2087 4582">
    <p class='ocr_par' dir='ltr' id='par_1_90' title="bbox 511 4496 2077 4580">
     <span class='ocr_line' id='line_1_90' title="bbox 511 4496 2077 4580; baseline 0.005 -20"><span class='ocrx_word' id='word_1_781' title='bbox 511 4506 753 4576; x_wconf 88' lang='lat' dir='ltr'><strong>genitum</strong></span> <span class='ocrx_word' id='word_1_782' title='bbox 780 4517 873 4561; x_wconf 91' lang='lat' dir='ltr'><strong>aut</strong></span> <span class='ocrx_word' id='word_1_783' title='bbox 898 4509 1157 4577; x_wconf 86' lang='lat' dir='ltr'><strong>genitum,</strong></span> <span class='ocrx_word' id='word_1_784' title='bbox 1189 4518 1281 4563; x_wconf 86' lang='lat' dir='ltr'><strong>aut</strong></span> <span class='ocrx_word' id='word_1_785' title='bbox 1324 4513 1624 4580; x_wconf 87' lang='lat' dir='ltr'><strong>procedens</strong></span> <span class='ocrx_word' id='word_1_786' title='bbox 1657 4520 1716 4565; x_wconf 92' lang='lat' dir='ltr'><strong>ut</strong></span> <span class='ocrx_word' id='word_1_787' title='bbox 1755 4529 1823 4568; x_wconf 79' lang='lat' dir='ltr'><strong>ex</strong></span> <span class='ocrx_word' id='word_1_788' title='bbox 1855 4496 2077 4568; x_wconf 84' lang='lat' dir='ltr'><strong>auctore</strong></span> 
     </span>
    </p>
   </div>
   <div class='ocr_carea' id='block_1_91' title="bbox 2192 4496 3760 4582">
    <p class='ocr_par' dir='ltr' id='par_1_91' title="bbox 2192 4507 3760 4582">
     <span class='ocr_line' id='line_1_91' title="bbox 2192 4507 3760 4582; baseline -0.004 -14"><span class='ocrx_word' id='word_1_789' title='bbox 2192 4517 2278 4569; x_wconf 83' lang='grc' dir='ltr'>&gt;ὐκ</span> <span class='ocrx_word' id='word_1_790' title='bbox 2310 4514 2473 4577; x_wconf 73' lang='grc' dir='ltr'><strong>ἔστιν,</strong></span> <span class='ocrx_word' id='word_1_791' title='bbox 2494 4514 2622 4576; x_wconf 89' lang='grc' dir='ltr'>Υίὸς</span> <span class='ocrx_word' id='word_1_792' title='bbox 2643 4513 2717 4566; x_wconf 82' lang='grc' dir='ltr'><strong>ὢν</strong></span> <span class='ocrx_word' id='word_1_793' title='bbox 2733 4512 3004 4582; x_wconf 64' lang='grc' dir='ltr'>γεννητὸς</span> <span class='ocrx_word' id='word_1_794' title='bbox 3023 4512 3128 4580; x_wconf 76' lang='grc' dir='ltr'>ἄρα</span> <span class='ocrx_word' id='word_1_795' title='bbox 3149 4507 3241 4564; x_wconf 77' lang='grc' dir='ltr'>οὖν</span> <span class='ocrx_word' id='word_1_796' title='bbox 3263 4511 3602 4582; x_wconf 80' lang='grc' dir='ltr'><strong>ἐκ(61⁶)τῆς</strong></span> <span class='ocrx_word' id='word_1_797' title='bbox 3633 4512 3760 4563; x_wconf 78' lang='grc' dir='ltr'>ὐπο-</span> 
     </span>
    </p>
   </div>
   <div class='ocr_carea' id='block_1_92' title="bbox 511 4595 2080 4671">
    <p class='ocr_par' dir='ltr' id='par_1_92' title="bbox 511 4595 2080 4671">
     <span class='ocr_line' id='line_1_92' title="bbox 511 4595 2080 4671; baseline 0.004 -22"><span class='ocrx_word' id='word_1_798' title='bbox 511 4597 624 4650; x_wconf 88' lang='lat' dir='ltr'><strong>sive</strong></span> <span class='ocrx_word' id='word_1_799' title='bbox 646 4610 834 4651; x_wconf 89' lang='lat' dir='ltr'><strong>causa.</strong></span> <span class='ocrx_word' id='word_1_800' title='bbox 859 4595 978 4650; x_wconf 70' lang='lat' dir='ltr'><strong>Non</strong></span> <span class='ocrx_word' id='word_1_801' title='bbox 1004 4607 1088 4652; x_wconf 82' lang='lat' dir='ltr'><strong>est</strong></span> <span class='ocrx_word' id='word_1_802' title='bbox 1116 4607 1296 4652; x_wconf 91' lang='lat' dir='ltr'><strong>autem</strong></span> <span class='ocrx_word' id='word_1_803' title='bbox 1324 4601 1597 4671; x_wconf 85' lang='lat' dir='ltr'><strong>ingenitus</strong></span> <span class='ocrx_word' id='word_1_804' title='bbox 1614 4644 1628 4667; x_wconf 94' lang='lat'><strong>,</strong></span> <span class='ocrx_word' id='word_1_805' title='bbox 1652 4615 1777 4656; x_wconf 91' lang='lat' dir='ltr'><strong>cum</strong></span> <span class='ocrx_word' id='word_1_806' title='bbox 1817 4602 1889 4657; x_wconf 89' lang='lat' dir='ltr'><strong>sit</strong></span> <span class='ocrx_word' id='word_1_807' title='bbox 1911 4601 2080 4655; x_wconf 88' lang='lat' dir='ltr'><strong>Filius</strong></span> 
     </span>
    </p>
   </div>
   <div class='ocr_carea' id='block_1_93' title="bbox 512 4687 2082 4762">
    <p class='ocr_par' dir='ltr' id='par_1_93' title="bbox 512 4687 2082 4762">
     <span class='ocr_line' id='line_1_93' title="bbox 512 4687 2082 4762; baseline 0.004 -23"><span class='ocrx_word' id='word_1_808' title='bbox 512 4687 726 4755; x_wconf 83' lang='lat' dir='ltr'><strong>genitus</strong></span> <span class='ocrx_word' id='word_1_809' title='bbox 756 4704 770 4741; x_wconf 91' lang='lat'><strong>:</strong></span> <span class='ocrx_word' id='word_1_810' title='bbox 802 4700 930 4754; x_wconf 82' lang='lat' dir='ltr'><strong>ergo</strong></span> <span class='ocrx_word' id='word_1_811' title='bbox 961 4693 1044 4741; x_wconf 85' lang='lat' dir='ltr'><strong>est</strong></span> <span class='ocrx_word' id='word_1_812' title='bbox 1063 4702 1129 4741; x_wconf 83' lang='lat' dir='ltr'><strong>ex</strong></span> <span class='ocrx_word' id='word_1_813' title='bbox 1169 4688 1470 4759; x_wconf 79' lang='lat' dir='ltr'><strong>ltypostasi.</strong></span> <span class='ocrx_word' id='word_1_814' title='bbox 1501 4691 1690 4745; x_wconf 81' lang='lat' dir='ltr'><strong>Anam.</strong></span> <span class='ocrx_word' id='word_1_815' title='bbox 1716 4689 1783 4744; x_wconf 89' lang='lat' dir='ltr'><strong>Et</strong></span> <span class='ocrx_word' id='word_1_816' title='bbox 1808 4692 2082 4762; x_wconf 91' lang='lat' dir='ltr'><strong>quomodo</strong></span> 
     </span>
    </p>
   </div>
   <div class='ocr_carea' id='block_1_94' title="bbox 510 4779 2080 4853">
    <p class='ocr_par' dir='ltr' id='par_1_94' title="bbox 510 4779 2080 4853">
     <span class='ocr_line' id='line_1_94' title="bbox 510 4779 2080 4853; baseline 0.004 -24"><span class='ocrx_word' id='word_1_817' title='bbox 510 4784 687 4846; x_wconf 89' lang='lat' dir='ltr'><strong>potest</strong></span> <span class='ocrx_word' id='word_1_818' title='bbox 709 4793 830 4834; x_wconf 89' lang='lat' dir='ltr'><strong>esse</strong></span> <span class='ocrx_word' id='word_1_819' title='bbox 851 4793 917 4832; x_wconf 83' lang='lat' dir='ltr'><strong>ex</strong></span> <span class='ocrx_word' id='word_1_820' title='bbox 945 4779 1262 4849; x_wconf 86' lang='lat' dir='ltr'><strong>hypostasi?</strong></span> <span class='ocrx_word' id='word_1_821' title='bbox 1288 4780 1442 4835; x_wconf 88' lang='lat' dir='ltr'><strong>Orth.</strong></span> <span class='ocrx_word' id='word_1_822' title='bbox 1461 4781 1576 4838; x_wconf 89' lang='lat' dir='ltr'><strong>Nisi</strong></span> <span class='ocrx_word' id='word_1_823' title='bbox 1602 4783 1670 4838; x_wconf 92' lang='lat' dir='ltr'><strong>sit</strong></span> <span class='ocrx_word' id='word_1_824' title='bbox 1686 4797 1753 4838; x_wconf 82' lang='lat' dir='ltr'><strong>ex</strong></span> <span class='ocrx_word' id='word_1_825' title='bbox 1775 4783 2080 4853; x_wconf 88' lang='lat' dir='ltr'><strong>hypostasi,</strong></span> 
     </span>
    </p>
   </div>
   <div class='ocr_carea' id='block_1_95' title="bbox 510 4869 2085 4943">
    <p class='ocr_par' dir='ltr' id='par_1_95' title="bbox 510 4869 2085 4943">
     <span class='ocr_line' id='line_1_95' title="bbox 510 4869 2085 4943; baseline 0.005 -23"><span class='ocrx_word' id='word_1_826' title='bbox 510 4877 606 4920; x_wconf 89' lang='lat' dir='ltr'><strong>aut</strong></span> <span class='ocrx_word' id='word_1_827' title='bbox 631 4876 716 4923; x_wconf 89' lang='lat' dir='ltr'><strong>est</strong></span> <span class='ocrx_word' id='word_1_828' title='bbox 744 4879 984 4924; x_wconf 90' lang='lat' dir='ltr'><strong>creatum</strong></span> <span class='ocrx_word' id='word_1_829' title='bbox 1025 4869 1327 4940; x_wconf 91' lang='lat' dir='ltr'><strong>quidpiam,</strong></span> <span class='ocrx_word' id='word_1_830' title='bbox 1366 4885 1460 4926; x_wconf 87' lang='lat' dir='ltr'><strong>aut</strong></span> <span class='ocrx_word' id='word_1_831' title='bbox 1508 4875 1780 4943; x_wconf 82' lang='lat' dir='ltr'><strong>ingenitus</strong></span> <span class='ocrx_word' id='word_1_832' title='bbox 1813 4894 1825 4929; x_wconf 90' lang='lat'><strong>:</strong></span> <span class='ocrx_word' id='word_1_833' title='bbox 1863 4890 1970 4929; x_wconf 91' lang='lat' dir='ltr'><strong>non</strong></span> <span class='ocrx_word' id='word_1_834' title='bbox 2001 4884 2085 4930; x_wconf 90' lang='lat' dir='ltr'><strong>est</strong></span> 
     </span>
    </p>
   </div>
   <div class='ocr_carea' id='block_1_96' title="bbox 506 4956 2085 5030">
    <p class='ocr_par' dir='ltr' id='par_1_96' title="bbox 506 4956 2085 5030">
     <span class='ocr_line' id='line_1_96' title="bbox 506 4956 2085 5030; baseline 0.006 -19"><span class='ocrx_word' id='word_1_835' title='bbox 506 4956 672 5030; x_wconf 65' lang='grc'><strong>414</strong></span> <span class='ocrx_word' id='word_1_836' title='bbox 723 4968 904 5014; x_wconf 89' lang='lat' dir='ltr'><strong>autem</strong></span> <span class='ocrx_word' id='word_1_837' title='bbox 953 4961 1248 5030; x_wconf 86' lang='lat' dir='ltr'><strong>ingenitus,</strong></span> <span class='ocrx_word' id='word_1_838' title='bbox 1303 4977 1427 5017; x_wconf 90' lang='lat' dir='ltr'><strong>cum</strong></span> <span class='ocrx_word' id='word_1_839' title='bbox 1474 4963 1544 5018; x_wconf 91' lang='lat' dir='ltr'><strong>sit</strong></span> <span class='ocrx_word' id='word_1_840' title='bbox 1587 4965 1802 5020; x_wconf 89' lang='lat' dir='ltr'><strong>Filius:</strong></span> <span class='ocrx_word' id='word_1_841' title='bbox 1847 4982 1956 5020; x_wconf 88' lang='lat' dir='ltr'><strong>non</strong></span> <span class='ocrx_word' id='word_1_842' title='bbox 2002 4975 2085 5021; x_wconf 89' lang='lat' dir='ltr'><strong>est</strong></span> 
     </span>
    </p>
   </div>
   <div class='ocr_carea' id='block_1_97' title="bbox 509 5052 2081 5123">
    <p class='ocr_par' dir='ltr' id='par_1_97' title="bbox 509 5052 2081 5123">
     <span class='ocr_line' id='line_1_97' title="bbox 509 5052 2081 5123; baseline 0.006 -20"><span class='ocrx_word' id='word_1_843' title='bbox 509 5060 752 5105; x_wconf 85' lang='lat' dir='ltr'><strong>creatum</strong></span> <span class='ocrx_word' id='word_1_844' title='bbox 780 5052 1102 5123; x_wconf 85' lang='lat' dir='ltr'><strong>quidpiam:</strong></span> <span class='ocrx_word' id='word_1_845' title='bbox 1152 5070 1255 5108; x_wconf 90' lang='lat' dir='ltr'><strong>nec</strong></span> <span class='ocrx_word' id='word_1_846' title='bbox 1289 5056 1434 5110; x_wconf 91' lang='lat' dir='ltr'><strong>enim</strong></span> <span class='ocrx_word' id='word_1_847' title='bbox 1484 5057 1763 5110; x_wconf 88' lang='lat' dir='ltr'><strong>mandavit</strong></span> <span class='ocrx_word' id='word_1_848' title='bbox 1803 5066 1857 5112; x_wconf 90' lang='lat' dir='ltr'><strong>et</strong></span> <span class='ocrx_word' id='word_1_849' title='bbox 1902 5057 2081 5112; x_wconf 89' lang='lat' dir='ltr'><strong>factus</strong></span> 
     </span>
    </p>
   </div>
   <div class='ocr_carea' id='block_1_98' title="bbox 509 5141 2082 5218">
    <p class='ocr_par' dir='ltr' id='par_1_98' title="bbox 509 5141 2082 5218">
     <span class='ocr_line' id='line_1_98' title="bbox 509 5141 2082 5218; baseline 0.004 -24"><span class='ocrx_word' id='word_1_850' title='bbox 509 5148 630 5206; x_wconf 91' lang='lat' dir='ltr'><strong>est;</strong></span> <span class='ocrx_word' id='word_1_851' title='bbox 662 5141 758 5196; x_wconf 90' lang='lat' dir='ltr'><strong>sed</strong></span> <span class='ocrx_word' id='word_1_852' title='bbox 795 5158 862 5197; x_wconf 77' lang='lat' dir='ltr'><strong>ex</strong></span> <span class='ocrx_word' id='word_1_853' title='bbox 891 5153 1046 5197; x_wconf 89' lang='lat' dir='ltr'><strong>utero</strong></span> <span class='ocrx_word' id='word_1_854' title='bbox 1073 5144 1253 5213; x_wconf 90' lang='lat' dir='ltr'><strong>ipsum</strong></span> <span class='ocrx_word' id='word_1_855' title='bbox 1293 5145 1480 5214; x_wconf 80' lang='lat' dir='ltr'><strong>genuit</strong></span> <span class='ocrx_word' id='word_1_856' title='bbox 1511 5163 1524 5200; x_wconf 90' lang='lat'><strong>:</strong></span> <span class='ocrx_word' id='word_1_857' title='bbox 1559 5153 1642 5201; x_wconf 88' lang='lat' dir='ltr'><strong>est</strong></span> <span class='ocrx_word' id='word_1_858' title='bbox 1680 5147 1845 5217; x_wconf 87' lang='lat' dir='ltr'><strong>igitur</strong></span> <span class='ocrx_word' id='word_1_859' title='bbox 1875 5163 1941 5202; x_wconf 84' lang='lat' dir='ltr'><strong>ex</strong></span> <span class='ocrx_word' id='word_1_860' title='bbox 1984 5147 2082 5218; x_wconf 82' lang='lat' dir='ltr'><strong>hy-</strong></span> 
     </span>
    </p>
   </div>
   <div class='ocr_carea' id='block_1_99' title="bbox 509 5233 2082 5308">
    <p class='ocr_par' dir='ltr' id='par_1_99' title="bbox 509 5233 2082 5308">
     <span class='ocr_line' id='line_1_99' title="bbox 509 5233 2082 5308; baseline 0.004 -22"><span class='ocrx_word' id='word_1_861' title='bbox 509 5233 745 5299; x_wconf 87' lang='lat' dir='ltr'><strong>postasi,</strong></span> <span class='ocrx_word' id='word_1_862' title='bbox 784 5250 895 5290; x_wconf 88' lang='lat' dir='ltr'><strong>non</strong></span> <span class='ocrx_word' id='word_1_863' title='bbox 936 5247 1114 5290; x_wconf 90' lang='lat' dir='ltr'><strong>autem</strong></span> <span class='ocrx_word' id='word_1_864' title='bbox 1163 5251 1230 5291; x_wconf 79' lang='lat' dir='ltr'><strong>ex</strong></span> <span class='ocrx_word' id='word_1_865' title='bbox 1271 5236 1466 5304; x_wconf 89' lang='lat' dir='ltr'><strong>nihilo,</strong></span> <span class='ocrx_word' id='word_1_866' title='bbox 1515 5237 1660 5293; x_wconf 86' lang='lat' dir='ltr'><strong>sicut</strong></span> <span class='ocrx_word' id='word_1_867' title='bbox 1703 5254 1766 5293; x_wconf 85' lang='lat' dir='ltr'><strong>ea</strong></span> <span class='ocrx_word' id='word_1_868' title='bbox 1809 5255 1932 5308; x_wconf 70' lang='lat' dir='ltr'><strong>quae</strong></span> <span class='ocrx_word' id='word_1_869' title='bbox 1985 5255 2082 5308; x_wconf 89' lang='lat' dir='ltr'><strong>per</strong></span> 
     </span>
    </p>
   </div>
   <div class='ocr_carea' id='block_1_100' title="bbox 509 5325 2083 5401">
    <p class='ocr_par' dir='ltr' id='par_1_100' title="bbox 509 5325 2083 5401">
     <span class='ocr_line' id='line_1_100' title="bbox 509 5325 2083 5401; baseline 0.006 -25"><span class='ocrx_word' id='word_1_870' title='bbox 509 5325 827 5379; x_wconf 86' lang='lat' dir='ltr'><strong>mandatum</strong></span> <span class='ocrx_word' id='word_1_871' title='bbox 865 5328 1211 5382; x_wconf 81' lang='lat' dir='ltr'><strong>exstiterunt.</strong></span> <span class='ocrx_word' id='word_1_872' title='bbox 1248 5325 1438 5382; x_wconf 87' lang='lat' dir='ltr'><strong>Anam.</strong></span> <span class='ocrx_word' id='word_1_873' title='bbox 1483 5330 1725 5384; x_wconf 81' lang='lat' dir='ltr'><strong>Rursum</strong></span> <span class='ocrx_word' id='word_1_874' title='bbox 1764 5331 1930 5401; x_wconf 87' lang='lat' dir='ltr'><strong>igitur</strong></span> <span class='ocrx_word' id='word_1_875' title='bbox 1960 5341 2083 5386; x_wconf 90' lang='lat' dir='ltr'><strong>ute-</strong></span> 
     </span>
    </p>
   </div>
   <div class='ocr_carea' id='block_1_101' title="bbox 581 5497 1784 5569">
    <p class='ocr_par' dir='ltr' id='par_1_101' title="bbox 581 5497 1784 5569">
     <span class='ocr_line' id='line_1_101' title="bbox 581 5497 1784 5569; baseline 0.009 -19"><span class='ocrx_word' id='word_1_876' title='bbox 581 5497 627 5528; x_wconf 83' lang='grc'><strong>⁹¹</strong></span> <span class='ocrx_word' id='word_1_877' title='bbox 664 5497 807 5569; x_wconf 82' lang='lat' dir='ltr'><strong>Psal.</strong></span> <span class='ocrx_word' id='word_1_878' title='bbox 843 5516 969 5566; x_wconf 77' lang='lat' dir='ltr'><strong>XXI,</strong></span> <span class='ocrx_word' id='word_1_879' title='bbox 1018 5501 1215 5569; x_wconf 87' lang='lat' dir='ltr'><strong>l7-l9;</strong></span> <span class='ocrx_word' id='word_1_880' title='bbox 1252 5503 1439 5557; x_wconf 84' lang='lat' dir='ltr'><strong>Matth.</strong></span> <span class='ocrx_word' id='word_1_881' title='bbox 1476 5520 1660 5568; x_wconf 77' lang='lat' dir='ltr'><strong>xxvii,</strong></span> <span class='ocrx_word' id='word_1_882' title='bbox 1693 5505 1784 5561; x_wconf 77' lang='grc'><strong>55.</strong></span> 
     </span>
    </p>
   </div>
   <div class='ocr_carea' id='block_1_102' title="bbox 2185 4594 3760 4676">
    <p class='ocr_par' dir='ltr' id='par_1_102' title="bbox 2185 4594 3760 4676">
     <span class='ocr_line' id='line_1_102' title="bbox 2185 4594 3760 4676; baseline -0.006 -19"><span class='ocrx_word' id='word_1_883' title='bbox 2185 4604 2423 4666; x_wconf 87' lang='grc' dir='ltr'>στάσεώς</span> <span class='ocrx_word' id='word_1_884' title='bbox 2452 4603 2562 4676; x_wconf 74' lang='lat'><strong>(6‘2)</strong></span> <span class='ocrx_word' id='word_1_885' title='bbox 2589 4605 2756 4656; x_wconf 80' lang='grc' dir='ltr'>ἐστιν.</span> <span class='ocrx_word' id='word_1_886' title='bbox 2799 4602 2993 4669; x_wconf 79' lang='grc' dir='ltr'><strong>Ἀνόμ.</strong></span> <span class='ocrx_word' id='word_1_887' title='bbox 3023 4601 3133 4653; x_wconf 85' lang='lat' dir='ltr'><strong>Kal</strong></span> <span class='ocrx_word' id='word_1_888' title='bbox 3155 4600 3269 4663; x_wconf 84' lang='grc' dir='ltr'>πῶς</span> <span class='ocrx_word' id='word_1_889' title='bbox 3294 4599 3520 4654; x_wconf 73' lang='grc' dir='ltr'>δύναται</span> <span class='ocrx_word' id='word_1_890' title='bbox 3546 4594 3684 4653; x_wconf 74' lang='grc' dir='ltr'>εἶναι</span> <span class='ocrx_word' id='word_1_891' title='bbox 3707 4600 3760 4648; x_wconf 74' lang='grc' dir='ltr'>ἐν</span> 
     </span>
    </p>
   </div>
   <div class='ocr_carea' id='block_1_103' title="bbox 2182 4689 3756 4767">
    <p class='ocr_par' dir='ltr' id='par_1_103' title="bbox 2182 4689 3756 4767">
     <span class='ocr_line' id='line_1_103' title="bbox 2182 4689 3756 4767; baseline -0.005 -17"><span class='ocrx_word' id='word_1_892' title='bbox 2182 4698 2279 4767; x_wconf 82' lang='grc' dir='ltr'><strong>τῆς</strong></span> <span class='ocrx_word' id='word_1_893' title='bbox 2310 4695 2691 4758; x_wconf 82' lang='grc' dir='ltr'>ὑποστάσεως;</span> <span class='ocrx_word' id='word_1_894' title='bbox 2744 4695 2896 4761; x_wconf 84' lang='grc' dir='ltr'><strong>Ὀρθ.</strong></span> <span class='ocrx_word' id='word_1_895' title='bbox 2931 4693 2993 4744; x_wconf 83' lang='grc' dir='ltr'>Εἰ</span> <span class='ocrx_word' id='word_1_896' title='bbox 3028 4691 3102 4762; x_wconf 87' lang='grc' dir='ltr'>μὴ</span> <span class='ocrx_word' id='word_1_897' title='bbox 3133 4691 3278 4743; x_wconf 65' lang='grc' dir='ltr'>ἔστιν</span> <span class='ocrx_word' id='word_1_898' title='bbox 3305 4693 3370 4744; x_wconf 77' lang='grc' dir='ltr'>ἐκ</span> <span class='ocrx_word' id='word_1_899' title='bbox 3395 4692 3497 4761; x_wconf 84' lang='grc' dir='ltr'><strong>τῆς</strong></span> <span class='ocrx_word' id='word_1_900' title='bbox 3530 4689 3756 4744; x_wconf 65' lang='lat' dir='ltr'><strong>amm-</strong></span> 
     </span>
    </p>
   </div>
   <div class='ocr_carea' id='block_1_104' title="bbox 2186 4783 3759 4859">
    <p class='ocr_par' dir='ltr' id='par_1_104' title="bbox 2186 4783 3759 4859">
     <span class='ocr_line' id='line_1_104' title="bbox 2186 4783 3759 4859; baseline -0.006 -18"><span class='ocrx_word' id='word_1_901' title='bbox 2186 4806 2340 4851; x_wconf 90' lang='grc' dir='ltr'>σεως,</span> <span class='ocrx_word' id='word_1_902' title='bbox 2363 4788 2394 4859; x_wconf 81' lang='grc' dir='ltr'>ἢ</span> <span class='ocrx_word' id='word_1_903' title='bbox 2419 4788 2623 4856; x_wconf 81' lang='grc' dir='ltr'>κτίσμα</span> <span class='ocrx_word' id='word_1_904' title='bbox 2649 4787 2814 4852; x_wconf 73' lang='grc' dir='ltr'>ἐστὶν,</span> <span class='ocrx_word' id='word_1_905' title='bbox 2839 4785 2872 4855; x_wconf 81' lang='grc' dir='ltr'>ἢ</span> <span class='ocrx_word' id='word_1_906' title='bbox 2902 4783 3218 4852; x_wconf 81' lang='grc' dir='ltr'>ἀγέννητος·</span> <span class='ocrx_word' id='word_1_907' title='bbox 3258 4783 3555 4854; x_wconf 82' lang='grc' dir='ltr'>ἀγέννητος</span> <span class='ocrx_word' id='word_1_908' title='bbox 3585 4783 3643 4836; x_wconf 79' lang='grc' dir='ltr'><strong>δὲ</strong></span> <span class='ocrx_word' id='word_1_909' title='bbox 3669 4783 3759 4833; x_wconf 69' lang='grc' dir='ltr'>οὑν</span> 
     </span>
    </p>
   </div>
   <div class='ocr_carea' id='block_1_105' title="bbox 2186 4873 3758 4947">
    <p class='ocr_par' dir='ltr' id='par_1_105' title="bbox 2186 4873 3758 4947">
     <span class='ocr_line' id='line_1_105' title="bbox 2186 4873 3758 4947; baseline -0.003 -16"><span class='ocrx_word' id='word_1_910' title='bbox 2186 4880 2349 4942; x_wconf 76' lang='grc' dir='ltr'>ἐστιν,</span> <span class='ocrx_word' id='word_1_911' title='bbox 2382 4878 2507 4942; x_wconf 86' lang='grc' dir='ltr'>Υἱὸς</span> <span class='ocrx_word' id='word_1_912' title='bbox 2537 4876 2628 4929; x_wconf 77' lang='grc' dir='ltr'><strong>ὤν’</strong></span> <span class='ocrx_word' id='word_1_913' title='bbox 2659 4878 2863 4947; x_wconf 87' lang='grc' dir='ltr'>κτίσμα</span> <span class='ocrx_word' id='word_1_914' title='bbox 2885 4876 2984 4928; x_wconf 83' lang='grc' dir='ltr'>οὐκ</span> <span class='ocrx_word' id='word_1_915' title='bbox 3005 4873 3150 4926; x_wconf 79' lang='grc' dir='ltr'>ἔστιν</span> <span class='ocrx_word' id='word_1_916' title='bbox 3171 4891 3186 4906; x_wconf 83' lang='grc'><em>’</em></span> <span class='ocrx_word' id='word_1_917' title='bbox 3211 4875 3271 4927; x_wconf 82' lang='grc' dir='ltr'>οὐ</span> <span class='ocrx_word' id='word_1_918' title='bbox 3302 4873 3413 4945; x_wconf 77' lang='grc' dir='ltr'><strong>γὰρ</strong></span> <span class='ocrx_word' id='word_1_919' title='bbox 3438 4874 3758 4931; x_wconf 79' lang='grc' dir='ltr'>ἐνετείλατο,</span> 
     </span>
    </p>
   </div>
   <div class='ocr_carea' id='block_1_106' title="bbox 2189 4965 3758 5038">
    <p class='ocr_par' dir='ltr' id='par_1_106' title="bbox 2189 4965 3758 5038">
     <span class='ocr_line' id='line_1_106' title="bbox 2189 4965 3758 5038; baseline -0.006 -15"><span class='ocrx_word' id='word_1_920' title='bbox 2189 4971 2281 5023; x_wconf 75' lang='grc' dir='ltr'><strong>καὶ</strong></span> <span class='ocrx_word' id='word_1_921' title='bbox 2314 4970 2560 5038; x_wconf 80' lang='grc' dir='ltr'><strong>ἐγένετο·</strong></span> <span class='ocrx_word' id='word_1_922' title='bbox 2597 4969 2732 5022; x_wconf 81' lang='grc' dir='ltr'><strong>ἀλλὰ</strong></span> <span class='ocrx_word' id='word_1_923' title='bbox 2756 4972 2820 5022; x_wconf 84' lang='grc' dir='ltr'>ὲκ</span> <span class='ocrx_word' id='word_1_924' title='bbox 2857 4966 3092 5036; x_wconf 88' lang='grc' dir='ltr'>γαστρὸς</span> <span class='ocrx_word' id='word_1_925' title='bbox 3141 4966 3299 5020; x_wconf 81' lang='grc' dir='ltr'>αὐτὸν</span> <span class='ocrx_word' id='word_1_926' title='bbox 3346 4966 3676 5036; x_wconf 73' lang='grc' dir='ltr'>ἐγέννησεν*</span> <span class='ocrx_word' id='word_1_927' title='bbox 3700 4965 3758 5015; x_wconf 64' lang='grc' dir='ltr'>ἐν</span> 
     </span>
    </p>
   </div>
   <div class='ocr_carea' id='block_1_107' title="bbox 2185 5051 3738 5130">
    <p class='ocr_par' dir='ltr' id='par_1_107' title="bbox 2185 5051 3738 5130">
     <span class='ocr_line' id='line_1_107' title="bbox 2185 5051 3738 5130; baseline -0.004 -19"><span class='ocrx_word' id='word_1_928' title='bbox 2185 5061 2284 5130; x_wconf 81' lang='grc' dir='ltr'><strong>τῆς</strong></span> <span class='ocrx_word' id='word_1_929' title='bbox 2311 5060 2658 5123; x_wconf 84' lang='grc' dir='ltr'>ὑποστάσεως</span> <span class='ocrx_word' id='word_1_930' title='bbox 2688 5059 2815 5130; x_wconf 79' lang='grc' dir='ltr'>ἄρα,</span> <span class='ocrx_word' id='word_1_931' title='bbox 2834 5059 2926 5111; x_wconf 72' lang='grc' dir='ltr'><strong>καὶ</strong></span> <span class='ocrx_word' id='word_1_932' title='bbox 2954 5059 3051 5110; x_wconf 79' lang='grc' dir='ltr'><strong>οὐκ</strong></span> <span class='ocrx_word' id='word_1_933' title='bbox 3071 5057 3131 5124; x_wconf 81' lang='grc' dir='ltr'>ὲξ</span> <span class='ocrx_word' id='word_1_934' title='bbox 3156 5052 3253 5109; x_wconf 83' lang='grc' dir='ltr'>οὐ’κ</span> <span class='ocrx_word' id='word_1_935' title='bbox 3281 5056 3452 5109; x_wconf 75' lang='grc' dir='ltr'>ὄντων</span> <span class='ocrx_word' id='word_1_936' title='bbox 3470 5056 3608 5119; x_wconf 77' lang='grc' dir='ltr'><strong>ἐστὶ,</strong></span> <span class='ocrx_word' id='word_1_937' title='bbox 3631 5051 3738 5107; x_wconf 76' lang='grc' dir='ltr'><strong>καθ</strong></span> 
     </span>
    </p>
   </div>
   <div class='ocr_carea' id='block_1_108' title="bbox 2187 5141 3758 5222">
    <p class='ocr_par' dir='ltr' id='par_1_108' title="bbox 2187 5141 3758 5222">
     <span class='ocr_line' id='line_1_108' title="bbox 2187 5141 3758 5222; baseline -0.004 -19"><span class='ocrx_word' id='word_1_938' title='bbox 2187 5151 2329 5222; x_wconf 86' lang='grc' dir='ltr'>άπερ</span> <span class='ocrx_word' id='word_1_939' title='bbox 2373 5152 2440 5205; x_wconf 82' lang='grc' dir='ltr'><strong>τὰ</strong></span> <span class='ocrx_word' id='word_1_940' title='bbox 2483 5153 2601 5205; x_wconf 78' lang='grc' dir='ltr'>κατ’</span> <span class='ocrx_word' id='word_1_941' title='bbox 2633 5151 2852 5220; x_wconf 75' lang='grc' dir='ltr'>ἐντολὴν</span> <span class='ocrx_word' id='word_1_942' title='bbox 2883 5148 3222 5221; x_wconf 83' lang='grc' dir='ltr'>ὑπάρξαντα.</span> <span class='ocrx_word' id='word_1_943' title='bbox 3239 5149 3441 5218; x_wconf 81' lang='grc' dir='ltr'><strong>Ἀνόμ.</strong></span> <span class='ocrx_word' id='word_1_944' title='bbox 3472 5149 3644 5202; x_wconf 80' lang='grc' dir='ltr'><strong>Πάλιν</strong></span> <span class='ocrx_word' id='word_1_945' title='bbox 3672 5141 3758 5199; x_wconf 72' lang='grc' dir='ltr'>οὖν</span> 
     </span>
    </p>
   </div>
   <div class='ocr_carea' id='block_1_109' title="bbox 2188 5239 3742 5313">
    <p class='ocr_par' dir='ltr' id='par_1_109' title="bbox 2188 5239 3742 5313">
     <span class='ocr_line' id='line_1_109' title="bbox 2188 5239 3742 5313; baseline -0.002 -20"><span class='ocrx_word' id='word_1_946' title='bbox 2188 5241 2436 5295; x_wconf 78' lang='grc' dir='ltr'>σύνθετον</span> <span class='ocrx_word' id='word_1_947' title='bbox 2484 5242 2721 5313; x_wconf 82' lang='grc' dir='ltr'>νομίζεις</span> <span class='ocrx_word' id='word_1_948' title='bbox 2760 5241 2851 5295; x_wconf 88' lang='grc' dir='ltr'><strong>τὸν</strong></span> <span class='ocrx_word' id='word_1_949' title='bbox 2905 5241 3054 5304; x_wconf 84' lang='grc' dir='ltr'>Θεὸν,</span> <span class='ocrx_word' id='word_1_950' title='bbox 3105 5240 3348 5311; x_wconf 82' lang='grc' dir='ltr'>γαστέρα</span> <span class='ocrx_word' id='word_1_951' title='bbox 3369 5241 3563 5308; x_wconf 82' lang='grc' dir='ltr'><strong>λέγων.</strong></span> <span class='ocrx_word' id='word_1_952' title='bbox 3603 5239 3742 5304; x_wconf 83' lang='grc' dir='ltr'><strong>Ὄρθ</strong></span> 
     </span>
    </p>
   </div>
   <div class='ocr_carea' id='block_1_110' title="bbox 2184 5327 3757 5401">
    <p class='ocr_par' dir='ltr' id='par_1_110' title="bbox 2184 5327 3757 5401">
     <span class='ocr_line' id='line_1_110' title="bbox 2184 5327 3757 5401; baseline 0.002 -17"><span class='ocrx_word' id='word_1_953' title='bbox 2184 5331 2275 5401; x_wconf 87' lang='grc' dir='ltr'><strong>Μὴ</strong></span> <span class='ocrx_word' id='word_1_954' title='bbox 2300 5331 2505 5384; x_wconf 68' lang='grc' dir='ltr'><strong>νἑνοιτο</strong></span> <span class='ocrx_word' id='word_1_955' title='bbox 2558 5331 2805 5384; x_wconf 88' lang='grc' dir='ltr'>σύνθετον</span> <span class='ocrx_word' id='word_1_956' title='bbox 2852 5331 3024 5385; x_wconf 78' lang='grc' dir='ltr'>εἰπεῖν</span> <span class='ocrx_word' id='word_1_957' title='bbox 3055 5330 3146 5384; x_wconf 89' lang='grc' dir='ltr'><strong>τὸν</strong></span> <span class='ocrx_word' id='word_1_958' title='bbox 3167 5330 3328 5383; x_wconf 74' lang='grc' dir='ltr'>Θεὸνί</span> <span class='ocrx_word' id='word_1_959' title='bbox 3387 5331 3546 5396; x_wconf 79' lang='grc' dir='ltr'><strong>ἀλλὰ,</strong></span> <span class='ocrx_word' id='word_1_960' title='bbox 3576 5327 3757 5387; x_wconf 74' lang='grc' dir='ltr'>καθὼς</span> 
     </span>
    </p>
   </div>
   <div class='ocr_carea' id='block_1_111' title="bbox 1887 5503 2087 5572">
    <p class='ocr_par' dir='ltr' id='par_1_111' title="bbox 1887 5503 2087 5560">
     <span class='ocr_line' id='line_1_111' title="bbox 1887 5503 2087 5560; baseline 0.005 -23"><span class='ocrx_word' id='word_1_961' title='bbox 1887 5506 1933 5538; x_wconf 74' lang='lat'><strong>98</strong></span> <span class='ocrx_word' id='word_1_962' title='bbox 1970 5503 2087 5560; x_wconf 62' lang='grc' dir='ltr'><strong>ΡΓΟι</strong></span> 
     </span>
    </p>
   </div>
   <div class='ocr_carea' id='block_1_112' title="bbox 2192 5503 3742 5572">
    <p class='ocr_par' dir='ltr' id='par_1_112' title="bbox 2192 5503 3742 5571">
     <span class='ocr_line' id='line_1_112' title="bbox 2192 5503 3742 5571; baseline -0.003 -12"><span class='ocrx_word' id='word_1_963' title='bbox 2192 5522 2292 5571; x_wconf 69' lang='lat' dir='ltr'><strong>rm,</strong></span> <span class='ocrx_word' id='word_1_964' title='bbox 2339 5507 2430 5561; x_wconf 75' lang='lat'><strong>22.</strong></span> <span class='ocrx_word' id='word_1_965' title='bbox 2507 5509 2553 5540; x_wconf 72' lang='grc'><strong>³⁸</strong></span> <span class='ocrx_word' id='word_1_966' title='bbox 2581 5506 2739 5563; x_wconf 85' lang='lat' dir='ltr'><strong>Joan.</strong></span> <span class='ocrx_word' id='word_1_967' title='bbox 2777 5521 2896 5570; x_wconf 78' lang='lat' dir='ltr'><strong>VIII,</strong></span> <span class='ocrx_word' id='word_1_968' title='bbox 2932 5505 3018 5559; x_wconf 81' lang='lat'><strong>57.</strong></span> <span class='ocrx_word' id='word_1_969' title='bbox 3097 5507 3144 5538; x_wconf 80' lang='lat'><strong>&quot;</strong></span> <span class='ocrx_word' id='word_1_970' title='bbox 3184 5505 3318 5560; x_wconf 88' lang='lat' dir='ltr'><strong>ibid.</strong></span> <span class='ocrx_word' id='word_1_971' title='bbox 3359 5505 3446 5562; x_wconf 82' lang='grc'><strong>53,</strong></span> <span class='ocrx_word' id='word_1_972' title='bbox 3525 5507 3569 5537; x_wconf 86' lang='grc'>⁹⁶</span> <span class='ocrx_word' id='word_1_973' title='bbox 3612 5503 3742 5558; x_wconf 80' lang='lat' dir='ltr'><strong>Psat</strong></span> 
     </span>
    </p>
   </div>
   <div class='ocr_carea' id='block_1_113' title="bbox 510 5568 2248 5648">
    <p class='ocr_par' dir='ltr' id='par_1_113' title="bbox 510 5568 2248 5648">
     <span class='ocr_line' id='line_1_113' title="bbox 510 5568 2248 5648; baseline 0.007 -30"><span class='ocrx_word' id='word_1_974' title='bbox 510 5577 639 5648; x_wconf 63' lang='lat' dir='ltr'><strong>xxi,</strong></span> <span class='ocrx_word' id='word_1_975' title='bbox 691 5568 786 5634; x_wconf 84' lang='lat' dir='ltr'><strong>l7;</strong></span> <span class='ocrx_word' id='word_1_976' title='bbox 822 5585 1021 5635; x_wconf 78' lang='lat' dir='ltr'><strong>mm,</strong></span> <span class='ocrx_word' id='word_1_977' title='bbox 1057 5571 1146 5626; x_wconf 60' lang='grc' dir='ltr'><strong>Ἡ.</strong></span> <span class='ocrx_word' id='word_1_978' title='bbox 1205 5568 1267 5604; x_wconf 55' lang='grc'><strong>⁷⁸⁷</strong></span> <span class='ocrx_word' id='word_1_979' title='bbox 1309 5572 1484 5629; x_wconf 85' lang='lat' dir='ltr'><strong>ICor.</strong></span> <span class='ocrx_word' id='word_1_980' title='bbox 1518 5590 1619 5642; x_wconf 84' lang='lat' dir='ltr'><strong>ni,</strong></span> <span class='ocrx_word' id='word_1_981' title='bbox 1662 5575 1746 5630; x_wconf 83' lang='lat' dir='ltr'><strong>ll.</strong></span> <span class='ocrx_word' id='word_1_982' title='bbox 1824 5575 1868 5608; x_wconf 75' lang='grc'><strong>³³⁸</strong></span> <span class='ocrx_word' id='word_1_983' title='bbox 1906 5573 2034 5632; x_wconf 87' lang='lat' dir='ltr'><strong>Luc.</strong></span> <span class='ocrx_word' id='word_1_984' title='bbox 2071 5568 2128 5643; x_wconf 64' lang='grc' dir='ltr'><strong>ι,</strong></span> <span class='ocrx_word' id='word_1_985' title='bbox 2161 5578 2248 5634; x_wconf 78' lang='grc'><strong>51.</strong></span> 
     </span>
    </p>
   </div>
   <div class='ocr_carea' id='block_1_114' title="bbox 465 5719 1259 5812">
    <p class='ocr_par' dir='ltr' id='par_1_114' title="bbox 465 5719 1259 5812">
     <span class='ocr_line' id='line_1_114' title="bbox 465 5719 1259 5812; baseline 0.01 -41"><span class='ocrx_word' id='word_1_986' title='bbox 465 5805 469 5812; x_wconf 29' lang='lat'><em>.</em></span> <span class='ocrx_word' id='word_1_987' title='bbox 574 5719 710 5790; x_wconf 71' lang='lat'><strong>(61‘)</strong></span> <span class='ocrx_word' id='word_1_988' title='bbox 743 5721 922 5792; x_wconf 56' lang='lat' dir='ltr'><strong>Vulg,</strong></span> <span class='ocrx_word' id='word_1_989' title='bbox 953 5723 1071 5777; x_wconf 76' lang='grc' dir='ltr'><strong>οὐκ.</strong></span> <span class='ocrx_word' id='word_1_990' title='bbox 1107 5723 1259 5779; x_wconf 70' lang='lat' dir='ltr'><strong>Enn.</strong></span> 
     </span>
    </p>
   </div>
   <div class='ocr_carea' id='block_1_115' title="bbox 2247 5725 3198 5795">
    <p class='ocr_par' dir='ltr' id='par_1_115' title="bbox 2247 5725 3198 5795">
     <span class='ocr_line' id='line_1_115' title="bbox 2247 5725 3198 5795; baseline -0.004 -11"><span class='ocrx_word' id='word_1_991' title='bbox 2247 5729 2355 5795; x_wconf 72' lang='lat'><strong>(62)</strong></span> <span class='ocrx_word' id='word_1_992' title='bbox 2400 5731 2540 5787; x_wconf 83' lang='lat' dir='ltr'><strong>&#39;Aoa</strong></span> <span class='ocrx_word' id='word_1_993' title='bbox 2564 5729 2638 5786; x_wconf 81' lang='grc' dir='ltr'>ὣν</span> <span class='ocrx_word' id='word_1_994' title='bbox 2673 5731 2736 5783; x_wconf 83' lang='grc' dir='ltr'>ὲκ</span> <span class='ocrx_word' id='word_1_995' title='bbox 2772 5728 2874 5789; x_wconf 76' lang='grc' dir='ltr'><strong>τῆς</strong></span> <span class='ocrx_word' id='word_1_996' title='bbox 2897 5729 2988 5781; x_wconf 83' lang='grc' dir='ltr'>ὑπ.</span> <span class='ocrx_word' id='word_1_997' title='bbox 3022 5725 3198 5781; x_wconf 86' lang='lat' dir='ltr'><strong>Palat.</strong></span> 
     </span>
    </p>
   </div>
  </div>
