3982 6398
242 378 375 436 H33

1235 382 1321 437 DE
1362 383 1628 438 SANCTA
1658 386 2030 439 'l'HlNl'l'A'l‘E
2066 387 2416 440 DIALUL'US
2453 387 2494 439 Ι.

3343 399 3489 447 ιιοθ

243 497 496 568 ἀνωτέρω
521 498 634 569 (65)
669 495 838 563 εἷπον,
864 500 959 568 τὴν
981 500 1324 572 γαστέρα,’ἥν
1353 497 1504 555 εἶπεν
1529 502 1563 572 ἡ
1594 500 1800 572 Γραφὴ,

1908 516 2030 553 rum
2099 500 2307 566 dicens,
2355 499 2637 555 existimas
2691 498 2858 555 Deum
2913 516 3038 558 esse
3090 502 3483 573 compositum.

237 590 325 644 τοῦ
346 589 501 655 Θεοῦ,
529 590 641 659 ἐγὼ
659 591 718 644 τὸ
732 592 1045 664 γεννητικὸν
1059 593 1157 663 τῆς
1173 593 1519 656 ὑποστάσεως
1547 592 1668 645 νοῶ.
1692 591 1804 645 Καὶ

1905 590 2056 646 Orth.
2098 592 2280 655 Absit,
2323 600 2382 646 ut
2431 591 2598 647 Deum
2669 591 2846 646 dicam
2910 608 3033 648 esse
3082 594 3481 663 compositum!

238 682 343 753 γὰρ
376 683 470 735 καὶ
499 684 585 750 ἐφ’
613 681 767 754 ἡμῶν
808 682 1086 753 κέχρηται,
1121 682 1196 746 ὡς
1250 682 1800 755 προαποδέδεικται,ή

1905 682 2020 746 sed,
2054 689 2113 738 ut
2166 684 2421 754 superius
2473 683 2607 750 dixi,
2647 684 2789 738 uteri
2836 684 3079 750 nomine,
3124 683 3269 754 quod
3333 682 3486 739 Scri-

195 804 213 820 .ι
241 772 423 844 Γραφῆ
455 776 523 846 τῇ
551 773 809 845 συνηθείᾳ
834 773 1024 845 ταύτῃ,
1052 773 1281 842 λέγουσα
1299 791 1313 804 ·
1348 793 1367 825 ι
1414 774 1546 826 Ἀπὸ
1574 774 1665 825 τοῦ
1713 772 1807 841 φό-

237 865 328 918 ὃου
374 880 490 930 σου,
524 865 715 936 Κύριε,
753 866 812 919 έν
864 866 1061 937 γαστρὶ
1097 865 1380 936 ἐλάϐομεν,
1408 866 1502 918 καὶ
1549 864 1810 934 ὼδινήσα-

238 970 355 1024 μεν,
370 955 463 1008 καὶ
492 953 748 1024 ἐτέκομεν
762 954 983 1024 Πνεῦμα
1005 953 1291 1024 σωτηρίας.
1313 973 1331 1005 ι
1352 954 1454 1006 Ἕν
1480 952 1688 1022 γαστρὶ
1714 952 1804 1004 λέ-

235 1061 365 1113 γων,
390 1043 510 1114 οὐχὶ
540 1042 637 1114 τὴν
664 1043 996 1114 σωματικὴν,
1012 1043 1124 1096 ἀλλ’
1145 1044 1203 1096 ὲν
1228 1043 1362 1113 αὐτῇ
1391 1045 1458 1113 τῇ
1484 1042 1800 1096 ὑποστάσει,

244 1136 440 1205 Ἀνόμ.
472 1136 609 1206 Παρ’
642 1134 817 1203 ὀλίγον
850 1153 917 1205 με
966 1134 1172 1198 πείθεις
1207 1137 1600 1206 ὁμοουσιαστὴν
1650 1135 1803 1203 γενέ-

232 1224 377 1279 σθαι.
408 1226 562 1293 Ὀρθ.
594 1223 763 1277 Δώσοι
787 1224 898 1293 (64)
942 1224 1023 1276 σοὶ
1056 1223 1084 1274 6
1134 1223 1267 1286 Θεὸς
1298 1223 1621 1294 Χριστιανὸν
1656 1223 1805 1292 γενέ-

232 1314 387 1370 σθαι·
415 1315 543 1369 ὅταν
567 1314 676 1385 γὰρ
718 1313 1054 1385 ὁμολογήσῃς
1100 1313 1380 1384 δμοούσιρν
1424 1313 1516 1367 τὸν
1554 1313 1679 1367 Υίὸν
1725 1313 1802 1384 τῷ

229 1406 423 1477 Πατρὶ,
451 1407 572 1459 τότε
600 1407 918 1477 Χριστιανὸς
940 1406 1149 1474 ἐγένου.

1904 781 2066 843 ptura
2113 773 2223 829 Deo
2266 775 2488 839 tribuit,
2534 775 2926 845 generatricem
2962 775 3072 829 vim
3123 774 3483 845 hypostaseos

1908 864 2081 935 ipsius
2106 865 2369 936 intelligo.
2405 864 2540 920 Nam
2567 866 2635 921 de
2683 866 2843 922 nobis
2889 866 3055 921 etiam
3105 881 3275 937 agens
3335 863 3483 919 Scri-

1910 962 2093 1026 ptura,
2131 956 2274 1011 sicut
2308 957 2465 1026 prius
2486 957 2917 1013 demonstratum
2940 967 3046 1022 est,
3083 958 3156 1012 ita
3185 957 3331 1029 loqui
3355 972 3484 1012 con-

1911 1049 2103 1113 suevit,
2138 1056 2199 1102 ut
2252 1064 2379 1103 cum
2409 1049 2586 1120 inquit
2612 1068 2625 1103 :
2657 1069 2675 1101 ι
2710 1050 2753 1101 Α
2780 1051 2975 1105 timore
3006 1051 3107 1115 tui,
3137 1049 3397 1117 Domine,
3422 1050 3482 1105 in

1912 1144 2068 1192 utero
2104 1140 2456 1209 concepimus
2503 1148 2559 1196 et
2600 1140 3022 1211 parturivimus,
3075 1147 3127 1196 et
3173 1142 3485 1212 peperimus

1912 1225 2175 1297 Spiritum
2212 1229 2409 1284 salutis
2437 1230 2503 1281 θ’.
2544 1249 2562 1281 ι
2611 1228 2676 1283 In
2706 1237 2854 1284 utero
2896 1230 3106 1291 dicens,
3131 1244 3237 1284 non
3278 1230 3483 1285 intelli-

1907 1317 1985 1385 git
2006 1332 2332 1388 corporeum
2355 1327 2589 1383 uterum,
2614 1320 2706 1374 sed
2734 1320 2788 1373 in
2822 1320 2937 1389 ipsa
2968 1320 3264 1391 hypostasi.
3287 1320 3478 1374 Anam.

1907 1407 2106 1467 Parum
2138 1408 2321 1474 abest,
2369 1410 2500 1478 quin
2537 1410 2669 1464 mihi
2710 1411 3038 1479 persuadeas
3074 1421 3131 1465 ut
3186 1412 3306 1465 [iam
3350 1429 3482 1466 con-

227 1500 682 1556 substantialista.
724 1499 879 1555 Orth.
934 1497 1151 1553 Utinam
1207 1498 1298 1553 det
1345 1497 1443 1552 tibi
1497 1496 1679 1564 Deus,
1734 1506 1795 1552 ut
1829 1499 2177 1559 Christianus
2235 1504 2455 1559 evadas.
2491 1503 2645 1561 Tunc
2700 1504 2845 1559 enim
2889 1504 3234 1561 Christianus
3286 1506 3485 1578 fueris,

227 1606 350 1647 cum
370 1590 659 1646 confessus
680 1589 848 1645 fueris
880 1587 1079 1643 Filium
1128 1603 1257 1644 esse
1310 1586 1461 1641 Patri
1515 1588 2056 1649 consubstantialem.

294 1684 385 1739 11.
423 1683 621 1753 Ἀνόμ.
637 1682 949 1752 Ὀμοούσιον
971 1681 1023 1733 τί
1046 1684 1197 1746 ὲστι;
1227 1679 1365 1733 Θέλω
1386 1679 1494 1752 γὰρ
1520 1684 1615 1733 nat
1638 1680 1797 1735 τοῦτο

230 1772 437 1845 μαθεῖν.
468 1772 560 1843 Μὴ
602 1773 631 1825 6
658 1772 818 1836 αὐτός
871 1774 1018 1825 δστιν
1038 1774 1066 1825 6
1095 1772 1223 1835 Υἱὸς
1254 1773 1348 1825 καὶ
1378 1773 1557 1845 Ila-tm
1587 1785 1615 1838 ,‘
1650 1773 1802 1840 Ὀρθ.

226 1866 314 1937 Μὴ
343 1865 551 1935 γένοιτο
578 1866 778 1918 είπεῖνί
816 1864 1015 1935 Ἀνόμ.
1033 1864 1097 1917 Τί
1121 1859 1213 1917 οὖν
1241 1865 1421 1930 tactv;
1452 1863 1807 1934 ἀληθῶςγὰρ

224 1956 360 2010 θέλω
395 1956 608 2027 μαθεῖν.
651 1956 804 2024 Ὀρθ.
853 1953 1165 2026 Ὀμοούσιόν
1208 1957 1379 2019 ἐστιν,
1430 1953 1460 2007 6
1501 1953 1593 2008 τὸν
1645 1954 1807 2008 αὐτὸν

222 2048 532 2120 ἐπιδέχεται
569 2047 724 2117 λόγον
751 2046 853 2118 τῆς
877 2046 1085 2110 οὐσίας’
1118 2041 1229 2100 οἷον
1280 2044 1564 2116 ἄνθρωπος
1597 2043 1808 2116 ἀνθρώ-

223 2157 324 2193 που
358 2139 514 2193 οὐδὲν
554 2139 818 2210 διαφέρει,
858 2138 991 2193 καθὸ
1038 2137 1322 2209 ἄνθρωπός
1351 2137 1527 2191 ἐστιν·
1578 2136 1806 2205 ἄγγελος

222 2231 455 2300 ἀγγέλου
498 2230 651 2285 οὐδὲν
699 2225 1023 2304 διαφέρει,
1051 2229 1279 2299 ἄγγελός
1329 2230 1505 2283 ἐστιν’
1535 2228 1677 2283 οὕτω
1711 2229 1805 2281 καὶ

222 2322 351 2386 Θεὸς
375 2321 511 2375 Θεοῦ
532 2323 681 2377 οὐδὲν
712 2321 977 2394 διαφέρει,
1065 2321 1195 2385 Θεός
1220 2323 1387 2375 ἐστιν.
1409 2321 1612 2391 Ἀνόμ.
1640 2319 1804 2374 Οὐδὲν

224 2408 315 2468 οὖν
343 2415 593 2485 διαφέρει
621 2415 650 2467 6
689 2413 879 2485 Πατὴρ
911 2412 1004 2466 τοῦ
1055 2412 1186 2466 Υἱοῦ
1215 2412 1367 2484 (65);
1409 2414 1562 2481 ὀρθ.
1605 2412 1693 2465 Ἐν
1721 2412 1803 2484 τῷ

220 2506 354 2561 Θεὸν
410 2509 506 2561 καὶ
537 2507 757 2581 Πατέρα
789 2504 950 2572 εἶναι,
980 2504 1042 2559 οὗ
1064 2522 1077 2534 ·
1110 2508 1168 2560 ἐν
1189 2505 1268 2577 τῷ
1299 2505 1520 2577 Πατέρα
1554 2505 1648 2559 καὶ
1674 2506 1802 2560 Υίὸν

220 2594 389 2665 εἷναι,
422 2600 547 2654 ναί·
572 2601 654 2654 ὅτι
683 2601 712 2653 6
740 2600 838 2671 μὲν
893 2599 1203 2669 ἐγέννησεν,
1236 2600 1265 2651 ὁ
1294 2598 1351 2652 δὲ
1395 2600 1647 2666 γεννᾶται
1666 2612 1680 2628 ⁸
1707 2599 1803 2651 καὶ

216 2690 376 2745 τοῦτό
420 2694 540 2745 ἐστι
567 2693 629 2746 τὸ
655 2692 960 2765 ὁμοούσιον.
994 2691 1192 2761 Ἀνόμ.
1219 2692 1309 2744 Ἐν
1341 2691 1513 2746 οὐδενὶ
1537 2688 1630 2744 οὖν
1657 2690 1801 2763 ἄλλῳ

210 2784 463 2857 διαφέρει
492 2787 522 2838 6
554 2784 742 2856 Πατὴρ
776 2784 868 2838 τοῦ
903 2782 1067 2851 Υίοῦ;
1102 2782 1295 2837 Καίτοι
1321 2782 1647 2855 γέγραπταιο
1678 2802 1697 2835 ι
1735 2783 1800 2836 Τί

211 2892 292 2947 με
334 2874 513 2944 λέγεις
562 2874 766 2943 ἀγαθὸν
809 2870 979 2939 sint;
1031 2872 1220 2936 Οὐδεὶς
1250 2873 1454 2941 ἀγαθὸς
1484 2874 1533 2927 εί
1577 2872 1652 2945 μὴ
1676 2868 1800 2937 εἷςὸ

207 2969 372 3032 Θεός.
398 2988 417 3022 ι
448 2970 608 3038 Ὀρθ.
632 2970 746 3022 υύκ
767 2967 912 3021 ἔστιν
939 2962 1031 3022 οὖν
1057 2965 1260 3036 ἀγαθὸς
1307 2966 1336 3018 6
1382 2966 1545 3032 Υἱός;
1593 2966 1793 3035 ’Ardp.

209 3061 395 3125 Αὐτὸς
413 3054 535 3114 εἶπε
557 3078 570 3091 ·
604 3061 700 3113 «Τί
729 3078 795 3131 με
825 3060 1005 3130 λέγεις
1032 3058 1238 3130 ἀγαθόν
1261 3075 1275 3125 ;
1311 3059 1499 3123 Οὐδεὶς
1516 3059 1722 3127 ἀγαθὸς
1742 3061 1792 3112 εί

209 3155 294 3225 μὴ
323 3146 407 3218 εἷς
429 3154 460 3205 6
489 3154 640 3217 Θεός.
680 3173 699 3205 ι
736 3153 890 3222 Ὀρθ.
920 3154 1100 3225 Ὁρᾷς,
1131 3154 1213 3207 ὅτι
1253 3152 1433 3216 καλῶς
1461 3148 1635 3216 εἷπον,
1670 3154 1796 3206 ὃταν
1822 3170 1865 3227 ο

201 3246 559 3318 ὁμολογήσῃς
574 3246 855 3319 ὁμοούσιον
868 3248 958 3302 τὸν
973 3248 1097 3300 Υίὸν
1108 3247 1186 3317 τῷ
1198 3249 1391 3318 Πατρὶ,
1409 3248 1530 3300 τότε
1545 3249 1591 3299 Χ
1600 3264 1803 3318 ριστια-

199 3338 302 3402 νὸς
324 3339 454 3411 γίνῃ
476 3357 491 3405 ;
522 3339 722 3409 Ἀνόμ.
752 3338 896 3408 Ἐγὼ
922 3338 1181 3404 πιστεύω,
1201 3340 1283 3392 ὅτι
1312 3339 1634 3410 Χριστιανός
1661 3341 1796 3409 είμι.

196 3431 375 3499 Ὀρθ.
408 3431 736 3502 Χριστιανὸς
759 3431 808 3483 εί
845 3426 913 3502 ἧς
940 3430 1099 3504 (65‘),
1127 3432 1226 3485 οὐκ
1258 3430 1461 3499 ἔλεγες,
1487 3432 1567 3484 ὅτι
1600 3430 1800 3499 ἀγαθὸς

188 3524 305 3576 οὐκ
339 3522 495 3576 ἐστιν
523 3525 552 3575 6
582 3522 731 3585 Υἱός.
760 3523 962 3591 ’Δνόμ.
991 3523 1105 3577 Οὐκ
1126 3518 1297 3586 εἷπον,
1338 3522 1421 3575 ὅτι
1447 3521 1649 3591 ἀγαθὸς
1701 3522 1800 3574 οὐκ

186 3615 383 3684 ἔστιν,
406 3614 618 3670 ἀλλ’ὅτι
638 3614 799 3678 αὐτὸς
813 3611 982 3669 εἶπεν
1010 3637 1028 3667 ι
1050 3615 1236 3680 Οὐδεὶς
1268 3613 1471 3683 ἀγαθὸς
1490 3615 1538 3666 εί
1575 3612 1648 3685 μὴ
1671 3610 1752 3678 εἷς
1772 3615 1800 3665 6

185 3704 360 3768 Θεός.
403 3722 423 3755 ι
464 3703 621 3772 Ὀρθ.
647 3704 757 3757 Καὶ
784 3704 1059 3777 διαφέρειν
1080 3704 1259 3774 λέγεις
1280 3704 1370 3758 τὸν
1404 3703 1625 3775 Πατέρα
1654 3706 1711 3757 ὲν
1730 3706 1797 3775 τῇ

180 3797 537 3869 ἀγαθότητι,
570 3796 666 3850 τοῦ
715 3795 880 3862 Υἱοῦ;
927 3798 1125 3866 Ἀνόμ.
1165 3795 1336 3858 Αὐτὸς
1379 3789 1534 3847 εἶπε’
1578 3813 1596 3845 ‹
1638 3792 1702 3845 Τί
1732 3811 1800 3864 με

183 3889 396 3957 λέγεις
422 3887 665 3956 ἀγαθόν;
694 3887 882 3950 Οὐδεὶς
935 3888 1139 3957 ἀγαθὸς
1195 3888 1244 3938 εί
1293 3885 1367 3956 μὴ
1398 3879 1477 3947 εἷς
1518 3886 1546 3937 6
1587 3882 1735 3946 Θεός.
1775 3902 1793 3935 ι

179 3982 360 4051 Ὀρθ.
399 3982 519 4034 Οὐκ
549 3977 697 4033 εἶπεν
743 3980 832 4051 Μή
866 3997 934 4050 με
968 3979 1095 4047 λέγε
1130 3977 1352 4046 ἀγαθὸν,
1377 3976 1533 4044 ἀλλὰ,
1575 3996 1593 4028 ι
1634 3976 1699 4029 Τί
1732 3994 1798 4047 με

174 4074 379 4143 λέγεις
426 4070 668 4140 ἀγαθὸν;
706 4090 724 4122 ι
762 4070 960 4139 ’Δγ-ὀμ.
993 4071 1103 4123 Καὶ
1136 4068 1275 4140 τίςὴ
1303 4067 1533 4139 διαφορὰ
1560 4066 1674 4131 τοῦ,
1704 4068 1795 4137 Μή

167 4179 251 4234 με
277 4163 430 4230 λέγε
458 4160 686 4228 ἀγαθὸν,
709 4157 936 4221 καὶτοῦ,
967 4159 1032 4211 Τί
1059 4175 1125 4229 με
1144 4157 1321 4226 λέγεις
1359 4155 1595 4225 ἁγαθόν;
1640 4155 1793 4224 Ὀρθ.

163 4254 408 4325 Πολλή.
452 4252 656 4318 Ἀνόμ.
681 4250 854 4316 Ποίας
888 4249 1042 4317 Ὀρθ.
1078 4249 1172 4312 Τὸ,
1198 4250 1287 4321 Μή
1322 4266 1388 4319 με
1421 4248 1546 4317 λέγε
1575 4249 1794 4318 ἀγαθὸν,

163 4345 441 4418 ἄρνησίς
465 4343 615 4395 ἐστιν
640 4340 969 4412 ἁγαθότητος
994 4359 1007 4372 ο
1044 4342 1104 4394 τὸ
1124 4340 1199 4406 δὲ,
1231 4361 1249 4392 ι
1284 4340 1348 4394 Τί
1378 4358 1443 4411 με
1472 4340 1648 4409 λέγεις
1668 4341 1799 4408 ἀγα-

158 4438 309 4506 θόνς
354 4457 382 4490 ι
422 4436 553 4489 ἀντὶ
582 4432 697 4498 τοῦ,
731 4433 850 4486 Ἵνα
877 4432 931 4485 τί
961 4450 1028 4503 με
1060 4432 1238 4501 λέγεις
1255 4432 1478 4501 ἀγαθὸν,
1513 4432 1589 4504 μὴ
1616 4433 1799 4503 ὁμολο-

1972 1684 2058 1739 Η.
2095 1688 2288 1742 Anam.
2329 1686 2469 1752 Quid
2511 1697 2595 1741 est
2636 1687 2780 1741 istud
2818 1687 3317 1741 consubstantiale?
3362 1687 3483 1742 volo

1909 1776 2053 1831 enim
2082 1776 2135 1831 id
2167 1792 2384 1847 quoque
2423 1776 2655 1832 discere.
2686 1776 2825 1831 Num
2862 1777 3005 1831 idem
3045 1786 3129 1832 est
3166 1776 3206 1829 F
3213 1778 3356 1841 ilius,
3388 1781 3483 1849 qui

1906 1875 1962 1923 et
1990 1866 2193 1923 Pater?
2236 1868 2392 1924 Orth.
2428 1868 2585 1923 Absit
2628 1877 2688 1923 ut
2729 1869 2834 1923 hoc
2870 1870 3082 1924 dicam!
3118 1870 3303 1924 Anam.
3340 1870 3482 1936 Quid

1903 1966 1988 2014 est
2018 1959 2221 2030 igitur?
2250 1975 2379 2015 vere
2423 1959 2569 2013 enim
2610 1959 2667 2013 id
2708 1958 2919 2014 discere
2955 1960 3136 2028 cupio.
3169 1959 3319 2014 Ortlt.
3347 1961 3487 2017 Con-

1904 2050 2263 2106 substantiale
2290 2059 2392 2113 est,
2410 2052 2556 2120 quod
2586 2050 2830 2105 eamdem
2856 2051 3175 2106 substantia:
3215 2053 3479 2108 rationem

1902 2142 2114 2212 recipit,
2145 2151 2205 2197 ut
2253 2143 2414 2197 homo
2444 2142 2514 2196 ab
2551 2142 2769 2196 homine
2809 2142 2940 2195 nihil
2968 2142 3179 2207 diﬂ‘ert,
3209 2155 3480 2214 quatenus

1902 2231 2065 2286 homo
2095 2239 2178 2287 est
2208 2252 2220 2285 :
2251 2238 2305 2286 et
2333 2232 2558 2303 angelus
2589 2232 2657 2285 ab
2698 2232 2909 2303 angelo,
2944 2244 3213 2303 quatenus
3250 2234 3480 2303 angelus

1902 2329 1987 2377 est
2019 2341 2032 2375 :
2071 2321 2148 2376 ita
2178 2330 2231 2376 et
2258 2321 2398 2377 Deus
2422 2337 2453 2374 a
2481 2320 2588 2376 Deo
2621 2322 2756 2375 nihil
2782 2321 2991 2386 diﬂ'ert,
3012 2334 3281 2392 quatenus
3311 2322 3474 2381 Deus.

1903 2416 2090 2468 Anam.
2124 2410 2270 2468 Nihil
2301 2414 2466 2486 igitur
2492 2414 2672 2468 dili‘ert
2705 2412 2866 2470 Pater
2907 2431 2938 2468 a
2977 2414 3153 2471 Filio?
3186 2416 3339 2473 Orth.
3372 2418 3481 2476 Nc-

1901 2521 2175 2577 quaquam
2198 2522 2332 2563 sane
2355 2507 2536 2561 dill‘ert
2568 2508 2621 2561 in
2646 2522 2711 2561 eo
2739 2507 2884 2577 quod
2911 2506 3053 2564 Deus
3095 2520 3150 2565 et
3188 2509 3350 2567 Pater
3381 2512 3475 2573 sit,

1902 2597 1998 2652 sed
2031 2599 2087 2653 in
2132 2612 2199 2653 eo
2240 2597 2386 2668 quod
2423 2597 2495 2652 sit
2539 2596 2705 2653 Pater
2738 2607 2793 2653 et
2830 2598 3044 2655 Filius:
3088 2602 3347 2671 quoniam
3388 2604 3478 2659 ille

1900 2687 2118 2758 quidem
2137 2690 2343 2760 genuit,
2377 2689 2465 2743 hic
2488 2705 2617 2744 vero
2650 2689 2870 2761 genitus
2897 2699 2982 2746 est
3011 2708 3026 2757 ;
3070 2692 3173 2748 hoc
3195 2705 3280 2749 est
3312 2695 3478 2767 igitur

1899 2778 2045 2848 quod
2074 2794 2334 2834 vocamus
2373 2779 2864 2834 consubsmntiale.
2914 2781 3109 2838 Anam.
3158 2781 3319 2838 Nulla
3372 2782 3478 2855 igi-

1900 2874 1991 2921 tur
2029 2867 2133 2921 alia
2171 2882 2231 2921 re
2274 2866 2457 2922 diﬂ‘ert
2507 2865 2670 2921 Pater
2708 2884 2738 2921 a
2780 2867 2957 2922 Filio?
3006 2870 3172 2941 Atqui
3206 2873 3475 2944 scriptum

1898 2964 2027 3012 est:
2066 2975 2085 3008 ι
2136 2955 2279 3022 Quid
2329 2972 2413 3011 me
2466 2956 2605 3011 dicis
2643 2958 2845 3011 bonum
2884 2960 3046 3015 esse?
3089 2958 3261 3015 Nemo
3299 2963 3475 3017 bonus

1897 3049 2007 3105 nisi
2038 3066 2181 3106 unus
2214 3048 2379 3105 Deus.
2408 3052 2424 3081 ¹
2463 3075 2482 3103 υ
2522 3050 2673 3105 Orth.
2709 3049 2882 3106 Filius
2908 3052 3074 3123 igitur
3118 3070 3229 3109 non
3256 3063 3340 3110 est
3369 3056 3469 3110 bo-

1897 3143 2046 3197 nus?
2083 3141 2272 3197 Anam.
2316 3140 2436 3213 Ipse
2460 3141 2598 3195 dixit
2630 3161 2643 3195 :
2683 3160 2702 3193 ι
2732 3141 2875 3208 Quid
2923 3158 3010 3198 tne
3048 3143 3189 3200 dicis
3229 3144 3476 3199 bonum?

1901 3234 2072 3293 Nemo
2123 3237 2321 3302 bonus,
2383 3238 2488 3293 nisi
2539 3252 2679 3291 unus
2711 3235 2874 3292 Deus.
2911 3257 2931 3289 ι
3003 3236 3157 3294 Orth.
3194 3236 3386 3293 Viden‘
3417 3249 3475 3293 ut

1901 3336 2052 3384 recte
2079 3326 2329 3393 dixerim,
2361 3339 2489 3384 tunc
2523 3327 2640 3382 fore
2670 3337 2727 3383 te
2755 3328 3151 3393 Christianum,
3206 3346 3328 3385 cum
3362 3330 3475 3385 fas-

1902 3434 1997 3475 sus
2050 3419 2217 3476 fueris
2263 3419 2457 3475 Filium
2513 3436 2636 3475 esse
2698 3419 2845 3473 Patri
2904 3422 3474 3477 consubstantialem?

1901 3513 2093 3566 Anam.
2128 3511 2306 3568 Credo
2343 3528 2431 3567 me
2453 3512 2825 3567 Christianum
2856 3528 2997 3568 esse.
3049 3510 3203 3567 Orth.
3233 3513 3290 3567 Si
3315 3512 3474 3568 Chri-
3556 3550 3565 3563 κ

1902 3602 2113 3657 stianus
2152 3618 2328 3666 esses,
2386 3618 2495 3657 non
2526 3618 2756 3672 negares
2814 3600 3011 3656 Filium
3062 3618 3185 3658 esse
3242 3604 3469 3662 bonum.

1902 3697 2091 3750 Anam.
2134 3694 2342 3749 Bonum
2370 3711 2478 3750 non
2505 3710 2627 3751 esse
2652 3710 2760 3748 non
2788 3692 2919 3760 dixi,
2955 3694 3049 3749 sed
3082 3710 3206 3749 eum
3243 3694 3469 3750 dixisse:

1906 3804 1924 3837 ι
1960 3786 2130 3841 Nemo
2183 3788 2381 3850 bonus,
2422 3787 2528 3842 nisi
2571 3801 2712 3840 unus
2753 3783 2914 3840 Deus.
2958 3805 2977 3836 ι
3036 3785 3190 3839 Orth.
3224 3783 3473 3840 Bonitate

1900 3876 2068 3947 igitur
2111 3877 2250 3932 dicis
2285 3876 2502 3932 diﬂ'erre
2553 3876 2769 3930 Patrem
2824 3892 2857 3929 a
2891 3875 3066 3931 Filio?
3117 3878 3309 3933 Anam.
3345 3877 3470 3948 Ipse

1900 3968 2037 4023 dixit
2064 3988 2075 4023 :
2113 3988 2132 4021 ι
2180 3968 2321 4036 Quid
2351 3986 2436 4025 me
2468 3971 2607 4025 dicis
2638 3969 2886 4024 bonum?
2913 3984 3077 4024 nemo
3101 3968 3301 4035 bonus,
3360 3970 3474 4026 nisi

1901 4076 2043 4116 unus
2085 4059 2248 4118 Deus.
2282 4080 2302 4114 ι
2373 4061 2527 4117 Orth.
2580 4060 2699 4116 Non
2735 4060 2895 4127 dixit,
2930 4058 3010 4115 Ne
3041 4076 3128 4116 me
3156 4061 3361 4116 bonum
3388 4062 3476 4119 di-

1900 4152 2042 4218 cito;
2076 4151 2193 4216 sed,
2235 4170 2254 4203 ι
2295 4151 2437 4217 Quid
2465 4166 2551 4206 me
2581 4151 2722 4206 dicis
2748 4149 2990 4206 bonum?
3019 4169 3040 4202 ι
3092 4150 3281 4206 Anam.
3314 4151 3473 4219 Quae-

1900 4258 2028 4298 nam
2057 4259 2188 4300 vero
2241 4243 2545 4299 dilIerentia
2575 4252 2657 4298 est
2687 4245 2830 4299 inter
2862 4242 3018 4306 illud,
3049 4240 3128 4298 Ne
3153 4258 3239 4299 me
3268 4243 3473 4300 bonum

1900 4335 2087 4399 dicito,
2118 4343 2173 4388 et
2197 4334 2351 4401 illud,
2389 4333 2531 4401 Quid
2560 4350 2646 4390 me
2678 4334 2818 4390 dicis
2863 4332 3113 4391 bonum?
3156 4332 3311 4392 Orth.
3360 4333 3474 4389 Ma-

1899 4442 2023 4498 gna.
2074 4428 2264 4483 Anam.
2301 4426 2604 4493 Quaenam?
2636 4425 2786 4482 Orth.
2844 4424 3002 4491 Illud,
3045 4423 3124 4480 Ne
3168 4440 3254 4480 me
3304 4424 3473 4480 dicito

157 4533 290 4603 γῶν
331 4547 419 4603 με
458 4527 629 4593 Θεόν;
660 4526 736 4589 ὡς
756 4525 837 4591 τὸ,
867 4544 886 4578 ‹
920 4525 984 4577 Τί
1011 4525 1069 4579 δέ
1100 4543 1166 4597 με
1195 4526 1431 4591 καλεῖτε,
1461 4526 1654 4598 Κύριε,
1679 4526 1794 4579 Κύυ

1905 4519 2121 4584 bonum,
2182 4518 2481 4573 bonitatem
2518 4518 2660 4571 tollit
2694 4536 2708 4572 :
2751 4516 2899 4572 istud
2952 4531 3103 4579 vero,
3163 4534 3182 4567 ι
3217 4514 3357 4582 Quid
3386 4532 3474 4571 me

151 4645 276 4700 ριε,
313 4625 436 4681 καὶ
483 4622 546 4675 οὐ
574 4623 797 4685 ποιεῖτε,
834 4620 870 4673 ἂ
898 4619 1077 4689 λέγω;
1111 4639 1129 4672 ι
1163 4620 1382 4691 Ἐπειδὴ
1413 4620 1489 4684 ὡς
1525 4619 1796 4691 ἀνθρώπῳ

149 4720 317 4794 ψιλῷ
347 4713 533 4785 αὐτῷ
560 4712 885 4785 προσῆλθεν,
918 4711 1106 4775 ἁπλῶς
1147 4710 1465 4764 διδάσκαλον
1493 4710 1796 4780 ὀνομάζων,

146 4813 248 4866 διὰ
263 4811 470 4865 τοῦτο
501 4805 672 4873 λέγει·
693 4822 714 4854 ι
740 4801 804 4855 Τί
826 4819 894 4873 με
910 4802 1087 4869 λέγεις
1102 4800 1325 4869 ἀγαθὸν,
1360 4819 1378 4851 ι
1403 4800 1478 4870 μὴ
1509 4799 1798 4862 πιστεύων,

142 4908 237 4961 ὅτι
272 4903 442 4965 Θεὸς
462 4900 588 4969 εἰμι
611 4915 627 4963 ;
658 4915 676 4946 ι
710 4895 897 4959 Οὐδεὶς
922 4893 1031 4964 γὰρ
1054 4892 1256 4962 ἀγαθὸς
1279 4892 1421 4963 εἰμὴ
1451 4885 1575 4954 εἷςό
1598 4890 1746 4954 Θεός.
1776 4909 1794 4942 ι

142 4999 383 5068 ,Ανόμο
409 4991 545 5049 Καὶ
574 4990 739 5059 ἡμεῖς
756 4987 1006 5058 λέγομεν,
1037 4987 1117 5038 ὅτι
1141 4984 1342 5054 ἀγαθός
1372 4987 1541 5048 ἐστιν,
1567 4982 1679 5036 ἀλλ’
1701 4982 1799 5052 οὐχ

135 5092 348 5153 οὕτως
379 5080 640 5152 ἀγαθὸς.
668 5079 743 5141 ὡς
767 5078 1015 5149 ὁΠατήρ.
1041 5079 1194 5143 Ὀρθ.
1215 5076 1405 5128 Καίτοι
1431 5073 1530 5126 οὐκ
1555 5072 1791 5144 εἴρηται,

133 5183 365 5245 οὐδεὶς
418 5171 674 5242 ἀγαθὸς,
706 5172 753 5222 εἰ
778 5170 852 5240 μὴ
866 5163 948 5232 εἷς
968 5171 996 5222 6
1017 5169 1237 5239 Πατήρο
1263 5166 1377 5219 ἀλλ’
1402 5185 1419 5215 ι
1444 5164 1631 5227 Οὐδεὶς
1659 5165 1798 5231 ἀγα-

128 5279 264 5343 θὸς,
313 5274 377 5327 εἰ
414 5266 517 5341 μὴ
544 5258 628 5326 εἷς
653 5264 682 5315 6
704 5262 856 5324 Θεός,
886 5280 904 5313 ι
934 5262 1059 5324 Πῶς
1086 5260 1142 5313 δὲ
1179 5259 1270 5313 καὶ
1301 5258 1577 5329 διαφέρειν
1618 5256 1801 5324 λέγεις

127 5374 243 5443 τὴν
298 5343 672 5433 ἀγαθότητα
692 5353 785 5406 τοῦ
817 5353 1027 5425 Πατρὸς
1046 5351 1148 5421 τῆς
1171 5349 1501 5422 ἁγαθότητος
1520 5347 1611 5403 τοῦ
1635 5347 1797 5413 Υίοῦς

86 5576 91 5580 ,
206 5523 261 5559 ⁸⁸
308 5518 449 5576 lsa.
498 5522 675 5572 xxvr,
712 5506 799 5563 18.
871 5509 889 5537 ι
923 5504 1087 5559 Marc.
1119 5521 1173 5570 x,
1209 5501 1297 5557 i8.
1374 5504 1394 5534 ⁸
1431 5501 1565 5557 Luc.
1601 5516 1677 5566 ιί,
1709 5499 1798 5555 46.

200 5678 342 5750 (6'5)
398 5671 521 5727 Sic
568 5665 714 5740 Reg.
761 5668 815 5716 et
863 5658 1038 5714 Palat.
1088 5654 1230 5712 Editi
1269 5671 1398 5712 vero
1444 5631 1606 5721 male,
1648 5654 1788 5707 ἀνω-

120 5758 365 5825 τέρωγ.

203 5802 341 5898 ῖόξι)
392 5816 574 5882 Reg.
613 5816 667 5865 et
696 5803 865 5862 Palat.
889 5802 1067 5859 δώσει.

1896 4610 2036 4665 dicis
2095 4608 2333 4664 bonum?
2370 4630 2389 4662 ι
2443 4608 2670 4679 perinde
2715 4616 2801 4663 est
2844 4617 3028 4677 atque,
3078 4607 3352 4673 Quorsum
3386 4622 3474 4661 me

1898 4702 2036 4759 dicis
2069 4702 2291 4765 bonum,
2345 4717 2447 4757 nec
2485 4716 2573 4756 me
2601 4699 2884 4755 conﬁteris
2910 4699 3080 4755 Deum
3126 4698 3296 4754 esse?
3318 4707 3375 4751 ut
3416 4708 3473 4752 et

1900 4796 2033 4850 illud
2065 4814 2078 4848 :
2115 4814 2133 4846 (
2173 4794 2316 4861 Quid
2348 4809 2434 4849 me
2473 4794 2721 4856 vocatis,
2773 4790 3022 4855 Domine,
3062 4789 3311 4853 Domine,
3370 4804 3471 4843 nec

1900 4886 2079 4941 facitis
2106 4901 2226 4956 quae
2256 4886 2458 4940 dico'?
2488 4906 2506 4936 ι
2550 4883 2819 4950 Quoniam
2846 4882 3014 4950 igitur
3048 4882 3139 4936 ille
3175 4889 3235 4934 ut
3263 4880 3467 4939 nudum

1905 4977 2176 5031 hominem
2231 4976 2365 5030 adiit
2420 4976 2621 5045 ipsum,
2680 4974 3002 5044 Magistrum
3026 4971 3347 5041 simpliciter
3375 4987 3471 5025 vo-

1900 5082 2052 5132 cans,
2087 5073 2372 5136 propterea
2410 5065 2586 5134 inquit
2620 5084 2632 5119 :
2671 5083 2690 5115 (
2725 5062 2867 5130 Quid
2900 5079 2987 5118 me
3016 5062 3218 5117 bonum
3248 5061 3405 5126 dicis,
3445 5080 3463 5113 ι

1901 5174 2008 5215 non
2041 5157 2269 5213 credens
2312 5157 2461 5227 quod
2484 5157 2586 5212 sim
2627 5155 2814 5211 Deus?
2844 5174 2862 5206 ‹
2900 5154 3070 5209 Nemo
3096 5152 3238 5207 enim
3267 5153 3466 5216 bonus,

1901 5251 2007 5306 nisi
2037 5266 2180 5305 unus
2214 5248 2377 5303 Deus.
2418 5268 2439 5301 ι
2509 5250 2700 5301 Anam.
2736 5245 2983 5300 Dicimus
3015 5251 3071 5300 et
3097 5258 3224 5307 nos,
3287 5242 3466 5313 ipsum

1901 5345 2105 5401 bonum
2148 5357 2291 5407 esse,
2328 5342 2424 5399 sed
2455 5354 2565 5395 non
2592 5340 2664 5393 ita
2698 5340 2924 5405 bonum,
2962 5345 3023 5392 ut
3051 5337 3228 5394 bonus
3256 5342 3343 5391 est
3365 5333 3469 5389 Pa-

1968 5650 2076 5721 (65)
2116 5650 2222 5703 Τοῦ
2248 5647 2381 5721 Υίοῦ
2414 5640 3213 5721 deest_in_Palatino.‘lbid_.,Aéo
3240 5637 3327 5721 τιῖι
3341 5635 3472 5691 Θεὸν

1897 5704 2237 5789 καὶΠάτέρα
2267 5714 2428 5789 εἶναι.
2454 5716 2615 5789 Εέιὶιί,
2653 5717 2710 5768 ὲν
2746 5714 2825 5786 τῷ
2857 5712 2976 5785 Θεῷ
3009 5704 3256 5768 καὶθεὸν
3280 5704 3439 5767 εἶναι.
3483 5747 3492 5771 τ

1972 5792 2105 5861 (65')
2144 5785 2323 5860 Vulg,
2356 5785 2441 5863 ᾗς.
2476 5786 2632 5841 Eutr.

2918 5915 3007 5925 ...ρ-ι-.
