3982 6398
520 345 661 404 “'65

1616 351 1674 405 S.
1716 349 2180 408 ATHANASIUS.
2214 382 2284 394 —
2314 349 2583 410 SPURIA.

3604 356 3741 417 H36

517 471 621 516 ter.
657 462 818 522 Orth.
851 464 1010 535 Atqui
1046 480 1153 518 non
1186 462 1342 526 dixit,
1373 462 1542 517 Nemo
1575 463 1773 527 bonus,
1803 463 1908 518 nisi
1934 480 2044 519 unu

2149 461 2322 538 _"Apa
2348 467 2421 538 μὴ
2448 466 2705 537 μεμίχθαι
2746 467 3008 540 πονηρίαν
3042 470 3106 540 τῇ
3139 469 3435 540 ἀγαθότητι
3465 469 3560 523 τοῦ
3616 471 3746 529 Υἱοῦ

516 555 698 621 Pater,
729 555 845 620 sed,
881 574 901 605 ι
952 554 1119 610 Nemo
1154 556 1327 609 bonus
1359 563 1486 617 est,‘
1513 552 1619 607 nisi
1657 569 1798 607 unus
1851 551 2014 608 Deus.
2050 573 2068 606 ι

517 646 598 700 Tu
628 661 756 702 vero
791 660 890 700 cur
947 645 1086 699 dicis
1133 643 1350 698 diﬂerre
1377 643 1676 698 bonitatem
1703 642 1876 699 Patris
1911 659 1941 698 a
1976 645 2074 698 bo~

515 739 686 794 nitate
714 735 882 792 Filii?
907 735 1045 791 Num
1082 736 1248 806 igitur
1283 735 1566 790 existimas
1607 735 1884 805 quidpiam
1939 735 2070 789 mali

511 831 808 884 immistum
836 844 956 884 esse
987 827 1213 883 bonitati
1264 826 1407 893 Filii,
1441 841 1612 896 eoque
1643 842 1671 879 a
1707 827 1946 882 bonitate
1964 825 2072 881 Pa-

510 923 609 978 tris
640 921 894 976 dilTerre?
927 921 1116 975 Anam.
1149 920 1342 976 Absit!
1379 935 1489 974 non
1521 920 1644 974 dico
1670 919 1888 974 malitia:
1913 919 2072 990 quid-

2179 555 2433 626 νομίζεις,
2481 556 2575 608 καὶ
2628 555 2716 608 διὰ
2761 556 2916 609 τοῦτο
2961 556 3234 626 διαφέρειν
3287 556 3382 627 τὴν
3413 555 3508 610 τοῦ
3538 558 3746 630 Πατρὸς

2177 646 2518 718 ἀγαθότητα;
2552 647 2749 716 Ἀνόμ.
2797 648 2888 717 Μὴ
2916 647 3152 716 γένοιτοῐ
3208 649 3271 701 οὐ
3305 648 3448 716 λέγω
3485 649 3745 719 μεμίχθαι

2176 739 2435 810 πονηρίαν
2473 742 2538 811 τῇ
2565 737 2659 792 τοῦ
2695 738 2824 792 Υίοῦ
2861 740 3170 808 ἀγαθότητι,
3205 739 3342 794 ἀλλὰ
3372 739 3472 811 τὴν
3505 739 3599 792 τοῦ
3633 741 3741 793 Πα-

2174 831 2300 903 τρὸς
2331 832 2637 902 ἀγαθότητα
2656 832 2926 904 διαφέρειν
2955 832 3053 902 τῆς
3075 833 3164 885 τοῦ
3194 831 3352 885 Υἰοῦ.
3397 833 3554 899 Ὀρθ.
3585 831 3740 886 Ἀλλὰ

2175 924 2444 996 ἁγαθὸτης
2489 924 2822 995 ἀγαθὸτητος
2877 925 3029 978 οὐδὲν
3082 925 3350 996 διαφέρει,
3394 919 3428 999 ᾖ
3471 924 3740 994 ἁγαθότης

507 1013 646 1081 piam
682 1011 979 1066 immistum
1025 1026 1147 1067 esse
1177 1010 1406 1066 bonitati
1459 1009 1607 1077 Filii,
1657 1025 1842 1066 verum
1895 1009 2074 1067 Patris
2177 1016 2342 1072 ἐστίν.

505 1103 798 1157 bonitatem
873 1101 1091 1156 diil‘erre
1153 1117 1184 1156 a
1230 1101 1354 1156 Filii
1405 1103 1668 1157 bonitate.
1762 1099 1917 1156 Orth.
1974 1099 2080 1157 Sed
2119 1103 2336 1163 bonitas
2378 1109 2679 1164 abonitate
2747 1107 2880 1161 nihil
2919 1106 3116 1172 diﬂ'ert,
3179 1117 3452 1179 quatenus
3499 1117 3588 1165 est
3641 1109 3740 1166 bo-

503 1207 664 1248 nitas.

574 1286 658 1340 12.
701 1287 889 1340 Anam.
950 1286 1144 1339 Annon
1189 1301 1317 1340 vero
1374 1285 1467 1342 Dei
1525 1287 1739 1343 bonitas
1785 1287 1964 1344 diﬂ'ert
1993 1288 2063 1344 ab

501 1391 560 1431 ea
604 1376 1022 1447 bonitate,.quae
1054 1379 1110 1431 in
1141 1377 1298 1433 nobis
1337 1380 1460 1433 est?
1515 1377 1668 1433 Orth.
1704 1377 1906 1449 Nempe
1958 1381 2064 1434 alia

499 1469 743 1540 quaedam
793 1477 878 1524 est
931 1470 987 1524 in
1041 1470 1201 1525 nobis
1232 1470 1468 1533 bonitas,
1526 1487 1686 1541 quam
1738 1470 1881 1526 Deus
1924 1471 2060 1543 ipse.

499 1563 687 1617 Anam.
743 1561 916 1617 Judaei
958 1563 1122 1634 igitur
1152 1570 1206 1617 et
1246 1560 1416 1617 Graeci
1471 1562 1742 1619 habentne
1791 1563 1957 1619 Deum
2008 1565 2064 1619 in

498 1657 659 1712 sese?
693 1655 848 1711 Orth.
880 1657 992 1710 Imo
1021 1672 1088 1711 ne
1113 1657 1159 1712 is
1198 1657 1413 1727 quidem
1446 1655 1614 1712 Deum
1643 1657 1805 1713 habet
1837 1659 1892 1712 in
1921 1674 2060 1724 sese,

499 1749 588 1820 qui
645 1748 966 1818 simpliciter
990 1747 1190 1801 dicitur
1212 1747 1560 1804 Christianus
1588 1767 1601 1802 :
1649 1749 1741 1803 sed
1772 1749 1820 1804 is
1847 1747 2062 1804 demum

2240 1288 2326 1342 12.
2353 1288 2550 1357 Ἀτ·ὀμ.
2582 1288 2654 1340 Οὐ
2676 1288 2916 1359 διαφέρει
2936 1291 2968 1359 ἡ
2986 1289 3078 1342 τοῦ
3107 1288 3242 1342 Θεοῦ
3260 1291 3534 1364 ἀγαθότης
3559 1296 3659 1366 τῆς
3681 1297 3736 1350 ἐν

2169 1381 2300 1451 ἡμῖν
2335 1380 2696 1450 ὰγαθότητοςς
2716 1381 2873 1448 Ὀρθ.
2891 1382 3042 1434 Ἐστι
3064 1382 3218 1453 (65")
3237 1383 3345 1454 γὰρ
3367 1385 3424 1437 ὲν
3451 1386 3583 1454 ἡμῖν
3604 1389 3735 1456 ἀγα-

2173 1471 2333 1543 θότης
2354 1472 2484 1543 ἄλλη
2506 1491 2588 1535 τις
2607 1472 2734 1544 παρ’
2747 1472 2908 1527 αὐτὸν
2934 1473 3022 1526 τὸν
3039 1474 3184 1527 Θεόν.
3203 1475 3402 1544 Ἀνέμ.
3417 1478 3480 1530 Οἱ
3499 1479 3734 1535 Ἰουδαῖοι

2167 1558 2258 1616 οὖν
2281 1563 2376 1616 καὶ
2403 1563 2661 1633 Ἕλληνες
2704 1563 2793 1615 τὸν
2827 1562 2958 1615 Θεὸν
2995 1564 3051 1615 ὲν
3076 1565 3283 1628 ἑαυτοῖς
3308 1565 3555 1636 έχουσιν;
3583 1572 3732 1637 Ὀρθ.

2166 1654 2305 1708 Ἀλλ’
2365 1655 2483 1708 οὐδὲ
2508 1658 2536 1708 6
2566 1654 2751 1717 ἁπλῶς
2790 1654 3076 1724 λεγόμενος
3128 1657 3448 1728 Χριστιανὸς
3475 1662 3534 1713 ὲν
3562 1661 3734 1733 ἐαυτῷ

2127 1743 2278 1815 ’“τέχει
2329 1746 2419 1800 τὸν
2463 1746 2615 1807 Θεὸν,
2658 1745 2772 1799 ἀλλ’
2826 1747 3030 1809 ἐκεῖνος
3079 1746 3191 1817 ἔχει
3232 1750 3260 1800 6
3319 1749 3632 1816 ὑποπιάσας
3675 1754 3732 1806 τὸ

497 1843 678 1905 habet,
713 1841 806 1911 qui
861 1856 1058 1911 corpus
1101 1856 1260 1895 suum
1315 1840 1501 1895 afﬂixit
1546 1849 1598 1896 et
1635 1843 1691 1895 in
1741 1842 2045 1896 servitutem

2160 1838 2316 1909 σῶμα
2333 1838 2876 1908 καὶδουλαγωγήσας,
2900 1837 3037 1890 ὥστε
3054 1838 3306 1892 δύνασθαι
3323 1841 3521 1910 λέγειν·
3547 1863 3565 1894 ς
3589 1845 3735 1897 Ἐπεὶ

496 1933 653 2007 415
703 1934 930 2005 redegit,
981 1943 1041 1988 ut
1091 1934 1266 2005 possit
1307 1933 1524 1989 dicere:
1560 1952 1578 1985 σ
1612 1934 1694 1989 An
1723 1935 2058 2006 experimen-

494 2037 602 2083 tum
636 2029 877 2100 quzeritis
904 2027 1023 2098 ejus
1073 2027 1164 2098 qui
1216 2027 1272 2081 in
1303 2043 1389 2082 me
1427 2027 1690 2097 loquitur,
1723 2027 1921 2083 Christi
1952 2027 1991 2080 ³.
2031 2046 2050 2079 ι

493 2120 592 2187 Qui
620 2121 765 2175 enim
791 2121 916 2175 talis
954 2127 1056 2182 est,
1089 2118 1295 2173 audita
1319 2118 1540 2173 Christo
1576 2137 1588 2172 :
1626 2137 1644 2170 ι
1681 2119 1863 2174 Bonus
1893 2119 2054 2172 homo

491 2213 555 2266 dc
597 2212 740 2267 bono
771 2212 1029 2267 thesauro
1062 2210 1244 2266 cordis
1274 2210 1483 2280 profert
1547 2211 1690 2266 bona
1711 2211 1754 2263 ⁸.
1799 2230 1818 2263 ›
1861 2211 2050 2264 Anam.

490 2303 544 2358 Si
567 2304 744 2358 bonus
771 2311 854 2358 est
885 2303 1067 2366 homo,
1096 2301 1188 2372 qui
1215 2317 1278 2354 ex
1306 2316 1406 2357 suo
1447 2301 1614 2356 corde
1658 2301 1798 2355 bona
1825 2299 2050 2370 profert,

488 2395 758 2466 quomodo
787 2407 948 2447 nemo
987 2392 1163 2448 bonus
1193 2397 1297 2455 cst,
1333 2391 1441 2446 nisi
1470 2407 1614 2446 unus
1637 2390 1842 2446 ~Dcus?
1895 2389 2047 2445 Orth.

487 2484 752 2549 Quoniam
783 2481 928 2538 Deus
969 2498 1078 2536 non
1112 2489 1195 2537 est
1232 2483 1411 2537 bonus
1445 2481 1866 2552 participatione
1893 2481 2050 2535 boni-

486 2575 632 2639 tatis,
669 2575 762 2629 sed
821 2583 906 2629 est
944 2575 1061 2644 ipsa
1093 2574 1346 2629 bonitas:
1377 2574 1541 2628 homo
1605 2588 1736 2628 vero
1791 2573 2049 2628 bonitatis

486 2667 898 2738 participatione
924 2667 1100 2721 bonus
1123 2674 1226 2721 est.
1258 2666 1446 2720 Anam.
1479 2665 1673 2719 Annon
1718 2665 1891 2736 angeli
1923 2672 2049 2720 sunt

487 2768 682 2815 natura
729 2760 896 2814 boni?
948 2758 1102 2814 Orth.
1140 2757 1367 2826 Natura,
1402 2771 1786 2828 nequaquam:
1828 2756 2050 2826 partici-

485 2853 720 2922 patione,
773 2852 951 2922 plane.
1006 2851 1140 2905 Nam
1170 2850 1313 2920 quod
1344 2861 1537 2904 natura
1566 2849 1766 2903 bonum
1801 2855 1904 2913 est,
1939 2863 2046 2902 non

485 2952 742 3008 mutatur,
770 2951 1034 3014 quantum
1081 2942 1147 2995 ad
1177 2941 1252 3004 id,
1288 2941 1432 3010 quod
1459 2948 1542 2995 cst
1589 2947 1804 2993 natura.
1853 2939 2042 2992 Anam.

485 3036 722 3108 Exempli
754 3036 956 3090 causa?
991 3035 1142 3090 Ortlz.
1201 3033 1374 3088 Homo
1419 3041 1611 3087 natura
1674 3047 1780 3086 non
1809 3040 2047 3086 mutatur

483 3129 678 3197 {neque
706 3128 851 3180 enim
886 3125 943 3179 lit
976 3125 1122 3179 aliud
1152 3123 1403 3194 natura);
1434 3123 1526 3178 sed
1577 3124 1758 3178 studio
1785 3131 1838 3178 et
1879 3124 2046 3177 mori-

483 3226 579 3274 bus
633 3227 876 3272 mutatur
913 3237 925 3271 :
966 3203 1246 3288 siquidem.
1279 3215 1528 3272 eumdem
1599 3215 1762 3270 modo
1813 3215 2043 3280 bonum,

482 3309 638 3363 modo
667 3309 868 3362 malum
920 3308 1252 3362 videbiszut
1303 3305 1556 3368 Paulum,
1617 3306 1778 3361 modo
1827 3306 2043 3377 quidem

482 3408 908 3470 persecutorem,
944 3399 1102 3453 modo
1133 3415 1260 3453 vero
1302 3398 1578 3468 Evangelii
1609 3413 1947 3468 praeconem;
1991 3407 2044 3453 et

481 3493 722 3548 eumdem
785 3491 947 3544 modo
975 3490 1186 3545 Christi
1223 3489 1576 3560 discipulum,
1606 3490 1769 3544 modo
1810 3490 2045 3560 prodito-

480 3599 609 3648 rem,
642 3593 703 3638 ut
745 3580 938 3636 Judam
977 3601 989 3634 :
1024 3591 1076 3636 et
1114 3580 1357 3651 angelos,
1389 3580 1551 3636 modo
1587 3581 1804 3651 quidem
1846 3581 2038 3644 malos,

479 3677 630 3731 modo
661 3690 790 3730 vero
821 3675 1012 3729 bonos.
1063 3673 1251 3727 Anam.
1289 3672 1428 3727 Num
1476 3688 1606 3729 vero
1635 3673 1829 3743 angeli,
1878 3671 2043 3726 modo

478 3767 621 3832 mali,
674 3765 834 3819 modo
880 3762 1060 3818 boni?
1121 3761 1275 3816 Orth.
1319 3761 1601 3832 Scriptura
1643 3762 1860 3834 inquit:
1897 3780 1916 3813 π
1949 3761 2041 3815 Ει-

477 3861 609 3914 enim
649 3861 696 3915 si
739 3859 969 3930 angelis,
1011 3858 1102 3928 qui
1145 3865 1464 3926 pcccarunt,
1515 3869 1622 3909 non
1657 3855 1898 3924 pepercit
1931 3855 1972 3907 ⁸.
2012 3873 2032 3907 ι

477 3951 534 4004 At
569 3952 613 4008 si
647 3958 966 4021 peccarunt,
1011 3957 1158 4004 certe
1183 3948 1501 4004 exciderunt
1528 3947 1787 4002 bonitate.
1821 3947 1877 4000 In
1917 3946 2039 4000 uni-

477 4058 684 4098 versum
722 4043 956 4112 denique
993 4041 1212 4095 condita
1253 4054 1341 4095 res
1381 4040 1561 4094 omnis
1598 4039 1707 4094 Deo
1744 4039 1928 4108 digna,
1983 4044 2037 4094 et

477 4140 551 4186 est
585 4140 639 4186 et
690 4132 892 4186 dicitur
929 4133 1070 4186 bona
1111 4131 1178 4184 ob
1227 4130 1694 4199 participationem
1732 4129 2029 4185 bonitatis:

476 4221 610 4278 Deus
649 4237 813 4288 vero,
838 4221 931 4291 qui
967 4221 1145 4275 bonus
1182 4227 1266 4274 est
1304 4227 1519 4284 natura,
1585 4229 1669 4274 est
1706 4221 1826 4289 ipsa
1877 4220 2035 4273 boni-

475 4328 593 4380 .as;
654 4313 1008 4383 quamobrem
1064 4311 1226 4366 etiam
1267 4325 1427 4364 nemo
1466 4310 1665 4374 bonus,
1724 4310 1832 4363 nisi
1890 4325 2032 4364 unus

476 4405 630 4461 Deus.
693 4405 884 4460 Anam.
944 4403 1086 4472 Ergo
1125 4402 1297 4456 Filius
1335 4403 1512 4456 bonus
1549 4408 1673 4467 est,
1730 4410 1790 4455 ut
1828 4401 2032 4456 Pater?

2155 1930 2383 2001 δοκιμὴν
2411 1931 2620 2002 ζητεῖτε
2649 1929 2744 1983 τοῦ
2779 1932 2836 1982 ὲν
2869 1931 2993 2001 ἐμοὶ
3007 1931 3288 1996 λαλοῦντος
3316 1933 3577 2005 Χριστοῦ.
3615 1954 3634 1986 ι
3678 1937 3734 1990 '0

2156 2021 2262 2094 γὰρ
2286 2022 2524 2085 τοιοῦτος
2543 2022 2728 2075 ἀκούει
2753 2022 2901 2094 παρὰ
2928 2021 3020 2076 τοῦ
3039 2024 3295 2094 Χριστοῦ·
3318 2044 3335 2076 ι
3361 2027 3418 2078 Ὀ
3434 2027 3637 2094 ἀγαθὸς
3652 2031 3730 2083 ἄν·

2156 2115 2368 2186 θρωπος
2389 2116 2452 2169 ὲκ
2473 2115 2564 2168 τοῦ
2587 2113 2791 2184 ἀγαθοῦ
2820 2115 3092 2187 θησαυροῦ
3111 2117 3208 2186 τῆς
3230 2118 3456 2187 καρδίας
3472 2122 3729 2192 προφέρει

2151 2202 2221 2256 τὰ
2235 2203 2434 2271 ἀγαθά.
2469 2223 2487 2255 ›
2523 2205 2716 2273 Ἀνόμ.
2743 2205 2806 2258 Εἰ
2835 2204 2980 2257 ἔστιν
3010 2206 3209 2273 ἀγαθὸς
3237 2208 3521 2276 ἄνθρωπος
3546 2213 3574 2263 6
3606 2229 3728 2284 προ-

2154 2297 2333 2369 φέρων
2364 2300 2428 2351 ὲκ
2458 2298 2556 2368 τῆς
2585 2297 2810 2367 καρδίας
2839 2296 2909 2349 τὰ
2952 2298 3150 2366 ἀγαθὰ,
3192 2300 3306 2362 πῶς
3335 2302 3507 2365 οὐδεὶς
3533 2304 3728 2372 ἀγαθὸς

2153 2392 2199 2443 εἰ
2245 2391 2319 2462 μὴ
2371 2385 2451 2454 εἷς
2482 2390 2693 2455 ὁΘεός;
2741 2389 2894 2457 Ὀρθ.
2935 2391 3056 2442 Ὅτι
3081 2393 3109 2443 6
3136 2391 3267 2454 Θεὸς
3311 2393 3372 2445 οὐ
3418 2395 3561 2448 κατὰ
3607 2414 3726 2467 μετ-

2151 2483 2284 2554 οχὴν
2345 2483 2678 2554 ἁγαθὸτητός
2728 2483 2874 2536 ἐστιν
2926 2482 3175 2550 ἀγαθὸς,
3213 2483 3327 2537 ἀλλ’
3384 2486 3548 2551 αὐτός
3588 2489 3725 2542 ἐστιν

2152 2574 2428 2646 ἀγαθότης
2449 2593 2462 2604 ’
2496 2577 2524 2628 6
2557 2576 2612 2628 δὲ
2640 2575 2924 2646 ἄνθρωπος
2960 2579 3156 2647 μετοχῇ
3191 2577 3525 2648 ἅγαθότητός
3586 2583 3723 2635 ἐστιν

2150 2666 2371 2735 ἀγαθός.
2421 2668 2607 2736 Ἀνόμ.
2639 2667 2746 2720 Kal
2778 2669 2825 2720 oi
2857 2667 3074 2736 ἄγγελοι
3102 2670 3200 2721 οὐκ
3227 2670 3366 2723 εἰσὶν
3423 2673 3619 2740 ἁγαθοὶ
3659 2677 3719 2744 τῇ

2149 2755 2341 2826 φύσει;
2389 2759 2536 2826 Ὀρθ.
2585 2758 2662 2829 Τῇ
2713 2757 2890 2827 φύσει,
2927 2757 3022 2810 οὖ’
3078 2763 3298 2831 μετοχῇ,
3345 2763 3453 2816 ναί.
3507 2765 3580 2818 Τὸ
3621 2764 3721 2836 γὰρ

2147 2847 2206 2901 ὃν
2251 2852 2316 2920 τῇ
2363 2849 2522 2918 φύσει
2586 2849 2807 2919 ἀγαθὸν,
2840 2853 2869 2903 ὃ
2901 2853 3017 2905 ἐστι
3065 2855 3130 2922 τῇ
3183 2853 3366 2922 φύσει,
3425 2855 3488 2908 οὐ
3535 2857 3718 2927 τρέπε·

2146 2959 2257 2994 ται.
2304 2943 2500 3010 Ἀνέμ.
2551 2938 2674 2995 Οἶον
2703 2942 2785 3008 τί;
2830 2944 2982 3011 Ὀρθ.
3020 2944 3337 3016 Ἀνθρωπος
3374 2950 3439 3017 τῇ
3475 2948 3633 3017 φύσει
3661 2950 3716 3002 οὐ

2147 3032 2437 3102 τρέπεται·
2495 3033 2554 3085 οὐ
2599 3032 2705 3105 γὰρ
2753 3033 2960 3102 γίνεται
2992 3035 3118 3088 ἄλλο
3158 3053 3208 3088 τι
3240 3040 3304 3107 τῇ
3337 3037 3533 3105 φύσει·
3572 3042 3715 3112 τῇδὲ

2148 3125 2464 3196 προαιρέσει
2486 3127 2745 3196 τρέπεται
2765 3145 2778 3158 ο
2812 3127 2901 3180 τὸν
2921 3127 3029 3199 γὰρ
3065 3128 3224 3182 αὑτὸν
3243 3129 3363 3198 ὄψει
3407 3132 3540 3185 ποτὲ
3560 3151 3712 3204 πονη-

2154 3214 2264 3285 ρὸν,
2288 3217 2417 3270 ποτὲ
2439 3217 2660 3285 ἀγαθόν’
2691 3218 2766 3281 ὡς
2791 3218 3018 3282 Παῦλον,
3038 3218 3166 3271 ποτὲ
3195 3219 3292 3289 μὲν
3315 3219 3576 3291 διώκτην,
3594 3223 3710 3276 ποτὲ

2145 3305 2201 3358 δὲ
2231 3306 2616 3378 εὐαγγελιστήν
2635 3326 2647 3338 ο
2685 3310 2776 3362 καὶ
2805 3309 2894 3362 τὸν
2927 3311 3084 3363 αὐτὸν
3115 3311 3243 3364 ποτὲ
3285 3312 3558 3384 μαθητὴν,
3591 3317 3709 3368 ποτὲ

2147 3397 2411 3471 προδότην
2439 3399 2572 3469 (66),
2620 3399 2695 3463 ὡς
2736 3399 2826 3453 τὸν
2873 3400 3105 3453 ’ἰούδαν·’
3141 3401 3236 3454 καὶ
3265 3390 3554 3471 ἀγγέλους,
3592 3407 3706 3461 ποτὲ

2148 3489 2247 3561 μὲν
2273 3492 2562 3562 πονηροὺς,
2612 3490 2742 3543 ποτὲ
2773 3492 2827 3544 δὲ
2861 3492 3112 3560 ἀγαθούς.
3145 3495 3343 3563 Ἀνόμ.
3376 3496 3490 3550 Kal
3523 3499 3625 3568 γὰρ
3663 3501 3706 3552 οί

2143 3579 2362 3648 ἄγγελοι
2408 3580 2536 3633 ποτὲ
2572 3581 2816 3650 πονηροὶ,
2871 3582 2963 3634 καὶ
3010 3583 3139 3636 ποτὲ
3189 3584 3414 3652 ἀγαθοί;
3463 3589 3616 3656 Ὀρθ.
3649 3590 3702 3643 Ἦ

2142 3667 2330 3740 Γραφὴ
2360 3665 2510 3722 εἶπεν
2529 3687 2542 3702 ·
2583 3689 2602 3721 ‹
2651 3671 2713 3723 Εί
2740 3669 2845 3743 γὰρ
2878 3671 3121 3740 ἀγγέλων
3157 3673 3592 3747 ἁμαρτησάντων
3617 3678 3702 3732 οὐκ

2141 3759 2413 3828 ἐφείσατο.
2455 3781 2474 3814 ι
2504 3763 2566 3815 Εἰ
2593 3762 2650 3816 δὲ
2680 3763 2943 3834 ἥμαρτον,
2971 3765 3150 3836 δῆλον,
3189 3751 3278 3820 ὅτι
3315 3769 3572 3833 ἐξέπεσον
3613 3771 3698 3842 τῆς

2139 3852 2490 3923 ἀγαθάτητος.
2524 3855 2632 3908 Kal
2670 3854 2894 3908 καθόλου
2926 3858 3128 3928 πᾶσαὴ
3162 3857 3287 3924 ἀξία
3319 3859 3416 3912 τοῦ
3443 3862 3577 3915 Θεοῦ
3597 3861 3696 3916 κτί-

2139 3961 2223 4007 σις
2256 3949 2454 4017 μετοχῇ
2488 3946 2819 4017 ἀγαθότητος
2867 3946 3082 4016 λέγεται
3113 3949 3207 4001 καὶ
3240 3951 3387 4005 ἐστιν
3427 3954 3638 4025 ἀγαθή·
3669 3956 3694 4007 6

2136 4035 2192 4089 δὲ
2218 4036 2370 4102 Θεὸς,
2395 4038 2552 4108 φύσει
2591 4039 2665 4092 ὢν
2689 4037 2906 4107 ἀγαθὸς.
2936 4040 3096 4102 αὐτός
3124 4041 3268 4094 ἐστιν
3292 4042 3567 4115 ἀγαθότης
3583 4063 3596 4076 ·
3625 4044 3693 4098 διὸ

2135 4129 2230 4182 καὶ
2267 4131 2444 4194 οὐδεὶς
2465 4130 2683 4199 ἀγαθὸς,
2721 4133 2768 4183 εἰ
2819 4131 2894 4201 μὴ
2940 4126 3018 4193 εἷς
3051 4133 3078 4184 6
3117 4133 3269 4194 Θεός.
3309 4137 3510 4204 Ἀνόμ.
3541 4136 3644 4189 Kal
3666 4137 3691 4188 6

2135 4219 2262 4283 Υἱὸς
2313 4217 2407 4274 οὖν
2444 4220 2616 4284 οὕτως
2662 4222 2808 4274 ἐστὶν
2841 4221 3063 4289 ἀγαθὸς,
3106 4222 3180 4285 ὡς
3217 4223 3246 4273 6
3279 4223 3506 4294 Πατήρς
3553 4227 3688 4293 Ὀρθ.

2134 4311 2243 4365 Kal
2275 4314 2435 4368 πάνυ.
2470 4315 2667 4383 Ἀνόμ.
2695 4314 2805 4367 Καὶ
2838 4313 2954 4377 πῶς
2980 4313 3201 4368 δύναται
3240 4314 3494 4382 λέγεσθαι
3540 4337 3557 4368 ι
3595 4318 3686 4372 Οὑ-

2132 4403 2246 4466 δεὶς
2279 4403 2503 4471 ἀγαθὸς,
2536 4407 2585 4458 εί
2629 4406 2704 4474 μὴ
2736 4401 2816 4468 εἷς
2854 4407 2881 4458 6
2907 4404 3040 4468 Θεὸς
3061 4445 3075 4468 ,
3110 4424 3128 4457 ι
3163 4405 3288 4468 Υἱὸς
3315 4409 3410 4460 καὶ
3444 4409 3628 4478 Πατὴρ
3649 4409 3686 4460 εἰ

471 4498 622 4556 ονιΙι.
686 4498 828 4553 Sanc
891 4496 1130 4566 quidem.
1198 4496 1387 4549 Anam.
1437 4493 1607 4564 Ecqui
1662 4492 1768 4547 dici
1808 4501 2022 4564 potest:

2149 4491 2263 4556 356.;
2308 4493 2450 4564 (67);
2493 4495 2644 4561 Ὀρθ.
2679 4490 2773 4557 Εἷς
2814 4494 2944 4559 Θεὸς
2993 4496 3120 4558 Υἱὸς
3166 4496 3258 4549 καὶ
3289 4497 3499 4569 Πατὴρ,
3534 4500 3592 4551 οὐ
3628 4500 3686 4567 τῇ

473 4611 490 4643 ι
519 4591 689 4647 Nemo
724 4592 924 4652 bonus,
953 4588 1059 4643 nisi
1089 4601 1232 4641 unus
1270 4585 1443 4648 Deus,
1479 4603 1498 4636 ι
1539 4584 1586 4640 si
1625 4583 1795 4640 Filius
1831 4593 1885 4640 et
1927 4583 2030 4638 Pa-

472 4701 568 4751 ter,
608 4683 772 4738 boni?
817 4701 835 4734 ι
882 4680 1034 4736 Orth.
1064 4678 1225 4733 Pater
1255 4685 1306 4733 et
1322 4675 1495 4732 Filius
1534 4686 1662 4732 sunt
1693 4693 1834 4733 unus
1865 4676 2026 4740 Deus,

471 4793 571 4830 non
613 4773 915 4846 hypostasi,
957 4772 1052 4828 sed
1089 4771 1278 4826 eadem
1317 4769 1640 4826 substantia:
1675 4770 1927 4825 ratione:
1969 4777 2027 4822 ut

469 4885 652 4924 omnes
693 4866 943 4922 homines
1014 4871 1143 4918 sunt
1203 4879 1345 4918 unus
1385 4864 1439 4916 in
1481 4863 1724 4925 Christo,
1780 4875 1890 4916 non
1929 4861 2028 4933 hy-

465 4961 704 5031 postasi,
747 4959 842 5015 sed
896 4959 1109 5014 ratione
1163 4957 1518 5021 substantiae,
1575 4963 1630 5010 et
1681 4955 1751 5009 ob
1799 4969 2028 5009 concor-

470 5052 624 5106 diam.
655 5051 843 5105 Anam.
870 5049 1159 5103 Enimvero
1182 5063 1362 5102 annon
1400 5046 1546 5101 aliud
1583 5053 1666 5101 est
1699 5045 2026 5107 substantia,

470 5142 610 5194 aliud
654 5140 1007 5212 hypostasis?
1057 5139 1207 5195 Orth.
1276 5139 1434 5193 Aliud
1472 5147 1526 5193 et
1565 5137 1731 5202 aliud,
1790 5151 1900 5191 non
1945 5145 2027 5190 ta-

469 5246 588 5287 men
626 5240 685 5285 ut
721 5248 832 5289 res.
892 5234 1082 5288 Anam.
1144 5232 1286 5303 Ergo
1337 5231 1661 5303 compositio
1699 5231 2025 5285 invenietur.

469 5321 620 5378 Orth.
657 5324 818 5380 Aliud
855 5333 910 5381 et
948 5326 1095 5380 aliud
1164 5327 1311 5391 dixi,
1385 5341 1494 5381 non
1556 5338 1734 5381 tamen
1800 5333 1860 5380 ut
1909 5339 2025 5380 rem

539 5458 560 5490 ³
598 5457 639 5513 ll
671 5460 800 5515 Cor.
834 5477 965 5518 xm.
1003 5461 1058 5516 5.

543 5596 694 5666 (65")
725 5597 932 5653 Sensus
962 5597 1220 5668 postulat,
1260 5597 1317 5651 ni
1359 5595 1534 5663 fallor,
1578 5607 1636 5652 ut
1683 5599 1896 5668 legatur
1931 5598 2029 5652 οὑκ

469 5683 602 5720 scca.
637 5669 786 5722 Earr.
817 5668 1048 5722 Ρλτιιοι..

539 5738 648 5792 (66)
688 5738 798 5791 Kal
829 5738 916 5792 τὸν
947 5737 1209 5797 μαθητὴν,
1236 5739 1362 5792 ποτὲ
1379 5738 1434 5793 δὲ
1456 5738 1608 5794 ποοδ.
1633 5737 1803 5792 Palat.

2136 4585 2449 4650 ὑποστάσει,
2475 4585 2610 4640 ἀλλὰ
2624 4584 2701 4656 τῷ
2725 4585 2872 4657 αὐτῷ
2896 4587 3036 4658 λόγῳ
3052 4588 3148 4657 τῆς
3177 4587 3382 4651 οὐσίας·
3405 4590 3482 4653 ὡς
3507 4590 3683 4652 πάντες

2133 4677 2408 4750 ἄνθρωποι
2447 4680 2504 4732 ὲν
2534 4678 2754 4749 Χριστῷ
2792 4675 2892 4741 εἷς,
2918 4678 2978 4730 οὐ
3004 4681 3069 4749 τῇ
3093 4679 3406 4742 ὑποστάσει,
3441 4681 3575 4734 ἀλλὰ
3617 4680 3682 4749 τεῖ-

2133 4768 2274 4840 λόγῳ
2308 4769 2407 4841 τῆς
2442 4768 2627 4832 οὐσίας
2659 4771 2752 4822 καὶ
2775 4771 2895 4832 ταῖς
2919 4769 3277 4838 συμφωνίαις.
3318 4771 3516 4838 Ἀνόμ.
3541 4770 3680 4822 Ἀλλ(

2131 4863 2239 4932 γάρ
2276 4863 2422 4914 ἐστιν
2455 4862 2629 4926 οὐσία,
2674 4862 2767 4915 καὶ
2807 4862 2933 4916 ἄλλο
2979 4861 3306 4925 ὐπόστασις;
3351 4862 3505 4929 Ὀρθ.
3539 4861 3676 4913 Ἀλλ(

2131 4955 2222 5007 καὶ
2257 4954 2402 5019 ἄλλο,
2432 4955 2528 5024 οὐχ
2559 4954 2634 5017 ὡς
2660 4955 2907 5023 πρᾶγμα.
2955 4952 3148 5020 ’Δγ-ὀμ.
3178 4951 3385 5004 Οὐκοῦν
3431 4952 3677 5012 σύνθεσις.

2143 5047 2292 5114 Ὀρθ.
2326 5047 2486 5099 Ἀλλο
2517 5047 2611 5099 καὶ
2644 5045 2770 5100 ἄλλο
2801 5085 2815 5109 ,
2849 5039 3000 5098 εἷπον
3022 5061 3034 5075 ·
3072 5045 3169 5114 οὐχ
3196 5044 3272 5107 ὡς
3305 5047 3534 5116 πρᾶγμα
3567 5041 3674 5097 ἄλλη*

2129 5140 2222 5192 καὶ
2249 5139 2394 5203 ἄλλο,
2425 5139 2537 5192 ἀλλ’
2566 5138 2641 5202 ὡς
2679 5138 2805 5192 ἄλλο
2835 5155 2885 5190 τι
2923 5135 3290 5208 σημαινούσης
3329 5137 3429 5208 τῆς
3462 5135 3658 5190 ὑποστά

2133 5249 2288 5295 σεως,
2323 5233 2416 5283 καὶ
2445 5230 2572 5285 ἄλλο
2599 5247 2652 5282 τι
2680 5230 2779 5300 τῆς
2803 5229 2985 5293 οὐσίας
3005 5246 3017 5261 ·
3043 5228 3118 5293 ὡς
3143 5231 3172 5282 6
3201 5229 3401 5292 κόκκος
3431 5228 3520 5281 τοῦ
3543 5227 3670 5280 σίτοι

2129 5322 2363 5391 λέγεται,
2387 5325 2480 5377 καὶ
2500 5323 2614 5376 ἔστι
2642 5324 2858 5394 σπέρμα
2881 5322 2975 5375 καὶ
3004 5321 3216 5389 καρπὸς
3238 5323 3337 5392 οὐχ
3365 5323 3440 5385 ὡς
3465 5323 3670 5390 πρᾶγμα

1132 5462 1154 5492 ⁸
1191 5459 1379 5516 Matth.
1413 5476 1522 5520 xu,
1559 5460 1644 5515 15.
1721 5461 1739 5491 ⁸
1783 5458 1822 5512 ll
1857 5457 2002 5513 Petr.
2038 5472 2099 5524 ιι,
2136 5457 2190 5513 4.

2208 5596 2319 5677 (67)
2345 5595 2780 5677 _ita_ileg:_l§d_iti
2810 5613 2970 5677 vero,
2999 5597 3076 5660 ὠς
3145 5596 3380 5677 Datin);
3427 5593 3566 5672 ‘0p_0.

2136 5665 2410 5730 Θεός.ειο.
2442 5665 2820 5724 Μοίιῖειοιιῐη.
2853 5676 2906 5723 et
2932 5666 3092 5738 Reg.,
3110 5665 3246 5720 ἀλλὰ
3266 5665 3343 5736 τῷ
3372 5665 3545 5732 ταυτῷ
3565 5665 3665 5729 τῆς.

2122 5737 2316 5798 Palat.,
2350 5737 2428 5798 τῷ
2459 5739 2680 5797 ταυτῆς.
