3982 6398
307 267 438 324 H37

1285 289 1374 343 as
1416 289 1686 348 samera
1725 294 2098 354 TRlNlTATE
2141 268 2481 356 DlALOGUS
2519 300 2559 355 1.

3389 305 3526 360 H58

300 379 426 439 ἄλλο
470 388 564 441 καὶ
593 389 719 444 ἄλλο
737 392 918 448 ’.ἀλλο
942 395 1000 449 δέ
1030 413 1082 450 τι
1111 402 1362 472 σημαίνει
1396 405 1456 458 τὸ
1485 407 1724 478 σπέρμα,
1770 409 1860 461 καὶ

1967 411 2124 464 aliam
2160 421 2215 468 et
2252 414 2413 468 aliam
2456 433 2469 468 :
2512 414 2604 471 sed
2629 415 2771 484 quod
2809 415 3118 487 hypostasis
3141 417 3356 487 quidem
3382 418 3528 474 aliud

299 474 425 528 ἄλλο
470 495 532 568 τε
567 483 801 552 καρπός·
835 485 918 538 ὅτι
962 488 1021 540 τὸ
1064 490 1162 560 μὲν
1193 494 1407 566 σπέρμα
1444 497 1536 550 τοῦ
1584 474 1864 568 μέλλοντος

299 551 565 637 γεωργίδυ
598 551 714 625 ἐστὶ
740 576 958 647 σπέρμα
976 593 989 606 ·
1016 580 1044 630 ὁ
1063 551 1117 633 δὲ
1146 551 1356 652 καρπύς
1383 585 1478 638 τοῦ
1509 551 1866 659 παρελθόντος

299 661 566 731 γεωργίου
591 663 710 716 ἐστὶ
741 667 968 738 καρπός.

1969 504 2224 571 quiddam
2281 505 2579 575 signiﬁcet,
2638 503 2783 563 aliud
2811 505 2938 562 vero
2974 509 3207 564 essentia
3252 529 3266 565 :
3311 521 3368 564 ut
3403 526 3527 580 gra-

1969 609 2098 647 num
2171 593 2426 651 l‘rumenti
2477 597 2710 662 dicitur,
2772 606 2826 654 et
2888 609 2970 654 est
3009 608 3124 654 tum
3163 616 3368 666 semen,
3409 609 3522 656 tum

1967 683 2214 740 fructus:
2256 702 2364 741 non
2405 694 2464 742 ut
2501 703 2589 744 res
2622 689 2726 742 alia
2768 696 2929 760 atque
2966 692 3071 744 alia
3103 708 3116 757 ;
3160 691 3304 746 aliud
3343 700 3524 747 autem

301 754 571 824 signiﬁcat
621 769 839 820 semen,
881 758 1025 812 aliud
1061 758 1311 829 fructus,
1381 767 1639 836 quoniam
1708 785 1893 825 semen
1932 774 2147 842 quidem
2195 775 2392 833 futurae
2437 780 2663 836 cultura:
2716 797 2939 848 semen,
3010 781 3220 838 fructus
3268 801 3393 840 vero
3442 794 3525 840 est

298 845 581 915 praeterita
617 846 843 901 culturae
877 847 1110 908 fructus.

369 964 452 1019 15.
495 965 688 1036 Ἀνόμ.
714 967 778 1021 Τί
809 971 1058 1041 σημαίνει
1100 974 1132 1044 ἡ
1169 975 1342 1040 οὐσία,
1369 978 1462 1031 καὶ
1486 979 1538 1031 τί
1571 981 1603 1049 ή
1630 980 1864 1034 ὑπόστα-

302 1071 417 1120 σις;
460 1057 612 1125 Ὀρθ.
658 1059 720 1112 Ἦ
765 1061 922 1115 οὐσία
963 1064 1067 1134 τὴν
1103 1066 1387 1137 κοινότητα
1441 1071 1726 1139 σημαίνει·
1770 1073 1862 1126 καὶ

299 1141 352 1194 εῐ
385 1143 438 1195 τί
471 1145 618 1200 ἐστιν
659 1147 786 1200 ῐδιον
818 1149 918 1219 τῆς
957 1152 1160 1218 οὐσίας,
1188 1155 1345 1209 τοῦτο
1386 1159 1566 1211 κοινόν
1614 1162 1729 1213 ἐστι
1753 1161 1862 1216 τῶν

301 1235 646 1293 ὐποστάσεων
667 1240 776 1295 τῶν
797 1242 900 1295 ὑπὸ
915 1244 1012 1314 τὴν
1037 1246 1221 1300 οὐσίαν
1243 1266 1256 1280 ι
1287 1251 1320 1319 ἡ
1345 1249 1403 1302 δὲ
1425 1251 1723 1318 ὑπόστασις
1747 1255 1863 1309 ίδιό-

297 1343 434 1397 τητα
460 1327 594 1398 ἔχει,
625 1331 743 1400 ἥτις
772 1333 871 1385 οὐκ
891 1333 1002 1388 ιστι
1034 1337 1182 1408 κοινὴ
1207 1337 1314 1392 τῶν
1346 1341 1443 1409 τῆς
1466 1343 1635 1412 αὐτῆς
1677 1344 1861 1407 οὐσίας

299 1419 665 1486 ὐποστάσεων,
683 1423 817 1493 μετά
831 1425 922 1477 τοῦ
941 1426 1032 1479 καὶ⁴
1045 1428 1271 1499 ἀριθμὸν
1287 1431 1645 1501 ἐπιδέχεσθαι.
1664 1436 1857 1505 Ἀνόμ.

309 1511 374 1563 Ἥ
423 1511 532 1582 γὰρ
573 1513 732 1568 οὐσία
763 1516 862 1568 οὐκ
901 1517 1012 1588 ἔχει
1053 1519 1314 1590 ἰδιότητας
1360 1523 1499 1592 Ὀρθ.
1554 1523 1690 1578 Οὐτε
1740 1526 1866 1579 ἰδιό-

297 1619 434 1672 τητα
477 1603 590 1674 ἔχει
615 1645 629 1670 ,
685 1606 757 1677 μὴ
796 1603 958 1660 οὖσαν
995 1610 1177 1681 κοινὴν
1216 1610 1322 1664 τῶν
1366 1617 1464 1684 τῆς
1509 1615 1694 1680 οὐσίας
1731 1619 1864 1670 ὐπο-

2037 984 2121 1038 15.
2165 986 2352 1039 Anam.
2394 987 2534 1054 Quid
2572 991 2840 1061 signiﬁcat
2878 994 3200 1058 substantia,
3260 996 3389 1066 quid
3430 996 3523 1066 hy-

1965 1077 2244 1143 postasis?
2304 1076 2456 1133 Orth.
2505 1079 2820 1136 Substantia
2859 1085 3127 1155 signiﬁcat
3164 1087 3524 1141 communita-

1962 1173 2094 1219 tem.
2131 1164 2198 1220 Et
2234 1167 2281 1222 si
2318 1168 2450 1238 quid
2486 1180 2570 1226 est
2606 1173 2919 1228 substantiae
2957 1176 3256 1246 proprium,
3298 1175 3353 1229 id
3390 1191 3525 1244 quo-

1961 1267 2069 1322 que
2124 1268 2413 1311 commune
2450 1266 2532 1312 est
2586 1258 2990 1329 hypastasibus,
3049 1277 3169 1332 quae
3205 1263 3523 1317 substantia:

1966 1343 2198 1398 subsunt
2240 1363 2255 1399 :
2297 1349 2604 1416 hypostasis
2684 1358 2861 1405 autem
2919 1354 3304 1423 proprietatem
3363 1355 3525 1408 habet

1968 1434 2189 1491 minime
2248 1451 2592 1494 communem
2653 1441 3035 1512 hypostasibus
3088 1443 3332 1514 ejusdem
3390 1445 3522 1500 sub-

1969 1526 2202 1592 stantia,
2263 1543 2326 1583 ac
2384 1537 2644 1599 praeterea
2702 1547 2988 1586 numerum
3027 1534 3284 1588 admittit.
3329 1534 3520 1588 Anam.

1971 1614 2166 1672 Annon
2223 1634 2353 1675 vero
2389 1622 2625 1676 essentia
2682 1622 3064 1692 proprietatem
3125 1624 3330 1679 habet?
3371 1623 3526 1680 Orth.

299 1693 541 1747 στάσεων
561 1713 576 1726 ·
605 1695 727 1749 οὔτε
755 1698 980 1768 ἀριθμὸν
1009 1698 1363 1771 πληθυντικὸν
1399 1704 1718 1776 ἐπιδέχεται,
1767 1707 1860 1777 μία

1965 1703 2150 1776 Neque
2205 1711 2586 1778 proprietatem
2639 1712 2800 1767 habet
2857 1729 2963 1767 non
3028 1729 3370 1769 communem
3428 1714 3527 1784 hy-

295 1779 447 1839 οὖσα.
485 1786 559 1839 Τὸ
585 1787 640 1840 δὲ
664 1788 890 1860 ἀριθμὸν
925 1789 1280 1861 πληθυντικὸν
1321 1795 1696 1868 ἐπιδεχόμενον
1731 1799 1863 1853 πάν-

297 1893 403 1939 τως
435 1877 666 1949 ἰδιότητα
695 1879 833 1950 ἔχει·
862 1883 954 1935 καὶ
986 1883 1046 1934 τὸ
1068 1883 1186 1954 ἔχον
1215 1885 1444 1957 ἰδιότητα
1487 1889 1714 1960 ἀριθμὸν
1745 1894 1862 1944 ἑπι-

293 1965 527 2036 δέχεται.
585 1970 728 2040 Αὐτὴ
781 1971 948 2042 γὰρὴ
993 1974 1191 2045 ἰδιότης
1232 1976 1323 2029 τὸν
1368 1978 1597 2050 ἀριθμὸν
1631 1983 1858 2051 εἰσάγει.

310 2057 509 2127 Ἀνόμ.
542 2060 616 2112 υύ
658 2060 784 2125 νοῶ,
821 2061 850 2113 ὃ
877 2061 1086 2130 λέγεις·
1136 2066 1254 2118 είπὲ
1306 2069 1655 2141 σαφέστερον.
1707 2073 1858 2141 Ὀρθ.

296 2147 492 2214 Λέγεις
537 2144 674 2202 εἶναι
713 2149 807 2202 τοῦ
847 2152 1059 2223 Πατρὸς
1086 2154 1184 2225 τὴν
1215 2155 1402 2210 οὐσίαν
1451 2157 1734 2225 ἀθάνατον,
1768 2162 1861 2215 καὶ

295 2237 589 2308 ἄφθαρτον,
615 2241 707 2295 καὶ
723 2241 967 2312 ἀόρατον,
987 2244 1080 2298 καὶ
1097 2226 1440 2318 δημιουργὸν,
1467 2249 1558 2302 καὶ
1573 2251 1703 2304 Θεόν
1715 2251 1824 2323 (68)
1845 2270 1858 2319 ;

311 2329 508 2397 Ἀνόμ.
539 2331 660 2383 Ναί.
693 2333 844 2399 Ὀρθ.
879 2336 987 2387 Καὶ
1016 2336 1105 2390 τὸν
1139 2337 1264 2390 Υίὸν
1298 2337 1472 2408 λέγεις
1506 2342 1705 2411 ὁμοίως
1731 2343 1862 2396 ἀθά-

298 2435 480 2485 νατον,
508 2421 602 2472 καὶ
643 2421 937 2492 ἄφθαρτον,
984 2427 1078 2478 καὶ
1121 2427 1367 2497 ἀόρατον,
1391 2431 1484 2482 καὶ
1513 2431 1859 2504 δημιουργὸν,

299 2508 393 2560 καὶ
426 2508 588 2575 Θεόν;
632 2511 826 2579 Ἀνόμ.
851 2512 977 2567 Ναί.
1013 2513 1165 2580 Ὀρθ.
1204 2516 1411 2588 Ὠσπερ
1439 2513 1530 2571 οὖν
1567 2518 1744 2588 λέγεις
1766 2519 1860 2574 τοῦ

301 2601 514 2672 Πατρὸς
537 2602 636 2673 τὴν
658 2603 843 2657 οὐσίαν
873 2605 1158 2669 ἀθάνατον,
1183 2608 1473 2680 ἄφθαρτον,
1498 2611 1745 2683 ἀόρατον,
1771 2614 1863 2685 δη-

299 2692 582 2763 μιουργὸν,
615 2693 757 2748 οὕτω
784 2696 876 2748 καὶ
921 2696 1013 2750 τοῦ
1049 2698 1176 2751 Υἱοῦ
1208 2699 1384 2768 λέγεις
1421 2701 1529 2772 (69)
1560 2703 1656 2774 τὴν
1699 2705 1863 2777 αὐτὴν

295 2783 518 2848 οὐσίαν;
562 2785 757 2854 Ἀνόμ.
821 2787 947 2840 Ναί.
988 2789 1138 2856 Ὀρθ.
1182 2791 1284 2844 Τὸν
1307 2793 1431 2846 Υίὸν
1461 2795 1519 2846 οὐ
1541 2794 1716 2864 λέγεις
1751 2797 1862 2849 Πα-

293 2874 461 2944 τέρα;
509 2875 706 2944 Ἀνόμ.
754 2876 850 2930 Οὐ.
905 2880 1055 2947 Ὀρθ.
1106 2881 1216 2934 Οὐκ
1247 2882 1354 2955 ἀρα
1382 2886 1479 2956 τῆς
1508 2886 1694 2951 οὐσίας
1717 2889 1860 2941 ἐστὶν

297 2962 427 3014 ἴδιον
449 2963 510 3016 τὸ
537 2965 743 3036 Πατὴρ,
772 2967 904 3022 ἀλλά
932 2972 1030 3040 τῆς
1081 2973 1446 3040 ὑποστάσεως.
1477 2977 1674 3047 Ἀνόμ.
1706 2980 1860 3044 Πῶςς

1963 1799 2271 1868 postasibus
2333 1802 2654 1858 substantiae
2690 1845 2703 1867 ,
2746 1822 2921 1875 neque
2995 1807 3209 1860 numeri
3268 1805 3528 1874 multipli-

1962 1890 2231 1945 catiouem
2287 1892 2559 1957 admittit,
2613 1909 2734 1948 cum
2779 1896 2850 1950 sit
2901 1912 3024 1950 una.
3069 1895 3343 1966 Quidquid
3401 1908 3528 1950 vero

1962 1985 2172 2038 numeri
2230 1985 2727 2055 multiplicationem
2799 1987 3054 2052 admittit,
3111 1987 3333 2042 omnino
3391 2003 3524 2058 pro-

1961 2075 2244 2143 prietatcm
2302 2075 2462 2131 habet
2508 2095 2521 2131 :
2585 2084 2638 2132 et
2687 2077 2832 2146 quod
2864 2079 3266 2147 'proprietatem
3328 2079 3525 2146 habet,

1962 2181 2246 2221 numerum
2318 2167 2586 2222 admittit.
2640 2167 2763 2238 Ipsa
2837 2170 2980 2224 enim
3045 2171 3349 2240 praprietas
3418 2191 3526 2229 nu-

1961 2273 2166 2312 merum
2228 2259 2455 2314 inducit.
2518 2259 2706 2314 Anam.
2771 2259 2888 2316 Non
2952 2261 3195 2332 intelligo
3254 2265 3399 2332 quod
3439 2267 3525 2322 di-

1961 2349 2041 2403 cis
2083 2367 2096 2403 :
2144 2349 2357 2418 planius
2410 2350 2652 2420 loquere.
2722 2351 2875 2406 Orth.
2933 2351 3110 2407 Patris
3165 2355 3524 2414 substantiam

1961 2439 2098 2496 dicis
2135 2456 2256 2497 esse
2293 2442 2677 2508 immortalem,
2717 2451 2770 2499 et
2810 2444 3302 2513 incorruptibilem,
3339 2457 3393 2503 et
3437 2449 3524 2504 in-

1961 2533 2248 2599 visibilem,
2287 2539 2340 2587 et
2377 2534 2714 2597 creatricem,
2755 2541 2809 2589 et
2846 2533 3056 2590 Deum?
3094 2539 3282 2592 Anam.
3325 2537 3503 2594 Etiam

1966 2621 2117 2678 Orth.
2158 2624 2221 2677 Et
2245 2622 2439 2678 Filium
2479 2624 2729 2679 similiter
2756 2625 2892 2680 dicis
2923 2626 3303 2694 immortalem,
3344 2630 3525 2684 incar-

1963 2711 2306 2780 ruptibilem,
2385 2714 2709 2770 invisibilem
2740 2756 2755 2781 ,
2818 2727 3114 2771 creatorem
3187 2725 3243 2773 et
3318 2718 3530 2775 Deum?

1965 2801 2152 2856 Anam.
2209 2802 2369 2856 Sane.
2447 2801 2598 2857 Orth.
2655 2802 2810 2859 Sicut
2865 2820 2994 2875 ergo
3051 2805 3223 2862 Patris
3271 2808 3524 2862 substan-

1964 2890 2093 2942 tiam
2134 2890 2269 2946 dicis
2309 2892 2686 2957 immortalem,
2724 2895 3209 2960 incorruptibilem,
3277 2897 3526 2954 invisibi-

1965 2979 2091 3040 lem,
2129 2985 2467 3046 creatricem,
2510 2999 2689 3039 nonne
2717 2985 2792 3038 ita
2839 2991 2893 3039 et
2929 2985 3052 3038 Filii
3094 2986 3336 3041 eamdem
3397 2989 3527 3043 sub-

310 3052 453 3120 Ὀρθ.
490 3053 612 3108 Ὅτι
637 3057 704 3109 τά
737 3058 834 3127 μὲν
856 3059 954 3130 τῆς
981 3038 1166 3127 οὐσίας
1190 3065 1314 3130 ἴδια,
1344 3038 1542 3138 ὁμοίως
1569 3038 1673 3124 είσὶ
1707 3038 1859 3126 κοινά

1967 3038 2220 3124 stantiam
2277 3071 2458 3127 dicis?
2517 3075 2704 3128 Anam.
2775 3071 2937 3128 Sane.
3001 3073 3152 3129 Orth.
3193 3074 3389 3129 Filium
3429 3092 3528 3130 au-

297 3145 388 3197 τοῦ
420 3147 652 3218 Πατρὸς,
683 3151 772 3204 καὶ
809 3151 902 3204 τοῦ
933 3152 1084 3219 Υίοῦ,
1111 3158 1205 3209 καὶ
1229 3158 1321 3210 τοῦ
1348 3159 1501 3228 ἁγίου
1528 3162 1858 3232 Πνεύματοςο

296 3240 357 3292 τὸ
397 3241 454 3293 δὲ
497 3242 686 3314 Πατὴρ
714 3245 774 3297 οὐ
813 3246 987 3299 κοινόν
1005 3262 1018 3276 ’
1045 3247 1146 3299 οὐκ
1169 3248 1278 3319 ἀρα
1303 3251 1402 3320 τῆς
1431 3249 1612 3315 οὐσίας
1638 3253 1769 3307 ῐδιον
1801 3255 1862 3309 τὺ

300 3333 509 3403 Πατὴρ,
525 3333 657 3386 ἀλλὰ
677 3335 776 3404 τῆς
801 3337 1166 3402 ὑποστάσεως.
1194 3340 1255 3392 Ei
1276 3340 1330 3393 δὲ
1353 3340 1478 3394 ἄλλο
1505 3343 1600 3413 τῆς
1630 3344 1864 3398 ὐποστά-

299 3437 439 3484 σεως
485 3423 545 3475 τὸ
595 3424 745 3491 ίδιον,
798 3425 893 3479 καὶ
939 3427 1073 3481 ἄλλα
1124 3429 1224 3499 τῆς
1260 3431 1442 3495 οὐσίας
1487 3432 1768 3505 ἰδιώματα,
1799 3439 1860 3490 οὐ

293 3514 492 3566 ταύτόν
508 3515 622 3568 ἐστι
639 3518 1028 3589 σημαινόμενον
1045 3521 1199 3575 οὐσία
1219 3523 1310 3576 καὶ
1333 3524 1644 3588 ὑπόστασις.
1663 3528 1859 3597 Ἀνόμ.

295 3606 410 3658 Οὐκ
440 3605 585 3658 ἔστιν
614 3608 743 3661 ίδιον
773 3609 865 3662 τοῦ
895 3612 1104 3682 Πατρὸς
1121 3614 1182 3666 τὸ
1211 3614 1534 3687 ἀγέννητον;
1575 3619 1724 3686 Ὀρθ.
1749 3620 1860 3673 Οὐκ

295 3697 463 3752 ἐστιν.
479 3700 675 3769 Ἀνόμ,
699 3702 878 3755 Ἔστιν
900 3700 991 3758 οὖν
1003 3704 1111 3759 τῶν
1132 3706 1298 3760 ὄντων
1320 3708 1444 3762 ἀλλο
1467 3727 1519 3762 τι
1544 3710 1860 3782 ἀγέννητον;

311 3791 462 3858 Ὀρθ.
486 3792 612 3846 Ναί.
649 3793 845 3862 Ἀνόμ.
877 3795 969 3860 Τί;
1012 3797 1165 3864 Ὅρθ.
1211 3800 1468 3871 Γεννητόν
1500 3803 1616 3855 ἐστι
1658 3804 1718 3857 τὸ
1757 3823 1861 3858 πα-

295 3881 432 3952 τέρα
456 3882 596 3953 έχον,
619 3885 713 3938 καὶ
747 3886 1034 3958 ἀγέννητον
1059 3889 1119 3941 τὸ
1149 3891 1225 3960 μὴ
1252 3894 1458 3964 πατέρα
1485 3892 1636 3964 έχον;
1663 3897 1858 3966 Ἀνόμ.

296 3971 424 4024 Ναί.
461 3973 613 4042 Ὀρθ.
639 3975 712 4028 Τὸ
742 3975 965 4048 Πνεῦμα
993 3979 1053 4032 τὸ
1073 3981 1226 4049 ἀγιον
1259 3983 1474 4054 Πατέρα
1496 3984 1605 4056 ἔχει
1626 4003 1640 4051 ;
1663 3987 1861 4057 Ἀνόμ.

294 4060 397 4115 Ob.
433 4063 586 4129 Ὄρθ.
619 4064 827 4118 Οὐκοῦν
853 4068 944 4119 καὶ⁹
967 4069 1096 4122 αὐτὸ
1125 4071 1414 4142 ἀγέννητον
1433 4090 1447 4103 ⁸
1474 4075 1573 4126 οὐκ
1598 4075 1704 4146 ἄρα
1734 4077 1864 4130 ίδιον

295 4153 390 4206 τοῦ
425 4155 637 4226 Πατρὸς
674 4157 734 4210 τὸ
757 4158 1046 4230 ἀγέννητον
1073 4160 1201 4232 (70).
1237 4164 1435 4234 Ἀνόμ.
1497 4166 1634 4220 Ἀλλ’
1680 4170 1709 4222 ὁ
1753 4170 1865 4223 Πα-

293 4242 400 4313 τὴρ
431 4244 526 4296 καὶ
563 4245 852 4316 ἀγέννητός
881 4249 996 4301 ἐστι
1023 4251 1116 4303 καὶ
1137 4251 1418 4324 ἀγένητος.
1454 4258 1598 4323 Ὀρθ.
1636 4258 1768 4312 Οὐδὲ
1803 4258 1862 4311 τὸ

1964 3167 2071 3213 tem
2111 3177 2239 3216 num
2270 3178 2428 3220 vocas
2458 3163 2711 3219 Patrem?
2738 3166 2927 3219 Anam.
2957 3164 3330 3236 Nequaquam.
3367 3165 3522 3223 Orth.

1963 3251 2122 3308 Pater
2158 3269 2286 3325 ergo
2317 3271 2424 3310 non
2464 3270 2548 3312 est
2581 3257 2855 3327 proprium
2889 3258 3146 3327 quiddam
3187 3258 3521 3326 substantiae,

1962 3346 2056 3399 sed
2122 3345 2495 3418 hypostaseos.
2551 3349 2740 3404 Anam.
2793 3348 3110 3415 Quomodo?
3162 3348 3312 3405 Orth.
3381 3351 3526 3417 Quo-

1963 3436 2108 3490 niam
2148 3453 2267 3507 qua:
2312 3441 2528 3508 propria
2567 3448 2696 3494 sunt
2748 3439 3084 3503 substantiae,
3123 3440 3372 3496 similiter
3398 3449 3526 3496 sunt

1963 3528 2275 3582 communia
2314 3528 2482 3592 Patri,
2531 3528 2664 3584 Filio
2714 3537 2767 3584 et
2808 3529 3031 3598 Spiritui
3090 3539 3299 3585 sancto.
3363 3531 3526 3585 Pater

1965 3625 2142 3671 autem
2172 3633 2278 3673 non
2313 3627 2397 3674 est
2429 3635 2716 3676 commune
2756 3619 3014 3690 quiddam
3045 3635 3059 3684 ;
3097 3634 3207 3674 non
3240 3627 3323 3674 est
3361 3620 3527 3688 igitur

1962 3707 2125 3764 Pater
2159 3709 2289 3780 quid
2326 3711 2601 3781 praprium
2635 3711 2969 3775 substantiae,
3001 3710 3094 3765 sed
3138 3710 3518 3780 hypostaseos.

1965 3801 2117 3867 Quod
2158 3802 2200 3856 si
2243 3803 2388 3856 aliud
2419 3802 2584 3874 416
2613 3811 2697 3859 est
2721 3803 3000 3873 proprium
3038 3803 3417 3875 hypostaseos,
3461 3810 3516 3857 et

1965 3894 2082 3948 alia:
2121 3894 2262 3964 sunt}
2304 3896 2655 3964 proprietates
2702 3895 3037 3960 substantias,
3089 3909 3196 3948 non
3246 3893 3387 3948 idem
3447 3894 3526 3947 si-

1965 3984 2221 4053 gniﬁcant
2259 3985 2562 4046 substantia
2583 3994 2634 4040 et
2673 3985 2999 4057 hypostasis.
3030 3982 3313 4037 Anam.’At
3348 3997 3527 4037 nonne

1966 4090 2071 4129 non
2148 4077 2382 4146 genitum
2418 4077 2573 4141 'esse,
2633 4085 2718 4132 est
2763 4076 2939 4132 Patris
2998 4074 3315 4147 proprium?
3374 4073 3526 4128 Ortli.

1963 4164 2079 4220 Non
2137 4177 2239 4222 est.
2293 4169 2481 4221 Anam.
2540 4167 2706 4224 Estne
2743 4169 2797 4222 in
2833 4183 3014 4224 rerum
3089 4176 3284 4222 natura
3325 4165 3525 4235 aliquid

1967 4257 2111 4310 aliud
2160 4259 2498 4328 ingenitum?
2545 4259 2696 4315 Orth.
2739 4258 2937 4314 Etiam.
2999 4260 3188 4315 Anam.
3233 4256 3524 4325 Quidnam?

293 4333 558 4405 ἀγένητον
583 4335 713 4389 ίδιόν
742 4339 857 4390 ἐστι
881 4340 974 4393 τοῦ
999 4343 1229 4413 Πατρὺς,
1258 4345 1392 4399 ἀλλά
1419 4349 1594 4402 κοινόν
1615 4350 1729 4403 ἐστι
1752 4352 1860 4404 Πα-

1970 4347 2121 4402 Orth.
2172 4347 2360 4403 Nonne.
2390 4350 2444 4404 id
2484 4352 2725 4421 genitum
2779 4357 2884 4414 est,
2917 4349 3062 4419 quod
3091 4359 3295 4419 patrem
3332 4346 3494 4401 habet

295 4423 444 4494 τρδς,
479 4427 574 4478 καὶ
605 4425 757 4494 Υίοῦ,
791 4430 884 4482 καὶ
926 4432 1083 4500 ἀγίου
1115 4435 1445 4505 Πνεύματος.
1482 4437 1678 4508 Ἀνόμ.
1706 4441 1859 4506 Πῶς;

292 4516 443 4584 Ὀρθ.
463 4518 744 4588 Ἀγένητόν
765 4521 880 4574 ἐστι
901 4522 962 4575 τδ
992 4526 1366 4597 γενεσιουργὸν
1395 4527 1468 4598 μὴ
1490 4529 1629 4599 ἕχον·
1651 4530 1683 4602 ἢ
1711 4531 1855 4596 πῶς

295 4608 495 4678 Ἀνόμ.
519 4611 646 4666 Ναί.
689 4611 842 4680 Ὀρθ.
874 4612 947 4667 Τὸ
975 4615 1034 4668 δὲ
1074 4620 1450 4690 γενεσιουργδν
1486 4621 1604 4692 ἔχον
1636 4625 1858 4693 γενητόν

295 4699 466 4755 ἐστιν.
491 4699 627 4754 Οὔτε
652 4702 708 4754 δὲ
741 4703 868 4767 Υἱὸς
896 4709 1272 4779 γενεσιουργὸν
1296 4709 1429 4780 ἔχει,
1469 4710 1591 4764 οὐτε
1637 4713 1860 4782 Πνεῦμα

294 4790 586 4859 (δέδεικται
633 4793 742 4864 γὰρ
785 4795 848 4848 ὲκ
876 4797 1110 4868 γαστρὸς
1141 4801 1170 4852 ὁ
1211 4799 1356 4866 Υἱὸς,
1388 4802 1481 4854 καὶ
1508 4803 1573 4855 ὲκ
1599 4804 1862 4872 στόματος

292 4882 356 4934 τὸ
383 4883 651 4955 Πνεῦμα).
675 4887 788 4940 Οὐκ
821 4888 929 4960 ἄρα
961 4889 1092 4943 ῐδιον
1110 4891 1218 4959 ξτοῦ
1252 4893 1462 4964 Πατρὺς
1488 4894 1549 4946 τὸ
1577 4895 1856 4966 ἀγένητον.

1965 4441 2263 4511 ingenitum
2320 4443 2396 4506 id,
2454 4442 2600 4512 quod
2645 4451 2854 4514 patrem
2907 4458 3016 4497 non
3073 4440 3275 4497 habet?
3335 4440 3523 4492 Anam.

1965 4532 2161 4588 Etiam.
2237 4533 2388 4589 Orth.
2455 4533 2690 4606 Spiritus
2750 4535 2981 4589 habetne
3039 4532 3300 4587 Patrem?
3337 4533 3522 4584 Anam.

1965 4623 2102 4681 Non.
2147 4625 2300 4681 Orth.
2339 4626 2478 4698 Ergo
2508 4635 2561 4682 et
2597 4627 2712 4696 ipse
2749 4635 2832 4682 est
2870 4626 3180 4696 ingenitus:
3223 4625 3406 4693 itaque
3445 4625 3517 4676 in-

1967 4715 2204 4783 genitum
2270 4733 2412 4783 esse,
2460 4732 2566 4772 non
2621 4729 2704 4772 est
2752 4717 3030 4787 proprium
3077 4715 3274 4769 Patris.
3337 4716 3508 4767 Anam

1968 4805 2073 4860 Sed
2112 4807 2267 4862 Pater
2310 4818 2398 4862 est
2434 4816 2488 4862 et
2520 4824 2626 4862 non
2661 4809 2875 4878 genitus
2907 4815 2960 4862 et
2999 4822 3106 4861 non
3138 4805 3334 4859 factus.
3373 4803 3508 4858 Ου’ιή

1966 4897 2044 4952 Ne
2091 4899 2236 4952 istud
2279 4899 2516 4969 quidem,
2563 4915 2671 4954 non
2730 4899 2930 4954 factum
2987 4913 3127 4964 esse,
3178 4895 3356 4950 Patris
3401 4911 3523 4964 pro-

298 4976 476 5043 prium
532 4985 637 5040 est,
687 4980 782 5034 sed
810 4995 1094 5038 commune
1131 4993 1215 5040 est
1253 4986 1420 5051 Patri,
1477 4987 1634 5053 Filio,
1674 5001 1727 5043 et
1765 4989 1990 5059 Spiritui
2050 5001 2261 5048 sancta.
2303 4996 2492 5048 Anam.
2535 4992 2857 5060 Quomodo?
2915 4993 3066 5049 Orth.
3139 4993 3219 5045 An
3295 4990 3522 5044 non-fa-

297 5079 447 5119 ctum
486 5075 572 5124 est
604 5069 759 5136 illud,
808 5073 953 5143 quod
987 5091 1094 5132 non
1126 5078 1288 5133 habet
1333 5080 1582 5150 apiﬁcem
1612 5101 1624 5135 :
1651 5091 1744 5136 aut
1775 5085 2044 5152 quomodo
2089 5086 2392 5157 intelligis?
2428 5091 2619 5142 Anam.
2687 5087 2882 5141 Etiam.
2947 5087 3098 5142 Orth.
3140 5083 3278 5139 Illud
3347 5090 3523 5138 autem

297 5164 382 5211 est
410 5156 823 5232 factum,_quod
877 5166 1039 5222 habet
1074 5171 1340 5239 opilicem.
1394 5173 1462 5227 At
1491 5190 1669 5244 neque
1706 5175 1874 5232 Filius
1913 5193 2088 5249 neque
2162 5156 2398 5249 Spiritus
2444 5189 2668 5236 sanctus
2737 5181 2938 5235 habent
2994 5177 3242 5248 opiﬁcem
3303 5173 3516 5246 (osten-

300 5266 420 5305 sum
463 5255 613 5309 enim
669 5265 774 5322 es"
813 5256 1010 5317 Filium
1045 5278 1169 5319 esse
1197 5281 1263 5320 ex
1297 5276 1474 5331 utero,
1505 5277 1559 5324 et
1589 5269 1848 5340 Spiritum
1889 5283 2138 5329 sanctum
2177 5290 2245 5330 ex
2275 5276 2414 5347 ore).
2441 5257 2661 5348 'ltaque
2690 5274 2893 5331 factum
2924 5289 3034 5328 non
3075 5288 3221 5337 esse,
3284 5285 3396 5324 non
3451 5279 3526 5322 est

299 5345 581 5416 proprium
609 5347 806 5406 Patris.

373 5457 460 5513 i4.
486 5459 686 5530 Ἀνόμ.
735 5462 799 5516 Τί
835 5459 926 5519 οὖν
957 5465 1082 5520 ἀλλο
1123 5466 1248 5519 ἴδιόν
1281 5470 1395 5522 ἐστι
1435 5471 1527 5524 τοῦ
1559 5475 1770 5544 Πατρδς
1809 5477 1855 5529 εἰ

523 5567 719 5644 Palat”
744 5573 835 5644 καὶ
855 5571 1175 5644 δημιουργὸν
1203 5575 1352 5628 Θεόν.

369 5637 488 5708 (69)
528 5637 659 5711 Heg.
689 5649 742 5697 el.
772 5637 966 5708 Palati,
989 5637 1128 5696 οὗτοι)
1153 5647 1243 5698 καὶ
1265 5646 1479 5716 Πατέρα
1514 5644 1708 5719 λέγεις.

2038 5475 2124 5531 14.
2168 5477 2355 5533 Anam.
2392 5475 2664 5542 Quidnam
2699 5475 2866 5547 igitur
2895 5473 3041 5528 aliud
3077 5482 3160 5528 est
3197 5473 3376 5530 Patris
3413 5489 3522 5542 pI'Q

2024 5586 2137 5665 (7‘0)
2176 5587 2346 5665 Palat.
2382 5587 2493 5642 fere
2533 5601 2745 5655 semper
2784 5583 3319 5665 haheahéywﬁav,
3345 5594 3398 5641 et
3422 5600 3523 5655 γεν

1961 5653 2140 5726 νητόν,
2165 5659 2268 5713 nisi
2300 5659 2456 5713 aliter
2481 5653 2719 5725 notetur,
2757 5665 2808 5711 et
2847 5653 3048 5724 Regius
3079 5653 3350 5711 similiter.
