3982 6398
537 329 672 373 HO!)

1643 330 1701 385 s.
1741 331 2196 388 ATiiANASlUS.
2231 365 2299 375 —
2331 310 2626 392 srrnu.‘

3619 337 3758 412 t‘iio'

533 436 732 504 prium,
795 439 841 494 si
880 456 1055 509 neque
1113 456 1218 494 non
1257 445 1500 510 genitum
1536 458 1677 508 esse,
1743 460 1919 515 neque
1983 463 2065 502 IIOl

2195 452 2332 522 μήτε
2358 454 2418 506 τὸ
2450 455 2740 526 ἀγέννητον
2778 457 2904 511 ἴδιον
2931 460 3092 516 αὑτοῦ
3139 461 3274 524 ἐδτι.
3308 465 3443 538 μήτε
3472 467 3534 523 τὸ
3562 470 3751 544 ἀγένη-

533 528 757 590 factum,
805 538 890 584 est
922 533 1092 600 ipsius
1119 535 1441 603 proprium?
1485 535 1638 591 Orth.
1680 536 1814 594 Esse
1852 538 2086 601 Patrem,

530 628 610 672 est
639 619 914 688 proprium
956 619 1132 675 Patris
1166 640 1178 674 :
1219 637 1340 678 esse
1391 622 1610 689 Filium,
1668 637 1753 681 est
1807 629 2088 697 proprium

528 706 646 761 Filii
691 717 792 764 :et
849 725 971 766 esse
1021 709 1278 780 Spiritum
1337 722 1584 768 sanctum
1626 716 1740 782 Dei,
1809 721 2086 788 preprium

526 807 606 852 est
653 798 888 869 Spiritus
927 803 1124 858 sancti.
1173 804 1364 857 Anam.
1403 805 1599 860 Annon
1638 823 1766 862 vero
1804 809 1962 863 Pater
2004 819 2089 866 est

525 887 746 954 spiritus
802 893 1067 946 sanctus?
1128 891 1280 948 Orth.
1317 893 1479 949 Pater
1531 912 1748 966 quoque
1789 907 1873 955 est
1926 903 2089 971 spiri-

523 985 607 1030 tus
666 991 910 1042 sanctus,
971 982 1066 1037 sed
1129 999 1238 1038 non
1301 993 1387 1040 est
1435 984 1672 1057 Spiritus
1729 987 1844 1043 Dei.
1901 988 2088 1061 Itaque

522 1069 872 1139 hypostaseos
941 1071 1120 1128 Patris
1189 1077 1468 1144 proprium
1517 1085 1639 1140 est,
1712 1077 1926 1134 Pater:
1986 1097 2086 1136 nec

521 1163 660 1216 enim
691 1162 851 1218 Pater
874 1162 1044 1220 Filius
1067 1177 1149 1221 est
1172 1183 1186 1221 :
1219 1178 1270 1220 et
1295 1168 1649 1238 hypostaseos
1665 1171 1786 1225 Filii
1806 1172 2083 1240 proprium

519 1263 622 1318 est,
695 1255 902 1312 Filius:
945 1273 1044 1312 nec
1099 1259 1242 1313 enim
1301 1259 1472 1314 Filius
1527 1260 1687 1317 Pater
1738 1274 1850 1329 est;
1896 1276 1948 1319 et
1987 1266 2086 1337 hy-

518 1355 798 1412 postaseos
839 1345 1075 1416 Spiritus
1115 1349 1288 1403 sancti
1335 1351 1615 1420 proprium
1653 1360 1758 1416 est,
1823 1353 2081 1424 Spiritum

517 1433 608 1489 Dei
649 1445 896 1491 sanctum
974 1455 1132 1503 esse,
1178 1455 1355 1508 neque
1418 1440 1654 1510 Spiritus
1712 1443 1805 1497 Dei
1860 1453 2083 1498 sanctus

516 1527 671 1585 Pater
707 1539 790 1584 est
821 1539 913 1584 aut
953 1530 1141 1586 Filius.
1206 1531 1518 1586 Substantia
1548 1549 1678 1588 vero
1716 1543 1794 1589 est
1836 1551 2080 1590 commu-

514 1619 799 1685 nis'Patri,
830 1618 985 1686 Filio,
1034 1629 1088 1676 et
1137 1621 1361 1692 Spiritui
1414 1631 1648 1679 sancto:
1692 1632 1777 1679 est
1810 1625 1952 1680 enim
2006 1627 2081 1680 si-

514 1711 716 1766 militer
755 1713 1098 1777 immortalis,
1152 1714 1403 1768 similiter
1442 1715 1890 1784 incorruptibilis,
1929 1718 2080 1771 simi-

2190 559 2307 608 τον;
2343 544 2495 612 Ὀρθ.
2531 547 2635 599 Τοῦ
2676 550 2884 620 Πατρὸς
2939 552 3066 606 ῐδιον
3110 555 3191 618 τὸ,
3236 557 3452 629 Πατήρο
3499 562 3748 632 τοῦιΥίοῦ

2191 634 2318 686 ἴδιον
2345 636 2425 699 τὸ,
2462 637 2617 726 Υἱός⁸
2656 639 2748 692 τοῦ
2781 642 3088 714 Πνεὺματος
3113 646 3210 700 τοῦ
3245 648 3422 716 ἁγίου,
3441 651 3504 703 τὸ
3533 654 3746 726 Πνεῦμί.

2189 725 2320 778 Θεοῦ
2367 727 2518 795 ἅγιον
2563 725 2720 784 εἶναι.
2753 733 2950 802 Ἀνόμ.
2997 737 3054 789 Ὀ
3099 736 3211 808 γάρ
3265 740 3454 812 Πατὴρ
3503 743 3603 796 οὑκ
3641 725 3726 796 ἐστ

2189 817 2403 887 πνεῦμα
2455 820 2638 888 ἀγιονς
2687 825 2840 890 Ὄρθ.
2885 825 2993 878 Καὶ
3042 829 3069 880 6
3109 828 3299 900 Πατὴρ
3336 832 3555 902 πνεῦμα
3602 834 3718 902 ἅγιά

2189 911 2357 972 ἐστιν,
2376 911 2489 963 ἀλλ’
2509 914 2569 965 οὑ
2588 913 2808 985 Πνεῦμα
2841 917 2992 971 Θεοῦ.
3032 919 3140 988 Τῆς
3171 916 3263 973 οὖν
3289 922 3639 988 ὑποστάσεως
3659 943 3709 978 τι

2186 1002 2398 1072 Πατρὸς
2421 1002 2546 1058 [διον
2573 1005 2652 1067 τὸ,
2689 1007 3164 1079 Πατήρσοὺδαμῶς
3197 1012 3304 1080 γὰρ
3328 1013 3562 1086 ὁΠατὴρ
3593 1016 3714 1080 Υἱός
3760 1077 3764 1086 ἲ

2188 1093 2281 1145 καὶ
2331 1093 2430 1164 τῆς
2480 1096 2828 1161 ὑποστάσεως
2863 1099 2956 1152 τοῦ
3003 1101 3128 1154 Υίοῦ
3182 1103 3310 1156 ἴδιον
3356 1105 3438 1168 τὸ,
3469 1107 3628 1170 Υἱός*
3656 1081 3765 1160 ob:

2183 1183 2372 1253 δαμῶς
2411 1185 2519 1257 γάρ
2545 1189 2574 1240 6
2604 1187 2726 1252 Υἱὸς
2766 1189 2982 1260 Πατήρ·
3014 1193 3232 1263 καὶτῆς
3265 1196 3618 1260 ὑποστάσεως
3653 1199 3740 1251 τοῦ

2184 1275 2501 1346 Ιῐνεὺματος
2533 1279 2627 1331 τοῦ
2660 1280 2817 1347 ἁγίου
2872 1281 2998 1347 ἴδιον
3047 1284 3107 1336 τὸ
3148 1283 3287 1338 εἷναι
3340 1288 3565 1359 Πνεῦμα
3614 1290 3738 1343 Θεοῦ

2183 1369 2365 1437 ἅγιον·
2423 1371 2671 1440 οὐδαμῶς
2723 1372 2779 1425 δὲ
2818 1372 2877 1426 τὸ
2919 1375 3138 1446 Πνεῦμα
3171 1377 3262 1430 τοῦ
3293 1379 3430 1432 Θεοῦ
3462 1380 3525 1433 τὸ
3571 1381 3737 1449 ἅγιον,

2182 1461 2429 1533 Πατὴρῆ
2466 1462 2612 1526 Υἱός.
2665 1464 2729 1516 Ἡ
2773 1463 2826 1517 δὲ
2865 1465 3020 1520 οὑσία
3068 1469 3300 1540 Πατρὸς,
3334 1472 3429 1524 καὶ
3469 1471 3620 1536 Υίοῦ,
3655 1476 3739 1525 καὶ

2181 1551 2337 1617 ἁγίου
2373 1552 2512 1604 Πνεὺ
2521 1571 2705 1623 ματος,
2720 1556 2870 1624 κοινή
2893 1573 2906 1585 ο
2934 1557 3135 1626 ὁμοίως
3160 1559 3269 1627 γὰρ
3291 1561 3580 1627 ἀθάνατος,
3597 1565 3740 1634 ὁμοί·

2181 1656 2255 1700 ως
2287 1639 2580 1710 ἄφθαρτος,
2614 1641 2813 1712 ὁμοίως
2847 1643 2974 1710 ἁγία
3008 1645 3140 1714 (71),
3177 1647 3376 1717 ὁμοίως
3407 1650 3605 1722 ἀγαθή.
3635 1653 3738 1705 Καὶ

2180 1728 2265 1782 διὰ
2311 1730 2464 1783 τοῦτο
2500 1730 2727 1802 λέγομεν
2784 1733 2910 1802 μίαν
2950 1735 3158 1799 οὑσίαν,
3197 1741 3346 1808 τρεῖς
3397 1740 3734 1806 ὑποστάσεις.

514 1803 636 1856 liter
673 1811 881 1864 sancta,
923 1805 1173 1859 similiter
1210 1805 1373 1861 bona.
1429 1805 1492 1858 Et
1530 1815 1811 1877 propterea
1842 1809 2065 1863 dicimus

2178 1821 2375 1889 ’Aro’y.
2397 1822 2504 1874 Ποῦ
2532 1797 2852 1894 γέγραπται,
2868 1827 2949 1878 ὅτι
2983 1827 3041 1879 τὸ
3064 1797 3307 1899 Πνεῦμα,
3327 1797 3476 1882 ⁷Θεοῦ
3496 1797 3734 1898 λέγεταί;

513 1909 675 1948 unam
722 1897 1104 1961 substantiam,
1151 1905 1265 1953 tres
1328 1899 1666 1970 hypostases.
1739 1901 1926 1955 Anam.
1969 1901 2072 1956 Ubi

511 1986 774 2055 scriptum
814 1996 898 2042 est
935 1986 1193 2058 Spiritum
1219 1999 1466 2044 sanctum
1507 1992 1611 2045 diei
1640 1990 1902 2060 Spiritum
1941 1991 2074 2048 Dei?

510 2075 663 2132 Orth.
694 2075 896 2134 Paulus
933 2081 1212 2148 apostolus
1248 2080 1380 2134 dicit
1412 2101 1423 2135 :
1476 2100 1493 2130 ι
1536 2081 1705 2135 Nemo
1734 2083 1874 2137 enim
1905 2084 2073 2138 homi-

509 2185 637 2222 num
678 2169 782 2223 scit
804 2186 924 2239 quae
952 2180 1075 2224 sunt
1101 2171 1361 2236 hominis,
1401 2173 1507 2225 nisi
1540 2173 1765 2242 spiritus
1808 2174 2069 2240 hominis,

507 2254 596 2323 qui
627 2254 680 2307 in
724 2255 842 2324 ipso
881 2264 1001 2319 est;
1046 2258 1117 2310 ita
1166 2265 1220 2311 et
1270 2273 1390 2328 qua:
1434 2257 1523 2312 Dei
1564 2268 1721 2320 sunt,
1772 2275 1930 2314 nemo
1977 2276 2072 2315 co-

505 2346 709 2417 gnovit,
727 2347 832 2402 nisi
862 2346 1098 2418 Spiritus
1128 2347 1220 2404 Dei
1239 2349 1286 2404 ⁸.
1316 2369 1333 2400 ι
1357 2351 1545 2404 Anam.
1575 2348 1834 2419 Spiritum
1865 2352 1958 2407 Dei
1988 2354 2072 2408 di-

503 2439 576 2492 cit
599 2439 773 2513 ipsum
813 2439 1004 2496 Deum.
1049 2440 1202 2496 Orth.
1226 2441 1368 2514 Lege
1405 2443 1746 2514 Apostolum,
1791 2454 1849 2500 ut
1888 2446 2068 2518 ipsum

503 2531 616 2586 haec
675 2533 944 2586 dicentem
1000 2534 1231 2590 audias:
1269 2553 1288 2586 ‹
1349 2535 1479 2602 Quae
1517 2539 1712 2594 oculus
1749 2555 1858 2594 non
1911 2541 2068 2604 vidit,

502 2642 602 2680 nec
631 2627 782 2680 auris
816 2626 1045 2691 audivit,
1077 2644 1177 2683 nec
1203 2629 1258 2683 in
1287 2642 1383 2682 cor
1412 2629 1650 2685 hominis
1681 2631 2065 2695 ascenderunt,

444 2717 448 2722 ’
500 2734 618 2784 qua:
665 2725 980 2787 prmparavit
1013 2718 1152 2774 Deus
1193 2720 1548 2788 diligentibus
1574 2736 1654 2785 se,
1690 2721 1851 2776 nobis
1888 2729 2066 2775 autem

503 2808 642 2862 licus
687 2810 943 2862 revelavit
986 2824 1080 2878 per
1116 2809 1380 2878 Spiritum
1418 2825 1600 2867 suum.
1655 2810 1893 2880 Spiritus
1923 2813 2065 2865 enim

498 2902 676 2952 οηιηίἓὶ
712 2908 1007 2966 scrutatur,
1035 2901 1199 2955 etiam
1234 2900 1502 2971 profunda
1555 2901 1650 2957 Dei
1680 2904 1721 2956 ⁷.
1763 2902 1896 2968 Quis
1922 2905 2064 2957 enim

497 2993 599 3046 scit
629 2994 927 3054 hominum,
963 3011 1083 3064 qua:
1112 3005 1240 3050 sunt
1273 2996 1528 3059 hominis,
1576 2997 1679 3050 nisi
1718 2997 1944 3065 spiritus
1969 2997 2068 3050 ho-

2177 1916 2330 1982 Ὀρθ.
2354 1915 2560 1979 Παῦλος
2590 1918 2618 1968 ὁ
2663 1917 2953 1981 ἀπόστολος
2985 1919 3162 1987 λέγει·
3197 1938 3215 1970 ι
3248 1920 3440 1984 υὺδεὶς
3478 1921 3588 1989 γὰρ
3605 1918 3734 1976 οἶδεν

2174 2008 2471 2080 ἀνθρώπων
2515 2011 2582 2063 τά
2612 2010 2706 2062 τοῦ
2756 2009 3062 2081 ἀνθρώπου,
3109 2013 3156 2063 εἰ
3203 2013 3276 2081 μὴ
3304 2012 3610 2084 τὸσπνεῦμα
3645 2012 3733 2067 τοῦ

2174 2098 2456 2170 ἀνθρώπου
2491 2098 2550 2153 τὸ
2583 2101 2640 2152 ἐν
2677 2099 2855 2170 αὑτῷ·
2887 2099 3057 2164 οὑτως
3093 2102 3186 2153 καὶ¹
3228 2100 3297 2153 τά
3338 2101 3433 2154 τοῦ
3475 2103 3610 2156 Θεοῦ
3646 2103 3734 2158 οὗ·

2173 2189 2282 2254 δεὶς
2296 2185 2433 2244 οἶδεν
2459 2193 2506 2244 εὶ
2537 2191 2690 2263 μὴτὸ
2711 2192 2932 2263 Πνεῦμα
2955 2193 3046 2246 τοῦ
3066 2192 3218 2246 Θεοῦ.
3233 2195 3462 2264 »Ἂν-ὀμ.
3485 2196 3560 2248 T0
3571 2196 3733 2250 Πνεῦ·

2177 2299 2254 2352 μα
2278 2280 2371 2334 τοῦ
2403 2281 2537 2334 Θεοῦ
2576 2281 2722 2350 λέγει
2754 2283 2914 2335 αὑτὸν
2956 2283 3047 2336 τὸν
3076 2283 3227 2336 Θεόν.
3252 2286 3406 2352 Ὀρθ.
3445 2287 3736 2356 Ἀνάγνωϐι

2170 2373 2262 2425 τὸν
2296 2372 2634 2436 Ἀπόστολον,
2668 2373 2753 2426 ἴνα
2785 2372 3022 2446 ἀκούσῃς
3069 2373 3317 2443 λέγοντος
3362 2377 3569 2441 οὕτως’
3605 2398 3624 2430 ι
3674 2381 3735 2433 ’Δ

2170 2467 2445 2537 ὀφθαλμὸς
2473 2468 2572 2521 οὑκ
2602 2463 2728 2530 εἶδε,
2763 2467 2857 2519 καὶ
2895 2467 2956 2519 τὸ
2995 2462 3086 2530 οῦς
3129 2468 3228 2521 οὑκ
3267 2470 3490 2540 ἤκουσε,
3520 2472 3614 2524 καὶ
3649 2472 3734 2525 ἐπὶ

2173 2559 2397 2631 καρδίαν
2432 2557 2712 2628 ἀνθρώπου
2729 2558 2828 2610 οὑκ
2845 2557 3031 2628 ἀνέϐη,
3047 2557 3082 2611 ἀ
3108 2559 3400 2631 ἡτοίμασεν
3425 2564 3455 2614 ὁ
3482 2561 3614 2625 Θεὸς
3632 2567 3733 2626 τοῖς

2171 2651 2454 2719 ἀγαπῶσιν
2496 2650 2688 2703 αὐτόν’
2725 2653 2856 2720 ἡμῖν
2900 2649 2956 2702 δὲ
3006 2651 3098 2702 καὶ
3127 2651 3257 2714 Θεὸς
3298 2653 3616 2723 ἀπεκάλυψε
3653 2654 3732 2706 διὰ

2168 2741 2260 2794 τοῦ
2296 2741 2607 2812 Πνεὺματος
2623 2740 2805 2793 αὐτοῦ’
2835 2739 2894 2792 τὸ
2925 2738 3034 2810 γὰρ
3066 2739 3290 2812 Πνεῦμα
3317 2744 3498 2796 πάντα
3521 2746 3729 2815 ἐρευνᾷ,

2169 2829 2352 2882 καὶτὰ
2387 2829 2521 2900 βάθη
2561 2828 2654 2882 τοῦ
2696 2829 2852 2882 Θεοῦ.
2883 2830 2978 2892 Τίς
3005 2829 3110 2902 γὰρ
3143 2825 3283 2884 οἶδεν
3325 2833 3632 2905 ἀνθρώπων
3671 2833 3732 2888 τὰ

2169 2918 2264 2972 τοῦ
2291 2919 2600 2990 ἀνθρώπου,
2631 2922 2679 2972 εί
2713 2919 2784 2990 μὴ
2813 2919 2874 2972 τὸ
2891 2919 3104 2990 πνεῦμα
3121 2921 3212 2975 τοῦ
3237 2922 3567 2994 ἀνθρώπου;
3595 2925 3726 2977 οὑτω

2170 3013 2262 3064 καὶ
2310 3011 2379 3064 τά
2429 3012 2524 3066 τοῦ
2553 3011 2686 3066 Θεοῦ
2717 3010 2887 3074 οὐδεὶς
2913 3010 3074 3077 ἔγνω,
3098 3014 3146 3064 εί
3175 3012 3248 3084 μὴ
3282 3013 3344 3066 τὸ
3389 3015 3616 3086 Πνεῦμα
3641 3014 3736 3068 τοῦ

496 3085 697 3140 minis?
729 3087 802 3138 ita
855 3095 909 3138 et.
963 3102 1083 3155 quae
1126 3086 1218 3140 Dei
1269 3095 1397 3140 sunt
1421 3102 1580 3141 nemo
1632 3089 1906 3156 cognovit,
1945 3087 2060 3160 nisi
2093 3148 2132 3160 Α
2166 3102 2323 3158 Θεοῦ,
2375 3123 2393 3155 ,

2115 3182 2133 3202 Δ

496 3173 732 3244 Spiritus
762 3177 875 3232 Dei.
928 3196 946 3226 ι

567 3269 650 3322 15.
697 3271 884 3323 Anom.
913 3269 1029 3324 Cur
1067 3286 1173 3324 non
1203 3280 1315 3326 tres
1341 3287 1558 3342 quoque
1590 3273 1930 3329 substantias
1977 3275 2060 3329 di-

493 3359 702 3415 cimus?
732 3360 884 3415 0rth.
917 3361 1053 3426 Quia
1085 3364 1211 3417 (lato
1248 3380 1498 3428 numero,
1548 3381 1772 3422 necesse
1814 3375 1898 3422 est
1936 3383 2060 3437 pro-

489 3452 771 3519 prietatem
799 3453 916 3507 dari
948 3473 960 3507 :
998 3456 1305 3524 proprietas
1344 3472 1469 3511 vero
1500 3464 1581 3511 est
1628 3457 1859 3511 alterum
1907 3460 2060 3528 quiil-

488 3547 644 3597 dam:
671 3545 839 3599 altera
861 3553 1040 3601 autem
1063 3547 1364 3601 substantia
1392 3550 1676 3604 constituit
1703 3550 2054 3620 ὲτεροοὺσιον.

486 3635 638 3702 Quod
674 3644 852 3692 autem
891 3647 972 3691 est
1008 3639 1363 3710 ἐτεροοὺσιον,
1399 3656 1506 3696 non
1537 3648 1620 3695 est
1662 3641 1911 3696 similiter
1952 3642 2055 3694 im-

483 3729 734 3794 mortale,
761 3744 865 3784 nec
895 3731 1148 3785 similiter
1182 3732 1615 3803 incorruptibile,
1659 3749 1758 3789 nec
1806 3735 2056 3790 similiter

481 3831 752 3888 sanctum,
781 3837 880 3877 nec
906 3823 1533 3880 similitenimmutabile.
1564 3825 1632 3879 At
1657 3825 1837 3890 Pater,
1861 3824 2052 3891 Filius,

471 3902 534 3964 'et
582 3910 821 3982 Spiritus
862 3921 1108 3980 sanctus,
1159 3923 1287 3972 sunt
1337 3915 1596 3985 quiddam
1644 3917 1897 3972 similiter
1952 3918 2056 3972 im-

481 4004 728 4066 mortale,
784 4013 1052 4067 sanctum.
1109 4007 1463 4062 immutabile.
1509 4007 1625 4063 Una
1672 4017 1918 4081 estergo
1951 4009 2056 4064 Pa-

479 4095 603 4154 tris.
650 4096 794 4162 Filii,
851 4106 905 4151 et
957 4097 1192 4168 Spiritus
1226 4101 1401 4154 sancti
1435 4102 1762 4157 substantia.
1823 4103 2053 4170 Quando

478 4204 607 4242 vero
640 4198 752 4244 tres
785 4191 1105 4261 hypostases
1145 4193 1381 4248 dicimus
1421 4193 1622 4258 Patris,
1659 4197 1801 4263 Filii,
1838 4205 1892 4252 et
1927 4197 2050 4267 Spi-

478 4281 618 4335 ritus
650 4283 849 4346 sancti,
876 4299 1004 4338 vere
1039 4299 1160 4339 esse
1199 4285 1434 4340 dicimus
1465 4287 1860 4354 proprietatum
1891 4290 2050 4344 diti‘e-

477 4371 708 4424 rentiam
744 4372 798 4426 in
847 4373 1124 4443 hypostasi
1157 4416 1171 4439 ,
1225 4391 1335 4430 non
1378 4385 1559 4430 autem
1612 4380 1664 4431 in
1725 4381 2046 4437 substantia.

2234 3287 2524 3356 15.‘Ard;¢.
2558 3287 2656 3340 Διά
2682 3288 2734 3340 τί
2761 3287 2817 3340 δὲ
2851 3288 2925 3358 μὴ
2949 3287 3041 3341 καὶ
3067 3288 3214 3359 τρεῖς
3238 3285 3429 3350 οὐσίας
3463 3287 3730 3359 εἴπωμενς

2157 3378 2312 3444 Ὀρθ.
2334 3377 2454 3429 Ὅτι
2493 3375 2704 3444 ἀνάγκη
2731 3373 2806 3445 τῷ
2835 3375 3052 3446 ἀριθμῷ
3077 3376 3176 3443 τὴν
3212 3375 3451 3444 ἰδιότητα
3482 3375 3719 3445 δοθῆναι·

2158 3471 2190 3538 ή
2216 3468 2272 3520 δὲ
2300 3467 2495 3538 ἰδιότης
2515 3469 2784 3537 ἑτερότης·
2824 3468 2858 3537 ἡ
2895 3467 2950 3519 δὲ
2985 3467 3238 3538 ἑτερότης
3265 3467 3366 3536 τῆς
3399 3466 3587 3530 οὑσίας
3614 3468 3721 3519 ἐτε-

2161 3559 2395 3630 ροοὺσιον
2411 3560 2518 3629 (72)
2539 3562 2696 3612 ποιεῖ·
2722 3559 2780 3611 τὺ
2803 3559 2858 3611 δὲ
2882 3558 3214 3629 ἑτεροοὺσιον
3235 3557 3334 3626 οὑχ
3354 3556 3560 3628 ὁμοίως
3583 3559 3721 3610 ἐστὶν

2155 3651 2436 3715 ἀθάνατον,
2468 3653 2565 3721 οὑχ
2612 3651 2811 3720 ὁμοίως
2861 3649 3153 3720 ἄφθαρτον,
3187 3649 3285 3718 οὑχ
3328 3649 3533 3718 ὁμοίως
3556 3649 3717 3716 ἅγιον,

2154 3745 2252 3814 οὑχ
2292 3745 2491 3814 ὁμοίως
2528 3744 2814 3812 ἄτρεπτον.
2861 3741 3091 3812 Ὁμοίως
3134 3741 3190 3794 δὲ
3234 3740 3424 3811 Πατὴρ
3463 3742 3559 3794 καὶ
3602 3739 3719 3802 Υἱὸς

2155 3839 2248 3890 καὶ
2283 3837 2434 3904 ἅγιον
2472 3836 2712 3906 Πνεῦμα,
2749 3834 3036 3897 ἀθάνατον,
3073 3834 3246 3902 ἅγιον,
3273 3829 3564 3904 ἄτρεπτον.
3611 3832 3716 3886 Μία

2153 3931 2260 4000 ἄρα
2294 3931 2449 3984 οὑσία
2496 3928 2727 3999 Πατρὸς,
2761 3927 2856 3980 καὶ¹
2879 3926 3028 3989 Υἱοῦ,
3059 3926 3152 3978 καλ⁵
3193 3925 3348 3992 ἁγίου
3384 3924 3709 3995 Πνεὺματος.

2155 4022 2320 4075 Ὅταν
2374 4023 2431 4075 δὲ
2477 4022 2722 4092 λέγωμεν
2764 4022 2913 4092 τρεῖς
2961 4019 3287 4081 ὑποστάσεις
3335 4018 3574 4088 Πατρδς,
3627 4017 3714 4070 καὶ

2153 4114 2304 4175 Υἱοῦ,
2333 4115 2426 4168 καὶ
2450 4114 2602 4182 ἁγίου
2628 4113 2961 4184 Πνεὺματος,
3000 4111 3060 4164 τὸ
3103 4109 3299 4181 ἀληθὲς
3328 4106 3468 4162 εἶναι
3497 4111 3713 4180 λέγομεν

2150 4205 2256 4258 τῶν
2282 4206 2554 4275 ίδιοτήτων
2583 4205 2680 4275 τὴν
2702 4202 2962 4275 διαφορὰν
2985 4203 3042 4254 ἐν
3069 4203 3134 4271 τῇ
3168 4201 3484 4264 ὑποστάσει,
3520 4200 3638 4270 οὑχὶ
3661 4198 3711 4250 δὲ

2151 4298 2245 4351 καὶ
2272 4298 2329 4348 ὲν
2355 4299 2421 4366 τῇ
2451 4296 2629 4364 οὑσίᾳ.
2650 4295 2850 4362 Ἀνόμ.
2879 4294 3069 4361 Λέγεις
3107 4293 3163 4345 δὲ
3183 4291 3320 4354 ὅλως
3343 4291 3611 4362 διαφορὰν
3631 4289 3712 4341 ἐπὶ

2151 4388 2382 4458 Πατρὸς,
2425 4388 2515 4440 καὶ
2554 4385 2706 4449 Υίοῦ,
2747 4385 2842 4436 καὶ
2871 4385 3024 4452 ἁγίου
3053 4382 3403 4452 Πνεὺματος;
3431 4383 3580 4449 Ὀρθ.
3610 4381 3710 4450 Τὴν

476 4467 668 4519 Anam.
719 4463 869 4520 Dicis
897 4476 1074 4522 autem
1117 4469 1340 4522 omnino
1369 4470 1726 4525 diﬂ‘erentiam
1757 4489 1880 4528 esse
1906 4477 2047 4530 inter

2167 4479 2405 4550 ῑιαςροράν
2430 4479 2631 4548 ταύτην
2660 4478 2822 4546 λέγω,
2857 4477 2917 4530 τὸ
2944 4476 3033 4528 τὸν
3060 4475 3278 4544 Πατέρα
3305 4475 3379 4544 μὴ
3402 4468 3542 4527 εἶναι
3573 4473 3707 4531 Υἱὺν,

474 4556 711 4620 Patrem,
743 4556 960 4620 Filium,
992 4565 1046 4612 et
1086 4557 1348 4628 Spiritum
1380 4563 1670 4614 sanctum?
1700 4561 1852 4620 Ortlz.
1895 4564 2046 4621 Hanc

478 4649 841 4704 dili‘erentiam
882 4651 1026 4713 dico,
1057 4651 1202 4721 quod
1237 4651 1330 4722 qui
1364 4651 1526 4707 Pater
1563 4661 1666 4719 est,
1711 4671 1817 4709 non
1853 4659 1923 4710 sit
1957 4656 2046 4711 Fi-

470 4742 620 4798 lius:
656 4757 754 4796 nec
787 4743 877 4812 qui
929 4741 1100 4796 Filius
1138 4751 1243 4804 est.
1285 4743 1357 4796 sit
1396 4742 1557 4798 Pater
1591 4761 1605 4796 :
1641 4760 1741 4798 nec
1774 4745 1876 4814 qui
1921 4745 2044 4816 Spi-

468 4837 610 4888 ritus
648 4842 873 4888 sanctus
931 4842 1035 4896 est,
1088 4835 1160 4889 sit
1196 4835 1359 4890 Pater
1391 4837 1475 4891 vel
1518 4834 1691 4891 Filius
1723 4855 1738 4890 :
1772 4853 1863 4902 ne,
1917 4853 2041 4892 cum

467 4925 624 4978 audis
654 4925 889 4990 Patrem,
925 4932 979 4980 et
1004 4923 1223 4987 Filium,
1243 4933 1297 4980 et
1329 4923 1594 4996 Spiritum
1625 4930 1908 4993 sanctum',
1941 4945 2040 4983 no-

466 5017 613 5070 mina
636 5019 878 5087 quaedam
911 5017 1054 5071 nuda
1083 5019 1384 5089 intelligas,
1417 5018 1513 5074 sed
1543 5019 1886 5090 hypostases,
1915 5034 2036 5089 qua:

465 5124 591 5164 vere
616 5117 744 5163 sunt
763 5117 818 5164 et
848 5110 1175 5170 subsistunt,
1208 5119 1262 5164 et
1308 5127 1523 5175 rursus,
1556 5127 1682 5166 cum
1708 5127 1869 5166 unam
1906 5113 2035 5167 sub-

438 5182 716 5253 'stantiam
769 5201 1021 5264 dicimus,
1074 5202 1362 5272 intelligas,
1415 5202 1469 5255 id
1502 5203 1645 5272 quod
1703 5218 1804 5257 nos
1855 5202 2031 5257 Patris

461 5292 826 5348 substantiam
860 5311 982 5350 esse
1026 5297 1296 5351 sentimus
1333 5296 1511 5366 ipsum
1543 5311 1665 5352 esse
1707 5294 1928 5359 Filium,
1977 5305 2032 5351 et

530 5470 550 5501 ⁸
589 5470 603 5521 1
637 5470 759 5527 Cor.
799 5491 862 5535 ιι,
900 5475 986 5527 Η.
1064 5477 1083 5506 ⁷
1123 5475 1253 5528 ibid.
1288 5473 1350 5538 9,
1387 5475 1472 5529 £0.

531 5675 641 5746 {El}
693 5677 917 5746 Ὁμοίως
940 5679 1065 5745 ἁγία
1091 5681 1240 5735 abest
1273 5696 1299 5731 a
1324 5679 1490 5738 Palat.

2153 4571 2285 4641 μηδὲ
2312 4571 2403 4623 τὸν
2423 4571 2550 4623 Υίὸν
2577 4569 2792 4640 Πατέρα
2843 4567 2975 4638 μηδὲ
3003 4565 3063 4618 τὸ
3092 4564 3320 4636 Πνεῦμα
3340 4566 3401 4618 τὸ
3422 4566 3576 4633 ἅγιον
3608 4565 3708 4617 Πα-

2147 4661 2282 4732 τέρα
2321 4662 2353 4731 ἢ
2388 4661 2542 4714 Υἱόν·
2576 4661 2662 4714 ἵνα
2704 4661 2778 4731 μὴ
2813 4661 3050 4731 ὀνόματα
3086 4657 3219 4726 ψιλὰ
3246 4656 3476 4727 νομίσῃς
3505 4655 3708 4709 ἁκούων

2150 4753 2386 4819 Πατέρα,
2424 4751 2518 4804 καὶ
2568 4751 2714 4813 Υἱὸν,
2753 4751 2846 4803 καὶ
2876 4752 3028 4817 ἅγιον
3057 4747 3304 4818 Πνεῦμα,
3337 4747 3453 4799 ἀλλ’
3481 4745 3705 4800 ὑποστά-

2149 4857 2261 4903 σεις
2287 4841 2500 4912 ἀληθῶς
2527 4841 2692 4903 οὑσας
2718 4841 2810 4893 καὶ
2841 4838 3157 4910 ὑφεστώσας
3181 4857 3196 4869 ·
3240 4839 3370 4891 ὅταν
3391 4838 3450 4890 δὲ
3470 4837 3704 4907 λέγωμεν

2149 4930 2276 5000 μίαν
2301 4933 2508 4997 οὐσίαν,
2533 4933 2612 4985 ὅτι
2631 4933 2766 5002 ὅπερ
2792 4931 2860 4986 ἂν
2895 4932 3175 5000 νοήσωμεν
3204 4924 3341 4982 εἶναι
3381 4927 3477 4980 τοῦ
3503 4926 3702 4998 Πατρδς

2140 5024 2239 5093 τὴν
2295 5026 2501 5089 οὑσίαν,
2540 5024 2695 5078 τοῦτό
2749 5026 2894 5078 ἐστιν
2941 5024 2970 5076 6
3007 5022 3155 5085 Υἱὸς,
3198 5021 3355 5075 τοῦτο
3390 5021 3486 5074 καὶ
3524 5019 3583 5072 τὸ
3616 5014 3700 5069 τοῦ

2141 5115 2353 5187 Πατρὸς
2380 5116 2544 5170 αὑτοῦ
2580 5115 2820 5186 Πνεῦμαο
2851 5114 2979 5185 περὶ
3015 5107 3074 5167 οῦ
3101 5113 3266 5176 αὑτὸς
3294 5112 3324 5164 6
3355 5111 3485 5175 Υἱὸς
3528 5105 3695 5162 εἶπεν·

2144 5223 2162 5255 ι
2203 5207 2277 5259 Οὑ
2307 5207 2414 5278 γάρ
2456 5209 2577 5260 ἐστε
2625 5207 2781 5278 ὑμεῖς
2810 5207 2860 5258 οἱ
2900 5204 3202 5269 λαλοῦντες,
3233 5203 3371 5258 ἀλλά
3396 5203 3459 5254 τὸ
3487 5197 3696 5268 Πνεῦμα

2136 5295 2228 5352 τοῦ
2258 5299 2467 5369 Πατρὸς
2498 5298 2653 5369 ὑμῶν
2680 5297 2741 5350 τὸ
2761 5295 2952 5350 λαλοῦν
2975 5296 3032 5348 ὲν
3053 5294 3205 5366 ὑμῖν.
3227 5313 3245 5347 ι
3289 5293 3402 5349 Καὶ
3433 5290 3519 5346 διὰ
3550 5287 3695 5345 τοῦτο

529 5733 640 5816 (72)
686 5733 774 5800 Sic
809 5733 1006 5817 Regius
1037 5758 1088 5804 et
1117 5733 1414 5806 Palatinus.
1450 5733 1590 5802 Εὐίῑί
1622 5761 1770 5812 vero,
1808 5746 2150 5819 ἑτεροὺσιονυ

1201 5933 1304 5945 ὀι-νβ
