3982 6398
250 313 385 374 HM

1239 314 1331 371 DE
1369 313 1642 401 SANCTA
1681 313 2056 372 TRlNlTATE
2087 313 2430 371 DI‘AILOGUS
2467 314 2488 367 Ι

3369 312 3511 369 H43

249 429 483 504 εἴρηται·
509 446 535 481 ι-
558 425 747 491 Οὐδεὶς
778 423 1000 496 ἀγαθὸς,
1032 424 1081 480 εί
1123 426 1198 499 μὴ
1229 424 1309 492 εἷς
1333 431 1362 483 6
1387 429 1538 493 Θεός·
1566 446 1585 480 ι
1622 428 1825 499 ἀγαθοῦ

1934 427 2031 481 hac
2060 426 2239 496 ipsum
2289 441 2413 482 esse
2449 439 2670 497 quoque
2704 422 2879 495 ipsius
2906 418 3089 480 Patris
3112 423 3404 495 Spiritum,
3441 427 3511 481 de

248 523 397 585 ὄντος
423 521 519 576 τοῦ
543 520 777 594 Πατρὺς,
806 520 902 574 καὶ
932 519 1025 573 τοῦ
1048 520 1199 584 Υίοῦ,
1236 522 1329 574 καὶ
1359 521 1453 577 τοῦ
1483 523 1636 590 ἁγίου
1662 521 1825 575 Πνεὺ-

251 629 441 685 ματος,
462 611 523 666 οὑ
557 612 756 683 μετοχῇ
779 610 1135 681 ἁγαθότητος,
1160 610 1274 664 ἀλλ’
1296 611 1484 675 οὐσίας
1516 612 1820 683 ταυτότητι.

248 706 450 774 Ἀνόμ.
486 702 711 773 Ἀγαθὸν
743 702 851 774 γὰρ
879 702 1058 771 λέγεις
1082 704 1177 757 καὶ
1206 702 1265 756 τὺ
1295 703 1520 774 Πνεῦμα
1538 720 1554 769 ;
1572 703 1726 771 Ὀρθ.
1762 704 1823 756 '0

249 795 535 867 προφήτης
558 793 721 849 Δαϐὶδ
752 793 938 862 λέγει·
977 812 995 844 ι
1035 793 1109 846 T6
1145 794 1371 864 Πνεῦμά
1402 811 1494 847 σου
1527 793 1588 847 τὸ
1622 793 1824 863 ἀγαθὸν

245 885 500 960 ὁδηγήσει
531 903 597 958 με
632 888 692 939 ὲν
729 889 799 957 γῇ
845 885 1048 958 εὐθείᾳ.
1084 904 1103 937 ι
1154 885 1348 954 Ἀνόμ.
1384 886 1492 939 Καὶ
1549 885 1826 958 ἄνθρωποι

247 976 499 1047 λέγονται
531 977 745 1047 ἀγαθοί.
764 978 915 1045 Ὀρθ.
938 977 1067 1039 Ναὶ,
1092 976 1227 1031 ἀλλὰ
1250 979 1450 1047 μετοχῇ
1472 976 1826 1047 ἀγαθότητος.

259 1070 465 1140 Ἀνόμ.
499 1069 611 1123 Καὶ
640 1069 702 1122 τὸ
718 1068 942 1139 Πνεῦμα
971 1067 1136 1137 λέγω.
1165 1069 1319 1136 Ὀρθ.
1350 1068 1584 1121 Δὺναται
1617 1064 1709 1122 οὖν
1741 1069 1837 1121 καὶ

250 1161 547 1218 ἀποϐαλεῖν
575 1160 671 1233 τὴν
698 1161 1028 1231 ἁγαθότητα,
1055 1159 1131 1224 ὡς
1153 1162 1182 1214 6
1206 1159 1426 1223 Ἰούδας,
1451 1160 1543 1213 καὶ
1568 1159 1644 1222 ὡς
1672 1161 1700 1212 6
1721 1159 1836 1213 διά-

249 1249 405 1313 σολος
422 1266 437 1314 ;
454 1250 652 1319 Ἀνόμ.
670 1249 794 1303 Ἐὰν
817 1249 1038 1323 θελήσῃ,
1070 1250 1178 1304 ναί.
1210 1250 1366 1318 Ὀρθ.
1384 1250 1477 1319 Μή
1500 1267 1588 1321 μοι
1607 1249 1694 1322 εἴη
1711 1268 1838 1304 κατ-

248 1339 431 1395 έναντι
441 1341 646 1412 Κυρίου
662 1338 1095 1409 ἀσεϐῆσαι,ὥστε
1111 1338 1214 1393 κᾶν
1229 1340 1308 1402 είς
1321 1338 1447 1394 νοῦν
1458 1338 1617 1391 τοῦτο
1631 1337 1834 1391 λαϐεῖνί

1928 533 2038 590 quo
2092 518 2264 575 Filius
2320 520 2438 589 ipse
2483 517 2661 573 dixit:
2702 536 2720 568 ς
2758 515 2878 571 Non
2907 517 3049 572 enim
3078 531 3177 572 vos
3207 516 3364 580 estis,
3413 517 3510 586 qui

1930 611 2236 683 loquimini,
2256 610 2351 666 sed
2372 608 2611 681 Spiritus
2631 608 2792 681 417
2810 608 2989 665 Patris
3016 608 3205 670 vestri,
3228 609 3320 679 qui
3342 608 3515 678 loqui-

1886 772 1889 779 .
1931 704 2091 759 turin
2112 703 2270 759 vobis
2286 703 2328 757 ⁸.
2359 722 2380 756 ι
2422 699 2714 773 Propterea
2740 714 2959 771 quoque
2986 700 3191 754 dictum
3215 707 3330 755 est:
3365 716 3384 750 ι
3406 696 3514 753 Ne—

1929 811 2020 849 mo
2068 795 2269 859 bonus,
2318 795 2424 852 nisi
2465 810 2609 850 unus
2641 791 2821 862 Deus;
2854 792 3113 848 nimirum
3156 790 3301 862 quod
3334 791 3512 847 bonus

1932 890 2003 944 sit
2031 887 2213 953 Pater,
2247 885 2419 943 Filius
2466 893 2521 941 et
2572 886 2809 956 Spiritus
2841 893 3067 939 sanctus
3090 922 3106 948 ,
3140 899 3252 938 non
3290 882 3514 954 partici-

1934 980 2156 1049 patione
2195 979 2477 1043 bonitatis,
2522 979 2616 1033 sed
2655 977 2979 1034 substantia:
3011 976 3321 1047 ταυτότητι,
3352 975 3512 1046 quasi

1935 1068 2108 1132 dicas,
2161 1067 2463 1125 identitate.
2516 1069 2707 1122 Anam.
2738 1067 2880 1138 Ergo
2919 1067 3123 1121 bonum
3166 1066 3304 1122 dicis
3345 1064 3512 1120 etiam

1939 1157 2203 1228 Spiritum
2262 1158 2558 1212 sanctum?
2599 1156 2751 1213 Orth.
2808 1156 2979 1211 David
3019 1155 3279 1227 propheta
3337 1154 3510 1209 dicit:

1946 1247 2217 1318 «Spiritus
2269 1256 2398 1304 tuus
2442 1248 2620 1303 bonus
2674 1247 2904 1302 deducet
2934 1261 3021 1301 me
3074 1246 3132 1300 in
3178 1253 3383 1301 terram
3428 1259 3515 1299 re-

1940 1342 2141 1393 ctam’.
2167 1359 2187 1392 ›
2210 1341 2400 1396 Anam.
2420 1338 2684 1394 Dicuntur
2708 1340 2871 1394 etiam
2896 1339 3144 1395 homines
3172 1339 3321 1395 boni.
3359 1337 3512 1394 Orth.

250 1434 417 1503 Sane,
450 1435 546 1492 sed
576 1435 989 1506 participatione
1019 1434 1298 1489 bonitatis.
1350 1434 1541 1488 Anam.
1601 1433 1868 1504 Spiritum
1907 1450 2122 1505 quoque
2171 1435 2425 1490 similiter
2458 1434 2660 1489 bonum
2709 1423 2853 1489 dico.
2915 1433 3071 1490 Orth.
3110 1431 3299 1489 Potest
3347 1434 3516 1504 igitur

248 1534 554 1590 bonitatem
602 1532 860 1601 abjicere,
906 1538 965 1585 ut
989 1529 1180 1594 ludas,
1214 1535 1277 1584 ut
1302 1528 1594 1585 diabolus?
1632 1530 1823 1584 Anam.
1865 1527 2030 1592 Sane,
2068 1531 2113 1585 si
2154 1529 2374 1601 quidem
2405 1530 2551 1585 velit.
2605 1528 2760 1584 Orth.
2791 1528 2988 1584 Absit!
3033 1536 3094 1583 ut
3149 1543 3336 1584 coram
3404 1527 3515 1584 Deo

248 1630 332 1686 sic
365 1629 765 1699 hlasphemem,
819 1634 880 1681 ut
915 1626 1018 1681 hoc
1048 1626 1183 1680 mihi
1230 1626 1316 1680 vel
1371 1626 1428 1679 in
1459 1632 1697 1681 mentem
1729 1625 1933 1681 veniat.

323 1725 411 1780 l6.
494 1724 692 1794 Ἀνόμ.
771 1720 957 1786 Οὕτως
1038 1717 1131 1776 οὖν
1222 1722 1427 1791 ἀγαθὸν
1503 1721 1682 1790 λέγεις
1768 1720 1830 1775 τὸ

2001 1718 2090 1775 16.
2128 1721 2322 1774 Anam.
2360 1717 2452 1774 Sic
2478 1733 2611 1790 ergo
2648 1717 2788 1773 dicis
2819 1715 3085 1786 Spiritum
3125 1722 3377 1772 sanctum
3418 1714 3519 1768 ho-

248 1814 497 1886 Πνεῦμα,
544 1814 622 1877 ὼς
660 1812 753 1866 τὸν
798 1813 1018 1884 Πατέρα
1060 1812 1155 1867 καὶ
1202 1813 1293 1865 τὸν
1332 1812 1494 1876 Υίόν;
1531 1814 1675 1881 Ὸρθ.
1726 1812 1838 1865 Καὶ

248 1905 394 1960 πάνυ
418 1922 434 1936 ο
468 1907 562 1959 καὶ
606 1904 717 1978 γὰρ
753 1904 887 1959 αὑτὸ
910 1906 971 1960 οὑ
1018 1907 1217 1977 μετοχῇ
1256 1905 1592 1976 ἀγαθότητος
1637 1904 1838 1973 ἀγαθόν

246 1999 422 2058 ἐστιν,
448 1996 561 2050 ἀλλ’
597 1997 957 2066 αὑτοαγαθὸν,
988 1999 1156 2068 ἧγουν
1186 1997 1301 2059 (75)
1344 1996 1636 2069 ἁγαθότης,
1667 1997 1834 2050 ἐστίν.

262 2087 485 2158 Ἀμέλει
510 2087 788 2152 Ματθαὼς
824 2088 921 2160 μὲν
948 2090 979 2141 6
1008 2087 1396 2159 εὑαγγελιστὴς
1432 2088 1580 2157 λέγει
1621 2087 1839 2159 εἰρηκέ-

245 2196 338 2233 ναι
368 2179 461 2233 τὸν
493 2179 735 2251 Κύριονο
778 2198 795 2229 ι
836 2181 901 2233 Ei
926 2175 1020 2233 οὑν
1061 2179 1242 2250 ὑμεῖς,
1282 2180 1511 2252 πονηροὶ
1551 2179 1724 2243 ὄντες,
1762 2178 1839 2232 0i-

241 2271 376 2325 δατε
403 2272 611 2343 δόματα
637 2271 817 2341 ἀγαθὰ
848 2272 1052 2326 διδόναι
1094 2275 1208 2336 τοῖς
1234 2272 1444 2337 τέκνοις
1480 2273 1653 2344 ὑμῶν,
1686 2274 1838 2345 πόσῳ

251 2364 456 2434 μᾶλλον
497 2366 528 2418 6
558 2365 749 2436 Πατὴρ
777 2364 931 2435 ὑμῶν
959 2366 988 2418 6
1031 2365 1279 2436 οὐράνιος
1307 2363 1467 2418 δώσει
1509 2364 1689 2435 ἀγαθὰ
1725 2368 1837 2429 τοῖς

245 2457 495 2510 αἰτοῦσιν
539 2456 741 2522 αὑτόν;
810 2476 829 2508 ι
887 2459 918 2510 6
968 2456 1026 2509 δὲ
1074 2457 1318 2520 Λουκᾶς’
1366 2474 1384 2507 ι
1419 2458 1483 2511 Εἰ
1524 2452 1617 2511 οὖν
1656 2457 1835 2528 ὑμεῖς,

246 2547 481 2619 πονηροὶ
529 2546 720 2610 δντες,.
749 2546 925 2600 οἴδατε
978 2546 1187 2617 δόματα
1242 2545 1421 2615 ἀγαθὰ
1474 2545 1673 2599 διδόναι
1726 2548 1838 2610 τοῖς

245 2640 464 2703 τέκνοις
493 2639 670 2711 ὑμῶν,
700 2640 851 2711 πόσῳ
886 2639 1089 2712 μᾶλλον
1112 2641 1141 2693 6
1174 2639 1360 2710 Πατὴρ
1397 2642 1425 2693 6
1456 2639 1706 2709 οὐράνιος
1736 2638 1838 2692 δὼ-

246 2748 335 2787 σει
379 2731 608 2803 Πνεῦμα
646 2733 799 2801 ἅγιον
830 2734 946 2796 τοῖς
992 2731 1232 2785 αἰτοῦσιν
1274 2732 1471 2797 αὑτόν;
1503 2751 1522 2783 ι
1570 2731 1835 2796 Ἀκούεις,

244 2827 299 2877 εἰ
325 2818 444 2878 ὦτα
470 2824 632 2895 ἔχεις,
658 2825 738 2878 ὃτι
767 2825 817 2878 οἱ
843 2824 1225 2896 εὑαγγελισταὶ
1256 2824 1451 2878 ταυτὸν
1480 2823 1838 2893 γινώσκοντες

249 2910 394 2970 εἶναι
440 2914 500 2967 τὸ
531 2913 756 2985 Πνεῦμα
797 2917 862 2986 τῇ
909 2915 1221 2987 ἀγαθότητι,
1264 2917 1358 2969 καὶ
1384 2914 1483 2986 τὴν
1526 2914 1836 2987 ἀγαθότητα

247 3005 331 3076 τῷ
360 3004 641 3076 Πνεὺματι
691 3006 833 3075 (74)·
868 3006 899 3057 6
950 3006 1049 3077 μὲν
1108 3024 1127 3056 ι
1178 3006 1248 3059 τὰ
1296 3007 1476 3075 ἀγαθὰ
1526 3026 1549 3059 ι
1601 3006 1733 3061 αὑτὸ
1777 3005 1837 3059 τὸ

1939 1827 2095 1877 num,
2130 1819 2189 1865 ut
2238 1810 2454 1867 Patrem
2496 1818 2550 1866 et
2581 1808 2827 1865 Filium?
2862 1808 3016 1865 Orth.
3053 1807 3198 1863 Sane
3245 1806 3464 1878 quidem
3496 1823 3512 1861 :

1939 1920 2064 1959 nam
2097 1912 2149 1959 et
2180 1905 2295 1974 ipse
2320 1903 2499 1959 bonus
2524 1910 2611 1959 est
2634 1917 2746 1958 non
2783 1900 3199 1973 participatione
3228 1897 3515 1963 bonitatis,

1940 1996 2033 2053 sed
2061 1997 2203 2067 quod
2242 1997 2310 2051 sit
2347 1996 2525 2067 ipsum
2551 1995 2777 2060 bonum,
2816 1995 2933 2051 sive
2962 1994 3080 2065 ipsa
3110 1993 3349 2049 bonitas.
3373 1990 3521 2047 Dicit

1938 2090 2081 2144 enim
2117 2088 2404 2144 Mattheus
2432 2087 2761 2158 evangelista
2787 2085 3077 2147 Dominum
3108 2085 3315 2140 dixisse
3345 2103 3359 2139 :
3398 2101 3418 2135 ι
3458 2081 3518 2137 Si

1938 2195 2068 2250 ergo
2091 2195 2190 2236 vos
2218 2195 2342 2234 cum
2371 2179 2495 2235 sitis
2526 2178 2675 2243 mali,
2717 2177 2892 2232 nostis
2937 2177 3080 2232 bona
3119 2175 3245 2229 data
3286 2174 3419 2230 dare
3454 2174 3521 2229 ti~

1939 2272 2032 2327 liis
2059 2271 2279 2337 vestris,
2307 2278 2514 2341 quanto
2535 2270 2711 2341 magis
2734 2268 2893 2324 Pater
2914 2276 3120 2331 vester,
3154 2269 3247 2339 qui
3280 2269 3335 2323 in
3361 2267 3518 2324 cmlis

1938 2373 2045 2430 est,
2077 2364 2228 2419 dabit
2273 2365 2414 2419 bona
2448 2350 2760 2434 petentibus
2792 2377 2852 2419 se
2874 2363 3012 2416 ‘°?'r
3047 2361 3114 2416 Et
3140 2361 3319 2417 Lucas
3349 2379 3362 2416 :
3401 2379 3421 2412 ‹
3458 2359 3518 2415 Si

1937 2472 2068 2528 ergo
2095 2473 2192 2512 vos
2220 2472 2345 2512 cum
2370 2457 2491 2513 sitis
2515 2456 2664 2521 mali,
2695 2455 2871 2512 nostis
2901 2455 3046 2511 bona
3073 2455 3199 2509 data
3228 2455 3360 2510 dare
3391 2452 3520 2507 ﬁliis

1938 2550 2157 2612 vestris,
2198 2558 2402 2620 quanto
2445 2546 2621 2618 magis
2669 2545 2830 2602 Pater
2873 2554 3054 2602 vester
3093 2545 3334 2601 celestis
3363 2543 3517 2599 dabit

1940 2640 2200 2711 Spiritum
2224 2646 2473 2695 sanctum
2495 2638 2806 2709 petentibus
2834 2653 2892 2695 se
2917 2639 2959 2671 “
2982 2638 3009 2693 ἲ
3027 2656 3047 2691 ι
3069 2637 3263 2702 Audis,
3284 2638 3331 2692 si
3353 2651 3516 2694 aures

1938 2731 2129 2797 habes,
2157 2730 2521 2801 evangelistas
2542 2729 2712 2800 probe
2735 2728 2903 2791 scire,
2930 2726 3073 2783 idem
3103 2742 3226 2783 esse
3251 2726 3518 2797 Spiritum

1939 2833 2188 2877 sanctum
2230 2828 2399 2890 atque
2429 2820 2753 2883 bonitatem,
2791 2829 2844 2875 et
2867 2819 3164 2875 bonitatem
3193 2825 3357 2888 atque
3392 2816 3522 2887 Spi-

1937 2913 2104 2967 ritum
2129 2919 2379 2970 sanctum
2417 2930 2430 2966 :
2457 2921 2511 2965 et
2540 2910 2690 2964 illum
2723 2909 2940 2979 quidem
2977 2926 2996 2959 ι
3028 2907 3172 2963 bona
3201 2925 3219 2959 ι
3255 2906 3519 2978 Spiritum

1938 3014 2187 3061 sanctum
2248 3004 2452 3069 dicere,
2511 3002 2677 3057 alium
2718 3016 2855 3067 vero
2916 3000 3180 3072 Spiritum
3241 3007 3518 3064 sanctum,

250 3096 487 3167 Πνεῦμα
516 3093 689 3161 εἶπεν,
719 3100 747 3150 6
778 3097 836 3149 δὲ
875 3098 936 3150 τὸ
978 3098 1201 3169 Πνεῦμα
1237 3098 1376 3152 αὑτὰ
1412 3118 1431 3150 ι
1476 3098 1543 3152 τὰ
1572 3099 1770 3170 ἀγαθά.
1813 3119 1831 3152 ι

1945 3114 1963 3147 ‹
1994 3097 2157 3150 bona.
2190 3114 2210 3147 ι
2243 3094 2433 3148 Anam.
2480 3090 2674 3146 Nonne
2711 3097 2795 3146 est
2840 3090 3005 3161 igitur
3055 3089 3220 3144 etiam
3279 3086 3520 3158 Spiritus

264 3189 468 3258 Ἀνόμ.
530 3188 740 3242 Οὑκοῦν
794 3190 888 3242 καὶ
936 3188 1071 3252 Θεός
1116 3190 1233 3241 ἐστι
1281 3188 1339 3241 τὺ
1382 3187 1641 3260 Πνεῦμα;
1684 3190 1830 3258 Ὀρθ.

265 3280 572 3336 ’ἀντίθετον
598 3280 732 3353 (75),
763 3280 847 3334 οὑ.
885 3280 1074 3350 Ἀνόμ.
1102 3281 1167 3333 Τί
1194 3280 1341 3334 θέλει
1366 3277 1504 3335 εἶναι
1529 3281 1832 3347 ἁντίθετον;

265 3374 416 3443 Ὀρθ.
460 3372 533 3426 T6
570 3372 1021 3444 ἀντιτεταγμένον
1054 3372 1131 3443 τῷ
1175 3372 1437 3444 θελήματι
1471 3371 1565 3425 τοῦ
1599 3374 1832 3446 Πατρός.

250 3464 329 3519 Τὸ
353 3465 411 3519 δὲ
440 3466 664 3536 Πνεῦμα
704 3467 806 3520 οὑκ
833 3467 1231 3531 ἀντιτέτακται,
1270 3468 1383 3521 ἀλλ’
1428 3469 1492 3521 ὲκ
1522 3469 1620 3538 τῆς
1650 3468 1836 3539 θεότη-

248 3555 346 3620 οώς
372 3558 523 3610 ἐστι·
556 3559 649 3611 καὶ
698 3558 786 3613 διὰ
829 3559 988 3613 τοῦτο
1019 3558 1246 3630 λέγομεν
1291 3558 1416 3631 μίαν
1462 3560 1687 3630 θεότητα
1723 3561 1836 3612 Πα-

249 3647 405 3720 τρὸς,
438 3647 533 3701 καὶ
582 3648 732 3714 Υίοῦ,
762 3651 857 3704 καὶ
900 3650 1053 3718 ἁγίου
1097 3650 1430 3721 Πνεὺματος.
1479 3650 1678 3719 Ἀνόμ.
1719 3650 1835 3704 Μία

251 3737 350 3795 οὖν
374 3740 690 3807 ὑπόστασις.
719 3743 876 3810 Ὀρθ.
911 3740 1007 3795 Οὑ.
1032 3741 1232 3811 Ἀνόμ.
1264 3743 1327 3794 Εἰ
1356 3742 1454 3812 μία
1477 3742 1594 3794 ἐστὶ
1619 3741 1832 3811 θεότης,

256 3832 365 3903 μῖα
405 3832 498 3886 καὶ
537 3832 684 3885 ἔστιν
723 3831 1038 3896 ὑπόστασις,
1082 3832 1239 3901 Ὀρθ.
1282 3833 1346 3885 Ei
1392 3832 1540 3902 ᾕδεις
1589 3831 1687 3901 τὴν
1734 3832 1836 3884 δω-

254 3922 391 3994 ρεὰν
431 3921 525 3975 τοῦ
566 3922 723 3986 Θεοῦ,
759 3923 1074 3992 ἐγίνωσκες,
1116 3923 1198 3975 ὅτι
1237 3921 1425 3991 θεότης
1451 3921 1514 3974 τὸ
1563 3939 1583 3971 ‹
1624 3918 1762 3974 εἶναι
1810 3941 1828 3973 ι

253 4013 437 4068 κοινὸν
471 4016 589 4077 ταῖς
639 4011 967 4066 ὑποστάσεσι
1013 4012 1288 4083 σημαίνει,
1336 4012 1629 4075 ὑπόστασις
1671 4011 1730 4065 δὲ
1775 4012 1835 4065 τὸ

258 4125 279 4157 ι
317 4100 480 4170 εἶναι,
516 4123 535 4156 ι
568 4104 722 4158 οὐσία
742 4104 799 4159 δὲ
837 4124 855 4155 ι
885 4103 983 4179 τὴν
1014 4105 1335 4173 ταυτότητα.
1374 4125 1393 4157 ι
1435 4104 1523 4168 Ὣς
1551 4104 1833 4176 ἀνθρωπό-

253 4216 377 4268 της,
403 4198 469 4251 τό
495 4216 546 4251 τι
580 4193 722 4251 εἶναι
767 4198 944 4251 κοινόν
963 4214 977 4227 ο
1014 4197 1310 4261 ὑπόστασις
1339 4197 1395 4251 δὲ
1430 4197 1493 4253 τὸ
1519 4192 1657 4252 εἶναι
1681 4213 1696 4229 ⁸
1740 4196 1833 4250 οὑ-

257 4289 350 4344 σία
375 4288 434 4343 δὲ
462 4290 494 4359 ή
536 4288 833 4359 ταυτότηςο
873 4289 934 4342 οὑ
973 4287 1081 4359 γὰρ
1111 4290 1259 4343 πᾶσα
1292 4288 1586 4353 ὑπόστασις
1620 4287 1832 4359 θεότης,

253 4379 376 4433 οὑδὲ
409 4380 558 4432 πᾶσα
601 4379 900 4443 ὑπόστασις
943 4379 1316 4451 ἀνθρωπότης.
1368 4380 1432 4434 El
1477 4379 1533 4434 δὲ
1580 4380 1642 4432 οὑ
1688 4380 1836 4433 πᾶσα

254 4468 554 4531 ὑπόστασις
598 4468 971 4540 ἀνθρωπότης,
1014 4469 1136 4522 οὑδὲ
1177 4470 1328 4525 πᾶσα
1370 4470 1666 4534 ὑπόστασις
1712 4469 1831 4523 θεό-
1863 4455 1906 4509 Ῑ)

253 4578 375 4633 της,
407 4561 509 4614 οὑκ
537 4560 645 4632 ἄρα
669 4561 863 4614 ταυτὸν
892 4558 1143 4632 σημαίνει
1172 4562 1470 4626 ὑπόστασις
1502 4562 1715 4633 θεότητι
1740 4563 1835 4616 καὶ

252 4654 657 4726 ἀνθρωπότητι.
690 4655 889 4729 ’ᾼνόμ
937 4654 1004 4707 Ἠ
1048 4654 1404 4727 ἀνθρωπότης
1453 4656 1551 4727 οὑχ
1595 4655 1833 4727 ὑφέστη-

255 4761 382 4811 κεν;
416 4745 565 4813 Ὀρθ.
596 4744 727 4808 Ναὶ,
755 4745 812 4797 ὲν
840 4745 1059 4815 ἀτόμοις
1082 4743 1451 4817 θεωρουμένη.
1474 4746 1672 4813 Ἀνόμ.
1702 4746 1835 4799 Οὐκ-

253 4835 348 4890 οῦν
395 4836 493 4889 καὶ
533 4835 832 4899 ὑπόστασις
873 4837 1043 4889 ἐστιν.
1089 4835 1246 4905 Ὀρθ.
1286 4831 1475 4901 Εἶπον,
1513 4838 1572 4890 ὲν
1609 4836 1834 4907 ἀτόμοις

253 4925 627 5000 θεωρουμένη.
656 4927 855 4996 Ἀνόμ.
897 4927 961 4979 Τί
986 4928 1133 4985 ἐστιν
1171 4928 1407 4997 ἄτομον,
1455 4927 1549 4981 καὶ
1589 4926 1646 4979 τί
1685 4929 1833 4982 ἐστιν

253 5019 644 5092 ἁνθρωπότης;
694 5019 848 5088 Ὀρθ.
889 5019 1120 5090 Ἀτομόν
1160 5021 1326 5084 ἐστιν,
1361 5021 1395 5091 ἡ
1442 5017 1563 5075 καθ’
1601 5018 1832 5075 ’ἑκαστον

254 5111 410 5182 ἡμῶν
457 5110 758 5175 ὑπόστασις
777 5126 792 5142 σ
826 5110 1178 5183 ἀνθρωπότης
1204 5111 1261 5164 δὲ
1303 5112 1336 5182 ἡ
1378 5111 1478 5182 τῆς
1501 5111 1688 5176 οὐσίας
1719 5130 1832 5168 κοι-

252 5202 428 5275 νότης.
472 5202 673 5272 Ἀνόμ.
732 5202 842 5259 Καὶ
886 5201 970 5264 τίς
1015 5202 1050 5271 ἠ
1094 5200 1326 5271 διαφορὰ
1378 5201 1686 5274 κοινότητος
1735 5206 1832 5257 καὶ

254 5294 641 5361 ὑποστάσεως;
681 5294 837 5362 ’0p0.
893 5294 1013 5347 ’Ὁτι
1057 5294 1090 5364 ἡ
1133 5294 1232 5364 μὲν
1283 5293 1350 5366 σὴ
1394 5293 1688 5360 ὑπόστασις
1729 5298 1831 5350 οὑκ

252 5385 366 5441 εστι
393 5389 614 5444 πάντων
645 5385 741 5439 ἀνθ
750 5385 945 5459 ρώπων
963 5402 976 5415 ·
1003 5385 1036 5461 ἡ
1061 5384 1116 5437 δὲ
1137 5383 1232 5437 ἀνθ
1240 5384 1488 5455 ρωπότης
1515 5385 1665 5456 κοινὴ
1696 5385 1830 5439 πάν-

1938 3194 2161 3244 sanctus
2193 3184 2377 3241 Deus?
2419 3183 2575 3241 Orth.
2629 3183 2750 3238 Non
2802 3197 2933 3237 sane
2976 3181 3280 3252 oppositus.
3322 3179 3516 3234 Anam.

1935 3279 2077 3345 Quid
2107 3279 2211 3335 sibi
2241 3279 2357 3333 vult
2384 3276 2552 3342 istud,
2573 3275 2860 3347 oppositus
2882 3274 2905 3327 ?
2928 3272 3083 3329 Orth.
3116 3272 3221 3340 Qui
3247 3271 3520 3327 voluntati

1934 3371 2114 3426 Patris
2152 3371 2223 3426 sit
2257 3368 2626 3425 adversarius.
2673 3368 2741 3422 At
2793 3365 3033 3437 Spiritus
3070 3380 3179 3420 non
3209 3371 3294 3421 est
3323 3364 3520 3420 adver-

1936 3462 2136 3526 sarius,
2172 3460 2266 3515 sed
2316 3469 2401 3515 est
2452 3476 2519 3515 ex
2571 3459 2794 3524 deitate,
2847 3467 2902 3512 et
2950 3465 3240 3528 prapterea
3281 3457 3519 3513 dicimus

1934 3567 2097 3607 unam
2155 3564 2276 3605 esse
2331 3550 2584 3605 deitatem
2641 3546 2844 3611 Patris,
2893 3556 2949 3602 et
3004 3545 3159 3612 Filii,‘
3193 3554 3247 3602 et
3283 3546 3517 3617 Spiritu:

1934 3644 2131 3698 sancti.
2161 3642 2351 3696 Anam.
2403 3640 2548 3710 Ergo
2592 3654 2700 3692 una
2734 3648 2820 3694 est
2854 3637 3189 3709 hypostasis.
3229 3636 3385 3692 Orth.
3415 3637 3520 3694 Ne-

1933 3750 2228 3805 quaquam.
2263 3733 2454 3787 Anam.
2490 3731 2561 3786 Si
2581 3746 2690 3786 una
2718 3739 2803 3786 est
2833 3729 3030 3793 deitas,
3064 3744 3174 3784 una
3216 3729 3381 3784 etiam
3415 3730 3518 3802 hy-

1932 3826 2194 3897 postasis.
2227 3824 2381 3880 Orth.
2419 3824 2477 3878 Si
2516 3838 2710 3880 nosses
2737 3822 2939 3878 donum
2966 3822 3083 3887 Dei,
3114 3838 3307 3879 nosses
3333 3824 3514 3880 deita-

1933 3928 2037 3973 tem
2057 3906 2652 3987 signiﬁcare‘quoddam
2677 3935 2696 3968 ι
2721 3930 2842 3972 esse
2866 3934 2886 3969 ι
2907 3929 3199 3971 commune
3212 3916 3518 3987 hypostasi-

1932 4009 2056 4072 bus,
2094 4008 2410 4079 liypostasin
2460 4016 2640 4062 autem
2686 4025 2705 4058 ι
2752 4022 2896 4070 esse,
2930 4027 2949 4061 ι
2976 4007 3338 4064 substantiam
3383 4024 3515 4065 verc

1934 4102 2244 4171 signiﬁcare
2284 4101 2605 4170 ταυτότητοι,
2649 4100 2703 4154 id
2747 4107 2829 4156 est
2885 4119 2904 4152 ι
2955 4099 3316 4156 identitatem.
3380 4119 3400 4153 ι
3443 4096 3516 4156 Ut

1934 4193 2244 4248 humanitas
2309 4199 2393 4248 est
2452 4192 2726 4264 quoddam
2773 4207 2896 4248 esse
2948 4205 3273 4256 commune,
3331 4192 3513 4264 hypo-

1934 4284 2097 4340 Stasis
2149 4291 2326 4337 autem
2363 4298 2506 4346 esse,
2544 4282 2850 4337 substantia
2908 4297 3038 4337 vero
3092 4281 3370 4339 identitas.
3401 4282 3513 4340 Nec

1933 4376 2077 4428 enim
2096 4374 2274 4429 omnis
2308 4372 2619 4444 hypostasis
2640 4380 2725 4430 est
2739 4372 2936 4438 deitas,
2954 4387 3131 4443 neque
3144 4373 3323 4429 omnis
3340 4373 3512 4445 hypoc

1937 4467 2100 4523 stasis
2131 4473 2215 4521 est
2235 4465 2565 4521 humanitas.
2584 4462 2739 4531 Quod
2765 4465 2812 4520 si
2838 4479 2946 4520 non
2984 4466 3166 4522 omnis
3197 4465 3511 4538 hypostasis

1935 4567 2018 4613 est
2040 4556 2234 4620 deitas,
2258 4571 2360 4611 nec
2388 4556 2568 4612 omnis
2591 4555 2901 4627 hypostasis
2927 4546 3014 4612 est
3037 4557 3369 4623 humanitas,
3397 4573 3509 4612 non

1935 4649 2076 4704 idem
2108 4648 2378 4718 signiﬁcat
2404 4648 2719 4722 hypostasis
2747 4649 2889 4719 quod
2933 4648 3108 4705 deitas
3137 4649 3219 4703 vel
3254 4649 3511 4703 humani-

1936 4752 2039 4797 tas.
2066 4741 2257 4817 Anam.
2288 4740 2608 4796 Humanitas
2636 4756 2820 4795 nonne
2849 4740 3138 4796 subsistit?
3156 4739 3310 4797 Orth.
3337 4739 3512 4794 Maxi-

1933 4850 2043 4898 me,
2072 4834 2119 4889 si
2145 4833 2362 4904 quidem
2390 4831 2447 4887 in
2479 4833 2774 4888 individuis
2812 4842 3105 4905 spectetur.
3137 4834 3329 4888 Anam.
3367 4832 3512 4905 Ergo

1933 4933 2019 4980 est
2046 4939 2265 4994 quoque
2293 4923 2627 4995 hypostasis.
2673 4922 2846 4983 ΟνιΙι..
2861 4924 2981 4979 Dixi
3015 4925 3338 4988 subsistere,
3375 4925 3422 4980 si
3451 4924 3511 4980 in

1933 5015 2228 5069 individuis
2278 5021 2575 5085 spectetur.
2622 5014 2813 5071 Anam.
2855 5013 2997 5082 Quid
3027 5024 3112 5071 est
3141 5015 3507 5083 individuum,

1932 5113 1987 5161 et
2019 5106 2150 5176 quid
2178 5113 2265 5162 est
2295 5106 2655 5164 humanitas?
2686 5105 2840 5163 Orth.
2887 5105 3232 5163 Individuum
3277 5114 3363 5163 est
3409 5123 3514 5163 no-

1933 5208 2105 5254 strum
2145 5199 2484 5271 singulorum
2520 5200 2874 5273 hypostasis:
2904 5199 3222 5255 humanitas
3252 5214 3385 5254 vero
3427 5208 3513 5254 est

1930 5295 2049 5363 ipsa
2083 5292 2404 5350 substantiae
2427 5293 2819 5350 communitas.
2863 5291 3056 5349 Anam.
3089 5292 3511 5351 Communitatis

1931 5393 2111 5442 autem
2173 5398 2227 5442 et
2266 5388 2648 5459 .hypostaseos
2705 5402 2957 5459 quamam
3013 5394 3119 5461 est
3168 5384 3515 5445 diﬂ'erentia?

325 5543 347 5575 ⁸
385 5541 576 5597 Matth.
614 5557 684 5603 ι,
719 5541 808 5596 20.
884 5541 905 5573 ⁹
939 5538 1083 5594 Psal.
1114 5552 1289 5605 cmi,
1326 5540 1414 5596 Η.
1494 5541 1533 5572 ’ί
1576 5539 1764 5594 Matth.
1804 5557 1833 5595 ν

1954 5542 2043 5598 Η.
2125 5543 2165 5575 ¹¹
2209 5543 2342 5601 Luc.
2377 5563 2472 5613 XI,
2509 5545 2596 5602 15.

323 5657 439 5723 (75)
480 5656 686 5727 Regius
723 5663 773 5709 et
806 5654 1001 5727 Palat.,
1035 5656 1217 5727 ἧτουν.

324 5728 436 5800 (74)
476 5724 676 5794 Pal—aL,
709 5727 800 5779 καὶ
823 5725 921 5797 τὴν
954 5726 1012 5796 ἀγ
1026 5725 1257 5797 αθότητα
1284 5726 1341 5779 τὸ
1375 5724 1633 5805 Πνεῦμα..

2001 5657 2118 5733 05)
2161 5660 2317 5729 Mss.,
2347 5664 2613 5732 ἀντίθεον,
2635 5663 2725 5719 hic
2747 5669 2800 5719 et
2824 5676 2971 5719 mox.
