3982 6398
548 275 687 329 Ηδῦ

1639 283 1699 341 S.
1739 283 2197 342 ATHANASIUS.
2233 313 2302 327 --
2341 277 2612 344 SP‘URIA.

3638 299 3767 357 ﬂ“

543 391 697 447 Orth.
748 392 828 447 Eo
858 393 1112 448 differunt
1164 400 1314 465 quod
1350 403 1659 469 hypostasis
1704 411 1799 456 tua
1850 419 1961 459 non
2019 413 2089 460 εει

543 484 782 513 eun-du.“
813 484 1086 513 Ιηιιηιιξη..ηι
1119 504 1130 513 .
1163 487 1255 513 -..Δ
1288 488 1593 513 I...........:...-
1627 500 1701 513 --ι
1740 495 1969 513 ,γα-ευ--
2000 494 2025 513 ι.
2048 511 2059 513 _

2204 422 2314 462 των
2347 408 2669 480 ἀνθρώταυν.
2704 412 2903 482 ’Δγ-ὀμ⁸
2951 413 3014 469 Ἦ
3049 415 3157 489 ἐμὴ
3184 415 3482 486 ὑπόστασις
3501 422 3605 477 οὑκ
3632 422 3793 513 ἔστιν.

539 484 783 537 omnium
811 484 1089 539 hominum
1119 504 1131 539 :
1163 487 1257 541 sed
1286 488 1597 546 humanitas
1620 500 1706 548 est
1734 495 1977 549 omnium
1999 494 2100 550 ho—

541 572 748 625 minum
780 572 1103 629 communis.
1134 574 1324 629 Anam.
1368 576 1454 630 An
1484 592 1605 632 mea
1649 578 1956 650 hypostasis
1989 598 2099 638 non

536 671 623 719 est
670 663 818 718 aliud
873 680 1036 733 quam
1094 664 1654 739 humanitasllomt.
1721 670 2095 743 Nequaquam.

2201 497 2390 573 ἄλλορῆ
2450 500 2843 574 ἀνθρωπάτηςς
2887 506 3042 574 ὀρθ.
3092 507 3192 562 oo.
3230 509 3427 580 Ἀνόμ.
3471 511 3599 577 Πῶς
3649 502 3795 611 οὖνὴ

2200 588 2355 657 Ὀρθ.
2390 590 2511 646 Ὅτι
2542 595 2575 663 ἡ
2613 592 2710 663 μὲν
2754 594 3109 670 ἀνθρωπότης
3131 600 3290 674 κοινὴ
3315 603 3537 658 πάντων
3571 606 3774 680 ἀνθρώ-

2201 698 2339 747 πων,
2371 684 2405 753 ἡ
2437 682 2495 736 δὲ
2528 684 2827 750 ὑπόστασις
2853 688 2886 758 ὴ
2919 687 3116 761 ίδιότης
3140 691 3397 748 ἑκάστου.
3779 726 3791 743 ρ

540 760 728 812 Anam.
770 757 1095 824 Quomodo?
1122 759 1275 815 Orth.
1305 760 1571 827 Quoniam
1613 765 1926 824 humanitas
1966 772 2189 838 quidem
2223 784 2309 831 est
2337 778 2581 833 omnium
2611 757 2896 836 hominum
2938 757 3266 851 communis,
3317 787 3632 853 hvpostasis
3652 807 3775 849 vero

534 857 617 904 est
654 850 1084 920 uniuscujusque
1127 854 1455 922 proprietas.

605 941 686 994 Π.
719 943 903 997 Anam.
945 942 1267 1015 Hypostasis
1306 946 1485 1004 Patris
1531 965 1712 1007 nonne
1748 960 1832 1007 est
1877 955 2093 1008 deitas?

534 1028 689 1084 Ort/t.
719 1028 966 1086 Maxime.
1006 1032 1111 1105 sed
1154 1033 1330 1090 deitas
1368 1037 1635 1107 signiﬁcat
1661 1041 1917 1108 quiddam
1950 1058 2090 1109 esse,

534 1122 844 1191 hypostasis
879 1139 1007 1178 vero
1040 1140 1180 1180 esse.
1216 1126 1404 1186 Anam.
1452 1128 1581 1186 Item
1614 1133 1924 1204 hypostasis
1950 1134 2093 1199 Filii,

528 1226 714 1267 annon
743 1225 827 1269 est
858 1215 1077 1272 deitas?
1111 1216 1264 1274 Orth.
1310 1219 1506 1277 Etiam.
1565 1222 1754 1281 Anam.
1803 1225 1932 1281 Duae
1968 1234 2095 1280 sunt

530 1303 695 1373 igitur
765 1305 1016 1364 deitates.
1081 1308 1233 1365 Orth.
1294 1310 1666 1383 Nequaquam.
1736 1315 1925 1371 Anam.
1974 1316 2094 1383 Quo

527 1394 728 1450 modo?
757 1395 912 1453 Orth.
947 1398 1217 1466 Quoniam
1266 1418 1375 1456 non
1403 1412 1486 1458 est
1522 1405 1627 1459 alia
1660 1417 1714 1462 et
1741 1409 1847 1462 alia
1897 1410 2092 1467 deitas.

525 1483 717 1541 Anam.
754 1488 918 1559 Atqui
955 1491 1061 1545 alia
1090 1500 1144 1547 et
1173 1494 1280 1548 alia
1323 1502 1409 1551 est
1440 1495 1768 1567 hypostasis.
1800 1497 1953 1553 Orth.
1987 1497 2093 1555 Sed

2270 956 2354 1008 l7.
2398 958 2596 1027 Ἀνόμ.
2633 959 2697 1012 Ἦ
2742 961 3039 1026 ὑποστασις
3085 980 3180 1019 του
3229 968 3447 1041 Πατρος
3506 974 3612 1029 οὑκ
3664 976 3771 1032 ἐστι

2201 1047 2426 1120 θεότης;
2458 1049 2612 1118 Ὀρθ.
2640 1052 2769 1110 Ναί.
2797 1053 2937 1107 Ἀλλ’
2967 1057 3001 1126 ή
3027 1056 3231 1131 θεότης’
3245 1063 3307 1115 τό
3327 1079 3381 1116 τι
3403 1060 3544 1120 εἶναι
3577 1069 3772 1139 σημαί-

2201 1156 2301 1205 νει,
2330 1140 2365 1211 ἡ
2391 1139 2448 1193 δὲ
2484 1141 2782 1207 ὑπόστασις
2814 1144 2875 1199 τὸ
2899 1142 3059 1201 εἶναι.
3089 1148 3292 1220 Ἀνόμ.
3326 1155 3440 1208 Kal
3481 1157 3516 1227 ἡ
3545 1158 3772 1215 ὑπόστα-

2204 1246 2288 1292 σις
2328 1230 2423 1283 τοῦ
2454 1231 2584 1285 Υίοῦ
2631 1233 2731 1288 οὐκ
2776 1233 2893 1289 ἔστι
2929 1237 3152 1309 θεότης;
3202 1242 3358 1311 Ὀρθ.
3408 1246 3539 1301 Ναί.
3575 1250 3767 1321 Ἀνάμ.

2197 1318 2301 1372 Δύο
2321 1315 2413 1373 οὖν
2436 1320 2709 1395 θεότητες.
2755 1325 2910 1395 Ὄρθ.
2942 1328 3039 1383 OG.
3070 1331 3272 1401 ’Δγ-ὀμ.
3298 1334 3425 1400 Πῶς
3453 1332 3581 1405 adv;
3617 1315 3764 1409 '090.

2198 1410 2273 1463 Οὐ
2300 1410 2409 1482 γὰρ
2450 1411 2584 1483 άλλη
2630 1415 2726 1467 καὶ
2758 1415 2891 1488 ἀλλη
2937 1417 3123 1489 θεότης
3163 1422 3334 1477 ἐστίν.
3365 1425 3570 1497 Ἀνόμ.
3609 1430 3767 1501 ’Δλλη

2197 1498 2291 1552 καὶ
2321 1499 2453 1569 ἄλλη
2489 1501 2782 1568 ὑπόστασις
2815 1507 2982 1561 ἐστιν.
3018 1509 3174 1577 Ὀρθ.
3208 1511 3352 1566 Ἀλλ’
3387 1515 3512 1587 οὐχὶ
3544 1517 3611 1571 τὸ
3641 1498 3769 1572 adeo

527 1576 638 1630 dixi
668 1578 890 1635 deitatis
925 1588 980 1635 et
1028 1582 1388 1653 hypostaseos
1436 1587 1750 1643 nominibus
1798 1588 1942 1644 idem
1978 1605 2089 1645 non

2196 1591 2480 1660 σημαίνειν
2512 1587 2662 1646 εἷπον
2694 1594 2926 1667 θεότητα
2952 1598 3046 1653 καὶ
3074 1576 3403 1659 ὑπόστασιν·
3435 1576 3618 1679 γάρ
3649 1611 3768 1664 ὑπό-

490 1668 847 1738 signiﬁcari.
911 1670 1049 1726 Nam
1100 1673 1405 1744 hypostasis
1456 1678 1696 1733 declarat
1722 1694 1866 1745 esse,
1916 1681 2089 1739 deitas

2194 1696 2383 1744 στασις
2414 1681 2476 1734 τὸ
2504 1679 2663 1748 εἶναι,
2696 1686 2729 1756 ἡ
2759 1684 2815 1738 δὲ
2847 1686 3038 1760 θεότης
3068 1691 3128 1743 τό
3153 1709 3206 1746 τι
3229 1689 3400 1749 εῖναιο
3431 1668 3651 1773 ὦς’γάρ
3674 1703 3766 1755 οὐκ

526 1774 659 1815 vero
695 1762 951 1831 quiddam
996 1780 1138 1821 esse.
1183 1765 1333 1823 Sicut
1360 1769 1505 1824 enim
1548 1786 1656 1827 non
1690 1781 1819 1826 sunt
1845 1772 1967 1829 dum
1988 1773 2093 1827 hu-

527 1850 816 1906 manitates
844 1850 990 1908 Petri
1016 1862 1070 1909 et
1097 1853 1272 1922 Pauli,
1294 1858 1366 1913 ita
1394 1876 1496 1915 nec
1522 1860 1702 1918 Patris
1732 1870 1787 1919 et
1816 1863 1940 1919 Filii
1974 1865 2096 1921 dum

526 1944 656 1991 sunt
686 1937 934 1999 deitates.
964 1943 1150 1999 Anam.
1186 1945 1348 2017 Atqui
1382 1964 1563 2005 nonne
1589 1950 1757 2023 418
1784 1952 2095 2024 hypostasis

523 2026 705 2086 Patris
760 2039 845 2088 est
869 2034 1032 2089 etiam
1065 2036 1276 2092 deitas?
1320 2038 1476 2095 Orth.
1512 2040 1831 2113 Hypostasis
1870 2046 2092 2116 quidem

524 2119 704 2177 Patris
735 2132 820 2179 est
869 2125 1033 2180 etiam
1073 2126 1264 2198 deitas,
1312 2140 1366 2187 et
1406 2132 1530 2188 Filii
1573 2134 1886 2206 hypostasis
1929 2138 2094 2194 etiam

522 2211 700 2270 deitas
743 2234 757 2270 :
791 2223 846 2271 at
886 2233 997 2274 non
1025 2223 1402 2294 consequitur,
1436 2225 1567 2296 quia
1598 2228 1719 2283 dua:
1751 2235 1880 2284 sunt
1918 2230 2094 2302 hypo-

522 2312 719 2372 stases,
764 2308 902 2367 duas
949 2326 1072 2369 esse
1120 2313 1372 2372 deitates.
1411 2317 1603 2373 Anam.
1653 2318 1938 2386 Quomodo
1983 2338 2093 2378 non

521 2398 914 2468 consequitur?
944 2401 1097 2459 Orth.
1146 2402 1414 2470 Quoniam
1456 2406 1837 2467 immortalitas
1879 2426 2094 2481 quoque

518 2496 603 2543 est
634 2489 946 2561 hypostasis
996 2493 1194 2563 Patris,
1253 2506 1309 2553 et
1355 2498 1735 2558 immortalitas
1785 2502 2093 2574 hypostasis

522 2578 669 2643 Filii,
701 2598 803 2636 nec
838 2593 1016 2640 tamen
1047 2595 1176 2641 sunt
1228 2587 1350 2643 dum
1403 2591 1859 2648 immortalitates.
1898 2595 2088 2649 Anam.

520 2667 640 2724 Non
695 2680 823 2726 sunt
871 2674 991 2729 dum
1026 2676 1500 2735 immortalitates?
1533 2681 1684 2737 Orth.
1720 2683 1858 2739 Non.
1900 2688 2086 2741 Anam.

521 2761 849 2827 Quomodo?
882 2766 1038 2824 Orth.
1073 2768 1340 2834 Quoniam
1369 2788 1478 2827 non
1517 2782 1601 2829 est
1622 2776 1838 2831 diversa
1870 2777 2093 2833 immor-

520 2854 704 2910 talitas
738 2876 750 2910 :
786 2858 1166 2915 immortalitas
1207 2863 1352 2916 enim
1400 2864 1470 2919 ab
1518 2865 1926 2923 immortalitate
1980 2885 2091 2924 non

520 2942 720 3012 diﬁ‘ert,
751 2962 856 3016 qua
887 2949 1268 3006 immortalitas
1287 2961 1389 3008 est.
1419 2953 1606 3008 Anam.
1634 2956 1690 3010 Si
1720 2958 1936 3028 quidem
1965 2976 2089 3015 vere

522 3044 605 3089 est
630 3037 736 3091 alia
770 3046 824 3093 et
852 3039 957 3093 alia
988 3041 1296 3112 hypostasis
1340 3043 1519 3102 Patris
1552 3058 1603 3102 et
1637 3047 1781 3113 Filii,
1813 3053 2084 3120 quomodo
2112 3035 2154 3095 (ἶ

465 3148 486 3172 ο
522 3143 630 3182 non
671 3137 755 3205 est
783 3130 889 3184 alia
919 3139 973 3186 et
996 3134 1104 3186 alia
1129 3135 1543 3195 immortalitas?
1573 3139 1724 3197 Orth.
1756 3141 1874 3197 Alia
1897 3152 1951 3199 et
1983 3147 2087 3200 alia

521 3228 608 3275 est
636 3220 948 3292 hypostasis
984 3222 1165 3281 Patris
1191 3238 1244 3282 et
1296 3228 1443 3295 Filii,
1480 3232 1573 3288 sed
1620 3249 1729 3289 non
1764 3243 1847 3291 est
1886 3237 1990 3290 alia
2036 3248 2089 3293 et

523 3312 630 3365 alia
661 3312 1063 3372 immortalitas.
1103 3315 1238 3372 Nam
1291 3330 1344 3376 et
1389 3337 1489 3379 nos
1519 3324 1679 3379 aliam
1713 3334 1768 3382 et
1797 3327 1956 3381 aliam
1992 3330 2089 3400 hy—

521 3404 773 3473 postasin
802 3405 1081 3474 habemus,
1115 3417 1170 3463 at
1212 3427 1320 3468 non
1350 3414 1511 3467 aliam
1538 3425 1589 3470 et
1629 3416 1787 3471 aliam
1838 3406 2082 3476 humani-

522 3501 712 3551 tatem.
749 3495 814 3551 Et
835 3496 981 3553 Petri
1009 3500 1324 3572 hypostasis
1370 3513 1454 3561 est
1482 3504 1681 3573 homo;
1720 3514 1775 3563 et
1802 3508 1955 3564 Pauli
1984 3512 2084 3583 hy-

518 3586 758 3657 postasis
817 3595 903 3644 est
950 3589 1113 3645 homo
1171 3610 1185 3647 :
1242 3600 1297 3648 et
1353 3602 1480 3649 sunt
1508 3594 1629 3650 dua:
1658 3596 2000 3669 hypostases,
2030 3610 2086 3656 at

520 3692 630 3732 non
664 3678 786 3734 dim
831 3680 1216 3739 humanitates.
1261 3685 1451 3740 Itidem
1504 3687 1666 3742 aliam
1716 3696 1879 3762 atque
1923 3693 2084 3747 aliam

520 3767 841 3840 hypostasin
886 3772 1172 3840 habemus,
1225 3791 1335 3830 non
1366 3786 1545 3833 tamen
1596 3780 1755 3835 aliam
1814 3791 1868 3838 et
1921 3785 2084 3838 aliam

519 3857 1005 3927 immortalitatem,
1041 3880 1202 3935 quam
1234 3881 1331 3935 per
1364 3883 1531 3922 unum
1566 3870 1833 3940 baptisma
1875 3876 2086 3945 recepi-

519 3965 663 4006 mus.
694 3949 828 4005 Nam
861 3954 906 4008 si
946 3954 1051 4008 alia
1083 3963 1137 4009 et
1165 3957 1271 4010 alia
1321 3968 1407 4014 est
1435 3960 1834 4028 immortalitas,
1861 3967 2000 4023 alius
2030 3974 2084 4022 et

520 4040 661 4094 alius
705 4042 1032 4113 baptismus,
1061 4047 1166 4101 alia
1214 4055 1268 4103 et
1303 4049 1410 4103 alia
1450 4050 1603 4114 ﬁdes,
1635 4070 1743 4108 non
1789 4065 1872 4111 est
1917 4059 2082 4111 etiam

526 4148 545 4179 ι
587 4146 730 4186 unus
760 4131 1040 4201 Dominus,
1072 4152 1178 4191 una
1213 4139 1366 4202 ﬁdes,
1396 4156 1563 4195 unum
1599 4144 1886 4215 baptisma.
1952 4168 1967 4199 ι

595 4218 681 4273 18.
722 4220 915 4278 Anam.
949 4224 1053 4279 Sed
1083 4235 1272 4282 nostra
1302 4229 1610 4300 hypostasis
1641 4236 1785 4289 aliud
1824 4238 2080 4307 quiddam

520 4317 626 4372 est,
669 4326 831 4379 quam
874 4313 1258 4373 immortalitas
1289 4326 1343 4373 et
1385 4320 1652 4391 baptisma
1695 4342 1870 4397 :ergo
1922 4330 2081 4383 etiam

2195 1772 2303 1824 elcl
2334 1772 2426 1827 δύο
2456 1773 2870 1849 ἀνθρωπότητες
2894 1781 3103 1853 Πέτρου
3127 1787 3222 1839 καὶ
3254 1787 3492 1855 Παύλου,
3525 1772 3649 1845 οὑδὲ
3676 1793 3765 1847 δύο

2196 1860 2448 1933 θεότητες
2491 1864 2703 1936 Πατρὸς
2735 1870 2828 1921 καὶ
2869 1869 3020 1927 Υίοῦ.
3063 1873 3261 1944 ’Δγ-ὀμ.
3313 1879 3526 1935 Οὐκοῦν
3570 1884 3690 1953 οὑχ).
3729 1887 3761 1954 ή

2195 1951 2489 2018 ὑπόστασις
2523 1955 2618 2008 τοῦ
2648 1959 2896 2031 Πατρός;
2936 1961 3088 2029 Ὀρθ.
3125 1964 3191 2018 Ἦ
3220 1966 3320 2036 μὲν
3349 1951 3766 2036 ὑπόστασιςγωὺ

2194 2044 2405 2116 Πατρὸς
2431 2045 2526 2099 καὶ
2571 2046 2782 2119 θεότης,
2815 2052 2910 2105 καὶ
2951 2054 2985 2124 ἡ
3030 2055 3325 2122 ὑπόστασις
3369 2061 3468 2114 τοῦ
3503 2063 3635 2117 Υἱοῦ
3677 2065 3765 2120 καὶ

2195 2133 2386 2207 θεότης
2406 2154 2421 2167 ·
2444 2137 2565 2209 οὐχὶ
2593 2138 2672 2203 δὲ,
2706 2142 2892 2214 ἐπειδὴ
2930 2143 3022 2198 δύο
3050 2147 3376 2214 ὑποστάσεις
3401 2154 3530 2217 είσὶ,
3555 2155 3650 2209 δύο
3680 2157 3766 2210 καὶ

2194 2226 2468 2300 θεότητες.
2500 2229 2699 2300 Ἀνόμ.
2742 2232 2868 2298 Πῶς
2899 2235 3018 2306 οὐχί
3036 2252 3051 2302 ;
3102 2239 3259 2307 Ὀρθ.
3288 2242 3411 2295 Ὅτι
3440 2246 3538 2298 καὶ
3570 2247 3764 2301 ἀθανα-

2194 2320 2284 2372 σία
2308 2321 2607 2386 ὑπόστασις
2646 2322 2740 2378 τοῢ
2771 2325 3003 2397 Πατρὸς,
3037 2329 3132 2383 καὶ
3174 2330 3446 2389 ἀθανασία
3481 2336 3765 2404 ὑπόστασις

2190 2410 2285 2463 τοῦ
2315 2412 2470 2479 Υίοῦ,
2501 2416 2597 2468 καὶ
2618 2416 2677 2470 οὐ
2706 2415 2801 2469 δύο
2831 2416 3143 2475 ἀθανασίαι.
3172 2422 3371 2493 ’Δγ-ὀμ.
3402 2428 3518 2480 Kal
3548 2430 3648 2482 οὑκ
3668 2430 3765 2483 είσὶ

2190 2502 2285 2556 δύο
2332 2504 2657 2572 ἀθανασίαι;
2700 2509 2848 2577 Ὀρθ.
2894 2510 2991 2565 Οὔ.
3023 2512 3225 2583 Ἀνόμ.
3269 2515 3425 2584 Πῶς;
3456 2519 3615 2587 Ὀρθ.
3654 2523 3763 2577 Ὅτι

2195 2596 2269 2665 μὴ
2297 2595 2549 2668 διάφορός
2578 2598 2726 2652 ἐστιν
2762 2598 3063 2656 ἀθανασία⁶
3116 2602 3386 2660 ἀθανασία
3429 2608 3543 2682 γὰρ
3572 2611 3763 2665 ἀθανα-

2193 2687 2313 2750 σίας
2355 2688 2505 2741 οὑδὲν
2546 2689 2811 2762 διαφέρει,
2925 2691 3192 2749 ἀθανασία
3212 2697 3358 2752 ἐστίν
3388 2699 3525 2770 (76).
3565 2703 3757 2774 Ἀνόμ.

2191 2775 2363 2848 Είπερ
2394 2777 2607 2849 ἀληθῶς
2633 2778 2766 2851 ἀλλη
2794 2780 3089 2846 ὑπόστασίς
3116 2786 3232 2840 ἐστι
3260 2787 3477 2859 Πατρδς
3500 2792 3596 2844 καὶ
3619 2792 3762 2857 Υίοῦ,

2191 2867 2307 2932 πῶς
2338 2870 2459 2939 οὐχὶ
2489 2870 2622 2941 άλλη
2656 2871 2750 2924 καὶ
2783 2870 2914 2942 ἄλλη
2950 2872 3258 2943 ἀθανασίας
3288 2880 3448 2947 Ὀρθ.
3485 2882 3653 2954 ’Δλλη
3677 2885 3762 2937 καὶ

2190 2960 2322 3031 ἄλλη
2349 2962 2642 3025 ὑπόστασις
2665 2964 2780 3016 ἐστι
2808 2963 3021 3038 Πατρδς
3048 2968 3142 3020 καὶ
3169 2968 3323 3033 Υίοῦ,
3346 2971 3463 3025 ἀλλ’
3486 2975 3610 3045 οὐχὶ
3635 2976 3759 3046 ἀλλη

2187 3050 2281 3104 καὶ
2313 3050 2444 3122 ἄλλη
2488 3052 2774 3107 ἀθανασία.
2808 3055 2917 3108 Kal
2947 3055 3055 3130 γὰρ
3102 3058 3197 3110 καὶ
3243 3060 3404 3129 ἡμεῖς
3448 3060 3619 3135 ἀλλην
3667 3065 3753 3118 καὶ

2187 3142 2351 3214 ἀλλην
2394 3142 2587 3215 ἔχομεν
2624 3145 2936 3210 ὑπόστασιν,
2969 3147 3084 3202 ἀλλ’
3118 3150 3238 3220 οὐχὶ
3267 3151 3434 3226 ἀλλην
3471 3158 3566 3209 καὶ
3592 3156 3750 3227 ἀλλην

2187 3232 2596 3306 ἀνθρωπότητα.
2643 3236 2752 3290 Καὶ
2793 3239 2825 3308 ή
2878 3238 3173 3306 ὑπόστασις
3216 3243 3427 3316 Πέτρου
3472 3246 3752 3317 ἄνθρωπός

2187 3326 2322 3391 ἐστι,
2354 3327 2447 3406 καὶ
2479 3329 2513 3399 ἡ
2558 3327 2848 3391 ὑπόστασις
2887 3330 3102 3388 Παύλου
3148 3332 3435 3406 ἄνθρωπός
3480 3340 3633 3390 ἐστι’
3673 3337 3759 3391 καὶ

2186 3415 2280 3469 δύο
2324 3400 2460 3470 εἰσιν
2510 3417 2871 3485 ὑποστάσεις,
2908 3421 3002 3475 καὶ
3052 3423 3116 3475 οὑ
3171 3400 3266 3477 δύο
3320 3424 3752 3497 ἀνθρωπότητες.

2187 3507 2299 3561 Kal
2349 3506 2516 3581 ἀλλην
2587 3510 2681 3562 καὶ
2727 3509 2890 3582 ἄλλην
2937 3512 3236 3569 ὑπόστασιν
3281 3514 3502 3587 ἔχομεν,
3549 3519 3669 3588 οὑχὶ
3704 3518 3755 3570 δὲ

2184 3598 2350 3671 ἀλλην
2383 3601 2476 3653 καὶ
2522 3600 2686 3671 ἀλλην
2728 3600 3044 3670 ἀθανασίαν,
3085 3604 3151 3675 ἢν
3198 3605 3287 3659 διά
3345 3605 3442 3660 τοῦ
3480 3609 3603 3672 ἑνὸς
3661 3608 3750 3679 βαι

2186 3690 2489 3759 πτίσματος
2528 3688 2812 3760 ἐλάϐομεν.
2847 3690 2910 3743 Et
2934 3691 3042 3762 γὰρ
3079 3691 3213 3765 άλλη
3259 3694 3353 3747 καὶ
3400 3694 3537 3766 άλλη
3576 3695 3755 3749 ἀθανα-
3796 3713 3799 3715 ·

2188 3779 2299 3844 σία,
2344 3778 2470 3833 ἄλλο
2514 3779 2603 3833 καὶ
2653 3779 2780 3833 ἀλλο
2829 3779 3133 3853 βάπτισμα,
3180 3784 3273 3838 καὶ
3305 3784 3439 3857 άλλη
3484 3785 3579 3839 καὶ
3629 3786 3753 3856 άλλη

2186 3869 2387 3934 πίστις,
2418 3870 2513 3925 καί
2537 3870 2637 3925 οὐκ
2662 3870 2809 3925 ἔστιν
2845 3890 2864 3924 ι
2891 3866 2969 3937 εἷς
2998 3874 3221 3946 Κύριος,
3242 3875 3340 3947 μία
3366 3877 3636 3946 πίστις,ἒν
3663 3878 3754 3950 βά-

2187 3978 2416 4032 πτισμα,
2446 3980 2467 4015 ι

2256 4226 2342 4280 18.
2378 4224 2575 4295 Ἀνόμ.
2628 4224 2790 4278 Ἀλλά
2859 4226 2891 4295 ἡ
2955 4225 3198 4297 ἡμετέρα
3268 4227 3570 4293 ὑπόστασις
3630 4230 3751 4300 ἄλλη

2187 4317 2305 4370 ἐστὶ
2332 4315 2483 4387 παρά
2508 4316 2607 4387 τὴν
2637 4314 2934 4371 ἀθανασίαν
2964 4318 3059 4371 καὶ
3085 4317 3146 4370 τὸ
3178 4318 3464 4391 βάπτισμα
3488 4337 3504 4352 ·
3536 4322 3643 4393 ἄρα
3668 4322 3752 4376 καὶ

520 4400 831 4470 hypostasis
860 4403 955 4459 Dei
990 4406 1095 4460 alia
1143 4416 1227 4463 est
1264 4427 1428 4480 quam
1468 4391 1866 4485 imtnortalita's.
1927 4418 2079 4472 Orth.

2194 4408 2222 4477 ἡ
2251 4407 2345 4461 τοῦ
2370 4405 2504 4459 Θεοῦ
2530 4407 2825 4471 ὑπόστασις
2849 4408 2980 4479 άλλη
3006 4409 3122 4461 ἐστὶ
3144 4410 3296 4482 παρά
3321 4409 3420 4482 τὴν
3441 4391 3748 4466 ἀθανασίαν.

517 4489 893 4564 Nequaquam.
927 4493 1034 4551 Sed
1065 4496 1185 4566 ipsa
1217 4499 1528 4570 hypostasis
1558 4511 1643 4559 est
1671 4506 1832 4560 etiam
1861 4508 2084 4565 immor-

518 4584 702 4640 talitas
744 4602 759 4641 2
791 4602 969 4655 neque
991 4588 1370 4646 immortalitas
1397 4592 1681 4655 duntaxat,
1704 4610 1891 4650 verum
1919 4599 2081 4655 etiam

517 4673 1030 4747 incorruptibilitas,
1060 4686 1114 4732 et
1141 4673 1377 4747 ju‘stitia,
1407 4689 1460 4736 et
1498 4683 1874 4749 sanctiﬁcatio,
1910 4696 1964 4741 et
2000 4704 2084 4743 re-

516 4765 774 4838 demptio,
823 4778 877 4824 et
915 4768 1236 4838 dominatio,
1279 4778 1334 4827 et
1390 4783 1651 4843 potestas.
1706 4776 1891 4849 Neque
1938 4779 2083 4838 Deus

515 4856 632 4911 haec
662 4874 785 4915 esse
811 4860 1013 4915 dicitur
1041 4877 1137 4932 per
1166 4866 1615 4934 compositionem
1649 4889 1662 4925 :
1688 4871 1783 4926 sed
1812 4887 1879 4927 ex
1907 4871 2085 4928 diver-

515 4948 595 5003 sis
627 4952 1158 5011 considerationibus
1175 4957 1354 5014 dictus
1396 4960 1795 5030 immortalitas,
1825 4967 1967 5036 quod
1993 4968 2085 5023 de-

520 5040 698 5096 sinere
731 5061 743 5096 :
771 5043 1281 5116 incorruptibilitas,
1313 5050 1457 5120 quod
1477 5053 1703 5108 dissolvi
1735 5072 1839 5111 non
1866 5057 2081 5127 possit:

520 5128 729 5191 iustitia
776 5130 997 5203 propter
1049 5139 1358 5207 aequitatem
1393 5156 1407 5191 :
1445 5143 1828 5213 sanctiﬁcatio,
1858 5148 2003 5217 quod
2052 5164 2084 5203 a

518 5227 746 5285 peccato
775 5224 1050 5278 custodiat
1083 5245 1096 5280 :
1123 5226 1442 5297 redemptio,
1470 5232 1615 5299 quod
1645 5233 1809 5289 vitam
1836 5245 2081 5291 nostram

520 5303 710 5361 liberet
736 5324 767 5362 a
795 5313 1143 5382 corruptione
1171 5333 1185 5370 :
1210 5315 1531 5382 dominatio,
1570 5320 1714 5390 quod
1742 5324 1982 5377 omnium
2013 5325 2085 5379 sit

517 5392 781 5455 Dominus
810 5421 825 5459 :
862 5410 1125 5473 potestas,
1151 5407 1296 5477 quod
1326 5408 1459 5463 nihil
1487 5410 1535 5465 ei
1569 5412 1802 5469 resistat.
1830 5413 1958 5469 Haec
1987 5430 2075 5468 au-

591 5571 713 5657 (76)'
740 5570 814 5657 ἐἰ
840 5576 1108 5657 ἀθανασία
1147 5582 1310 5657 ἐστίν.
1355 5582 1539 5657 ίίὶῖπερΔ
1570 5583 1783 5657 statim;
1994 5589 2085 5657 καὶ

521 5637 652 5710 άλλη
694 5637 988 5710 ὑπόστασίς
1037 5649 1150 5702 ἐστι
1197 5650 1410 5720 ῐΙατρὸς
1461 5637 1551 5706 καὶ
1598 5637 2084 5721 Υἱοῦ.”Ᾰλλ”ούῇ“ι

2187 4500 2344 4567 Ὀρθ.
2394 4496 2492 4553 Οὔ.
2531 4497 2696 4552 Ἀλλά
2743 4499 2878 4570 αὑτὴ
2918 4502 2951 4571 ἡ
2995 4499 3293 4566 ὑπόστασις
3352 4504 3447 4557 καὶ
3501 4503 3753 4558 ἀθανασία

2184 4591 2302 4643 ὲστί
2318 4608 2332 4622 ο
2359 4592 2454 4645 καὶ
2477 4591 2539 4644 οὐ
2575 4591 2733 4662 μόνον
2754 4591 3038 4657 ἀθανασία,
3066 4592 3204 4647 ἀλλά
3226 4596 3320 4648 καὶ
3341 4595 3641 4669 ἀφθαρσία,
3666 4597 3752 4651 καὶ

2187 4681 2521 4751 δικαιοσύνη,
2550 4683 2642 4735 καὶ
2664 4683 2951 4753 ἁγιασμὸς,
2994 4684 3086 4736 καὶ
3107 4682 3508 4756 ἀπολύτρωσις,
3546 4688 3639 4740 καὶ
3665 4703 3753 4740 κυ-

2188 4775 2390 4844 ριότης,
2426 4774 2520 4826 καὶ
2569 4774 2812 4844 δύναμις.
2857 4774 2964 4828 Καὶ
3007 4774 3106 4828 οὑκ
3150 4774 3268 4830 ἐστι
3319 4779 3465 4832 κατά
3511 4779 3750 4834 σύνθεσιν

2184 4866 2358 4922 ταῦτα
2392 4869 2421 4920 ὁ
2444 4864 2594 4930 Θεὸς,
2620 4866 2755 4920 ἀλλά
2778 4866 2919 4920 κατά
2945 4865 3236 4938 διαφόρους
3266 4870 3513 4935 ἐπινοίας
3542 4872 3749 4942 λεγόμε-

2186 4972 2273 5021 νος
2292 4975 2305 4988 ο
2328 4957 2593 5012 ἀθανασία
2629 4958 2735 5029 μὲν
2758 4958 2845 5013 διά
2869 4958 2929 5012 τὸ
2950 4958 3305 5032 ἀτελεύτητον
3322 4978 3336 4992 ’
3369 4962 3643 5034 ἀφθαρσία
3673 4962 3747 5028 δὲ,

2183 5048 2271 5103 διά
2316 5050 2377 5102 τὸ
2423 5049 2614 5104 ἄλυτον
2654 5049 2799 5121 (77)·
2842 5049 3152 5121 δικαιοσύνη
3184 5051 3272 5104 διὰ
3310 5052 3372 5106 τὸ
3405 5054 3519 5108 ἴσον
3542 5074 3555 5087 ·
3602 5057 3748 5123 ἁγια-

2187 5140 2323 5210 σμὸς
2363 5139 2454 5194 διά
2483 5141 2545 5195 τὸ
2580 5142 2866 5212 φυλάττειν
2892 5142 2998 5196 ἀπὸ
3036 5143 3343 5214 ἁμαρτίας·
3381 5144 3746 5216 ἀπολύτρωσις

2184 5232 2271 5286 διὰ
2300 5232 2359 5286 τὸ
2385 5231 2576 5297 σώζειν
2609 5234 2674 5287 ὲκ
2698 5233 3019 5329 φθορᾶς
3058 5231 3221 5329 ζωὴν.
3247 5232 3409 5329 manv
3432 5252 3447 5267 ο
3478 5234 3744 5329 impulsae,

2184 5318 2271 5373 διά
2294 5321 2355 5374 τὸ
2392 5320 2606 5375 πάντων
2638 5325 2889 5393 κρατεῖν·
2920 5320 3169 5392 δύναμις,
3195 5322 3285 5377 διὰ
3321 5324 3384 5377 τὸ
3416 5325 3580 5396 μηδὲν
3608 5318 3744 5394 αὐτῷ

2185 5410 2535 5467 ἀντικεῖσθαι.
2568 5410 2751 5468 Ταῦτα
2789 5412 2848 5466 δὲ
2876 5414 3047 5468 πάντα
3076 5412 3175 5469 καὶ
3216 5414 3347 5486 περὶ
3378 5415 3479 5487 τὴν
3521 5414 3741 5477 ὑπόστςο

2187 5587 2316 5659 ἄλλη
2350 5588 2441 5659 καὶ
2474 5587 2627 5659 ἄλλη.
2649 5588 2738 5659 Sic
2754 5588 2933 5659 Palat.

2258 5658 2367 5723 (T7)
2408 5657 2604 5722 Palat.,
2629 5657 2920 5713 ἀδιάλυτον.
