3982 6398
184 332 314 388 1H5

1152 341 1240 397 DE
1279 341 1550 398 SANCTA
1587 342 1632 396 Τ
1637 341 1959 398 RlNlTATE
1997 343 2338 402 DIALOGUS
2373 349 2418 404 1.

3250 349 3393 407 “66

181 464 258 502 σιν
305 447 400 501 τοῦ
432 449 561 504 Υίοῦ
594 451 896 524 θεωρεῖται,
930 457 1128 527 ὁμοίως
1171 457 1249 529 τῷ
1301 461 1493 531 Πατρὶ,
1542 462 1636 515 καὶ
1675 463 1736 516 οὑ

1841 469 1943 516 tem
1968 463 2170 526 omnia,
2194 471 2262 519 .ut
2287 464 2340 518 in
2366 463 2564 528 Patris,
2587 465 2662 519 ita
2690 464 2854 520 etiam
2877 464 2932 519 in
2951 464 3075 521 Filii
3108 465 3386 537 hypostasi

180 543 452 614 μεθεκτῶς
474 561 487 574 ·
516 545 609 630 καὶ
648 546 733 599 διὰ
759 546 914 600 τοῦτο
949 549 1041 601 δύο
1084 550 1179 619 μὲν
1219 552 1541 616 ὑποστάσεις
1580 553 1730 621 λέγο-

181 653 274 706 μεν
297 634 512 706 Πατρδς
545 636 635 688 καὶ
664 636 813 718 Υίοῦ,
849 638 974 709 μίαν
998 640 1053 692 δὲ
1077 640 1324 712 θεότητα,
1359 642 1605 713 δύναμιν,
1634 661 1730 697 κυ-

178 726 414 797 ριότητα,
469 728 563 782 καὶ
609 729 924 796 ἀθανασίαν,
978 735 1071 787 καὶ⁹
1130 735 1456 806 ἀφθαρσίαν,
1491 739 1585 790 καὶ
1633 739 1732 791 ὅσα

175 820 416 874 τοιαῦτα.
448 821 644 890 Ἀνόμ.
674 824 880 877 Οὐκοῦν
898 826 990 878 καὶ
1015 828 1339 897 ἀγεννησίαν
1368 829 1478 896 (78)
1499 831 1624 898 μίαν
1644 830 1733 882 λέ-

175 927 308 978 γεις.
346 912 503 978 Ὀρθ.
551 913 838 981 Ἀγένητον
885 916 984 984 μὲν
1022 915 1162 984 λέγω
1192 919 1286 970 καὶ
1323 919 1411 970 τὸν
1457 919 1603 985 Υἱὸν,
1633 920 1734 971 οὑκ

177 1001 466 1072 ἀγέννητον
525 1003 600 1056 δέ.
635 1007 832 1072 Ἀνόμ.
877 1007 1040 1058 ’Λλλο
1089 1007 1194 1077 γάρ
1253 1011 1397 1060 ἐστιν
1449 1008 1728 1076 ἀγένητον,

177 1095 265 1146 καὶ
293 1093 422 1146 ἄλλο
461 1095 776 1164 ἀγέννητον;
812 1098 963 1162 ‘0p0.
999 1100 1107 1151 Καὶ
1144 1100 1304 1152 πάνυ.
1338 1099 1533 1167 Ἀνόμ.
1578 1099 1729 1166 Πῶς;

175 1187 326 1250 Ὀρθ.
363 1185 486 1237 Ὅτι
514 1185 574 1236 τὸ
601 1185 698 1254 μὲν
727 1176 979 1257 γεννητόν
1008 1190 1122 1242 ἐστι
1162 1190 1221 1242 τὸ
1260 1192 1322 1242 ὲκ
1362 1189 1462 1258 τῆς
1497 1191 1733 1245 ὑποστά-

178 1291 311 1337 σεως
340 1274 696 1346 γεννώμενον,
725 1279 816 1330 καὶ
847 1278 934 1332 διὰ
961 1279 1114 1332 τοῦτο
1143 1283 1206 1333 ὲκ
1237 1281 1470 1352 γαστρὸς
1512 1281 1735 1352 λεγόμε-

174 1381 260 1416 νον
278 1381 290 1393 ·
324 1365 385 1417 τὸ
415 1365 470 1417 δὲ
493 1367 715 1435 γενητὸν
735 1368 795 1420 τὸ
823 1371 886 1422 ἐκ
917 1370 1014 1439 τῆς
1037 1371 1281 1436 ἐξουσίας
1306 1371 1398 1424 τοῦ
1431 1389 1736 1444 γενεσιουρα

173 1454 289 1522 γοῦ.
331 1455 546 1508 «Πάντα
577 1457 684 1528 γάρ
707 1459 806 1511 ὅσα
830 1459 1109 1531 ἠθέλησεν,
1138 1462 1443 1532 ἐποίησεν.»
1485 1463 1735 1532 Ἐποίησε

173 1542 226 1595 δὲ
276 1543 425 1609 πῶς;
477 1563 494 1595 ι
527 1540 715 1608 Εἶπεν,
741 1548 834 1601 καὶ
872 1549 1205 1620 ἐγενήθησαν
1228 1569 1241 1580 ·
1272 1551 1590 1614 ἐνετείλατο,
1643 1551 1736 1607 καὶ

174 1634 518 1704 ἐκτίσθησαν.
556 1655 575 1688 ι
616 1638 811 1707 Ἀνόμ.
851 1641 964 1692 Οὐκ
991 1641 1268 1711 ἠρώτησα,
1300 1643 1353 1694 τί
1389 1644 1503 1695 ἐστι
1546 1659 1735 1712 γεννη-

172 1725 281 1789 τὸν,
313 1726 408 1778 καὶ
447 1728 500 1779 τί
535 1730 786 1800 γενητόν·
822 1731 936 1784 ἀλλ’
969 1734 1016 1784 εί
1050 1732 1174 1785 ἄλλο
1206 1734 1321 1786 ἐστὶ
1350 1734 1412 1786 τὸ
1453 1733 1732 1803 ἀγένητον,

174 1816 262 1868 καὶ
307 1817 436 1870 ἄλλο
463 1818 522 1870 τὸ
546 1791 862 1889 ἀγέννητον.
895 1824 1048 1890 Ὀρθ.
1071 1823 1134 1899 Et
1161 1823 1221 1876 τὸ
1247 1791 1514 1894 γεννητόν.
1531 1791 1645 1876 ἐστι
1674 1791 1735 1877 τό
1768 1791 1808 1850 Β

174 1909 233 1962 ἐκ
261 1910 361 1977 τῆς
397 1911 744 1976 ὑποστάσεως
769 1917 861 1968 καὶ
883 1917 946 1969 ἐκ
979 1917 1231 1988 γαστρὸς,
1269 1917 1329 1970 τὸ
1357 1919 1430 1988 μὴ
1457 1917 1516 1971 ὃν
1543 1919 1607 1971 ἐκ
1635 1935 1736 1986 γα-

176 2001 350 2070 στρος,
368 2003 533 2072 ἤγουν
558 2005 666 2074 (79)
689 2008 753 2058 ὲκ
771 2008 866 2076 τῆς
891 2007 1254 2072 ὑποστάσεως,
1283 2009 1572 2079 ἀγέννητον
1598 2011 1735 2062 ἐστι·

173 2092 262 2144 καὶ
293 2094 341 2144 εἰ
369 2093 430 2146 τὸ
464 2097 684 2166 γενητὸν
715 2100 777 2150 ἐκ
805 2099 903 2167 τῆς
930 2099 1174 2163 ἐξουσίας
1205 2101 1319 2152 ἐστὶ
1345 2102 1462 2154 κατ’
1491 2101 1736 2172 ἐντολὴν,

172 2179 230 2233 τὸ
270 2183 537 2248 ἀγένητον
579 2187 640 2238 τὸ
692 2187 765 2257 μὴ
811 2190 930 2240 κατ’
982 2189 1197 2259 ἐντολὴν
1242 2188 1504 2259 ὑπάρχον,
1546 2187 1657 2242 ἀλλ’
1702 2189 1736 2259 ἢ

173 2273 412 2328 ἀναίτιον
440 2275 518 2341 ὃν,
553 2278 585 2349 ἢ
616 2279 679 2330 ὲκ
719 2279 816 2348 τῆς
854 2280 1201 2343 ὑποστάσεως
1229 2279 1320 2332 τοῦ
1349 2281 1666 2352 ἀγεννήτου.

1832 555 2268 616 considerantur.
2301 556 2461 626 idque
2494 557 2715 611 minime
2746 573 2811 612 ex
2843 559 3274 628 participatione.
3305 557 3390 612 ld-

1831 645 1978 698 circo
2031 644 2170 700 duas
2214 647 2435 715 quidem
2483 647 2804 716 hypostases
2836 647 3067 702 dicimus
3115 645 3293 702 Patris
3333 659 3388 704 et

1832 734 1979 800 Filii,
2016 752 2180 791 unam
2217 747 2395 792 autem
2432 737 2712 803 deitatem,
2767 746 3110 808 potestatem,
3143 738 3390 793 domina-

1830 828 2074 893 tionem,
2137 830 2638 894 immortalitatem,
2692 830 3287 900 incorruptibilitatem,
3336 842 3392 887 et

1833 920 2098 989 ejusmodi
2129 921 2252 975 alia.
2274 921 2459 975 Anam.
2486 917 2653 975 Unam
2682 922 2842 991 igitur
2861 923 3023 976 etiam
3053 921 3212 983 dicis,
3233 923 3392 990 ἀγεν-

1831 1009 2040 1078 νησίαν,
2061 1009 2116 1064 id
2145 1016 2230 1064 est
2247 1010 2612 1078 generationis
2640 1010 2954 1066 carentiam.
2989 1010 3140 1066 Orth.
3171 1011 3392 1082 Ἀγένη-

1831 1116 1943 1161 τον,
1977 1099 2030 1152 id
2070 1106 2154 1154 est
2195 1117 2215 1149 (
2256 1115 2362 1153 non
2397 1099 2616 1166 factum,
2649 1119 2667 1151 ι
2714 1101 2930 1170 quidem
2958 1101 3081 1157 dico
3107 1102 3270 1156 etiam
3303 1100 3392 1156 Fi-

1834 1189 2007 1243 lium:
2049 1190 2339 1260 ἀγέννητον
2379 1198 2591 1254 autem,
2635 1190 2690 1244 id
2733 1200 2836 1256 est,
2874 1210 2892 1242 ι
2937 1208 3046 1247 non
3072 1193 3333 1262 genitum,
3365 1211 3390 1248 ιι

1832 1295 2196 1350 nequaquam.
2227 1281 2415 1333 Anam.
2449 1281 2610 1336 Estne
2640 1281 2802 1352 igitur
2829 1283 2993 1346 aliud,
3023 1300 3131 1338 non
3166 1285 3390 1352 factum,

1834 1368 1981 1422 aliud
2035 1384 2144 1422 non
2178 1369 2460 1438 genitum?
2509 1369 2659 1424 Orth.
2725 1369 2866 1425 Sane
2914 1372 3153 1441 quidem.
3199 1373 3390 1429 Anam.
3465 1422 3468 1424 .

1834 1460 2148 1526 Quomodo?
2188 1459 2339 1515 Orth.
2376 1460 2644 1526 Quoniam
2693 1463 2757 1514 τὸ
2801 1464 3076 1534 γεννητόν,
3122 1464 3252 1518 illud
3285 1473 3392 1531 est,

1833 1551 1980 1622 quod
2013 1568 2080 1606 ex
2120 1553 2399 1624 hypostasi
2428 1553 2691 1623 gignitur,
2734 1553 2965 1624 ideoque
3004 1571 3070 1608 ex
3097 1563 3284 1611 ventre
3310 1556 3398 1612 vel

1836 1655 1992 1699 utero
2017 1645 2217 1699 dicitur
2251 1663 2264 1698 :
2305 1646 2528 1714 γενητόν
2575 1660 2703 1700 vero
2736 1645 2868 1700 illud
2917 1653 3021 1708 est,
3075 1648 3216 1714 quod
3251 1655 3336 1702 est
3364 1663 3400 1702 a

1836 1744 2102 1806 potestate
2132 1735 2364 1805 opiﬁcis.
2428 1735 2565 1789 Nam
2605 1754 2623 1787 ι
2656 1737 2836 1792 omnia
2869 1752 3203 1806 quaecunque
3231 1739 3398 1792 voluit

1835 1827 1964 1882 fecit
2003 1829 2066 1882 η.
2103 1847 2121 1878 ι
2158 1825 2441 1892 Quomodo
2480 1834 2660 1882 autem
2707 1826 2868 1882 fecit?
2905 1846 2924 1879 ‹
2960 1826 3125 1891 Dixit,
3171 1835 3224 1882 et
3256 1828 3398 1882 facta

1838 1929 1965 1975 sunt
1989 1937 2002 1972 :
2023 1919 2298 1972 mandavit
2319 1925 2372 1972 et
2400 1926 2580 1973 creata
2609 1926 2737 1974 sunt
2758 1918 2823 1972 ¹³.
2847 1936 2866 1969 ι
2893 1918 3081 1975 Anam.
3107 1919 3225 1974 Non
3253 1936 3399 1990 quaa-

1839 2010 1940 2065 sivi
1985 2008 2114 2080 quid
2153 2009 2224 2062 sit
2265 2011 2504 2078 genitum
2540 2016 2595 2064 et
2637 2009 2768 2078 quid
2802 2009 3028 2074 factum,
3061 2011 3155 2066 sed
3186 2026 3255 2065 an
3288 2027 3398 2066 non

1840 2098 2044 2153 factum
2074 2097 2145 2152 sit
2171 2098 2340 2162 aliud,
2387 2113 2551 2168 quam
2591 2115 2698 2153 non
2730 2100 2994 2170 genitum.
3029 2099 3182 2154 Orth.
3217 2100 3272 2154 Si
3307 2117 3400 2169 ge—

1839 2190 2012 2243 nitum
2053 2189 2183 2242 illud
2218 2195 2324 2251 est,
2353 2188 2496 2258 quod
2547 2196 2630 2242 est
2683 2204 2749 2243 ex
2801 2189 3081 2260 hypostasi
3130 2197 3184 2244 et
3218 2197 3398 2258 utero,

1843 2294 1973 2334 sane
2001 2277 2134 2333 illud
2161 2286 2245 2332 est
2277 2293 2385 2332 non
2419 2277 2679 2348 genitum,
2711 2279 2855 2347 quod
2889 2294 2998 2332 non
3028 2295 3093 2335 ex
3127 2287 3284 2333 utero
3314 2281 3402 2336 vel

175 2367 456 2438 hypostasi
491 2389 504 2424 :
537 2381 591 2424 et
625 2371 670 2424 si
712 2370 912 2425 factum
954 2373 1086 2426 illud
1115 2381 1235 2436 est,
1270 2373 1414 2443 quod
1435 2381 1520 2429 est
1580 2389 1647 2429 ex
1701 2379 1971 2442 potestate
2039 2372 2338 2427 secundum
2390 2371 2740 2436 mandatum,
2795 2373 2983 2442 utique
3027 2388 3136 2428 non
3198 2373 3397 2428 factum

175 2463 302 2517 illud
337 2472 442 2528 est,
485 2465 632 2535 quod
674 2482 782 2520 non
824 2444 1037 2523 exsistit
1075 2485 1142 2523 ex
1177 2469 1473 2534 mandato,
1524 2471 1618 2526 sed
1665 2469 1749 2524 vel
1787 2483 2008 2524 causam
2051 2483 2161 2522 non
2204 2467 2402 2532 habet,
2456 2467 2540 2522 vel
2587 2474 2671 2522 est
2710 2483 2777 2522 ex
2827 2467 3109 2539 hypostasi
3160 2485 3266 2524 non
3301 2485 3389 2541 ge-

173 2554 292 2609 niti.

242 2647 328 2700 19.
367 2648 566 2716 Ἀνόμ.
600 2647 702 2700 Δύο
740 2645 833 2702 οῦν
880 2651 1118 2722 ἀγένητα
1158 2651 1363 2720 λέγεις;
1397 2654 1541 2722 Ὀρθ.
1592 2653 1734 2723 Ἐγὼ

174 2737 264 2789 καὶ
294 2737 536 2808 Πατέρα,
585 2739 679 2790 καὶ
723 2740 870 2804 Υἰὸν,
918 2743 1011 2794 καὶ
1043 2743 1193 2809 ἅγιον
1236 2743 1459 2814 Πνεῦμα
1498 2745 1736 2816 ἀγένητα

172 2826 332 2896 λέγω,
378 2829 492 2883 ἀλλ’
539 2831 638 2882 οὑκ
679 2832 922 2902 ἀπάτορα
964 2833 1110 2903 τρία,
1155 2835 1276 2888 οὑδὲ
1317 2837 1558 2889 ἀναίτια’
1606 2837 1740 2891 ἀλλά

170 2921 258 2973 τὸν
283 2921 385 2991 μὲν
414 2922 524 2988 (80)
557 2923 792 2995 Πατέρα,
826 2927 918 2976 καὶ
942 2925 1208 2997 ἀπάτορα,
1239 2929 1333 2981 καὶ⁸
1358 2929 1614 2992 ἀναίτιον,
1650 2929 1742 2982 καὶ

170 3013 454 3082 ἀγένητον.
489 3015 598 3066 Καὶ
626 3016 733 3086 γὰρ
762 3015 883 3068 οὗτε
913 3017 1128 3087 Πατέρα
1159 3018 1270 3088 ἔχει
1302 3021 1330 3070 6
1369 3019 1578 3090 Πατὴρ,
1618 3019 1741 3073 οὔτε

168 3105 568 3174 γενεσιουργὸν,
610 3104 730 3158 οὔτε
761 3107 930 3160 αἴτιον
978 3109 1072 3161 τοῦ
1117 3105 1254 3162 εἶναι
1290 3109 1364 3172 ὡς
1410 3109 1468 3174 ἐξ
1508 3112 1744 3165 ὑποστά-

168 3212 328 3260 σεως.
379 3197 438 3249 '0
470 3197 525 3250 δὲ
557 3197 683 3260 Υἱὸς
710 3199 926 3270 Πατέρα
965 3201 1062 3270 μὲν
1099 3200 1240 3270 ἔχει,
1277 3202 1650 3271 γενεσιουργὺν
1687 3203 1744 3255 δὲ

165 3287 264 3340 οὑκ
315 3287 468 3357 ἔχει’
527 3290 586 3341 οὑ
638 3290 742 3361 γὰρ
800 3291 1034 3358 ἐγένετο,
1088 3293 1204 3346 ἀλλ’
1255 3292 1537 3364 ἐγεννήθη.
1584 3293 1658 3345 Τὸ
1687 3293 1744 3345 δὲ

164 3379 398 3450 Πνεῦμα
428 3381 488 3433 τὸ
515 3382 666 3448 ἅγιον
700 3384 913 3454 Πατέρα
938 3385 1036 3436 οὑκ
1064 3384 1175 3454 ἕχει
1193 3427 1207 3449 ,
1234 3385 1293 3436 οὑ
1327 3383 1434 3454 γάρ
1458 3383 1740 3453 ἐγεννήθη·

162 3470 550 3542 γενεσιουργὺν
597 3473 696 3524 οὑκ
738 3473 887 3543 ἔχει,
927 3476 987 3526 οὑ
1033 3475 1139 3546 γάρ
1185 3475 1429 3544 ἐγένετο·
1479 3476 1646 3528 αἴτιον
1687 3477 1744 3532 δὲ

162 3561 276 3625 ἔχει
321 3562 418 3616 τὸν
463 3563 612 3629 Θεὸν,
647 3557 708 3617 οὗ
753 3567 974 3637 Πνεῦμά
1015 3569 1150 3628 ἐστι,
1195 3567 1324 3635 παρ’
1367 3560 1426 3620 οὗ
1453 3567 1547 3619 καὶ
1583 3567 1747 3620 ἐκπο-

163 3653 410 3722 ρεύεται.
459 3655 644 3724 Ἁνόμ.
678 3657 755 3709 Τὰ
786 3657 895 3728 ῄρ
923 3657 1056 3712 ἄλλα
1079 3657 1360 3727 πνεύματα
1393 3657 1453 3710 οὐ
1487 3659 1616 3728 παρ’
1649 3657 1745 3710 αὑ·-

157 3743 251 3796 τοῦ
279 3746 679 3816 ὲκπορεὺεται;
715 3749 860 3815 Ὀρθ.
891 3751 998 3801 Καὶ
1032 3751 1192 3820 ἡμεῖς
1221 3751 1285 3802 ὲκ
1312 3748 1404 3802 τοῦ
1435 3747 1568 3800 Θεοῦ
1594 3750 1746 3816 ἐγεν-

156 3837 445 3907 νήθημεν·
479 3827 682 3892 ("Odor
731 3841 836 3912 γὰρ
878 3841 1036 3894 αὑτὸν
1075 3840 1302 3904 ἔλαϐον,
1336 3859 1354 3890 ι
1401 3840 1740 3910 γέγραπται,

155 3925 369 3980 ἔδωκεν
421 3927 604 3989 αὑτοῖς
654 3927 898 3992 ἐξουσίαν
956 3929 1121 3982 τέκνα
1164 3927 1296 3981 Θεοῦ
1367 3928 1652 3996 γενέσθαι,
1695 3929 1743 3981 οἳ

152 4017 253 4070 οὑκ
291 4017 357 4083 ἐξ
391 4017 657 4087 αἱμάτων,
687 4018 805 4070 οὑδὲ
839 4021 902 4071 ὲκ
941 4018 1244 4088 θελήματος
1283 4019 1502 4090 σαρκὸς,
1538 4017 1650 4071 ἀλλ’
1681 4020 1744 4071 ὲκ

150 4107 288 4162 Θεοῦ
336 4109 734 4179 ἐγεννήθησαν.
771 4129 788 4160 ι
847 4110 983 4162 Ἀλλ’
1027 4110 1215 4182 ὥσπερ
1264 4112 1444 4181 ἡμεῖς,
1497 4111 1560 4163 ὲκ
1611 4108 1743 4162 Θεοῦ

147 4202 539 4274 γεννηθέντες,
573 4203 672 4256 οὑκ
703 4205 767 4256 ὲκ
803 4204 1036 4274 γαστρὸς
1061 4203 1158 4273 τῆς
1198 4203 1548 4266 ὑποστάσεως
1593 4204 1744 4271 ὲγεν-

149 4292 433 4362 νήθημεν,
484 4291 626 4344 οὕτω
667 4293 759 4344 καὶ
801 4290 867 4344 τὰ
912 4291 1318 4362 ἐκπορευόμενα
1360 4291 1643 4362 πνεύματα
1681 4291 1745 4344 ὲκ

1900 2650 1987 2704 19.
2014 2648 2202 2701 Anam.
2233 2647 2349 2702 Duo
2367 2647 2531 2718 igitur
2552 2647 2690 2702 dicis
2746 2664 2852 2702 non
2887 2647 3028 2703 facta
3053 2651 3076 2703 ?
3111 2650 3261 2706 Orth.
3287 2652 3400 2725 Ego

1831 2746 1887 2794 et
1918 2737 2132 2791 Patrem
2177 2745 2232 2791 et
2255 2734 2447 2790 Filium
2477 2745 2529 2790 et
2560 2735 2820 2807 Spiritum
2854 2747 3100 2792 sanctum
3123 2740 3248 2795 dico
3275 2759 3402 2799 esse

1835 2844 1945 2884 non
1974 2828 2136 2893 facta,
2191 2842 2529 2898 nequaquam
2574 2843 2700 2882 vero
2731 2816 2852 2882 tria
2903 2837 3050 2892 sunt,
3102 2829 3263 2886 Patre
3311 2835 3396 2888 vel

1837 2936 2002 2976 causa
2024 2921 2262 2974 carentia
2297 2939 2310 2973 :
2348 2919 2439 2973 sed
2463 2917 2681 2974 Patrem
2713 2921 2954 2990 quidem,
2985 2924 3190 2991 absque
3218 2923 3397 2985 Patre.

1843 3018 1896 3065 et
1924 3011 2129 3078 absque
2157 3024 2344 3071 causa,
2379 3015 2432 3062 et
2457 3023 2564 3061 non
2603 3008 2823 3064 factum.
2854 3009 3038 3080 Neque
3066 3013 3208 3066 enim
3244 3013 3405 3070 Pater

1847 3102 2007 3156 habet
2037 3100 2275 3164 Patrem,
2313 3117 2488 3170 neque
2521 3100 2789 3170 opiﬁcem,
2822 3100 2888 3155 ad
2918 3117 3076 3171 quem
3107 3111 3285 3158 ortum
3318 3121 3403 3160 re-

1845 3191 2004 3254 ferat,
2034 3205 2211 3260 neque
2239 3205 2567 3260 quemquam
2607 3197 2906 3254 auctorem,
2949 3206 2978 3244 a
3013 3207 3120 3260 quo
3147 3192 3218 3247 sit
3251 3201 3308 3246 ut
3336 3209 3405 3249 ex

1844 3283 2148 3353 hypostasi.
2180 3281 2244 3335 At
2284 3283 2457 3337 Filius
2497 3281 2712 3337 Patrem
2741 3282 2958 3352 quidem
2994 3283 3176 3345 habet,
3212 3285 3306 3339 sed
3337 3287 3408 3340 ab

1843 3376 2036 3446 apiﬁce
2063 3386 2246 3432 ortum
2281 3392 2388 3431 non
2428 3377 2590 3431 habet
2627 3395 2642 3432 :
2674 3393 2851 3446 neque
2895 3377 3038 3430 enim
3077 3376 3255 3431 fartus
3301 3387 3405 3442 est,

1844 3468 1939 3522 sed
1973 3469 2189 3538 genitus
2219 3487 2232 3522 :
2262 3467 2500 3538 Spiritus
2527 3479 2749 3523 sanctus
2780 3475 2958 3522 autem
3008 3468 3219 3522 Patrem
3245 3469 3416 3540 419

1842 3574 1950 3613 non
1985 3560 2166 3623 habet,
2191 3560 2318 3630 quia
2350 3575 2456 3614 non
2492 3568 2576 3612 est
2608 3559 2844 3628 genitus,
2873 3573 2974 3612 nec
3004 3559 3073 3612 ab
3099 3561 3295 3627 opiﬁce
3316 3577 3398 3613 oro

1843 3660 1957 3705 tum
1984 3651 2164 3713 habet,
2204 3651 2331 3721 quia
2363 3667 2469 3704 non
2499 3658 2582 3705 est
2620 3649 2798 3704 factus
2845 3667 2858 3704 :
2901 3649 2994 3705 sed
3039 3661 3315 3704 auctorem
3352 3658 3410 3704 et

1843 3758 2063 3798 causam
2109 3743 2270 3796 habet
2305 3741 2496 3804 Deum,
2550 3740 2709 3809 cujus
2741 3743 2966 3810 Spiritus
3006 3749 3111 3804 est,
3143 3751 3198 3795 et
3229 3757 3260 3794 a
3298 3756 3411 3810 quo

1843 3835 2110 3906 procedit.
2135 3833 2324 3887 Anam.
2355 3833 2459 3886 Alii
2486 3847 2616 3887 vero
2647 3831 2872 3901 spiritus
2897 3846 3077 3885 annon
3107 3831 3176 3886 ab
3195 3846 3262 3886 eo
3283 3847 3412 3900 pro—

1844 3927 2082 3981 cedunt?
2124 3925 2276 3980 Orth.
2306 3923 2371 3978 Et
2394 3940 2492 3978 nos
2517 3939 2733 3994 quoque
2766 3923 2836 3977 ab
2869 3937 2934 3978 eo
2963 3922 3130 3992 geniti
3164 3936 3356 3976 sumus
3390 3941 3405 3976 :

1845 4019 2118 4090 Quotquot
2161 4017 2306 4073 enim
2355 4023 2676 4086 receperunt
2703 4030 2847 4078 eum,
2887 4034 2906 4066 ι
2931 4021 2990 4070 ut
3015 4014 3274 4084 scriptum
3297 4021 3406 4078 est,

1843 4109 1993 4165 dedit
2037 4109 2117 4164 eis
2173 4114 2494 4178 potestatem
2541 4106 2676 4162 ﬁlios
2725 4106 2812 4160 Dei
2873 4106 3009 4170 ﬁeri,
3054 4108 3147 4175 qui
3188 4121 3295 4160 non
3333 4122 3398 4161 ex

1845 4200 2221 4270 sanguinibus,
2252 4213 2426 4268 neque
2450 4214 2515 4253 ex
2550 4199 2824 4252 voluntate
2845 4197 3048 4260 carnis,
3079 4197 3172 4252 sed
3195 4212 3260 4250 ex
3290 4195 3399 4251 Deo

1845 4293 1958 4346 nati
1987 4299 2116 4347 sunt
2163 4292 2225 4344 ⁸⁵.
2268 4310 2286 4343 ι
2324 4289 2429 4346 Sed
2470 4290 2613 4345 sicut
2645 4305 2766 4353 nos,
2807 4288 2901 4358 qui
2935 4304 3002 4342 ex
3036 4287 3144 4343 Deo
3169 4288 3280 4342 nati
3318 4303 3410 4344 su-

145 4385 244 4440 τοῦ
288 4383 465 4446 Θεοῦ,
495 4384 594 4436 οὑκ
628 4384 692 4435 ὲκ
717 4382 811 4436 τοῦ
846 4385 1107 4454 στόματος
1134 4384 1232 4453 τῆς
1267 4384 1612 4444 ὑποστάσεως
1650 4383 1740 4434 αὑ-

1848 4399 1990 4450 mus,
2026 4398 2136 4438 non
2171 4398 2362 4437 sumus
2393 4397 2459 4436 ex
2511 4388 2666 4436 utero
2709 4381 3063 4450 bypostaseos
3089 4378 3253 4450 geniti
3284 4397 3298 4432 :
3337 4378 3413 4432 ita

146 4477 242 4531 τοῦ
279 4481 420 4531 είσι.
454 4475 529 4528 T6
553 4476 610 4528 δὲ
637 4475 858 4544 Πνεῦμα
878 4476 938 4527 τὸ
965 4476 1114 4543 ἅγιον
1143 4476 1206 4528 ὲκ
1237 4474 1330 4528 τοῦ
1358 4475 1622 4545 στόματος
1650 4475 1749 4544 τῆς

144 4568 522 4630 ὑποστάσειὶκ
556 4569 673 4620 ἐστι
706 4565 946 4637 Πνεῦμα·
987 4586 1004 4617 ‹
1040 4566 1128 4636 Τῷ
1156 4567 1263 4636 γὰρ
1288 4566 1428 4636 λόγῳ
1463 4567 1664 4635 Κυρίου
1698 4566 1748 4618 οἱ

143 4662 378 4733 οὐρανοὶ
411 4656 850 4728 ἐστερεώθησαν,
885 4658 976 4710 καὶ
1006 4657 1082 4728 τῷ
1114 4657 1390 4726 Πνεὺματι
1419 4655 1513 4708 τοῦ
1548 4656 1748 4725 στόμα-

141 4771 234 4818 τος
269 4751 455 4808 αὑτοῦ
487 4752 638 4804 nisa.
663 4751 695 4815 ἡ
719 4748 943 4818 δύναμις
967 4747 1163 4802 αὐτῶν.
1202 4768 1219 4799 ι
1253 4747 1362 4801 Καὶ
1389 4749 1416 4800 6
1445 4745 1633 4816 Πατὴρ
1662 4745 1747 4798 λέ-

139 4863 264 4912 γει’
305 4867 328 4894 ε
391 4843 532 4897 Ἰδοὺ
582 4845 610 4894 6
655 4841 792 4902 Παῖς
829 4857 950 4909 μου,
999 4841 1028 4892 6
1063 4839 1342 4912 ἀγαπητός
1388 4855 1514 4908 μου,
1564 4838 1646 4900 είς
1688 4837 1746 4889 ὃν

136 4936 462 5005 εὐδόκησεν
496 4935 530 5004 ὴ
555 4933 700 5003 ψυχή
731 4947 854 5002 μου.
877 4931 1038 5000 Θήσω
1063 4930 1122 4983 τὸ
1151 4929 1375 5000 Πνεῦμά
1402 4947 1502 4998 μου
1535 4929 1624 4980 ἐπ’
1653 4929 1748 4981 αὑ-

135 5030 254 5082 τόν.
300 5047 318 5079 ι
371 5027 585 5094 Ἀνέμ.
615 5025 678 5077 Εἰ
711 5028 803 5078 καὶ
826 5024 856 5078 6
885 5021 1011 5085 Υἱὸς
1037 5024 1099 5075 ὲκ
1129 5022 1228 5091 τῆς
1256 5021 1622 5082 ὑποστάσεως,
1656 5022 1750 5074 καὶ

132 5120 196 5173 τὸ
226 5117 484 5188 Πνεῦμα
516 5116 584 5168 ὲκ
614 5115 711 5186 τῆς
741 5112 1112 5174 ὑποστάσεως,
1140 5111 1274 5163 εἰσὶν
1303 5109 1552 5177 abi-cleat;
1594 5109 1744 5176 Ὀρθ.

133 5211 228 5282 Μὴ
264 5209 537 5280 γένοιτοῐ
569 5206 742 5270 οὐδεὶς
777 5207 933 5262 τοῦτο
969 5204 1138 5272 ὶέγει-
1165 5201 1288 5265 Πῶς
1319 5201 1426 5272 γὰρ
1458 5200 1750 5270 μονογενὴς

132 5304 163 5356 6
187 5303 349 5370 Υἱὸς,
390 5303 448 5356 εί
486 5298 582 5352 δύο
623 5299 756 5352 εἰσίν
793 5297 1048 5369 ἀδελφοὶ.;
1079 5297 1273 5364 Ἀνόμ.
1324 5294 1446 5358 Πῶς
1473 5288 1564 5346 οῦν
1591 5293 1684 5347 καὶ
1715 5294 1744 5344 6

135 5393 268 5458 Υἱὸς
298 5397 372 5448 ὲκ
418 5391 527 5462 τῆς
563 5389 910 5454 ὑποστάσεως
943 5393 1034 5444 καὶ
1063 5387 1128 5451 τὸ
1161 5385 1398 5454 Πνεῦμα,
1429 5387 1522 5440 καὶ
1561 5386 1620 5438 οὑ
1653 5384 1745 5436 δύο

1845 4484 1900 4530 et
1947 4456 2174 4544 spirit'us
2197 4473 2291 4543 qui
2337 4488 2404 4528 ex
2440 4471 2550 4526 Deo
2595 4470 2898 4541 procedunt
2924 4485 2993 4524 ex
3022 4483 3118 4524 ore
3151 4469 3412 4539 hyposta-

1845 4583 1968 4623 seos
1996 4566 2116 4635 ejus
2147 4581 2253 4620 non
2281 4571 2428 4620 sunt.
2461 4563 2530 4616 At
2557 4562 2794 4632 Spiritus
2819 4568 3042 4617 sanctus
3063 4567 3148 4614 est
3171 4560 3410 4628 Spiritus

1844 4672 1912 4711 ex
1965 4671 2062 4710 ore
2111 4655 2470 4725 hypostaseos
2512 4652 2688 4722 ipsius
2721 4670 2734 4705 :
2770 4669 2789 4700 r
2826 4649 2961 4703 Nam
2993 4649 3158 4703 verbo
3202 4647 3411 4701 Domini

1849 4745 1973 4803 cmli
2014 4745 2215 4798 ﬁrmati
2251 4751 2400 4806 sunt,
2437 4750 2491 4796 et
2535 4741 2742 4811 Spiritu
2786 4741 2898 4794 oris
2935 4739 3055 4808 ejus
3087 4738 3265 4792 omnis
3299 4736 3412 4789 vir-

1845 4844 1934 4892 tus
1957 4850 2146 4891 eorum
2173 4835 2235 4890 ¹⁸.
2262 4853 2281 4885 ι
2319 4833 2383 4886 Ει
2408 4831 2568 4886 Pater
2619 4832 2748 4886 dicit
2775 4849 2787 4884 :
2816 4848 2834 4881 ι
2872 4829 3012 4885 Ecce
3048 4827 3216 4882 Filius
3239 4842 3414 4890 meus,

1847 4928 2078 4984 dilectus
2113 4941 2290 4988 meus,
2326 4925 2383 4978 in
2420 4938 2530 4994 quo
2563 4921 2894 4992 complacuit
2935 4921 3113 4974 anima
3147 4932 3287 4982 mea,
3317 4931 3417 4987 po-

1848 5035 1973 5073 nam
2007 5018 2266 5087 Spiritum
2299 5029 2477 5070 meum
2513 5030 2676 5084 super
2707 5015 2883 5084 ipsum
2912 5013 2972 5069 “.
3007 5031 3024 5062 ι
3052 5009 3238 5064 Anam.
3273 5007 3331 5063 Si
3361 5015 3417 5064 et

1849 5109 2020 5164 Filius
2053 5116 2137 5164 est
2173 5124 2236 5162 ex
2271 5105 2573 5177 hypostasi,
2625 5110 2679 5160 et
2735 5103 2970 5173 Spiritus
3015 5117 3082 5156 ex
3113 5098 3413 5170 hypostasi.

1850 5200 2048 5255 fratres
2096 5205 2224 5253 sunt
2257 5196 2463 5266 igitur?
2496 5193 2647 5249 Orth.
2692 5193 2883 5248 Absit!
2920 5192 3104 5246 nullus
3137 5191 3239 5244 hoc
3264 5189 3416 5244 dicit.

1850 5290 2133 5357 Quomodo
2161 5289 2304 5344 enim
2338 5287 2511 5342 Filius
2541 5293 2624 5341 est
2663 5283 2997 5356 unigenitus,
3050 5282 3096 5336 si
3142 5280 3250 5334 duo
3294 5289 3424 5334 sunt

1851 5382 2092 5440 fratres?
2123 5382 2312 5436 Anam.
2343 5378 2630 5447 Quomodo
2661 5377 2824 5446 igitur
2844 5381 2897 5427 et
2919 5372 3090 5428 Filius
3116 5378 3200 5426 est
3227 5386 3295 5426 ex
3325 5370 3430 5443 hy-

209 5550 256 5582 "
299 5547 469 5603 Psal.
505 5561 734 5607 cxxxlv,
767 5545 818 5600 6.
898 5546 940 5576 ¹³
981 5545 1119 5598 Psal.
1153 5546 1357 5598 chum
1385 5579 1399 5602 ,
1433 5540 1482 5594 5.
1565 5539 1608 5571 “
1679 5534 1836 5592 Joau.
1879 5553 1928 5604 r,
1965 5537 2068 5602 19.,
2109 5535 2196 5589 15.
2274 5533 2316 5564 ¹⁸
2355 5531 2729 5595 Psal.'xxxu,
2764 5529 2818 5585 6.
2896 5529 2940 5560 ¹⁶
2978 5529 3079 5582 lsa.
3119 5542 3263 5591 xLu,
3302 5527 3354 5586 ἰ.

207 5668 328 5736 (78)
374 5662 1032 5736 [falatinusrdyevqgiav.
1157 5731 1177 5736 __
1287 5732 1290 5736 ι

210 5731 333 5806 (79')
378 5731 663 5797 Felcktu.,
689 5731 1094 5802 ἧτουνζΡαιίιιη
1127 5731 1323 5790 show",

1923 5654 2036 5725 (80)
2075 5651 2355 5707 Palatinus
2383 5661 2436 5708 et
2464 5647 2730 5717 Fclckm.,
2772 5646 2904 5703 ἀλλὰ
2932 5645 2994 5698 τὸ
3025 5643 3141 5714 μέν.
