3982 6398
561 309 700 366 ΗΠ

1646 312 1702 367 8.
1744 304 2205 365 ATHANASIUS.
2242 305 2322 347 --’
2352 300 2617 361 SPURIA.

3651 304 3783 362 ηιε

562 432 767 503 postasi
793 438 847 488 et
876 430 1130 504 Spiritus,
1159 446 1336 503 neque
1366 439 1547 487 tamen
1578 439 1707 487 sunt
1738 431 1847 486 duo
1881 428 2118 485 fratres?

2230 425 2471 495 ὶδελφοί;
2503 426 2658 494 ’(ὶρθ.
2706 423 2805 478 Διὰ
2849 423 3009 479 τοῦτο
3048 425 3078 479 6
3114 424 3239 490 Υἱδς
3279 426 3343 481 ού
3386 414 3549 499 μόνον
3588 429 3656 482 ἐκ
3693 429 3786 500 τῆς

564 521 716 576 Orib.
751 521 1042 592 Propterea
1068 521 1236 578 Filius
1267 522 1450 577 dictus
1471 530 1555 578 est
1583 537 1708 578 esse
1750 537 1859 577 non
1906 527 2118 575 tantum

562 629 628 667 ex
672 615 969 685 bypostasi,
1009 630 1194 669 verum
1244 616 1406 669 etiam
1439 631 1507 670 ex
1554 622 1745 682 utero;
1787 624 1840 670 et
1881 613 2119 684 Spiritus

562 712 784 759 sanctus
808 719 916 758 non
946 712 1158 760 tantum
1187 722 1253 762 ex
1277 707 1583 778 liyposlasi,
1615 708 1711 764 sed
1737 707 1903 763 etiam
1943 708 2119 777 Spiri-

561 805 650 851 tus
678 797 811 861 oris,
853 805 914 852 nt
945 798 1245 853 diﬂ'erentia
1279 800 1349 854 sit
1388 814 1497 853 non
1527 798 1707 853 habita
1736 799 1855 867 ejus
1887 800 2118 863 ratione,

560 888 703 957 quod
733 889 841 944 sint
878 904 945 944 ex
985 890 1281 961 liypostasi,
1318 890 1411 947 sed
1443 904 1675 960 quorum
1716 905 1862 945 unus
1900 889 2119 959 quidem

559 994 624 1037 ex
656 989 812 1033 utero
839 981 930 1039 sit.
963 981 1100 1034 alter
1126 996 1190 1035 ex
1219 996 1333 1036 ore.

627 1069 716 1125 ΞΟ.
753 1069 941 1124 Anam.
985 1071 1145 1126 Aliud
1177 1088 1307 1143 ergo
1345 1079 1431 1129 est
1470 1088 1554 1137 os,
1588 1074 1732 1129 aliud
1772 1080 1857 1128 est
1908 1081 2119 1137 uterus,

560 1161 705 1217 aliud
754 1163 1101 1233 hypostasis?
1131 1162 1285 1220 Orib.
1310 1163 1429 1219 Non
1460 1166 1606 1219 aliud
1653 1173 1709 1222 ct
1736 1164 1904 1229 aliud,
1942 1172 2001 1218 ut
2031 1180 2123 1221 res

559 1260 655 1306 aut
683 1254 1036 1325 tritonymum
1085 1255 1388 1326 quidpiam.
1439 1256 1629 1310 Anam.
1680 1255 1751 1311 Ut
1795 1257 1923 1327 quid
1957 1257 2124 1327 ergo?

560 1342 714 1399 Orth.
749 1343 811 1398 Ut
845 1347 990 1400 aliud
1022 1346 1240 1415 quidem
1271 1347 1610 1417 signiﬁcante
1642 1347 1946 1419 hypostasi,
1974 1348 2119 1402 aliud

560 1441 738 1499 utero,
760 1441 815 1489 et
840 1436 985 1491 aliud
1016 1451 1131 1492 ore.
1175 1437 1365 1492 Anam.
1395 1436 1534 1503 Quid
1567 1438 1838 1508 signiﬁcat
1865 1438 2123 1509 hyposta-

560 1524 657 1589 sis,
687 1527 816 1596 quid
845 1541 931 1592 os,
963 1527 1094 1598 quid
1128 1531 1353 1584 uterus?
1385 1529 1540 1585 Ortli.
1587 1528 1906 1600 Hypostasis
1939 1530 2122 1583 decla-

562 1621 666 1676 rat,
697 1615 759 1667 τὸ
790 1611 947 1681 εἶναι,
1001 1616 1056 1671 id
1099 1624 1184 1672 est
1238 1637 1258 1670 ι
1323 1634 1443 1674 esse
1489 1640 1508 1672 ι
1547 1636 1559 1672 :
1596 1634 1783 1675 uterus
1830 1620 2121 1689 generandi

2218 518 2587 582 ὑποστάσεως,
2621 516 2755 571 ἀλλὰ
2793 516 2888 571 καὶ
2928 519 2993 571 ἐκ
3034 518 3270 590 γαστρὸς
3308 518 3560 591 εἴρηται·
3611 519 3786 575 καὶτὸ

2217 607 2441 677 Πνεῦμα
2485 608 2545 661 ού
2600 607 2759 679 μόνον
2810 607 2874 661 ἐκ
2926 610 3026 679 τῆς
3069 608 3444 675 ὑποστάσεως,
3500 609 3643 664 ἀλλὰ
3696 609 3786 668 καὶ

2218 699 2443 770 Πνεῦμα
2474 699 2739 770 στόματος
2784 699 3026 771 εἴρηταιο
3059 700 3149 754 ἵνα
3192 700 3489 773 ήδιαφορά
3533 702 3609 773 μὴ
3649 702 3789 759 κατὰ

2217 790 2310 844 τὸν
2351 793 2415 843 ἐκ
2456 790 2553 862 τῆς
2598 791 2944 855 ὑποστάσεως
2982 791 3139 861 λόγον
3176 792 3421 865 γένηται,
3470 792 3610 849 άλλά
3648 795 3792 855 κατὰ.

2216 883 2308 937 τόν
2334 884 2446 955 (8i)
2470 887 2534 937 ἐκ
2552 883 2786 957 γαστρὸς
2818 885 2911 938 καὶ
2938 885 3221 958 στόματος.
3446 885 3456 893 ’

2286 1060 2376 1114 20.
2430 1061 2616 1128 Ἇνόμ.
2652 1059 2810 1113 ’Δλλο
2833 1054 2926 1115 οὖν
2951 1059 3143 1130 στόμα,
3170 1060 3263 1112 καὶ
3282 1058 3410 1112 ἄλλο
3428 1059 3672 1131 γαστὴρ,
3695 1057 3783 1114 καὶ

2219 1150 2344 1205 ἄλλο
2373 1150 2666 1213 ὑπόστασις
2681 1190 2697 1213 ,
2714 1150 2858 1217 Ὀρθ.
2881 1148 2994 1203 Οὐκ
3014 1148 3141 1203 ἄλλο
3156 1149 3248 1203 καὶ
3266 1147 3411 1209 άλλὸ,
3433 1149 3512 1214 ὡς
3532 1153 3781 1221 πρᾶγμα,

2219 1240 2293 1304 ὡς
2308 1240 2644 1312 τριτὼνυμόν
2669 1258 2742 1293 τι.
2772 1241 2958 1311 Ἀνόμ.
2992 1240 3129 1294 Ἀλλ’
3162 1240 3237 1303 ὡς
3258 1239 3317 1293 τί
3329 1257 3344 1306 ;
3369 1241 3517 1309 Ὀρθ.
3547 1241 3640 1304 Ὣς
3664 1241 3787 1295 ἄλλο

2219 1350 2272 1385 τι
2303 1332 2414 1403 (82)
2449 1330 2818 1403 σημαινούσης
2858 1331 2961 1402 τῆς
2993 1331 3362 1394 ὑποστάσεως,
3408 1332 3504 1385 καὶ
3536 1331 3666 1385 ἄλλο
3690 1331 3785 1402 τῆς

2219 1422 2473 1492 γαστρὸς,
2505 1422 2600 1475 καὶ
2627 1421 2751 1475 ἄλλο
2780 1420 2873 1474 τοῦ
2901 1420 3184 1491 στόματος.
3220 1421 3410 1490 Ἆνόμ.
3442 1421 3508 1473 Τί
3539 1421 3784 1492 σημαίνει

2221 1516 2254 1584 ὴ
2283 1513 2596 1575 ὑπόστασις,
2621 1511 2714 1564 καὶ
2733 1512 2784 1563 τί
2805 1510 2866 1563 τὸ
2886 1510 3081 1582 στόμα,
3106 1511 3200 1564 καὶ
3222 1510 3281 1564 τε
3297 1513 3331 1582 ἡ
3352 1512 3605 1582 γαστήρς
3645 1512 3781 1580 Ὀρθ.

2250 1603 2297 1655 Π
2327 1603 2622 1665 ὑπόστασις
2648 1601 2708 1655 τὸ
2737 1598 2873 1656 εἷναι
2903 1602 3171 1673 σημαίνει·
3203 1604 3236 1673 ἡ
3270 1602 3486 1675 γαστὴρ
3511 1604 3575 1654 τὸ
3599 1620 3784 1673 γεννη-

562 1704 670 1758 vim
712 1724 724 1758 :
750 1720 834 1769 os,
868 1708 1041 1776 ipsam
1063 1707 1292 1763 docendi
1326 1709 1655 1766 facultatem.
1685 1711 1968 1777 Quomodo
1989 1726 2123 1766 vero

2230 1693 2393 1746 τικόν·
2424 1692 2487 1745 τὸ
2510 1692 2683 1762 στόμα
2705 1691 2766 1744 τὸ
2786 1691 3106 1745 διδακτικόν.
3138 1692 3261 1756 Πῶς
3280 1692 3339 1745 δέ
3362 1693 3527 1762 γεννᾷ
3552 1692 3645 1745 τὸν
3665 1692 3786 1746 Υἱδν

562 1798 746 1868 gignat
778 1761 974 1854 an...
1006 1761 2116 1873 υευεζζέὶὶιέιὸὶέᾷέιᾶζὲρίῆίιῖιᾘἐἰιὲίέιᾏιζ

2230 1789 2255 1839 6
2300 1786 2451 1851 Θεὸς,
2497 1787 2559 1838 οὐ
2610 1761 3069 1856 πολυπραγμονῶ·
3125 1784 3218 1838 καὶ
3259 1784 3381 1848 πῶς
3409 1761 3687 1855 ἐκπέμπει
3730 1784 3788 1838 τὸ

562 1888 779 1943 curiose
810 1904 919 1944 non
949 1892 1293 1963 pervestigo:
1327 1894 1422 1948 sed
1454 1894 1620 1949 credo
1650 1894 1845 1949 Filium
1878 1896 2120 1965 genitum

564 1981 930 2052 inexplicabili
978 1986 1143 2041 modo
1172 1994 1226 2041 et
1271 1987 1476 2058 absque
1518 1990 1770 2057 passione
1801 1989 1930 2056 ulla,
1960 1997 2014 2043 et
2043 1988 2113 2044 si-

561 2073 762 2129 militer
810 2073 1071 2146 Spiritum
1111 2086 1360 2133 sanctum
1398 2079 1698 2149 procedere
1752 2078 2119 2150 inexplicabili

560 2165 724 2219 modo
751 2174 804 2220 et
827 2167 1033 2236 absque
1052 2167 1305 2236 passione
1330 2169 1457 2221 ulla.
1493 2168 1682 2223 Anam.
1714 2168 1816 2224 Ubi
1844 2178 1927 2226 est
1951 2186 2035 2235 os,
2067 2178 2122 2224 et

561 2261 770 2319 uterus,
815 2263 868 2310 et
915 2256 1249 2327 hypostasis,
1283 2259 1412 2328 quid
1448 2260 1615 2321 aliud,
1648 2274 1812 2328 quam
1847 2258 2124 2329 composi-

559 2346 765 2402 tionem
801 2346 1001 2404 dicas?
1041 2349 1196 2406 Orth.
1235 2350 1696 2421 Compositionein
1731 2366 1840 2406 non
1881 2350 2123 2406 eiliciunt

559 2441 675 2496 haec
704 2442 946 2497 nomina.
978 2440 1389 2501 Omnino'euim
1423 2445 1528 2499 ista
1550 2461 1655 2500 non
1677 2445 2026 2510 dicuntur,ut
2055 2443 2123 2499 de

560 2533 819 2589 membris
837 2536 1034 2590 solent.
1068 2537 1257 2590 Anam.
1284 2535 1380 2601 Os,
1399 2551 1578 2591 nonne
1602 2549 1685 2591 est
1706 2537 1806 2590 os?
1827 2542 1882 2591 et
1910 2544 2120 2600 uterus,

558 2628 741 2680 annon
774 2634 857 2682 est
892 2628 1121 2684 uterus?
1152 2627 1305 2683 Orth.
1333 2626 1452 2684 Non
1487 2643 1647 2683 omne
1667 2642 1729 2683 os
1747 2637 1828 2683 est
1858 2626 2002 2683 idem
2035 2641 2120 2692 os,

560 2732 739 2788 neque
766 2719 945 2776 omnis
978 2727 1171 2776 uterus
1214 2727 1299 2776 est
1344 2721 1486 2776 idem
1521 2728 1709 2776 uterus
1741 2735 1756 2773 :
1792 2716 2131 2789 nam'nequ‘e

556 2824 719 2865 omne
748 2826 811 2866 os
855 2820 941 2868 est
971 2813 1295 2877 membrum,
1323 2829 1500 2883 neque
1543 2814 1723 2867 omnis
1751 2821 1939 2868 uterus
1967 2828 2125 2884 pror-

556 2913 656 2955 sus
692 2899 994 2954 membrum
1033 2910 1138 2958 est.
1182 2903 1372 2957 Anam.
1405 2902 1511 2968 Qui
1540 2918 1670 2957 vero
1704 2903 1795 2956 ﬁat
1835 2909 1894 2957 ut
1926 2917 1989 2958 os
2015 2919 2123 2958 non

558 2990 633 3043 sit
659 3004 756 3052 os,
790 2998 844 3045 et
874 2998 1065 3047 uterus
1116 3006 1226 3047 non
1278 2994 1351 3048 sit
1400 2994 1629 3049 uterus?
1660 2992 1813 3049 Orth.
1845 2993 2123 3064 Scriptura

2226 1877 2469 1948 Πνεῦμα,
2515 1878 2713 1949 ὁμοίως
2755 1876 2816 1930 οὑ
2863 1876 3321 1948 πολυπραγμονῶ·
3365 1876 3501 1930 ἀλλὰ
3533 1876 3787 1944 πιστεύω,

2226 1972 2307 2025 ὅτι
2339 1971 2431 2025 καὶ
2461 1972 2489 2024 6
2517 1969 2642 2033 Υἱὸς
2675 1970 2923 2039 γεννᾶται
2947 1969 3199 2041 άρρήτως
3225 1970 3319 2023 καὶ
3341 1968 3591 2034 ἀπαθῶς,
3619 1969 3709 2022 καὶ
3735 1968 3789 2022 τὺ

2228 2064 2454 2134 Πνεῦμα
2489 2061 2845 2133 ἐκπορεύεται
2885 2063 3139 2133 άρῤήτως
3178 2062 3271 2114 καὶ
3312 2061 3563 2126 ἀπαθῶς.
3607 2061 3787 2130 Ἆνόμ.

2231 2154 2398 2207 Ἔνθα
2432 2154 2623 2225 στόμα,
2669 2155 2765 2207 καὶ
2804 2153 3037 2224 γαστὴρ,
3080 2152 3174 2205 καὶ
3214 2152 3533 2215 ὑπόστασις,
3571 2152 3626 2204 τι
3672 2151 3790 2207 ἄλλο

2227 2246 2432 2317 ἐστὶνῆ
2473 2246 2717 2300 σύνθεσιν
2752 2246 2959 2312 εἰπεῖν;
3016 2245 3158 2312 Ὀρθ.
3204 2243 3460 2297 Σύνθεσιν
3491 2245 3555 2297 οὐ
3588 2242 3790 2301 ποιοῦσι

2226 2338 2295 2392 τά
2329 2339 2585 2409 όνόματα’
2620 2338 2738 2391 οὐδὲ
2779 2337 2887 2409 γὰρ
2930 2337 3145 2400 πάντως
3185 2336 3278 2390 ἐπὶ
3319 2335 3498 2406 μελῶν
3527 2336 3784 2405 λέγονται.

2241 2432 2427 2501 Ἀνόμ.
2456 2430 2528 2484 T6
2556 2430 2726 2501 στόμα
2755 2430 2854 2482 οὑκ
2885 2428 3000 2481 έστι
3029 2428 3239 2498 στόμα;
3267 2428 3362 2481 καὶ
3393 2430 3426 2500 η
3455 2427 3668 2500 γαστὴρ
3698 2426 3787 2480 οὐκ

2228 2526 2342 2579 ἔστι
2368 2527 2609 2598 γαστήρ;
2653 2525 2795 2591 Ὀρθ.
2832 2522 2906 2576 υὺ
2951 2521 3060 2576 πᾶν
3105 2521 3281 2592 στόμα
3321 2521 3384 2574 τὸ
3425 2521 3559 2574 αὐτὸ
3604 2520 3786 2592 στόμα,

2227 2616 2346 2669 οὐδὲ
2395 2617 2543 2670 πᾶσα
2583 2614 2793 2686 γαστὴρ
2834 2615 2868 2686 ἡ
2911 2612 3049 2685 αὑτὴ
3094 2612 3326 2683 γαστήρ·
3374 2611 3498 2664 οὑδέ
3539 2611 3649 2683 γάρ
3689 2612 3786 2665 πᾶν

2230 2709 2403 2778 στόμα
2433 2707 2548 2761 ἐστὶ
2584 2705 2760 2777 μέλος,
2807 2703 2927 2758 οὐδὲ
2971 2705 3119 2756 πᾶσα
3159 2702 3371 2772 γαστὴρ
3421 2700 3637 2764 πάντως
3680 2699 3786 2753 ἐστὶ

2232 2800 2409 2871 μέλος.
2458 2801 2646 2868 Ἀνόμ.
2670 2798 2780 2852 Καὶ
2807 2797 2925 2861 πῶς
2950 2796 3173 2850 δύναται
3206 2794 3380 2865 στόμα
3413 2792 3489 2865 μὴ
3513 2789 3652 2846 εἶναι
3677 2791 3786 2845 στό-

2232 2909 2325 2962 μα,
2364 2893 2457 2945 καὶ
2498 2889 2709 2961 γαστὴρ
2760 2888 2833 2961 μὴ
2868 2887 3005 2942 εῖναι
3032 2888 3274 2958 γαστήρ;
3322 2887 3467 2953 Ὀρθ.
3514 2884 3580 2938 Ἦ
3608 2883 3787 2956 Γραφὴ

2231 2983 2497 3055 πολλαχοῦ
2529 2983 2703 3053 στόμα
2739 2981 3006 3052 μαχαίρας
3033 2979 3302 3051 ὠνόμασε·
3330 2980 3426 3031 καὶ
3455 2977 3633 3040 οὐδεὶς
3658 2975 3786 3030 οὕτω

559 3078 747 3134 multis
786 3079 919 3135 locis
943 3095 1006 3136 os
1051 3081 1216 3150 gladii
1248 3083 1569 3147 nominavit,
1618 3098 1718 3138 nec
1749 3083 2017 3152 quispiam
2046 3084 2120 3137 ita

2234 3077 2493 3148 μέμηνεν,
2532 3075 2671 3128 ὥστε
2705 3074 2884 3143 λέγειν
2924 3073 3084 3144 μέλος
3126 3072 3268 3143 ἐχειν
3308 3069 3408 3143 τὴν
3442 3071 3733 3140 μάχαιραν,
3760 3067 3787 3120 6

559 3166 785 3231 insanit,
841 3177 902 3224 ut
946 3170 1095 3225 dicat
1141 3170 1381 3241 gladium
1432 3187 1499 3227 eo
1549 3172 1792 3227 membro
1842 3174 2121 3243 praeditum

558 3274 707 3322 esse,
750 3260 895 3330 quod
945 3276 1008 3317 os
1056 3269 1316 3330 vocatur;
1348 3264 1443 3319 sed
1488 3263 1769 3335 Scriptura
1825 3280 1888 3321 os
1914 3268 2126 3320 vocavit

560 3350 721 3418 illud,
750 3366 863 3423 quo
896 3352 1111 3424 gladius
1158 3354 1396 3410 absumit
1427 3372 1440 3408 :
1483 3364 1538 3411 et
1570 3372 1693 3411 cum
1730 3356 1865 3412 dicit
1918 3373 1985 3413 ex
2017 3372 2125 3428 quo

559 3449 719 3498 utero
758 3446 1044 3514 proveniat
1100 3447 1327 3518 glacies,
1375 3457 1589 3504 uterum
1640 3464 1961 3520 corporeum
2016 3466 2125 3505 non

560 3536 843 3605 requirit:
902 3545 957 3593 et
1008 3553 1134 3594 cum
1183 3539 1377 3596 faciem
1430 3540 1570 3611 ignis
1628 3540 1782 3606 dicit,
1833 3557 1942 3596 non
1992 3541 2127 3596 dicit

556 3625 737 3696 ignem
764 3641 888 3684 esse
933 3630 1171 3684 humana
1218 3631 1389 3686 forma
1440 3631 1747 3701 praeditum,
1775 3632 1936 3702 cujus
1963 3647 2130 3687 mem-

559 3716 719 3771 brum
752 3734 917 3773 unum
964 3720 1037 3773 sit
1088 3720 1275 3789 facies,
1309 3724 1536 3778 alterum
1566 3739 1696 3779 vero
1736 3723 1914 3793 ignis;
1951 3738 2128 3792 neque

561 3806 755 3865 faciem
784 3818 944 3867 terrm
971 3813 1183 3874 dicens.
1204 3822 1404 3869 terram
1427 3816 1557 3870 dicit
1581 3816 1873 3871 humanam
1898 3813 2129 3869 formam

558 3897 784 3954 referre.

629 3991 720 4044 2L
761 3993 955 4047 Anam.
1002 4003 1071 4048 Al
1101 3997 1321 4052 ubinam
1371 3998 1573 4052 dictum
1615 4005 1701 4053 est
1754 4005 1957 4054 terram
2006 3996 2130 4053 esse

559 4080 700 4138 facie
728 4085 1045 4153 praeditam?
1074 4086 1230 4142 Ortlt.
1278 4089 1550 4159 Scriptum
1582 4098 1666 4144 est
1697 4093 1839 4161 apud
1894 4091 2131 4161 prophe-

562 4182 677 4227 tam
708 4194 721 4229 :
759 4194 779 4226 ι
808 4174 911 4242 Qui
940 4177 1099 4248 fugit,
1131 4181 1236 4233 erit
1291 4188 1347 4234 ut
1383 4181 1475 4250 qui
1510 4181 1645 4251 fugit
1675 4197 1706 4235 a
1731 4183 1870 4238 facie
1909 4184 2071 4253 ignis.
2103 4202 2123 4235 ι

563 4264 630 4319 Et
660 4266 714 4320 in
740 4265 937 4323 Genesi
970 4269 1105 4324 Cain
1154 4272 1329 4341 inquit
1358 4290 1371 4326 :
1405 4290 1424 4323 ι
1476 4270 1531 4326 Si
1571 4273 1728 4343 ejicis
1774 4290 1861 4330 me
1899 4275 2063 4331 bodie
2093 4289 2123 4329 a

564 4356 901 4419 facieterrae.
926 4360 1087 4413 etiam
1117 4377 1147 4414 a
1173 4360 1310 4420 facie
1330 4370 1421 4417 tua
1452 4365 1760 4420 abscondar
1784 4366 1847 4419 ".
1883 4384 1902 4418 ι
1931 4366 2122 4422 Anam.

561 4446 670 4501 Sed
702 4461 826 4501 cum
866 4448 935 4504 de
989 4451 1361 4509 animantibus
1408 4454 1514 4509 ista
1565 4456 1784 4509 nomina
1843 4456 2122 4526 dicuntur,
2155 4443 2201 4500 Β

561 4540 801 4595 membra
833 4540 1112 4596 declarant
1144 4560 1157 4596 :
1192 4544 1246 4599 in
1302 4545 1371 4600 iis
1412 4561 1563 4611 vero,
1616 4562 1736 4615 qua:
1764 4563 1960 4604 sensus
1997 4558 2126 4606 sunt

555 4633 822 4701 expertia,
869 4633 1134 4690 abusione
1165 4636 1399 4706 quadam
1439 4646 1795 4708 usurpantur.
1829 4639 1981 4697 Orlh.
2019 4643 2127 4696 An-

560 4741 668 4779 non
712 4726 812 4780 tibi
839 4726 1055 4782 videtur
1077 4729 1255 4785 anima
1283 4745 1406 4786 esse
1434 4731 1676 4785 animal?
1716 4731 1907 4786 Anam.
1957 4732 2121 4789 Sane.

558 4814 692 4870 Nam
743 4824 799 4872 et
855 4819 1081 4888 angelus
1109 4820 1310 4875 animal
1360 4828 1466 4884 est,
1507 4829 1561 4876 et
1613 4835 1804 4877 omnes
1852 4823 2119 4893 spiritus:

558 4916 843 4976 propterea
894 4908 1041 4964 enim
1105 4911 1267 4964 etiam
1307 4926 1498 4967 omnes
1549 4914 1820 4985 seraphim
1869 4916 2126 4971 animalia

555 4996 861 5052 dicuntur:
894 5008 947 5053 et
975 4999 1241 5069 scriptum
1269 5009 1352 5056 est
1388 5019 1401 5055 :
1434 5020 1454 5054 ι
1503 5002 1667 5069 Deus,
1699 5007 1753 5060 in
1782 5007 1960 5063 medio
1988 5007 2123 5063 duo-

558 5102 679 5140 rum
707 5088 1022 5143 animalium
1048 5093 1401 5162 cognosceris
1427 5093 1490 5149 ³⁸.
1523 5114 1541 5145 ι
1566 5093 1721 5151 Orth.
1742 5097 1939 5154 Diccns
1962 5099 2128 5170 igitur

558 5178 704 5233 Deus
731 5197 746 5233 :
780 5200 799 5232 ι
835 5182 1000 5252 Aperi
1032 5198 1097 5238 os
1130 5182 1296 5255 420
1327 5193 1476 5239 tuum
1509 5196 1564 5242 et
1592 5188 1830 5259 implebo
1858 5190 1989 5245 illud
2022 5190 2119 5256 ",t

556 5272 832 5340 quodnam
854 5288 919 5330 os
948 5274 1115 5329 dicit?
1136 5275 1200 5329 Et
1221 5275 1388 5332 David
1412 5279 1548 5348 psal.
1578 5296 1744 5349 cxvni
1768 5297 1780 5333 :
1807 5301 1825 5332 ι
1847 5281 1921 5338 Os
1944 5297 2124 5338 meum

635 5449 677 5480 "
716 5448 913 5506 Cenes.
946 5468 1021 5519 iv,
1055 5454 1140 5508 Η.

633 5630 747 5764 {8H
786 5631 1087 5694 Palatinus,
1114 5636 1247 5688 ἀλλὰ
1273 5637 1363 5690 καὶ
1391 5638 1530 5691 κατά
1554 5639 1661 5692 τόν.

659 5699 748 5763 82)
789 5700 897 5757 Mss
927 5741 941 5764 ,
959 5703 1097 5755 Ἀλλ’
1126 5706 1200 5764 ὡς
1232 5706 1357 5759 ἄλλο
1382 5724 1451 5760 τι.

659 5699 748 5763 82)
789 5700 897 5757 Mss
927 5741 941 5766 ,
959 5703 1097 5755 Ἀλλ’
1126 5706 1200 5769 ὡς
1232 5706 1357 5759 ἄλλο
1382 5724 1451 5760 τι.

2226 3168 2474 3222 καλεῖται
2508 3166 2702 3238 στόμα·
2751 3165 2886 3219 ἀλλὰ
2918 3164 3050 3219 αὐτὸ
3084 3163 3146 3216 τὸ
3183 3162 3518 3217 άναλωτικὺν
3555 3162 3651 3231 τῆς
3695 3177 3789 3230 μα-

2224 3260 2422 3329 χαίρας
2468 3259 2643 3329 στόμα
2691 3256 2960 3327 ὠνόμασε·
3006 3254 3120 3318 καὶ,
3170 3257 3234 3308 ἐκ
3281 3255 3440 3317 ποίας
3478 3253 3534 3307 δέ
3566 3252 3791 3324 γαστρὸς

2225 3350 2583 3423 ἐκπορεύεται
2614 3348 2961 3420 κρύσταλλος,
2995 3348 3242 3410 εἰποῦσα,
3273 3346 3334 3399 οὑ
3360 3346 3679 3416 σωματικὴν
3700 3360 3788 3412 γα-

2229 3442 2395 3513 στέρα
2433 3442 2698 3513 ἐπιζητεῖ’
2731 3441 2824 3495 καὶ
2853 3440 3145 3511 πρόσωπον
3188 3438 3357 3509 πυρὸς
3403 3436 3655 3500 εἰποῦσα,
3700 3435 3791 3486 οὐκ

2226 3532 2619 3603 ἁνθρωποειδές
2647 3532 2794 3599 λέγει
2820 3531 2880 3583 τὸ
2911 3530 3041 3601 πῦρ,
3078 3530 3171 3582 καὶ
3205 3528 3267 3581 τὸ
3296 3528 3395 3598 μὲν
3433 3527 3603 3581 αὑτοῦ
3644 3525 3788 3597 μέλος

2227 3620 2363 3677 εἶναι
2398 3624 2704 3696 πρόσωπον,
2758 3621 2819 3675 τὸ
2865 3621 2921 3674 δὲ
2955 3620 3087 3691 πῦρο
3134 3604 3224 3672 καὶ
3268 3619 3561 3690 πρόσωπον
3592 3620 3694 3688 γῆς
3720 3617 3801 3699 elj

2229 3715 2428 3782 ποῦσα,
2463 3718 2564 3771 οὑκ
2587 3715 2956 3787 ἀνθρωποειδῆ
2987 3715 3135 3785 λέγει
3166 3713 3263 3785 τὴν
3292 3711 3399 3782 γῆν
3478 3763 3490 3774 ,

2300 4000 2392 4055 2i.
2465 4000 2656 4069 Ἇνόμ.
2703 3998 2813 4053 Ποῦ
2876 3998 2984 4070 γὰρ
3030 3998 3248 4072 εἴρηται
3305 3993 3605 4066 πρόσωπον
3659 3993 3793 4063 ἔχειν

2228 4089 2325 4161 τὴν
2346 4091 2478 4162 γῆνς
2520 4091 2663 4158 Ὀρθ.
2693 4106 2713 4140 ι
2744 4088 2934 4141 Ἔσται
2960 4089 2989 4140 6
3021 4087 3258 4157 φεύγων,
3293 4085 3368 4148 ὡς
3396 4085 3425 4137 6
3455 4083 3672 4154 φεύγων
3696 4080 3791 4135 ἀπὸ

2230 4179 2520 4253 προσώπου
2560 4178 2749 4250 πυρὸς,
2781 4197 2800 4229 ι
2848 4176 2999 4249 παρά
3043 4177 3127 4248 τῷ
3173 4176 3422 4249 προφήτῃ
3471 4175 3787 4246 γέγραπται.

2228 4270 2337 4323 Καὶ
2366 4270 2423 4323 ἐν
2448 4272 2516 4341 τῇ
2546 4268 2758 4322 Γενέσει
2786 4268 2815 4319 6
2846 4267 2983 4320 Κάῖν
3031 4266 3203 4336 λέγει·
3259 4284 3278 4317 ι
3323 4265 3386 4317 Ei
3427 4263 3695 4334 ἐκϐάλλῃς
3730 4277 3790 4331 με
3870 4294 3871 4297 η

2232 4362 2468 4433 σήμερον
2500 4360 2608 4413 άπὸ
2636 4357 2925 4430 προσώπου
2961 4356 3061 4426 τῆς
3089 4358 3215 4428 γῆς,
3247 4356 3342 4409 καὶ
3372 4354 3483 4407 ἀπὸ
3512 4352 3608 4406 τοῦ
3638 4366 3793 4421 προσ·

2231 4451 2379 4507 ώπου
2409 4470 2501 4505 σου
2524 4450 2883 4523 κρυϐήσομαι.
2913 4469 2930 4501 ι
2976 4448 3171 4519 Ἂνόμ.
3213 4445 3352 4500 Ἀλλ’
3379 4447 3507 4499 ὅταν
3529 4445 3623 4497 ἐπὶ
3651 4443 3794 4508 ζώων

2231 4544 2452 4612 λέγηται
2479 4541 2649 4597 ταῦτα
2682 4540 2750 4594 τὰ
2770 4539 3027 4611 ὀνόματα,
3057 4540 3195 4610 μέλη
3230 4537 3603 4609 σημαίνουσιν·
3630 4534 3720 4587 ἐπὶ
3742 4531 3791 4584 δέ

2232 4637 2340 4691 τῶν
2369 4635 2710 4707 ἀναισθήτων
2734 4632 2844 4704 (85)
2870 4629 3337 4702 καταχρηστικῶς.
3382 4629 3528 4695 Ὀρθ.
3561 4626 3636 4679 Οὐ
3658 4624 3794 4677 δοκεῖ

2235 4749 2317 4786 σοι
2360 4733 2393 4803 ἡ
2432 4731 2576 4803 ψυχὴ
2609 4728 2746 4794 ζῶον
2785 4722 2956 4792 εἷναι;
2999 4725 3190 4795 Ἀνόμ.
3221 4721 3331 4775 Καὶ
3358 4720 3523 4774 πάνυ.
3557 4720 3668 4772 Καὶ
3693 4715 3791 4786 γὰρ

2232 4823 2327 4877 καὶ
2356 4822 2584 4891 ἄγγελος
2617 4817 2754 4883 ζῶόν
2779 4818 2916 4878 ἐστι,
2947 4815 3041 4869 καὶ
3075 4816 3256 4870 πάντα
3284 4812 3352 4865 τά
3378 4810 3685 4882 πνεύματα⁸
3711 4805 3791 4862 διὰ

2230 4911 2342 4982 γὰρ
2361 4909 2518 4964 τοῦτο
2529 4910 2622 4962 καὶ
2634 4906 2704 4960 τὰ
2719 4906 2961 4977 σεραφὶμ
2976 4902 3091 4968 ζῶα
3116 4903 3380 4971 λέγονται·
3398 4899 3515 4961 καὶ,
3534 4916 3555 4949 ι
3576 4898 3634 4951 'O
3647 4894 3788 4959 Θεὸς,

2230 5005 2288 5057 ἐν
2310 5004 2459 5075 μέσῳ
2476 5001 2567 5054 δύο
2586 4999 2739 5065 ζώων
2757 4998 3063 5071 γνωσθήσῃ,
3090 5016 3108 5048 ι
3134 4994 3460 5064 γέγραπται.
3499 4990 3643 5059 Ὀρθ.
3678 4987 3789 5042 Ἐὰν

2230 5091 2323 5150 οὖν
2349 5095 2484 5168 λέγῃ
2511 5095 2539 5146 6
2552 5092 2701 5155 Θεός·
2714 5110 2733 5142 ι
2747 5089 2989 5155 ’Δνοιξον
3004 5089 3064 5142 τὸ
3080 5087 3253 5158 στόμα
3280 5103 3395 5149 σου,
3413 5085 3510 5139 καὶ
3530 5083 3635 5154 πλη
3643 5080 3787 5153 ρὼσω

2231 5185 2385 5249 αὐτὸ,
2411 5205 2429 5236 ι
2461 5185 2613 5238 ποῖον
2633 5182 2780 5251 λέγει
2811 5180 3014 5251 στόμα;
3047 5178 3173 5233 Ἐάν
3198 5177 3254 5231 δὲ
3275 5177 3304 5229 6
3323 5175 3488 5230 Δασὶδ
3515 5176 3574 5229 ἐν
3598 5171 3672 5244 τῷ
3690 5175 3787 5244 ριη⁹

2230 5279 2449 5351 ψαλμῷο
2488 5296 2507 5329 ι
2532 5277 2606 5330 Τὸ
2632 5275 2807 5345 στόμα
2836 5290 2937 5345 μου
2964 5271 3169 5344 ἧνοιξα,
3196 5270 3421 5325 εἴλκυσα
3444 5267 3688 5337 Πνεῦμα,
3709 5262 3782 5318 ὅτι

1219 5455 1260 5487 ’⁸
1300 5453 1499 5512 Habac.
1538 5473 1622 5524 ιιι,
1668 5457 1724 5514 2.
1801 5460 1845 5491 "
1885 5457 2032 5516 Psal.
2069 5475 2247 5528 mm,
2280 5460 2369 5514 ii.

2301 5639 2410 5709 (83)
2453 5635 2673 5709 Regius,
2694 5634 2864 5690 Palat.
2900 5640 2952 5690 et
2975 5624 3557 5699 Fclckm.,ai60qt&v.
