3982 6398
183 346 315 404 1149

1155 341 1244 397 DE
1285 342 1551 398 SANCTA
1593 343 1964 398 TRINITATE
2002 345 2345 404 DIALOGUS
2381 349 2422 403 Ι.

3272 346 3413 402 “'50

179 464 277 529 τὰς
317 477 540 524 εντολας
575 476 666 513 σου
698 474 1058 530 ῃρετισαμην,
1097 478 1114 510 ι
1151 462 1300 512 ποῖον
1343 459 1489 528 λέγει
1534 461 1735 530 στόμα;

1848 461 2057 529 aperui,
2093 471 2144 518 ct
2179 464 2377 518 attraxi
2425 461 2708 533 Spiritum,
2749 461 3006 532 quoniam
3038 462 3288 516 mandata
3317 470 3411 514 tua

190 555 314 609 Ἐὰν
342 553 399 606 δὲ
429 553 615 625 λέγῃ-ὁ
648 550 783 604 Ἰὼϐ·
823 571 841 602 ι
886 551 1157 621 Ἀληθινὸν
1184 551 1240 603 δὲ
1273 552 1446 622 στόμα
1473 552 1739 622 ἐμπλήσει

177 645 432 712 γέλωτος,
464 663 482 694 ι
520 644 668 695 ποῖον
694 641 841 710 λέγει
874 641 1077 712 στόμα;
1109 641 1250 710 Ποίῳ
1278 641 1335 694 δὲ
1365 642 1590 712 στόματι
1613 641 1740 694 ἐϐόα

177 737 384 806 Μωσῆς
425 734 668 790 ἀκούωνο
713 753 732 786 ι
773 735 836 788 Τί
870 735 996 806 βοᾷς
1037 733 1172 805 πρὸς
1209 733 1308 802 μέ;
1363 752 1382 784 ι
1413 733 1508 796 Τίς
1547 733 1603 785 δὲ
1642 734 1740 784 οὐκ

176 824 336 889 οἶδεν,
371 826 456 877 ὅτι
486 823 581 878 καὶ
606 821 929 876 σιωπώντων
967 822 1151 876 ἀκούει
1181 824 1209 874 ό
1236 823 1387 884 Θεὸς,
1420 823 1740 891 στεναγμοῖς

177 917 465 988 ἀλαλήτοις
514 915 791 986 βοώντων;
836 915 1000 970 Ποίαν
1043 914 1099 967 δὲ
1133 915 1370 984 γαστέρα
1395 915 1424 966 ὁ
1454 913 1738 983 προφήτης

177 1009 344 1076 λέγει’
382 1026 400 1057 ι
449 1007 580 1060 Ἀπὸ
613 1005 706 1060 τοῦ
734 1007 896 1075 φόϐου
934 1024 1047 1068 σου,
1079 1006 1272 1077 Κύριε,
1307 1009 1363 1059 ὲν
1399 1005 1596 1076 γαστρὶ
1619 1004 1739 1057 ἐλά-

177 1098 364 1168 ϐομεν,
395 1097 492 1150 καὶ
517 1097 872 1168 ὼδινήσαμεν,
905 1098 996 1150 καὶ
1029 1098 1286 1166 ἐτέκομεν
1309 1095 1525 1166 πνεῦμα
1565 1112 1738 1166 σωτη-

176 1190 296 1261 ρίας
329 1189 424 1241 ἐπὶ
446 1187 548 1258 τῆς
575 1188 710 1258 ﬂe;
737 1208 756 1240 ι
783 1189 991 1260 ’Ὠσπερ
1016 1184 1107 1241 οὖν
1137 1189 1170 1259 ή
1201 1187 1340 1258 ψυχὴ
1375 1187 1467 1240 καὶ
1495 1187 1738 1257 γαστέρα

175 1283 316 1351 ἔχειν
355 1281 591 1348 λέγεται,
628 1281 722 1333 καὶ
749 1280 942 1350 στόμα,
977 1281 1070 1334 καὶ
1097 1279 1423 1350 ὀφθαλμοὺς,
1468 1279 1560 1332 καὶ
1599 1273 1733 1342 ὦτα,

175 1373 266 1425 καὶ
294 1371 477 1425 πάντα
516 1371 584 1423 τὰ
619 1371 754 1424 ἀλλα
793 1371 926 1441 μέλη
955 1369 1048 1423 τοῦ
1083 1369 1351 1440 σώματος,
1385 1370 1478 1422 καὶ
1507 1369 1568 1422 οὐ
1602 1367 1732 1436 σύγ-

174 1479 351 1518 κειται
381 1464 449 1514 ὲκ
481 1461 676 1531 μελῶν·
708 1460 898 1523 οὕτως,
924 1463 1047 1514 ὅταν
1076 1461 1311 1534 ἀκούσῃς
1343 1461 1434 1513 ἐπὶ
1461 1459 1616 1524 Θεοῦ,
1643 1459 1734 1512 τοῦ

179 1553 396 1622 ἀληθῶς
429 1553 743 1623 ἀσωμάτου,
791 1553 962 1623 στόμα
993 1552 1026 1623 ἢ
1057 1553 1316 1624 γαστέρα,
1366 1552 1439 1622 μὴ
1489 1550 1734 1604 σύνθεσιν

175 1645 304 1705 νόει,
340 1643 477 1696 ἀλλά
507 1643 745 1714 γαστέρα
777 1643 837 1696 τὸ
866 1644 1198 1713 γεννητικὸν,
1226 1643 1396 1712 στόμα
1419 1642 1478 1694 τὸ
1503 1641 1736 1694 διδακτι-

172 1734 287 1797 κὸν,
310 1732 624 1802 ὀφθαλμοὺς
651 1732 710 1785 τὸ
735 1732 1142 1802 κατανοητικὸν,
1167 1727 1281 1787 ὦτα
1309 1731 1368 1784 τὸ
1394 1732 1729 1786 ἁκουστικόν.

172 1824 279 1878 Καὶ
310 1823 402 1878 διὰ
431 1823 590 1881 τοῦτο
615 1825 680 1876 ὲκ
705 1823 939 1894 γαστρὸς
968 1823 1177 1894 εἴρηται
1205 1825 1233 1876 ό
1267 1824 1414 1886 Υἱὸς,
1445 1823 1628 1893 ἐπειδὴ
1651 1839 1736 1891 γε·
1766 1803 1808 1858 Β

170 1911 442 1984 γέννηταιο
469 1913 564 1965 καὶ
585 1911 671 1965 διά
698 1911 853 1964 τοῦτο
874 1912 1098 1982 Πνεῦμα
1119 1912 1379 1981 στόματος
1405 1913 1464 1965 τὸ
1490 1911 1731 1982 Πνεῦμα,

168 2003 354 2073 ἐπειδὴ
393 2002 720 2057 διδακτικόν.
753 2004 861 2058 Καὶ
889 2003 1076 2074 ῶσπερ
1105 2003 1163 2056 οὐ
1195 2003 1372 2071 λέγεις
1397 2001 1651 2074 γεννητὸν
1673 2002 1733 2054 τὸ

167 2093 410 2164 Πνεῦμα,
444 2093 534 2147 ἵνα
559 2093 633 2165 μὴ
655 2094 747 2148 δύο
772 2095 920 2158 υἱοὺς
948 2093 1106 2164 εἴπῃς
1124 2111 1135 2122 ·
1167 2092 1336 2156 οὕτως
1353 2092 1426 2164 μὴ
1453 2093 1574 2160 λέγε
1604 2091 1734 2145 αὐτὸ

166 2183 414 2256 γενητὸν,
465 2184 552 2236 ἵνα
595 2185 669 2255 μὴ
695 2184 767 2254 ίέν
799 2185 908 2238 τῶν
935 2183 1174 2254 γενητῶν
1205 2182 1394 2254 εἴπῃς,
1436 2183 1529 2236 καὶ
1568 2183 1733 2250 ἀναγ-

165 2275 372 2346 κασθῇς
399 2275 494 2329 καὶ
519 2275 702 2328 δοῦλον
729 2277 900 2329 εἰπεῖν
924 2276 1010 2330 διὰ
1033 2275 1122 2328 τὸν
1149 2275 1401 2346 εἰρηκότα
1421 2275 1733 2346 Προφήτην,

162 2367 242 2425 ὅτι
272 2385 290 2416 ι
323 2367 406 2419 Td
439 2366 728 2437 σύμπαντα
759 2366 919 2420 δοῦλα
951 2367 1037 2423 σά.
1079 2385 1097 2419 ι

227 2655 321 2710 22.
368 2655 563 2725 Ἇνόμ.
596 2649 762 2708 Εἶπον
791 2654 884 2708 καὶ
933 2654 990 2706 ἐν
1041 2652 1178 2724 ἀρχῇ
1221 2650 1314 2704 τοῦ
1364 2651 1545 2719 λόγου,
1599 2652 1730 2721 παρ’

159 2745 340 2812 ὀλίγον
374 2761 443 2814 με
475 2743 680 2807 πείθεις
711 2743 1102 2814 ὁμοουσιαστὴν
1137 2741 1408 2808 γενέσθαι.
1454 2742 1596 2808 Ὀρθ.
1630 2741 1726 2792 Γέ·

157 2839 302 2892 νοιτό
363 2855 425 2894 σε
474 2839 672 2902 εἰπεῖν,
711 2837 1032 2908 Χριστιανὸν
1091 2835 1368 2902 γενέσθαιῑ
1439 2833 1729 2904 Γενόμενος

159 2931 266 3002 γάρ
296 2928 411 3000 (84)
462 2929 806 3000 Χριστιανὸς,
859 2928 1158 3001 ὲπιγνώσῃ,
1207 2929 1288 2981 ὃτι
1336 2925 1614 2995 όμοούσιον
1649 2923 1729 2976 δεῖ

158 3019 339 3086 λέγειν
369 3018 483 3071 ἀπὸ
512 3018 619 3070 τῶν
651 3017 808 3071 θείων
851 3017 1078 3087 Γραφῶν
1119 3015 1401 3086 διδαχθείς.
1449 3015 1589 3066 Ὅσα
1620 3013 1728 3084 γάρ

1843 554 2073 623 elegi",
2108 557 2417 626 iquodnam
2439 570 2503 610 os
2533 555 2710 609 dicit?
2739 554 2804 608 Et
2830 553 2932 608 Job
2956 555 3208 623 inquiens
3239 570 3252 605 :
3283 571 3303 604 ‹
3335 552 3412 608 08

1842 663 2004 702 verax
2036 649 2279 719 implebit
2313 650 2458 704 risus
2478 649 2543 713 ",
2583 668 2602 701 ι
2625 649 2902 718 quodnam
2934 664 2997 703 os
3029 647 3239 718 inquit?
3264 647 3413 712 Quo-

1839 752 1966 792 nam
2026 748 2206 793 autem
2256 755 2351 794 ore
2405 741 2677 794 clamabat
2730 739 2928 802 Moses,
2977 755 3100 792 cum
3147 737 3408 792 audiret:

1845 846 1864 878 ι
1897 827 2008 881 Cur
2050 829 2256 884 clamas
2291 829 2358 883 ad
2392 844 2478 883 me
2522 828 2604 882 "‘2
2649 850 2668 879 υ
2711 828 2844 894 Quis
2876 843 3006 882 vero
3055 829 3268 897 ignorat
3327 831 3413 878 ta-

1839 929 2026 974 centes
2063 936 2281 990 quoque
2320 935 2350 974 a
2390 920 2502 976 Deo
2530 920 2776 975 exaudiri
2807 921 3098 991 gemitibus
3129 919 3413 973 inenarra-

1838 1011 2039 1068 bilibus
2093 1013 2431 1067 clamantes?
2469 1013 2640 1079 Quem
2685 1022 2866 1069 autem
2918 1020 3135 1068 uterum
3162 1011 3414 1082 intelligit

1838 1105 2136 1172 propheta,
2186 1095 2434 1160 scribens
2471 1121 2484 1156 :
2523 1121 2542 1156 ι
2577 1105 2622 1158 Α
2661 1105 2856 1159 timore
2908 1105 3017 1169 tui,
3068 1104 3312 1166 Domine,
3355 1103 3414 1158 in

1839 1202 1996 1249 utero
2039 1196 2390 1264 concepimus
2440 1204 2493 1250 et
2534 1196 2949 1266 parturivimus,
2998 1203 3052 1248 et
3098 1192 3413 1262 peperimus

1839 1288 2090 1358 spiritum
2141 1288 2334 1343 salutis
2367 1289 2422 1343 in
2461 1299 2602 1343 terra
2635 1289 2718 1342 '3?
2750 1308 2767 1340 ι
2814 1286 3275 1354 Quemadmodum
3309 1286 3412 1357 igi-

1839 1385 1928 1432 tur
1958 1379 2140 1433 anima
2167 1379 2372 1434 dicitur
2404 1387 2618 1434 uterum
2659 1379 2880 1443 habere,
2913 1387 2968 1433 et
2997 1393 3080 1441 os,
3105 1385 3160 1432 et
3193 1377 3411 1442 oculos,

1836 1478 1890 1523 et
1949 1485 2129 1533 aures,
2159 1479 2213 1525 et
2259 1479 2456 1525 caetera
2508 1471 2691 1524 omnia
2726 1471 2976 1540 corporis
3006 1469 3278 1534 membra,
3311 1483 3415 1524 nec

1837 1568 2024 1615 tamen
2052 1577 2120 1615 ex
2152 1562 2414 1616 membris
2451 1562 2754 1631 composita
2794 1567 2878 1616 est
2915 1579 2928 1614 :
2965 1560 3038 1613 ita
3066 1575 3189 1613 cum
3213 1560 3277 1613 de
3305 1558 3415 1613 Deo

1837 1668 1966 1707 vere
1996 1653 2322 1721 incorporeo
2351 1653 2542 1708 audies
2585 1668 2667 1717 os,
2715 1652 2798 1706 vel
2829 1659 3067 1712 uterum,
3099 1649 3234 1702 nihil
3266 1664 3416 1703 com-

1836 1744 2076 1814 positum
2107 1743 2376 1814 intellige;
2412 1744 2506 1799 sed
2531 1744 2670 1798 uteri
2701 1743 2943 1806 nomine,
2978 1739 3233 1811 gignendi
3261 1739 3369 1792 vim
3395 1756 3410 1794 :

1840 1835 1976 1901 oris,
2031 1833 2262 1889 docendi
2307 1835 2416 1888 vim
2465 1854 2477 1890 :
2531 1836 2838 1898 oculorum,
2872 1832 3207 1902 intelligendi
3259 1830 3410 1884 vim:

1841 1927 2076 1990 aurium,
2108 1925 2434 1980 exaudiendi
2489 1925 2621 1980 vim.
2671 1925 2882 1979 Idcirco
2911 1925 3078 1997 igitur
3121 1923 3301 1978 dictus
3329 1931 3416 1976 est

1819 2015 2010 2072 .Filius
2040 2031 2106 2071 ex
2135 2026 2313 2079 utero.
2337 2015 2482 2087 quod
2516 2017 2586 2071 sit
2613 2017 2829 2087 genitus
2859 2032 2872 2068 :
2897 2025 2950 2071 et
2976 2025 3262 2086 propterea
3291 2014 3416 2084 Spi-

1839 2109 1978 2163 ritus
2025 2116 2110 2162 est
2142 2108 2255 2164 oris
2287 2107 2546 2178 Spiritus,
2575 2109 2830 2178 quoniam
2870 2108 2918 2164 is
2966 2117 3050 2162 est
3106 2107 3200 2177 qui
3233 2107 3412 2162 docet.

1837 2200 1904 2254 Et
1934 2201 2077 2256 sicut
2099 2215 2207 2256 non
2236 2201 2376 2257 dicis
2430 2199 2692 2270 Spiritum
2724 2215 2846 2257 esse
2875 2200 3138 2269 genitum,
3175 2213 3245 2253 ne
3275 2196 3416 2253 duos

1837 2292 1980 2348 lilios
1999 2292 2151 2348 dicas
2193 2311 2207 2345 :
2241 2293 2316 2346 ita
2343 2308 2411 2347 ne
2444 2293 2609 2347 dicito
2644 2293 2821 2362 ipsum
2843 2305 2964 2346 esse
2999 2289 3226 2356 factum,
3259 2297 3320 2342 ut
3346 2304 3417 2342 ne

1838 2381 1988 2436 illum
2026 2398 2201 2437 unum
2242 2398 2430 2438 eorum
2479 2399 2600 2453 qua:
2657 2382 2796 2442 facta
2831 2388 2960 2437 sunt
2994 2381 3169 2446 dicas,
3193 2395 3256 2436 ac
3286 2395 3417 2449 pro-

1836 2475 1962 2530 inde
2015 2491 2139 2529 eum
2191 2475 2374 2530 dicere
2428 2475 2591 2530 etiam
2640 2490 2856 2530 servum
2911 2473 3146 2544 cogaris,
3194 2479 3417 2542 propter

1834 2565 2185 2635 Prophetam,
2219 2566 2313 2636 qui
2360 2565 2496 2620 dixit
2530 2586 2542 2620 :
2583 2585 2602 2618 ι
2641 2565 2836 2620 Omnia
2868 2563 2965 2618 tibi
3000 2563 3249 2618 serviunt
3279 2564 3350 2616 ’⁸.
3390 2582 3412 2615 ι

1903 2656 1992 2711 22.
2028 2656 2220 2712 Anam.
2252 2658 2407 2722 Quod
2464 2657 2621 2711 initio
2663 2656 2802 2720 dixi,
2834 2671 3027 2726 parum
3091 2656 3246 2710 abest
3283 2654 3412 2724 quin

1832 2749 1966 2805 mihi
2019 2749 2377 2825 persuadeas,
2437 2756 2522 2817 ut,
2553 2749 2674 2802 (iam
2735 2749 3156 2812 bomousiastes,
3216 2747 3272 2802 id
3330 2762 3414 2803 est

1840 2861 1859 2892 ι
1904 2840 2464 2897 consubstantialista.
2497 2858 2516 2892 ι
2560 2839 2710 2895 Orth.
2767 2839 2986 2894 Utinam
3048 2839 3256 2895 dixeris
3286 2837 3326 2906 ,’
3354 2847 3414 2894 ut

1846 2931 2193 2987 Christianus
2225 2931 2384 2984 liam!
2416 2929 2613 2985 Factus
2641 2931 2784 2984 enim
2819 2928 3189 2993 Christianus,
3213 2927 3412 2984 didice-

1835 3024 1912 3080 ris
1946 3031 2200 3092 aportere
2240 3022 2761 3077 consubstantialem
2793 3020 2988 3075 Filium
3027 3021 3234 3085 dicere,
3276 3036 3306 3074 a
3335 3021 3412 3074 di-

158 3113 267 3168 ῐδιά
311 3115 421 3166 εἱσι
462 3111 622 3173 Θεοῦ,
654 3111 825 3164 ταῦτα
858 3111 1010 3164 κοινὰ
1045 3111 1276 3180 Πατρὸς,
1316 3110 1410 3161 καὶ¹
1450 3107 1599 3171 Υἱοῦ,
1635 3107 1728 3159 καὶ

1839 3115 1982 3169 vinis
2014 3114 2313 3183 Scripturis
2342 3113 2588 3168 edoctus.
2619 3113 2967 3183 Quaecunque
2989 3112 3135 3167 enim
3167 3119 3295 3166 sunt
3317 3111 3410 3167 Dei

160 3206 315 3274 ἁγίου
351 3203 689 3274 Πνεῦματος.
732 3204 917 3272 Ἀνύμ.
948 3202 1070 3265 Πῶς
1090 3202 1303 3272 εἴρηται
1323 3199 1471 3271 παρὰ
1499 3198 1576 3269 τῷ
1598 3197 1733 3268 ἁγίῳ

1840 3204 2082 3275 propria,
2122 3219 2183 3258 ea
2217 3210 2345 3259 sunt
2370 3205 2678 3258 communia
2711 3203 2874 3270 Patri,
2902 3203 3060 3267 Filio,
3095 3211 3152 3257 et
3185 3203 3411 3274 Spiritui

171 3294 503 3364 Ἀποστόλῳ,
521 3295 603 3346 ὅτι
624 3292 767 3362 μόνῳ
787 3291 902 3361 Θεῴ
917 3290 1170 3344 ἀδύνατόν
1190 3291 1304 3341 ὲστι
1325 3287 1385 3340 τὸ
1401 3285 1698 3356 ψεύσασθαι
1715 3301 1730 3350 ;

169 3388 314 3452 Ὀρθ.
339 3384 516 3437 Τοῦτο
542 3384 598 3436 δὲ
615 3384 706 3435 ἐπὶ
734 3383 962 3452 Πατρὸς,
992 3382 1084 3434 καὶ
1101 3381 1254 3442 Υἱοῦ,
1281 3381 1374 3432 καὶ
1402 3378 1556 3446 ἁγίου
1573 3376 1736 3430 Πνεῦ-

161 3494 328 3547 ματος
341 3474 688 3545 λεχθήσεται.
711 3475 774 3524 '0
789 3473 896 3544 γάρ
917 3475 1063 3525 ἐστιν
1085 3473 1211 3524 ἴδιον
1227 3471 1323 3540 τῆς
1337 3469 1566 3538 φύσεως,
1578 3468 1734 3521 τοῦτο

159 3566 336 3619 κοινὸν
371 3563 482 3616 τῶν
513 3563 882 3616 ὑποστάσεων.
933 3563 1120 3630 Ἄνόμ.
1169 3561 1396 3614 Δύναται
1438 3561 1494 3613 δὲ
1529 3559 1733 3629 ψεύσα-

161 3655 385 3708 σθαιτὰ
422 3652 698 3723 σεραιρίμς
745 3653 888 3718 Ὀρθ.
942 3651 1004 3704 Εἰ
1045 3651 1120 3722 μὴ
1160 3651 1382 3704 δύναται
1407 3649 1729 3719 ψεύσασθαι,

157 3747 345 3800 οὐκέτι
381 3744 543 3815 μόνος
561 3745 590 3796 ὁ
611 3743 743 3806 Θεὸς
765 3743 997 3812 ἀψευδής
1025 3744 1189 3794 ἐστιν.
1210 3744 1394 3811 Ἁνόμ.
1416 3743 1529 3794 Οὐκ
1555 3736 1729 3804 εἶπεν,

156 3841 237 3892 ὅτι
266 3839 419 3908 μόνῳ
449 3834 569 3905 Θεῷ
602 3834 857 3887 ἀδύνατον
893 3833 954 3885 τὸ
989 3833 1307 3902 ψεύσασθαι,
1339 3833 1452 3887 ἀλλ’
1485 3834 1566 3886 ὅτι
1603 3834 1731 3886 ἀδύ-

156 3947 315 3984 νατον
377 3926 499 3997 Θεῷ
545 3925 888 3995 ψεύσασθαι..
941 3926 1088 3992 Ὀρθ.
1152 3927 1266 3979 Πᾶν
1325 3925 1353 3978 ὅ
1407 3943 1460 3978 τι
1510 3925 1734 3995 γενητόν

156 4019 303 4069 ἐστιν
343 4015 482 4085 (85).
518 4014 737 4066 δύναται
779 4013 1107 4082 ψεύσασθαι·
1150 4014 1244 4066 καὶ
1272 4013 1360 4066 διὰ
1393 4013 1548 4066 τοῦτο
1587 4015 1678 4066 καὶ
1706 4016 1735 4067 ὁ

155 4109 426 4170 διάϐολος,
463 4108 522 4159 ὲν
551 4106 702 4176 μέσῳ
729 4106 839 4158 τῶν
861 4106 1124 4177 χερουϐὶμ
1154 4105 1250 4170 ῶν,
1279 4107 1508 4176 ἐδυνήθη
1533 4106 1734 4176 ψεύσα-

158 4199 302 4252 σθαι.
329 4198 444 4250 Καὶ
465 4195 624 4249 τοῦτό
649 4197 764 4248 ἐστι
790 4195 899 4248 τῶν
926 4195 1158 4264 λογικῶν
1181 4196 1461 4266 δυνάμεων
1485 4199 1516 4268 ή
1537 4196 1731 4269 τροπὴν

155 4291 214 4342 τὸ
243 4287 578 4359 ψεύσασθαι.
627 4287 758 4351 Θεὸς
789 4287 866 4351 δὲ,
915 4287 1178 4357 ἄτρεπτος
1218 4286 1314 4352 ὢν,
1362 4288 1455 4341 καὶ
1503 4288 1735 4358 ἀψευδής

156 4384 295 4436 ἐστι’
345 4382 442 4434 καὶ
479 4379 670 4450 ὥσπερ
719 4378 875 4448 μόνος
929 4379 1194 4449 ἀτρεπτός
1245 4381 1383 4442 ἐστι,
1433 4379 1528 4432 καὶ
1578 4378 1755 4448 μόνος¹

156 4475 452 4536 ἀθάνατος,
499 4472 592 4527 καὶ
635 4470 792 4541 μόνος
829 4469 1078 4539 ἀόρατος,
1120 4473 1214 4523 καὶ
1248 4471 1406 4542 μόνος
1439 4469 1730 4540 ἄφθαρτος,

153 4565 331 4628 οὕτως
362 4563 461 4617 καὶ
494 4561 652 4632 μόνος
681 4559 916 4629 ἀψευδής
937 4577 948 4588 ο
980 4558 1136 4612 τοῦτο
1170 4559 1226 4611 δὲ
1261 4559 1435 4613 κοινόν
1467 4561 1581 4612 ἐστι
1621 4559 1734 4612 Πα-

153 4657 306 4737 τρὸς.
345 4655 440 4709 καὶ
474 4651 626 4714 Υίοῦ,
663 4652 756 4704 καὶ
788 4651 946 4718 ἁγίου
990 4651 1322 4721 Πνεύματος.
1383 4652 1566 4719 Ἇνόμ.
1613 4651 1736 4715 Πῶς

151 4745 247 4803 οὖν
274 4746 498 4816 εἴρηται
531 4741 660 4811 περὶ
686 4738 778 4792 τοῦ
823 4738 1155 4810 Πνεύματος,
1196 4741 1276 4793 ὃτι
1305 4740 1364 4792 οὐ
1393 4739 1614 4810 λαλήσει
1643 4741 1735 4808 ἀφ’

151 4837 378 4899 ἑαυτοῦ,
417 4833 532 4886 ἀλλ’
567 4834 668 4885 ὅσα
699 4830 938 4894 ἀκούσει,
969 4830 1209 4902 λαλήσει,
1250 4831 1406 4901 εἴπερ
1436 4831 1534 4900 τῆς
1567 4830 1737 4898 αὐτῆς

152 4933 270 4984 ἐστι
304 4927 566 4997 φύσεως;
609 4924 755 4990 Ὀρθ.
800 4923 969 4976 Τοῦτο
999 4922 1106 4993 γάρ
1133 4923 1298 4988 ἐστιν,
1322 4921 1350 4974 ὃ
1375 4923 1607 4975 δείκνυσι
1640 4924 1732 4975 καὶ

152 5024 288 5078 αὐτὸ
318 5019 554 5091 ἀψευδὲς
588 5011 748 5080 εἶναι,
767 5017 860 5069 καὶ
891 5017 989 5085 τῆς
1015 5016 1184 5086 αὐτῆς
1209 5016 1420 5084 φύσεως
1445 5016 1522 5068 δν.
1542 5016 1728 5084 Ἀνόμ.

155 5115 315 5179 Πῶς;
365 5112 513 5180 Ὀρθ.
553 5109 675 5162 Ὀτι
715 5110 821 5162 πᾶν
843 5107 904 5160 τὸ
923 5107 1164 5178 γενητὸν,
1193 5107 1288 5159 ὲάν
1379 5106 1614 5174 λογικὸν,
1645 5108 1732 5160 ὅτε

156 5209 306 5262 θέλει
356 5205 496 5276 (86),
550 5203 646 5255 καὶ
678 5202 770 5271 ἀφ’
801 5199 994 5254 ἑαυτοῦ
1030 5199 1198 5263 λαλεῖ,
1242 5199 1430 5269 ἐπειδὴ
1477 5200 1570 5252 καὶ
1608 5199 1735 5252 ἴδιον

152 5302 270 5372 ἔχει
295 5299 535 5369 θέλημα,
564 5294 595 5347 ὃ
621 5293 996 5363 κατασιγάζει,
1033 5292 1118 5346 ἵνα
1146 5292 1206 5345 τὸ
1237 5290 1332 5345 τοῦ
1364 5291 1498 5344 Θεοῦ
1529 5290 1737 5364 θέλημα

253 5457 299 5487 ’⁸
339 5453 487 5510 Psal.
525 5464 732 5513 cxvm,
765 5449 884 5503 131.
991 5446 1034 5479 ²¹
1071 5444 1172 5501 Job
1210 5461 1343 5512 vm,
1373 5447 1462 5500 Ἡ.

149 5527 204 5560 ³⁵
244 5525 411 5581 llebr.
451 5538 540 5589 Vl,
577 5521 666 5575 18.
743 5521 786 5550 ⁸⁸
821 5519 976 5573 Joan.
1015 5533 1136 5584 1m,
1172 5517 1256 5570 l3.

233 5641 338 5703 (ει)
381 5641 458 5692 lla
497 5652 636 5692 mss.
671 5635 812 5688 Editi
851 5650 1002 5698 vero,
1047 5632 1338 5703 γενόμενος
1365 5629 1424 5683 οὐ
1451 5628 1584 5700 γάρ.
1611 5627 1731 5690 Mox

152 5711 285 5766 edit.
315 5710 533 5778 Steph,
557 5705 888 5778 ἐπιγνώσκηῖ

232 5781 339 5850 (85)
384 5767 562 5834 P'alat.
607 5767 672 5832 et'
700 5767 984 5846 lteg.;'ﬂ§v
1019 5772 1147 5827 εἴτι
1177 5788 1402 5845 γενητὸν
1435 5789 1570 5826 εστι.
1603 5767 1728 5826 Mox

1567 5449 1613 5478 "
1651 5445 1821 5501 Exod.
1860 5462 1972 5508 xiv,
2009 5447 2096 5501 15.

1836 3304 2047 3350 sancto.
2102 3294 2295 3349 Anam.
2325 3293 2612 3359 Quomodo
2641 3295 2779 3349 dixit
2809 3301 3032 3348 sanctus
3060 3294 3358 3364 Apostolus
3390 3310 3404 3345 :

1837 3406 1856 3438 ι
1897 3387 2006 3442 Deo
2031 3388 2130 3442 soli
2156 3387 2490 3456 impossibile
2519 3397 2601 3442 est
2631 3387 2848 3442 mentiri
2871 3389 2915 3419 "
2939 3388 2963 3440 ἲ
2994 3406 3011 3437 ι
3035 3385 3187 3441 Orth.
3213 3385 3328 3439 Hoc
3351 3393 3407 3440 et

1833 3477 1902 3531 de
1937 3476 2116 3539 Patre.
2151 3484 2205 3530 et
2239 3475 2398 3538 Filio,
2427 3484 2480 3529 et
2517 3475 2721 3545 Spiritu
2750 3483 2942 3529 sancto
2973 3476 3222 3530 dicetur:
3255 3475 3402 3545 quod

1831 3569 1976 3621 enim
2003 3575 2212 3621 natura:
2239 3567 2552 3636 proprium,
2581 3581 2867 3620 commune
2891 3574 2974 3622 est
3000 3567 3409 3636 hyposlasibus.

1832 3658 2021 3712 Anam.
2064 3658 2145 3710 An
2196 3664 2426 3727 possunt
2471 3657 2688 3710 mentiri
2741 3657 3056 3725 seraphim?
3094 3655 3249 3709 Orth.
3293 3653 3410 3710 Nisi

1832 3749 2044 3819 possint
2075 3747 2310 3811 mentiri,
2364 3763 2472 3801 non
2521 3748 2634 3816 jam
2685 3755 2768 3801 est
2822 3748 2972 3802 solus
3015 3745 3156 3800 Deus
3209 3746 3278 3810 is,
3314 3746 3409 3814 qui

1831 3841 2049 3894 mentiri
2071 3856 2175 3893 non
2193 3839 2385 3909 possit.
2401 3839 2592 3892 Anam.
2613 3837 2728 3892 Non
2747 3839 2885 3891 dixit
2903 3837 3196 3907 Apostolus
3229 3837 3408 3891 solum

1834 3931 2002 3988 Deum
2029 3949 2136 3986 non
2165 3947 2325 4002 posse
2352 3931 2591 3993 mentiri,
2621 3931 2714 3986 sed
2747 3930 3084 4000 impossibile
3126 3929 3235 3984 Deo
3271 3944 3398 3984 esse

1834 4025 2070 4079 mentiri.
2100 4024 2254 4079 Ortli.
2280 4023 2550 4093 Quidquid
2585 4023 2787 4076 factum
2805 4032 2909 4086 est,
2935 4022 3152 4076 mentiri
3175 4029 3390 4092 potest:

1836 4115 2065 4185 ideoque
2100 4115 2262 4169 etiam
2293 4115 2565 4178 diabolus,
2597 4128 2720 4168 cum
2747 4121 2893 4169 esset
2923 4113 2979 4166 in
3009 4112 3187 4166 medio
3211 4111 3410 4166 cheru-

1835 4205 1966 4271 bim,
1994 4205 2172 4274 potuit
2201 4203 2441 4258 mentiri.
2478 4203 2542 4256 Et
2563 4204 2667 4258 hac
2695 4204 2872 4272 ipsum
2900 4201 3139 4267 mentiri,
3171 4207 3258 4256 est
3289 4215 3412 4253 mu--

1835 4297 1970 4350 tatio
2021 4296 2135 4360 illa,
2189 4295 2278 4350 cui
2337 4295 2569 4351 virtutes
2604 4295 2900 4348 rationales
2951 4299 3080 4348 sunt
3135 4290 3407 4345 obnoxire.

1835 4387 1978 4443 Deus
2027 4394 2230 4450 autem,
2280 4401 2404 4442 cum
2440 4387 2511 4441 sit
2543 4385 2934 4449 immutabilis,
2982 4383 3203 4438 mentiri
3235 4383 3413 4437 nulla-

1840 4485 1998 4530 tenus
2051 4483 2231 4545 potest
2266 4491 2281 4529 :
2317 4489 2381 4530 ac
2432 4475 2578 4530 sicut
2626 4476 2777 4531 solus
2828 4482 2912 4530 est
2952 4473 3327 4538 immutabilis,
3359 4478 3412 4526 et

1841 4565 1994 4619 solus
2024 4565 2369 4626 immortalis,
2405 4574 2458 4620 et
2495 4564 2647 4619 solus
2695 4564 3010 4626 invisibilis,
3045 4569 3099 4617 et
3148 4561 3299 4616 solus
3329 4560 3412 4613 in-

1841 4655 2239 4726 corruptibilis,
2277 4656 2351 4709 ita
2390 4657 2552 4710 etiam
2589 4657 2740 4710 solus
2792 4655 3009 4709 mentiri
3045 4669 3152 4706 non
3209 4657 3408 4721 potest,

1843 4757 1894 4803 el
1931 4749 2034 4802 hoc
2067 4763 2355 4803 commune
2389 4755 2472 4803 est
2510 4746 2701 4810 Patri,
2743 4744 2904 4809 Filio,
2939 4754 2991 4799 et
3026 4743 3249 4812 Spiritui
3285 4756 3411 4796 san-

1843 4849 1951 4895 cto.
1984 4840 2172 4893 Anam.
2202 4838 2483 4904 Quomodo
2507 4852 2638 4907 ergo
2654 4837 2721 4891 de
2753 4836 2960 4906 Spiritu
3012 4834 3234 4896 dicitur,
3263 4833 3408 4902 quod

1849 4947 1868 4980 ι
1908 4943 2018 4984 non
2067 4929 2323 4997 loquetur
2361 4942 2427 4981 ex
2461 4925 2778 4994 semetipso,
2813 4923 2909 4979 sed
2941 4935 3279 4992 quaecunque
3322 4934 3412 4972 au-

1851 5020 1982 5084 diet,
2023 5021 2275 5090 loquetur
2295 5019 2341 5050 "
2366 5036 2380 5071 :
2420 5037 2439 5070 ι
2479 5017 2746 5088 siquidem
2778 5016 3020 5084 ejusdem
3046 5020 3130 5068 est
3155 5019 3362 5065 natura:
3386 5011 3412 5064 2

1843 5110 1993 5165 Orth.
2021 5111 2133 5166 lmo
2163 5111 2268 5166 hoc
2299 5112 2475 5180 ipsum
2496 5109 2736 5166 ostendit
2765 5123 2890 5163 eum
2945 5120 3162 5176 quoque
3191 5103 3411 5157 mentiri

1842 5218 1951 5256 non
1996 5218 2178 5272 posse,
2213 5211 2267 5256 et
2299 5202 2544 5272 ejusdem
2594 5216 2716 5257 esse
2761 5208 2991 5253 naturae.
3042 5194 3229 5246 Anam.
3266 5191 3416 5256 Quo-

1844 5293 2041 5348 modo?
2079 5294 2233 5348 Orth.
2264 5294 2535 5358 Quoniam
2566 5291 2830 5363 quidquid
2863 5289 3067 5344 factum
3099 5292 3204 5347 est,
3240 5283 3416 5352 siqui-
3458 5312 3474 5345 ,ι

2199 5447 2244 5478 ’³
2283 5444 2387 5501 lsa.
2427 5461 2589 5512 xxvi,
2626 5446 2710 5499 18.
2819 5445 2864 5477 ’δ
2905 5440 3046 5496 Psal.
3085 5451 3252 5492 cxvm
3277 5475 3292 5500 ,
3329 5435 3412 5493 91.

1841 5628 2008 5690 idem,
2050 5629 2331 5751 χερουϐίμ.

1917 5701 2027 5751 (8m
2070 5704 2191 5751 ’Ὀτι
2219 5700 2277 5751 θέ
2301 5717 2331 5751 ,ε

1917 5701 2027 5775 (86)
2052 5700 2191 5754 ’Ὅτι
2219 5700 2380 5766 θέλει,
2407 5701 2543 5769 Reg.
