3982 6398
613 335 744 388 1151

1681 339 1740 399 S.
1771 341 2232 404 AT'IIANASIUS.
2273 381 2341 390 —
2377 349 2645 407 SPURIA.

3729 363 3848 415 “52

611 445 734 500 dem
769 447 840 502 sit
874 449 1099 504 rationis
1135 450 1428 523 particeps,
1483 456 1573 510 ubi
1623 459 1758 522 vult,
1801 459 1964 516 etiam
1997 477 2063 517 ex
2109 477 2168 518 se

2280 465 2413 539 εἴπῃ.
2439 467 2511 520 Τὸ
2535 467 2591 520 δὲ
2617 467 2840 540 Πνεῦμα
2859 470 2956 542 οὐχ
2983 470 3176 540 οὕτως,
3200 473 3313 527 ἀλλ’
3335 473 3413 538 ὡς
3437 472 3679 544 Πνεῦμα
3703 475 3843 541 Θεοῦ,

614 537 872 606 loquitur,
909 542 1345 611 quandoquidem
1389 546 1554 601 etiam
1593 563 1692 603 sua
1720 553 1939 621 propria
1975 553 2170 622 praedi-

613 633 728 680 tum
769 637 852 683 est
892 630 1188 696 voluntate,
1242 635 1327 688 cui
1376 637 1649 692 silentium
1689 640 1935 710 imponit,
1979 650 2038 696 ut
2077 642 2169 698 Dei

613 715 945 772 voluntatem
995 719 1160 777 dicat.
1207 724 1275 778 At
1315 723 1548 795 Spiritus
1597 745 1705 784 non
1738 731 1810 785 ita
1839 740 1944 797 est,
1990 735 2084 789 sed
2114 743 2172 789 ut

614 804 705 860 Dei
730 807 965 876 Spiritus
993 814 1232 868 eamdem
1265 831 1426 885 quam
1463 817 1604 875 Deus
1640 820 1800 877 habet
1835 823 1950 892 ipse
1979 825 2172 880 volun-

612 905 817 954 tatem:
853 910 907 956 et
946 903 1050 958 hoc
1093 914 1198 971 est,
1241 926 1260 958 ι
1298 907 1415 963 Νοη
1442 911 1696 981 loquetur
1735 928 1766 966 a
1799 917 2111 986 semetipso.
2148 937 2168 970 ι

611 989 746 1043 Nam
774 1001 827 1046 et
864 992 1034 1051 Filius
1061 997 1128 1052 de
1161 1015 1220 1053 se
1248 999 1386 1054 dixit
1412 1020 1426 1056 :
1459 1021 1479 1052 ι
1512 1003 1591 1057 Ex
1614 1005 1822 1076 meipso
1849 1007 1983 1062 nihil
2008 1007 2171 1074 facio,

610 1082 709 1134 sed
744 1091 801 1136 ut
829 1085 1015 1141 docuit
1037 1104 1122 1143 me
1153 1089 1328 1156 Pater,
1363 1092 1466 1149 ista
1498 1096 1692 1166 loquor
1732 1085 1820 1152 ".h
1840 1118 1858 1150 ι
1888 1099 1969 1153 Αη
2011 1100 2176 1170 igitur

613 1170 849 1227 Verbum
901 1177 1032 1231 illud
1068 1178 1159 1234 Dei
1203 1190 1257 1235 et
1291 1183 1380 1236 illa
1428 1184 1521 1239 Dei
1575 1186 1852 1257 Sapientia
1879 1191 2172 1256 nesciebat,

607 1262 739 1332 quid
770 1265 1017 1322 locutura
1046 1274 1233 1326 esset?
1265 1274 1438 1338 Absit,
1474 1285 1531 1330 ut
1575 1280 1863 1350 quisquam
1907 1281 2177 1336 Christia-

614 1367 720 1407 nus
751 1355 852 1408 hoc
897 1358 1202 1416 existimet!
1237 1364 1329 1418 sed
1361 1365 1463 1421 ista
1497 1384 1597 1423 nos
1624 1369 1903 1433 docemur,
1929 1381 1986 1426 ut
2015 1381 2068 1428 et
2092 1390 2179 1428 na-

609 1448 788 1497 turam
816 1447 1098 1518 utriusque
1121 1454 1363 1509 eamdem
1407 1472 1527 1513 esse
1557 1461 1816 1525 sciamus,
1845 1467 1898 1515 et
1931 1463 2180 1516 volunta-

607 1539 739 1599 tem,
790 1551 912 1605 quae
962 1538 1280 1598 divisionem
1327 1547 1530 1600 nullam
1585 1550 1788 1618 patitur
1818 1569 1831 1604 :
1861 1551 1946 1606 sin
1977 1553 2175 1616 minus,

2274 558 2435 610 ταυτὸ
2468 556 2676 629 θέλημα
2711 559 2822 629 ἔχει
2860 561 2936 632 τῷ
2971 561 3107 633 Θεῷ·
3137 565 3229 618 καὶ
3262 565 3420 620 τοῦτό
3452 568 3576 618 ἐστι
3609 566 3694 630 τὸ,
3731 587 3748 618 ι
3777 569 3843 622 Oti

2273 645 2492 718 λαλήσει
2526 650 2615 718 ἀφ’
2642 651 2855 706 ἑαυτοῦ.
2883 670 2900 703 ι
2928 653 3034 705 Ka‘i
3050 653 3156 725 γὰρ
3174 657 3266 709 καὶ
3294 657 3425 727 περὶ
3443 656 3650 709 ἑαυτοῦ
3677 658 3707 709 6
3731 656 3845 720 Υἱὸς

2276 734 2446 802 εἶπεν,
2474 741 2555 794 ὅτι
2599 759 2617 791 ι
2664 743 2784 795 Ἀπ’
2817 744 3048 814 ἐμαυτοῦ
3090 745 3227 798 ποιῶ
3259 749 3434 813 οὐδὲν,
3482 747 3629 801 ἀλλὰ
3677 747 3847 812 καθὼς

2277 828 2478 894 ὲδίδαξέ
2511 847 2576 899 με
2601 833 2628 884 6
2659 834 2864 904 Πατὴρ,
2889 835 3058 888 ταῦτα
3080 837 3244 891 λαλῶ.
3277 858 3295 890 ι
3326 833 3477 910 τΑρα
3507 835 3607 892 οῦν
3633 841 3664 892 6
3691 841 3843 907 Λόγος

2279 919 2307 970 6
2332 918 2425 970 τοῦ
2457 920 2610 985 Θεοῦ,
2630 924 2662 992 ἡ
2680 925 2839 992 σοφία
2866 926 2898 996 ἡ
2926 926 3018 979 τοῦ
3051 927 3206 994 Θεοῦ,
3243 929 3344 982 οὐκ
3368 930 3490 1000 ᾔδει
3513 931 3570 983 τί
3597 931 3844 1002 ldiﬁcat;

2277 1010 2366 1080 Μὴ
2402 1010 2606 1067 γένοιτο
2635 1015 2785 1067 τοῦτο
2812 1015 3090 1087 ἄνθρωπον
3131 1021 3454 1091 Χριστιανὸν
3498 1021 3838 1090 λογίσασθαιῐ

2277 1095 2392 1147 ἀλλ’
2430 1099 2515 1151 ἵνα
2554 1101 2766 1172 γνῶμεν
2799 1105 2956 1175 ἡμεῖς
2990 1107 3051 1159 τὸ
3081 1109 3244 1160 ταυτὸ
3274 1109 3373 1178 τῆς
3404 1107 3650 1178 φύσεως,
3681 1109 3771 1162 καὶ
3792 1110 3844 1162 τὸ

2278 1183 2575 1257 ἀδιαίρετον
2602 1191 2694 1243 τοῦ
2735 1191 3053 1264 θελήματος,
3091 1196 3261 1248 ταῦτα
3291 1198 3686 1269 διδασκόμεθαο
3719 1200 3765 1250 εξ
3794 1198 3841 1250 δὲ

2281 1278 2376 1349 μὴ,
2413 1280 2620 1345 Παῦλος
2645 1283 2741 1352 μὲν
2768 1284 2935 1353 λέγει’
2969 1305 2986 1336 ι
3030 1287 3163 1359 Περὶ
3189 1287 3246 1340 δὲ
3270 1289 3378 1340 τῶν
3410 1289 3704 1359 παρθένων
3734 1290 3840 1340 επις

2275 1370 2446 1440 ταγὴν
2469 1372 2671 1442 Κυρίου
2699 1375 2798 1428 οὐκ
2830 1376 2956 1446 ἔχω,
2989 1377 3212 1448 γνώμην
3251 1379 3307 1431 δὲ
3335 1379 3533 1449 δίδωμι
3579 1380 3659 1442 ὡς
3687 1379 3840 1448 ἠλεη-

2280 1462 2455 1531 μένοςο
2481 1482 2497 1514 ι
2528 1466 2556 1517 6
2589 1464 2643 1518 δὲ
2676 1466 2800 1530 Υἱὸς
2831 1467 3047 1538 ἐντολὴν
3081 1469 3368 1539 λαμϐάνει,
3407 1471 3462 1522 τί
3494 1472 3651 1542 εἴπῃ,
3685 1471 3777 1523 καὶ
3796 1471 3839 1520 τί

2275 1553 2516 1625 λαλήσει,
2550 1558 2644 1609 καὶ
2669 1557 2730 1610 τὸ
2759 1558 2979 1630 Πνεῦμα
3002 1560 3060 1612 οὐ
3090 1559 3237 1613 λαλεῖ
3271 1559 3364 1630 ἀφ’
3395 1561 3616 1615 ἑαυτοῦ.

610 1621 813 1681 Paulus
876 1629 1094 1698 quidem
1148 1631 1281 1688 dicit
1315 1650 1330 1685 :
1370 1653 1389 1686 ι
1444 1636 1519 1692 De
1552 1639 1854 1708 virginibus
1902 1650 2230 1712 praaceptum
2269 1621 2482 1698 Domini
2529 1662 2636 1701 non
2678 1647 2874 1713 habeo,
2906 1621 3218 1706 “consilium
3249 1661 3430 1707 autem
3485 1655 3557 1707 do
3587 1660 3838 1722 tanquam

611 1716 1039 1774 misericordiam
1069 1728 1479 1781 consecutus".
1510 1747 1528 1780 ι
1561 1729 1630 1783 At
1652 1730 1821 1789 Filius
1869 1740 2198 1804 praeceptum
2240 1737 2438 1806 accipit
2483 1737 2550 1793 de
2586 1754 2652 1794 eo
2693 1740 2839 1810 quod
2881 1740 3132 1798 dicturus
3191 1751 3246 1799 et
3294 1745 3588 1800 locuturus
3634 1753 3739 1808 est,
3795 1751 3839 1798 et

611 1802 852 1876 Spiritus
880 1827 944 1866 ex
979 1816 1274 1885 semetipso
1303 1833 1411 1872 non
1440 1819 1681 1890 loquitur

681 1898 838 1970 42],
863 1902 951 1957 25.
969 1905 1158 1960 Anam.
1178 1908 1294 1964 Non
1318 1911 1474 1968 habet
1502 1930 1630 1984 ergo
1647 1914 1883 1985 Spiritus
1897 1916 2170 1987 propriam

2340 1917 2430 1971 25.
2481 1917 2666 1988 Ἇνόμ.
2692 1920 2804 1974 Οὐκ
2831 1919 2943 1992 ἔχει
2966 1918 3059 1976 οῦν
3085 1923 3214 1977 ἴδιον
3253 1923 3465 1996 θέλημα
3504 1926 3566 1978 τὸ
3600 1927 3835 1997 Πνεῦμα.

611 1989 985 2047 voluntatem?
1029 1995 1184 2052 Orth.
1218 2000 1394 2065 Absit,
1430 2019 1551 2072 quae
1582 2006 1798 2074 quidem
1833 2006 1942 2062 Deo
1981 2024 2047 2063 ex
2076 2010 2174 2063 ad-

613 2094 772 2135 verso
799 2085 1160 2152 respondeat!
1208 2106 1308 2145 nec
1357 2093 1504 2147 enim
1539 2096 1698 2150 modo
1744 2098 1860 2151 vult
1912 2114 2032 2168 qua:
2079 2098 2175 2155 Dei

611 2179 775 2237 sunt,
813 2174 970 2229 modo
997 2193 1123 2233 vero
1157 2198 1278 2250 qua:
1328 2185 1409 2238 sui
1438 2185 1608 2251 ipsius
1637 2205 1649 2241 :
1692 2189 1787 2243 sed
1821 2190 1869 2246 si
1900 2193 2031 2263 quid
2060 2193 2176 2245 vult

611 2261 850 2332 Spiritus
881 2276 1126 2334 sanctus,
1169 2272 1283 2329 haec
1327 2288 1410 2331 est
1441 2277 1532 2333 Dei
1563 2281 1815 2337 voluntas
1848 2301 1860 2337 :
1892 2261 2018 2338 etsi
2044 2283 2176 2353 quid

609 2354 726 2407 vult
765 2353 927 2422 Deus,
947 2359 1062 2414 haec
1091 2369 1175 2416 est
1210 2363 1446 2433 Spiritus
1468 2370 1739 2426 voluntas.
1764 2378 1952 2426 Anam.
1986 2373 2175 2428 Enim-

611 2460 760 2509 vero,
790 2462 972 2505 annon
1027 2454 1172 2521 quod
1223 2454 1367 2512 Deus
1427 2461 1574 2524 vult,
1616 2463 1804 2516 volunt
1835 2466 1999 2518 etiam
2053 2481 2178 2535 pro-

611 2537 820 2606 phetzc?
856 2540 1006 2596 Orth.
1058 2543 1176 2600 Non
1216 2563 1464 2618 semper;
1503 2553 1772 2606 interdum
1825 2555 1970 2608 cnim
2012 2557 2175 2611 etiam

611 2645 678 2682 ex
717 2632 913 2701 seipsis
943 2635 1320 2705 loquebantur.
1367 2640 1502 2695 Cum
1537 2643 1738 2698 diceret
1770 2646 1914 2699 enim
1943 2648 2175 2716 primum

615 2720 835 2778 Moses:
875 2743 894 2776 ι
935 2725 1296 2797 lmpeditioris
1350 2740 1403 2785 et
1447 2735 1704 2790 tardioris
1767 2737 1962 2806 lingune
2018 2755 2175 2803 sum,

613 2827 788 2882 neque
841 2817 1024 2871 audiet
1052 2835 1136 2872 me
1163 2819 1373 2874 Pharao
1406 2822 1450 2852 "
1481 2842 1493 2876 :
1536 2843 1553 2874 ι
1589 2831 1644 2878 et
1667 2824 1794 2878 illud
1831 2845 1844 2880 :
1885 2845 1904 2878 ι
1939 2826 2180 2883 Obsecro

615 2910 688 2966 te,
711 2905 848 2976 elige
877 2908 1042 2961 alium
1066 2910 1142 2976 ³⁰;
1188 2930 1207 2960 ι
1244 2911 1373 2981 quid
1404 2914 1547 2968 aliud
1577 2915 1863 2985 signiﬁcat,
1889 2934 2049 2988 quam
2075 2920 2178 2975 sibi

613 2997 775 3052 aliam
809 3001 1140 3056 voluntatem
1176 3005 1374 3070 inesse,
1415 3023 1578 3077 quam
1620 3019 1805 3079 postea
1835 3015 2096 3080 coercuit,
2119 3022 2180 3069 ut

613 3087 708 3144 Dei
740 3091 1001 3147 voluntati
1030 3095 1458 3166 obsequeretur?
1501 3100 1682 3154 Aaron
1715 3118 1929 3173 quoque
1963 3113 2016 3160 et
2061 3107 2179 3161 Ma-

613 3181 692 3234 ria
710 3196 740 3234 a
758 3182 952 3250 seipsis
976 3188 1231 3240 commoti
1253 3201 1660 3245 murmurarnnt
1681 3192 1940 3251 adversus
1953 3195 2176 3264 Mosem,

2288 2006 2432 2074 Ὀρθ.
2457 2007 2722 2061 Ἐναντίον
2748 2009 2842 2062 τοῦ
2868 2010 3023 2076 Θεοῦ,
3049 2012 3122 2084 μὴ
3156 2013 3362 2081 γένοιτο
3385 2015 3396 2066 !
3433 2015 3557 2068 οὐδὲ
3585 2017 3710 2069 ποτε
3740 2017 3836 2090 γὰρ

2277 2097 2418 2151 θέλει
2448 2099 2516 2153 τὰ
2543 2098 2635 2152 τοῦ
2667 2098 2823 2165 Θεοῦ,
2858 2103 2985 2155 ποτὲ
3041 2103 3096 2155 δὲ
3137 2105 3206 2156 τὰ
3252 2104 3447 2157 ἑαυτοῦ
3471 2123 3484 2135 ·
3523 2107 3640 2158 ἀλλ’
3688 2107 3740 2159 εἴ
3791 2125 3836 2160 τι

2277 2187 2416 2242 θέλει
2456 2189 2673 2261 Πνεῦμα
2699 2191 2760 2244 τὸ
2798 2193 2970 2262 ἅγιον,
3005 2193 3161 2247 τοῦτο
3188 2194 3280 2248 τοῦ
3311 2195 3448 2254 Θεοῦ
3471 2199 3588 2250 ἐστι
3615 2198 3833 2270 θέλημα’

2277 2279 2370 2331 καὶ
2392 2279 2444 2331 εἴ
2460 2297 2511 2332 τι
2541 2280 2681 2334 θέλει
2707 2282 2735 2333 6
2768 2281 2920 2345 Θεὸς,
2943 2283 3098 2336 τοῦτο
3125 2283 3340 2355 θέλημά
3373 2287 3489 2338 ἐστι
3535 2286 3632 2339 τοῦ
3678 2289 3833 2342 Πνεύ-

2280 2386 2468 2438 ματος.
2504 2371 2699 2440 Ἀνόμ.
2731 2373 2793 2425 Οἱ
2837 2373 2944 2445 γὰρ
2995 2375 3290 2446 προφῆται,
3324 2377 3425 2430 οὐκ
3463 2378 3516 2430 ετ
3543 2395 3598 2430 τι
3639 2380 3773 2432 θέλει
3809 2382 3832 2432 6

2275 2459 2426 2522 Θεὸς,
2451 2460 2718 2527 θέλουσιν;
2767 2464 2911 2531 Ὀρθ.
2946 2466 3018 2518 Οὐ
3049 2467 3308 2520 πάντοτε⁶
3342 2467 3454 2520 ἔσθ’
3480 2469 3573 2521 ὅτε
3605 2470 3713 2541 γὰρ
3749 2471 3832 2523 καὶ

2275 2551 2366 2619 ἀφ’
2401 2553 2608 2607 ἑαυτῶν
2650 2555 2892 2609 ἐλάλουν.
2949 2558 3153 2628 Μωσῆς
3191 2557 3300 2629 γὰρ
3353 2559 3572 2630 πρῶτος
3626 2561 3830 2630 ἔλεγεν

2283 2660 2302 2692 ι
2354 2643 2696 2714 ’ἰσχνόφωνος
2718 2647 2810 2700 καὶ
2850 2647 3262 2718 βραδύγλωσσος
3292 2649 3402 2718 ἐγώ
3434 2655 3570 2722 εἰμι,
3605 2654 3698 2705 καὶ
3743 2655 3830 2705 οὐκ

2279 2733 2654 2789 εἰσακούσεταί
2687 2755 2786 2807 μου
2811 2736 3038 2809 Φαραὼ’
3073 2757 3092 2791 ι
3131 2739 3226 2792 nat
3263 2740 3348 2803 τὸ,
3397 2761 3417 2792 ‹
3465 2743 3668 2812 Δέομαί
3714 2761 3829 2807 σου,

2281 2824 2621 2896 προχείρισαι
2662 2827 2838 2892 ἄλλον,
2883 2847 2900 2880 ι
2928 2828 2980 2882 τί
3020 2830 3331 2901 σημαίνειῆ
3368 2832 3495 2885 ἄλλο
3538 2833 3753 2903 θέλημα
3781 2835 3832 2885 ὲν

2278 2914 2454 2985 ἑαυτῴ
2478 2911 2636 2983 εἶναι,
2669 2917 2697 2968 δ
2742 2919 3015 2984 ἐκόλασεν,
3047 2920 3136 2974 ἵνα
3180 2921 3242 2974 τὸ
3291 2923 3386 2975 τοῦ
3428 2922 3566 2976 Θεοῦ
3612 2927 3828 2996 ποιήσῃς

2279 3005 2388 3058 Kal.
2423 3007 2629 3077 Ἀαρὼν
2651 3010 2743 3062 καὶ
2776 3011 2963 3081 Μαρία
2989 3011 3081 3080 ἀφ’
3105 3011 3313 3065 ἑαυτῶν
3351 3013 3657 3085 κινούμενοι
3696 3017 3832 3083 ἐγόγ-

2278 3113 2450 3164 γυσαν
2481 3099 2620 3152 κατὰ
2644 3100 2904 3164 Μωσέως,
2941 3101 3026 3154 ὅτε
3058 3103 3379 3175 ὲλεπρίασεν
3418 3106 3452 3175 ὴ
3485 3106 3703 3176 Μαρία,
3748 3108 3829 3160 καὶ

2280 3186 2522 3259 ὠργίσθη
2554 3189 2714 3261 θυμῷ
2739 3189 2958 3262 Κύριος.
2987 3194 3272 3266 Ἱερεμίας,
3296 3195 3728 3266 παραιτούμενος
3744 3199 3829 3266 τὴν

615 3285 724 3338 quo
752 3281 991 3342 tempore
1016 3277 1176 3329 etiam
1213 3279 1358 3348 lepra
1394 3281 1657 3336 laboravit
1699 3283 1886 3350 Maria,
1921 3288 2174 3359 indigna-

2281 3279 2635 3350 προφητείαν,
2688 3281 2880 3350 ἔλεγε·
2927 3301 2946 3334 ι
3001 3284 3281 3356 Νεὼτερός
3303 3288 3417 3356 είμι
3466 3287 3600 3356 ἐγὼ,
3644 3290 3731 3341 καὶ
3775 3290 3827 3340 οὔ

615 3369 814 3431 tuaque
857 3372 940 3418 est
967 3365 1244 3424 Dominus.
1277 3370 1541 3429 Jeremias
1570 3376 1944 3446 propheticum
1982 3396 2180 3438 munus

615 3451 941 3522 deprecans,
976 3457 1191 3514 dicebat
1224 3479 1236 3515 :
1278 3479 1297 3512 ι
1330 3460 1524 3518 Junior
1555 3481 1697 3534 sum,
1732 3483 1908 3539 neque
1957 3487 2181 3541 possum

615 3548 937 3614 prophetare
959 3549 1023 3602 ⁸¹.
1058 3569 1077 3602 ι
1125 3550 1190 3605 Ει
1215 3551 1382 3611 Jonas
1407 3572 1472 3612 eo
1500 3574 1672 3629 usque
1701 3560 1755 3613 in
1791 3561 1897 3616 hoc
1924 3577 2184 3618 recusan-

615 3637 686 3690 do
739 3654 1064 3710 progressus
1095 3653 1214 3710 est,
1275 3654 1334 3701 ut
1383 3649 1544 3704 etiam
1596 3651 1895 3708 decreverit
1927 3653 2112 3725 fugere
2151 3671 2182 3710 a

615 3725 755 3781 facie
782 3728 1106 3788 Domini..Et
1138 3735 1305 3794 David
1345 3756 1468 3794 cum
1496 3758 1609 3796 sua:
1643 3744 1914 3799 voluntati
1946 3747 2180 3802 obsecu-

614 3822 728 3878 tus,
766 3821 1022 3887 populum
1077 3828 1481 3894 recensuisset,
1532 3834 1849 3903 castigatur.
1887 3835 2040 3890 Mitto
2091 3838 2183 3892 illa

611 3907 684 3962 de
720 3908 844 3964 Uria
873 3913 1135 3970 Chettaeo.
1172 3918 1308 3974 Nam
1342 3938 1531 3978 omnes
1561 3941 1778 3996 quoque
1803 3929 2013 3983 ratione
2045 3945 2182 4000 pra:-

613 3999 741 4054 ditas
761 4011 1054 4070 creaturae,
1091 4008 1362 4066 interdum
1397 4029 1516 4083 qua:
1561 4031 1660 4070 sua
1685 4057 1698 4080 ,
1754 4018 2023 4073 interdum
2061 4037 2184 4091 qua:

617 4086 714 4146 Dei
743 4101 892 4155 sunt,
922 4095 1237 4165 loquuntur.
1270 4102 1338 4155 At
1368 4119 1478 4158 non
1501 4105 1572 4159 ita
1600 4105 1838 4176 Spiritus
1866 4127 1878 4164 :
1912 4126 2013 4164 nec
2035 4086 2179 4166 enim

619 4179 780 4233 modo
808 4197 927 4250 quae
957 4182 1048 4238 Dei
1082 4196 1244 4251 sunt,
1299 4192 1459 4246 modo
1487 4208 1584 4247 sua
1639 4196 1913 4264 loquitur,
1976 4214 2100 4254 cum
2133 4198 2183 4253 ei

620 4283 727 4321 non
779 4270 910 4325 insit
953 4275 1059 4328 alia
1108 4279 1370 4347 quaepiam
1420 4283 1709 4350 voluntas,
1739 4295 1800 4339 ut
1852 4303 1920 4350 ne
1963 4289 2016 4342 in
2047 4288 2185 4346 Filio

617 4359 861 4427 quidem,
888 4363 982 4416 sed
1018 4381 1123 4418 una
1153 4367 1224 4421 sit
1267 4367 1462 4432 Patris,
1486 4371 1630 4436 Filii,
1657 4381 1711 4428 et
1743 4373 1980 4444 Spiritus
2008 4380 2184 4436 sancti

621 4450 892 4505 voluntas.
934 4452 1144 4509 ldcirco
1184 4457 1390 4512 dictum
1448 4469 1532 4516 est
1575 4463 1645 4518 de
1695 4463 1947 4533 Spiritu:
2014 4487 2032 4519 ι
2065 4468 2183 4525 Νοη

621 4539 874 4609 loquetur
903 4558 932 4594 a
977 4547 1269 4616 semetipso
1303 4550 1368 4604 ".
1413 4570 1433 4603 ι
1481 4551 1547 4608 Et
1590 4554 1657 4610 de
1701 4554 1883 4610 Filio:
1923 4575 1942 4608 ι
1977 4557 2118 4614 Nihil
2152 4577 2182 4615 a

2283 3369 2516 3441 δύναμαι
2538 3373 2916 3444 προφητεύειν.
2957 3395 2975 3426 ι
3027 3377 3136 3430 Καὶ
3178 3379 3206 3429 6
3246 3379 3431 3442 Ἰωνᾶς
3469 3381 3551 3443 εἰς
3601 3380 3831 3433 τοσοῦτον

2285 3464 2656 3534 παρῃτήσατο,
2700 3465 2774 3528 ὼς
2811 3466 2905 3520 xal.
2943 3467 3086 3534 δόξαι
3139 3467 3361 3537 φεύγειν
3406 3469 3515 3522 ἀπὸ
3560 3471 3830 3542 προσώπου

2283 3554 2511 3623 Κυρίου.
2537 3556 2646 3608 Καὶ
2669 3557 2697 3609 6
2721 3557 2903 3623 Δαϐὶδ,
2939 3557 2999 3611 τὸ
3031 3558 3241 3630 θέλημα
3271 3559 3332 3612 τὸ
3361 3561 3560 3614 ἑαυτοῦ
3600 3564 3829 3632 ποιήσας,

2284 3644 2377 3696 καὶ
2409 3643 2656 3716 ἀριθμῶν
2684 3646 2774 3700 τὸν
2807 3647 2955 3712 λαὸν,
3005 3652 3343 3721 ἐπιτιμᾶται.
3396 3653 3598 3706 Σιωπῶ
3632 3654 3733 3725 γὰρ
3775 3653 3831 3704 τὰ

2284 3735 2423 3787 κατὰ
2454 3735 2543 3788 τὸν
2568 3738 2770 3809 Οὐρίαν
2809 3739 2900 3792 τὸν
2929 3740 3209 3795 Χετταῖον.
3267 3743 3376 3796 Καὶ
3407 3744 3585 3797 πάντα
3632 3745 3738 3814 γὰρ
3776 3742 3831 3795 τὰ

2283 3825 2476 3894 λογικὰ
2511 3830 2786 3900 κτίσματα
2817 3832 2947 3884 ποτὲ
2976 3831 3042 3885 τὰ
3085 3833 3295 3887 ἑαυτῶν
3331 3833 3580 3900 λαλοῦσι,
3616 3836 3739 3887 ποτὲ
3779 3831 3830 3884 τὰ

2280 3917 2373 3970 τοῦ
2397 3919 2530 3972 Θεοῦ
2551 3937 2562 3950 ·
2586 3921 2644 3973 τὸ
2662 3921 2717 3974 δὲ
2749 3923 2967 3993 Πνεῦμα
2998 3923 3095 3992 οὐχ
3115 3923 3289 3988 οὕτως
3313 3943 3327 3956 ·
3361 3927 3423 3978 οὐ
3479 3927 3588 3997 γὰρ
3619 3926 3740 3979 ποτὲ
3777 3923 3831 3975 τὰ

2281 4006 2374 4060 τοῦ
2404 4007 2559 4072 Θεοῦ,
2593 4012 2686 4063 καὶ
2711 4012 2841 4065 ποτὲ
2870 4012 2936 4065 τὰ
2965 4012 3160 4065 ἑαυτοῦ
3183 4031 3198 4046 σ
3234 4015 3352 4067 οὐδὲ
3392 4015 3502 4086 γάρ
3553 4018 3698 4068 ἐστιν
3735 4014 3827 4082 (87)

2282 4097 2410 4151 ἄλλο
2436 4117 2487 4152 τι
2511 4102 2567 4153 έν
2591 4102 2740 4172 αύτῷ
2767 4103 2993 4174 θέλημα,
3016 4103 3202 4175 ἐπειδὴ
3225 4105 3346 4157 οὐδὲ
3378 4105 3438 4158 ὲν
3466 4105 3545 4176 τῷ
3572 4106 3704 4178 Υἰῷ,
3738 4106 3831 4159 ἀλλ’

2281 4189 2339 4240 ἓν
2371 4191 2486 4243 ἐστι
2509 4189 2718 4262 θέλημα
2745 4193 2973 4264 Πατρὸς,
2996 4194 3088 4247 καὶ
3119 4193 3275 4258 Υἱοῦ,
3297 4196 3391 4247 καὶ
3419 4196 3581 4264 ἁγίου
3609 4197 3832 4265 Πνεῦμα-

2283 4297 2390 4343 τος.
2418 4282 2528 4334 Καὶ
2549 4281 2635 4336 διὰ
2655 4283 2813 4337 τοῦτο
2835 4284 3046 4356 εἴρηται
3074 4287 3205 4357 περὶ
3229 4287 3322 4340 τοῦ
3342 4289 3658 4360 Πνεύματος
3673 4307 3688 4320 ο
3729 4309 3746 4341 ι
3774 4290 3831 4342 0-3

2282 4371 2505 4443 λαλήσει
2530 4375 2622 4442 ἀφ’
2648 4375 2840 4427 ἑαυτοῦ
2863 4392 2877 4406 ·
2921 4395 2939 4427 ι
2969 4379 3062 4430 καὶ
3087 4379 3218 4447 περὶ
3247 4376 3341 4431 τοῦ
3377 4379 3533 4443 Υίοῦ,
3562 4382 3643 4434 ὅτι
3677 4400 3695 4432 ι
3735 4380 3833 4432 Ἀπ’

2282 4465 2514 4534 ἐμαυτοῦ
2546 4467 2686 4520 ποιῶ
2709 4467 2879 4531 οὐδὲν,
2909 4467 3040 4522 ἀλλὰ
3063 4469 3249 4533 καθὼς
3274 4469 3479 4538 ἐδίδαξέ
3505 4491 3571 4543 με
3597 4474 3625 4525 6
3647 4473 3833 4540 Πατὴρ,

2282 4557 2453 4610 ταῦτα
2480 4558 2627 4612 λαλῶ
2647 4575 2663 4590 ·
2711 4578 2730 4611 ι
2767 4560 2876 4615 οὐκ,
2899 4559 3087 4631 ἐπειδὴ
3118 4559 3235 4630 (88)
3256 4563 3355 4615 οὐκ
3385 4561 3492 4616 οἶδε
3523 4563 3745 4633 λαλῆσαί
3772 4579 3831 4622 τι,

620 4645 707 4686 me
734 4632 853 4702 ipso
877 4633 1017 4690 facio
1042 4675 1057 4700 ,
1101 4638 1196 4692 sed
1225 4639 1367 4694 sicut
1395 4641 1581 4698 docuit
1623 4659 1710 4700 me
1740 4645 1918 4710 Pater,
1949 4647 2064 4703 ham
2103 4651 2178 4705 lo-

2287 4647 2400 4700 ἁλλ’
2433 4649 2514 4701 ὅτι
2545 4650 2644 4703 οὐκ
2681 4649 2810 4702 ἄλλο
2846 4648 2986 4703 θέλει
3025 4652 3053 4704 6
3094 4650 3310 4724 Πατὴρ,
3351 4654 3444 4706 καὶ
3487 4653 3615 4708 ἄλλο
3647 4632 3833 4706 θέλειὸ

611 4738 760 4793 quor
789 4725 832 4755 ³³
863 4745 876 4781 :
923 4745 942 4779 ι
975 4743 1083 4783 non
1109 4730 1254 4800 quod
1291 4734 1499 4788 nesciat
1521 4737 1994 4810 quidquam‘loqui
2018 4780 2032 4805 ,
2079 4743 2175 4797 sed

614 4816 746 4884 quia
788 4833 895 4872 non
926 4820 1074 4874 aliud
1106 4822 1221 4876 vult
1255 4822 1437 4892 Pater,
1467 4828 1614 4882 aliud
1636 4829 1757 4885 vult
1771 4827 1943 4886 Filius
1962 4841 2016 4888 et
2039 4834 2183 4888 aliud

619 4902 862 4975 Spiritus
893 4918 1138 4967 sanctus.
1729 4931 1771 4940 “·

691 4997 781 5052 24.
822 5000 1013 5055 Anam.
1055 5001 1279 5060 Etiamsi
1327 5022 1437 5062 non
1468 5022 1684 5079 semper
1712 5025 1832 5080 quae
1865 5009 1960 5067 Dei
2013 5025 2182 5082 sunt,

621 5083 788 5140 locuti
819 5090 928 5142 sint
959 5093 1235 5161 propheta:
1263 5133 1277 5159 ,
1331 5102 1389 5150 ut
1441 5103 1497 5150 tu
1526 5099 1756 5155 dicendo
1786 5103 2182 5172 comprobasti;

621 5183 680 5228 at
709 5186 858 5233 certe
891 5183 1124 5250 apostoli
1155 5184 1291 5238 nihil
1315 5200 1379 5240 ex
1413 5188 1628 5256 seipsis,
1663 5189 1753 5244 sed
1774 5205 1895 5260 quae
1919 5200 2048 5246 sunt
2068 5193 2181 5260 Dei,

621 5281 839 5339 semper
893 5273 1059 5328 locuti
1113 5285 1261 5332 sunt.
1321 5278 1474 5333 Orth.
1537 5279 1704 5336 Docet
1772 5297 1874 5338 nos
1906 5281 2185 5354 Scriptura

2289 4738 2436 4804 Υἱὸς,
2469 4740 2560 4792 καὶ
2589 4740 2716 4794 ἄλλο
2744 4741 2806 4795 τὸ
2837 4742 3079 4813 Πνεῦμα.

2357 5020 2446 5074 24.
2489 5023 2678 5091 "Arria.
2725 5023 2786 5076 Et
2819 5025 2914 5078 καὶ
2979 5025 3052 5096 μὴ
3095 5026 3324 5079 πάντοτε
3377 5027 3427 5079 οί
3487 5026 3748 5098 προφῆται
3779 5023 3832 5076 τᾶ

2289 5107 2382 5161 τοῦ
2409 5109 2542 5162 Θεοῦ
2574 5110 2775 5180 ἔλεγον,
2793 5115 2869 5176 ὡς
2893 5112 3087 5180 ἔδειξεν
3114 5114 3141 5165 6
3156 5115 3330 5183 λόγος,
3364 5115 3479 5168 ἀλλ’
3502 5117 3552 5168 οἱ
3576 5114 3831 5170 ἀπόστολοι

2290 5197 2410 5250 οὐδὲ
2437 5198 2654 5254 ἐλάλουν
2681 5202 2774 5272 ἀφ’
2808 5203 3034 5266 ἑαυτῶν,
3071 5204 3205 5257 ἀλλὰ
3238 5205 3469 5259 πάντοτε
3500 5207 3569 5260 τὰ
3591 5205 3680 5260 τοῦ
3697 5191 3830 5258 Θεοῦ.

2307 5289 2452 5358 Ὀρθ.
2481 5290 2546 5343 Ἠ
2581 5293 2772 5364 Γραφὴ
2805 5295 2952 5365 ἡμᾶς
2973 5294 3229 5362 ἐδίδαξεν,
3256 5298 3337 5350 ὅτι
3359 5300 3408 5350 οί
3433 5297 3709 5352 ἀπόστολοι
3728 5295 3823 5348 ἑλά-

696 5421 1208 5517 Ἲλοαιιῖ-νιιιλὲἃ
1285 5432 1330 5464 ’⁸
1367 5430 1385 5484 l
1421 5431 1542 5487 Cor.
1578 5450 1673 5498 vn,
1699 5434 1790 5491 9.5.
1867 5437 1912 5467 ²⁹
1953 5435 2120 5496 Exod.
2148 5456 2178 5494 ιτ

2280 5442 2346 5498 ςο.
2424 5445 2468 5477 ³⁸
2507 5446 2637 5501 ibid.
2673 5449 2758 5502 15.
2834 5448 2875 5480 ³¹
2915 5446 3114 5504 Jerem.
3152 5466 3189 5510 ι,
3222 5451 3276 5506 6.
3351 5453 3396 5484 "
3433 5451 3588 5508 Joan.
3626 5446 3829 5517 xv1,l5.

625 5489 673 5520 ³³
708 5489 868 5548 Joan.
903 5511 1034 5561 vm,
1069 5489 1139 5552 28

631 5710 668 5766 ὓ
705 5642 814 5766 (ΘΙἸ)
849 5645 1042 5715 Palat.,
1066 5651 1157 5705 τοῦ
1180 5652 1330 5706 Θεοῦ*
1353 5655 1470 5708 οὐδὲ
1498 5656 1604 5728 γάρ
1630 5662 1794 5723 ἐστιν,
1823 5661 2040 5717 omissis
2067 5665 2187 5735 qui-

673 5726 736 5766 us
776 5729 879 5766 am.

673 5726 879 5767 nsuam.

2368 5667 2477 5737 (88)
2517 5669 2698 5724 Ταῦτα
2725 5670 2866 5726 λαλῶ
2894 5673 3058 5727 lake?
3086 5675 3183 5728 οὐκ
3217 5676 3421 5747 ἐπειδή.
