3982 6398
154 338 293 394 1155

1107 307 1228 393 ὀε
1267 337 1531 394 sane“
1570 337 1942 394 TRlNlTA‘l‘E
1982 339 2324 398 DlALOGUS
2363 341 2382 396 ι

3237 340 3376 392 “fit

151 457 276 510 λουν
331 454 426 524 ἀφ’
488 453 715 509 ἑαυτῶν.
775 455 966 525 Ἁνόμ.
1021 456 1185 522 Πῶς;
1227 458 1369 526 Ὀρθ.
1439 457 1563 511 Ἑάν
1623 455 1714 511 οῦν

1833 460 2094 528 ipostolos
2123 461 2392 516 interdum
2425 477 2455 516 a
2490 461 2683 532 seipsis
2723 475 2844 516 esse
2889 460 3123 516 locutos.
3181 462 3372 513 Anam.

151 546 393 617 ἀλούσης
450 545 662 600 Παύλου
717 545 966 615 λέγοντος
1022 549 1150 619 περὶ
1203 549 1310 602 τῶν
1371 549 1678 603 ἀποστόλων
1699 591 1714 615 ,

156 657 177 690 ι
217 635 362 691 Ἀλλ’
385 639 476 692 ὅτε
508 632 664 702 εἶδον,
689 639 770 692 ὅτι
800 640 899 692 οὐκ
925 639 1272 709 ὁρθοποδοῦσι
1304 642 1438 713 πρὸς
1468 643 1564 714 τὴν
1588 643 1717 712 ἀλή-

153 730 302 784 θειαν
319 729 414 782 τοῦ
431 729 788 798 Εὑαγγελίου,
807 727 956 784 εἷπον
982 732 1060 802 τῷ
1081 731 1240 804 Κηφᾷ
1260 733 1564 805 ἔμπροσθεν
1585 737 1719 790 πάν-

152 836 260 873 των
317 839 339 873 ο
377 821 470 891 (τὰ
496 821 551 873 δὲ
610 821 850 892 ἑπόμενα
889 818 1054 887 οἶδας,
1113 826 1162 877 εί
1195 824 1470 893 φιλόλογος
1511 823 1618 896 εἴ),
1666 828 1718 880 τί

151 908 278 964 ἄλλο
302 909 520 984 λογίζῃ,
551 911 585 982 ἢ
613 912 673 965 τὸ
695 913 788 980 ἀφ’
818 913 1024 966 ἑαυτῶν
1051 931 1104 966 τι
1135 913 1482 986 λελαληκέναι
1503 919 1596 971 καὶ
1626 935 1721 971 πε-

157 1001 458 1072 ποιηκέναι,
493 1004 628 1074 ὅπερ
655 1004 754 1057 οὐκ
775 999 842 1074 ἦν
871 1003 1222 1059 θεόπνευστον
1245 1022 1260 1070 ;
1286 1007 1396 1060 Καὶ
1431 1010 1559 1080 περὶ
1591 1011 1718 1062 ἑαυ-

153 1092 244 1146 τοῦ
277 1092 335 1146 δὲ
362 1093 531 1162 λέγει·
575 1112 594 1146 ι
635 1094 800 1148 Οὐδὲν
828 1095 934 1166 γὰρ
962 1095 1182 1166 ἐμαυτῷ
1210 1096 1454 1151 σύνοιδαο
1481 1100 1594 1152 ἀλλ’
1622 1102 1721 1156 οὐκ

154 1185 215 1241 ὲν
247 1183 423 1254 τούτῳ
453 1183 826 1255 δεδικαίωμαι.
865 1202 884 1236 ι
926 1185 998 1238 Τὸ
1024 1186 1080 1238 δὲ
1127 1187 1348 1258 Πνεῦμα
1392 1190 1489 1260 οὐκ
1515 1190 1684 1255 οὕτως
1700 1209 1716 1224 ’

157 1275 247 1329 καὶ
280 1275 370 1328 διὰ
399 1274 557 1328 τοῦτο
583 1275 813 1347 εἴρηται,
832 1277 912 1330 ὅτι
937 1295 954 1328 ι
982 1276 1059 1330 Οὐ
1084 1277 1304 1349 λαλήσει
1337 1280 1427 1348 ἀφ’
1453 1283 1666 1338 ἑαυτοῦ.
1695 1302 1715 1335 ι

169 1370 354 1437 Ἀνόμ.
391 1369 556 1422 Ἀλλά
609 1370 704 1423 καὶ
753 1370 950 1433 πάντες
993 1369 1268 1441 ἄνθρωποι
1318 1374 1449 1427 ποτὲ
1503 1375 1601 1444 μὲν
1650 1376 1718 1430 τὰ

156 1460 366 1512 ἑαυτῶν
393 1460 662 1529 λέγουσιν,
692 1461 786 1514 καὶ
815 1461 944 1514 ποτὲ
979 1461 1037 1514 δὲ
1062 1463 1130 1515 τά
1162 1462 1254 1516 τοῦ
1294 1463 1426 1518 Θεοῦ
1444 1483 1457 1495 ·
1515 1467 1630 1520 ἀλλ’
1671 1468 1719 1520 οἱ

158 1551 376 1620 ἄγγελοι
409 1552 643 1605 πάντοτε
669 1552 738 1604 τὰ
770 1551 859 1605 τοῦ
905 1552 1037 1606 Θεοῦ
1070 1553 1336 1622 λέγουσιν.
1387 1557 1530 1625 Ὀρθ.
1589 1559 1722 1613 Οὐδὲ

158 1640 313 1694 τοῦτο
332 1641 549 1712 ἀληθές.
586 1643 648 1695 Ei
692 1641 800 1712 γὰρ
828 1643 1055 1697 πάντοτε
1101 1645 1170 1698 τά
1212 1647 1306 1699 τοῦ
1339 1647 1472 1701 Θεοῦ
1519 1649 1721 1720 ἔλεγον,

157 1731 260 1784 οὐκ
291 1729 361 1783 ἂν
387 1731 654 1801 ἥμαρτον,
684 1731 824 1784 ὥστε
851 1732 1100 1801 λέγεσθαι
1119 1751 1134 1764 ο
1176 1753 1194 1786 ι
1242 1735 1304 1788 Et
1342 1736 1451 1808 γὰρ
1481 1739 1724 1806 ἀγγέλων

1817 549 2139 615 Quomodo?
2173 551 2324 606 Orth.
2360 551 2494 606 Cum
2522 552 2677 607 audis
2720 549 2945 604 Paulum
2991 550 3259 606 dicentem
3309 550 3377 603 de

1817 643 2080 710 apostolis
2111 660 2124 696 :
2170 660 2190 694 ι
2227 641 2330 697 Sed
2351 659 2474 697 cum
2505 644 2739 698 viderem
2769 657 2865 697 eos
2915 656 3024 697 non
3056 649 3208 696 recto
3239 641 3378 711 pede

1818 732 2070 788 incedere
2117 736 2416 789 secundum
2456 735 2737 790 veritatem
2769 733 3070 804 Evangelii,
3109 734 3218 786 dixi
3271 731 3376 786 Ce-

1818 821 1937 891 phm
1987 838 2168 877 coram
2217 825 2470 880 omnibus
2501 826 2545 855 ³⁸
2581 844 2598 876 ι
2652 826 2793 894 (qum
2847 829 3148 892 sequuntur
3197 829 3377 872 autem

1818 916 1984 978 nosti,
2022 916 2066 968 si
2099 915 2316 984 quidem
2377 930 2437 969 es
2492 930 2772 970 sacrorum
2805 928 3116 969 sermonum
3169 908 3380 964 studio-

1819 1004 1934 1074 sus)
1960 1043 1976 1070 ,
2007 1006 2136 1075 quid
2173 1005 2319 1059 aliud
2349 1006 2662 1073 existimas,
2718 1020 2878 1076 quam
2914 1019 3009 1060 eos
3036 1001 3197 1057 aliud
3227 1002 3378 1054 locu-

1819 1102 1904 1152 tus
1927 1111 2048 1152 esse
2082 1106 2175 1151 aut
2211 1097 2404 1153 iecisse
2427 1141 2442 1164 ,
2498 1099 2641 1168 quod
2701 1113 2764 1154 ex
2809 1097 2989 1151 divina
3023 1096 3380 1166 inspiratione

1819 1201 1928 1240 non
1961 1186 2446 1256 proﬁciscebatur?
2485 1189 2625 1243 Idem
2657 1188 2723 1242 de
2750 1188 2930 1257 seipso
2953 1187 3084 1241 dicit
3117 1206 3130 1240 :
3164 1204 3184 1238 ι
3236 1186 3379 1239 Nihil

1821 1279 1952 1332 mihi
1999 1281 2253 1336 conscius
2305 1295 2462 1342 sum.
2510 1281 2601 1334 sed
2649 1295 2756 1333 non
2801 1280 2855 1332 in
2907 1281 3008 1333 hoc
3050 1279 3381 1349 justiticatus

1820 1384 1942 1424 sum
1983 1369 2052 1424 ⁸⁸.
2091 1388 2111 1422 ι
2143 1370 2212 1422 At
2244 1385 2353 1424 non
2402 1370 2476 1422 ita
2523 1369 2794 1437 Spiritus:
2853 1368 2974 1423 ideo
3012 1368 3215 1422 dictum
3249 1376 3376 1424 est:

1825 1479 1846 1512 ι
1885 1460 2000 1515 Non
2033 1461 2284 1531 loquetur
2310 1476 2339 1514 a
2367 1462 2676 1529 semetipso.
2717 1480 2734 1512 ι
2762 1460 2950 1514 Anam.
2985 1460 3187 1515 Omnes
3216 1462 3383 1531 igitur

1822 1551 2071 1608 homines
2106 1553 2266 1607 modo
2295 1553 2512 1623 quidem
2557 1568 2653 1607 sua
2678 1593 2692 1618 ,
2740 1553 2901 1607 modo
2954 1567 3082 1607 vero
3136 1569 3255 1623 quae
3289 1552 3382 1608 Dei

1823 1651 1971 1706 sunt,
2004 1644 2337 1714 loquuntur:
2372 1653 2426 1698 at
2459 1645 2655 1714 angeli,
2703 1661 2823 1714 quae
2852 1644 2942 1699 Dei
2998 1654 3126 1700 sunt
3171 1661 3384 1715 semper

1824 1732 2136 1803 loquuntur.
2159 1732 2310 1788 Ortli.
2344 1733 2420 1789 Ne
2453 1735 2554 1788 hoc
2588 1735 2806 1804 quidem
2835 1730 3017 1790 ver'um
3041 1744 3146 1789 est.
3182 1735 3316 1789 Nam
3337 1739 3386 1793 si

156 1822 591 1891 ἁμαρτησάντων
635 1823 736 1875 οὐκ
767 1823 1036 1893 ἐφείσατο.
1073 1843 1094 1876 ι
1150 1826 1336 1894 Ἀνόμ.
1377 1827 1535 1882 Ἀλλὰ
1567 1831 1658 1882 καὶ
1682 1831 1734 1882 εί

1833 1842 2064 1897 semper,
2085 1842 2204 1897 quae
2221 1826 2312 1881 Dci
2346 1836 2496 1890 sunt,
2521 1827 2894 1895 loquerentur,
2916 1843 3022 1880 non
3041 1836 3386 1896 peccassent,

160 1931 289 1965 ποτε
307 1914 340 1984 ἦ
349 1915 556 1984 μαρτόν
571 1931 713 1977 τινες
728 1914 836 1968 τῶν
851 1916 1114 1984 ἀγγέλων,
1128 1916 1240 1970 ἀλλ’
1254 1918 1388 1971 εἰσὶν
1410 1919 1626 1987 ἄγγελοι
1644 1922 1729 1974 ἀν-

159 2007 482 2077 αμάρτητοι.
502 2007 646 2074 Ὀρθ.
661 2008 734 2059 Οὐ
749 2006 1034 2079 ζητοῦμεν,
1051 2008 1247 2063 είείσιν
1262 2009 1478 2079 ἄγγελοι
1495 2012 1730 2084 ἀναμάρο

157 2116 327 2168 τητοι,
346 2098 460 2152 ἀλλ’
491 2100 540 2150 εί
563 2098 812 2152 δύνανται
832 2099 1167 2171 ἀμαρτῆσαι.
1201 2101 1312 2153 Καὶ
1330 2100 1439 2173 γὰρ
1459 2101 1553 2156 καὶ
1571 2103 1729 2173 ἡμεῖς

161 2191 267 2259 (89)
302 2192 409 2254 ἕως
441 2190 538 2244 νῦν
585 2191 682 2243 οὐκ
726 2189 1090 2262 ἀπεθάνομεν,
1123 2191 1218 2244 καὶ
1251 2191 1416 2261 ἐσμὲν
1447 2190 1630 2260 θνητοὶ
1652 2190 1728 2262 τῷ

158 2284 418 2337 δύνασθαι
446 2283 755 2342 ἀποθανεῖν.
779 2283 839 2335 ού
864 2283 941 2352 τῷ
971 2283 1071 2354 ἤδη
1088 2282 1541 2353 ἀποτεθνηκέναι·
1565 2285 1730 2351 ἐγχω-

165 2378 245 2446 ρεῖ
265 2375 377 2446 γὰρ
405 2374 501 2428 καὶ
537 2377 610 2444 μὴ
645 2373 934 2427 ἀποθανεῖν
953 2390 1072 2426 τινα
1102 2371 1277 2442 ἡμῶν,
1298 2372 1373 2435 ὡς
1391 2372 1480 2424 τὸν
1522 2372 1725 2424 Ἠλίαν.

163 2466 275 2518 Κᾶν
313 2467 388 2536 μή
427 2482 513 2528 τις
537 2465 593 2518 δὲ
626 2465 780 2534 ήμῶν
831 2464 1094 2538 ἀποθάνῃ,
1138 2464 1252 2518 ἀλλ’
1301 2466 1334 2535 ἡ
1378 2464 1537 2533 φύσις
1592 2465 1728 2537 αὑτὴ

161 2557 325 2628 θνητή
361 2560 532 2610 ἐστιν.
570 2557 732 2610 Ὥστε
758 2557 851 2612 καὶ
879 2557 988 2610 τῶν
1016 2556 1261 2624 ἀγγέλων
1279 2557 1335 2609 αἱ
1356 2555 1608 2626 μυριάδες
1628 2557 1729 2609 οὐκ

162 2649 482 2718 ἐψεύσαντο,
518 2649 633 2703 ἀλλ’
672 2649 940 2719 ἐφύλαξαν
975 2649 1046 2702 τὰ
1076 2648 1170 2702 τοῦ
1215 2647 1348 2700 Θεοῦ
1398 2648 1583 2726 λόγια·
1614 2648 1728 2702 ἀλλ’

164 2743 380 2813 ἐδείχθη
429 2742 610 2796 αὐτῶν
641 2744 674 2812 ἡ
719 2743 879 2810 φύσις
929 2739 1156 2812 τρεπτὴ,
1210 2740 1304 2792 καὶ
1350 2739 1587 2791 λαλοῦσα
1637 2739 1729 2807 ἀφ’

163 2836 385 2906 ἑαυτῆς,
417 2836 478 2888 τό
510 2852 661 2898 τινας
687 2833 797 2905 (90)
819 2833 996 2887 αὐτῶν
1025 2832 1297 2902 τραπῆναι
1327 2833 1417 2884 καὶ
1437 2830 1613 2884 λαλεῖν
1637 2832 1729 2898 ἀφ’

166 2927 394 2980 ἑαυτῶν.
429 2927 504 2979 Τὸ
524 2926 580 2980 δὲ
615 2926 835 2996 Πνεῦμα
855 2925 916 2978 τὸ
939 2926 1091 2993 ἀγιον
1125 2925 1184 2977 ού
1218 2925 1369 2977 λαλεῖ
1395 2926 1486 2992 ἀφ’
1515 2923 1726 2976 ἑαυτοῦ.

165 3021 236 3074 Ού
264 3021 377 3092 γάρ
422 3023 540 3073 ἐστι
588 3021 819 3091 γεητῆς
870 3020 1102 3088 φύσεως,
1148 3018 1288 3071 ῶστε
1336 3018 1430 3070 καὶ
1479 3016 1730 3069 δύνασθαι

163 3115 462 3186 τραπῆναι.

1828 1918 1963 1973 adeo
1993 1927 2051 1972 ut
2083 1919 2340 1988 scriptum
2381 1919 2492 1973 sit:
2530 1937 2548 1969 ι
2588 1917 2718 1971 Nam
2751 1919 2796 1972 si
2841 1920 3078 1988 angelis,
3135 1919 3226 1989 qui
3263 1935 3390 1989 pec-

1828 2018 2102 2072 caverant,
2133 2025 2240 2064 non
2270 2010 2507 2079 pepercit
2527 2009 2591 2076 “,
2633 2029 2651 2060 ι
2689 2017 2793 2064 etc.
2826 2011 3015 2064 Anam.
3045 2009 3149 2064 Sed
3173 2011 3389 2064 etiamsi

1825 2101 2074 2154 nonnulli
2099 2101 2410 2172 angelorum
2467 2101 2594 2156 olim
2645 2109 2979 2170 peccarunt,
3034 2109 3162 2155 sunt
3207 2111 3389 2155 tamen

1834 2192 2008 2261 angeli
2070 2192 2277 2262 peccati
2335 2199 2601 2261 expertes.
2669 2191 2818 2246 Orth.
2880 2191 2997 2246 Non
3069 2194 3387 2263 qumrjmus,

1830 2297 1899 2337 an
1955 2283 2066 2339 sint
2127 2283 2302 2353 angeli
2359 2284 2564 2354 absque
2612 2291 2858 2355 peccato,
2918 2285 3010 2340 sed
3067 2301 3133 2340 an
3181 2286 3392 2357 possint

1831 2389 2074 2445 peccare.
2120 2374 2329 2430 Etenim
2374 2391 2473 2430 nos
2518 2392 2736 2446 quoque
2777 2393 2950 2447 usque
2995 2395 3141 2432 nunc
3190 2381 3391 2434 mortui

1831 2482 1941 2521 non
1973 2483 2184 2532 sumus,
2212 2475 2265 2522 et
2291 2483 2482 2522 sumus
2510 2471 2764 2524 mortales
2786 2510 2800 2533 ,
2842 2485 2909 2525 eo
2946 2471 3088 2540 quod
3120 2474 3393 2540 possimus

1830 2561 1991 2625 mori,
2026 2575 2132 2614 non
2167 2561 2309 2630 quod
2337 2561 2448 2630 jam
2478 2563 2676 2615 mortui
2713 2577 2902 2617 sumus
2929 2603 2944 2626 ,
2985 2563 3248 2630 siquidem
3277 2563 3392 2619 ﬁeri

1830 2659 2008 2721 potest
2075 2659 2135 2706 ut
2184 2652 2350 2720 aliqui
2407 2663 2650 2707 nostrum
2700 2669 2808 2707 non
2861 2655 3205 2719 moriantur,
3267 2655 3393 2710 Elizr

1831 2742 2096 2812 exemplo.
2137 2741 2358 2799 Etiamsi
2389 2758 2518 2798 vero
2539 2743 2806 2813 quispiam
2846 2754 3092 2798 nostrum
3131 2761 3239 2800 non
3274 2761 3391 2801 mo-

1832 2830 2025 2898 riatur,
2057 2840 2112 2887 at
2161 2834 2276 2904 ipsa
2328 2841 2474 2889 certe
2517 2843 2710 2888 natura
2757 2842 2841 2888 est
2895 2837 3159 2890 mortalis.
3213 2836 3391 2907 Itaque

1833 2925 2080 2994 quamvis
2099 2925 2370 2996 myriades
2393 2926 2706 2994 angelorum
2733 2941 2841 2979 non
2871 2927 3108 2980 mentita:
3144 2927 3274 2991 sint,
3299 2927 3390 2981 sed

1835 3015 1928 3070 Dei
1957 3030 2261 3070 sermonem
2293 3017 2672 3080 custodierint,
2705 3017 2883 3086 reipsa
2911 3025 3090 3070 tamen
3123 3018 3390 3086 apparuit.

1836 3109 2149 3163 mutabilem
2180 3123 2302 3163 esse
2335 3108 2578 3179 ipsorum
2609 3118 2883 3176 naturam,
2917 3123 2980 3162 ac
3015 3109 3161 3180 loqui
3190 3126 3310 3165 eam
3333 3127 3391 3165 ex

165 3206 461 3274 semetipsa
491 3242 508 3268 ,
565 3200 1006 3273 quandoquidem
1069 3214 1257 3256 eorum
1315 3197 1486 3268 aliqui
1543 3197 1735 3251 mutati
1772 3206 1918 3260 sunt,
1954 3212 2018 3251 ac
2070 3198 2235 3252 locuti
2273 3214 2302 3252 a
2370 3201 2698 3270 semetipsis.
2755 3200 2825 3254 At
2884 3199 3120 3270 Spiritus
3175 3211 3392 3256 sanctus

167 3311 269 3350 non
301 3295 558 3378 loquitur
587 3309 618 3348 a
643 3295 955 3364 semetipso.
997 3291 1114 3347 Non
1155 3291 1302 3347 enim
1341 3297 1426 3346 est
1450 3305 1514 3344 ea
1552 3298 1747 3344 natura
1784 3290 2078 3360 prmditus,
2109 3305 2229 3360 qua:
2263 3291 2405 3345 facta
2435 3293 2543 3355 sit,
2576 3308 2640 3346 ac
2678 3293 2910 3363 proinde
2971 3295 3166 3348 mutari
3205 3298 3379 3365 possit

230 3386 320 3440 25.
370 3385 570 3453 Ἀνόμ.
605 3383 776 3437 Πόθεν
799 3381 930 3453 γὰρ,
978 3382 1060 3434 ὅτι
1102 3381 1163 3433 ού
1195 3378 1415 3434 δύναται
1464 3379 1734 3449 τραπῆναι

1904 3378 1994 3432 25.
2035 3380 2222 3434 Anam.
2257 3378 2569 3446 Enimvero,
2604 3383 2744 3439 unde
2773 3383 2905 3438 illud
2936 3383 3098 3440 habet
3132 3382 3392 3456 Spiritus,

168 3475 226 3530 τὸ
259 3474 530 3544 Πνεῦμας
565 3474 718 3541 Ὀρθ.
758 3473 832 3525 Τδ
857 3471 1093 3542 παρέχον
1123 3470 1300 3533 ἀλλοις
1323 3469 1420 3540 τὴν
1451 3468 1730 3540 ἀτρεψίαν,

171 3567 380 3638 ἀνάγκη
419 3566 692 3636 ἄτρεπτον
724 3559 862 3616 εἶναι
895 3566 962 3634 τῇ
1007 3563 1179 3631 φύσει.
1233 3563 1428 3631 Ἀνόμ.
1469 3560 1588 3613 Εἰσὶ
1628 3560 1735 3632 γὰρ

169 3655 257 3712 οῦν
288 3660 384 3712 καὶ
421 3656 561 3711 ἄλλα
591 3655 854 3726 ἄτρεπτα.
916 3655 979 3708 Ei
1031 3654 1141 3725 γάρ
1172 3653 1398 3724 παρέχει
1449 3650 1626 3714 ἀλλοις
1678 3651 1737 3704 τὸ

170 3749 388 3821 Πνεῦμα
412 3747 517 3818 τὴν
545 3747 828 3818 ἀτρεψίαν,
878 3746 1015 3800 αύτά
1061 3747 1266 3812 ἐκεῖνα,
1291 3739 1372 3808 οἷς
1419 3743 1645 3815 παρέχει
1676 3743 1739 3797 τὸ

174 3843 395 3912 Πνεῦμα
444 3841 546 3910 τὴν
591 3839 888 3909 ἀτρεψίαν,
940 3838 1183 3911 ἄτρεπτά
1224 3839 1360 3890 είσιν
1410 3836 1542 3908 (91).
1587 3837 1735 3904 Ὀρθ.

183 3933 336 3988 Ἀλλά
355 3934 432 3988 τά
457 3933 553 4004 μέν
577 3933 682 3984 είσι
713 3933 909 4001 μετοχῇ
937 3929 1197 4002 ἄτρεπτα,
1220 3928 1288 3982 τά
1311 3929 1367 3981 δὲ
1384 3929 1450 3998 τῇ
1471 3926 1648 3996 φύσει,
1666 3927 1741 3989 ὡς

169 4026 228 4080 τὸ
241 4027 351 4097 πῦρ
383 4025 553 4095 φύσει
581 4023 696 4076 ἐστὶ
710 4023 1019 4090 καυστικδν,
1037 4023 1099 4075 τὸ
1118 4022 1174 4074 δὲ
1191 4020 1331 4092 ὕδωρ
1353 4019 1492 4073 κατὰ
1507 4018 1744 4090 παράθεο

172 4133 252 4170 σιν
264 4118 358 4171 τοῦ
376 4116 559 4186 πυρὸς
574 4115 864 4168 καυστικὸν
877 4115 1101 4183 γίνεται.
1123 4113 1305 4176 Οῦτως
1326 4112 1385 4165 τὸ
1410 4113 1506 4183 μὲν
1521 4110 1743 4181 Πνεῦμα

173 4205 324 4272 φύσει
341 4189 498 4258 ἐστὶν
514 4204 800 4275 ἄτρεπτον,
817 4203 864 4254 οἱ
880 4202 937 4254 δὲ
958 4203 1272 4272 μετέχοντες
1287 4200 1449 4254 αὐτοῦ
1467 4199 1607 4253 κατά
1626 4216 1748 4270 μετ-

173 4297 294 4369 οχὴν
324 4297 617 4370 ἄτρεπτοι.
637 4296 832 4362 Ἀνόμ.
863 4295 952 4366 Μὴ
973 4294 1145 4358 θέλεις
1174 4295 1345 4346 εἰπεῖν
1378 4294 1458 4347 ὅτι
1497 4294 1590 4346 καὶ
1616 4292 1746 4344 αὐτὸ

171 4392 228 4444 τὸ
263 4392 499 4462 Πνεῦμα
548 4388 740 4458 Πατήρ
773 4389 955 4451 tactv;
990 4388 1134 4454 Ὀρθ.
1156 4386 1246 4456 Μὴ
1277 4386 1510 4454 γένοιτοί
1548 4386 1741 4454 ’Δγ-ὀμ.

173 4482 232 4534 Et
254 4482 434 4535 πάντα
473 4478 544 4532 τὰ
572 4478 680 4532 ῐδια
695 4477 786 4531 τοῦ
815 4477 1048 4549 Πατρὸς,
1067 4474 1276 4529 καὶτοῦ
1299 4475 1614 4546 Πνεύματός
1639 4477 1744 4528 εἰσι

172 4572 394 4624 καὶτοῦ
436 4569 577 4623 Υίοῦ
632 4569 806 4634 κοινά,
856 4569 1056 4637 ὀφείλει
1107 4568 1201 4621 καὶ
1250 4568 1438 4640 Πατὴρ
1491 4563 1628 4620 εἶναι
1684 4568 1746 4622 τὸ

175 4658 395 4730 Πνεῦμα
563 4657 657 4710 καὶ
688 4657 834 4720 Υἱός.
875 4658 1020 4724 Ὀρθ.
1049 4657 1164 4710 Ούκ
1187 4652 1370 4710 εῐποψ
1399 4658 1479 4711 Τά
1517 4657 1621 4710 ἴδια
1652 4658 1745 4712 τοῦ

1833 3473 1893 3520 ιιι
1934 3471 2133 3523 mutari
2163 3484 2270 3522 non
2304 3470 2517 3539 possit?
2553 3471 2706 3526 Orth.
2739 3471 2895 3538 Quod
2927 3475 3048 3530 aliis
3077 3477 3280 3544 praebet
3305 3478 3378 3530 im

1834 3559 2279 3624 mutabilitatem,
2324 3577 2545 3617 necesse
2585 3571 2670 3617 est
2705 3573 2896 3617 natura
2947 3579 3069 3620 esse
3127 3567 3381 3621 immuta-

1837 3649 1964 3704 bile.
2004 3651 2194 3706 Anam.
2238 3651 2377 3706 Sunt
2407 3653 2572 3722 igitur
2602 3653 2762 3724 422
2795 3655 2898 3708 alia
2929 3671 3144 3726 quoque
3201 3657 3367 3710 immu

1837 3741 2040 3796 tabilia.
2073 3739 2205 3796 Nam
2239 3744 2285 3796 si
2326 3744 2450 3800 aliis
2488 3752 2708 3814 praestat
2739 3744 2976 3814 Spiritus
3009 3745 3155 3800 illam
3205 3747 3390 3801 immu-

1839 3834 2192 3896 tabilitatem,
2240 3850 2433 3905 nempe
2483 3837 2607 3901 illa,
2661 3837 2863 3906 quibus
2911 3837 3390 3893 immutabilitatenc

1841 3924 1986 3977 illam
2040 3925 2240 3993 praebet
2290 3922 2567 3994 Spiritus,
2629 3925 2792 3980 etiam
2845 3936 2974 3981 sunt
3019 3927 3378 3981 immutabilia

1843 4014 1992 4070 Orth.
2022 4014 2127 4070 Sed
2155 4015 2397 4086 quaedam
2420 4027 2547 4072 sunt
2575 4018 2931 4072 immutabilia
2961 4018 3380 4089 participatione

1841 4108 2086 4178 quaedam
2117 4119 2332 4170 natura,
2357 4116 2416 4162 ut
2450 4109 2589 4180 ignis
2615 4117 2804 4162 natura
2843 4108 3060 4178 quidem
3097 4118 3180 4164 est
3205 4123 3368 4166 urens

1844 4214 1982 4269 aqua
2004 4214 2132 4253 vero
2159 4201 2404 4269 apposito
2435 4201 2557 4271 igne
2575 4199 2666 4253 ‘flt
2709 4216 2894 4255 urens.
2927 4199 3005 4253 ita
3035 4198 3272 4270 Spiritus
3319 4214 3392 4256 es'

1845 4299 2040 4345 natura
2067 4291 2422 4346 immutabilis
2457 4309 2470 4345 :
2505 4291 2596 4361 qui
2632 4307 2758 4345 vero
2810 4291 2934 4345 facti
2972 4299 3099 4346 sunt
3132 4291 3251 4360 ejus
3280 4307 3385 4360 par-

1846 4383 2077 4452 ticipes,
2157 4382 2261 4436 hac
2336 4383 2750 4452 participatione
2812 4381 2948 4436 ﬁunt
3017 4383 3380 4438 immutabilcs

1847 4473 2034 4526 Anam.
2070 4472 2153 4526 An
2183 4472 2268 4527 vis
2325 4472 2506 4527 dicere
2553 4473 2702 4526 illum
2756 4471 2933 4541 ipsum
2986 4472 3245 4540 Spiritum
3303 4471 3390 4526 Pa-

1849 4571 1986 4619 trem
2023 4564 2186 4619 esse?
2221 4563 2372 4618 Orth.
2409 4564 2595 4619 Absit!
2653 4565 2840 4617 Anam.
2875 4564 3038 4633 Atqui
3070 4563 3115 4618 si
3150 4579 3388 4633 quascun-

1845 4670 1952 4725 que
1979 4663 2106 4708 sunt
2136 4653 2281 4708 Patri
2307 4655 2547 4724 propria,
2577 4661 2704 4708 sunt
2734 4669 2950 4724 quoque
2970 4651 3108 4706 Filio
3144 4661 3196 4706 et
3231 4651 3390 4720 Spiri-

174 4726 403 4822 Πατρδς,
433 4726 539 4802 οιαὶ
559 4745 653 4799 τοῦ
680 4746 807 4800 Υἱοῦ
831 4747 924 4800 καὶ⁸
947 4746 1038 4800 τοῦ
1062 4747 1374 4817 Πνεύματός
1419 4749 1523 4800 εισι
1557 4749 1734 4802 κοινάε

1850 4747 1925 4801 tui
1952 4745 2282 4810 communia,
2304 4751 2516 4815 oportet
2537 4753 2596 4799 ut
2621 4743 2782 4799 Pater
2823 4745 2892 4800 sit
2940 4744 3058 4814 ipse
3087 4742 3325 4813 Spiritus
3352 4755 3394 4798 e'

172 4839 324 4903 ἀλλὰ,
353 4839 441 4892 Τά
470 4837 584 4890 ἴδια
608 4837 707 4906 τῆς
732 4836 919 4900 οὐσίας
946 4837 1042 4890 τοῦ
1068 4835 1225 4901 Θεοῦ,
1259 4835 1354 4889 τοῦ
1399 4836 1612 4908 Πατρδς
1653 4838 1746 4891 καὶ

170 4933 260 4984 τοῦ
298 4931 434 4984 Υἰοῦ
489 4929 588 4983 καὶ
617 4928 711 4981 τοῦ
741 4928 896 4996 ἁγίου
926 4927 1241 4998 Πνεύματός
1268 4929 1371 4980 εἰσι
1406 4926 1561 4980 κοινά
1579 4943 1591 4956 ο
1635 4921 1745 4980 οἷον

172 5025 228 5078 τὸ
250 5025 560 5096 ἄφθαρτον,
594 5021 656 5074 τὸ
684 5020 969 5084 ἀθάνατον,
998 5020 1058 5073 τὸ
1077 5019 1451 5082 ἀναλλοίωτον,
1477 5017 1539 5070 τὸ
1574 5017 1742 5087 ἀψευ-

169 5117 274 5180 δὲς,
323 5119 423 5171 καὶ
461 5117 570 5171 ὅσα
624 5113 867 5168 τοιαῦτα.
919 5113 1118 5182 Ἀνόμ.
1156 5112 1346 5174 Ἀλλος
1391 5105 1482 5163 οῦν
1533 5111 1678 5163 ἐστιν
1714 5109 1743 5162 ὁ

171 5211 318 5278 Θεὸς,
353 5211 454 5265 καὶ
483 5207 647 5271 ἄλλος
682 5207 710 5258 ὁ
742 5209 965 5276 Πατὴρ;
1005 5207 1148 5273 Ὀρθ.
1183 5205 1272 5274 Μὴ
1321 5203 1530 5272 γένοιτο
1563 5203 1576 5255 !
1609 5201 1745 5256 ἀλλὰ

170 5303 246 5367 τὸ,
283 5305 444 5369 Θεὸς,
473 5303 578 5374 τὴν
610 5299 770 5370 φύσιν
790 5299 961 5371 δηλοῖ,
991 5298 1052 5351 τὸ
1078 5297 1135 5350 δὲ
1169 5295 1380 5367 Πατὴρ,
1421 5294 1520 5365 τὴν
1560 5295 1746 5365 σχέσιν

1849 4837 2041 4892 Filius.
2095 4834 2249 4891 Ortlt.
2289 4834 2405 4890 Non
2433 4835 2724 4903 dix—i..quae
2771 4833 2988 4904 propria
3019 4842 3147 4887 sunt
3185 4831 3393 4887 Patris.

1848 4943 1972 4984 esse
1996 4941 2210 4998 quoque
2240 4924 2381 4980 Filio
2421 4935 2475 4980 et
2515 4924 2739 4995 Spiritui
2782 4923 3129 4979 communia:
3162 4922 3258 4978 sed
3295 4923 3386 4978 dix

1850 5035 1934 5084 ea,
1961 5034 2082 5089 qum
2108 5017 2329 5088 propria
2360 5025 2487 5072 sunt
2516 5017 2835 5073 substantia:
2866 5014 2962 5071 Dei
2981 5055 2997 5079 ,
3040 5030 3164 5071 esse
3186 5023 3241 5070 et
3271 5013 3392 5070 Fili(

1849 5119 1904 5168 et
1931 5110 2155 5182 Spiritui
2201 5118 2392 5165 sancto
2431 5109 2763 5174 communia,
2801 5115 2862 5162 ut
2905 5106 3396 5177 incorruptibilem.

1849 5202 2227 5266 immortalem,
2252 5201 2639 5256 immutabilem
2659 5215 2804 5266 esse,
2828 5197 3045 5252 mentiri
3076 5211 3186 5251 non
3223 5211 3388 5266 posse

1849 5301 1906 5350 et
1936 5309 2274 5366 quaecunque
2304 5300 2432 5348 sunt
2462 5289 2792 5363 huiusmodi.
2824 5289 3014 5344 Anam.
3037 5289 3248 5360 Ergone
3271 5287 3392 5343 aliu:

239 5456 285 5490 ⁸⁸
321 5455 510 5514 Galat.
549 5471 619 5517 ιι,
662 5455 746 5509 lt.
822 5454 866 5487 ³⁸
905 5453 925 5506 1
957 5453 1081 5507 Cor.
1119 5468 1190 5513 iv,
1226 5453 1280 5505 4.
1357 5451 1402 5482 ³⁸
1435 5447 1477 5502 ll
1512 5447 1662 5507 Petr.
1699 5461 1762 5515 ιι,
1793 5449 1850 5505 4.

155 5575 161 5620 ⁵
242 5613 354 5691 (se)
390 5613 602 5691 Quae,
629 5611 739 5691 x91
759 5610 866 5679 γὰρ
895 5609 1072 5678 ἡμεῖς·

397 5683 590 5753 Ὲοτιεῖν
631 5683 906 5753 τῷκῗιναςε
1112 5743 1124 5753 .
1181 5746 1194 5753 -
1343 5740 1396 5753 η.

245 5687 335 5752 (90
397 5687 590 5746 Forte,
631 5687 708 5750 τῷ
735 5696 906 5742 τινας.
1386 5741 1396 5753 .

244 5687 358 5825 (9ίί
401 5752 530 5822 Τὴν
543 5749 852 5818 decep-lar,
871 5743 1127 5815 ἄτρεπτά
1146 5746 1320 5799 εἰσιν.
1343 5740 1433 5798 Sic
1451 5740 1648 5808 Palat.,
1679 5740 1746 5794 δι’

1849 5601 2264 5675 ὁμοεπέὲυτρν·
2309 5662 2336 5675 -
2489 5663 2643 5675 ....
2709 5660 2736 5672 -
2875 5659 2971 5675 ....

1923 5674 2035 5746 (9‘2)
2074 5670 2259 5742 Πατὴρ
2284 5662 2576 5748 εἶναιαύτδ
2597 5660 2842 5735 Πνεῦμα.
2875 5659 3017 5716 Edit.
3047 5657 3245 5732 Steph.
