3982 6398
529 345 536 368 .2
592 321 736 376 “55

1683 316 1742 372 S.
1783 315 2246 372 ATHANASIU‘S.
2288 349 2354 358 —-
2391 311 2660 371 SPL‘lllA.

3707 315 3831 372 1156

587 431 734 488 Deus
763 437 865 496 est,
895 430 1036 484 alius
1062 428 1263 483 Pater?
1291 429 1442 484 Orta.
1470 429 1657 482 Absit!
1693 429 1788 484 sed
1818 429 1912 484 Dei
1950 445 2140 484 nomen

2251 429 2348 501 τὴν
2379 429 2515 500 πρὸς
2544 429 2636 480 τὸν
2671 427 2814 479 Υξόν.
2847 427 2986 480 Ὅσα
3015 424 3106 480 οὖν
3137 427 3246 480 ἵδιά
3288 427 3396 479 eici.
3445 427 3550 497 τῆς
3605 426 3829 494 φύσεως,

585 530 835 579 naturam
863 521 1087 583 indicat,
1123 535 1321 574 nomen
1338 528 1512 574 autem
1531 519 1709 574 Patris
1725 536 1844 574 eam
1863 523 2150 583 rationem,

580 627 748 683 quam
775 611 839 664 ad
870 609 1066 664 Filium
1109 610 1287 663 habet.
1348 610 1697 678 Quaecunque
1735 611 1901 680 igitur
1934 611 2154 680 propria

581 710 712 758 sunt
737 708 978 764 naturae,
1028 700 1334 751 communia
1365 708 1492 752 sunt
1529 699 1772 766 ejusdem
1831 700 2153 755 substantia:

578 789 984 862 hypostasibus.
1007 785 1282 858 Siquidem
1315 788 1461 858 quod
1490 789 1629 844 dixit
1655 791 1920 860 propheta
1951 793 2017 855 ³⁷,
2044 791 2155 846 Ma-

578 879 880 952 gnitudinis
905 878 995 934 Dei
1027 895 1135 933 non
1181 887 1264 934 est
1308 879 1431 934 ﬁnis
1457 919 1472 944 ,
1513 881 1710 935 dixerit
1752 881 1914 934 etiam
1947 882 2150 952 aliquis

584 978 640 1024 et
670 969 738 1025 de
769 967 909 1022 Filio
932 976 985 1023 et
1021 968 1088 1022 de
1121 967 1362 1038 Spiritu;
1395 969 1524 1038 quia
1554 985 1732 1039 neque
1762 970 2153 1040 magnitudinis

585 1059 731 1124 Filii,
763 1076 941 1130 neque
966 1060 1356 1130 magnitudinis
1393 1059 1667 1131 Spiritus‘:
1695 1061 1839 1116 ullus
1863 1070 1946 1116 est
1969 1062 2154 1116 termi-

580 1167 711 1208 nus.
727 1150 862 1205 Nam
887 1171 904 1202 ι
930 1150 1154 1216 Quoiho
1191 1167 1222 1204 a
1254 1149 1458 1220 Spiritu
1491 1151 1622 1205 tuo?
1647 1161 1701 1206 et
1732 1166 1884 1221 quoa
1906 1151 2041 1206 facie
2063 1161 2155 1206 tua

583 1245 789 1317 fugiam
821 1244 905 1298 8"1'
947 1262 965 1296 ι
995 1243 1197 1299 Rerum
1224 1253 1406 1299 autem
1441 1245 1683 1299 omnium
1722 1244 2069 1300 conditarum
2100 1254 2154 1299 et

581 1337 852 1393 terminus
903 1344 989 1391 est
1033 1335 1232 1405 aliquis
1282 1343 1336 1392 et
1392 1338 1689 1406 quantitas.
1742 1335 1970 1390 Possum
2005 1335 2153 1389 enim

579 1429 765 1484 animo
791 1429 1082 1498 concipere
1117 1427 1442 1494 Gabrielem,
1469 1429 1562 1482 uhi
1599 1444 1709 1483 non
1747 1428 1818 1484 sit
1862 1427 2102 1499 Raphael
2132 1447 2148 1484 :

569 1519 789 1575 Patrem
819 1531 1002 1573 autem
1029 1529 1084 1574 et
1110 1519 1310 1574 Filium
1339 1528 1393 1574 et
1425 1519 1690 1590 Spiritum
1729 1528 1978 1575 sanctum
2029 1520 2152 1575 ubi-

570 1627 698 1682 que,
716 1611 773 1664 in
797 1610 1056 1665 omnibus
1076 1618 1133 1665 et
1153 1627 1248 1680 per
1277 1612 1460 1666 omnia
1489 1623 1668 1666 mente
1697 1611 2006 1667 considero.

640 1699 734 1756 26.
775 1701 967 1754 Anam.
1002 1698 1133 1754 Dico
1167 1702 1328 1754 etiam
1361 1716 1461 1772 ego
1484 1739 1500 1765 ,
1547 1701 1767 1770 ubique,
1795 1709 1849 1755 et
1886 1701 1940 1754 in
1968 1703 2147 1756 omnia

2255 523 2423 576 ταῦτα
2447 522 2601 574 κοινὰ
2626 521 2733 573 τῶν
2760 521 2858 590 τῆς
2875 521 3046 591 αὐτῆς
3071 521 3259 584 οὐσίας
3286 520 3672 573 ύποστὰσεων.
3692 522 3832 592 Ἀμέ-

2266 613 2346 666 λει
2376 615 2468 666 καὶ
2498 616 2595 684 τῆς
2621 612 3011 684 μεγαλωσύνης
3068 612 3160 666 τοῦ
3185 613 3319 666 Θεοῦ
3356 613 3460 666 οὐκ
3494 611 3616 665 ἐστι
3649 612 3829 683 τέρας,

2255 706 2468 776 εἴρηται
2488 705 2637 776 παρὰ
2659 705 2738 776 τῷ
2771 706 3023 776 προφήτῃ
3041 722 3054 734 ·
3086 705 3242 758 τοῦτο
3262 705 3318 757 δὲ
3346 705 3412 758 ἄν
3451 722 3542 766 τις
3579 705 3723 758 εῐποι
3747 704 3831 758 καὶ

2254 798 2497 870 περὶτοῦ
2533 798 2682 861 Υἱοῦ,
2715 799 2808 850 καὶ
2843 800 2970 868 περὶ
3015 797 3108 849 τοῦ
3161 797 3515 868 Πνεύματος·
3569 795 3694 850 οὔτε
3732 799 3829 869 γὰρ

2253 891 2351 960 τῆς
2385 889 2774 960 μεγαλωσύνης
2793 889 2888 941 τοῦ
2921 888 3048 941 Υἱοῦ
3084 888 3192 958 (95)
3216 889 3333 940 ἐστι
3367 889 3566 958 πέρας,
3593 887 3716 940 οὔτε
3739 887 3827 955 τῆς

2257 980 2645 1052 μεγαλωσύνης
2693 980 2785 1034 τοῦ
2841 981 3175 1049 Πνεύματος.
3233 998 3252 1030 ι
3311 979 3425 1032 Ποῦ
3473 999 3495 1032 ι
3542 979 3654 1050 γὰρ
3690 1000 3708 1030 ι
3744 997 3826 1032 πο-

2254 1073 2431 1143 ρευθῶ
2453 1074 2559 1126 ἀπὸ
2581 1073 2673 1126 τοῦ
2696 1074 3011 1144 Πνεύματός
3035 1091 3126 1128 σου
3145 1092 3158 1139 ;
3179 1074 3274 1127 καὶ
3296 1073 3406 1126 ἀπὸ
3421 1073 3520 1126 τοῦ
3545 1072 3823 1144 προσώπου

2255 1182 2350 1217 σου
2370 1165 2471 1218 ποῦ
2487 1165 2642 1233 φύγω
2657 1182 2671 1228 ;
2685 1185 2702 1216 ›
2728 1165 2847 1219 Τῶν
2863 1166 2919 1218 δὲ
2941 1168 3253 1237 κτισμάτων
3271 1166 3532 1218 ἁπάντων
3550 1167 3646 1218 καὶ

2254 1256 2377 1309 ἐστὶ
2429 1258 2522 1309 καὶ
2573 1257 2828 1328 ποσότης.
2885 1258 3130 1329 Δύναμαι
3182 1257 3292 1329 γὰρ
3343 1259 3538 1328 νοῆσαι
3590 1258 3682 1311 τὸν
3725 1259 3820 1310 Γα-

2253 1347 2431 1420 ϐριὴλ,
2475 1349 2603 1402 ἔνθα
2667 1350 2766 1402 οὐκ
2825 1350 2972 1405 ἐστιν
3005 1355 3034 1405 ὁ
3073 1350 3350 1421 Ῥαφαήλ·
3389 1350 3614 1421 Πατέρα
3654 1349 3708 1401 δὲ
3739 1349 3819 1402 καὶ

2253 1440 2379 1495 Υἰὸν
2409 1443 2502 1494 καὶ
2535 1442 2687 1509 ἇγιον
2721 1442 2969 1515 Πνεῦμα,
3010 1443 3284 1514 πανταχοῦ
3329 1445 3424 1497 καὶ
3457 1446 3517 1496 ὲν
3560 1446 3694 1497 πᾶσι
3738 1445 3818 1495 καὶ

2251 1529 2340 1583 διὰ
2373 1532 2591 1585 πάντων
2624 1532 2728 1585 νοῶ

2320 1688 2408 1741 26.
2453 1691 2652 1761 Ἀνάμ.
2706 1693 2877 1762 Κάγὼ
2935 1693 3098 1762 λέγω,
3155 1696 3236 1746 ὅτι
3277 1691 3557 1762 πανταχοῦ
3629 1691 3720 1743 καὶ
3765 1691 3815 1741 ὲν

567 1789 694 1853 bus,
725 1797 779 1845 et
807 1805 903 1860 per
933 1789 1114 1843 omnia
1133 1806 1252 1844 esse
1275 1789 1512 1854 Patrem,
1542 1788 1763 1856 Filium,
1794 1800 1848 1846 ct
1879 1789 2140 1861 Spiritum

2250 1781 2382 1833 πᾶσι
2413 1783 2506 1837 καὶ
2531 1783 2618 1838 διὰ
2647 1786 2864 1839 πάντων
2900 1787 3014 1839 ἐστὶ
3060 1785 3246 1856 Πατὴρ
3281 1788 3374 1838 καὶ
3401 1785 3533 1847 Υἱὸς
3561 1784 3654 1836 καὶ
3678 1782 3814 1850 ἅγιον

569 1888 848 1936 sanctum.
889 1880 1040 1936 Orth.
1075 1881 1264 1936 Nonne
1297 1883 1349 1936 id
1372 1890 1456 1936 est
1476 1882 1962 1946 consubstantiale,
1985 1883 2135 1953 quod

574 1974 827 2029 eamdem
851 1974 1169 2029 substantiae
1188 1975 1452 2029 rationem
1472 1975 1693 2042 recipit?
1720 1974 1910 2029 Anam.
1929 1973 2046 2028 Non
2063 1974 2148 2029 di-

566 2062 651 2121 cis
681 2064 849 2134 igitur
879 2063 1138 2133 majorem
1159 2079 1279 2118 esse
1295 2061 1510 2117 Patrem
1529 2061 1692 2116 Filio?
1720 2065 1873 2119 Orth.
1892 2063 1960 2118 Ut
1979 2064 2147 2120 Deum

563 2157 678 2214 Deo
704 2157 986 2227 majorem,
1011 2172 1354 2228 nequaquam
1388 2176 1400 2210 :
1432 2157 1530 2212 sed
1557 2166 1614 2210 ut
1647 2155 1862 2212 Patrem
1894 2157 2016 2211 Filii
2041 2158 2147 2211 hu-

561 2265 727 2306 mana
751 2265 916 2305 carne
945 2249 1119 2304 induti
1148 2269 1161 2302 :
1195 2249 1464 2319 siquidem
1501 2264 1610 2302 non
1639 2249 1812 2302 dixit:
1854 2249 1995 2303 Deus
2029 2263 2147 2302 ma-

559 2341 651 2409 jor
678 2355 765 2394 me
788 2345 892 2404 est,
935 2336 1031 2394 sed
1061 2357 1079 2389 ι
1112 2334 1272 2392 Pater
1307 2336 1482 2407 major
1537 2351 1622 2390 me
1656 2345 1740 2390 est
1773 2336 1839 2388 ³³.
1877 2354 1896 2387 ι
1949 2337 2142 2390 Αηοηι.

560 2426 761 2484 Filium
816 2445 947 2500 ergo
1004 2429 1144 2484 dicis
1197 2428 1395 2482 deitate
1460 2426 1725 2495 aqualem
1782 2441 1906 2480 esse
1962 2425 2147 2480 Patri?

563 2521 718 2578 Orth.
760 2521 1034 2577 Maxime:
1078 2521 1210 2576 dicit
1242 2519 1386 2574 enim
1419 2519 1756 2588 Apostolus:
1796 2537 1814 2568 ι
1859 2517 1973 2572 Hoc
2017 2533 2147 2574 sen-

562 2616 662 2670 tite
689 2616 746 2670 in
773 2615 950 2678 vobis,
988 2614 1133 2685 quod
1165 2621 1218 2668 et
1243 2612 1300 2666 in
1329 2611 1550 2666 Christo
1583 2609 1713 2665 Jesu
1742 2627 1756 2664 :
1796 2611 1892 2681 qui
1935 2625 2064 2665 cum
2088 2611 2146 2666 in

562 2707 740 2762 forma
775 2705 868 2762 Dei
897 2715 1064 2773 esset,
1089 2721 1200 2760 non
1227 2705 1472 2774 rapinam
1501 2704 1801 2760 arbitratus
1829 2711 1912 2758 est
1933 2718 2058 2760 esse
2085 2719 2146 2760 se

561 2799 828 2871 aequalem
850 2798 961 2853 Deo
978 2798 1045 2851 ⁸ο.
1087 2817 1105 2849 ›
1129 2801 1318 2850 Anam.
1335 2793 1491 2864 Quod
1515 2795 1807 2864 igituripse
1820 2809 1928 2848 non
1943 2795 2142 2864 rapuit,

560 2907 663 2946 cur
700 2891 782 2945 illi
812 2889 1103 2945 attribuis?
1145 2887 1295 2942 Orth.
1332 2886 1600 2952 Quoniam
1626 2886 1741 2956 ipse
1781 2901 1892 2941 non
1931 2888 2141 2956 rapuit,

559 2983 658 3040 sed
681 2983 844 3036 habet
872 2989 1112 3047 natura;
1155 2988 1210 3034 et
1247 2980 1349 3034 hoc
1389 2978 1616 3042 habens,
1653 2996 1672 3028 ι
1712 2978 2014 3032 exinanivit
2056 2994 2144 3034 se-

559 3070 867 3138 metipsum,
896 3069 1070 3123 forma
1103 3069 1243 3123 servi
1269 3075 1490 3137 accepta
1532 3069 1598 3122 “.
1637 3084 1656 3119 ι
1681 3066 1812 3132 Qua)
1843 3069 1985 3122 enim
2017 3069 2137 3124 laus

2251 1872 2496 1943 Πνεῦμα.
2539 1877 2684 1944 Ὀρθ.
2718 1878 2888 1931 Τοῦτο
2914 1874 3005 1932 οὖν
3032 1880 3176 1931 ἐστιν
3213 1878 3323 1946 (94)
3355 1876 3660 1947 ὁμοούσιον,
3685 1875 3712 1926 ὃ
3733 1875 3813 1925 τὸν

2249 1963 2409 2016 αὑτὸν
2441 1967 2744 2038 ἐπιδέχεται
2771 1970 2928 2038 λόγον
2949 1971 3048 2041 τῆς
3069 1971 3275 2032 ούσίας.
3325 1969 3525 2037 Ἀνόμ.
3553 1967 3628 2020 Οὐ
3649 1966 3814 2034 λέγεις

2247 2051 2340 2108 οὖν
2373 2056 2595 2127 μείζονα
2622 2060 2712 2116 τὸν
2734 2062 2951 2132 Πατέρα
2982 2062 3074 2115 τοῦ
3125 2060 3290 2125 Tim");
3343 2061 3494 2127 Ὀρθ.
3554 2057 3641 2121 Ὠς
3694 2056 3812 2109 Θεὸν

2247 2146 2407 2214 Θεοῦ,
2467 2149 2565 2204 οῦο
2617 2153 2693 2217 ὡς
2747 2157 2964 2227 Πατέρα
3015 2155 3072 2209 δὲ
3123 2154 3249 2208 Υξοῦ
3285 2154 3807 2226 ἐνανθρωπήσαντος.

2263 2239 2479 2311 Ἀμέλει
2502 2244 2600 2297 ούκ
2627 2239 2800 2299 εἶπεν·
2841 2245 2900 2301 '0
2933 2246 3064 2310 Θεὸς
3095 2246 3298 2316 μείζων
3329 2263 3433 2316 μου
3477 2246 3655 2298 ἐστίν·
3686 2246 3807 2306 ἀλλ’,

2254 2351 2272 2384 ι
2315 2333 2373 2386 '0
2396 2336 2582 2407 Πατὴρ
2615 2336 2817 2408 μείζων
2851 2356 2952 2409 μου
2978 2339 3146 2391 ἐστίν.
3177 2360 3197 2390 ι
3247 2339 3447 2407 Ἀνόμ.
3494 2338 3575 2408 Τῇ
3616 2336 3808 2407 θεότητι

2247 2420 2340 2477 οῦν
2373 2425 2485 2480 τσον
2509 2426 2685 2496 λέγεις
2715 2429 2804 2480 τὸν
2832 2429 2956 2483 Υξὸν
2975 2429 3067 2482 τοῦ
3092 2428 3302 2500 Πατρός
3319 2446 3333 2494 ;
3353 2430 3500 2496 Ὀρθ.
3529 2429 3639 2482 Καὶ
3662 2428 3804 2481 πάνυ·

2248 2519 2472 2593 καὶγὰρ
2503 2521 2595 2574 καὶ
2617 2522 2646 2572 ὁ
2692 2522 3010 2585 Ἀπόστολος
3039 2521 3186 2589 λέγει
3213 2537 3227 2550 ο
3278 2540 3297 2572 ι
3326 2520 3500 2573 Τοῦτο
3524 2518 3808 2591 φρονείσθω

2248 2611 2306 2666 ὲν
2337 2613 2533 2684 Opimii
2563 2615 2656 2667 καὶ
2684 2615 2740 2665 ὲν
2771 2613 2990 2684 Χριστῷ
3029 2611 3203 2684 Ἰησοῦ
3223 2628 3237 2642 ⁸
3276 2611 3355 2676 ὃς,
3395 2615 3454 2665 ἐν
3483 2614 3665 2683 μορφῇ
3689 2609 3806 2663 Θεοῦ

2245 2682 2526 2776 ὑπάρχωνῖ
2543 2707 2640 2776 οὐχ
2673 2682 2971 2776 ἁρπαγμὸν.
2993 2682 3238 2776 ἡγήσατο
3265 2705 3328 2757 τὸ
3355 2701 3497 2758 εῖναι
3521 2682 3614 2757 ἴσα
3629 2705 3757 2775 Θεῷ.
3784 2726 3800 2756 ι

2259 2795 2455 2865 Ἀνόμ.
2495 2797 2560 2848 Ὃ
2591 2792 2684 2850 οὖν
2705 2796 2865 2858 αὐτὸς
2891 2795 2987 2865 οὐχ
3011 2796 3227 2866 ἥρπασε
3259 2794 3395 2864 (95),
3435 2797 3501 2849 σὺ
3534 2794 3626 2848 διὰ
3662 2796 3710 2847 τί
3738 2795 3804 2847 δίο

2243 2890 2349 2953 δως
2373 2889 2551 2960 αὑτῷ;
2591 2891 2735 2958 Ὀρθ.
2774 2891 2894 2941 Ὅτι
2923 2889 3021 2957 ούχ
3052 2888 3319 2959 ἥρπασεν,
3348 2887 3466 2940 ἀλλ’
3491 2887 3606 2958 ἔχει
3629 2891 3692 2958 τῇ
3723 2887 3804 2955 φύ-

2246 2997 2359 3033 σει·
2398 2981 2491 3033 καὶ
2525 2979 2660 3050 ἔχων
2693 2979 2870 3041 τοῦτο,
2899 2998 2917 3029 ι
2953 2979 3142 3032 ἑαυτὸν
3167 2979 3424 3041 ὲκὲνωσε,
3454 2979 3677 3050 μορφὴν,
3695 2978 3802 3030 δού-

2244 3070 2337 3124 λου
2365 3071 2563 3126 λαϐὼν.
2615 3090 2635 3122 ι
2687 3073 2844 3132 Ποῖος
2876 3069 2983 3140 γὰρ
3009 3066 3076 3141 ἦν
3104 3069 3323 3133 ἔπαινος
3340 3070 3418 3141 τῷ
3443 3071 3519 3142 μὴ
3558 3070 3726 3140 ἔχοντι
3751 3069 3804 3121 τὺ

559 3127 822 3212 debeatur
852 3127 924 3221 ei,
950 3157 1044 3227 qui
1089 3172 1250 3226 quam
1273 3171 1384 3209 non
1403 3127 1574 3210 habet
1604 3127 1989 3226 aequalitatem,
2018 3172 2139 3211 eam

2246 3160 2380 3228 ἴσον,
2413 3163 2506 3217 καὶ
2543 3161 2616 3232 μὴ
2647 3127 2982 3232 ἁρπάξοῦτιξ
3008 3127 3071 3213 liii
3089 3161 3196 3231 γὰρ
3218 3127 3374 3214 τοῦτο
3390 3127 3639 3225 ’έὲραὶνοᾷ
3661 3163 3802 3214 ἐπαι-

559 3263 672 3302 non
703 3247 926 3317 rapuit?
970 3246 1106 3301 Nam
1156 3247 1202 3300 si
1255 3247 1356 3301 hoc
1395 3246 1666 3302 laudabile
1718 3256 1832 3313 est,
1889 3247 2139 3301 similiter

559 3338 724 3393 etiam
752 3339 950 3393 coelum
987 3338 1316 3402 laudabitur,
1348 3347 1402 3392 et
1424 3335 1676 3405 Gabriel,
1705 3347 1758 3394 et
1791 3337 2052 3409 Raphael,
2081 3347 2137 3393 et

558 3429 875 3500 angelorum
937 3429 1158 3500 singuli,
1189 3437 1242 3485 et
1288 3429 1648 3502 arehangelus
1683 3431 1952 3503 quilibet,
1988 3432 2138 3504 quod

558 3520 926 3592 aequalitatem
956 3535 1081 3574 cum
1111 3518 1220 3574 Deo
1268 3535 1380 3574 non
1411 3521 1712 3591 rapuerint.

628 3614 719 3670 27.
755 3613 946 3668 Anam.
993 3611 1104 3667 Nos
1136 3613 1372 3669 dicimus
1420 3613 1658 3680 Patrem,
1696 3624 1749 3668 et
1801 3611 1999 3667 Filium
2026 3651 2041 3677 ,
2084 3622 2139 3666 et

558 3709 823 3780 Spiritum
857 3717 1105 3764 sanctum
1138 3723 1258 3762 esse
1294 3709 1467 3763 instar
1502 3707 1767 3777 episcopi,
1820 3717 1873 3761 et
1907 3706 2135 3776 presby-

556 3801 681 3870 teri,
707 3808 762 3856 et
792 3800 1027 3855 diaconi.
1073 3799 1225 3854 Orth.
1277 3798 1383 3854 Sed
1429 3800 1572 3854 sicut
1599 3798 1872 3869 quispiam
1902 3798 1994 3868 qui
2023 3797 2138 3866 epi-

557 3911 758 3964 scopus
785 3910 895 3948 non
929 3895 1020 3958 sit,
1045 3903 1100 3948 et
1136 3902 1317 3948 tamen
1352 3893 1512 3948 homo
1542 3893 1634 3958 sit,
1671 3891 1917 3947 eamdem
1975 3890 2137 3943 habet

557 3996 808 4041 naturam
839 3993 1000 4054 atque
1023 3987 1313 4056 episcopus
1345 4005 1357 4039 :
1380 3986 1630 4041 similiter
1655 3991 1709 4038 et
1737 3983 2023 4046 diaconus,
2042 3981 2137 4051 qui

559 4093 738 4147 neque
761 4077 1043 4146 presbyter
1059 4077 1150 4142 sit,
1168 4077 1663 4146 nequeepiscopus,
1680 4073 1924 4143 ejusdem
1954 4081 2136 4127 tamen

559 4176 644 4225 est
666 4177 905 4222 naturae:
937 4169 1013 4223 ita
1043 4169 1206 4238 igitur
1231 4181 1291 4222 tu
1319 4185 1535 4239 quoque
1561 4168 1747 4224 fateris
1783 4165 1980 4220 Filium
2013 4166 2137 4236 qui-

559 4257 684 4313 dem
717 4274 828 4312 non
853 4274 974 4313 esse
993 4257 1231 4326 Patrem,
1264 4260 1359 4315 sed
1389 4261 1634 4328 ejusdem
1667 4275 1789 4315 esse
1815 4271 2024 4314 naturae
2054 4269 2137 4313 at-

559 4362 666 4418 que
714 4346 975 4402 Patrem:
1038 4347 1336 4418 itidemque
1389 4349 1653 4418 Spiritum
1707 4347 1805 4402 Dei
1860 4365 1970 4403 non
2013 4363 2136 4403 esse

2239 3253 2521 3324 νεθήσεται
2553 3252 2754 3324 ὁμοίως
2783 3251 2876 3304 καὶ
2895 3253 2923 3304 ὁ
2946 3252 3192 3323 οὐρανὸς,
3226 3264 3321 3306 και
3365 3255 3394 3306 ὁ
3433 3253 3473 3304 Γ
3477 3253 3696 3326 αϐριῂλ,
3719 3253 3804 3307 καὶ

2237 3344 2267 3395 ὁ
2301 3345 2564 3416 Ῥαφαὴλ,
2592 3345 2686 3398 καὶ
2729 3345 2957 3406 ἕκαστος
2983 3343 3090 3396 τῶν
3123 3343 3390 3411 ἀγγέλων,
3439 3345 3535 3398 καὶ
3584 3346 3800 3407 ἕκαστος
3850 3375 3856 3380 -

2238 3437 2346 3492 τῶν
2381 3437 2754 3510 ἁρχαγγέλων,
2783 3437 2866 3490 ὅτι
2895 3435 2971 3507 μὴ
3002 3435 3257 3506 ἥρπασαν
3284 3435 3343 3488 τὸ
3375 3431 3516 3488 εἶναι
3557 3438 3648 3490 ῐσα
3674 3436 3799 3508 Θεῷ.

2308 3615 2398 3668 27.
2462 3616 2659 3683 Ἀνόμ.
2705 3613 2896 3686 Ἥμετς
2942 3615 3170 3687 λέγομεν
3210 3615 3465 3687 Πατέρα,
3517 3615 3615 3670 κει).
3668 3615 3801 3679 Ιῖὶὸν,

2237 3707 2330 3759 καὶ
2364 3706 2518 3774 ἆγιον
2547 3705 2792 3777 Πνεῦμα,
2819 3707 2895 3771 ὡς
2942 3708 3260 3771 ἐπίσκοπον,
3295 3709 3392 3761 καὶ
3425 3709 3800 3780 πρεσϐύτερον,

2237 3800 2333 3854 κα)⁵
2383 3801 2625 3854 διάκονον
2683 3800 2812 3870 (96).
2879 3801 3025 3868 Ὀρθ.
3079 3800 3219 3853 Ἀλλ’
3276 3800 3468 3871 ὥσπερ
3523 3801 3803 3862 ἐπίσκοπος

2236 3893 2335 3945 οὐκ
2389 3893 2486 3958 ὣν,
2550 3891 2837 3962 ἄνθρωπος
2879 3891 2937 3945 δὲ
2980 3891 3076 3956 ὢν,
3129 3893 3231 3962 τὴν
3274 3893 3445 3963 αὐτὴν
3503 3893 3615 3963 ἔχει
3651 3893 3798 3962 φύσιν

2236 3982 2316 4053 τῷ
2339 3983 2652 4054 ὲπισκόπῳ·
2681 3982 2883 4054 ὁμοίως
2907 3984 3000 4036 καὶ
3039 3986 3067 4036 ὁ
3099 3983 3368 4046 διάκονος,
3408 3982 3535 4036 οὔτε
3580 3983 3802 4054 πρεσϐύ-

2235 4093 2412 4147 τερος,
2435 4075 2560 4129 οὔτε
2595 4076 2889 4140 ἐπίσκοπος
2939 4075 3038 4138 ὢν,
3086 4076 3184 4146 τῆς
3226 4077 3399 4144 αὐτῆς
3457 4077 3640 4146 μέντοι
3699 4077 3802 4128 ἐστὶ

2237 4168 2454 4236 φύσεως
2474 4183 2488 4198 ο
2515 4165 2689 4229 οὕτως
2722 4161 2814 4219 οὖν
2846 4166 3025 4234 λέγεις
3072 4166 3166 4219 καὶ
3209 4167 3368 4229 αὐτὸς
3409 4167 3500 4219 τὸν
3527 4166 3651 4219 Υἱὸν
3703 4168 3801 4219 Πα-

2236 4260 2371 4331 τέρα
2406 4259 2504 4330 μὲν
2540 4259 2615 4328 μὴ
2649 4253 2812 4322 εῐναι,
2860 4257 2960 4326 τῆς
2993 4258 3050 4310 δὲ
3105 4258 3272 4328 αὐτῆς
3327 4257 3545 4324 φύσεως
3579 4257 3658 4328 τῷ
3703 4258 3802 4309 Ila.

2237 4350 2357 4419 τρί’
2395 4347 2571 4402 καὶτὸ
2600 4345 2822 4418 Πνεῦμα
2858 4346 2914 4399 δὲ
2941 4346 3038 4398 τοῦ
3060 4345 3218 4413 Θεοῦ,
3263 4347 3390 4399 Υἱὸν
3427 4347 3528 4417 μὲν
3575 4347 3648 4418 μὴ
3677 4342 3801 4398 εἶναι

557 4440 778 4510 quidem
804 4438 1024 4504 Filium,
1057 4455 1234 4509 neque
1249 4439 1491 4506 Patrem,
1521 4442 1616 4496 sed
1642 4440 1888 4510 ejusdem
1908 4455 2030 4495 esse
2054 4451 2134 4494 at-

2246 4418 2373 4512 uﬁ're
2403 4439 2641 4510 Πατέρα,
2681 4438 2780 4508 τῆς
2820 4439 2877 4492 δὲ
2926 4438 3098 4508 αὐτῆς
3152 4433 3291 4491 εἶναι
3325 4438 3436 4509 (97)
3471 4439 3685 4510 φύσεως
3734 4437 3801 4504 τῷ

557 4547 664 4604 que
699 4530 915 4587 Patrem
945 4539 1196 4586 naturae:
1246 4548 1345 4588 cur
1402 4533 1570 4603 igitur
1617 4532 1897 4588 auditores
1948 4531 2128 4598 fallis,

557 4637 682 4677 cum
705 4623 922 4678 nescias
954 4623 1083 4693 quid
1114 4622 1298 4677 dicas?
1337 4637 1402 4677 ac
1436 4638 1545 4676 non
1593 4622 1732 4678 dicis
1765 4634 1876 4678 tres
1906 4631 2132 4680 naturas

555 4714 888 4778 dissimiles,
941 4723 1002 4770 ut
1045 4715 1318 4786 angelum,
1349 4722 1404 4770 et
1433 4714 1747 4780 hominem,
1796 4723 1851 4770 et
1897 4716 2132 4784 equum?

555 4808 748 4862 Anam.
781 4806 942 4880 423
978 4807 1057 4861 lta
1085 4807 1207 4864 dico
1239 4826 1252 4861 :
1286 4805 1491 4877 alioqui
1527 4806 1722 4862 fuerim
1767 4807 2133 4863 consubstan-

2237 4532 2431 4602 Πατρί.
2467 4531 2532 4584 Τί
2583 4528 2676 4585 οὖν
2709 4531 2924 4600 ἀπατᾷς
2966 4533 3094 4594 τοὺς
3145 4530 3475 4594 ἀκούοντας,
3534 4531 3609 4601 μὴ
3658 4528 3800 4590 εἰδὼς

2235 4625 2271 4679 ἃ
2323 4625 2502 4694 λέγεις
2531 4665 2547 4688 ,
2609 4625 2670 4677 οὑ
2735 4624 2911 4693 λέγεις
2961 4623 3020 4676 δὲ
3073 4626 3221 4693 τρεῖς
3286 4623 3477 4692 φύσεις
3529 4623 3799 4692 ἀνομοίους

2237 4716 2312 4780 ὡς
2368 4717 2599 4786 ἄγγελον
2621 4756 2635 4782 ,
2688 4717 2783 4770 καὶ
2829 4716 3114 4788 ἄνθρωπον
3136 4755 3153 4780 ,
3209 4717 3303 4768 καὶ
3356 4716 3561 4781 ῖππον;
3615 4715 3796 4782 Ἀνόμ.

2240 4806 2396 4860 Οὕτω
2430 4809 2574 4876 λέγω
2597 4823 2610 4838 ο
2654 4808 2750 4861 ἐὰν
2782 4807 2891 4879 γὰρ
2915 4805 3076 4860 τοῦτο
3117 4805 3192 4878 μὴ
3227 4806 3386 4871 εἴπω,
3420 4807 3796 4877 ὁμοουσιαστὴς

626 4967 669 4999 ³⁷
709 4965 856 5023 Psal.
893 4980 1072 5031 cxuv,
1107 4965 1160 5020 5.
1239 4962 1284 4996 ³⁸
1321 4962 1468 5021 Psal.
1501 4980 1781 5033 cxxxvnl,
1817 4965 1871 5019 7.
1951 4965 1996 4996 ³³
2033 4961 2140 5019 Joa;

2246 4981 2342 5031 Liv,
2377 4965 2469 5021 28.
2544 4964 2590 4998 "
2629 4963 2865 5034 Philipp.
2901 4979 2975 5029 ιι,
3013 4963 3080 5026 5,
3117 4962 3170 5016 6.
3262 4961 3304 4992 ⁸³
3346 4962 3484 5016 ibid.
3522 4963 3575 5018 7.

626 5123 736 5194 (95)
775 5121 973 5194 Palati,
1005 5121 1096 5194 τοῦ
1129 5121 1283 5194 Θεοῦ.

561 5265 574 5278 .
626 5185 738 5264 (94)
777 5192 920 5248 Edit.
941 5193 1153 5263 Steph.,
1171 5191 1340 5246 Τοῦτο
1353 5191 1454 5245 οὐκ
1473 5189 1637 5247 ἐστιν.
1661 5191 1818 5262 Μεε.,
1839 5191 2009 5246 Τοῦτο
2033 5185 2126 5246 οὖν

557 5279 726 5318 εστιν.
1043 5288 1048 5293 ·

629 5334 739 5406 (95)
777 5331 974 5406 Palat.,
1004 5327 1374 5406 Ei_0§v_a€rr§§
1401 5333 1794 5406 οὐχ-ἥρπασεν.

629 5401 744 5474 (96)
763 5403 953 5475 _Palat.
985 5411 1038 5458 et
1060 5401 1267 5475 Felck.,
1298 5401 1761 5475 Ἡμεῖςλέγομεν,
1797 5406 1900 5468 ὅτι,
1937 5402 2126 5475 ὥσπερ

553 5472 970 5545 ὀπρεσϐύτερος
987 5472 1281 5545 ἐπίσκοπος
1306 5472 1405 5527 οὐκ
1437 5474 1530 5526 ἐστ
1541 5491 1606 5537 ιν,
1631 5472 1914 5545 ἅνθρωπος
1937 5472 2117 5545 δὲ-ὣν,

553 5543 660 5615 τὴν
674 5543 840 5615 αὐτὴν
869 5543 1028 5611 φύσιν
1055 5543 1166 5612 ἔχει
1189 5543 1264 5613 τῷ
1292 5545 1591 5615 emendata
1617 5543 1818 5615 ὁμοίως
1836 5545 1930 5598 καὶ
1953 5545 1980 5594 ὁ
2001 5543 2120 5615 διά-

556 5611 733 5684 κονος,
787 5611 907 5684 οὕτε
953 5611 1338 5684 πρεσϐύτερος,
1390 5613 1512 5666 οὔτε
1548 5611 1840 5684 διάκονος,
1868 5613 2123 5682 τοιαύτης

561 5683 747 5755 μέντοι
778 5683 892 5755 ἐστὶ
924 5683 1138 5755 φύσεως
1169 5683 1371 5755 (Felck.
1417 5685 1686 5755 solushic
1743 5683 1892 5736 addit
1928 5684 2118 5755 ’Qp0.).

559 5747 747 5815 ὓῢτως
776 5747 889 5808 οὖν.
921 5747 1076 5824 Reg.,
1120 5747 1304 5825 Ἁᾶ-όμ.
1323 5755 1510 5824 Ἡμεῖς
1531 5753 1777 5824 λέγομεν,
1805 5755 1904 5822 ὅτι,
1934 5747 2122 5823 ὥσπερ

2235 5120 2552 5185 ἐπίσκοπος,
2601 5119 2696 5172 καὶ
2742 5117 3131 5189 πρεσϐύτερος,
3181 5117 3274 5189 καὶ
3322 5115 3588 5189 ᾷιάκονοςο
3639 5114 3792 5189 οὕτως

2235 5191 2354 5243 ἐστὶ
2381 5182 2570 5268 Πατὴρ
2595 5191 2704 5268 καὶ.
2729 5182 2859 5268 Tibi
2893 5189 2985 5240 καὶ
3020 5182 3173 5268 ἅγιον
3199 5187 3456 5268 ,Πνε-ῦμα.

2233 5277 2408 5345 aevum.
2426 5256 2567 5345 μήτε
2613 5259 2770 5345 τοῦτο
2803 5258 3046 5345 λέγοντα.
3086 5256 3459 5345 iurgans.“
3509 5257 3655 5345 Ὀρθὶ

2234 5321 2504 5415 arpi-zamia.
2512 5347 2600 5400 ρος
2626 5329 2724 5415 μὲν
2748 5321 3043 5415 ἐπίσκοπος
3062 5327 3161 5379 οὐκ
3179 5321 3260 5380 ἔτι
3282 5321 3567 5397 ἄνθρωπος
3593 5325 3688 5394 μὲν
3706 5321 3788 5389 τὴν

2233 5401 2402 5470 αὐτὴν
2431 5400 2544 5470 ἔχει
2571 5400 2753 5469 φύσιν,
2785 5408 2891 5470 σξιοζ

2300 5460 2410 5542 (97)
2451 5460 2613 5542 Εἶναι
2642 5460 2797 5542 abest
2812 5467 3129 5542 aAPalatino.
3153 5465 3384 5542 ibidem,
3417 5463 3598 5542 Felcli.
3628 5472 3678 5517 et
3699 5460 3786 5542 Pa:

2226 5535 2409 5607 latim,
2443 5541 2636 5611 Πατρί.
2680 5538 2898 5611 Ἐπειδὴ
2936 5542 3067 5611 παρέ
3113 5536 3277 5611 αὑτοῦ
3323 5535 3696 5611 ἐκπορεύεται,
3741 5536 3784 5583 ei

2227 5603 2404 5667 erasis
2427 5603 2804 5682 quibusdain,_
2827 5603 2981 5678 Ὀξρθ.
3005 5603 3077 5682 Τί.
3100 5603 3194 5682 οῦν
3217 5603 3786 5682 dna1§;.'Pal_at._loco

2228 5672 2509 5780 eraserqu
2543 5681 2704 5766 habet
2739 5699 2751 5735 :
2793 5672 2981 5752 Ἀνόμ.
3009 5679 3104 5734 Ού.
3151 5677 3271 5734 Mos
3306 5672 3492 5745 iidem,
3513 5676 3593 5730 .ού
3623 5672 3786 5742 λέγεις

2227 5767 2303 5820 οε,
2333 5769 2414 5807 οτι
2443 5767 2610 5822 τρεις.
