3982 6398
184 351 201 404 -ί
215 351 313 408 15⁸1

1145 349 1232 405 DE
1271 350 1537 408 SANCTA
1578 351 1952 410 TRINITATE
1989 353 2338 414 DIALOGUS
2373 356 2435 411 ll.

3282 362 3426 418 1158

189 466 464 537 εγενόμην.
547 471 683 535 ορθ.
724 468 934 536 Ἐγνως
965 463 1078 533 οὖν,
1113 470 1196 522 ὃτι
1227 471 1256 523 6
1295 454 1468 540 λέγων
1490 471 1583 526 τὸν
1640 473 1742 525 Πα·

1858 474 2080 529 tialista.
2123 474 2274 530 Orth.
2325 474 2571 531 Didicisti
2604 475 2770 546 igitur
2797 492 2943 542 eum,
2995 479 3087 549 qui
3136 479 3282 534 dicat
3315 481 3418 534 Pa-

185 559 308 629 ;έρα
351 559 427 621 ὡς
467 558 784 624 ἐπίσκοπον,
823 559 918 612 καὶ
961 559 1054 634 τὸν,
1086 561 1215 615 Υίὸν
1247 561 1324 626 ὼς
1369 563 1752 633 πρεσϐύτερον,

185 643 269 703 (ἃ).
347 649 410 702 τὸ
475 648 699 720 Πνεῦμα
769 649 845 712 ὠς
908 650 1189 716 διάκονον,
1242 653 1523 724 ὁμοούσιον
1587 654 1753 722 λέγει.

186 740 332 794 Dii-cu)
384 739 442 793 δὲ
500 740 673 808 λέγων
728 740 921 795 σαυτὸν
970 741 1293 815 Χριστιανὸν
1341 745 1598 815 ἐνόμισας
1641 746 1753 816 (98)

185 829 342 900 μέχρι
389 829 482 882 τοῦ
512 830 796 902 παρόντος.
822 832 887 884 Ei
912 831 968 885 δὲ
987 832 1145 886 τοῦτο
1173 834 1202 886 6
1228 833 1400 902 λέγων
1417 837 1476 887 ού
1509 835 1754 906 κέκριται

187 937 262 974 τοι
307 918 447 975 εἶναι
475 921 818 994 Χριστιανὸς,
850 924 1044 977 σαυτὸν
1065 925 1172 995 ἄρα
1200 925 1549 996 κατέκρινας,
1570 927 1665 978 καὶ
1689 928 1754 979 ἐκ

186 1014 272 1068 τοῦ
308 1015 572 1086 στόματός
596 1032 689 1068 σου
718 1014 942 1086 ὲκρίθης
964 1016 1038 1087 μὴ
1068 1015 1142 1069 ὢν
1162 1017 1508 1087 Χριστιανός.
1551 1018 1748 1087 ’Δνόμ.

189 1107 250 1162 '0
276 1106 450 1175 λέγων
481 1101 574 1161 οὖν
595 1105 874 1177 ὁμοούσιον
910 1108 1229 1178 Χριστιανὸς
1251 1108 1350 1161 οὐκ
1382 1107 1558 1176 ἐστιν;
1596 1111 1749 1176 ὀρθ.

188 1199 249 1252 '0
276 1197 451 1266 λέγων
486 1197 766 1269 ὁμοούσιον
789 1199 1113 1270 Χριστιανός
1159 1200 1306 1252 ἐστιν
1331 1216 1345 1229 ·
1375 1201 1404 1252 6
1432 1199 1488 1253 δὲ
1515 1200 1751 1270 νομίζων

184 1289 256 1362 μὴ
282 1285 420 1344 εἶναι
445 1291 764 1360 Χριστιανὸν
795 1290 885 1342 τὸν
914 1289 1137 1358 λέγοντα
1187 1291 1497 1361 ὁμοούσιον,
1531 1293 1627 1344 καὶ
1656 1293 1751 1344 αύ-

184 1383 268 1446 τὸς
319 1383 512 1451 λέγων,
565 1385 915 1456 εὑρεθήσεται
961 1385 1150 1439 ἑαυτὸν
1201 1384 1568 1454 κατακρίνων,
1603 1385 1679 1448 ὡς
1721 1387 1750 1438 ὁ

183 1475 346 1539 ιιακὸς
388 1474 572 1539 δοῦλος
600 1478 824 1541 ἐκεῖνος,
863 1479 892 1530 6
916 1479 981 1532 ὲκ
1003 1477 1098 1530 τοῦ
1129 1478 1259 1532 ἰδίου
1294 1479 1556 1548 στόματος
1577 1494 1747 1530 κατα-

182 1568 519 1639 κεκριμένος.
577 1570 770 1639 Ἀνόμ.
803 1570 928 1636 Πῶς
953 1571 1060 1644 γὰρ
1106 1571 1237 1624 αὐτὸ
1263 1570 1434 1639 λέγων
1483 1570 1745 1641 εὑρέθην;

185 1661 340 1729 Ὀρθ.
365 1657 540 1724 Εἷπας
567 1663 670 1728 ὅτι,
707 1662 895 1732 Ἡμεῖς
931 1664 1160 1733 λέγομεν
1206 1663 1444 1734 Πατέρα,
1475 1663 1570 1715 καὶ
1597 1662 1742 1727 Υἱὸν,

179 1755 267 1805 καὶ
301 1754 456 1822 ἆγιον
478 1753 724 1824 Πνεῦμα,
757 1755 831 1818 ὼς
863 1755 971 1826 (99)
1005 1755 1320 1821 ἐπίσκοπον,
1356 1754 1742 1826 πρεσϐύτερον,

1858 572 1994 618 trem
2017 579 2139 620 esse
2170 574 2230 618 ut
2252 567 2586 636 episcopum,
2621 574 2674 621 et
2697 565 2893 622 Filium
2926 576 2982 621 ut
3009 569 3417 640 presbyterum,

1855 662 1910 709 et
1940 655 2202 725 Spiritum
2236 665 2293 711 ut
2321 659 2610 712 diaconum
2631 698 2645 722 ,
2678 660 3297 717 consubstantialitatem
3335 663 3420 716 di-

1855 761 1996 802 cere.
2034 749 2211 818 Atque
2241 749 2314 803 ita
2345 750 2575 804 dicendo
2603 762 2655 806 te
2687 750 3058 807 Christianum
3087 769 3210 809 esse
3237 754 3422 808 hacte-

1854 855 1960 894 nus
1985 842 2334 896 existimasti.
2367 841 2523 907 Quod
2554 847 2600 898 si
2624 843 2842 912 judicas
2874 860 3017 909 eum,
3064 846 3159 915 qui
3188 846 3292 900 hoc
3331 847 3416 898 di-

1853 939 1964 996 cat,
1994 947 2104 986 non
2130 948 2252 988 esse
2282 933 2652 988 Christianum
2675 974 2690 1000 ,
2735 937 2968 1005 teipsum
2998 935 3255 990 nimirum
3283 952 3419 990 con-

1853 1020 2161 1076 demnasti:
2197 1032 2250 1076 et
2278 1037 2345 1076 ex
2379 1031 2474 1077 tuo
2520 1024 2693 1094 ipsius
2737 1039 2833 1080 ore
2886 1026 3230 1081 convinceris
3262 1026 3421 1081 Chri-

1853 1113 2066 1167 stianus
2093 1128 2204 1167 non
2241 1128 2384 1169 esse.
2417 1116 2607 1170 Anam.
2661 1115 2781 1170 Non
2829 1125 2912 1171 est
2960 1117 3124 1187 igitur
3153 1117 3420 1172 Christia-

1852 1218 1991 1267 nus,
2050 1205 2144 1274 qui
2201 1207 2824 1278 consubstantialitatem
2873 1209 3047 1262 dicit?
3105 1209 3257 1266 Orth.
3315 1211 3419 1276 Qui

1852 1296 2474 1354 consubstantialitatem
2533 1299 2696 1364 dicit,
2746 1300 3092 1356 Christianus
3149 1310 3271 1358 est:
3324 1305 3417 1373 qui

1848 1400 1981 1439 vero
2047 1387 2323 1440 existimat
2377 1403 2502 1442 eum
2554 1404 2666 1442 non
2699 1403 2821 1443 esse
2861 1388 3271 1455 Christianum,
3323 1393 3418 1461 qui

1850 1478 2471 1535 consubstantialitatem
2498 1481 2712 1545 dicit,et
2735 1489 2915 1537 tamen
2948 1483 3064 1554 ipse
3095 1485 3235 1538 hanc
3260 1485 3415 1550 dicit,

1849 1573 2213 1640 comperietur
2244 1575 2482 1641 seipsum
2529 1574 2894 1629 condemnare
2925 1616 2940 1641 ,
2988 1583 3046 1628 ut
3093 1592 3285 1633 servus
3328 1578 3419 1632 ille

1848 1661 2025 1716 malus
2040 1677 2103 1716 ex
2131 1677 2232 1716 suo
2263 1663 2435 1732 ipsius
2459 1679 2554 1718 ore
2580 1665 2888 1720 damnatus.
2909 1667 3102 1719 Anam.
3135 1667 3418 1731 Quomodo

1847 1771 1978 1810 vero
1998 1771 2118 1809 sum
2149 1765 2462 1826 compertus
2481 1760 2618 1812 hanc
2637 1759 3018 1816 dicere?0rth.
3038 1760 3168 1825 Nos,
3195 1761 3377 1817 dixisti
3399 1804 3416 1828 ,

179 1844 267 1894 οιαὶ
318 1833 582 1898 διάκονον.
627 1846 821 1913 Ἀνόμ.
867 1824 1141 1916 Ὄμολογῷ
1188 1824 1482 1916 εἰρηκέναι,
1513 1846 1586 1909 ὡς
1631 1824 1742 1897 ἐπί-

1849 1849 2082 1905 dicimus
2119 1848 2355 1915 Patrem,
2388 1849 2608 1915 Filium,
2635 1861 2688 1906 et
2723 1851 2985 1921 Spiritum
3015 1863 3265 1908 sanctum
3297 1868 3418 1908 esse

178 1953 399 2000 σκοπον,
463 1936 832 2008 πρεσϐύτερον
854 1977 868 2002 ,
921 1939 1014 1990 καὶ
1063 1937 1324 1990 διάκονον.
1393 1939 1544 2005 Ὀρθ.
1607 1937 1744 1990 Ἀλλ’

177 2027 779 2098 ἑπίσκοπος,ξπρεσ6ύτε
787 2047 899 2100 ρος,
925 2031 1017 2082 καὶ
1039 2029 1279 2092 διάκονος
1299 2028 1571 2099 ὀμοούσιοί
1587 2031 1742 2081 εἰσινο

176 2117 457 2188 δμοούσιον
504 2119 613 2191 ἄρα
658 2120 895 2192 Πατέρα,
923 2123 1014 2174 κει)⁸
1043 2122 1186 2184 Υίὸν,
1213 2122 1306 2174 καὶ
1339 2121 1494 2188 ἅγιον
1522 2121 1746 2191 Πνεῦμα

171 2208 551 2282 ὤμολόγηκας.
609 2213 803 2282 Ἀνόμ.
861 2213 1044 2278 Θέλεις
1075 2209 1166 2266 οὖν
1192 2214 1381 2276 εἰπεῖν,
1421 2214 1522 2277 ὃτι,
1561 2212 1746 2284 ὥσπερ

170 2305 411 2367 υιονδῖτος
470 2301 612 2368 οἶνος
654 2307 960 2376 κερασθεὶς,
991 2305 1162 2368 οὕτως
1191 2305 1307 2358 ἐστὶ
1354 2305 1559 2375 Πατὴρ,
1598 2305 1742 2370 Υἱὸς,

174 2396 261 2450 διαὶ
314 2395 474 2464 ἆγιον
521 2396 774 2467 Πνεῦμα;
823 2399 975 2465 Ὀρθ.
1017 2397 1148 2449 Οὐδὲ
1170 2393 1336 2463 οἶδας,
1375 2398 1455 2448 ὅτι
1493 2397 1555 2448 σὺ
1586 2395 1744 2448 τοῦτο

174 2483 385 2552 λέγεις
443 2487 638 2556 Ἀνόμ.
671 2487 830 2552 Πῶς;
875 2489 1023 2555 Ὀρθ.
1055 2486 1354 2557 "ouum
1382 2485 1539 2554 φύσιν
1567 2486 1745 2554 λέγεις

172 2577 261 2630 τοῦ
297 2578 538 2649 Πατρὸς,
554 2581 648 2632 καὶ
670 2579 835 2650 ἄλλην
860 2579 954 2632 τοῦ
984 2578 1134 2642 Υἱοῦ,
1167 2579 1260 2631 καὶ
1284 2577 1448 2647 ἀλλην
1475 2576 1570 2630 τοῦ
1591 2577 1743 2645 ἁγίου

172 2666 493 2737 Πνεύματος
518 2707 534 2731 ,
593 2669 669 2731 ὡς
709 2669 849 2722 οἴνου
903 2669 996 2722 κα)¹
1042 2669 1248 2739 μέλιτος
1303 2666 1397 2721 καὶ
1442 2667 1740 2738 πεπέρεως.

183 2757 376 2830 Ἡμεῖς
416 2760 474 2813 δὲ
525 2760 772 2833 λέγομεν·
802 2762 910 2816 Εὰν
1006 2763 1034 2814 6
1067 2763 1252 2833 Πατὴρ
1274 2756 1416 2824 οἶνος
1440 2760 1742 2831 εὐφραίνων

169 2851 417 2922 καρδίαν,
461 2853 554 2904 καὶ¹
597 2856 627 2906 ὁ
672 2853 799 2916 Υἱὸς
843 2851 983 2918 οἶνος
1019 2854 1320 2928 εὐφραίνων
1363 2855 1608 2925 καρδίαν,
1650 2855 1742 2907 καὶ

167 2942 224 2994 τὸ
270 2943 503 3014 Πνεῦμα
537 2940 680 3008 οἶνος
716 2947 1019 3016 εὐφραίνων
1047 2946 1266 3017 καρδίαν
1303 2947 1468 3008 ἐστὶν,
1559 2947 1586 2996 6
1628 2947 1742 2998 Πα-

166 3032 266 3103 τὴρ
298 3033 378 3104 (1)
414 3035 556 3104 ὑπὲρ
593 3035 713 3105 μέλι
760 3037 852 3088 καὶ
898 3036 1107 3108 κηρίον.
1153 3038 1337 3107 Ὑμεῖς
1382 3038 1489 3107 ἄρα
1524 3039 1614 3090 καὶ
1645 3037 1741 3107 οὐχ

1848 1941 2022 1995 instar
2047 1941 2310 2011 episcopi,
2344 1942 2667 2012 presbyteri,
2699 1953 2753 1997 et
2787 1943 3023 1998 diaconi.
3081 1945 3271 1998 Anam.
3314 1943 3419 1998 Fa-

1847 2041 1964 2088 teor
1992 2050 2076 2087 me
2096 2033 2298 2088 dixisse
2326 2050 2338 2086 :
2370 2034 2542 2088 instar
2569 2035 2809 2105 episcopi
2827 2076 2840 2100 ,
2881 2036 3202 2107 presbyteri,
3225 2045 3278 2092 et
3301 2038 3417 2091 dia-

1845 2123 1988 2177 coni.
2036 2123 2188 2177 Orth.
2220 2122 2383 2193 Atqui
2412 2123 2721 2193 episc0pus,
2757 2125 3062 2194 presbyter,
3115 2135 3169 2179 et
3229 2127 3418 2180 diaco—

1846 2229 1950 2268 nus
1974 2222 2102 2267 sunt
2131 2213 2658 2280 consubstantiales;
2701 2229 2833 2282 ergo
2881 2214 3168 2270 confessus
3199 2231 3258 2270 es
3285 2230 3416 2268 con-

1846 2304 2232 2360 substantiales
2271 2319 2394 2359 esse
2455 2305 2711 2368 Patrem,
2772 2302 2966 2357 Filium
3029 2313 3084 2360 et
3148 2305 3415 2376 Spiritum

1845 2403 2116 2449 sanctum.
2155 2394 2345 2446 Anam.
2396 2392 2563 2448 Visne
2599 2394 2764 2464 igitur
2814 2395 2996 2448 dicere
3056 2396 3261 2450 conditi
3302 2396 3412 2451 vini

1845 2485 2020 2539 instar
2045 2499 2166 2538 esse
2208 2482 2445 2547 Patrem,
2486 2482 2705 2548 Filium,
2738 2495 2791 2538 et
2821 2485 3083 2553 Spiritum
3117 2488 3418 2541 sanctum?

1847 2575 1996 2630 Orth.
2050 2574 2116 2627 Et
2161 2590 2273 2628 non
2321 2575 2470 2630 vides
2513 2584 2566 2630 te
2600 2575 2702 2630 hoc
2734 2575 2914 2645 ipsum
2951 2576 3173 2632 dicere?
3218 2578 3410 2633 Anam.

1843 2666 2169 2732 Quomodo?
2221 2665 2372 2721 Orth.
2423 2666 2693 2731 Quoniam
2724 2667 2885 2721 aliam
2933 2683 3054 2723 esse
3081 2667 3219 2724 dicis
3250 2678 3414 2723 natu-

1843 2773 1958 2811 ram
1989 2756 2188 2820 Patris,
2220 2757 2380 2810 aliam
2416 2754 2572 2820 Filii,
2618 2758 2780 2811 aliam
2816 2757 3053 2828 Spiritus
3087 2761 3261 2814 sancti
3291 2800 3305 2824 ,
3353 2771 3412 2814 ut

1841 2847 1976 2910 vini,
2010 2847 2188 2902 mellis
2219 2855 2273 2901 et
2302 2847 2524 2916 piperis.
2561 2845 2672 2902 Nos
2701 2863 2829 2901 vero
2854 2849 3088 2904 dicimus
3120 2869 3132 2903 :
3169 2850 3225 2904 Si
3247 2849 3412 2904 Pater

1841 2945 1925 2995 est
1950 2939 2135 2992 vinum
2156 2938 2470 2995 exhilarans
2509 2955 2624 3006 cor,
2652 2938 2824 2996 Filius
2861 2941 3047 2996 itidem
3093 2951 3175 2997 est
3222 2945 3408 2997 vinum

1843 3048 1940 3087 cor
1956 3033 2288 3097 exhilarans,
2327 3031 2563 3102 Spiritus
2621 3043 2846 3089 sanctus
2881 3035 3066 3089 itidem
3109 3047 3192 3091 est
3218 3037 3408 3092 vinum

168 3123 345 3192 ἡμεῖς,
397 3125 630 3196 κονδίτῳ
679 3127 1044 3198 παρεϐάλλετε
1093 3129 1183 3183 τὸν
1224 3128 1439 3199 Πατέρα
1477 3129 1568 3180 καὶ
1615 3128 1740 3181 Υἱὸν

1847 3142 1938 3181 cor
1975 3127 2307 3191 exhilarans,
2345 3142 2452 3197 qua
2485 3130 2696 3181 ratione
2719 3125 2881 3182 Pater
2909 3139 2995 3182 est
3027 3143 3189 3196 super
3226 3129 3328 3182 mel
3353 3137 3410 3181 et

166 3215 346 3269 καὶτὸ
385 3217 548 3286 ἅγιον
582 3218 822 3290 Πνεῦμα,
849 3223 898 3273 οἱ
927 3223 1210 3293 ἀνομοίους
1254 3221 1353 3286 τὰς
1396 3223 1583 3291 φύσεις
1637 3225 1738 3275 εἰσ-

167 3303 478 3377 ηγούμενοι.

1841 3219 2044 3273 favum.
2085 3219 2202 3273 Non
2232 3236 2333 3276 nos
2384 3222 2577 3291 igitur,
2628 3219 2724 3275 sed
2755 3235 2852 3274 vos
2895 3220 2932 3272 ii
2971 3220 3124 3286 estis,
3158 3221 3250 3290 qui
3298 3218 3406 3273 Pa-

1839 3319 2012 3378 trem,
2063 3323 2117 3368 et
2160 3312 2356 3369 Filium
2410 3323 2465 3369 et
2510 3312 2770 3384 Spiritum
2829 3323 3078 3370 sanctum
3121 3329 3245 3369 cum
3279 3315 3406 3369 vino

164 3398 380 3457 condito
413 3403 774 3474 comparatis.
807 3420 930 3461 cum
965 3407 1257 3463 dissimiles
1311 3416 1535 3463 naturas
1570 3405 1950 3475 introducitis.

1281 3719 1417 3773 ΤΟΥ
1452 3718 1544 3772 ΕΝ
1572 3718 1792 3771 ΑΓΙΟΙΣ
1823 3716 2090 3770 ΠΑΤΡΟΣ
2127 3714 2323 3769 ΗΜΩΝ

1466 3864 2096 3954 ΑΘΑΝΑΣΙΟΥ

152 4018 544 4078 ΔῙΔΛΟΓΟΣ
596 4017 656 4068 B'
708 4019 890 4073 ΠΕΡΙ
945 4020 1174 4072 ΑΓΙΑΣ
1238 4023 1564 4084 ΤΡΙΑΔθΣ,
1635 4023 1736 4074 ΕΝ

1911 4024 2406 4076 ΔΙΑΛΕΙὊΝΤΑΙ
2473 4023 2743 4075 ΟΜΟΙΩΣ
2798 4021 3218 4075 ΟΡΘΟΔΟΞΟΣ
3275 4024 3402 4074 ΚΑΙ

1293 4094 1672 4146 ΑΝοΜοιοΣ
1711 4093 2206 4147 ΑΡΕῙΑΝΙΣΤΗΣ
2247 4092 2344 4162 (2).

1154 4329 1250 4416 S.
1328 4331 1432 4417 P.
1512 4331 1632 4418 N.
1709 4329 2361 4420 ATHANASII

215 4518 603 4578 DIALOGUS
644 4517 710 4573 II
763 4519 864 4574 DE
902 4519 1184 4577 SANCTA
1231 4521 1657 4594 malum,
1701 4525 1791 4579 IN
1830 4526 1979 4594 QUO
2022 4525 2297 4580 mam!
2337 4526 2773 4584 DISPUTANT
2828 4527 3329 4586 onruoooxus

1289 4591 1385 4649 ET.
1415 4592 1801 4659 ANOM/EUS
1835 4591 2266 4653 ’ARIANISTA.

762 4774 1128 4828 ΑΝΟΜΟΙΟΣ.
1761 4805 1808 4862 D

214 4870 263 4924 1.
300 4871 447 4924 Πᾶσι
472 4868 592 4929 τοῖς
627 4865 750 4918 νοῦν
775 4865 985 4935 ἔχουσιν
1008 4867 1432 4939 ὁμολογούμενόν
1453 4871 1620 4932 ἐστιν,
1647 4872 1729 4924 ὅτι

142 4960 204 5014 τὸ
226 4961 290 5014 ἐκ
318 4978 472 5022 τινος
507 4959 572 5011 ὃν
609 4958 1062 5030 μεταγενέστερόν
1092 4961 1205 5012 ἐστι
1235 4960 1329 5013 τοῦ
1359 4960 1417 5024 ἐξ
1455 4953 1516 5012 οὗ
1561 4963 1727 5032 ἐστιν,

1847 4964 1890 5018 id
1922 4963 2067 5035 quod
2094 4972 2264 5018 estex
2303 4963 2431 5028 alio,
2457 4973 2578 5015 ortu
2609 4961 2883 5030 posterius
2907 4975 2972 5014 eo
3005 4975 3148 5023 esse,
3180 4976 3248 5015 ex
3278 4976 3392 5030 quo

144 5052 218 5117 ὡς
282 5053 343 5120 ἐξ
404 5053 612 5108 αἰτίου.
668 5053 1032 5121 Ὀρθόδοξος.
1095 5055 1170 5107 Οὐ
1236 5055 1470 5118 πάντως.
1530 5055 1727 5124 Ἀνόμ.

1847 5061 1919 5109 est
1969 5062 2029 5108 ut
2054 5070 2118 5108 ex
2149 5069 2336 5109 causa.
2373 5053 2730 5108 Orthodaxus.
2769 5051 2886 5106 Non
2913 5052 3158 5105 omnino.
3205 5053 3394 5107 Anam.

145 5147 214 5199 Σύ
257 5150 360 5202 οὐκ
395 5144 452 5200 εἴ
475 5148 548 5199 ὲκ
573 5143 667 5198 τού
697 5146 899 5216 πατρός
946 5164 1060 5211 σου,
1093 5147 1186 5200 καὶ
1225 5147 1361 5218 μετὰ
1391 5147 1483 5200 τὸν
1519 5147 1732 5219 πατέρα

1847 5148 2031 5202 Annon
2052 5155 2111 5200 tu
2138 5162 2200 5202 es
2219 5124 2294 5202 ex.
2322 5157 2475 5216 patre
2508 5155 2624 5208 tuo,
2657 5156 2710 5201 et
2742 5153 2899 5216 patre
2944 5155 3040 5200 tuo
3087 5145 3396 5213 posterior?

2421 4777 2804 4834 ANOMUSUS.

1906 4875 1958 4929 1.
1989 4871 2253 4928 Omnibus
2278 4887 2409 4928 sana
2440 4882 2618 4926 mente
2649 4871 2890 4940 prazditis
2920 4870 2973 4924 in
2998 4868 3252 4926 confesso
3289 4879 3395 4934 est,

111 5263 120 5332 ί
153 5372 174 5374 ᾗ
211 5304 324 5374 (98)
368 5301 629 5374 Οὓτωδὲ
660 5301 1051 5374 λέγωνᾲσαυτὸν
1087 5301 1407 5374 Χριστιανὸν
1443 5301 1716 5374 ὲνᾷμισαςο

1897 5301 2010 5374 (99)
2060 5303 2147 5365 Ὠς
2182 5301 2334 5374 deest
2359 5302 2412 5374 in
2443 5317 2577 5374 mss.
2607 5300 2727 5354 Mox
2749 5298 2984 5374 ρειαί..
3005 5299 3099 5352 καὶ
3120 5299 3396 5374 διάκονον,

1829 5367 1923 5428 καῖ
1951 5367 2192 5443 διάκονος
2228 5372 2500 5443 ὁμοούσιοί
2521 5374 2693 5443 μείσιν.
2749 5371 2908 5443 Ὁρᾷ.
2940 5367 3258 5443 Ὀμοούσιος
3292 5371 3397 5440 ἄρα

1832 5445 2045 5516 Πατήρἐ
2073 5442 2246 5516 Palat.
2264 5439 2424 5516 νει-(ξ,
2450 5441 2542 5494 καὶ
2564 5441 2824 5516 διακονον.
2844 5441 3012 5516 βορθ.
3044 5439 3306 5516 ξρμοούσ.

1903 5506 2217 5586 (1)Ἠο8ἰιιε
2244 5523 2297 5570 et
2317 5512 2491 5566 Palat.
2523 5512 2772 5584 καρδίαν,
2804 5506 2956 5584 ἐὰνῇ
2985 5510 3014 5562 6
3044 5506 3256 5580 Πατὴρ.

211 5304 324 5376 (98)
368 5301 629 5376 051196;
660 5301 1052 5376 Kéywv‘aawpoy
1087 5301 1407 5376 Χριστιανὸν
1443 5301 1716 5376 ἐνύμισας.

145 5371 231 5443 Sic
250 5371 426 5430 Palat.
453 5372 609 5428 Editi
626 5388 775 5443 yero,
799 5372 940 5426 οὓτω
963 5374 1018 5426 δὲ
1042 5371 1216 5442 λέγειν
1237 5374 1427 5426 σαυτὸν
1448 5371 1720 5443 ἐνόμισας.

143 5442 272 5498 ibid.
303 5443 518 5505 Palat.,
555 5442 650 5513 τοῦ
678 5444 962 5513 παρρντος.
981 5444 1167 5512 Ἁνόμ.
1198 5445 1259 5496 Ei
1286 5443 1341 5495 δὲ
1371 5442 1557 5513 τοῦτο,
1584 5443 1612 5495 ὃ
1634 5443 1722 5513 λέ·-

176 5533 248 5566 ων
277 5515 337 5567 οὐ
365 5512 635 5584 κέκριταί
657 5530 735 5584 σοι
757 5509 897 5566 εἶναι
920 5509 1256 5584 Χριστιανὸς,
1287 5512 1606 5584 Χριστιανὸς
1626 5511 1725 5564 οὐκ

173 5599 306 5637 στιν.
347 5583 503 5654 Ὀρθ.
525 5583 587 5635 '0
611 5583 804 5650 λέγων.

211 5738 291 5812 (2)
332 5739 394 5796 1n
429 5739 615 5796 Palat.
647 5738 828 5794 nullus
862 5746 944 5795 est
979 5737 1186 5794 titulus.
1229 5736 1287 5793 In
1317 5736 1446 5812 Reg.
1483 5745 1539 5795 et
1578 5736 1742 5794 Felck

1847 5743 2006 5808 litem,
2038 5736 2170 5808 ἄλλη
2192 5735 2423 5803 διάλεξις
2459 5735 2736 5806 Ἀνομοίου
2767 5735 2860 5789 καὶ
2900 5730 3235 5804 Ὀρθοδόξου.
