3982 6398
595 311 732 368 H59

1678 313 1736 369 S.
1778 313 2239 375 ATHANASIUS.
2277 350 2345 358 —
2387 316 2655 375 SPUBIA.

3687 327 3806 382 H60

597 429 752 484 Orth.
792 427 902 498 Ego
930 427 1145 498 quidem
1176 444 1294 482 sum
1327 445 1390 485 ex
1421 439 1576 501 patre
1605 447 1747 495 meo,
1779 442 1833 488 et
1856 444 2007 504 patre
2029 452 2141 492 meo

2252 455 2380 503 σου;
2447 439 2597 507 Ὀρθ.
2636 437 2774 507 Ἐγὼ
2811 439 2907 502 μὲν
2964 440 3026 491 ἐκ
3053 436 3147 491 τοῦ
3181 440 3385 512 πατρός
3420 459 3523 512 μου
3557 445 3691 515 εἰμὶ,
3728 448 3809 500 καὶ

601 521 881 590 posterior,
908 527 962 574 et
998 528 1150 574 extra
1190 532 1394 589 patrem
1427 538 1637 578 meum:
1673 525 1762 578 lux
1789 541 1916 580 vero
1941 542 2007 581 ex
2032 529 2146 584 sole

603 620 697 679 est,
718 626 890 681 neque
921 618 1098 665 tamen
1125 613 1390 679 posterior
1407 619 1491 668 est
1509 614 1642 676 sole,
1663 629 1836 684 neque
1868 623 2022 670 extra
2057 633 2146 672 so-

601 714 719 766 lem,
755 701 848 756 sed
880 702 1039 755 simul
1069 710 1230 770 atque
1259 704 1374 766 sol,
1408 711 1463 756 et
1490 703 1543 757 in
1585 705 1719 768 sole,
1754 713 1808 758 et
1843 721 1966 759 eum
1991 707 2141 762 sole:

592 790 891 861 fragrantia
921 809 1138 863 quoque
1159 810 1225 848 ex
1256 804 1532 864 unguento
1563 804 1666 860 est,
1691 813 1790 852 nec
1815 807 1993 853 tamen
2025 808 2147 870 post

599 893 946 953 unguentum,
966 900 1138 954 neque
1154 894 1306 939 extra
1331 889 1790 956 unguentum,sed
1809 891 1969 944 simul
1987 898 2147 961 atque

591 982 945 1045 unguentum,
972 983 1026 1030 et
1046 976 1098 1029 in
1114 986 1412 1047 unguento,
1429 987 1620 1032 etcum
1647 987 1954 1049 unguento:
1987 989 2040 1036 et
2059 981 2144 1036 in-

591 1062 852 1132 telligere,
871 1079 936 1118 ex
953 1074 1131 1121 mente
1145 1075 1251 1130 est,
1274 1075 1330 1120 at
1353 1081 1528 1138 neque
1545 1077 1667 1138 post
1685 1079 1942 1134 mentem,
1973 1087 2149 1142 neque

595 1165 740 1209 extra
757 1164 1014 1221 mentem,
1035 1159 1129 1213 sed
1151 1160 1312 1214 simul
1343 1170 1506 1230 atque
1523 1177 1696 1227 mens,
1716 1170 1770 1217 et
1790 1163 1843 1216 in
1862 1173 2063 1232 mente,
2094 1176 2148 1222 et

588 1259 716 1300 cum
733 1260 911 1304 mente
927 1267 942 1304 :
961 1258 1014 1304 et
1030 1252 1163 1306 velle
1179 1267 1245 1306 ex
1262 1253 1473 1308 volente
1488 1237 1596 1318 est,
1613 1264 1663 1309 et
1674 1271 1855 1324 neque
1873 1263 2029 1311 extra
2054 1273 2148 1312 vo-

587 1336 807 1402 lentem,
835 1354 1010 1409 neque
1041 1348 1162 1410 post
1189 1342 1489 1408 volentem,
1530 1345 1624 1400 sed
1665 1345 1828 1400 simul
1862 1353 2023 1416 atque
2050 1363 2147 1402 vo-

587 1426 727 1492 lens,
755 1437 810 1484 et
836 1429 893 1484 in
929 1431 1142 1486 volente
1167 1439 1366 1488 etcum
1393 1435 1610 1490 volente
1640 1455 1652 1489 :
1683 1445 1736 1490 et
1769 1436 2037 1506 sapientia
2081 1453 2149 1492 ex

585 1519 833 1590 sapiente
858 1530 959 1588 est,
993 1530 1045 1578 et
1073 1539 1249 1594 neque
1278 1536 1401 1596 post
1432 1527 1755 1596 sapientem,
1784 1543 1962 1598 neque
1990 1537 2146 1584 extra

585 1611 908 1680 sapientem,
931 1613 1023 1668 sed
1055 1613 1218 1669 simul
1249 1624 1412 1686 atque
1446 1619 1685 1688 sapiens,
1709 1625 1762 1674 et
1791 1617 1846 1672 in
1878 1619 2146 1688 sapiente,

585 1706 780 1754 etcum
805 1703 1051 1772 sapiente
1071 1723 1085 1757 :
1105 1711 1158 1758 et
1183 1708 1426 1775 potentia
1449 1724 1515 1763 ex
1538 1717 1758 1779 potente
1782 1718 1888 1776 est,
1903 1709 2070 1782 424,
2093 1718 2148 1765 at

2253 530 2390 602 μετά
2409 531 2500 584 τὸν
2528 531 2737 601 πατέρα
2773 548 2872 600 μου
2903 532 3037 601 είμὶ,
3067 533 3160 586 καὶ
3189 533 3344 595 ἐκτὸς
3371 533 3467 586 τοῦ
3493 537 3701 606 πατρός
3720 534 3831 610 μου]

2247 625 2402 694 εἰμί’
2431 624 2492 676 τὸ
2519 624 2573 676 δὲ
2610 624 2723 692 φῶς
2751 625 2816 676 ἐκ
2851 624 2945 676 τοῦ
2966 624 3111 694 ἡλίου
3135 627 3268 690 ἐστὶ,
3305 627 3401 678 καὶ
3423 628 3548 680 οὐδὲ
3576 631 3712 698 μετὰ
3729 619 3823 698 τὺνξ

2250 714 2401 785 ἥλιόν
2446 715 2612 778 ἐστιν,
2663 715 2781 768 οὐδὲ
2809 716 2964 779 ἐκτὸς
2994 715 3088 770 τοῦ
3119 716 3267 786 ἡλίου
3315 719 3484 784 ἐστὶν,
3517 719 3657 773 ἀλλὰ
3690 739 3780 791 μετ

2251 805 2345 858 τοῦ
2369 806 2544 876 ἡλίου,
2577 806 2669 858 καὶ
2699 808 2755 858 ὲν
2783 807 2858 877 τῷ
2883 807 3035 878 ἡλίῳ,
3082 809 3178 860 καὶ
3209 810 3305 862 σὺν
3333 809 3410 879 τῷ
3463 811 3603 882 ἡλίῳ
3621 829 3635 842 '
3672 813 3758 866 καὶ

2253 898 2450 952 εὐωδία
2498 901 2562 952 ὲκ
2593 899 2685 952 τοῦ
2711 899 2880 971 μύρου
2908 901 3022 952 ἐστὶ
3057 901 3158 970 ('5),
3191 901 3284 953 καὶ
3305 901 3431 954 ούτε
3461 903 3606 973 μετά
3637 905 3696 957 τδ
3723 905 3808 975 μύλ

2255 1007 2368 1061 ρον,
2406 989 2530 1043 οὔτε
2569 991 2723 1054 ἐκτὸς
2775 991 2867 1044 τοῦ
2906 992 3100 1062 μύρου,
3135 992 3271 1047 ἀλλά
3304 993 3444 1064 μετὰ
3486 994 3585 1048 τοῦ
3635 996 3807 1067 μύρου,

2253 1084 2346 1136 καὶ
2374 1085 2431 1136 ὲν
2459 1083 2536 1153 τῷ
2572 1082 2748 1154 μύρῳ,
2781 1083 2875 1135 καὶ
2919 1085 3014 1137 σὺν
3047 1083 3126 1154 τῷ
3156 1084 3311 1156 μύρῳ
3329 1102 3344 1116 ’
3374 1086 3554 1140 καὶτὸ
3587 1091 3724 1140 νοεῖν
3753 1090 3808 1142 ὲκ

2252 1173 2347 1226 τοῦ
2377 1173 2467 1226 νοῦ
2497 1176 2632 1238 ἐστι,
2663 1174 2753 1227 καὶ
2780 1173 2899 1228 οὔτε
2929 1175 3065 1244 μετά
3091 1176 3181 1228 τὸν
3211 1177 3354 1241 νοῦν,
3384 1177 3509 1231 οὔτε
3547 1179 3702 1244 ἐκτὸς
3727 1180 3808 1235 τοῦ

2253 1263 2366 1327 νοῦ,
2407 1263 2540 1317 ἀλλά
2585 1264 2722 1334 μετά
2745 1264 2834 1318 τοῦ
2870 1266 2983 1330 νοῦ,
3011 1267 3103 1320 καὶ
3161 1269 3220 1321 ὲν
3245 1269 3322 1338 τῷ
3361 1269 3458 1340 νῷ,
3492 1273 3588 1324 καὶ
3624 1274 3714 1325 σὺν
3744 1274 3810 1344 τῷ

2253 1353 2328 1423 νῷ
2353 1369 2366 1382 ·
2388 1354 2480 1406 καὶ
2521 1353 2581 1407 τὸ
2610 1353 2781 1407 θέλειν
2833 1355 2898 1408 ὲκ
2934 1355 3026 1409 τοῦ
3078 1355 3320 1420 θέλοντός
3366 1359 3506 1422 ἐστι,
3549 1359 3644 1412 καὶ
3701 1360 3808 1414 οὔτε

2255 1445 2407 1507 ἐκτὸς
2442 1445 2534 1498 τοῦ
2589 1444 2850 1510 θέλοντος,
2893 1447 3014 1500 οὔτε
3056 1448 3194 1518 μετὰ
3242 1450 3332 1502 τὸν
3387 1449 3632 1517 Θέλοντα,
3691 1454 3807 1506 ἀλλὰ

2259 1536 2396 1606 μετὰ
2431 1537 2524 1589 τοῦ
2571 1537 2832 1602 Θέλοντος,
2860 1541 2952 1592 καὶ
2975 1541 3032 1593 ὲν
3087 1541 3164 1610 τῷ
3215 1540 3440 1606 Θέλοντι,
3492 1543 3590 1595 καὶ
3630 1546 3718 1597 σὺν
3742 1545 3808 1614 τῷ

2257 1627 2496 1681 Θὲλοντι·
2549 1629 2640 1681 καὶ
2687 1631 2721 1700 ἡ
2777 1631 2937 1699 σοφία
3009 1632 3074 1684 ὲκ
3139 1632 3233 1686 τοῦ
3299 1631 3465 1701 σοφοῦ
3531 1635 3687 1692 ἐστι.
3730 1637 3810 1688 καὶ

2253 1718 2376 1773 οὗτε
2435 1719 2570 1790 μετὰ
2595 1720 2685 1772 τὸν
2718 1720 2898 1789 σοφὸν,
2931 1719 3054 1774 οὔτε
3104 1723 3260 1786 me;
3307 1725 3402 1776 τοῦ
3458 1726 3648 1793 σοφοῦ,
3689 1725 3808 1778 ἀλλὰ

587 1805 764 1861 neque
789 1800 911 1863 post
935 1801 1230 1864 potentem,
1262 1812 1439 1867 neque
1488 1806 1642 1853 extra
1676 1807 1951 1870 potentem
1979 1840 1994 1863 ,
2046 1801 2140 1854 sed

2255 1810 2394 1879 μετά
2421 1811 2514 1864 τοῦ
2550 1810 2711 1880 σοφοῦ
2743 1812 2904 1882 (4-5),
2944 1813 3038 1866 καὶ
3074 1815 3131 1865 ὲν
3175 1813 3250 1883 τῷ
3286 1816 3454 1886 σοφῷ,
3491 1817 3587 1869 καὶ
3621 1818 3710 1869 σὺν
3741 1818 3809 1887 τῷ

587 1882 645 1937 in
682 1893 920 1953 potente,
956 1894 1009 1941 et
1032 1887 1194 1942 simul
1227 1898 1390 1959 atque
1419 1900 1630 1960 potens,
1666 1902 1720 1948 et
1749 1908 1874 1947 cum
1904 1900 2141 1964 potente.

2257 1901 2405 1972 σοφῷ
2423 1919 2434 1932 ·
2461 1903 2555 1956 καὶ
2587 1906 2620 1974 ἡ
2647 1903 2872 1975 δύναμις
2901 1907 2965 1957 ὲκ
3002 1904 3096 1958 τοῦ
3127 1905 3372 1970 δυνατοῦ,
3409 1910 3504 1962 καὶ
3533 1909 3654 1962 οὔτε
3688 1910 3809 1978 μετὰ

587 1971 681 2027 Sic
707 1973 873 2045 igitur
898 1975 1091 2032 Filium
1117 1994 1334 2050 quoque
1362 1980 1454 2037 Dei
1486 1999 1554 2038 ex
1582 1983 1693 2039 Deo
1734 2001 1858 2040 esse
1889 1985 2141 2057 intelligi-

2251 1992 2342 2044 τὸν
2389 1992 2628 2057 δυνατὸν,
2683 1993 2804 2046 οὔτε
2862 1994 3017 2058 ἐκτὸς
3081 1996 3172 2048 τοῦ
3205 1997 3452 2062 δυνατοῦ,
3499 1999 3615 2052 ἀλλ’
3663 2001 3716 2051 ὲν
3742 1998 3808 2067 τῷ

584 2078 729 2129 mus,
760 2074 816 2119 at
863 2083 973 2122 non
1014 2079 1137 2140 post
1171 2071 1363 2137 Deum,
1399 2089 1576 2143 neque
1625 2084 1781 2130 extra
1811 2076 2009 2144 Deum,
2052 2079 2141 2134 sed

2254 2081 2485 2153 δυνατῷ,
2513 2083 2607 2136 καὶ
2639 2086 2775 2155 μετὰ
2823 2085 2916 2139 τοῦ
2943 2086 3192 2152 δυνατοῦ,
3223 2089 3317 2141 καὶ
3352 2089 3450 2141 σὺν
3488 2091 3568 2161 τῷ
3597 2090 3803 2161 δυνατῷ.

584 2155 750 2211 simul
779 2167 940 2229 atque
977 2160 1142 2230 Deus,
1167 2171 1221 2219 et
1249 2164 1306 2218 in
1329 2163 1461 2233 Deo,
1493 2174 1548 2220 et
1581 2183 1703 2221 eum
1737 2167 1865 2225 Deo.

2255 2172 2408 2226 Οὕτω
2469 2175 2645 2229 τοίνυν
2699 2176 2793 2228 καὶ
2835 2176 2925 2230 τὸν
2971 2177 3097 2230 Υἱὺν
3135 2177 3229 2230 τοῦ
3275 2179 3409 2232 Θεοῦ
3449 2181 3515 2234 ὲκ
3565 2179 3659 2233 τοῦ
3689 2179 3806 2234 Θεοῦ

580 2249 844 2322 νοοῦμεν,
896 2255 990 2318 καὶ
1037 2257 1098 2310 ού
1153 2259 1290 2329 μετά
1342 2260 1432 2314 τὸν
1477 2261 1642 2327 Θεὸν,
1691 2262 1814 2318 οὗτε
1864 2265 2020 2329 ἐκτὸς
2064 2265 2159 2320 τοῦ
2197 2265 2354 2332 Θεοῦ,
2383 2267 2520 2322 ἀλλὰ
2556 2269 2693 2340 μετὰ
2725 2269 2817 2323 τοῦ
2846 2270 3000 2337 Θεοῦ,
3035 2273 3129 2325 καὶ
3170 2273 3228 2325 ἐν
3253 2273 3330 2344 τῷ
3366 2273 3507 2344 Θεῷ,
3572 2274 3668 2328 καὶ
3725 2275 3806 2328 σὺν

581 2342 660 2414 τῷ
685 2345 823 2417 Θεῷ.

653 2439 708 2495 2.
747 2442 938 2499 Anam.
965 2445 1035 2499 At
1087 2448 1372 2518 splendor,
1403 2459 1458 2507 et
1481 2452 1805 2525 intelligere,
1829 2463 1884 2510 et
1905 2457 2062 2521 velle,
2087 2462 2142 2512 et

581 2529 884 2597 sapientia,
935 2542 987 2588 et
1048 2540 1323 2606 potentia,
1383 2557 1494 2596 non
1539 2553 1668 2600 sunt
1729 2546 2033 2600 substantia
2084 2547 2143 2601 in

580 2633 705 2676 sese
728 2623 1053 2683 subsistens.
1089 2627 1258 2686 Filius
1292 2631 1390 2687 Dei
1420 2650 1551 2690 vero
1578 2643 1662 2690 est
1701 2637 2008 2692 substantia
2033 2679 2048 2704 ,
2084 2639 2142 2693 in

580 2725 680 2766 sua
711 2718 929 2786 propria
958 2719 1258 2791 hypostasi.
1279 2722 1507 2780 011th
1536 2727 1640 2781 hoc
1659 2743 1874 2797 quoque
1905 2729 2144 2783 conferri

579 2818 706 2860 cum
739 2808 859 2878 ipso
897 2822 1172 2881 nequeunt
1217 2817 1466 2886 corporei
1507 2818 1635 2883 ﬁlii,
1670 2820 1812 2890 quod
1846 2819 1991 2876 ﬁlius
2023 2821 2146 2891 qui-

579 2894 703 2949 dem
735 2913 855 2952 sum
889 2915 990 2970 ego
1030 2903 1203 2972 patris
1236 2906 1475 2969 mei,sed
1499 2922 1605 2961 non
1636 2923 1757 2962 sum
1781 2911 1902 2979 ejus
1932 2911 2152 2981 sapien-

581 2985 682 3050 tia,
713 3003 893 3058 neque
923 3006 1045 3045 sum
1072 2994 1193 3062 ejus
1227 2998 1466 3064 potentia
1487 3037 1501 3061 ,
1540 3014 1716 3068 neque
1746 3015 1869 3055 sum
1902 3002 2023 3072 ejus
2054 3018 2153 3058 vo-

2317 2450 2373 2504 2.
2416 2451 2613 2519 Ἀνόμ.
2672 2449 2830 2504 Ἀλλά
2885 2450 2946 2504 τὸ
2977 2451 3345 2524 ἀπαύγασμα,
3403 2457 3500 2510 καὶ
3557 2459 3618 2512 τὸ
3651 2465 3802 2526 νοεῖν,

2246 2542 2341 2595 καὶ
2373 2542 2432 2594 τὸ
2458 2541 2652 2606 θέλειν,
2692 2542 2839 2613 καὶὴ
2873 2545 3056 2612 σοφία,
3086 2547 3180 2598 καὶ
3219 2548 3252 2615 ἡ
3275 2546 3526 2618 δύναμις,
3559 2552 3658 2603 ούκ
3677 2553 3805 2606 ἔστιν

2246 2635 2402 2687 οὐσία
2437 2635 2794 2698 ὲνυπόστατος
2821 2650 2835 2664 ⁸
2861 2637 2888 2688 6
2914 2635 2970 2688 δὲ
3007 2637 3131 2700 Υἱὸς
3163 2638 3254 2690 τοῦ
3295 2639 3429 2692 Θεοῦ
3477 2643 3638 2697 ούσία
3678 2647 3805 2698 ἐστὶν

2247 2725 2305 2778 ὲν
2333 2725 2438 2797 ἰδίᾳ
2491 2724 2801 2779 ὑποστάσει.
2847 2727 2998 2794 Ὀρθ.
3033 2729 3144 2780 Καὶ
3184 2730 3240 2783 ἐν
3269 2729 3442 2802 τούτῳ
3477 2733 3589 2787 τῶν
3639 2753 3805 2806 σωμα-

2247 2815 2416 2868 τικῶν
2439 2816 2570 2869 υίῶν
2592 2817 2652 2869 τὸ
2685 2816 3008 2889 ἀσύγκριτον
3037 2818 3170 2890 ἔχει,
3203 2822 3284 2874 ὅτι
3329 2822 3440 2892 ἐγὼ
3463 2824 3584 2894 μὲν,
3609 2827 3718 2890 υίὸς
3741 2827 3805 2880 ὣν

2256 2905 2349 2959 τοῦ
2410 2908 2614 2978 πατρός
2670 2924 2792 2978 μου,
2824 2909 2924 2961 ούκ
2982 2911 3098 2980 εἰμὶ
3127 2913 3294 2964 αὐτοῦ
3325 2915 3508 2981 σοφία,
3568 2917 3667 2969 οὐκ
3704 2919 3807 2989 εἰμὶ

2255 2997 2418 3050 αὐτοῦ
2465 2997 2736 3068 δύναμις,ῖ
2762 2999 2860 3052 οὐκ
2910 3002 3025 3070 εἰμὶ
3081 3002 3246 3056 αὐτοῦ
3305 3003 3538 3076 θέλημα,
3582 3009 3682 3062 ούκ
3707 3011 3807 3080 εἰμὶ

580 3075 782 3146 luntas,
815 3097 992 3151 neque
1041 3099 1162 3139 sum
1195 3086 1316 3154 ejus
1351 3089 1577 3143 verbum
1602 3132 1618 3156 ,
1669 3107 1846 3162 neque
1874 3110 1994 3149 sum
2025 3095 2141 3166 ejus

2252 3090 2416 3144 αὑτοῦ
2456 3091 2628 3160 λόγος,
2685 3094 2784 3146 οὐκ
2835 3094 2949 3164 εἰμὶ
2980 3095 3140 3148 αὐτοῦ
3170 3075 3528 3169 ἀπαύγασμα,
3559 3102 3658 3155 οὐκ
3702 3075 3804 3173 sip}.

580 3167 862 3238 splendor,
907 3190 1085 3245 neque
1137 3193 1259 3232 sum
1314 3179 1368 3234 in
1422 3181 1540 3251 ipso
1575 3181 1736 3239 Patre
1783 3201 1924 3242 meo.
1985 3187 2145 3243 Pater

581 3261 699 3329 ipse
727 3277 836 3318 non
863 3272 948 3318 est
981 3265 1037 3319 in
1071 3282 1180 3331 me,
1206 3284 1309 3324 nec
1343 3271 1484 3326 sicut
1536 3285 1792 3342 operatur
1836 3276 2020 3344 Pater,
2045 3295 2146 3350 ego

577 3367 814 3423 operor:
845 3357 1016 3414 Filius
1045 3359 1138 3416 Dei
1171 3379 1299 3417 vero
1332 3381 1441 3419 non
1467 3374 1680 3422 tantum
1710 3378 1794 3426 est
1824 3369 2018 3439 Filius,
2049 3374 2146 3428 sed

576 3444 743 3499 etiam
771 3451 1048 3516 potentia,
1103 3463 1156 3506 et
1201 3456 1507 3531 εορίεηιίαη
1527 3465 1581 3512 et
1617 3458 1884 3525 Verbum,
1942 3473 1996 3517 et
2048 3479 2148 3518 vo-

579 3534 784 3602 luntas,
811 3546 865 3593 et
884 3541 1162 3610 splendor,
1189 3553 1248 3598 ut
1276 3561 1340 3601 ex
1364 3562 1450 3612 eo,
1487 3550 1630 3618 quod
1657 3551 1728 3606 sit
1760 3551 1955 3618 Filius,
1982 3555 2145 3612 intel-

579 3627 778 3698 ligatur
823 3635 970 3702 quod
1003 3635 1074 3690 sit
1096 3637 1352 3706 quiddam
1381 3641 1437 3695 in
1467 3657 1585 3698 sese
1615 3645 1918 3702 subsistens
1947 3666 1959 3701 :
1991 3656 2045 3703 et
2075 3663 2145 3703 ex

575 3732 664 3780 eo,
692 3720 835 3787 quod
863 3728 946 3776 est
976 3724 1262 3794 sapientia,
1290 3738 1344 3782 et
1380 3733 1652 3798 potentia.
1691 3742 1745 3789 et
1789 3733 2051 3802 Verbum,
2086 3745 2142 3792 et

579 3808 852 3876 voluntas,
884 3819 938 3866 et
977 3815 1248 3884 splendor,
1279 3820 1608 3893 intelligatur
1633 3824 1763 3879 illud
1813 3828 1955 3896 quod
1981 3828 2143 3884 simul

576 3907 742 3971 atque
763 3901 943 3973 Pater,
973 3916 1026 3962 et
1051 3912 1104 3963 in
1130 3909 1310 3978 Patre,
1338 3924 1532 3970 etcum
1561 3915 1721 3973 Patre
1744 3921 1833 3983 sit,
1855 3935 2028 3990 neque
2054 3938 2142 3978 se-

574 3991 817 4080 cundus,
865 3994 919 4048 id
948 4003 1032 4051 est
1081 4015 1254 4070 neque
1304 4011 1428 4072 post
1472 4005 1706 4062 Patrem.
1741 4025 1917 4080 neque
1976 4019 2137 4068 extra

575 4079 812 4140 Patrem.
843 4083 1134 4155 Propterea
1172 4091 1319 4148 enim
1348 4094 1547 4150 clamat
1575 4079 1860 4169 propheta,
1907 4102 2134 4158 dicens:

578 4191 599 4223 ‹
639 4172 882 4240 Domine,
916 4177 1055 4234 Deus
1103 4191 1289 4239 noster
1312 4225 1328 4250 ,
1391 4187 1459 4242 da
1505 4190 1663 4245 nobis
1697 4207 1924 4261 pacem:
1958 4196 2142 4250 omnia

573 4262 720 4316 enim
755 4263 952 4320 dedisti
998 4271 1176 4326 nobis.
1210 4273 1434 4330 Domine
1459 4317 1474 4342 ,
1518 4277 1662 4336 Deus
1695 4290 1879 4337 noster
1904 4324 1919 4346 ,
1972 4284 2139 4340 alium

569 4364 723 4410 extra
746 4364 800 4412 te
825 4374 932 4413 non
961 4364 1209 4420 novimus
1238 4366 1305 4420 “.
1337 4386 1356 4419 ι
1390 4367 1499 4423 Nec
1541 4372 1684 4425 enim
1723 4382 1879 4427 extra
1912 4374 2130 4430 Patrem

2247 3181 2306 3234 ὲν
2345 3182 2492 3251 αύτῷ
2553 3182 2630 3254 τῷ
2679 3185 2844 3254 πατρί
2900 3202 3020 3255 μου.
3061 3187 3175 3239 Οὐκ
3217 3187 3378 3252 αὐτὸς
3418 3191 3448 3242 6
3492 3195 3672 3264 πατήρ
3716 3211 3806 3262 μου

2245 3272 2304 3325 ἐν
2327 3273 2468 3342 ἐμοὶ,
2499 3273 2558 3326 ού
2590 3273 2773 3338 καθὼς
2805 3276 2833 3326 6
2865 3278 3045 3348 πατήρ
3077 3295 3176 3348 μου
3210 3278 3522 3348 ἐργάζεται,
3554 3284 3706 3352 κάγὼ
3729 3287 3807 3355 ὲρ-

2244 3365 2482 3436 γάζομαι
2507 3384 2519 3396 ·
2547 3367 2576 3420 6
2607 3368 2663 3420 δὲ
2708 3367 2800 3421 τοῦ
2829 3367 2960 3422 Θεοῦ
3005 3370 3132 3434 Υἱὸς
3163 3371 3225 3424 ού
3279 3372 3442 3442 μόνον
3492 3376 3642 3429 ἐστὶν
3669 3377 3801 3441 Υἱὸς,

2246 3458 2380 3512 ἀλλά
2398 3460 2492 3512 καὶ
2516 3458 2760 3530 δύναμις,
2794 3460 2886 3512 καὶ
2905 3461 3085 3530 σοφία,
3118 3463 3212 3514 καὶ
3239 3463 3432 3532 Λόγος,
3461 3466 3559 3518 καὶ
3589 3467 3803 3538 Θέλημα,

2245 3550 2339 3604 καὶ
2400 3550 2758 3622 ἀπαύγασμα,
2799 3552 2888 3605 ἵνα
2922 3551 3030 3606 ἀπὸ
3068 3552 3162 3605 τοῦ
3197 3549 3335 3607 εἶναι
3360 3555 3509 3619 Υἱὸς,
3539 3557 3601 3609 τὸ
3627 3557 3804 3611 ὲνυπό-

2246 3657 2437 3695 στατον
2458 3643 2622 3714 νοηθῇ
2643 3660 2656 3674 ’
2693 3644 2788 3697 καὶ
2809 3644 2914 3696 ἀπὸ
2947 3643 3039 3696 τοῦ
3067 3640 3204 3698 εἶναι
3239 3647 3420 3716 σοφία,
3451 3650 3546 3702 καὶ
3568 3649 3800 3721 δύναμις,

2243 3733 2340 3786 καὶ
2391 3734 2582 3803 Λόγος,
2613 3735 2706 3788 καὶ
2740 3735 2967 3807 Θέλημα,
3027 3737 3120 3790 καὶ
3160 3738 3523 3810 ἀπαύγασμα,
3574 3742 3658 3794 τὸξ
3685 3741 3804 3812 μετὰ

2242 3824 2338 3877 τοῦ
2391 3825 2624 3898 Πατρὺς,
2665 3827 2756 3880 καὶ
2801 3830 2857 3880 ἐν
2900 3827 2977 3897 τῷ
3007 3829 3203 3900 Πατρὶ,
3237 3831 3330 3882 καὶ
3358 3833 3456 3885 σὺν
3501 3833 3582 3902 τῷ
3643 3834 3803 3905 Πατρὶ

2243 3915 2432 3986 νοηθῇ,
2465 3919 2557 3969 καὶ
2605 3917 2665 3970 ού
2715 3917 2982 3987 δεύτερος,
3049 3920 3168 3972 οὐδὲ
3228 3921 3366 3990 μετά
3429 3922 3523 3978 τὸν
3577 3925 3800 3996 Πατέρα,

2243 4006 2365 4059 οὐδὲ
2410 4007 2565 4071 ἐκτὸς
2614 4007 2708 4060 τοῦ
2757 4009 2984 4080 Πατρός.
3031 4009 3127 4062 Διὰ
3160 4011 3266 4082 γὰρ
3295 4011 3451 4065 τοῦτο
3487 4013 3587 4084 βοᾷ
3623 4018 3651 4068 6
3683 4032 3803 4087 προ-

2244 4100 2441 4169 φήτης,
2477 4100 2651 4167 λέγων
2675 4117 2687 4129 ·
2723 4117 2741 4150 ι
2780 4101 2970 4172 Κύριε,
3001 4105 3029 4155 ὁ
3075 4103 3204 4166 Θεὸς
3242 4104 3430 4174 ἡμῶν,
3474 4108 3698 4178 εἰρήνην
3729 4109 3804 4169 δὸς

2243 4192 2374 4260 ἡμῖν
2395 4209 2408 4222 ο
2431 4196 2603 4246 πάντα
2620 4194 2726 4266 γὰρ
2753 4193 3035 4258 ἀπέδωκέ
3059 4197 3205 4265 ἡμῖν.
3231 4196 3423 4268 Κύριε,
3443 4200 3472 4250 6
3488 4199 3618 4263 Θεὸς
3638 4200 3802 4272 ἡμῶν,

2242 4284 2398 4346 ἐκτὸς
2446 4284 2538 4337 σοῦ
2591 4286 2744 4340 ἄλλον
2798 4285 2897 4338 ούκ
2931 4287 3166 4356 οἴδαμεν.
3210 4307 3228 4339 ›
3263 4289 3337 4341 Ού
3369 4289 3479 4362 γὰρ
3525 4292 3682 4355 ἐκτὸς
3718 4290 3800 4343 τοῦ

2241 4374 2456 4445 Πατρὸς
2489 4375 2616 4441 Υἱὸς
2640 4375 2982 4448 γνωρίζεται,
3014 4377 3127 4430 ἀλλ’
3161 4379 3218 4429 ἐν
3250 4378 3327 4449 τῷ
3354 4380 3554 4451 Πατρὶ,
3593 4381 3687 4434 καὶ
3718 4381 3802 4434 σὺν

570 4441 742 4500 Filius
774 4453 1144 4519 cognoscitur,
1174 4455 1269 4510 sed
1301 4455 1359 4509 in
1394 4455 1577 4525 Patre,
1602 4470 1654 4516 et
1686 4478 1810 4516 cum
1843 4462 2003 4519 Patre
2029 4508 2043 4532 ,
2084 4477 2139 4522 et

2246 4468 2322 4538 τῷ
2360 4470 2556 4540 Πατρὶ,
2589 4471 2682 4523 καὶ
2702 4471 2816 4540 ἅμα
2843 4469 2919 4540 τῷ
2950 4471 3144 4542 Πατρὶ,
3174 4470 3250 4534 ὼς
3281 4473 3620 4544 ἀπαύγασμα
3636 4475 3800 4543 δόξης,

569 4536 732 4590 simul
761 4548 923 4610 atque
948 4542 1128 4608 Pater,
1155 4552 1214 4598 ut
1241 4547 1496 4614 splendor
1516 4551 1722 4620 gloriae,
1755 4560 1814 4606 ut
1841 4554 2132 4610 character

567 4626 942 4700 hypostaseos,
981 4643 1039 4689 ut
1062 4637 1327 4706 sapientia
1357 4641 1638 4711 sapientis,
1672 4651 1724 4699 et
1755 4648 1993 4714 potentia
2027 4663 2129 4716 po-

567 4721 756 4786 tentis,
787 4733 847 4777 ut
877 4724 1113 4779 Verbum
1161 4729 1378 4784 mentis.
1433 4733 1622 4791 Anam.
1660 4732 1765 4788 Sed
1828 4737 2088 4805 splendor
2114 4777 2131 4802 ,

567 4813 707 4870 lucis
749 4831 859 4870 non
915 4825 997 4873 est
1053 4819 1235 4889 ﬁlius;
1275 4823 1582 4890 character,
1633 4826 1988 4899 hypostaseos
2024 4847 2131 4886 non

564 4912 650 4958 est
699 4905 894 4962 ﬁlius:
934 4909 1238 4980 sapientia,
1298 4917 1559 4986 sapientis
1622 4934 1733 4974 non
1806 4929 1890 4975 est
1953 4921 2132 4990 ﬁlius;

565 4996 833 5063 potentia,
890 5003 1131 5067 potentis
1177 5019 1285 5060 non
1337 5014 1422 5061 est
1469 5009 1633 5064 ﬁlius.
1691 5011 1847 5067 Orth.
1890 5010 2134 5070 Patentis

565 5083 784 5152 quidem
832 5093 1095 5162 potentia,
1131 5110 1241 5149 non
1271 5104 1357 5150 est
1383 5098 1501 5169 ejus
1535 5099 1715 5169 ﬁlius;
1769 5118 1870 5159 nec
1917 5107 2132 5174 sapien-

566 5175 636 5230 tis
678 5180 966 5249 sapientia,
995 5193 1078 5240 est
1105 5187 1226 5256 ejus
1257 5187 1434 5257 ﬁlius;
1483 5207 1658 5262 neque
1701 5196 1928 5250 verbum
1976 5212 2130 5252 men-

563 5270 658 5336 tis,
705 5280 791 5330 est
822 5275 943 5346 ejus
985 5277 1158 5345 ﬁlius;
1214 5296 1389 5352 neque
1443 5284 1700 5354 splendor
1765 5286 1984 5357 gloriae,
2043 5296 2127 5345 est

543 5551 546 5554 ἠ
635 5471 682 5505 δ’
719 5472 823 5532 lsa.
847 5492 997 5544 xxvn,
1034 5480 1119 5545 l2,
1154 5483 1235 5536 15.

540 5730 552 5762 λ
636 5675 714 5746 (3)
752 5674 847 5734 Sic
882 5694 1016 5735 mss.
1046 5679 1104 5735 ln
1127 5681 1286 5738 editis
1317 5698 1444 5739 vero
1483 5685 1596 5737 ἐστί
1623 5684 1794 5742 deest.

2232 4559 2307 4622 ὡς
2342 4560 2625 4632 χαρακτὴρ
2655 4561 3019 4624 ὑποστάσεως,
3046 4561 3122 4623 ὠς
3151 4563 3309 4630 σοφία
3340 4565 3529 4632 σοφοῦ,
3558 4566 3630 4630 ὡς
3653 4567 3800 4618 δύνα-

2235 4671 2327 4724 μις
2342 4652 2591 4718 δυνατοῦ,
2624 4654 2699 4718 ὡς
2731 4655 2896 4723 Λόγος
2938 4653 3049 4708 νοῦ.
3100 4656 3297 4725 Ἀνόμ.
3347 4658 3510 4711 Ἀλλὰ
3539 4659 3601 4712 τὸ
3632 4660 3798 4712 ἀπαύ-

2233 4762 2420 4816 γασμα
2450 4745 2542 4799 τοῦ
2582 4747 2757 4816 φωτὸς
2811 4747 2928 4810 υἱὸς
2971 4747 3070 4800 οὐκ
3118 4747 3263 4801 ἐστιν
3290 4765 3304 4779 ο
3341 4749 3370 4801 6
3401 4751 3684 4823 χαρακτὴρ
3710 4751 3797 4820 τῆς

2241 4836 2591 4901 ὑποστάσεως
2617 4838 2730 4902 υἱὸς
2755 4839 2854 4892 ούκ
2887 4838 3030 4891 ἔστιν
3051 4855 3064 4867 ·
3089 4840 3123 4910 ἡ
3163 4840 3323 4910 σοφία
3356 4841 3451 4894 τοῦ
3497 4843 3660 4912 σοφοῦ
3696 4842 3798 4903 υίὸς

2234 4929 2337 4980 ούκ
2382 4928 2562 4981 ἔστιν*
2609 4929 2894 5001 ἡδύναμις
2926 4931 3016 4984 τοῦ
3067 4931 3294 4985 δυνατοῦ
3340 4933 3457 4998 υἱὸς
3501 4935 3600 4988 ούκ
3640 4935 3795 4987 ἔστιν.

2250 5016 2405 5084 Ὀρθ.
2447 5018 2553 5072 Τοῦ
2615 5020 2712 5090 μὲν
2753 5021 2977 5074 δυνατοῦ
3019 5020 3303 5093 ἡδύναμις
3331 5024 3433 5076 ούκ
3472 5025 3615 5078 ἔστιν
3641 5021 3795 5078 αὐτοῦ

2235 5108 2382 5172 υἱός·
2415 5109 2510 5162 καὶ⁵
2558 5111 2593 5180 ἡ
2639 5110 2798 5179 σοφία
2837 5110 2932 5164 τοῦ
2974 5112 3139 5181 σοφοῦ
3164 5113 3263 5165 οὐκ
3285 5112 3432 5167 ἔστιν
3458 5115 3618 5169 αὐτοῦ
3655 5113 3792 5176 υίόςο

2232 5199 2326 5250 καὶ
2375 5201 2404 5252 6
2433 5198 2590 5268 λόγος
2640 5199 2734 5252 τοῦ
2786 5201 2878 5254 νοῦ
2908 5202 3006 5253 ούκ
3043 5202 3188 5255 ἐστιν
3228 5202 3394 5256 αὑτοῦ
3436 5205 3550 5267 υἱός
3573 5219 3586 5233 ⁸
3614 5205 3702 5258 καὶ
3738 5202 3794 5253 τὸ

2231 5289 2569 5362 ἀπαύγασμα
2590 5291 2688 5362 τῆς
2716 5292 2872 5362 δόξης
2899 5294 2996 5347 οὐκ
3027 5291 3170 5346 ἐστιν
3202 5295 3372 5365 αὐτῆς
3407 5295 3551 5360 υἱός·
3572 5297 3601 5350 6
3624 5295 3680 5349 δὲ
3702 5292 3792 5347 τοῦ

2297 5690 2434 5760 (4-5)
2471 5690 2629 5760 Mss,
2662 5694 2774 5747 ἀλλ’
2802 5695 2866 5749 ὲκ
2887 5695 2979 5748 τοῦ
3008 5696 3192 5762 σοφοῦ.
