3982 6398
515 308 673 395 ιισεί

1626 342 1684 403 S.
1717 338 2182 400 ATHANASIUS.
2223 372 2291 382 -ο
2332 338 2603 397 SFUBIA.

513 459 600 507 est
626 450 1281 523 incorruptibilis.Anom.
1302 456 1381 509 Ita
1397 463 1483 510 est
1510 468 1759 524 prorsus.
1792 453 1946 510 Orth.
1979 453 2080 525 lgi-

2191 455 2434 525 εἴπωμεν
2464 453 2561 508 καὶ
2586 451 2746 507 αὑτὸν
2771 450 2950 523 ἑαυτῷ
2979 450 3210 523 ἀόρατον
3236 444 3377 503 εἶναι
3405 448 3650 504 τὸνθεόν
3668 450 3758 523 (7).

513 550 625 609 tur,
673 544 929 614 quoniam
972 543 1478 616 incorruptibilitati
1508 546 1799 617 copulatur
1828 546 2082 603 invisibl-

512 632 640 689 litas
659 672 674 696 ,
706 633 953 689 dicamus
981 632 1149 690 Deum
1184 634 1290 691 sibi
1326 635 1428 706 ipsi
1459 651 1681 707 quoque
1710 635 2043 691 invisibilem
2064 674 2080 701 ,

512 733 568 780 et
595 726 665 779 ita
693 726 979 782 mentitum
1005 727 1111 782 erit
1140 726 1160 800 (
1187 737 1371 784 vestro
1398 729 1615 800 quidem
1635 728 1883 800 judicio)
1910 727 2087 782 Evan-

509 818 708 889 gelium
730 858 745 882 ,
778 833 902 873 cum
929 819 1136 889 inquit,
1161 839 1181 872 ι
1207 820 1310 887 Qui
1338 829 1425 878 est
1452 835 1483 876 a
1516 821 1678 879 Patre
1699 863 1715 888 ,
1746 822 1793 879 is
1819 822 1955 877 vidit
1981 820 2087 875 Pa-

508 917 647 964 trem
674 909 741 964 “.
775 931 795 963 ι
824 910 982 978 Quod
1009 912 1057 967 si
1101 912 1182 978 is,
1218 912 1311 983 qui
1356 928 1384 967 a
1429 912 1595 970 Patre
1640 924 1758 977 est,
1793 914 1938 969 videt
1977 911 2085 967 Pa-

506 1010 647 1056 trem
667 1041 684 1066 ,
730 1017 864 1059 sane
906 1004 1025 1074 ipse
1051 1003 1213 1061 Pater
1240 1005 1480 1076 seipsum
1515 1006 1699 1062 videt:
1734 1006 1877 1077 quod
1909 1015 1995 1062 est
2024 1012 2081 1061 et

505 1092 711 1152 dicitur
728 1104 783 1151 ει
804 1097 1049 1152 creditur
1068 1112 1191 1154 esse
1218 1096 1515 1153 invisibilis
1536 1142 1548 1164 ,
1576 1097 1924 1154 referendum
1959 1109 2045 1154 est
2063 1135 2080 1163 ,

2190 545 2304 599 Καὶ
2346 542 2643 614 ἐψεύσαντο
2677 540 2745 595 τά
2799 539 3108 610 Εὖαγγέλια
3137 538 3260 593 καθ’
3295 540 3464 611 ὑμᾶς,
3507 540 3758 609 λέγοντα·

2198 656 2217 691 ι
2254 635 2314 692 '0
2337 636 2412 690 ὣν
2445 636 2597 707 παρά
2635 635 2729 690 τοῦ
2764 635 2977 707 Πατρὺς
2994 675 3011 699 ,
3054 633 3218 698 αὐτὸς
3252 631 3467 705 ἑώρακε
3520 632 3618 686 τὸν
3661 632 3761 687 Πα-

2193 729 2344 802 τέρα.
2371 749 2390 781 ι
2412 729 2473 782 Ei
2491 728 2549 783 δὲ
2577 729 2606 782 6
2634 727 2710 781 ὢν
2731 725 2883 799 παρὰ
2916 725 3009 781 τοῦ
3031 725 3246 797 [ἰατρὸς
3271 726 3374 796 ὁρᾷ
3401 724 3498 778 τὸν
3527 723 3756 794 Πατέρα,

2193 822 2289 877 καὶ
2311 823 2340 876 6
2386 820 2577 893 Πατὴρ
2611 820 2772 884 αὐτὸς
2795 819 2986 874 ἑαυτὸν
3011 818 3133 891 ὁρᾷ,
3169 818 3199 872 ὃ
3227 818 3367 879 ἔστι,
3403 815 3501 869 καὶ
3528 813 3757 885 λέγεται,

2193 914 2286 969 καὶ
2312 912 2625 967 πιστεύεται
2660 906 2799 966 εἶναι
2815 912 3063 983 ἀόρατος,
3086 913 3189 981 οὐχ
3217 908 3417 980 ἑαυτῷ,
3440 908 3568 963 οὐδὲ
3606 907 3682 978 τῷ
3708 906 3761 974 ἐξ

2186 1006 2350 1062 αὑτοῦ
2380 1004 2515 1077 Υίῷ,
2532 1005 2653 1059 οὐδὲ
2677 1004 2756 1077 τῷ
2784 1006 2914 1075 παρ’
2938 1002 3103 1057 αὑτοῦ
3138 1001 3281 1072 ἁγίῳ
3302 1000 3612 1072 Πνεῦματι,
3639 999 3760 1055 ἀλλά

2190 1098 2341 1171 πάσῃ
2368 1103 2435 1171 τῇ
2467 1099 2667 1154 κτίσει.

458 1240 464 1253 ,
504 1202 618 1242 non
646 1189 714 1243 ad
744 1189 897 1244 illum
928 1190 1104 1260 ipsum
1126 1230 1141 1255 ,
1174 1204 1353 1262 neque
1376 1191 1445 1246 ad
1474 1189 1672 1246 Filium
1694 1231 1711 1257 ,
1743 1192 1836 1262 qui
1891 1206 1962 1247 ex
2008 1192 2129 1263 ipso
2165 1201 2285 1255 est,
2321 1209 2500 1265 neque
2527 1192 2594 1247 ad
2626 1189 2893 1264 Spiritum
2924 1197 3178 1248 sanctum
3201 1228 3218 1255 ,
3261 1189 3355 1259 qui
3396 1187 3467 1244 ab
3492 1186 3618 1258 ipso
3645 1194 3753 1253 est;

415 1334 427 1346 ,
504 1282 605 1339 sed
640 1283 708 1338 ad
737 1299 931 1342 omnes
959 1296 1266 1343 creaturas.

574 1394 629 1450 5.
668 1395 860 1453 Anam.
893 1396 1048 1452 Nunc
1072 1398 1230 1454 disco
1249 1439 1265 1464 ,
1294 1414 1394 1457 vos
1426 1399 1478 1455 id
1507 1415 1617 1456 non
1645 1401 1869 1457 credere
1887 1440 1904 1467 ,
1932 1400 2081 1472 quod
2122 1427 2137 1446 ο

502 1487 765 1546 omnibus
803 1489 860 1544 in
888 1490 1146 1546 confesso
1186 1498 1293 1547 εει.
1336 1491 1491 1547 Orlli.
1536 1492 1847 1560 Quidnam?
1882 1494 2076 1549 Anam.

506 1577 676 1634 Deum
702 1595 828 1637 esse
856 1595 967 1635 non
1000 1580 1203 1636 factum
1243 1598 1433 1640 omnes
1468 1599 1602 1639 sana
1648 1593 1829 1640 mente
1866 1584 2080 1656 przediti

505 1671 860 1737 confitentur,
908 1688 1006 1729 vos
1049 1682 1233 1730 autem
1273 1691 1380 1730 non
1429 1675 1739 1732 admittitis.
1772 1675 1927 1732 Orth.
1959 1675 2079 1734 Non

505 1763 631 1819 dico
657 1779 764 1820 non
796 1779 958 1836 posse
988 1780 1018 1819 a
1049 1765 1210 1821 nobis
1238 1765 1486 1831 admitti,
1522 1779 1584 1822 ut
1612 1766 1779 1823 Deum
1811 1768 2079 1825 fateamur

506 1872 619 1912 non
646 1855 853 1912 factum
882 1876 897 1913 :
935 1858 1031 1914 sed
1060 1859 1313 1930 quamvis
1342 1860 1398 1915 id
1429 1860 1589 1916 cadat
1620 1862 1677 1917 in
1712 1870 1954 1918 nostram
1984 1879 2080 1920 co-

503 1948 821 2020 gitationem
862 1957 1047 2006 tamen
1072 1953 1464 2019 necessarium
1504 1969 1612 2010 non
1652 1971 1809 2021 esse,
1843 1965 1901 2012 ut
1944 1973 2080 2015 voce

505 2049 745 2106 utamur,
776 2058 898 2116 qua
926 2042 983 2097 in
1010 2044 1184 2099 sacris
1215 2043 1438 2101 Litteris
1479 2062 1750 2119 nusquam
1777 2049 2077 2105 invenitur.

503 2132 639 2189 Nam
669 2135 718 2192 si
744 2136 849 2191 hoc
876 2136 1018 2192 foret
1044 2137 1418 2192 necessarium
1441 2178 1457 2204 ,
1500 2155 1614 2195 non
1647 2142 1959 2199 reticuisset
1990 2158 2081 2198 sa-

501 2239 597 2279 cra
637 2224 942 2297 Scriptura.
986 2228 1180 2284 Anam.
1232 2232 1408 2302 igitur
1456 2231 1660 2287 factum
1706 2232 1884 2304 ipsum
1928 2235 2082 2290 dica-

501 2318 667 2372 mus?
697 2317 850 2376 Ortli.
879 2319 982 2388 Qui
1009 2320 1212 2379 factum
1238 2339 1362 2379 eum
1389 2323 1543 2387 dicit.
1580 2325 1742 2395 impie
1767 2325 1913 2380 facit.
1942 2324 2079 2381 Tra—

499 2407 640 2463 didit
667 2409 815 2465 enim
840 2411 1005 2467 nobis
1031 2412 1315 2483 Scriptura
1335 2453 1350 2479 ,
1382 2429 1633 2484 quamam
1658 2423 1787 2470 sunt
1817 2414 1959 2470 facta
1978 2457 1996 2484 ,
2025 2423 2081 2472 et

500 2498 628 2567 quis
671 2498 743 2555 sit
775 2514 966 2557 eorum
998 2501 1203 2573 opifex.
1235 2502 1341 2571 Qui
1368 2519 1498 2559 vero
1524 2504 1660 2560 dicit
1691 2520 1814 2560 eum
1846 2522 1957 2561 non
1993 2505 2081 2561 fa-

500 2599 650 2646 ctum
682 2591 703 2664 (
729 2593 875 2664 quod
892 2591 1192 2666 Scriptura
1221 2611 1332 2651 non
1373 2596 1581 2668 tradit)
1611 2612 2078 2668 supervacaneum

500 2683 763 2756 quiddam
808 2687 1069 2759 loquitur.
1111 2690 1306 2746 Anam.
1355 2691 1414 2746 Si
1458 2706 1570 2747 non
1609 2698 1695 2748 est
1739 2692 1954 2758 factus,
1996 2702 2083 2749 est

500 2794 612 2835 non
643 2778 839 2836 factus.
874 2781 1029 2838 Orth.
1059 2782 1237 2839 Etiam
1269 2783 1317 2841 si
1346 2785 1581 2840 humana
1621 2786 1882 2856 cogitatio
1927 2785 2082 2843 nobis

498 2870 605 2928 hoc
643 2876 926 2946 suggerit,
957 2891 1069 2931 non
1094 2877 1172 2932 ita
1204 2892 1305 2934 nos
1336 2886 1520 2934 tamen
1558 2884 1750 2932 sancta
1798 2878 2083 2947 Srriptura

498 2963 720 3034 docuit;
754 2966 852 3024 sed
875 2968 1036 3024 audis
1052 2969 1227 3041 ipsam
1251 2970 1523 3026 dicentem
1551 2989 1566 3025 :
1592 2988 1610 3021 ι
1630 2968 1903 3037 Quantum
1929 2971 2084 3027 abest

499 3060 686 3115 oriens
736 3060 806 3116 ab
841 3061 1163 3125 occidente,
1210 3069 1422 3117 tantum
1476 3062 1680 3119 absunt
1722 3063 2084 3134 cogitationes

2250 1398 2303 1454 5.
2350 1397 2539 1467 Ἇνόμ.
2570 1393 2686 1450 Νῦν
2735 1393 3010 1467 μανθάνω,
3055 1393 3138 1449 ὅτι
3185 1394 3216 1448 ὃ
3255 1394 3421 1448 πᾶσιν
3458 1393 3755 1468 ἀνθρὼτωις

2182 1492 2329 1546 ἐστὶν
2349 1488 2790 1562 ὡμολογημένον,
2810 1486 2966 1542 τοῦτο
2987 1488 3149 1560 ὑμεῖς
3177 1487 3239 1542 οὑ
3271 1487 3581 1544 πιστεύετε.
3611 1489 3750 1562 ’ορ0.

2180 1583 2369 1649 Ποῖονς
2407 1581 2607 1651 Ἀνόμ.
2656 1580 2779 1635 Ὀτι
2825 1580 3087 1651 ἀγένητός
3125 1580 3274 1634 ἔστιν
3315 1580 3344 1632 6
3386 1580 3541 1646 Θεὸς.
3568 1582 3753 1647 πάντες

2181 1674 2480 1748 ἄνθρωποι,
2511 1677 2559 1729 oi
2592 1673 2718 1728 νοῦν
2744 1672 2904 1745 ὀρθὸν
2936 1673 3172 1744 ἔχοντες,
3196 1671 3579 1744 ὁμολογοῦσιν,
3609 1675 3752 1746 ὑμεῖς

2180 1764 2237 1818 δὲ
2267 1766 2328 1817 οὑ
2358 1763 2599 1835 δέχεσθε.
2631 1764 2776 1832 Ὀρθ.
2796 1764 2871 1817 Οὐ
2894 1762 3056 1832 λέγω,
3102 1764 3185 1818 ὅτι
3211 1763 3274 1817 τὸ
3300 1764 3568 1835 ἀγένητον
3603 1766 3754 1821 αὐτὴν

2106 1821 2154 1881 Β
2177 1821 2461 1927 ὀμολογείν
2493 1821 2872 1928 ἀπαράδεκτόν
2886 1821 3093 1927 ἐστιντί]
3103 1856 3194 1925 μῖν
3214 1871 3226 1885 ο
3261 1821 3377 1909 ἀλλ’
3402 1821 3485 1911 δτί
3508 1856 3614 1912 κᾶν
3633 1858 3752 1930 δοκῇ

2176 1951 2300 2012 ταῖς
2317 1947 2547 2012 ἐννοίαις
2564 1948 2723 2020 ἡμῶν
2748 1947 3098 2015 ὑποπίπτειν,
3116 1949 3230 2005 ἀλλ’
3256 1951 3410 2022 ὅμως
3424 1950 3504 2016 ὼς
3525 1950 3751 2024 οὐδαμοῦ

2178 2040 2278 2111 τῆς
2306 2039 2455 2104 θείας
2472 2039 2697 2111 Γραφῆς
2720 2039 2980 2112 κειμένην
3001 2040 3101 2113 τὴν
3126 2040 3309 2114 φωνὴν
3336 2042 3441 2096 οὐκ
3463 2044 3752 2112 ἀναγκαῖον

2179 2131 2378 2201 λέγειν.
2412 2133 2476 2186 Ei
2515 2133 2625 2205 γὰρ
2654 2128 2722 2205 ἦν
2755 2133 3075 2202 ἀναγκαῖον,
3105 2131 3259 2188 εἶπεν
3302 2132 3369 2189 ἂν
3400 2135 3537 2189 αὐτὸ
3568 2138 3603 2206 ἡ
3643 2134 3752 2190 θεία

2179 2224 2395 2298 Γραφή.
2435 2227 2634 2298 Ἀνόμ.
2678 2227 2911 2301 Γενητὸν
2949 2223 3043 2282 οὖν
3084 2227 3328 2300 εἴπωμεν
3362 2228 3573 2290 ain-rixa;
3608 2229 3750 2298 Ὀρθ.

2192 2315 2251 2372 '0
2276 2318 2452 2389 λέγων
2484 2320 2648 2374 αὑτὸν
2679 2319 2908 2393 γενητὸν
2935 2320 3009 2392 (8)
3038 2320 3244 2376 ἀσεϐεῖ.
3292 2316 3431 2375 Εἷπε
3471 2321 3586 2393 γὰρ
3633 2322 3751 2393 ἡμῖν

2178 2412 2214 2483 ἡ
2253 2410 2476 2483 Γραφὴ,
2505 2411 2626 2464 τίνα
2658 2412 2774 2465 ἐστὶ
2813 2410 2884 2465 τά
2917 2411 3157 2484 γενητὰ,
3202 2412 3298 2467 καὶ
3346 2412 3434 2477 τίς
3480 2414 3511 2466 6
3558 2413 3750 2469 τούτων

2180 2503 2580 2576 γενεσιουργός.
2640 2504 2699 2559 '0
2744 2504 2801 2557 δὲ
2845 2503 3020 2573 λέγων
3064 2504 3227 2560 αὑτὸν
3270 2505 3564 2577 ἀγένητον,
3595 2508 3625 2561 ὃ
3660 2508 3751 2562 οὐκ

2183 2593 2335 2651 εἶπεν
2374 2598 2407 2668 ἡ
2447 2594 2668 2667 Γραφὴ,
2720 2595 3105 2668 περιττολογεϊ.
3158 2595 3348 2667 Ἀνόμ.
3390 2597 3456 2650 Ei
3492 2598 3597 2651 οὐκ
3647 2597 3753 2652 ἔστι

2181 2690 2428 2761 γενητὸς,
2457 2687 2720 2760 ἀγένητός
2751 2691 2918 2744 ἐστιν.
2961 2689 3118 2756 Ὀρθ.
3144 2688 3264 2743 Κᾶν
3303 2689 3628 2762 ἀνθρωπίνη
3652 2691 3755 2747 διὰ-

2183 2800 2303 2838 νοια
2330 2780 2489 2836 τοῦτο
2514 2783 2654 2835 νοεῖν
2686 2782 2837 2852 ποιῇ,
2867 2780 2982 2835 ἀλλ’
3010 2782 3108 2851 οὐχ
3141 2780 3315 2845 οὕτως
3349 2784 3384 2854 ἡ
3419 2782 3544 2837 θεία
3576 2783 3755 2857 Γραφη

2183 2872 2451 2940 ἐδίδαξενο
2487 2873 2602 2926 ἀλλ’
2636 2872 2852 2936 ἀκούεις
2889 2871 3060 2943 αὐτῆς
3094 2871 3395 2945 λεγούσηςο
3439 2875 3536 2927 καὶ
3562 2892 3582 2926 ι
3613 2873 3754 2928 Καθ-

2182 2965 2307 3019 όσον
2371 2965 2667 3035 ἀπέχουσιν
2724 2963 2985 3018 ἀνατολαὶ
3037 2964 3146 3018 ἀπὸ
3211 2963 3467 3036 δυσμῶν,
3511 2964 3755 3021 τοσοῦτον

2183 3060 2447 3131 ἀπέχουσι
2471 3060 2539 3113 τὰ
2568 3060 2901 3132 διανοήματα
2933 3058 3087 3130 ὑμῶν
3115 3059 3222 3114 ἀπὸ
3241 3058 3353 3114 τῶν
3385 3059 3755 3132 διανοημάτων

497 3161 698 3207 vestrm.
720 3167 752 3207 a
776 3154 1202 3225 cogitationibus
1226 3154 1364 3209 meis
1389 3155 1458 3208 ⁸³.
1506 3173 1525 3207 ι
1552 3153 1707 3221 Quod
1733 3154 1781 3210 si
1806 3153 2080 3210 existimat

2188 3168 2310 3223 μου.
2338 3170 2357 3203 ι
2382 3152 2446 3205 Ei
2478 3152 2535 3205 δὲ
2565 3150 2776 3224 νομίζει
2805 3151 3068 3224 Εὑνόμιος
3098 3152 3417 3224 εὑρηκέναι,
3451 3153 3513 3207 τὸ
3536 3154 3589 3207 τί
3617 3156 3757 3207 ἐστιν

500 3243 804 3301 Eunomius
833 3261 892 3301 se
917 3246 1276 3316 comperisse,
1302 3243 1434 3316 quid
1462 3246 1534 3300 sit
1561 3244 1726 3310 Deus,
1751 3261 1817 3301 ex
1839 3261 1904 3302 co
1933 3248 2080 3317 quod

497 3354 609 3395 non
643 3339 714 3395 sit
743 3338 922 3397 factus
941 3380 956 3403 ,
989 3354 1093 3395 nec
1121 3339 1318 3394 habeat
1349 3354 1508 3395 suum
1539 3354 1662 3396 esse
1690 3356 1757 3395 ex
1785 3340 1970 3411 aliquo
1998 3341 2083 3396 fa-

496 3439 671 3498 ctore,
702 3431 848 3487 dicat
876 3448 1000 3489 eum
1028 3433 1194 3489 etiam
1208 3431 1393 3497 ἄθεον,
1419 3432 1470 3488 id
1491 3440 1596 3499 est,
1620 3450 1644 3484 ι
1669 3431 1876 3503 absque
1898 3431 2026 3498 Deo,
2053 3451 2074 3486 ι

496 3530 560 3579 ut
586 3524 681 3595 qui
715 3522 885 3580 Deum
914 3540 1023 3579 non
1057 3525 1278 3582 habeat.
1309 3524 1467 3591 Quod
1504 3524 1550 3581 si
1583 3540 1692 3580 non
1715 3526 1852 3581 licet
1883 3525 1957 3580 ita
2002 3526 2082 3582 lo-

497 3616 629 3687 qui,
660 3618 913 3687 quamvis
940 3618 1331 3689 cogitationem
1358 3625 1607 3675 nostram
1636 3620 1870 3686 subeat,
1898 3637 1968 3676 ne
1998 3621 2082 3676 di-

496 3718 655 3763 catur
672 3711 835 3764 etiam
857 3724 967 3764 non
1005 3710 1203 3775 factus,
1223 3710 1475 3781 quamvis
1490 3711 1596 3768 hoc
1619 3712 1674 3766 in
1691 3712 2080 3783 cogitationem

496 3811 744 3858 nostram
771 3801 956 3860 cadat.
990 3804 1184 3858 Anam.
1209 3802 1407 3860 Factus
1426 3805 1693 3878 estigitur
1716 3806 1858 3862 Deus
1876 3805 2076 3863 ?0rlh.

497 3892 617 3949 Non
652 3894 831 3951 factus
858 3903 963 3951 est.
999 3895 1192 3953 Anam.
1240 3896 1381 3969 Ergo
1409 3906 1495 3955 est
1521 3914 1631 3953 non
1652 3898 1885 3954 factus?
1921 3897 2076 3954 Orth.

496 3985 741 4043 Hahetne
788 3987 932 4044 Deus
978 3987 1196 4043 Deum?
1242 3990 1430 4045 Anam.
1479 3989 1952 4061 Minimequidem
1994 3992 2077 4057 is,

495 4081 592 4149 qui
642 4086 727 4134 est
773 4095 884 4134 non
946 4079 1147 4135 factus.
1208 4080 1363 4136 Orth.
1418 4081 1516 4138 Est
1563 4084 1731 4153 igitur
1778 4084 1971 4149 ἄθεος,
2023 4084 2078 4140 id

497 4177 604 4234 est,
644 4187 663 4222 ι
692 4171 902 4242 absque
923 4170 1056 4227 Deo.
1091 4191 1109 4225 ι
1146 4172 1339 4229 Videu‘
1362 4188 1523 4245 ergo,
1564 4190 1729 4245 quam
1769 4176 1999 4247 puerilia
2024 4183 2080 4231 et

498 4263 792 4319 illiberalia
839 4265 953 4319 sint
978 4272 1163 4320 vestra
1189 4266 1426 4336 cogitata
1451 4266 1475 4321 Ἰ
1501 4266 1868 4334 Quamobrem
1908 4270 2078 4325 vesti-

500 4355 606 4426 giis
644 4364 850 4411 sancta:
898 4354 1197 4429 Scriptura:
1236 4358 1590 4424 insistentes,
1618 4359 1869 4416 dicamus
1898 4361 2079 4431 potius

497 4444 713 4502 Patrem
734 4486 749 4511 ,
778 4455 833 4502 et
860 4445 1062 4501 Filium
1083 4485 1099 4507 .
1131 4454 1188 4502 et
1230 4445 1494 4517 Spiritum
1540 4457 1792 4505 sanctum
1813 4491 1829 4517 ,
1863 4449 2072 4506 Deum:

2184 3243 2213 3296 6
2240 3243 2393 3309 Θεὸς,
2429 3246 2494 3298 ὲκ
2516 3243 2609 3297 τοῦ
2657 3244 2732 3315 μὴ
2766 3238 2907 3297 εἶναι
2938 3243 3100 3298 αὑτὸν
3138 3244 3365 3315 γενητὸν
3386 3283 3401 3308 ,
3446 3246 3584 3317 μηδὲ
3622 3246 3757 3317 ἔχειν

2182 3336 2584 3408 γενεσιουργὸν,
2625 3334 2832 3405 λεγέτω
2872 3335 3033 3389 αὐτὸν
3078 3337 3172 3389 καὶ
3205 3335 3388 3400 ἄθεον,
3418 3337 3608 3410 ἐπειδὴ
3634 3338 3758 3392 Θεὸν

2181 3428 2283 3482 οὐκ
2306 3426 2439 3500 ἔχει,
2466 3427 2605 3482 Ἀλλ’
2634 3428 2683 3481 εἰ
2707 3428 2781 3499 (9)
2807 3427 2868 3481 οὐ
2901 3426 2982 3481 δεῖ
3002 3427 3180 3496 λέγειν
3208 3427 3389 3493 τοῦτο,
3424 3429 3530 3484 κᾶν
3567 3429 3756 3485 ὑποπί-

2178 3538 2290 3593 πτῃ
2318 3523 2436 3584 ταῖς
2475 3520 2703 3584 ἐννοίαις
2734 3519 2892 3591 ήμῶν
2911 3536 2925 3551 ο
2964 3520 3097 3591 μηδὲ
3119 3519 3179 3573 τὸ
3202 3521 3468 3593 ἀγένητον
3498 3521 3756 3592 λεγέσθω,

2180 3613 2288 3668 κᾶν
2305 3612 2587 3684 ὑποπίπτῃ
2609 3615 2728 3676 ταῖς
2743 3612 2971 3676 ἐννοίαις
2989 3611 3165 3683 ἡμῶν.
3185 3613 3384 3681 Ἀνόμ.
3402 3614 3655 3682 Ἐγένετο
3671 3609 3759 3669 οὖν

2180 3708 2211 3759 6
2241 3705 2406 3771 Θεός;
2446 3705 2600 3774 Ὀρθ.
2646 3704 2760 3758 Οὐκ
2811 3703 3041 3773 ἐγένετο.
3096 3704 3285 3775 Ἁνόμ.
3341 3706 3634 3778 Ἀγένητος
3672 3701 3762 3760 οὖν-

2183 3800 2366 3866 ὲστιν;
2403 3799 2558 3867 Ὀρθ.
2592 3798 2744 3868 Ἔχει
2786 3796 2920 3850 Θεὸν
2948 3798 2976 3850 6
3011 3796 3173 3862 936;;
3222 3798 3424 3867 Ἀνόμ.
3465 3798 3525 3852 ’0
3564 3798 3758 3869 ἀγένη-

2180 3907 2275 3954 τος
2300 3888 2383 3944 οῦ.
2431 3890 2585 3959 Ὀρθ.
2622 3887 2815 3953 Ἀθεος
2846 3884 2939 3943 οὖν
2974 3890 3111 3942 ἐστι.
3140 3888 3251 3941 Καὶ
3289 3890 3423 3961 ὁρᾷς
3459 3888 3576 3960 (10)
3598 3932 3615 3955 ,
3649 3889 3758 3954 πῶς

2186 3984 2524 4059 μειρακιώδη
2560 3984 2654 4038 καὶ
2681 3982 3063 4055 ἀνδραποδώδη
3095 3984 3232 4038 είσὶν
3272 3984 3429 4056 ὑμῶν
3454 3984 3526 4039 τὰ
3553 3985 3762 4057 διανοή-

2185 4095 2365 4150 ματα;
2411 4078 2503 4132 Διὸ
2557 4077 2754 4150 μᾶλλον
2796 4076 3214 4143 ἀκολουθοῦντες
3258 4078 3323 4149 τῆ
3367 4077 3491 4151 θείᾳ
3535 4079 3756 4153 Γραφῇ,

2183 4170 2427 4242 εἴπωμεν
2459 4171 2698 4243 Πατέρα,
2716 4171 2810 4225 καὶ
2841 4172 2987 4235 Υίὺν,
3015 4171 3109 4226 καὶ
3136 4171 3290 4241 ἆγιον
3324 4172 3575 4245 Πνεῦμα,
3596 4173 3754 4228 Θεόν·

2183 4262 2277 4317 καὶ
2302 4263 2364 4316 οὐ
2388 4262 2697 4335 φοϐούμεθα
2730 4264 2858 4335 περὶ
2884 4263 2981 4336 τὴν
2997 4263 3179 4317 πίστιν
3201 4263 3536 4335 ναυαγῆσαι.
3555 4266 3629 4319 Τὸ
3656 4266 3761 4337 γὰρ

2182 4353 2444 4424 ἀγένητον
2475 4353 2689 4425 εῦρεσίς
2727 4357 2875 4408 ἐστιν
2911 4354 3074 4409 ἀετοῦ
3107 4355 3432 4428 πετομένου,
3473 4356 3760 4428 ζητοῦντος

2185 4446 2349 4517 βορὰν
2386 4445 2518 4519 (Η),
2549 4440 2610 4500 οῦ
2655 4447 2801 4519 ίχνος
2846 4448 3235 4520 ὲρηρεισμένον
3273 4449 3373 4520 οὐχ
3416 4449 3759 4520 εὑρίσκεταιδ

498 4552 678 4608 neque
698 4538 1013 4594 timebimus
1032 4579 1048 4604 ,
1076 4553 1142 4594 ne
1168 4538 1318 4593 circa
1340 4538 1497 4596 iidem
1528 4541 1877 4612 naufragium
1906 4540 2077 4595 facia-

2183 4540 2237 4592 οὐ
2271 4540 2383 4612 γὰρ
2431 4539 2542 4612 ἔχει
2592 4541 2650 4592 ὲν
2701 4544 2767 4611 τῇ
2803 4540 2842 4592 Γ
2846 4543 3015 4612 ραφῇ,
3058 4534 3120 4594 οὗ
3169 4542 3357 4613 στήσει
3400 4543 3529 4607 τοὺς
3575 4541 3757 4605 πόδας.

497 4645 642 4686 mus.
673 4627 810 4685 Nam
841 4629 973 4684 illud
1019 4644 1129 4684 non
1161 4627 1366 4685 factum
1386 4672 1401 4695 ,
1430 4640 1516 4688 est
1553 4633 1830 4688 inventura
1880 4631 2078 4703 aquilae

496 4723 734 4779 volantis
753 4766 768 4790 ,
791 4724 1088 4794 quaerentis
1114 4738 1299 4781 escam
1319 4764 1334 4785 .
1358 4722 1518 4794 cuius
1545 4724 1763 4778 firmum
1787 4723 2078 4795 vestigium

496 4812 727 4870 inveniri
760 4814 951 4884 nequit
979 4832 992 4869 :
1043 4827 1146 4870 nec
1174 4814 1323 4869 enim
1351 4813 1514 4869 habet
1544 4813 1600 4875 in
1633 4811 1916 4883 Scriptura
1937 4852 1951 4873 .
1984 4810 2078 4867 ubi

496 4904 661 4976 pedes
684 4914 870 4975 ponat.
900 4904 1088 4961 Anam.
1115 4906 1406 4976 Acceptam
1433 4904 1722 4977 epistolam
1745 4903 1888 4958 Aetii
1919 4902 2038 4973 lege
2058 4941 2075 4967 ,

2197 4632 2394 4702 Ἀνόμ.
2427 4633 2595 4698 Λάϐε,
2633 4632 2906 4701 ἀνάγνωθι
2939 4633 3037 4704 τὴν
3074 4633 3365 4706 ἐπιστολὴν
3415 4635 3649 4699 ’Λετίου,
3669 4633 3760 4689 καὶ

2184 4723 2304 4776 εἰπὲ
2328 4724 2464 4794 πρὸς
2489 4724 2678 4795 αὑτήν.
2721 4724 2874 4793 Ὀρθ.
2905 4724 3077 4790 Αὐτὸς
3100 4724 3396 4795 ἀνάγνωθι.
3417 4726 3614 4794 Ἀνόμ.
3641 4722 3761 4777 Etsi

2186 4813 2303 4885 μετ’
2349 4813 2521 4885 αὐτῆς
2562 4813 2657 4867 καὶ⁵
2703 4813 2890 4886 σχόλια
2933 4813 3218 4885 Εὐνομίου.
3273 4815 3431 4884 Ὀρθ.
3475 4814 3583 4869 Καὶ
3621 4811 3759 4867 αὐτὰ

2183 4904 2480 4974 ἀνάγνωθι.

493 5007 549 5055 ct
570 5000 793 5071 loquere
810 4998 1079 5056 adversus
1099 5000 1269 5057 illam.
1291 5000 1441 5057 Orth.
1464 4998 1548 5055 Tu
1577 5001 1694 5072 ipse
1715 4999 1853 5070 lege.
1876 4998 2071 5054 Anam.
2140 4997 2282 5055 Sunt
2327 5018 2436 5059 una
2476 5018 2602 5058 cum
2646 5015 2710 5057 ea
2754 4999 3010 5058 Eunomii
3052 5018 3274 5074 quoque
3339 5003 3566 5061 scholia.
3601 4998 3754 5057 Orib.

496 5095 640 5166 Ergo
665 5103 721 5151 et
754 5096 846 5152 illa
876 5097 1067 5152 recita.

567 5293 613 5327 “
648 5293 810 5353 Joan.
843 5310 897 5351 vt
922 5337 935 5361 ,
971 5294 1064 5352 £6.
1136 5296 1187 5329 "
1227 5297 1339 5353 lsa.
1375 5312 1444 5352 ιν
1478 5336 1494 5362 ,
1530 5298 1586 5353 8.

566 5474 645 5549 (7)
676 5474 820 5549 I'_3d_it.
854 5477 1042 5549 Steph.
1072 5477 1176 5549 mir
1190 5450 1427 5548 ἀόρατον
1463 5476 1641 5549 ἑαυτῷ
1665 5478 1785 5549 ἀορ.

568 5547 645 5681 ἒξ)
682 5546 825 5601 Edit.
852 5545 1041 5619 Steph.
1073 5548 1235 5610 male.
1266 5545 1551 5620 ἀγένητον.
1587 5621 1599 5633 .

629 5618 645 5681 )
684 5617 746 5670 Et
778 5618 933 5675 abest
964 5636 995 5674 a
1025 5633 1158 5674 mss.
1194 5617 1318 5677 Mox
1340 5618 1516 5673 Palat.
1550 5620 1599 5676 bl

499 5617 645 5739 “$21)
684 5617 746 5670 Et
778 5618 933 5675 abest
953 5617 995 5674 Va
1025 5633 1158 5674 mss.
1194 5617 1318 5677 Mox
1340 5617 1516 5673 Palat.
1550 5620 1634 5676 bis
1665 5617 1944 5683 διανοίαις,
1971 5631 2070 5686 pro

643 5703 751 5748 αις.

2277 5477 2361 5550 ιο)
2395 5476 2541 5550 Edit.
2583 5477 2775 5548 Steph.
2813 5476 2911 5550 και
2931 5473 3095 5547 ὀρῶν.
3395 5540 3408 5550 ⁸
3667 5537 3699 5550 _

2275 5540 2364 5617 ll)
2396 5548 2489 5603 Sic
2517 5553 2606 5605 ed.
2630 5540 2797 5604 recte.
2819 5540 2993 5601 Palat.
3023 5556 3172 5610 vero,
3198 5540 3754 5616 πεσομένου,ςητοῦγ

2175 5636 2266 5684 τος
2305 5620 2528 5693 βορρἅο
