3982 6398
256 394 391 454 1165

1227 390 1312 447 DE
1353 391 1620 448 SANCTA
1651 386 2025 445 TRINITATE
2062 384 2405 442 DIALOGUS
2441 383 2505 440 ll.

3329 389 3496 446 1166-

321 513 375 567 6.
409 514 632 580 Σκύλλα
667 511 986 579 Εὐνομίου,
1013 509 1131 580 καί
1169 510 1319 579 πρὸς
1357 509 1509 565 αὐτὰ
1557 510 1744 576 Ὀρθο-

1921 501 2076 574 426
2110 501 2165 556 6.
2206 500 2429 556 Scholia
2459 497 2756 580 Eunomii”,
2781 505 2830 550 et
2870 499 3134 566 responsio
3175 497 3470 556 Ortltodoxi

923 579 1125 642 δόξου.

329 696 449 748 Ὀτι
479 696 512 765 ή
546 693 760 766 θέλησις
792 695 940 765 καὶὴ
971 693 1219 763 βούλησις
1249 693 1310 746 οὐ
1340 693 1534 746 ταυτὸν
1561 694 1627 762 τῇ
1655 690 1813 761 οὐσίᾳ

258 786 349 840 τοῦ
377 787 511 841 Θεοῦ
532 804 545 816 ·
575 789 608 858 ή
645 787 741 856 μὲν
773 786 882 857 γάρ
905 785 1118 857 θέλησις
1147 785 1242 839 καὶ
1269 785 1493 856 ἄρχεται
1525 784 1618 838 καὶ
1643 782 1812 835 παύε-

258 898 342 934 ται
362 897 377 912 ⁶
407 882 439 950 ή
466 879 522 931 δὲ
559 879 715 932 οὐσία
749 877 870 931 οὔτε
907 877 1164 949 ἄρχεται,
1202 875 1324 929 οὔτε
1357 876 1584 928 παύεται
1607 892 1619 904 ο
1666 875 1725 926 τὸ
1756 873 1813 926 δὲ

251 971 553 1042 ἀρχόμενον
596 971 687 1023 καὶ
719 970 1018 1039 παυόμενον
1050 967 1127 1038 τῷ
1177 969 1308 1038 μήτε
1343 967 1626 1038 ἀρχομένῳ
1679 967 1814 1036 μήτε

251 1063 548 1132 παυομένῳ
580 1062 639 1114 τὸ
680 1060 808 1114 αὐτὸ
850 1057 986 1113 εἶναι
1018 1060 1078 1112 οὐ
1111 1059 1353 1112 δύναται.
1392 1059 1501 1110 Καὶ
1545 1057 1738 1120 ἄλλως,
1767 1059 1815 1110 εί

251 1156 446 1208 ταυτὸν
473 1149 540 1224 ἦν
559 1157 623 1225 τῇ
657 1153 812 1224 οὐσίᾳ
841 1153 932 1206 τοῦ
955 1151 1088 1204 Θεοῦ
1122 1154 1155 1221 ή
1187 1150 1456 1220 βούλησις,
1490 1150 1657 1220 ἐχρῆν
1687 1151 1814 1220 μιᾶς

251 1248 434 1312 οὐσίας
466 1247 592 1314 μίαν
629 1243 764 1298 εἶναι
812 1246 904 1298 καὶ
949 1245 1047 1315 τὴν
1085 1244 1336 1312 Θέλησινδ
1369 1243 1712 1314 εὑρίσκονται
1757 1242 1813 1294 δὲ

252 1340 392 1393 κατὰ
433 1339 532 1409 τὴν
569 1336 918 1391 διδασκαλίαν
962 1335 1068 1388 τῶν
1122 1334 1279 1387 Θείων
1316 1334 1576 1408 Γραφῶν,
1618 1334 1680 1387 οὐ
1719 1334 1817 1405 μία

247 1431 491 1500 θέλησις,
519 1429 652 1482 ἀλλὰ
682 1428 869 1482 πολλαὶ
908 1427 1188 1498 θελήσεις·
1230 1425 1328 1496 τῆς
1366 1425 1588 1496 Γραφῆς
1628 1425 1816 1493 λεγού-

251 1535 384 1593 σης·
429 1541 447 1573 ι
481 1524 684 1584 Πάντα,
730 1523 832 1574 δσα
859 1520 1138 1590 ἠθέλησεν,
1189 1518 1434 1590 ἐποίησε·
1463 1538 1481 1570 ι
1512 1517 1679 1571 πολλὰ
1725 1513 1816 1572 οὖν

249 1614 485 1684 ἠθέλησε
515 1614 610 1667 καὶ
635 1614 732 1684 οὐχ
759 1614 836 1666 ἓν.
886 1611 1302 1682 Ἐναργέστερον
1334 1610 1442 1682 (12)
1475 1610 1532 1663 δὲ
1565 1610 1690 1662 ίδεῖν
1725 1610 1817 1662 ἐπὶ

245 1705 349 1776 τῆς
379 1706 754 1777 κοσμοποιίας.
785 1704 1040 1773 ἮΘέλησε
1066 1702 1173 1773 γὰρ
1205 1698 1341 1754 εἶναι
1360 1702 1452 1755 τὸν
1476 1701 1698 1772 κόσμον,
1726 1703 1820 1756 καὶ

247 1797 462 1867 ὑπέστη
498 1795 640 1848 κατὰ
687 1796 782 1866 τὴν
815 1793 979 1848 αὑτοῦ
1021 1793 1274 1862 θέλησιν,
1326 1794 1420 1846 καὶ
1463 1791 1706 1864 διαμένει
1757 1792 1818 1844 τὸ

2589 568 2657 620 ad
2695 567 2810 621 illa.

1984 687 2249 743 Voluntas
2271 703 2380 742 non
2403 687 2544 742 idem
2568 695 2651 742 est
2671 693 2834 760 atque
2857 687 3162 743 substantia
3184 687 3275 744 Dei
3302 709 3315 744 :
3346 705 3472 743 nam

1913 781 2166 834 voluntas
2193 780 2384 848 incipit
2410 786 2464 833 et
2489 779 2690 834 desinit
2714 797 2729 846 ;
2759 779 3066 835 substantia
3095 795 3225 834 vero
3258 796 3357 835 nec
3386 782 3473 836 in-

1915 871 2047 940 cipit
2067 910 2083 933 ,
2113 885 2213 925 nec
2240 870 2465 925 desinit.
2501 869 2558 924 Id
2589 878 2768 925 autem
2791 909 2806 935 ,
2841 871 2984 940 quod
3020 872 3214 941 incipit
3246 881 3299 926 et
3328 873 3474 928 desi-

1915 964 2027 1025 nit,
2060 976 2168 1014 non
2202 971 2383 1030 potest
2422 961 2565 1016 idem
2603 977 2726 1018 esse
2770 969 2931 1032 atque
2961 962 3013 1016 id
3034 1003 3049 1027 ,
3082 963 3227 1032 quod
3259 979 3358 1018 nec
3392 964 3477 1017 in—

1916 1053 2046 1122 cipit
2072 1067 2173 1105 nec
2197 1051 2418 1106 desinit.
2454 1051 2722 1108 Praeterea
2743 1092 2759 1118 ,
2791 1054 2835 1109 si
2883 1057 3133 1110 voluntas
3164 1055 3306 1110 idem
3333 1067 3478 1110 esset

1915 1156 2079 1214 atque
2112 1145 2417 1198 substantia
2446 1143 2578 1209 Dei,
2613 1153 2906 1215 oporteret,
2940 1162 3064 1201 cum
3094 1163 3199 1201 una
3241 1149 3313 1204 sit
3350 1149 3480 1202 sub-

1917 1236 2117 1290 stantia
2137 1276 2154 1299 ,
2181 1249 2341 1288 unam
2368 1249 2489 1288 esse
2519 1237 2848 1292 voluntatem
2879 1255 2892 1290 ε
2926 1251 2989 1292 ac
3013 1239 3166 1307 juxta
3196 1253 3477 1292 sacrarum

1917 1326 2241 1381 Litterarum
2273 1325 2576 1380 doctrinam
2601 1366 2616 1390 ,
2653 1342 2762 1380 non
2792 1329 2950 1382 unica
2972 1369 2988 1394 ,
3035 1328 3130 1383 sed
3171 1331 3350 1384 multa:
3386 1345 3480 1384 νου

1918 1418 2158 1474 luntatcs
2201 1418 2594 1473 inveniuntur:
2629 1434 2754 1472 cum
2795 1420 3018 1485 dicant,
3048 1440 3066 1472 ‹
3097 1419 3288 1475 Omnia
3333 1437 3481 1492 qua:-

1919 1523 2136 1578 cunque
2161 1509 2368 1572 voluit,
2407 1507 2535 1561 fecit
2556 1508 2638 1561 “z
2673 1528 2690 1559 ι
2719 1511 2885 1579 multa
2918 1511 3082 1580 igitur
3111 1513 3282 1566 voluit
3308 1553 3324 1573 ,
3370 1529 3482 1568 non

1917 1611 2095 1655 autem
2125 1616 2291 1654 unum
2315 1599 2596 1670 quiddam.
2631 1598 2786 1666 Quod
2810 1601 2970 1658 etiam
3000 1604 3171 1672 magis
3198 1605 3483 1674 perspicue

1921 1692 2104 1748 videre
2144 1693 2270 1749 licet
2311 1695 2366 1748 in
2412 1694 2598 1748 mundi
2645 1694 2937 1750 creatione.
2964 1685 3155 1748 Voluit
3184 1695 3328 1749 enim
3364 1711 3484 1750 esse

1921 1781 2214 1847 mundum,
2243 1791 2298 1838 et
2326 1784 2374 1837 is
2415 1785 2627 1838 exstitit
2675 1793 2834 1854 prout
2871 1785 3070 1847 voluit,
3115 1791 3276 1854 atque
3308 1783 3483 1840 factus

249 1890 558 1960 γενόμενον.
597 1888 758 1941 Ἀλλο
785 1887 840 1940 δέ
881 1889 1026 1940 ἐστιν
1053 1889 1086 1958 ή
1131 1885 1357 1956 διαμονή
1383 1885 1493 1951 (15)
1539 1884 1690 1955 παρά
1719 1883 1815 1954 τήν

1921 1881 2218 1943 permanet.
2246 1873 2408 1928 Aliud
2430 1883 2513 1930 est
2539 1883 2719 1928 autem
2746 1875 2834 1927 illa
2861 1877 3262 1944 perseverantia
3285 1916 3298 1938 ,
3322 1892 3484 1946 quam

246 1981 468 2050 θέλησιν
499 1981 598 2050 τῆς
623 1979 1013 2050 δημιουργίας·
1048 1977 1410 2048 ἐπηγγείλατο
1438 1975 1494 2029 δὲ
1531 1976 1622 2028 καὶ
1654 1994 1818 2046 μετα-

252 2067 586 2139 σχηματίσαι
623 2066 713 2119 τὸν
759 2068 980 2136 κόσμον.
1025 2066 1267 2136 Θελήσας
1311 2067 1416 2136 ἄρα
1469 2082 1820 2135 μετασχημα-

250 2159 409 2223 τίζει.
444 2159 520 2211 Οὐ
559 2158 716 2229 μόνον
748 2157 804 2211 δὲ
837 2158 1052 2222 πολλαὶ,
1081 2157 1215 2211 ἀλλὰ
1247 2157 1340 2210 καὶ
1362 2157 1606 2228 διάφοροι
1637 2157 1692 2210 αἱ
1728 2157 1816 2209 θε-

249 2250 456 2320 λήσεις.
475 2250 735 2321 Ἡοέλησε
757 2250 866 2321 γάρ
891 2251 985 2303 καὶ
1010 2249 1256 2320 οὐρανὸν,
1284 2247 1510 2317 ἠθέλησε
1533 2249 1625 2300 καὶ
1647 2248 1816 2318 ἣλιον,

245 2340 482 2413 ἠθέλησε
505 2341 600 2394 καὶ
634 2342 758 2411 γῆν.
775 2340 891 2392 Τῶν
911 2341 966 2392 δὲ
1005 2339 1129 2410 θελη
1140 2339 1321 2408 μάτων
1340 2338 1612 2408 διαφόρων
1630 2339 1816 2399 ὄντων,

247 2433 470 2502 ’ἀνάγκη
499 2432 774 2502 διαφέρειν
807 2433 900 2484 καὶ
927 2429 1024 2494 τὰς
1057 2431 1184 2500 περὶ
1213 2428 1388 2481 αὐτῶν
1419 2429 1663 2500 θελήσεις
1682 2445 1695 2458 '
1727 2429 1820 2481 καὶ

251 2523 347 2575 ἐπὶ
368 2522 476 2574 τῶν
496 2520 700 2592 νοητῶν
726 2521 784 2574 δὲ.
809 2519 1088 2580 ὡσαύτως.
1121 2519 1267 2584 Ὀρθ.
1286 2518 1348 2569 Εἰ
1371 2517 1544 2570 τοίνυν
1567 2518 1656 2570 καὶ
1681 2513 1821 2568 κατὰ

254 2611 315 2664 σὲ
356 2612 418 2663 οὐ
465 2609 659 2663 ταυτόν
690 2610 802 2661 ἐστι
837 2611 901 2677 τῇ
948 2607 1105 2678 οὐσίᾳ
1145 2609 1178 2676 ή
1212 2606 1481 2676 βούλησις,
1515 2606 1680 2676 ἤγουν
1707 2604 1819 2675 (14)

253 2704 285 2771 ή
311 2700 553 2770 θέλησις,
572 2700 746 2753 πάντα
772 2698 911 2752 δὲτὰ
934 2696 1194 2764 γεγονότα
1216 2695 1308 2749 τοῦ
1331 2695 1626 2766 θελήματος
1656 2693 1818 2746 αὑτοῦ

252 2796 391 2848 εἰσιν
440 2793 596 2863 ἔργα.
625 2791 872 2861 ὁμολόγει
906 2790 996 2842 τὸν
1028 2791 1155 2842 Υἰὸν
1200 2791 1263 2842 ὲκ
1308 2790 1407 2858 τῆς
1443 2787 1653 2849 οὐσίας’
1680 2785 1821 2840 οὕτω

250 2887 364 2957 γὰρ
390 2885 554 2938 αὑτὸν
584 2885 678 2937 καὶ
711 2882 970 2954 μονογενῆ
999 2882 1348 2952 ὁμολογήσεις
1366 2879 1427 2932 τὸ
1454 2881 1609 2950 μόνον
1630 2880 1693 2932 ἐκ
1721 2878 1820 2949 τῆς

251 2975 365 3047 (15)
385 2975 574 3037 οὐσίας
597 2973 941 3042 γεγενῆσθαι.
971 2974 1033 3026 Ei
1063 2972 1172 3044 γὰρ
1200 2972 1293 3026 καὶ
1324 2971 1486 3033 αὐτὸς
1517 2970 1819 3041 βουλήσεως

250 3068 346 3120 καὶ
376 3063 647 3137 θελήσεώς
672 3067 816 3116 ἐστιν
845 3065 990 3128 Υἱὸς,
1014 3065 1113 3116 οὐκ
1142 3063 1256 3115 ἐστι
1279 3061 1587 3132 μονογενὴς.
1612 3062 1818 3114 πολλῶν

247 3156 421 3209 ὅντων
455 3155 562 3206 τῶν
591 3153 735 3207 κατὰ
766 3152 1015 3224 βούλησιν
1039 3151 1476 3222 ἁποκυηθέντων.
1509 3151 1818 3222 Γέγραπται

1919 1965 2170 2020 voluntas
2225 1965 2498 2021 condendi
2551 1966 2745 2021 illius:
2797 1966 3141 2022 denuntiavit
3191 1983 3320 2023 vero
3372 1967 3489 2024 fore

1916 2058 2078 2113 etiam
2103 2097 2116 2117 .
2153 2067 2213 2111 ut
2246 2059 2508 2111 mundum
2539 2058 2913 2112 transformct.
2958 2057 3102 2128 Ergo
3141 2060 3288 2129 quia'
3313 2060 3486 2114 voluit

1917 2148 2289 2205 transformat.
2334 2149 2525 2220 Neque
2567 2166 2695 2206 vero
2732 2151 2915 2204 multa:
2954 2149 3252 2217 duntaxat,
3296 2166 3486 2206 verum

1915 2241 2077 2296 etiam
2106 2241 2335 2297 diversa:
2362 2252 2488 2296 sunt
2516 2243 2850 2297 voluntates.
2881 2240 3064 2294 Voluit
3083 2244 3228 2296 enim
3249 2242 3448 2296 caelum
3467 2282 3484 2305 ,

1916 2331 2167 2386 voluitet
2201 2331 2406 2396 solem,
2437 2331 2610 2384 voluit
2636 2339 2690 2385 et
2715 2338 2935 2385 terram.
2967 2331 3101 2384 Cum
3132 2339 3311 2385 autem
3345 2332 3484 2394 ista,

1916 2437 2038 2490 quae
2066 2423 2217 2486 vult,
2252 2422 2466 2477 diversa
2494 2423 2604 2477 sint
2628 2463 2642 2484 ,
2669 2437 2892 2478 necesse
2921 2431 3003 2476 est
3026 2421 3243 2477 differre
3272 2438 3487 2493 quoque

1918 2514 2230 2570 voluntates
2266 2515 2485 2570 illorum
2519 2515 2880 2569 creandorum
2908 2533 2921 2568 :
2954 2513 3099 2583 quod
3132 2515 3295 2568 etiam
3325 2527 3487 2585 Opor-

1917 2613 1994 2660 tet
2033 2606 2101 2659 de
2143 2607 2308 2662 rebus
2339 2646 2354 2669 ,
2403 2622 2524 2677 quae
2565 2614 2748 2661 mente
2787 2605 3172 2675 concipiuntur
3217 2606 3484 2676 accipere.

1921 2697 2073 2753 Orth.
2110 2700 2251 2770 Ergo
2276 2741 2292 2764 ,
2321 2701 2405 2762 si,
2441 2706 2501 2753 ut
2529 2708 2587 2753 tu
2615 2714 2834 2770 quoque
2862 2700 3062 2762 sentis,
3095 2698 3347 2753 voluntas
3377 2713 3485 2752 non

1919 2790 2061 2845 idem
2117 2799 2200 2847 est
2248 2792 2394 2860 quod
2444 2791 2786 2857 substantia,
2843 2797 2898 2844 et
2947 2805 3284 2860 quaecunque
3343 2789 3486 2844 facta

1919 2890 2076 2945 sunt,
2124 2899 2286 2954 opera
2333 2891 2462 2938 sunt
2509 2883 2805 2938 voluntatis
2862 2883 3020 2952 ejus,
3072 2882 3241 2938 fatere
3289 2881 3486 2936 Filium

1917 2989 2040 3029 esse
2066 2989 2130 3028 ex
2163 2976 2284 3043 ejus
2317 2974 2625 3029 substantia
2653 2991 2668 3041 ;
2701 2974 2780 3029 sic
2805 2975 2950 3028 enim
2993 2989 3119 3030 eum
3160 2975 3321 3028 etiam
3363 2975 3487 3027 uni-

1918 3065 2159 3136 genitum
2195 3081 2314 3121 esse
2347 3065 2586 3130 fateare,
2620 3069 2764 3137 quod
2798 3067 2948 3123 solus
2973 3083 3039 3122 ex
3066 3068 3368 3122 substantia
3397 3083 3486 3138 ge-

1919 3157 2068 3210 nitus
2102 3155 2345 3211 sit.Nam
2377 3158 2423 3212 si
2459 3165 2514 3212 et
2555 3158 2669 3226 ipse
2701 3159 2996 3212 voluntatis
3027 3159 3195 3214 Filius
3225 3167 3342 3220 est,
3379 3175 3488 3213 non

246 3249 393 3318 γάρ’
424 3265 444 3296 ι
463 3245 753 3316 Βουληθεὶς
788 3243 1097 3313 ἀπεκύησεν
1135 3244 1283 3314 ἡμᾶς
1315 3243 1456 3313 λόγῳ
1487 3242 1758 3313 ἀληθείας.
1794 3261 1812 3293 ι

1921 3254 2003 3302 est
2047 3249 2394 3318 unigenitus,
2443 3265 2566 3304 cum
2613 3251 2769 3304 multi
2825 3251 2934 3306 sint
2973 3251 3141 3321 geniti
3188 3252 3484 3305 voluntate.

244 3339 454 3393 Πολλαὶ
477 3338 534 3390 δὲ
566 3337 810 3408 Θελήσεις
841 3337 940 3389 οὐκ
975 3335 1132 3399 εἰσὶν,
1161 3335 1236 3398 ὼς
1265 3334 1546 3404 ἐνόμισαςο
1586 3334 1646 3387 οὐ
1680 3335 1810 3405 γὰρ,

241 3432 438 3503 ἐπειδὴ
469 3431 698 3502 διάφορα
723 3429 791 3481 τὰ
825 3427 1294 3498 δημιουργήματα,
1324 3425 1537 3489 πάντως
1567 3425 1814 3496 διάφοροι

241 3527 342 3580 καὶ
370 3526 427 3577 αἱ
459 3523 734 3594 θελήσεις·
774 3520 886 3573 ἀλλ’
913 3520 1102 3592 ὥσπερ
1148 3519 1229 3572 ἑνὶ
1266 3518 1529 3589 θελήματι
1582 3519 1812 3589 ποιήσας

235 3616 336 3670 τὸν
380 3614 664 3684 ἄνθρωπον
712 3615 776 3665 ὲκ
813 3610 1078 3682 διαφόρων
1129 3609 1303 3679 μελῶν
1364 3610 1458 3662 καὶ
1494 3608 1673 3679 μερῶν
1719 3625 1816 3660 πε-

236 3707 499 3777 ποίηκεν,
525 3703 854 3773 ὀφθαλμοὺς,
875 3696 1007 3764 ὦτα,
1043 3703 1212 3773 ῥῖνας.
1240 3700 1450 3772 τρίχας,
1476 3699 1687 3771 ἔντερα,
1717 3699 1811 3752 καὶ⁵

233 3797 520 3867 διαφόρως
544 3795 643 3864 τὴν
666 3792 774 3845 τῶν
798 3792 1028 3862 ἐντέρων
1067 3790 1334 3853 σύνθεσιν,
1369 3790 1599 3860 σπλῆνα,
1634 3787 1810 3861 ἧπαρ,

231 3890 502 3959 νεφροὺς,
541 3885 633 3938 καὶ
669 3885 766 3938 ὅσα
794 3885 851 3937 έν
885 3884 1014 3954 ἡμῖν
1039 3900 1052 3913 ο
1081 3880 1223 3936 οὕτω
1256 3883 1350 3936 καὶ
1386 3883 1560 3936 πάντα
1591 3881 1680 3934 τὸν
1718 3881 1811 3933 κό-

233 3996 383 4051 σμον
412 3978 498 4030 ἑνὶ
518 3976 780 4045 θελήματι
802 3973 864 4045 δη
873 3975 1145 4044 μιουργεῖ.

307 4242 363 4294 7.
415 4241 610 4308 Ἁνόμ.
654 4239 715 4291 El
751 4238 948 4309 μείζων
987 4241 1015 4290 ὁ
1063 4241 1250 4311 Πατήρ
1286 4239 1380 4294 τοῦ
1417 4240 1579 4304 Υἰοῦ;
1627 4241 1722 4294 καὶ
1769 4243 1816 4294 εἰ

233 4330 479 4404 μείζων,
515 4329 657 4384 κατὰ
695 4330 748 4382 τί
789 4329 1005 4400 μείζων,
1035 4331 1261 4402 πότερον
1295 4330 1493 4402 μείζων
1518 4329 1628 4403 (16)
1669 4331 1816 4400 ὃγκῳ

228 4424 526 4494 σώματος,
551 4423 585 4494 ἢ
609 4421 750 4476 κατὰ
773 4423 871 4493 τὴν
895 4423 1054 4491 φύσιν
1078 4423 1173 4494 τῆς
1196 4423 1553 4493 ἁγεννησίας;
1584 4424 1678 4477 καὶ
1718 4423 1815 4476 πό-

223 4534 398 4588 τερον
428 4515 496 4568 τὸ
517 4513 806 4584 ἀγέννητον
837 4515 947 4583 (l7)
982 4515 1137 4566 ουσία
1170 4515 1346 4574 ἐστὶν,
1376 4517 1409 4586 ἢ
1444 4517 1595 4569 οὐδέν
1632 4518 1813 4582 ὲστιν;

1923 3335 2198 3408 Scriptum
2232 3347 2318 3394 est
2349 3340 2492 3394 enim
2523 3361 2536 3396 :
2573 3361 2592 3391 ί
2625 3341 2829 3396 Volcns
2858 3343 3043 3412 genuit
3074 3357 3177 3397 nos
3209 3344 3372 3397 verbo
3398 3358 3489 3397 ve-

1920 3428 2098 3483 ritatis
2122 3429 2190 3484 "'.
2222 3453 2241 3481 ι
2275 3429 2396 3486 Non
2426 3440 2557 3486 sunt
2588 3442 2769 3487 autem
2803 3434 2984 3487 multa:
3019 3433 3112 3488 Dei
3143 3435 3486 3496 voluntates.

1921 3528 1981 3572 ut
2014 3529 2068 3574 tu
2099 3523 2395 3578 existimas.
2421 3521 2539 3577 Non
2572 3526 2717 3578 enim
2766 3525 2894 3594 quia
2936 3524 3151 3580 diversa
3201 3533 3331 3580 sunt
3369 3525 3488 3594 opi-

1920 3609 2074 3675 ﬁcia,
2108 3611 2339 3668 diversa:
2380 3629 2598 3683 quoque
2641 3623 2769 3669 sunt
2816 3617 3158 3670 voluntates:
3201 3617 3295 3671 sed
3344 3617 3487 3670 sient

1921 3698 2063 3756 Deus
2087 3701 2360 3758 hominem
2390 3704 2551 3758 unica
2577 3705 2854 3760 voluntate
2881 3720 2946 3760 ex
2975 3705 3207 3760 diversis
3230 3707 3488 3760 membris

1920 3800 1976 3845 et
2004 3792 2253 3862 partibus
2297 3793 2579 3859 condens,
2621 3795 2751 3851 fecit
2795 3797 3020 3864 oculos,
3059 3811 3250 3860 aures,
3288 3812 3486 3860 nares,

1920 3895 2173 3950 comam,
2224 3885 2518 3951 intestina,
2569 3896 2625 3941 et
2667 3888 2815 3942 varie
2863 3888 3124 3941 intestina
3177 3887 3486 3956 disposuit,

1921 3973 2200 4042 splenem,
2249 3974 2438 4044 hepar,
2492 3991 2682 4040 renes,
2728 3986 2784 4032 et
2834 3991 3174 4046 quaecunque
3224 3977 3281 4031 in
3325 3978 3487 4031 nobis

1921 4073 2088 4119 sunt:
2125 4066 2206 4120 sic
2233 4066 2399 4121 etiam
2435 4067 2747 4122 universum
2778 4068 3039 4121 mundum
3087 4068 3248 4122 unica
3291 4069 3486 4132 volun-

1921 4163 2030 4210 tate
2061 4165 2229 4210 creat.

1991 4247 2044 4300 7.
2075 4247 2266 4302 Anam.
2295 4247 2434 4303 Num
2463 4249 2638 4318 major
2662 4257 2745 4306 est
2765 4249 2924 4306 Pater
2944 4249 3122 4303 Filio?
3142 4257 3194 4305 et
3218 4251 3263 4304 si
3289 4251 3486 4320 major,

1923 4340 1976 4392 in
2009 4353 2116 4409 quo
2146 4339 2321 4409 major
2344 4349 2464 4407 est;
2497 4349 2679 4396 utrum
2714 4342 2856 4396 mole
2883 4342 3133 4410 corporis
3167 4342 3361 4410 major,
3395 4351 3490 4394 aut

1923 4441 2116 4486 natura
2141 4432 2465 4502 ἀγεννησίας
2485 4476 2499 4497 ,
2531 4434 2648 4487 sive
2672 4433 2816 4503 quod
2842 4435 2912 4489 sit
2936 4435 3239 4489 nativitatis
3262 4435 3493 4503 expers?

1924 4533 1978 4578 et
2003 4532 2184 4577 utrum
2213 4538 2320 4578 non
2353 4525 2594 4595 genitum
2627 4541 2747 4580 esse
2774 4533 2858 4581 est
2888 4527 3191 4581 substantia
3212 4565 3226 4587 ,
3261 4541 3330 4578 an
3360 4541 3488 4580 vero

236 4608 411 4676 Ὀρθ.
445 4607 667 4670 Μείζων
695 4608 724 4659 ὁ
751 4607 938 4677 Πατὴρ
973 4605 1065 4658 τοῦ
1094 4605 1222 4659 Tia-3
1261 4607 1587 4678 γέγραπται,
1614 4607 1736 4660 οὕτε
1765 4608 1815 4660 δὲ

1927 4615 2061 4669 nihil
2093 4617 2220 4671 est?
2252 4615 2404 4670 Orlh.
2443 4617 2716 4673 Scribitur
2741 4617 2899 4672 Pater
2928 4619 3105 4688 major
3143 4633 3265 4673 esse
3307 4615 3445 4670 Filio
3471 4637 3485 4670 :

219 4702 411 4774 ὄγκῳ,
451 4698 580 4752 οὔτε
617 4699 814 4769 χρόνῳ,
843 4697 965 4751 οὔτε
1000 4698 1177 4766 φύσει,
1209 4698 1321 4752 ἀλλ’
1348 4700 1423 4762 ὡς
1453 4702 1644 4772 Πατήρ
1686 4699 1815 4754 Υἱοῦ

1927 4714 1981 4760 at
2008 4723 2182 4777 neque
2209 4711 2348 4763 mole
2367 4748 2382 4771 ,
2414 4725 2590 4778 neque
2615 4719 2858 4779 tempore
2878 4751 2891 4774 ,
2922 4727 3099 4780 neque
3128 4719 3358 4773 natura,
3391 4710 3486 4764 sed

218 4794 788 4866 ἑνανθρωπήσαντος.
814 4791 911 4844 Διὰ
939 4791 996 4844 δὲ
1022 4791 1120 4864 τήν
1147 4790 1554 4864 ἐνανορὼπησιν
1583 4793 1678 4846 καὶ
1708 4793 1816 4846 τῶν

215 4889 498 4957 ἀγγέλων
517 4883 858 4953 ήλαττῶσθαι
882 4882 1042 4936 αὑτὸν
1063 4881 1211 4950 λέγει
1243 4883 1272 4933 ὁ
1318 4884 1652 4948 Ἀπόστολος,
1684 4887 1818 4955 γρά-

215 4997 379 5048 φωνο
418 4997 442 5028 ‹
473 4975 580 5030 Τὸν
611 4975 668 5029 δὲ
703 4974 873 5045 βραχύ
905 4993 956 5027 τι
989 4973 1118 5046 παρ’
1147 4975 1412 5041 ἀγγέλους
1435 4977 1814 5046 ἠλαττωμένον

217 5071 524 5141 βλέπομεν
556 5066 762 5136 Ἰησοῦν
799 5065 886 5119 διὰ
915 5067 975 5119 τὸ
1007 5065 1238 5137 πάθημα
1254 5066 1349 5119 τοῦ
1389 5063 1640 5120 θανάτου.
1672 5087 1690 5117 ι
1715 5069 1812 5121 Διὰ

212 5164 273 5218 δὲ
313 5161 548 5230 ταύτην
584 5157 682 5228 τὴν
720 5157 1125 5230 ὲ-νανθρὼπησιν
1157 5158 1253 5210 καὶ
1293 5161 1358 5228 τῇ
1389 5159 1575 5231 Μαρίᾳ
1601 5161 1696 5212 καὶ
1741 5160 1818 5229 τῷ

226 5249 453 5323 Ἰωσὴφ
472 5249 831 5304 ὑπετάσσετο.
855 5267 873 5298 ι
886 5245 992 5302 Ἦν
1015 5250 1121 5318 γὰρ
1133 5251 1567 5321 ὑποτασσόμενος
1581 5253 1780 5315 αὐτοῖς,
1794 5274 1811 5304 ,

1925 4806 2193 4867 quatenus
2224 4798 2383 4854 Pater
2410 4809 2495 4856 est
2519 4800 2672 4863 Filii,
2709 4803 2800 4869 qui
2846 4801 3238 4864 humanitatem
3269 4814 3488 4854 assum-

1926 4890 2054 4959 psit.
2078 4888 2305 4960 Propter
2329 4891 2468 4944 hanc
2491 4899 2670 4945 autem
2695 4892 2933 4946 hominis
2957 4891 3382 4964 assumptionem
3407 4890 3492 4944 di-

1925 4983 2000 5034 cit
2029 4982 2326 5052 Apostolus
2359 4998 2484 5036 eum
2521 4983 2838 5038 inferiorem
2878 4983 3080 5040 factum
3121 4985 3290 5038 fuisse
3325 4985 3490 5039 etiam

1925 5074 2166 5141 angelis,
2203 5073 2283 5128 sic
2315 5075 2602 5130 scribens:
2635 5094 2654 5126 ‹
2682 5075 2819 5133 Eum
2853 5085 3032 5132 autem
3064 5077 3156 5146 qui
3191 5075 3352 5145 paulo
3385 5073 3490 5127 mi-

1926 5179 2027 5218 nor
2057 5165 2234 5219 factus
2264 5167 2470 5236 angelis
2492 5175 2616 5228 est,
2644 5171 2921 5223 cernimus
2951 5167 3135 5226 Jesum
3169 5183 3265 5237 per
3294 5167 3489 5220 mortis

1926 5256 2234 5324 passionem
2265 5257 2332 5312 “.
2363 5277 2381 5309 ι
2410 5255 2638 5327 Propter
2675 5259 2816 5316 hanc
2858 5275 3075 5332 quoque
3113 5259 3350 5315 hominis
3397 5273 3494 5314 ass

287 5409 339 5441 “
382 5406 548 5462 Psal.
584 5418 752 5467 cxm,
787 5406 841 5458 3.
915 5403 957 5435 ⁵⁷
996 5401 1110 5459 Jac.
1147 5420 1186 5470 ι,
1221 5405 1306 5458 18.
1370 5405 1417 5436 ⁸⁸
1455 5405 1621 5463 Hebr.
1653 5423 1711 5470 ιι,
1749 5407 1801 5462 9.

291 5566 419 5636 (12)
467 5562 910 5631 Ἐνεργέστερον.
948 5560 1074 5615 Mss.
1108 5571 1157 5617 et
1187 5560 1367 5614 Felck.
1399 5562 1616 5617 emend.
1664 5564 1820 5634 ἐναρ-

209 5639 530 5706 τέστεροὲ-

288 5699 414 5778 (Ιξῇ
451 5701 645 5778 ξἐΙεΙι.
672 5699 729 5753 δέ
760 5718 809 5752 τι
838 5704 871 5772 ή
897 5702 1046 5770 διαμ.
1077 5700 1245 5754 Palat.
1269 5700 1323 5753 δέ
1347 5717 1426 5754 σοι
1446 5704 1480 5773 ή
1509 5700 1556 5754 δ.

287 5771 416 5847 (ﬂ)
461 5771 675 5825 Ἤτουν
704 5785 838 5826 mss.

2137 5564 2367 5641 ᾔει-..τῷ
2405 5568 2658 5641 μόνον-ὲκ
2689 5588 2737 5622 τ.
2774 5568 2907 5639 Reg.
2941 5569 3001 5621 τὸ
3032 5568 3105 5641 μὴ
3138 5569 3318 5639 μόνον.

1999 5637 2112 5706 (16)
2141 5636 2358 5699 Μείζων
2390 5636 2540 5694 deest
2570 5639 2622 5692 in
2657 5656 2788 5695 mss.

2003 5707 2114 5779 (17)
2145 5707 2376 5764 Dubium
2397 5725 2465 5764 an
2489 5711 2557 5763 sit
2580 5710 2858 5778 legendum
2882 5712 3107 5782 γενητόν
3135 5721 3186 5766 ct
3208 5712 3494 5784 ἀγένητον.
