3982 6398
515 339 674 408 ἠδτ

1640 349 1700 405 S.
1737 347 2303 404 ATHANASIUS..—-
2343 345 2608 406 SPURIA.

3631 353 3764 409 “68

536 467 901 535 sumptionem
927 463 1201 532 subjectus
1226 462 1326 518 fuit
1344 463 1526 519 Mariae
1551 478 1603 519 et
1623 462 1893 535 Josepho:
1925 484 1943 517 ι
1974 467 2070 520 Era

2199 467 2273 531 ὡς
2294 468 2350 520 ὲν
2370 466 2685 537 Εὑαγγελίῳ
2707 466 3036 537 γέγραπται.
3067 465 3262 534 Ἀνόμ.
3282 465 3442 520 Ἀλλά
3469 465 3632 538 φύσει
3655 467 3761 540 (18)

532 557 680 611 enim
715 555 964 611 subditus
999 556 1107 612 illis
1137 557 1204 620 δ’,
1241 577 1260 608 ι
1293 564 1350 610 ut
1398 557 1451 610 in
1497 555 1788 628 Evangelio
1833 557 2098 626 scriptum

530 653 638 701 est.
684 631 874 700 Anam.
929 643 1035 700 Sed
1085 654 1278 700 natura
1330 646 1527 716 major,
1577 646 1784 701 idcirco
1836 647 1979 717 quod
2028 647 2100 702 sit

532 737 862 806 ἀγέννητος,
912 738 1024 791 sive
1075 753 1181 790 non
1217 738 1467 807 genitus,
1522 749 1676 793 estne
1733 738 1974 808 aliquid,
2027 753 2096 792 an

531 843 664 884 vero
695 828 831 882 nihil
859 835 974 895 est,
1007 829 1149 883 sicut
1178 828 1331 898 prius
1361 829 1722 883 dicebamus?
1755 828 1907 884 Orth.
1953 827 2097 882 Nihil

531 930 617 977 est
670 929 911 974 natura:
959 935 1060 975 nec
1110 920 1254 975 enim
1305 919 1612 977 substantia
1657 928 1758 976 est.
1816 922 2002 991 Itaque
2047 919 2093 975 si

530 1011 704 1081 major
731 1020 814 1068 est
841 1010 1024 1076 Pater,
1055 1027 1120 1066 eo
1161 1009 1307 1081 quod
1363 1010 1434 1067 sit
1462 1027 1570 1066 non
1608 1013 1842 1083 genitus,
1884 1019 1938 1066 et
1983 1027 2092 1066 non

526 1103 768 1174 genitum
815 1118 938 1159 esse
985 1103 1120 1158 nihil
1163 1110 1284 1166 est,
1343 1103 1720 1172 consequitur,
1771 1101 1940 1156 nihilo
1972 1117 2094 1157 esse

527 1193 811 1263 majorem.
848 1193 955 1260 Qui
1004 1209 1133 1249 vero
1173 1194 1347 1249 nihilo
1396 1193 1570 1263 major
1597 1201 1713 1257 est,
1751 1193 1804 1247 in
1835 1193 2090 1248 omnibus

522 1294 609 1341 est
636 1285 881 1357 aequalis.
911 1283 1021 1341 Nec
1050 1286 1192 1340 enim
1224 1299 1356 1341 sane
1387 1283 1544 1340 Pater
1568 1290 1650 1339 est
1677 1281 1813 1336 Filio
1844 1281 2087 1338 inferior.

525 1379 719 1434 Anam.
759 1377 994 1447 Equale
1035 1377 1199 1447 igitur
1237 1393 1360 1432 esse
1388 1377 1529 1431 dicis
1575 1390 1682 1429 non
1717 1375 1956 1443 genitum
1981 1415 1996 1440 ,
2038 1375 2086 1429 ei

523 1466 672 1536 quod
705 1467 947 1537 genitum
978 1477 1102 1520 est:
1144 1473 1198 1520 et
1237 1466 1510 1536 quomodo
1557 1480 1721 1519 verax
1765 1464 1960 1529 fuerit,
1993 1464 2086 1534 qui

525 1558 658 1611 dicit
683 1598 698 1617 .
725 1577 746 1608 ‹
779 1556 958 1623 Pater,
1006 1557 1098 1627 qui
1144 1556 1294 1612 misit
1331 1570 1450 1620 me,
1497 1555 1673 1626 major
1707 1569 1792 1610 me
1832 1563 1917 1610 est
1942 1555 1988 1586 ⁸ο
2013 1555 2036 1607 ?
2059 1573 2080 1606 ι

522 1647 680 1702 οτιιι.
709 1647 827 1702 Non
856 1646 1095 1718 genitum
1127 1661 1280 1712 esse,
1313 1663 1420 1700 non
1447 1655 1531 1701 est
1552 1646 1856 1702 substantia
1891 1646 1946 1700 in
1978 1644 2084 1702 Deo

522 1746 576 1791 et
629 1737 820 1802 Patre,
871 1738 967 1794 sed
1016 1737 1224 1792 nullum
1272 1751 1390 1792 esse
1432 1735 1523 1790 Dei
1564 1735 1777 1792 Patrem
1821 1735 2078 1791 ostendit.

2200 557 2404 628 μείζων
2438 557 2579 610 κατὰ
2627 556 2688 610 τὸ
2717 557 3037 627 ἀγέννητον,
3075 556 3190 610 ἔστι
3236 575 3326 622 τι,
3359 558 3392 628 ἢ
3427 558 3580 612 οὐδέν
3619 561 3758 624 ἐστι,

2198 645 2380 711 καθὼς
2411 646 2774 718 προείπομεν;
2815 648 2967 716 Ὀρθ.
2999 646 3164 701 Οὐδέν
3191 649 3306 701 ἐστι
3339 649 3532 717 φύσει·
3565 650 3627 702 οὐ
3661 649 3759 721 γὰρ

2195 737 2350 790 οὐσία
2369 737 2534 791 ἐστίν.
2555 739 2617 791 Εί
2638 737 2812 791 τοίνυν
2831 738 2972 792 κατά
2993 738 3053 791 τὸ
3077 739 3370 809 ἀγέννητόν
3392 740 3512 792 ἐστι
3541 740 3756 810 μείζων,

2195 827 2255 881 τὸ
2289 827 2344 880 δὲ
2375 827 2669 898 ἀγέννητον
2701 829 2851 882 οὐδέν
2877 830 3011 891 ἐστι,
3041 832 3159 882 κατ’
3194 829 3346 882 οὐδέν
3379 830 3496 882 ἐστι
3538 829 3757 900 μείζων.

2206 917 2264 970 Ὀ
2295 918 2352 969 δὲ
2378 919 2434 970 ὲν
2466 918 2652 988 μηδενὶ
2676 918 2876 988 μείζων
2903 918 3039 971 κατά
3070 919 3248 972 πάντα
3287 918 3418 982 ἴσος.
3445 919 3520 972 Οὐ
3561 920 3674 989 γὰρ
3699 920 3757 991 δὴ

2191 1009 2222 1060 6
2247 1009 2432 1080 Πατὴρ
2453 1009 2686 1063 ἐλάττων
2711 1009 2804 1062 τοῦ
2831 1009 2980 1064 Υίοῦ.
2999 1012 3186 1080 Ἀνόμ.
3203 1011 3414 1066 Οὐκοῦν
3440 1013 3556 1065 ἴσον
3585 1011 3757 1080 λέγεις

2192 1099 2252 1152 τὸ
2278 1099 2568 1171 ἀγέννητον
2595 1101 2704 1170 (19)
2733 1100 2809 1171 τῷ
2841 1103 3172 1172 γεννήματι·
3215 1104 3308 1156 καὶ
3338 1104 3456 1166 πῶς
3503 1103 3755 1174 ἀληθεύει

2190 1191 2219 1242 6
2249 1190 2450 1259 λέγων·
2513 1210 2531 1242 ι
2579 1191 2636 1244 Ὀ
2681 1193 2871 1264 Πατὴρ
2919 1195 2946 1246 6
2987 1193 3212 1264 πέμψας
3269 1211 3336 1265 με
3397 1194 3604 1264 μείζων
3656 1195 3751 1265 μού

2189 1281 2371 1346 ὲστιν;
2401 1300 2420 1334 ι
2475 1283 2626 1351 Ὀρθ.
2663 1284 2736 1337 Τὸ
2771 1283 3060 1354 ἀγέννητον
3105 1285 3199 1338 ἐπὶ
3243 1284 3377 1338 Θεοῦ
3413 1287 3512 1338 καὶ
3545 1287 3752 1358 Πατρὸς

2187 1370 2343 1424 οὐσία
2388 1372 2487 1425 οὐκ
2532 1373 2709 1436 ἔστιν,
2757 1373 2891 1427 ἀλλά
2931 1372 3025 1427 τοῦ
3082 1376 3158 1447 μὴ
3206 1377 3427 1448 Πατέρα
3476 1376 3624 1449 ἔχειν
3667 1380 3750 1432 τὸν

2187 1461 2320 1515 Θεὸν
2347 1461 2660 1532 δηλωτικόν.
2697 1449 2882 1529 Οὐδεὶς
2921 1467 2977 1519 δὲ
3021 1465 3110 1520 διὰ
3147 1466 3306 1520 τοῦτο
3341 1467 3547 1538 μείζων
3592 1468 3749 1533 τινος,

2184 1552 2274 1607 διὰ
2305 1553 2364 1607 τὸ
2392 1553 2610 1626 Πατέρα
2643 1554 2716 1627 μὴ
2758 1555 2922 1626 ἔχειν.
2958 1557 3092 1611 Οὐδὲ
3114 1557 3223 1629 γὰρ
3251 1559 3280 1610 6
3317 1557 3490 1629 Ἀδὰμ
3533 1560 3740 1632 πατέρα

2184 1645 2362 1716 ἔσχεν,
2397 1644 2519 1699 οὔτε
2545 1647 2578 1716 ἡ
2613 1645 2726 1700 Εὕα
2745 1663 2760 1677 ·
2789 1647 2904 1699 ἀλλ’
2933 1648 3084 1716 ὅμως
3119 1647 3259 1701 εἰσὶν
3291 1649 3422 1720 ἡμῖν
3453 1650 3745 1720 ὀμοούσιοι.

2185 1735 2309 1800 Πῶς
2337 1736 2392 1790 δὲ
2414 1736 2528 1802 καὶ,
2554 1737 2680 1808 περὶ
2698 1738 2993 1808 ἀγεννήτου
3024 1737 3117 1791 καὶ
3137 1738 3397 1809 γεννητοῦ
3423 1740 3743 1809 φιλοσοφῶν,

522 1825 716 1883 Nullus
748 1836 928 1882 autem
976 1825 1098 1881 ideo
1141 1824 1317 1894 major
1357 1835 1439 1880 est
1471 1826 1720 1894 quopiam
1747 1865 1762 1889 ,
1799 1826 1942 1895 quod
1974 1823 2070 1878 Pa-

2178 1828 2365 1901 ὦσπερ
2393 1829 2875 1900 ἐπιλανθανόμενος
2910 1830 3107 1884 σαυτοῦ
3139 1832 3418 1903 ἐπήγαγες
3434 1833 3514 1886 τὸ·
3545 1833 3604 1885 Ὀ
3637 1835 3744 1887 Πα-

520 1924 657 1971 trem
687 1933 796 1972 non
816 1917 1025 1972 habeat.
1053 1916 1186 1971 Nam
1210 1931 1386 1987 neque
1411 1915 1579 1970 Adam
1609 1924 1812 1986 patrem
1852 1916 2072 1980 habuit,

519 2021 692 2078 neque
727 2006 865 2074 Eva,
897 2015 950 2062 et
982 2018 1161 2062 tamen
1195 2015 1322 2063 sunt
1358 2007 1516 2063 nobis
1548 2008 2070 2063 consubstantiales.

519 2094 626 2150 Sed
659 2095 932 2167 quomodo
961 2097 1107 2152 inter
1131 2097 1622 2168 philosophandum
1653 2097 1719 2152 de
1747 2112 1856 2152 non
1891 2099 2073 2168 genito

513 2195 570 2240 et
595 2187 780 2257 genito
803 2227 818 2252 ,
848 2188 1013 2242 veluti
1037 2188 1115 2242 tui
1147 2189 1319 2256 ipsius
1343 2189 1543 2243 oblitus
1566 2188 1844 2258 subjecisti
1870 2207 1882 2243 :
1909 2188 2070 2260 427

518 2297 538 2330 ‹
570 2277 749 2344 Pater,
803 2280 896 2349 qui
935 2280 1088 2334 misit
1132 2295 1252 2344 me,
1305 2281 1479 2350 major
1519 2296 1604 2336 me
1646 2281 1814 2336 est?»
1841 2280 2069 2351 Oporte-

511 2368 604 2423 bat
650 2369 795 2424 enim
835 2381 886 2424 te
925 2370 1142 2440 potius,
1185 2379 1245 2425 ut
1292 2380 1473 2426 tecum
1529 2372 1646 2441 ipse
1694 2374 2066 2437 consentires,

507 2458 718 2525 dicere,
744 2457 860 2514 Non
898 2460 1112 2530 genitus
1131 2501 1145 2526 ,
1190 2461 1282 2532 qui
1315 2463 1464 2517 misit
1493 2478 1612 2528 me,
1643 2463 1819 2531 major
1849 2479 1936 2518 me
1964 2471 2068 2518 est.

2179 1910 2328 1990 τὴρὸ
2360 1919 2582 1990 πέμψας
2613 1938 2680 1991 με
2718 1921 2920 1991 μείζων
2947 1920 3046 1992 μού
3073 1922 3256 1987 tactv;
3289 1941 3308 1974 ι
3347 1922 3497 1975 Ἔδει
3535 1923 3642 1994 γάρ
3689 1940 3744 1976 σε

2182 2010 2379 2082 μᾶλλον
2425 2011 2600 2081 ἐαυτῷ
2644 2011 3034 2066 ἀκολουθοῦντα
3065 2015 3260 2066 εἰπεῖν·
3306 2012 3365 2066 '0
3400 2013 3694 2084 ἀγέννητος
3716 2013 3743 2064 6

2176 2101 2398 2173 πέμψας
2434 2121 2500 2174 με
2537 2102 2736 2175 μείζων
2784 2103 2884 2173 μού
2915 2106 3078 2158 ἐστιν.
3119 2105 3259 2158 Ἀλλ’
3299 2104 3359 2157 οὐ
3401 2104 3740 2176 γέγραπταν

2174 2192 2262 2246 διὰ
2293 2193 2452 2246 τοῦτο
2481 2195 2542 2246 οὐ
2575 2193 2751 2262 λέγεις
2781 2193 2980 2258 καλῶς.
3017 2215 3035 2247 ι
3061 2195 3152 2264 Μὴ
3181 2195 3404 2266 σοφίζου
3442 2195 3636 2260 πολλὰ,
3661 2195 3740 2249 ἵνα

2177 2281 2250 2354 μὴ
2295 2283 2588 2355 ὲκπλαγῇς.
2628 2303 2646 2335 ι
2699 2286 2774 2338 Οὐ
2810 2285 2916 2358 γὰρ
2948 2281 3000 2338 εἷ
3039 2286 3340 2357 σοφώτερος
3383 2285 3480 2339 τοῦ
3514 2284 3736 2356 Δανιὴλ,

2178 2377 2334 2445 μήτοι
2359 2390 2422 2446 γε
2448 2375 2540 2428 τοῦ
2571 2376 2905 2447 Πνεὺματος,
2930 2376 3023 2430 τοῦ
3051 2377 3270 2448 Πατέρα
3294 2376 3394 2448 μὲν
3412 2375 3735 2440 διδάξαντος,

2174 2465 2470 2538 ἀγέννητον
2503 2467 2560 2522 δὲ
2593 2469 2689 2539 μή.

511 2554 616 2609 Sed
641 2555 745 2609 hoc
769 2555 1030 2624 scriptum
1062 2571 1169 2610 non
1194 2567 1311 2621 εει,
1340 2555 1572 2627 ideoque
1597 2564 1745 2613 recte
1772 2573 1881 2612 non
1909 2557 2051 2615 dicis
2079 2578 2092 2614 :
2139 2577 2158 2610 ι
2182 2560 2302 2616 Noli
2328 2563 2557 2618 multum
2590 2572 2866 2639 argutare,
2893 2564 3177 2635 nequando
3201 2565 3578 2621 consternaris
3607 2565 3662 2596 τί
3711 2580 3728 2614 ι

507 2643 692 2716 Neque
719 2645 862 2700 enim
887 2662 947 2701 es
972 2647 1272 2718 sapientior
1296 2647 1551 2716 Daniele,
1581 2651 1777 2706 nedum
1805 2652 1922 2723 ipso
1949 2651 2184 2724 Spiritu,
2218 2658 2312 2728 qui
2365 2657 2580 2714 Patrem
2646 2658 2864 2730 quidem
2922 2674 3024 2714 nos
3086 2659 3311 2724 docuit,
3346 2675 3458 2713 non
3496 2658 3732 2730 genitum

505 2753 635 2795 Vero
663 2755 1024 2810 nequaquam.

575 2833 627 2888 8.
664 2833 851 2887 Anam.
912 2834 983 2885 At
1029 2833 1076 2888 si
1128 2833 1270 2890 mole
1318 2832 1481 2890 Pater
1524 2843 1609 2891 est
1660 2837 1882 2907 major,
1912 2854 2065 2895 com-

504 2925 716 2995 positus
746 2924 908 2980 fuerit
938 2927 1052 2995 ipse
1082 2942 1192 2981 non
1227 2929 1480 2998 genitus,
1532 2931 1783 3000 quamvis
1837 2933 2066 3003 simplex

502 3020 580 3074 sit
603 3033 666 3073 ac
701 3017 880 3090 ﬁgurae
908 3034 1102 3088 expers
1137 3038 1151 3075 :
1183 3020 1453 3090 siquidem
1499 3021 1668 3077 moles
1721 3031 1805 3078 est
1852 3037 2067 3093 compo-

503 3112 666 3166 situm
701 3119 754 3167 et
783 3111 1065 3166 dividuum
1098 3108 1355 3180 quiddam
1391 3127 1405 3164 :
1441 3111 1701 3181 quoniam
1743 3112 1920 3168 omnis
1949 3128 2066 3169 mo-

2239 2837 2292 2892 8.
2346 2839 2540 2906 Ἀνόμ.
2583 2838 2661 2903 EI
2697 2837 2754 2889 δὲ
2817 2837 2936 2889 κατ’
2999 2837 3159 2905 ὄγκον
3192 2838 3220 2890 6
3272 2837 3464 2910 Πατὴρ
3518 2841 3732 2910 μείζων,

2173 2930 2423 2993 σύνθετος
2461 2929 2611 2981 ἔσται
2639 2929 2668 2981 6
2705 2927 3017 2998 ἀγέννητος,
3054 2929 3257 2999 καίπερ
3299 2930 3503 2992 ἁπλοῦς
3530 2931 3606 2986 ὣν
3649 2934 3735 2988 καὶ

2172 3019 2575 3091 ἀσχημάτιστος
2597 3035 2609 3047 ·
2645 3016 2759 3086 εἴγε
2788 3018 2817 3068 6
2845 3017 3006 3085 ὄγκος
3037 3016 3285 3070 σύνθετον
3315 3019 3411 3072 καὶ
3450 3023 3731 3092 μεριστόν·

2172 3113 2282 3175 πᾶς
2317 3108 2425 3180 γὰρ
2461 3108 2624 3177 ὄγκος
2671 3109 2735 3160 ὲκ
2790 3106 2970 3178 μερῶν
3017 3107 3320 3176 σύγκειται,
3351 3109 3441 3162 καὶ
3495 3110 3734 3164 σύνθεσιν

502 3207 582 3262 I‘es
609 3221 670 3260 ex
704 3206 952 3277 partibus
984 3211 1221 3270 constat,
1254 3207 1308 3260 e't
1338 3204 1571 3276 partium
1620 3207 2066 3275 compositionem

2176 3201 2352 3272 μερῶν
2383 3200 2492 3270 ἔχει
2511 3217 2524 3229 ·
2554 3200 2690 3269 ὅπερ
2722 3198 2813 3250 ἐπὶ
2833 3196 2967 3250 Θεοῦ
3000 3196 3144 3265 λέγει
3171 3197 3390 3252 ἄτοπον.
3430 3199 3585 3267 Ὀρθ.
3621 3200 3734 3253 Ἐπὶ

502 3295 703 3354 habet;
735 3296 880 3367 quod
933 3296 1000 3351 de
1033 3294 1141 3350 Deo
1195 3294 1374 3349 dicere
1412 3295 1708 3350 absurdum
1752 3304 1855 3351 est.
1911 3297 2065 3354 Orth.

502 3383 612 3440 Deo
641 3384 1092 3454 compositionem
1142 3391 1196 3438 et
1233 3383 1429 3437 molem
1474 3385 1715 3440 tribuere
1766 3386 2065 3442 absurdum

501 3483 604 3535 est,
670 3489 818 3538 vere,
877 3473 1123 3543 inquam,
1185 3470 1502 3526 absurdum.
1556 3470 1650 3526 Est
1687 3479 1864 3526 autem
1899 3471 2066 3528 Filius

507 3581 744 3637 quoque,
775 3564 858 3619 vel
890 3573 944 3618 te
994 3564 1193 3629 invito,
1231 3562 1374 3619 Deus
1421 3578 1529 3616 non
1562 3565 1915 3633 compositus,
1970 3563 2065 3620 sed

501 3659 727 3728 simplex
787 3666 840 3713 et
883 3672 1076 3726 expers
1106 3655 1292 3726 ﬁgurae
1323 3675 1334 3709 :
1371 3664 1430 3710 ut
1465 3655 1761 3710 absurdum
1811 3657 1881 3710 sit
1911 3671 2065 3711 com-

496 3750 820 3820 positionem
857 3757 950 3801 aut
983 3748 1180 3802 molem
1209 3746 1312 3816 ipsi
1348 3747 1666 3803 atlribuere.
1718 3747 1873 3814 Quod
1909 3749 1954 3802 si
1992 3748 2064 3801 ita

493 3848 599 3904 est,
638 3841 814 3908 majus
842 3853 973 3894 sane
997 3839 1051 3892 in
1084 3838 1170 3894 his
1199 3853 1306 3892 non
1336 3839 1717 3908 comperietur.
1755 3838 1872 3909 Ipse
1910 3855 2059 3902 vero,

495 3944 655 4001 quem
692 3929 747 3984 in
780 3928 1035 3984 confesso
1070 3935 1154 3984 est
1205 3929 1558 3997 simplicitate
1597 3936 1650 3985 et
1679 3943 1743 3984 eo
1787 3931 1931 4000 quod
1968 3922 2062 3984 ne?

491 4035 599 4092 que
637 4021 972 4091 compositus
1005 4027 1109 4085 est,
1159 4036 1336 4089 neque
1381 4019 1606 4091 ﬁguram
1641 4022 1822 4084 habet,
1859 4020 2063 4077 deitate

492 4116 726 4185 denique
768 4113 915 4168 Patri
963 4112 1225 4181 aequalem
1282 4127 1436 4178 esse;
1499 4112 1760 4182 majorem
1797 4113 1929 4166 dicit
1959 4111 2062 4166 Pa-

491 4214 654 4270 trem,
686 4221 751 4261 eo
779 4204 922 4274 quod
951 4205 1092 4259 servi
1115 4203 1344 4256 formam
1375 4205 1814 4273 assumpserit,et
1843 4202 2058 4259 Patrem

493 4299 746 4353 honorat.
777 4295 965 4365 Itaque
997 4295 1154 4349 audis
1193 4308 1313 4347 eum
1348 4293 1612 4350 dicentem
1643 4313 1657 4348 :
1693 4313 1712 4346 ι
1750 4294 2058 4351 IIonoriﬁco

489 4388 728 4452 Patrem,
766 4394 820 4443 et
849 4402 946 4442 vos
991 4385 1360 4440 inhonorastis
1388 4400 1471 4439 me
1494 4385 1540 4417 ⁸³
1573 4404 1585 4439 :
1627 4405 1646 4437 ι
1683 4393 1736 4440 et
1769 4385 1927 4441 Pater
1968 4388 2060 4442 ho-

487 4488 649 4535 norat
674 4479 892 4544 Filium,
939 4493 1098 4548 quem
1149 4474 1216 4528 ad
1245 4474 1522 4529 dexteram
1555 4490 1708 4530 suam
1744 4478 2053 4544 collocavit,

2169 3291 2302 3345 Θεοῦ
2333 3291 2441 3361 (20)
2481 3289 2656 3358 λέγειν
2689 3287 2934 3342 σύνθεσιν
2970 3291 3060 3343 καὶ
3092 3289 3252 3356 ὄγκον
3279 3289 3500 3354 ἄτοπον,
3527 3290 3733 3358 ἀληθῶς

2165 3381 2230 3452 δὴ
2253 3381 2474 3435 ἄτοπον.
2515 3380 2648 3443 Θεὸς
2674 3379 2752 3442 δὲ,
2781 3379 2882 3433 κᾶν
2911 3378 2984 3450 μὴ
3007 3379 3185 3450 θέλῃς,
3216 3381 3245 3432 6
3273 3379 3423 3444 Υἱὸς,
3449 3380 3734 3444 ἀσύνθετος

2165 3475 2258 3527 καὶ
2282 3472 2486 3536 ἁπλοῦς
2514 3473 2608 3526 καὶ
2632 3471 3038 3541 ἀσχημάτιστος
3063 3473 3156 3523 καὶ⁵
3190 3469 3352 3533 αὐτός
3374 3487 3387 3499 ο
3419 3471 3516 3524 καὶ
3549 3471 3735 3524 σύνθε-

2166 3582 2249 3618 σιν
2278 3564 2454 3634 λέγειν
2491 3565 2584 3619 καὶ
2612 3565 2772 3632 ὄγκον
2815 3564 2900 3616 ἐπ’
2927 3563 3088 3616 αὑτοῦ
3121 3563 3339 3617 ἄτοπον.
3378 3562 3443 3616 Εἰ
3476 3563 3536 3616 δὲ
3563 3563 3729 3622 τοῦτο.

2163 3657 2226 3710 τὸ
2257 3657 2438 3728 μεῖζον
2466 3656 2574 3727 ἀρα
2597 3659 2656 3709 ὲν
2683 3655 2890 3718 τούτοις
2919 3655 3015 3724 οὐχ
3043 3653 3415 3725 εὑρεθήσεται.
3461 3655 3554 3715 Ἐν
3581 3655 3636 3707 δὲ
3660 3653 3730 3723 τῷ

2165 3748 2319 3820 ἁπλῷ
2343 3750 2438 3803 καὶ
2461 3747 2733 3818 ἀσυνθέτῳ
2763 3748 2855 3800 καὶ
2896 3745 3282 3816 ἀσχηματίστῳ
3317 3747 3415 3799 καὶ
3465 3745 3593 3817 θείῳ
3625 3746 3729 3806 ἶσος

2162 3838 2534 3911 ὁμολογηθεὶς,
2563 3837 2780 3910 μείζονα
2805 3837 2896 3890 τὸν
2922 3835 3136 3906 Πατέρα
3158 3835 3326 3903 λέγει,
3365 3836 3582 3906 μορφὴν
3615 3833 3729 3888 δού-

2162 3928 2254 3981 λου
2276 3929 2474 3993 λαὸὼν,
2516 3930 2610 3982 καὶ
2637 3928 2806 3999 τιμῶν
2847 3926 2939 3981 τὸν
2977 3927 3170 3980 ἑαυτοῦ
3212 3926 3454 3998 Πατέρα.
3492 3926 3726 3988 ’Δκούεις

2161 4021 2288 4090 γοῦν
2321 4021 2483 4073 αὑτοῦ
2507 4020 2750 4089 λέγοντος
2772 4034 2784 4047 ·
2818 4037 2836 4070 ι
2885 4017 3022 4071 Ἀλλ’
3050 4016 3160 4086 ἐγὼ
3183 4016 3294 4088 (21)
3337 4015 3483 4086 τιμῶ
3509 4017 3599 4069 τὸν
3620 4016 3726 4070 Πα-

2161 4112 2313 4184 τέρα,
2339 4113 2493 4182 ὑμεῖς
2515 4112 2571 4165 δὲ
2590 4109 2879 4181 ἀτιμάζετέ
2916 4125 3012 4180 με’
3056 4128 3074 4162 ι
3123 4111 3237 4167 καὶ.
3276 4109 3333 4162 '0
3367 4109 3560 4179 Πατὴρ
3599 4108 3725 4176 τιμᾷ

2159 4205 2249 4258 τὸν
2271 4205 2417 4266 Υίὸν,
2441 4204 2667 4267 καθίσας
2693 4204 2853 4256 αὐτὸν
2875 4204 2938 4255 ὲκ
2965 4202 3173 4266 δεξιῶν,
3197 4200 3292 4254 καὶ
3324 4200 3538 4263 πάντας
3556 4199 3726 4251 ἕλκων

2159 4298 2298 4370 πρὸς
2327 4299 2520 4354 αὑτόν..
2545 4299 2699 4367 Λέγει
2720 4297 2826 4370 γὰρ
2857 4297 3016 4360 αὐτὸς
3043 4299 3071 4350 ὁ
3097 4297 3255 4360 Υἱός·
3297 4313 3317 4346 ι
3349 4293 3543 4354 Οὐδεὶς
3573 4292 3723 4363 ἔρχε-

2159 4405 2248 4442 ται
2276 4389 2411 4460 πρὸς
2449 4389 2535 4456 μὲ,
2563 4388 2656 4442 ἐὰν
2697 4389 2818 4460 μὴὸ
2845 4387 3032 4459 Πατὴρ
3058 4389 3087 4440 6
3109 4386 3354 4458 οὐράνιος
3386 4383 3590 4456 ἑλκύσῃ
3627 4384 3722 4436 αὖ·

2159 4480 2252 4533 τὸν
2282 4481 2418 4553 πρὸς
2451 4482 2544 4551 μέ.
2590 4501 2608 4534 ι

489 4586 543 4630 et
575 4573 641 4627 ad
666 4588 826 4643 quem
857 4587 1045 4626 omnes
1066 4571 1253 4624 trahit.
1305 4567 1442 4624 Dicit
1468 4570 1610 4625 enim
1641 4568 1812 4626 Filius
1849 4590 1862 4626 :
1907 4590 1926 4623 ι
1957 4573 2128 4631 Nemo
2162 4577 2311 4632 venit
2341 4575 2408 4630 ad
2475 4593 2582 4642 me,
2626 4576 2732 4632 nisi
2789 4574 2949 4631 Pater
2997 4591 3152 4634 meus
3215 4577 3446 4632 traxerit
3477 4588 3602 4631 eum
3650 4568 3719 4622 ad

488 4683 576 4723 me
589 4667 658 4720 ⁸⁸.
694 4685 712 4718 ο

553 4764 610 4822 9.
643 4763 831 4817 Anam.
868 4760 1155 4824 Przeterea,
1201 4759 1247 4814 si
1274 4773 1380 4815 non
1415 4761 1652 4830 genitum
1701 4767 1786 4815 est
1819 4760 2046 4834 aliquid,

2221 4757 2274 4813 9.
2328 4757 2526 4825 Ἀνόμ.
2564 4755 2771 4818 ’Ἄλλως
2808 4753 2885 4816 δὲ,
2925 4752 2973 4805 εί
3006 4751 3120 4806 ἐστι
3152 4769 3204 4804 τι
3245 4751 3307 4804 τὺ
3339 4752 3648 4824 ἀγέννητον,
3681 4753 3716 4823 ἢ

485 4855 590 4911 hoc
620 4855 705 4911 vel
736 4862 818 4909 est
850 4862 1019 4907 letum
1052 4851 1134 4906 vel
1158 4865 1286 4920 pars
1320 4869 1332 4904 :
1367 4849 1412 4904 si
1443 4863 1568 4920 pars
1615 4858 1718 4915 est,
1755 4848 1896 4906 Deus
1945 4851 2050 4905 erit

2153 4847 2272 4902 ὅλον
2305 4847 2420 4900 ἐστὶ
2448 4843 2605 4898 τοῦτο
2647 4843 2682 4914 ἢ
2727 4841 3078 4914 μέροςο.ἀλλ’
3119 4842 3167 4894 εί
3201 4843 3300 4911 μὲν
3333 4843 3522 4913 μέρος,
3558 4843 3714 4896 πάλιν

485 4950 589 5004 sibi
616 4948 721 5019 ipsi
777 4945 1094 5012 dissimilis;
1145 4943 1412 5014 siquidem
1467 4958 1575 4997 una
1625 4943 1744 5012 ejus
1796 4959 1923 5014 pars
1966 4951 2050 4999 est

2176 4939 2345 4993 αυτοῦ
2395 4940 2539 4991 ἐστιν
2591 4937 2871 5007 ἀνόμοιος·
2931 4935 3045 5003 είγε
3092 4934 3152 4986 τὸ
3198 4934 3295 5004 μὲν
3327 4935 3491 5006 μέρος
3550 4933 3714 4988 αὐτοῦ

484 5055 594 5094 non
621 5035 826 5108 genita,
855 5037 1026 5090 altera
1052 5049 1183 5090 vero
1205 5034 1406 5106 genita.
1451 5034 1520 5088 At
1550 5035 1595 5089 si
1621 5043 1733 5088 tota
1767 5034 1887 5102 ejus
1949 5050 2048 5088 na-

482 5138 604 5185 tura
633 5137 852 5186 estnon
885 5127 1087 5198 genita,
1125 5134 1181 5181 et
1233 5123 1392 5181 Pater
1443 5126 1666 5180 omnino
1704 5126 1898 5194 major,
1929 5133 2044 5180 sta-

2150 5031 2460 5103 ἀγέννητον,
2494 5029 2554 5082 τὺ
2586 5029 2642 5082 δὲ
2676 5027 2802 5082 ἄλλο
2831 5029 2926 5098 μή.
2957 5027 3021 5080 El
3050 5027 3107 5080 δὲ
3152 5026 3245 5096 ὅλη
3293 5028 3327 5096 ἡ
3371 5027 3530 5094 φύσις
3559 5027 3714 5094 ἀγέν-

2149 5139 2328 5193 νητος,
2363 5120 2586 5175 καθόλου
2619 5121 2676 5173 δὲ
2725 5119 2920 5190 μείζων
2952 5120 2981 5172 6
3029 5116 3238 5188 Πατὴρ,
3289 5117 3451 5181 εὐθὺς
3495 5119 3587 5172 ἐπὶ
3614 5117 3713 5187 τὴν

482 5223 578 5274 tim
606 5237 670 5275 eo
725 5219 915 5274 recidit
942 5233 1051 5282 res,
1092 5225 1151 5271 ut
1176 5218 1399 5272 alterius
1442 5231 1506 5271 ac
1536 5217 1766 5272 diversa
1808 5217 1879 5270 sit
1917 5216 2046 5271 sub-

2176 5214 2504 5286 εαραλλαγὴν
2531 5213 2627 5283 τῆς
2655 5211 2840 5274 οὐσίας
2859 5211 2996 5273 ὅλως
3023 5209 3298 5264 ἐκπίπτει.
3328 5211 3393 5262 Et
3419 5210 3526 5280 γὰρ
3559 5211 3593 5278 ἡ
3621 5209 3714 5262 οὑ-

483 5313 712 5366 stantiae.
753 5308 908 5374 Nam,
947 5311 1006 5366 si'
1022 5316 1137 5364 tota
1169 5307 1346 5363 Patris
1368 5307 1674 5363 substantia
1699 5314 1784 5363 est
1814 5321 1921 5361 non
1952 5321 2044 5376 ge-

2151 5304 2241 5358 σία
2274 5305 2366 5375 ὅλη
2401 5302 2710 5373 ἀγέννητος,
2740 5303 2833 5356 καὶ
2866 5301 3018 5354 οὐδὲν
3046 5301 3130 5352 ἐπ’
3161 5300 3295 5371 αὐτῇ
3333 5301 3500 5373 μέρος
3520 5316 3707 5368 γεννη-

552 5465 597 5497 ⁸⁹
634 5465 766 5521 Luc.
801 5483 875 5532 ιι,
911 5466 999 5521 51.
1071 5465 1120 5498 ⁸⁸
1156 5461 1312 5520 Joan.
1344 5479 1456 5528 xw,
1489 5461 1579 5516 28.
1654 5462 1700 5494 ἰ
1739 5459 1916 5516 Eccle.
1951 5474 2059 5524 vn,

2176 5499 2182 5512 .
2256 5458 2300 5490 ⁸²
2339 5456 2495 5513 Joan.
2523 5471 2663 5525 ,vnt,
2698 5455 2788 5510 49.
2864 5455 2911 5487 ⁸³
2943 5453 3105 5508 Joan.
3140 5469 3216 5518 VI,
3271 5453 3362 5508 44.

539 5620 666 5704 ,(18)
704 5620 816 5675 Pal.
876 5620 1014 5674 Ἀλλ’
1047 5621 1096 5673 εί
1148 5619 1328 5688 φύσει.
1385 5615 1518 5691 Reg.
1575 5623 1628 5672 et
1661 5613 1841 5671 Felck.
1885 5613 2042 5668 Ἀλλά

486 5707 665 5760 φυσιν.

557 5761 667 5832 (l9)
697 5758 824 5816 Mss.
850 5759 938 5814 τὸν
968 5756 1243 5829 γεννητόν.

2185 5683 2199 5697 .
2218 5611 2328 5697 (ευ)
2361 5610 2478 5697 Pha'l.
2506 5611 2570 5664 El
2602 5609 2693 5664 ἐπὶ
2719 5607 2872 5661 θεοῦ.
2916 5606 3036 5661 Mox
3064 5603 3246 5662 Felck.
3275 5612 3329 5660 et
3357 5604 3487 5661 edit.
3516 5601 3701 5672 Steph.

2148 5681 2362 5752 ἀληθῶς
2388 5681 2467 5734 δέ.

2220 5752 2330 5823 (21)
2362 5749 2530 5806 Palat.
2571 5750 2817 5818 λέγοντος
2836 5765 2849 5778 ο
2897 5745 3021 5801 Ἐὰν
3051 5745 3160 5815 ἐγώ
