3982 6398
243 394 377 451 1169

1219 391 1307 448 DE
1351 392 1626 450 SANCTA
1659 391 2036 448 ΤΒΙΝῙΤΑΤΕ
2072 389 2416 448 DlALOGUS
2445 391 2510 448 11.

3352 386 3490 446 1170

240 511 346 572 τὸν,
376 506 522 562 κατὰ
553 506 610 560 δὲ
637 505 696 560 τδ
735 505 1024 578 ἀγέννητον
1065 506 1337 577 ἀνόμοιος,
1370 506 1492 561 καθ’
1525 505 1652 579 ὃλην
1697 508 1800 578 ἀρα

1911 507 2046 571 nita,
2073 521 2175 562 nec
2209 506 2318 560 ulla
2351 505 2471 574 ejus
2507 517 2636 574 pars
2664 500 2846 573 genita
2872 507 2981 569 est,
3038 499 3213 559 Filius
3246 518 3376 559 vero
3401 510 3490 559 est

191 650 215 704 ,ἱ
240 600 330 670 τὴν
351 599 540 652 οὐσίαν
569 598 838 668 ἀνόμοιος.
870 596 992 662 Πῶς
1015 592 1108 652 οὖν
1133 597 1330 666 λέγεις,
1357 596 1497 669 πλὴν
1525 598 1622 668 τῆς
1650 598 1812 666 ἀγεν-

197 686 447 761 ἧνησίας,
475 692 532 743 έν
565 690 620 742 δὲ
665 688 741 760 τῷ
777 688 1018 760 γεννητῷ
1067 689 1178 759 ἔχει
1221 689 1320 760 τὴν
1361 687 1635 759 ὑπεροχὴν
1668 686 1809 742 κατὰ

235 782 327 834 τοῦ
354 781 482 834 Υἱοῦ
504 797 518 846 ;
543 782 616 833 Τὸ
644 781 700 834 δὲ
729 781 1019 851 ἀγέννητον
1044 780 1195 834 οὐδὲν
1224 779 1374 834 ἔσται
1403 779 1496 833 τοῦ
1529 778 1656 831 Υίοῢ
1695 780 1811 849 μεῖ-

236 871 346 936 ζον,
379 873 518 943 ὅπερ
549 872 654 936 ἔξω
686 874 817 940 φασὶ
859 872 969 943 (2‘2)
995 874 1092 944 τῆς
1131 873 1316 935 οὐσίας
1348 870 1442 924 τοῦ
1476 871 1708 941 Πατρός.
1746 870 1810 922 Εἰ

235 963 292 1015 δὲ
325 965 357 1033 ἡ
394 964 635 1034 ὑπεροχὴ
667 961 770 1026 ἕξω
812 964 909 1034 τῆς
941 963 1126 1027 οὐσίας
1157 961 1250 1016 τοῦ
1285 960 1518 1032 Πατρὸς,
1549 962 1582 1031 ἡ
1630 960 1809 1028 ἰσότης

237 1054 293 1105 ὲν
319 1055 384 1124 τῇ
414 1053 572 1124 οὐσίᾳ.
621 1054 754 1108 ἐστί.
791 1055 989 1118 Μεῖζον
1026 1053 1083 1107 δέ
1127 1055 1241 1106 ἐστι
1269 1053 1330 1106 τὸ
1380 1054 1671 1122 ἀγέννητον
1713 1048 1808 1103 τοῦ

236 1143 390 1208 Υἱοῦ,
414 1146 552 1216 ὅπερ
584 1147 747 1198 πᾶσιν
775 1145 953 1198 οὐδέν’
977 1145 1072 1198 καὶ
1095 1144 1156 1197 τὸ
1189 1143 1301 1196 ἴσον
1319 1145 1378 1196 ἐν
1398 1141 1475 1213 τῷ
1498 1141 1612 1212 Υἱῷ
1635 1141 1808 1205 ἔσται,

238 1236 415 1288 έκεῖνο
448 1237 544 1306 μὲν
577 1235 866 1306 ἀγέννητον
893 1235 1027 1306 (25),
1061 1234 1232 1288 ταῦτα
1270 1234 1327 1287 δὲ
1351 1232 1605 1303 γεννητά.
1649 1234 1806 1299 Ὀρθ.

240 1326 550 1398 ’Ἂρπάξειν
577 1326 659 1379 δεῖ
695 1327 753 1378 οὐ
783 1326 849 1380 τὰ
877 1326 1117 1396 ἄγραφα,
1153 1323 1288 1378 ἀλλὰ
1311 1323 1408 1395 τὴν
1434 1323 1541 1376 τῶν
1566 1320 1812 1394 οὐρανῶν

239 1417 536 1487 βασιλείαν.
574 1417 638 1470 Τί
670 1412 763 1470 οὖν
803 1418 866 1469 σὺ
907 1417 1172 1488 άρπάζεις
1201 1415 1229 1468 ὃ
1275 1415 1396 1468 οὐτε
1439 1417 1474 1487 ἡ
1505 1415 1694 1486 Γραφή
1729 1431 1810 1467 σοι

235 1508 469 1571 δίδωσιν,
525 1508 648 1561 οὗτε
683 1510 878 1578 ἡμεῖς;
923 1508 1108 1572 Οὐδεὶς
1148 1507 1255 1578 γὰρ
1305 1506 1458 1578 ἡμῶν
1495 1523 1577 1559 σοι
1626 1506 1810 1560 δίδωσι

237 1598 376 1652 κατὰ
406 1597 468 1651 τδ
498 1598 788 1670 ἀγέννητον
827 1598 1046 1669 μείζονα
1079 1598 1170 1652 τὸν
1208 1598 1446 1670 Πατέρα.
1481 1596 1615 1651 Οὐδὲ
1637 1595 1744 1667 γὰρ
1783 1599 1812 1650 ό

237 1689 362 1752 Υἱὸς
401 1685 576 1743 εἵπενο
629 1690 686 1743 '0
727 1690 1020 1760 ἀγέννητος
1052 1689 1248 1760 μείζων
1287 1689 1387 1759 μού
1418 1692 1584 1752 ἐστιν,
1619 1687 1732 1741 ἀλλ’
1781 1689 1810 1740 ό

234 1779 443 1852 Πατὴρ,
495 1781 630 1852 πρὸς
674 1780 732 1833 ὃν
765 1779 1088 1851 πορεύεσθαι
1118 1779 1328 1851 ἔμελλε.
1376 1781 1538 1850 Λέγει
1566 1780 1673 1852 γὰρ
1717 1779 1810 1833 οὐ-

1911 598 2015 667 ipsi
2039 599 2092 651 in
2119 613 2184 652 eo
2211 595 2518 659 dissimilis,
2551 593 2695 664 quod
2731 592 2822 647 ille
2846 607 2956 646 non
2981 593 3051 647 sit
3088 595 3326 664 genitus,
3363 609 3490 649 con-

1915 688 2164 758 sequitur
2213 703 2336 743 eum
2389 687 2557 742 totius
2607 684 2860 740 essentia:
2895 685 3108 740 ratione
3161 702 3283 742 esse
3337 685 3489 741 Patri

1911 779 2255 834 dissimilem.
2300 777 2439 843 Quid
2471 776 2553 831 ais
2584 776 2770 847 igitur,
2801 786 3161 847 praeterquam
3191 777 3334 847 quod
3377 793 3487 831 non

1884 863 1983 926 sit
2035 872 2273 942 genitus,
2331 876 2385 925 et
2445 871 2500 924 in
2549 884 2614 924 eo
2642 869 2786 938 quod
2834 869 2905 924 sit
2936 883 3044 923 non
3074 870 3310 940 genitus,
3349 868 3488 924 Filio

1911 964 2258 1032 praecellere?
2303 962 2372 1017 At
2423 978 2532 1016 non
2587 962 2830 1032 genitum
2875 960 3046 1016 nihilo
3118 959 3259 1016 Filio
3307 963 3484 1030 majus

1910 1055 2034 1116 erit,
2065 1054 2210 1122 quod
2245 1062 2397 1108 extra
2433 1053 2612 1107 Patris
2661 1051 2955 1108 essentiam
2977 1051 3210 1109 dicatur.
3247 1053 3403 1120 Quod
3437 1057 3483 1110 si

1911 1145 2026 1214 ipsa
2046 1145 2370 1200 excellentia
2387 1153 2546 1199 extra
2567 1143 2745 1200 Patris
2769 1144 3130 1199 substantiam
3147 1151 3252 1207 est,
3302 1160 3485 1215 requa-

1911 1235 2106 1291 litasin
2127 1237 2244 1306 ipsa
2260 1236 2562 1291 substantia
2587 1244 2690 1290 est.
2725 1236 2832 1290 Sed
2855 1235 3032 1306 majus
3051 1245 3134 1291 est
3149 1234 3308 1302 Filio,
3337 1237 3482 1308 quod

1912 1327 2155 1398 genitum
2198 1343 2306 1382 non
2340 1335 2446 1382 est.
2485 1325 2550 1380 Et
2603 1327 2883 1397 aequalitas
2921 1328 2976 1382 in
3013 1327 3153 1384 Filio
3192 1330 3294 1384 erit
3349 1330 3484 1385 illud

1911 1416 2130 1488 quidem
2153 1432 2262 1472 non
2293 1418 2556 1489 genitum,
2597 1433 2720 1471 cum
2753 1419 2868 1472 haec
2907 1420 3018 1473 sint
3057 1420 3258 1490 genita.
3324 1420 3479 1477 Orth.

1909 1507 2163 1578 Arripere
2192 1522 2300 1562 non
2333 1507 2508 1574 decet,
2541 1524 2662 1578 qua:
2695 1511 2898 1580 scripta
2940 1527 3048 1565 non
3093 1520 3252 1578 sunt,
3288 1512 3380 1568 sed
3404 1529 3488 1568 re-
3580 1516 3587 1524 '

1911 1612 2075 1667 gnum
2108 1597 2390 1652 ccelorum.
2417 1596 2686 1664 Quorsum
2712 1599 2876 1668 igitur
2897 1600 3113 1670 arripis,
3133 1601 3278 1669 quod
3308 1616 3483 1671 neque

1913 1689 2214 1760 Scriptura,
2245 1706 2419 1759 neque
2450 1706 2550 1744 nos
2583 1690 2820 1746 damus?
2841 1689 3034 1745 Nullus
3061 1695 3204 1745 enim
3230 1701 3479 1748 nostrum

1911 1780 2008 1834 tibi
2036 1781 2286 1836 concedit
2314 1779 2529 1836 Patrem
2561 1797 2686 1837 esse
2717 1782 3002 1852 majorem,
3053 1783 3174 1838 ideo
3219 1785 3362 1853 quod
3408 1785 3482 1839 sit

235 1887 374 1934 τως·
431 1891 449 1922 ι
489 1871 551 1924 El
584 1870 691 1941 γὰρ
719 1872 967 1941 ἠγαπᾶτέ
1009 1889 1098 1942 με,
1135 1873 1366 1943 ἐχάρητε
1401 1873 1489 1936 ἂν,
1531 1867 1800 1937 δτιεῖπον,

1909 1869 2334 1942 ingenitus.Nec
2363 1871 2508 1926 enim
2534 1869 2708 1928 Filius
2735 1871 2898 1926 dicit:
2926 1872 3031 1938 Qui
3068 1881 3151 1927 est
3187 1874 3478 1943 ingenitus,

235 1958 547 2031 Πορεύομαι
581 1961 715 2031 πρὸς
741 1962 831 2014 τὸν
855 1962 1071 2033 Πατέρα
1089 1979 1103 1992 ο
1135 1964 1164 2014 ό
1193 1963 1301 2034 γὰρ
1328 1963 1516 2034 Πατήρ
1547 1979 1650 2034 μου
1681 1962 1803 2031 μεί-

233 2049 341 2112 ζων
381 2049 484 2120 μού
536 2051 671 2103 ἐστι,
725 2069 744 2101 ι
802 2051 1094 2122 Πορεύεται
1133 2050 1207 2115 δὲ,
1242 2051 1317 2114 ὡς
1361 2049 1570 2122 μορφὴν
1613 2050 1798 2103 δούλου

231 2140 446 2195 λαϐώνο
483 2141 560 2204 ὡς
597 2142 654 2195 δὲ
684 2142 834 2206 Θεὸς,
883 2144 941 2195 έν
987 2142 1135 2213 αὐτῷ
1165 2143 1256 2196 τὸν
1293 2142 1511 2214 Πατέρα
1551 2142 1682 2214 ἔχει,
1714 2143 1802 2195 λέ-

231 2247 379 2300 γων’
419 2249 438 2283 ι
491 2230 634 2300 Ἐγὼ
664 2233 721 2285 ὲν
754 2231 829 2303 τῷ
871 2233 1062 2304 Πατρὶ,
1098 2234 1192 2286 καὶ
1224 2233 1253 2285 ὁ
1281 2233 1467 2305 Πατὴρ
1496 2234 1552 2286 ἐν
1592 2234 1733 2302 ἐμοὶ,
1777 2251 1795 2284 ι

231 2323 346 2387 καὶ,
387 2342 405 2375 ι
462 2323 604 2392 Ἐγὼ
634 2325 729 2378 καὶ
753 2327 781 2378 ό
813 2325 1001 2395 Πατὴρ
1029 2325 1085 2378 ἒν
1114 2325 1276 2394 ἐσμεν
1296 2339 1312 2355 ⁶
1359 2325 1386 2378 ό
1416 2323 1671 2395 ἑωρακὼς
1702 2325 1801 2394 ἐμὲ

230 2412 446 2485 ἑώρακε
491 2415 583 2468 τὸν
642 2416 879 2487 Πατέρα.
935 2416 993 2468 '0
1048 2416 1237 2488 Πατὴρ
1281 2417 1310 2468 ό
1366 2418 1422 2470 ὲν
1457 2417 1578 2488 ἐμοὶ
1628 2417 1803 2488 μένων

232 2509 377 2559 ποιεί
419 2505 492 2560 τὰ
537 2506 676 2578 ἔργα
705 2508 886 2570 αὐτός.
941 2527 960 2560 ›
1013 2507 1103 2578 Μὴ
1149 2504 1242 2561 οὖν
1273 2510 1556 2580 έπίσπειρε
1591 2507 1803 2573 ζιζάνια

229 2597 307 2666 τῷ
331 2596 490 2668 ἀγρῷ
515 2597 614 2667 τῆς
644 2598 789 2661 θείας
811 2599 1050 2669 Γραφῆς,
1073 2599 1134 2651 τὸ
1160 2599 1448 2670 ἀγέννητον
1479 2601 1572 2653 καὶ
1611 2601 1672 2653 τὸ
1711 2601 1804 2653 ἀν-

225 2687 414 2758 όμοιον
435 2705 451 2720 ·
481 2689 594 2742 ἀλλ’
635 2690 684 2742 εί
718 2689 889 2753 θέλεις
927 2690 1231 2760 φιλοσοφεῖν
1259 2691 1435 2746 ταῦτα
1464 2692 1534 2744 τὰ
1562 2692 1799 2763 ῥήματα,

226 2779 323 2831 ἐπὶ
350 2777 448 2831 τοῦ
501 2779 794 2862 ἀφθάρτου.
828 2781 922 2834 καὶ
968 2780 1232 2835 ἀθανάτου
1269 2783 1580 2852 φιλοσόφει·
1634 2782 1804 2835 ταῦτα

225 2869 337 2940 γάρ
364 2871 471 2922 εισι
513 2870 797 2941 σπέρματα
823 2871 917 2924 τοῦ
949 2872 1119 2942 ἀγροῦ
1152 2874 1249 2944 τῆς
1282 2875 1501 2944 Γραφῆς
1521 2891 1535 2904 ο
1567 2868 1696 2939 οἷον,
1740 2875 1802 2927 Ei

225 2958 344 3012 ἐστι
372 2960 434 3012 τὸ
463 2959 747 3022 ἀθάνατον,
781 2961 813 3032 ἢ
847 2963 966 3016 ὅλον
1017 2964 1131 3016 ἐστὶ
1161 2963 1316 3016 τοῦτο
1345 2964 1378 3035 ἢ
1419 2964 1602 3036 μέρος.
1663 2965 1800 3018 Ἀλλ’

229 3049 278 3099 εί
315 3047 414 3118 μὲν
449 3049 634 3120 μέρος,
667 3050 828 3103 πάλιν
865 3051 1037 3121 ἑαυτῷ
1065 3051 1216 3104 ἔσται
1246 3052 1516 3121 ἀνόμοιος,
1564 3054 1617 3105 εἴ
1653 3070 1718 3122 γε
1743 3054 1803 3107 τὸ

230 3139 332 3209 μὲν
359 3141 523 3212 μέρος
555 3141 716 3194 αὐτοῦ
743 3141 1028 3207 ἀθάνατον,
1059 3144 1128 3197 τά
1156 3144 1212 3197 δὲ
1239 3143 1371 3197 ἀλλα
1407 3146 1503 3215 μή.
1535 3146 1598 3198 Εἰ
1625 3146 1680 3198 δὲ
1707 3145 1799 3216 ὅλη

1911 1962 2082 2031 major
2111 1975 2197 2016 me
2227 1969 2344 2026 est;
2377 1961 2493 2025 sed,
2523 1962 2700 2026 Pater,
2739 1963 2806 2018 ad
2828 1980 2988 2033 quem
3036 1975 3151 2020 erat
3201 1965 3480 2034 profectu-

1907 2066 2024 2106 rus.
2057 2048 2194 2104 Nam
2223 2051 2302 2106 sic
2335 2051 2577 2121 loquitur
2607 2071 2620 2106 :
2661 2070 2680 2103 ι
2719 2050 2774 2106 Si
2807 2052 3103 2122 diligeretis
3131 2068 3236 2118 me,
3271 2053 3477 2124 gaude-

1905 2143 2061 2207 retis,
2095 2142 2222 2212 quia
2251 2141 2383 2204 dixi,
2415 2142 2554 2196 vado
2577 2141 2644 2196 ad
2676 2141 2889 2198 Patrem
2921 2163 2933 2199 :
2968 2143 3129 2198 Pater
3150 2146 3292 2200 enim
3324 2161 3477 2201 meus

1906 2234 2082 2302 major
2120 2249 2204 2288 me
2234 2244 2316 2288 est
2339 2233 2405 2288 “.
2447 2252 2465 2284 ι
2519 2229 2680 2286 Vadit
2703 2242 2907 2299 autem,
2940 2243 3210 2304 quatenus
3246 2236 3476 2292 formam

1905 2323 2048 2380 servi
2087 2325 2296 2394 accepit
2325 2341 2339 2388 ;
2371 2333 2642 2394 quatenus
2668 2339 2795 2378 vero
2835 2335 2919 2380 est
2954 2325 3118 2390 Deus,
3176 2328 3336 2382 habet
3373 2327 3479 2382 Pa-

1901 2428 2040 2472 trem
2071 2415 2124 2469 in
2157 2417 2472 2486 semetipso,
2502 2418 2690 2472 dicens
2716 2435 2728 2472 :
2762 2435 2781 2468 ι
2809 2417 2920 2486 Ego
2950 2419 3004 2473 in
3035 2417 3214 2486 Patre,
3238 2430 3290 2475 et
3318 2419 3480 2476 Pater

1903 2508 1960 2562 in
1986 2523 2069 2562 me
2091 2508 2177 2575 “‘,
2221 2525 2240 2559 ι
2267 2517 2322 2562 et
2346 2528 2358 2562 :
2393 2527 2410 2558 ι
2445 2507 2554 2579 Ego
2577 2515 2628 2564 et
2657 2508 2818 2563 Pater
2851 2527 3016 2564 unum
3037 2526 3228 2568 sumus
3256 2513 3302 2545 ⁸⁸
3337 2532 3350 2566 :
3383 2517 3477 2584 qui

1903 2597 2039 2652 vidit
2066 2613 2170 2663 me,
2203 2599 2339 2654 vidit
2368 2599 2582 2655 Patrem
2621 2620 2634 2656 :
2681 2599 2841 2657 Pater
2880 2605 2935 2657 in
2967 2619 3052 2658 me
3089 2619 3314 2661 manens
3355 2605 3475 2676 ipso

1905 2685 2038 2740 facit
2082 2688 2325 2757 opera".
2367 2708 2386 2740 ι
2449 2685 2527 2743 Ne
2580 2689 2744 2759 igitur
2787 2690 3037 2760 insperge
3091 2705 3223 2758 agro
3278 2690 3477 2746 divina:

1907 2778 2201 2846 Scriptura:
2243 2779 2346 2834 ista
2383 2779 2613 2843 zizania,
2663 2797 2772 2835 non
2804 2781 3045 2851 genitum
3084 2792 3136 2838 et
3168 2783 3470 2837 dissimile:

1905 2867 2019 2932 sed,
2046 2868 2092 2923 si
2119 2867 2275 2922 visin
2307 2868 2441 2939 ipsis
2475 2868 2756 2923 vocabulis
2789 2868 3182 2939 philosophari,
3229 2869 3473 2940 philoso-

1905 2959 2072 3030 phare
2099 2960 2314 3014 demtum
2344 2961 2398 3013 in
2445 2960 2760 3016 nominibus
2803 2958 3233 3029 ineorruptibilis
3285 2965 3338 3014 et
3368 2959 3472 3012 im-

1905 3051 2170 3106 mortalis.
2202 3049 2330 3105 Haec
2355 3053 2497 3106 enim
2522 3059 2652 3107 sunt
2678 3052 2791 3122 agri
2817 3050 3115 3121 Scriptura:
3137 3049 3349 3108 semina
3373 3071 3384 3105 :
3410 3060 3472 3104 nt

1903 3141 1948 3196 si
1980 3142 2285 3197 immortale
2312 3150 2416 3205 est,
2447 3150 2540 3197 aut
2573 3151 2743 3197 totum
2786 3151 2892 3206 est,
2938 3151 3032 3197 aut
3067 3157 3225 3213 pars;
3267 3143 3313 3197 si
3343 3157 3473 3212 pars

229 3231 260 3300 ή
285 3229 447 3298 φύσις
465 3232 729 3297 ἀθάνατος
753 3235 846 3287 καὶ
874 3234 1164 3304 ἄφθαρτος,
1190 3235 1418 3289 καθόλου
1445 3235 1500 3288 δὲ
1533 3235 1800 3300 ἀθάνατος

1906 3244 2003 3296 est,
2034 3233 2194 3288 Pater
2231 3233 2388 3288 fuerit
2421 3235 2522 3290 sibi
2554 3235 2657 3303 ipsi
2693 3235 2998 3298 dissimilis,
3033 3234 3302 3305 siquidem
3341 3247 3470 3304 pars

224 3321 257 3373 ὸ
287 3320 475 3394 Πατὴρ
507 3323 601 3375 καὶ
627 3323 923 3396 ἄφθαρτος,
952 3327 1043 3379 καὶ
1071 3329 1098 3379 ό
1127 3327 1253 3390 Υἱὸς
1283 3326 1444 3391 εὐθὺς
1475 3328 1568 3381 ἐπὶ
1589 3328 1648 3381 τὺ
1666 3346 1797 3382 ταυ-

227 3412 320 3466 τὸν
357 3414 456 3485 τῆς
494 3415 681 3478 οὐσίας
729 3416 848 3470 ὅλον
894 3417 1264 3489 εὑρεθήσεται.
1308 3419 1371 3472 El
1420 3417 1528 3490 γάρ
1573 3421 1606 3490 ἡ
1645 3420 1802 3474 οὐσία

225 3503 323 3574 ὅλη
356 3505 622 3570 ἀθάνατος
648 3508 742 3561 καὶ
768 3509 1060 3580 ἄφθαρτος,
1086 3510 1177 3563 καὶ
1199 3509 1348 3563 οὐδὲν
1373 3510 1429 3562 ἐν
1463 3509 1598 3580 αὐτῇ
1634 3511 1800 3582 μέρος

227 3597 490 3663 ἐναντίον,
518 3598 638 3652 καθ’
671 3599 798 3672 ὃλην
828 3600 934 3672 ἄρα
960 3602 1057 3672 τὴν
1081 3602 1265 3656 οὐσίαν
1297 3605 1331 3673 ἡ
1363 3603 1648 3673 ταυτότης.
1675 3602 1799 3664 Πῶς

224 3679 320 3737 οὖν
338 3685 515 3757 τολμᾷ
540 3705 623 3750 τις
650 3687 828 3756 λέγειν
855 3690 1102 3760 ἀνόμοιον
1122 3707 1136 3754 ;
1157 3691 1357 3759 Δέγετε
1371 3694 1468 3762 τῆς
1491 3691 1791 3761 ἐνεργείας,

227 3775 411 3840 φασὶν,
445 3776 648 3829 εἰκόνα.
691 3777 752 3829 Et
781 3777 836 3830 δὲ
875 3779 1121 3848 ἐνέργεια
1157 3779 1350 3832 ταυτὸν
1383 3782 1449 3850 τῇ
1491 3779 1668 3851 οὐσίᾳ,
1697 3781 1795 3851 τῆς

225 3864 336 3937 ἄρα
364 3868 549 3932 οὐσίας
579 3868 732 3921 ἔσται
763 3869 924 3922 εἰκὼν
951 3873 978 3924 ό
1006 3871 1149 3934 Υἱός.

1904 3326 2022 3394 ejus
2065 3341 2170 3379 una
2201 3325 2361 3380 fuerit
2395 3326 2739 3389 immortalis,
2790 3327 2961 3382 altera
2991 3341 3101 3380 non
3132 3327 3282 3382 item.
3326 3325 3396 3380 At
3425 3326 3474 3381 si

1906 3424 2021 3470 tota
2047 3417 2165 3485 ejus
2197 3425 2390 3470 natura
2421 3426 2503 3471 est
2533 3419 2990 3488 incorruptibilis,
3025 3426 3079 3472 et
3123 3417 3476 3482 immortalis,

1904 3515 1960 3562 et
2003 3507 2164 3562 Pater
2201 3517 2284 3562 est
2315 3510 2540 3562 omnino
2579 3510 2908 3564 immortalis
2934 3517 2988 3563 et
3016 3507 3474 3578 incorruptibilis.

1908 3600 2156 3668 protinus
2211 3615 2427 3668 quoque
2458 3597 2629 3653 Filius
2685 3601 2802 3669 ipsa
2831 3601 3139 3655 substantia
3180 3599 3320 3653 idem
3353 3613 3476 3652 esse

1904 3690 2289 3758 comperietur.
2325 3689 2483 3751 Nam,
2514 3690 2560 3744 si
2605 3699 2715 3743 tota
2747 3691 3055 3745 substantia
3094 3701 3179 3746 est
3222 3691 3475 3744 incorru-

1902 3779 2111 3851 ptibilis
2144 3788 2198 3834 et
2237 3781 2582 3844 immortalis,
2625 3797 2724 3837 nec
2757 3782 2863 3835 ulla
2899 3793 2982 3837 est
3007 3783 3126 3853 ejus
3149 3782 3317 3854 428
3344 3797 3473 3852 pars

1901 3886 2231 3942 repugnans.
2272 3887 2465 3942 nempe
2519 3873 2573 3926 in
2635 3881 2748 3927 tota
2777 3876 3013 3929 essentia
3065 3888 3148 3930 est
3195 3875 3471 3929 identitas.

224 3959 512 4025 Quomodo
565 3960 730 4030 igitur
761 3961 921 4016 audet
943 3964 1139 4032 aliquis
1170 3963 1351 4018 dicere
1399 3964 1772 4019 dissimilem?
1797 3963 1986 4019 Dicitis
2016 3979 2138 4018 esse
2159 3965 2392 4034 energiae
2432 3965 2548 4019 sive
2568 3964 2902 4021 efﬁcacitatis
2944 3967 3257 4038 imaginem.
3317 3967 3475 4034 Quod

225 4055 276 4111 si
304 4054 598 4112 eﬂicacitas
651 4056 838 4111 eadem
869 4063 952 4112 est
993 4067 1155 4128 atque
1194 4059 1522 4123 substantia,
1556 4061 1661 4115 erit
1718 4059 1972 4113 nimirum
2007 4057 2181 4114 Filius
2215 4060 2535 4115 substantiae
2579 4061 2776 4128 imago.

309 4146 631 4218 Ἐρωτῶμεν
670 4148 880 4202 τοίνυν·
932 4150 1245 4220 Ἐγέννησεν
1290 4150 1448 4220 ἢού;
1497 4151 1651 4216 Φασὶ,
1686 4150 1793 4204 ναί.

238 4239 335 4290 Ἐκ
363 4237 463 4308 τῆς
497 4239 706 4302 οὐσίας,
751 4239 784 4310 ἢ
825 4241 887 4292 ὲκ
933 4241 1031 4311 τῆς
1077 4241 1383 4312 θελήσεωςῖ
1434 4243 1547 4296 Οὐκ
1588 4245 1651 4296 ἐκ
1697 4241 1795 4313 τῆς

222 4328 432 4391 οὐσίας,
469 4329 651 4400 φησὶν,
681 4327 790 4382 ἀλλ’
819 4332 882 4383 ὲκ
907 4332 1006 4402 τῆς
1036 4331 1337 4404 βουλήσεως
1358 4350 1370 4362 ·
1404 4334 1532 4388 ἀλλο
1569 4334 1676 4407 γὰρ
1708 4333 1792 4386 λέ-

223 4437 344 4488 γεις
381 4422 539 4485 αὐτὸς
569 4421 667 4492 τὴν
717 4423 1032 4494 ἀγαθότητα
1070 4426 1164 4477 καὶ
1212 4426 1308 4497 τὴν
1350 4425 1600 4498 βούλησιν
1641 4426 1792 4498 παρά

222 4512 324 4582 τὴν
353 4512 560 4574 οὐσίαν,
596 4512 628 4582 ἢ
660 4511 756 4582 τὴν
790 4514 976 4584 αὐτήν.
1018 4514 1082 4566 Ei
1129 4515 1225 4586 μὲν
1254 4512 1344 4570 οὖν
1377 4517 1475 4587 τὴν
1510 4516 1677 4588 αὐτὴν
1699 4517 1787 4570 λέ-

1971 4148 2166 4216 ρυωνο
2195 4151 2391 4222 igitur:
2419 4150 2618 4206 Genuit
2652 4150 2831 4215 Pater,
2869 4153 3090 4206 annon?
3118 4151 3339 4216 Genuit,
3398 4154 3474 4209 in-

1896 4239 2037 4309 quit.
2092 4238 2231 4293 Num
2281 4254 2345 4294 ex
2387 4239 2714 4302 substantia,
2769 4256 2837 4294 an
2879 4256 3008 4296 vero
3062 4257 3126 4296 ex
3158 4243 3474 4299 voluntate?

1898 4329 2016 4384 Non
2048 4345 2112 4386 ex
2142 4330 2476 4395 substantia,
2530 4331 2727 4401 inquit,
2772 4333 2863 4386 sed
2895 4348 2962 4388 ex
2993 4335 3293 4390 voluntate.
3336 4333 3472 4390 Nam

1902 4422 2199 4478 bonitatem
2231 4431 2285 4478 et
2314 4423 2645 4478 voluntatem
2696 4425 2778 4480 vel
2809 4425 2953 4480 aliud
2981 4441 3105 4481 esse
3146 4426 3286 4482 dicis
3311 4443 3471 4498 quam

1902 4515 2286 4578 substantiam,
2344 4517 2426 4571 vel
2464 4516 2708 4570 eamdem
2759 4524 2920 4586 atque
2974 4517 3352 4572 substantiam.
3411 4512 3469 4573 Si

222 4618 365 4669 γεις,
399 4603 463 4655 ὲκ
495 4602 550 4655 δὲ
577 4603 679 4672 τῆς
712 4603 979 4674 θελήσεως
1011 4606 1104 4658 καὶ
1145 4607 1242 4676 τῆς
1277 4607 1608 4677 ἀγαθότητος
1641 4609 1794 4677 ἐγέν-

1906 4605 2149 4661 eamdem
2183 4606 2342 4672 dicis,
2383 4617 2437 4662 et
2489 4606 2651 4662 Pater
2679 4623 2744 4662 ex
2790 4610 3066 4662 voluntate
3122 4617 3178 4662 et
3229 4609 3472 4664 bonitate

221 4709 409 4763 νησεν,
444 4694 559 4746 ἀλλ’
582 4695 658 4758 ὡς
683 4695 964 4766 όμοούσιον
983 4697 1161 4765 λέγεις
1190 4697 1268 4768 τῷ
1303 4699 1476 4770 Πατρὶ
1503 4701 1595 4754 τὸν
1629 4702 1757 4755 Υίόν
1779 4716 1792 4730 ⁸

221 4785 363 4854 ὅπερ
392 4787 452 4838 οὐ
496 4785 691 4855 βούλει.
728 4788 919 4856 Λέγεις
951 4788 1027 4851 δὲ,
1077 4790 1158 4842 ὅτι
1211 4791 1302 4842 καὶ
1357 4790 1424 4843 τὰ
1472 4793 1647 4844 πάντα
1682 4793 1794 4862 (24)

222 4879 292 4929 ἐκ
317 4877 417 4947 τῆς
449 4876 754 4948 βουλήσεως
782 4879 874 4932 τοῦ
920 4879 1054 4932 Θεοῦ
1087 4881 1300 4950 ἐγένετο
1339 4883 1424 4936 διὰ
1461 4883 1611 4936 Υίοῦ.
1647 4885 1710 4937 Εἰ
1738 4885 1794 4938 δὲ

223 4967 445 5039 Θέλησις
485 4970 678 5023 ταυτὸν
717 4972 784 5041 τῇ
819 4971 995 5041 οὐσίᾳ,
1036 4971 1294 5041 όμοούσια
1335 4973 1486 5026 ἔσται
1518 4974 1584 5028 τὰ
1617 4976 1794 5028 πάντα

219 5061 301 5132 τῷ
347 5060 486 5132 Θεῷ,
545 5062 654 5114 εἴτε
706 5061 929 5132 ἑρπετὰ,
978 5065 1084 5115 εἴτε
1139 5065 1329 5133 νηκτὰ,
1375 5065 1466 5116 καὶ
1518 5065 1586 5118 τὰ
1633 5063 1792 5118 λοιπά

221 5154 434 5207 πάντα’
477 5171 495 5204 ι
533 5153 715 5206 Πάντα
749 5152 857 5223 γὰρ
901 5153 998 5205 ὅσα
1031 5153 1312 5224 ἠθέλησεν,
1349 5155 1600 5226 ἐποίησεν
1634 5159 1690 5210 ὲν
1716 5157 1792 5228 τῷ

219 5246 437 5317 οὐρανῴ
486 5247 580 5298 καὶ
615 5246 671 5297 ὲν
702 5248 765 5314 τῇ
808 5248 912 5314 γῇ·
957 5267 976 5297 ι
1009 5246 1179 5310 οὕτως
1213 5248 1336 5318 ἄρα,
1375 5249 1467 5300 καὶ
1504 5250 1600 5319 τῆς
1643 5251 1792 5321 svsp-

219 5339 374 5407 τείας
405 5338 570 5391 εἰκὼν
602 5335 700 5399 ὢν,
742 5336 799 5400 ἐξ
847 5331 920 5388 ὧν
951 5337 1112 5401 αὐτὸς
1149 5338 1324 5407 λέγεις
1371 5337 1503 5408 (25),
1536 5341 1656 5410 οὐχ).
1698 5342 1790 5394 καὶ

1903 4699 2109 4769 genuit,
2166 4699 2248 4754 sie
2279 4714 2496 4769 quoque
2534 4699 3057 4773 consubstantialem
3103 4699 3250 4752 Patri
3275 4697 3470 4753 Filium

1903 4790 2040 4844 dicis
2079 4809 2092 4843 :
2143 4790 2287 4859 quod
2315 4799 2370 4844 tu
2421 4790 2646 4844 minime
2701 4790 2802 4844 vis.
2845 4789 2992 4845 Dicis
3024 4801 3202 4845 autem
3229 4801 3283 4846 et
3313 4791 3467 4853 illud,

1901 4880 2084 4932 omnia
2114 4880 2255 4932 facta
2288 4888 2418 4933 sunt
2442 4896 2536 4949 per
2558 4877 2754 4933 Filium
2785 4895 2851 4934 ex
2896 4879 2987 4934 Dei
3023 4881 3316 4934 voluntate.
3347 4877 3496 4934 Jamr

1900 4986 2029 5027 vero
2059 4971 2106 5026 si
2150 4970 2402 5024 voluntas
2453 4970 2641 5024 eadem
2677 4979 2760 5026 est
2787 4986 2908 5040 qua:
2960 4971 3265 5026 substantia
3302 4990 3316 5026 :
3352 4965 3510 5057 σπι-ξ

1901 5065 1988 5118 nia
2031 5063 2195 5134 igitur
2223 5071 2276 5118 et
2308 5062 2544 5132 reptilia,
2576 5071 2630 5117 et
2675 5064 2941 5127 natatilia,
2983 5073 3285 5134 caeteraque
3337 5065 3500 5119 item‘

1896 5156 2108 5220 omnia,
2164 5153 2370 5210 fuerint
2445 5154 2556 5211 Deo
2616 5156 3137 5218 consubstantialia,
3198 5156 3464 5225 siquidem

1899 5266 1919 5299 ι
1960 5247 2149 5302 Omnia
2201 5263 2539 5318 quaecunque
2591 5249 2761 5302 voluit
2825 5247 2954 5303 fecit
3001 5247 3056 5302 in
3107 5249 3247 5303 coelo
3300 5257 3354 5303 et
3410 5250 3463 5302 in

1893 5347 2058 5394 terra.
2097 5357 2117 5391 ι
2153 5341 2228 5393 lta
2257 5340 2326 5404 si,
2355 5355 2421 5395 ex
2453 5340 2518 5395 iis
2565 5355 2687 5410 quae
2721 5340 2881 5405 dicis,
2916 5338 3086 5394 Filius
3121 5350 3204 5395 est
3233 5340 3465 5396 ellicaci.

295 5494 337 5525 “
372 5493 532 5548 Joan.
571 5510 680 5554 ειν,
715 5493 804 5547 28.
881 5493 1126 5549 “'Joan.
1159 5511 1268 5558 xxv,
1305 5497 1385 5550 l0.
1463 5496 1507 5528 ³³
1545 5493 1700 5550 Joan.
1738 5512 1793 5564 x,

1906 5535 1913 5550 .
1987 5493 2201 5551 "Joan.
2236 5509 2345 5560 τιν,
2377 5493 2432 5563 9,
2463 5495 2550 5550 10.

294 5605 403 5672 (22)
440 5604 586 5676 Etlit.
619 5603 806 5676 Steph.
841 5607 990 5676 φησί.

291 5676 400 5742 (25)
436 5675 551 5729 Cur
579 5675 869 5745 ἀγέννητον
903 5675 1063 5730 modo
1096 5676 1416 5744 ingenitum.
1451 5675 1610 5731 modo
1645 5691 1783 5730 non-

223 5747 460 5816 gt-uitum
498 5754 796 5816 vertamus,
834 5745 953 5798 vide
987 5747 1040 5799 in
1065 5745 1278 5799 Praefat.

289 5818 400 5885 (2L)
431 5815 609 5870 Palat.
656 5813 851 5880 βούλει.
906 5816 1062 5883 Λέγει
1089 5815 1142 5869 δὲ
1177 5817 1256 5869 ὅτι
1301 5815 1366 5870 τὰ
1397 5833 1452 5869 π.
1485 5815 1606 5873 Mox
1643 5816 1772 5872 edit.

1896 5604 2157 5675 Stephan.
2194 5606 2282 5661 διὰ
2303 5606 2449 5662 Υἱόν.

1963 5674 2077 5748 (25)
2112 5675 2266 5748 Hunc
2294 5678 2473 5748 locum
2502 5675 2746 5748 referens
2791 5675 3032 5731 Joannes
3061 5674 3464 5748 Cryparissiott-s

1891 5744 2088 5818 Decad.
2123 5747 2176 5809 3,
2207 5764 2257 5802 c.
2291 5747 2516 5818 5,_bunc
2543 5747 2819 5818 dialogum
2847 5755 3004 5802 vocat
3026 5744 3313 5802 Athanasii
3337 5759 3461 5800 cum

1887 5815 2014 5872 Ario
2035 5818 2090 5872 in
2123 5818 2328 5889 synodo
2359 5816 2594 5875 Nicaena.
