  <div class='ocr_page' id='page_1' title='image "/cluster/home/n/w/nwhite01/storage/ocr_20150623/28/hvd.32044019207737/603.png"; bbox 0 0 3982 6398; ppageno 0'>
   <div class='ocr_carea' id='block_1_1' title="bbox 499 418 632 479">
    <p class='ocr_par' dir='ltr' id='par_1_1' title="bbox 499 418 632 479">
     <span class='ocr_line' id='line_1_1' title="bbox 499 418 632 479; baseline -0.015 0"><span class='ocrx_word' id='word_1_1' title='bbox 499 418 632 479; x_wconf 71' lang='grc'><strong>1171</strong></span> 
     </span>
    </p>
   </div>
   <div class='ocr_carea' id='block_1_2' title="bbox 1588 420 2560 482">
    <p class='ocr_par' dir='ltr' id='par_1_2' title="bbox 1588 420 2560 482">
     <span class='ocr_line' id='line_1_2' title="bbox 1588 420 2560 482; baseline -0.004 -2"><span class='ocrx_word' id='word_1_2' title='bbox 1588 423 1646 480; x_wconf 90' lang='lat' dir='ltr'><strong>S.</strong></span> <span class='ocrx_word' id='word_1_3' title='bbox 1687 420 2146 482; x_wconf 77' lang='lat' dir='ltr'><strong>ATHANASIUS.</strong></span> <span class='ocrx_word' id='word_1_4' title='bbox 2189 456 2259 467; x_wconf 90' lang='lat'>—</span> <span class='ocrx_word' id='word_1_5' title='bbox 2292 422 2560 480; x_wconf 73' lang='lat' dir='ltr'><strong>SPURIA.</strong></span> 
     </span>
    </p>
   </div>
   <div class='ocr_carea' id='block_1_3' title="bbox 3587 401 3725 471">
    <p class='ocr_par' dir='ltr' id='par_1_3' title="bbox 3587 401 3725 471">
     <span class='ocr_line' id='line_1_3' title="bbox 3587 401 3725 471; baseline -0.043 0"><span class='ocrx_word' id='word_1_6' title='bbox 3587 401 3725 471; x_wconf 59' lang='grc' dir='ltr'><strong>ητα</strong></span> 
     </span>
    </p>
   </div>
   <div class='ocr_carea' id='block_1_4' title="bbox 497 530 2059 615">
    <p class='ocr_par' dir='ltr' id='par_1_4' title="bbox 497 541 2059 615">
     <span class='ocr_line' id='line_1_4' title="bbox 497 541 2059 615; baseline -0.001 -18"><span class='ocrx_word' id='word_1_7' title='bbox 497 542 629 597; x_wconf 90' lang='lat' dir='ltr'><strong>tatis</strong></span> <span class='ocrx_word' id='word_1_8' title='bbox 669 541 864 611; x_wconf 82' lang='lat' dir='ltr'><strong>imago,</strong></span> <span class='ocrx_word' id='word_1_9' title='bbox 895 554 1072 615; x_wconf 85' lang='lat' dir='ltr'><strong>nonne</strong></span> <span class='ocrx_word' id='word_1_10' title='bbox 1096 547 1256 595; x_wconf 78' lang='lat' dir='ltr'><strong>etiam</strong></span> <span class='ocrx_word' id='word_1_11' title='bbox 1289 548 1372 595; x_wconf 89' lang='lat' dir='ltr'><strong>est</strong></span> <span class='ocrx_word' id='word_1_12' title='bbox 1411 543 1715 596; x_wconf 91' lang='lat' dir='ltr'><strong>substantia</strong></span> <span class='ocrx_word' id='word_1_13' title='bbox 1742 543 1893 597; x_wconf 92' lang='lat' dir='ltr'><strong>nullo</strong></span> <span class='ocrx_word' id='word_1_14' title='bbox 1936 558 2059 596; x_wconf 87' lang='lat' dir='ltr'><strong>mo-</strong></span> 
     </span>
    </p>
   </div>
   <div class='ocr_carea' id='block_1_5' title="bbox 2164 530 3730 615">
    <p class='ocr_par' dir='ltr' id='par_1_5' title="bbox 2164 530 3730 614">
     <span class='ocr_line' id='line_1_5' title="bbox 2164 530 3730 614; baseline -0.006 -17"><span class='ocrx_word' id='word_1_15' title='bbox 2164 545 2261 614; x_wconf 82' lang='grc' dir='ltr'>τῆς</span> <span class='ocrx_word' id='word_1_16' title='bbox 2303 543 2490 607; x_wconf 90' lang='grc' dir='ltr'>οὐσίας</span> <span class='ocrx_word' id='word_1_17' title='bbox 2544 542 2691 596; x_wconf 74' lang='grc' dir='ltr'>ἐστὶν</span> <span class='ocrx_word' id='word_1_18' title='bbox 2739 530 3186 611; x_wconf 77' lang='grc' dir='ltr'>ἀπαράλλακτοςς</span> <span class='ocrx_word' id='word_1_19' title='bbox 3236 537 3299 590; x_wconf 76' lang='lat' dir='ltr'><strong>Ei</strong></span> <span class='ocrx_word' id='word_1_20' title='bbox 3347 535 3446 607; x_wconf 80' lang='grc' dir='ltr'><strong>μὲν</strong></span> <span class='ocrx_word' id='word_1_21' title='bbox 3477 532 3591 606; x_wconf 72' lang='grc'><strong>(26)</strong></span> <span class='ocrx_word' id='word_1_22' title='bbox 3628 532 3730 589; x_wconf 67' lang='grc' dir='ltr'>οὖν</span> 
     </span>
    </p>
   </div>
   <div class='ocr_carea' id='block_1_6' title="bbox 500 629 2062 700">
    <p class='ocr_par' dir='ltr' id='par_1_6' title="bbox 500 629 2062 700">
     <span class='ocr_line' id='line_1_6' title="bbox 500 629 2062 700; baseline -0.001 -13"><span class='ocrx_word' id='word_1_23' title='bbox 500 632 572 687; x_wconf 88' lang='lat' dir='ltr'><strong>do</strong></span> <span class='ocrx_word' id='word_1_24' title='bbox 586 630 869 685; x_wconf 87' lang='lat' dir='ltr'><strong>diversus?</strong></span> <span class='ocrx_word' id='word_1_25' title='bbox 902 629 1101 700; x_wconf 86' lang='lat' dir='ltr'><strong>Itaque,</strong></span> <span class='ocrx_word' id='word_1_26' title='bbox 1135 630 1181 685; x_wconf 87' lang='lat' dir='ltr'><strong>si</strong></span> <span class='ocrx_word' id='word_1_27' title='bbox 1209 637 1312 684; x_wconf 73' lang='lat' dir='ltr'><strong>tuae</strong></span> <span class='ocrx_word' id='word_1_28' title='bbox 1338 631 1620 686; x_wconf 67' lang='lat' dir='ltr'><strong>sententiae</strong></span> <span class='ocrx_word' id='word_1_29' title='bbox 1650 630 1889 687; x_wconf 89' lang='lat' dir='ltr'><strong>fautores</strong></span> <span class='ocrx_word' id='word_1_30' title='bbox 1912 648 2062 688; x_wconf 90' lang='lat' dir='ltr'><strong>ever-</strong></span> 
     </span>
    </p>
   </div>
   <div class='ocr_carea' id='block_1_7' title="bbox 499 722 2059 793">
    <p class='ocr_par' dir='ltr' id='par_1_7' title="bbox 499 722 2059 793">
     <span class='ocr_line' id='line_1_7' title="bbox 499 722 2059 793; baseline 0 -15"><span class='ocrx_word' id='word_1_31' title='bbox 499 733 614 780; x_wconf 88' lang='lat' dir='ltr'><strong>tere</strong></span> <span class='ocrx_word' id='word_1_32' title='bbox 650 723 889 785; x_wconf 86' lang='lat' dir='ltr'><strong>conaris,</strong></span> <span class='ocrx_word' id='word_1_33' title='bbox 934 723 1085 793; x_wconf 91' lang='lat' dir='ltr'><strong>ipsos</strong></span> <span class='ocrx_word' id='word_1_34' title='bbox 1130 722 1424 778; x_wconf 89' lang='lat' dir='ltr'><strong>confutasti</strong></span> <span class='ocrx_word' id='word_1_35' title='bbox 1456 737 1471 773; x_wconf 89' lang='lat'><strong>:</strong></span> <span class='ocrx_word' id='word_1_36' title='bbox 1507 724 1592 777; x_wconf 90' lang='lat' dir='ltr'><strong>sin</strong></span> <span class='ocrx_word' id='word_1_37' title='bbox 1646 732 1825 779; x_wconf 89' lang='lat' dir='ltr'><strong>autem</strong></span> <span class='ocrx_word' id='word_1_38' title='bbox 1874 740 2059 778; x_wconf 80' lang='lat' dir='ltr'><strong>veram</strong></span> 
     </span>
    </p>
   </div>
   <div class='ocr_carea' id='block_1_8' title="bbox 497 814 2060 886">
    <p class='ocr_par' dir='ltr' id='par_1_8' title="bbox 497 814 2060 886">
     <span class='ocr_line' id='line_1_8' title="bbox 497 814 2060 886; baseline -0.001 -16"><span class='ocrx_word' id='word_1_39' title='bbox 497 814 669 886; x_wconf 81' lang='lat' dir='ltr'><strong>ipsam</strong></span> <span class='ocrx_word' id='word_1_40' title='bbox 711 816 1035 877; x_wconf 82' lang='lat' dir='ltr'><strong>doctrinam,</strong></span> <span class='ocrx_word' id='word_1_41' title='bbox 1076 815 1229 869; x_wconf 89' lang='lat' dir='ltr'><strong>illum</strong></span> <span class='ocrx_word' id='word_1_42' title='bbox 1266 830 1333 868; x_wconf 92' lang='lat' dir='ltr'><strong>ne</strong></span> <span class='ocrx_word' id='word_1_43' title='bbox 1389 814 1663 870; x_wconf 84' lang='lat' dir='ltr'><strong>audivisse</strong></span> <span class='ocrx_word' id='word_1_44' title='bbox 1701 815 1918 885; x_wconf 87' lang='lat' dir='ltr'><strong>quidem</strong></span> <span class='ocrx_word' id='word_1_45' title='bbox 1959 831 2060 869; x_wconf 93' lang='lat' dir='ltr'><strong>un-</strong></span> 
     </span>
    </p>
   </div>
   <div class='ocr_carea' id='block_1_9' title="bbox 494 893 2065 975">
    <p class='ocr_par' dir='ltr' id='par_1_9' title="bbox 494 893 2065 975">
     <span class='ocr_line' id='line_1_9' title="bbox 494 893 2065 975; baseline 0.001 -18"><span class='ocrx_word' id='word_1_46' title='bbox 494 921 655 975; x_wconf 90' lang='lat' dir='ltr'><strong>quam</strong></span> <span class='ocrx_word' id='word_1_47' title='bbox 682 893 914 959; x_wconf 80' lang='lat' dir='ltr'><strong>videris.</strong></span> <span class='ocrx_word' id='word_1_48' title='bbox 963 903 1157 958; x_wconf 83' lang='lat' dir='ltr'><strong>Filium</strong></span> <span class='ocrx_word' id='word_1_49' title='bbox 1186 903 1331 958; x_wconf 90' lang='lat' dir='ltr'><strong>enim</strong></span> <span class='ocrx_word' id='word_1_50' title='bbox 1361 919 1484 959; x_wconf 89' lang='lat' dir='ltr'><strong>esse</strong></span> <span class='ocrx_word' id='word_1_51' title='bbox 1519 904 1692 974; x_wconf 85' lang='lat' dir='ltr'><strong>ipsius</strong></span> <span class='ocrx_word' id='word_1_52' title='bbox 1739 904 2065 959; x_wconf 77' lang='lat' dir='ltr'><strong>substantiae</strong></span> 
     </span>
    </p>
   </div>
   <div class='ocr_carea' id='block_1_10' title="bbox 495 995 2062 1067">
    <p class='ocr_par' dir='ltr' id='par_1_10' title="bbox 495 995 2062 1067">
     <span class='ocr_line' id='line_1_10' title="bbox 495 995 2062 1067; baseline 0 -18"><span class='ocrx_word' id='word_1_53' title='bbox 495 996 781 1067; x_wconf 78' lang='lat' dir='ltr'><strong>imaginem</strong></span> <span class='ocrx_word' id='word_1_54' title='bbox 805 997 942 1051; x_wconf 76' lang='lat' dir='ltr'><strong>dixit</strong></span> <span class='ocrx_word' id='word_1_55' title='bbox 971 996 1265 1065; x_wconf 75' lang='lat' dir='ltr'><strong>Apostolus</strong></span> <span class='ocrx_word' id='word_1_56' title='bbox 1292 1014 1305 1049; x_wconf 93' lang='lat'>:</span> <span class='ocrx_word' id='word_1_57' title='bbox 1344 1015 1363 1047; x_wconf 74' lang='grc' dir='ltr'>ι</span> <span class='ocrx_word' id='word_1_58' title='bbox 1409 995 1512 1061; x_wconf 91' lang='lat' dir='ltr'><strong>Qui</strong></span> <span class='ocrx_word' id='word_1_59' title='bbox 1542 1011 1668 1050; x_wconf 85' lang='lat' dir='ltr'><strong>cum</strong></span> <span class='ocrx_word' id='word_1_60' title='bbox 1703 996 1775 1051; x_wconf 91' lang='lat' dir='ltr'><strong>sit</strong></span> <span class='ocrx_word' id='word_1_61' title='bbox 1804 995 2062 1066; x_wconf 87' lang='lat' dir='ltr'><strong>splendor</strong></span> 
     </span>
    </p>
   </div>
   <div class='ocr_carea' id='block_1_11' title="bbox 492 1086 2058 1158">
    <p class='ocr_par' dir='ltr' id='par_1_11' title="bbox 492 1086 2058 1158">
     <span class='ocr_line' id='line_1_11' title="bbox 492 1086 2058 1158; baseline 0 -19"><span class='ocrx_word' id='word_1_62' title='bbox 492 1088 677 1158; x_wconf 64' lang='lat' dir='ltr'><strong>gloriae</strong></span> <span class='ocrx_word' id='word_1_63' title='bbox 705 1095 759 1142; x_wconf 91' lang='lat' dir='ltr'><strong>et</strong></span> <span class='ocrx_word' id='word_1_64' title='bbox 795 1087 962 1157; x_wconf 78' lang='lat' dir='ltr'><strong>figura</strong></span> <span class='ocrx_word' id='word_1_65' title='bbox 987 1086 1305 1142; x_wconf 74' lang='lat' dir='ltr'><strong>substantia:</strong></span> <span class='ocrx_word' id='word_1_66' title='bbox 1324 1088 1415 1152; x_wconf 81' lang='lat'><strong>“&#39;,</strong></span> <span class='ocrx_word' id='word_1_67' title='bbox 1446 1108 1465 1140; x_wconf 77' lang='grc' dir='ltr'><strong>ι</strong></span> <span class='ocrx_word' id='word_1_68' title='bbox 1506 1103 1602 1143; x_wconf 92' lang='lat' dir='ltr'><strong>seu</strong></span> <span class='ocrx_word' id='word_1_69' title='bbox 1633 1087 1919 1141; x_wconf 82' lang='lat' dir='ltr'><strong>character</strong></span> <span class='ocrx_word' id='word_1_70' title='bbox 1958 1087 2058 1158; x_wconf 82' lang='lat' dir='ltr'><strong>hy-</strong></span> 
     </span>
    </p>
   </div>
   <div class='ocr_carea' id='block_1_12' title="bbox 489 1177 2060 1252">
    <p class='ocr_par' dir='ltr' id='par_1_12' title="bbox 489 1177 2060 1252">
     <span class='ocr_line' id='line_1_12' title="bbox 489 1177 2060 1252; baseline -0.002 -18"><span class='ocrx_word' id='word_1_71' title='bbox 489 1187 804 1249; x_wconf 77' lang='lat' dir='ltr'><strong>postascws.</strong></span> <span class='ocrx_word' id='word_1_72' title='bbox 846 1177 981 1232; x_wconf 87' lang='lat' dir='ltr'><strong>Nam</strong></span> <span class='ocrx_word' id='word_1_73' title='bbox 1026 1179 1309 1234; x_wconf 81' lang='lat' dir='ltr'><strong>character</strong></span> <span class='ocrx_word' id='word_1_74' title='bbox 1353 1180 1718 1252; x_wconf 79' lang='lat' dir='ltr'><strong>bypostasews</strong></span> <span class='ocrx_word' id='word_1_75' title='bbox 1747 1179 1880 1233; x_wconf 87' lang='lat' dir='ltr'><strong>nihil</strong></span> <span class='ocrx_word' id='word_1_76' title='bbox 1914 1177 2060 1232; x_wconf 88' lang='lat' dir='ltr'><strong>aliud</strong></span> 
     </span>
    </p>
   </div>
   <div class='ocr_carea' id='block_1_13' title="bbox 490 1269 2061 1340">
    <p class='ocr_par' dir='ltr' id='par_1_13' title="bbox 490 1269 2061 1340">
     <span class='ocr_line' id='line_1_13' title="bbox 490 1269 2061 1340; baseline 0 -17"><span class='ocrx_word' id='word_1_77' title='bbox 490 1276 594 1333; x_wconf 88' lang='lat' dir='ltr'><strong>est,</strong></span> <span class='ocrx_word' id='word_1_78' title='bbox 650 1284 809 1339; x_wconf 87' lang='lat' dir='ltr'><strong>quam</strong></span> <span class='ocrx_word' id='word_1_79' title='bbox 875 1269 1194 1325; x_wconf 69' lang='lat' dir='ltr'><strong>substantia:</strong></span> <span class='ocrx_word' id='word_1_80' title='bbox 1232 1270 1431 1340; x_wconf 83' lang='lat' dir='ltr'><strong>imago.</strong></span> <span class='ocrx_word' id='word_1_81' title='bbox 1492 1270 1760 1324; x_wconf 66' lang='lat' dir='ltr'><strong>therum</strong></span> <span class='ocrx_word' id='word_1_82' title='bbox 1784 1284 1893 1323; x_wconf 91' lang='lat' dir='ltr'><strong>non</strong></span> <span class='ocrx_word' id='word_1_83' title='bbox 1920 1270 2061 1324; x_wconf 90' lang='lat' dir='ltr'><strong>idem</strong></span> 
     </span>
    </p>
   </div>
   <div class='ocr_carea' id='block_1_14' title="bbox 489 1360 2063 1432">
    <p class='ocr_par' dir='ltr' id='par_1_14' title="bbox 489 1360 2063 1432">
     <span class='ocr_line' id='line_1_14' title="bbox 489 1360 2063 1432; baseline -0.001 -16"><span class='ocrx_word' id='word_1_84' title='bbox 489 1376 611 1416; x_wconf 87' lang='lat' dir='ltr'><strong>esse</strong></span> <span class='ocrx_word' id='word_1_85' title='bbox 638 1360 968 1416; x_wconf 82' lang='lat' dir='ltr'><strong>voluntatem</strong></span> <span class='ocrx_word' id='word_1_86' title='bbox 1004 1369 1169 1431; x_wconf 91' lang='lat' dir='ltr'><strong>atque</strong></span> <span class='ocrx_word' id='word_1_87' title='bbox 1199 1363 1517 1426; x_wconf 88' lang='lat' dir='ltr'><strong>essentiam,</strong></span> <span class='ocrx_word' id='word_1_88' title='bbox 1550 1376 1651 1416; x_wconf 88' lang='lat' dir='ltr'><strong>nos</strong></span> <span class='ocrx_word' id='word_1_89' title='bbox 1678 1376 1894 1432; x_wconf 81' lang='lat' dir='ltr'><strong>quoque</strong></span> <span class='ocrx_word' id='word_1_90' title='bbox 1926 1362 2063 1416; x_wconf 90' lang='lat' dir='ltr'><strong>dici-</strong></span> 
     </span>
    </p>
   </div>
   <div class='ocr_carea' id='block_1_15' title="bbox 420 1451 2065 1525">
    <p class='ocr_par' dir='ltr' id='par_1_15' title="bbox 420 1451 2065 1525">
     <span class='ocr_line' id='line_1_15' title="bbox 420 1451 2065 1525; baseline -0.001 -14"><span class='ocrx_word' id='word_1_91' title='bbox 420 1500 431 1511; x_wconf 93' lang='lat'><strong>.</strong></span> <span class='ocrx_word' id='word_1_92' title='bbox 489 1469 634 1508; x_wconf 78' lang='lat' dir='ltr'><strong>Inus.</strong></span> <span class='ocrx_word' id='word_1_93' title='bbox 686 1451 811 1507; x_wconf 86' lang='lat' dir='ltr'><strong>Ideo</strong></span> <span class='ocrx_word' id='word_1_94' title='bbox 836 1453 980 1507; x_wconf 89' lang='lat' dir='ltr'><strong>enim</strong></span> <span class='ocrx_word' id='word_1_95' title='bbox 1011 1452 1206 1507; x_wconf 85' lang='lat' dir='ltr'><strong>Filium</strong></span> <span class='ocrx_word' id='word_1_96' title='bbox 1232 1453 1449 1525; x_wconf 89' lang='lat' dir='ltr'><strong>quidem</strong></span> <span class='ocrx_word' id='word_1_97' title='bbox 1476 1470 1544 1509; x_wconf 78' lang='lat' dir='ltr'><strong>ex</strong></span> <span class='ocrx_word' id='word_1_98' title='bbox 1570 1454 1873 1509; x_wconf 75' lang='lat' dir='ltr'><strong>substantia</strong></span> <span class='ocrx_word' id='word_1_99' title='bbox 1913 1455 2065 1525; x_wconf 84' lang='lat' dir='ltr'><strong>geni-</strong></span> 
     </span>
    </p>
   </div>
   <div class='ocr_carea' id='block_1_16' title="bbox 491 1544 2062 1617">
    <p class='ocr_par' dir='ltr' id='par_1_16' title="bbox 491 1544 2062 1617">
     <span class='ocr_line' id='line_1_16' title="bbox 491 1544 2062 1617; baseline 0.003 -21"><span class='ocrx_word' id='word_1_100' title='bbox 491 1552 629 1607; x_wconf 91' lang='lat' dir='ltr'><strong>tum,</strong></span> <span class='ocrx_word' id='word_1_101' title='bbox 661 1559 762 1600; x_wconf 88' lang='lat' dir='ltr'><strong>nos</strong></span> <span class='ocrx_word' id='word_1_102' title='bbox 788 1560 917 1599; x_wconf 90' lang='lat' dir='ltr'><strong>vero</strong></span> <span class='ocrx_word' id='word_1_103' title='bbox 943 1561 1010 1599; x_wconf 74' lang='lat' dir='ltr'><strong>ex</strong></span> <span class='ocrx_word' id='word_1_104' title='bbox 1056 1547 1337 1601; x_wconf 80' lang='lat' dir='ltr'><strong>voluntate</strong></span> <span class='ocrx_word' id='word_1_105' title='bbox 1382 1544 1653 1617; x_wconf 89' lang='lat' dir='ltr'><strong>prodiisse</strong></span> <span class='ocrx_word' id='word_1_106' title='bbox 1694 1545 1951 1601; x_wconf 87' lang='lat' dir='ltr'><strong>dicimus.</strong></span> <span class='ocrx_word' id='word_1_107' title='bbox 1982 1545 2062 1600; x_wconf 78' lang='lat' dir='ltr'><strong>Ex</strong></span> 
     </span>
    </p>
   </div>
   <div class='ocr_carea' id='block_1_17' title="bbox 489 1638 2062 1708">
    <p class='ocr_par' dir='ltr' id='par_1_17' title="bbox 489 1638 2062 1708">
     <span class='ocr_line' id='line_1_17' title="bbox 489 1638 2062 1708; baseline 0.003 -20"><span class='ocrx_word' id='word_1_108' title='bbox 489 1644 587 1689; x_wconf 88' lang='lat' dir='ltr'><strong>tua</strong></span> <span class='ocrx_word' id='word_1_109' title='bbox 626 1652 791 1705; x_wconf 90' lang='lat' dir='ltr'><strong>porro</strong></span> <span class='ocrx_word' id='word_1_110' title='bbox 834 1638 1104 1693; x_wconf 87' lang='lat' dir='ltr'><strong>sententia</strong></span> <span class='ocrx_word' id='word_1_111' title='bbox 1160 1638 1303 1693; x_wconf 89' lang='lat' dir='ltr'><strong>idem</strong></span> <span class='ocrx_word' id='word_1_112' title='bbox 1347 1654 1458 1693; x_wconf 89' lang='lat' dir='ltr'><strong>non</strong></span> <span class='ocrx_word' id='word_1_113' title='bbox 1500 1646 1585 1694; x_wconf 89' lang='lat' dir='ltr'><strong>est</strong></span> <span class='ocrx_word' id='word_1_114' title='bbox 1622 1640 1877 1694; x_wconf 81' lang='lat' dir='ltr'><strong>voluntas</strong></span> <span class='ocrx_word' id='word_1_115' title='bbox 1916 1638 2062 1708; x_wconf 90' lang='lat' dir='ltr'><strong>quod</strong></span> 
     </span>
    </p>
   </div>
   <div class='ocr_carea' id='block_1_18' title="bbox 493 1728 2061 1803">
    <p class='ocr_par' dir='ltr' id='par_1_18' title="bbox 493 1728 2061 1803">
     <span class='ocr_line' id='line_1_18' title="bbox 493 1728 2061 1803; baseline 0.003 -21"><span class='ocrx_word' id='word_1_116' title='bbox 493 1728 827 1794; x_wconf 84' lang='lat' dir='ltr'><strong>substantia,</strong></span> <span class='ocrx_word' id='word_1_117' title='bbox 876 1737 932 1784; x_wconf 91' lang='lat' dir='ltr'><strong>et</strong></span> <span class='ocrx_word' id='word_1_118' title='bbox 986 1730 1293 1785; x_wconf 86' lang='lat' dir='ltr'><strong>substantia</strong></span> <span class='ocrx_word' id='word_1_119' title='bbox 1329 1746 1503 1801; x_wconf 85' lang='lat' dir='ltr'><strong>neque</strong></span> <span class='ocrx_word' id='word_1_120' title='bbox 1535 1732 1720 1802; x_wconf 63' lang='lat' dir='ltr'><strong>coapit,</strong></span> <span class='ocrx_word' id='word_1_121' title='bbox 1760 1748 1934 1803; x_wconf 90' lang='lat' dir='ltr'><strong>neque</strong></span> <span class='ocrx_word' id='word_1_122' title='bbox 1963 1732 2061 1787; x_wconf 56' lang='lat' dir='ltr'><strong>dcc</strong></span> 
     </span>
    </p>
   </div>
   <div class='ocr_carea' id='block_1_19' title="bbox 492 1820 2061 1895">
    <p class='ocr_par' dir='ltr' id='par_1_19' title="bbox 492 1820 2061 1895">
     <span class='ocr_line' id='line_1_19' title="bbox 492 1820 2061 1895; baseline 0.002 -20"><span class='ocrx_word' id='word_1_123' title='bbox 492 1820 647 1876; x_wconf 83' lang='lat' dir='ltr'><strong>sinit.</strong></span> <span class='ocrx_word' id='word_1_124' title='bbox 675 1820 800 1875; x_wconf 68' lang='lat' dir='ltr'><strong>Haec</strong></span> <span class='ocrx_word' id='word_1_125' title='bbox 826 1822 989 1892; x_wconf 78' lang='lat' dir='ltr'><strong>igitur</strong></span> <span class='ocrx_word' id='word_1_126' title='bbox 1020 1821 1197 1891; x_wconf 80' lang='lat' dir='ltr'><strong>imago</strong></span> <span class='ocrx_word' id='word_1_127' title='bbox 1228 1838 1402 1893; x_wconf 88' lang='lat' dir='ltr'><strong>neque</strong></span> <span class='ocrx_word' id='word_1_128' title='bbox 1435 1825 1622 1894; x_wconf 68' lang='lat' dir='ltr'><strong>coepit,</strong></span> <span class='ocrx_word' id='word_1_129' title='bbox 1670 1840 1847 1895; x_wconf 87' lang='lat' dir='ltr'><strong>neque</strong></span> <span class='ocrx_word' id='word_1_130' title='bbox 1875 1824 2061 1880; x_wconf 91' lang='lat' dir='ltr'><strong>desiit.</strong></span> 
     </span>
    </p>
   </div>
   <div class='ocr_carea' id='block_1_20' title="bbox 2163 630 3732 705">
    <p class='ocr_par' dir='ltr' id='par_1_20' title="bbox 2163 630 3732 705">
     <span class='ocr_line' id='line_1_20' title="bbox 2163 630 3732 705; baseline -0.004 -17"><span class='ocrx_word' id='word_1_131' title='bbox 2163 635 2288 698; x_wconf 83' lang='grc' dir='ltr'><strong>τούς</strong></span> <span class='ocrx_word' id='word_1_132' title='bbox 2318 634 2510 687; x_wconf 78' lang='grc' dir='ltr'>ἑαυτοῦ</span> <span class='ocrx_word' id='word_1_133' title='bbox 2548 631 2859 705; x_wconf 79' lang='grc' dir='ltr'><strong>διατρέπειν</strong></span> <span class='ocrx_word' id='word_1_134' title='bbox 2902 630 3190 703; x_wconf 74' lang='grc' dir='ltr'><strong>ὁμοδόξους</strong></span> <span class='ocrx_word' id='word_1_135' title='bbox 3240 630 3558 701; x_wconf 78' lang='grc' dir='ltr'>ἐπιχειρεῖς,</span> <span class='ocrx_word' id='word_1_136' title='bbox 3607 643 3732 681; x_wconf 73' lang='grc' dir='ltr'>συνο</span> 
     </span>
    </p>
   </div>
   <div class='ocr_carea' id='block_1_21' title="bbox 2158 718 3727 799">
    <p class='ocr_par' dir='ltr' id='par_1_21' title="bbox 2158 718 3727 799">
     <span class='ocr_line' id='line_1_21' title="bbox 2158 718 3727 799; baseline -0.008 -18"><span class='ocrx_word' id='word_1_137' title='bbox 2158 731 2383 799; x_wconf 79' lang='grc' dir='ltr'>ήγαγες·</span> <span class='ocrx_word' id='word_1_138' title='bbox 2432 729 2481 780; x_wconf 84' lang='grc' dir='ltr'><strong>εί</strong></span> <span class='ocrx_word' id='word_1_139' title='bbox 2504 724 2561 779; x_wconf 80' lang='grc' dir='ltr'>δὲ</span> <span class='ocrx_word' id='word_1_140' title='bbox 2590 724 2684 779; x_wconf 81' lang='grc' dir='ltr'>τὸν</span> <span class='ocrx_word' id='word_1_141' title='bbox 2727 725 2902 797; x_wconf 79' lang='grc' dir='ltr'>ἀληθῆ</span> <span class='ocrx_word' id='word_1_142' title='bbox 2943 724 3119 793; x_wconf 85' lang='grc' dir='ltr'>λόγον,</span> <span class='ocrx_word' id='word_1_143' title='bbox 3169 721 3293 775; x_wconf 82' lang='grc' dir='ltr'>οὐδὲ</span> <span class='ocrx_word' id='word_1_144' title='bbox 3324 718 3600 793; x_wconf 78' lang='grc' dir='ltr'>ἀκροατὴς</span> <span class='ocrx_word' id='word_1_145' title='bbox 3631 734 3727 787; x_wconf 77' lang='grc' dir='ltr'><strong>γε·</strong></span> 
     </span>
    </p>
   </div>
   <div class='ocr_carea' id='block_1_22' title="bbox 2158 811 3732 891">
    <p class='ocr_par' dir='ltr' id='par_1_22' title="bbox 2158 811 3732 891">
     <span class='ocr_line' id='line_1_22' title="bbox 2158 811 3732 891; baseline -0.007 -18"><span class='ocrx_word' id='word_1_146' title='bbox 2158 819 2419 891; x_wconf 77' lang='grc' dir='ltr'>γενῆσθαι</span> <span class='ocrx_word' id='word_1_147' title='bbox 2449 818 2634 872; x_wconf 87' lang='grc' dir='ltr'>τούτου</span> <span class='ocrx_word' id='word_1_148' title='bbox 2664 818 2831 890; x_wconf 77' lang='grc' dir='ltr'>φαίνῃ</span> <span class='ocrx_word' id='word_1_149' title='bbox 2852 835 2962 889; x_wconf 90' lang='grc' dir='ltr'>μοι.</span> <span class='ocrx_word' id='word_1_150' title='bbox 2998 817 3119 870; x_wconf 85' lang='grc' dir='ltr'><strong>Ὅτι</strong></span> <span class='ocrx_word' id='word_1_151' title='bbox 3151 814 3263 887; x_wconf 83' lang='grc' dir='ltr'><strong>γὰρ</strong></span> <span class='ocrx_word' id='word_1_152' title='bbox 3289 814 3390 885; x_wconf 82' lang='grc' dir='ltr'>τῆς</span> <span class='ocrx_word' id='word_1_153' title='bbox 3419 811 3609 874; x_wconf 79' lang='grc' dir='ltr'><strong>οὐσίας</strong></span> <span class='ocrx_word' id='word_1_154' title='bbox 3653 811 3732 863; x_wconf 79' lang='grc' dir='ltr'>εί-</span> 
     </span>
    </p>
   </div>
   <div class='ocr_carea' id='block_1_23' title="bbox 2160 900 3729 977">
    <p class='ocr_par' dir='ltr' id='par_1_23' title="bbox 2160 900 3729 977">
     <span class='ocr_line' id='line_1_23' title="bbox 2160 900 3729 977; baseline -0.008 -11"><span class='ocrx_word' id='word_1_155' title='bbox 2160 912 2273 967; x_wconf 86' lang='grc' dir='ltr'>κὼν</span> <span class='ocrx_word' id='word_1_156' title='bbox 2316 913 2345 964; x_wconf 94' lang='lat'><strong>6</strong></span> <span class='ocrx_word' id='word_1_157' title='bbox 2375 912 2524 977; x_wconf 83' lang='grc' dir='ltr'>Υἱὸς,</span> <span class='ocrx_word' id='word_1_158' title='bbox 2575 912 2604 963; x_wconf 96' lang='lat'><strong>6</strong></span> <span class='ocrx_word' id='word_1_159' title='bbox 2657 909 2972 973; x_wconf 78' lang='grc' dir='ltr'>Ἀπόστολος</span> <span class='ocrx_word' id='word_1_160' title='bbox 3009 904 3191 961; x_wconf 72' lang='grc' dir='ltr'>εἶπεν·</span> <span class='ocrx_word' id='word_1_161' title='bbox 3248 926 3266 958; x_wconf 71' lang='grc' dir='ltr'>ε</span> <span class='ocrx_word' id='word_1_162' title='bbox 3314 908 3411 969; x_wconf 88' lang='grc' dir='ltr'>Ὃς</span> <span class='ocrx_word' id='word_1_163' title='bbox 3439 904 3521 958; x_wconf 83' lang='grc' dir='ltr'><strong>ὢν</strong></span> <span class='ocrx_word' id='word_1_164' title='bbox 3555 900 3729 958; x_wconf 80' lang='grc' dir='ltr'>ἀπαύ-</span> 
     </span>
    </p>
   </div>
   <div class='ocr_carea' id='block_1_24' title="bbox 2160 995 3723 1074">
    <p class='ocr_par' dir='ltr' id='par_1_24' title="bbox 2160 995 3723 1074">
     <span class='ocr_line' id='line_1_24' title="bbox 2160 995 3723 1074; baseline -0.007 -18"><span class='ocrx_word' id='word_1_165' title='bbox 2160 1020 2348 1073; x_wconf 67' lang='grc' dir='ltr'>γασμα</span> <span class='ocrx_word' id='word_1_166' title='bbox 2372 1002 2475 1072; x_wconf 79' lang='grc' dir='ltr'>τῆς</span> <span class='ocrx_word' id='word_1_167' title='bbox 2510 1000 2686 1073; x_wconf 72' lang='grc' dir='ltr'>δόξης,</span> <span class='ocrx_word' id='word_1_168' title='bbox 2720 1003 2814 1056; x_wconf 72' lang='grc' dir='ltr'>καὶ</span> <span class='ocrx_word' id='word_1_169' title='bbox 2842 999 3121 1074; x_wconf 72' lang='grc' dir='ltr'>χαρακτὴρ</span> <span class='ocrx_word' id='word_1_170' title='bbox 3147 998 3248 1069; x_wconf 80' lang='grc' dir='ltr'>τῆς</span> <span class='ocrx_word' id='word_1_171' title='bbox 3295 995 3664 1058; x_wconf 72' lang='grc' dir='ltr'><strong>ὑποστάσεως.</strong></span> <span class='ocrx_word' id='word_1_172' title='bbox 3703 1013 3723 1044; x_wconf 77' lang='grc'><strong><em>›</em></strong></span> 
     </span>
    </p>
   </div>
   <div class='ocr_carea' id='block_1_25' title="bbox 2161 1088 3730 1168">
    <p class='ocr_par' dir='ltr' id='par_1_25' title="bbox 2161 1088 3730 1168">
     <span class='ocr_line' id='line_1_25' title="bbox 2161 1088 3730 1168; baseline -0.006 -19"><span class='ocrx_word' id='word_1_173' title='bbox 2161 1097 2235 1149; x_wconf 84' lang='lat' dir='ltr'><strong>T6</strong></span> <span class='ocrx_word' id='word_1_174' title='bbox 2267 1097 2377 1168; x_wconf 77' lang='grc' dir='ltr'>γὰρ</span> <span class='ocrx_word' id='word_1_175' title='bbox 2418 1096 2703 1167; x_wconf 74' lang='grc' dir='ltr'>χαρακτὴρ</span> <span class='ocrx_word' id='word_1_176' title='bbox 2730 1096 2829 1167; x_wconf 80' lang='grc' dir='ltr'>τῆς</span> <span class='ocrx_word' id='word_1_177' title='bbox 2856 1094 3202 1156; x_wconf 81' lang='grc' dir='ltr'>ὑποστάσεως</span> <span class='ocrx_word' id='word_1_178' title='bbox 3241 1090 3387 1144; x_wconf 81' lang='grc' dir='ltr'>οὐδὲν</span> <span class='ocrx_word' id='word_1_179' title='bbox 3427 1089 3557 1144; x_wconf 77' lang='grc' dir='ltr'>ἄλλο</span> <span class='ocrx_word' id='word_1_180' title='bbox 3587 1088 3730 1141; x_wconf 67' lang='grc' dir='ltr'>ἐστὶν</span> 
     </span>
    </p>
   </div>
   <div class='ocr_carea' id='block_1_26' title="bbox 2163 1181 3729 1259">
    <p class='ocr_par' dir='ltr' id='par_1_26' title="bbox 2163 1181 3729 1259">
     <span class='ocr_line' id='line_1_26' title="bbox 2163 1181 3729 1259; baseline -0.006 -17"><span class='ocrx_word' id='word_1_181' title='bbox 2163 1188 2278 1242; x_wconf 88' lang='grc' dir='ltr'>ἀλλ’</span> <span class='ocrx_word' id='word_1_182' title='bbox 2312 1191 2348 1259; x_wconf 79' lang='grc' dir='ltr'>ἡ</span> <span class='ocrx_word' id='word_1_183' title='bbox 2379 1188 2539 1242; x_wconf 82' lang='grc' dir='ltr'>εἰκὼν</span> <span class='ocrx_word' id='word_1_184' title='bbox 2580 1188 2678 1258; x_wconf 75' lang='grc' dir='ltr'>τῆς</span> <span class='ocrx_word' id='word_1_185' title='bbox 2713 1188 2919 1251; x_wconf 90' lang='grc' dir='ltr'>οὐσίας.</span> <span class='ocrx_word' id='word_1_186' title='bbox 2953 1188 3061 1240; x_wconf 74' lang='grc' dir='ltr'>Καὶ</span> <span class='ocrx_word' id='word_1_187' title='bbox 3084 1186 3165 1238; x_wconf 82' lang='grc' dir='ltr'>ὅτι</span> <span class='ocrx_word' id='word_1_188' title='bbox 3198 1186 3299 1238; x_wconf 85' lang='grc' dir='ltr'><strong>οὐκ</strong></span> <span class='ocrx_word' id='word_1_189' title='bbox 3325 1183 3438 1236; x_wconf 74' lang='grc' dir='ltr'>ἐστι</span> <span class='ocrx_word' id='word_1_190' title='bbox 3472 1181 3668 1235; x_wconf 82' lang='grc' dir='ltr'>ταυτὸν</span> <span class='ocrx_word' id='word_1_191' title='bbox 3696 1182 3729 1252; x_wconf 76' lang='grc' dir='ltr'><strong>ἡ</strong></span> 
     </span>
    </p>
   </div>
   <div class='ocr_carea' id='block_1_27' title="bbox 2162 1273 3730 1352">
    <p class='ocr_par' dir='ltr' id='par_1_27' title="bbox 2162 1273 3730 1352">
     <span class='ocr_line' id='line_1_27' title="bbox 2162 1273 3730 1352; baseline -0.004 -19"><span class='ocrx_word' id='word_1_192' title='bbox 2162 1280 2378 1352; x_wconf 84' lang='grc' dir='ltr'>θέλησις</span> <span class='ocrx_word' id='word_1_193' title='bbox 2406 1282 2500 1333; x_wconf 77' lang='grc' dir='ltr'><strong>καὶ</strong></span> <span class='ocrx_word' id='word_1_194' title='bbox 2530 1283 2565 1352; x_wconf 78' lang='grc' dir='ltr'><strong>ἡ</strong></span> <span class='ocrx_word' id='word_1_195' title='bbox 2612 1280 2789 1343; x_wconf 87' lang='grc' dir='ltr'>οὐσία,</span> <span class='ocrx_word' id='word_1_196' title='bbox 2824 1278 2976 1351; x_wconf 75' lang='grc' dir='ltr'>ἡμῶν</span> <span class='ocrx_word' id='word_1_197' title='bbox 3008 1273 3163 1342; x_wconf 75' lang='grc' dir='ltr'>οὗτος</span> <span class='ocrx_word' id='word_1_198' title='bbox 3207 1279 3234 1330; x_wconf 89' lang='lat'><strong>6</strong></span> <span class='ocrx_word' id='word_1_199' title='bbox 3274 1276 3450 1342; x_wconf 82' lang='grc' dir='ltr'>λόγος.</span> <span class='ocrx_word' id='word_1_200' title='bbox 3486 1273 3588 1327; x_wconf 89' lang='grc' dir='ltr'>Διά</span> <span class='ocrx_word' id='word_1_201' title='bbox 3624 1273 3730 1344; x_wconf 82' lang='grc' dir='ltr'>γὰρ</span> 
     </span>
    </p>
   </div>
   <div class='ocr_carea' id='block_1_28' title="bbox 2159 1359 3730 1443">
    <p class='ocr_par' dir='ltr' id='par_1_28' title="bbox 2159 1359 3730 1443">
     <span class='ocr_line' id='line_1_28' title="bbox 2159 1359 3730 1443; baseline -0.007 -17"><span class='ocrx_word' id='word_1_202' title='bbox 2159 1372 2318 1426; x_wconf 79' lang='grc' dir='ltr'>τοῦτο</span> <span class='ocrx_word' id='word_1_203' title='bbox 2342 1372 2433 1425; x_wconf 78' lang='grc' dir='ltr'>τὸν</span> <span class='ocrx_word' id='word_1_204' title='bbox 2465 1373 2564 1443; x_wconf 82' lang='grc' dir='ltr'>μὲν</span> <span class='ocrx_word' id='word_1_205' title='bbox 2598 1371 2724 1425; x_wconf 86' lang='grc' dir='ltr'>Υἰὸν</span> <span class='ocrx_word' id='word_1_206' title='bbox 2751 1371 2995 1441; x_wconf 76' lang='grc' dir='ltr'><strong>γέννημα</strong></span> <span class='ocrx_word' id='word_1_207' title='bbox 3020 1372 3118 1441; x_wconf 77' lang='grc' dir='ltr'>τῆς</span> <span class='ocrx_word' id='word_1_208' title='bbox 3166 1367 3353 1431; x_wconf 88' lang='grc' dir='ltr'>οὐσίας</span> <span class='ocrx_word' id='word_1_209' title='bbox 3393 1365 3623 1435; x_wconf 84' lang='grc' dir='ltr'>λέγομεν</span> <span class='ocrx_word' id='word_1_210' title='bbox 3659 1359 3730 1416; x_wconf 76' lang='grc' dir='ltr'><strong>εἶ-</strong></span> 
     </span>
    </p>
   </div>
   <div class='ocr_carea' id='block_1_29' title="bbox 2162 1452 3730 1530">
    <p class='ocr_par' dir='ltr' id='par_1_29' title="bbox 2162 1452 3730 1530">
     <span class='ocr_line' id='line_1_29' title="bbox 2162 1452 3730 1530; baseline -0.005 -18"><span class='ocrx_word' id='word_1_211' title='bbox 2162 1475 2270 1521; x_wconf 85' lang='grc' dir='ltr'>ναι,</span> <span class='ocrx_word' id='word_1_212' title='bbox 2302 1460 2524 1523; x_wconf 76' lang='grc' dir='ltr'>ἑαυτοὺς</span> <span class='ocrx_word' id='word_1_213' title='bbox 2548 1459 2606 1513; x_wconf 81' lang='grc' dir='ltr'>δὲ</span> <span class='ocrx_word' id='word_1_214' title='bbox 2631 1459 2730 1529; x_wconf 78' lang='grc' dir='ltr'>τῆς</span> <span class='ocrx_word' id='word_1_215' title='bbox 2759 1459 3045 1530; x_wconf 79' lang='grc' dir='ltr'>Θελήσεως.</span> <span class='ocrx_word' id='word_1_216' title='bbox 3085 1455 3271 1510; x_wconf 80' lang='grc' dir='ltr'>Ἔστιν</span> <span class='ocrx_word' id='word_1_217' title='bbox 3298 1455 3355 1508; x_wconf 84' lang='grc' dir='ltr'>δὲ</span> <span class='ocrx_word' id='word_1_218' title='bbox 3387 1456 3483 1507; x_wconf 70' lang='grc' dir='ltr'>καὶ</span> <span class='ocrx_word' id='word_1_219' title='bbox 3506 1452 3647 1507; x_wconf 85' lang='grc' dir='ltr'><strong>κατά</strong></span> <span class='ocrx_word' id='word_1_220' title='bbox 3673 1452 3730 1505; x_wconf 69' lang='grc' dir='ltr'>σὲ</span> 
     </span>
    </p>
   </div>
   <div class='ocr_carea' id='block_1_30' title="bbox 2163 1544 3728 1622">
    <p class='ocr_par' dir='ltr' id='par_1_30' title="bbox 2163 1544 3728 1622">
     <span class='ocr_line' id='line_1_30' title="bbox 2163 1544 3728 1622; baseline -0.004 -19"><span class='ocrx_word' id='word_1_221' title='bbox 2163 1550 2223 1604; x_wconf 88' lang='grc' dir='ltr'><strong>οὐ</strong></span> <span class='ocrx_word' id='word_1_222' title='bbox 2259 1551 2450 1604; x_wconf 77' lang='grc' dir='ltr'>ταυτὸν</span> <span class='ocrx_word' id='word_1_223' title='bbox 2499 1553 2565 1622; x_wconf 80' lang='grc' dir='ltr'>τῇ</span> <span class='ocrx_word' id='word_1_224' title='bbox 2612 1550 2767 1620; x_wconf 69' lang='grc' dir='ltr'>οὐσία</span> <span class='ocrx_word' id='word_1_225' title='bbox 2808 1553 2843 1621; x_wconf 80' lang='grc' dir='ltr'><strong>ἡ</strong></span> <span class='ocrx_word' id='word_1_226' title='bbox 2902 1548 3151 1621; x_wconf 73' lang='grc' dir='ltr'>θέλησιςο</span> <span class='ocrx_word' id='word_1_227' title='bbox 3202 1550 3235 1619; x_wconf 80' lang='grc' dir='ltr'><strong>ἡ</strong></span> <span class='ocrx_word' id='word_1_228' title='bbox 3292 1548 3350 1601; x_wconf 84' lang='grc' dir='ltr'>δὲ</span> <span class='ocrx_word' id='word_1_229' title='bbox 3395 1546 3553 1600; x_wconf 86' lang='grc' dir='ltr'>οὐσία</span> <span class='ocrx_word' id='word_1_230' title='bbox 3610 1544 3728 1598; x_wconf 71' lang='grc' dir='ltr'>οὔτε</span> 
     </span>
    </p>
   </div>
   <div class='ocr_carea' id='block_1_31' title="bbox 2163 1634 3727 1714">
    <p class='ocr_par' dir='ltr' id='par_1_31' title="bbox 2163 1634 3727 1714">
     <span class='ocr_line' id='line_1_31' title="bbox 2163 1634 3727 1714; baseline -0.004 -18"><span class='ocrx_word' id='word_1_231' title='bbox 2163 1643 2386 1714; x_wconf 68' lang='grc' dir='ltr'>ἤρξατο,</span> <span class='ocrx_word' id='word_1_232' title='bbox 2424 1642 2545 1695; x_wconf 79' lang='grc' dir='ltr'>οὐτε</span> <span class='ocrx_word' id='word_1_233' title='bbox 2592 1642 2841 1697; x_wconf 83' lang='grc' dir='ltr'>παύεται.</span> <span class='ocrx_word' id='word_1_234' title='bbox 2895 1640 3030 1695; x_wconf 75' lang='grc' dir='ltr'>Οὔτε</span> <span class='ocrx_word' id='word_1_235' title='bbox 3076 1640 3185 1712; x_wconf 78' lang='grc' dir='ltr'>ἄρα</span> <span class='ocrx_word' id='word_1_236' title='bbox 3227 1639 3429 1711; x_wconf 67' lang='grc' dir='ltr'>ἤρξατο</span> <span class='ocrx_word' id='word_1_237' title='bbox 3460 1640 3495 1710; x_wconf 79' lang='grc' dir='ltr'><strong>ἡ</strong></span> <span class='ocrx_word' id='word_1_238' title='bbox 3544 1634 3727 1699; x_wconf 75' lang='grc' dir='ltr'>εἰκὼν,</span> 
     </span>
    </p>
   </div>
   <div class='ocr_carea' id='block_1_32' title="bbox 2164 1728 3728 1807">
    <p class='ocr_par' dir='ltr' id='par_1_32' title="bbox 2164 1728 3728 1807">
     <span class='ocr_line' id='line_1_32' title="bbox 2164 1728 3728 1807; baseline -0.004 -19"><span class='ocrx_word' id='word_1_239' title='bbox 2164 1732 2286 1789; x_wconf 74' lang='grc' dir='ltr'>οὔτε</span> <span class='ocrx_word' id='word_1_240' title='bbox 2324 1734 2615 1788; x_wconf 79' lang='grc' dir='ltr'>ἐπαύσατο.</span> <span class='ocrx_word' id='word_1_241' title='bbox 2649 1734 2712 1788; x_wconf 83' lang='grc' dir='ltr'><strong><em>Ἥ</em></strong></span> <span class='ocrx_word' id='word_1_242' title='bbox 2742 1735 2800 1788; x_wconf 82' lang='grc' dir='ltr'>δὲ</span> <span class='ocrx_word' id='word_1_243' title='bbox 2833 1734 3049 1807; x_wconf 85' lang='grc' dir='ltr'>Θέλησις</span> <span class='ocrx_word' id='word_1_244' title='bbox 3075 1735 3169 1787; x_wconf 75' lang='grc' dir='ltr'><strong>καὶ</strong></span> <span class='ocrx_word' id='word_1_245' title='bbox 3195 1733 3417 1806; x_wconf 78' lang='grc' dir='ltr'>ἄρχεται</span> <span class='ocrx_word' id='word_1_246' title='bbox 3440 1731 3537 1783; x_wconf 77' lang='grc' dir='ltr'><strong>καὶ</strong></span> <span class='ocrx_word' id='word_1_247' title='bbox 3565 1728 3728 1783; x_wconf 83' lang='grc' dir='ltr'>παύε-</span> 
     </span>
    </p>
   </div>
   <div class='ocr_carea' id='block_1_33' title="bbox 2163 1820 3730 1896">
    <p class='ocr_par' dir='ltr' id='par_1_33' title="bbox 2163 1820 3730 1896">
     <span class='ocr_line' id='line_1_33' title="bbox 2163 1820 3730 1896; baseline -0.006 -15"><span class='ocrx_word' id='word_1_248' title='bbox 2163 1846 2272 1882; x_wconf 87' lang='grc' dir='ltr'>ται.</span> <span class='ocrx_word' id='word_1_249' title='bbox 2310 1828 2446 1891; x_wconf 77' lang='grc' dir='ltr'>Τοὺς</span> <span class='ocrx_word' id='word_1_250' title='bbox 2479 1827 2657 1881; x_wconf 83' lang='grc' dir='ltr'>τοίνυν</span> <span class='ocrx_word' id='word_1_251' title='bbox 2681 1826 2936 1895; x_wconf 84' lang='grc' dir='ltr'>λέγοντας</span> <span class='ocrx_word' id='word_1_252' title='bbox 2968 1824 3162 1880; x_wconf 79' lang='grc' dir='ltr'>ταυτὸν</span> <span class='ocrx_word' id='word_1_253' title='bbox 3192 1821 3328 1879; x_wconf 78' lang='grc' dir='ltr'>εἶναι</span> <span class='ocrx_word' id='word_1_254' title='bbox 3353 1826 3422 1896; x_wconf 79' lang='grc' dir='ltr'>τῇ</span> <span class='ocrx_word' id='word_1_255' title='bbox 3443 1822 3603 1894; x_wconf 79' lang='grc' dir='ltr'>οὐσίᾳ</span> <span class='ocrx_word' id='word_1_256' title='bbox 3633 1820 3730 1891; x_wconf 85' lang='grc' dir='ltr'>τὴν</span> 
     </span>
    </p>
   </div>
   <div class='ocr_carea' id='block_1_34' title="bbox 490 1908 2059 1991">
    <p class='ocr_par' dir='ltr' id='par_1_34' title="bbox 490 1908 2059 1973">
     <span class='ocr_line' id='line_1_34' title="bbox 490 1908 2059 1973; baseline 0.005 -8"><span class='ocrx_word' id='word_1_257' title='bbox 490 1908 759 1968; x_wconf 81' lang='lat' dir='ltr'><strong>Voluntas</strong></span> <span class='ocrx_word' id='word_1_258' title='bbox 804 1921 983 1967; x_wconf 89' lang='lat' dir='ltr'><strong>autem</strong></span> <span class='ocrx_word' id='word_1_259' title='bbox 1039 1922 1094 1967; x_wconf 92' lang='lat' dir='ltr'><strong>et</strong></span> <span class='ocrx_word' id='word_1_260' title='bbox 1124 1913 1340 1967; x_wconf 87' lang='lat' dir='ltr'><strong>initium</strong></span> <span class='ocrx_word' id='word_1_261' title='bbox 1406 1922 1461 1968; x_wconf 90' lang='lat' dir='ltr'><strong>et</strong></span> <span class='ocrx_word' id='word_1_262' title='bbox 1500 1913 1661 1970; x_wconf 82' lang='lat' dir='ltr'><strong>linem</strong></span> <span class='ocrx_word' id='word_1_263' title='bbox 1694 1914 1877 1971; x_wconf 87' lang='lat' dir='ltr'><strong>habet.</strong></span> <span class='ocrx_word' id='word_1_264' title='bbox 1938 1915 2059 1973; x_wconf 86' lang='lat' dir='ltr'><strong>Illos</strong></span> 
     </span>
    </p>
   </div>
   <div class='ocr_carea' id='block_1_35' title="bbox 2164 1908 3733 1991">
    <p class='ocr_par' dir='ltr' id='par_1_35' title="bbox 2167 1912 3733 1991">
     <span class='ocr_line' id='line_1_35' title="bbox 2167 1912 3733 1991; baseline -0.005 -18"><span class='ocrx_word' id='word_1_265' title='bbox 2167 1919 2404 1991; x_wconf 84' lang='grc' dir='ltr'><strong>θέλησιν,</strong></span> <span class='ocrx_word' id='word_1_266' title='bbox 2442 1919 2681 1983; x_wconf 77' lang='grc' dir='ltr'>ἐκείνους</span> <span class='ocrx_word' id='word_1_267' title='bbox 2727 1918 2841 1990; x_wconf 78' lang='grc' dir='ltr'>ἔχε.</span> <span class='ocrx_word' id='word_1_268' title='bbox 2885 1919 3070 1987; x_wconf 83' lang='grc' dir='ltr'><strong>Ἡμεῖς</strong></span> <span class='ocrx_word' id='word_1_269' title='bbox 3109 1916 3365 1987; x_wconf 76' lang='grc' dir='ltr'>γὰρκαὶ</span> <span class='ocrx_word' id='word_1_270' title='bbox 3410 1912 3733 1985; x_wconf 80' lang='grc' dir='ltr'><strong>βουλόμεθα.</strong></span> 
     </span>
    </p>
   </div>
   <div class='ocr_carea' id='block_1_36' title="bbox 489 2004 2063 2076">
    <p class='ocr_par' dir='ltr' id='par_1_36' title="bbox 489 2004 2063 2076">
     <span class='ocr_line' id='line_1_36' title="bbox 489 2004 2063 2076; baseline 0.003 -17"><span class='ocrx_word' id='word_1_271' title='bbox 489 2004 659 2075; x_wconf 83' lang='lat' dir='ltr'><strong>igitur</strong></span> <span class='ocrx_word' id='word_1_272' title='bbox 706 2005 803 2059; x_wconf 89' lang='lat' dir='ltr'><strong>tibi</strong></span> <span class='ocrx_word' id='word_1_273' title='bbox 847 2005 1067 2071; x_wconf 88' lang='lat' dir='ltr'><strong>habeto,</strong></span> <span class='ocrx_word' id='word_1_274' title='bbox 1119 2006 1211 2076; x_wconf 82' lang='lat' dir='ltr'><strong>qui</strong></span> <span class='ocrx_word' id='word_1_275' title='bbox 1240 2005 1383 2060; x_wconf 89' lang='lat' dir='ltr'><strong>idem</strong></span> <span class='ocrx_word' id='word_1_276' title='bbox 1431 2020 1554 2061; x_wconf 91' lang='lat' dir='ltr'><strong>esse</strong></span> <span class='ocrx_word' id='word_1_277' title='bbox 1582 2006 1773 2061; x_wconf 88' lang='lat' dir='ltr'><strong>dicunt</strong></span> <span class='ocrx_word' id='word_1_278' title='bbox 1808 2007 2063 2063; x_wconf 82' lang='lat' dir='ltr'><strong>volunta-</strong></span> 
     </span>
    </p>
   </div>
   <div class='ocr_carea' id='block_1_37' title="bbox 489 2098 2063 2169">
    <p class='ocr_par' dir='ltr' id='par_1_37' title="bbox 489 2098 2063 2169">
     <span class='ocr_line' id='line_1_37' title="bbox 489 2098 2063 2169; baseline 0.002 -15"><span class='ocrx_word' id='word_1_279' title='bbox 489 2106 601 2154; x_wconf 84' lang='lat' dir='ltr'><strong>tem</strong></span> <span class='ocrx_word' id='word_1_280' title='bbox 626 2109 789 2169; x_wconf 81' lang='lat' dir='ltr'><strong>atque</strong></span> <span class='ocrx_word' id='word_1_281' title='bbox 818 2098 1136 2154; x_wconf 83' lang='lat' dir='ltr'><strong>essentiam.</strong></span> <span class='ocrx_word' id='word_1_282' title='bbox 1180 2098 1294 2155; x_wconf 77' lang='lat' dir='ltr'><strong>Nos</strong></span> <span class='ocrx_word' id='word_1_283' title='bbox 1326 2100 1473 2155; x_wconf 90' lang='lat' dir='ltr'><strong>enim</strong></span> <span class='ocrx_word' id='word_1_284' title='bbox 1505 2108 1560 2156; x_wconf 89' lang='lat' dir='ltr'><strong>et</strong></span> <span class='ocrx_word' id='word_1_285' title='bbox 1592 2102 1864 2165; x_wconf 89' lang='lat' dir='ltr'><strong>volumus,</strong></span> <span class='ocrx_word' id='word_1_286' title='bbox 1903 2111 1957 2158; x_wconf 92' lang='lat' dir='ltr'><strong>et</strong></span> <span class='ocrx_word' id='word_1_287' title='bbox 1981 2102 2063 2157; x_wconf 86' lang='lat' dir='ltr'><strong>fa-</strong></span> 
     </span>
    </p>
   </div>
   <div class='ocr_carea' id='block_1_38' title="bbox 490 2191 2060 2257">
    <p class='ocr_par' dir='ltr' id='par_1_38' title="bbox 490 2191 2060 2257">
     <span class='ocr_line' id='line_1_38' title="bbox 490 2191 2060 2257; baseline 0.001 -10"><span class='ocrx_word' id='word_1_288' title='bbox 490 2202 686 2257; x_wconf 80' lang='lat' dir='ltr'><strong>temur,</strong></span> <span class='ocrx_word' id='word_1_289' title='bbox 729 2201 783 2247; x_wconf 89' lang='lat' dir='ltr'><strong>et</strong></span> <span class='ocrx_word' id='word_1_290' title='bbox 808 2192 1081 2248; x_wconf 81' lang='lat' dir='ltr'><strong>credimus</strong></span> <span class='ocrx_word' id='word_1_291' title='bbox 1107 2191 1305 2247; x_wconf 88' lang='lat' dir='ltr'><strong>Filium</strong></span> <span class='ocrx_word' id='word_1_292' title='bbox 1358 2208 1481 2249; x_wconf 88' lang='lat' dir='ltr'><strong>esse</strong></span> <span class='ocrx_word' id='word_1_293' title='bbox 1516 2191 1662 2247; x_wconf 90' lang='lat' dir='ltr'><strong>Patri</strong></span> <span class='ocrx_word' id='word_1_294' title='bbox 1691 2195 2060 2250; x_wconf 82' lang='lat' dir='ltr'><strong>consubstan-</strong></span> 
     </span>
    </p>
   </div>
   <div class='ocr_carea' id='block_1_39' title="bbox 490 2281 2062 2356">
    <p class='ocr_par' dir='ltr' id='par_1_39' title="bbox 490 2281 2062 2356">
     <span class='ocr_line' id='line_1_39' title="bbox 490 2281 2062 2356; baseline 0.001 -19"><span class='ocrx_word' id='word_1_295' title='bbox 490 2284 693 2341; x_wconf 85' lang='lat' dir='ltr'><strong>tialem.</strong></span> <span class='ocrx_word' id='word_1_296' title='bbox 734 2281 866 2338; x_wconf 86' lang='lat' dir='ltr'><strong>Nam</strong></span> <span class='ocrx_word' id='word_1_297' title='bbox 908 2292 1196 2356; x_wconf 80' lang='lat' dir='ltr'><strong>prapterea</strong></span> <span class='ocrx_word' id='word_1_298' title='bbox 1227 2285 1390 2341; x_wconf 88' lang='lat' dir='ltr'><strong>etiam</strong></span> <span class='ocrx_word' id='word_1_299' title='bbox 1427 2285 1763 2356; x_wconf 79' lang='lat' dir='ltr'><strong>unigenitum</strong></span> <span class='ocrx_word' id='word_1_300' title='bbox 1791 2301 1913 2341; x_wconf 90' lang='lat' dir='ltr'><strong>esse</strong></span> <span class='ocrx_word' id='word_1_301' title='bbox 1942 2302 2062 2340; x_wconf 84' lang='lat' dir='ltr'><strong>cre-</strong></span> 
     </span>
    </p>
   </div>
   <div class='ocr_carea' id='block_1_40' title="bbox 488 2377 2063 2450">
    <p class='ocr_par' dir='ltr' id='par_1_40' title="bbox 488 2377 2063 2450">
     <span class='ocr_line' id='line_1_40' title="bbox 488 2377 2063 2450; baseline 0.002 -19"><span class='ocrx_word' id='word_1_302' title='bbox 488 2378 690 2443; x_wconf 87' lang='lat' dir='ltr'><strong>dimus,</strong></span> <span class='ocrx_word' id='word_1_303' title='bbox 719 2379 845 2449; x_wconf 89' lang='lat' dir='ltr'><strong>quia</strong></span> <span class='ocrx_word' id='word_1_304' title='bbox 877 2379 990 2450; x_wconf 89' lang='lat' dir='ltr'><strong>ipse</strong></span> <span class='ocrx_word' id='word_1_305' title='bbox 1023 2378 1197 2445; x_wconf 88' lang='lat' dir='ltr'><strong>solus,</strong></span> <span class='ocrx_word' id='word_1_306' title='bbox 1223 2385 1284 2433; x_wconf 91' lang='lat' dir='ltr'><strong>ut</strong></span> <span class='ocrx_word' id='word_1_307' title='bbox 1310 2385 1470 2433; x_wconf 87' lang='lat' dir='ltr'><strong>antea</strong></span> <span class='ocrx_word' id='word_1_308' title='bbox 1498 2377 1704 2433; x_wconf 90' lang='lat' dir='ltr'><strong>dictum</strong></span> <span class='ocrx_word' id='word_1_309' title='bbox 1732 2387 1838 2436; x_wconf 90' lang='lat' dir='ltr'><strong>est.</strong></span> <span class='ocrx_word' id='word_1_310' title='bbox 1857 2394 1921 2433; x_wconf 80' lang='lat' dir='ltr'><strong>ex</strong></span> <span class='ocrx_word' id='word_1_311' title='bbox 1940 2379 2063 2434; x_wconf 83' lang='lat' dir='ltr'><strong>sub-</strong></span> 
     </span>
    </p>
   </div>
   <div class='ocr_carea' id='block_1_41' title="bbox 489 2470 2060 2543">
    <p class='ocr_par' dir='ltr' id='par_1_41' title="bbox 489 2470 2060 2543">
     <span class='ocr_line' id='line_1_41' title="bbox 489 2470 2060 2543; baseline -0.001 -17"><span class='ocrx_word' id='word_1_312' title='bbox 489 2470 689 2526; x_wconf 87' lang='lat' dir='ltr'><strong>stantia</strong></span> <span class='ocrx_word' id='word_1_313' title='bbox 720 2471 936 2542; x_wconf 76' lang='lat' dir='ltr'><strong>genitus</strong></span> <span class='ocrx_word' id='word_1_314' title='bbox 979 2480 1083 2537; x_wconf 88' lang='lat' dir='ltr'><strong>est,</strong></span> <span class='ocrx_word' id='word_1_315' title='bbox 1139 2470 1335 2543; x_wconf 89' lang='lat' dir='ltr'><strong>reliqui</strong></span> <span class='ocrx_word' id='word_1_316' title='bbox 1370 2486 1500 2527; x_wconf 84' lang='lat' dir='ltr'><strong>vero</strong></span> <span class='ocrx_word' id='word_1_317' title='bbox 1551 2486 1743 2527; x_wconf 90' lang='lat' dir='ltr'><strong>omnes</strong></span> <span class='ocrx_word' id='word_1_318' title='bbox 1772 2486 1839 2525; x_wconf 74' lang='lat' dir='ltr'><strong>ex</strong></span> <span class='ocrx_word' id='word_1_319' title='bbox 1864 2470 2060 2524; x_wconf 81' lang='lat' dir='ltr'><strong>volun-</strong></span> 
     </span>
    </p>
   </div>
   <div class='ocr_carea' id='block_1_42' title="bbox 488 2562 2063 2621">
    <p class='ocr_par' dir='ltr' id='par_1_42' title="bbox 488 2562 2063 2621">
     <span class='ocr_line' id='line_1_42' title="bbox 488 2562 2063 2621; baseline 0.002 -7"><span class='ocrx_word' id='word_1_320' title='bbox 488 2572 600 2619; x_wconf 86' lang='lat' dir='ltr'><strong>tate</strong></span> <span class='ocrx_word' id='word_1_321' title='bbox 636 2570 783 2619; x_wconf 88' lang='lat' dir='ltr'><strong>sunt.</strong></span> <span class='ocrx_word' id='word_1_322' title='bbox 839 2562 974 2619; x_wconf 88' lang='lat' dir='ltr'><strong>Cum</strong></span> <span class='ocrx_word' id='word_1_323' title='bbox 1008 2574 1189 2620; x_wconf 90' lang='lat' dir='ltr'><strong>autem</strong></span> <span class='ocrx_word' id='word_1_324' title='bbox 1246 2566 1485 2621; x_wconf 82' lang='lat' dir='ltr'><strong>dicimus</strong></span> <span class='ocrx_word' id='word_1_325' title='bbox 1516 2562 1715 2618; x_wconf 83' lang='lat' dir='ltr'><strong>Filium</strong></span> <span class='ocrx_word' id='word_1_326' title='bbox 1780 2579 1902 2619; x_wconf 88' lang='lat' dir='ltr'><strong>esse</strong></span> <span class='ocrx_word' id='word_1_327' title='bbox 1930 2579 2063 2617; x_wconf 86' lang='lat' dir='ltr'><strong>con-</strong></span> 
     </span>
    </p>
   </div>
   <div class='ocr_carea' id='block_1_43' title="bbox 490 2636 2062 2719">
    <p class='ocr_par' dir='ltr' id='par_1_43' title="bbox 490 2636 2062 2719">
     <span class='ocr_line' id='line_1_43' title="bbox 490 2636 2062 2719; baseline 0.001 -11"><span class='ocrx_word' id='word_1_328' title='bbox 490 2653 906 2710; x_wconf 89' lang='lat' dir='ltr'><strong>substantialem</strong></span> <span class='ocrx_word' id='word_1_329' title='bbox 935 2654 1105 2719; x_wconf 86' lang='lat' dir='ltr'><strong>Patri,</strong></span> <span class='ocrx_word' id='word_1_330' title='bbox 1136 2656 1361 2712; x_wconf 90' lang='lat' dir='ltr'><strong>minime</strong></span> <span class='ocrx_word' id='word_1_331' title='bbox 1396 2655 1632 2712; x_wconf 88' lang='lat' dir='ltr'><strong>dicimus</strong></span> <span class='ocrx_word' id='word_1_332' title='bbox 1668 2670 1791 2710; x_wconf 86' lang='lat' dir='ltr'><strong>eum</strong></span> <span class='ocrx_word' id='word_1_333' title='bbox 1816 2669 1939 2710; x_wconf 85' lang='lat' dir='ltr'><strong>esse</strong></span> <span class='ocrx_word' id='word_1_334' title='bbox 1984 2636 2062 2710; x_wconf 79' lang='lat' dir='ltr'><strong>si-</strong></span> 
     </span>
    </p>
   </div>
   <div class='ocr_carea' id='block_1_44' title="bbox 489 2746 2063 2817">
    <p class='ocr_par' dir='ltr' id='par_1_44' title="bbox 489 2746 2063 2817">
     <span class='ocr_line' id='line_1_44' title="bbox 489 2746 2063 2817; baseline 0 -18"><span class='ocrx_word' id='word_1_335' title='bbox 489 2747 543 2800; x_wconf 88' lang='lat' dir='ltr'><strong>bi</strong></span> <span class='ocrx_word' id='word_1_336' title='bbox 592 2746 692 2816; x_wconf 86' lang='lat' dir='ltr'><strong>ipsi</strong></span> <span class='ocrx_word' id='word_1_337' title='bbox 727 2747 1271 2810; x_wconf 89' lang='lat' dir='ltr'><strong>consubstantialem,</strong></span> <span class='ocrx_word' id='word_1_338' title='bbox 1329 2763 1453 2802; x_wconf 92' lang='lat' dir='ltr'><strong>cum</strong></span> <span class='ocrx_word' id='word_1_339' title='bbox 1494 2747 1599 2805; x_wconf 88' lang='lat' dir='ltr'><strong>sibi</strong></span> <span class='ocrx_word' id='word_1_340' title='bbox 1643 2746 1747 2817; x_wconf 90' lang='lat' dir='ltr'><strong>ipsi</strong></span> <span class='ocrx_word' id='word_1_341' title='bbox 1784 2761 1943 2801; x_wconf 85' lang='lat' dir='ltr'><strong>nemo</strong></span> <span class='ocrx_word' id='word_1_342' title='bbox 1991 2746 2063 2802; x_wconf 89' lang='lat' dir='ltr'><strong>sit</strong></span> 
     </span>
    </p>
   </div>
   <div class='ocr_carea' id='block_1_45' title="bbox 487 2837 2060 2901">
    <p class='ocr_par' dir='ltr' id='par_1_45' title="bbox 487 2837 2060 2901">
     <span class='ocr_line' id='line_1_45' title="bbox 487 2837 2060 2901; baseline 0.003 -12"><span class='ocrx_word' id='word_1_343' title='bbox 487 2837 995 2893; x_wconf 79' lang='lat' dir='ltr'><strong>consubstantialis.</strong></span> <span class='ocrx_word' id='word_1_344' title='bbox 1017 2838 1085 2891; x_wconf 83' lang='lat' dir='ltr'><strong>At</strong></span> <span class='ocrx_word' id='word_1_345' title='bbox 1112 2845 1193 2901; x_wconf 90' lang='lat' dir='ltr'><strong>tu,</strong></span> <span class='ocrx_word' id='word_1_346' title='bbox 1227 2838 1273 2892; x_wconf 92' lang='lat' dir='ltr'><strong>si</strong></span> <span class='ocrx_word' id='word_1_347' title='bbox 1308 2854 1498 2894; x_wconf 82' lang='lat' dir='ltr'><strong>revera</strong></span> <span class='ocrx_word' id='word_1_348' title='bbox 1543 2838 1732 2893; x_wconf 80' lang='lat' dir='ltr'><strong>fateris</strong></span> <span class='ocrx_word' id='word_1_349' title='bbox 1778 2837 1962 2892; x_wconf 85' lang='lat' dir='ltr'><strong>omnia</strong></span> <span class='ocrx_word' id='word_1_350' title='bbox 1996 2853 2060 2893; x_wconf 77' lang='lat' dir='ltr'><strong>ex</strong></span> 
     </span>
    </p>
   </div>
   <div class='ocr_carea' id='block_1_46' title="bbox 488 2927 2061 3000">
    <p class='ocr_par' dir='ltr' id='par_1_46' title="bbox 488 2927 2061 3000">
     <span class='ocr_line' id='line_1_46' title="bbox 488 2927 2061 3000; baseline 0.003 -19"><span class='ocrx_word' id='word_1_351' title='bbox 488 2928 664 2983; x_wconf 82' lang='lat' dir='ltr'><strong>Patris</strong></span> <span class='ocrx_word' id='word_1_352' title='bbox 701 2930 978 2985; x_wconf 85' lang='lat' dir='ltr'><strong>voluntate</strong></span> <span class='ocrx_word' id='word_1_353' title='bbox 1010 2945 1107 3000; x_wconf 86' lang='lat' dir='ltr'><strong>per</strong></span> <span class='ocrx_word' id='word_1_354' title='bbox 1136 2927 1337 2984; x_wconf 89' lang='lat' dir='ltr'><strong>Filium</strong></span> <span class='ocrx_word' id='word_1_355' title='bbox 1372 2946 1497 2985; x_wconf 91' lang='lat' dir='ltr'><strong>esse</strong></span> <span class='ocrx_word' id='word_1_356' title='bbox 1529 2928 1696 2992; x_wconf 82' lang='lat' dir='ltr'><strong>facta,</strong></span> <span class='ocrx_word' id='word_1_357' title='bbox 1729 2936 1785 2985; x_wconf 88' lang='lat' dir='ltr'><strong>et</strong></span> <span class='ocrx_word' id='word_1_358' title='bbox 1809 2946 1912 2984; x_wconf 90' lang='lat' dir='ltr'><strong>una</strong></span> <span class='ocrx_word' id='word_1_359' title='bbox 1937 2948 2061 2986; x_wconf 87' lang='lat' dir='ltr'><strong>cum</strong></span> 
     </span>
    </p>
   </div>
   <div class='ocr_carea' id='block_1_47' title="bbox 488 3017 2063 3089">
    <p class='ocr_par' dir='ltr' id='par_1_47' title="bbox 488 3017 2063 3089">
     <span class='ocr_line' id='line_1_47' title="bbox 488 3017 2063 3089; baseline 0.004 -18"><span class='ocrx_word' id='word_1_360' title='bbox 488 3019 612 3073; x_wconf 85' lang='lat' dir='ltr'><strong>aliis</strong></span> <span class='ocrx_word' id='word_1_361' title='bbox 657 3017 854 3073; x_wconf 82' lang='lat' dir='ltr'><strong>Filium</strong></span> <span class='ocrx_word' id='word_1_362' title='bbox 887 3034 1106 3089; x_wconf 88' lang='lat' dir='ltr'><strong>quoque</strong></span> <span class='ocrx_word' id='word_1_363' title='bbox 1162 3018 1370 3086; x_wconf 75' lang='lat' dir='ltr'><strong>factum</strong></span> <span class='ocrx_word' id='word_1_364' title='bbox 1400 3034 1525 3075; x_wconf 90' lang='lat' dir='ltr'><strong>esse</strong></span> <span class='ocrx_word' id='word_1_365' title='bbox 1574 3020 1736 3083; x_wconf 91' lang='lat' dir='ltr'><strong>dicis,</strong></span> <span class='ocrx_word' id='word_1_366' title='bbox 1791 3023 2063 3077; x_wconf 86' lang='lat' dir='ltr'><strong>concedas</strong></span> 
     </span>
    </p>
   </div>
   <div class='ocr_carea' id='block_1_48' title="bbox 486 3108 2066 3182">
    <p class='ocr_par' dir='ltr' id='par_1_48' title="bbox 486 3108 2066 3182">
     <span class='ocr_line' id='line_1_48' title="bbox 486 3108 2066 3182; baseline 0 -17"><span class='ocrx_word' id='word_1_367' title='bbox 486 3109 652 3165; x_wconf 81' lang='lat' dir='ltr'><strong>etiam</strong></span> <span class='ocrx_word' id='word_1_368' title='bbox 682 3117 897 3179; x_wconf 87' lang='lat' dir='ltr'><strong>oportet</strong></span> <span class='ocrx_word' id='word_1_369' title='bbox 932 3127 961 3163; x_wconf 91' lang='lat' dir='ltr'><strong>a</strong></span> <span class='ocrx_word' id='word_1_370' title='bbox 993 3109 1176 3180; x_wconf 90' lang='lat' dir='ltr'><strong>seipso</strong></span> <span class='ocrx_word' id='word_1_371' title='bbox 1206 3108 1412 3164; x_wconf 84' lang='lat' dir='ltr'><strong>factum</strong></span> <span class='ocrx_word' id='word_1_372' title='bbox 1434 3126 1556 3167; x_wconf 87' lang='lat' dir='ltr'><strong>esse</strong></span> <span class='ocrx_word' id='word_1_373' title='bbox 1588 3129 1601 3164; x_wconf 87' lang='lat'><strong>:</strong></span> <span class='ocrx_word' id='word_1_374' title='bbox 1626 3110 1775 3182; x_wconf 89' lang='lat' dir='ltr'><strong>quod</strong></span> <span class='ocrx_word' id='word_1_375' title='bbox 1802 3113 1848 3167; x_wconf 89' lang='lat' dir='ltr'><strong>si</strong></span> <span class='ocrx_word' id='word_1_376' title='bbox 1878 3113 2066 3169; x_wconf 83' lang='lat' dir='ltr'><strong>absur-</strong></span> 
     </span>
    </p>
   </div>
   <div class='ocr_carea' id='block_1_49' title="bbox 2164 2000 3731 2080">
    <p class='ocr_par' dir='ltr' id='par_1_49' title="bbox 2164 2000 3731 2080">
     <span class='ocr_line' id='line_1_49' title="bbox 2164 2000 3731 2080; baseline -0.004 -18"><span class='ocrx_word' id='word_1_377' title='bbox 2164 2010 2257 2062; x_wconf 77' lang='grc' dir='ltr'>καὶ</span> <span class='ocrx_word' id='word_1_378' title='bbox 2286 2008 2671 2080; x_wconf 77' lang='grc' dir='ltr'>ὁμολογοῦμεν,</span> <span class='ocrx_word' id='word_1_379' title='bbox 2702 2009 2795 2061; x_wconf 78' lang='grc' dir='ltr'><strong>καὶ</strong></span> <span class='ocrx_word' id='word_1_380' title='bbox 2831 2005 3153 2076; x_wconf 81' lang='grc' dir='ltr'>πιστεύομεν</span> <span class='ocrx_word' id='word_1_381' title='bbox 3180 2004 3461 2076; x_wconf 81' lang='grc' dir='ltr'>ὁμοούσιον</span> <span class='ocrx_word' id='word_1_382' title='bbox 3495 2000 3633 2058; x_wconf 83' lang='grc' dir='ltr'>εἶναι</span> <span class='ocrx_word' id='word_1_383' title='bbox 3657 2002 3731 2073; x_wconf 83' lang='grc' dir='ltr'>τῷ</span> 
     </span>
    </p>
   </div>
   <div class='ocr_carea' id='block_1_50' title="bbox 2162 2094 3737 2171">
    <p class='ocr_par' dir='ltr' id='par_1_50' title="bbox 2162 2094 3737 2171">
     <span class='ocr_line' id='line_1_50' title="bbox 2162 2094 3737 2171; baseline -0.003 -17"><span class='ocrx_word' id='word_1_384' title='bbox 2162 2100 2339 2171; x_wconf 72' lang='grc' dir='ltr'>Πατρὶ</span> <span class='ocrx_word' id='word_1_385' title='bbox 2368 2100 2457 2156; x_wconf 82' lang='grc' dir='ltr'><strong>τὸν</strong></span> <span class='ocrx_word' id='word_1_386' title='bbox 2491 2099 2639 2154; x_wconf 85' lang='grc' dir='ltr'>Υἱόν.</span> <span class='ocrx_word' id='word_1_387' title='bbox 2684 2098 2783 2152; x_wconf 79' lang='grc' dir='ltr'>Διά</span> <span class='ocrx_word' id='word_1_388' title='bbox 2816 2098 2923 2169; x_wconf 77' lang='grc' dir='ltr'>γὰρ</span> <span class='ocrx_word' id='word_1_389' title='bbox 2951 2095 3108 2150; x_wconf 78' lang='grc' dir='ltr'>τοῦτο</span> <span class='ocrx_word' id='word_1_390' title='bbox 3143 2096 3235 2149; x_wconf 68' lang='grc' dir='ltr'><strong>καὶ</strong></span> <span class='ocrx_word' id='word_1_391' title='bbox 3265 2098 3526 2167; x_wconf 85' lang='grc' dir='ltr'>μονογενῆ</span> <span class='ocrx_word' id='word_1_392' title='bbox 3574 2094 3737 2149; x_wconf 69' lang='grc' dir='ltr'>αὐτὸν</span> 
     </span>
    </p>
   </div>
   <div class='ocr_carea' id='block_1_51' title="bbox 2162 2187 3735 2262">
    <p class='ocr_par' dir='ltr' id='par_1_51' title="bbox 2162 2187 3735 2262">
     <span class='ocr_line' id='line_1_51' title="bbox 2162 2187 3735 2262; baseline -0.004 -16"><span class='ocrx_word' id='word_1_393' title='bbox 2162 2189 2303 2247; x_wconf 79' lang='grc' dir='ltr'>εἶναι</span> <span class='ocrx_word' id='word_1_394' title='bbox 2335 2191 2658 2262; x_wconf 79' lang='grc' dir='ltr'>πιστεύομεν</span> <span class='ocrx_word' id='word_1_395' title='bbox 2677 2209 2690 2222; x_wconf 89' lang='grc'><strong>·</strong></span> <span class='ocrx_word' id='word_1_396' title='bbox 2727 2190 2809 2244; x_wconf 81' lang='grc' dir='ltr'>ὅτι</span> <span class='ocrx_word' id='word_1_397' title='bbox 2846 2190 3005 2261; x_wconf 83' lang='grc' dir='ltr'>μόνος</span> <span class='ocrx_word' id='word_1_398' title='bbox 3032 2187 3191 2252; x_wconf 84' lang='grc' dir='ltr'>αὐτὸς</span> <span class='ocrx_word' id='word_1_399' title='bbox 3219 2189 3283 2240; x_wconf 83' lang='grc' dir='ltr'>ὲκ</span> <span class='ocrx_word' id='word_1_400' title='bbox 3306 2187 3406 2258; x_wconf 83' lang='grc' dir='ltr'>τῆς</span> <span class='ocrx_word' id='word_1_401' title='bbox 3432 2187 3622 2251; x_wconf 81' lang='grc' dir='ltr'>οὐσίας</span> <span class='ocrx_word' id='word_1_402' title='bbox 3646 2204 3735 2256; x_wconf 83' lang='grc' dir='ltr'>γε-</span> 
     </span>
    </p>
   </div>
   <div class='ocr_carea' id='block_1_52' title="bbox 2162 2278 3731 2356">
    <p class='ocr_par' dir='ltr' id='par_1_52' title="bbox 2162 2278 3731 2356">
     <span class='ocr_line' id='line_1_52' title="bbox 2162 2278 3731 2356; baseline -0.006 -16"><span class='ocrx_word' id='word_1_403' title='bbox 2162 2285 2438 2356; x_wconf 85' lang='grc' dir='ltr'>γέννηται,</span> <span class='ocrx_word' id='word_1_404' title='bbox 2480 2282 2660 2348; x_wconf 83' lang='grc' dir='ltr'>καθὼς</span> <span class='ocrx_word' id='word_1_405' title='bbox 2692 2282 3045 2355; x_wconf 78' lang='grc' dir='ltr'>προείρηταιο</span> <span class='ocrx_word' id='word_1_406' title='bbox 3081 2281 3130 2335; x_wconf 84' lang='grc' dir='ltr'><strong>οί</strong></span> <span class='ocrx_word' id='word_1_407' title='bbox 3158 2280 3213 2333; x_wconf 80' lang='grc' dir='ltr'>δὲ</span> <span class='ocrx_word' id='word_1_408' title='bbox 3242 2278 3390 2333; x_wconf 80' lang='grc' dir='ltr'>ἄλλοι</span> <span class='ocrx_word' id='word_1_409' title='bbox 3424 2279 3628 2342; x_wconf 80' lang='grc' dir='ltr'>πάντες</span> <span class='ocrx_word' id='word_1_410' title='bbox 3668 2279 3731 2331; x_wconf 81' lang='grc' dir='ltr'><strong>ἐκ</strong></span> 
     </span>
    </p>
   </div>
   <div class='ocr_carea' id='block_1_53' title="bbox 2162 2368 3733 2447">
    <p class='ocr_par' dir='ltr' id='par_1_53' title="bbox 2162 2368 3733 2447">
     <span class='ocr_line' id='line_1_53' title="bbox 2162 2368 3733 2447; baseline -0.005 -19"><span class='ocrx_word' id='word_1_411' title='bbox 2162 2376 2260 2446; x_wconf 78' lang='grc' dir='ltr'><strong>τῆς</strong></span> <span class='ocrx_word' id='word_1_412' title='bbox 2293 2375 2580 2447; x_wconf 79' lang='grc' dir='ltr'>θελήσεως.</span> <span class='ocrx_word' id='word_1_413' title='bbox 2626 2374 2937 2445; x_wconf 82' lang='grc' dir='ltr'>Ὀμοούσιον</span> <span class='ocrx_word' id='word_1_414' title='bbox 2973 2371 3033 2426; x_wconf 77' lang='grc' dir='ltr'>δὲ</span> <span class='ocrx_word' id='word_1_415' title='bbox 3060 2371 3306 2440; x_wconf 84' lang='grc' dir='ltr'>λέγοντες</span> <span class='ocrx_word' id='word_1_416' title='bbox 3333 2369 3411 2440; x_wconf 75' lang='grc' dir='ltr'>τῷ</span> <span class='ocrx_word' id='word_1_417' title='bbox 3440 2369 3619 2441; x_wconf 78' lang='grc' dir='ltr'>Πατρὶ</span> <span class='ocrx_word' id='word_1_418' title='bbox 3645 2368 3733 2420; x_wconf 77' lang='grc' dir='ltr'>τὸν</span> 
     </span>
    </p>
   </div>
   <div class='ocr_carea' id='block_1_54' title="bbox 2165 2460 3729 2537">
    <p class='ocr_par' dir='ltr' id='par_1_54' title="bbox 2165 2460 3729 2537">
     <span class='ocr_line' id='line_1_54' title="bbox 2165 2460 3729 2537; baseline -0.005 -16"><span class='ocrx_word' id='word_1_419' title='bbox 2165 2468 2313 2531; x_wconf 83' lang='grc' dir='ltr'>Υίὸν,</span> <span class='ocrx_word' id='word_1_420' title='bbox 2347 2469 2447 2521; x_wconf 81' lang='grc' dir='ltr'><strong>οὐκ</strong></span> <span class='ocrx_word' id='word_1_421' title='bbox 2492 2466 2651 2521; x_wconf 81' lang='grc' dir='ltr'>αὐτὸν</span> <span class='ocrx_word' id='word_1_422' title='bbox 2703 2465 2878 2537; x_wconf 79' lang='grc' dir='ltr'>ἑαυτῷ</span> <span class='ocrx_word' id='word_1_423' title='bbox 2922 2464 3151 2535; x_wconf 83' lang='grc' dir='ltr'>λέγομεν</span> <span class='ocrx_word' id='word_1_424' title='bbox 3193 2462 3509 2534; x_wconf 79' lang='grc' dir='ltr'>ὁμοούσιονο</span> <span class='ocrx_word' id='word_1_425' title='bbox 3560 2460 3729 2524; x_wconf 77' lang='grc' dir='ltr'>οὐδεὶς</span> 
     </span>
    </p>
   </div>
   <div class='ocr_carea' id='block_1_55' title="bbox 2163 2550 3731 2632">
    <p class='ocr_par' dir='ltr' id='par_1_55' title="bbox 2163 2550 3731 2632">
     <span class='ocr_line' id='line_1_55' title="bbox 2163 2550 3731 2632; baseline -0.007 -18"><span class='ocrx_word' id='word_1_426' title='bbox 2163 2559 2273 2632; x_wconf 83' lang='grc' dir='ltr'><strong>γὰρ</strong></span> <span class='ocrx_word' id='word_1_427' title='bbox 2307 2561 2468 2624; x_wconf 82' lang='grc' dir='ltr'>αὐτὸς</span> <span class='ocrx_word' id='word_1_428' title='bbox 2494 2558 2671 2630; x_wconf 81' lang='grc' dir='ltr'>ἑαυτῷ</span> <span class='ocrx_word' id='word_1_429' title='bbox 2697 2557 2998 2630; x_wconf 83' lang='grc' dir='ltr'>ὁμοούσιος.</span> <span class='ocrx_word' id='word_1_430' title='bbox 3033 2556 3095 2609; x_wconf 82' lang='lat' dir='ltr'><strong>El</strong></span> <span class='ocrx_word' id='word_1_431' title='bbox 3120 2554 3177 2608; x_wconf 80' lang='grc' dir='ltr'><strong>δὲ</strong></span> <span class='ocrx_word' id='word_1_432' title='bbox 3210 2553 3423 2623; x_wconf 83' lang='grc' dir='ltr'>ἀληθῶς</span> <span class='ocrx_word' id='word_1_433' title='bbox 3452 2550 3731 2622; x_wconf 74' lang='grc' dir='ltr'>ὁμολογεῖς</span> 
     </span>
    </p>
   </div>
   <div class='ocr_carea' id='block_1_56' title="bbox 2161 2642 3729 2720">
    <p class='ocr_par' dir='ltr' id='par_1_56' title="bbox 2161 2642 3729 2720">
     <span class='ocr_line' id='line_1_56' title="bbox 2161 2642 3729 2720; baseline -0.007 -13"><span class='ocrx_word' id='word_1_434' title='bbox 2161 2653 2231 2707; x_wconf 89' lang='grc' dir='ltr'><strong>τά</strong></span> <span class='ocrx_word' id='word_1_435' title='bbox 2264 2653 2439 2706; x_wconf 80' lang='grc' dir='ltr'>πάντα</span> <span class='ocrx_word' id='word_1_436' title='bbox 2465 2653 2527 2704; x_wconf 85' lang='grc' dir='ltr'>ὲκ</span> <span class='ocrx_word' id='word_1_437' title='bbox 2553 2652 2653 2720; x_wconf 71' lang='grc' dir='ltr'><strong>τῆς</strong></span> <span class='ocrx_word' id='word_1_438' title='bbox 2681 2649 2984 2720; x_wconf 75' lang='grc' dir='ltr'>βουλήσεως</span> <span class='ocrx_word' id='word_1_439' title='bbox 3012 2647 3104 2701; x_wconf 77' lang='grc' dir='ltr'>τοῦ</span> <span class='ocrx_word' id='word_1_440' title='bbox 3136 2646 3344 2718; x_wconf 76' lang='grc' dir='ltr'>Πατρὸς</span> <span class='ocrx_word' id='word_1_441' title='bbox 3366 2644 3455 2698; x_wconf 76' lang='grc' dir='ltr'><strong>διὰ</strong></span> <span class='ocrx_word' id='word_1_442' title='bbox 3482 2644 3578 2698; x_wconf 76' lang='grc' dir='ltr'>τοῦ</span> <span class='ocrx_word' id='word_1_443' title='bbox 3606 2642 3729 2697; x_wconf 86' lang='grc' dir='ltr'><strong>Υἱοῦ</strong></span> 
     </span>
    </p>
   </div>
   <div class='ocr_carea' id='block_1_57' title="bbox 2163 2737 3727 2814">
    <p class='ocr_par' dir='ltr' id='par_1_57' title="bbox 2163 2737 3727 2814">
     <span class='ocr_line' id='line_1_57' title="bbox 2163 2737 3727 2814; baseline -0.005 -17"><span class='ocrx_word' id='word_1_444' title='bbox 2163 2745 2463 2813; x_wconf 80' lang='grc' dir='ltr'>γεγονέναι,</span> <span class='ocrx_word' id='word_1_445' title='bbox 2484 2741 2622 2814; x_wconf 77' lang='grc' dir='ltr'>μετὰ</span> <span class='ocrx_word' id='word_1_446' title='bbox 2645 2742 2702 2795; x_wconf 79' lang='grc' dir='ltr'>δὲ</span> <span class='ocrx_word' id='word_1_447' title='bbox 2728 2741 2944 2795; x_wconf 80' lang='grc' dir='ltr'>πάντων</span> <span class='ocrx_word' id='word_1_448' title='bbox 2964 2739 3141 2808; x_wconf 85' lang='grc' dir='ltr'>λέγεις</span> <span class='ocrx_word' id='word_1_449' title='bbox 3172 2737 3404 2807; x_wconf 37' lang='grc' dir='ltr'>τὸνυγὶὸν</span> <span class='ocrx_word' id='word_1_450' title='bbox 3427 2737 3727 2806; x_wconf 83' lang='grc' dir='ltr'>γεγονέναι,</span> 
     </span>
    </p>
   </div>
   <div class='ocr_carea' id='block_1_58' title="bbox 2165 2829 3732 2902">
    <p class='ocr_par' dir='ltr' id='par_1_58' title="bbox 2165 2829 3732 2902">
     <span class='ocr_line' id='line_1_58' title="bbox 2165 2829 3732 2902; baseline -0.006 -10"><span class='ocrx_word' id='word_1_451' title='bbox 2165 2839 2258 2892; x_wconf 74' lang='grc' dir='ltr'><strong>καὶ</strong></span> <span class='ocrx_word' id='word_1_452' title='bbox 2301 2838 2463 2891; x_wconf 77' lang='grc' dir='ltr'>αὐτὸν</span> <span class='ocrx_word' id='word_1_453' title='bbox 2505 2836 2570 2890; x_wconf 83' lang='grc' dir='ltr'>δι’</span> <span class='ocrx_word' id='word_1_454' title='bbox 2604 2833 2803 2889; x_wconf 73' lang='grc' dir='ltr'>ἑαυτοῦ</span> <span class='ocrx_word' id='word_1_455' title='bbox 2830 2833 3019 2898; x_wconf 81' lang='grc' dir='ltr'>δώσεις</span> <span class='ocrx_word' id='word_1_456' title='bbox 3053 2831 3366 2902; x_wconf 74' lang='grc' dir='ltr'>γεγονέναιο</span> <span class='ocrx_word' id='word_1_457' title='bbox 3404 2834 3452 2883; x_wconf 87' lang='grc' dir='ltr'><strong>εί</strong></span> <span class='ocrx_word' id='word_1_458' title='bbox 3485 2830 3544 2883; x_wconf 79' lang='grc' dir='ltr'><strong>δὲ</strong></span> <span class='ocrx_word' id='word_1_459' title='bbox 3579 2829 3732 2883; x_wconf 74' lang='grc' dir='ltr'>τοῦτο</span> 
     </span>
    </p>
   </div>
   <div class='ocr_carea' id='block_1_59' title="bbox 2164 2922 3731 3001">
    <p class='ocr_par' dir='ltr' id='par_1_59' title="bbox 2164 2922 3731 3001">
     <span class='ocr_line' id='line_1_59' title="bbox 2164 2922 3731 3001; baseline -0.006 -16"><span class='ocrx_word' id='word_1_460' title='bbox 2164 2931 2380 2996; x_wconf 74' lang='grc' dir='ltr'>ἄτοπον,</span> <span class='ocrx_word' id='word_1_461' title='bbox 2428 2930 2529 2984; x_wconf 79' lang='grc' dir='ltr'>οὐκ</span> <span class='ocrx_word' id='word_1_462' title='bbox 2576 2929 2683 3001; x_wconf 71' lang='grc' dir='ltr'>ἄρα</span> <span class='ocrx_word' id='word_1_463' title='bbox 2735 2925 3034 2998; x_wconf 72' lang='grc' dir='ltr'>βουλήσεως</span> <span class='ocrx_word' id='word_1_464' title='bbox 3079 2928 3225 2979; x_wconf 80' lang='grc' dir='ltr'>ἐστιν</span> <span class='ocrx_word' id='word_1_465' title='bbox 3271 2928 3300 2978; x_wconf 84' lang='lat'><strong>6</strong></span> <span class='ocrx_word' id='word_1_466' title='bbox 3351 2923 3499 2988; x_wconf 77' lang='grc' dir='ltr'>Υἱός.</span> <span class='ocrx_word' id='word_1_467' title='bbox 3536 2922 3599 2976; x_wconf 82' lang='grc' dir='ltr'><strong>Εἰ</strong></span> <span class='ocrx_word' id='word_1_468' title='bbox 3628 2922 3731 2995; x_wconf 66' lang='grc' dir='ltr'>γὰρ</span> 
     </span>
    </p>
   </div>
   <div class='ocr_carea' id='block_1_60' title="bbox 2172 3017 3731 3091">
    <p class='ocr_par' dir='ltr' id='par_1_60' title="bbox 2172 3017 3731 3091">
     <span class='ocr_line' id='line_1_60' title="bbox 2172 3017 3731 3091; baseline -0.003 -18"><span class='ocrx_word' id='word_1_469' title='bbox 2172 3041 2190 3073; x_wconf 71' lang='grc' dir='ltr'><strong>ι</strong></span> <span class='ocrx_word' id='word_1_470' title='bbox 2233 3024 2371 3075; x_wconf 85' lang='grc' dir='ltr'><strong>Ὅσα</strong></span> <span class='ocrx_word' id='word_1_471' title='bbox 2397 3022 2464 3076; x_wconf 84' lang='grc' dir='ltr'><strong>ἂν</strong></span> <span class='ocrx_word' id='word_1_472' title='bbox 2496 3025 2640 3076; x_wconf 81' lang='grc' dir='ltr'><strong>ποιεῖ</strong></span> <span class='ocrx_word' id='word_1_473' title='bbox 2680 3024 2709 3075; x_wconf 89' lang='lat'><strong>6</strong></span> <span class='ocrx_word' id='word_1_474' title='bbox 2753 3020 2965 3091; x_wconf 76' lang='grc' dir='ltr'>Πατὴρ,</span> <span class='ocrx_word' id='word_1_475' title='bbox 3005 3019 3174 3073; x_wconf 76' lang='grc' dir='ltr'>ταῦτα</span> <span class='ocrx_word' id='word_1_476' title='bbox 3202 3020 3295 3073; x_wconf 70' lang='grc' dir='ltr'>καὶ</span> <span class='ocrx_word' id='word_1_477' title='bbox 3319 3020 3348 3072; x_wconf 92' lang='lat'><strong>6</strong></span> <span class='ocrx_word' id='word_1_478' title='bbox 3377 3018 3506 3081; x_wconf 78' lang='grc' dir='ltr'>Υἱὸς</span> <span class='ocrx_word' id='word_1_479' title='bbox 3537 3017 3731 3087; x_wconf 79' lang='grc' dir='ltr'>ὁμοίως</span> 
     </span>
    </p>
   </div>
   <div class='ocr_carea' id='block_1_61' title="bbox 2166 3108 3732 3185">
    <p class='ocr_par' dir='ltr' id='par_1_61' title="bbox 2166 3108 3732 3185">
     <span class='ocr_line' id='line_1_61' title="bbox 2166 3108 3732 3185; baseline -0.003 -18"><span class='ocrx_word' id='word_1_480' title='bbox 2166 3116 2331 3179; x_wconf 80' lang='grc' dir='ltr'>ποιεῖ,</span> <span class='ocrx_word' id='word_1_481' title='bbox 2370 3136 2388 3167; x_wconf 76' lang='grc' dir='ltr'><strong>ι</strong></span> <span class='ocrx_word' id='word_1_482' title='bbox 2422 3117 2637 3185; x_wconf 75' lang='grc' dir='ltr'>ποιήσει</span> <span class='ocrx_word' id='word_1_483' title='bbox 2666 3114 2760 3169; x_wconf 70' lang='grc' dir='ltr'><strong>καὶ</strong></span> <span class='ocrx_word' id='word_1_484' title='bbox 2783 3114 2811 3166; x_wconf 90' lang='grc' dir='ltr'>ὁ</span> <span class='ocrx_word' id='word_1_485' title='bbox 2835 3113 2958 3177; x_wconf 73' lang='grc' dir='ltr'>Υἱὸς</span> <span class='ocrx_word' id='word_1_486' title='bbox 2984 3111 3139 3167; x_wconf 81' lang='grc' dir='ltr'>ἄλλον</span> <span class='ocrx_word' id='word_1_487' title='bbox 3171 3111 3307 3174; x_wconf 74' lang='grc' dir='ltr'>υἱὸν,</span> <span class='ocrx_word' id='word_1_488' title='bbox 3339 3110 3427 3163; x_wconf 84' lang='grc' dir='ltr'>ἴνα</span> <span class='ocrx_word' id='word_1_489' title='bbox 3449 3112 3631 3163; x_wconf 79' lang='grc' dir='ltr'>πάντα</span> <span class='ocrx_word' id='word_1_490' title='bbox 3659 3108 3732 3179; x_wconf 86' lang='grc' dir='ltr'>τῷ</span> 
     </span>
    </p>
   </div>
   <div class='ocr_carea' id='block_1_62' title="bbox 398 3201 2059 3281">
    <p class='ocr_par' dir='ltr' id='par_1_62' title="bbox 398 3201 2059 3266">
     <span class='ocr_line' id='line_1_62' title="bbox 398 3201 2059 3266; baseline 0.002 -11"><span class='ocrx_word' id='word_1_491' title='bbox 398 3224 401 3231; x_wconf 66' lang='grc' dir='ltr'><strong>ε</strong></span> <span class='ocrx_word' id='word_1_492' title='bbox 487 3202 616 3255; x_wconf 90' lang='lat' dir='ltr'><strong>dum</strong></span> <span class='ocrx_word' id='word_1_493' title='bbox 654 3201 706 3255; x_wconf 88' lang='lat' dir='ltr'><strong>id</strong></span> <span class='ocrx_word' id='word_1_494' title='bbox 738 3212 843 3266; x_wconf 89' lang='lat' dir='ltr'><strong>est,</strong></span> <span class='ocrx_word' id='word_1_495' title='bbox 900 3217 1032 3257; x_wconf 90' lang='lat' dir='ltr'><strong>sane</strong></span> <span class='ocrx_word' id='word_1_496' title='bbox 1066 3218 1176 3256; x_wconf 88' lang='lat' dir='ltr'><strong>non</strong></span> <span class='ocrx_word' id='word_1_497' title='bbox 1226 3210 1310 3257; x_wconf 90' lang='lat' dir='ltr'><strong>est</strong></span> <span class='ocrx_word' id='word_1_498' title='bbox 1342 3203 1641 3264; x_wconf 83' lang='lat' dir='ltr'><strong>voluntatis</strong></span> <span class='ocrx_word' id='word_1_499' title='bbox 1682 3203 1876 3261; x_wconf 83' lang='lat' dir='ltr'><strong>Filius.</strong></span> <span class='ocrx_word' id='word_1_500' title='bbox 1928 3204 2059 3260; x_wconf 86' lang='lat' dir='ltr'><strong>Nam</strong></span> 
     </span>
    </p>
   </div>
   <div class='ocr_carea' id='block_1_63' title="bbox 2164 3201 3730 3281">
    <p class='ocr_par' dir='ltr' id='par_1_63' title="bbox 2167 3201 3730 3281">
     <span class='ocr_line' id='line_1_63' title="bbox 2167 3201 3730 3281; baseline -0.003 -22"><span class='ocrx_word' id='word_1_501' title='bbox 2167 3208 2341 3281; x_wconf 82' lang='grc' dir='ltr'>Πατρί</span> <span class='ocrx_word' id='word_1_502' title='bbox 2392 3207 2594 3278; x_wconf 82' lang='grc' dir='ltr'>ὁμοίως</span> <span class='ocrx_word' id='word_1_503' title='bbox 2645 3207 2864 3280; x_wconf 82' lang='grc' dir='ltr'>ποιήσῃ,</span> <span class='ocrx_word' id='word_1_504' title='bbox 2919 3207 2981 3259; x_wconf 77' lang='lat' dir='ltr'><strong>Et</strong></span> <span class='ocrx_word' id='word_1_505' title='bbox 3031 3206 3090 3259; x_wconf 75' lang='grc' dir='ltr'>δὲ</span> <span class='ocrx_word' id='word_1_506' title='bbox 3137 3205 3237 3258; x_wconf 86' lang='grc' dir='ltr'><strong>οὐκ</strong></span> <span class='ocrx_word' id='word_1_507' title='bbox 3296 3203 3573 3274; x_wconf 74' lang='grc' dir='ltr'>ἐποίησεν,</span> <span class='ocrx_word' id='word_1_508' title='bbox 3617 3201 3730 3255; x_wconf 73' lang='grc' dir='ltr'>οὐδὲ</span> 
     </span>
    </p>
   </div>
   <div class='ocr_carea' id='block_1_64' title="bbox 487 3272 2059 3369">
    <p class='ocr_par' dir='ltr' id='par_1_64' title="bbox 487 3290 2059 3363">
     <span class='ocr_line' id='line_1_64' title="bbox 487 3290 2059 3363; baseline 0.004 -17"><span class='ocrx_word' id='word_1_509' title='bbox 487 3294 535 3346; x_wconf 89' lang='lat' dir='ltr'><strong>si</strong></span> <span class='ocrx_word' id='word_1_510' title='bbox 569 3311 585 3342; x_wconf 75' lang='grc' dir='ltr'><strong>ι</strong></span> <span class='ocrx_word' id='word_1_511' title='bbox 628 3290 977 3363; x_wconf 68' lang='lat' dir='ltr'><strong>Quaecunque</strong></span> <span class='ocrx_word' id='word_1_512' title='bbox 1014 3294 1142 3347; x_wconf 82' lang='lat' dir='ltr'><strong>facit</strong></span> <span class='ocrx_word' id='word_1_513' title='bbox 1179 3292 1361 3354; x_wconf 78' lang='lat' dir='ltr'><strong>Pater,</strong></span> <span class='ocrx_word' id='word_1_514' title='bbox 1400 3294 1514 3349; x_wconf 56' lang='lat' dir='ltr'><strong>haec</strong></span> <span class='ocrx_word' id='word_1_515' title='bbox 1540 3302 1594 3348; x_wconf 87' lang='lat' dir='ltr'><strong>et</strong></span> <span class='ocrx_word' id='word_1_516' title='bbox 1640 3293 1814 3351; x_wconf 85' lang='lat' dir='ltr'><strong>Filius</strong></span> <span class='ocrx_word' id='word_1_517' title='bbox 1863 3297 2059 3352; x_wconf 83' lang='lat' dir='ltr'><strong>simili-</strong></span> 
     </span>
    </p>
   </div>
   <div class='ocr_carea' id='block_1_65' title="bbox 2164 3272 3731 3369">
    <p class='ocr_par' dir='ltr' id='par_1_65' title="bbox 2167 3272 3731 3369">
     <span class='ocr_line' id='line_1_65' title="bbox 2167 3272 3731 3369; baseline -0.003 -17"><span class='ocrx_word' id='word_1_518' title='bbox 2167 3272 2329 3365; x_wconf 77' lang='grc' dir='ltr'>ποιεῖ,</span> <span class='ocrx_word' id='word_1_519' title='bbox 2361 3272 2462 3352; x_wconf 52' lang='grc' dir='ltr'>οὐξι</span> <span class='ocrx_word' id='word_1_520' title='bbox 2490 3300 2605 3353; x_wconf 78' lang='grc' dir='ltr'>ἐστι</span> <span class='ocrx_word' id='word_1_521' title='bbox 2631 3272 2845 3369; x_wconf 65' lang='grc' dir='ltr'>ποίημα</span> <span class='ocrx_word' id='word_1_522' title='bbox 2864 3299 3043 3362; x_wconf 86' lang='grc' dir='ltr'>αὐτός.</span> <span class='ocrx_word' id='word_1_523' title='bbox 3086 3296 3365 3368; x_wconf 84' lang='grc' dir='ltr'>Ἀληθεύει</span> <span class='ocrx_word' id='word_1_524' title='bbox 3413 3272 3525 3366; x_wconf 76' lang='grc' dir='ltr'><strong>γὰρ</strong></span> <span class='ocrx_word' id='word_1_525' title='bbox 3564 3295 3731 3363; x_wconf 87' lang='grc' dir='ltr'>λέγων</span> 
     </span>
    </p>
   </div>
   <div class='ocr_carea' id='block_1_66' title="bbox 485 3383 2060 3452">
    <p class='ocr_par' dir='ltr' id='par_1_66' title="bbox 485 3383 2060 3452">
     <span class='ocr_line' id='line_1_66' title="bbox 485 3383 2060 3452; baseline 0.004 -15"><span class='ocrx_word' id='word_1_526' title='bbox 485 3395 569 3438; x_wconf 88' lang='lat' dir='ltr'><strong>ter</strong></span> <span class='ocrx_word' id='word_1_527' title='bbox 600 3383 819 3450; x_wconf 51' lang='lat' dir='ltr'><strong>facit&quot;,</strong></span> <span class='ocrx_word' id='word_1_528' title='bbox 858 3405 876 3436; x_wconf 75' lang='grc' dir='ltr'><strong>ι</strong></span> <span class='ocrx_word' id='word_1_529' title='bbox 928 3385 1088 3440; x_wconf 82' lang='lat' dir='ltr'><strong>faciet</strong></span> <span class='ocrx_word' id='word_1_530' title='bbox 1130 3385 1292 3439; x_wconf 88' lang='lat' dir='ltr'><strong>etiam</strong></span> <span class='ocrx_word' id='word_1_531' title='bbox 1343 3384 1517 3440; x_wconf 85' lang='lat' dir='ltr'><strong>Filius</strong></span> <span class='ocrx_word' id='word_1_532' title='bbox 1547 3386 1713 3439; x_wconf 86' lang='lat' dir='ltr'><strong>alium</strong></span> <span class='ocrx_word' id='word_1_533' title='bbox 1756 3385 1973 3452; x_wconf 82' lang='lat' dir='ltr'><strong>Filium,</strong></span> <span class='ocrx_word' id='word_1_534' title='bbox 2002 3399 2060 3443; x_wconf 92' lang='lat' dir='ltr'><strong>ut</strong></span> 
     </span>
    </p>
   </div>
   <div class='ocr_carea' id='block_1_67' title="bbox 484 3476 2058 3547">
    <p class='ocr_par' dir='ltr' id='par_1_67' title="bbox 484 3476 2058 3547">
     <span class='ocr_line' id='line_1_67' title="bbox 484 3476 2058 3547; baseline 0.004 -18"><span class='ocrx_word' id='word_1_535' title='bbox 484 3476 667 3529; x_wconf 86' lang='lat' dir='ltr'><strong>omnia</strong></span> <span class='ocrx_word' id='word_1_536' title='bbox 696 3476 949 3532; x_wconf 90' lang='lat' dir='ltr'><strong>similiter</strong></span> <span class='ocrx_word' id='word_1_537' title='bbox 1005 3477 1171 3532; x_wconf 78' lang='lat' dir='ltr'><strong>faciat</strong></span> <span class='ocrx_word' id='word_1_538' title='bbox 1207 3492 1327 3547; x_wconf 68' lang='lat' dir='ltr'><strong>qua:</strong></span> <span class='ocrx_word' id='word_1_539' title='bbox 1360 3476 1542 3533; x_wconf 89' lang='lat' dir='ltr'><strong>Pater.</strong></span> <span class='ocrx_word' id='word_1_540' title='bbox 1590 3476 1749 3544; x_wconf 83' lang='lat' dir='ltr'><strong>Quod</strong></span> <span class='ocrx_word' id='word_1_541' title='bbox 1781 3479 1828 3535; x_wconf 90' lang='lat' dir='ltr'><strong>si</strong></span> <span class='ocrx_word' id='word_1_542' title='bbox 1893 3480 2058 3536; x_wconf 87' lang='lat' dir='ltr'><strong>alium</strong></span> 
     </span>
    </p>
   </div>
   <div class='ocr_carea' id='block_1_68' title="bbox 482 3566 2060 3641">
    <p class='ocr_par' dir='ltr' id='par_1_68' title="bbox 482 3566 2060 3641">
     <span class='ocr_line' id='line_1_68' title="bbox 482 3566 2060 3641; baseline 0.003 -19"><span class='ocrx_word' id='word_1_543' title='bbox 482 3566 679 3623; x_wconf 81' lang='lat' dir='ltr'><strong>Filium</strong></span> <span class='ocrx_word' id='word_1_544' title='bbox 709 3584 815 3623; x_wconf 91' lang='lat' dir='ltr'><strong>non</strong></span> <span class='ocrx_word' id='word_1_545' title='bbox 858 3568 982 3624; x_wconf 91' lang='lat' dir='ltr'><strong>fecit</strong></span> <span class='ocrx_word' id='word_1_546' title='bbox 1010 3585 1188 3640; x_wconf 83' lang='lat' dir='ltr'><strong>neque</strong></span> <span class='ocrx_word' id='word_1_547' title='bbox 1212 3569 1361 3636; x_wconf 80' lang='lat' dir='ltr'><strong>facit,</strong></span> <span class='ocrx_word' id='word_1_548' title='bbox 1408 3570 1526 3641; x_wconf 88' lang='lat' dir='ltr'><strong>ipse</strong></span> <span class='ocrx_word' id='word_1_549' title='bbox 1562 3586 1783 3641; x_wconf 87' lang='lat' dir='ltr'><strong>quoque</strong></span> <span class='ocrx_word' id='word_1_550' title='bbox 1812 3586 1922 3626; x_wconf 92' lang='lat' dir='ltr'><strong>non</strong></span> <span class='ocrx_word' id='word_1_551' title='bbox 1973 3582 2060 3628; x_wconf 90' lang='lat' dir='ltr'><strong>est</strong></span> 
     </span>
    </p>
   </div>
   <div class='ocr_carea' id='block_1_69' title="bbox 482 3660 2052 3732">
    <p class='ocr_par' dir='ltr' id='par_1_69' title="bbox 482 3660 2052 3732">
     <span class='ocr_line' id='line_1_69' title="bbox 482 3660 2052 3732; baseline 0.001 -16"><span class='ocrx_word' id='word_1_552' title='bbox 482 3661 780 3732; x_wconf 89' lang='lat' dir='ltr'><strong>opificium.</strong></span> <span class='ocrx_word' id='word_1_553' title='bbox 819 3660 1101 3717; x_wconf 83' lang='lat' dir='ltr'><strong>Veraciter</strong></span> <span class='ocrx_word' id='word_1_554' title='bbox 1131 3661 1275 3716; x_wconf 93' lang='lat' dir='ltr'><strong>enim</strong></span> <span class='ocrx_word' id='word_1_555' title='bbox 1304 3662 1521 3717; x_wconf 86' lang='lat' dir='ltr'><strong>locutus</strong></span> <span class='ocrx_word' id='word_1_556' title='bbox 1548 3670 1634 3718; x_wconf 88' lang='lat' dir='ltr'><strong>est</strong></span> <span class='ocrx_word' id='word_1_557' title='bbox 1663 3678 1787 3717; x_wconf 91' lang='lat' dir='ltr'><strong>cum</strong></span> <span class='ocrx_word' id='word_1_558' title='bbox 1817 3663 2052 3719; x_wconf 76' lang='lat' dir='ltr'><strong>diceret:</strong></span> 
     </span>
    </p>
   </div>
   <div class='ocr_carea' id='block_1_70' title="bbox 487 3753 2061 3825">
    <p class='ocr_par' dir='ltr' id='par_1_70' title="bbox 487 3753 2061 3825">
     <span class='ocr_line' id='line_1_70' title="bbox 487 3753 2061 3825; baseline 0.002 -19"><span class='ocrx_word' id='word_1_559' title='bbox 487 3774 506 3806; x_wconf 77' lang='grc' dir='ltr'><strong>ι</strong></span> <span class='ocrx_word' id='word_1_560' title='bbox 543 3754 892 3825; x_wconf 64' lang='lat' dir='ltr'><strong>Quaecunque</strong></span> <span class='ocrx_word' id='word_1_561' title='bbox 938 3755 1070 3810; x_wconf 81' lang='lat' dir='ltr'><strong>facit</strong></span> <span class='ocrx_word' id='word_1_562' title='bbox 1108 3753 1293 3819; x_wconf 87' lang='lat' dir='ltr'><strong>Pater,</strong></span> <span class='ocrx_word' id='word_1_563' title='bbox 1352 3755 1470 3811; x_wconf 66' lang='lat' dir='ltr'><strong>hazc</strong></span> <span class='ocrx_word' id='word_1_564' title='bbox 1501 3768 1555 3812; x_wconf 88' lang='lat' dir='ltr'><strong>et</strong></span> <span class='ocrx_word' id='word_1_565' title='bbox 1604 3756 1780 3811; x_wconf 84' lang='lat' dir='ltr'><strong>Filius</strong></span> <span class='ocrx_word' id='word_1_566' title='bbox 1810 3756 2061 3811; x_wconf 64' lang='lat' dir='ltr'><strong>similiter</strong></span> 
     </span>
    </p>
   </div>
   <div class='ocr_carea' id='block_1_71' title="bbox 482 3847 2063 3919">
    <p class='ocr_par' dir='ltr' id='par_1_71' title="bbox 482 3847 2063 3919">
     <span class='ocr_line' id='line_1_71' title="bbox 482 3847 2063 3919; baseline 0 -18"><span class='ocrx_word' id='word_1_567' title='bbox 482 3848 632 3904; x_wconf 86' lang='lat' dir='ltr'><strong>facit.</strong></span> <span class='ocrx_word' id='word_1_568' title='bbox 674 3869 692 3900; x_wconf 76' lang='grc' dir='ltr'><strong>ι</strong></span> <span class='ocrx_word' id='word_1_569' title='bbox 727 3849 843 3903; x_wconf 84' lang='grc' dir='ltr'>Νοιι</span> <span class='ocrx_word' id='word_1_570' title='bbox 875 3848 1003 3903; x_wconf 88' lang='lat' dir='ltr'><strong>facit</strong></span> <span class='ocrx_word' id='word_1_571' title='bbox 1054 3856 1237 3904; x_wconf 88' lang='lat' dir='ltr'><strong>autem</strong></span> <span class='ocrx_word' id='word_1_572' title='bbox 1272 3849 1515 3919; x_wconf 89' lang='lat' dir='ltr'><strong>seipsum</strong></span> <span class='ocrx_word' id='word_1_573' title='bbox 1562 3847 1737 3905; x_wconf 86' lang='lat' dir='ltr'><strong>Filius</strong></span> <span class='ocrx_word' id='word_1_574' title='bbox 1771 3867 1785 3903; x_wconf 92' lang='lat'><strong>:</strong></span> <span class='ocrx_word' id='word_1_575' title='bbox 1819 3863 1929 3902; x_wconf 88' lang='lat' dir='ltr'><strong>non</strong></span> <span class='ocrx_word' id='word_1_576' title='bbox 1977 3857 2063 3904; x_wconf 89' lang='lat' dir='ltr'><strong>est</strong></span> 
     </span>
    </p>
   </div>
   <div class='ocr_carea' id='block_1_72' title="bbox 482 3937 2060 4012">
    <p class='ocr_par' dir='ltr' id='par_1_72' title="bbox 482 3937 2060 4012">
     <span class='ocr_line' id='line_1_72' title="bbox 482 3937 2060 4012; baseline -0.001 -17"><span class='ocrx_word' id='word_1_577' title='bbox 482 3942 645 4012; x_wconf 79' lang='lat' dir='ltr'><strong>igitur</strong></span> <span class='ocrx_word' id='word_1_578' title='bbox 694 3942 894 3997; x_wconf 88' lang='lat' dir='ltr'><strong>factum</strong></span> <span class='ocrx_word' id='word_1_579' title='bbox 946 3941 1249 4011; x_wconf 88' lang='lat' dir='ltr'><strong>quidpiam.</strong></span> <span class='ocrx_word' id='word_1_580' title='bbox 1317 3940 1389 3993; x_wconf 82' lang='lat' dir='ltr'><strong>At</strong></span> <span class='ocrx_word' id='word_1_581' title='bbox 1454 3939 1628 4005; x_wconf 91' lang='lat' dir='ltr'><strong>dices,</strong></span> <span class='ocrx_word' id='word_1_582' title='bbox 1686 3955 1798 3993; x_wconf 92' lang='lat' dir='ltr'><strong>non</strong></span> <span class='ocrx_word' id='word_1_583' title='bbox 1853 3937 2060 3994; x_wconf 76' lang='lat' dir='ltr'><strong>dixisse</strong></span> 
     </span>
    </p>
   </div>
   <div class='ocr_carea' id='block_1_73' title="bbox 480 4031 2060 4104">
    <p class='ocr_par' dir='ltr' id='par_1_73' title="bbox 480 4031 2060 4104">
     <span class='ocr_line' id='line_1_73' title="bbox 480 4031 2060 4104; baseline -0.003 -15"><span class='ocrx_word' id='word_1_584' title='bbox 480 4034 777 4098; x_wconf 83' lang='lat' dir='ltr'><strong>Christum,</strong></span> <span class='ocrx_word' id='word_1_585' title='bbox 836 4034 1030 4089; x_wconf 89' lang='lat' dir='ltr'><strong>Omnia</strong></span> <span class='ocrx_word' id='word_1_586' title='bbox 1070 4049 1190 4104; x_wconf 70' lang='lat' dir='ltr'><strong>qua:</strong></span> <span class='ocrx_word' id='word_1_587' title='bbox 1225 4033 1373 4096; x_wconf 90' lang='lat' dir='ltr'><strong>fecit,</strong></span> <span class='ocrx_word' id='word_1_588' title='bbox 1407 4032 1503 4089; x_wconf 89' lang='lat' dir='ltr'><strong>sed</strong></span> <span class='ocrx_word' id='word_1_589' title='bbox 1552 4048 1674 4103; x_wconf 68' lang='lat' dir='ltr'><strong>qua:</strong></span> <span class='ocrx_word' id='word_1_590' title='bbox 1708 4031 1839 4087; x_wconf 86' lang='lat' dir='ltr'><strong>facit</strong></span> <span class='ocrx_word' id='word_1_591' title='bbox 1872 4050 1883 4085; x_wconf 85' lang='lat'><strong>:</strong></span> <span class='ocrx_word' id='word_1_592' title='bbox 1920 4032 2060 4087; x_wconf 90' lang='lat' dir='ltr'><strong>scito</strong></span> 
     </span>
    </p>
   </div>
   <div class='ocr_carea' id='block_1_74' title="bbox 483 4123 2062 4194">
    <p class='ocr_par' dir='ltr' id='par_1_74' title="bbox 483 4123 2062 4194">
     <span class='ocr_line' id='line_1_74' title="bbox 483 4123 2062 4194; baseline 0 -16"><span class='ocrx_word' id='word_1_593' title='bbox 483 4140 689 4179; x_wconf 88' lang='lat' dir='ltr'><strong>morem</strong></span> <span class='ocrx_word' id='word_1_594' title='bbox 710 4141 832 4181; x_wconf 90' lang='lat' dir='ltr'><strong>esse</strong></span> <span class='ocrx_word' id='word_1_595' title='bbox 849 4124 1146 4194; x_wconf 70' lang='lat' dir='ltr'><strong>Scriptum</strong></span> <span class='ocrx_word' id='word_1_596' title='bbox 1176 4124 1242 4180; x_wconf 90' lang='lat' dir='ltr'><strong>de</strong></span> <span class='ocrx_word' id='word_1_597' title='bbox 1262 4124 1426 4179; x_wconf 91' lang='lat' dir='ltr'><strong>rebus</strong></span> <span class='ocrx_word' id='word_1_598' title='bbox 1454 4123 1749 4193; x_wconf 71' lang='lat' dir='ltr'><strong>praeteritis</strong></span> <span class='ocrx_word' id='word_1_599' title='bbox 1781 4123 2062 4194; x_wconf 87' lang='lat' dir='ltr'><strong>loquentis</strong></span> 
     </span>
    </p>
   </div>
   <div class='ocr_carea' id='block_1_75' title="bbox 2167 3387 3731 3462">
    <p class='ocr_par' dir='ltr' id='par_1_75' title="bbox 2167 3387 3731 3462">
     <span class='ocr_line' id='line_1_75' title="bbox 2167 3387 3731 3462; baseline -0.004 -16"><span class='ocrx_word' id='word_1_600' title='bbox 2167 3394 2250 3446; x_wconf 86' lang='grc' dir='ltr'>ὅτι</span> <span class='ocrx_word' id='word_1_601' title='bbox 2272 3409 2285 3422; x_wconf 74' lang='grc' dir='ltr'><strong>ο</strong></span> <span class='ocrx_word' id='word_1_602' title='bbox 2305 3412 2323 3444; x_wconf 73' lang='grc' dir='ltr'><strong>ι</strong></span> <span class='ocrx_word' id='word_1_603' title='bbox 2354 3394 2537 3447; x_wconf 79' lang='grc' dir='ltr'>Πάντα</span> <span class='ocrx_word' id='word_1_604' title='bbox 2566 3394 2667 3447; x_wconf 80' lang='grc' dir='ltr'>ὅσα.</span> <span class='ocrx_word' id='word_1_605' title='bbox 2699 3392 2762 3445; x_wconf 83' lang='grc' dir='ltr'><strong>ἂν</strong></span> <span class='ocrx_word' id='word_1_606' title='bbox 2786 3393 2929 3445; x_wconf 85' lang='grc' dir='ltr'>ποιεῖ</span> <span class='ocrx_word' id='word_1_607' title='bbox 2948 3393 2976 3444; x_wconf 83' lang='lat'><strong>6</strong></span> <span class='ocrx_word' id='word_1_608' title='bbox 3002 3390 3210 3462; x_wconf 72' lang='grc' dir='ltr'>Πατὴρ,</span> <span class='ocrx_word' id='word_1_609' title='bbox 3238 3388 3412 3444; x_wconf 79' lang='grc' dir='ltr'>ταῦτα</span> <span class='ocrx_word' id='word_1_610' title='bbox 3443 3390 3538 3443; x_wconf 76' lang='grc' dir='ltr'>καὶ</span> <span class='ocrx_word' id='word_1_611' title='bbox 3558 3390 3587 3442; x_wconf 89' lang='lat'><strong>6</strong></span> <span class='ocrx_word' id='word_1_612' title='bbox 3613 3387 3731 3449; x_wconf 80' lang='grc' dir='ltr'>Υἱὸς</span> 
     </span>
    </p>
   </div>
   <div class='ocr_carea' id='block_1_76' title="bbox 2164 3483 3733 3558">
    <p class='ocr_par' dir='ltr' id='par_1_76' title="bbox 2164 3483 3733 3558">
     <span class='ocr_line' id='line_1_76' title="bbox 2164 3483 3733 3558; baseline -0.003 -17"><span class='ocrx_word' id='word_1_613' title='bbox 2164 3486 2365 3558; x_wconf 84' lang='grc' dir='ltr'>ὁμοίως</span> <span class='ocrx_word' id='word_1_614' title='bbox 2402 3488 2565 3539; x_wconf 86' lang='grc' dir='ltr'>ποιεῖ.</span> <span class='ocrx_word' id='word_1_615' title='bbox 2607 3504 2628 3537; x_wconf 72' lang='grc' dir='ltr'><strong>ι</strong></span> <span class='ocrx_word' id='word_1_616' title='bbox 2664 3485 2737 3539; x_wconf 86' lang='grc' dir='ltr'>Οὐ</span> <span class='ocrx_word' id='word_1_617' title='bbox 2773 3487 2916 3539; x_wconf 87' lang='grc' dir='ltr'>ποιεῖ</span> <span class='ocrx_word' id='word_1_618' title='bbox 2948 3483 3006 3537; x_wconf 78' lang='grc' dir='ltr'>δὲ</span> <span class='ocrx_word' id='word_1_619' title='bbox 3036 3484 3254 3538; x_wconf 70' lang='grc' dir='ltr'>ἑαυτόν*</span> <span class='ocrx_word' id='word_1_620' title='bbox 3302 3485 3403 3537; x_wconf 81' lang='grc' dir='ltr'><strong>οὐκ</strong></span> <span class='ocrx_word' id='word_1_621' title='bbox 3444 3484 3594 3537; x_wconf 78' lang='grc' dir='ltr'>ἐστιν</span> <span class='ocrx_word' id='word_1_622' title='bbox 3632 3484 3733 3554; x_wconf 76' lang='grc' dir='ltr'>ἄρα</span> 
     </span>
    </p>
   </div>
   <div class='ocr_carea' id='block_1_77' title="bbox 2166 3572 3731 3650">
    <p class='ocr_par' dir='ltr' id='par_1_77' title="bbox 2166 3572 3731 3650">
     <span class='ocr_line' id='line_1_77' title="bbox 2166 3572 3731 3650; baseline -0.004 -17"><span class='ocrx_word' id='word_1_623' title='bbox 2166 3578 2396 3648; x_wconf 79' lang='grc' dir='ltr'>ποίημα.</span> <span class='ocrx_word' id='word_1_624' title='bbox 2435 3577 2572 3631; x_wconf 83' lang='grc' dir='ltr'>Ἀλλ’</span> <span class='ocrx_word' id='word_1_625' title='bbox 2598 3578 2740 3650; x_wconf 78' lang='grc' dir='ltr'>ἐρεῖς</span> <span class='ocrx_word' id='word_1_626' title='bbox 2758 3593 2771 3606; x_wconf 90' lang='grc'>·</span> <span class='ocrx_word' id='word_1_627' title='bbox 2797 3578 2909 3630; x_wconf 82' lang='grc' dir='ltr'><strong>Οὐκ</strong></span> <span class='ocrx_word' id='word_1_628' title='bbox 2934 3572 3104 3641; x_wconf 80' lang='grc' dir='ltr'>εἶπεν,</span> <span class='ocrx_word' id='word_1_629' title='bbox 3137 3576 3318 3629; x_wconf 81' lang='grc' dir='ltr'>Πάντα</span> <span class='ocrx_word' id='word_1_630' title='bbox 3337 3577 3438 3630; x_wconf 82' lang='grc' dir='ltr'><strong>ὅσα</strong></span> <span class='ocrx_word' id='word_1_631' title='bbox 3461 3576 3731 3647; x_wconf 77' lang='grc' dir='ltr'>ἐποίησεν,</span> 
     </span>
    </p>
   </div>
   <div class='ocr_carea' id='block_1_78' title="bbox 2165 3667 3733 3740">
    <p class='ocr_par' dir='ltr' id='par_1_78' title="bbox 2165 3667 3733 3740">
     <span class='ocr_line' id='line_1_78' title="bbox 2165 3667 3733 3740; baseline -0.001 -17"><span class='ocrx_word' id='word_1_632' title='bbox 2165 3670 2278 3723; x_wconf 80' lang='grc' dir='ltr'>ἀλλ’</span> <span class='ocrx_word' id='word_1_633' title='bbox 2310 3671 2409 3723; x_wconf 83' lang='grc' dir='ltr'><strong>ὅσα</strong></span> <span class='ocrx_word' id='word_1_634' title='bbox 2435 3672 2612 3724; x_wconf 85' lang='grc' dir='ltr'>ποιεῖ·</span> <span class='ocrx_word' id='word_1_635' title='bbox 2641 3668 2901 3737; x_wconf 85' lang='grc' dir='ltr'>γίνωσκε,</span> <span class='ocrx_word' id='word_1_636' title='bbox 2926 3669 3008 3722; x_wconf 86' lang='grc' dir='ltr'><strong>ὅτι</strong></span> <span class='ocrx_word' id='word_1_637' title='bbox 3036 3667 3155 3733; x_wconf 79' lang='grc' dir='ltr'>ἔθος</span> <span class='ocrx_word' id='word_1_638' title='bbox 3189 3671 3255 3740; x_wconf 79' lang='grc' dir='ltr'>τῇ</span> <span class='ocrx_word' id='word_1_639' title='bbox 3281 3670 3475 3740; x_wconf 81' lang='grc' dir='ltr'><strong>Γραφῇ</strong></span> <span class='ocrx_word' id='word_1_640' title='bbox 3500 3670 3564 3722; x_wconf 81' lang='grc' dir='ltr'>τὸ</span> <span class='ocrx_word' id='word_1_641' title='bbox 3598 3684 3733 3738; x_wconf 79' lang='grc' dir='ltr'>παρ-</span> 
     </span>
    </p>
   </div>
   <div class='ocr_carea' id='block_1_79' title="bbox 2166 3758 3771 3832">
    <p class='ocr_par' dir='ltr' id='par_1_79' title="bbox 2166 3758 3771 3832">
     <span class='ocr_line' id='line_1_79' title="bbox 2166 3758 3771 3832; baseline -0.001 -19"><span class='ocrx_word' id='word_1_642' title='bbox 2166 3761 2381 3832; x_wconf 81' lang='grc' dir='ltr'>ῳχηκὸς</span> <span class='ocrx_word' id='word_1_643' title='bbox 2438 3760 2515 3824; x_wconf 84' lang='grc' dir='ltr'>ὡς</span> <span class='ocrx_word' id='word_1_644' title='bbox 2562 3759 2657 3814; x_wconf 73' lang='grc' dir='ltr'><strong>ἐπὶ</strong></span> <span class='ocrx_word' id='word_1_645' title='bbox 2701 3758 2995 3823; x_wconf 77' lang='grc' dir='ltr'>ἐνεστῶτος</span> <span class='ocrx_word' id='word_1_646' title='bbox 3052 3759 3244 3830; x_wconf 75' lang='grc' dir='ltr'>χρόνου</span> <span class='ocrx_word' id='word_1_647' title='bbox 3291 3759 3504 3828; x_wconf 83' lang='grc' dir='ltr'>λέγειν·</span> <span class='ocrx_word' id='word_1_648' title='bbox 3540 3758 3616 3824; x_wconf 86' lang='grc' dir='ltr'>ὼς</span> <span class='ocrx_word' id='word_1_649' title='bbox 3654 3758 3731 3823; x_wconf 78' lang='grc' dir='ltr'><strong>τὸ,</strong></span> <span class='ocrx_word' id='word_1_650' title='bbox 3768 3760 3771 3761; x_wconf 58' lang='grc'><strong><em>⁷</em></strong></span> 
     </span>
    </p>
   </div>
   <div class='ocr_carea' id='block_1_80' title="bbox 2172 3850 3732 3922">
    <p class='ocr_par' dir='ltr' id='par_1_80' title="bbox 2172 3850 3732 3922">
     <span class='ocr_line' id='line_1_80' title="bbox 2172 3850 3732 3922; baseline -0.003 -18"><span class='ocrx_word' id='word_1_651' title='bbox 2172 3872 2191 3904; x_wconf 71' lang='grc' dir='ltr'><strong>ι</strong></span> <span class='ocrx_word' id='word_1_652' title='bbox 2243 3853 2301 3906; x_wconf 88' lang='lat'><strong>&#39;0</strong></span> <span class='ocrx_word' id='word_1_653' title='bbox 2346 3852 2515 3906; x_wconf 85' lang='grc' dir='ltr'>ποιῶν</span> <span class='ocrx_word' id='word_1_654' title='bbox 2544 3852 2671 3915; x_wconf 84' lang='grc' dir='ltr'><strong>τούς</strong></span> <span class='ocrx_word' id='word_1_655' title='bbox 2718 3852 2980 3920; x_wconf 79' lang='grc' dir='ltr'>ἀγγέλους</span> <span class='ocrx_word' id='word_1_656' title='bbox 3024 3851 3187 3904; x_wconf 81' lang='grc' dir='ltr'>αὐτοῦ</span> <span class='ocrx_word' id='word_1_657' title='bbox 3231 3850 3553 3922; x_wconf 84' lang='grc' dir='ltr'>πνεύματα·</span> <span class='ocrx_word' id='word_1_658' title='bbox 3590 3870 3608 3902; x_wconf 77' lang='grc' dir='ltr'><strong>ι</strong></span> <span class='ocrx_word' id='word_1_659' title='bbox 3644 3850 3732 3903; x_wconf 76' lang='grc' dir='ltr'>καὶ</span> 
     </span>
    </p>
   </div>
   <div class='ocr_carea' id='block_1_81' title="bbox 2166 3941 3732 4015">
    <p class='ocr_par' dir='ltr' id='par_1_81' title="bbox 2166 3941 3732 4015">
     <span class='ocr_line' id='line_1_81' title="bbox 2166 3941 3732 4015; baseline -0.006 -17"><span class='ocrx_word' id='word_1_660' title='bbox 2166 3946 2225 3998; x_wconf 84' lang='grc' dir='ltr'><strong>ὲν</strong></span> <span class='ocrx_word' id='word_1_661' title='bbox 2254 3944 2424 4015; x_wconf 76' lang='grc' dir='ltr'>ἑτέρῳ</span> <span class='ocrx_word' id='word_1_662' title='bbox 2443 3961 2457 3975; x_wconf 90' lang='grc'><strong>·</strong></span> <span class='ocrx_word' id='word_1_663' title='bbox 2499 3962 2518 3994; x_wconf 74' lang='grc' dir='ltr'><strong>ι</strong></span> <span class='ocrx_word' id='word_1_664' title='bbox 2563 3942 2621 3997; x_wconf 86' lang='lat'><strong>&#39;0</strong></span> <span class='ocrx_word' id='word_1_665' title='bbox 2648 3942 2911 4013; x_wconf 84' lang='grc' dir='ltr'>θεμελιῶν</span> <span class='ocrx_word' id='word_1_666' title='bbox 2938 3942 3036 4014; x_wconf 75' lang='grc' dir='ltr'><strong>τὴν</strong></span> <span class='ocrx_word' id='word_1_667' title='bbox 3060 3943 3161 4012; x_wconf 74' lang='grc' dir='ltr'>γῆν</span> <span class='ocrx_word' id='word_1_668' title='bbox 3194 3941 3288 3993; x_wconf 75' lang='grc' dir='ltr'>ἐπὶ</span> <span class='ocrx_word' id='word_1_669' title='bbox 3312 3942 3411 4011; x_wconf 84' lang='grc' dir='ltr'>τὴν</span> <span class='ocrx_word' id='word_1_670' title='bbox 3442 3941 3732 4011; x_wconf 70' lang='grc' dir='ltr'>ἀσφάλειαν</span> 
     </span>
    </p>
   </div>
   <div class='ocr_carea' id='block_1_82' title="bbox 2164 4030 3735 4105">
    <p class='ocr_par' dir='ltr' id='par_1_82' title="bbox 2164 4030 3735 4105">
     <span class='ocr_line' id='line_1_82' title="bbox 2164 4030 3735 4105; baseline -0.005 -16"><span class='ocrx_word' id='word_1_671' title='bbox 2164 4035 2369 4105; x_wconf 83' lang='grc' dir='ltr'>αὐτῆς·</span> <span class='ocrx_word' id='word_1_672' title='bbox 2416 4053 2434 4085; x_wconf 81' lang='grc' dir='ltr'><strong>ι</strong></span> <span class='ocrx_word' id='word_1_673' title='bbox 2467 4035 2582 4098; x_wconf 76' lang='grc' dir='ltr'>καὶ,</span> <span class='ocrx_word' id='word_1_674' title='bbox 2622 4052 2640 4085; x_wconf 78' lang='grc' dir='ltr'><strong>ι</strong></span> <span class='ocrx_word' id='word_1_675' title='bbox 2675 4034 2733 4086; x_wconf 92' lang='lat'><strong>&#39;0</strong></span> <span class='ocrx_word' id='word_1_676' title='bbox 2758 4031 2925 4085; x_wconf 82' lang='grc' dir='ltr'>ποιῶν</span> <span class='ocrx_word' id='word_1_677' title='bbox 2956 4030 3203 4094; x_wconf 82' lang='grc' dir='ltr'>πλειάδα,</span> <span class='ocrx_word' id='word_1_678' title='bbox 3229 4030 3323 4084; x_wconf 79' lang='grc' dir='ltr'>καὶ</span> <span class='ocrx_word' id='word_1_679' title='bbox 3348 4031 3606 4102; x_wconf 73' lang='grc' dir='ltr'>ἕσπερον,</span> <span class='ocrx_word' id='word_1_680' title='bbox 3646 4030 3735 4084; x_wconf 79' lang='grc' dir='ltr'>καὶ</span> 
     </span>
    </p>
   </div>
   <div class='ocr_carea' id='block_1_83' title="bbox 2166 4124 3136 4198">
    <p class='ocr_par' dir='ltr' id='par_1_83' title="bbox 2166 4124 3136 4198">
     <span class='ocr_line' id='line_1_83' title="bbox 2166 4124 3136 4198; baseline -0.002 -20"><span class='ocrx_word' id='word_1_681' title='bbox 2166 4124 2491 4198; x_wconf 81' lang='grc' dir='ltr'>ἀρκτοῦρον,</span> <span class='ocrx_word' id='word_1_682' title='bbox 2518 4124 2611 4178; x_wconf 70' lang='lat' dir='ltr'><strong>xui</strong></span> <span class='ocrx_word' id='word_1_683' title='bbox 2635 4127 2856 4195; x_wconf 84' lang='grc' dir='ltr'>ταμιεῖα</span> <span class='ocrx_word' id='word_1_684' title='bbox 2890 4124 3065 4177; x_wconf 87' lang='grc' dir='ltr'>νότου.</span> <span class='ocrx_word' id='word_1_685' title='bbox 3117 4142 3136 4176; x_wconf 68' lang='grc' dir='ltr'><strong>ι</strong></span> 
     </span>
    </p>
   </div>
   <div class='ocr_carea' id='block_1_84' title="bbox 484 4214 3730 4288">
    <p class='ocr_par' dir='ltr' id='par_1_84' title="bbox 484 4214 3730 4288">
     <span class='ocr_line' id='line_1_84' title="bbox 484 4214 3730 4288; baseline -0 -19"><span class='ocrx_word' id='word_1_686' title='bbox 484 4232 727 4285; x_wconf 71' lang='lat' dir='ltr'><strong>praesens</strong></span> <span class='ocrx_word' id='word_1_687' title='bbox 785 4224 1000 4286; x_wconf 89' lang='lat' dir='ltr'><strong>tempus</strong></span> <span class='ocrx_word' id='word_1_688' title='bbox 1051 4231 1319 4285; x_wconf 84' lang='lat' dir='ltr'><strong>usurpare</strong></span> <span class='ocrx_word' id='word_1_689' title='bbox 1357 4240 1371 4271; x_wconf 89' lang='lat'><strong>:</strong></span> <span class='ocrx_word' id='word_1_690' title='bbox 1405 4216 1716 4285; x_wconf 68' lang='lat' dir='ltr'><strong>cuiusmodi</strong></span> <span class='ocrx_word' id='word_1_691' title='bbox 1752 4216 1888 4271; x_wconf 88' lang='lat' dir='ltr'><strong>illud</strong></span> <span class='ocrx_word' id='word_1_692' title='bbox 1924 4225 2051 4271; x_wconf 90' lang='lat' dir='ltr'><strong>est:</strong></span> <span class='ocrx_word' id='word_1_693' title='bbox 2098 4235 2118 4267; x_wconf 73' lang='grc' dir='ltr'>ι</span> <span class='ocrx_word' id='word_1_694' title='bbox 2187 4218 2290 4285; x_wconf 90' lang='lat' dir='ltr'><strong>Qui</strong></span> <span class='ocrx_word' id='word_1_695' title='bbox 2326 4218 2453 4272; x_wconf 86' lang='lat' dir='ltr'><strong>facit</strong></span> <span class='ocrx_word' id='word_1_696' title='bbox 2520 4220 2746 4288; x_wconf 79' lang='lat' dir='ltr'><strong>angelos</strong></span> <span class='ocrx_word' id='word_1_697' title='bbox 2808 4228 2940 4271; x_wconf 85' lang='lat' dir='ltr'><strong>suos</strong></span> <span class='ocrx_word' id='word_1_698' title='bbox 2986 4217 3213 4287; x_wconf 88' lang='lat' dir='ltr'><strong>spiritus</strong></span> <span class='ocrx_word' id='word_1_699' title='bbox 3254 4216 3323 4269; x_wconf 82' lang='grc'><strong>⁸³.</strong></span> <span class='ocrx_word' id='word_1_700' title='bbox 3360 4234 3379 4267; x_wconf 72' lang='grc' dir='ltr'><strong>ι</strong></span> <span class='ocrx_word' id='word_1_701' title='bbox 3439 4214 3509 4270; x_wconf 88' lang='lat' dir='ltr'><strong>Et</strong></span> <span class='ocrx_word' id='word_1_702' title='bbox 3568 4215 3730 4270; x_wconf 80' lang='lat' dir='ltr'><strong>alibi:</strong></span> 
     </span>
    </p>
   </div>
   <div class='ocr_carea' id='block_1_85' title="bbox 487 4313 3733 4389">
    <p class='ocr_par' dir='ltr' id='par_1_85' title="bbox 487 4313 3733 4389">
     <span class='ocr_line' id='line_1_85' title="bbox 487 4313 3733 4389; baseline -0 -25"><span class='ocrx_word' id='word_1_703' title='bbox 487 4331 509 4364; x_wconf 77' lang='grc' dir='ltr'><strong>ι</strong></span> <span class='ocrx_word' id='word_1_704' title='bbox 549 4314 651 4379; x_wconf 89' lang='lat' dir='ltr'><strong>Qui</strong></span> <span class='ocrx_word' id='word_1_705' title='bbox 684 4314 918 4367; x_wconf 63' lang='lat' dir='ltr'><strong>fundasti</strong></span> <span class='ocrx_word' id='word_1_706' title='bbox 953 4322 1153 4367; x_wconf 88' lang='lat' dir='ltr'><strong>terram</strong></span> <span class='ocrx_word' id='word_1_707' title='bbox 1183 4328 1350 4378; x_wconf 85' lang='lat' dir='ltr'><strong>super</strong></span> <span class='ocrx_word' id='word_1_708' title='bbox 1379 4314 1726 4370; x_wconf 85' lang='lat' dir='ltr'><strong>stabilitatem</strong></span> <span class='ocrx_word' id='word_1_709' title='bbox 1748 4329 1905 4389; x_wconf 86' lang='lat' dir='ltr'><strong>suam</strong></span> <span class='ocrx_word' id='word_1_710' title='bbox 1940 4314 2011 4380; x_wconf 68' lang='lat'><strong>&#39;9;</strong></span> <span class='ocrx_word' id='word_1_711' title='bbox 2046 4335 2065 4366; x_wconf 76' lang='grc' dir='ltr'><strong>ι</strong></span> <span class='ocrx_word' id='word_1_712' title='bbox 2107 4325 2196 4371; x_wconf 86' lang='lat' dir='ltr'><strong>et:</strong></span> <span class='ocrx_word' id='word_1_713' title='bbox 2221 4314 2355 4383; x_wconf 69' lang='lat' dir='ltr'><strong>«Qui</strong></span> <span class='ocrx_word' id='word_1_714' title='bbox 2389 4313 2520 4370; x_wconf 84' lang='lat' dir='ltr'><strong>facit</strong></span> <span class='ocrx_word' id='word_1_715' title='bbox 2546 4314 2779 4385; x_wconf 88' lang='lat' dir='ltr'><strong>pleiada,</strong></span> <span class='ocrx_word' id='word_1_716' title='bbox 2803 4323 2860 4370; x_wconf 91' lang='lat' dir='ltr'><strong>et</strong></span> <span class='ocrx_word' id='word_1_717' title='bbox 2885 4328 3195 4384; x_wconf 87' lang='lat' dir='ltr'><strong>vesperum,</strong></span> <span class='ocrx_word' id='word_1_718' title='bbox 3229 4318 3290 4368; x_wconf 86' lang='lat' dir='ltr'><strong>et</strong></span> <span class='ocrx_word' id='word_1_719' title='bbox 3349 4320 3651 4377; x_wconf 86' lang='lat' dir='ltr'><strong>arcturum,</strong></span> <span class='ocrx_word' id='word_1_720' title='bbox 3679 4314 3733 4362; x_wconf 73' lang='lat' dir='ltr'><strong>et</strong></span> 
     </span>
    </p>
   </div>
   <div class='ocr_carea' id='block_1_86' title="bbox 481 4410 1065 4478">
    <p class='ocr_par' dir='ltr' id='par_1_86' title="bbox 481 4410 1065 4478">
     <span class='ocr_line' id='line_1_86' title="bbox 481 4410 1065 4478; baseline -0.002 -15"><span class='ocrx_word' id='word_1_721' title='bbox 481 4410 778 4478; x_wconf 83' lang='lat' dir='ltr'><strong>penetralia</strong></span> <span class='ocrx_word' id='word_1_722' title='bbox 805 4411 916 4463; x_wconf 73' lang='grc' dir='ltr'>ιιι)ίί</span> <span class='ocrx_word' id='word_1_723' title='bbox 936 4411 1004 4465; x_wconf 71' lang='grc'><strong>⁸⁸.</strong></span> <span class='ocrx_word' id='word_1_724' title='bbox 1042 4429 1065 4462; x_wconf 69' lang='grc' dir='ltr'><strong>ι</strong></span> 
     </span>
    </p>
   </div>
   <div class='ocr_carea' id='block_1_87' title="bbox 553 4504 2056 4579">
    <p class='ocr_par' dir='ltr' id='par_1_87' title="bbox 553 4504 2056 4579">
     <span class='ocr_line' id='line_1_87' title="bbox 553 4504 2056 4579; baseline 0.003 -21"><span class='ocrx_word' id='word_1_725' title='bbox 553 4505 645 4558; x_wconf 79' lang='grc'><strong>10.</strong></span> <span class='ocrx_word' id='word_1_726' title='bbox 682 4507 871 4557; x_wconf 78' lang='lat' dir='ltr'><strong>Anam.</strong></span> <span class='ocrx_word' id='word_1_727' title='bbox 921 4504 1059 4558; x_wconf 84' lang='lat' dir='ltr'><strong>Ante</strong></span> <span class='ocrx_word' id='word_1_728' title='bbox 1091 4505 1275 4560; x_wconf 89' lang='lat' dir='ltr'><strong>omnia</strong></span> <span class='ocrx_word' id='word_1_729' title='bbox 1318 4520 1447 4561; x_wconf 86' lang='lat' dir='ltr'><strong>vero</strong></span> <span class='ocrx_word' id='word_1_730' title='bbox 1475 4512 1530 4561; x_wconf 83' lang='lat' dir='ltr'><strong>et</strong></span> <span class='ocrx_word' id='word_1_731' title='bbox 1577 4505 1631 4561; x_wconf 93' lang='lat' dir='ltr'><strong>in</strong></span> <span class='ocrx_word' id='word_1_732' title='bbox 1680 4507 1871 4576; x_wconf 89' lang='lat' dir='ltr'><strong>primis</strong></span> <span class='ocrx_word' id='word_1_733' title='bbox 1904 4523 2056 4579; x_wconf 66' lang='lat' dir='ltr'><strong>qure-</strong></span> 
     </span>
    </p>
   </div>
   <div class='ocr_carea' id='block_1_88' title="bbox 2238 4501 3735 4575">
    <p class='ocr_par' dir='ltr' id='par_1_88' title="bbox 2238 4501 3735 4575">
     <span class='ocr_line' id='line_1_88' title="bbox 2238 4501 3735 4575; baseline -0.005 -15"><span class='ocrx_word' id='word_1_734' title='bbox 2238 4506 2329 4563; x_wconf 75' lang='grc'><strong>10.</strong></span> <span class='ocrx_word' id='word_1_735' title='bbox 2379 4505 2575 4574; x_wconf 80' lang='grc' dir='ltr'>Ἀνόμ.</span> <span class='ocrx_word' id='word_1_736' title='bbox 2608 4503 2721 4575; x_wconf 79' lang='grc' dir='ltr'>Πρὸ</span> <span class='ocrx_word' id='word_1_737' title='bbox 2747 4502 2964 4557; x_wconf 82' lang='grc' dir='ltr'>πάντων</span> <span class='ocrx_word' id='word_1_738' title='bbox 2990 4501 3048 4555; x_wconf 78' lang='grc' dir='ltr'>δὲ</span> <span class='ocrx_word' id='word_1_739' title='bbox 3077 4501 3172 4555; x_wconf 81' lang='grc' dir='ltr'><strong>καὶ</strong></span> <span class='ocrx_word' id='word_1_740' title='bbox 3216 4502 3355 4573; x_wconf 79' lang='grc' dir='ltr'>ὑπὲρ</span> <span class='ocrx_word' id='word_1_741' title='bbox 3386 4501 3569 4556; x_wconf 83' lang='grc' dir='ltr'>πάντα</span> <span class='ocrx_word' id='word_1_742' title='bbox 3606 4502 3735 4571; x_wconf 71' lang='grc' dir='ltr'>ἐρω-</span> 
     </span>
    </p>
   </div>
   <div class='ocr_carea' id='block_1_89' title="bbox 480 4592 2059 4685">
    <p class='ocr_par' dir='ltr' id='par_1_89' title="bbox 480 4595 2054 4669">
     <span class='ocr_line' id='line_1_89' title="bbox 480 4595 2054 4669; baseline 0.004 -21"><span class='ocrx_word' id='word_1_743' title='bbox 480 4610 604 4651; x_wconf 86' lang='lat' dir='ltr'><strong>rere</strong></span> <span class='ocrx_word' id='word_1_744' title='bbox 634 4610 698 4649; x_wconf 85' lang='lat' dir='ltr'><strong>ex</strong></span> <span class='ocrx_word' id='word_1_745' title='bbox 733 4595 866 4665; x_wconf 85' lang='lat' dir='ltr'><strong>ipsis</strong></span> <span class='ocrx_word' id='word_1_746' title='bbox 888 4604 1120 4665; x_wconf 87' lang='lat' dir='ltr'><strong>oportet,</strong></span> <span class='ocrx_word' id='word_1_747' title='bbox 1149 4597 1281 4666; x_wconf 87' lang='lat' dir='ltr'><strong>quid</strong></span> <span class='ocrx_word' id='word_1_748' title='bbox 1327 4596 1596 4668; x_wconf 77' lang='lat' dir='ltr'><strong>significet.</strong></span> <span class='ocrx_word' id='word_1_749' title='bbox 1632 4612 1744 4652; x_wconf 92' lang='lat' dir='ltr'><strong>non</strong></span> <span class='ocrx_word' id='word_1_750' title='bbox 1787 4600 2054 4669; x_wconf 74' lang='lat' dir='ltr'><strong>genitum.</strong></span> 
     </span>
    </p>
   </div>
   <div class='ocr_carea' id='block_1_90' title="bbox 2164 4592 3733 4685">
    <p class='ocr_par' dir='ltr' id='par_1_90' title="bbox 2164 4592 3733 4671">
     <span class='ocr_line' id='line_1_90' title="bbox 2164 4592 3733 4671; baseline -0.004 -19"><span class='ocrx_word' id='word_1_751' title='bbox 2164 4600 2267 4671; x_wconf 82' lang='grc' dir='ltr'>τᾷν</span> <span class='ocrx_word' id='word_1_752' title='bbox 2295 4598 2375 4652; x_wconf 85' lang='grc' dir='ltr'><strong>δεῖ</strong></span> <span class='ocrx_word' id='word_1_753' title='bbox 2410 4598 2625 4662; x_wconf 81' lang='grc' dir='ltr'>αὐτοὺς,</span> <span class='ocrx_word' id='word_1_754' title='bbox 2663 4596 2717 4649; x_wconf 88' lang='grc' dir='ltr'><strong>τί</strong></span> <span class='ocrx_word' id='word_1_755' title='bbox 2756 4594 3011 4666; x_wconf 81' lang='grc' dir='ltr'>σημαίνει</span> <span class='ocrx_word' id='word_1_756' title='bbox 3051 4593 3112 4648; x_wconf 83' lang='grc' dir='ltr'><strong>τὸ</strong></span> <span class='ocrx_word' id='word_1_757' title='bbox 3163 4594 3477 4666; x_wconf 88' lang='grc' dir='ltr'>ἀγέννητον.</span> <span class='ocrx_word' id='word_1_758' title='bbox 3533 4595 3593 4648; x_wconf 81' lang='grc' dir='ltr'><strong>Εἰ</strong></span> <span class='ocrx_word' id='word_1_759' title='bbox 3640 4592 3733 4664; x_wconf 76' lang='grc' dir='ltr'>μὲν</span> 
     </span>
    </p>
   </div>
   <div class='ocr_carea' id='block_1_91' title="bbox 481 4688 2058 4761">
    <p class='ocr_par' dir='ltr' id='par_1_91' title="bbox 481 4688 2058 4761">
     <span class='ocr_line' id='line_1_91' title="bbox 481 4688 2058 4761; baseline 0.004 -20"><span class='ocrx_word' id='word_1_760' title='bbox 481 4688 635 4755; x_wconf 86' lang='lat' dir='ltr'><strong>Nam,</strong></span> <span class='ocrx_word' id='word_1_761' title='bbox 670 4689 717 4744; x_wconf 91' lang='lat' dir='ltr'><strong>si</strong></span> <span class='ocrx_word' id='word_1_762' title='bbox 745 4690 1107 4744; x_wconf 86' lang='lat' dir='ltr'><strong>substantiam</strong></span> <span class='ocrx_word' id='word_1_763' title='bbox 1142 4690 1402 4755; x_wconf 87' lang='lat' dir='ltr'><strong>declarat,</strong></span> <span class='ocrx_word' id='word_1_764' title='bbox 1419 4690 1566 4761; x_wconf 84' lang='lat' dir='ltr'><strong>quod</strong></span> <span class='ocrx_word' id='word_1_765' title='bbox 1591 4706 1778 4746; x_wconf 88' lang='lat' dir='ltr'><strong>verum</strong></span> <span class='ocrx_word' id='word_1_766' title='bbox 1806 4703 1912 4757; x_wconf 88' lang='lat' dir='ltr'><strong>est,</strong></span> <span class='ocrx_word' id='word_1_767' title='bbox 1943 4701 2058 4748; x_wconf 87' lang='lat' dir='ltr'><strong>tan-</strong></span> 
     </span>
    </p>
   </div>
   <div class='ocr_carea' id='block_1_92' title="bbox 481 4780 2055 4855">
    <p class='ocr_par' dir='ltr' id='par_1_92' title="bbox 481 4780 2055 4855">
     <span class='ocr_line' id='line_1_92' title="bbox 481 4780 2055 4855; baseline 0.002 -20"><span class='ocrx_word' id='word_1_768' title='bbox 481 4790 533 4835; x_wconf 91' lang='lat' dir='ltr'><strong>ta</strong></span> <span class='ocrx_word' id='word_1_769' title='bbox 559 4782 663 4835; x_wconf 84' lang='lat' dir='ltr'><strong>erit</strong></span> <span class='ocrx_word' id='word_1_770' title='bbox 692 4781 1079 4852; x_wconf 88' lang='lat' dir='ltr'><strong>discrepantia.</strong></span> <span class='ocrx_word' id='word_1_771' title='bbox 1120 4780 1275 4837; x_wconf 84' lang='lat' dir='ltr'><strong>Orth.</strong></span> <span class='ocrx_word' id='word_1_772' title='bbox 1307 4783 1376 4835; x_wconf 81' lang='lat' dir='ltr'><strong>At</strong></span> <span class='ocrx_word' id='word_1_773' title='bbox 1403 4798 1507 4839; x_wconf 89' lang='lat' dir='ltr'><strong>nos</strong></span> <span class='ocrx_word' id='word_1_774' title='bbox 1544 4798 1763 4855; x_wconf 79' lang='lat' dir='ltr'><strong>quoque</strong></span> <span class='ocrx_word' id='word_1_775' title='bbox 1785 4793 1909 4840; x_wconf 91' lang='lat' dir='ltr'><strong>ante</strong></span> <span class='ocrx_word' id='word_1_776' title='bbox 1937 4799 2055 4840; x_wconf 85' lang='lat' dir='ltr'><strong>om-</strong></span> 
     </span>
    </p>
   </div>
   <div class='ocr_carea' id='block_1_93' title="bbox 478 4873 2057 4945">
    <p class='ocr_par' dir='ltr' id='par_1_93' title="bbox 478 4873 2057 4945">
     <span class='ocr_line' id='line_1_93' title="bbox 478 4873 2057 4945; baseline 0.001 -17"><span class='ocrx_word' id='word_1_777' title='bbox 478 4874 569 4928; x_wconf 88' lang='lat' dir='ltr'><strong>nia</strong></span> <span class='ocrx_word' id='word_1_778' title='bbox 621 4873 937 4943; x_wconf 66' lang='lat' dir='ltr'><strong>quaerimus,</strong></span> <span class='ocrx_word' id='word_1_779' title='bbox 1002 4873 1131 4943; x_wconf 90' lang='lat' dir='ltr'><strong>quid</strong></span> <span class='ocrx_word' id='word_1_780' title='bbox 1176 4873 1444 4945; x_wconf 81' lang='lat' dir='ltr'><strong>signiﬁcet</strong></span> <span class='ocrx_word' id='word_1_781' title='bbox 1468 4877 1732 4944; x_wconf 81' lang='lat' dir='ltr'><strong>genitum.</strong></span> <span class='ocrx_word' id='word_1_782' title='bbox 1804 4874 1961 4943; x_wconf 83' lang='lat' dir='ltr'><strong>Nam,</strong></span> <span class='ocrx_word' id='word_1_783' title='bbox 2008 4877 2057 4932; x_wconf 89' lang='lat' dir='ltr'><strong>si</strong></span> 
     </span>
    </p>
   </div>
   <div class='ocr_carea' id='block_1_94' title="bbox 481 4967 2057 5040">
    <p class='ocr_par' dir='ltr' id='par_1_94' title="bbox 481 4967 2057 5040">
     <span class='ocr_line' id='line_1_94' title="bbox 481 4967 2057 5040; baseline 0.002 -20"><span class='ocrx_word' id='word_1_784' title='bbox 481 4968 844 5022; x_wconf 82' lang='lat' dir='ltr'><strong>substantiam</strong></span> <span class='ocrx_word' id='word_1_785' title='bbox 881 4967 1149 5030; x_wconf 86' lang='lat' dir='ltr'><strong>declarat,</strong></span> <span class='ocrx_word' id='word_1_786' title='bbox 1189 4968 1334 5038; x_wconf 85' lang='lat' dir='ltr'><strong>quod</strong></span> <span class='ocrx_word' id='word_1_787' title='bbox 1362 4967 1563 5040; x_wconf 76' lang='lat' dir='ltr'><strong>falsum</strong></span> <span class='ocrx_word' id='word_1_788' title='bbox 1595 4975 1702 5036; x_wconf 87' lang='lat' dir='ltr'><strong>est,</strong></span> <span class='ocrx_word' id='word_1_789' title='bbox 1753 4969 1936 5024; x_wconf 89' lang='lat' dir='ltr'><strong>omnia</strong></span> <span class='ocrx_word' id='word_1_790' title='bbox 1965 4984 2057 5039; x_wconf 72' lang='grc' dir='ltr'>εει</span> 
     </span>
    </p>
   </div>
   <div class='ocr_carea' id='block_1_95' title="bbox 480 5060 2060 5118">
    <p class='ocr_par' dir='ltr' id='par_1_95' title="bbox 480 5060 2060 5118">
     <span class='ocr_line' id='line_1_95' title="bbox 480 5060 2060 5118; baseline 0.001 -5"><span class='ocrx_word' id='word_1_791' title='bbox 480 5060 595 5113; x_wconf 89' lang='lat' dir='ltr'><strong>nita</strong></span> <span class='ocrx_word' id='word_1_792' title='bbox 632 5068 794 5113; x_wconf 88' lang='lat' dir='ltr'><strong>erunt</strong></span> <span class='ocrx_word' id='word_1_793' title='bbox 822 5060 1333 5116; x_wconf 87' lang='lat' dir='ltr'><strong>consubstantialia.</strong></span> <span class='ocrx_word' id='word_1_794' title='bbox 1388 5061 1458 5114; x_wconf 83' lang='lat' dir='ltr'><strong>At</strong></span> <span class='ocrx_word' id='word_1_795' title='bbox 1504 5063 1553 5117; x_wconf 91' lang='lat' dir='ltr'><strong>si</strong></span> <span class='ocrx_word' id='word_1_796' title='bbox 1603 5076 1714 5117; x_wconf 89' lang='lat' dir='ltr'><strong>non</strong></span> <span class='ocrx_word' id='word_1_797' title='bbox 1744 5072 1873 5118; x_wconf 87' lang='lat' dir='ltr'><strong>sunt</strong></span> <span class='ocrx_word' id='word_1_798' title='bbox 1924 5076 2060 5116; x_wconf 87' lang='lat' dir='ltr'><strong>con-</strong></span> 
     </span>
    </p>
   </div>
   <div class='ocr_carea' id='block_1_96' title="bbox 480 5150 2050 5223">
    <p class='ocr_par' dir='ltr' id='par_1_96' title="bbox 480 5150 2050 5223">
     <span class='ocr_line' id='line_1_96' title="bbox 480 5150 2050 5223; baseline 0.002 -19"><span class='ocrx_word' id='word_1_799' title='bbox 480 5150 864 5206; x_wconf 77' lang='lat' dir='ltr'><strong>substantialia</strong></span> <span class='ocrx_word' id='word_1_800' title='bbox 915 5153 1095 5206; x_wconf 89' lang='lat' dir='ltr'><strong>omnia</strong></span> <span class='ocrx_word' id='word_1_801' title='bbox 1148 5154 1349 5223; x_wconf 79' lang='lat' dir='ltr'><strong>genita,</strong></span> <span class='ocrx_word' id='word_1_802' title='bbox 1396 5152 1543 5223; x_wconf 87' lang='lat' dir='ltr'><strong>quod</strong></span> <span class='ocrx_word' id='word_1_803' title='bbox 1595 5168 1784 5208; x_wconf 88' lang='lat' dir='ltr'><strong>verum</strong></span> <span class='ocrx_word' id='word_1_804' title='bbox 1813 5161 1919 5219; x_wconf 90' lang='lat' dir='ltr'><strong>est,</strong></span> <span class='ocrx_word' id='word_1_805' title='bbox 1955 5168 2050 5222; x_wconf 77' lang='lat' dir='ltr'><strong>ge-</strong></span> 
     </span>
    </p>
   </div>
   <div class='ocr_carea' id='block_1_97' title="bbox 480 5243 2051 5319">
    <p class='ocr_par' dir='ltr' id='par_1_97' title="bbox 480 5243 2051 5319">
     <span class='ocr_line' id='line_1_97' title="bbox 480 5243 2051 5319; baseline 0.004 -24"><span class='ocrx_word' id='word_1_806' title='bbox 480 5243 655 5297; x_wconf 89' lang='lat' dir='ltr'><strong>nitum</strong></span> <span class='ocrx_word' id='word_1_807' title='bbox 701 5244 868 5314; x_wconf 80' lang='lat' dir='ltr'><strong>igitur</strong></span> <span class='ocrx_word' id='word_1_808' title='bbox 917 5260 1025 5299; x_wconf 90' lang='lat' dir='ltr'><strong>non</strong></span> <span class='ocrx_word' id='word_1_809' title='bbox 1087 5253 1168 5299; x_wconf 88' lang='lat' dir='ltr'><strong>est</strong></span> <span class='ocrx_word' id='word_1_810' title='bbox 1196 5246 1523 5302; x_wconf 87' lang='lat' dir='ltr'><strong>substantia.</strong></span> <span class='ocrx_word' id='word_1_811' title='bbox 1576 5251 1654 5303; x_wconf 83' lang='lat' dir='ltr'><strong>Ac</strong></span> <span class='ocrx_word' id='word_1_812' title='bbox 1704 5249 1750 5303; x_wconf 93' lang='lat' dir='ltr'><strong>si</strong></span> <span class='ocrx_word' id='word_1_813' title='bbox 1811 5248 2051 5319; x_wconf 76' lang='lat' dir='ltr'><strong>genitum</strong></span> 
     </span>
    </p>
   </div>
   <div class='ocr_carea' id='block_1_98' title="bbox 480 5336 2053 5409">
    <p class='ocr_par' dir='ltr' id='par_1_98' title="bbox 480 5336 2053 5409">
     <span class='ocr_line' id='line_1_98' title="bbox 480 5336 2053 5409; baseline 0.005 -22"><span class='ocrx_word' id='word_1_814' title='bbox 480 5351 590 5388; x_wconf 89' lang='lat' dir='ltr'><strong>non</strong></span> <span class='ocrx_word' id='word_1_815' title='bbox 622 5343 707 5390; x_wconf 89' lang='lat' dir='ltr'><strong>est</strong></span> <span class='ocrx_word' id='word_1_816' title='bbox 750 5336 1081 5401; x_wconf 89' lang='lat' dir='ltr'><strong>substantia,</strong></span> <span class='ocrx_word' id='word_1_817' title='bbox 1123 5351 1231 5391; x_wconf 91' lang='lat' dir='ltr'><strong>non</strong></span> <span class='ocrx_word' id='word_1_818' title='bbox 1261 5338 1504 5409; x_wconf 80' lang='lat' dir='ltr'><strong>genitum</strong></span> <span class='ocrx_word' id='word_1_819' title='bbox 1534 5354 1751 5409; x_wconf 89' lang='lat' dir='ltr'><strong>quoque</strong></span> <span class='ocrx_word' id='word_1_820' title='bbox 1792 5355 1900 5395; x_wconf 90' lang='lat' dir='ltr'><strong>non</strong></span> <span class='ocrx_word' id='word_1_821' title='bbox 1932 5339 2053 5395; x_wconf 82' lang='lat' dir='ltr'><strong>fue-</strong></span> 
     </span>
    </p>
   </div>
   <div class='ocr_carea' id='block_1_99' title="bbox 480 5426 2054 5503">
    <p class='ocr_par' dir='ltr' id='par_1_99' title="bbox 480 5426 2054 5503">
     <span class='ocr_line' id='line_1_99' title="bbox 480 5426 2054 5503; baseline 0.006 -26"><span class='ocrx_word' id='word_1_822' title='bbox 480 5426 553 5478; x_wconf 76' lang='lat' dir='ltr'><strong>rit</strong></span> <span class='ocrx_word' id='word_1_823' title='bbox 582 5428 909 5483; x_wconf 78' lang='lat' dir='ltr'><strong>substantia.</strong></span> <span class='ocrx_word' id='word_1_824' title='bbox 958 5426 1115 5493; x_wconf 89' lang='lat' dir='ltr'><strong>Quod</strong></span> <span class='ocrx_word' id='word_1_825' title='bbox 1146 5431 1192 5485; x_wconf 92' lang='lat' dir='ltr'><strong>si</strong></span> <span class='ocrx_word' id='word_1_826' title='bbox 1237 5447 1346 5485; x_wconf 92' lang='lat' dir='ltr'><strong>non</strong></span> <span class='ocrx_word' id='word_1_827' title='bbox 1386 5434 1626 5503; x_wconf 73' lang='lat' dir='ltr'><strong>genitum</strong></span> <span class='ocrx_word' id='word_1_828' title='bbox 1674 5438 1759 5487; x_wconf 93' lang='lat' dir='ltr'><strong>est</strong></span> <span class='ocrx_word' id='word_1_829' title='bbox 1798 5433 2054 5489; x_wconf 85' lang='lat' dir='ltr'><strong>substan-</strong></span> 
     </span>
    </p>
   </div>
   <div class='ocr_carea' id='block_1_100' title="bbox 2163 4686 3732 4762">
    <p class='ocr_par' dir='ltr' id='par_1_100' title="bbox 2163 4686 3732 4762">
     <span class='ocr_line' id='line_1_100' title="bbox 2163 4686 3732 4762; baseline -0.004 -17"><span class='ocrx_word' id='word_1_830' title='bbox 2163 4692 2274 4762; x_wconf 80' lang='grc' dir='ltr'>γὰρ</span> <span class='ocrx_word' id='word_1_831' title='bbox 2293 4689 2390 4761; x_wconf 80' lang='grc' dir='ltr'>τὴν</span> <span class='ocrx_word' id='word_1_832' title='bbox 2419 4689 2625 4753; x_wconf 86' lang='grc' dir='ltr'>οὐσίαν,</span> <span class='ocrx_word' id='word_1_833' title='bbox 2654 4690 2792 4759; x_wconf 84' lang='grc' dir='ltr'>ὅπερ</span> <span class='ocrx_word' id='word_1_834' title='bbox 2829 4688 2976 4741; x_wconf 80' lang='grc' dir='ltr'>ἐστὶν</span> <span class='ocrx_word' id='word_1_835' title='bbox 3004 4686 3227 4757; x_wconf 81' lang='grc' dir='ltr'>ἀληθὲς,</span> <span class='ocrx_word' id='word_1_836' title='bbox 3257 4688 3494 4756; x_wconf 82' lang='grc' dir='ltr'>τοσαύτη</span> <span class='ocrx_word' id='word_1_837' title='bbox 3521 4686 3671 4740; x_wconf 75' lang='grc' dir='ltr'>ἔσται</span> <span class='ocrx_word' id='word_1_838' title='bbox 3698 4686 3732 4753; x_wconf 72' lang='grc' dir='ltr'><strong>ἡ</strong></span> 
     </span>
    </p>
   </div>
   <div class='ocr_carea' id='block_1_101' title="bbox 2165 4775 3736 4853">
    <p class='ocr_par' dir='ltr' id='par_1_101' title="bbox 2165 4775 3736 4853">
     <span class='ocr_line' id='line_1_101' title="bbox 2165 4775 3736 4853; baseline -0.003 -18"><span class='ocrx_word' id='word_1_839' title='bbox 2165 4782 2506 4853; x_wconf 86' lang='grc' dir='ltr'>παραλλαγή.</span> <span class='ocrx_word' id='word_1_840' title='bbox 2549 4782 2703 4849; x_wconf 81' lang='grc' dir='ltr'>ὀρθ.</span> <span class='ocrx_word' id='word_1_841' title='bbox 2732 4781 2842 4834; x_wconf 73' lang='grc' dir='ltr'>Καὶ</span> <span class='ocrx_word' id='word_1_842' title='bbox 2873 4782 3033 4852; x_wconf 77' lang='grc' dir='ltr'>ἡμεῖς</span> <span class='ocrx_word' id='word_1_843' title='bbox 3056 4779 3114 4832; x_wconf 80' lang='lat' dir='ltr'><strong>6‘s</strong></span> <span class='ocrx_word' id='word_1_844' title='bbox 3146 4781 3253 4853; x_wconf 80' lang='grc' dir='ltr'>πρὸ</span> <span class='ocrx_word' id='word_1_845' title='bbox 3281 4780 3500 4834; x_wconf 82' lang='grc' dir='ltr'>πάντων</span> <span class='ocrx_word' id='word_1_846' title='bbox 3527 4775 3736 4849; x_wconf 73' lang='grc' dir='ltr'>ἐρωτῶ-</span> 
     </span>
    </p>
   </div>
   <div class='ocr_carea' id='block_1_102' title="bbox 2166 4870 3735 4944">
    <p class='ocr_par' dir='ltr' id='par_1_102' title="bbox 2166 4870 3735 4944">
     <span class='ocr_line' id='line_1_102' title="bbox 2166 4870 3735 4944; baseline -0.002 -18"><span class='ocrx_word' id='word_1_847' title='bbox 2166 4891 2288 4944; x_wconf 86' lang='grc' dir='ltr'>μεν,</span> <span class='ocrx_word' id='word_1_848' title='bbox 2339 4874 2393 4926; x_wconf 88' lang='grc' dir='ltr'><strong>τί</strong></span> <span class='ocrx_word' id='word_1_849' title='bbox 2424 4873 2674 4943; x_wconf 85' lang='grc' dir='ltr'>σημαίνει</span> <span class='ocrx_word' id='word_1_850' title='bbox 2716 4874 2779 4927; x_wconf 83' lang='grc' dir='ltr'><strong>τὸ</strong></span> <span class='ocrx_word' id='word_1_851' title='bbox 2825 4872 3102 4943; x_wconf 84' lang='grc' dir='ltr'>γεννητόν.</span> <span class='ocrx_word' id='word_1_852' title='bbox 3138 4873 3202 4927; x_wconf 75' lang='grc' dir='ltr'><strong>Εἰ</strong></span> <span class='ocrx_word' id='word_1_853' title='bbox 3254 4872 3353 4943; x_wconf 81' lang='grc' dir='ltr'>μὲν</span> <span class='ocrx_word' id='word_1_854' title='bbox 3379 4871 3490 4943; x_wconf 92' lang='grc' dir='ltr'><strong>γάρ</strong></span> <span class='ocrx_word' id='word_1_855' title='bbox 3514 4870 3611 4942; x_wconf 77' lang='grc' dir='ltr'><strong>τὴν</strong></span> <span class='ocrx_word' id='word_1_856' title='bbox 3646 4870 3735 4923; x_wconf 72' lang='lat'><strong>06-</strong></span> 
     </span>
    </p>
   </div>
   <div class='ocr_carea' id='block_1_103' title="bbox 2166 4961 3730 5037">
    <p class='ocr_par' dir='ltr' id='par_1_103' title="bbox 2166 4961 3730 5037">
     <span class='ocr_line' id='line_1_103' title="bbox 2166 4961 3730 5037; baseline -0.001 -19"><span class='ocrx_word' id='word_1_857' title='bbox 2166 4965 2308 5031; x_wconf 86' lang='grc' dir='ltr'>σίαν,</span> <span class='ocrx_word' id='word_1_858' title='bbox 2340 4965 2478 5037; x_wconf 53' lang='grc' dir='ltr'><strong>ὅπερ</strong></span> <span class='ocrx_word' id='word_1_859' title='bbox 2505 4968 2621 5020; x_wconf 75' lang='grc' dir='ltr'>ἐστὶ</span> <span class='ocrx_word' id='word_1_860' title='bbox 2647 4964 2862 5035; x_wconf 76' lang='grc' dir='ltr'>ψεῦδος,</span> <span class='ocrx_word' id='word_1_861' title='bbox 2889 4966 3065 5019; x_wconf 84' lang='grc' dir='ltr'>πάντα</span> <span class='ocrx_word' id='word_1_862' title='bbox 3095 4965 3168 5019; x_wconf 76' lang='grc' dir='ltr'>τὰ</span> <span class='ocrx_word' id='word_1_863' title='bbox 3192 4962 3429 5033; x_wconf 85' lang='grc' dir='ltr'>γεννητὰ</span> <span class='ocrx_word' id='word_1_864' title='bbox 3446 4961 3730 5033; x_wconf 71' lang='grc' dir='ltr'>ὁμοούσιαο</span> 
     </span>
    </p>
   </div>
   <div class='ocr_carea' id='block_1_104' title="bbox 2162 5053 3738 5128">
    <p class='ocr_par' dir='ltr' id='par_1_104' title="bbox 2162 5053 3738 5128">
     <span class='ocr_line' id='line_1_104' title="bbox 2162 5053 3738 5128; baseline -0.003 -17"><span class='ocrx_word' id='word_1_865' title='bbox 2162 5059 2212 5111; x_wconf 80' lang='grc' dir='ltr'><strong>ει</strong></span> <span class='ocrx_word' id='word_1_866' title='bbox 2240 5058 2298 5111; x_wconf 85' lang='grc' dir='ltr'>δὲ</span> <span class='ocrx_word' id='word_1_867' title='bbox 2324 5057 2386 5110; x_wconf 88' lang='grc' dir='ltr'><strong>οὐ</strong></span> <span class='ocrx_word' id='word_1_868' title='bbox 2413 5058 2592 5112; x_wconf 81' lang='grc' dir='ltr'>πάντα</span> <span class='ocrx_word' id='word_1_869' title='bbox 2621 5058 2693 5112; x_wconf 86' lang='grc' dir='ltr'><strong>τά</strong></span> <span class='ocrx_word' id='word_1_870' title='bbox 2710 5058 2945 5128; x_wconf 81' lang='grc' dir='ltr'>γεννητά</span> <span class='ocrx_word' id='word_1_871' title='bbox 2968 5057 3250 5126; x_wconf 86' lang='grc' dir='ltr'>ὁμοούσια,</span> <span class='ocrx_word' id='word_1_872' title='bbox 3277 5056 3416 5126; x_wconf 66' lang='lat' dir='ltr'><strong>amp</strong></span> <span class='ocrx_word' id='word_1_873' title='bbox 3440 5055 3587 5108; x_wconf 72' lang='grc' dir='ltr'>ἐστὶν</span> <span class='ocrx_word' id='word_1_874' title='bbox 3610 5053 3738 5123; x_wconf 77' lang='grc' dir='ltr'>ἁλη-</span> 
     </span>
    </p>
   </div>
   <div class='ocr_carea' id='block_1_105' title="bbox 2163 5146 3735 5223">
    <p class='ocr_par' dir='ltr' id='par_1_105' title="bbox 2163 5146 3735 5223">
     <span class='ocr_line' id='line_1_105' title="bbox 2163 5146 3735 5223; baseline -0.003 -20"><span class='ocrx_word' id='word_1_875' title='bbox 2163 5150 2273 5215; x_wconf 79' lang='grc' dir='ltr'>θὲς,</span> <span class='ocrx_word' id='word_1_876' title='bbox 2309 5152 2409 5204; x_wconf 83' lang='grc' dir='ltr'><strong>οὐκ</strong></span> <span class='ocrx_word' id='word_1_877' title='bbox 2439 5152 2548 5223; x_wconf 79' lang='grc' dir='ltr'>ἄρα</span> <span class='ocrx_word' id='word_1_878' title='bbox 2577 5151 2638 5205; x_wconf 79' lang='grc' dir='ltr'>τὸ</span> <span class='ocrx_word' id='word_1_879' title='bbox 2671 5151 2931 5221; x_wconf 86' lang='grc' dir='ltr'>γεννητὸν</span> <span class='ocrx_word' id='word_1_880' title='bbox 2970 5146 3150 5204; x_wconf 87' lang='grc' dir='ltr'>οὐσία.</span> <span class='ocrx_word' id='word_1_881' title='bbox 3199 5149 3263 5202; x_wconf 86' lang='grc' dir='ltr'><strong>Εἰ</strong></span> <span class='ocrx_word' id='word_1_882' title='bbox 3290 5148 3351 5202; x_wconf 77' lang='grc' dir='ltr'>δὲ</span> <span class='ocrx_word' id='word_1_883' title='bbox 3386 5150 3451 5202; x_wconf 81' lang='grc' dir='ltr'><strong>τὸ</strong></span> <span class='ocrx_word' id='word_1_884' title='bbox 3482 5148 3735 5219; x_wconf 84' lang='grc' dir='ltr'>γεννητὸν</span> 
     </span>
    </p>
   </div>
   <div class='ocr_carea' id='block_1_106' title="bbox 2160 5241 3737 5313">
    <p class='ocr_par' dir='ltr' id='par_1_106' title="bbox 2160 5241 3737 5313">
     <span class='ocr_line' id='line_1_106' title="bbox 2160 5241 3737 5313; baseline -0.004 -13"><span class='ocrx_word' id='word_1_885' title='bbox 2160 5245 2260 5300; x_wconf 83' lang='grc' dir='ltr'>οὐκ</span> <span class='ocrx_word' id='word_1_886' title='bbox 2284 5244 2464 5308; x_wconf 88' lang='grc' dir='ltr'>οὐσία,</span> <span class='ocrx_word' id='word_1_887' title='bbox 2492 5245 2613 5299; x_wconf 79' lang='grc' dir='ltr'>οὐδὲ</span> <span class='ocrx_word' id='word_1_888' title='bbox 2634 5245 2696 5299; x_wconf 84' lang='grc' dir='ltr'><strong>τὸ</strong></span> <span class='ocrx_word' id='word_1_889' title='bbox 2728 5244 3021 5313; x_wconf 76' lang='grc' dir='ltr'>ἀγέννητον</span> <span class='ocrx_word' id='word_1_890' title='bbox 3044 5241 3224 5296; x_wconf 78' lang='grc' dir='ltr'>οὐσία.</span> <span class='ocrx_word' id='word_1_891' title='bbox 3255 5243 3319 5296; x_wconf 82' lang='grc' dir='ltr'><strong>Εἰ</strong></span> <span class='ocrx_word' id='word_1_892' title='bbox 3351 5241 3412 5295; x_wconf 74' lang='grc' dir='ltr'><strong>δὲ</strong></span> <span class='ocrx_word' id='word_1_893' title='bbox 3430 5242 3493 5295; x_wconf 80' lang='grc' dir='ltr'><strong>τὸ</strong></span> <span class='ocrx_word' id='word_1_894' title='bbox 3512 5241 3737 5309; x_wconf 81' lang='grc' dir='ltr'>ἀγέννη-</span> 
     </span>
    </p>
   </div>
   <div class='ocr_carea' id='block_1_107' title="bbox 2159 5331 3739 5406">
    <p class='ocr_par' dir='ltr' id='par_1_107' title="bbox 2159 5331 3739 5406">
     <span class='ocr_line' id='line_1_107' title="bbox 2159 5331 3739 5406; baseline -0.007 -15"><span class='ocrx_word' id='word_1_895' title='bbox 2159 5354 2248 5391; x_wconf 86' lang='grc' dir='ltr'><strong>τον</strong></span> <span class='ocrx_word' id='word_1_896' title='bbox 2280 5336 2459 5402; x_wconf 86' lang='grc' dir='ltr'>οὐσία,</span> <span class='ocrx_word' id='word_1_897' title='bbox 2490 5336 2551 5391; x_wconf 79' lang='grc' dir='ltr'>τὸ</span> <span class='ocrx_word' id='word_1_898' title='bbox 2574 5337 2631 5391; x_wconf 82' lang='grc' dir='ltr'>δὲ</span> <span class='ocrx_word' id='word_1_899' title='bbox 2659 5336 2913 5406; x_wconf 78' lang='grc' dir='ltr'>γεννητὸν</span> <span class='ocrx_word' id='word_1_900' title='bbox 2948 5335 3048 5387; x_wconf 84' lang='grc' dir='ltr'><strong>οὐκ</strong></span> <span class='ocrx_word' id='word_1_901' title='bbox 3070 5334 3251 5398; x_wconf 84' lang='grc' dir='ltr'>οὐσία,</span> <span class='ocrx_word' id='word_1_902' title='bbox 3273 5332 3500 5387; x_wconf 85' lang='grc' dir='ltr'>ἀνούσια</span> <span class='ocrx_word' id='word_1_903' title='bbox 3525 5331 3594 5385; x_wconf 73' lang='grc' dir='ltr'>τὰ</span> <span class='ocrx_word' id='word_1_904' title='bbox 3617 5347 3739 5399; x_wconf 83' lang='grc' dir='ltr'>γεν-</span> 
     </span>
    </p>
   </div>
   <div class='ocr_carea' id='block_1_108' title="bbox 2160 5418 3736 5500">
    <p class='ocr_par' dir='ltr' id='par_1_108' title="bbox 2160 5418 3736 5500">
     <span class='ocr_line' id='line_1_108' title="bbox 2160 5418 3736 5500; baseline -0.004 -19"><span class='ocrx_word' id='word_1_905' title='bbox 2160 5428 2317 5500; x_wconf 87' lang='grc' dir='ltr'>νητά.</span> <span class='ocrx_word' id='word_1_906' title='bbox 2364 5427 2429 5481; x_wconf 87' lang='grc' dir='ltr'><strong>Τί</strong></span> <span class='ocrx_word' id='word_1_907' title='bbox 2471 5423 2563 5482; x_wconf 76' lang='grc' dir='ltr'><strong>οὖν</strong></span> <span class='ocrx_word' id='word_1_908' title='bbox 2596 5428 2707 5496; x_wconf 67' lang='lat'><strong>(27)</strong></span> <span class='ocrx_word' id='word_1_909' title='bbox 2741 5428 2918 5495; x_wconf 77' lang='grc' dir='ltr'>λέγεις</span> <span class='ocrx_word' id='word_1_910' title='bbox 2966 5425 3253 5496; x_wconf 72' lang='grc' dir='ltr'>ἀνόμοιονς</span> <span class='ocrx_word' id='word_1_911' title='bbox 3288 5423 3363 5477; x_wconf 84' lang='grc' dir='ltr'><strong>Τὸ</strong></span> <span class='ocrx_word' id='word_1_912' title='bbox 3406 5424 3516 5495; x_wconf 76' lang='grc' dir='ltr'><strong>γὰρ</strong></span> <span class='ocrx_word' id='word_1_913' title='bbox 3564 5422 3637 5494; x_wconf 79' lang='grc' dir='ltr'>μὴ</span> <span class='ocrx_word' id='word_1_914' title='bbox 3673 5418 3736 5475; x_wconf 70' lang='grc' dir='ltr'><strong>ὃν</strong></span> 
     </span>
    </p>
   </div>
   <div class='ocr_carea' id='block_1_109' title="bbox 555 5580 2059 5649">
    <p class='ocr_par' dir='ltr' id='par_1_109' title="bbox 555 5580 2044 5649">
     <span class='ocr_line' id='line_1_109' title="bbox 555 5580 2044 5649; baseline 0.008 -17"><span class='ocrx_word' id='word_1_915' title='bbox 555 5581 623 5612; x_wconf 80' lang='lat'><strong>“‘</strong></span> <span class='ocrx_word' id='word_1_916' title='bbox 639 5580 806 5636; x_wconf 82' lang='lat' dir='ltr'><strong>Hebr.</strong></span> <span class='ocrx_word' id='word_1_917' title='bbox 836 5600 873 5647; x_wconf 88' lang='grc' dir='ltr'><strong>ι,</strong></span> <span class='ocrx_word' id='word_1_918' title='bbox 910 5586 965 5639; x_wconf 80' lang='grc'>5.</span> <span class='ocrx_word' id='word_1_919' title='bbox 1040 5584 1085 5615; x_wconf 85' lang='grc'><strong>⁸⁷</strong></span> <span class='ocrx_word' id='word_1_920' title='bbox 1123 5583 1281 5639; x_wconf 87' lang='lat' dir='ltr'><strong>Joan.</strong></span> <span class='ocrx_word' id='word_1_921' title='bbox 1317 5603 1372 5649; x_wconf 73' lang='grc' dir='ltr'>ν,</span> <span class='ocrx_word' id='word_1_922' title='bbox 1408 5584 1494 5641; x_wconf 79' lang='grc'><strong>19.</strong></span> <span class='ocrx_word' id='word_1_923' title='bbox 1570 5587 1616 5619; x_wconf 83' lang='grc'>⁸⁸</span> <span class='ocrx_word' id='word_1_924' title='bbox 1647 5586 1793 5644; x_wconf 82' lang='lat' dir='ltr'><strong>Psal.</strong></span> <span class='ocrx_word' id='word_1_925' title='bbox 1826 5601 1955 5648; x_wconf 85' lang='lat' dir='ltr'><strong>cm,</strong></span> <span class='ocrx_word' id='word_1_926' title='bbox 1990 5585 2044 5639; x_wconf 70' lang='grc'>4.</span> 
     </span>
    </p>
   </div>
   <div class='ocr_carea' id='block_1_110' title="bbox 2164 5580 2908 5649">
    <p class='ocr_par' dir='ltr' id='par_1_110' title="bbox 2164 5581 2908 5646">
     <span class='ocr_line' id='line_1_110' title="bbox 2164 5581 2908 5646; baseline -0.007 -7"><span class='ocrx_word' id='word_1_927' title='bbox 2164 5585 2171 5615; x_wconf 72' lang='grc'><strong><em>⁵</em></strong></span> <span class='ocrx_word' id='word_1_928' title='bbox 2211 5586 2345 5641; x_wconf 87' lang='lat' dir='ltr'><strong>ibid.</strong></span> <span class='ocrx_word' id='word_1_929' title='bbox 2377 5583 2431 5639; x_wconf 81' lang='lat'><strong>5.</strong></span> <span class='ocrx_word' id='word_1_930' title='bbox 2506 5585 2552 5616; x_wconf 76' lang='lat'><strong>‘°</strong></span> <span class='ocrx_word' id='word_1_931' title='bbox 2589 5581 2693 5639; x_wconf 76' lang='lat' dir='ltr'><strong>Joh</strong></span> <span class='ocrx_word' id='word_1_932' title='bbox 2726 5598 2777 5637; x_wconf 74' lang='grc' dir='ltr'>ιι</span> <span class='ocrx_word' id='word_1_933' title='bbox 2803 5624 2817 5646; x_wconf 91' lang='grc'><strong>,</strong></span> <span class='ocrx_word' id='word_1_934' title='bbox 2853 5581 2908 5635; x_wconf 87' lang='lat'><strong>9.</strong></span> 
     </span>
    </p>
   </div>
   <div class='ocr_carea' id='block_1_111' title="bbox 552 5733 2042 5811">
    <p class='ocr_par' dir='ltr' id='par_1_111' title="bbox 552 5733 2042 5811">
     <span class='ocr_line' id='line_1_111' title="bbox 552 5733 2042 5811; baseline 0.002 -22"><span class='ocrx_word' id='word_1_935' title='bbox 552 5733 892 5811; x_wconf 33' lang='lat'><strong>($611391?</strong></span> <span class='ocrx_word' id='word_1_936' title='bbox 916 5809 924 5811; x_wconf 92' lang='lat'><em>_</em></span> <span class='ocrx_word' id='word_1_937' title='bbox 946 5737 1363 5811; x_wconf 74' lang='grc' dir='ltr'>ἀπαράλλακτος</span> <span class='ocrx_word' id='word_1_938' title='bbox 1383 5760 1394 5767; x_wconf 88' lang='grc'>·</span> <span class='ocrx_word' id='word_1_939' title='bbox 1423 5742 1571 5808; x_wconf 80' lang='grc' dir='ltr'>Ὀρθ.</span> <span class='ocrx_word' id='word_1_940' title='bbox 1603 5743 1665 5795; x_wconf 78' lang='lat' dir='ltr'><strong>El</strong></span> <span class='ocrx_word' id='word_1_941' title='bbox 1728 5741 1846 5811; x_wconf 87' lang='grc' dir='ltr'>μέν.</span> <span class='ocrx_word' id='word_1_942' title='bbox 1898 5739 2042 5795; x_wconf 71' lang='lat' dir='ltr'><strong>Mss.</strong></span> 
     </span>
    </p>
   </div>
   <div class='ocr_carea' id='block_1_112' title="bbox 485 5806 1363 5881">
    <p class='ocr_par' dir='ltr' id='par_1_112' title="bbox 485 5806 1363 5881">
     <span class='ocr_line' id='line_1_112' title="bbox 485 5806 1363 5881; baseline 0.005 -22"><span class='ocrx_word' id='word_1_943' title='bbox 485 5806 643 5861; x_wconf 85' lang='lat' dir='ltr'><strong>male.</strong></span> <span class='ocrx_word' id='word_1_944' title='bbox 670 5806 804 5861; x_wconf 78' lang='lat' dir='ltr'><strong>Ibid.</strong></span> <span class='ocrx_word' id='word_1_945' title='bbox 836 5807 1005 5863; x_wconf 83' lang='lat' dir='ltr'><strong>Palat.</strong></span> <span class='ocrx_word' id='word_1_946' title='bbox 1037 5806 1363 5881; x_wconf 76' lang='grc' dir='ltr'>διατρέπειν.</span> 
     </span>
    </p>
   </div>
   <div class='ocr_carea' id='block_1_113' title="bbox 2227 5733 2956 5811">
    <p class='ocr_par' dir='ltr' id='par_1_113' title="bbox 2227 5733 2956 5811">
     <span class='ocr_line' id='line_1_113' title="bbox 2227 5733 2956 5811; baseline -0.016 -12"><span class='ocrx_word' id='word_1_947' title='bbox 2227 5739 2340 5811; x_wconf 68' lang='grc'>(27)</span> <span class='ocrx_word' id='word_1_948' title='bbox 2378 5733 2483 5790; x_wconf 72' lang='grc' dir='ltr'>Οὗν</span> <span class='ocrx_word' id='word_1_949' title='bbox 2517 5738 2668 5794; x_wconf 84' lang='lat' dir='ltr'><strong>deest</strong></span> <span class='ocrx_word' id='word_1_950' title='bbox 2702 5738 2756 5793; x_wconf 90' lang='lat' dir='ltr'><strong>in</strong></span> <span class='ocrx_word' id='word_1_951' title='bbox 2783 5734 2956 5790; x_wconf 82' lang='lat' dir='ltr'><strong>Palat.</strong></span> 
     </span>
    </p>
   </div>
  </div>
