3898 6516
167 402 311 462 ΗΠ

1160 408 1247 465 DE
1287 407 1557 465 SANCTA
1594 406 1968 463 TRINITATE
2004 407 2349 465 DIALOGUS
2386 408 2448 463 ll.

3281 401 3418 463 H78

159 524 261 580 τοιῦ
294 518 456 587 Υἱοῦ,
486 523 604 578 ἀλλ’
631 525 666 595 ή
699 523 914 592 γένεσις
941 524 1077 598 (42),
1120 528 1326 599 ταύτης
1355 526 1508 582 ἐσται
1539 530 1569 581 6
1595 526 1736 591 Υἱὸς,

1849 540 2043 582 censes
2069 527 2386 599 ὰγεννησία,
2411 541 2508 582 seu
2530 513 2948 582 innascibilitas.
2979 524 3105 609 [lac
3123 525 3290 595 igitur
3312 527 3420 582 erit

160 614 262 667 καὶ
301 611 444 683 αὐτὴ
473 613 639 667 αὐτοῦ
670 615 878 687 Πατήρ.
911 616 1239 681 Βαπτισθεὶς
1262 619 1373 691 ἄρα
1398 621 1479 683 είς
1503 621 1742 692 Πατέρα,

156 704 248 768 εἰς
280 703 499 773 γένεσιν
528 706 861 777 ἐδαπτίσθης
886 710 979 763 καὶ
1007 711 1084 774 είς
1108 712 1198 765 τὸν
1226 713 1429 785 ταύτης
1458 714 1584 767 Υίόν
1610 715 1743 785 (45).

158 796 327 867 Τάχα
375 796 485 869 γάρ
533 798 671 861 οὐδὲ,
718 802 767 853 εί
814 800 929 854 ἐστι
982 804 1205 874 Πνεῦμα
1251 804 1427 873 ἅγιον,
1478 808 1739 878 ἀκήκοας.

176 884 387 954 Ἀγόμ.
424 886 597 940 Πόθεν
624 887 688 941 ἀν
715 906 800 953 τις
842 878 944 961 τὴν
972 892 1281 947 ὐποστᾶσαν
1312 895 1449 966 πρὸς
1479 897 1579 966 τὴν
1607 897 1744 951 ὐπο-

160 978 453 1047 στήσασαν
485 978 646 1047 φύσιν
692 980 754 1033 τὸ
797 982 1211 1054 ἀπαράλλακτον
1253 987 1333 1049 είς
1375 987 1562 1042 οὐσίαν
1599 988 1745 1058 ἔχειν

158 1071 602 1141 συγχωρήσειεν,
654 1074 716 1126 οὐ
764 1076 1131 1149 προσιεμένης
1166 1076 1268 1149 τῆς
1304 1080 1561 1150 τοιαύτης
1610 1083 1745 1135 ὐπο-

156 1161 419 1225 στάσεως
453 1162 703 1231 γένεσιν;
750 1165 905 1233 Ὀρθ.
937 1168 1001 1220 Ei
1043 1170 1075 1240 ή
1117 1169 1216 1239 μὲν
1258 1169 1541 1225 ὐποστᾶσα
1583 1173 1745 1241 φύσις

157 1244 368 1310 ἔξωθεν
396 1250 768 1319 προσεγένετο,
798 1253 1215 1325 ἀπαράλλακτος
1236 1253 1373 1313 εἶναι
1404 1260 1465 1314 οὐ
1487 1260 1740 1316 δύναται·

155 1336 212 1385 εί
241 1335 304 1388 δὲ
343 1335 402 1400 ἐξ
435 1339 597 1393 αὐτοῦ
642 1342 961 1417 γεγέννηται
993 1345 1069 1411 ὡς
1097 1347 1438 1420 ἀπαύγασμα
1464 1350 1621 1423 δόξης
1649 1352 1744 1407 καὶ

153 1423 457 1496 χαρακτήρ
494 1428 594 1498 τῆς
642 1429 1011 1499 ὑποστάσεως,
1056 1436 1118 1489 τὸ
1155 1436 1569 1509 ἀπαράλλακτον
1608 1441 1740 1512 ἔχει.

163 1530 182 1605 ι
210 1512 272 1566 ὐ
304 1533 326 1605 ι
357 1514 468 1587 γὰρ
501 1536 520 1568 ‹
557 1519 817 1590 ἑωρακὼς
845 1523 947 1593 ἐμὲ
971 1523 1183 1597 ἑώρακε
1208 1527 1299 1581 τὸν
1330 1529 1571 1604 Πατέρα,
1596 1552 1616 1584 ι
1644 1534 1743 1605 οὐχ

152 1603 361 1658 ἑαυτὸν
391 1607 569 1677 φήσας
602 1609 821 1683 Πατέρα
848 1613 959 1684 (ιι)
991 1611 1152 1680 εἷναι,
1194 1615 1332 1671 ἀλλά
1354 1603 1592 1676 τοιοῦτον
1631 1603 1743 1675 οἷον

150 1694 254 1748 τὸν
282 1696 527 1770 Πατέρα.

234 1962 328 2017 15.
377 1964 573 2035 Ἀνόμ.
625 1966 691 2019 Et
738 1965 1107 2040 ἀτελευτήτως
1153 1969 1396 2042 διαμένει
1429 1974 1460 2025 ό
1504 1971 1636 2037 Θεὸς
1685 1974 1744 2028 ἐν

153 2056 447 2127 ἀγεννήτῳ
483 2056 663 2126 φύσει,
697 2059 790 2113 καὶ⁸
827 2059 1201 2131 ἀτελευτήτως
1243 2062 1306 2115 τὸ
1349 2062 1592 2136 γέννημα
1618 2064 1744 2133 γέν-

157 2147 320 2219 νεμά
340 2148 493 2217 ,ἐστιν
511 2148 645 2220 (45),
671 2151 705 2222 ή
732 2150 827 2205 τοῦ
856 2153 1140 2223 όμοουσίου
1165 2154 1257 2207 καὶ
1287 2156 1621 2225 όμοιοουσίου
1644 2173 1743 2212 κα-

155 2239 383 2306 κοδοξία
442 2243 1015 2317 παραφανισθήσεται·
1051 2247 1265 2301 ἵσταται
1290 2247 1348 2301 δὲ
1376 2248 1439 2302 τὸ
1485 2250 1544 2303 ἐν
1585 2250 1742 2322 οὐσίᾳ

152 2330 522 2404 ἀσύγκριτον,
562 2334 829 2406 ἑκατέρας
873 2336 1087 2406 φύσεως
1135 2337 1429 2405 ἀπαύστως
1459 2340 1741 2412 διαμενού-

153 2434 261 2492 σης
300 2422 361 2476 ἐν
392 2422 472 2493 τῷ
499 2424 682 2497 οἰκείῳ
712 2426 811 2497 τῆς
843 2427 1058 2496 φύσεως
1089 2427 1356 2500 ἰδιώματι.
1390 2432 1543 2500 Ὀρθ.
1582 2432 1741 2502 Ὁμο⁴

150 2510 343 2581 λογεῖς
385 2511 498 2584 (46)
536 2513 598 2567 τὸ
633 2515 879 2587 γέννημα
915 2516 1129 2589 ἀληθῶς
1160 2519 1424 2592 γέννημα·
1452 2521 1736 2594 όμοούσιον

153 2604 261 2674 μὲν
285 2600 382 2660 οὖν
411 2604 584 2671 ἔσται,
607 2607 707 2661 οὐκ
738 2608 1030 2681 ἀγέννητον
1055 2610 1262 2667 δέ.Ὄτι
1293 2613 1402 2685 γὰρ
1430 2614 1490 2667 τὸ
1512 2614 1739 2687 ἀγέννη-

148 2711 251 2748 τον
290 2694 455 2765 φύσις
495 2696 595 2750 οὐκ
632 2695 768 2763 ἔστι,
809 2696 1109 2752 δέδεικται⁵
1131 2701 1180 2752 εἰ
1226 2700 1334 2772 γὰρ
1357 2700 1416 2754 τὸ
1445 2701 1739 2772 ἀγέννητον

152 2786 327 2858 φύσις
353 2787 489 2859 (47),
529 2790 624 2843 καὶ
663 2789 727 2844 τὸ
759 2791 1015 2862 γεννητὸν
1055 2791 1235 2861 φύσις.
1283 2794 1345 2847 El
1391 2793 1451 2847 τὸ
1482 2795 1739 2866 γεννητὸν

155 2880 347 2947 φύσις,
382 2881 562 2936 πάντα
591 2881 661 2937 τὰ
702 2882 936 2953 γεννητά
985 2883 1087 2953 τῆς
1129 2884 1301 2953 αὐτῆς
1351 2887 1459 2939 εἰσι
1497 2885 1733 2956 φύσεως.

155 2970 221 3022 ει
247 2969 308 3023 δέ
344 2971 407 3024 οὐ
452 2970 631 3026 πάντα
666 2971 737 3025 τὰ
766 2972 998 3043 γεννητά
1033 2976 1132 3038 τῆς
1167 2975 1337 3047 αὐτῆς
1361 2978 1467 3030 εἰσι
1497 2977 1733 3047 φύσεως,

152 3060 219 3115 τὸ
246 3061 506 3133 γεννητὸν
536 3063 636 3116 οὐκ
675 3064 790 3117 ἔστι
814 3063 1007 3134 φύσιςο
1043 3067 1091 3119 εί
1134 3065 1191 3120 δὲ
1227 3066 1289 3120 τὸ
1326 3069 1581 3138 γεννητὸν
1622 3068 1734 3141 (48)

149 3155 255 3207 οὐκ
322 3155 442 3209 ἐστι
490 3157 679 3226 φύσις,
727 3158 846 3213 οὐδὲ
908 3161 969 3214 τὸ
1035 3161 1327 3232 ἀγέννητόν
1379 3164 1495 3216 ἐστι
1549 3162 1728 3232 φύσις.

152 3248 283 3301 Ὀτι
306 3247 365 3301 δὲ
380 3248 665 3318 όμοούσιός
694 3251 809 3305 ἐστι
828 3252 907 3323 τῷ
938 3253 1131 3307 ἑαυτοῦ
1152 3256 1328 3326 Πατρὶ
1346 3257 1376 3308 6
1402 3256 1730 3328 Μονογενὴς,

150 3339 430 3413 ἀκούομεν
473 3340 638 3395 αὐτοῦ
684 3341 931 3412 λέγοντος
955 3362 969 3376 ·
1005 3362 1024 3396 ι
1058 3344 1243 3400 Πάντα
1280 3346 1381 3399 ὅσα
1426 3345 1493 3400 ἂν
1536 3349 1661 3417 ποιῇ
1707 3348 1737 3399 ό

152 3434 372 3505 Πατὴρ,
413 3433 589 3489 ταῦτα
632 3437 724 3491 καί⁹
750 3439 780 3490 6
816 3436 942 3501 Υἱὸς
979 3438 1179 3508 ὁμοίως
1223 3441 1383 3494 ποιεῖ.
1420 3456 1436 3490 ι
1471 3432 1572 3491 Ὧν
1613 3439 1669 3492 δὲ
1701 3440 1734 3511 ἠ

150 3527 296 3599 αὐτὴ
347 3526 620 3599 ἐνέργεια,
649 3531 684 3599 ή
724 3529 861 3600 αὐτὴ
896 3529 1074 3585 οὐσία.
1118 3531 1315 3600 Ἀνόμ.
1352 3531 1414 3583 Ei
1445 3530 1737 3602 ἀγέννητὸς

151 3623 307 3675 ἐστιν
329 3623 361 3675 6
381 3620 513 3685 Θεὸς
542 3621 640 3694 τὴν
659 3622 864 3688 οὐσίαν,
895 3625 995 3678 οὐκ
1018 3624 1205 3689 οὐσίας
1233 3624 1510 3678 διαστάσει
1536 3625 1597 3679 τὸ
1621 3642 1739 3694 γεν-

149 3713 319 3783 νηθὲν
334 3714 620 3786 ἐγεννήθη,
646 3714 759 3769 ἀλλ’
785 3715 1032 3782 ἐξουσίας
1050 3717 1158 3789 (49)
1178 3718 1562 3790 ὐποστησάσης
1580 3719 1734 3777 αὐτό,

151 3809 269 3880 Τήν
303 3807 418 3880 γὰρ
448 3809 621 3881 αὐτὴν
650 3810 838 3863 οὐσίαν
867 3810 960 3864 καὶ
986 3810 1250 3882 γεννητὴν
1270 3806 1409 3865 εἶναι
1447 3814 1539 3867 καὶ
1579 3814 1737 3883 ἀγέν-

148 3919 316 3974 νητον
337 3902 514 3967 οὐδεὶς
539 3902 697 3972 λόγος
732 3904 958 3976 εὐσεϐὴς
992 3906 1293 3976 ἐπιτρέπει.
1332 3907 1485 3975 Ὀρθ.
1516 3907 1630 3961 Οὐκ
1648 3910 1738 3963 οὐ-

153 3996 281 4059 σίας
304 3994 586 4049 διαστάσει
628 3994 688 4047 τὸ
718 3994 980 4066 γεννηθὲν
1010 3995 1271 4067 ἐγεννήθη
1289 4013 1303 4027 σ
1335 3995 1494 4050 τοῦτο
1522 3998 1631 4069 γὰρ
1669 3999 1737 4054 ἂν

148 4086 220 4161 ἦν
252 4087 512 4159 σώματος
538 4088 713 4141 εἰπεῖν
750 4086 849 4159 τήν
877 4088 1094 4141 οὐσίαν⁸
1142 4087 1258 4142 ἀλλ’
1291 4089 1357 4143 ἐκ
1386 4088 1488 4159 τῆς
1514 4090 1738 4162 ἀσωμά-

148 4197 248 4238 Ιπου
283 4181 472 4245 οὐσίας
503 4179 823 4251 θεοπρεπῶς
858 4179 1140 4253 ἐγεννήθη,
1181 4180 1258 4244 ὡς
1280 4180 1620 4252 ἀπαύγασμα
1652 4183 1737 4237 δό-

151 4275 277 4347 ξης.
310 4275 377 4328 Εἰ
402 4273 460 4327 δὲ
499 4275 589 4328 καὶ
612 4273 777 4337 αὐτὸς
801 4274 919 4327 κατ’
945 4273 1211 4340 ἐξουσίαν,
1245 4273 1494 4346 καθάπερ
1523 4277 1572 4328 οἱ
1590 4274 1738 4340 δεξά-

153 4385 312 4439 μενοι
350 4365 550 4420 αὐτὸνσ
585 4366 890 4437 γέγραπται
929 4367 1057 4438 γὰρ,
1104 4367 1186 4420 ὃτι
1221 4384 1240 4417 ι
1278 4367 1517 4423 Ἔδωκεν
1553 4368 1737 4431 αὐτοῖς

147 4460 409 4526 ἐξουσίαν
426 4459 590 4513 τέκνα
611 4458 745 4513 Θεοῦ
771 4457 1053 4527 γενέσθαν
1084 4476 1105 4509 ι
1133 4458 1250 4521 πῶς
1278 4458 1442 4512 αὐτὸν
1470 4457 1734 4529 μονογενῆ

1847 617 1970 673 Filii
2008 634 2176 674 causa
2204 637 2217 673 :
2244 620 2331 675 sin
2361 634 2490 674 vero
2535 634 2647 673 non
2679 619 2797 689 ipse
2828 616 2989 673 Pater
3016 628 3100 675 est
3142 618 3267 673 Filii
3319 633 3417 673 au-

1846 721 1986 779 ctor,
2018 714 2114 769 sed
2142 713 2452 785 generatio;
2491 728 2686 784 nempe
2720 713 2889 768 fuerit
2920 712 3294 784 generationis
3327 711 3421 766 Fi-

1844 806 1973 871 lius,
2003 816 2056 862 et
2076 808 2357 879 generatio
2386 806 2546 861 Pater
2574 807 2769 877 ipsius.
2798 804 2986 876 Itaque
3024 806 3333 875 baptizatus
3361 805 3419 858 in

1844 897 2082 962 Patrem,
2121 898 2292 955 fueris
2339 898 2648 968 baptizatus
2698 898 2756 952 in
2794 898 3219 969 generationem,
3266 906 3321 951 et
3360 899 3417 950 in

1845 987 1965 1055 ejus
1994 985 2212 1042 Filium.
2238 986 2373 1041 Nam
2408 987 2661 1043 fortassis
2692 1003 2761 1041 ne
2788 986 3044 1042 audivisti
3087 985 3306 1057 quidem
3346 998 3417 1038 an

1847 1080 1912 1133 sil
1942 1077 2181 1148 Spiritus
2212 1086 2458 1149 sanctus.
2494 1080 2681 1133 Anam.
2718 1076 3001 1145 Quomodo
3022 1078 3147 1147 quis
3165 1075 3419 1130 admittat

1844 1183 1964 1223 eam
2014 1176 2301 1231 naturam,
2352 1183 2473 1238 quae
2509 1168 2925 1224 subsistentiam
2981 1168 3223 1238 accepit,
3279 1165 3416 1221 nihil

1845 1260 2152 1315 substantia
2179 1260 2399 1316 diﬂ‘erre
2421 1260 2492 1315 ab
2518 1274 2605 1326 ea,
2631 1274 2753 1331 quae
2793 1259 3210 1316 subsistentiam
3238 1257 3414 1314 dede-

1845 1352 1936 1413 rit,
1966 1350 2013 1405 si
2043 1349 2308 1420 ejusmodi
2340 1334 2663 1422 liypostasis‘
2694 1366 2802 1405 non
2843 1350 3083 1405 admittit
3109 1349 3417 1419 generatio-

1844 1444 2008 1499 nem?
2040 1443 2194 1500 Orth.
2227 1440 2507 1513 Siquidem
2538 1457 2601 1497 ea
2627 1451 2821 1496 natura
2850 1457 2972 1513 quas
3003 1441 3413 1496 subsistentiam

1844 1535 2073 1606 accepit.
2121 1535 2465 1591 extrinsecus
2512 1535 2859 1599 accessisset,
2911 1548 3020 1587 non
3068 1539 3217 1588 esset
3261 1532 3415 1586 inva-

1843 1625 1980 1680 riata
2006 1645 2021 1679 :
2055 1624 2140 1680 sin
2169 1639 2299 1679 vero
2319 1639 2385 1679 ex
2404 1639 2473 1680 eo
2500 1626 2683 1694 genita
2711 1630 2816 1684 est,
2839 1628 2898 1675 ιιι
2917 1620 3105 1692 glorise
3133 1619 3411 1690 splendor,

1840 1724 1894 1769 et
1917 1714 2282 1785 hypostasems
2308 1715 2614 1777 character,
2644 1712 2913 1768 invariata
2935 1720 3039 1767 est.
3075 1710 3221 1766 Dixit
3242 1711 3411 1775 enim,

1847 1827 1867 1859 ι
1897 1808 2002 1875 Qui
2036 1808 2174 1862 vidit
2201 1823 2305 1872 me,
2344 1809 2480 1863 vidit
2520 1815 2576 1863 et
2608 1806 2916 1870 Patrem“,
2950 1826 2969 1859 ι
3025 1820 3133 1860 ιιοιι
3172 1804 3320 1875 quod
3352 1821 3414 1861 se

1842 1899 2059 1956 Patrem
2088 1914 2212 1955 esse
2243 1900 2473 1964 diceret,
2508 1899 2603 1955 sed
2642 1899 2804 1954 talem
2830 1898 3012 1968 qualis
3038 1896 3200 1951 Pater
3236 1903 3340 1951 est.

1915 1991 2001 2046 15.
2041 1991 2233 2045 Anam.
2276 1991 2334 2045 Si
2381 1991 2438 2046 in
2484 1999 2803 2061 perpetuum
2844 1996 3125 2059 permanet
3168 1987 3313 2043 Deus
3354 1988 3412 2043 in

1820 2086 2039 2137 "nawra
2083 2097 2191 2137 non
2225 2083 2430 2154 genita,
2466 2090 2520 2138 et
2556 2082 2704 2153 quod
2732 2082 2977 2154 genitum
3006 2091 3111 2149 est,
3151 2092 3414 2154 perpetuo

1840 2180 1927 2230 est
1970 2174 2234 2245 genitum,
2285 2188 2544 2245 perversa
2601 2174 3087 2230 consubstantialis
3126 2182 3181 2230 et
3215 2174 3413 2231 similis

1840 2267 2090 2321 essentia
2121 2264 2371 2321 doctrina
2416 2264 2600 2320 statim
2637 2265 2960 2322 abolebitur.
3003 2264 3276 2321 Statuitur
3312 2279 3412 2319 au-

1841 2365 1950 2410 tem
1996 2355 2303 2411 substantia
2339 2370 2465 2411 esse
2507 2355 2934 2426 comparationis
2968 2355 3147 2411 omnis
3192 2340 3408 2425 expers,

1839 2446 1888 2502 si
1919 2453 2148 2517 utraque
2173 2454 2370 2501 natura
2400 2446 2456 2499 in
2498 2459 2597 2500 sua
2630 2445 2868 2500 naturali
2901 2444 3229 2517 proprietate
3258 2444 3411 2501 inde-

1840 2537 2081 2595 sinenter
2135 2545 2435 2611 permanet.
2490 2534 2644 2592 Orth.
2692 2534 2926 2603 Fateris,
2972 2537 3119 2608 quod
3166 2537 3409 2608 genitum

1838 2634 1945 2693 est,
1986 2642 2115 2682 vere
2156 2642 2282 2683 esse
2308 2627 2553 2699 genitum
2580 2646 2594 2683 :
2620 2629 2726 2683 erit
2760 2642 2897 2699 ergo
2919 2628 3408 2693 consubstantiale,

1840 2732 1952 2771 non
1982 2724 2163 2772 tamen
2188 2733 2298 2773 non
2327 2717 2593 2787 genitum.
2622 2715 2975 2774 Ostendimus
3006 2720 3153 2774 enim
3176 2734 3283 2774 non
3314 2735 3409 2791 ge-

1838 2806 2012 2861 nitum
2045 2822 2154 2861 non
2184 2823 2306 2864 esse
2336 2807 2720 2864 substantiam.
2750 2807 2908 2876 Nam,
2943 2809 2989 2865 si
3018 2825 3129 2865 non
3164 2811 3409 2881 genitum

1837 2903 1985 2951 esset
2013 2896 2260 2966 quaedam
2296 2904 2515 2963 natura,
2558 2898 2801 2969 genitum
2838 2914 3057 2970 quoque
3083 2910 3278 2956 natura
3316 2915 3408 2956 es-

1837 2997 1940 3042 set.
1989 2987 2144 3053 Quod
2187 2988 2234 3043 si
2274 2989 2519 3060 genitum
2568 2998 2717 3045 esset
2746 2998 2964 3054 natura,
2999 2992 3181 3047 omnia
3224 2995 3406 3065 genita

1836 3089 2022 3134 essent
2069 3079 2314 3148 ejusdem
2356 3091 2585 3136 naturae.
2633 3079 2778 3152 Ergo
2822 3096 2946 3137 cum
2994 3083 3177 3138 omnia
3223 3084 3406 3154 genita

1838 3185 1946 3223 non
1971 3170 2080 3224 sint
2103 3169 2347 3241 ejusdem
2378 3180 2607 3236 naturae,
2642 3173 2880 3243 genitum
2915 3188 3025 3229 non
3056 3183 3139 3230 est
3168 3184 3403 3244 natura;

1839 3259 1983 3330 quod
2016 3259 2064 3316 si
2084 3261 2330 3332 genitum
2361 3278 2470 3317 non
2504 3270 2590 3318 est
2616 3271 2832 3325 natura.
2867 3279 2976 3319 non
3002 3265 3245 3335 genitum
3272 3265 3401 3320 item

1838 3365 1946 3405 non
1979 3358 2062 3405 est
2089 3359 2303 3408 natura.
2326 3351 2485 3424 43],
2516 3351 2863 3425 Unigenitum
2891 3365 3071 3410 autem
3100 3370 3225 3411 esse
3252 3353 3404 3412 Patri

1837 3457 1939 3497 suo
1982 3443 2529 3509 consubstantialem,
2574 3446 2828 3502 audimus
2877 3447 3054 3517 ipsum
3098 3447 3185 3504 bis
3221 3449 3403 3505 verbis

1836 3534 2107 3590 dicentem
2134 3553 2149 3589 :
2178 3553 2199 3587 ι
2227 3534 2423 3591 Omnia
2456 3552 2795 3609 quaecunque
2827 3537 2957 3593 facit
2987 3539 3168 3605 Pater,
3196 3541 3314 3597 hate
3348 3551 3405 3598 et

1837 3624 2007 3682 Filius
2030 3627 2280 3683 similiter
2307 3628 2436 3684 facit
2458 3630 2526 3683 ".
2558 3648 2579 3683 ι
2615 3628 2857 3695 Quorum
2883 3630 3027 3686 enim
3058 3630 3247 3687 eadem
3272 3648 3403 3703 ope-

1838 3718 2006 3782 ratio,
2060 3715 2249 3772 eadem
2306 3733 2524 3789 quoque
2576 3726 2660 3774 est
2704 3719 3031 3777 substantia.
3086 3722 3278 3777 Anam.
3343 3721 3401 3778 Si

1838 3806 1982 3863 Deus
2016 3816 2102 3864 est
2134 3808 2595 3865 substantia'non
2624 3811 2860 3881 genitus,
2886 3811 2942 3867 id
2984 3814 3127 3883 quod
3160 3812 3401 3884 genitum

1836 3909 1941 3964 est,
1972 3915 2081 3954 non
2110 3898 2274 3955 fuerit
2317 3901 2559 3970 genitum
2591 3902 2911 3958 substantiae
2939 3905 3262 3971 remotione,
3302 3906 3399 3962 sed

1834 3997 2106 4060 potestate
2128 3992 2177 4047 ei
2206 3991 2617 4047 subsistentiam
2646 3992 2938 4049 tribuente.
2969 3992 3227 4049 Eamdem
3255 3996 3400 4051 enim

1834 4084 2200 4140 substantiam
2229 4083 2412 4141 dicere
2449 4093 2503 4141 et
2521 4085 2758 4157 genitam
2786 4100 2910 4142 esse
2938 4093 2994 4142 et
3020 4101 3128 4142 non
3165 4087 3400 4158 genitam

1777 4186 1781 4191 '
1838 4176 1987 4231 nulla
2025 4177 2113 4247 pia
2161 4179 2301 4232 ratio
2345 4178 2567 4249 patitur.
2604 4177 2757 4233 Ortlt.
2799 4178 3051 4236 Genitum
3094 4181 3250 4245 illud,
3290 4196 3401 4237 non

1836 4276 1922 4324 est
1953 4270 2199 4341 genitum
2229 4271 2550 4325 substantia:
2576 4273 2913 4327 remotione:
2945 4273 3047 4327 boc
3081 4274 3226 4328 enim
3257 4285 3404 4331 esset

1837 4375 2158 4431 corpoream
2189 4363 2555 4418 substantiam
2598 4362 2800 4429 dicere,
2846 4364 2943 4419 sed
2981 4380 3046 4419 ex
3080 4364 3402 4436 incorporea

1836 4454 2164 4519 substantia,
2216 4455 2290 4510 ita
2343 4464 2404 4510 ut
2450 4455 2545 4510 Dei
2591 4464 2804 4511 natura:
2847 4457 3120 4523 convenit,
3158 4460 3399 4528 genitum

148 4555 249 4607 καὶ
276 4551 439 4622 φύσει
466 4550 599 4604 Θεὸν
629 4549 827 4618 λέγεις,
871 4547 1080 4603 πολλῶν
1105 4548 1273 4603 ὄντων
1300 4548 1406 4603 τῶν
1432 4550 1550 4602 κατ’
1579 4548 1732 4615 ἐξου-

1842 4555 1939 4611 est,
1967 4554 2026 4602 ut
2047 4548 2232 4619 gloriae
2260 4548 2537 4619 splendor.
2571 4549 2728 4615 Quod
2758 4550 2804 4606 si
2833 4550 2948 4620 ipse
2978 4566 3195 4620 quoque
3223 4558 3400 4607 estex

148 4647 279 4700 σίαν
309 4642 444 4697 υίῶν
475 4642 568 4697 καὶ
603 4639 772 4705 θεῶν;
806 4642 917 4713 Τὴν
947 4640 1004 4694 δὲ
1042 4640 1209 4712 αὐτὴν
1241 4639 1429 4695 οὐσίαν
1464 4642 1729 4712 γεννητὴν

146 4738 249 4792 καὶ
280 4735 575 4807 ἀγέννητον
605 4732 779 4797 οὐδεὶς
819 4731 967 4801 λέγει
986 4749 999 4762 ο
1041 4730 1307 4785 δέδεικται
1338 4730 1468 4803 γὰρ,
1497 4732 1579 4786 ὃτι
1604 4730 1727 4786 οὔτε

145 4830 211 4883 τὸ
241 4826 540 4896 ἀγέννητον
584 4824 758 4889 οὐσία,
785 4822 909 4878 οὔτε
933 4823 996 4876 τὸ
1022 4823 1301 4894 γεννητόν.
1350 4823 1538 4892 Ἀνόμ.
1569 4823 1632 4876 El
1666 4823 1731 4876 τὸ

147 4919 454 4988 ἀγέννητον
481 4916 764 4989 ἐγεννήθη,
790 4916 843 4970 τί
866 4915 1066 4970 κωλύει
1087 4916 1181 4970 καὶ
1209 4916 1270 4969 τὸ
1292 4916 1549 4987 γεννητὸν
1575 4916 1730 4984 ἀγέν-

144 5029 314 5082 νητον
360 5008 610 5078 γενέσθαι
641 5009 791 5079 (50);
826 5007 1041 5061 Μᾶλλον
1068 5004 1177 5076 γὰρ
1209 5005 1302 5059 τοῦ
1336 5004 1600 5059 ἀνοικείου
1634 5005 1727 5058 ἐπὶ

222 5194 269 5226 σί
310 5191 472 5245 Joan.
508 5204 619 5250 xw,
655 5186 708 5241 9.
784 5187 829 5219 ⁶²
860 5184 1024 5242 Joan.
1062 5202 1114 5249 γ,
1154 5184 1237 5239 l9.

227 5345 344 5414 (42)
375 5343 658 5414 Palatinus
686 5341 715 5414 ᾖ
745 5342 1016 5414 γέννησις.

220 5407 339 5485 (45)
372 5410 654 5468 Palatinus
748 5407 803 5466 et
834 5407 972 5485 Aug.
1003 5409 1101 5485 καὶ
1126 5407 1220 5485 τοῦ
1241 5409 1442 5485 ταύτης
1465 5408 1614 5485 1:206.

216 5479 338 5556 (44)
368 5485 651 5539 Palatinus
689 5483 725 5556 3
759 5489 814 5536 et
832 5479 968 5556 Aug.
997 5479 1187 5534 ἐαυτόν
1211 5497 1342 5556 φησι
1366 5479 1457 5556 τὸν
1480 5481 1718 5556 Πατέρα..

1314 5185 1360 5216 ⁸³
1395 5183 1552 5241 Joan.
1589 5202 1640 5249 ι,
1679 5183 1765 5241 12.

1837 4644 2125 4706 potestate,
2158 4648 2298 4695 utet
2330 4641 2422 4711 qui
2454 4656 2585 4697 eum
2623 4651 2981 4711 receperunt;
3013 4643 3277 4711 scriptum
3316 4650 3401 4698 est

1834 4730 2017 4786 enim:
2048 4749 2068 4784 ι
2097 4730 2255 4787 Dedit
2312 4733 2394 4787 eis
2442 4726 2767 4803 potestatem
2816 4732 2959 4787 ﬁlios
2997 4733 3091 4787 Dei
3138 4733 3342 4797 ﬁeri“,
3374 4752 3395 4786 ι

1832 4824 2106 4890 quomodo
2151 4824 2329 4894 ipsum
2364 4824 2500 4881 dicis
2532 4826 2866 4892 unigenitum
2902 4835 2954 4881 et
2983 4833 3178 4880 natura
3208 4825 3397 4890 Deum,

1832 4932 1956 4969 cum
1984 4931 2048 4971 ex
2083 4916 2176 4972 Dei
2204 4925 2468 4987 potestate
2488 4919 2646 4972 multi
2669 4919 2778 4973 sint
2805 4918 2879 4971 dii
2903 4926 2957 4972 et
2984 4917 3112 4972 lilii?
3143 4918 3397 4976 Eamdem

1833 5024 1961 5064 vero
1999 5020 2245 5064 naturam
2287 5026 2411 5066 esse
2453 5011 2689 5083 genitam
2732 5021 2785 5067 et
2827 5027 2935 5066 non
2969 5013 3205 5083 genitam
3239 5028 3400 5068 nemo

1833 5341 1897 5394 Et
1913 5341 2063 5411 όμσλ.
2091 5320 2260 5394 Paulo
2276 5350 2397 5410 post
2412 5336 2504 5411 οὖν
2521 5342 2676 5397 abest
2699 5343 2767 5397 ab
2783 5344 3038 5399 omnibus
3057 5342 3240 5399 Felck.
3260 5361 3391 5399 mss.

1902 5410 2016 5485 (47)
2045 5411 2208 5485 Φύσις
2238 5411 2393 5485 abest
2421 5428 2450 5465 a
2483 5410 2653 5485 Palat.
2687 5413 2721 5466 2
2757 5422 2810 5468 et
2839 5416 2978 5485 Aug.

1899 5483 2009 5555 (48)
2039 5481 2273 5547 Φύσεως,
2309 5481 2433 5535 οὐτε
2453 5481 2516 5535 τὸ
2541 5484 2794 5553 γεννητόν
2825 5481 2950 5538 ἐστι*
2979 5485 3158 5555 φύσις,
3187 5484 3310 5540 οὔτε
3334 5484 3394 5540 τὸ

221 5548 339 5628 (45)
369 5552 719 5628 Palatinus__2
772 5558 831 5628 et
858 5548 1238 5628 ,Δὶιειιειιιιιιυέ
1252 5548 1720 5628 ,ἀτελεύτητρντὸ

1842 5548 2137 5628 triumv-

147 5618 405 5697 γέννημά
440 5627 605 5680 ἐστιν.
642 5622 776 5697 Μριι⁸
799 5618 989 5677 ἱίἀεηῖ
1012 5620 1331 5697 κακοδοξίαν
1355 5618 1707 5697 ἀφανισθήσετ

147 5685 261 5756 ται.
296 5685 435 5753 Ibid.
472 5708 664 5751 omnes
688 5690 835 5748 Felc.
863 5685 1242 5761 manuscripti,
1281 5685 1554 5757 εἰσάγεται
1580 5685 1634 5744 δὲ
1664 5689 1723 5742 τὸ

148 5776 209 5826 ἐν
247 5768 429 5836 οὐσία.

225 5804 516 5925 (333351»
567 5836 602 5890 2
639 5804 691 5891 et
718 5834 853 5905 Aug.
884 5833 977 5903 τῆς
999 5835 1239 5895 πίστεως
1264 5818 1549 5901 ἀξιώματι.
1570 5832 1723 5899 Ὀρθ.

1903 5622 2022 5694 (49)
2051 5626 2128 5677 lta
2163 5638 2353 5679 omnes
2370 5622 2549 5678 Felck.
2576 5640 2712 5680 mss.
2746 5623 2887 5681 Editi
2916 5641 3064 5692 vero,
3089 5626 3148 5690 ἐξ
3180 5625 3388 5689 οὐσίας.

1831 5693 1994 5748 Iidem
2030 5694 2406 5764 ὐποστησάσης
2437 5694 2585 5749 αὐτό.
2615 5695 2773 5751 male.

1905 5765 2017 5837 (50)
2058 5763 2228 5818 Palat.
2261 5763 2372 5820 2οι
2406 5764 2542 5837 Aug.
2578 5765 2873 5834 γεγονέναι.
