  <div class='ocr_page' id='page_1' title='image "/cluster/home/n/w/nwhite01/storage/ocr_20150623/28/hvd.32044019207737/608.png"; bbox 0 0 3898 6538; ppageno 0'>
   <div class='ocr_carea' id='block_1_1' title="bbox 143 421 3380 480">
    <p class='ocr_par' dir='ltr' id='par_1_1' title="bbox 143 421 3380 480">
     <span class='ocr_line' id='line_1_1' title="bbox 143 421 3380 480; baseline -0 -2"><span class='ocrx_word' id='word_1_1' title='bbox 143 424 287 478; x_wconf 76' lang='lat' dir='ltr'><strong>H8!</strong></span> <span class='ocrx_word' id='word_1_2' title='bbox 1141 422 1230 476; x_wconf 82' lang='lat' dir='ltr'><strong>DE</strong></span> <span class='ocrx_word' id='word_1_3' title='bbox 1269 422 1534 478; x_wconf 75' lang='lat' dir='ltr'><strong>SANL&#39;TA</strong></span> <span class='ocrx_word' id='word_1_4' title='bbox 1578 423 1954 480; x_wconf 76' lang='lat' dir='ltr'><strong>TRINITATE</strong></span> <span class='ocrx_word' id='word_1_5' title='bbox 1991 423 2330 480; x_wconf 74' lang='lat' dir='ltr'><strong>DIALOGUS</strong></span> <span class='ocrx_word' id='word_1_6' title='bbox 2368 423 2411 477; x_wconf 84' lang='lat' dir='ltr'><strong>ll</strong></span> <span class='ocrx_word' id='word_1_7' title='bbox 3243 421 3380 477; x_wconf 71' lang='lat'><strong>“8‘2</strong></span> 
     </span>
    </p>
   </div>
   <div class='ocr_carea' id='block_1_2' title="bbox 139 535 1678 611">
    <p class='ocr_par' dir='ltr' id='par_1_2' title="bbox 139 535 1678 610">
     <span class='ocr_line' id='line_1_2' title="bbox 139 535 1678 610; baseline -0.001 -18"><span class='ocrx_word' id='word_1_8' title='bbox 139 537 496 607; x_wconf 71' lang='grc' dir='ltr'><strong>ἀπαύγασμα</strong></span> <span class='ocrx_word' id='word_1_9' title='bbox 542 535 768 605; x_wconf 79' lang='grc' dir='ltr'>γίνεται,</span> <span class='ocrx_word' id='word_1_10' title='bbox 805 537 902 589; x_wconf 88' lang='grc' dir='ltr'><strong>οὐκ</strong></span> <span class='ocrx_word' id='word_1_11' title='bbox 943 537 1312 610; x_wconf 77' lang='grc' dir='ltr'>ἀμετάϐλητον</span> <span class='ocrx_word' id='word_1_12' title='bbox 1355 539 1415 592; x_wconf 83' lang='grc' dir='ltr'>τδ</span> <span class='ocrx_word' id='word_1_13' title='bbox 1456 539 1588 609; x_wconf 82' lang='grc' dir='ltr'>φῶς,</span> <span class='ocrx_word' id='word_1_14' title='bbox 1622 538 1678 607; x_wconf 71' lang='grc' dir='ltr'>τῆ</span> 
     </span>
    </p>
   </div>
   <div class='ocr_carea' id='block_1_3' title="bbox 1837 535 3376 611">
    <p class='ocr_par' dir='ltr' id='par_1_3' title="bbox 1837 536 3376 611">
     <span class='ocr_line' id='line_1_3' title="bbox 1837 536 3376 611; baseline 0.001 -20"><span class='ocrx_word' id='word_1_15' title='bbox 1837 540 1968 596; x_wconf 90' lang='lat' dir='ltr'><strong>.ione</strong></span> <span class='ocrx_word' id='word_1_16' title='bbox 2000 540 2056 594; x_wconf 99' lang='lat' dir='ltr'><strong>ﬁt</strong></span> <span class='ocrx_word' id='word_1_17' title='bbox 2085 541 2361 611; x_wconf 74' lang='lat' dir='ltr'><strong>splendor,</strong></span> <span class='ocrx_word' id='word_1_18' title='bbox 2404 541 2493 594; x_wconf 81' lang='lat' dir='ltr'><strong>lux</strong></span> <span class='ocrx_word' id='word_1_19' title='bbox 2538 553 2646 593; x_wconf 90' lang='lat' dir='ltr'><strong>non</strong></span> <span class='ocrx_word' id='word_1_20' title='bbox 2675 539 2775 593; x_wconf 92' lang='lat' dir='ltr'><strong>erit</strong></span> <span class='ocrx_word' id='word_1_21' title='bbox 2819 536 3133 592; x_wconf 91' lang='lat' dir='ltr'><strong>mutationis</strong></span> <span class='ocrx_word' id='word_1_22' title='bbox 3161 551 3376 606; x_wconf 77' lang='lat' dir='ltr'><strong>expers.</strong></span> 
     </span>
    </p>
   </div>
   <div class='ocr_carea' id='block_1_4' title="bbox 144 626 1683 701">
    <p class='ocr_par' dir='ltr' id='par_1_4' title="bbox 144 626 1683 701">
     <span class='ocr_line' id='line_1_4' title="bbox 144 626 1683 701; baseline 0 -20"><span class='ocrx_word' id='word_1_23' title='bbox 144 626 462 699; x_wconf 74' lang='grc' dir='ltr'>μεταϐολῆς</span> <span class='ocrx_word' id='word_1_24' title='bbox 486 628 862 698; x_wconf 76' lang='grc' dir='ltr'><strong>ἐργασαμένης</strong></span> <span class='ocrx_word' id='word_1_25' title='bbox 882 627 978 698; x_wconf 81' lang='grc' dir='ltr'>τὴν</span> <span class='ocrx_word' id='word_1_26' title='bbox 1003 629 1096 682; x_wconf 77' lang='grc' dir='ltr'><strong>τοῦ</strong></span> <span class='ocrx_word' id='word_1_27' title='bbox 1137 630 1564 701; x_wconf 85' lang='grc' dir='ltr'>ἀπαυγάσματος</span> <span class='ocrx_word' id='word_1_28' title='bbox 1596 629 1683 682; x_wconf 70' lang='lat' dir='ltr'><strong>[Gtc</strong></span> 
     </span>
    </p>
   </div>
   <div class='ocr_carea' id='block_1_5' title="bbox 1840 626 3379 701">
    <p class='ocr_par' dir='ltr' id='par_1_5' title="bbox 1840 629 3379 701">
     <span class='ocr_line' id='line_1_5' title="bbox 1840 629 3379 701; baseline 0 -17"><span class='ocrx_word' id='word_1_29' title='bbox 1840 631 1948 700; x_wconf 71' lang='lat' dir='ltr'><strong>[uia</strong></span> <span class='ocrx_word' id='word_1_30' title='bbox 1993 631 2166 700; x_wconf 85' lang='lat' dir='ltr'><strong>ipsius</strong></span> <span class='ocrx_word' id='word_1_31' title='bbox 2215 632 2443 685; x_wconf 91' lang='lat' dir='ltr'><strong>mutatio</strong></span> <span class='ocrx_word' id='word_1_32' title='bbox 2478 631 2821 701; x_wconf 82' lang='lat' dir='ltr'><strong>splendorem</strong></span> <span class='ocrx_word' id='word_1_33' title='bbox 2871 629 3212 686; x_wconf 79' lang='lat' dir='ltr'><strong>ellicietzsin</strong></span> <span class='ocrx_word' id='word_1_34' title='bbox 3250 646 3379 685; x_wconf 83' lang='lat' dir='ltr'><strong>vero</strong></span> 
     </span>
    </p>
   </div>
   <div class='ocr_carea' id='block_1_6' title="bbox 143 717 1682 792">
    <p class='ocr_par' dir='ltr' id='par_1_6' title="bbox 143 717 1682 790">
     <span class='ocr_line' id='line_1_6' title="bbox 143 717 1682 790; baseline 0.001 -20"><span class='ocrx_word' id='word_1_35' title='bbox 143 719 374 788; x_wconf 74' lang='grc' dir='ltr'>ποίησιν</span> <span class='ocrx_word' id='word_1_36' title='bbox 393 735 408 748; x_wconf 89' lang='grc'><strong>·</strong></span> <span class='ocrx_word' id='word_1_37' title='bbox 439 719 487 770; x_wconf 84' lang='grc' dir='ltr'><strong>εί</strong></span> <span class='ocrx_word' id='word_1_38' title='bbox 516 717 573 770; x_wconf 82' lang='grc' dir='ltr'><strong>δὲ</strong></span> <span class='ocrx_word' id='word_1_39' title='bbox 596 719 656 770; x_wconf 90' lang='grc' dir='ltr'><strong>οὐ</strong></span> <span class='ocrx_word' id='word_1_40' title='bbox 686 717 1016 788; x_wconf 74' lang='grc' dir='ltr'>μεταϐληθὲν</span> <span class='ocrx_word' id='word_1_41' title='bbox 1039 720 1098 773; x_wconf 85' lang='grc' dir='ltr'><strong>τὸ</strong></span> <span class='ocrx_word' id='word_1_42' title='bbox 1127 720 1242 788; x_wconf 73' lang='grc' dir='ltr'><strong>φῶς</strong></span> <span class='ocrx_word' id='word_1_43' title='bbox 1270 721 1604 790; x_wconf 81' lang='grc' dir='ltr'><strong>ἀπαύγασμα</strong></span> <span class='ocrx_word' id='word_1_44' title='bbox 1635 737 1682 787; x_wconf 77' lang='grc' dir='ltr'>γε</span> 
     </span>
    </p>
   </div>
   <div class='ocr_carea' id='block_1_7' title="bbox 1842 717 3381 792">
    <p class='ocr_par' dir='ltr' id='par_1_7' title="bbox 1842 720 3381 792">
     <span class='ocr_line' id='line_1_7' title="bbox 1842 720 3381 792; baseline 0.001 -18"><span class='ocrx_word' id='word_1_45' title='bbox 1842 723 1968 776; x_wconf 74' lang='lat' dir='ltr'><strong>nulla</strong></span> <span class='ocrx_word' id='word_1_46' title='bbox 2006 723 2146 778; x_wconf 91' lang='lat' dir='ltr'><strong>lucis</strong></span> <span class='ocrx_word' id='word_1_47' title='bbox 2180 724 2484 778; x_wconf 80' lang='lat' dir='ltr'><strong>mutatione</strong></span> <span class='ocrx_word' id='word_1_48' title='bbox 2515 723 2572 776; x_wconf 89' lang='lat' dir='ltr'><strong>ﬁt</strong></span> <span class='ocrx_word' id='word_1_49' title='bbox 2605 723 2883 792; x_wconf 83' lang='lat' dir='ltr'><strong>splendor,</strong></span> <span class='ocrx_word' id='word_1_50' title='bbox 2929 720 3023 777; x_wconf 90' lang='lat' dir='ltr'><strong>sed</strong></span> <span class='ocrx_word' id='word_1_51' title='bbox 3057 722 3149 775; x_wconf 78' lang='lat' dir='ltr'><strong>lux</strong></span> <span class='ocrx_word' id='word_1_52' title='bbox 3199 731 3381 776; x_wconf 88' lang='lat' dir='ltr'><strong>manet</strong></span> 
     </span>
    </p>
   </div>
   <div class='ocr_carea' id='block_1_8' title="bbox 136 809 1675 884">
    <p class='ocr_par' dir='ltr' id='par_1_8' title="bbox 136 809 1675 881">
     <span class='ocr_line' id='line_1_8' title="bbox 136 809 1675 881; baseline 0 -19"><span class='ocrx_word' id='word_1_53' title='bbox 136 827 331 878; x_wconf 81' lang='grc' dir='ltr'>γονεν,</span> <span class='ocrx_word' id='word_1_54' title='bbox 359 809 494 863; x_wconf 78' lang='grc' dir='ltr'>ἀλλὰ</span> <span class='ocrx_word' id='word_1_55' title='bbox 521 810 614 862; x_wconf 73' lang='grc' dir='ltr'><strong>καὶ</strong></span> <span class='ocrx_word' id='word_1_56' title='bbox 638 811 699 862; x_wconf 76' lang='grc' dir='ltr'>τὸ</span> <span class='ocrx_word' id='word_1_57' title='bbox 724 810 840 880; x_wconf 85' lang='grc' dir='ltr'>φῶς</span> <span class='ocrx_word' id='word_1_58' title='bbox 877 810 1020 881; x_wconf 83' lang='grc' dir='ltr'>μένει</span> <span class='ocrx_word' id='word_1_59' title='bbox 1052 811 1186 880; x_wconf 73' lang='grc' dir='ltr'>φῶς,</span> <span class='ocrx_word' id='word_1_60' title='bbox 1224 813 1316 866; x_wconf 72' lang='grc' dir='ltr'>καὶ</span> <span class='ocrx_word' id='word_1_61' title='bbox 1349 812 1675 881; x_wconf 81' lang='grc' dir='ltr'>ἀπαυγάσμσ</span> 
     </span>
    </p>
   </div>
   <div class='ocr_carea' id='block_1_9' title="bbox 1841 809 3380 884">
    <p class='ocr_par' dir='ltr' id='par_1_9' title="bbox 1841 813 3380 884">
     <span class='ocr_line' id='line_1_9' title="bbox 1841 813 3380 884; baseline 0 -18"><span class='ocrx_word' id='word_1_62' title='bbox 1841 829 1932 875; x_wconf 77' lang='lat' dir='ltr'><strong>ux,</strong></span> <span class='ocrx_word' id='word_1_63' title='bbox 1963 822 2016 869; x_wconf 90' lang='lat' dir='ltr'><strong>et</strong></span> <span class='ocrx_word' id='word_1_64' title='bbox 2047 822 2131 869; x_wconf 86' lang='lat' dir='ltr'><strong>est</strong></span> <span class='ocrx_word' id='word_1_65' title='bbox 2177 815 2480 884; x_wconf 80' lang='lat' dir='ltr'><strong>splendoris</strong></span> <span class='ocrx_word' id='word_1_66' title='bbox 2525 831 2688 871; x_wconf 90' lang='lat' dir='ltr'><strong>causa</strong></span> <span class='ocrx_word' id='word_1_67' title='bbox 2721 831 2736 881; x_wconf 91' lang='lat'><strong>;</strong></span> <span class='ocrx_word' id='word_1_68' title='bbox 2766 813 2909 868; x_wconf 87' lang='lat' dir='ltr'><strong>Deus</strong></span> <span class='ocrx_word' id='word_1_69' title='bbox 2949 829 3164 883; x_wconf 88' lang='lat' dir='ltr'><strong>quoque</strong></span> <span class='ocrx_word' id='word_1_70' title='bbox 3198 823 3380 868; x_wconf 90' lang='lat' dir='ltr'><strong>manet</strong></span> 
     </span>
    </p>
   </div>
   <div class='ocr_carea' id='block_1_10' title="bbox 135 901 1674 974">
    <p class='ocr_par' dir='ltr' id='par_1_10' title="bbox 135 901 1674 974">
     <span class='ocr_line' id='line_1_10' title="bbox 135 901 1674 974; baseline 0 -20"><span class='ocrx_word' id='word_1_71' title='bbox 135 901 241 965; x_wconf 74' lang='grc' dir='ltr'>τός</span> <span class='ocrx_word' id='word_1_72' title='bbox 274 903 427 954; x_wconf 77' lang='grc' dir='ltr'>ἐστιν</span> <span class='ocrx_word' id='word_1_73' title='bbox 459 901 656 955; x_wconf 76' lang='grc' dir='ltr'>αἴτιονο</span> <span class='ocrx_word' id='word_1_74' title='bbox 693 904 782 956; x_wconf 75' lang='grc' dir='ltr'><strong>καὶ</strong></span> <span class='ocrx_word' id='word_1_75' title='bbox 822 905 850 955; x_wconf 78' lang='grc' dir='ltr'>ὁ</span> <span class='ocrx_word' id='word_1_76' title='bbox 882 903 1012 967; x_wconf 78' lang='grc' dir='ltr'>Θεὸς</span> <span class='ocrx_word' id='word_1_77' title='bbox 1048 904 1192 974; x_wconf 82' lang='grc' dir='ltr'>μένει</span> <span class='ocrx_word' id='word_1_78' title='bbox 1221 905 1370 968; x_wconf 85' lang='grc' dir='ltr'>Θεὸς,</span> <span class='ocrx_word' id='word_1_79' title='bbox 1409 904 1502 958; x_wconf 78' lang='grc' dir='ltr'>καὶ</span> <span class='ocrx_word' id='word_1_80' title='bbox 1543 905 1674 956; x_wconf 78' lang='grc' dir='ltr'>άπαι</span> 
     </span>
    </p>
   </div>
   <div class='ocr_carea' id='block_1_11' title="bbox 1838 901 3377 974">
    <p class='ocr_par' dir='ltr' id='par_1_11' title="bbox 1838 901 3377 974">
     <span class='ocr_line' id='line_1_11' title="bbox 1838 901 3377 974; baseline 0.002 -21"><span class='ocrx_word' id='word_1_81' title='bbox 1838 901 1986 966; x_wconf 90' lang='lat' dir='ltr'><strong>Deus,</strong></span> <span class='ocrx_word' id='word_1_82' title='bbox 2027 911 2081 958; x_wconf 88' lang='lat' dir='ltr'><strong>et</strong></span> <span class='ocrx_word' id='word_1_83' title='bbox 2124 915 2208 958; x_wconf 91' lang='lat' dir='ltr'><strong>est</strong></span> <span class='ocrx_word' id='word_1_84' title='bbox 2242 906 2324 958; x_wconf 92' lang='lat' dir='ltr'><strong>sui</strong></span> <span class='ocrx_word' id='word_1_85' title='bbox 2365 905 2668 974; x_wconf 84' lang='lat' dir='ltr'><strong>splendoris</strong></span> <span class='ocrx_word' id='word_1_86' title='bbox 2702 904 2883 967; x_wconf 89' lang='lat' dir='ltr'><strong>Pater,</strong></span> <span class='ocrx_word' id='word_1_87' title='bbox 2931 919 3039 958; x_wconf 90' lang='lat' dir='ltr'><strong>non</strong></span> <span class='ocrx_word' id='word_1_88' title='bbox 3069 902 3214 973; x_wconf 89' lang='lat' dir='ltr'><strong>quod</strong></span> <span class='ocrx_word' id='word_1_89' title='bbox 3254 918 3377 957; x_wconf 90' lang='lat' dir='ltr'><strong>eum</strong></span> 
     </span>
    </p>
   </div>
   <div class='ocr_carea' id='block_1_12' title="bbox 137 992 1676 1068">
    <p class='ocr_par' dir='ltr' id='par_1_12' title="bbox 137 992 1676 1068">
     <span class='ocr_line' id='line_1_12' title="bbox 137 992 1676 1068; baseline 0 -22"><span class='ocrx_word' id='word_1_90' title='bbox 137 992 434 1062; x_wconf 72' lang='grc' dir='ltr'>γάσματός</span> <span class='ocrx_word' id='word_1_91' title='bbox 455 995 597 1046; x_wconf 79' lang='grc' dir='ltr'>ἐστιν</span> <span class='ocrx_word' id='word_1_92' title='bbox 616 994 740 1046; x_wconf 84' lang='grc' dir='ltr'>ἰδίου</span> <span class='ocrx_word' id='word_1_93' title='bbox 768 995 973 1068; x_wconf 78' lang='grc' dir='ltr'>Πατὴρ,</span> <span class='ocrx_word' id='word_1_94' title='bbox 994 996 1092 1048; x_wconf 84' lang='grc' dir='ltr'><strong>οὐκ</strong></span> <span class='ocrx_word' id='word_1_95' title='bbox 1115 995 1309 1062; x_wconf 79' lang='grc' dir='ltr'>ἔξωθεν</span> <span class='ocrx_word' id='word_1_96' title='bbox 1331 996 1458 1051; x_wconf 83' lang='grc' dir='ltr'>αὐτὸ</span> <span class='ocrx_word' id='word_1_97' title='bbox 1487 994 1676 1065; x_wconf 76' lang='grc' dir='ltr'>προσλο</span> 
     </span>
    </p>
   </div>
   <div class='ocr_carea' id='block_1_13' title="bbox 1838 992 3377 1068">
    <p class='ocr_par' dir='ltr' id='par_1_13' title="bbox 1838 993 3377 1066">
     <span class='ocr_line' id='line_1_13' title="bbox 1838 993 3377 1066; baseline 0 -20"><span class='ocrx_word' id='word_1_98' title='bbox 1838 995 2164 1050; x_wconf 68' lang='lat' dir='ltr'><strong>extrinsecus</strong></span> <span class='ocrx_word' id='word_1_99' title='bbox 2214 997 2502 1066; x_wconf 86' lang='lat' dir='ltr'><strong>acceperit,</strong></span> <span class='ocrx_word' id='word_1_100' title='bbox 2553 997 2645 1050; x_wconf 82' lang='lat' dir='ltr'><strong>sed</strong></span> <span class='ocrx_word' id='word_1_101' title='bbox 2679 997 2931 1063; x_wconf 78' lang='lat' dir='ltr'><strong>quantam</strong></span> <span class='ocrx_word' id='word_1_102' title='bbox 2978 1010 3042 1047; x_wconf 76' lang='lat' dir='ltr'><strong>ex</strong></span> <span class='ocrx_word' id='word_1_103' title='bbox 3097 1008 3195 1048; x_wconf 90' lang='lat' dir='ltr'><strong>sua</strong></span> <span class='ocrx_word' id='word_1_104' title='bbox 3246 993 3377 1048; x_wconf 87' lang='lat' dir='ltr'><strong>sub-</strong></span> 
     </span>
    </p>
   </div>
   <div class='ocr_carea' id='block_1_14' title="bbox 137 1082 1676 1156">
    <p class='ocr_par' dir='ltr' id='par_1_14' title="bbox 137 1082 1676 1156">
     <span class='ocr_line' id='line_1_14' title="bbox 137 1082 1676 1156; baseline 0.001 -22"><span class='ocrx_word' id='word_1_105' title='bbox 137 1082 282 1145; x_wconf 73' lang='grc' dir='ltr'>σὼν,</span> <span class='ocrx_word' id='word_1_106' title='bbox 312 1084 432 1136; x_wconf 80' lang='grc' dir='ltr'>ἀλλ’</span> <span class='ocrx_word' id='word_1_107' title='bbox 461 1085 525 1136; x_wconf 80' lang='grc' dir='ltr'>ὲκ</span> <span class='ocrx_word' id='word_1_108' title='bbox 552 1084 652 1154; x_wconf 81' lang='grc' dir='ltr'>τῆς</span> <span class='ocrx_word' id='word_1_109' title='bbox 678 1084 863 1147; x_wconf 85' lang='grc' dir='ltr'>οὐσίας</span> <span class='ocrx_word' id='word_1_110' title='bbox 893 1085 1023 1138; x_wconf 79' lang='grc' dir='ltr'>αὐτὸ</span> <span class='ocrx_word' id='word_1_111' title='bbox 1055 1085 1168 1152; x_wconf 74' lang='grc'>(62)</span> <span class='ocrx_word' id='word_1_112' title='bbox 1193 1087 1486 1156; x_wconf 70' lang='grc' dir='ltr'>γεννήσαςσ</span> <span class='ocrx_word' id='word_1_113' title='bbox 1513 1084 1593 1136; x_wconf 83' lang='grc' dir='ltr'><strong>διὸ</strong></span> <span class='ocrx_word' id='word_1_114' title='bbox 1623 1101 1676 1137; x_wconf 77' lang='grc' dir='ltr'>κς</span> 
     </span>
    </p>
   </div>
   <div class='ocr_carea' id='block_1_15' title="bbox 1838 1082 3377 1156">
    <p class='ocr_par' dir='ltr' id='par_1_15' title="bbox 1838 1084 3377 1154">
     <span class='ocr_line' id='line_1_15' title="bbox 1838 1084 3377 1154; baseline 0.001 -19"><span class='ocrx_word' id='word_1_115' title='bbox 1838 1084 2021 1137; x_wconf 71' lang='lat' dir='ltr'><strong>stantia</strong></span> <span class='ocrx_word' id='word_1_116' title='bbox 2072 1100 2195 1137; x_wconf 84' lang='lat' dir='ltr'><strong>eum</strong></span> <span class='ocrx_word' id='word_1_117' title='bbox 2238 1086 2469 1154; x_wconf 83' lang='lat' dir='ltr'><strong>genuit:</strong></span> <span class='ocrx_word' id='word_1_118' title='bbox 2504 1086 2852 1154; x_wconf 79' lang='lat' dir='ltr'><strong>quamobrem</strong></span> <span class='ocrx_word' id='word_1_119' title='bbox 2904 1086 3068 1138; x_wconf 91' lang='lat' dir='ltr'><strong>etiam</strong></span> <span class='ocrx_word' id='word_1_120' title='bbox 3133 1098 3257 1137; x_wconf 87' lang='lat' dir='ltr'><strong>vere</strong></span> <span class='ocrx_word' id='word_1_121' title='bbox 3296 1093 3377 1137; x_wconf 91' lang='lat' dir='ltr'><strong>est</strong></span> 
     </span>
    </p>
   </div>
   <div class='ocr_carea' id='block_1_16' title="bbox 138 1172 1677 1248">
    <p class='ocr_par' dir='ltr' id='par_1_16' title="bbox 138 1175 1677 1248">
     <span class='ocr_line' id='line_1_16' title="bbox 138 1175 1677 1248; baseline 0 -20"><span class='ocrx_word' id='word_1_122' title='bbox 138 1175 368 1244; x_wconf 79' lang='grc' dir='ltr'>ἀληθῶς</span> <span class='ocrx_word' id='word_1_123' title='bbox 398 1176 513 1228; x_wconf 83' lang='grc' dir='ltr'>ἐστι</span> <span class='ocrx_word' id='word_1_124' title='bbox 543 1176 747 1246; x_wconf 83' lang='grc' dir='ltr'>Πατήρ.</span> <span class='ocrx_word' id='word_1_125' title='bbox 789 1177 972 1246; x_wconf 79' lang='grc' dir='ltr'><strong>Ἀνόμ.</strong></span> <span class='ocrx_word' id='word_1_126' title='bbox 1005 1179 1064 1230; x_wconf 72' lang='lat' dir='ltr'><strong>Et</strong></span> <span class='ocrx_word' id='word_1_127' title='bbox 1088 1178 1144 1230; x_wconf 84' lang='grc' dir='ltr'><strong>δὲ</strong></span> <span class='ocrx_word' id='word_1_128' title='bbox 1179 1177 1261 1247; x_wconf 82' lang='grc' dir='ltr'>εἴη</span> <span class='ocrx_word' id='word_1_129' title='bbox 1289 1178 1383 1230; x_wconf 81' lang='grc' dir='ltr'><strong>καὶ</strong></span> <span class='ocrx_word' id='word_1_130' title='bbox 1407 1177 1677 1248; x_wconf 77' lang='grc' dir='ltr'>ἁμετάϐλη</span> 
     </span>
    </p>
   </div>
   <div class='ocr_carea' id='block_1_17' title="bbox 1838 1172 3377 1248">
    <p class='ocr_par' dir='ltr' id='par_1_17' title="bbox 1838 1173 3377 1230">
     <span class='ocr_line' id='line_1_17' title="bbox 1838 1173 3377 1230; baseline 0.001 -3"><span class='ocrx_word' id='word_1_131' title='bbox 1838 1173 1994 1228; x_wconf 71' lang='lat' dir='ltr'><strong>’ater.</strong></span> <span class='ocrx_word' id='word_1_132' title='bbox 2044 1176 2233 1230; x_wconf 78' lang='lat' dir='ltr'><strong>Anam.</strong></span> <span class='ocrx_word' id='word_1_133' title='bbox 2277 1174 2332 1229; x_wconf 89' lang='lat' dir='ltr'><strong>Si</strong></span> <span class='ocrx_word' id='word_1_134' title='bbox 2381 1177 2681 1230; x_wconf 77' lang='lat' dir='ltr'><strong>substantia</strong></span> <span class='ocrx_word' id='word_1_135' title='bbox 2717 1175 2805 1230; x_wconf 86' lang='lat' dir='ltr'><strong>Dei</strong></span> <span class='ocrx_word' id='word_1_136' title='bbox 2842 1182 2984 1230; x_wconf 53' lang='lat' dir='ltr'><strong>esset</strong></span> <span class='ocrx_word' id='word_1_137' title='bbox 3024 1174 3377 1228; x_wconf 78' lang='lat' dir='ltr'><strong>immutabilis</strong></span> 
     </span>
    </p>
   </div>
   <div class='ocr_carea' id='block_1_18' title="bbox 137 1267 1676 1339">
    <p class='ocr_par' dir='ltr' id='par_1_18' title="bbox 137 1267 1674 1339">
     <span class='ocr_line' id='line_1_18' title="bbox 137 1267 1674 1339; baseline 0.001 -21"><span class='ocrx_word' id='word_1_138' title='bbox 137 1283 236 1330; x_wconf 76' lang='grc' dir='ltr'><strong>τος</strong></span> <span class='ocrx_word' id='word_1_139' title='bbox 266 1269 364 1319; x_wconf 75' lang='grc' dir='ltr'><strong>καὶ</strong></span> <span class='ocrx_word' id='word_1_140' title='bbox 381 1267 641 1334; x_wconf 80' lang='grc' dir='ltr'>γενέσεως</span> <span class='ocrx_word' id='word_1_141' title='bbox 665 1267 922 1338; x_wconf 86' lang='grc' dir='ltr'>κρείττων</span> <span class='ocrx_word' id='word_1_142' title='bbox 950 1271 982 1339; x_wconf 77' lang='grc' dir='ltr'><strong>η</strong></span> <span class='ocrx_word' id='word_1_143' title='bbox 1008 1269 1165 1322; x_wconf 88' lang='grc' dir='ltr'>οὐσία</span> <span class='ocrx_word' id='word_1_144' title='bbox 1191 1269 1284 1321; x_wconf 81' lang='grc' dir='ltr'>τοῦ</span> <span class='ocrx_word' id='word_1_145' title='bbox 1303 1269 1456 1332; x_wconf 82' lang='grc' dir='ltr'>Θεοῦ,</span> <span class='ocrx_word' id='word_1_146' title='bbox 1480 1268 1548 1321; x_wconf 79' lang='grc' dir='ltr'>τὰ</span> <span class='ocrx_word' id='word_1_147' title='bbox 1572 1285 1674 1321; x_wconf 84' lang='grc' dir='ltr'><strong>κατ</strong></span> 
     </span>
    </p>
   </div>
   <div class='ocr_carea' id='block_1_19' title="bbox 1838 1267 3377 1339">
    <p class='ocr_par' dir='ltr' id='par_1_19' title="bbox 1838 1267 3377 1338">
     <span class='ocr_line' id='line_1_19' title="bbox 1838 1267 3377 1338; baseline 0.001 -21"><span class='ocrx_word' id='word_1_148' title='bbox 1838 1274 1868 1318; x_wconf 71' lang='grc' dir='ltr'>τι</span> <span class='ocrx_word' id='word_1_149' title='bbox 1917 1269 2268 1335; x_wconf 78' lang='lat' dir='ltr'><strong>generatione</strong></span> <span class='ocrx_word' id='word_1_150' title='bbox 2317 1269 2584 1338; x_wconf 78' lang='lat' dir='ltr'><strong>superior,</strong></span> <span class='ocrx_word' id='word_1_151' title='bbox 2641 1268 2795 1321; x_wconf 79' lang='lat' dir='ltr'><strong>fateri</strong></span> <span class='ocrx_word' id='word_1_152' title='bbox 2845 1277 3114 1336; x_wconf 89' lang='lat' dir='ltr'><strong>oporteret</strong></span> <span class='ocrx_word' id='word_1_153' title='bbox 3159 1267 3377 1320; x_wconf 87' lang='lat' dir='ltr'><strong>nomine</strong></span> 
     </span>
    </p>
   </div>
   <div class='ocr_carea' id='block_1_20' title="bbox 133 1356 1672 1430">
    <p class='ocr_par' dir='ltr' id='par_1_20' title="bbox 133 1358 1672 1430">
     <span class='ocr_line' id='line_1_20' title="bbox 133 1358 1672 1430; baseline 0.002 -20"><span class='ocrx_word' id='word_1_154' title='bbox 133 1359 232 1410; x_wconf 79' lang='grc' dir='ltr'><strong>τὸν</strong></span> <span class='ocrx_word' id='word_1_155' title='bbox 248 1359 380 1410; x_wconf 76' lang='grc' dir='ltr'>Υἱὸν</span> <span class='ocrx_word' id='word_1_156' title='bbox 407 1359 510 1420; x_wconf 75' lang='grc' dir='ltr'><strong>ἕως</strong></span> <span class='ocrx_word' id='word_1_157' title='bbox 532 1358 690 1428; x_wconf 76' lang='grc' dir='ltr'>ψιλῆς</span> <span class='ocrx_word' id='word_1_158' title='bbox 707 1359 1070 1430; x_wconf 75' lang='grc' dir='ltr'>προσηγορίας</span> <span class='ocrx_word' id='word_1_159' title='bbox 1095 1359 1556 1429; x_wconf 80' lang='grc' dir='ltr'>ὁμολογηθήσεται</span> <span class='ocrx_word' id='word_1_160' title='bbox 1577 1359 1672 1429; x_wconf 49' lang='grc'>(63)</span> 
     </span>
    </p>
   </div>
   <div class='ocr_carea' id='block_1_21' title="bbox 1834 1356 3373 1430">
    <p class='ocr_par' dir='ltr' id='par_1_21' title="bbox 1839 1356 3373 1428">
     <span class='ocr_line' id='line_1_21' title="bbox 1839 1356 3373 1428; baseline 0.001 -18"><span class='ocrx_word' id='word_1_161' title='bbox 1839 1371 1976 1412; x_wconf 92' lang='lat' dir='ltr'><strong>enus</strong></span> <span class='ocrx_word' id='word_1_162' title='bbox 2014 1371 2139 1411; x_wconf 88' lang='lat' dir='ltr'><strong>esse</strong></span> <span class='ocrx_word' id='word_1_163' title='bbox 2186 1356 2405 1412; x_wconf 88' lang='lat' dir='ltr'><strong>Filium.</strong></span> <span class='ocrx_word' id='word_1_164' title='bbox 2453 1359 2602 1412; x_wconf 84' lang='lat' dir='ltr'><strong>Orth.</strong></span> <span class='ocrx_word' id='word_1_165' title='bbox 2637 1359 2691 1412; x_wconf 90' lang='lat' dir='ltr'><strong>Si</strong></span> <span class='ocrx_word' id='word_1_166' title='bbox 2740 1374 2931 1414; x_wconf 84' lang='lat' dir='ltr'><strong>nosses</strong></span> <span class='ocrx_word' id='word_1_167' title='bbox 2972 1360 3373 1428; x_wconf 84' lang='lat' dir='ltr'><strong>generationem</strong></span> 
     </span>
    </p>
   </div>
   <div class='ocr_carea' id='block_1_22' title="bbox 149 1447 1688 1520">
    <p class='ocr_par' dir='ltr' id='par_1_22' title="bbox 149 1449 1688 1520">
     <span class='ocr_line' id='line_1_22' title="bbox 149 1449 1688 1520; baseline 0.001 -20"><span class='ocrx_word' id='word_1_168' title='bbox 149 1449 314 1515; x_wconf 86' lang='grc' dir='ltr'><strong>Ὀρθ.</strong></span> <span class='ocrx_word' id='word_1_169' title='bbox 345 1450 407 1501; x_wconf 79' lang='lat' dir='ltr'><strong>Et</strong></span> <span class='ocrx_word' id='word_1_170' title='bbox 437 1449 602 1519; x_wconf 74' lang='grc' dir='ltr'>ᾔδεις,</span> <span class='ocrx_word' id='word_1_171' title='bbox 646 1451 725 1502; x_wconf 85' lang='grc' dir='ltr'>ὅτι</span> <span class='ocrx_word' id='word_1_172' title='bbox 753 1452 786 1520; x_wconf 78' lang='grc' dir='ltr'>ἡ</span> <span class='ocrx_word' id='word_1_173' title='bbox 816 1451 1024 1518; x_wconf 86' lang='grc' dir='ltr'>γένεσις</span> <span class='ocrx_word' id='word_1_174' title='bbox 1061 1451 1160 1504; x_wconf 89' lang='grc' dir='ltr'><strong>οὐκ</strong></span> <span class='ocrx_word' id='word_1_175' title='bbox 1199 1451 1344 1502; x_wconf 78' lang='grc' dir='ltr'>ἔστιν</span> <span class='ocrx_word' id='word_1_176' title='bbox 1383 1450 1558 1514; x_wconf 80' lang='grc' dir='ltr'>οὐσία,</span> <span class='ocrx_word' id='word_1_177' title='bbox 1600 1450 1688 1518; x_wconf 63' lang='grc' dir='ltr'>ἐγίι</span> 
     </span>
    </p>
   </div>
   <div class='ocr_carea' id='block_1_23' title="bbox 1836 1447 3375 1520">
    <p class='ocr_par' dir='ltr' id='par_1_23' title="bbox 1836 1447 3375 1513">
     <span class='ocr_line' id='line_1_23' title="bbox 1836 1447 3375 1513; baseline 0.001 -13"><span class='ocrx_word' id='word_1_178' title='bbox 1836 1461 1921 1500; x_wconf 80' lang='lat' dir='ltr'><strong>Ion</strong></span> <span class='ocrx_word' id='word_1_179' title='bbox 1974 1462 2098 1501; x_wconf 86' lang='lat' dir='ltr'><strong>esse</strong></span> <span class='ocrx_word' id='word_1_180' title='bbox 2141 1448 2525 1511; x_wconf 80' lang='lat' dir='ltr'><strong>substantiam,</strong></span> <span class='ocrx_word' id='word_1_181' title='bbox 2567 1465 2758 1504; x_wconf 84' lang='lat' dir='ltr'><strong>nosses</strong></span> <span class='ocrx_word' id='word_1_182' title='bbox 2803 1458 2856 1503; x_wconf 91' lang='lat' dir='ltr'><strong>et</strong></span> <span class='ocrx_word' id='word_1_183' title='bbox 2887 1451 3040 1513; x_wconf 90' lang='lat' dir='ltr'><strong>illud,</strong></span> <span class='ocrx_word' id='word_1_184' title='bbox 3079 1447 3277 1502; x_wconf 84' lang='lat' dir='ltr'><strong>Filium</strong></span> <span class='ocrx_word' id='word_1_185' title='bbox 3322 1457 3375 1504; x_wconf 93' lang='lat' dir='ltr'><strong>et</strong></span> 
     </span>
    </p>
   </div>
   <div class='ocr_carea' id='block_1_24' title="bbox 136 1524 1675 1613">
    <p class='ocr_par' dir='ltr' id='par_1_24' title="bbox 136 1524 1675 1613">
     <span class='ocr_line' id='line_1_24' title="bbox 136 1524 1675 1613; baseline -0.001 -19"><span class='ocrx_word' id='word_1_186' title='bbox 136 1559 376 1605; x_wconf 84' lang='grc' dir='ltr'>νωσκες,</span> <span class='ocrx_word' id='word_1_187' title='bbox 398 1543 478 1594; x_wconf 84' lang='grc' dir='ltr'>ὅτι</span> <span class='ocrx_word' id='word_1_188' title='bbox 501 1544 594 1595; x_wconf 76' lang='grc' dir='ltr'><strong>καὶ</strong></span> <span class='ocrx_word' id='word_1_189' title='bbox 611 1545 638 1594; x_wconf 81' lang='grc' dir='ltr'>ὁ</span> <span class='ocrx_word' id='word_1_190' title='bbox 660 1542 784 1604; x_wconf 85' lang='grc' dir='ltr'>Υἱὸς</span> <span class='ocrx_word' id='word_1_191' title='bbox 811 1543 902 1594; x_wconf 79' lang='grc' dir='ltr'><strong>καὶ</strong></span> <span class='ocrx_word' id='word_1_192' title='bbox 933 1544 1081 1596; x_wconf 79' lang='grc' dir='ltr'>πᾶσα</span> <span class='ocrx_word' id='word_1_193' title='bbox 1109 1524 1238 1613; x_wconf 79' lang='grc' dir='ltr'>άλλη</span> <span class='ocrx_word' id='word_1_194' title='bbox 1269 1541 1422 1594; x_wconf 89' lang='grc' dir='ltr'>οὐσία</span> <span class='ocrx_word' id='word_1_195' title='bbox 1451 1539 1675 1609; x_wconf 85' lang='grc' dir='ltr'>γενέσεώ</span> 
     </span>
    </p>
   </div>
   <div class='ocr_carea' id='block_1_25' title="bbox 1834 1524 3373 1613">
    <p class='ocr_par' dir='ltr' id='par_1_25' title="bbox 1834 1537 3373 1609">
     <span class='ocr_line' id='line_1_25' title="bbox 1834 1537 3373 1609; baseline 0.001 -20"><span class='ocrx_word' id='word_1_196' title='bbox 1834 1537 2064 1606; x_wconf 73' lang='lat' dir='ltr'><strong>luamvis</strong></span> <span class='ocrx_word' id='word_1_197' title='bbox 2090 1538 2248 1590; x_wconf 90' lang='lat' dir='ltr'><strong>aliam</strong></span> <span class='ocrx_word' id='word_1_198' title='bbox 2291 1539 2672 1599; x_wconf 86' lang='lat' dir='ltr'><strong>substantiam.</strong></span> <span class='ocrx_word' id='word_1_199' title='bbox 2705 1555 2825 1594; x_wconf 88' lang='lat' dir='ltr'><strong>esse</strong></span> <span class='ocrx_word' id='word_1_200' title='bbox 2857 1540 3114 1608; x_wconf 86' lang='lat' dir='ltr'><strong>quiddam</strong></span> <span class='ocrx_word' id='word_1_201' title='bbox 3145 1554 3373 1609; x_wconf 71' lang='lat' dir='ltr'><strong>genera-</strong></span> 
     </span>
    </p>
   </div>
   <div class='ocr_carea' id='block_1_26' title="bbox 137 1629 1676 1705">
    <p class='ocr_par' dir='ltr' id='par_1_26' title="bbox 137 1630 1673 1705">
     <span class='ocr_line' id='line_1_26' title="bbox 137 1630 1673 1705; baseline -0.002 -19"><span class='ocrx_word' id='word_1_202' title='bbox 137 1635 260 1686; x_wconf 81' lang='grc' dir='ltr'>ὲστι</span> <span class='ocrx_word' id='word_1_203' title='bbox 293 1635 558 1705; x_wconf 82' lang='grc' dir='ltr'><strong>κρείττων</strong></span> <span class='ocrx_word' id='word_1_204' title='bbox 593 1632 726 1700; x_wconf 70' lang='grc'>(64).</span> <span class='ocrx_word' id='word_1_205' title='bbox 753 1633 815 1685; x_wconf 84' lang='grc' dir='ltr'><strong>Εἰ</strong></span> <span class='ocrx_word' id='word_1_206' title='bbox 855 1632 964 1702; x_wconf 76' lang='grc' dir='ltr'>γὰρ</span> <span class='ocrx_word' id='word_1_207' title='bbox 1008 1633 1041 1702; x_wconf 87' lang='grc' dir='ltr'><strong>ἡ</strong></span> <span class='ocrx_word' id='word_1_208' title='bbox 1083 1630 1294 1700; x_wconf 81' lang='grc' dir='ltr'>γένεσις</span> <span class='ocrx_word' id='word_1_209' title='bbox 1325 1631 1499 1690; x_wconf 87' lang='grc' dir='ltr'>οὐσία,</span> <span class='ocrx_word' id='word_1_210' title='bbox 1535 1631 1673 1684; x_wconf 83' lang='grc' dir='ltr'>πάντ</span> 
     </span>
    </p>
   </div>
   <div class='ocr_carea' id='block_1_27' title="bbox 1833 1629 3372 1705">
    <p class='ocr_par' dir='ltr' id='par_1_27' title="bbox 1839 1629 3372 1700">
     <span class='ocr_line' id='line_1_27' title="bbox 1839 1629 3372 1700; baseline 0.001 -19"><span class='ocrx_word' id='word_1_211' title='bbox 1839 1630 1961 1683; x_wconf 88' lang='lat' dir='ltr'><strong>ione</strong></span> <span class='ocrx_word' id='word_1_212' title='bbox 1997 1631 2371 1699; x_wconf 68' lang='lat' dir='ltr'><strong>praestantius.</strong></span> <span class='ocrx_word' id='word_1_213' title='bbox 2398 1629 2551 1695; x_wconf 85' lang='lat' dir='ltr'><strong>Nam,</strong></span> <span class='ocrx_word' id='word_1_214' title='bbox 2585 1630 2630 1685; x_wconf 91' lang='lat' dir='ltr'><strong>si</strong></span> <span class='ocrx_word' id='word_1_215' title='bbox 2648 1632 2924 1700; x_wconf 85' lang='lat' dir='ltr'><strong>generatio</strong></span> <span class='ocrx_word' id='word_1_216' title='bbox 2949 1631 3372 1694; x_wconf 81' lang='lat' dir='ltr'><strong>estsubstantia,</strong></span> 
     </span>
    </p>
   </div>
   <div class='ocr_carea' id='block_1_28' title="bbox 133 1721 1672 1794">
    <p class='ocr_par' dir='ltr' id='par_1_28' title="bbox 133 1721 1672 1794">
     <span class='ocr_line' id='line_1_28' title="bbox 133 1721 1672 1794; baseline -0.001 -18"><span class='ocrx_word' id='word_1_217' title='bbox 133 1725 208 1776; x_wconf 80' lang='grc' dir='ltr'>τὰ</span> <span class='ocrx_word' id='word_1_218' title='bbox 233 1723 471 1792; x_wconf 75' lang='grc' dir='ltr'>γεννητὰ</span> <span class='ocrx_word' id='word_1_219' title='bbox 495 1722 770 1794; x_wconf 84' lang='grc' dir='ltr'>ὀμοούσια.</span> <span class='ocrx_word' id='word_1_220' title='bbox 801 1724 912 1776; x_wconf 86' lang='grc' dir='ltr'>Οὐκ</span> <span class='ocrx_word' id='word_1_221' title='bbox 934 1723 1039 1793; x_wconf 82' lang='grc' dir='ltr'>ἄρα</span> <span class='ocrx_word' id='word_1_222' title='bbox 1068 1725 1100 1793; x_wconf 78' lang='grc' dir='ltr'>ἡ</span> <span class='ocrx_word' id='word_1_223' title='bbox 1124 1723 1334 1790; x_wconf 81' lang='grc' dir='ltr'>γένεσις</span> <span class='ocrx_word' id='word_1_224' title='bbox 1356 1722 1528 1775; x_wconf 88' lang='grc' dir='ltr'>οὐσία.</span> <span class='ocrx_word' id='word_1_225' title='bbox 1565 1723 1627 1774; x_wconf 81' lang='lat' dir='ltr'><strong>Et</strong></span> <span class='ocrx_word' id='word_1_226' title='bbox 1653 1721 1672 1773; x_wconf 72' lang='grc' dir='ltr'>ὃ</span> 
     </span>
    </p>
   </div>
   <div class='ocr_carea' id='block_1_29' title="bbox 1836 1721 3375 1794">
    <p class='ocr_par' dir='ltr' id='par_1_29' title="bbox 1836 1721 3375 1790">
     <span class='ocr_line' id='line_1_29' title="bbox 1836 1721 3375 1790; baseline -0.001 -15"><span class='ocrx_word' id='word_1_227' title='bbox 1836 1721 1994 1787; x_wconf 64' lang='lat' dir='ltr'><strong>genita</strong></span> <span class='ocrx_word' id='word_1_228' title='bbox 2027 1722 2211 1775; x_wconf 89' lang='lat' dir='ltr'><strong>omnia</strong></span> <span class='ocrx_word' id='word_1_229' title='bbox 2251 1730 2379 1776; x_wconf 91' lang='lat' dir='ltr'><strong>sunt</strong></span> <span class='ocrx_word' id='word_1_230' title='bbox 2413 1722 2918 1778; x_wconf 88' lang='lat' dir='ltr'><strong>consubstantialia.</strong></span> <span class='ocrx_word' id='word_1_231' title='bbox 2957 1721 3245 1776; x_wconf 88' lang='lat' dir='ltr'><strong>Generatio</strong></span> <span class='ocrx_word' id='word_1_232' title='bbox 3273 1721 3375 1790; x_wconf 76' lang='lat' dir='ltr'><strong>igi-</strong></span> 
     </span>
    </p>
   </div>
   <div class='ocr_carea' id='block_1_30' title="bbox 130 1811 1669 1886">
    <p class='ocr_par' dir='ltr' id='par_1_30' title="bbox 130 1814 1669 1886">
     <span class='ocr_line' id='line_1_30' title="bbox 130 1814 1669 1886; baseline 0.002 -21"><span class='ocrx_word' id='word_1_233' title='bbox 130 1815 242 1866; x_wconf 82' lang='grc' dir='ltr'><strong>οὐκ</strong></span> <span class='ocrx_word' id='word_1_234' title='bbox 263 1814 412 1868; x_wconf 78' lang='grc' dir='ltr'>ἐστιν</span> <span class='ocrx_word' id='word_1_235' title='bbox 433 1819 466 1886; x_wconf 79' lang='grc' dir='ltr'>ἡ</span> <span class='ocrx_word' id='word_1_236' title='bbox 496 1815 704 1883; x_wconf 82' lang='grc' dir='ltr'>γένεσις</span> <span class='ocrx_word' id='word_1_237' title='bbox 723 1815 898 1876; x_wconf 89' lang='grc' dir='ltr'>οὐσία,</span> <span class='ocrx_word' id='word_1_238' title='bbox 918 1815 1037 1868; x_wconf 77' lang='grc' dir='ltr'>οὐδὲ</span> <span class='ocrx_word' id='word_1_239' title='bbox 1060 1816 1321 1886; x_wconf 78' lang='grc' dir='ltr'>κρείττων</span> <span class='ocrx_word' id='word_1_240' title='bbox 1335 1816 1479 1868; x_wconf 71' lang='grc' dir='ltr'>ἐστὶν</span> <span class='ocrx_word' id='word_1_241' title='bbox 1497 1814 1669 1877; x_wconf 78' lang='grc' dir='ltr'>οὐσίας</span> 
     </span>
    </p>
   </div>
   <div class='ocr_carea' id='block_1_31' title="bbox 1835 1811 3374 1886">
    <p class='ocr_par' dir='ltr' id='par_1_31' title="bbox 1839 1811 3374 1881">
     <span class='ocr_line' id='line_1_31' title="bbox 1839 1811 3374 1881; baseline 0.001 -18"><span class='ocrx_word' id='word_1_242' title='bbox 1839 1825 1905 1863; x_wconf 92' lang='lat' dir='ltr'><strong>ur</strong></span> <span class='ocrx_word' id='word_1_243' title='bbox 1935 1825 2046 1863; x_wconf 91' lang='lat' dir='ltr'><strong>non</strong></span> <span class='ocrx_word' id='word_1_244' title='bbox 2097 1820 2181 1865; x_wconf 90' lang='lat' dir='ltr'><strong>est</strong></span> <span class='ocrx_word' id='word_1_245' title='bbox 2228 1812 2553 1872; x_wconf 81' lang='lat' dir='ltr'><strong>substantia,</strong></span> <span class='ocrx_word' id='word_1_246' title='bbox 2601 1827 2664 1865; x_wconf 92' lang='lat' dir='ltr'><strong>ac</strong></span> <span class='ocrx_word' id='word_1_247' title='bbox 2713 1811 2942 1881; x_wconf 90' lang='lat' dir='ltr'><strong>proinde</strong></span> <span class='ocrx_word' id='word_1_248' title='bbox 2971 1827 3078 1864; x_wconf 92' lang='lat' dir='ltr'><strong>non</strong></span> <span class='ocrx_word' id='word_1_249' title='bbox 3125 1819 3207 1866; x_wconf 89' lang='lat' dir='ltr'><strong>est</strong></span> <span class='ocrx_word' id='word_1_250' title='bbox 3237 1826 3374 1881; x_wconf 75' lang='lat' dir='ltr'><strong>pra:-</strong></span> 
     </span>
    </p>
   </div>
   <div class='ocr_carea' id='block_1_32' title="bbox 133 1895 1672 1977">
    <p class='ocr_par' dir='ltr' id='par_1_32' title="bbox 133 1902 1670 1977">
     <span class='ocr_line' id='line_1_32' title="bbox 133 1902 1670 1977; baseline 0.001 -22"><span class='ocrx_word' id='word_1_251' title='bbox 133 1902 202 1955; x_wconf 83' lang='grc' dir='ltr'>Εἰ</span> <span class='ocrx_word' id='word_1_252' title='bbox 231 1904 347 1974; x_wconf 73' lang='grc' dir='ltr'><strong>γάρ</strong></span> <span class='ocrx_word' id='word_1_253' title='bbox 372 1905 634 1974; x_wconf 81' lang='grc' dir='ltr'>κρείττων</span> <span class='ocrx_word' id='word_1_254' title='bbox 678 1906 824 1959; x_wconf 70' lang='grc' dir='ltr'>ἐστὶν</span> <span class='ocrx_word' id='word_1_255' title='bbox 851 1906 1036 1970; x_wconf 89' lang='grc' dir='ltr'>οὐσίας</span> <span class='ocrx_word' id='word_1_256' title='bbox 1059 1908 1091 1977; x_wconf 86' lang='grc' dir='ltr'>ή</span> <span class='ocrx_word' id='word_1_257' title='bbox 1129 1906 1360 1974; x_wconf 85' lang='grc' dir='ltr'>γένεσις,</span> <span class='ocrx_word' id='word_1_258' title='bbox 1391 1905 1542 1960; x_wconf 76' lang='grc' dir='ltr'>ἔσται</span> <span class='ocrx_word' id='word_1_259' title='bbox 1569 1922 1670 1960; x_wconf 87' lang='grc' dir='ltr'><strong>κατ</strong></span> 
     </span>
    </p>
   </div>
   <div class='ocr_carea' id='block_1_33' title="bbox 1837 1895 3376 1977">
    <p class='ocr_par' dir='ltr' id='par_1_33' title="bbox 1842 1899 3376 1970">
     <span class='ocr_line' id='line_1_33' title="bbox 1842 1899 3376 1970; baseline 0.001 -18"><span class='ocrx_word' id='word_1_260' title='bbox 1842 1900 2047 1954; x_wconf 91' lang='lat' dir='ltr'><strong>tantior</strong></span> <span class='ocrx_word' id='word_1_261' title='bbox 2097 1901 2438 1964; x_wconf 89' lang='lat' dir='ltr'><strong>substantia,</strong></span> <span class='ocrx_word' id='word_1_262' title='bbox 2491 1902 2692 1970; x_wconf 87' lang='lat' dir='ltr'><strong>alioqui</strong></span> <span class='ocrx_word' id='word_1_263' title='bbox 2735 1903 2852 1970; x_wconf 91' lang='lat' dir='ltr'><strong>ipso</strong></span> <span class='ocrx_word' id='word_1_264' title='bbox 2897 1902 3058 1956; x_wconf 88' lang='lat' dir='ltr'><strong>etiam</strong></span> <span class='ocrx_word' id='word_1_265' title='bbox 3102 1899 3276 1961; x_wconf 89' lang='lat' dir='ltr'><strong>Filio,</strong></span> <span class='ocrx_word' id='word_1_266' title='bbox 3327 1901 3376 1956; x_wconf 90' lang='lat' dir='ltr'><strong>si</strong></span> 
     </span>
    </p>
   </div>
   <div class='ocr_carea' id='block_1_34' title="bbox 129 1991 1668 2069">
    <p class='ocr_par' dir='ltr' id='par_1_34' title="bbox 129 1997 1668 2069">
     <span class='ocr_line' id='line_1_34' title="bbox 129 1997 1668 2069; baseline 0.002 -21"><span class='ocrx_word' id='word_1_267' title='bbox 129 1999 236 2069; x_wconf 71' lang='grc' dir='ltr'>τὴν</span> <span class='ocrx_word' id='word_1_268' title='bbox 268 1999 370 2069; x_wconf 71' lang='grc' dir='ltr'><strong>σὴν</strong></span> <span class='ocrx_word' id='word_1_269' title='bbox 417 1999 602 2066; x_wconf 60' lang='grc' dir='ltr'>σοφίαν</span> <span class='ocrx_word' id='word_1_270' title='bbox 633 1999 724 2050; x_wconf 81' lang='grc' dir='ltr'>κα).</span> <span class='ocrx_word' id='word_1_271' title='bbox 760 1998 852 2052; x_wconf 75' lang='grc' dir='ltr'>τοῦ</span> <span class='ocrx_word' id='word_1_272' title='bbox 890 1998 1018 2052; x_wconf 84' lang='grc' dir='ltr'>Υἱοῦ</span> <span class='ocrx_word' id='word_1_273' title='bbox 1063 1999 1342 2069; x_wconf 87' lang='grc' dir='ltr'>κρείττων.</span> <span class='ocrx_word' id='word_1_274' title='bbox 1374 1998 1434 2050; x_wconf 77' lang='grc' dir='ltr'><strong>ΕΞ</strong></span> <span class='ocrx_word' id='word_1_275' title='bbox 1457 1997 1512 2049; x_wconf 84' lang='grc' dir='ltr'><strong>δὲ</strong></span> <span class='ocrx_word' id='word_1_276' title='bbox 1549 1997 1668 2051; x_wconf 79' lang='grc' dir='ltr'>τοῦτ</span> 
     </span>
    </p>
   </div>
   <div class='ocr_carea' id='block_1_35' title="bbox 1838 1991 3377 2069">
    <p class='ocr_par' dir='ltr' id='par_1_35' title="bbox 1841 1991 3377 2062">
     <span class='ocr_line' id='line_1_35' title="bbox 1841 1991 3377 2062; baseline 0.001 -18"><span class='ocrx_word' id='word_1_277' title='bbox 1841 2006 1962 2044; x_wconf 87' lang='lat' dir='ltr'><strong>nam</strong></span> <span class='ocrx_word' id='word_1_278' title='bbox 2010 1991 2333 2062; x_wconf 88' lang='lat' dir='ltr'><strong>sapientiam</strong></span> <span class='ocrx_word' id='word_1_279' title='bbox 2378 2008 2690 2062; x_wconf 88' lang='lat' dir='ltr'><strong>sequamur,</strong></span> <span class='ocrx_word' id='word_1_280' title='bbox 2723 1994 3066 2062; x_wconf 66' lang='lat' dir='ltr'><strong>praestantior</strong></span> <span class='ocrx_word' id='word_1_281' title='bbox 3115 2001 3377 2046; x_wconf 87' lang='lat' dir='ltr'><strong>esset:at</strong></span> 
     </span>
    </p>
   </div>
   <div class='ocr_carea' id='block_1_36' title="bbox 131 2069 1670 2160">
    <p class='ocr_par' dir='ltr' id='par_1_36' title="bbox 131 2087 1670 2160">
     <span class='ocr_line' id='line_1_36' title="bbox 131 2087 1670 2160; baseline -0.001 -19"><span class='ocrx_word' id='word_1_282' title='bbox 131 2090 362 2153; x_wconf 76' lang='grc' dir='ltr'>ἄτοπον,</span> <span class='ocrx_word' id='word_1_283' title='bbox 397 2089 552 2159; x_wconf 79' lang='grc' dir='ltr'>δῆλον</span> <span class='ocrx_word' id='word_1_284' title='bbox 581 2091 662 2142; x_wconf 84' lang='grc' dir='ltr'>ὅτι</span> <span class='ocrx_word' id='word_1_285' title='bbox 703 2091 736 2160; x_wconf 83' lang='grc' dir='ltr'>ἡ</span> <span class='ocrx_word' id='word_1_286' title='bbox 774 2089 929 2142; x_wconf 87' lang='grc' dir='ltr'>οὐσία</span> <span class='ocrx_word' id='word_1_287' title='bbox 972 2089 1234 2160; x_wconf 84' lang='grc' dir='ltr'>κρείττων</span> <span class='ocrx_word' id='word_1_288' title='bbox 1274 2089 1388 2142; x_wconf 74' lang='grc' dir='ltr'>ἐστὶ</span> <span class='ocrx_word' id='word_1_289' title='bbox 1417 2087 1670 2156; x_wconf 82' lang='grc' dir='ltr'>γενέσεως</span> 
     </span>
    </p>
   </div>
   <div class='ocr_carea' id='block_1_37' title="bbox 1888 2069 3427 2160">
    <p class='ocr_par' dir='ltr' id='par_1_37' title="bbox 1888 2069 3427 2154">
     <span class='ocr_line' id='line_1_37' title="bbox 1888 2069 3427 2154; baseline -0.001 -16"><span class='ocrx_word' id='word_1_290' title='bbox 1888 2099 1916 2138; x_wconf 95' lang='lat' dir='ltr'><strong>c</strong></span> <span class='ocrx_word' id='word_1_291' title='bbox 1941 2083 1986 2138; x_wconf 91' lang='lat' dir='ltr'><strong>si</strong></span> <span class='ocrx_word' id='word_1_292' title='bbox 2013 2082 2308 2138; x_wconf 89' lang='lat' dir='ltr'><strong>absurdum</strong></span> <span class='ocrx_word' id='word_1_293' title='bbox 2334 2094 2452 2150; x_wconf 87' lang='lat' dir='ltr'><strong>est;</strong></span> <span class='ocrx_word' id='word_1_294' title='bbox 2478 2084 2780 2139; x_wconf 79' lang='lat' dir='ltr'><strong>substantia</strong></span> <span class='ocrx_word' id='word_1_295' title='bbox 2814 2084 2976 2154; x_wconf 81' lang='lat' dir='ltr'><strong>igitur</strong></span> <span class='ocrx_word' id='word_1_296' title='bbox 3002 2091 3084 2137; x_wconf 85' lang='lat' dir='ltr'><strong>est</strong></span> <span class='ocrx_word' id='word_1_297' title='bbox 3115 2091 3378 2154; x_wconf 68' lang='lat' dir='ltr'><strong>prmstan-</strong></span> <span class='ocrx_word' id='word_1_298' title='bbox 3420 2069 3427 2078; x_wconf 77' lang='grc'><strong>’</strong></span> 
     </span>
    </p>
   </div>
   <div class='ocr_carea' id='block_1_38' title="bbox 131 2172 1670 2251">
    <p class='ocr_par' dir='ltr' id='par_1_38' title="bbox 131 2180 1670 2251">
     <span class='ocr_line' id='line_1_38' title="bbox 131 2180 1670 2251; baseline -0.001 -18"><span class='ocrx_word' id='word_1_299' title='bbox 131 2180 306 2234; x_wconf 60' lang='grc' dir='ltr'>(ὶύἂν</span> <span class='ocrx_word' id='word_1_300' title='bbox 343 2181 451 2251; x_wconf 84' lang='grc' dir='ltr'>ἄρα</span> <span class='ocrx_word' id='word_1_301' title='bbox 503 2182 642 2233; x_wconf 74' lang='grc' dir='ltr'>μέγα</span> <span class='ocrx_word' id='word_1_302' title='bbox 684 2181 775 2234; x_wconf 69' lang='grc' dir='ltr'>ἐπὶ</span> <span class='ocrx_word' id='word_1_303' title='bbox 803 2181 896 2233; x_wconf 83' lang='grc' dir='ltr'><strong>τοῦ</strong></span> <span class='ocrx_word' id='word_1_304' title='bbox 941 2181 1150 2250; x_wconf 78' lang='grc' dir='ltr'>Πατρδς</span> <span class='ocrx_word' id='word_1_305' title='bbox 1186 2180 1292 2247; x_wconf 79' lang='lat'><strong>(65)</strong></span> <span class='ocrx_word' id='word_1_306' title='bbox 1337 2180 1616 2248; x_wconf 76' lang='grc' dir='ltr'>ἐνόμισας,</span> <span class='ocrx_word' id='word_1_307' title='bbox 1659 2196 1670 2231; x_wconf 88' lang='grc' dir='ltr'><strong>ε</strong></span> 
     </span>
    </p>
   </div>
   <div class='ocr_carea' id='block_1_39' title="bbox 1837 2172 3376 2251">
    <p class='ocr_par' dir='ltr' id='par_1_39' title="bbox 1840 2172 3376 2246">
     <span class='ocr_line' id='line_1_39' title="bbox 1840 2172 3376 2246; baseline 0.001 -20"><span class='ocrx_word' id='word_1_308' title='bbox 1840 2172 1923 2226; x_wconf 93' lang='lat' dir='ltr'><strong>ior</strong></span> <span class='ocrx_word' id='word_1_309' title='bbox 1973 2175 2344 2244; x_wconf 87' lang='lat' dir='ltr'><strong>generatione.</strong></span> <span class='ocrx_word' id='word_1_310' title='bbox 2389 2191 2488 2230; x_wconf 91' lang='lat' dir='ltr'><strong>nec</strong></span> <span class='ocrx_word' id='word_1_311' title='bbox 2527 2176 2705 2245; x_wconf 81' lang='lat' dir='ltr'><strong>magni</strong></span> <span class='ocrx_word' id='word_1_312' title='bbox 2751 2176 3047 2246; x_wconf 82' lang='lat' dir='ltr'><strong>quidquam</strong></span> <span class='ocrx_word' id='word_1_313' title='bbox 3096 2175 3163 2229; x_wconf 89' lang='lat' dir='ltr'><strong>de</strong></span> <span class='ocrx_word' id='word_1_314' title='bbox 3215 2175 3376 2229; x_wconf 88' lang='lat' dir='ltr'><strong>Patre</strong></span> 
     </span>
    </p>
   </div>
   <div class='ocr_carea' id='block_1_40' title="bbox 129 2264 1668 2340">
    <p class='ocr_par' dir='ltr' id='par_1_40' title="bbox 129 2269 1668 2340">
     <span class='ocr_line' id='line_1_40' title="bbox 129 2269 1668 2340; baseline 0 -18"><span class='ocrx_word' id='word_1_315' title='bbox 129 2272 404 2340; x_wconf 74' lang='grc' dir='ltr'>κρείττων</span> <span class='ocrx_word' id='word_1_316' title='bbox 426 2271 542 2322; x_wconf 75' lang='grc' dir='ltr'>ἐστὶ</span> <span class='ocrx_word' id='word_1_317' title='bbox 570 2271 850 2339; x_wconf 71' lang='grc' dir='ltr'>γενέσεως.</span> <span class='ocrx_word' id='word_1_318' title='bbox 884 2270 1010 2334; x_wconf 83' lang='grc' dir='ltr'><strong>Πῶς</strong></span> <span class='ocrx_word' id='word_1_319' title='bbox 1033 2270 1088 2324; x_wconf 81' lang='grc' dir='ltr'><strong>δὲ</strong></span> <span class='ocrx_word' id='word_1_320' title='bbox 1113 2271 1225 2331; x_wconf 76' lang='grc' dir='ltr'>καὶ,</span> <span class='ocrx_word' id='word_1_321' title='bbox 1243 2272 1322 2332; x_wconf 87' lang='grc' dir='ltr'><strong>είς</strong></span> <span class='ocrx_word' id='word_1_322' title='bbox 1351 2269 1511 2340; x_wconf 74' lang='grc' dir='ltr'>ψιλὴν</span> <span class='ocrx_word' id='word_1_323' title='bbox 1538 2285 1668 2339; x_wconf 81' lang='grc' dir='ltr'>προσ</span> 
     </span>
    </p>
   </div>
   <div class='ocr_carea' id='block_1_41' title="bbox 1836 2264 3375 2340">
    <p class='ocr_par' dir='ltr' id='par_1_41' title="bbox 1836 2264 3375 2333">
     <span class='ocr_line' id='line_1_41' title="bbox 1836 2264 3375 2333; baseline -0.002 -16"><span class='ocrx_word' id='word_1_324' title='bbox 1836 2265 2005 2328; x_wconf 80' lang='lat' dir='ltr'><strong>entis,</strong></span> <span class='ocrx_word' id='word_1_325' title='bbox 2054 2278 2178 2318; x_wconf 91' lang='lat' dir='ltr'><strong>cum</strong></span> <span class='ocrx_word' id='word_1_326' title='bbox 2229 2264 2366 2318; x_wconf 89' lang='lat' dir='ltr'><strong>dicis</strong></span> <span class='ocrx_word' id='word_1_327' title='bbox 2400 2264 2521 2333; x_wconf 84' lang='lat' dir='ltr'><strong>ejus</strong></span> <span class='ocrx_word' id='word_1_328' title='bbox 2571 2264 2932 2318; x_wconf 87' lang='lat' dir='ltr'><strong>substantiam</strong></span> <span class='ocrx_word' id='word_1_329' title='bbox 2975 2278 3097 2317; x_wconf 88' lang='lat' dir='ltr'><strong>esse</strong></span> <span class='ocrx_word' id='word_1_330' title='bbox 3143 2275 3375 2332; x_wconf 81' lang='lat' dir='ltr'><strong>genera-</strong></span> 
     </span>
    </p>
   </div>
   <div class='ocr_carea' id='block_1_42' title="bbox 128 2354 1667 2434">
    <p class='ocr_par' dir='ltr' id='par_1_42' title="bbox 128 2361 1667 2434">
     <span class='ocr_line' id='line_1_42' title="bbox 128 2361 1667 2434; baseline 0.001 -20"><span class='ocrx_word' id='word_1_331' title='bbox 128 2363 368 2432; x_wconf 72' lang='grc' dir='ltr'>ηγορίαν</span> <span class='ocrx_word' id='word_1_332' title='bbox 428 2361 761 2432; x_wconf 71' lang='grc' dir='ltr'>βαπτισθεὶς,</span> <span class='ocrx_word' id='word_1_333' title='bbox 803 2364 1044 2434; x_wconf 78' lang='grc' dir='ltr'>νομίζεις</span> <span class='ocrx_word' id='word_1_334' title='bbox 1087 2363 1227 2432; x_wconf 74' lang='grc' dir='ltr'>ἔχειν</span> <span class='ocrx_word' id='word_1_335' title='bbox 1259 2362 1497 2432; x_wconf 79' lang='grc' dir='ltr'>ἀσφαλὲς</span> <span class='ocrx_word' id='word_1_336' title='bbox 1534 2362 1593 2415; x_wconf 79' lang='grc' dir='ltr'>τὸ</span> <span class='ocrx_word' id='word_1_337' title='bbox 1622 2361 1667 2431; x_wconf 75' lang='grc' dir='ltr'><strong>βε</strong></span> 
     </span>
    </p>
   </div>
   <div class='ocr_carea' id='block_1_43' title="bbox 1836 2354 3375 2434">
    <p class='ocr_par' dir='ltr' id='par_1_43' title="bbox 1836 2354 3375 2424">
     <span class='ocr_line' id='line_1_43' title="bbox 1836 2354 3375 2424; baseline -0.001 -17"><span class='ocrx_word' id='word_1_338' title='bbox 1836 2354 1955 2409; x_wconf 85' lang='lat' dir='ltr'><strong>ione</strong></span> <span class='ocrx_word' id='word_1_339' title='bbox 1983 2357 2432 2424; x_wconf 71' lang='lat' dir='ltr'><strong>praestantiorem.</strong></span> <span class='ocrx_word' id='word_1_340' title='bbox 2474 2355 2761 2420; x_wconf 55' lang='lat' dir='ltr'><strong>Ca‘terum,</strong></span> <span class='ocrx_word' id='word_1_341' title='bbox 2798 2357 2842 2411; x_wconf 88' lang='lat' dir='ltr'><strong>si</strong></span> <span class='ocrx_word' id='word_1_342' title='bbox 2870 2359 2924 2409; x_wconf 92' lang='lat' dir='ltr'><strong>in</strong></span> <span class='ocrx_word' id='word_1_343' title='bbox 2956 2355 3158 2408; x_wconf 89' lang='lat' dir='ltr'><strong>nudum</strong></span> <span class='ocrx_word' id='word_1_344' title='bbox 3177 2369 3375 2408; x_wconf 88' lang='lat' dir='ltr'><strong>nomen</strong></span> 
     </span>
    </p>
   </div>
   <div class='ocr_carea' id='block_1_44' title="bbox 132 2444 1671 2524">
    <p class='ocr_par' dir='ltr' id='par_1_44' title="bbox 132 2450 1671 2524">
     <span class='ocr_line' id='line_1_44' title="bbox 132 2450 1671 2524; baseline -0.001 -19"><span class='ocrx_word' id='word_1_345' title='bbox 132 2468 386 2521; x_wconf 74' lang='grc' dir='ltr'>πτισμα;</span> <span class='ocrx_word' id='word_1_346' title='bbox 418 2453 552 2521; x_wconf 70' lang='grc' dir='ltr'><strong>Οὐχὶ</strong></span> <span class='ocrx_word' id='word_1_347' title='bbox 583 2453 639 2505; x_wconf 83' lang='grc' dir='ltr'>δὲ</span> <span class='ocrx_word' id='word_1_348' title='bbox 684 2453 776 2504; x_wconf 74' lang='grc' dir='ltr'><strong>καὶ</strong></span> <span class='ocrx_word' id='word_1_349' title='bbox 807 2453 937 2506; x_wconf 81' lang='grc' dir='ltr'>αὐτὸ</span> <span class='ocrx_word' id='word_1_350' title='bbox 965 2454 1022 2504; x_wconf 82' lang='grc' dir='ltr'>ὲν</span> <span class='ocrx_word' id='word_1_351' title='bbox 1063 2452 1190 2523; x_wconf 79' lang='grc' dir='ltr'><strong>ψιλῇ</strong></span> <span class='ocrx_word' id='word_1_352' title='bbox 1231 2451 1570 2524; x_wconf 78' lang='grc' dir='ltr'>προσηγορίᾳ</span> <span class='ocrx_word' id='word_1_353' title='bbox 1596 2450 1671 2520; x_wconf 68' lang='grc'>(6(</span> 
     </span>
    </p>
   </div>
   <div class='ocr_carea' id='block_1_45' title="bbox 1833 2444 3372 2524">
    <p class='ocr_par' dir='ltr' id='par_1_45' title="bbox 1833 2445 3372 2516">
     <span class='ocr_line' id='line_1_45' title="bbox 1833 2445 3372 2516; baseline 0.001 -20"><span class='ocrx_word' id='word_1_354' title='bbox 1833 2445 2114 2513; x_wconf 71' lang='grc' dir='ltr'>ιοριίιοιυε</span> <span class='ocrx_word' id='word_1_355' title='bbox 2145 2462 2228 2512; x_wconf 91' lang='lat' dir='ltr'><strong>es,</strong></span> <span class='ocrx_word' id='word_1_356' title='bbox 2258 2461 2356 2502; x_wconf 91' lang='lat' dir='ltr'><strong>cur</strong></span> <span class='ocrx_word' id='word_1_357' title='bbox 2381 2455 2533 2500; x_wconf 89' lang='lat' dir='ltr'><strong>tuum</strong></span> <span class='ocrx_word' id='word_1_358' title='bbox 2564 2448 2888 2516; x_wconf 88' lang='lat' dir='ltr'><strong>baptismum</strong></span> <span class='ocrx_word' id='word_1_359' title='bbox 2918 2454 2976 2499; x_wconf 92' lang='lat' dir='ltr'><strong>ut</strong></span> <span class='ocrx_word' id='word_1_360' title='bbox 3001 2447 3136 2501; x_wconf 86' lang='lat' dir='ltr'><strong>satis</strong></span> <span class='ocrx_word' id='word_1_361' title='bbox 3160 2446 3372 2499; x_wconf 90' lang='lat' dir='ltr'><strong>ﬁrmum</strong></span> 
     </span>
    </p>
   </div>
   <div class='ocr_carea' id='block_1_46' title="bbox 130 2536 1669 2616">
    <p class='ocr_par' dir='ltr' id='par_1_46' title="bbox 130 2543 1669 2616">
     <span class='ocr_line' id='line_1_46' title="bbox 130 2543 1669 2616; baseline 0 -21"><span class='ocrx_word' id='word_1_362' title='bbox 130 2543 439 2614; x_wconf 81' lang='grc' dir='ltr'>κέκτησαι;</span> <span class='ocrx_word' id='word_1_363' title='bbox 471 2545 533 2596; x_wconf 84' lang='grc' dir='ltr'>Εἰ</span> <span class='ocrx_word' id='word_1_364' title='bbox 559 2543 666 2610; x_wconf 82' lang='grc' dir='ltr'>γὰρ</span> <span class='ocrx_word' id='word_1_365' title='bbox 707 2543 769 2596; x_wconf 82' lang='grc' dir='ltr'>τὺ</span> <span class='ocrx_word' id='word_1_366' title='bbox 807 2544 930 2607; x_wconf 77' lang='grc' dir='ltr'>Υἱὸς</span> <span class='ocrx_word' id='word_1_367' title='bbox 975 2543 1103 2615; x_wconf 78' lang='grc' dir='ltr'>ψιλὴ</span> <span class='ocrx_word' id='word_1_368' title='bbox 1147 2544 1483 2616; x_wconf 73' lang='grc' dir='ltr'>προσηγορία</span> <span class='ocrx_word' id='word_1_369' title='bbox 1526 2543 1618 2595; x_wconf 77' lang='grc' dir='ltr'>κα).</span> <span class='ocrx_word' id='word_1_370' title='bbox 1648 2560 1669 2595; x_wconf 78' lang='grc' dir='ltr'><strong>⁸ι</strong></span> 
     </span>
    </p>
   </div>
   <div class='ocr_carea' id='block_1_47' title="bbox 1836 2536 3375 2616">
    <p class='ocr_par' dir='ltr' id='par_1_47' title="bbox 1836 2536 3375 2594">
     <span class='ocr_line' id='line_1_47' title="bbox 1836 2536 3375 2594; baseline 0 -5"><span class='ocrx_word' id='word_1_371' title='bbox 1836 2536 2017 2591; x_wconf 64' lang='lat' dir='ltr'><strong>labes?</strong></span> <span class='ocrx_word' id='word_1_372' title='bbox 2061 2536 2252 2594; x_wconf 83' lang='lat' dir='ltr'><strong>Nonne</strong></span> <span class='ocrx_word' id='word_1_373' title='bbox 2300 2539 2432 2593; x_wconf 90' lang='lat' dir='ltr'><strong>illud</strong></span> <span class='ocrx_word' id='word_1_374' title='bbox 2474 2539 2620 2593; x_wconf 91' lang='lat' dir='ltr'><strong>nudo</strong></span> <span class='ocrx_word' id='word_1_375' title='bbox 2670 2541 2890 2594; x_wconf 91' lang='lat' dir='ltr'><strong>nomine</strong></span> <span class='ocrx_word' id='word_1_376' title='bbox 2928 2547 3088 2594; x_wconf 85' lang='lat' dir='ltr'><strong>tenus</strong></span> <span class='ocrx_word' id='word_1_377' title='bbox 3130 2537 3375 2592; x_wconf 85' lang='lat' dir='ltr'><strong>obtinue-</strong></span> 
     </span>
    </p>
   </div>
   <div class='ocr_carea' id='block_1_48' title="bbox 133 2623 1672 2707">
    <p class='ocr_par' dir='ltr' id='par_1_48' title="bbox 133 2623 1672 2707">
     <span class='ocr_line' id='line_1_48' title="bbox 133 2623 1672 2707; baseline -0.002 -18"><span class='ocrx_word' id='word_1_378' title='bbox 133 2636 348 2707; x_wconf 77' lang='grc' dir='ltr'>Πατὴρ,</span> <span class='ocrx_word' id='word_1_379' title='bbox 384 2638 466 2699; x_wconf 80' lang='grc' dir='ltr'>εἰς</span> <span class='ocrx_word' id='word_1_380' title='bbox 507 2637 566 2689; x_wconf 86' lang='grc' dir='ltr'><strong>τὸ</strong></span> <span class='ocrx_word' id='word_1_381' title='bbox 595 2636 763 2706; x_wconf 76' lang='grc' dir='ltr'>ὄνομα</span> <span class='ocrx_word' id='word_1_382' title='bbox 806 2636 898 2688; x_wconf 80' lang='grc' dir='ltr'>τοῦ</span> <span class='ocrx_word' id='word_1_383' title='bbox 931 2637 1141 2706; x_wconf 65' lang='grc' dir='ltr'>Πατρὶς</span> <span class='ocrx_word' id='word_1_384' title='bbox 1190 2635 1281 2688; x_wconf 75' lang='grc' dir='ltr'><strong>καὶ</strong></span> <span class='ocrx_word' id='word_1_385' title='bbox 1310 2623 1403 2688; x_wconf 82' lang='grc' dir='ltr'>τοῦ</span> <span class='ocrx_word' id='word_1_386' title='bbox 1438 2633 1567 2687; x_wconf 77' lang='grc' dir='ltr'>Υεοῦ</span> <span class='ocrx_word' id='word_1_387' title='bbox 1613 2633 1672 2703; x_wconf 82' lang='grc' dir='ltr'>βα</span> 
     </span>
    </p>
   </div>
   <div class='ocr_carea' id='block_1_49' title="bbox 1834 2623 3373 2707">
    <p class='ocr_par' dir='ltr' id='par_1_49' title="bbox 1839 2625 3373 2691">
     <span class='ocr_line' id='line_1_49' title="bbox 1839 2625 3373 2691; baseline 0 -12"><span class='ocrx_word' id='word_1_388' title='bbox 1839 2625 1925 2680; x_wconf 86' lang='lat' dir='ltr'><strong>is?</strong></span> <span class='ocrx_word' id='word_1_389' title='bbox 1951 2625 2085 2680; x_wconf 86' lang='lat' dir='ltr'><strong>Nam</strong></span> <span class='ocrx_word' id='word_1_390' title='bbox 2110 2627 2155 2682; x_wconf 93' lang='lat' dir='ltr'><strong>si</strong></span> <span class='ocrx_word' id='word_1_391' title='bbox 2193 2626 2362 2683; x_wconf 88' lang='lat' dir='ltr'><strong>Filius</strong></span> <span class='ocrx_word' id='word_1_392' title='bbox 2397 2637 2450 2683; x_wconf 89' lang='lat' dir='ltr'><strong>et</strong></span> <span class='ocrx_word' id='word_1_393' title='bbox 2476 2627 2636 2683; x_wconf 85' lang='lat' dir='ltr'><strong>Pater</strong></span> <span class='ocrx_word' id='word_1_394' title='bbox 2670 2629 2814 2683; x_wconf 85' lang='lat' dir='ltr'><strong>nuda</strong></span> <span class='ocrx_word' id='word_1_395' title='bbox 2849 2635 2977 2683; x_wconf 92' lang='lat' dir='ltr'><strong>sunt</strong></span> <span class='ocrx_word' id='word_1_396' title='bbox 3012 2628 3255 2691; x_wconf 91' lang='lat' dir='ltr'><strong>nomina,</strong></span> <span class='ocrx_word' id='word_1_397' title='bbox 3278 2626 3373 2680; x_wconf 81' lang='lat' dir='ltr'><strong>ba-</strong></span> 
     </span>
    </p>
   </div>
   <div class='ocr_carea' id='block_1_50' title="bbox 139 2718 1678 2797">
    <p class='ocr_par' dir='ltr' id='par_1_50' title="bbox 139 2723 1474 2797">
     <span class='ocr_line' id='line_1_50' title="bbox 139 2723 1474 2797; baseline 0 -17"><span class='ocrx_word' id='word_1_398' title='bbox 139 2727 404 2792; x_wconf 78' lang='grc' dir='ltr'>πτισθεὶς,</span> <span class='ocrx_word' id='word_1_399' title='bbox 432 2729 514 2790; x_wconf 85' lang='grc' dir='ltr'><strong>είς</strong></span> <span class='ocrx_word' id='word_1_400' title='bbox 541 2726 700 2796; x_wconf 72' lang='grc' dir='ltr'>ψιλὴν</span> <span class='ocrx_word' id='word_1_401' title='bbox 730 2727 1098 2797; x_wconf 77' lang='grc' dir='ltr'>προσηγορίαν</span> <span class='ocrx_word' id='word_1_402' title='bbox 1125 2723 1474 2797; x_wconf 76' lang='grc' dir='ltr'>ἐϐαπτίσθης.</span> 
     </span>
    </p>
   </div>
   <div class='ocr_carea' id='block_1_51' title="bbox 1834 2718 3373 2797">
    <p class='ocr_par' dir='ltr' id='par_1_51' title="bbox 1834 2718 3373 2787">
     <span class='ocr_line' id='line_1_51' title="bbox 1834 2718 3373 2787; baseline 0.001 -18"><span class='ocrx_word' id='word_1_403' title='bbox 1834 2719 2044 2773; x_wconf 71' lang='grc' dir='ltr'>ιιίιιιιυε</span> <span class='ocrx_word' id='word_1_404' title='bbox 2071 2720 2127 2773; x_wconf 92' lang='lat' dir='ltr'><strong>in</strong></span> <span class='ocrx_word' id='word_1_405' title='bbox 2156 2719 2337 2774; x_wconf 85' lang='lat' dir='ltr'><strong>Patris</strong></span> <span class='ocrx_word' id='word_1_406' title='bbox 2363 2729 2415 2774; x_wconf 92' lang='lat' dir='ltr'><strong>et</strong></span> <span class='ocrx_word' id='word_1_407' title='bbox 2449 2719 2570 2773; x_wconf 87' lang='lat' dir='ltr'><strong>Filii</strong></span> <span class='ocrx_word' id='word_1_408' title='bbox 2611 2735 2830 2786; x_wconf 90' lang='lat' dir='ltr'><strong>nomen,</strong></span> <span class='ocrx_word' id='word_1_409' title='bbox 2867 2721 2922 2774; x_wconf 92' lang='lat' dir='ltr'><strong>in</strong></span> <span class='ocrx_word' id='word_1_410' title='bbox 2953 2724 3150 2772; x_wconf 85' lang='lat' dir='ltr'><strong>nudam</strong></span> <span class='ocrx_word' id='word_1_411' title='bbox 3183 2718 3373 2787; x_wconf 82' lang='lat' dir='ltr'><strong>appel-</strong></span> 
     </span>
    </p>
   </div>
   <div class='ocr_carea' id='block_1_52' title="bbox 1810 2809 2521 2880">
    <p class='ocr_par' dir='ltr' id='par_1_52' title="bbox 1810 2809 2521 2880">
     <span class='ocr_line' id='line_1_52' title="bbox 1810 2809 2521 2880; baseline 0.006 -18"><span class='ocrx_word' id='word_1_412' title='bbox 1810 2809 2069 2863; x_wconf 86' lang='lat' dir='ltr'><strong>lationem</strong></span> <span class='ocrx_word' id='word_1_413' title='bbox 2103 2825 2162 2864; x_wconf 91' lang='lat' dir='ltr'><strong>es</strong></span> <span class='ocrx_word' id='word_1_414' title='bbox 2195 2811 2521 2880; x_wconf 87' lang='lat' dir='ltr'><strong>baptizatus.</strong></span> 
     </span>
    </p>
   </div>
   <div class='ocr_carea' id='block_1_53' title="bbox 134 3057 3369 3145">
    <p class='ocr_par' dir='ltr' id='par_1_53' title="bbox 134 3057 3369 3145">
     <span class='ocr_line' id='line_1_53' title="bbox 134 3057 3369 3145; baseline 0.002 -25"><span class='ocrx_word' id='word_1_415' title='bbox 134 3061 279 3122; x_wconf 74' lang='lat' dir='ltr'><strong>meo</strong></span> <span class='ocrx_word' id='word_1_416' title='bbox 311 3075 459 3137; x_wconf 64' lang='lat' dir='ltr'><strong>quae</strong></span> <span class='ocrx_word' id='word_1_417' title='bbox 486 3057 779 3138; x_wconf 89' lang='lat' dir='ltr'><strong>sequitur</strong></span> <span class='ocrx_word' id='word_1_418' title='bbox 813 3062 1129 3140; x_wconf 81' lang='lat' dir='ltr'><strong>appendix</strong></span> <span class='ocrx_word' id='word_1_419' title='bbox 1162 3061 1227 3124; x_wconf 90' lang='lat' dir='ltr'><strong>in</strong></span> <span class='ocrx_word' id='word_1_420' title='bbox 1263 3081 1410 3124; x_wconf 91' lang='lat' dir='ltr'><strong>mss.</strong></span> <span class='ocrx_word' id='word_1_421' title='bbox 1442 3066 1625 3145; x_wconf 77' lang='lat' dir='ltr'><strong>codd.</strong></span> <span class='ocrx_word' id='word_1_422' title='bbox 1666 3067 1936 3128; x_wconf 86' lang='lat' dir='ltr'><strong>illustris</strong></span> <span class='ocrx_word' id='word_1_423' title='bbox 1975 3068 2268 3132; x_wconf 85' lang='lat' dir='ltr'><strong>biblioth.</strong></span> <span class='ocrx_word' id='word_1_424' title='bbox 2302 3067 2496 3130; x_wconf 86' lang='lat' dir='ltr'><strong>Palat.</strong></span> <span class='ocrx_word' id='word_1_425' title='bbox 2532 3067 2833 3132; x_wconf 83' lang='lat' dir='ltr'><strong>continua</strong></span> <span class='ocrx_word' id='word_1_426' title='bbox 2880 3067 3194 3145; x_wconf 80' lang='lat' dir='ltr'><strong>scriptura</strong></span> <span class='ocrx_word' id='word_1_427' title='bbox 3224 3083 3369 3130; x_wconf 83' lang='lat' dir='ltr'><strong>cum</strong></span> 
     </span>
    </p>
   </div>
   <div class='ocr_carea' id='block_1_54' title="bbox 1214 3144 2316 3220">
    <p class='ocr_par' dir='ltr' id='par_1_54' title="bbox 1214 3144 2316 3220">
     <span class='ocr_line' id='line_1_54' title="bbox 1214 3144 2316 3220; baseline 0.007 -20"><span class='ocrx_word' id='word_1_428' title='bbox 1214 3144 1712 3220; x_wconf 61' lang='lat' dir='ltr'><strong>praecedentibus</strong></span> <span class='ocrx_word' id='word_1_429' title='bbox 1747 3147 2040 3210; x_wconf 62' lang='lat' dir='ltr'><strong>cohaeret.</strong></span> <span class='ocrx_word' id='word_1_430' title='bbox 2087 3149 2316 3208; x_wconf 72' lang='lat' dir='ltr'><strong>FEch.</strong></span> 
     </span>
    </p>
   </div>
   <div class='ocr_carea' id='block_1_55' title="bbox 204 3261 1743 3337">
    <p class='ocr_par' dir='ltr' id='par_1_55' title="bbox 204 3261 1743 3334">
     <span class='ocr_line' id='line_1_55' title="bbox 204 3261 1743 3334; baseline 0.001 -18"><span class='ocrx_word' id='word_1_431' title='bbox 204 3261 288 3316; x_wconf 85' lang='lat' dir='ltr'><strong>l6.</strong></span> <span class='ocrx_word' id='word_1_432' title='bbox 328 3261 445 3331; x_wconf 86' lang='grc'>(67)</span> <span class='ocrx_word' id='word_1_433' title='bbox 493 3263 678 3330; x_wconf 77' lang='grc' dir='ltr'><strong>Ἄνόμ.</strong></span> <span class='ocrx_word' id='word_1_434' title='bbox 716 3263 779 3315; x_wconf 84' lang='grc' dir='ltr'><strong>Εἰ</strong></span> <span class='ocrx_word' id='word_1_435' title='bbox 805 3262 1193 3332; x_wconf 65' lang='grc' dir='ltr'>σπρματικῶς</span> <span class='ocrx_word' id='word_1_436' title='bbox 1224 3264 1283 3315; x_wconf 84' lang='lat' dir='ltr'><strong>tv</strong></span> <span class='ocrx_word' id='word_1_437' title='bbox 1313 3261 1392 3333; x_wconf 79' lang='grc' dir='ltr'>τῷ</span> <span class='ocrx_word' id='word_1_438' title='bbox 1425 3263 1702 3334; x_wconf 84' lang='grc' dir='ltr'>ἀγεννήτῳ</span> <span class='ocrx_word' id='word_1_439' title='bbox 1728 3275 1743 3326; x_wconf 73' lang='lat'><strong>1</strong></span> 
     </span>
    </p>
   </div>
   <div class='ocr_carea' id='block_1_56' title="bbox 1832 3261 3371 3337">
    <p class='ocr_par' dir='ltr' id='par_1_56' title="bbox 1873 3264 3371 3337">
     <span class='ocr_line' id='line_1_56' title="bbox 1873 3264 3371 3337; baseline -0.001 -18"><span class='ocrx_word' id='word_1_440' title='bbox 1873 3266 1960 3320; x_wconf 78' lang='grc'><strong>16.</strong></span> <span class='ocrx_word' id='word_1_441' title='bbox 2002 3267 2193 3320; x_wconf 81' lang='lat' dir='ltr'><strong>Anam.</strong></span> <span class='ocrx_word' id='word_1_442' title='bbox 2237 3267 2295 3321; x_wconf 87' lang='lat' dir='ltr'><strong>Si</strong></span> <span class='ocrx_word' id='word_1_443' title='bbox 2325 3268 2586 3337; x_wconf 85' lang='lat' dir='ltr'><strong>genitum,</strong></span> <span class='ocrx_word' id='word_1_444' title='bbox 2622 3265 2848 3322; x_wconf 90' lang='lat' dir='ltr'><strong>seminis</strong></span> <span class='ocrx_word' id='word_1_445' title='bbox 2875 3279 3024 3319; x_wconf 90' lang='lat' dir='ltr'><strong>more</strong></span> <span class='ocrx_word' id='word_1_446' title='bbox 3056 3264 3110 3318; x_wconf 93' lang='lat' dir='ltr'><strong>in</strong></span> <span class='ocrx_word' id='word_1_447' title='bbox 3143 3279 3250 3318; x_wconf 91' lang='lat' dir='ltr'><strong>non</strong></span> <span class='ocrx_word' id='word_1_448' title='bbox 3279 3279 3371 3332; x_wconf 47' lang='grc' dir='ltr'><strong>κθ</strong></span> 
     </span>
    </p>
   </div>
   <div class='ocr_carea' id='block_1_57' title="bbox 137 3351 1676 3430">
    <p class='ocr_par' dir='ltr' id='par_1_57' title="bbox 137 3351 1676 3426">
     <span class='ocr_line' id='line_1_57' title="bbox 137 3351 1676 3426; baseline 0.001 -20"><span class='ocrx_word' id='word_1_449' title='bbox 137 3354 186 3406; x_wconf 82' lang='grc' dir='ltr'>ιδ</span> <span class='ocrx_word' id='word_1_450' title='bbox 207 3353 460 3422; x_wconf 79' lang='grc' dir='ltr'>γέννημα</span> <span class='ocrx_word' id='word_1_451' title='bbox 495 3351 632 3421; x_wconf 71' lang='grc' dir='ltr'>μετὰ</span> <span class='ocrx_word' id='word_1_452' title='bbox 666 3352 766 3422; x_wconf 84' lang='grc' dir='ltr'>τὴν</span> <span class='ocrx_word' id='word_1_453' title='bbox 812 3352 1022 3420; x_wconf 85' lang='grc' dir='ltr'>γένεσιν</span> <span class='ocrx_word' id='word_1_454' title='bbox 1051 3352 1246 3418; x_wconf 80' lang='grc' dir='ltr'>ἔξωθεν</span> <span class='ocrx_word' id='word_1_455' title='bbox 1278 3353 1676 3426; x_wconf 78' lang='grc' dir='ltr'>προσλαμϐάνει</span> 
     </span>
    </p>
   </div>
   <div class='ocr_carea' id='block_1_58' title="bbox 1830 3351 3369 3430">
    <p class='ocr_par' dir='ltr' id='par_1_58' title="bbox 1830 3357 3369 3430">
     <span class='ocr_line' id='line_1_58' title="bbox 1830 3357 3369 3430; baseline -0.001 -20"><span class='ocrx_word' id='word_1_456' title='bbox 1830 3357 1920 3411; x_wconf 73' lang='lat' dir='ltr'><strong>tito</strong></span> <span class='ocrx_word' id='word_1_457' title='bbox 1960 3358 2249 3419; x_wconf 81' lang='lat' dir='ltr'><strong>exsistens.</strong></span> <span class='ocrx_word' id='word_1_458' title='bbox 2285 3369 2406 3428; x_wconf 92' lang='lat' dir='ltr'><strong>post</strong></span> <span class='ocrx_word' id='word_1_459' title='bbox 2443 3360 2845 3430; x_wconf 80' lang='lat' dir='ltr'><strong>generationem</strong></span> <span class='ocrx_word' id='word_1_460' title='bbox 2897 3357 3241 3411; x_wconf 78' lang='lat' dir='ltr'><strong>extrinsecus</strong></span> <span class='ocrx_word' id='word_1_461' title='bbox 3269 3358 3369 3410; x_wconf 88' lang='lat' dir='ltr'><strong>ali-</strong></span> 
     </span>
    </p>
   </div>
   <div class='ocr_carea' id='block_1_59' title="bbox 135 3443 1674 3518">
    <p class='ocr_par' dir='ltr' id='par_1_59' title="bbox 135 3443 1673 3515">
     <span class='ocr_line' id='line_1_59' title="bbox 135 3443 1673 3515; baseline 0.002 -19"><span class='ocrx_word' id='word_1_462' title='bbox 135 3445 201 3508; x_wconf 67' lang='lat' dir='ltr'><strong>i);</strong></span> <span class='ocrx_word' id='word_1_463' title='bbox 233 3445 302 3497; x_wconf 82' lang='grc' dir='ltr'>ἂν</span> <span class='ocrx_word' id='word_1_464' title='bbox 328 3443 473 3496; x_wconf 78' lang='grc' dir='ltr'>εἴποι</span> <span class='ocrx_word' id='word_1_465' title='bbox 517 3459 623 3506; x_wconf 88' lang='grc' dir='ltr'>τις,</span> <span class='ocrx_word' id='word_1_466' title='bbox 664 3443 911 3515; x_wconf 67' lang='grc' dir='ltr'>ἠνδρώοη</span> <span class='ocrx_word' id='word_1_467' title='bbox 949 3445 1040 3497; x_wconf 54' lang='grc' dir='ltr'>καὶ.</span> <span class='ocrx_word' id='word_1_468' title='bbox 1076 3445 1277 3508; x_wconf 81' lang='grc' dir='ltr'>τέλειός</span> <span class='ocrx_word' id='word_1_469' title='bbox 1318 3447 1463 3498; x_wconf 80' lang='grc' dir='ltr'>ἐστιν</span> <span class='ocrx_word' id='word_1_470' title='bbox 1489 3449 1518 3500; x_wconf 81' lang='grc' dir='ltr'>ὁ</span> <span class='ocrx_word' id='word_1_471' title='bbox 1549 3447 1673 3511; x_wconf 86' lang='grc' dir='ltr'>Υἱός</span> 
     </span>
    </p>
   </div>
   <div class='ocr_carea' id='block_1_60' title="bbox 1831 3443 3370 3518">
    <p class='ocr_par' dir='ltr' id='par_1_60' title="bbox 1831 3447 3370 3518">
     <span class='ocr_line' id='line_1_60' title="bbox 1831 3447 3370 3518; baseline 0.001 -17"><span class='ocrx_word' id='word_1_472' title='bbox 1831 3450 1932 3518; x_wconf 72' lang='grc' dir='ltr'>μήὸ</span> <span class='ocrx_word' id='word_1_473' title='bbox 1966 3451 2233 3515; x_wconf 90' lang='lat' dir='ltr'><strong>assumit;</strong></span> <span class='ocrx_word' id='word_1_474' title='bbox 2264 3452 2346 3504; x_wconf 84' lang='lat' dir='ltr'><strong>vir</strong></span> <span class='ocrx_word' id='word_1_475' title='bbox 2374 3451 2570 3514; x_wconf 80' lang='lat' dir='ltr'><strong>factus,</strong></span> <span class='ocrx_word' id='word_1_476' title='bbox 2603 3459 2661 3504; x_wconf 92' lang='lat' dir='ltr'><strong>ut</strong></span> <span class='ocrx_word' id='word_1_477' title='bbox 2686 3452 2756 3503; x_wconf 87' lang='lat' dir='ltr'><strong>ita</strong></span> <span class='ocrx_word' id='word_1_478' title='bbox 2789 3450 2987 3514; x_wconf 78' lang='lat' dir='ltr'><strong>dicam,</strong></span> <span class='ocrx_word' id='word_1_479' title='bbox 3013 3457 3068 3504; x_wconf 88' lang='lat' dir='ltr'><strong>et</strong></span> <span class='ocrx_word' id='word_1_480' title='bbox 3097 3447 3370 3518; x_wconf 83' lang='lat' dir='ltr'><strong>perfectus</strong></span> 
     </span>
    </p>
   </div>
   <div class='ocr_carea' id='block_1_61' title="bbox 136 3527 1675 3612">
    <p class='ocr_par' dir='ltr' id='par_1_61' title="bbox 136 3527 1675 3608">
     <span class='ocr_line' id='line_1_61' title="bbox 136 3527 1675 3608; baseline 0.001 -19"><span class='ocrx_word' id='word_1_481' title='bbox 136 3537 230 3589; x_wconf 68' lang='grc' dir='ltr'><strong>δύκ</strong></span> <span class='ocrx_word' id='word_1_482' title='bbox 264 3534 327 3600; x_wconf 81' lang='grc' dir='ltr'>ἐξ</span> <span class='ocrx_word' id='word_1_483' title='bbox 354 3527 429 3587; x_wconf 80' lang='grc' dir='ltr'>ὧν</span> <span class='ocrx_word' id='word_1_484' title='bbox 463 3534 748 3605; x_wconf 73' lang='grc' dir='ltr'>ἐγεννήθη,</span> <span class='ocrx_word' id='word_1_485' title='bbox 792 3535 904 3588; x_wconf 80' lang='grc' dir='ltr'>ἀλλ’</span> <span class='ocrx_word' id='word_1_486' title='bbox 938 3535 997 3599; x_wconf 79' lang='grc' dir='ltr'>ἐξ</span> <span class='ocrx_word' id='word_1_487' title='bbox 1037 3529 1110 3588; x_wconf 83' lang='grc' dir='ltr'>ὧν</span> <span class='ocrx_word' id='word_1_488' title='bbox 1139 3537 1470 3608; x_wconf 78' lang='grc' dir='ltr'>προσέλαϐε·</span> <span class='ocrx_word' id='word_1_489' title='bbox 1507 3538 1574 3591; x_wconf 86' lang='grc' dir='ltr'>τὰ</span> <span class='ocrx_word' id='word_1_490' title='bbox 1597 3537 1675 3608; x_wconf 26' lang='grc' dir='ltr'><strong>γὰι</strong></span> 
     </span>
    </p>
   </div>
   <div class='ocr_carea' id='block_1_62' title="bbox 1832 3527 3371 3612">
    <p class='ocr_par' dir='ltr' id='par_1_62' title="bbox 1832 3539 3371 3612">
     <span class='ocr_line' id='line_1_62' title="bbox 1832 3539 3371 3612; baseline -0.002 -17"><span class='ocrx_word' id='word_1_491' title='bbox 1832 3550 1889 3595; x_wconf 67' lang='lat' dir='ltr'><strong>ast</strong></span> <span class='ocrx_word' id='word_1_492' title='bbox 1917 3539 2108 3608; x_wconf 88' lang='lat' dir='ltr'><strong>Filius,</strong></span> <span class='ocrx_word' id='word_1_493' title='bbox 2141 3557 2250 3596; x_wconf 90' lang='lat' dir='ltr'><strong>non</strong></span> <span class='ocrx_word' id='word_1_494' title='bbox 2283 3541 2425 3597; x_wconf 91' lang='lat' dir='ltr'><strong>unde</strong></span> <span class='ocrx_word' id='word_1_495' title='bbox 2447 3543 2661 3612; x_wconf 85' lang='lat' dir='ltr'><strong>genitus</strong></span> <span class='ocrx_word' id='word_1_496' title='bbox 2688 3549 2793 3604; x_wconf 85' lang='lat' dir='ltr'><strong>est,</strong></span> <span class='ocrx_word' id='word_1_497' title='bbox 2822 3540 2915 3594; x_wconf 87' lang='lat' dir='ltr'><strong>sed</strong></span> <span class='ocrx_word' id='word_1_498' title='bbox 2945 3556 3008 3594; x_wconf 80' lang='lat' dir='ltr'><strong>ex</strong></span> <span class='ocrx_word' id='word_1_499' title='bbox 3041 3541 3108 3594; x_wconf 91' lang='lat' dir='ltr'><strong>iis</strong></span> <span class='ocrx_word' id='word_1_500' title='bbox 3135 3555 3254 3609; x_wconf 65' lang='lat' dir='ltr'><strong>qua:</strong></span> <span class='ocrx_word' id='word_1_501' title='bbox 3283 3555 3371 3592; x_wconf 86' lang='lat' dir='ltr'><strong>as-</strong></span> 
     </span>
    </p>
   </div>
   <div class='ocr_carea' id='block_1_63' title="bbox 133 3625 1672 3702">
    <p class='ocr_par' dir='ltr' id='par_1_63' title="bbox 133 3625 1672 3696">
     <span class='ocr_line' id='line_1_63' title="bbox 133 3625 1672 3696; baseline 0.003 -17"><span class='ocrx_word' id='word_1_502' title='bbox 133 3625 478 3696; x_wconf 85' lang='grc' dir='ltr'>συγγενικῶς</span> <span class='ocrx_word' id='word_1_503' title='bbox 529 3626 1011 3696; x_wconf 77' lang='grc' dir='ltr'>προσλαμϐάνοντα</span> <span class='ocrx_word' id='word_1_504' title='bbox 1058 3627 1132 3690; x_wconf 84' lang='grc' dir='ltr'><strong>ὡς</strong></span> <span class='ocrx_word' id='word_1_505' title='bbox 1190 3628 1248 3694; x_wconf 77' lang='grc' dir='ltr'><strong>ἐξ</strong></span> <span class='ocrx_word' id='word_1_506' title='bbox 1314 3629 1533 3682; x_wconf 83' lang='grc' dir='ltr'>ἐκείνων</span> <span class='ocrx_word' id='word_1_507' title='bbox 1589 3647 1672 3683; x_wconf 48' lang='grc' dir='ltr'><strong>συί</strong></span> 
     </span>
    </p>
   </div>
   <div class='ocr_carea' id='block_1_64' title="bbox 1824 3625 3363 3702">
    <p class='ocr_par' dir='ltr' id='par_1_64' title="bbox 1824 3632 3363 3702">
     <span class='ocr_line' id='line_1_64' title="bbox 1824 3632 3363 3702; baseline -0.001 -19"><span class='ocrx_word' id='word_1_508' title='bbox 1824 3632 2040 3700; x_wconf 74' lang='lat' dir='ltr'><strong>tumpsit</strong></span> <span class='ocrx_word' id='word_1_509' title='bbox 2070 3651 2081 3685; x_wconf 93' lang='lat'>:</span> <span class='ocrx_word' id='word_1_510' title='bbox 2107 3647 2227 3700; x_wconf 61' lang='lat' dir='ltr'><strong>quae</strong></span> <span class='ocrx_word' id='word_1_511' title='bbox 2257 3632 2401 3687; x_wconf 88' lang='lat' dir='ltr'><strong>enim</strong></span> <span class='ocrx_word' id='word_1_512' title='bbox 2441 3648 2537 3702; x_wconf 89' lang='lat' dir='ltr'><strong>pro</strong></span> <span class='ocrx_word' id='word_1_513' title='bbox 2569 3642 2777 3685; x_wconf 71' lang='lat' dir='ltr'><strong>natura:</strong></span> <span class='ocrx_word' id='word_1_514' title='bbox 2808 3632 3018 3684; x_wconf 84' lang='lat' dir='ltr'><strong>ratione</strong></span> <span class='ocrx_word' id='word_1_515' title='bbox 3057 3637 3363 3689; x_wconf 87' lang='lat' dir='ltr'><strong>assumunt.</strong></span> 
     </span>
    </p>
   </div>
   <div class='ocr_carea' id='block_1_65' title="bbox 133 3715 1672 3791">
    <p class='ocr_par' dir='ltr' id='par_1_65' title="bbox 133 3715 1672 3791">
     <span class='ocr_line' id='line_1_65' title="bbox 133 3715 1672 3791; baseline 0.001 -20"><span class='ocrx_word' id='word_1_516' title='bbox 133 3717 346 3771; x_wconf 65' lang='grc' dir='ltr'>ἑστῶτα</span> <span class='ocrx_word' id='word_1_517' title='bbox 383 3716 445 3769; x_wconf 81' lang='grc' dir='ltr'><strong>τὸ</strong></span> <span class='ocrx_word' id='word_1_518' title='bbox 473 3715 566 3770; x_wconf 75' lang='grc' dir='ltr'><strong>τοῦ</strong></span> <span class='ocrx_word' id='word_1_519' title='bbox 601 3717 805 3770; x_wconf 83' lang='grc' dir='ltr'>τελείου</span> <span class='ocrx_word' id='word_1_520' title='bbox 830 3717 999 3788; x_wconf 78' lang='grc' dir='ltr'>ὁνομα</span> <span class='ocrx_word' id='word_1_521' title='bbox 1040 3717 1148 3786; x_wconf 89' lang='grc'><strong>(68)</strong></span> <span class='ocrx_word' id='word_1_522' title='bbox 1191 3718 1457 3790; x_wconf 82' lang='grc' dir='ltr'>διαφόρως</span> <span class='ocrx_word' id='word_1_523' title='bbox 1488 3721 1672 3791; x_wconf 87' lang='grc' dir='ltr'>προσίε</span> 
     </span>
    </p>
   </div>
   <div class='ocr_carea' id='block_1_66' title="bbox 1828 3715 3367 3791">
    <p class='ocr_par' dir='ltr' id='par_1_66' title="bbox 1828 3717 3367 3790">
     <span class='ocr_line' id='line_1_66' title="bbox 1828 3717 3367 3790; baseline -0.001 -19"><span class='ocrx_word' id='word_1_524' title='bbox 1828 3727 1992 3787; x_wconf 74' lang='lat' dir='ltr'><strong>utpote</strong></span> <span class='ocrx_word' id='word_1_525' title='bbox 2019 3735 2140 3790; x_wconf 74' lang='lat' dir='ltr'><strong>qua:</strong></span> <span class='ocrx_word' id='word_1_526' title='bbox 2177 3735 2244 3774; x_wconf 76' lang='lat' dir='ltr'><strong>ex</strong></span> <span class='ocrx_word' id='word_1_527' title='bbox 2273 3721 2569 3790; x_wconf 88' lang='lat' dir='ltr'><strong>assumptis</strong></span> <span class='ocrx_word' id='word_1_528' title='bbox 2604 3727 2876 3779; x_wconf 89' lang='lat' dir='ltr'><strong>constent,</strong></span> <span class='ocrx_word' id='word_1_529' title='bbox 2913 3717 3134 3787; x_wconf 83' lang='lat' dir='ltr'><strong>perfecti</strong></span> <span class='ocrx_word' id='word_1_530' title='bbox 3172 3733 3367 3772; x_wconf 88' lang='lat' dir='ltr'><strong>nomen</strong></span> 
     </span>
    </p>
   </div>
   <div class='ocr_carea' id='block_1_67' title="bbox 132 3807 1671 3880">
    <p class='ocr_par' dir='ltr' id='par_1_67' title="bbox 132 3809 1671 3880">
     <span class='ocr_line' id='line_1_67' title="bbox 132 3809 1671 3880; baseline -0.001 -15"><span class='ocrx_word' id='word_1_531' title='bbox 132 3811 255 3865; x_wconf 79' lang='grc' dir='ltr'>σθαι</span> <span class='ocrx_word' id='word_1_532' title='bbox 287 3809 554 3878; x_wconf 64' lang='grc' dir='ltr'>πέφυκεν.</span> <span class='ocrx_word' id='word_1_533' title='bbox 590 3809 740 3876; x_wconf 86' lang='grc' dir='ltr'>Ὀρθ.</span> <span class='ocrx_word' id='word_1_534' title='bbox 779 3809 840 3862; x_wconf 79' lang='grc' dir='ltr'><strong>Εἰ</strong></span> <span class='ocrx_word' id='word_1_535' title='bbox 877 3809 1259 3880; x_wconf 85' lang='grc' dir='ltr'>σπερματικῶς</span> <span class='ocrx_word' id='word_1_536' title='bbox 1291 3810 1348 3862; x_wconf 85' lang='lat' dir='ltr'><strong>tv</strong></span> <span class='ocrx_word' id='word_1_537' title='bbox 1376 3809 1455 3880; x_wconf 79' lang='grc' dir='ltr'>τῷ</span> <span class='ocrx_word' id='word_1_538' title='bbox 1478 3812 1614 3879; x_wconf 72' lang='grc' dir='ltr'>φωτὶ</span> <span class='ocrx_word' id='word_1_539' title='bbox 1644 3829 1671 3864; x_wconf 91' lang='grc' dir='ltr'><strong>τ</strong></span> 
     </span>
    </p>
   </div>
   <div class='ocr_carea' id='block_1_68' title="bbox 1831 3807 3370 3880">
    <p class='ocr_par' dir='ltr' id='par_1_68' title="bbox 1831 3807 3370 3866">
     <span class='ocr_line' id='line_1_68' title="bbox 1831 3807 3370 3866; baseline 0 -4"><span class='ocrx_word' id='word_1_540' title='bbox 1831 3810 2025 3864; x_wconf 81' lang='lat' dir='ltr'><strong>liverso</strong></span> <span class='ocrx_word' id='word_1_541' title='bbox 2074 3810 2237 3864; x_wconf 84' lang='lat' dir='ltr'><strong>modo</strong></span> <span class='ocrx_word' id='word_1_542' title='bbox 2275 3810 2560 3865; x_wconf 83' lang='lat' dir='ltr'><strong>admittere</strong></span> <span class='ocrx_word' id='word_1_543' title='bbox 2607 3812 2801 3866; x_wconf 90' lang='lat' dir='ltr'><strong>solent.</strong></span> <span class='ocrx_word' id='word_1_544' title='bbox 2837 3810 2992 3864; x_wconf 84' lang='lat' dir='ltr'><strong>Orth.</strong></span> <span class='ocrx_word' id='word_1_545' title='bbox 3036 3808 3092 3862; x_wconf 91' lang='lat' dir='ltr'><strong>Si</strong></span> <span class='ocrx_word' id='word_1_546' title='bbox 3143 3807 3370 3863; x_wconf 86' lang='lat' dir='ltr'><strong>seminis</strong></span> 
     </span>
    </p>
   </div>
   <div class='ocr_carea' id='block_1_69' title="bbox 132 3895 1671 3973">
    <p class='ocr_par' dir='ltr' id='par_1_69' title="bbox 132 3899 1671 3973">
     <span class='ocr_line' id='line_1_69' title="bbox 132 3899 1671 3973; baseline -0.001 -18"><span class='ocrx_word' id='word_1_547' title='bbox 132 3901 494 3971; x_wconf 71' lang='grc' dir='ltr'>ἀπαύγασμα,</span> <span class='ocrx_word' id='word_1_548' title='bbox 539 3901 658 3953; x_wconf 79' lang='grc' dir='ltr'>εἰπὲ</span> <span class='ocrx_word' id='word_1_549' title='bbox 692 3901 786 3954; x_wconf 76' lang='grc' dir='ltr'><strong>καὶ</strong></span> <span class='ocrx_word' id='word_1_550' title='bbox 819 3899 907 3953; x_wconf 80' lang='grc' dir='ltr'><strong>τὸν</strong></span> <span class='ocrx_word' id='word_1_551' title='bbox 947 3900 1074 3953; x_wconf 83' lang='grc' dir='ltr'>Υίὸν</span> <span class='ocrx_word' id='word_1_552' title='bbox 1111 3901 1171 3953; x_wconf 93' lang='lat' dir='ltr'><strong>tv</strong></span> <span class='ocrx_word' id='word_1_553' title='bbox 1209 3900 1285 3970; x_wconf 82' lang='grc' dir='ltr'>τῷ</span> <span class='ocrx_word' id='word_1_554' title='bbox 1317 3901 1488 3973; x_wconf 85' lang='grc' dir='ltr'>Πατρί</span> <span class='ocrx_word' id='word_1_555' title='bbox 1511 3917 1526 3930; x_wconf 71' lang='grc'><strong>⁸</strong></span> <span class='ocrx_word' id='word_1_556' title='bbox 1558 3905 1606 3955; x_wconf 82' lang='grc' dir='ltr'><strong>εί</strong></span> <span class='ocrx_word' id='word_1_557' title='bbox 1648 3902 1671 3954; x_wconf 81' lang='grc' dir='ltr'><em>δ</em></span> 
     </span>
    </p>
   </div>
   <div class='ocr_carea' id='block_1_70' title="bbox 1830 3895 3369 3973">
    <p class='ocr_par' dir='ltr' id='par_1_70' title="bbox 1830 3895 3369 3968">
     <span class='ocr_line' id='line_1_70' title="bbox 1830 3895 3369 3968; baseline -0.003 -14"><span class='ocrx_word' id='word_1_558' title='bbox 1830 3898 1966 3954; x_wconf 90' lang='lat' dir='ltr'><strong>nodo</strong></span> <span class='ocrx_word' id='word_1_559' title='bbox 2001 3901 2259 3968; x_wconf 87' lang='lat' dir='ltr'><strong>splendor</strong></span> <span class='ocrx_word' id='word_1_560' title='bbox 2307 3907 2391 3954; x_wconf 91' lang='lat' dir='ltr'><strong>est</strong></span> <span class='ocrx_word' id='word_1_561' title='bbox 2441 3898 2493 3953; x_wconf 95' lang='lat' dir='ltr'><strong>in</strong></span> <span class='ocrx_word' id='word_1_562' title='bbox 2523 3899 2662 3959; x_wconf 86' lang='lat' dir='ltr'><strong>luce.</strong></span> <span class='ocrx_word' id='word_1_563' title='bbox 2695 3899 2862 3952; x_wconf 82' lang='lat' dir='ltr'><strong>dicito</strong></span> <span class='ocrx_word' id='word_1_564' title='bbox 2892 3897 3085 3950; x_wconf 86' lang='lat' dir='ltr'><strong>Filium</strong></span> <span class='ocrx_word' id='word_1_565' title='bbox 3123 3897 3175 3949; x_wconf 93' lang='lat' dir='ltr'><strong>in</strong></span> <span class='ocrx_word' id='word_1_566' title='bbox 3212 3895 3369 3950; x_wconf 87' lang='lat' dir='ltr'><strong>Patre</strong></span> 
     </span>
    </p>
   </div>
   <div class='ocr_carea' id='block_1_71' title="bbox 132 3987 1671 4064">
    <p class='ocr_par' dir='ltr' id='par_1_71' title="bbox 132 3991 1671 4064">
     <span class='ocr_line' id='line_1_71' title="bbox 132 3991 1671 4064; baseline 0 -18"><span class='ocrx_word' id='word_1_567' title='bbox 132 3993 319 4064; x_wconf 74' lang='grc' dir='ltr'>μωρὸν</span> <span class='ocrx_word' id='word_1_568' title='bbox 349 3993 411 4044; x_wconf 86' lang='grc' dir='ltr'><strong>τὸ</strong></span> <span class='ocrx_word' id='word_1_569' title='bbox 431 3993 606 4044; x_wconf 78' lang='grc' dir='ltr'>ἐκεῖνο</span> <span class='ocrx_word' id='word_1_570' title='bbox 631 3991 830 4059; x_wconf 84' lang='grc' dir='ltr'>λέγειν,</span> <span class='ocrx_word' id='word_1_571' title='bbox 859 3991 1038 4062; x_wconf 84' lang='grc' dir='ltr'>μωρὸν</span> <span class='ocrx_word' id='word_1_572' title='bbox 1062 3992 1156 4044; x_wconf 72' lang='grc' dir='ltr'>καὶ</span> <span class='ocrx_word' id='word_1_573' title='bbox 1179 3992 1238 4044; x_wconf 87' lang='grc' dir='ltr'>τὺ</span> <span class='ocrx_word' id='word_1_574' title='bbox 1258 3992 1434 4060; x_wconf 87' lang='grc' dir='ltr'>λέγειν</span> <span class='ocrx_word' id='word_1_575' title='bbox 1467 4010 1671 4062; x_wconf 74' lang='grc' dir='ltr'>σπερμο</span> 
     </span>
    </p>
   </div>
   <div class='ocr_carea' id='block_1_72' title="bbox 1829 3987 3368 4064">
    <p class='ocr_par' dir='ltr' id='par_1_72' title="bbox 1829 3987 3368 4056">
     <span class='ocr_line' id='line_1_72' title="bbox 1829 3987 3368 4056; baseline -0.003 -14"><span class='ocrx_word' id='word_1_576' title='bbox 1829 4007 1960 4056; x_wconf 74' lang='lat' dir='ltr'><strong>:ssc;</strong></span> <span class='ocrx_word' id='word_1_577' title='bbox 1995 3992 2082 4044; x_wconf 88' lang='lat' dir='ltr'><strong>sin</strong></span> <span class='ocrx_word' id='word_1_578' title='bbox 2121 4006 2250 4044; x_wconf 82' lang='lat' dir='ltr'><strong>vero</strong></span> <span class='ocrx_word' id='word_1_579' title='bbox 2290 3990 2516 4044; x_wconf 88' lang='lat' dir='ltr'><strong>stultum</strong></span> <span class='ocrx_word' id='word_1_580' title='bbox 2545 3988 2705 4043; x_wconf 82' lang='lat' dir='ltr'><strong>fuerit</strong></span> <span class='ocrx_word' id='word_1_581' title='bbox 2729 3989 2780 4043; x_wconf 87' lang='lat' dir='ltr'><strong>id</strong></span> <span class='ocrx_word' id='word_1_582' title='bbox 2823 3987 3109 4048; x_wconf 72' lang='lat' dir='ltr'><strong>afﬁrmare,</strong></span> <span class='ocrx_word' id='word_1_583' title='bbox 3143 3987 3368 4040; x_wconf 89' lang='lat' dir='ltr'><strong>stultum</strong></span> 
     </span>
    </p>
   </div>
   <div class='ocr_carea' id='block_1_73' title="bbox 131 4080 1670 4154">
    <p class='ocr_par' dir='ltr' id='par_1_73' title="bbox 131 4081 1670 4154">
     <span class='ocr_line' id='line_1_73' title="bbox 131 4081 1670 4154; baseline -0.001 -17"><span class='ocrx_word' id='word_1_584' title='bbox 131 4083 297 4145; x_wconf 80' lang='grc' dir='ltr'>τικῶς</span> <span class='ocrx_word' id='word_1_585' title='bbox 321 4085 381 4136; x_wconf 89' lang='lat' dir='ltr'><strong>tv</strong></span> <span class='ocrx_word' id='word_1_586' title='bbox 403 4081 481 4151; x_wconf 83' lang='grc' dir='ltr'>τῷ</span> <span class='ocrx_word' id='word_1_587' title='bbox 513 4083 688 4154; x_wconf 79' lang='grc' dir='ltr'>Πατρ).</span> <span class='ocrx_word' id='word_1_588' title='bbox 711 4082 801 4134; x_wconf 85' lang='grc' dir='ltr'><strong>τὸν</strong></span> <span class='ocrx_word' id='word_1_589' title='bbox 823 4082 968 4134; x_wconf 82' lang='grc' dir='ltr'>Υἱόν.</span> <span class='ocrx_word' id='word_1_590' title='bbox 1001 4081 1212 4145; x_wconf 85' lang='grc' dir='ltr'>Τέλειος</span> <span class='ocrx_word' id='word_1_591' title='bbox 1243 4083 1300 4136; x_wconf 84' lang='grc' dir='ltr'>δέ</span> <span class='ocrx_word' id='word_1_592' title='bbox 1329 4085 1476 4136; x_wconf 81' lang='grc' dir='ltr'>ἐστιν</span> <span class='ocrx_word' id='word_1_593' title='bbox 1501 4085 1530 4136; x_wconf 81' lang='grc' dir='ltr'><strong>ὁ</strong></span> <span class='ocrx_word' id='word_1_594' title='bbox 1557 4083 1670 4146; x_wconf 76' lang='grc' dir='ltr'>Υἱὸς</span> 
     </span>
    </p>
   </div>
   <div class='ocr_carea' id='block_1_74' title="bbox 1827 4080 3366 4154">
    <p class='ocr_par' dir='ltr' id='par_1_74' title="bbox 1827 4080 3366 4152">
     <span class='ocr_line' id='line_1_74' title="bbox 1827 4080 3366 4152; baseline -0.003 -16"><span class='ocrx_word' id='word_1_595' title='bbox 1827 4098 2020 4152; x_wconf 81' lang='lat' dir='ltr'><strong>|uoque</strong></span> <span class='ocrx_word' id='word_1_596' title='bbox 2053 4081 2215 4136; x_wconf 80' lang='lat' dir='ltr'><strong>fuerit</strong></span> <span class='ocrx_word' id='word_1_597' title='bbox 2241 4081 2425 4136; x_wconf 85' lang='lat' dir='ltr'><strong>dicere</strong></span> <span class='ocrx_word' id='word_1_598' title='bbox 2452 4080 2669 4144; x_wconf 89' lang='lat' dir='ltr'><strong>Filium,</strong></span> <span class='ocrx_word' id='word_1_599' title='bbox 2700 4081 2926 4136; x_wconf 84' lang='lat' dir='ltr'><strong>seminis</strong></span> <span class='ocrx_word' id='word_1_600' title='bbox 2961 4095 3111 4133; x_wconf 89' lang='lat' dir='ltr'><strong>more</strong></span> <span class='ocrx_word' id='word_1_601' title='bbox 3157 4093 3278 4133; x_wconf 89' lang='lat' dir='ltr'><strong>esse</strong></span> <span class='ocrx_word' id='word_1_602' title='bbox 3313 4080 3366 4130; x_wconf 89' lang='lat' dir='ltr'><strong>in</strong></span> 
     </span>
    </p>
   </div>
   <div class='ocr_carea' id='block_1_75' title="bbox 129 4171 1668 4245">
    <p class='ocr_par' dir='ltr' id='par_1_75' title="bbox 129 4171 1668 4245">
     <span class='ocr_line' id='line_1_75' title="bbox 129 4171 1668 4245; baseline -0.002 -19"><span class='ocrx_word' id='word_1_603' title='bbox 129 4175 187 4227; x_wconf 88' lang='grc' dir='ltr'><strong>οὐ</strong></span> <span class='ocrx_word' id='word_1_604' title='bbox 227 4175 486 4245; x_wconf 82' lang='grc' dir='ltr'>προκοπῇ</span> <span class='ocrx_word' id='word_1_605' title='bbox 519 4171 908 4242; x_wconf 87' lang='grc' dir='ltr'>τελειούμενος,</span> <span class='ocrx_word' id='word_1_606' title='bbox 945 4171 1058 4224; x_wconf 78' lang='grc' dir='ltr'>ἀλλ’</span> <span class='ocrx_word' id='word_1_607' title='bbox 1087 4173 1150 4224; x_wconf 81' lang='grc' dir='ltr'>ὲκ</span> <span class='ocrx_word' id='word_1_608' title='bbox 1171 4171 1376 4224; x_wconf 83' lang='grc' dir='ltr'>τελείου</span> <span class='ocrx_word' id='word_1_609' title='bbox 1396 4171 1598 4235; x_wconf 83' lang='grc' dir='ltr'>τέλειος</span> <span class='ocrx_word' id='word_1_610' title='bbox 1621 4190 1668 4240; x_wconf 83' lang='grc' dir='ltr'><strong>γι</strong></span> 
     </span>
    </p>
   </div>
   <div class='ocr_carea' id='block_1_76' title="bbox 1829 4171 3368 4245">
    <p class='ocr_par' dir='ltr' id='par_1_76' title="bbox 1829 4171 3368 4241">
     <span class='ocr_line' id='line_1_76' title="bbox 1829 4171 3368 4241; baseline -0.004 -13"><span class='ocrx_word' id='word_1_611' title='bbox 1829 4177 1983 4230; x_wconf 78' lang='lat' dir='ltr'><strong>’atre.</strong></span> <span class='ocrx_word' id='word_1_612' title='bbox 2021 4173 2304 4229; x_wconf 76' lang='lat' dir='ltr'><strong>Perfectus</strong></span> <span class='ocrx_word' id='word_1_613' title='bbox 2337 4182 2517 4229; x_wconf 88' lang='lat' dir='ltr'><strong>autem</strong></span> <span class='ocrx_word' id='word_1_614' title='bbox 2550 4183 2634 4227; x_wconf 87' lang='lat' dir='ltr'><strong>est</strong></span> <span class='ocrx_word' id='word_1_615' title='bbox 2666 4171 2858 4236; x_wconf 84' lang='lat' dir='ltr'><strong>Filius,</strong></span> <span class='ocrx_word' id='word_1_616' title='bbox 2890 4187 2996 4226; x_wconf 90' lang='lat' dir='ltr'><strong>non</strong></span> <span class='ocrx_word' id='word_1_617' title='bbox 3039 4172 3284 4241; x_wconf 71' lang='lat' dir='ltr'><strong>profectu</strong></span> <span class='ocrx_word' id='word_1_618' title='bbox 3315 4177 3368 4224; x_wconf 89' lang='lat' dir='ltr'><strong>et</strong></span> 
     </span>
    </p>
   </div>
   <div class='ocr_carea' id='block_1_77' title="bbox 139 4260 1678 4336">
    <p class='ocr_par' dir='ltr' id='par_1_77' title="bbox 139 4260 1678 4333">
     <span class='ocr_line' id='line_1_77' title="bbox 139 4260 1678 4333; baseline -0.001 -16"><span class='ocrx_word' id='word_1_619' title='bbox 139 4264 496 4333; x_wconf 70' lang='grc' dir='ltr'>τεννημένος·</span> <span class='ocrx_word' id='word_1_620' title='bbox 534 4261 620 4315; x_wconf 71' lang='grc' dir='ltr'><strong>διὰ</strong></span> <span class='ocrx_word' id='word_1_621' title='bbox 666 4261 776 4332; x_wconf 81' lang='grc' dir='ltr'>γὰρ</span> <span class='ocrx_word' id='word_1_622' title='bbox 808 4260 963 4314; x_wconf 80' lang='grc' dir='ltr'>τοῦτο</span> <span class='ocrx_word' id='word_1_623' title='bbox 997 4261 1055 4314; x_wconf 88' lang='grc' dir='ltr'><strong>οὐ</strong></span> <span class='ocrx_word' id='word_1_624' title='bbox 1096 4262 1255 4332; x_wconf 87' lang='grc' dir='ltr'>μόνον</span> <span class='ocrx_word' id='word_1_625' title='bbox 1284 4264 1496 4333; x_wconf 75' lang='grc' dir='ltr'>εἴρηται</span> <span class='ocrx_word' id='word_1_626' title='bbox 1534 4261 1678 4315; x_wconf 82' lang='grc' dir='ltr'><strong>άπαύ</strong></span> 
     </span>
    </p>
   </div>
   <div class='ocr_carea' id='block_1_78' title="bbox 1824 4260 3363 4336">
    <p class='ocr_par' dir='ltr' id='par_1_78' title="bbox 1827 4263 3363 4336">
     <span class='ocr_line' id='line_1_78' title="bbox 1827 4263 3363 4336; baseline -0.005 -14"><span class='ocrx_word' id='word_1_627' title='bbox 1827 4276 2161 4329; x_wconf 89' lang='lat' dir='ltr'><strong>ncremento,</strong></span> <span class='ocrx_word' id='word_1_628' title='bbox 2219 4266 2315 4322; x_wconf 91' lang='lat' dir='ltr'><strong>sed</strong></span> <span class='ocrx_word' id='word_1_629' title='bbox 2356 4283 2422 4321; x_wconf 77' lang='lat' dir='ltr'><strong>ex</strong></span> <span class='ocrx_word' id='word_1_630' title='bbox 2482 4266 2726 4336; x_wconf 76' lang='lat' dir='ltr'><strong>perfecto</strong></span> <span class='ocrx_word' id='word_1_631' title='bbox 2778 4264 3054 4335; x_wconf 80' lang='lat' dir='ltr'><strong>perfectus</strong></span> <span class='ocrx_word' id='word_1_632' title='bbox 3105 4263 3363 4334; x_wconf 85' lang='lat' dir='ltr'><strong>genitus:</strong></span> 
     </span>
    </p>
   </div>
   <div class='ocr_carea' id='block_1_79' title="bbox 127 4352 1666 4427">
    <p class='ocr_par' dir='ltr' id='par_1_79' title="bbox 127 4352 1666 4425">
     <span class='ocr_line' id='line_1_79' title="bbox 127 4352 1666 4425; baseline -0.003 -15"><span class='ocrx_word' id='word_1_633' title='bbox 127 4373 344 4425; x_wconf 81' lang='grc' dir='ltr'>γασμα,</span> <span class='ocrx_word' id='word_1_634' title='bbox 372 4353 508 4407; x_wconf 78' lang='grc' dir='ltr'>ἀλλὰ</span> <span class='ocrx_word' id='word_1_635' title='bbox 543 4355 639 4408; x_wconf 74' lang='grc' dir='ltr'>καὶ</span> <span class='ocrx_word' id='word_1_636' title='bbox 670 4353 954 4424; x_wconf 71' lang='grc' dir='ltr'>χαρακτὴρ</span> <span class='ocrx_word' id='word_1_637' title='bbox 984 4352 1084 4422; x_wconf 77' lang='grc' dir='ltr'>τῆς</span> <span class='ocrx_word' id='word_1_638' title='bbox 1111 4353 1480 4418; x_wconf 81' lang='grc' dir='ltr'>ὑποστάσεως,</span> <span class='ocrx_word' id='word_1_639' title='bbox 1504 4354 1666 4424; x_wconf 70' lang='grc' dir='ltr'>οὐχὶε</span> 
     </span>
    </p>
   </div>
   <div class='ocr_carea' id='block_1_80' title="bbox 1829 4352 3368 4427">
    <p class='ocr_par' dir='ltr' id='par_1_80' title="bbox 1829 4353 3368 4427">
     <span class='ocr_line' id='line_1_80' title="bbox 1829 4353 3368 4427; baseline -0.006 -14"><span class='ocrx_word' id='word_1_640' title='bbox 1829 4361 1949 4414; x_wconf 84' lang='lat' dir='ltr'><strong>Inde</strong></span> <span class='ocrx_word' id='word_1_641' title='bbox 1977 4367 2031 4414; x_wconf 88' lang='lat' dir='ltr'><strong>et</strong></span> <span class='ocrx_word' id='word_1_642' title='bbox 2063 4359 2266 4413; x_wconf 88' lang='lat' dir='ltr'><strong>dicitur</strong></span> <span class='ocrx_word' id='word_1_643' title='bbox 2312 4373 2422 4411; x_wconf 90' lang='lat' dir='ltr'><strong>non</strong></span> <span class='ocrx_word' id='word_1_644' title='bbox 2459 4366 2670 4412; x_wconf 87' lang='lat' dir='ltr'><strong>tantum</strong></span> <span class='ocrx_word' id='word_1_645' title='bbox 2704 4357 2982 4427; x_wconf 89' lang='lat' dir='ltr'><strong>splendor,</strong></span> <span class='ocrx_word' id='word_1_646' title='bbox 3017 4355 3111 4411; x_wconf 90' lang='lat' dir='ltr'><strong>sed</strong></span> <span class='ocrx_word' id='word_1_647' title='bbox 3157 4362 3210 4408; x_wconf 90' lang='lat' dir='ltr'><strong>et</strong></span> <span class='ocrx_word' id='word_1_648' title='bbox 3238 4353 3368 4406; x_wconf 86' lang='lat' dir='ltr'><strong>cha-</strong></span> 
     </span>
    </p>
   </div>
   <div class='ocr_carea' id='block_1_81' title="bbox 127 4443 1666 4521">
    <p class='ocr_par' dir='ltr' id='par_1_81' title="bbox 127 4443 1663 4515">
     <span class='ocr_line' id='line_1_81' title="bbox 127 4443 1663 4515; baseline 0.001 -19"><span class='ocrx_word' id='word_1_649' title='bbox 127 4444 227 4514; x_wconf 78' lang='grc' dir='ltr'>τῆς</span> <span class='ocrx_word' id='word_1_650' title='bbox 257 4443 561 4514; x_wconf 77' lang='grc' dir='ltr'>ἐνεργείας.</span> <span class='ocrx_word' id='word_1_651' title='bbox 603 4445 660 4496; x_wconf 91' lang='lat'><strong>&#39;0</strong></span> <span class='ocrx_word' id='word_1_652' title='bbox 701 4443 757 4496; x_wconf 81' lang='grc' dir='ltr'>δὲ</span> <span class='ocrx_word' id='word_1_653' title='bbox 786 4445 1068 4515; x_wconf 69' lang='grc' dir='ltr'>χαρακτὴρ</span> <span class='ocrx_word' id='word_1_654' title='bbox 1099 4445 1199 4514; x_wconf 83' lang='grc' dir='ltr'>τῆς</span> <span class='ocrx_word' id='word_1_655' title='bbox 1231 4446 1576 4510; x_wconf 85' lang='grc' dir='ltr'>ὑποστάσεως</span> <span class='ocrx_word' id='word_1_656' title='bbox 1604 4447 1663 4500; x_wconf 86' lang='grc' dir='ltr'><strong>οὐ</strong></span> 
     </span>
    </p>
   </div>
   <div class='ocr_carea' id='block_1_82' title="bbox 1828 4443 3367 4521">
    <p class='ocr_par' dir='ltr' id='par_1_82' title="bbox 1828 4449 3367 4521">
     <span class='ocr_line' id='line_1_82' title="bbox 1828 4449 3367 4521; baseline -0.003 -17"><span class='ocrx_word' id='word_1_657' title='bbox 1828 4450 2389 4521; x_wconf 71' lang='lat' dir='ltr'><strong>&#39;acterhypostasews,</strong></span> <span class='ocrx_word' id='word_1_658' title='bbox 2416 4465 2521 4502; x_wconf 93' lang='lat' dir='ltr'><strong>non</strong></span> <span class='ocrx_word' id='word_1_659' title='bbox 2544 4450 2897 4519; x_wconf 86' lang='lat' dir='ltr'><strong>operationis.</strong></span> <span class='ocrx_word' id='word_1_660' title='bbox 2923 4449 3218 4501; x_wconf 86' lang='lat' dir='ltr'><strong>Character</strong></span> <span class='ocrx_word' id='word_1_661' title='bbox 3238 4459 3367 4499; x_wconf 80' lang='lat' dir='ltr'><strong>vero</strong></span> 
     </span>
    </p>
   </div>
   <div class='ocr_carea' id='block_1_83' title="bbox 124 4533 1663 4615">
    <p class='ocr_par' dir='ltr' id='par_1_83' title="bbox 124 4533 1663 4608">
     <span class='ocr_line' id='line_1_83' title="bbox 124 4533 1663 4608; baseline 0.001 -21"><span class='ocrx_word' id='word_1_662' title='bbox 124 4537 187 4588; x_wconf 82' lang='grc' dir='ltr'>ὲκ</span> <span class='ocrx_word' id='word_1_663' title='bbox 201 4533 491 4605; x_wconf 81' lang='grc' dir='ltr'>προκοπῆς</span> <span class='ocrx_word' id='word_1_664' title='bbox 520 4533 844 4587; x_wconf 76' lang='grc' dir='ltr'>τελειοῦταιο</span> <span class='ocrx_word' id='word_1_665' title='bbox 867 4534 979 4587; x_wconf 82' lang='grc' dir='ltr'>ἀλλ’</span> <span class='ocrx_word' id='word_1_666' title='bbox 996 4537 1052 4588; x_wconf 84' lang='lat' dir='ltr'><strong>tv</strong></span> <span class='ocrx_word' id='word_1_667' title='bbox 1080 4535 1226 4606; x_wconf 81' lang='grc' dir='ltr'>αὐτῷ</span> <span class='ocrx_word' id='word_1_668' title='bbox 1245 4536 1323 4607; x_wconf 82' lang='grc' dir='ltr'>τῷ</span> <span class='ocrx_word' id='word_1_669' title='bbox 1339 4533 1475 4590; x_wconf 82' lang='grc' dir='ltr'>εἶναι</span> <span class='ocrx_word' id='word_1_670' title='bbox 1505 4537 1616 4608; x_wconf 76' lang='grc' dir='ltr'>ἔχει</span> <span class='ocrx_word' id='word_1_671' title='bbox 1643 4553 1663 4589; x_wconf 80' lang='grc' dir='ltr'><strong>τ</strong></span> 
     </span>
    </p>
   </div>
   <div class='ocr_carea' id='block_1_84' title="bbox 1829 4533 3368 4615">
    <p class='ocr_par' dir='ltr' id='par_1_84' title="bbox 1829 4539 3368 4615">
     <span class='ocr_line' id='line_1_84' title="bbox 1829 4539 3368 4615; baseline -0.006 -19"><span class='ocrx_word' id='word_1_672' title='bbox 1829 4552 2169 4615; x_wconf 66' lang='lat' dir='ltr'><strong>typostasews</strong></span> <span class='ocrx_word' id='word_1_673' title='bbox 2201 4558 2307 4597; x_wconf 93' lang='lat' dir='ltr'><strong>non</strong></span> <span class='ocrx_word' id='word_1_674' title='bbox 2351 4540 2628 4610; x_wconf 88' lang='lat' dir='ltr'><strong>perﬁcitur</strong></span> <span class='ocrx_word' id='word_1_675' title='bbox 2671 4540 2903 4610; x_wconf 72' lang='lat' dir='ltr'><strong>quodam</strong></span> <span class='ocrx_word' id='word_1_676' title='bbox 2945 4539 3188 4608; x_wconf 77' lang='lat' dir='ltr'><strong>profectu</strong></span> <span class='ocrx_word' id='word_1_677' title='bbox 3227 4555 3244 4586; x_wconf 79' lang='grc' dir='ltr'><strong>ι</strong></span> <span class='ocrx_word' id='word_1_678' title='bbox 3275 4543 3368 4589; x_wconf 90' lang='lat' dir='ltr'><strong>aut</strong></span> 
     </span>
    </p>
   </div>
   <div class='ocr_carea' id='block_1_85' title="bbox 121 4624 1660 4703">
    <p class='ocr_par' dir='ltr' id='par_1_85' title="bbox 121 4624 1660 4699">
     <span class='ocr_line' id='line_1_85' title="bbox 121 4624 1660 4699; baseline -0.005 -18"><span class='ocrx_word' id='word_1_679' title='bbox 121 4628 359 4688; x_wconf 82' lang='grc' dir='ltr'>τέλειον,</span> <span class='ocrx_word' id='word_1_680' title='bbox 391 4625 466 4688; x_wconf 84' lang='grc' dir='ltr'>ὡς</span> <span class='ocrx_word' id='word_1_681' title='bbox 502 4624 787 4696; x_wconf 80' lang='grc' dir='ltr'>ἄνθρωπος</span> <span class='ocrx_word' id='word_1_682' title='bbox 814 4624 1098 4696; x_wconf 75' lang='grc' dir='ltr'>ἀνθρώπου</span> <span class='ocrx_word' id='word_1_683' title='bbox 1129 4628 1414 4699; x_wconf 78' lang='grc' dir='ltr'>χαρακτὴρ</span> <span class='ocrx_word' id='word_1_684' title='bbox 1439 4627 1536 4697; x_wconf 78' lang='grc' dir='ltr'>τῆς</span> <span class='ocrx_word' id='word_1_685' title='bbox 1576 4629 1660 4681; x_wconf 72' lang='grc' dir='ltr'><strong>ὐπι</strong></span> 
     </span>
    </p>
   </div>
   <div class='ocr_carea' id='block_1_86' title="bbox 1826 4624 3365 4703">
    <p class='ocr_par' dir='ltr' id='par_1_86' title="bbox 1828 4626 3365 4703">
     <span class='ocr_line' id='line_1_86' title="bbox 1828 4626 3365 4703; baseline -0.005 -15"><span class='ocrx_word' id='word_1_686' title='bbox 1828 4642 2163 4696; x_wconf 90' lang='lat' dir='ltr'><strong>ncremento,</strong></span> <span class='ocrx_word' id='word_1_687' title='bbox 2199 4653 2218 4686; x_wconf 73' lang='grc' dir='ltr'><strong>ι</strong></span> <span class='ocrx_word' id='word_1_688' title='bbox 2252 4632 2348 4689; x_wconf 90' lang='lat' dir='ltr'><strong>sed</strong></span> <span class='ocrx_word' id='word_1_689' title='bbox 2391 4633 2444 4687; x_wconf 94' lang='lat' dir='ltr'><strong>in</strong></span> <span class='ocrx_word' id='word_1_690' title='bbox 2498 4633 2616 4703; x_wconf 91' lang='lat' dir='ltr'><strong>ipsa</strong></span> <span class='ocrx_word' id='word_1_691' title='bbox 2661 4632 2896 4687; x_wconf 86' lang='lat' dir='ltr'><strong>essentia</strong></span> <span class='ocrx_word' id='word_1_692' title='bbox 2944 4631 3150 4684; x_wconf 89' lang='lat' dir='ltr'><strong>obtinet</strong></span> <span class='ocrx_word' id='word_1_693' title='bbox 3187 4626 3365 4697; x_wconf 56' lang='lat' dir='ltr'><strong>perte.</strong></span> 
     </span>
    </p>
   </div>
   <div class='ocr_carea' id='block_1_87' title="bbox 122 4716 1661 4794">
    <p class='ocr_par' dir='ltr' id='par_1_87' title="bbox 122 4716 1661 4788">
     <span class='ocr_line' id='line_1_87' title="bbox 122 4716 1661 4788; baseline -0.001 -14"><span class='ocrx_word' id='word_1_694' title='bbox 122 4719 399 4781; x_wconf 76' lang='grc' dir='ltr'>στάσεως,</span> <span class='ocrx_word' id='word_1_695' title='bbox 437 4716 535 4768; x_wconf 81' lang='grc' dir='ltr'><strong>οὐκ</strong></span> <span class='ocrx_word' id='word_1_696' title='bbox 565 4718 630 4768; x_wconf 86' lang='grc' dir='ltr'><strong>ὲκ</strong></span> <span class='ocrx_word' id='word_1_697' title='bbox 672 4718 976 4786; x_wconf 84' lang='grc' dir='ltr'>προκοπῆς,</span> <span class='ocrx_word' id='word_1_698' title='bbox 1013 4716 1126 4770; x_wconf 78' lang='grc' dir='ltr'>ἀλλ’</span> <span class='ocrx_word' id='word_1_699' title='bbox 1156 4718 1214 4784; x_wconf 78' lang='grc' dir='ltr'>ἐξ</span> <span class='ocrx_word' id='word_1_700' title='bbox 1240 4719 1409 4788; x_wconf 79' lang='grc' dir='ltr'>αὐτῆς</span> <span class='ocrx_word' id='word_1_701' title='bbox 1441 4719 1541 4788; x_wconf 82' lang='grc' dir='ltr'>τῆς</span> <span class='ocrx_word' id='word_1_702' title='bbox 1575 4736 1661 4772; x_wconf 83' lang='grc' dir='ltr'><strong>ται</strong></span> 
     </span>
    </p>
   </div>
   <div class='ocr_carea' id='block_1_88' title="bbox 1826 4716 3365 4794">
    <p class='ocr_par' dir='ltr' id='par_1_88' title="bbox 1826 4719 3365 4794">
     <span class='ocr_line' id='line_1_88' title="bbox 1826 4719 3365 4794; baseline -0.005 -18"><span class='ocrx_word' id='word_1_703' title='bbox 1826 4727 2060 4788; x_wconf 77' lang='lat' dir='ltr'><strong>rtionem,</strong></span> <span class='ocrx_word' id='word_1_704' title='bbox 2097 4725 2240 4780; x_wconf 85' lang='lat' dir='ltr'><strong>haud</strong></span> <span class='ocrx_word' id='word_1_705' title='bbox 2281 4741 2442 4780; x_wconf 87' lang='lat' dir='ltr'><strong>secus</strong></span> <span class='ocrx_word' id='word_1_706' title='bbox 2474 4741 2634 4794; x_wconf 92' lang='lat' dir='ltr'><strong>quam</strong></span> <span class='ocrx_word' id='word_1_707' title='bbox 2684 4724 2867 4784; x_wconf 91' lang='lat' dir='ltr'><strong>homo,</strong></span> <span class='ocrx_word' id='word_1_708' title='bbox 2912 4720 3146 4775; x_wconf 82' lang='lat' dir='ltr'><strong>hominis</strong></span> <span class='ocrx_word' id='word_1_709' title='bbox 3191 4719 3365 4789; x_wconf 74' lang='lat' dir='ltr'><strong>hypo-</strong></span> 
     </span>
    </p>
   </div>
   <div class='ocr_carea' id='block_1_89' title="bbox 121 4807 1660 4883">
    <p class='ocr_par' dir='ltr' id='par_1_89' title="bbox 121 4807 1660 4879">
     <span class='ocr_line' id='line_1_89' title="bbox 121 4807 1660 4879; baseline 0 -17"><span class='ocrx_word' id='word_1_710' title='bbox 121 4809 374 4878; x_wconf 81' lang='grc' dir='ltr'>τότητος.</span> <span class='ocrx_word' id='word_1_711' title='bbox 415 4807 609 4876; x_wconf 81' lang='grc' dir='ltr'><strong>Ἀνόμ.</strong></span> <span class='ocrx_word' id='word_1_712' title='bbox 640 4807 702 4859; x_wconf 80' lang='grc' dir='ltr'><strong>Εἰ</strong></span> <span class='ocrx_word' id='word_1_713' title='bbox 748 4807 950 4862; x_wconf 88' lang='grc' dir='ltr'>τέλειον</span> <span class='ocrx_word' id='word_1_714' title='bbox 977 4809 1221 4878; x_wconf 78' lang='grc' dir='ltr'>γέννημα</span> <span class='ocrx_word' id='word_1_715' title='bbox 1272 4811 1329 4862; x_wconf 88' lang='lat' dir='ltr'><strong>tv</strong></span> <span class='ocrx_word' id='word_1_716' title='bbox 1375 4809 1452 4879; x_wconf 85' lang='grc' dir='ltr'>τῷ</span> <span class='ocrx_word' id='word_1_717' title='bbox 1482 4811 1660 4878; x_wconf 70' lang='grc' dir='ltr'>άγεννί</span> 
     </span>
    </p>
   </div>
   <div class='ocr_carea' id='block_1_90' title="bbox 1825 4807 3364 4883">
    <p class='ocr_par' dir='ltr' id='par_1_90' title="bbox 1825 4809 3364 4883">
     <span class='ocr_line' id='line_1_90' title="bbox 1825 4809 3364 4883; baseline -0.006 -13"><span class='ocrx_word' id='word_1_718' title='bbox 1825 4825 2026 4873; x_wconf 69' lang='grc' dir='ltr'>ιῑοεεωε</span> <span class='ocrx_word' id='word_1_719' title='bbox 2046 4817 2329 4872; x_wconf 85' lang='lat' dir='ltr'><strong>character</strong></span> <span class='ocrx_word' id='word_1_720' title='bbox 2358 4824 2462 4881; x_wconf 89' lang='lat' dir='ltr'><strong>est,</strong></span> <span class='ocrx_word' id='word_1_721' title='bbox 2498 4831 2605 4869; x_wconf 90' lang='lat' dir='ltr'><strong>non</strong></span> <span class='ocrx_word' id='word_1_722' title='bbox 2635 4830 2697 4868; x_wconf 77' lang='lat' dir='ltr'><strong>ex</strong></span> <span class='ocrx_word' id='word_1_723' title='bbox 2728 4812 2993 4883; x_wconf 79' lang='lat' dir='ltr'><strong>profectu,</strong></span> <span class='ocrx_word' id='word_1_724' title='bbox 3027 4810 3120 4865; x_wconf 88' lang='lat' dir='ltr'><strong>sed</strong></span> <span class='ocrx_word' id='word_1_725' title='bbox 3155 4825 3219 4863; x_wconf 80' lang='lat' dir='ltr'><strong>ex</strong></span> <span class='ocrx_word' id='word_1_726' title='bbox 3248 4809 3364 4877; x_wconf 89' lang='lat' dir='ltr'><strong>ipsa</strong></span> 
     </span>
    </p>
   </div>
   <div class='ocr_carea' id='block_1_91' title="bbox 121 4893 1660 4973">
    <p class='ocr_par' dir='ltr' id='par_1_91' title="bbox 121 4893 1660 4971">
     <span class='ocr_line' id='line_1_91' title="bbox 121 4893 1660 4971; baseline 0 -17"><span class='ocrx_word' id='word_1_727' title='bbox 121 4918 226 4969; x_wconf 85' lang='grc' dir='ltr'><strong>τῳ,</strong></span> <span class='ocrx_word' id='word_1_728' title='bbox 260 4899 320 4966; x_wconf 73' lang='grc' dir='ltr'>ἐξ</span> <span class='ocrx_word' id='word_1_729' title='bbox 357 4893 432 4954; x_wconf 84' lang='grc' dir='ltr'>ὧν</span> <span class='ocrx_word' id='word_1_730' title='bbox 459 4895 526 4968; x_wconf 76' lang='grc' dir='ltr'>ἦν</span> <span class='ocrx_word' id='word_1_731' title='bbox 582 4903 640 4954; x_wconf 88' lang='lat' dir='ltr'><strong>tv</strong></span> <span class='ocrx_word' id='word_1_732' title='bbox 682 4901 958 4971; x_wconf 81' lang='grc' dir='ltr'>ἀγεννήτῳ</span> <span class='ocrx_word' id='word_1_733' title='bbox 1006 4899 1250 4970; x_wconf 86' lang='grc' dir='ltr'>γέννημά</span> <span class='ocrx_word' id='word_1_734' title='bbox 1303 4901 1436 4963; x_wconf 80' lang='grc' dir='ltr'>ἐστι,</span> <span class='ocrx_word' id='word_1_735' title='bbox 1471 4901 1566 4953; x_wconf 74' lang='grc' dir='ltr'><strong>καὶ</strong></span> <span class='ocrx_word' id='word_1_736' title='bbox 1609 4902 1660 4954; x_wconf 71' lang='grc' dir='ltr'><strong>οὐ</strong></span> 
     </span>
    </p>
   </div>
   <div class='ocr_carea' id='block_1_92' title="bbox 1829 4893 3368 4973">
    <p class='ocr_par' dir='ltr' id='par_1_92' title="bbox 1829 4901 3368 4973">
     <span class='ocr_line' id='line_1_92' title="bbox 1829 4901 3368 4973; baseline -0.004 -15"><span class='ocrx_word' id='word_1_737' title='bbox 1829 4905 2107 4959; x_wconf 88' lang='lat' dir='ltr'><strong>dentitate.</strong></span> <span class='ocrx_word' id='word_1_738' title='bbox 2140 4905 2328 4959; x_wconf 83' lang='lat' dir='ltr'><strong>Anam.</strong></span> <span class='ocrx_word' id='word_1_739' title='bbox 2365 4902 2422 4958; x_wconf 92' lang='lat' dir='ltr'><strong>Si</strong></span> <span class='ocrx_word' id='word_1_740' title='bbox 2453 4904 2748 4973; x_wconf 83' lang='lat' dir='ltr'><strong>perfectum</strong></span> <span class='ocrx_word' id='word_1_741' title='bbox 2781 4903 3020 4971; x_wconf 89' lang='lat' dir='ltr'><strong>genitum</strong></span> <span class='ocrx_word' id='word_1_742' title='bbox 3051 4901 3104 4953; x_wconf 92' lang='lat' dir='ltr'><strong>in</strong></span> <span class='ocrx_word' id='word_1_743' title='bbox 3138 4913 3244 4953; x_wconf 92' lang='lat' dir='ltr'><strong>non</strong></span> <span class='ocrx_word' id='word_1_744' title='bbox 3276 4915 3368 4970; x_wconf 86' lang='lat' dir='ltr'><strong>ge—</strong></span> 
     </span>
    </p>
   </div>
   <div class='ocr_carea' id='block_1_93' title="bbox 122 4981 1661 5061">
    <p class='ocr_par' dir='ltr' id='par_1_93' title="bbox 122 4981 1661 5059">
     <span class='ocr_line' id='line_1_93' title="bbox 122 4981 1661 5059; baseline -0.001 -16"><span class='ocrx_word' id='word_1_745' title='bbox 122 4990 185 5056; x_wconf 77' lang='grc' dir='ltr'>ὲξ</span> <span class='ocrx_word' id='word_1_746' title='bbox 227 4981 304 5041; x_wconf 85' lang='grc' dir='ltr'>ὧν</span> <span class='ocrx_word' id='word_1_747' title='bbox 347 4990 376 5042; x_wconf 82' lang='grc' dir='ltr'><strong>ὁ</strong></span> <span class='ocrx_word' id='word_1_748' title='bbox 407 4988 699 5058; x_wconf 74' lang='grc' dir='ltr'>ἀγέννητος</span> <span class='ocrx_word' id='word_1_749' title='bbox 745 4989 906 5052; x_wconf 77' lang='grc' dir='ltr'>αὐτὸς</span> <span class='ocrx_word' id='word_1_750' title='bbox 963 4989 1252 5059; x_wconf 70' lang='grc' dir='ltr'>ἐγέννησεο</span> <span class='ocrx_word' id='word_1_751' title='bbox 1293 4989 1548 5059; x_wconf 76' lang='grc' dir='ltr'>γεννητὸν</span> <span class='ocrx_word' id='word_1_752' title='bbox 1595 4989 1661 5058; x_wconf 68' lang='grc' dir='ltr'><strong>γά</strong></span> 
     </span>
    </p>
   </div>
   <div class='ocr_carea' id='block_1_94' title="bbox 1828 4981 3367 5061">
    <p class='ocr_par' dir='ltr' id='par_1_94' title="bbox 1828 4989 3367 5061">
     <span class='ocr_line' id='line_1_94' title="bbox 1828 4989 3367 5061; baseline -0.004 -12"><span class='ocrx_word' id='word_1_753' title='bbox 1828 4996 1941 5061; x_wconf 80' lang='lat' dir='ltr'><strong>tito,</strong></span> <span class='ocrx_word' id='word_1_754' title='bbox 1982 5009 2205 5049; x_wconf 86' lang='lat' dir='ltr'><strong>necesse</strong></span> <span class='ocrx_word' id='word_1_755' title='bbox 2255 5001 2340 5048; x_wconf 91' lang='lat' dir='ltr'><strong>est</strong></span> <span class='ocrx_word' id='word_1_756' title='bbox 2377 5009 2439 5046; x_wconf 78' lang='lat' dir='ltr'><strong>cx</strong></span> <span class='ocrx_word' id='word_1_757' title='bbox 2487 4993 2556 5046; x_wconf 89' lang='lat' dir='ltr'><strong>iis</strong></span> <span class='ocrx_word' id='word_1_758' title='bbox 2601 4993 2839 5061; x_wconf 88' lang='lat' dir='ltr'><strong>genitum</strong></span> <span class='ocrx_word' id='word_1_759' title='bbox 2870 5007 3010 5053; x_wconf 77' lang='lat' dir='ltr'><strong>esse,</strong></span> <span class='ocrx_word' id='word_1_760' title='bbox 3049 5005 3114 5044; x_wconf 80' lang='lat' dir='ltr'><strong>ex</strong></span> <span class='ocrx_word' id='word_1_761' title='bbox 3165 4989 3367 5058; x_wconf 83' lang='lat' dir='ltr'><strong>quibus</strong></span> 
     </span>
    </p>
   </div>
   <div class='ocr_carea' id='block_1_95' title="bbox 125 5075 1664 5152">
    <p class='ocr_par' dir='ltr' id='par_1_95' title="bbox 125 5075 1664 5150">
     <span class='ocr_line' id='line_1_95' title="bbox 125 5075 1664 5150; baseline 0.001 -17"><span class='ocrx_word' id='word_1_762' title='bbox 125 5080 293 5148; x_wconf 69' lang='grc' dir='ltr'>φύσιν</span> <span class='ocrx_word' id='word_1_763' title='bbox 349 5081 407 5132; x_wconf 81' lang='lat' dir='ltr'><strong>tv</strong></span> <span class='ocrx_word' id='word_1_764' title='bbox 463 5081 742 5150; x_wconf 80' lang='grc' dir='ltr'>άγεννήτῳ</span> <span class='ocrx_word' id='word_1_765' title='bbox 785 5075 923 5133; x_wconf 76' lang='grc' dir='ltr'>εἶναι</span> <span class='ocrx_word' id='word_1_766' title='bbox 973 5080 1074 5132; x_wconf 84' lang='grc' dir='ltr'><strong>οὐκ</strong></span> <span class='ocrx_word' id='word_1_767' title='bbox 1133 5080 1430 5149; x_wconf 72' lang='grc' dir='ltr'>ἐνδέχεταιο</span> <span class='ocrx_word' id='word_1_768' title='bbox 1480 5081 1541 5133; x_wconf 89' lang='grc' dir='ltr'><strong>τὸ</strong></span> <span class='ocrx_word' id='word_1_769' title='bbox 1595 5081 1664 5149; x_wconf 77' lang='grc' dir='ltr'><strong>γά</strong></span> 
     </span>
    </p>
   </div>
   <div class='ocr_carea' id='block_1_96' title="bbox 1828 5075 3367 5152">
    <p class='ocr_par' dir='ltr' id='par_1_96' title="bbox 1828 5077 3367 5152">
     <span class='ocr_line' id='line_1_96' title="bbox 1828 5077 3367 5152; baseline -0.005 -15"><span class='ocrx_word' id='word_1_770' title='bbox 1828 5083 2097 5138; x_wconf 77' lang='lat' dir='ltr'><strong>:xsistebat</strong></span> <span class='ocrx_word' id='word_1_771' title='bbox 2146 5083 2200 5136; x_wconf 91' lang='lat' dir='ltr'><strong>in</strong></span> <span class='ocrx_word' id='word_1_772' title='bbox 2237 5098 2343 5136; x_wconf 92' lang='lat' dir='ltr'><strong>non</strong></span> <span class='ocrx_word' id='word_1_773' title='bbox 2377 5084 2577 5152; x_wconf 88' lang='lat' dir='ltr'><strong>genito,</strong></span> <span class='ocrx_word' id='word_1_774' title='bbox 2609 5088 2797 5134; x_wconf 88' lang='lat' dir='ltr'><strong>etnon</strong></span> <span class='ocrx_word' id='word_1_775' title='bbox 2841 5095 2906 5133; x_wconf 80' lang='lat' dir='ltr'><strong>ex</strong></span> <span class='ocrx_word' id='word_1_776' title='bbox 2950 5080 3038 5142; x_wconf 88' lang='lat' dir='ltr'><strong>iis,</strong></span> <span class='ocrx_word' id='word_1_777' title='bbox 3072 5095 3136 5133; x_wconf 78' lang='lat' dir='ltr'><strong>ex</strong></span> <span class='ocrx_word' id='word_1_778' title='bbox 3165 5077 3367 5147; x_wconf 71' lang='lat' dir='ltr'><strong>quibus</strong></span> 
     </span>
    </p>
   </div>
   <div class='ocr_carea' id='block_1_97' title="bbox 126 5166 1665 5244">
    <p class='ocr_par' dir='ltr' id='par_1_97' title="bbox 126 5166 1665 5244">
     <span class='ocr_line' id='line_1_97' title="bbox 126 5166 1665 5244; baseline 0 -19"><span class='ocrx_word' id='word_1_779' title='bbox 126 5174 264 5225; x_wconf 83' lang='grc' dir='ltr'>αὐτὸ</span> <span class='ocrx_word' id='word_1_780' title='bbox 293 5166 431 5224; x_wconf 80' lang='grc' dir='ltr'>εἷναί</span> <span class='ocrx_word' id='word_1_781' title='bbox 473 5171 534 5224; x_wconf 87' lang='grc' dir='ltr'><strong>τέ</strong></span> <span class='ocrx_word' id='word_1_782' title='bbox 593 5172 830 5226; x_wconf 77' lang='grc' dir='ltr'>ἐστικαὶ</span> <span class='ocrx_word' id='word_1_783' title='bbox 879 5170 952 5241; x_wconf 75' lang='grc' dir='ltr'>μὴ</span> <span class='ocrx_word' id='word_1_784' title='bbox 997 5167 1164 5226; x_wconf 73' lang='grc' dir='ltr'>εἶναι’</span> <span class='ocrx_word' id='word_1_785' title='bbox 1197 5173 1442 5243; x_wconf 87' lang='grc' dir='ltr'>γέννημα</span> <span class='ocrx_word' id='word_1_786' title='bbox 1473 5171 1579 5244; x_wconf 86' lang='grc' dir='ltr'><strong>γάρ</strong></span> <span class='ocrx_word' id='word_1_787' title='bbox 1621 5171 1665 5225; x_wconf 64' lang='grc' dir='ltr'><strong>ὂπ</strong></span> 
     </span>
    </p>
   </div>
   <div class='ocr_carea' id='block_1_98' title="bbox 1826 5166 3365 5244">
    <p class='ocr_par' dir='ltr' id='par_1_98' title="bbox 1826 5171 3365 5242">
     <span class='ocr_line' id='line_1_98' title="bbox 1826 5171 3365 5242; baseline -0.003 -16"><span class='ocrx_word' id='word_1_788' title='bbox 1826 5173 2074 5242; x_wconf 80' lang='lat' dir='ltr'><strong>ngenitus</strong></span> <span class='ocrx_word' id='word_1_789' title='bbox 2101 5172 2284 5242; x_wconf 78' lang='lat' dir='ltr'><strong>genuit</strong></span> <span class='ocrx_word' id='word_1_790' title='bbox 2310 5190 2323 5225; x_wconf 89' lang='lat'><strong>:</strong></span> <span class='ocrx_word' id='word_1_791' title='bbox 2349 5187 2522 5240; x_wconf 88' lang='lat' dir='ltr'><strong>neque</strong></span> <span class='ocrx_word' id='word_1_792' title='bbox 2549 5171 2694 5225; x_wconf 89' lang='lat' dir='ltr'><strong>enim</strong></span> <span class='ocrx_word' id='word_1_793' title='bbox 2721 5171 2979 5239; x_wconf 87' lang='lat' dir='ltr'><strong>possibile</strong></span> <span class='ocrx_word' id='word_1_794' title='bbox 3005 5178 3087 5224; x_wconf 87' lang='lat' dir='ltr'><strong>est</strong></span> <span class='ocrx_word' id='word_1_795' title='bbox 3115 5175 3365 5222; x_wconf 90' lang='lat' dir='ltr'><strong>naturam</strong></span> 
     </span>
    </p>
   </div>
   <div class='ocr_carea' id='block_1_99' title="bbox 126 5259 1665 5334">
    <p class='ocr_par' dir='ltr' id='par_1_99' title="bbox 126 5259 1665 5334">
     <span class='ocr_line' id='line_1_99' title="bbox 126 5259 1665 5334; baseline -0.001 -17"><span class='ocrx_word' id='word_1_796' title='bbox 126 5264 379 5334; x_wconf 82' lang='grc' dir='ltr'>γέννημα</span> <span class='ocrx_word' id='word_1_797' title='bbox 395 5263 495 5316; x_wconf 86' lang='grc' dir='ltr'><strong>οὐκ</strong></span> <span class='ocrx_word' id='word_1_798' title='bbox 518 5259 608 5333; x_wconf 82' lang='grc' dir='ltr'>ἦν,</span> <span class='ocrx_word' id='word_1_799' title='bbox 638 5262 730 5316; x_wconf 74' lang='grc' dir='ltr'>τοῦ</span> <span class='ocrx_word' id='word_1_800' title='bbox 749 5262 1000 5332; x_wconf 78' lang='grc' dir='ltr'>ἀνομοίου</span> <span class='ocrx_word' id='word_1_801' title='bbox 1031 5263 1228 5334; x_wconf 84' lang='grc' dir='ltr'>μέρους</span> <span class='ocrx_word' id='word_1_802' title='bbox 1259 5263 1350 5316; x_wconf 76' lang='grc' dir='ltr'>ἐπὶ</span> <span class='ocrx_word' id='word_1_803' title='bbox 1374 5262 1506 5316; x_wconf 86' lang='grc' dir='ltr'><strong>Θεοῦ</strong></span> <span class='ocrx_word' id='word_1_804' title='bbox 1541 5263 1665 5332; x_wconf 81' lang='grc' dir='ltr'>βλαο</span> 
     </span>
    </p>
   </div>
   <div class='ocr_carea' id='block_1_100' title="bbox 1828 5259 3367 5334">
    <p class='ocr_par' dir='ltr' id='par_1_100' title="bbox 1828 5260 3367 5334">
     <span class='ocr_line' id='line_1_100' title="bbox 1828 5260 3367 5334; baseline -0.006 -15"><span class='ocrx_word' id='word_1_805' title='bbox 1828 5265 2042 5333; x_wconf 62' lang='lat' dir='ltr'><strong>genitam</strong></span> <span class='ocrx_word' id='word_1_806' title='bbox 2074 5278 2196 5318; x_wconf 87' lang='lat' dir='ltr'><strong>esse</strong></span> <span class='ocrx_word' id='word_1_807' title='bbox 2231 5263 2286 5316; x_wconf 89' lang='lat' dir='ltr'><strong>in</strong></span> <span class='ocrx_word' id='word_1_808' title='bbox 2316 5279 2422 5316; x_wconf 93' lang='lat' dir='ltr'><strong>non</strong></span> <span class='ocrx_word' id='word_1_809' title='bbox 2453 5263 2655 5334; x_wconf 88' lang='lat' dir='ltr'><strong>genito,</strong></span> <span class='ocrx_word' id='word_1_810' title='bbox 2689 5262 2789 5316; x_wconf 86' lang='lat' dir='ltr'><strong>hoc</strong></span> <span class='ocrx_word' id='word_1_811' title='bbox 2817 5261 2962 5316; x_wconf 88' lang='lat' dir='ltr'><strong>enim</strong></span> <span class='ocrx_word' id='word_1_812' title='bbox 2999 5260 3138 5314; x_wconf 82' lang='lat' dir='ltr'><strong>foret</strong></span> <span class='ocrx_word' id='word_1_813' title='bbox 3171 5274 3292 5314; x_wconf 85' lang='lat' dir='ltr'><strong>esse</strong></span> <span class='ocrx_word' id='word_1_814' title='bbox 3312 5268 3367 5312; x_wconf 88' lang='lat' dir='ltr'><strong>et</strong></span> 
     </span>
    </p>
   </div>
   <div class='ocr_carea' id='block_1_101' title="bbox 208 5413 1747 5487">
    <p class='ocr_par' dir='ltr' id='par_1_101' title="bbox 208 5413 1702 5487">
     <span class='ocr_line' id='line_1_101' title="bbox 208 5413 1702 5487; baseline 0.001 -19"><span class='ocrx_word' id='word_1_815' title='bbox 208 5415 324 5480; x_wconf 77' lang='lat'><strong>(62)</strong></span> <span class='ocrx_word' id='word_1_816' title='bbox 344 5413 506 5487; x_wconf 46' lang='lat' dir='ltr'><strong>ﬁbra</strong></span> <span class='ocrx_word' id='word_1_817' title='bbox 535 5414 688 5487; x_wconf 81' lang='lat' dir='ltr'><strong>abest</strong></span> <span class='ocrx_word' id='word_1_818' title='bbox 730 5429 759 5466; x_wconf 92' lang='lat' dir='ltr'><strong>a</strong></span> <span class='ocrx_word' id='word_1_819' title='bbox 808 5413 983 5469; x_wconf 87' lang='lat' dir='ltr'><strong>Palat.</strong></span> <span class='ocrx_word' id='word_1_820' title='bbox 1015 5416 1064 5478; x_wconf 82' lang='grc' dir='ltr'>Ι,</span> <span class='ocrx_word' id='word_1_821' title='bbox 1083 5413 1193 5471; x_wconf 60' lang='grc' dir='ltr'><strong>εει</strong></span> <span class='ocrx_word' id='word_1_822' title='bbox 1221 5418 1359 5487; x_wconf 86' lang='lat' dir='ltr'><strong>Aug.</strong></span> <span class='ocrx_word' id='word_1_823' title='bbox 1388 5413 1552 5470; x_wconf 85' lang='lat' dir='ltr'><strong>Iidem</strong></span> <span class='ocrx_word' id='word_1_824' title='bbox 1579 5433 1702 5472; x_wconf 78' lang='lat' dir='ltr'><strong>mox</strong></span> 
     </span>
    </p>
   </div>
   <div class='ocr_carea' id='block_1_102' title="bbox 492 5413 2031 5487">
    <p class='ocr_par' dir='ltr' id='par_1_102' title="bbox 492 5413 2031 5487">
     <span class='ocr_line' id='line_1_102' title="bbox 492 5413 2031 5487; baseline 0.001 -20"><span class='ocrx_word' id='word_1_825' title='bbox 492 5413 506 5487; x_wconf 66' lang='grc' dir='ltr'>ξ</span> <span class='ocrx_word' id='word_1_826' title='bbox 535 5414 688 5487; x_wconf 81' lang='lat' dir='ltr'><strong>abest</strong></span> <span class='ocrx_word' id='word_1_827' title='bbox 730 5429 759 5466; x_wconf 92' lang='lat' dir='ltr'><strong>a</strong></span> <span class='ocrx_word' id='word_1_828' title='bbox 808 5413 983 5469; x_wconf 87' lang='lat' dir='ltr'><strong>Palat.</strong></span> <span class='ocrx_word' id='word_1_829' title='bbox 1015 5413 1193 5478; x_wconf 72' lang='lat' dir='ltr'><strong>1,2et</strong></span> <span class='ocrx_word' id='word_1_830' title='bbox 1221 5418 1359 5487; x_wconf 86' lang='lat' dir='ltr'><strong>Aug.</strong></span> <span class='ocrx_word' id='word_1_831' title='bbox 1388 5413 1552 5470; x_wconf 85' lang='lat' dir='ltr'><strong>Iidem</strong></span> <span class='ocrx_word' id='word_1_832' title='bbox 1579 5433 1702 5472; x_wconf 78' lang='lat' dir='ltr'><strong>mox</strong></span> <span class='ocrx_word' id='word_1_833' title='bbox 1801 5417 2031 5487; x_wconf 66' lang='grc' dir='ltr'>Πατρός,</span> 
     </span>
    </p>
   </div>
   <div class='ocr_carea' id='block_1_103' title="bbox 129 5483 3364 5561">
    <p class='ocr_par' dir='ltr' id='par_1_103' title="bbox 129 5483 3364 5561">
     <span class='ocr_line' id='line_1_103' title="bbox 129 5483 3364 5561; baseline -0.001 -21"><span class='ocrx_word' id='word_1_834' title='bbox 129 5487 194 5540; x_wconf 73' lang='lat' dir='ltr'><strong>Et</strong></span> <span class='ocrx_word' id='word_1_835' title='bbox 300 5485 394 5561; x_wconf 56' lang='lat' dir='ltr'><strong>ei};</strong></span> <span class='ocrx_word' id='word_1_836' title='bbox 428 5484 538 5561; x_wconf 64' lang='grc' dir='ltr'><strong>καὶ⁸</strong></span> <span class='ocrx_word' id='word_1_837' title='bbox 551 5484 816 5561; x_wconf 77' lang='grc' dir='ltr'>γενέσεως</span> <span class='ocrx_word' id='word_1_838' title='bbox 850 5501 940 5554; x_wconf 90' lang='grc' dir='ltr'>κρ.</span> <span class='ocrx_word' id='word_1_839' title='bbox 1089 5553 1103 5561; x_wconf 68' lang='lat'><strong>7</strong></span> <span class='ocrx_word' id='word_1_840' title='bbox 1231 5555 1248 5561; x_wconf 81' lang='lat'>_</span> <span class='ocrx_word' id='word_1_841' title='bbox 1274 5557 1282 5561; x_wconf 82' lang='lat'><strong>_</strong></span> <span class='ocrx_word' id='word_1_842' title='bbox 1311 5483 1332 5487; x_wconf 62' lang='grc'>⁷</span> <span class='ocrx_word' id='word_1_843' title='bbox 1809 5557 1847 5561; x_wconf 90' lang='lat'>__</span> <span class='ocrx_word' id='word_1_844' title='bbox 2023 5486 2220 5561; x_wconf 84' lang='lat' dir='ltr'><strong>li_(7le_m._</strong></span> <span class='ocrx_word' id='word_1_845' title='bbox 2238 5486 2365 5559; x_wconf 75' lang='grc' dir='ltr'>ψιλῇ</span> <span class='ocrx_word' id='word_1_846' title='bbox 2390 5487 2746 5561; x_wconf 74' lang='grc' dir='ltr'>προσηγορίᾳ,</span> <span class='ocrx_word' id='word_1_847' title='bbox 2772 5485 2866 5539; x_wconf 75' lang='grc' dir='ltr'><strong>καὶ</strong></span> <span class='ocrx_word' id='word_1_848' title='bbox 2890 5485 2952 5539; x_wconf 80' lang='grc' dir='ltr'><strong>τὸ</strong></span> <span class='ocrx_word' id='word_1_849' title='bbox 2975 5484 3162 5556; x_wconf 77' lang='grc' dir='ltr'>Πατὴρ</span> <span class='ocrx_word' id='word_1_850' title='bbox 3182 5487 3260 5548; x_wconf 79' lang='grc' dir='ltr'>εἰς</span> <span class='ocrx_word' id='word_1_851' title='bbox 3281 5483 3364 5537; x_wconf 81' lang='grc' dir='ltr'><strong>τό.</strong></span> 
     </span>
    </p>
   </div>
   <div class='ocr_carea' id='block_1_104' title="bbox 203 5553 1742 5625">
    <p class='ocr_par' dir='ltr' id='par_1_104' title="bbox 203 5553 1626 5625">
     <span class='ocr_line' id='line_1_104' title="bbox 203 5553 1626 5625; baseline -0.001 -17"><span class='ocrx_word' id='word_1_852' title='bbox 203 5555 317 5622; x_wconf 80' lang='grc'>(65)</span> <span class='ocrx_word' id='word_1_853' title='bbox 352 5553 468 5625; x_wconf 58' lang='lat' dir='ltr'><strong>Pal.</strong></span> <span class='ocrx_word' id='word_1_854' title='bbox 574 5554 803 5625; x_wconf 83' lang='lat' dir='ltr'><strong>et7Aug.</strong></span> <span class='ocrx_word' id='word_1_855' title='bbox 845 5553 1484 5625; x_wconf 57' lang='grc' dir='ltr'>προσομολογηθήσεται,</span> <span class='ocrx_word' id='word_1_856' title='bbox 1575 5624 1581 5625; x_wconf 86' lang='lat'><strong>7</strong></span> <span class='ocrx_word' id='word_1_857' title='bbox 1623 5603 1626 5606; x_wconf 81' lang='lat'><strong>.</strong></span> 
     </span>
    </p>
   </div>
   <div class='ocr_carea' id='block_1_105' title="bbox 1176 5553 2715 5625">
    <p class='ocr_par' dir='ltr' id='par_1_105' title="bbox 1176 5553 2715 5625">
     <span class='ocr_line' id='line_1_105' title="bbox 1176 5553 2715 5625; baseline 0.001 -18"><span class='ocrx_word' id='word_1_858' title='bbox 1176 5555 1484 5625; x_wconf 56' lang='grc' dir='ltr'>ἠθήσεται,</span> <span class='ocrx_word' id='word_1_859' title='bbox 1575 5624 1581 5625; x_wconf 86' lang='lat'><strong>7</strong></span> <span class='ocrx_word' id='word_1_860' title='bbox 1623 5603 1626 5606; x_wconf 88' lang='lat'><strong>.</strong></span> <span class='ocrx_word' id='word_1_861' title='bbox 1809 5553 2012 5613; x_wconf 82' lang='lat' dir='ltr'><strong>Ibidem</strong></span> <span class='ocrx_word' id='word_1_862' title='bbox 2054 5553 2715 5618; x_wconf 66' lang='grc' dir='ltr'>Ροιοιίῐὶιιε”1.’κέκτὴταιζ</span> 
     </span>
    </p>
   </div>
   <div class='ocr_carea' id='block_1_106' title="bbox 203 5621 1742 5698">
    <p class='ocr_par' dir='ltr' id='par_1_106' title="bbox 203 5621 1702 5698">
     <span class='ocr_line' id='line_1_106' title="bbox 203 5621 1702 5698; baseline 0 -22"><span class='ocrx_word' id='word_1_863' title='bbox 203 5621 318 5698; x_wconf 68' lang='grc'>(64)</span> <span class='ocrx_word' id='word_1_864' title='bbox 358 5623 532 5698; x_wconf 74' lang='lat' dir='ltr'><strong>Pal.72</strong></span> <span class='ocrx_word' id='word_1_865' title='bbox 552 5631 609 5698; x_wconf 81' lang='lat' dir='ltr'><strong>et</strong></span> <span class='ocrx_word' id='word_1_866' title='bbox 631 5621 771 5698; x_wconf 66' lang='lat' dir='ltr'><strong>Aug.</strong></span> <span class='ocrx_word' id='word_1_867' title='bbox 800 5621 1222 5698; x_wconf 59' lang='lat' dir='ltr'><strong>tn‘t7xptitswv.</strong></span> <span class='ocrx_word' id='word_1_868' title='bbox 1264 5621 1329 5698; x_wconf 64' lang='lat' dir='ltr'><strong>Et</strong></span> <span class='ocrx_word' id='word_1_869' title='bbox 1358 5625 1413 5698; x_wconf 70' lang='grc' dir='ltr'>δε</span> <span class='ocrx_word' id='word_1_870' title='bbox 1439 5624 1538 5698; x_wconf 85' lang='grc' dir='ltr'><strong>οὐκ</strong></span> <span class='ocrx_word' id='word_1_871' title='bbox 1559 5624 1702 5698; x_wconf 78' lang='grc' dir='ltr'>ἔστιν</span> 
     </span>
    </p>
   </div>
   <div class='ocr_carea' id='block_1_107' title="bbox 1820 5621 3359 5698">
    <p class='ocr_par' dir='ltr' id='par_1_107' title="bbox 1830 5621 3359 5698">
     <span class='ocr_line' id='line_1_107' title="bbox 1830 5621 3359 5698; baseline -0.003 -17"><span class='ocrx_word' id='word_1_872' title='bbox 1830 5697 1837 5698; x_wconf 86' lang='lat'><strong>7</strong></span> <span class='ocrx_word' id='word_1_873' title='bbox 1876 5627 1986 5698; x_wconf 85' lang='lat'><strong>(67)</strong></span> <span class='ocrx_word' id='word_1_874' title='bbox 2032 5625 2152 5698; x_wconf 65' lang='lat' dir='ltr'><strong>Haec</strong></span> <span class='ocrx_word' id='word_1_875' title='bbox 2175 5630 2439 5698; x_wconf 77' lang='lat' dir='ltr'><strong>appendix</strong></span> <span class='ocrx_word' id='word_1_876' title='bbox 2461 5629 2802 5698; x_wconf 85' lang='lat' dir='ltr'><strong>desideratur</strong></span> <span class='ocrx_word' id='word_1_877' title='bbox 2831 5624 2883 5698; x_wconf 88' lang='lat' dir='ltr'><strong>in</strong></span> <span class='ocrx_word' id='word_1_878' title='bbox 2924 5626 3042 5698; x_wconf 86' lang='lat' dir='ltr'><strong>eod.</strong></span> <span class='ocrx_word' id='word_1_879' title='bbox 3074 5621 3277 5698; x_wconf 58' lang='grc' dir='ltr'><strong>ξυιριιη</strong></span> <span class='ocrx_word' id='word_1_880' title='bbox 3308 5621 3359 5698; x_wconf 83' lang='lat' dir='ltr'><strong>in</strong></span> 
     </span>
    </p>
   </div>
   <div class='ocr_carea' id='block_1_108' title="bbox 135 5693 1674 5770">
    <p class='ocr_par' dir='ltr' id='par_1_108' title="bbox 135 5693 1670 5770">
     <span class='ocr_line' id='line_1_108' title="bbox 135 5693 1670 5770; baseline -0.001 -22"><span class='ocrx_word' id='word_1_881' title='bbox 135 5695 168 5761; x_wconf 77' lang='grc' dir='ltr'>ἡ</span> <span class='ocrx_word' id='word_1_882' title='bbox 196 5694 413 5770; x_wconf 67' lang='grc' dir='ltr'>γένεσις</span> <span class='ocrx_word' id='word_1_883' title='bbox 444 5693 623 5770; x_wconf 79' lang='grc' dir='ltr'>οὐσία,</span> <span class='ocrx_word' id='word_1_884' title='bbox 665 5695 785 5770; x_wconf 79' lang='grc' dir='ltr'>οὐδὲ</span> <span class='ocrx_word' id='word_1_885' title='bbox 818 5693 1080 5770; x_wconf 79' lang='grc' dir='ltr'>κρείττων</span> <span class='ocrx_word' id='word_1_886' title='bbox 1108 5695 1254 5748; x_wconf 70' lang='grc' dir='ltr'>ἐστὶν</span> <span class='ocrx_word' id='word_1_887' title='bbox 1279 5694 1464 5758; x_wconf 86' lang='grc' dir='ltr'>οὐσίας</span> <span class='ocrx_word' id='word_1_888' title='bbox 1489 5696 1522 5764; x_wconf 84' lang='grc' dir='ltr'>ἡ</span> <span class='ocrx_word' id='word_1_889' title='bbox 1549 5694 1670 5761; x_wconf 89' lang='grc' dir='ltr'>γένε</span> 
     </span>
    </p>
   </div>
   <div class='ocr_carea' id='block_1_109' title="bbox 1822 5693 3361 5770">
    <p class='ocr_par' dir='ltr' id='par_1_109' title="bbox 1822 5693 3361 5770">
     <span class='ocr_line' id='line_1_109' title="bbox 1822 5693 3361 5770; baseline -0.002 -20"><span class='ocrx_word' id='word_1_890' title='bbox 1822 5693 1939 5770; x_wconf 54' lang='grc' dir='ltr'>ξιθς.</span> <span class='ocrx_word' id='word_1_891' title='bbox 1969 5693 2032 5752; x_wconf 81' lang='grc' dir='ltr'>ἐι</span> <span class='ocrx_word' id='word_1_892' title='bbox 2058 5697 2111 5751; x_wconf 92' lang='lat' dir='ltr'><strong>in</strong></span> <span class='ocrx_word' id='word_1_893' title='bbox 2138 5693 2270 5752; x_wconf 75' lang='lat' dir='ltr'><strong>edit.</strong></span> <span class='ocrx_word' id='word_1_894' title='bbox 2305 5697 2518 5770; x_wconf 89' lang='lat' dir='ltr'><strong>Stepb..</strong></span> <span class='ocrx_word' id='word_1_895' title='bbox 2547 5706 2602 5752; x_wconf 90' lang='lat' dir='ltr'><strong>at</strong></span> <span class='ocrx_word' id='word_1_896' title='bbox 2633 5706 2716 5752; x_wconf 80' lang='lat' dir='ltr'><strong>est</strong></span> <span class='ocrx_word' id='word_1_897' title='bbox 2747 5697 2801 5750; x_wconf 93' lang='lat' dir='ltr'><strong>in</strong></span> <span class='ocrx_word' id='word_1_898' title='bbox 2835 5695 3046 5752; x_wconf 87' lang='lat' dir='ltr'><strong>duobus</strong></span> <span class='ocrx_word' id='word_1_899' title='bbox 3078 5693 3188 5748; x_wconf 87' lang='lat' dir='ltr'><strong>Pal.</strong></span> <span class='ocrx_word' id='word_1_900' title='bbox 3222 5702 3276 5748; x_wconf 90' lang='lat' dir='ltr'><strong>et</strong></span> <span class='ocrx_word' id='word_1_901' title='bbox 3308 5693 3361 5747; x_wconf 89' lang='lat' dir='ltr'><strong>in</strong></span> 
     </span>
    </p>
   </div>
   <div class='ocr_carea' id='block_1_110' title="bbox 135 5763 1939 5836">
    <p class='ocr_par' dir='ltr' id='par_1_110' title="bbox 135 5763 1939 5836">
     <span class='ocr_line' id='line_1_110' title="bbox 135 5763 1939 5836; baseline 0.006 -21"><span class='ocrx_word' id='word_1_902' title='bbox 135 5763 445 5836; x_wconf 37' lang='grc' dir='ltr'>σιςηξσται</span> <span class='ocrx_word' id='word_1_903' title='bbox 470 5764 611 5836; x_wconf 70' lang='grc' dir='ltr'>κατὰ</span> <span class='ocrx_word' id='word_1_904' title='bbox 642 5765 740 5836; x_wconf 74' lang='grc' dir='ltr'><strong>τὴν</strong></span> <span class='ocrx_word' id='word_1_905' title='bbox 767 5763 992 5836; x_wconf 49' lang='grc' dir='ltr'>σοφίαν,</span> <span class='ocrx_word' id='word_1_906' title='bbox 1083 5833 1100 5836; x_wconf 56' lang='lat'><strong>77</strong></span> <span class='ocrx_word' id='word_1_907' title='bbox 1515 5763 1518 5764; x_wconf 18' lang='grc' dir='ltr'><em>ν</em></span> <span class='ocrx_word' id='word_1_908' title='bbox 1547 5835 1553 5836; x_wconf 78' lang='lat'><strong>7</strong></span> <span class='ocrx_word' id='word_1_909' title='bbox 1679 5834 1700 5836; x_wconf 36' lang='grc' dir='ltr'>ν</span> <span class='ocrx_word' id='word_1_910' title='bbox 1806 5763 1939 5836; x_wconf 65' lang='lat' dir='ltr'><strong>Aug.</strong></span> 
     </span>
    </p>
   </div>
   <div class='ocr_carea' id='block_1_111' title="bbox 206 5832 1745 5907">
    <p class='ocr_par' dir='ltr' id='par_1_111' title="bbox 206 5832 1702 5904">
     <span class='ocr_line' id='line_1_111' title="bbox 206 5832 1702 5904; baseline -0.001 -17"><span class='ocrx_word' id='word_1_911' title='bbox 206 5834 320 5904; x_wconf 81' lang='grc'>(65)</span> <span class='ocrx_word' id='word_1_912' title='bbox 357 5833 472 5887; x_wconf 85' lang='lat' dir='ltr'><strong>Pal.</strong></span> <span class='ocrx_word' id='word_1_913' title='bbox 516 5832 551 5888; x_wconf 70' lang='grc'>2</span> <span class='ocrx_word' id='word_1_914' title='bbox 607 5843 660 5888; x_wconf 83' lang='lat' dir='ltr'><strong>et</strong></span> <span class='ocrx_word' id='word_1_915' title='bbox 697 5832 832 5904; x_wconf 64' lang='lat' dir='ltr'><strong>Aug.</strong></span> <span class='ocrx_word' id='word_1_916' title='bbox 876 5833 1038 5887; x_wconf 76' lang='grc' dir='ltr'>Οὐδὲν</span> <span class='ocrx_word' id='word_1_917' title='bbox 1074 5833 1178 5903; x_wconf 70' lang='grc' dir='ltr'>ἄρα</span> <span class='ocrx_word' id='word_1_918' title='bbox 1213 5833 1429 5902; x_wconf 67' lang='grc' dir='ltr'>εὔλογον</span> <span class='ocrx_word' id='word_1_919' title='bbox 1478 5835 1566 5886; x_wconf 66' lang='grc' dir='ltr'>ἐπὶ</span> <span class='ocrx_word' id='word_1_920' title='bbox 1612 5834 1702 5887; x_wconf 73' lang='grc' dir='ltr'>τοῦ</span> 
     </span>
    </p>
   </div>
   <div class='ocr_carea' id='block_1_112' title="bbox 1298 5832 2837 5907">
    <p class='ocr_par' dir='ltr' id='par_1_112' title="bbox 1298 5832 2837 5907">
     <span class='ocr_line' id='line_1_112' title="bbox 1298 5832 2837 5907; baseline 0 -19"><span class='ocrx_word' id='word_1_921' title='bbox 1298 5851 1429 5902; x_wconf 83' lang='grc' dir='ltr'>.ογον</span> <span class='ocrx_word' id='word_1_922' title='bbox 1478 5835 1566 5886; x_wconf 69' lang='grc' dir='ltr'>ἰπὶ</span> <span class='ocrx_word' id='word_1_923' title='bbox 1612 5834 1702 5887; x_wconf 72' lang='grc' dir='ltr'>τοῦ</span> <span class='ocrx_word' id='word_1_924' title='bbox 1880 5832 1992 5906; x_wconf 73' lang='grc'>(68)</span> <span class='ocrx_word' id='word_1_925' title='bbox 2031 5837 2204 5896; x_wconf 86' lang='lat' dir='ltr'><strong>Palat.</strong></span> <span class='ocrx_word' id='word_1_926' title='bbox 2247 5856 2294 5903; x_wconf 83' lang='lat'><strong>1,</strong></span> <span class='ocrx_word' id='word_1_927' title='bbox 2332 5840 2390 5893; x_wconf 72' lang='grc' dir='ltr'>τὸ</span> <span class='ocrx_word' id='word_1_928' title='bbox 2419 5840 2620 5894; x_wconf 73' lang='grc' dir='ltr'>τέλειον</span> <span class='ocrx_word' id='word_1_929' title='bbox 2650 5839 2837 5907; x_wconf 52' lang='lat' dir='ltr'><strong>aeoru.</strong></span> 
     </span>
    </p>
   </div>
  </div>
