3982 6398
505 283 646 338 1185

1644 283 1706 338 S.
1745 281 2204 337 AT-HANASIUS.
2241 310 2311 321 --
2353 278 2622 335 SPURIA.

3615 277 3746 332 1184

503 412 614 452 non
646 412 804 475 esse:
832 396 960 466 quia
1002 397 1146 466 quod
1181 397 1420 466 genitum
1463 403 1568 460 est,
1600 397 1653 450 id
1685 397 1928 466 genitum
1960 412 2070 451 non

2203 394 2426 465 τρημίας
2449 393 2605 465 ὕϐριν
2634 394 2938 463 ἐπέχοντος.
2974 393 3128 463 ὀρθ.
3153 393 3215 446 El
3243 392 3392 463 ᾔδεις
3413 392 3517 463 τὴν

500 495 651 541 esset
677 506 690 541 :
714 501 836 541 cum
884 486 1115 554 partium
1155 486 1545 541 dissimilitudo
1585 485 1653 541 de
1684 486 1796 542 Deo
1834 487 2070 556 cogitata

2203 487 2270 539 οὗ
2307 485 2464 549 Θεοῦ,
2493 486 2587 539 καὶ
2624 484 2708 549 τίς
2742 487 2890 538 ἐστιν
2920 487 2950 538 6
2982 485 3356 555 ἐντειλάμενος
3400 483 3753 554 βαπτίζεσθαι

503 575 848 645 blasphemiae
877 574 1133 643 injuriam
1165 575 1462 629 contineat.
1498 574 1653 631 Orth.
1688 574 1744 629 Si
1776 576 1948 630 scires
1973 577 2072 630 do-

503 681 633 719 num
668 663 783 728 Dei,
815 671 866 718 et
901 663 1026 732 quis
1055 665 1146 726 sit,
1182 665 1276 734 qui
1301 665 1555 734 praecepit
1587 666 1850 734 baptizari
1883 682 2073 722 omnes

502 761 691 824 gentes
723 753 777 806 in
809 753 1030 808 nomine
1061 752 1264 816 Patris,
1290 766 1342 808 et
1365 752 1510 817 Filii,
1534 764 1588 808 et
1616 753 1855 825 Spiritus
1876 758 2074 822 sancti,

503 860 611 899 non
646 845 835 914 utique
856 841 1058 908 Patris,
1092 857 1146 898 et
1174 844 1298 898 Filii
1327 861 1524 900 nomen
1554 846 1896 915 repudiares,
1932 849 2078 901 arbi-

503 947 647 989 tratu
691 943 786 990 tuo
816 935 954 990 falsa
1002 937 1266 1007 religione
1295 947 1502 992 temere
1549 938 1772 994 inﬂatus
1813 940 2077 996 adversus

505 1044 651 1092 cum,
709 1030 801 1098 qui
860 1041 1066 1084 rectam
1114 1045 1218 1086 nos
1260 1031 1448 1085 docuit
1490 1049 1509 1082 ‹
1540 1031 1658 1086 fidei
1693 1051 1714 1084 ι
1779 1033 2081 1090 confessio—

506 1135 631 1174 nem
667 1139 680 1175 :
713 1120 934 1189 quando
978 1136 1109 1176 vero
1145 1121 1468 1178 existimans
1505 1131 1557 1178 te
1591 1124 1892 1194 sapientem
1935 1142 2078 1190 esse.

506 1210 722 1264 Patrem
765 1226 876 1264 non
936 1211 1073 1266 sinis
1117 1226 1240 1266 esse
1277 1211 1493 1267 Patrem
1520 1254 1534 1279 ,
1580 1227 1678 1282 age
1707 1229 1775 1267 ne
1822 1215 1914 1269 tibi
1955 1232 2084 1285 pru-

509 1307 645 1359 dens
659 1319 780 1359 esse
797 1304 1034 1367 videare,
1055 1319 1086 1356 a
1116 1304 1276 1358 nobis
1299 1304 1422 1357 audi
1446 1323 1458 1358 :
1477 1304 1752 1374 perfectus
1768 1305 1890 1368 fuit,
1910 1314 2012 1368 est,
2031 1315 2085 1360 et

508 1395 614 1451 erit
629 1393 805 1451 Filius
825 1397 880 1448 in
903 1395 1085 1449 Patre.
1114 1393 1250 1448 Nam
1279 1414 1298 1446 ι
1322 1393 1382 1449 In
1401 1395 1671 1466 principio
1692 1405 1812 1452 erat
1828 1395 2082 1463 Verbum,

510 1496 564 1541 et
579 1485 820 1541 Verbum
835 1494 954 1539 erat
971 1486 1112 1554 apud
1127 1483 1319 1551 Deum,
1338 1493 1393 1541 et
1406 1485 1548 1541 Deus
1566 1493 1686 1540 erat
1698 1483 1937 1541 Verbum
1954 1506 1966 1541 :
1985 1487 2088 1541 hoc

509 1579 816 1652 ωεηιι
868 1578 924 1632 in
969 1577 1241 1648 principio
1293 1577 1438 1648 apud
1499 1577 1670 1634 Deum
1692 1580 1760 1643 ",
1793 1599 1812 1631 ι
1874 1579 2088 1634 etiamsi

514 1674 680 1736 nolis,
714 1671 855 1726 Aeti.
890 1669 957 1724 Et
991 1685 1099 1725 non
1133 1671 1285 1740 prius
1326 1677 1466 1735 erat,
1498 1681 1552 1725 et
1580 1679 1712 1726 tunc
1731 1671 1951 1742 genitus
1982 1680 2087 1737 est,

2174 578 2354 632 πάντα
2379 577 2447 630 τὰ
2470 576 2598 648 ἔθνη
2628 579 2708 641 είς
2728 577 2790 630 τὸ
2815 578 2984 648 όνομα
3003 577 3096 630 τοῦ
3122 575 3336 648 Πατρδς
3366 575 3464 628 καὶ
3485 573 3583 628 τοῦ
3606 574 3752 637 Υίοῢ,

2176 670 2271 724 καὶ
2309 668 2403 722 τοῦ
2433 669 2590 736 ἀγίου
2617 667 2956 739 Πνεύματος’
2980 669 3080 721 οὐκ
3106 667 3414 738 ἐπεχείρεις
3441 666 3753 737 παρακρού-

2176 761 2328 814 εσθαι
2362 759 2422 812 τὸ
2453 758 2549 812 τοῦ
2593 760 2808 830 Πατρὸς
2843 760 2938 814 καὶ
2968 759 3061 812 τοῦ
3091 758 3221 811 Υἱοῦ
3263 759 3456 828 ὄνομα.
3487 758 3549 810 ὲν
3587 757 3757 811 ἐθελο-

2176 852 2445 925 θρησκείᾳ
2471 855 2595 925 είκῆ
2634 852 2991 923 φυσιούμενος
3018 851 3162 905 κατά
3187 851 3281 904 τοῦ
3321 850 3635 914 διδάξαντος
3667 850 3756 921 τὴν

2178 947 2346 1018 καλὴν
2372 945 2660 1017 ὁμολογίαν
2679 959 2694 975 ⁶
2719 945 2902 1016 ἐπειδὴ
2929 945 3006 1009 δὲ,
3031 944 3274 1015 οίόμενος
3302 939 3444 996 εἶναι
3467 942 3652 1010 σοφὸς,
3673 941 3758 996 τὸν

2178 1037 2398 1109 Πατέρα
2438 1038 2499 1090 οὑ
2535 1037 2707 1102 Θέλεις
2736 1033 2873 1090 εἶναι
2905 1036 3143 1108 Πατέρα,
3179 1035 3268 1089 ἴνα
3307 1033 3381 1105 μὴ
3413 1034 3577 1106 δόξῃς
3616 1032 3758 1103 παρὰ

2183 1130 2364 1201 σαυτῷ
2389 1125 2530 1185 εἶναι
2555 1130 2842 1202 φρόνιμος·
2875 1131 3003 1200 παρ’
3036 1128 3193 1198 ἡμῶν
3219 1128 3404 1186 ἄκουε.
3451 1128 3536 1179 ὅτι
3567 1125 3758 1187 τέλειος

2179 1217 2268 1292 ἦν,
2293 1222 2388 1275 καὶ
2435 1221 2572 1286 ἔστι,
2603 1221 2698 1273 καὶ
2752 1219 2901 1272 ἔσται
2942 1220 2970 1271 ὁ
2999 1219 3126 1281 Υἱὸς
3167 1219 3226 1270 ὲν
3259 1216 3338 1286 τῷ
3371 1213 3569 1284 Πατρί.
3610 1232 3626 1263 ι
3678 1213 3758 1264 Ἐν

2182 1314 2324 1384 ἀρχῇ
2363 1333 2382 1366 ι
2416 1313 2523 1384 γὰρ
2556 1332 2576 1365 ‹
2614 1308 2682 1384 ἦν
2708 1313 2737 1364 6
2765 1312 2964 1380 Λόγος,
2999 1311 3094 1363 καὶ
3136 1313 3164 1363 6
3193 1310 3362 1377 Λόγος
3397 1303 3467 1379 ἦν
3502 1306 3640 1377 πρὸς
3674 1307 3759 1358 τὸν

2183 1402 2337 1463 Θεὸν,
2380 1402 2472 1453 καὶ
2500 1400 2631 1464 Θεὸς
2666 1396 2734 1471 ἦν
2760 1402 2789 1454 6
2817 1401 3013 1468 Λόγος·
3047 1395 3203 1463 οὗτος
3240 1395 3307 1470 ἦν
3347 1401 3405 1450 ἐν
3448 1399 3593 1468 ἀρχῇ
3633 1394 3760 1466 πρὸς

2182 1492 2275 1547 τὸν
2307 1492 2460 1558 Θεὸν,
2504 1511 2523 1544 ι
2553 1491 2656 1546 κᾶν
2692 1490 2766 1564 μὴ
2790 1491 2967 1563 Θέλῃς,
3016 1491 3209 1545 Ἀέτιε.
3240 1491 3351 1544 Καὶ
3389 1487 3500 1560 (69)
3537 1488 3598 1541 ού
3635 1487 3760 1556 πρό-

2185 1598 2340 1654 τερον
2365 1578 2454 1654 ἦν,
2485 1583 2578 1637 καὶ
2607 1582 2728 1635 τότε
2749 1580 3040 1652 ὲγεννήθη’
3068 1581 3191 1635 οὐδὲ
3215 1581 3288 1651 μὴ
3314 1579 3390 1633 ὢν
3419 1579 3756 1649 γεγέννηται·

2187 1675 2321 1727 ἀλλὰ
2346 1676 2615 1728 συναῖδιόν
2647 1676 2763 1728 ἐστι
2805 1674 3069 1744 γέννημα,
3099 1672 3175 1736 ὼς
3206 1671 3552 1740 ἀπαύγασμα
3595 1668 3762 1738 φωτὸς

515 1776 694 1832 neque
717 1761 881 1815 etiam
918 1774 1042 1814 cum
1085 1775 1192 1813 non
1244 1767 1411 1824 esset,
1445 1760 1663 1830 genitus
1687 1767 1792 1824 est,
1823 1760 1918 1815 sed
1947 1776 2087 1816 eoa:-

2203 1765 2379 1819 ϊίδίου.
2407 1767 2446 1818 Γ
2449 1766 2642 1837 εννητὴ
2672 1765 2729 1818 δὲ
2756 1765 2915 1834 φύσις
2955 1766 3049 1818 καὶ
3079 1764 3372 1835 ἀγέννητος
3399 1762 3565 1832 φύσις
3591 1762 3690 1813 οὐκ
3709 1762 3760 1812 ὲν

516 1865 731 1908 ternum
756 1860 840 1906 est
871 1852 971 1906 hoc
992 1853 1267 1923 genimen,
1308 1861 1562 1922 tanquam
1595 1853 1803 1908 scilicet
1831 1853 2089 1923 splendor

517 1955 732 2002 aeternae
757 1947 894 2001 lucis
923 1964 936 2000 :
970 1944 1148 1999 ditfert
1182 1957 1362 2000 autem
1415 1954 1612 2000 natura
1657 1947 1840 2016 genita
1883 1954 1938 2003 et
1979 1963 2090 2004 non

518 2038 719 2110 genita,
747 2054 858 2092 non
887 2046 1160 2107 quatenus
1205 2045 1402 2091 natura
1448 2047 1552 2100 est,
1590 2036 1684 2092 sed
1715 2051 1782 2092 eo
1816 2037 1935 2106 ipso
1969 2050 2091 2092 tan-

519 2141 634 2184 tum
654 2130 796 2200 quod
827 2129 1009 2200 genita
1042 2136 1098 2183 et
1136 2143 1245 2182 non
1287 2129 1469 2198 genita
1509 2135 1612 2183 est.
1649 2126 1782 2181 Nam
1815 2143 1916 2183 nec
1945 2128 2090 2182 Ada-

519 2239 642 2279 mus
677 2232 840 2278 natus
888 2229 976 2276 est
1023 2237 1088 2276 ex
1122 2221 1372 2286 muliere,
1416 2238 1519 2278 nos
1543 2236 1672 2276 vero
1706 2221 1819 2278 nati
1862 2236 2091 2276 sumus:

2192 1858 2259 1926 τῇ
2296 1856 2454 1925 φύσει
2501 1854 2614 1925 ἔχει
2649 1856 2710 1908 τὸ
2736 1853 3012 1924 διάφορον,
3052 1852 3166 1906 ἀλλ’
3196 1853 3253 1904 ἐν
3282 1851 3360 1922 τῷ
3412 1849 3761 1921 γεγεννῆσθαι

2195 1947 2288 2001 καὶ
2319 1947 2393 2018 μὴ
2434 1947 2806 2018 γεγεννῆσθαι.
2852 1947 2979 1999 Ἰδοὺ
3015 1945 3122 2017 γὰρ
3161 1946 3252 1998 καὶ
3284 1947 3313 1998 6
3352 1943 3526 2014 ’Δδάμ
3574 1944 3635 1996 οὑ
3675 1959 3760 2010 γε-

2193 2040 2448 2111 γέννηται
2485 2039 2572 2093 διὰ
2620 2039 2901 2108 γυναικόςο
2932 2040 3090 2110 ἡμεῖς
3135 2038 3194 2092 δὲ
3241 2035 3650 2106 γεγεννήμεθα”
3677 2035 3759 2087 καὶ

2195 2134 2296 2186 οὐκ
2330 2136 2386 2186 ὲν
2416 2137 2481 2205 τῇ
2513 2133 2669 2203 φύσει
2703 2133 2896 2205 ἔχομεν
2932 2134 2992 2186 τὸ
3026 2134 3300 2203 διάφορον,
3339 2130 3456 2185 ἀλλ’
3489 2132 3550 2183 ὲν
3579 2127 3657 2198 τῷ
3681 2143 3762 2196 γε·

2200 2225 2491 2295 γεννῆσθαι
2519 2228 2613 2281 καὶ
2639 2226 2714 2298 μὴ
2745 2225 3103 2296 γεγεννῆσθαι
3123 2224 3211 2278 διά
3237 2223 3521 2293 γυναικός.

519 2333 622 2374 nec
645 2328 822 2372 tamen
849 2327 1044 2371 natura
1067 2318 1359 2373 abAdamo
1378 2318 1704 2383 diﬂ'erimus,
1736 2318 1831 2373 sed
1860 2334 1926 2372 eo
1947 2328 2153 2374 tantum
2184 2322 2329 2392 quod
2358 2339 2458 2379 nos
2491 2326 2602 2378 nati
2635 2325 2828 2388 simus,
2863 2324 2964 2384 ille,
2982 2333 3142 2378 natus
3175 2338 3286 2377 non
3316 2321 3391 2376 sit
3427 2335 3494 2375 ex
3527 2318 3762 2374 muliere.

593 2414 680 2466 l7.
724 2415 911 2469 Anam.
945 2414 1079 2468 Cum
1117 2423 1329 2469 natura:
1365 2430 1474 2469 non
1501 2415 1698 2486 genita:
1747 2415 2097 2483 omnipotens

522 2511 612 2564 ille
627 2511 897 2565 exsisteus
917 2509 1082 2572 Deus,
1101 2512 1342 2578 seipsum
1363 2526 1472 2564 non
1493 2513 1639 2565 norit
1665 2531 1682 2560 ε
1707 2526 1859 2566 esse»
1886 2520 2096 2566 natura:

519 2600 738 2671 genitae,
771 2599 940 2656 Filius
985 2616 1114 2655 vero
1139 2601 1336 2670 genitae
1388 2609 1600 2656 naturae
1624 2603 1918 2665 exsistens,
1953 2603 2097 2658 norit

524 2711 582 2746 se
601 2693 703 2747 hoc
727 2713 744 2742 ι
768 2708 889 2748 esse
914 2713 932 2746 ι
957 2694 1101 2764 quod
1120 2702 1225 2758 est,
1254 2693 1528 2762 quomodo
1557 2702 1718 2748 erunt
1743 2695 2101 2749 consubstan-

523 2783 704 2848 tiales,
737 2800 860 2839 cum
887 2786 978 2840 ille
1009 2802 1068 2841 se
1118 2801 1227 2840 non
1257 2788 1529 2857 genitum,
1566 2787 1669 2841 iste
1697 2797 1874 2842 autem
1911 2804 1970 2843 se
1999 2803 2093 2858 ge-

525 2877 699 2929 nitum
727 2893 850 2932 esse
875 2878 1059 2931 norit?
1101 2877 1254 2934 Orth.
1282 2877 1339 2932 Si
1364 2893 1470 2932 non
1502 2879 1741 2948 genitum
1769 2884 1824 2932 et
1852 2879 2092 2948 genitum

527 2966 811 3022 existimas
839 2968 986 3036 ipsas
1035 2983 1159 3023 esse
1207 2976 1435 3023 naturas
1469 2987 1483 3022 :
1517 2971 1663 3022 norit
1691 2983 1820 3021 vero
1877 2967 2094 3024 Gabriel

527 3074 586 3112 se
616 3058 809 3126 genitae
836 3074 958 3113 esse
985 3070 1220 3125 naturae,
1248 3061 1339 3131 qui
1379 3061 1436 3114 lit
1465 3060 1606 3130 quod
1641 3074 1747 3115 non
1795 3061 1957 3116 etiam
1989 3060 2096 3116 Ga-

2268 2418 2354 2475 17.
2417 2421 2731 2489 Ἁνόμοιος.
2777 2421 2842 2473 Et
2885 2420 3178 2489 ἀγεννήτου
3209 2417 3426 2488 φύσεως
3457 2414 3716 2485 ὑπάρχων
3740 2415 3767 2466 6

2195 2508 2329 2573 Θεὸς
2375 2513 2403 2564 6
2450 2511 2861 2583 παντοκράτωρ,
2907 2511 3170 2582 γεννητῆς
3220 2508 3439 2579 φύσεως
3491 2509 3596 2561 οὐκ
3638 2502 3766 2560 οἶδεν

2198 2601 2406 2655 έαυτόνο
2432 2604 2462 2655 6
2491 2603 2547 2655 δὲ
2577 2603 2723 2668 Υἱὸς,
2756 2603 3020 2673 γεννητῆς
3051 2602 3265 2672 φύσεως
3297 2600 3588 2670 ὑπάρχων,
3621 2596 3767 2650 τοῦτο

2197 2691 2456 2762 γινώσκει
2482 2695 2693 2761 ἑαυτὸν,
2717 2697 2852 2766 ὅπερ
2877 2694 3014 2747 ἐστι·
3040 2693 3156 2757 πῶς
3181 2692 3246 2746 ἂν
3269 2691 3462 2762 εἴησαν
3481 2688 3766 2760 όμοούσιοι,

2199 2783 2293 2837 τοῦ
2325 2784 2423 2855 μὲν
2466 2783 2824 2853 γινώσκοντος
2865 2785 3055 2838 ἑαυτὸν
3085 2784 3401 2854 ἀγέννητον,
3440 2781 3538 2834 τοῦ
3570 2781 3626 2834 δὲ
3657 2797 3770 2849 γεν-

2199 2877 2390 2947 νητόν;
2430 2876 2575 2945 Ὀρθ.
2606 2877 2668 2929 Et
2694 2876 2754 2929 τὸ
2780 2867 3072 2947 ἀγέννητον
3110 2876 3204 2929 καὶ
3241 2873 3504 2945 γεννητὸν
3542 2873 3769 2943 νομίζεις

2200 2963 2338 3018 εἶναι
2365 2964 2463 3028 τὰς
2497 2963 2704 3034 φύσεις,
2737 2959 2844 3016 οἶδε
2882 2963 2938 3016 δὲ
2967 2962 3157 3015 ἑαυτὸν
3186 2962 3280 3014 καὶ
3312 2958 3559 3030 Γαϐριὴλ
3588 2974 3768 3026 γεννη-

2198 3059 2299 3128 τῆς
2338 3057 2572 3127 φύσεωςο
2606 3056 2722 3120 πῶς
2746 3056 2844 3108 οὐκ
2884 3055 2949 3108 ἂν
2981 3056 3065 3124 εἴη
3095 3054 3190 3107 καὶ
3224 3051 3469 3124 Γαϐριὴλ
3497 3049 3771 3122 όμοούσιος

529 3149 667 3202 briel
723 3151 794 3202 sit
853 3151 1338 3207 consubstantialis
1369 3150 1545 3206 Filio?
1595 3150 1650 3205 Si
1704 3167 1833 3206 vero
1889 3161 2099 3209 natura:

2204 3150 2281 3220 τῷ
2306 3149 2447 3220 Υίῷ;
2493 3149 2556 3203 Ei
2593 3149 2649 3203 δὲ
2689 3147 2954 3217 γεννητῆς
2993 3146 3207 3216 φύσεως
3244 3144 3320 3198 ὣν
3347 3147 3376 3198 6
3406 3143 3649 3215 Γαϐριὴλ
3681 3143 3770 3195 οὐκ

528 3238 724 3309 ειεηίιαι
755 3253 880 3292 cum
928 3240 999 3294 sit
1027 3238 1246 3296 Gabriel
1276 3258 1384 3296 non
1427 3243 1576 3296 novit
1630 3241 1868 3312 seipsum
1891 3285 1905 3307 ,
1931 3244 2099 3314 liquet

2205 3238 2344 3296 οἶδεν
2370 3241 2580 3304 ἑαυτὸν,
2608 3239 2847 3312 εὔδηλον,
2875 3240 2955 3292 ὅτι
2975 3239 3075 3292 οὐκ
3095 3237 3207 3291 ἔστι
3229 3238 3290 3290 τὸ
3313 3236 3577 3307 γεννητὸν
3599 3233 3766 3303 φύσις.

527 3331 676 3400 quod
711 3332 950 3399 genitum
982 3347 1104 3387 esse
1150 3349 1258 3387 non
1285 3333 1355 3387 sit
1396 3334 1512 3403 ipsa
1553 3335 1783 3389 natura?
1815 3334 1871 3390 Si
1919 3345 2099 3391 autem

2207 3337 2270 3390 Et
2301 3336 2358 3388 δὲ
2384 3336 2483 3388 οὑκ
2514 3334 2712 3387 ἔστιτὸ
2739 3332 2994 3402 γεννητὸν
3029 3331 3210 3400 φύσις,
3244 3330 3368 3382 οὐδὲ
3399 3329 3464 3382 τὸ
3490 3324 3774 3396 ἀγέννητόν

531 3439 641 3476 non
666 3423 807 3476 idem
839 3432 925 3484 est
965 3432 1160 3478 natura
1199 3425 1346 3496 quod
1381 3428 1620 3496 genitum
1661 3442 1804 3492 esse,
1834 3443 1936 3484 nec
1961 3429 2099 3483 idem

2208 3429 2323 3481 ἐστι
2357 3427 2536 3497 φύσις.
2577 3426 2806 3494 Γενητδν
2839 3425 2897 3477 δὲ
2935 3424 3008 3494 μὴ
3042 3423 3164 3491 λέγε
3199 3423 3291 3476 τὸν
3322 3422 3474 3485 Υἱὸν,
3515 3419 3609 3472 τὸν
3641 3433 3777 3486 γενε-

529 3525 692 3569 crunt
725 3531 831 3569 non
871 3518 1114 3587 genitum
1145 3525 1344 3575 esseet
1374 3527 1588 3574 natura.
1622 3518 1729 3574 Sed
1747 3536 1878 3576 cave
1904 3521 2099 3576 factum

2213 3521 2464 3591 σιουργὸν
2493 3519 2601 3572 τῶν
2641 3517 2914 3570 ἁπάντων
2957 3515 3092 3569 ἀλλά
3121 3515 3380 3584 γεννητὸν
3427 3512 3574 3573 εἰπὲ,
3595 3511 3669 3573 ώς
3698 3508 3776 3577 γέ-

529 3606 683 3660 dicas
715 3604 932 3669 Filium,
970 3623 1152 3661 rerum
1184 3609 1428 3663 omnium
1454 3609 1701 3678 opificem
1730 3629 1742 3664 :
1772 3619 1828 3663 at
1859 3610 2099 3680 genitum

2211 3628 2470 3682 γραπται.
2509 3609 2767 3680 Γεννητὸν
2793 3608 2890 3678 μὲν
2921 3607 3029 3678 γάρ
3052 3608 3165 3658 ὲστι
3187 3605 3248 3658 τὸ
3279 3604 3502 3675 Πατέρα
3534 3603 3674 3673 ἕχον,
3693 3616 3773 3668 γε·

531 3697 770 3766 appelles
800 3707 960 3768 prout
985 3699 1248 3769 scriptum
1273 3708 1378 3754 est.
1405 3700 1659 3756 Genitum
1701 3701 1847 3755 enim
1882 3715 2004 3755 esse
2025 3711 2099 3756 est

2212 3705 2371 3774 νητὸν
2399 3703 2453 3755 δὲ
2479 3703 2543 3755 τὸ
2565 3700 2940 3770 γενεσιουργὸν
2970 3699 3110 3769 ἕχον.
3151 3698 3338 3768 Ἦμῶν
3366 3693 3463 3750 οὖν
3490 3710 3775 3765 γενεσιουρ-

535 3788 737 3843 habere
775 3787 1027 3856 Patrem;
1060 3799 1116 3843 at
1164 3789 1370 3844 factum
1401 3806 1542 3853 esse,
1588 3797 1672 3846 est
1718 3790 1920 3844 habere
1951 3791 2110 3860 Opili-

534 3896 676 3935 cem.
713 3879 893 3936 Nostri
928 3883 1149 3951 quidem
1185 3880 1368 3952 Opifex
1419 3891 1504 3937 est
1536 3881 1679 3937 Deus
1711 3881 1872 3936 Pater
1898 3897 1992 3950 per
2024 3880 2112 3934 Fi-

539 3969 668 4021 lium
691 3986 705 4032 ;
730 3978 786 4022 at
814 3969 934 4024 Filii
962 3972 1047 4024 sui
1075 3973 1393 4040 neutiquam
1429 3971 1632 4042 Opilex,
1665 3973 1760 4026 sed
1787 3971 1948 4026 Pater
1973 3992 1986 4026 :
2025 3989 2114 4028 ne-

539 4074 646 4126 que
691 4059 839 4114 enim
882 4061 1172 4130 quisquam
1230 4062 1319 4116 sui
1364 4062 1454 4115 lilii
1483 4063 1660 4132 Opifex
1699 4071 1781 4117 est
1819 4063 2112 4133 :quoniam

541 4166 648 4202 non
685 4152 920 4219 amplius
965 4159 1112 4206 esset
1161 4161 1338 4221 pater,
1379 4153 1472 4207 sed
1512 4153 1690 4223 opifex
1716 4171 1730 4219 ;
1760 4153 1938 4223 opifex
1961 4169 2116 4206 nam-

540 4256 648 4308 que
685 4249 790 4305 est,
823 4241 912 4310 qui
945 4256 1082 4310 opus
1113 4252 1269 4297 extra
1313 4259 1372 4298 se
1419 4245 1472 4298 in
1525 4255 1706 4299 ortum
1765 4245 2022 4312 adducit;
2062 4253 2117 4298 at

547 4339 700 4402 pater
730 4331 775 4385 is
810 4340 913 4395 est,
951 4333 1043 4401 qui
1066 4349 1132 4388 ex
1159 4337 1340 4403 scipso
1373 4335 1567 4406 gignit.
1624 4336 1760 4390 Dum
1788 4348 1967 4390 autem
1995 4338 2116 4406 opi-

545 4423 700 4474 licem
736 4419 900 4474 Deum
917 4423 1074 4476 audis
1105 4426 1390 4493 appellari,
1425 4441 1767 4497 nequaquam
1802 4426 1898 4480 tibi
1922 4425 2116 4497 imagi-

2216 3789 2309 3856 γὸς
2337 3791 2365 3841 6
2393 3789 2524 3851 Θεὸς
2555 3788 2642 3841 διὰ
2681 3787 2775 3840 τοῦ
2807 3786 2956 3840 Υἰοῦ·
2988 3785 3082 3839 τοῦ
3113 3786 3171 3838 δὲ
3202 3785 3330 3838 Υἱοῦ
3366 3786 3584 3858 Πατὴρ,
3611 3781 3778 3837 οὐκέτι

2215 3875 2273 3928 δὲ
2311 3875 2707 3946 γενεσιουργός’
2756 3875 2931 3938 οὐδεὶς
2973 3874 3081 3945 γὰρ
3113 3875 3208 3928 τοῦ
3244 3874 3443 3929 ἑαυτοῦ
3495 3873 3615 3927 υίοῦ
3651 3889 3779 3940 γενε-

2219 3965 2468 4035 σιουργός
2499 3967 2667 4018 ἐστιν·
2698 3965 2817 4018 ἐπεὶ
2837 3966 2938 4018 οὑκ
2966 3965 3046 4016 ἑτι
3079 3965 3283 4036 πατὴρ,
3327 3963 3465 4018 ἀλλά
3492 3979 3782 4033 γενεσιονρ-

2218 4055 2333 4122 γός.
2377 4054 2757 4124 Γενεσιουργὸς
2799 4053 2841 4106 δ’
2885 4056 3030 4108 ἐστὶν
3064 4055 3090 4107 6
3124 4054 3322 4119 ἔξωθέν
3370 4071 3424 4107 τι
3470 4056 3552 4117 είς
3585 4055 3782 4123 γένεσιν

2221 4146 2388 4214 ἀγωνο
2427 4144 2604 4216 πατὴρ
2627 4145 2684 4198 δὲ
2714 4146 2742 4196 ό
2774 4145 2832 4212 ἐξ
2862 4145 3027 4199 αὐτοῦ
3056 4146 3279 4215 γεννῶν.
3326 4147 3366 4198 Γ
3370 4146 3708 4216 ενεσιουργὸν
3731 4143 3780 4196 δὲ

2221 4237 2434 4290 ἀκούων
2458 4238 2549 4290 τὸν
2577 4235 2727 4299 Θεὸν,
2764 4236 2838 4307 μὴ
2873 4238 3090 4290 ὑπονόει
3126 4237 3294 4291 κόπον
3323 4238 3419 4290 καὶ
3453 4239 3668 4307 μόχθον·
3699 4234 3785 4287 καὶ

2226 4327 2443 4398 Πατέρα
2477 4326 2709 4394 ἀκούων,
2753 4326 2827 4398 μὴ
2874 4325 3023 4398 ζήτει
3069 4326 3271 4397 ρεὖσιν,
3308 4325 3446 4380 ἀλλά
3480 4323 3784 4397 Θεοπρεπῶς

2228 4419 2358 4482 νόει,
2405 4419 2493 4471 ἴνα
2533 4417 2665 4480 Θεὸς
2697 4418 2850 4489 γένῃ,
2887 4419 2980 4470 καὶ
3017 4417 3090 4487 μὴ
3115 4416 3190 4480 ώς
3215 4416 3506 4487 ἄνθρωπος
3533 4416 3782 4484 ἀποθάνῃ.

545 4511 694 4565 neris
727 4512 1168 4581 delatigationem
1197 4527 1290 4570 aut
1339 4495 1542 4574 laboris
1589 4495 1896 4574 molestiam
1929 4537 1941 4572 :
1973 4495 2099 4574 sicu:

2234 4511 2420 4578 Ἀνόμ.
2459 4509 2520 4560 Et
2556 4508 2629 4578 μὴ
2664 4509 2724 4561 τὸ
2750 4507 3041 4578 ἀγέννητον
3068 4509 3167 4579 τὴν
3208 4507 3506 4560 ὑπόστασιν
3545 4507 3637 4559 τοῦ
3661 4509 3784 4557 Θεου

543 4615 592 4654 et
646 4617 769 4656 cum
809 4603 1018 4656 Patrem
1081 4605 1427 4679 audis.dici,
1464 4623 1532 4662 ne
1575 4624 1736 4678 quem
1775 4626 1795 4658 ι
1836 4608 2061 4663 seminis
2096 4626 2114 4659 ι

543 4695 799 4754 cliluxum
843 4693 1090 4764 requiras
1126 4696 1260 4751 :sed
1317 4698 1391 4751 ita
1425 4698 1492 4752 de
1544 4698 1630 4752 bis
1681 4698 1883 4767 cogita,
1919 4707 1978 4753 ut
2012 4698 2122 4753 Deo

546 4788 770 4856 ilignum
802 4796 855 4841 et
886 4789 1220 4842 conveniens
1249 4797 1352 4851 est,
1387 4799 1445 4841 ut
1477 4787 1616 4843 Deus
1639 4789 1982 4854 eﬂiciaris,et
2009 4805 2118 4844 non

546 4881 689 4933 sicut
735 4879 898 4933 homo
957 4877 1209 4932 moriaris
1235 4879 1298 4931 “.
1349 4883 1538 4932 Anam.
1573 4879 1628 4933 Si
1675 4897 1776 4935 vox
1821 4896 1928 4935 non
1956 4881 2122 4952 geniti

551 4985 659 5022 non
687 4969 929 5023 declarat
955 4967 1050 5023 Dei
1085 4968 1470 5033 substantiam,
1498 4973 1590 5026 sed
1621 4981 1988 5027 commentum
2019 4973 2121 5027 hu-

552 5073 772 5111 manum
804 5066 887 5112 est
916 5057 1342 5127 incomparabile
1361 5058 1491 5112 illud
1522 5075 1737 5123 nomen,
1761 5060 1991 5131 gratiam
2013 5061 2122 5114 uti-

551 5167 659 5219 que
687 5149 904 5205 debebit
944 5149 1088 5206 Deus
1122 5151 1209 5214 iis,
1247 5151 1342 5222 qui
1377 5168 1484 5206 non
1517 5153 1758 5222 genitum
1804 5153 1936 5207 illud
1972 5167 2124 5208 com-

555 5241 722 5295 menti
746 5247 894 5301 sunt,
921 5241 1038 5308 ipse
1071 5241 1308 5295 nominis
1329 5243 1706 5297 excellentiam
1735 5243 1788 5297 in
1814 5243 2123 5298 substantia

558 5350 665 5386 non
705 5333 906 5388 ferens.
941 5333 1093 5388 Orth.
1131 5334 1188 5388 Si
1247 5351 1356 5390 non
1386 5337 1625 5407 genitum
1661 5353 1780 5392 esse
1808 5337 1899 5393 Dei
1953 5337 2123 5408 hypo-

628 5488 672 5518 ⁸⁸
709 5485 870 5541 Joan.
907 5489 1061 5553 1,1,
1094 5489 1148 5542 2.
1226 5490 1270 5520 “
1311 5488 1452 5545 Psal.
1491 5505 1654 5544 Lxxxi
1679 5530 1691 5554 ,
1730 5490 1796 5555 6,
1833 5491 1885 5544 7.

633 5643 746 5702 itif-ll
789 5641 880 5697 Sic
909 5659 1096 5698 omnes
1131 5660 1259 5702 mss.
1294 5644 1351 5698 ln
1377 5644 1461 5700 ed.
1499 5645 1589 5698 καί
1615 5645 1782 5702 deest.

2222 4602 2569 4673 παρίστησιν,
2617 4601 2730 4654 ἀλλ’
2778 4599 2989 4654 ἐπίνοιά
3031 4601 3176 4652 ἐστιν
3213 4599 3535 4670 ἀνθρωπίνη
3585 4597 3691 4668 (7ογ
3734 4598 3788 4648 τὸ

2223 4690 2550 4761 ἀσύγκριτον
2574 4690 2948 4760 ὅνομα,.χάριν
2977 4691 3086 4751 τοῖς
3122 4689 3446 4756 ὲπινοήσασι
3487 4686 3734 4754 γινώσκει
3763 4686 3790 4735 6

2224 4783 2376 4848 Θεὸς,
2409 4781 2495 4836 διὰ
2517 4782 2575 4834 τὸ
2600 4781 2909 4852 ἀγέννητον,
2927 4781 3025 4851 τὴν
3043 4779 3313 4849 ὑπεροχὴν
3328 4777 3426 4830 τοῦ
3457 4777 3715 4848 ὀνόματος
3731 4774 3790 4826 οὐ

2226 4876 2406 4946 φέρων
2433 4877 2488 4927 ὲν
2518 4875 2693 4945 οὐσίᾳ.
2729 4875 2872 4942 Ὀρθ.
2905 4874 2966 4926 Et
2989 4873 3050 4924 τὸ
3068 4871 3362 4941 ἀγέννητον
3383 4871 3483 4939 τὴν
3506 4868 3792 4920 ὑπόστασιν

2223 4965 2317 5020 τοῦ
2352 4964 2485 5018 Θεοῦ
2533 4965 2848 5036 παρίστησι,
2891 4963 2982 5016 καὶ
3019 4961 3177 5013 τοῦτό
3216 4961 3333 5011 ἐστι
3372 4958 3436 5011 τὸ
3476 4957 3794 5024 ἀσύγκριτον

2226 5057 2320 5110 τοῦ
2363 5056 2497 5110 Θεοῦ
2542 5056 2728 5127 ὄνομα·
2771 5055 2891 5118 πῶς
2932 5055 3030 5106 οὐκ
3073 5051 3319 5114 ἐδίδαξαν
3368 5051 3521 5121 ἡμᾶς
3561 5047 3708 5100 τοῦτο
3742 5047 3795 5096 ei

2229 5149 2370 5204 θεῖαι
2413 5148 2659 5219 Γραφαί;
2707 5148 2842 5200 Ἀλλ’
2886 5145 3091 5215 ἐσφάλη
3133 5142 3342 5205 Παῦλος
3381 5142 3446 5194 τὸ
3487 5139 3672 5202 σκεῦος
3697 5137 3796 5205 τῆς

2230 5243 2481 5311 ἐκλογῆς,
2519 5243 2579 5294 τὸ
2599 5241 2870 5313 ἄφθαρτον
2896 5241 2989 5293 καὶ
3010 5239 3240 5308 ἀόρατον
3271 5235 3423 5307 αὐτῷ
3459 5238 3600 5306 μόνῳ
3628 5248 3795 5303 προσο

2232 5338 2366 5388 εἶναι
2401 5334 2636 5401 διδάξας,
2670 5335 2764 5388 καὶ
2799 5333 2872 5402 μὴ
2915 5331 2975 5383 τὸ
3009 5329 3325 5399 ἀγέννητον.
3378 5324 3598 5396 Ἐπειδῆ
3639 5321 3689 5375 δὲ
3733 5321 3799 5372 σὺ

2301 5641 2412 5713 (70)
2453 5639 2735 5696 Palatinus
2776 5637 2825 5702 1,
2859 5634 3186 5707 ἀνθρώποις.
