3982 6398
227 345 369 402 1185

1218 349 1306 406 DE
1348 349 1616 406 SANCTA
1653 349 2027 405 TRINITATE
2061 347 2411 406 DIALOGUS
2440 347 2508 402 ll.

3337 347 3482 406 “80

227 455 540 528 σοφώτερος
570 456 743 522 Θέλεις
766 456 903 512 εἶναι
927 460 1036 513 τῶν
1063 461 1220 514 θείων
1241 461 1494 532 Γραφῶν,
1519 462 1638 515 είπὲ
1662 463 1710 514 εί
1734 462 1795 532 με)

1913 461 2086 516 stasin
2117 467 2488 531 repraesentat,
2509 469 2564 514 et
2590 458 2648 512 in
2675 471 2742 512 eo
2769 457 3025 513 consistit
3053 456 3482 529 incomparabito

223 549 284 602 τὸ
311 545 592 620 ἄφθαρτον
621 551 715 604 καὶ
741 551 802 604 τὸ
830 552 1060 623 ἀόρατον
1093 553 1188 609 κα)⁵
1217 552 1279 606 τὸ
1305 553 1532 623 ἀψευδὲς
1555 552 1652 625 τὴν
1676 553 1808 606 ὑπό·
1841 586 1846 590 -

227 657 416 696 στασιν
458 641 550 695 τοῦ
590 643 723 697 Θεοῦ
763 645 1112 717 παρίστησινο
1145 647 1194 699 εί
1223 647 1333 718 γὰρ
1361 646 1422 699 οὐ
1457 647 1806 718 παρίστησιν,

222 732 432 801 ἐσφάλη
451 733 707 805 εἰρηκώς·
758 753 778 786 ι
835 735 1140 808 Ἀφθὰρτῳ,
1169 736 1404 807 ἀοράτῳ,
1457 736 1603 807 μόνῳ
1659 735 1808 806 σοφῷ

222 825 396 896 Θεῷ.»
429 830 490 882 Et
521 831 629 902 γὰρ
656 831 756 885 οὐκ
774 830 919 884 ἔστιν
946 834 1004 887 ἐν
1036 832 1217 896 αὐτοῖς
1240 832 1301 885 τὸ
1331 830 1678 901 ἀσύγκριτον,
1709 829 1808 881 οὐκ

221 915 336 969 ἐστι
371 919 535 988 μόνος
559 919 830 992 ἄφθαρτος
854 924 948 976 καὶ
975 923 1225 993 ἀόρατος·
1250 923 1298 975 εί
1339 922 1397 974 δὲ
1426 921 1586 992 μόνος
1606 921 1717 990 ἔχει
1746 919 1808 973 τὸ

221 1009 500 1082 ἄφθαρτον
530 1015 624 1067 καὶ
654 1015 715 1068 τὸ
745 1015 996 1085 ἀόρατον,
1031 1018 1089 1070 ὲν
1113 1014 1323 1077 τούτοις
1353 1013 1417 1066 τὺ
1453 1013 1804 1083 ἀσύγκριτον,

221 1105 316 1156 καὶ
344 1105 447 1156 οὐκ
473 1105 533 1156 ὲν
563 1107 629 1176 τῇ
663 1108 728 1177 σῇ
755 1106 985 1178 ἐπινοίᾳ.

1913 550 2049 604 illud
2103 549 2198 604 Dei
2228 565 2448 614 nomen,
2481 546 2754 618 quomodo
2785 547 2840 602 id
2883 562 2986 601 nos
3019 561 3131 602 non
3177 547 3484 603 docuerunt

1913 641 2110 697 divina
2139 641 2393 698 Littera?
2425 640 2564 706 Quin
2595 648 2650 694 et
2683 639 2884 693 Paulus
2903 639 3041 694 illud
3074 639 3357 694 electionis
3387 654 3484 695 vas

1914 735 2102 805 lapsus
2159 745 2263 799 est,
2314 749 2438 789 cum
2471 733 2657 787 docuit
2701 739 3010 802 competere
3053 731 3174 800 ipso
3221 733 3323 787 soli
3359 746 3483 788 esse

1915 829 2384 898 incorruptibilem
2407 836 2462 882 et
2496 827 2854 892 invisibilem,
2886 841 2994 880 non
3028 841 3158 881 vero
3184 840 3292 880 non
3329 827 3484 896 geni-

1913 927 2049 974 tum.
2091 919 2195 974 Sed
2219 919 2437 989 quando
2468 927 2526 972 tu
2559 919 2643 973 vis
2669 918 2966 987 sapientior
2995 931 3118 971 esse
3154 915 3355 970 divinis
3382 914 3478 969 Lit-

1913 1011 2064 1078 teris,
2087 1011 2194 1077 dic,
2214 1026 2422 1080 quaso,
2437 1011 2590 1074 mihi,
2615 1027 2682 1065 an
2700 1026 2804 1064 non
2833 1010 3320 1079 incorruptibilem,
3341 1008 3448 1061 invi
3464 1035 3482 1048 ο

1911 1103 2122 1158 sibilem
2157 1112 2210 1156 et
2265 1102 2535 1156 mendacii
2579 1111 2856 1172 expertem
2887 1118 3011 1157 esse
3045 1101 3266 1157 denotet
3306 1101 3480 1169 ipsam

221 1195 313 1249 Dei
337 1195 656 1266 hypostasin
689 1199 766 1252 :si
795 1199 937 1253 enim
968 1214 1076 1255 non
1103 1197 1386 1263 denotant,
1414 1197 1602 1268 lapsus
1621 1205 1706 1255 est
1735 1211 1859 1250 cum
1893 1196 2096 1252 diceret
2129 1215 2142 1250 :
2185 1213 2204 1245 ι
2249 1192 2361 1248 Soli
2393 1195 2815 1264 incorruptibili,
2870 1193 3128 1250 invisibili
3160 1202 3215 1281 εξ
3247 1193 3480 1262 sapienti

220 1287 331 1344 Deo
360 1289 450 1344 "°'.
498 1309 518 1343 ι
539 1289 656 1346 Nisi
685 1293 828 1346 enim
864 1292 1015 1348 hisce
1051 1293 1550 1364 comprehendatur
1587 1291 2034 1362 incomparabilis
2062 1291 2150 1344 illa
2180 1290 2528 1362 praestantia,
2555 1306 2664 1344 non
2693 1290 2797 1343 erit
2830 1291 2982 1344 solus
3015 1289 3105 1344 ille
3141 1287 3478 1360 incorrupti-

220 1384 347 1438 bilis
393 1391 557 1454 atque
580 1385 872 1440 invisibilis
906 1404 920 1440 :
951 1385 1038 1442 sin
1067 1401 1198 1442 vero
1231 1388 1335 1443 soli
1361 1387 1410 1443 ei
1443 1388 1706 1457 competit
1761 1387 2255 1457 incorruptibiliIas
2282 1397 2338 1441 et
2383 1386 2754 1450 invisibilitas,
2788 1386 3288 1457 comprehendetur
3313 1388 3477 1442 etiam

221 1480 274 1532 in
301 1479 388 1533 bis
411 1478 504 1533 illa
528 1480 969 1550 incomparabilis
999 1482 1339 1552 prastantia,
1361 1489 1415 1538 et
1435 1497 1545 1537 non
1567 1481 1622 1535 in
1653 1490 1747 1536 tuo
1767 1489 2101 1536 commento.

290 1569 380 1623 18.
439 1568 626 1638 Ἁνόμ.
688 1570 751 1622 Et
797 1568 994 1636 ἔξωθεν
1036 1570 1415 1643 έπιθεωρεῖται
1463 1571 1542 1642 τῷ
1582 1570 1700 1642 Θεῷ
1742 1570 1804 1623 τὸ

219 1660 535 1731 ἀγέννητον,
578 1660 629 1712 οἱ
677 1659 1148 1732 ὲπιθεωρήσαντες
1191 1661 1288 1714 τοῦ
1339 1661 1802 1734 ὲπιθεωρηθέντος

1981 1570 2068 1624 18.
2098 1572 2290 1625 Anam.
2325 1569 2384 1624 Si
2441 1570 2788 1626 extrinsecus
2845 1571 2901 1624 in
2949 1569 3060 1625 Deo
3098 1571 3480 1628 consideratur

1907 1675 2105 1715 nomen
2129 1673 2238 1713 non
2264 1659 2455 1730 geniti,
2490 1661 2584 1730 qui
2612 1659 2923 1729 cogitarunt
2954 1660 3196 1729 potiones
3229 1655 3478 1716 erunt'eo

219 1753 355 1804 είσὶν
386 1750 666 1821 ἀμείνους,
695 1755 940 1824 κρεῖττον
965 1753 1136 1823 ὄνομα
1163 1756 1262 1824 τῆς
1284 1753 1500 1824 φύσεως
1531 1754 1681 1825 αὐτῷ
1707 1771 1795 1808 πο-

1906 1753 1996 1806 cui
2036 1751 2358 1806 attributum
2399 1760 2504 1815 est,
2538 1758 2727 1821 utpote
2753 1753 2844 1822 qui
2877 1766 3078 1805 nomen
3107 1757 3301 1806 natura
3333 1767 3475 1823 pra-

222 1843 530 1914 ρισάμενοι.
581 1843 728 1910 Ὀρθ.
769 1845 860 1916 Μὴ
891 1843 1026 1914 ὑψοῦ
1054 1845 1129 1907 ὼς
1156 1845 1405 1916 εὑρηκὼς
1436 1846 1498 1898 τὸ
1531 1846 1624 1899 τοῦ
1661 1846 1796 1900 Θεοῦ

218 1934 412 2005 ῦνομα,
443 1935 650 2005 μήποτε
677 1934 936 2007 ἀκούσῃς’
971 1955 990 1987 ι
1024 1938 1132 1990 Καὶ
1155 1938 1241 2004 σὺ,
1277 1940 1670 2011 Καπερναούμ,
1701 1940 1797 1996 ὲάν

219 2026 322 2092 ἕως
354 2028 449 2081 τοῦ
490 2029 720 2100 οὐρανοῦ
754 2029 1006 2102 ύψωθῇς,
1043 2030 1156 2085 ἁλλ’
1187 2031 1292 2094 ἕως
1330 2032 1457 2103 ᾅδου
1500 2033 1798 2088 καταόιὸα-

219 2120 416 2192 σθήσῃ.
445 2140 464 2173 ι
498 2122 621 2173 Ὅτι
640 2121 694 2174 δὲ
720 2121 862 2193 ὑπὲρ
892 2122 1094 2194 ταύτην
1118 2122 1528 2195 ὑψηλοφρονεῖς,
1550 2125 1797 2179 ἐντεῦθεν

217 2209 397 2281 δῆλον,
447 2211 513 2264 ἐκ
549 2210 643 2264 τοῦ
677 2212 775 2283 τὴν
817 2211 915 2282 μὲν
959 2212 1316 2267 θεόπνευστον
1359 2215 1578 2288 Γραςοὴν
1619 2217 1796 2286 λέγειν

217 2302 495 2372 εἰρηκέναι
514 2301 604 2354 τὸν
622 2301 772 2355 Θεόν³
803 2322 821 2354 ι
846 2302 1074 2374 Ὄρθην,
1106 2323 1125 2356 ι
1154 2306 1305 2377 φησι,
1325 2323 1346 2357 ι
1364 2307 1499 2377 πρὸς
1525 2307 1793 2380 Ἀϐραὰμ,

218 2393 309 2444 καὶ
348 2391 556 2457 Ἰσαὰκ,
590 2393 684 2447 καί
725 2393 942 2458 Ἰακὼϐ,
977 2395 1110 2460 Θεὸς
1140 2395 1215 2450 ὢν
1243 2397 1444 2462 αὐτῶν,
1474 2399 1568 2453 καὶ
1596 2401 1657 2452 τὺ
1682 2401 1797 2454 δνο-

220 2483 298 2554 μά
321 2501 425 2554 μου
456 2485 557 2538 οὐκ
583 2485 828 2556 ἐδήλωσα
853 2486 1054 2550 αὐτοῖς’
1087 2506 1105 2538 ι
1142 2489 1205 2542 σὺ
1225 2488 1280 2542 δὲ
1303 2489 1478 2559 λέγεις
1504 2491 1795 2564 εὑρηκέναι

217 2577 371 2630 αὐτό.
401 2578 526 2630 Ὀτι
547 2577 606 2630 δὲ
631 2577 692 2630 τὸ
717 2578 1010 2650 ἀγέννητον
1036 2580 1136 2633 οὐκ
1158 2580 1304 2635 ἔστιν
1329 2583 1500 2654 ὄνομα
1521 2584 1612 2638 τοῦ
1637 2585 1792 2647 Θεοῦ,

215 2669 372 2740 δῆλόν
393 2671 540 2722 ἐστιν
573 2671 638 2722 ὲκ
667 2670 760 2723 τοῦ
791 2671 967 2740 λέγειν
994 2672 1085 2725 τὸν
1106 2672 1308 2746 Κύριον
1329 2691 1343 2705 ·
1377 2694 1395 2726 ι
1436 2677 1796 2748 Πορευθέντες

219 2760 602 2833 μαθητεύσατε
628 2762 805 2816 πάντα
828 2763 897 2816 τά
921 2763 1069 2835 ἔθνη,
1106 2764 1456 2836 βαπτίζοντες
1488 2769 1684 2832 αὐτοὺς
1716 2771 1796 2832 είς

214 2853 276 2905 τὸ
299 2853 472 2924 ὄνομα
500 2853 594 2906 τοῦ
625 2854 858 2924 Πατρὸς,
907 2855 1000 2908 καὶ
1038 2855 1132 2908 τοῦ
1164 2855 1314 2924 Υίοῦ,
1366 2859 1460 2911 καὶ
1502 2858 1596 2912 τοῦ
1639 2861 1794 2928 ἁγίου

217 2942 357 2996 Πνεύ
366 2959 552 3013 ματος.
568 2962 586 2994 ι
610 2944 674 2996 Ὃ
693 2943 799 3015 γάρ
821 2943 912 2997 ἐὰν
932 2937 1272 3017 είπῃς’δνομα
1291 2947 1384 3000 τοῦ
1403 2949 1614 3021 Πατρὸς
1635 2946 1792 3016 εἶναι,

215 3032 376 3086 τοῦτο
397 3034 490 3086 καὶ
510 3031 605 3084 τοῦ
632 3032 782 3097 Υἰοῦ,
808 3034 1012 3087 καὶτοῦ
1035 3035 1189 3103 ἁγίου
1221 3036 1535 3109 Πνεύματος
1565 3041 1794 3108 ἀναγκα-

219 3125 396 3199 σθήσῃ
435 3125 638 3178 δοῦναυ
678 3126 726 3178 εί
761 3125 868 3197 γὰρ
898 3124 1023 3179 ἀλλο
1050 3125 1142 3178 τοῦ
1181 3127 1410 3199 Πατρὺς,
1435 3129 1528 3182 καὶ
1550 3128 1678 3182 ἄλλο
1699 3130 1790 3184 τοῦ
1819 3163 1864 3224 c

215 3220 372 3285 Υίοῦ,
390 3220 484 3273 καὶ
511 3220 641 3275 ἀλλο
665 3219 760 3272 τοῦ
787 3221 942 3289 ἁγίου
976 3219 1311 3289 Πνεύματος·
1338 3217 1492 3294 εὗρες
1520 3222 1576 3275 δὲ
1607 3221 1669 3274 τὸ
1697 3222 1790 3275 τοῦ

1903 1845 2138 1899 stantius
2158 1843 2208 1898 ei
2238 1842 2611 1897 attribuerim.
2641 1841 2795 1897 Orth.
2818 1840 2939 1897 Noli
2965 1842 3270 1899 insolenter
3293 1845 3478 1900 exsul-

1902 1943 2019 1990 tare
2049 1935 2202 2006 quasi
2239 1935 2636 2006 excogitaveris
2679 1935 2774 1990 Dei
2820 1951 3043 2000 nomen,
3092 1953 3162 1992 ne
3208 1937 3346 1993 forte
3380 1953 3480 1992 au-

1902 2025 2060 2081 dias:
2098 2045 2116 2076 ι
2159 2024 2223 2078 Ει
2265 2033 2322 2079 tu
2351 2025 2728 2097 Capernaum.
2759 2044 2881 2098 qua
2931 2044 3110 2099 usque
3158 2029 3227 2084 ad
3278 2031 3477 2085 calum

1901 2118 2136 2172 exaltala
2168 2133 2248 2180 es,
2282 2134 2456 2188 usque
2486 2117 2552 2171 ad
2588 2118 3136 2190 inferosdeprimeris
3169 2121 3235 2173 ⁸⁷.
3276 2143 3296 2173 ›
3321 2121 3478 2188 Quod

1902 2217 2082 2264 autem
2108 2210 2272 2264 altius
2303 2224 2365 2264 ea
2390 2210 2574 2279 sapias
2600 2227 2619 2259 ι
2641 2210 2795 2273 urbe,
2832 2229 2850 2260 ι
2892 2210 3019 2264 inde
3053 2218 3298 2280 apparet,
3331 2213 3480 2280 quod

1901 2301 2161 2356 divinitus
2219 2301 2484 2371 inspirata
2544 2300 2825 2372 Scriptura
2886 2304 3207 2371 pronuntiet
3274 2302 3478 2360 dixisse

1903 2391 2070 2448 Deum
2100 2407 2114 2444 :
2150 2411 2169 2444 ι
2203 2393 2446 2463 Apparui
2507 2393 2806 2461 Abraham,
2860 2392 3010 2448 Isaac
3041 2400 3094 2448 et
3122 2391 3312 2459 Jacoh,
3346 2409 3476 2450 cum

1902 2485 2044 2541 Deus
2077 2487 2176 2541 sim
2205 2501 2418 2550 eorum,
2444 2493 2500 2540 et
2546 2501 2747 2540 nomen
2783 2499 2962 2538 meum
2985 2498 3095 2538 non
3124 2485 3474 2541 manifestavi

1902 2579 2010 2636 illis
2043 2579 2108 2634 ⁸⁸.
2147 2598 2166 2630 ο
2195 2577 2277 2633 Tu
2305 2593 2433 2634 vero
2458 2578 2592 2632 illud
2622 2588 2674 2632 te
2703 2578 2974 2633 invenisse
3006 2577 3163 2632 dicis.
3189 2576 3346 2644 Quod
3377 2593 3477 2634 au-

1903 2679 2009 2725 tem
2044 2683 2154 2722 non
2180 2668 2423 2739 genitum
2456 2682 2578 2722 esse
2617 2680 2724 2721 non
2755 2665 2826 2719 sit
2875 2664 2966 2719 Dei
3006 2681 3226 2729 nomen,
3264 2665 3388 2719 inde
3411 2666 3476 2718 li-

1899 2765 2049 2828 quet,
2077 2759 2222 2828 quod
2252 2756 2514 2814 Dominus
2536 2756 2683 2810 dicat
2711 2776 2722 2810 :
2750 2774 2767 2806 ι
2802 2755 3026 2818 Euntes,
3060 2756 3250 2811 docete
3279 2771 3474 2811 omnes

1899 2858 2108 2919 gentes,
2138 2848 2479 2918 baptizantes
2521 2863 2617 2902 eos
2660 2846 2714 2899 in
2746 2847 2965 2900 nomine
2992 2845 3156 2918 434
3183 2844 3384 2911 Patris,
3419 2855 3474 2900 et

1900 2940 2044 3008 Filii,
2073 2950 2126 2995 et
2148 2941 2387 3012 Spiritus
2413 2941 2591 2995 sancti
2614 2939 2682 2994 ".
2726 2959 2746 2992 ι
2780 2939 2935 3006 Quod
2969 2941 3112 2994 enim
3144 2955 3341 2995 nomen
3366 2939 3472 2993 Pa-

1902 3034 2003 3088 tris
2031 3048 2155 3088 esse
2185 3033 2411 3095 dixeris,
2439 3032 2541 3085 hoc
2573 3031 2750 3101 ipsum
2776 3029 2920 3094 Filii,
2945 3039 3000 3085 et
3032 3030 3270 3101 Spiritus
3295 3031 3471 3086 sancti

1900 3137 2021 3177 esse
2041 3121 2310 3176 concedas
2337 3136 2561 3176 necesse
2591 3127 2674 3175 est
2706 3136 2720 3174 :
2759 3119 2806 3176 si
2830 3121 2977 3176 enim
3011 3121 3157 3175 aliud
3189 3129 3273 3176 est
3307 3139 3326 3172 ι
3370 3135 3474 3175 no-

1895 3226 2016 3265 men
2045 3229 2064 3261 ι
2093 3209 2288 3273 Patris,
2311 3217 2366 3264 et
2400 3210 2547 3264 aliud
2579 3207 2724 3276 Filii,
2761 3219 2816 3264 et
2867 3210 2994 3265 item
3027 3210 3175 3265 aliud
3227 3209 3467 3280 Spiritus

214 3311 452 3382 Πατρὸς,
491 3309 567 3374 ὼς
598 3311 871 3380 ἐνόμισας⁸
893 3310 1013 3362 είπὲ
1030 3309 1123 3362 καὶ
1137 3309 1302 3363 τὸτοῦ
1331 3308 1482 3362 Υίοῦ’
1513 3308 1614 3363 κᾶν
1633 3310 1794 3381 εἴπῃς

1903 3321 2070 3375 sancti
2103 3339 2115 3374 :
2149 3307 2206 3374 tu
2239 3336 2369 3375 vero
2425 3336 2622 3376 nomen
2670 3319 2886 3386 Patris,
2918 3332 2978 3377 ut
3019 3322 3238 3392 quidem
3284 3331 3468 3394 putas,

211 3401 306 3453 τοῦ
337 3398 490 3465 Υίοῦ,
514 3400 635 3453 εἰπὲ
662 3399 756 3454 καὶ
785 3399 845 3452 τὸ
870 3399 964 3452 τοῦ
995 3401 1152 3468 ἁγίου
1187 3399 1520 3470 Πνεύματος,
1559 3400 1645 3454 ἵνα
1671 3401 1791 3453 τότε

1903 3413 2171 3476 invenisti,
2203 3412 2292 3466 dic
2316 3413 2500 3479 etiam,
2531 3413 2806 3482 quodnam
2838 3414 2912 3469 sit
2940 3429 3140 3470 nomen
3167 3414 3289 3470 Filii
3315 3433 3328 3467 :
3373 3416 3467 3472 ubi

213 3494 478 3565 ἀκούσῃς,
511 3495 735 3563 φάσκων
757 3488 895 3548 εἶναι
923 3492 1082 3562 σοφὸς
1105 3492 1446 3565 ὲμωράνθης.
1480 3494 1544 3546 Ὃ
1567 3493 1672 3565 γὰρ
1693 3495 1793 3547 οὐκ

1903 3519 2022 3558 vero
2051 3519 2246 3558 nomen
2275 3502 2394 3557 Filii
2420 3503 2649 3565 dixeris,
2682 3502 2771 3557 dic
2800 3505 2964 3557 etiam
3001 3521 3198 3561 nomen
3228 3505 3472 3576 Spiritus

213 3581 370 3638 εἶπεν
407 3586 440 3656 ἡ
477 3586 666 3657 Γραφὴ
696 3585 792 3655 οὐχ
817 3585 1089 3657 εὑρήσεις.
1121 3585 1184 3636 Et
1208 3584 1264 3636 δὲ
1291 3581 1530 3655 νομίζεις
1555 3584 1648 3637 τοῦ
1677 3586 1790 3637 Πα-

211 3676 341 3750 τρὸς
372 3673 599 3730 εἶναιτὸ
625 3677 940 3746 ἀγέννητον,
979 3678 1074 3730 καὶ
1113 3675 1206 3730 τοῦ
1240 3676 1368 3729 Υίοῦ
1409 3677 1470 3730 τὸ
1514 3678 1788 3748 γεννητὸν,

214 3772 368 3823 ποῖον
395 3769 502 3840 ἄρα
529 3767 735 3822 τούτων
765 3755 843 3839 τῷ
882 3767 1156 3838 Πνεύματι
1187 3767 1296 3840 (7t)
1334 3766 1556 3833 δώσεις;
1599 3769 1785 3836 Ἁνόμ.

213 3863 276 3915 Et
299 3861 395 3915 καὶ
420 3861 481 3914 τὸ
504 3860 748 3932 γέννημα
777 3860 1040 3932 ἀτρεπτὸν
1069 3862 1185 3913 ἐστι
1217 3859 1313 3930 τὴν
1343 3861 1523 3929 φύσιν,
1552 3859 1684 3913 ἀλλὰ
1703 3859 1790 3914 διά

211 3954 305 4006 τὸν
341 3954 680 4024 γεννήσαντα
699 3970 712 3983 ·
747 3951 810 4004 τὸ
835 3951 892 4004 δὲ
918 3951 1209 4023 ἀγέννητον
1251 3953 1407 4005 οὐσία
1435 3953 1600 4014 ἐστὶν,
1631 3940 1791 4024 ἄτρε-

215 4063 346 4110 πτος
373 4046 436 4118 δὴ
460 4044 571 4116 (72)
599 4044 688 4098 διά
715 4045 812 4116 τὴν
836 4043 1080 4117 γνώμην,
1109 4044 1222 4099 ἀλλ’
1250 4045 1310 4097 οὐ
1345 4043 1433 4097 διὰ
1463 4045 1524 4097 τὸ
1550 4046 1608 4096 ὲν
1634 4044 1790 4117 οὐσίᾳ

211 4140 449 4210 ἀξίωμα.
488 4138 632 4204 Ὀρθ.
655 4136 765 4189 Καὶ
793 4137 842 4188 εί
875 4137 949 4208 μή
971 4137 1118 4188 ἐστιν
1137 4135 1322 4199 οὐσίας
1345 4134 1614 4206 ἀξιώματι
1629 4136 1789 4206 ἄτρε-

213 4249 346 4294 πτος
376 4232 405 4283 ὁ
433 4229 528 4282 τοῦ
559 4228 693 4282 Θεοῦ
726 4227 874 4292 Υἱὸς,
905 4229 1010 4281 τίνι
1038 4228 1282 4300 διαφέρει
1310 4227 1416 4282 τῶν
1437 4228 1610 4282 ἄλλων
1636 4228 1787 4296 λογι-

213 4325 323 4377 κῶν
351 4323 655 4393 δυνάμεων,
684 4321 779 4374 καὶ
804 4321 983 4375 αὐτῶν
1010 4321 1246 4392 ἐχουσῶν
1271 4321 1332 4374 τὸ
1354 4322 1618 4393 ἄτρεπτον
1639 4323 1696 4376 ὲν
1720 4324 1784 4393 τῇ

211 4415 408 4488 γνώμῃ
444 4414 539 4468 τοῦ
572 4414 854 4477 κτίσαντος
876 4430 891 4479 ;
917 4413 1032 4476 πῶς
1064 4413 1119 4467 δὲ
1145 4414 1237 4467 καὶ
1270 4413 1485 4477 ἀκούεις
1516 4413 1678 4467 αὐτοῦ
1703 4413 1787 4466 λέ-

1894 3596 2090 3658 sancti,
2117 3603 2175 3646 ut
2205 3602 2337 3647 tunc
2365 3593 2557 3648 audias
2581 3593 2724 3662 quod
2749 3610 2872 3648 cum
2899 3602 2951 3648 te
2980 3597 3278 3663 sapientem
3309 3596 3469 3650 dicti-

1891 3698 1996 3752 tes,
2049 3689 2249 3745 stultus
2305 3688 2480 3742 factus
2538 3689 2636 3744 sis.
2669 3687 2801 3754 Qua
2845 3690 2992 3742 enim
3025 3688 3309 3760 Scriptura
3355 3707 3467 3745 non

1892 3775 2058 3840 dicit,
2092 3785 2172 3830 ιιι·
2201 3791 2480 3845 nunquam
2522 3775 2816 3830 inveneris.
2859 3775 3051 3841 Porro,
3084 3779 3128 3832 si
3181 3779 3469 3834 existimas

1891 3867 2036 3923 Patri
2086 3878 2396 3940 competere
2441 3885 2550 3923 non
2591 3873 2868 3940 genitum,
2921 3877 2974 3924 et
3030 3869 3170 3924 Filio
3221 3858 3464 3941 genitum

1889 3975 2032 4024 esse,
2057 3959 2144 4016 dic
2169 3976 2378 4032 quaso,
2409 3963 2689 4032 quodnam
2721 3978 2787 4017 ex
2820 3962 2904 4017 his
2937 3963 3208 4018 attribues
3235 3964 3463 4034 Spiritui

1890 4055 2115 4111 sancto?
2161 4055 2350 4109 Anam.
2395 4056 2451 4111 Si
2509 4059 2668 4112 etiam
2705 4059 2947 4128 genitum
3000 4064 3086 4111 est
3127 4057 3468 4114 immutabile

1889 4147 2188 4204 secundum
2238 4156 2512 4215 naturam,
2541 4149 2637 4204 sed
2681 4159 2904 4220 propter
2929 4165 3078 4213 eum,
3108 4150 3198 4220 qui
3235 4150 3460 4220 genuit:

1888 4255 2000 4294 non
2025 4243 2268 4310 genitum
2303 4255 2434 4296 vero
2462 4241 2768 4296 substantia
2799 4249 2904 4308 est,
2937 4241 3275 4298 immutabile
3299 4242 3465 4312 igitur

1887 4336 2110 4399 propter
2134 4329 2468 4384 voluntatem
2496 4332 2624 4396 erit,
2670 4347 2778 4386 non
2812 4349 2875 4387 ex
2931 4332 3251 4388 substantia
3281 4333 3462 4404 digni-

1886 4426 2020 4474 tate.
2050 4417 2205 4474 Orth.
2237 4417 2396 4484 Quod
2425 4420 2473 4474 si
2506 4419 2678 4477 Filius
2707 4420 2802 4477 Dei
2839 4437 2944 4477 non
2982 4430 3066 4476 est
3100 4422 3463 4477 immutabilis

213 4525 418 4577 γοντος·
447 4527 462 4557 ι
485 4507 691 4574 Πάντα,
714 4507 812 4559 ὅσα
839 4505 951 4576 ἔχει
970 4508 998 4558 ὁ
1019 4505 1226 4576 Πατὴρ,
1257 4506 1365 4576 ἐμά
1391 4507 1562 4559 ἐστιν⁸
1587 4525 1607 4557 ι
1633 4507 1789 4578 εἴπερ

1903 4510 2214 4566 substantia
2271 4510 2552 4582 dignitate,
2585 4514 2642 4567 in
2692 4528 2801 4582 quo
2831 4529 2961 4584 ergo
2999 4514 3178 4569 ditl‘ert
3215 4513 3283 4566 ab
3333 4515 3465 4568 aliis

209 4603 307 4656 οὐκ
343 4604 403 4653 ὲν
433 4600 510 4671 τῷ
535 4601 637 4671 τῆς
665 4600 853 4658 οὐσίας
874 4597 1143 4669 ἀξιώματι
1170 4599 1282 4670 ἔχει
1310 4598 1370 4650 τὸ
1394 4598 1689 4669 dapem-0v;

1895 4602 2257 4659 rationalibus
2306 4603 2678 4660 facultatibus.
2706 4606 2905 4675 Utpote
2932 4622 3052 4676 qua
3095 4615 3150 4660 et
3193 4607 3324 4675 ipsa
3355 4606 3458 4659 im-

211 4697 631 4753 mutabilitatem
662 4695 944 4750 obtineant
973 4696 1254 4749 voluntate
1293 4695 1436 4764 ejus,
1467 4698 1560 4764 qui
1590 4696 1840 4750 creavit?
1866 4706 1920 4753 et
1955 4699 2228 4775 quomodo
2254 4705 2311 4753 tu
2345 4700 2502 4755 ﬁdem
2538 4700 2708 4756 habes
2741 4700 2939 4756 dicenti
2981 4719 2995 4755 :
3046 4719 3064 4752 σ
3099 4700 3294 4756 Omnia
3334 4717 3456 4770 qua

210 4791 371 4846 Pater
396 4790 557 4844 habet
579 4803 699 4842 mea
721 4794 851 4843 sunt
881 4787 927 4819 ⁷ο
958 4806 977 4839 ι
1017 4805 1030 4840 :
1059 4787 1324 4856 siquidem
1356 4802 1465 4840 non
1494 4786 1657 4842 habet
1685 4787 2182 4847 immutabilitatem
2214 4807 2281 4847 ex
2309 4793 2630 4847 substantia
2652 4793 2951 4863 dignitate?

277 4885 364 4939 19.
419 4882 611 4951 Ἀνόμ.
638 4881 702 4934 Εἰ
724 4880 784 4934 τὸ
812 4880 1101 4951 ἀγέννητον
1121 4879 1306 4942 οὐσίας
1325 4880 1441 4933 ἐστὶ
1464 4879 1777 4951 δηλωτικὸν,

207 4977 434 5038 είκάτως
465 4973 600 5045 πρὸς
632 4972 730 5044 τὴν
769 4971 880 5041 (75)
909 4971 1000 5024 τοῦ
1035 4972 1370 5042 γεννήματος
1412 4971 1597 5024 οὐσίαν
1631 4971 1779 5025 ἀντι-

206 5065 596 5120 διαστέλλεται·
645 5066 692 5116 εί
737 5063 794 5116 δὲ
845 5063 1008 5134 μηδὲν
1053 5064 1306 5134 σημαίνει
1357 5062 1418 5116 τὸ
1466 5064 1777 5134 ἀγέννητον,

1955 4885 2042 4941 19.
2075 4885 2265 4940 Anam.
2288 4885 2345 4939 Si
2365 4899 2473 4938 non
2499 4885 2738 4954 genitum
2769 4885 3132 4940 substantiam
3157 4884 3448 4956 signiﬁcat,

1884 4977 2081 5031 rationi
2102 4991 2444 5046 consequens
2481 4976 2668 5040 fuerit,
2698 4977 2843 5047 quod
2877 4993 2906 5030 a
2933 4977 3115 5048 genito
3138 4978 3450 5034 substantia

1882 5067 2288 5139 distinguatur:
2328 5069 2375 5124 si
2405 5083 2532 5123 vero
2565 5084 2672 5124 non
2705 5070 2944 5140 genitum
2980 5069 3114 5122 nihil
3155 5069 3448 5140 signiﬁcat,
3484 5069 3495 5113 ‘9

206 5159 384 5230 πολλῷ
403 5157 471 5227 δὴ
502 5157 700 5228 μᾶλλον
728 5155 880 5209 οὐδὲν
917 5155 1064 5228 δηλοῖ
1103 5157 1164 5209 τὸ
1193 5155 1456 5226 γέννημα’
1502 5155 1690 5227 μηδενὶ
1720 5156 1779 5210 δὲ

1903 5161 2054 5214 nulto
2085 5161 2259 5230 magis
2294 5160 2456 5214 etiam
2486 5161 2620 5215 nihil
2671 5161 2996 5232 signiﬁcabit
3027 5161 3266 5231 genitum
3291 5181 3308 5216 :
3338 5162 3453 5230 jam

209 5254 373 5325 μηδὲν
409 5251 526 5315 πῶς
568 5249 1052 5315 ἀντιδιαστέλλειςς
1083 5249 1145 5301 Et
1168 5247 1224 5300 δὲ
1251 5249 1285 5319 η
1322 5247 1615 5319 ἀγεννήτου
1649 5266 1780 5319 προ-

1879 5265 2012 5319 ergo
2040 5249 2176 5304 nihil
2223 5265 2255 5303 a
2301 5250 2473 5305 nihilo
2521 5250 2798 5320 quomodo
2839 5250 3180 5320 distingues?
3231 5247 3289 5304 Si
3319 5266 3454 5304 vero

205 5345 346 5418 φορά
383 5344 524 5416 πρὸς
558 5341 658 5413 τὴν
697 5340 976 5414 προφορὰν
1016 5339 1522 5406 ἀντιδιαστέλλεται,
1571 5341 1779 5412 σιωπῆς

1903 5341 2112 5396 irolatio
2133 5355 2242 5396 non
2268 5341 2434 5412 geniti
2459 5341 2752 5412 opponitur
2777 5340 3066 5412 prolationi
3084 5339 3278 5410 geniti,
3303 5348 3451 5396 certe

221 5479 224 5482 ’
273 5500 379 5554 ⁸σοι
413 5499 559 5555 Tim.
592 5517 641 5564 1,
680 5498 766 5553 ιτ.
842 5498 886 5529 ετ
928 5496 1117 5552 Matth.
1151 5513 1229 5562 XI.
1261 5495 1350 5550 εδ.

271 5661 382 5726 (Ἠ)
423 5655 517 5726 Τῷ
551 5653 726 5726 Πατρί
746 5667 938 5726 omnes
966 5656 1122 5726 mss.,
1157 5650 1252 5706 sed
1284 5650 1446 5726 male:

267 5717 384 5800 (ἴε)
427 5717 544 5850 Ρεᾶἐ.
583 5725 619 5777 9.
657 5717 709 5781 ἐι
750 5725 886 5794 Aug.
933 5723 992 5776 τὸ
1034 5717 1384 5792 δὲίγεννητδν
1414 5717 1571 5776 ὄύσία
1601 5721 1769 5788 ἐστὶν,

199 5805 464 5870 ἄτρεπτον
525 5801 576 5865 ή.

1427 5496 1474 5530 ⁸³
1510 5495 1680 5552 Exod.
1717 5511 1792 5562 v1,

1918 5497 1971 5550 '5.
2047 5495 2093 5528 “
2132 5495 2321 5551 Matth.
2366 5511 2575 5562 xxvut,
2612 5495 2700 5550 l9.
2776 5497 2822 5528 ⁷⁸
2859 5494 3022 5551 Joan.
3061 5510 3180 5558 xw,
3217 5493 3306 5550 15.

1949 5652 2062 5727 (73)
2103 5651 2196 5712 Sic
2223 5651 2340 5709 Pal.
2379 5653 2416 5710 2
2448 5663 2502 5711 et
2539 5653 2678 5726 Aug.
2717 5651 2862 5711 Editi
2893 5651 3294 5727 ιἐτοιείκόιαυς,
3323 5654 3452 5726 περὶ

1876 5723 1997 5795 τήν.
