3898 6538
500 339 640 439 dim

1590 362 1649 419 ὃ.
1691 358 2150 418 ΑΤΗΑΝΑειυε.
2190 388 2261 401 --
2299 354 2572 414 SPURIA.

3592 354 3709 412 "88

500 496 717 555 silentio
758 488 1253 564 pronuntiationem
1294 485 1602 555 excipiente
1651 482 1763 546 tlet,
1799 489 1859 536 ut
1896 480 2061 537 modo

2180 479 2260 550 ςὴν
2292 475 2573 550 προφορὰν
2597 475 2998 548 διαδεχομένης,
3024 475 3305 545 γίγνεσθαι
3330 474 3617 545 συμδαίνει
3633 484 3711 531 καὶ

504 591 595 657 sit,
622 585 781 642 modo
821 592 1109 640 evanescat
1141 594 1264 649 spes
1308 578 1768 638 Christianorum,
1802 582 1986 646 utpote
2008 575 2063 630 in

503 678 735 750 quadam
764 670 1085 744 prolationis
1116 668 1376 723 varietate
1407 668 1534 730 sita,
1569 680 1677 720 non
1714 679 1844 720 vero
1888 664 1943 718 in
1968 678 2065 717 na-

504 771 642 825 turis
692 770 765 821 ita
812 781 872 819 se
922 761 1281 825 habentibus,
1316 766 1377 813 ut
1419 758 1700 813 nominum
1741 757 2065 828 signiﬁcatio

504 858 753 927 postulat.
790 854 940 909 Orth.
976 851 1150 905 Etiam
1183 851 1227 904 si
1259 850 1357 906 tibi
1378 848 1769 904 concederetur
1798 848 1978 902 dicere
1999 846 2066 901 de

505 946 633 1007 Deo.
666 943 810 1014 quod
838 944 910 997 sit
935 955 1041 994 non
1070 939 1319 1007 genitus;
1345 952 1445 991 nos
1468 945 1646 990 tamen
1686 933 1916 988 dicimus
1956 945 2064 985 non

505 1036 743 1108 genitum
777 1042 890 1087 tum
927 1029 1254 1100 significare,
1291 1044 1400 1081 non
1444 1041 1565 1082 esse
1611 1025 1851 1097 genitum
1890 1022 2066 1093 quoad

494 1126 892 1188 substantiam,
949 1119 1404 1193 quemadmodum
1468 1116 1735 1172 mendacii
1793 1125 2067 1186 expertem

506 1232 625 1274 esse
673 1231 783 1270 non
830 1213 1083 1277 mentiri,
1127 1208 1308 1280 quoad
1355 1208 1737 1263 substantiam.
1794 1204 1860 1256 At
1913 1218 2065 1266 vero,

507 1304 776 1363 mendacii
826 1311 1100 1373 expertem
1131 1315 1273 1362 esse,
1296 1315 1404 1353 non
1427 1307 1511 1353 est
1552 1296 1667 1365 ipsa
1719 1293 2022 1348 substantia
2051 1309 2065 1345 :

507 1414 608 1453 nec
653 1412 761 1451 non
809 1394 1053 1464 genitum
1084 1407 1224 1448 esse.
1260 1390 1316 1444 Si
1368 1392 1511 1445 enim
1565 1402 1671 1441 non
1717 1386 1958 1455 genitum
1988 1393 2069 1438 est

508 1489 623 1561 ipsa
656 1486 960 1545 substantia
975 1484 1136 1540 etiam
1168 1481 1435 1537 mendacii
1462 1494 1657 1549 expers
1689 1485 1773 1532 est
1804 1478 1917 1547 ipsa
1939 1476 2069 1531 sub-

507 1579 708 1636 stantia
737 1594 753 1630 :
788 1585 873 1633 est
906 1591 1035 1631 vero
1063 1583 1118 1629 et
1151 1571 1323 1628 Filius
1354 1570 1622 1626 mendacii
1650 1583 1875 1639 expers;
1907 1568 2071 1637 igitur

509 1678 562 1725 et
589 1685 695 1725 non
720 1669 955 1739 genitus.
982 1664 1100 1720 Jam
1122 1678 1250 1718 vero
1269 1676 1375 1716 non
1400 1661 1617 1730 genitus
1643 1674 1749 1712 oon
1770 1667 1872 1719 est,
1905 1654 2072 1728 igitur

510 1760 804 1819 secundum
854 1765 908 1814 te
960 1756 1209 1811 mendas.
1246 1751 1425 1818 Quare
1458 1765 1567 1805 non
1611 1757 1695 1804 est
1756 1747 1896 1802 idem
1940 1746 2072 1800 sub-

2168 567 2553 639 ἁπογίγνεσθαι
2571 567 2670 640 τὴν
2690 567 2798 621 τῶν
2820 566 3158 639 Χριστιανῶν
3180 565 3394 628 ἐλπίδα,
3414 568 3474 619 ὲν
3498 566 3714 638 διαφόρῳ

2170 660 2418 733 προφορᾷ
2444 656 2722 728 κειμένην,
2755 655 2867 710 ἀλλ’
2904 657 3005 709 οὐκ
3041 657 3099 710 ὲν
3127 655 3355 725 φύσεσιν
3378 654 3553 718 οὕτως
3584 656 3717 725 Exod-

2171 770 2318 819 σαις,
2357 751 2432 815 ὡς
2471 752 2507 822 η
2534 750 2642 803 τῶν
2676 750 2953 822 ὀνομάτων
2996 747 3241 820 βούλεται
3278 747 3548 819 σημασία.
3592 749 3719 815 Ὀρθ.

2173 847 2338 898 Ὅταν
2381 859 2463 896 σοι
2502 841 2629 913 δοθῇ
2664 840 2839 910 λέγειν
2871 841 2963 894 ἐπὶ
2992 840 3126 894 Θεοῦ
3162 839 3224 893 τὸ
3264 840 3583 909 ἀγέννητον,
3616 841 3721 892 τότε

2172 935 2455 1007 σημαίνειν
2510 932 2573 987 τὸ
2628 932 2918 1003 ἀγέννητον
2977 932 3204 1002 λέγομεν
3256 929 3317 984 τὸ
3358 931 3437 1001 μὴ
3485 930 3725 998 γεγεννῆ-

2174 1029 2296 1084 σθαι
2327 1027 2423 1099 τὴν
2452 1026 2656 1090 οὐσίαν,
2691 1025 2767 1090 ὡς
2794 1026 2857 1079 τι
2885 1025 3111 1096 ἀψευδὲς
3140 1025 3200 1077 τὸ
3230 1022 3306 1095 μὴ
3325 1021 3622 1092 ψεύδεσθαι
3642 1023 3726 1092 τὴν

2171 1120 2377 1175 οὐσίαν.
2408 1117 2545 1173 Οῦτε
2575 1117 2632 1171 δὲ
2659 1118 2721 1171 τὸ
2750 1116 2978 1187 ἀψευδὲς
3003 1119 3036 1189 ἡ
3073 1116 3229 1170 οὐσία
3260 1115 3388 1169 οὔτε
3424 1114 3489 1168 τὺ
3524 1115 3728 1182 ἀγέννη-

2172 1227 2282 1264 τον.
2309 1210 2372 1263 Ei
2394 1208 2501 1278 γὰρ
2523 1207 2584 1262 τὸ
2603 1207 2892 1278 ἀγέννητον
2913 1208 3089 1272 οὐσία,
3116 1209 3210 1262 καὶ
3231 1206 3293 1260 τὸ
3313 1206 3549 1276 ἀψευδὲς
3568 1207 3726 1259 οὐσία·

2173 1300 2288 1354 ἐστι
2318 1300 2375 1354 δὲ
2405 1299 2500 1353 καὶ
2521 1300 2550 1353 ὁ
2572 1300 2698 1363 Υἱὸς
2718 1299 2970 1370 ἀψευδής·
2996 1300 3090 1353 καὶ
3113 1298 3412 1369 ἁγέννητος
3442 1297 3573 1368 ἄρα.
3606 1297 3729 1349 Ἀλλ’

2172 1394 2272 1447 οὐκ
2295 1392 2606 1463 ἀγέννητοςο
2629 1391 2829 1463 ψευδὴς
2848 1387 2940 1445 οὖν
2962 1388 3100 1445 κατὰ
3122 1390 3202 1445 σέ.
3229 1390 3345 1444 Οὐκ
3365 1390 3479 1460 ἄρα
3506 1388 3570 1441 τὸ
3591 1388 3734 1457 ἀψευ-

2171 1481 2260 1547 δὲς
2286 1482 2462 1536 οὐσία.
2505 1482 2593 1546 Ὠς
2620 1477 2715 1536 οὖν
2748 1480 2811 1534 τὸ
2839 1480 3065 1551 ἀψευδὲς
3096 1481 3194 1533 οὐκ
3215 1478 3397 1546 οὐσία,
3426 1478 3604 1541 οὕτως
3624 1480 3733 1532 osa

2174 1575 2235 1629 τὸ
2273 1575 2563 1647 ἀγέννητον
2591 1576 2764 1629 οὐσία·
2798 1577 2848 1629 εί
2881 1573 2986 1646 γὰρ
3020 1574 3082 1627 τὸ
3112 1572 3412 1642 ἀγέννητον
3446 1572 3625 1635 οὐσία,
3652 1574 3737 1625 καὶ

2174 1665 2236 1720 τὸ
2259 1666 2512 1738 γεννητὸν
2540 1666 2716 1720 οὐσία·
2745 1668 2795 1720 εί
2816 1662 2874 1720 δὲ
2898 1667 2959 1719 τὸ
2984 1663 3234 1736 γεννητὸν
3260 1664 3447 1726 οὐσία,
3475 1666 3653 1717 πάντα
3677 1666 3740 1715 τὰ

2174 1754 2406 1828 γεννητὰ
2446 1756 2725 1827 ὁμοούσια.
2760 1754 2834 1810 Τὸ
2864 1756 2921 1810 δὲ
2958 1756 3141 1819 οὐσίας
3178 1754 3481 1826 δηλωτικὸν
3520 1753 3659 1808 εἶναι
3687 1754 3742 1806 τὺ

510 1852 732 1914 stantia,
766 1848 912 1919 qttod
944 1845 1209 1901 mendacii
1233 1850 1504 1913 expertem
1534 1855 1673 1896 esse.
1702 1837 2068 1905 Quemadmo-

2180 1844 2457 1915 ὶγέννητον
2507 1844 2600 1898 καὶ
2639 1844 2700 1897 τὸ
2744 1844 2997 1915 γεννητὸν
3041 1844 3192 1915 παρὰ
3232 1845 3333 1914 τῆς
3384 1845 3486 1915 σῆς
3522 1843 3743 1915 εὓρηται

511 1942 637 1997 dum
671 1940 833 2010 igitur
867 1937 1082 1993 mentiri
1114 1950 1222 1989 non
1250 1947 1413 2003 posse
1449 1946 1558 1985 non
1609 1938 1692 1985 est
1739 1929 2065 1992 substantia,

512 2033 585 2087 ita
607 2046 822 2103 quoque
867 2044 976 2083 non
1014 2026 1250 2097 genitum
1278 2038 1401 2079 esse
1433 2038 1541 2077 non
1564 2030 1648 2076 est
1676 2020 1792 2091 ipsa
1822 2021 2072 2075 substan-

512 2123 617 2176 tia:
655 2120 703 2175 si
732 2119 875 2174 enim
901 2116 1275 2186 non-genitum
1306 2127 1429 2168 esse
1461 2119 1542 2166 est
1564 2110 2068 2171 sulzstantia,etiam

512 2210 751 2279 genitum
785 2222 906 2263 esse
926 2206 1228 2261 substantia
1257 2203 1395 2259 erit:
1428 2199 1575 2272 quod
1602 2200 1649 2256 si
1681 2200 1920 2271 genitum
1951 2214 2073 2254 esse

513 2301 818 2358 substantia
842 2307 945 2361 est,
968 2298 1147 2353 omnia
1175 2295 1353 2366 genita
1376 2303 1537 2348 erunt
1563 2289 2068 2347 consubstantialia.

514 2390 683 2447 Porro
703 2390 846 2461 quod
869 2406 978 2445 non
1007 2391 1247 2459 genitum
1280 2395 1332 2442 et
1355 2386 1593 2456 genitum
1618 2386 1788 2454 ipsam
1808 2383 2073 2452 signiticet

513 2487 840 2547 essentiam,
871 2494 979 2539 tua:
1036 2480 1498 2554 pronuntiationis
1561 2486 1926 2535 commentum
1967 2486 2071 2544 est,

515 2592 624 2632 non
666 2577 849 2631 minus
899 2575 1262 2645 increpantis),
1306 2587 1468 2643 quam
1521 2586 1672 2625 mare
1707 2570 1977 2625 ﬂuctuans
2023 2580 2078 2627 et

514 2677 831 2723 mstuosum.
879 2665 1114 2736 Spiritus
1157 2664 1423 2734 siquidem
1456 2663 1545 2717 ille
1573 2661 1818 2716 veritatis
1860 2659 2076 2715 Patrem

516 2759 675 2814 nobis
706 2766 759 2813 et
789 2756 985 2810 Filium
1018 2756 1351 2826 praedicavit.
1381 2768 1502 2823 quae
1534 2752 1755 2807 nomina
1784 2752 2077 2807 relationes

2175 1936 2475 2008 προφορᾶς,
2502 1936 2569 2006 ἢν
2595 1932 2676 1988 δεῖ
2699 1934 2773 1998 ὡς
2801 1934 3071 1989 θάλασσαν
3094 1935 3468 2005 κυμαίνουσαν
3494 1935 3743 2004 ὲπιτιμηυ

2176 2023 2355 2093 θῆναι.
2380 2020 2454 2076 Τὸ
2479 2024 2585 2094 γὰρ
2610 2022 2834 2094 Πνεῦμα
2852 2022 2952 2089 τῆς
2977 2023 3229 2094 ἀληθείας
3252 2022 3479 2094 Πατέρα
3505 2026 3603 2077 καὶ
3622 2023 3738 2077 Tib»

2177 2113 2307 2183 ἡμῖν
2338 2110 2592 2183 ἐκήρυξε,
2626 2110 2734 2166 τῶν
2773 2110 3047 2181 ὀνομάτων
3090 2111 3188 2173 τὰς
3220 2110 3435 2179 σχέσεις
3474 2111 3610 2180 ἡμῖν
3648 2125 3741 2177 σηο

2181 2204 2491 2275 μαινόντων·
2526 2204 2626 2257 οὐκ
2650 2204 2891 2274 ἀντερεῖς
2921 2202 2996 2267 δὲ,
3030 2200 3107 2265 ὡς
3130 2200 3262 2264 Θεὸς
3294 2201 3458 2271 φύσει
3491 2201 3590 2254 καὶ
3620 2201 3742 2271 ἀληο

2178 2297 2317 2369 θείᾳ·
2344 2296 2532 2369 Πατὴρ
2553 2297 2608 2349 δὲ
2628 2295 2765 2358 πῶς,
2794 2294 2867 2365 μὴ
2890 2295 3153 2364 γεννήσας
3175 2291 3334 2362 φύσει
3362 2292 3461 2346 καὶ
3483 2291 3737 2361 ἁληθεὲᾳς

2178 2387 2316 2443 ὥστε
2340 2389 2433 2443 καὶ
2461 2390 2494 2460 ἡ
2523 2386 2615 2441 σοῦ
2649 2386 2741 2440 τοῦ
2767 2387 3146 2455 ὲπινοήσαντος
3169 2384 3230 2438 τὸ
3257 2385 3553 2453 ἀγέννητον
3578 2384 3668 2436 καὶ
3684 2381 3739 2435 rb

2178 2479 2430 2549 γεννητὸν
2470 2477 2654 2542 οὐσίας
2685 2473 2821 2531 εἶναι
2852 2474 3144 2547 δηλωτικὸν
3181 2476 3357 2541 ἐλπὶς,
3400 2475 3616 2545 σιωπῆς
3644 2474 3739 2545 τὴν

2179 2569 2455 2643 προφορὰν
2483 2569 2773 2641 δεχομένης
2796 2566 2927 2639 (74),
2966 2568 3025 2620 ὲν
3055 2568 3238 2640 ἡμέρᾳ
3269 2568 3506 2639 κρίσεως
3533 2569 3630 2637 οὐχ
3651 2567 3736 2619 εὖ·

2181 2662 2443 2736 ρίσκεται,
2471 2662 2692 2715 ἐκείνων
2721 2660 2877 2733 μόνον
2900 2660 3319 2732 εὑρισκομένων,
3338 2653 3414 2712 ὧν
3435 2657 3497 2712 τὸ
3521 2658 3737 2728 Πνεῦμα

2176 2753 2238 2807 τὸ
2259 2752 2411 2822 ἅγιον
2439 2748 2611 2807 εἶπεν.

515 2854 676 2909 nobis
705 2852 967 2907 indicant.
997 2848 1105 2905 Nec
1136 2865 1262 2904 vero
1290 2849 1519 2918 objicias
1544 2888 1559 2912 ,
1589 2847 1733 2919 quod
1766 2846 1908 2901 Deus
1932 2846 2149 2917 quidem
2185 2856 2382 2903 natura
2414 2857 2467 2903 et
2494 2848 2724 2903 veritate
2754 2845 2897 2904 Deus
2924 2847 2997 2904 sit
3030 2866 3044 2900 :
3077 2844 3237 2902 Pater
3260 2860 3395 2903 vero
3440 2843 3741 2900 secundum

514 2947 669 3019 quid,
713 2956 897 3018 utpote
943 2945 1034 3016 qui
1087 2960 1192 2999 non
1225 2943 1470 3012 genuerit
1515 2950 1708 2996 natura
1738 2951 1791 2996 et
1823 2942 2046 2997 veritate
2082 2956 2095 2993 :
2132 2944 2482 3011 quamobrem
2538 2957 2663 3012 spes
2704 2942 2796 2995 illa
2840 2950 2972 3010 tua,
2998 2940 3092 3012 qui
3135 2939 3575 2995 comminisceris
3632 2951 3740 2991 non

517 3042 758 3114 genitum
811 3046 865 3094 et
907 3038 1145 3108 genitum
1200 3035 1507 3105 signiﬁcare
1556 3033 1955 3095 substantiam,
2003 3034 2059 3087 in
2110 3034 2196 3090 die
2247 3035 2338 3090 illa
2398 3033 2623 3103 judicii,
2680 3034 2899 3090 silentio
2949 3034 3303 3104 prolationem
3359 3032 3741 3102 intercipiente

521 3145 793 3201 nusquam
827 3128 1205 3198 comparebit-t
1237 3127 1326 3180 illa
1356 3130 1554 3197 quippe
1577 3129 1754 3182 solum
1790 3134 1903 3182 tum
1936 3134 2055 3182 rata
2089 3129 2510 3199 comperientur,
2540 3143 2660 3197 quae
2681 3136 2906 3185 sanctus
2941 3127 3177 3197 Spiritus
3201 3127 3529 3181 enuntiavit.

585 3220 677 3275 2t).
707 3219 900 3273 Anam.
932 3217 988 3272 Si
1024 3233 1132 3271 non
1166 3217 1405 3287 genitum
1438 3232 1561 3273 esse
1601 3225 1854 3287 respectu
1883 3219 1962 3273 rei
1991 3233 2077 3289 ge-

2253 3218 2343 3273 20.
2393 3216 2581 3288 Ἀνόμ.
2614 3220 2676 3273 Et
2702 3219 2867 3292 μηδὲν
2899 3219 3057 3274 πλέον
3087 3217 3342 3290 σημαίνει
3368 3219 3449 3280 εἰς
3477 3218 3744 3288 ὑπεροχὴν

521 3309 649 3364 uita:
677 3308 743 3362 ad
774 3306 1125 3361 eminentiam
1158 3306 1410 3361 essentiae
1443 3325 1461 3357 ι
1492 3306 1897 3362 connotandum
1939 3326 1958 3359 ι
1998 3307 2082 3362 ηἰ-

524 3402 599 3456 hil
627 3401 864 3471 amplius
897 3398 1081 3463 infert,
1108 3400 1412 3468 prolatione
1432 3400 1606 3456 solum
1640 3402 1888 3472 superior
1910 3400 2082 3459 Filius

521 3491 762 3561 potiores
798 3498 1053 3561 agnoscet
1081 3505 1196 3551 eos,
1230 3492 1322 3560 qui
1365 3490 1469 3544 lioc
1501 3490 1549 3545 ei
1581 3506 1777 3546 nomen
1802 3491 2080 3569 tribuunt,

523 3596 631 3635 non
661 3588 841 3633 autem
872 3595 994 3634 eum
1040 3581 1130 3650 qui
1179 3579 1320 3636 Deus
1380 3587 1433 3635 et
1481 3578 1641 3635 Pater
1692 3581 1812 3651 ejus
1863 3581 2081 3637 dicitur.

524 3670 680 3727 Orth.
718 3667 799 3723 Tu
855 3670 1109 3724 nimirum
1153 3672 1199 3726 is
1234 3687 1315 3735 es,
1355 3671 1447 3742 qui
1494 3670 1708 3727 Patrem
1759 3689 1867 3727 non
1918 3672 2082 3745 geniti

523 3762 744 3818 nomine
780 3763 1129 3832 nuncupasti,
1159 3770 1214 3817 et
1249 3763 1351 3817 hoc
1388 3763 1557 3833 ipsam
1600 3762 1694 3817 Dei
1727 3763 2083 3831 substantiam

524 3867 667 3915 esse.
695 3850 898 3907 Judaais
923 3861 1176 3922 tanquam
1200 3853 1313 3923 lege
1342 3853 1568 3906 sanxisti
1599 3871 1612 3907 :
1642 3867 1911 3923 nusquam
1940 3852 2083 3907 enim

524 3944 629 3999 hoc
653 3943 873 3998 divinus
921 3943 1010 4013 ille
1040 3943 1276 4014 Spiritus
1304 3944 1489 3997 docuit
1517 3958 1530 3993 :
1563 3943 1706 3998 unde
1747 3943 1801 3997 in
1834 3941 2088 3998 confesso

524 4044 610 4089 est
639 4043 692 4089 te
739 4050 847 4087 non
875 4033 1091 4104 quidem
1139 4031 1279 4087 Filio
1322 4035 1774 4103 praastantiorem,
1819 4034 1913 4090 sed
1947 4034 2085 4103 ipso,

526 4126 619 4194 qui
648 4122 809 4196 435
838 4133 889 4179 te
926 4125 1055 4177 talia
1088 4123 1299 4186 docuit,
1329 4124 1549 4178 diabolo
1578 4125 1815 4195 peiorem
1842 4138 2090 4194 comper—

525 4222 643 4267 tum
675 4214 761 4267 iri.
799 4215 984 4267 Anam.
1019 4211 1075 4265 Si
1123 4228 1231 4267 non
1270 4214 1449 4282 genita
1495 4214 1797 4269 substantia
1827 4221 2090 4285 praestan-

527 4303 637 4355 tior
680 4308 765 4355 est
810 4301 927 4370 ipso
974 4309 1095 4354 ortu
1139 4316 1169 4353 a
1203 4302 1380 4371 seipsa
1408 4303 1658 4357 obtinens
1705 4318 1822 4356 eam
1853 4303 2091 4357 eminen-

528 4393 684 4454 tiam,
719 4391 883 4444 etiam
917 4405 980 4445 ea
1006 4404 1126 4459 quae
1151 4407 1181 4443 a
1211 4400 1271 4445 se“
1298 4399 1382 4446 est
1410 4392 1735 4454 substantia,
1764 4406 1875 4445 non
1906 4392 2088 4461 genita

529 4479 637 4535 erit
664 4494 679 4531 :
720 4494 898 4549 neque
943 4481 1090 4533 enim
1126 4479 1315 4534 volens
1342 4480 1469 4549 quia
1498 4480 1611 4532 vult
1637 4479 1980 4549 praestantior
2005 4486 2089 4535 est

2182 3309 2365 3373 οὐσίας
2392 3308 2453 3363 τὸ
2485 3309 2772 3380 ἀγέννητον
2792 3308 2925 3381 πρὸς
2947 3308 3005 3362 τὸ
3027 3308 3289 3379 γέννημα,
3314 3309 3568 3380 προφορᾷ
3590 3310 3742 3377 μόνον

2183 3399 2577 3472 ὑπερεχόμενος
2607 3402 2637 3453 ὁ
2668 3392 2791 3464 Tib};
2826 3400 3063 3470 βελτίους
3096 3399 3288 3454 ἑαυτοῦ
3324 3399 3592 3469 γνώσεται
3620 3401 3744 3462 τοὺς

2183 3486 2679 3563 προσαγορεύοντας
2732 3491 2893 3546 αὐτὸν
2916 3533 2933 3555 ,
2989 3492 3049 3545 οὐ
3108 3491 3197 3545 τὸν
3242 3489 3743 3564 προσαγορευθέντα

2183 3579 2313 3633 Θεὸν
2334 3578 2495 3634 αὐτοῦ
2521 3581 2614 3634 καὶ
2641 3581 2879 3652 Πατέρα.
2918 3582 3063 3650 Ὀρθ.
3103 3581 3160 3634 ’0
3185 3580 3635 3652 προσαγορεύσας
3658 3579 3746 3633 τὸν

2184 3671 2401 3743 Πατέρα
2428 3671 2739 3743 ἀγέννητον,
2765 3673 2861 3725 καὶ
2886 3670 3043 3726 τοῦτο
3072 3667 3239 3725 αὐτοῦ
3254 3673 3355 3743 τὴν
3387 3671 3575 3724 οὐσίαν
3610 3666 3746 3724 εἶναι

2185 3759 2545 3831 νομοθετήσας
2565 3762 2677 3824 τοῖς
2699 3759 2984 3826 Ἰουδαίοις,
3002 3763 3066 3815 σύ
3081 3755 3148 3814 εἷ’
3167 3760 3400 3831 οὐδαμοῦ
3414 3761 3523 3833 γὰρ
3534 3761 3597 3813 τὸ
3610 3760 3749 3814 θεῖον

2185 3850 2408 3922 Πνεῦμα
2441 3851 2597 3904 τοῦτο
2624 3851 2882 3918 ἐδίδαξεν.
2913 3854 3034 3907 Ὀτι
3059 3852 3117 3907 δὲ
3143 3853 3207 3907 σὺ
3236 3851 3331 3906 τοῦ
3360 3852 3492 3907 Υἱοῦ
3526 3853 3751 3923 βελτίων

2187 3941 2284 4012 οὐχ
2311 3941 2601 4017 εὑρεθήσῃ,
2639 3942 2772 3997 ἀλλὰ
2810 3941 2902 3997 τοῦ
2938 3961 2997 3998 σε
3025 3942 3333 4008 διδάξαντος
3361 3943 3608 3998 διαϐόλου
3637 3943 3748 4015 xei-

2189 4044 2297 4098 ρων
2320 4028 2679 4100 ὡμολόγηται.
2713 4033 2900 4102 Ἅνόμ.
2933 4032 2997 4087 El
3024 4034 3057 4104 ή
3085 4033 3378 4105 ἀγέννητος
3399 4034 3554 4087 οὐσία
3575 4034 3755 4106 κρείτ-

2186 4137 2294 4173 των
2326 4122 2442 4175 έστὶ
2469 4123 2752 4192 γενέσεως,
2792 4124 3002 4180 οῐκοθεν
3030 4125 3223 4197 ἔχουσα
3253 4125 3314 4179 τὸ
3350 4129 3622 4199 κρεῖττον,
3657 4128 3755 4181 αὐ-

2186 4212 2399 4266 τοουσία
2428 4212 2572 4268 ἐστὶν
2598 4215 2906 4288 ἀγέννητος·
2936 4218 2996 4271 οὐ
3026 4218 3130 4289 γὰρ
3158 4217 3495 4289 βουλόμενος,
3520 4219 3603 4271 ὅτι

2188 4303 2359 4368 λεται,
2407 4306 2669 4374 γενέσεώς
2715 4309 2830 4361 ἐστι
2875 4308 3151 4380 κρείττων·
3187 4309 3301 4363 ἀλλ’
3342 4311 3424 4363 ὅτι
3451 4310 3757 4364 αὐτοουσία

2191 4394 2506 4467 ὑπάρχουσα
2530 4399 2559 4451 ὁ
2588 4398 2875 4467 ἀγέννητσς
2906 4400 3057 4465 Θεὸς,
3090 4400 3264 4454 οὐδενὶ
3295 4401 3435 4471 λόγῳ
3465 4403 3756 4474 ἐπιτρέπει

2190 4484 2312 4537 καθ’
2364 4486 2561 4558 ἑαυτῆς
2611 4488 2821 4556 γένεσιν
2874 4490 3173 4561 ἐπινοῆσαι,
3224 4491 3437 4545 ὠθοῦσα
3488 4492 3756 4562 φέρεσθαι

531 4577 678 4633 ortu,
710 4569 803 4624 sed
826 4568 953 4638 quia
985 4569 1099 4640 ipsa
1135 4570 1439 4624 substantia
1471 4568 1586 4639 ipse
1612 4569 1884 4639 ingenitus
1911 4568 2077 4636 Deus;

2190 4571 2329 4625 κατὰ
2366 4574 2455 4626 τδν
2496 4578 2746 4648 γεννητὸν
2772 4577 2885 4649 (75)
2930 4580 3107 4633 πᾶσαν
3156 4579 3399 4647 ἐξέτασιν
3440 4582 3532 4633 καὶ
3572 4582 3757 4636 πάντα

533 4660 585 4714 id
614 4661 761 4714 nulla
790 4661 999 4715 ratione
1032 4660 1316 4729 permittit,
1350 4670 1410 4715 ut
1438 4662 1617 4731 aliqua
1637 4677 1674 4715 ιι
1705 4661 1992 4718 adversum
2032 4677 2092 4718 se

531 4752 934 4823 generationem
982 4751 1107 4821 quis
1140 4751 1608 4816 comminiscatur,
1637 4768 1701 4808 ac
1738 4754 1793 4807 in
1821 4768 1948 4809 eum
1996 4755 2089 4824 qui

530 4840 746 4909 genitus
783 4848 866 4895 est
906 4841 1084 4910 rejicit
1115 4856 1277 4897 omne
1321 4842 1590 4911 ejusmodi
1633 4845 1830 4898 mentis
1859 4858 2103 4918 examen

529 4938 584 4984 et
614 4931 980 4987 ratiocinium.
1027 4930 1182 4987 Orth.
1209 4933 1395 4988 Omnis
1421 4933 1724 4990 substantia
1745 4932 2105 5005 praestantior4

528 5028 616 5076 est
642 5029 766 5075 ortu
798 5037 946 5076 :non
972 5024 1117 5075 enim
1147 5030 1233 5076 est
1282 5022 1421 5078 idem
1465 5024 1772 5079 substantia
1810 5032 1865 5079 et
1906 5033 2082 5080 ortus.

530 5109 688 5176 Quod
715 5118 892 5167 autem
930 5122 1087 5167 ortus
1108 5128 1217 5165 non
1244 5112 1315 5166 sit
1337 5113 1661 5176 substantia,
1684 5129 1750 5168 ex
1779 5129 1845 5167 eo
1895 5114 2083 5184 liquet,

531 5199 679 5271 quod
720 5215 841 5270 quae
864 5210 1043 5256 ortum
1083 5202 1285 5257 habent
1323 5217 1433 5256 non
1481 5203 1664 5256 omnia
1706 5203 1819 5258 sint
1858 5204 2087 5261 consub—

532 5292 830 5347 stantialia.
862 5293 1016 5360 Quod
1050 5295 1095 5349 si
1128 5310 1249 5365 qua:
1274 5295 1455 5364 genita
1485 5303 1614 5350 sunt
1642 5310 1751 5351 non
1776 5304 1904 5351 sunt
1934 5296 2083 5368 ejus«

532 5384 656 5440 dem
691 5387 1034 5454 substantia,
1063 5403 1173 5443 non
1207 5387 1371 5459 igitur
1398 5387 1538 5443 idem
1566 5395 1652 5444 est
1687 5395 1841 5444 ortus
1868 5395 1922 5443 et
1949 5390 2084 5444 sub-

2192 4661 2467 4735 λογισμόν.
2503 4665 2647 4734 Ὀρθ.
2677 4668 2831 4721 Πᾶσα
2854 4668 3010 4723 οὐσία
3037 4671 3297 4742 κρείττων
3325 4670 3439 4722 ἐστὶ
3459 4669 3754 4737 γενέσεως·

2191 4757 2249 4808 οὐ
2283 4755 2392 4827 γὰρ
2420 4758 2583 4810 ταυτό
2612 4758 2757 4812 ἐστιν
2788 4760 2943 4814 οὐσία
2979 4762 3073 4814 καὶ
3098 4761 3328 4830 γένεσις.
3358 4763 3480 4814 Ὀτι
3506 4759 3563 4814 δὲ
3594 4763 3632 4832 ἡ
3663 4762 3757 4829 γέ-

2189 4864 2334 4912 νεσις
2364 4849 2465 4901 οὐκ
2495 4847 2640 4902 ἔστιν
2668 4851 2844 4915 οὐσία,
2872 4851 3116 4906 ἐντεῦθεν
3140 4852 3316 4924 δῆλον,
3351 4854 3416 4906 ὲκ
3444 4852 3538 4905 τοῦ
3564 4853 3642 4923 μὴ
3676 4849 3749 4905 εἷ-

2190 4956 2275 4993 ναι
2305 4940 2373 4994 τὰ
2398 4941 2629 5012 γεννητὰ
2654 4941 2765 5013 (76)
2798 4944 3074 5015 ὀμοούσια.
3115 4946 3177 4998 Εἰ
3210 4945 3266 4999 δὲ
3295 4945 3363 4999 τὰ
3393 4945 3625 5014 γεννητὰ
3652 4946 3755 4998 οὐκ

2190 5028 2326 5082 εἰσιν
2363 5030 2641 5101 ὁμοούσια,
2669 5033 2770 5087 οὐκ
2796 5033 2941 5088 ἐστιν
2970 5036 3075 5106 ἄρα
3098 5038 3131 5106 ὴ
3162 5036 3373 5104 γένεσις
3398 5037 3574 5090 οὐσία·
3617 5039 3669 5090 εἰ
3696 5038 3755 5092 δὲ

2190 5125 2225 5194 ὴ
2255 5123 2470 5191 γένεσις
2506 5126 2608 5179 οὐκ
2648 5125 2794 5181 ἔστιν
2833 5128 3010 5191 οὐσία,
3053 5130 3233 5201 οὐδὲή
3273 5131 3566 5201 ἀγεννησία
3604 5132 3755 5185 ἐστὶν

2190 5214 2365 5267 οὐσία’
2397 5218 2447 5269 εί
2485 5215 2542 5269 δὲ
2580 5218 2614 5288 ἡ
2644 5218 2939 5289 ἀγεννησία
2980 5220 3126 5273 ἐστὶν
3157 5221 3331 5282 οὐσία,
3376 5221 3411 5290 ἡ
3453 5220 3509 5272 δὲ
3542 5220 3755 5288 γένεσις

2185 5303 2286 5357 οὐκ
2302 5304 2480 5370 οὐσία,
2504 5304 2620 5369 πῶς
2644 5306 2822 5376 λέγεις
2846 5307 3097 5380 ἀνόμοιον
3116 5324 3133 5374 ;
3158 5307 3220 5361 τὸ
3240 5307 3349 5379 γὰρ
3366 5307 3427 5361 ὃν
3444 5306 3521 5376 τῷ
3544 5305 3618 5377 μὴ
3638 5306 3753 5358 ὒντι

2186 5392 2309 5448 οὐτε
2339 5395 2525 5466 ὅμοιον
2552 5395 2677 5451 οὐτε
2709 5398 2982 5471 ἀνόμοιον.

535 5478 735 5532 stantia
765 5496 779 5533 :
816 5478 864 5533 si
891 5493 1022 5533 vero
1045 5489 1197 5534 ortus
1223 5493 1336 5533 non
1363 5480 1580 5549 estipsa
1602 5478 1943 5546 substantia,
1976 5493 2077 5536 nec
2099 5490 2256 5540 ortus
2289 5485 2525 5555 privatio
2557 5489 2870 5544 substantia
2898 5490 3026 5547 erit.
3068 5489 3128 5548 Si
3152 5505 3284 5548 vero
3333 5492 3566 5562 privatio
3595 5498 3753 5546 ortus

608 5629 721 5713 ξιξ)
759 5632 1167 5713 Animatus:
1193 5633 1425 5713 Αειευει-

607 5701 719 5772 (75)
758 5700 1010 5769 Ρὼιζῒ,
1037 5700 1175 5757 κατὰ
1198 5700 1306 5758 τῶν
1332 5703 1622 5776 γεννητῶν.

2264 5638 2377 5714 (76)
2414 5642 2553 5714 Aug.
2575 5645 2810 5717 γεννητά
2838 5645 2942 5703 bis.
2976 5644 3118 5703 ιεάίιί
3149 5656 3204 5703 et
3231 5646 3323 5702 alii
3354 5648 3555 5717 γενητὰ
