3982 6398
1156 334 1247 389 DE
1266 334 1563 407 SANC‘I'A
1594 333 1975 391 ΤΜΝΙΤΑΤΕ
2004 331 2352 390 οιΑιιοῦυε
2379 332 2446 389 ιι.

3302 325 3446 386 1190

197 464 270 515 εει
291 451 613 514 substantia.
641 459 798 508 ortus
828 460 1010 507 autem
1038 449 1355 511 substantia
1380 466 1494 507 non
1523 460 1632 517 est,
1660 465 1762 505 cur
1791 459 1849 506 tu
1883 447 2152 505 dissimile
2182 447 2503 505 dicis‘lcum
2532 462 2636 504 ens
2666 461 2777 502 non
2799 446 2915 502 εοιὶ
2944 459 3047 501 nec
3070 443 3342 501 dissimile
3374 445 3449 501 sit

198 563 286 603 nec
313 544 511 601 simile.

258 638 340 694 ει.
413 636 612 705 ’Λγόμ
665 635 729 689 Ei
781 633 1088 706 στερήσεώς
1156 637 1274 689 ὲστι
1320 635 1614 707 δηλωτικὸν
1660 635 1755 689 ὲπδ.

1926 633 2019 690 21.
2060 632 2253 689 Anam.
2286 631 2345 687 Si
2375 648 2484 688 non
2519 632 2760 704 genitum
2785 631 2841 686 in
2866 629 2979 685 Deo
3007 629 3231 684 denotat
3265 629 3462 739 primo;

196 727 317 785 Θεοῦ
346 726 404 780 τὸ
432 725 753 799 ἀγέννητον,
794 725 962 797 μηδὲν
992 726 1049 779 δὲ
1075 728 1162 797 εἴη
1193 726 1254 780 τὸ
1281 728 1591 799 ἀγέννητον,
1612 731 1761 792 ποῖος

196 822 334 892 λόγος
384 818 451 874 ἂν
500 819 828 890 ἀφαιρήσειε
887 818 984 872 τοῦ
1024 818 1253 891 μηδενὸς
1304 818 1366 873 τὸ
1411 819 1575 891 μηδὲν
1624 816 1763 883 εἶδος

120 984 123 991 _
199 914 478 984 σῃμαῖνονς
530 910 613 974 τίς
642 910 753 979 ἄρα
788 911 1090 981 χωρήσειεν
1120 911 1273 976 ὄντος
1303 910 1386 978 δν,
1416 915 1552 984 ὅπερ
1594 913 1761 979 ἐστὶν,

168 1004 315 1074 ,αὐτὸ
345 1001 572 1067 ἑαυτοῦς
608 1003 755 1072 Ὀρθ.
789 1004 853 1057 Ei
884 1003 944 1056 τὸ
972 1002 1245 1071 ἄφθαρτον
1275 1005 1368 1057 καὶ
1405 1004 1464 1058 τὸ
1497 1004 1763 1059 ἀθάνατον

167 1094 492 1169 .στερήσεώς
548 1095 655 1149 είσι
696 1095 992 1167 δηλωτικὰ,
1023 1094 1163 1148 ἔστω
1211 1096 1304 1149 καὶ
1353 1096 1415 1149 τὸ
1448 1096 1762 1168 ἀγέννητον.

197 1187 310 1252 Τοῖς
358 1182 453 1241 οὖν
508 1188 693 1251 αὐτοῖς
736 1188 840 1241 καὶ
892 1189 1053 1257 ἡμεῖς
1091 1186 1425 1259 χρησώμεθα
1465 1187 1676 1257 λόγοιςο
1712 1190 1763 1243 εἰ

197 1277 489 1350 στερήσεώς
541 1280 659 1332 ἐστι
706 1278 1000 1348 δηλωτικὸν
1039 1280 1132 1332 ἐπὶ
1177 1276 1311 1333 Θεοῦ
1360 1279 1422 1332 τὸ
1464 1279 1760 1353 ἄφθαρτον,

200 1372 351 1446 μηδὲν
392 1371 450 1426 δέ
496 1375 615 1426 ἐστι
653 1372 714 1427 τὸ
739 1372 1044 1446 ἄφθαρτονο
1082 1373 1233 1436 ποῖος
1255 1371 1413 1442 λόγος
1439 1372 1764 1447 ἃνάφαιρή-

198 1482 301 1520 oste
340 1464 434 1519 τοῦ
484 1466 711 1537 μηδενὸς
746 1466 808 1519 τὸ
849 1466 1015 1538 μηδὲν
1044 1461 1180 1530 εἶδος
1225 1470 1519 1538 σημαῖνον;
1544 1468 1627 1534 τίς
1656 1469 1765 1542 ἄρα

198 1556 454 1630 χωρήσαε
501 1556 596 1611 τοῦ
638 1557 864 1629 μηδενὸς
896 1557 959 1610 τὸ
999 1557 1184 1628 μηδὲν,
1211 1557 1245 1629 ἢ
1273 1557 1426 1623 ὄντος
1448 1558 1596 1624 ὄντα,
1621 1559 1764 1631 ἅπερ

197 1651 301 1706 ἐστὶ
333 1650 644 1722 στερήσεως
670 1648 962 1720 δηλωτικὰ,
988 1648 1051 1702 τὸ
1076 1648 1372 1721 ἄφθαρτον,
1404 1652 1499 1705 καὶ
1530 1652 1591 1706 τὸ
1633 1653 1765 1708 ἀθά-

197 1758 363 1806 νατον,
398 1742 495 1795 καὶ
536 1741 598 1796 τὸ
643 1741 971 1814 ἀγέννητον;
1010 1742 1120 1795 Καὶ
1152 1744 1200 1795 εί
1232 1743 1398 1797 ταυτδ
1426 1745 1681 1816 σημαίνει
1705 1746 1766 1800 τὺ

195 1830 458 1905 ἄφθαρτον
483 1832 578 1887 καὶ
609 1831 669 1886 τδ
693 1832 980 1895 ἀθάνατον,
1005 1833 1101 1885 καὶ
1123 1832 1185 1885 τὸ
1207 1833 1502 1907 ἀγέννητον
1525 1852 1540 1866 °
1574 1834 1689 1888 ἐστι
1708 1835 1766 1889 δὲ

195 1926 282 1981 καὶ
304 1927 331 1980 δ
361 1924 491 1988 Υἱὸς
517 1922 792 1996 ἄφθαρτος
836 1924 931 1979 καὶ
974 1922 1241 1990 ἀθάνατος
1264 1941 1279 1955 ’
1327 1925 1475 1979 ἔστιν
1519 1925 1627 1997 ἀρα
1669 1926 1767 1980 καὶ

1864 728 2088 788 tionem,
2119 733 2174 781 et
2204 741 2311 780 non
2344 728 2584 798 genitum
2605 739 2729 781 esse
2747 723 2882 778 nihil
2917 733 3020 787 εει,
3068 738 3318 793 quaenam
3351 723 3460 799 σεο-ἶ

1866 819 2059 891 gitatio
2108 818 2387 873 discernet
2420 818 2553 872 illud
2577 818 2721 888 quod
2751 817 2986 887 speciem
3017 817 3220 871 nullam
3242 815 3462 887 signiiiw

1867 918 1978 974 cat,
2009 910 2078 963 ab
2105 926 2171 967 eo
2193 909 2340 981 quod
2368 924 2487 981 non
2530 909 2651 964 est?
2675 911 2869 979 quisve
2920 909 3200 978 separabit
3229 909 3299 963 ab
3325 915 3453 962 entc

1867 1019 1987 1068 ens,
2022 1004 2125 1059 hoc
2144 1014 2249 1069 est,
2272 1004 2416 1059 idem
2455 1019 2487 1058 a
2508 1003 2735 1073 seipse?
2764 1003 2920 1059 Orlh.
2947 1002 3005 1057 Si
3036 1002 3454 1073 incorruptibile

1868 1104 1923 1151 et
1949 1097 2255 1151 immortale
2282 1104 2586 1151 connotant
2609 1098 2997 1166 privationem,
3017 1104 3278 1151 connotet
3318 1110 3452 1150 sane

1869 1204 1991 1244 eam
2022 1197 2079 1246 et
2112 1205 2220 1244 non
2245 1191 2508 1260 genitum.
2537 1190 2734 1244 Iisdem
2768 1190 2934 1260 igitur
2984 1197 3039 1245 et
3088 1205 3189 1245 nos
3222 1189 3454 1244 rationi.

1868 1281 1974 1337 bus
2022 1289 2077 1337 et
2120 1283 2351 1337 vocibus
2397 1289 2621 1336 utamur
2661 1301 2675 1336 :
2719 1283 2765 1336 si
2813 1282 3176 1352 privationem
3230 1283 3284 1336 in
3341 1280 3452 1337 Deo

1868 1372 2160 1446 quamdam
2185 1373 2459 1444 signiﬁcat
2489 1372 2928 1444 incorruptibile,
2953 1376 3132 1430 ethoc
3163 1376 3341 1445 ipsum
3366 1376 3453 1429 in-

1868 1464 2228 1535 corruptibile
2262 1465 2397 1518 nihil
2430 1474 2536 1530 est,
2560 1479 2681 1536 quae
2706 1466 2845 1520 ratio
2868 1466 3173 1537 distinguet
3217 1467 3271 1521 id
3304 1466 3454 1536 quod

1869 1559 2075 1613 nullam
2096 1557 2330 1629 speciem
2347 1557 2643 1629 signiﬁcat,
2658 1558 2727 1613 ab
2741 1574 2805 1613 eo
2821 1558 2965 1628 quod
2984 1559 3211 1614 nihilest
3227 1558 3456 1628 ?quisve

1870 1659 2118 1707 secernet
2146 1667 2176 1705 a
2214 1652 2386 1706 nihilo
2426 1652 2584 1716 nihil,
2609 1661 2701 1707 aut
2731 1652 2800 1706 ab
2830 1654 3127 1707 exsisteute
3161 1652 3454 1716 exsistens,

1870 1760 1993 1816 qua:
2041 1744 2399 1815 privationem
2454 1745 2741 1809 denotant,
2780 1760 2976 1815 nempe
3011 1744 3453 1814 incorruptibile,

1873 1837 2191 1892 immortale
2210 1843 2265 1890 et
2284 1852 2394 1891 non
2419 1837 2661 1906 genitum
2680 1836 2704 1891 ’ἔ
2720 1819 2878 1902 Quod
2903 1837 2949 1890 si
2972 1837 3113 1891 idem
3145 1836 3459 1907 signiﬁcant

1875 1928 2308 1999 incorruptibile,
2325 1928 2633 1982 immortale
2647 1936 2701 1983 et
2726 1944 2833 1981 non
2862 1928 3128 1998 genitum,
3152 1935 3207 1983 et
3231 1929 3347 2000 ipse
3361 1925 3458 1983 Fi-

195 2016 347 2081 αότὺς
367 2014 684 2088 ἀγέννητος.
706 2015 771 2069 Εἰ
798 2014 843 2067 δ’
867 2015 965 2068 οὐκ
990 2014 1136 2068 ἔστιν
1157 2014 1470 2087 ἁγέννητος,
1500 2015 1774 2090 ἄφθαρτος

1880 2019 1993 2076 lius'
2032 2019 2469 2090 incorruptibilis
2501 2027 2555 2074 et
2586 2019 2913 2075 immortalis
2953 2028 3061 2084 est,
3107 2020 3213 2075 erit
3262 2030 3317 2076 et
3346 2021 3463 2092 ipse

194 2109 281 2163 xui
302 2106 569 2171 ἀθάνατος
596 2104 693 2169 ὢν,
719 2105 782 2159 οῦ
805 2104 972 2158 ταυτί)
993 2105 1251 2175 σημαίνει
1273 2105 1334 2158 τὸ
1360 2105 1657 2178 ἀγέννητον
1680 2108 1775 2161 κει)⁵

192 2199 251 2254 τὸ
270 2199 549 2271 ἄφθαρτον
573 2197 748 2251 εἴτουν
772 2194 1060 2250 ἀθάνατον.
1079 2197 1142 2250 Εἰ
1162 2196 1207 2250 δ’
1223 2197 1285 2249 οὗ
1308 2197 1472 2251 ταυτδ
1494 2198 1772 2269 σημαίνει,

191 2290 409 2355 δικαιοῖς
432 2291 494 2344 δὲ
525 2289 725 2361 μᾶλλον
764 2288 926 2352 αὐτὸς
952 2288 1014 2342 τὺ
1051 2288 1347 2358 ἀγέννητον
1389 2283 1528 2342 εἶναι
1556 2287 1653 2359 τὴν
1686 2289 1777 2343 οὐ·

195 2382 343 2438 σίαν·
402 2382 561 2436 ἔσται
590 2382 699 2452 ἄρα
729 2380 869 2435 κατά
896 2381 957 2434 σὲ
994 2381 1090 2434 καί⁹
1115 2380 1256 2433 κατά
1280 2381 1406 2444 τοὺς
1426 2380 1526 2451 τῆς
1559 2380 1659 2451 σῆς
1689 2397 1779 2434 σο-

194 2462 314 2543 φίας
334 2477 533 2546 λόγους
574 2476 868 2547 ἀγέννητος
914 2475 1012 2546 μὲν
1062 2474 1241 2536 obuia,
1266 2474 1365 2527 οὐκ
1400 2474 1668 2538 ἀθάνατος
1695 2473 1774 2537 δὲ,

191 2566 308 2623 οὔτε
345 2570 453 2641 μὴν
485 2567 783 2639 ἄφθαρτος.
801 2567 998 2635 Ἀνόμ.
1029 2567 1093 2620 Εἰ
1119 2568 1152 2639 ἡ
1183 2566 1439 2637 στέρησις
1470 2564 1637 2631 ἕξεων
1663 2567 1776 2637 (77)

189 2660 505 2734 ἀφαίρεσις,
525 2661 586 2714 τὸ
599 2661 697 2714 ἐπὶ
721 2659 856 2714 Θεοῦ
877 2658 1192 2730 ἀγέννητον,
1212 2658 1329 2729 ἦτοι
1351 2660 1605 2729 στέρησις
1626 2657 1778 2712 ἔσται

189 2751 369 2820 ἕξεως,
402 2754 437 2825 ἦ
470 2752 593 2818 ἕξις
621 2753 949 2825 στερήσεως.
984 2750 1126 2803 Ἀλλ’
1154 2753 1202 2803 εἰ
1230 2751 1328 2822 μὲν
1356 2750 1611 2822 στέρησίς
1633 2751 1780 2804 ἐστιν

187 2842 367 2909 ἕξεως,
389 2842 519 2907 πῶς
542 2842 608 2896 ἂν
636 2843 697 2896 τὸ
733 2842 809 2914 μὴ
836 2841 1040 2913 προσὸν
1064 2839 1142 2911 τῷ
1169 2839 1288 2911 Θεῴ
1312 2840 1784 2913 συναριθμηθήσε-

187 2952 304 3002 ται;
331 2936 394 2990 El
418 2935 479 2990 δὲ
517 2934 632 3001 ἕεις
661 2934 776 2988 ἐστὶ
801 2934 862 2988 τὸ
893 2932 1206 3004 ἀγέννητον,
1232 2931 1447 3003 ἀνάγκη
1475 2932 1779 3005 προῦποθέ-

187 3026 305 3081 σθαι
330 3027 614 3099 γεννητὴν
668 3026 878 3090 οὐσίαν,
923 3024 1010 3078 ἵνα
1033 3023 1206 3087 οῦτως
1251 3019 1365 3088 ἕξιν
1402 3024 1782 3096 προσλαὸοῦσα

184 3117 483 3191 ἀγέννητος
541 3117 910 3189 ὀνομάζηται·
947 3120 997 3171 εί
1046 3118 1103 3172 δὲ
1143 3119 1177 3189 ἠ
1224 3116 1459 3189 γεννητὴ
1485 3118 1779 3189 ἁγεννήτου

181 3212 367 3276 οὐσίας
398 3210 641 3282 μετέσχε
664 3210 798 3282 (78),
816 3210 910 3263 καὶ
934 3210 1099 3277 ἕξεως
1120 3208 1463 3282 ὑπομείνασα
1488 3208 1778 3280 ἀποϐολὴν,

184 3318 244 3372 γε
262 3303 453 3368 ,έσεως
485 3301 810 3373 ἐστέρηται,
838 3301 923 3373 εἴη
963 3301 1029 3357 ἂν
1053 3301 1213 3355 οὐσία
1243 3300 1342 3372 μὲν
1371 3302 1405 3372 ή
1432 3300 1686 3372 γεννητὴ,
1719 3299 1781 3353 τδ

1875 2125 1983 2165 non
2008 2111 2221 2182 genitus
2253 2130 2266 2167 :
2292 2112 2377 2166 sin
2401 2127 2530 2167 vero
2556 2128 2666 2167 non
2697 2121 2782 2169 est
2811 2129 2919 2169 non
2950 2116 3191 2185 genitus,
3220 2131 3343 2169 cum
3388 2116 3463 2171 sit

1875 2200 2311 2274 incorruptibilis
2345 2213 2400 2260 et
2451 2205 2803 2270 immortalis,
2864 2221 2973 2260 non
3018 2206 3263 2277 profecto
3318 2207 3463 2264 idem

1876 2294 2157 2371 signiﬁcat.
2206 2311 2312 2350 non
2346 2296 2591 2367 genitum
2629 2307 2683 2352 et
2714 2298 3135 2369 incorruptibile
3185 2301 3300 2357 sive
3360 2302 3465 2356 im-

1877 2390 2126 2444 mortale.
2171 2387 2267 2443 Sin
2294 2404 2427 2444 vero
2459 2390 2513 2444 id
2543 2405 2653 2445 non
2685 2391 2930 2456 denotat,
2980 2402 3036 2447 et
3074 2402 3255 2448 tamen
3284 2394 3464 2449 adhuc

1877 2483 2170 2538 conﬁrmas
2202 2498 2309 2537 non
2348 2484 2588 2554 genitum
2614 2498 2738 2539 esse
2763 2484 2937 2555 ipsam
2962 2485 3466 2553 substantiam,crit

1875 2573 2099 2628 omnino
2154 2574 2464 2629 substantia
2512 2574 2815 2630 secundum
2851 2583 2925 2639 te,
2961 2586 3016 2631 et
3044 2580 3326 2648 sapientia:
3358 2587 3469 2635 tute

1878 2665 2353 2727 ratiocinationes,
2389 2682 2497 2719 non
2535 2666 2714 2734 genita
2744 2667 2963 2736 quidem
2986 2670 3317 2733 substantia.
3356 2688 3466 2728 non

1876 2770 2009 2810 vero
2043 2756 2373 2811 immortalis
2398 2766 2452 2813 et
2485 2759 2943 2831 incorruptibilis.
2977 2763 3169 2817 Anam.
3204 2762 3261 2818 Si
3285 2765 3468 2834 priva-

1880 2848 1956 2901 tio
1986 2855 2072 2903 εει
2099 2849 2381 2904 habituum
2415 2852 2665 2914 remotio,
2703 2854 2835 2907 illud
2864 2854 3010 2924 quod
3043 2854 3152 2909 Deo
3176 2856 3464 2923 tribuitur,

1881 2956 1989 2995 non
2019 2942 2259 3012 genitum
2287 2957 2431 3009 esse,
2468 2957 2560 2998 aut
2592 2944 2825 3014 privatio
2870 2947 2975 3000 erit
3010 2947 3183 3017 ipsius
3223 2948 3464 3015 habitus,

1881 3036 1976 3084 aut
2008 3030 2117 3083 erit
2165 3030 2383 3085 habitus
2436 3031 2761 3101 privatinnis
2804 3047 2817 3084 :
2868 3032 3012 3102 quod
3045 3034 3092 3088 si
3124 3046 3207 3089 est
3234 3036 3467 3106 privatio

1883 3118 2056 3190 ipsius
2098 3119 2342 3184 habitus,
2379 3122 2656 3191 quomodo
2691 3121 2742 3176 id
2799 3124 2945 3193 quod
3000 3122 3108 3178 Deo
3151 3140 3262 3179 non
3302 3124 3464 3187 inest,

1883 3208 1992 3266 Deo
2012 3213 2536 3268 connumerabitur:
2567 3213 2654 3268 sin
2691 3230 2817 3269 vero
2848 3230 2955 3269 non
2986 3217 3228 3287 genitum
3263 3219 3467 3273 estha-

1883 3303 2053 3368 bitus,
2086 3318 2311 3359 necesse
2334 3304 2498 3359 fuerit
2527 3307 2876 3377 pra-supponi
2904 3309 3267 3363 substantiam
3315 3310 3469 3380 geni-

183 3392 239 3449 δὲ
266 3396 577 3468 ἀγέννητον
615 3372 747 3459 έξις.
776 3395 840 3447 Ei
876 3372 934 3447 at
963 3393 1025 3447 τὸ
1046 3393 1291 3465 γέννημα
1331 3393 1462 3464 παρ’
1489 3391 1639 3446 οὐδέν
1665 3393 1776 3444 ἐστι

1888 3403 2019 3458 tam,
2049 3403 2113 3450 ut
2145 3395 2225 3450 sic
2270 3407 2555 3467 assumpto
2583 3398 2768 3452 habitu
2826 3399 3206 3455 denominetur
3236 3417 3343 3456 non
3372 3418 3468 3473 ge-

183 3485 503 3557 δηλωτικδν,
519 3485 766 3559 δηλονότι
792 3483 959 3552 sese;
980 3486 1092 3538 ἐστι
1115 3484 1448 3555 σημαντικόν
1466 3501 1482 3514 ·
1507 3483 1573 3538 ἀν
1594 3499 1654 3536 τε
1684 3499 1783 3555 με·

179 3584 471 3657 ταπλασθῇ
528 3583 594 3648 ἐξ
639 3582 829 3646 οὐσίας
865 3583 1010 3646 τινος
1039 3581 1175 3653 (79),
1200 3583 1267 3637 ἀν
1290 3599 1350 3637 τε
1369 3581 1526 3635 τοῦτό
1557 3583 1724 3644 ἐστιν,
1754 3580 1784 3634 δ

179 3673 394 3745 λέγεται
423 3675 687 3747 γέννημά
716 3691 879 3739 τινος.
897 3675 1052 3743 Ὀρθ.
1086 3673 1254 3727 Πάλιν
1280 3677 1393 3738 τοῖς
1417 3673 1551 3736 ίσοις
1569 3670 1786 3744 χρησώ-

181 3768 318 3839 μεθα
356 3770 552 3839 λόγοις
573 3786 589 3801 ·
615 3768 676 3822 τδ
702 3768 814 3840 γὰρ
848 3767 979 3821 αὐτὸ
1011 3767 1107 3820 καὶ
1142 3767 1236 3820 ἐπὶ
1266 3766 1362 3821 τοῦ
1396 3764 1659 3836 ἀψευδοῦς
1690 3763 1785 3818 καὶ

177 3862 269 3916 τοῦ
290 3863 579 3917 ἀθανάτου
607 3859 813 3916 καὶτοῦ
842 3859 1118 3933 ἀφθάρτου
1153 3858 1295 3913 εἴποι
1326 3876 1411 3923 τις
1433 3859 1529 3913 ἄν·
1560 3858 1659 3931 τῆς
1676 3856 1785 3930 γάρ

176 3955 349 4027 αὐτῆς
406 3958 537 4011 ἐστι
589 3955 841 4027 χρήσεως
870 3952 947 4025 τῷ
976 3954 1288 4024 ἀγεννήτῳ’
1318 3953 1396 4006 ὅτ’
1429 3950 1496 4005 ἄν
1527 3968 1610 4004 σοι
1647 3950 1786 4015 τέως

178 4050 654 4120 συγχωρήσωμεν
676 4045 876 4115 λέγειν,
897 4045 925 4099 ὃ
946 4044 1008 4100 τὸ
1032 4043 1256 4116 Πνεῦμα
1278 4044 1379 4114 τῆς
1405 4042 1660 4115 ἀληθείας
1685 4043 1786 4097 οὐκ

175 4133 350 4195 εἶπεν.
408 4137 693 4212 Ἐροῦμεν
721 4133 813 4192 οὖν
837 4137 933 4192 καὶ
965 4138 1144 4209 ἡμεῖς·
1179 4137 1241 4189 Εἰ
1279 4138 1312 4208 ἡ
1343 4137 1596 4208 στέρησις
1621 4135 1786 4199 ἕξεως

175 4230 498 4302 ἀφαίρεσις,
523 4229 594 4283 τὸ
631 4229 722 4282 ὲπὶ
751 4228 886 4282 Θεοῦ
916 4229 1144 4299 ἀψευδὲς
1169 4229 1288 4300 ἤτοι
1331 4228 1588 4300 στέρησις
1621 4226 1787 4292 ’έξεως

175 4318 207 4393 ἢ
246 4321 362 4390 ἕξις
384 4323 740 4396 στερήσεως.
773 4321 910 4374 Ἀλλ’
937 4324 985 4375 εί
1010 4323 1107 4393 μὲν
1137 4320 1392 4395 στέρησίς
1416 4323 1565 4375 ἐστιν
1593 4319 1784 4386 ἕξεως,

173 4414 291 4479 πῶς
320 4415 391 4469 ἂν
417 4416 487 4470 τὸ
520 4416 605 4487 μὴ
641 4414 842 4487 προσὸν
870 4412 948 4484 τῷ
976 4411 1095 4483 Θεῷ
1120 4412 1692 4486 συναριθμηθὴσεταις
1724 4412 1786 4465 Ei

172 4502 229 4558 δὲ
265 4506 384 4574 ἕξις
429 4509 561 4562 ἐστὶ
598 4507 660 4560 τὸ
692 4505 940 4576 ἀψευδὲς,
984 4506 1197 4577 ἀνάγκη
1237 4504 1645 4576 προῦποθέσθαι
1692 4504 1787 4561 καὶ

169 4596 389 4667 ψεῦδος,
409 4601 517 4655 καὶ
537 4598 720 4671 ψευδῆ
742 4598 951 4661 οὐσίαν,
973 4599 1037 4652 ἵν’
1065 4597 1237 4662 οὕτως
1260 4598 1373 4663 ἕξιν
1408 4596 1789 4670 προσλαᾶοῦσα

175 4681 419 4763 ἀψευδὴς
459 4690 834 4762 ὀνομάζηται.
852 4691 915 4744 Ei
946 4690 1002 4744 δὲ
1025 4692 1058 4762 ή
1084 4689 1281 4762 ψευδὴς
1311 4689 1572 4760 ἀψευδοῦς
1602 4690 1789 4754 οὐσίας
1824 4720 1865 4773 ο

176 4783 472 4854 μετέσχεν,
510 4782 695 4848 ἕξεως
721 4781 1059 4853 ὑπομείνασα
1081 4780 1350 4852 ἀποϐολήν
1382 4780 1607 4851 ψεύδους
1637 4780 1790 4834 ἐστέ-

172 4891 335 4949 ρηται
361 4895 376 4907 ·
403 4876 499 4950 εἴη
537 4876 615 4931 ἂν
643 4876 803 4930 οὐσία
826 4875 1044 4947 ψευδής·
1088 4873 1150 4927 τὸ
1179 4873 1236 4927 δὲ
1272 4873 1498 4943 ἀψευδὲς
1529 4873 1662 4938 ἕξις
1694 4872 1790 4925 καί

171 4983 265 5021 σου
308 4969 706 5041 μεγαλόφρων
764 4968 800 5039 ή
852 4968 1012 5036 σοφία
1059 4965 1326 5037 τοσαύτην
1360 4964 1615 5021 ἀσέϐειαν
1656 4963 1791 5036 ὕλης

172 5059 441 5133 εὑροῦσα.

1884 3486 1998 3539 nita
2029 3502 2044 3537 :
2075 3485 2121 3543 si
2146 3502 2272 3542 vero
2300 3487 2479 3557 genita
2530 3505 2638 3543 non
2674 3491 2869 3560 genitae
2923 3493 3246 3547 substantia:
3298 3495 3468 3564 parti-

1883 3593 2012 3648 ceps
2045 3578 2166 3642 fuit,
2198 3586 2252 3634 et
2283 3580 2504 3636 habitus
2548 3581 2823 3650 jacturam
2860 3598 3024 3654 passa
3074 3593 3258 3637 ortum
3291 3584 3466 3651 exuit,

1885 3668 2050 3724 fuerit
2083 3669 2271 3739 utique
2304 3669 2613 3724 substantia
2644 3670 2865 3740 quidem
2913 3672 3122 3743 genita,
3175 3687 3285 3726 non
3314 3674 3462 3742 geni-

1885 3768 1999 3816 tum
2031 3776 2161 3815 vero
2191 3760 2427 3816 habitus.
2455 3759 2551 3814 Sin
2573 3777 2704 3815 vero
2726 3763 2975 3832 genimen
3007 3762 3259 3817 nonnihil
3289 3765 3465 3834 signi-

1886 3852 2031 3919 ﬁcat,
2060 3851 2408 3906 manifestum
2432 3860 2538 3917 est,
2556 3853 2699 3924 quod
2722 3855 2884 3907 etiam
2911 3854 3180 3925 signiticet
3197 3855 3463 3917 habitum.

1885 3944 2128 4015 sivejam
2161 3944 2606 4000 transformatum
2655 3945 2729 4000 sit
2761 3961 2828 4000 ex
2860 3946 3189 4008 substantia,
3243 3947 3359 4002 sive
3403 3946 3469 4000 il-

1886 4035 1998 4090 lum
2050 4037 2249 4105 ipsum,
2282 4038 2425 4107 quod
2459 4036 2665 4089 dicitur
2713 4035 2929 4105 genitus
2957 4039 3024 4088 a-Z»
3058 4035 3264 4106 aliquo.
3311 4032 3465 4090 Orth.

1885 4125 2118 4183 Paribus
2138 4130 2332 4182 iterum
2365 4133 2584 4180 utamur
2604 4126 2933 4194 rationibus,
2964 4126 3097 4180 illud
3115 4128 3293 4197 ipsum
3321 4127 3469 4180 enim

1886 4221 2187 4276 asseruerit
2217 4220 2491 4291 quispiam
2526 4220 2693 4276 etiam
2725 4221 2793 4276 de
2828 4222 2971 4286 istis,
3025 4223 3283 4277 nimirum
3318 4237 3473 4278 men-

1886 4311 2027 4367 dacii
2059 4328 2275 4383 expers,
2306 4312 2655 4377 immortalis,
2708 4321 2764 4367 et
2799 4312 3236 4384 incorruptibilis
3264 4329 3277 4365 :
3305 4312 3473 4383 siqui-

1886 4405 2009 4458 dem
2034 4402 2147 4457 ba:c
2162 4405 2349 4459 eodem
2376 4401 2536 4457 modo
2558 4413 2896 4474 usurpantur
2920 4419 3031 4474 quo
3052 4420 3160 4458 non
3192 4403 3431 4475 genitum
3454 4418 3467 4454 :

1888 4497 2034 4567 quod
2067 4496 2286 4566 quidem
2319 4497 2481 4552 etiam
2510 4496 2607 4552 tibi
2640 4497 3032 4561 concedemus,
3064 4497 3315 4569 quamvis
3344 4495 3471 4565 Spi~

1890 4590 2031 4646 ritus
2061 4590 2313 4645 veritatis
2348 4590 2562 4645 locutus
2586 4590 2657 4643 ita
2687 4604 2795 4643 non
2842 4590 2936 4645 sit.
2970 4587 3222 4645 Dicemus
3243 4604 3373 4658 ergo
3418 4596 3475 4643 et

1890 4700 1993 4738 nos
2023 4703 2036 4738 :
2076 4682 2133 4739 Si
2176 4684 2410 4754 privatio
2436 4692 2521 4739 est
2552 4684 2774 4739 habitus
2831 4683 3084 4747 remotio,
3110 4682 3276 4735 etiam
3324 4678 3471 4749 quod

1898 4774 1966 4830 de
1990 4773 2101 4830 Deo
2137 4775 2481 4845 praedicatur,
2533 4773 2804 4829 mendacii
2857 4781 3131 4843 expertem
3178 4786 3319 4833 esse.
3377 4778 3472 4825 aut

1899 4876 1983 4923 est
2012 4868 2241 4938 privatio
2284 4868 2523 4930 habitus,
2556 4874 2651 4920 aut
2696 4865 2914 4920 habitus
2946 4865 3285 4933 privationis.
3323 4864 3393 4917 At
3424 4864 3473 4919 si

1900 4969 1984 5015 est
2022 4959 2255 5029 privatio
2283 4959 2527 5021 habitus,
2559 4960 2833 5029 quomodo
2863 4959 2915 5014 id
2948 4955 3059 5012 Deo
3110 4971 3475 5011 connumera-

1900 5051 2068 5116 bitur,
2102 5052 2310 5121 quodei
2335 5066 2443 5106 non
2471 5052 2648 5106 inest?
2676 5051 2763 5107 sin
2812 5066 2945 5106 vero
3000 5049 3155 5114 illud,
3203 5047 3473 5103 mendacii

1901 5154 2177 5212 expertem
2207 5156 2353 5206 esse,
2387 5148 2472 5198 est
2502 5142 2743 5206 habitus,
2792 5140 3104 5197 necessario
3159 5154 3471 5210 prmsuppn-

169 5243 323 5298 nitur
351 5251 413 5299 et
448 5241 843 5308 mendacium,
895 5249 952 5298 et
998 5239 1227 5297 mendax
1259 5240 1589 5305 substantia,
1638 5245 1698 5294 ut
1736 5238 1813 5293 ita
1859 5237 2048 5291 habitu
2091 5243 2395 5306 assumpto,
2427 5234 2695 5290 mendacii
2733 5249 2928 5305 expers
2977 5232 3086 5288 dici
3133 5231 3330 5302 possit.
3380 5234 3456 5287 SI

166 5352 300 5394 vero
333 5338 665 5396 mendacio
694 5338 927 5393 obnoxia
971 5337 1279 5394 substantia
1306 5338 1582 5407 particeps
1644 5332 1787 5391 facta
1824 5341 1910 5389 est
1944 5332 2085 5402 ejus,
2112 5347 2233 5402 qua
2259 5331 2529 5386 mendacii
2564 5346 2762 5402 expers
2800 5332 2892 5395 sit,
2922 5336 2977 5385 et
3015 5328 3235 5385 habitus
3294 5328 3475 5398 jactu-

171 5443 289 5485 ram
327 5447 508 5504 passa
540 5429 843 5485 mendacio
872 5429 943 5485 sit
970 5430 1179 5499 privata
1211 5444 1225 5481 :
1255 5427 1419 5484 fuerit
1446 5428 1632 5499 utique
1667 5427 1975 5482 substantia
2007 5424 2238 5480 mendax
2271 5443 2284 5480 :
2315 5432 2371 5480 et
2403 5423 2466 5477 τδ
2489 5439 2687 5495 expers
2715 5423 3004 5491 mendacii,
3033 5421 3276 5488 habitus,
3299 5427 3352 5476 et
3382 5427 3477 5474 tua

171 5523 265 5581 illa
294 5541 596 5598 arrogans
634 5524 905 5595 sapientia
955 5531 1120 5578 tantae
1150 5523 1451 5593 impietatis
1479 5521 1791 5595 .materiam
1822 5520 2107 5591 repererit.

266 5684 360 5754 77)
403 5686 567 5755 Aug.
614 5679 810 5755 ἕξεως.

266 5684 360 5754 77)
403 5686 567 5755 Aug.
614 5683 810 5745 ἕξεως.

236 5683 359 5829 ἱιὸ)
399 5753 689 5825 Μέτισχε
719 5754 873 5809 abest
900 5766 932 5806 a
963 5750 1135 5806 Palat.
1162 5751 1210 5804 l.

1973 5680 2084 5753 (79)
2123 5679 2262 5756 Aug,
2293 5678 2510 5751 ἐξουσίᾳ
2532 5679 2711 5743 «voc;
