3898 6496
530 356 660 411 1191

1749 346 1806 401 S.
1843 343 2302 402 ATHANASIUS.
2341 372 2412 384 —-
2449 341 2718 398 SPURIA.

3632 344 3770 399 “92

593 463 760 537 436
775 462 864 519 22.
903 463 1090 518 Anam.
1116 461 1173 516 Si
1208 461 1450 531 genitura
1507 475 1660 528 atque
1691 472 1754 513 ac
1788 471 1896 510 non
1931 458 2085 526 geni-

2257 455 2345 509 εξ.
2405 456 2602 524 ’Δνομ
2640 455 2703 508 El
2769 456 2830 506 τὸ
2877 455 3132 526 γεννητὸν
3180 455 3291 519 ἕξις
3353 457 3452 508 καὶ
3503 456 3568 508 τὸ
3613 456 3772 522 ἀγέν-

526 563 640 608 tum
662 554 877 607 habitus
901 563 1004 614 est,
1024 551 1342 606 substantia:
1362 549 1577 618 quidem
1602 547 1874 600 habilibus
1891 548 2099 615 priores

525 649 684 697 eruut
709 661 720 695 :
745 642 960 696 habitus
987 655 1114 696 vero
1133 641 1258 694 licet
1273 637 1597 694 substantiis
1614 636 1948 706 posteriores
1967 635 2096 698 sint,

524 743 709 786 tamen
750 733 938 785 iisdem
968 731 1265 800 digniores.
1301 727 1419 784 Non
1461 725 1707 796 genitum
1755 741 1878 780 vero
1933 727 2099 796 geniti

523 839 687 876 causa
711 832 814 888 est,
838 830 1108 890 quatenus
1140 821 1315 890 ipsum
1344 835 1466 875 esse
1496 820 1804 873 denotatur.
1843 817 1937 870 Sin
1972 833 2099 871 vero

521 923 762 984 genitum
799 914 962 968 infert
984 913 1305 968 substantiae
1326 927 1438 965 sua:
1463 925 1711 971 causam,
1769 909 2100 978 signiticabit

522 1023 651 1060 sane
674 1022 774 1059 vox
798 1007 1039 1075 genitum
1070 1005 1453 1068 substantiam,
1505 1015 1613 1055 non
1661 1001 1901 1056 habitum
1928 1017 1940 1051 :
1973 1016 2096 1054 cum

521 1113 651 1152 vero
682 1107 877 1150 natura
910 1113 1018 1150 non
1047 1096 1230 1165 genita
1265 1095 1402 1148 nihil
1441 1095 1554 1162 ipsa
1597 1095 1650 1145 in
1675 1107 1733 1146 se
1771 1092 2095 1152 introducat,

519 1188 794 1256 quomodo
833 1203 963 1257 ergo
999 1203 1105 1239 non
1151 1185 1486 1246 substantia,
1537 1182 1629 1236 sed
1682 1181 1902 1235 habitus
1936 1181 2099 1234 fuerit

519 1275 611 1330 illa
660 1293 766 1330 non
811 1277 991 1345 genita
1039 1275 1271 1329 natura?
1323 1273 1473 1330 Orth.
1509 1271 1828 1326 Substautia
1874 1271 2095 1342 quidem

518 1369 653 1422 nihil
681 1377 763 1423 est
801 1369 1043 1440 dignius,
1071 1369 1156 1421 vir
1183 1367 1613 1436 sapientissime,
1659 1380 1759 1418 nec
1805 1373 1984 1440 tamen
2014 1365 2098 1418 vel

518 1461 764 1516 habitum
787 1463 868 1516 vel
897 1461 1261 1516 substantiam
1298 1474 1552 1513 vocamus
1577 1459 1628 1510 in
1654 1457 1763 1510 Deo
1781 1457 1840 1509 τὺ
1869 1471 1977 1510 non
2007 1469 2098 1524 ge-

516 1553 712 1608 nitum.
754 1553 872 1607 Non
899 1568 1022 1607 esse
1053 1559 1234 1605 autem
1261 1566 1383 1603 cum
1417 1551 1657 1617 genitum
1683 1563 1777 1618 per
1810 1563 1932 1602 eum
1963 1545 2098 1600 didi-

515 1644 714 1705 cimus,
749 1642 910 1712 idque
953 1657 1061 1695 nou
1088 1648 1298 1693 tantum
1330 1655 1395 1692 ex
1451 1639 1733 1707 Scriptura
1763 1637 1968 1696 divina,
2001 1635 2095 1690 sed

515 1735 679 1789 etiam
711 1749 773 1788 ex
820 1732 1096 1788 communi
1153 1731 1432 1784 hominum
1483 1739 1676 1783 natura
1720 1741 1774 1783 et
1831 1729 2091 1792 notione;

2200 563 2356 616 νητον
2384 544 2516 610 ἕξις,
2547 546 2602 598 αἱ
2646 544 2742 614 μὲν
2780 545 2957 596 οὐσίαι
2988 544 3095 595 τῶν
3133 543 3299 610 ἕξεων
3333 543 3585 614 πρῶταυ
3625 548 3683 597 αἱ
3719 546 3770 598 δὲ

2199 634 2358 703 ἕξεις,
2389 639 2436 690 εἰ
2488 638 2582 690 καὶ⁸
2636 637 2743 689 τῶν
2783 636 2978 690 οὐσιῶν
3021 636 3270 708 δεύτεραι
3294 636 3572 705 (80),ἀλλ’
3602 633 3696 689 οὖν
3714 655 3769 688 τε

2200 729 2608 802 προτιμότεραι.
2648 729 2721 783 Τὸ
2755 729 2812 782 δὲ
2859 729 3148 801 ἀγέννητον
3179 729 3271 782 τοῦ
3313 728 3581 798 γεννητοῦ
3606 728 3771 780 uirida

2199 823 2337 888 ἐστι,
2367 821 2509 874 κατὰ
2537 822 2598 874 τὸ
2637 821 2731 873 τοῦ
2770 818 2905 873 εἶναι
2944 822 3357 892 σημαινόμενον.
3387 821 3454 873 El
3475 821 3534 872 δὲ
3561 821 3622 872 τὸ
3650 822 3769 887 γέν-

2197 931 2344 985 νημα
2375 913 2708 984 συνεισφέρει
2732 913 2831 982 τῆς
2857 913 3048 965 ἑαυτοῦ
3077 913 3259 974 οὐσίας
3276 913 3338 965 τὸ
3368 913 3569 972 αἴτιον,
3593 913 3768 972 οὐσίας

2198 1004 2318 1058 ἐστὶ
2363 1003 2657 1072 δηλωτικὸν
2693 1004 2755 1056 τὸ
2796 1005 3062 1074 γέννημα,
3096 1004 3208 1056 ἀλλ’
3239 1005 3337 1073 οὐχ
3372 1003 3576 1066 ἕξεως,
3603 1001 3702 1070 τῆς
3729 1002 3764 1053 ὃ·

2197 1095 2493 1164 ἁγεννήτου
2524 1094 2736 1163 φύσεως
2779 1095 2929 1147 οὐδὲν
2968 1096 3129 1164 ἑαυτῇ
3183 1093 3618 1163 συνεισάγούσης
3640 1093 3764 1162 (81),

2199 1183 2315 1247 πῶς
2344 1179 2444 1236 οὐκ
2474 1182 2539 1236 ἂν
2589 1183 2676 1253 εἰή
2707 1183 2881 1244 οὐσία,
2909 1183 3022 1235 ἀλλ’
3051 1183 3161 1246 ἕξις
3189 1185 3222 1253 ἡ
3256 1184 3559 1252 άγέννητος
3587 1183 3764 1250 φύσιςς

2211 1276 2354 1343 Ὀρθ.
2400 1275 2596 1339 Οὐσίας
2640 1276 2735 1346 μὲν
2784 1275 2932 1328 οὐδὲν
2974 1277 3381 1348 προτιμότερον,
3459 1274 3762 1342 σοφώτατεο

2196 1367 2317 1420 οὐτε
2351 1367 2407 1420 δὲ
2449 1367 2560 1431 ἕξιν
2586 1367 2710 1420 οὐτε
2744 1367 2930 1420 οὐσίαν
2963 1369 3190 1438 λέγομεν
3230 1370 3322 1419 ἐπὶ
3345 1366 3486 1420 Θεοῦ
3517 1368 3582 1420 τὸ
3617 1369 3765 1435 ἀγέν-

2197 1476 2370 1529 νητον.
2400 1458 2471 1511 Τὸ
2502 1458 2557 1511 δὲ
2595 1459 2668 1529 μὴ
2699 1459 3050 1529 γεγεννῆσθαι
3085 1459 3244 1512 αὐτὸν
3283 1459 3349 1512 δι’
3382 1459 3555 1512 αὐτοῦ
3598 1478 3766 1529 μεμε.

2198 1549 2461 1620 θήκαμεν,
2496 1551 2591 1603 καὶ
2623 1549 2778 1602 τοῦτο
2817 1550 2915 1603 οὐκ
2947 1549 3052 1603 ἀπὸ
3083 1552 3179 1620 τῆς
3206 1549 3354 1613 θείας
3380 1552 3634 1622 Γραφῇ,
3662 1552 3770 1604 ἀλλ’

2197 1641 2304 1694 ἀπὸ
2335 1641 2432 1711 τῆς
2461 1641 2804 1714 ἀνθρωπίνης
2853 1642 3062 1711 φύσεως
3095 1645 3186 1696 καὶ
3217 1643 3447 1707 ἐννοίας.
3490 1643 3567 1696 Τὸ
3602 1644 3773 1695 τοίνυν

2199 1734 2510 1804 ἀγέννητον,
2538 1733 2628 1787 τοῦ
2664 1734 2920 1805 γεννητοῦ
2957 1736 3124 1788 αῑτιον
3163 1736 3262 1788 οὐκ
3292 1735 3406 1788 ἔστι
3428 1751 3442 1764 ο
3474 1735 3537 1786 οὐ
3577 1736 3688 1804 γάρ
3717 1735 3775 1786 τὸ

517 1826 683 1897 igitur
716 1841 822 1879 non
853 1825 1094 1895 genitum
1128 1837 1294 1877 causa
1332 1837 1436 1875 non
1467 1830 1549 1876 est
1576 1821 1742 1890 geniti
1783 1840 1796 1875 :
1829 1836 1927 1874 nec
1953 1821 2084 1890 quia

2191 1825 2262 1896 μὴ
2291 1825 2643 1897 γεγεννῆσθαι
2663 1828 2752 1880 τὸν
2774 1827 2904 1879 Θεὸν
2934 1827 3026 1880 τοῦ
3060 1827 3186 1879 Υἱοῦ
3216 1828 3407 1888 αἴτιον,
3569 1830 3602 1895 ἡ
3622 1827 3766 1880 οὐσίσ

517 1917 660 1973 Deus
691 1932 797 1971 non
830 1917 1046 1986 genitus
1077 1923 1181 1979 est,
1215 1913 1336 1969 ideo
1357 1899 1524 1967 causa
1561 1911 1683 1966 Filii
1707 1921 1812 1975 est,
1843 1912 1936 1967 sed
1961 1912 2088 1966 sub-

515 2011 717 2065 stantia
774 2008 1116 2069 substantiae,
1169 2021 1280 2059 non
1335 2022 1494 2060 secus
1524 2021 1587 2059 ac
1630 2006 1717 2058 lux
1760 2005 2086 2073 splendoris.

512 2101 622 2156 Nec
661 2114 839 2154 tamen
870 2100 1122 2170 geninien
1149 2113 1303 2152 suam
1334 2099 1508 2167 ipsius
1534 2097 1828 2149 essentiam
1879 2096 2042 2149 infert
2071 2113 2084 2147 :

515 2191 558 2244 si
590 2193 732 2244 enim
769 2192 868 2246 hoc
894 2193 1051 2255 ferri,
1079 2193 1190 2262 jam
1225 2193 1408 2245 omnia
1435 2207 1555 2260 qua:
1585 2193 1766 2260 genita
1787 2198 1910 2244 sunt
1935 2205 2086 2244 eam-

512 2282 633 2336 dem
668 2283 929 2337 inferrent
960 2286 1275 2346 essentiam,
1330 2285 1582 2336 nimirum
1630 2293 1682 2334 et
1741 2283 1982 2351 angelus,
2035 2289 2088 2336 et

512 2386 708 2440 equus,
737 2381 790 2426 et
821 2373 998 2434 canis,
1031 2382 1084 2426 et
1114 2374 1298 2426 homo.
1339 2371 1441 2426 Sed
1477 2375 1592 2426 hac
1638 2372 1819 2426 omnia
1871 2370 2085 2440 quidem

514 2459 639 2513 licet
682 2462 862 2530 genita
898 2464 1025 2524 sint,
1071 2479 1177 2516 non
1217 2475 1396 2517 tamen
1441 2463 1683 2530 ejusdem
1743 2469 1871 2517 sunt
1901 2477 2089 2517 essen-

512 2553 618 2606 tize.
648 2551 801 2617 Quod
829 2554 874 2607 si
901 2554 973 2606 ita
1007 2555 1098 2616 sit,
1131 2568 1261 2608 sane
1292 2570 1399 2606 non
1422 2553 1560 2606 idem
1581 2562 1665 2607 est
1687 2553 1923 2623 genitum
1943 2569 2084 2617 esse,

511 2646 655 2715 quod
686 2648 919 2700 essentia
960 2666 972 2700 :
1008 2657 1060 2702 et
1085 2663 1395 2716 quanquam
1455 2647 1585 2700 nihil
1615 2648 1774 2700 infert
1798 2661 1903 2700 non
1938 2647 2085 2717 geui~

512 2745 650 2797 tum,
677 2746 759 2789 est
792 2743 972 2790 tamen
1014 2738 1158 2789 aliud
1186 2737 1301 2804 ipsa
1328 2734 1636 2788 substantia
1671 2755 1683 2788 :
1713 2750 1836 2788 nam
1869 2744 1920 2790 et
1947 2751 2090 2789 men-

512 2827 654 2882 dacii
691 2841 964 2899 expertem
1011 2845 1155 2891 esse,
1208 2828 1342 2903 nihil
1401 2827 1551 2880 addit
1606 2826 1734 2888 Deo.
1768 2843 1867 2880 nec
1908 2836 2086 2880 tamen

513 2919 653 2973 idem
671 2931 752 2974 est
773 2919 917 2989 quod
949 2919 1257 2974 substantia
1295 2936 1306 2969 :
1344 2919 1389 2973 si
1419 2919 1562 2972 enim
1608 2918 1667 2970 τὸ
1696 2916 1962 2972 mendacii
1999 2933 2089 2970 ex-

511 3017 715 3080 pertem
747 3027 888 3075 esse,
920 3023 974 3065 et
1006 3010 1066 3062 τδ
1096 3026 1202 3063 non
1227 3012 1464 3079 genitum
1485 3025 1606 3063 esse
1636 3007 1774 3062 idem
1801 3006 2088 3077 suntquod

511 3105 770 3166 essentia,
806 3105 967 3157 etiam
1000 3103 1139 3156 idem
1163 3111 1323 3154 erunt
1355 3101 1624 3154 mendacii
1659 3115 1854 3169 expers
1885 3109 1936 3153 et
1979 3117 2085 3154 non

512 3197 773 3267 genitum.
805 3192 976 3247 Filius
1006 3208 1153 3255 vero,
1179 3193 1270 3261 qui
1299 3193 1416 3261 ipsa
1442 3201 1525 3246 est
1549 3192 1774 3254 veritas,
1823 3194 2089 3246 mendacii

2185 1915 2283 1985 τῆς
2311 1914 2515 1979 οὐσίας,
2535 1914 2608 1979 ὡς
2630 1915 2690 1968 τὸ
2723 1915 2838 1985 φῶς
2867 1914 2960 1968 τοῦ
2994 1918 3451 1986 ἁπαυγάσματος.
3652 1917 3770 1968 οὔτε

2191 2005 2295 2075 μὴν
2316 2005 2375 2058 τὸ
2399 2006 2641 2077 γέννημα
2671 2007 3006 2077 συνεισφέρει
3023 2009 3121 2078 τὴν
3138 2007 3330 2060 ἑαυτοῦ
3355 2007 3569 2060 οὐσίαν·
3596 2009 3645 2059 εἰ
3666 2009 3771 2077 γὰρ

2186 2095 2251 2150 ἂν
2306 2096 2438 2166 (8:2),
2501 2099 2676 2151 πάντα
2715 2098 2782 2151 τὰ
2815 2098 3046 2168 γεννητὰ
3093 2099 3191 2168 τὴν
3230 2098 3396 2170 αὐτὴν
3459 2099 3764 2168 συνεισέφεο

2191 2204 2280 2257 ρον
2311 2188 2519 2252 οὐσίαν,
2552 2190 2644 2242 καὶ
2696 2190 2943 2259 ἄγγελος,
2979 2191 3072 2243 καὶ
3117 2190 3299 2253 ἵππος,
3330 2190 3424 2242 καὶ
3460 2190 3632 2253 κύων,
3678 2189 3764 2242 καὶ

2188 2278 2490 2348 ἄνθρωπος.
2542 2281 2724 2333 Πάντα
2758 2281 2866 2354 γὰρ
2900 2281 3097 2350 ὁμοίιος
3138 2281 3243 2334 εἰσὶ
3270 2283 3528 2352 γεννητὰ,
3567 2280 3681 2334 ἀλλ’
3706 2283 3761 2332 οὐ

2188 2371 2286 2439 τῆς
2329 2372 2497 2442 αὐτῆς
2528 2372 2732 2435 οὐσίας.
2761 2374 2820 2426 Εἰ
2848 2373 2902 2426 δὲ
2933 2372 3110 2437 τοῦτο,
3143 2373 3242 2425 οὐκ
3272 2373 3378 2444 ἄρα
3420 2374 3481 2426 τὸ
3514 2373 3760 2444 γεννητὲν

2187 2463 2364 2516 οὐσία.
2410 2463 2524 2518 Κᾶν
2558 2465 2632 2536 μὴ
2670 2461 2761 2518 οὖν
2813 2464 3096 2534 εἰσάγηταί
3121 2482 3174 2518 τι
3200 2464 3260 2517 τὸ
3286 2465 3604 2535 ἀγέννητον.

2190 2555 2338 2625 παρὰ
2358 2555 2513 2608 τοῦτο
2549 2556 2703 2608 οὐσία
2723 2574 2735 2586 '
2767 2557 2861 2610 καὶ
2885 2557 2992 2628 γὰρ
3022 2557 3114 2610 καὶ
3137 2556 3196 2608 τὸ
3220 2556 3449 2625 ἀψευδὲς
3470 2557 3623 2610 οὐδὲν
3652 2559 3753 2609 els-

2190 2649 2334 2714 ἀγει,
2369 2649 2460 2700 καὶ
2497 2649 2596 2700 οὐκ
2625 2648 2766 2701 ἔστιν
2824 2648 3008 2702 οὐσία’
3041 2651 3088 2702 εἰ
3113 2649 3221 2718 γὰρ
3253 2648 3312 2700 τὸ
3351 2648 3578 2718 ἀψευδὲς
3611 2649 3755 2701 οὐσία

2191 2739 2284 2791 καὶ
2331 2737 2390 2791 τὸ
2433 2738 2724 2810 ἀγέννητον
2752 2739 2906 2792 οὐσία
2939 2739 3074 2808 (85),
3101 2738 3263 2791 ταύτό
3305 2740 3422 2790 ὲστι
3451 2738 3512 2790 τὸ
3538 2737 3754 2806 ἀψευδὲς

2188 2829 2264 2900 τῷ
2301 2831 2598 2901 ἀγεννητῳ.
2633 2830 2890 2902 Ἀψευδὴς
2919 2831 2974 2884 δὲ
3001 2831 3029 2882 ὁ
3060 2831 3203 2894 Υἱὸς,
3230 2831 3455 2902 ἀλήθεια
3484 2829 3578 2883 ὤν’
3605 2831 3752 2896 ἀγέν-

2187 2938 2345 2990 νητος
2387 2922 2522 2994 ἄρα’
2557 2924 2656 2976 οὐκ
2703 2925 2994 2994 ἁγέννητος
3036 2925 3092 2977 δὲ
3128 2923 3266 2976 κατά
3302 2923 3383 2985 σὲ,
3411 2921 3746 2993 ἀψευδὴςὸέ·

2187 3015 2247 3066 οὐ
2277 3015 2442 3068 ταύτὸ
2469 3015 2574 3085 ἄρα
2603 3016 2994 3086 σημαινόμενον
3025 3018 3137 3068 ἐστι
3165 3017 3224 3068 τὸ
3251 3015 3478 3084 ἀψευδὲς
3503 3015 3581 3086 τῷ
3603 3018 3749 3084 ἀγεν-

2189 3105 2351 3176 νήτῳ.
2387 3107 2449 3158 Εἰ
2486 3106 2542 3158 δὲ
2575 3107 2672 3158 οὐκ
2717 3105 2831 3158 ἔστι
2861 3107 3024 3159 ταύτὸ
3067 3107 3484 3176 σημαινόμενον,
3523 3106 3622 3159 οὐκ
3650 3107 3747 3175 ἄρα

2191 3196 2346 3246 οὐσία
2374 3195 2433 3247 τὺ
2456 3195 2766 3265 ἀγέννητον,
2802 3197 2923 3249 ἐπεὶ
2952 3196 3086 3267 μηδὲ
3113 3197 3170 3249 τὸ
3195 3195 3442 3265 ἀψευδές.

511 3301 704 3354 expers
734 3292 850 3349 est;
882 3299 1012 3352 ergo
1069 3284 1233 3335 etiam
1279 3299 1386 3336 non
1427 3284 1640 3352 genitus
1679 3281 1780 3335 erit
1806 3301 1818 3334 :
1848 3298 1952 3334 non
1982 3293 2064 3338 est
2102 3293 2280 3340 autem
2316 3288 2614 3341 secundum
2651 3297 2702 3341 te
2731 3305 2838 3342 non
2877 3288 3113 3359 genitus,
3162 3295 3215 3341 et
3277 3294 3362 3341 cst
3395 3295 3575 3341 tamen
3607 3302 3748 3340 men-

511 3381 653 3434 dacii
709 3395 937 3449 expers;
985 3380 1151 3448 igitur
1209 3376 1473 3432 mendacii
1521 3394 1715 3447 expers
1775 3393 1880 3432 non
1949 3379 2090 3433 idem
2155 3381 2424 3452 signiticat
2479 3383 2624 3452 quod
2685 3398 2792 3437 non
2853 3381 3112 3452 genitum.
3179 3380 3234 3432 Si
3265 3395 3392 3433 vero
3452 3395 3558 3432 non
3617 3378 3746 3432 idem

512 3473 804 3544 signiﬁcat,
860 3488 992 3526 sane
1035 3474 1272 3526 essentia
1326 3487 1432 3525 non
1475 3483 1559 3526 est
1628 3473 1952 3542 ingenitum,
1993 3476 2252 3543 quoniam
2321 3495 2421 3532 nre
2477 3481 2653 3548 ipsum
2685 3475 2969 3548 .mendacii
3005 3491 3200 3545 expers
3236 3490 3356 3529 esse
3405 3475 3525 3544 ipsa
3572 3487 3746 3528 essen.

510 3565 584 3617 tia
614 3573 716 3617 est.

579 3657 670 3709 ‘23.
699 3657 889 3708 Auom.
921 3655 976 3708 Si
1002 3655 1180 3708 omnis
1225 3653 1531 3707 substantia
1589 3661 1674 3708 est
1732 3669 1840 3708 non
1880 3656 2082 3724 genita,

509 3749 686 3818 qualis
711 3759 763 3802 et
779 3748 868 3802 Dei
894 3747 1302 3818 omnipotentis,
1327 3745 1599 3815 quomodo
1629 3747 1765 3799 hanc
1790 3746 1938 3800 dices
1961 3761 2085 3801 esse

509 3842 814 3911 patibilem,
848 3841 995 3894 illam
1052 3856 1179 3894 vero
1211 3839 1604 3909 impatibilem?
1641 3838 1696 3892 Si
1733 3850 1935 3894 naturae
1972 3856 2082 3896 non

509 3932 704 4002 genitae
761 3931 1134 3991 attributione,
1195 3930 1473 3998 quantitas
1519 3929 1734 3998 quidem
1768 3939 1822 3983 et
1849 3932 2082 4000 qualitas

509 4031 842 4093 perseverat.
881 4024 1212 4090 omninoque
1235 4022 1280 4074 si
1315 4021 1438 4082 erit,
1461 4020 1608 4074 omni
1640 4022 1938 4075 mutatione
1990 4038 2082 4076 su-

510 4114 779 4184 periorem
811 4120 1025 4182 oportet
1069 4128 1213 4166 esse.
1272 4110 1328 4164 Si
1376 4126 1506 4164 vero
1560 4111 1798 4179 passioni
1841 4111 2082 4166 obnoxia

509 4212 614 4268 est,
653 4205 728 4255 ita
757 4210 813 4255 ut
837 4202 1328 4255 inunutabilitatem
1363 4202 1612 4255 essentia:
1637 4201 1897 4263 obtineat,
1933 4203 2084 4256 casui

509 4296 825 4366 permittere
857 4308 1113 4363 cogemur
1135 4307 1198 4347 ea
1244 4309 1365 4362 qua:
1405 4294 1551 4346 circa
1608 4308 1696 4348 res
1748 4293 2032 4364 pra-dictas
2070 4314 2082 4346 :

509 4385 790 4457 aut(quod
825 4401 954 4440 sane
983 4385 1108 4438 inde
1155 4387 1529 4454 consequitur)
1560 4398 1679 4438 eam
1735 4399 1855 4454 quae
1905 4385 2086 4448 ellicit,

2259 3654 2348 3708 95.
2380 3654 2577 3722 Ἀνόμ.
2612 3654 2672 3706 El
2703 3654 2850 3706 πᾶσα
2871 3649 3029 3704 οὐσία
3058 3651 3205 3703 ἐστὶν
3237 3649 3550 3722 ἀγέννητος,
3590 3655 3674 3707 οἵα
3717 3658 3748 3714 ἡ

2189 3747 2282 3800 τοῦ
2304 3745 2438 3800 Θεοῦ
2464 3747 2915 3818 παντοκράτορος,
2941 3744 3057 3806 πῶς
3076 3744 3174 3814 τὴν
3193 3743 3290 3814 μὲν
3317 3743 3564 3815 παθητὴν
3592 3751 3745 3818 ἐρεῖς,

2189 3842 2286 3911 τὴν
2307 3841 2362 3892 δὲ
2390 3839 2603 3910 άπαθῆ;
2637 3841 2698 3892 El
2726 3839 2782 3891 δὲ
2803 3838 3014 3907 φύσεως
3034 3836 3410 3908 ἀποκληρώσει
3440 3839 3746 3910 ἀγέννητον,

2189 3936 2222 4004 η
2249 3935 2350 4004 μὲν
2379 3933 2619 4001 διαμένει
2651 3931 2882 4000 ποσότης
2916 3929 3028 3999 (84)
3068 3929 3162 3982 καὶ
3187 3929 3428 4000 ποιότης,
3455 3933 3550 3984 καὶ
3571 3934 3748 3997 ἁπλῶς

2187 4020 2236 4070 εἰ
2270 4014 2358 4088 ἦν,
2390 4017 2568 4086 πάσης
2600 4014 2896 4086 μεταϐολῆς
2925 4013 3158 4085 ἀμείνων
3187 4012 3412 4084 ὤφειλεν
3438 4012 3596 4068 εἶναι.
3619 4019 3677 4069 Ei
3698 4020 3747 4072 ἃ

2189 4108 2351 4161 πάθει
2394 4108 2537 4160 ἐστὶν
2571 4105 2886 4169 ὑπεύθυνος,
2919 4106 3328 4178 συγχωρηθεῖσα
3350 4108 3411 4161 τὸ
3438 4109 3744 4182 ἀπαράλλα-

2188 4217 2315 4252 κτον
2351 4201 2428 4263 εἰς
2457 4199 2644 4252 οὐσίαν
2670 4197 2833 4268 ἔχειν,
2875 4197 2952 4269 τῷ
2993 4199 3280 4270 αὐτομάτῳ
3311 4198 3423 4267 (85)
3468 4203 3747 4272 ἐπιτρέψαι

2187 4291 2471 4361 ὀφείλομεν
2501 4290 2568 4343 τά
2593 4289 2732 4342 κατά
2753 4291 2849 4354 τὰς
2866 4291 3260 4362 προειρημένας
3279 4309 3291 4321 ·
3322 4293 3354 4363 ἢ
3383 4294 3462 4362 (τὸ
3481 4294 3607 4362 γοῦν
3636 4299 3749 4349 ακό-

2189 4384 2400 4454 λουθον)
2454 4384 2548 4454 τὴν
2584 4383 2839 4437 ποιοῦσαν
2872 4385 3161 4453 ἀγέννητον
3189 4386 3380 4448 εἰπεῖν,
3409 4388 3664 4458 γεννητὴν
3694 4389 3745 4441 ἑὲ

510 4475 694 4530 dicere
724 4490 830 4527 non
861 4475 1097 4544 genitam
1126 4493 1139 4528 :
1173 4490 1291 4529 eam
1330 4490 1458 4529 vero
1499 4490 1620 4544 qua:
1664 4484 1905 4528 mutatur
1930 4476 2084 4546 geni-

2191 4477 2290 4546 τὴν
2320 4474 2808 4546 μεταϐαλλομένην.
2853 4475 3004 4542 Ὄρθ.
3024 4476 3166 4528 Ἔδει
3204 4477 3298 4546 μὲν
3327 4473 3417 4530 οὖν
3444 4481 3588 4548 ἡμᾶς
3619 4480 3745 4550 πρὸς

509 4575 642 4623 tam.
675 4567 826 4622 Orth.
862 4566 1123 4638 Equidem
1157 4567 1224 4619 ad
1255 4577 1375 4620 tuas
1409 4567 1549 4621 male
1577 4567 1910 4622 cohaerentes
1959 4583 2082 4638 pro-

509 4659 812 4731 positiones
838 4669 1001 4730 atque
1041 4660 1411 4724 inductiones,
1459 4659 1594 4712 nihil
1645 4674 1746 4712 nos
1795 4660 2081 4728 oportebat

510 4752 872 4822 respondere:
906 4760 1164 4816 attamen,
1188 4767 1255 4805 ue
1274 4751 1368 4804 tibi
1393 4750 1630 4804 videaris
1657 4750 1897 4818 sapiens,
1928 4751 2081 4804 disce

509 4859 539 4896 a
573 4843 927 4913 blasphemiis
956 4843 1254 4898 abstinere.
1291 4840 1370 4894 Tu
1399 4843 1492 4911 qui
1513 4842 1755 4910 passioui
1787 4840 2078 4894 obnoxiam

507 4931 630 4986 Filii
667 4933 1028 4988 substantiam
1081 4933 1240 4995 dicis,
1275 4933 1343 4986 ab
1397 4947 1464 4986 eo
1493 4931 1749 5002 passione
1781 4938 1841 4986 ut
1890 4946 2080 4986 careas

507 5043 575 5080 ne
606 5036 927 5095 exspectes:
965 5027 1010 5079 si
1038 5029 1180 5079 enim
1223 5026 1515 5096 participes
1549 5023 1670 5094 ejus
1705 5024 1833 5078 facti
1868 5039 2078 5086 sumus,

508 5119 714 5186 absque
745 5116 1092 5185 passionibus
1116 5117 1459 5170 manebimus
1491 5131 1502 5166 :
1542 5117 1781 5182 passioni
1817 5130 1949 5185 ergo
1982 5117 2078 5167 ob-

508 5207 671 5261 noxia
701 5214 806 5266 est.
838 5222 958 5276 quze
977 5206 1097 5261 aliis
1117 5207 1218 5260 hoc
1240 5215 1480 5276 praestat,
1511 5216 1569 5262 ut
1593 5207 1846 5277 passione
1866 5213 2076 5260 vacent.

508 5299 768 5370 Quisquis
793 5300 957 5369 igitur
990 5310 1167 5353 tecum
1203 5298 1423 5362 dixerit,
1462 5315 1678 5353 omnem
1715 5299 2078 5354 substantiam

511 5405 620 5443 non
646 5392 888 5459 genitam
920 5406 1064 5454 esse,
1093 5390 1442 5446 Christianus
1466 5407 1575 5445 non
1612 5397 1696 5446 est
1737 5409 1750 5444 :
1793 5406 1901 5444 non
1933 5392 2078 5444 enim

509 5481 723 5550 Opiﬁcia
768 5483 1012 5536 eamdem
1033 5499 1195 5552 quam
1231 5481 1411 5554 Opifex
1453 5483 1754 5539 cxsistendi
1812 5483 2076 5552 rationem

604 5616 692 5687 80)
731 5620 958 5688 August.
986 5621 1091 5673 τῶν
1117 5621 1390 5676 οὐσιωδῶν
1417 5622 1558 5676 δευτ.

731 5692 959 5762 August,
994 5692 1145 5744 οὐδὲν
1174 5692 1365 5762 ἐαυτῷ.
1381 5708 1584 5746 συνεισ.

602 5756 690 5829 82)
729 5756 901 5814 Palat.
934 5761 968 5815 ‘2
997 5771 1050 5817 et
1073 5768 1301 5833 August.
1321 5756 1406 5832 ’ἦν
1431 5763 1537 5833 γὰρ
1572 5764 1654 5816 ἀν.

2188 4565 2247 4617 τὸ
2294 4565 2650 4618 ἀνακόλουθον
2683 4566 2790 4618 τῶν
2824 4566 3134 4636 προτάσεων
3177 4566 3269 4618 καὶ
3307 4569 3416 4620 τῶν
3452 4571 3743 4639 ἐπαγωγῶν

2186 4657 2324 4726 μήτε
2355 4656 2752 4726 ἀποκρίνασθαι
2773 4673 2784 4683 ·
2831 4656 2916 4708 ἵνα
2943 4656 2997 4708 δὲ
3041 4656 3114 4726 μὴ
3138 4656 3291 4729 δόξῃς
3324 4658 3576 4728 φρόνιμος
3601 4665 3743 4732 παρὰ

2185 4747 2411 4817 σεαυτῷ,
2464 4748 2700 4817 μάνθανε
2756 4748 2829 4819 μὴ
2884 4747 3240 4818 βλασφημεῖν.
3277 4750 3530 4820 Παθητὴν
3580 4752 3742 4820 λέγων

2180 4840 2278 4910 τὴν
2311 4838 2404 4890 τοῦ
2446 4838 2576 4891 Υἰοῧ
2629 4839 2840 4902 οὐσίαν,
2879 4841 2953 4910 μὴ
3007 4842 3381 4913 προσδοκήσῃς
3434 4844 3559 4913 παρ’
3587 4844 3741 4897 αὐτοῦ

2180 4931 2275 5002 τὴν
2306 4930 2572 4984 ἀπάθειαν
2626 4931 3049 5003 κληρονομῆσαι·
3084 4936 3131 4986 sl
3168 4936 3273 5006 γὰρ
3325 4937 3538 5006 μέτοχοι
3582 4939 3741 5009 αὐτῆς

2179 5023 2499 5089 γεγόναμεν,
2539 5021 2770 5084 ἀπαθεῖς
2814 5021 3156 5092 διαμένομεν.
3207 5024 3440 5095 ’Δπαθὴς
3471 5025 3575 5096 ἄρα
3603 5027 3742 5079 ἐστ’.ν

2180 5116 2212 5184 ἡ
2264 5115 2571 5185 παρέχουσα
2636 5113 2808 5178 ἄλλοις
2869 5114 2964 5183 τὴν
3012 5115 3292 5167 ἀπάθειαν,
3343 5117 3401 5168 Ὀ
3440 5112 3535 5168 οὖν
3578 5117 3740 5183 λέγων

2180 5205 2359 5256 πᾶσαν
2413 5205 2597 5256 οὐσίαν
2655 5199 2792 5256 εἶναι
2839 5204 3134 5275 ἀγέννητον
3179 5206 3314 5274 μετά
3360 5206 3473 5268 σοῦ,
3502 5207 3598 5258 οὐκ
3633 5207 3738 5260 ἐστι

2179 5296 2519 5366 Χριστιανός·
2545 5297 2606 5351 οὐ
2635 5295 2742 5365 γὰρ
2771 5297 2860 5348 τὸν
2890 5295 3049 5348 αὐτὸν
3078 5296 3233 5362 λόγον
3271 5296 3362 5349 τοῦ
3394 5293 3526 5348 εἶναι
3557 5298 3737 5366 ἔχομεν

2180 5387 2246 5439 τὰ
2281 5388 2560 5457 ποιήματα
2611 5387 2688 5456 τῷ
2717 5387 3058 5456 πεποιηκότι.
3095 5387 3190 5441 Διά
3221 5388 3327 5458 γὰρ
3353 5387 3507 5442 τοῦτο
3536 5391 3624 5441 καὶ
3655 5390 3738 5439 τὴν

2181 5480 2308 5532 my
2340 5479 2677 5549 ἀπαύγασμα
2729 5474 2867 5531 εἶναι
2905 5480 3157 5550 λέγομεν,
3192 5481 3278 5533 ἵνα
3337 5480 3412 5550 μὴ
3459 5480 3546 5532 τὸν
3589 5481 3737 5532 αὐτὸν

2250 5620 2361 5688 (85)
2402 5621 2630 5688 August.
2658 5623 2751 5674 καὶ
2777 5622 2837 5673 τὸ
2865 5621 3119 5689 γεννητὸν
3150 5621 3326 5676 οὐσία.

2251 5691 2359 5756 (84)
2401 5690 2628 5761 August.
2659 5702 2711 5744 et
2740 5691 2913 5744 Palat.
2937 5692 2972 5744 2
3001 5695 3050 5744 ει
3086 5691 3182 5761 μὲν
3218 5691 3366 5760 μένει
3398 5691 3642 5760 ποσότης.

2251 5760 2360 5830 (85)
2402 5761 2572 5814 Palat.
2601 5760 2634 5813 Ξ
2663 5770 2715 5814 ιι
2737 5762 2967 5831 August.
3006 5761 3066 5816 τὸ
3091 5760 3429 5831 αὐτομάτως.
