3982 6398
219 421 353 476 “93

1207 417 1296 472 DE
1336 412 1609 476 SANCTA
1650 416 2027 474 TBINITATE
2065 416 2411 475 MALOGUS
2447 415 2512 471 ll.

3342 419 3482 476 1194

216 534 366 603 λόίον
398 535 492 588 τοῦ
531 532 667 589 εἶναι
700 535 844 606 ἔχειν
883 535 1197 607 νομίσωμεν
1251 536 1436 601 αὐτὸν,
1488 537 1548 591 ὃν
1597 536 1777 611 ἔχομει

1898 536 2188 593 habemus.
2230 535 2365 592 Nam
2417 538 2544 591 ideo
2591 535 2791 590 Filium
2844 534 3193 606 splendorem
3235 552 3365 594 esse
3396 537 3481 593 di-

216 629 393 698 ἡμεῖς,
432 628 483 681 oi
518 627 577 692 ἐξ
623 630 723 682 οὐκ
767 629 935 682 ὄντων
994 629 1112 683 κατ’
1161 629 1382 701 ἐντολὴν
1435 630 1793 702 ὑπάρχοντες.

217 721 413 790 ’Διί-ὀμ.
439 721 504 774 Ei
535 722 634 793 τῆς
673 722 1001 794 γιγνομένης
1044 727 1076 795 ἠ
1126 722 1422 795 ἀγέννητος
1456 725 1618 795 φύσις
1649 727 1795 779 ἐστὶν

215 810 377 877 αἰτία,
407 811 468 865 τὸ
495 799 878 885 δὲ’ἀγέννητον
918 812 1083 884 μηδὲν
1120 812 1206 883 εἴη
1227 830 1241 844 ο
1270 813 1386 877 πῶς
1409 813 1475 867 ἂν
1508 814 1593 885 εἴη
1624 814 1796 868 αἴτιον

214 902 272 954 τὸ
311 903 481 974 μηδὲν
533 902 627 957 τοῦ
683 904 1001 973 γεγονότοςς
1061 905 1215 973 Ὀρθ.
1258 906 1413 958 Attia
1457 906 1604 959 ἐστὶν
1638 905 1794 977 ⁴ἢτοῦ

214 993 347 1046 Θεοῦ
375 994 558 1063 φύσις,
590 996 683 1048 καὶ
716 995 807 1049 τοῦ
836 994 991 1059 Υἱοῦ,
1019 996 1111 1049 καὶ
1136 996 1230 1049 τοῦ
1262 995 1417 1065 ἁγίου
1455 997 1793 1067 Πνεύματος,

214 1086 303 1139 καὶ
324 1087 427 1157 τῆς
458 1087 688 1151 κτίσεως
710 1087 909 1159 πάσης’
931 1087 1066 1141 ἀλλά
1094 1086 1189 1140 τοῦ
1215 1086 1313 1157 μὲν
1343 1084 1472 1139 Υἰοῦ
1500 1087 1573 1150 ὼς
1596 1088 1793 1157 Λόγου,

210 1177 300 1234 τοῦ
332 1179 391 1233 δὲ
430 1177 743 1250 Πνεύματος
774 1180 851 1243 ὡς
879 1181 1076 1251 πνοῆςο
1112 1180 1247 1251 πνοὴ
1280 1178 1388 1251 γάρ
1418 1180 1795 1251 Παντοκράτο-

212 1286 302 1343 ρος
342 1270 376 1340 ἠ
408 1269 668 1334 διδάξασά
719 1287 785 1342 με
807 1287 821 1301 ’
853 1271 949 1343 τῆς
983 1270 1040 1324 δὲ
1086 1271 1316 1333 κτίσεως
1356 1270 1432 1334 ὡς
1467 1272 1790 1342 ποιήματος.

223 1362 315 1415 Ἐκ
346 1361 458 1434 γὰρ
485 1361 749 1433 μεγέθους
774 1364 866 1415 καὶ
896 1362 1158 1433 καλλονῆς
1180 1363 1495 1433 κτισμάτων
1519 1363 1796 1433 ἀναλόγως

208 1455 237 1506 ὁ
261 1453 646 1528 γενεσιουργὺς
671 1454 849 1508 αὐτῶν
875 1454 1185 1526 θεωρεῖταν
1221 1453 1345 1508 οὐτε
1380 1455 1437 1508 δὲ
1469 1455 1625 1525 λόγος
1663 1473 1799 1528 προ-

210 1545 430 1617 φορικὸς
462 1546 553 1601 διὰ
589 1545 697 1599 τῶν
727 1546 1047 1618 φωνητικῶν
1071 1546 1316 1618 ὀργάνων
1344 1546 1791 1617 ἐκπεμπόμενος,

207 1636 329 1691 οὔτε
362 1639 497 1710 πνοή
519 1655 603 1701 τις
634 1638 952 1709 διαχεομένη
982 1636 1075 1689 καὶ
1089 1637 1183 1690 διὰ
1211 1634 1320 1690 τῶν
1350 1637 1794 1690 ἀναπνευστικῶν

205 1728 454 1800 ὀργάνων
483 1728 1048 1800 έκπεμπομένη,ἀλλά
1068 1729 1162 1782 καὶ
1191 1729 1362 1796 Λόγος
1392 1729 1499 1793 ζῶν
1528 1730 1623 1782 καὶ
1644 1730 1794 1799 ὲνερ-

208 1821 305 1893 γης
324 1838 338 1850 ·
377 1840 397 1873 ι
442 1821 627 1875 Πάντα
656 1820 766 1891 γὰρ
795 1820 862 1874 δι’
893 1819 1058 1874 αὐτοῦ
1093 1820 1337 1889 ἐγένετοο
1374 1841 1393 1873 ι
1415 1821 1510 1875 κα)⁸
1531 1822 1593 1875 τὸ
1622 1822 1793 1877 Πνεῦ-

1896 629 2105 691 cimus,
2163 644 2233 683 ne
2278 629 2526 684 eamdem
2587 628 2889 685 exsistendi
2950 631 3223 684 rationem
3298 630 3485 701 ipsum.

1898 719 2100 777 habere
2148 720 2545 785 existimemus,
2605 736 2768 791 quam
2811 728 2866 775 et
2912 736 3041 787 nos,
3091 722 3184 792 qui
3236 735 3302 776 ex
3368 736 3476 777 non

1896 813 2290 869 exsistentibus
2337 812 2431 869 Dei
2490 815 2746 870 mandato
2782 815 3121 870 exsistimus.
3171 813 3363 868 Anam.
3420 814 3478 870 Si

1896 906 2132 961 condita:
2159 916 2369 962 natura:
2390 922 2497 962 non
2528 909 2709 979 genita
2759 917 2953 962 natura
2986 923 3154 962 causa
3219 917 3324 971 est,
3366 924 3475 964 non

1896 999 2139 1069 genitum
2163 1008 2344 1054 autem
2408 1001 2543 1055 nihil
2572 1009 2676 1065 est,
2710 1000 2985 1072 quomodo
3039 1001 3161 1071 ejus
3197 1003 3344 1072 quod
3396 1002 3477 1057 fa-

1897 1098 2047 1143 ctum
2094 1098 2197 1152 est,
2230 1105 2398 1145 causa
2429 1106 2552 1146 esse
2611 1102 2792 1161 potest
2845 1091 2994 1163 quod
3029 1109 3136 1147 non
3166 1095 3288 1149 est?
3315 1092 3471 1149 ΟνιΙι.

1897 1179 1991 1235 Dei
2037 1188 2256 1243 natura,
2312 1179 2457 1245 Filii,
2517 1191 2571 1237 et
2622 1183 2856 1251 Spiritus
2883 1184 3082 1250 sancti,
3114 1192 3169 1237 et
3208 1184 3476 1240 universa:

1898 1280 2164 1326 creatura:
2222 1287 2388 1327 causa
2438 1282 2522 1327 est
2561 1292 2574 1327 :
2610 1283 2665 1327 at
2698 1274 2820 1328 Filii
2874 1284 2934 1329 nt
2990 1274 3183 1343 Verbi;
3239 1274 3474 1345 Spiritus

1897 1380 2029 1419 vero
2057 1365 2256 1429 sancti,
2296 1374 2354 1419 ut
2405 1364 2564 1421 ﬂatus
2613 1386 2627 1421 :
2669 1368 2830 1423 ilatus
2860 1368 3005 1423 enim
3068 1367 3475 1439 Omnipotentis

1896 1467 1980 1511 est
2008 1456 2103 1527 qui
2135 1472 2221 1512 me
2258 1458 2446 1512 docuit
2477 1475 2492 1523 ;
2521 1469 2894 1514 creaturarum
2922 1469 3126 1524 autem,
3175 1471 3235 1516 ut
3266 1464 3471 1533 operis.

1896 1548 1974 1603 Ex
2004 1550 2381 1630 magnitudine
2405 1552 2550 1606 enim
2589 1560 2644 1608 et
2672 1564 2866 1622 ornatu
2902 1563 3298 1620 creaturarum,
3335 1571 3474 1627 qua-

1895 1641 2020 1694 dam
2051 1641 2405 1712 proportione
2436 1643 2618 1712 opifex
2651 1644 2867 1699 illarum
2895 1645 3253 1717 conspicitur,
3293 1666 3472 1720 neque

1895 1748 2026 1785 vero
2056 1733 2279 1787 verbum
2314 1720 2651 1804 prolatitium
2700 1744 2785 1792 est
2816 1735 2979 1809 437
3008 1755 3105 1809 ρει·
3138 1742 3349 1795 vocalia
3378 1757 3471 1796 or-

1895 1834 2033 1891 gana
2059 1824 2344 1887 emissum,
2386 1839 2564 1894 neque
2590 1825 2755 1880 etiam
2790 1825 2952 1883 {latus
2985 1828 3076 1884 ille
3092 1829 3326 1886 diﬂ'usns
3347 1833 3472 1902 qui-

210 1930 286 1982 μα
311 1910 423 1978 ζῶν
452 1914 547 1968 καὶ
579 1911 833 1984 ἐνεργοῦν
851 1930 864 1942 ·
902 1931 921 1964 ι
950 1912 1136 1967 Πάντα
1163 1913 1272 1984 γάρ
1300 1914 1512 1986 ἐνεργεῖ
1534 1915 1708 1968 ταῦτα
1731 1914 1777 1968 τί

1892 1913 2013 1968 dem
2044 1920 2097 1968 et
2124 1929 2218 1982 per
2245 1929 2450 1986 organa
2489 1917 2716 1986 spiritus
2736 1918 2985 1974 vehicula
3018 1922 3259 1978 emissus
3292 1946 3305 1977 ι
3337 1927 3469 1995 quin

206 2004 263 2056 ἓν
297 2007 395 2058 καὶ
421 2006 483 2057 τὸ
511 2004 644 2058 αὐτὸ
671 2004 917 2076 Πνεῦμα,
950 2003 1193 2077 διαιροῦν
1230 2003 1336 2076 ἰδίᾳ
1363 2004 1576 2075 ἑκάστῳ
1608 2004 1777 2069 καθὼς

1894 2006 2077 2076 potius
2105 2002 2344 2061 Verbum
2370 2006 2504 2062 illud
2542 2010 2730 2064 vivens
2757 2017 2841 2065 est
2883 2018 2937 2066 et
2962 2011 3148 2067 elIicax
3178 2030 3192 2066 :
3233 2034 3251 2067 ι
3274 2015 3470 2073 Omnia

208 2097 474 2167 βούλεται.
506 2118 526 2151 ι
546 2098 620 2151 Τὸ
645 2098 703 2151 δὲ
733 2093 1024 2169 ἀγέννητον
1048 2100 1147 2152 οὐκ
1176 2096 1320 2151 ἐστιν
1346 2097 1517 2151 αι’τιον
1544 2097 1637 2151 τοῦ
1665 2114 1777 2167 γεν-

1892 2098 2039 2151 enim
2066 2113 2163 2167 per
2184 2096 2319 2152 illud
2345 2098 2485 2153 facta
2520 2100 2810 2164 sunt“-",
2835 2120 2854 2153 ι
2891 2110 2946 2156 ει
2985 2102 3221 2174 Spiritus
3251 2124 3470 2179 quoque

204 2190 399 2262 νητοῦ·
433 2190 495 2243 οὐ
522 2189 632 2263 γάρ
665 2191 726 2243 τὸ
760 2190 836 2263 μὴ
864 2190 1119 2259 γενέσθαι
1150 2190 1242 2244 τὸν
1274 2189 1410 2243 Θεὸν
1438 2188 1548 2243 τῶν
1593 2191 1777 2244 οὐσιῶι

1891 2190 1983 2244 ille
2021 2192 2177 2246 vivus
2205 2198 2291 2246 est
2337 2199 2391 2245 et
2423 2206 2693 2261 operans:
2737 2213 2755 2245 ι
2788 2192 2983 2250 Omnia
3014 2198 3161 2253 enim
3194 2199 3307 2256 hmo
3336 2217 3470 2274 ope-

202 2283 391 2338 αἴτιον·
416 2284 533 2337 ἀλλ’
557 2287 591 2356 ἡ
624 2284 781 2337 οὐσία
806 2283 912 2337 τῶν
938 2282 1137 2337 οὐσιῶν
1166 2284 1331 2343 αἰτία,
1359 2283 1435 2347 ὡς
1458 2283 1690 2355 εἴρηται.
1724 2284 1777 2336 Ei

1888 2291 2045 2337 ratur
2073 2299 2215 2339 unus
2240 2292 2404 2352 atque
2438 2283 2579 2337 idem
2620 2283 2881 2355 Spiritus,
2930 2289 3184 2348 dividens
3231 2294 3467 2365 singulis

202 2377 309 2450 γὲρ
359 2377 423 2430 τὸ
472 2377 767 2447 ἀγέννητον
810 2375 1001 2439 αἴτιον,
1049 2377 1222 2438 αἴτιος
1247 2375 1305 2428 δὲ
1332 2375 1426 2428 καὶ
1461 2376 1491 2428 ὁ
1521 2374 1646 2438 Υἱὸς
1674 2376 1777 2428 τῶν

1889 2381 2050 2445 prout
2076 2376 2189 2430 vult
2218 2376 2285 2429 “.
2330 2395 2349 2426 ι
2385 2374 2443 2429 Id
2478 2391 2607 2430 vero
2630 2378 2776 2447 quod
2800 2394 2908 2433 non
2938 2384 3181 2453 genitum
3208 2399 3308 2453 est,
3352 2404 3467 2447 non

202 2470 519 2540 κτισμάτων
536 2487 550 2500 ο
587 2469 878 2541 ἀγέννητος
902 2468 1028 2540 ἀρα·
1054 2468 1168 2520 ἀλλ’
1192 2467 1292 2520 οὐκ
1318 2465 1613 2537 ἀγέννητος
1642 2467 1777 2521 κατά

1887 2473 1972 2518 εει
2001 2479 2166 2520 causa
2197 2464 2365 2534 geniti
2397 2482 2410 2517 :
2436 2480 2610 2535 neque
2641 2468 2785 2521 enim
2812 2471 2940 2538 quia
2971 2468 3115 2528 Deus
3145 2473 3322 2532 factus
3351 2493 3464 2535 non

203 2560 261 2611 σὲ
277 2599 292 2623 ,
321 2560 497 2622 αἴτιος
519 2559 598 2612 δέ·
628 2558 689 2611 οὐ
715 2558 777 2612 τὸ
802 2559 1096 2629 ἀγέννητον
1120 2555 1228 2629 ἀρα
1257 2555 1446 2609 αἴτιον.

1888 2562 1993 2621 εει,
2026 2554 2148 2610 ideo
2173 2571 2339 2611 causa
2368 2565 2453 2611 est
2494 2558 2957 2629 substantiarnm;
3011 2564 3108 2618 sed
3154 2567 3463 2625 substantia

202 2652 634 2705 snbstantiarutn
680 2664 846 2704 causa
894 2656 998 2717 est,
1043 2653 1101 2702 ut
1147 2647 1353 2701 dictum
1403 2653 1506 2701 est.
1560 2642 1772 2699 Etenim
1806 2644 1853 2701 si
1882 2646 2028 2715 quod
2055 2660 2162 2699 non
2190 2645 2432 2715 genitum
2454 2655 2539 2702 est
2560 2662 2727 2704 causa
2751 2661 2865 2719 est;
2898 2667 3066 2711 causa
3098 2672 3225 2713 vero
3241 2670 3463 2717 creatu-

205 2760 391 2799 rarum
423 2744 588 2798 etiam
613 2742 782 2798 Filius
819 2750 940 2808 est;
989 2755 1117 2811 ergo
1147 2748 1202 2795 et
1249 2754 1358 2795 non
1383 2738 1638 2809 genitus:
1674 2751 1784 2792 non
1822 2746 2104 2795 estautem
2125 2752 2235 2792 non
2256 2738 2475 2809 genitus
2508 2742 2809 2798 secundum
2856 2753 2928 2813 te,
2951 2755 3007 2802 et
3048 2757 3227 2806 tamen
3251 2753 3457 2825 causa;

203 2842 371 2912 igitur
401 2854 513 2894 non
543 2836 788 2909 genitum
821 2852 930 2891 non
960 2843 1044 2891 est
1063 2850 1252 2891 causa.

270 2936 362 2991 24.
390 2936 595 3003 Ἀνόμ.
620 2934 683 2986 Εἰ
706 2932 768 2985 τὸ
789 2932 1078 3003 ἀγέννητον
1098 2930 1421 3002 στέρησις,ἡ
1441 2928 1499 2982 δὲ
1523 2928 1777 3000 στέρησις

1950 2927 2041 2982 24.
2080 2928 2270 2986 Anam.
2313 2931 2369 2988 Si
2420 2950 2529 2989 non
2568 2935 2810 3006 genitum
2859 2951 2982 2991 esse
3036 2939 3270 3009 privatio
3322 2954 3448 3002 est:

201 3030 368 3097 ἕξεως
394 3026 638 3097 ἀποϐολή
669 3026 838 3085 ἐστιν.
866 3026 899 3095 η
924 3024 981 3077 δὲ
1017 3021 1257 3094 ἀποϐολὴ
1305 3019 1583 3083 παντελῶς
1617 3019 1777 3074 ἀπόλ-

1882 3022 2116 3091 privatio
2146 3032 2326 3079 autem
2347 3067 2363 3089 .
2414 3026 2635 3083 habitus
2669 3028 2893 3083 amissio
2923 3047 2937 3083 :
2970 3032 3232 3088 amissum
3269 3045 3452 3093 autem

200 3121 378 3187 λυται,
396 3120 431 3191 ἢ
453 3118 770 3189 μεθίσταται
803 3117 887 3184 ἐφ’
914 3114 1119 3187 ἕτερον·
1153 3113 1267 3177 πῶς
1300 3108 1411 3168 οἷον
1434 3130 1493 3166 τε
1514 3113 1624 3180 ’ἐξει
1652 3110 1777 3183 μεθ-

1881 3114 2099 3183 penitus
2161 3117 2466 3184 amittitur,
2522 3128 2617 3174 aut
2677 3121 3005 3177 transfertur
3041 3125 3111 3179 ad
3146 3127 3325 3195 aliud;
3357 3132 3453 3201 qni

204 3211 471 3283 ισταμένη
518 3209 552 3280 ἢ
589 3207 936 3281 ἀπολλυμένῃ
983 3206 1399 3277 κατωνομάσθαι
1445 3206 1542 3276 τὴν
1589 3206 1777 3259 οὐσίαν

1882 3204 1961 3266 lit,
1996 3204 2143 3274 quod
2172 3222 2237 3262 ex
2294 3208 2484 3265 habitu
2535 3218 2630 3265 aut
2663 3213 2926 3267 translato
2972 3223 3066 3275 aut
3123 3219 3328 3276 amisso
3357 3222 3453 3280 Dei

199 3301 292 3356 τοῦ
323 3299 462 3354 Θεοῦ
510 3300 803 3369 ἀγεννήτου
840 3298 1051 3367 φύσεως
1090 3296 1463 3369 προσηγορίας
1510 3298 1662 3364 Ὀρθ.
1690 3297 1774 3358 El,

199 3393 437 3465 ἀψευδὴς
457 3391 551 3457 ὢν,
570 3390 711 3446 κατά
732 3391 984 3463 στέρησιν
998 3389 1224 3460 ψεύδους
1242 3391 1386 3443 ἐστὶν
1406 3387 1659 3460 ἀψευδὴς,
1679 3390 1775 3442 καὶ

198 3484 475 3559 ἄφθαρτος
502 3484 600 3550 ὣν,
629 3483 770 3538 κατά
796 3482 1051 3555 στέρησιν
1085 3480 1289 3554 φθορᾶς
1308 3483 1453 3535 ἐστιν
1479 3479 1772 3553 ἄφθαρτος,

198 3581 317 3634 εἰπὲ
343 3579 439 3633 καὶ
467 3577 527 3632 τὸ
553 3577 847 3647 ἀγέννητον
886 3574 1032 3629 κατὰ
1070 3574 1345 3645 στέρησιν.
1381 3574 1441 3627 ’0
1473 3573 1530 3627 δὲ
1556 3590 1776 3626 κατονο-

199 3673 380 3742 μάσας
406 3669 504 3742 τὴν
528 3668 622 3724 τοῦ
658 3668 793 3723 Θεοῦ
824 3668 1009 3722 οὐσίαν
1044 3668 1107 3721 σὺ
1142 3663 1213 3729 εἷ,
1236 3668 1265 3719 ὁ
1290 3665 1513 3721 τοιαῦτα
1539 3665 1772 3737 τολμῶν,

195 3766 288 3818 καὶ
312 3762 456 3817 κατὰ
478 3761 615 3816 Θεοῦ
638 3761 962 3833 μαχόμενος.
982 3758 1155 3813 Αὐτοῦ
1173 3759 1281 3831 γὰρ
1301 3759 1570 3828 λέγοντος,
1590 3757 1775 3822 καθὼς

194 3852 517 3926 προείρηται
534 3870 550 3883 ο
583 3871 602 3904 ι
632 3852 842 3922 Ὤφθην
868 3850 1001 3923 πρὸς
1029 3847 1298 3922 Ἀδραὰμ,
1325 3850 1420 3904 καὶ
1454 3849 1656 3912 Ἰσαὰκ,
1678 3849 1773 3901 καὶ

204 3944 424 4009 Ἰακὼϐ,
452 3945 577 4008 τοὺς
616 3943 859 4013 πατέρας
892 3941 1064 4013 ὑμῶν,
1084 3940 1214 4004 Θεὸς
1245 3939 1319 3995 ὢν
1347 3939 1547 4005 αὐτῶν,
1581 3941 1676 3993 καὶ
1713 3940 1773 3993 τὸ

189 4035 362 4107 δνομά
392 4053 493 4107 μου
516 4035 617 4088 οὐκ
646 4032 969 4102 ἀπεκάλύψα
1001 4033 1182 4096 αὐτοῖς
1203 4049 1217 4062 ο
1256 4052 1275 4084 ι
1316 4033 1382 4086 σὺ
1425 4032 1607 4102 σαυτῴ
1640 4033 1773 4084 ἀπο-

188 4129 346 4191 δίδως
395 4126 627 4198 μεγάλα.
674 4125 745 4178 Ἢ
774 4123 883 4195 γὰρ
907 4123 982 4187 ὡς
1022 4121 1244 4177 ἐκείνων
1278 4120 1772 4195 ὐπεραναϐεὸηκὼς

189 4217 251 4282 ἐξ
294 4215 692 4286 ἀποκαλύψεως
722 4214 876 4285 ἔσχες
923 4212 1015 4267 τοῦ
1048 4212 1309 4284 ὀνόματος
1342 4214 1441 4286 τὴν
1483 4212 1704 4284 γνῶσιν,
1734 4212 1768 4286 ἦ

189 4311 284 4363 καὶ
320 4309 398 4381 μὴ
429 4307 752 4380 βουλομένου
793 4305 928 4360 Θεοῦ
972 4306 1303 4377 κατείληφας
1344 4305 1506 4360 αὐτοῦ
1548 4305 1647 4375 τῆς
1683 4304 1772 4359 οὐ-

190 4402 310 4467 σίας
325 4402 390 4455 τὸ
413 4400 605 4473 ὄνομα.
626 4400 822 4468 Ἀνόμ.
847 4399 909 4451 Εἰ
934 4398 995 4451 τὸ
1020 4399 1312 4469 ἀγέννητον
1340 4396 1487 4471 δηλοί
1517 4397 1771 4470 στέρησιν

191 4496 265 4566 μὴ
298 4493 609 4565 προσοῦσαν
630 4491 710 4563 τῷ
733 4490 1002 4562 Θεῷ,πῶς
1030 4490 1320 4562 ἀγέννητον
1350 4487 1486 4545 εἶναι
1517 4489 1766 4559 λέγομεν,

185 4587 444 4656 γεννητὸν
480 4585 547 4661 δε.
579 4584 655 4656 μὴ
686 4581 857 4648 sint;
906 4584 1063 4653 Ὀρθ.
1111 4581 1174 4635 Εἰ
1210 4581 1271 4635 τὸ
1320 4581 1595 4654 ἄφθαρτον
1621 4580 1770 4652 δηλοῖ

1880 3298 2133 3345 naturam
2179 3308 2293 3347 non
2322 3295 2491 3361 geniti
2548 3297 2908 3367 appellatione
2960 3304 3455 3370 cognominamus?

1880 3380 2035 3438 Orth.
2094 3381 2152 3438 Si
2178 3385 2446 3439 mendacii
2478 3400 2673 3456 expers
2720 3402 2843 3441 cum
2891 3390 2963 3443 sit
2998 3389 3181 3461 Deus,
3230 3407 3455 3468 propter

1878 3473 2237 3544 privationem
2282 3475 2550 3530 mendacii
2599 3493 2684 3531 est
2721 3480 2988 3535 mendacii
3024 3497 3240 3553 expers,
3272 3497 3326 3541 et
3363 3491 3454 3544 in-

1877 3564 2250 3635 corruptibilis
2281 3573 2504 3635 pr0pter
2548 3566 2903 3636 privationem
2955 3575 3325 3643 corruptionis
3366 3586 3453 3633 est

1876 3654 2344 3725 incorruptibilis;
2373 3655 2527 3711 dicas
2560 3656 2687 3711 licet
2718 3657 2884 3712 etiam
2917 3676 3025 3715 non
3054 3663 3293 3731 genitum
3322 3682 3450 3735 pro-

1876 3754 1996 3816 pter
2040 3745 2400 3815 privationem
2460 3757 2649 3813 ortus,
2686 3762 2810 3805 esse
2859 3766 2969 3806 non
3020 3758 3285 3822 genitum.
3343 3758 3450 3825 Qui

1875 3851 2005 3891 vero
2039 3837 2131 3892 Dei
2160 3837 2457 3893 essentiam
2510 3838 2585 3892 ita
2630 3840 3018 3909 cognominare
3048 3860 3217 3902 ausus
3245 3857 3351 3912 est,
3388 3858 3447 3905 tu

1874 3929 2084 3984 scilicet
2110 3944 2189 3995 es,
2224 3931 2318 4001 qui
2351 3924 2461 3985 Deo
2497 3930 2603 4001 ipsi
2643 3931 2842 3986 bellum
2897 3949 3102 3991 moves.
3139 3936 3277 3994 Nam
3318 3958 3444 3997 cum

1873 4025 1991 4095 ipse
2027 4024 2205 4090 dicat,
2257 4032 2317 4079 ut
2359 4031 2485 4079 ante
2532 4024 2738 4081 dictum
2770 4034 2889 4081 est:
2931 4045 2949 4078 ι
2978 4027 3219 4100 Apparui
3270 4033 3447 4089 Abra-

1874 4117 2020 4181 ham,
2045 4115 2197 4172 lsaac
2230 4125 2284 4172 ει
2316 4115 2486 4172 Jacob
2512 4117 2758 4188 patribus
2786 4119 3007 4186 vestris,
3032 4120 3174 4178 Deus
3199 4124 3444 4193 ipsorum

1874 4208 2168 4273 exsistens,
2196 4221 2261 4263 ac
2286 4222 2484 4263 nomen
2527 4220 2706 4262 meum
2723 4222 2834 4264 non
2853 4209 3195 4268 manifeSLavi
3217 4215 3297 4270 eis
3315 4215 3393 4271 διε
3419 4235 3440 4269 ι

1878 4312 1934 4357 ιιι
1965 4302 2062 4357 tibi
2096 4302 2267 4357 sumis
2296 4300 2524 4371 majora.
2582 4302 2690 4355 Aut
2743 4302 2887 4357 enim
2951 4302 3020 4359 iis
3076 4308 3327 4376 superior
3376 4325 3445 4364 ex

1876 4395 2207 4451 revelatione
2235 4394 2402 4450 habes
2433 4395 2669 4450 nominis
2702 4395 2868 4464 hujus
2893 4398 3143 4451 notitiam
3168 4417 3186 4467 ;
3217 4410 3311 4455 aut
3335 4402 3445 4457 Deo

1869 4487 2032 4541 etiam
2079 4486 2295 4541 nolente
2352 4469 2813 4553 comprehendisti
2869 4500 3068 4542 nomen
3121 4490 3444 4549 substantiae

1870 4577 2065 4647 ipsius.
2096 4578 2289 4630 Anam.
2312 4573 2369 4628 Si
2402 4590 2511 4659 non
2534 4574 2776 4646 genitum
2808 4575 3030 4631 denotat
3056 4579 3442 4648 privationem,

187 4677 442 4748 στέρησιν
470 4676 544 4746 μὴ
580 4674 886 4747 προσοῦσαν
923 4674 1000 4745 τῷ
1026 4670 1163 4745 Θεῷ,
1194 4672 1313 4738 πῶς
1355 4673 1627 4745 ἄφθαρτον
1669 4671 1767 4742 μὲν

1879 4685 1990 4739 quae
2030 4667 2141 4724 Deo
2190 4683 2297 4721 non
2354 4668 2531 4732 inest,
2591 4682 2693 4721 cur
2746 4681 2857 4722 non
2910 4669 3153 4739 genitum
3201 4671 3441 4729 dicimus

182 4766 438 4838 λέγομεν,
468 4766 707 4839 φθαρτὸν
748 4766 806 4820 δὲ
845 4766 906 4819 οὐ
932 4766 1195 4837 λέγομεν;
1225 4766 1289 4819 Εἰ
1315 4764 1371 4819 δὲ
1398 4765 1457 4818 τὸ
1492 4764 1769 4835 ἄφθαρτον

1879 4781 1894 4813 ι
1924 4760 2112 4823 Deum,
2143 4776 2163 4811 ι
2195 4758 2435 4827 genitum
2464 4771 2595 4812 vero
2626 4771 2733 4813 non
2768 4757 3042 4814 dicimus?
3079 4758 3234 4815 Orth.
3265 4760 3325 4816 Si
3358 4763 3444 4817 in-

181 4858 282 4910 ούκ
314 4856 463 4910 ἔστιν
502 4858 811 4927 στερήσεως
833 4854 1149 4930 δηλωτικὸν,
1182 4854 1304 4908 οὐτε
1346 4854 1407 4908 τὸ
1452 4853 1765 4926 ἀγέννητον,

177 4949 306 5003 οὐτε
337 4949 444 5020 μὴν
473 4949 680 5011 οὐσίας.
702 4948 764 5000 Εἰ
791 4947 899 5020 γὰρ
925 4946 985 5000 τὸ
1013 4946 1309 5018 ἀγέννητον
1327 4946 1512 5011 οὐσίας
1534 4947 1648 5000 ἐστὶ
1671 4945 1765 5018 δη-

178 5042 434 5106 λωτικὸν,
483 5042 578 5095 καὶ
608 5040 672 5094 τδ
724 5034 996 5112 ἄφθαρτον
1025 5038 1175 5093 ἔσται
1200 5037 1388 5103 οὐσίας
1432 5037 1756 5109 δηλωτικόν·

178 5135 276 5187 καὶ
311 5134 364 5186 ει
400 5131 464 5186 τὸ
510 5131 825 5201 ἀγέννητον.
873 5146 967 5182 και
1000 5129 1062 5182 τὸ
1088 5128 1361 5200 ἄφθαρτον
1389 5128 1539 5181 ἔσται
1571 5128 1758 5191 οὐσίας

177 5224 502 5296 δηλωτικόν·
522 5226 617 5278 καὶ⁵
643 5224 691 5276 εἰ
721 5222 784 5275 τὸ
808 5220 1037 5292 ἀψευδὲς
1061 5223 1156 5275 καὶ
1180 5221 1241 5274 τὸ
1269 5219 1544 5293 ἄφθαρτον
1568 5222 1764 5275 ταυτὸν

180 5317 265 5390 εἴη
291 5316 371 5388 τῷ
397 5316 699 5388 ἀγεννήτῳ,
716 5311 951 5384 ἀψευδὴς
972 5312 1029 5365 δὲ
1051 5312 1428 5385 καλάφθαρτος
1452 5312 1479 5366 ὁ
1505 5312 1651 5377 Υἱός·
1674 5314 1771 5367 καὶ

184 5412 478 5483 ἀγέννητος
533 5409 662 5481 ἄρα.
709 5406 847 5460 Ἀλλ’
894 5406 995 5460 οὐκ
1043 5406 1335 5477 ἀγέννητος
1377 5404 1520 5459 κατά
1546 5405 1632 5458 σέο
1663 5406 1764 5459 οὐκ

180 5503 289 5576 ἀρα
321 5503 490 5557 ταυτδ
516 5500 670 5556 ἔσται
703 5500 1096 5571 σημαινόμενον
1115 5499 1176 5552 τὸ
1196 5499 1421 5568 ἀψευδὲς
1444 5497 1537 5551 καὶ
1556 5497 1767 5569 ἄφθαρ-

179 5612 304 5651 τον·
339 5594 481 5651 ἀλλά
512 5594 573 5648 τὸ
608 5594 708 5666 μὲν
739 5592 1055 5663 ἀγέννητον,
1081 5592 1140 5646 τὸ
1173 5590 1247 5662 μὴ
1288 5590 1637 5662 γεγεννῆσθαι
1669 5590 1761 5645 τὸν

180 5689 313 5744 Θεὸν
347 5686 638 5761 σημαίνειν
657 5684 911 5755 λέγομεν·
936 5685 997 5737 τὸ
1019 5684 1077 5737 δὲ
1104 5683 1396 5754 ἄφθαρτον,
1426 5685 1488 5738 τὸ
1520 5686 1593 5756 μὴ
1611 5683 1763 5754 φθεί-

185 5784 376 5858 ρεσθαι
393 5801 410 5817 ο
440 5784 506 5838 τὸ
530 5783 590 5837 δὲ
620 5780 867 5844 ἀψευδὲς,
894 5779 961 5833 τὸ
981 5778 1056 5851 μὴ
1070 5778 1379 5848 ψεύδεσθαι.

1870 4847 2224 4918 corruptibile
2277 4846 2499 4901 denotat
2558 4846 2919 4917 privationem
2981 4861 3105 4919 qua
3168 4848 3282 4906 Deo
3332 4866 3444 4908 non

1866 4942 2029 5006 inest,
2063 4954 2165 4994 cur
2196 4938 2665 5010 incorruptibilem
2700 4937 2922 5008 quidem
2951 4940 3212 5006 dicimus,
3247 4955 3442 4999 eorru-

1866 5034 2107 5105 ptibilem
2134 5045 2266 5087 vero
2294 5045 2405 5085 non
2436 5030 2709 5086 dicimus?
2746 5030 2803 5085 Si
2848 5047 2978 5087 vero
3019 5034 3447 5107 incorruptibile

1865 5136 1974 5183 nan
2010 5120 2280 5195 signiﬁcat
2320 5122 2706 5194 privationem,
2733 5140 2910 5194 neque
2941 5141 3049 5181 non
3081 5129 3327 5199 genitum
3355 5139 3444 5185 est

1866 5218 2280 5290 signiﬁcativum
2309 5215 2676 5287 privationis;
2733 5218 2877 5272 sicut
2917 5233 3017 5273 nec
3064 5223 3336 5276 essentia.
3380 5220 3440 5277 Si

1866 5312 2010 5365 enim
2044 5325 2155 5364 non
2201 5309 2445 5379 genitum
2505 5307 2777 5379 signiﬁcat
2827 5308 3226 5377 substantiam,
3272 5316 3440 5368 etiam

1865 5398 2284 5472 incorruptibile
2323 5400 2683 5456 substantiam
2712 5399 2984 5472 signiﬁcat
3016 5418 3032 5454 :
3072 5400 3219 5474 quod
3245 5405 3293 5459 si
3326 5418 3440 5459 non

1864 5496 2104 5566 genitum
2143 5502 2198 5550 et
2235 5492 2652 5563 incorruptibile
2682 5493 2992 5565 signiﬁcant
3041 5497 3360 5559 essentiam,
3383 5507 3442 5551 et

1820 5586 2131 5642 .mendacii
2176 5600 2371 5656 expers
2415 5599 2538 5641 esse
2575 5592 2629 5640 et
2674 5586 3092 5658 incorruptibile
3123 5587 3266 5643 idem
3311 5595 3442 5643 sunt

1868 5679 2013 5749 quod
2045 5696 2158 5735 non
2186 5680 2450 5751 genitum,
2484 5675 2655 5735 Filius
2693 5688 2873 5735 autem
2926 5679 3194 5737 mendacii
3241 5696 3440 5753 expers

1874 5786 1931 5834 et
1974 5778 2405 5850 incorruptibilis
2440 5783 2526 5835 est
2556 5795 2571 5835 :
2601 5777 2767 5850 igitur
2792 5785 2848 5835 et
2896 5792 3005 5835 non
3038 5779 3278 5849 genitus.
3319 5775 3440 5832 1am

253 5881 297 5911 ’³
334 5879 381 5913 ⁸⁸
420 5878 582 5933 Joan.
617 5892 669 5935 ι.
702 5876 757 5928 '5.
832 5874 877 5904 ⁵⁸
917 5873 933 5927 Ι
968 5872 1096 5926 Cor.
1133 5887 1249 5935 xtl,
1285 5871 1373 5928 il.
1450 5872 1494 5905 “
1535 5869 1706 5927 Exod.
1742 5885 1834 5938 Vt.
1866 5868 1938 5938 2.
1971 5869 2024 5925 ὅ.

464 5966 743 6034 Panos.
778 5966 895 6029 (in.
943 5964 1233 6030 XXVIII.

3084 5960 3165 6022 38
