3982 6398
533 393 674 452 11ἲῦ
1688 391 1746 448 S.
1782 392 2105 447 ATHANAS

2222 418 2247 449 μ.
2288 422 2360 430 -—
2396 390 2668 446 δΡυιιιει.
3660 398 3794 450 1191)

531 522 663 563 vero
687 508 987 564 secundum
1018 513 1069 560 te
1095 519 1202 558 non
1237 512 1320 559 est
1343 518 1454 559 non
1488 504 1707 575 genitus
1740 524 1753 558 :
1792 522 1901 559 non
1941 506 2107 576 igitur
2137 504 2277 559 idem
2299 503 2629 574 signiﬁcabit
2651 502 2934 557 mendacio
2992 518 3183 559 vacare
3227 512 3284 560 et
3319 504 3793 575 incorruptibilem

529 613 702 655 esse:
745 597 840 675 sed
890 612 998 652 non
1055 597 1299 667 genitum
1342 595 1581 650 dicimus
1630 593 1943 666 signiﬁcare
1991 595 2134 650 idem
2180 610 2243 648 ac
2297 593 2465 648 Deum
2510 611 2620 647 non
2668 592 2792 649 esse
2836 593 3118 664 genitum,
3180 595 3610 666 incorruptibile
3670 614 3796 655 vero

530 690 584 746 id
609 705 674 746 τω
706 672 775 745 ac
803 703 913 745 non
944 688 1244 758 corrumpi,
1281 697 1337 743 et
1360 687 1627 744 mendacii
1651 695 1932 757 expertem
1956 702 2081 743 esse
2112 672 2258 742 idem
2296 686 2441 755 quod
2476 703 2584 740 nnn
2615 688 2855 742 mentiri.

600 781 689 837 25.
729 782 917 835 Anam.
954 778 1011 834 Si
1042 780 1246 834 nudum
1279 794 1475 835 nomen
1505 786 1591 836 est
1633 779 1768 835 illud
1800 795 1912 835 non
1950 779 2100 851 geni-
2128 787 2172 844 Α

2274 779 2364 833 25.
2382 779 2578 847 Ἀνόμ.
2608 780 2670 833 Εἰ
2703 780 2856 850 φιλον
2879 781 3051 853 ὄνομά
3089 785 3239 836 ἐστιν
3269 782 3363 836 ἐπὶ
3387 782 3526 837 Θεοῦ
3553 782 3615 837 τὸ
3638 783 3795 852 ἀγέν-

527 884 642 928 tum
674 872 742 927 de
780 871 886 926 Deo
914 872 1121 927 dictum
1156 887 1170 924 :
1213 871 1359 926 nuda
1415 881 1598 928 autem
1648 888 1755 927 vox
1785 872 2099 944 bypostasin

2224 889 2390 942 κητονο
2418 875 2452 944 ἡ
2477 873 2533 926 δὲ
2548 872 2677 946 ψιλὴ
2706 878 2955 948 προερορά
2973 875 3072 948 τὴν
3094 875 3392 929 ὑπόστασιν
3418 874 3638 946 ἐπαίρει
3659 876 3796 929 κατὰ

523 965 736 1020 extollit
786 977 949 1033 supra
997 965 1183 1020 omnia
1226 966 1449 1036 genita:
1488 964 1809 1021 honoratior
1839 980 1969 1037 ergo
2020 972 2095 1020 est

2223 960 2428 1016 πάντων
2457 962 2565 1017 τῶν
2587 963 2879 1034 γεννητῶν
2906 964 3231 1036 τιμιώτερόν
3259 965 3408 1017 ἐστιν
3433 966 3468 1036 ἡ
3494 963 3795 1038 ἀνθρώπων

526 1057 815 1113 hominum
862 1058 1119 1129 prolatio,
1149 1074 1311 1129 quam
1345 1056 1749 1130 Omnipotentis
1778 1067 1995 1121 natura,
2026 1067 2098 1112 ut-

2224 1053 2490 1123 ιτροφορά,
2525 1051 2623 1124 τῆς
2648 1053 2740 1105 τοῦ
2771 1054 3211 1127 Παντοκράτορος
3247 1054 3461 1124 φύσεως
3482 1054 3596 1126 (86)
3631 1056 3796 1125 ἀσυγ-

524 1157 650 1218 pote
675 1163 795 1219 qua:
840 1147 1023 1203 Deuin‘
1051 1149 1480 1219 omnipotentem
1515 1147 1930 1221 incomparabili
1963 1148 2096 1203 emi«

2220 1144 2379 1216 κρίτῳ
2396 1143 2635 1216 ὑπεροχῇ
2660 1144 3043 1202 καλλωπίσασα
3070 1148 3162 1202 τὸν
3191 1147 3325 1202 Θεὸν
3358 1146 3450 1202 τὸν
3481 1150 3792 1221 παντοκρά-

529 1242 716 1295 nentia
743 1240 1152 1297 condecoravit.
1186 1240 1340 1297 Orth.
1394 1240 1502 1298 Nec
1529 1242 1731 1296 nudam
1771 1256 1958 1297 vocem
1987 1255 2101 1296 esse

2219 1257 2358 1310 τορκ.
2378 1238 2529 1309 Ὀρθ.
2559 1239 2698 1293 Οὔτε
2724 1240 2883 1313 ψιλὴν
2913 1239 3194 1314 προφορὰν
3227 1240 3289 1295 τὸ
3308 1241 3607 1313 ἀγέννητον
3644 1242 3791 1312 λέγο-

531 1330 770 1386 dicimus
824 1347 936 1385 non
989 1333 1231 1403 genitum
1253 1372 1269 1398 ,
1301 1347 1400 1387 nec
1428 1333 1595 1388 etiam
1625 1332 2010 1389 substantiam.
2048 1330 2103 1386 Si

2220 1349 2329 1402 μεν,
2358 1330 2481 1385 οὔτε
2509 1332 2715 1388 οὐσίαν.
2740 1334 2803 1387 El
2823 1333 2930 1406 γάρ
2945 1334 3006 1387 τὸ
3034 1333 3331 1404 ἀγέννητον
3350 1331 3463 1403 (87)
3494 1334 3680 1398 οὐσία,
3704 1334 3792 1388 καὶ

527 1423 673 1477 enim
698 1439 808 1478 non
828 1423 1073 1496 genitum
1100 1424 1405 1480 substantia
1434 1432 1612 1489 esset,
1669 1424 1832 1480 etiam
1864 1424 2099 1496 genitum

2218 1421 2268 1477 ιδ
2300 1424 2555 1495 γεννητὸν
2592 1426 2769 1481 οὑσία.
2807 1426 2873 1479 Εἰ
2906 1427 2963 1480 δὲ
2992 1425 3053 1480 τὺ
3097 1426 3355 1500 γεννητὸν
3391 1426 3551 1480 οὑσία
3574 1466 3590 1491 ,
3619 1427 3790 1481 πάντα

527 1514 833 1569 substantia
860 1515 1020 1570 foret.
1045 1514 1102 1569 Si
1127 1531 1254 1571 vero
1276 1516 1513 1588 genitum
1538 1516 1844 1572 substantia
1864 1524 1967 1577 est,
1994 1532 2099 1571 om-

2219 1516 2273 1570 τά
2307 1515 2541 1589 γεννητά
2570 1517 2851 1588 ὁμοούσια·
2877 1519 2978 1572 οὑκ
3012 1518 3119 1590 ἄρα
3148 1518 3212 1572 τὸ
3236 1518 3495 1590 γεννητὸν
3516 1518 3696 1572 οὐσία.
3731 1519 3791 1573 Ei

534 1608 623 1658 nia
646 1604 827 1674 genita
850 1613 1013 1661 erunt
1044 1606 1570 1661 consubstantialia:
1619 1607 1669 1664 si
1698 1622 1827 1662 vero
1861 1607 2102 1678 genitum

2215 1609 2260 1663 se
2282 1610 2382 1664 οὑκ
2411 1609 2569 1665 οὑσία
2597 1611 2660 1664 τὺ
2693 1611 2970 1683 γεννητὸν,
3004 1609 3128 1665 οὔτε
3166 1611 3228 1666 τὸ
3270 1612 3570 1684 ἀγέννητον
3616 1611 3787 1667 οὑσία.

524 1696 832 1750 substantia
883 1712 992 1751 non
1022 1704 1139 1763 est,
1189 1698 1354 1761 etiam
1397 1715 1508 1754 non
1561 1700 1805 1770 genitum
1865 1699 2096 1755 essentia

2217 1703 2317 1757 36x
2365 1702 2480 1758 ἔστι
2520 1703 2576 1757 δὲ
2609 1703 2740 1774 ψιλὴ
2794 1704 3044 1777 προφορά
3075 1704 3135 1757 τὸ
3166 1705 3490 1775 ἀγέννητον·
3539 1705 3789 1777 σημαίνει

525 1802 635 1842 non
654 1795 763 1843 est.
791 1787 910 1843 Non
930 1797 1014 1845 est
1035 1798 1214 1844 autem
1244 1790 1390 1844 nuda
1432 1806 1535 1845 vox
1565 1805 1676 1845 non
1709 1791 1989 1861 genitum;
2019 1791 2097 1845 si-

2219 1794 2311 1867 τάρ
2336 1794 2397 1849 τὸ
2421 1797 2497 1868 μὴ
2515 1796 2875 1866 γεγεννῆσθαι
2897 1796 2988 1851 τὸν
3008 1796 3161 1858 Θεὸν,
3192 1796 3266 1860 ὡς
3295 1797 3358 1850 τὸ
3380 1796 3611 1866 ἀψευδὲς
3633 1798 3696 1851 τὺ
3717 1797 3791 1870 μὴ

523 1878 749 1949 gniﬁcat
776 1880 921 1935 enim
941 1878 1111 1935 Deum
1142 1880 1386 1950 genitum
1418 1895 1528 1935 non
1558 1896 1703 1945 esse,
1737 1880 1884 1936 sicut
1914 1878 1977 1934 τὸ
2004 1895 2095 1935 ex-

2215 1885 2619 1957 ιιεύδεσθαι,καὶ
2643 1887 2704 1940 τὸ
2734 1886 3007 1959 ἄφθαρτον
3029 1888 3090 1942 τὸ
3118 1888 3194 1961 μὴ
3220 1887 3564 1962 φθείρεσθαι.
3593 1889 3787 1958 ’Λγόμ

526 1985 652 2040 pers
687 1968 957 2028 mendacii
982 1970 1252 2043 signiﬁcat
1279 1986 1388 2026 non
1420 1972 1659 2040 mentiri,
1689 1979 1744 2028 et
1763 1972 2098 2043 incorrupti-

2215 1981 2263 2035 Εἰ
2295 1981 2457 2035 παντὶ
2480 1980 2721 2052 γεννητῷ
2746 1981 2892 2035 αἰτία
2929 1980 3373 2054 συγκεκλήρωτο,
3404 1982 3652 2047 ἀναίτιος
3678 1982 3734 2036 δὲ
3758 1984 3787 2052 ἠ

525 2060 635 2116 biie
656 2059 929 2131 signiﬁcat
949 2075 1058 2115 non
1084 2063 1382 2133 corrumpi.
1436 2066 1629 2118 Anam.
1674 2060 1732 2118 Si
1757 2078 1918 2118 omne
1945 2064 2097 2135 geni-

2213 2069 2493 2143 ὶγέννητος
2521 2070 2682 2139 φύσις
2699 2087 2712 2100 ·
2745 2071 2846 2123 οὑκ
2872 2071 3051 2124 αἰτίαν
3082 2070 3231 2143 δηλοῖ
3250 2072 3312 2124 τὸ
3334 2072 3655 2144 ἀγέννητον,
3680 2073 3785 2127 ἀλλ’

524 2160 639 2204 tum
667 2164 888 2206 causam
914 2151 1172 2206 sortitum
1191 2159 1297 2218 est,
1320 2160 1374 2209 et
1405 2160 1604 2207 natura
1639 2168 1749 2208 non
1771 2134 2096 2225 genitasine

2216 2134 2399 2218 ιὺσίαν
2422 2134 2701 2235 σηρίαίνει.
2731 2163 2889 2232 Ὀρθ.
2917 2164 2980 2218 Εἰ
3009 2134 3197 2217 οὐσίαν
3232 2134 3489 2235 σημαίνει
3524 2134 3589 2217 τὸ
3633 2134 3788 2234 ἀγέν-

523 2258 688 2298 causa
709 2251 814 2306 est,
846 2258 957 2298 non
983 2243 1168 2315 utique
1198 2259 1422 2301 causam
1446 2244 1670 2300 denotat
1693 2260 1802 2301 non
1832 2245 2095 2316 genitum,

2216 2273 2382 2327 θητον,
2417 2256 2514 2310 καὶ
2539 2256 2729 2309 οὑσίαν
2766 2254 2826 2309 τὺ
2848 2256 3124 2328 γεννητὸν,
3155 2256 3314 2311 οὑσία
3344 2256 3401 2309 δὲ
3428 2256 3623 2322 οὐσίας
3646 2258 3788 2311 οὐδὲν

524 2333 619 2388 sed
649 2334 921 2407 signiﬁcat
949 2336 1336 2391 substantiam.
1390 2334 1547 2393 Orth.
1616 2336 1675 2391 Si
1732 2336 2096 2394 substantiam

2218 2348 2466 2420 izazpépu,
2559 2347 2715 2401 οὐσία
2748 2349 2894 2401 ἐστίν
2913 2364 2925 2376 ·
2959 2347 3111 2402 οὐδὲν
3136 2347 3246 2419 ἀρα
3266 2347 3515 2423 διαφέρει
3539 2348 3603 2403 τὸ
3639 2351 3790 2419 ἀγέν-

523 2427 795 2499 signiﬁcat
835 2443 944 2483 non
986 2428 1253 2500 genitum,
1277 2437 1333 2486 et
1364 2430 1729 2485 substantiam
1765 2444 1985 2501 quoque
2008 2446 2095 2501 ge-

2215 2458 2359 2513 ρητον
2418 2442 2512 2495 τοῦ
2560 2440 2843 2512 γεννητοῦ.
2900 2442 3100 2511 Ἀνόμ.
3146 2439 3271 2495 Ἐπὶ
3311 2441 3407 2496 τοῦ
3448 2443 3787 2517 γεννήματος

522 2520 698 2574 nitum
723 2558 740 2585 ,
780 2519 1090 2575 substantia
1119 2535 1248 2576 vero
1281 2535 1312 2575 a
1355 2521 1665 2578 substantia
1715 2521 1852 2576 nihil
1892 2521 2094 2588 diﬁ'ert,

2213 2531 2355 2586 ιὺσία
2398 2532 2816 2603 σννεμφαίνεται
2873 2532 2949 2595 ὡς
3009 2532 3192 2586 αἰτία·
3224 2533 3339 2604 ἡδὲ
3372 2531 3468 2585 τοῦ
3498 2534 3785 2606 ἀγέννητον

525 2621 793 2684 quatenus
822 2614 1127 2669 Substantia
1155 2623 1239 2669 est
1263 2652 1277 2678 ,
1329 2628 1462 2670 sane
1486 2614 1624 2668 nihil
1654 2612 1835 2669 differt
1865 2629 1978 2669 non
2004 2629 2097 2685 ge-

2214 2625 2518 2689 δπόστασις,
2548 2626 2691 2680 κατὰ
2708 2626 2889 2697 πάσης
2908 2624 3084 2688 αἰτίας
3117 2624 3177 2677 τὸ
3192 2624 3616 2695 ἀπαράλλακτον
3645 2626 3786 2697 ἕχον⁴

523 2712 699 2765 nilum
726 2726 756 2764 a
775 2711 975 2781 genito.
1010 2711 1202 2764 Anam.
1242 2708 1302 2764 ιιι
1318 2712 1506 2782 genito
1532 2709 1755 2781 quidem
1786 2709 2095 2766 substantia

2216 2733 2291 2780 τα,
2308 2718 2598 2772 αὑτοουσία
2614 2718 2756 2772 ἐστὶν
2771 2716 3113 2789 ἀσύγκριτος,
3128 2717 3227 2770 οὑκ
3243 2717 3441 2782 ἔξωθεν
3457 2719 3788 2791 ἐμφαίνουσα

521 2801 690 2878 438
735 2817 814 2864 se,
835 2802 997 2857 habet
1053 2803 1228 2857 instar
1255 2817 1476 2858 causae:
1509 2802 1605 2857 sed
1639 2802 1950 2874 hypostasis
1990 2817 2093 2858 non

2214 2808 2261 2862 τὸ
2309 2808 2658 2881 ἀσύγκριτον,
2710 2808 2841 2862 αὑτὸ
2879 2809 2936 2861 δὲ
2986 2807 3305 2879 ὑπάρχουσα
3334 2808 3671 2881 ἀσύγκριτος
3700 2810 3786 2863 καὶ

524 2894 691 2965 geniti
719 2901 913 2948 contra
934 2907 1153 2948 omnem
1193 2907 1419 2949 causam
1463 2893 1715 2949 obtinens
1747 2892 2096 2949 immutabili-

2212 2900 2512 2971 ἀπρόσιτος,
2556 2899 2741 2971 ἐπειδὴ
2788 2900 3099 2973 ἀγέννητος.
3152 2900 3307 2969 Ὀρθ.
3345 2901 3409 2953 Εἰ
3443 2900 3533 2955 διὰ
3572 2903 3669 2975 τὴν
3700 2900 3784 2955 τοῦ

523 2996 716 3051 tatem,
740 2986 858 3057 ipsa
886 2985 1125 3041 essentia
1146 2995 1230 3041 est
1252 2986 1718 3057 incomparabilis,
1747 3002 1856 3041 non
1888 2988 2095 3042 extrin-

2210 2993 2496 3064 ἀγεννήτον
2546 2991 2916 3064 προσηγορίαν
2956 2990 3285 3062 ἀσύγκριτον
3327 2990 3513 3057 λέγεις
3558 2995 3658 3063 τὴν
3698 2991 3782 3045 τοῦ

526 3095 685 3136 secus
718 3087 1119 3151 repraesentans
1170 3079 1794 3150 incomparabilitatem,
1845 3080 1941 3136 sed
1977 3096 2098 3151 pro-

2212 3084 2336 3138 Βεοῦ
2370 3083 2556 3137 οὑσῖαν
2603 3084 2697 3139 καὶ
2733 3084 3047 3155 ἀπρόσιτον,
3085 3084 3115 3137 6
3149 3082 3298 3147 Υἱὸς,
3332 3084 3476 3137 κατά
3515 3084 3578 3138 σὲ
3616 3085 3691 3155 μὴ
3716 3081 3784 3137 ὢν

527 3180 648 3242 pter
674 3172 777 3227 hoc
799 3172 979 3243 ipsum
994 3172 1264 3228 exsistens
1287 3171 1735 3243 incomparabilis
1760 3180 1924 3244 atque
1947 3173 2099 3227 inac-

2210 3178 2515 3248 ἀγέννητος,
2533 3175 2656 3231 οὒτε
2680 3176 3031 3248 ἀσύγκριτος,
3054 3174 3179 3229 οὔτε
3206 3175 3504 3245 ἀπρόσιτος
3522 3193 3536 3205 ·
3562 3177 3663 3230 οὑκ
3687 3177 3782 3247 ἄρα

527 3280 705 3330 cessa,
734 3265 864 3336 quia
900 3280 1010 3319 non
1058 3265 1241 3334 genita
1280 3272 1384 3319 est.
1418 3262 1572 3320 Ortli.
1613 3263 1672 3319 Si
1711 3273 1934 3335 propter
1986 3281 2099 3322 non

2209 3269 2290 3322 Βιά
2308 3270 2367 3322 τὸ
2389 3268 2680 3339 ἀγέννητον
2703 3268 3051 3339 ἀσύγκριτος.
3065 3266 3189 3330 Πῶς
3209 3266 3268 3320 δὲ
3295 3266 3630 3339 ἀσύγκριτός
3648 3270 3781 3320 ἐστιν

528 3355 698 3427 geniti
732 3354 1230 3410 denominationem
1260 3355 1741 3426 incomparabilem
1772 3368 1827 3411 et
1848 3356 2100 3412 inacces-

2208 3363 2229 3415 6
2270 3362 2458 3434 Πατὴρ
2495 3361 2573 3433 τῷ
2609 3361 2839 3430 λέγοντι·
2876 3360 3120 3431 «Ὥσπερ
3146 3361 3176 3413 6
3210 3359 3402 3431 Πατὴρ
3430 3359 3636 3431 ἐγείρει
3668 3360 3780 3421 τοὺς

529 3463 646 3504 sam
683 3446 822 3503 dicis
845 3447 1205 3504 substantiam
1239 3445 1368 3514 Dei,
1415 3458 1528 3503 tum
1563 3446 1753 3517 Filius,
1785 3448 1879 3519 qui
1908 3464 2101 3506 secun-

2204 3457 2430 3526 νεκροὺς
2461 3455 2557 3508 καὶ
2594 3452 2866 3519 ζωοποιεῖ,
2904 3451 3075 3515 οὑτως
3106 3451 3202 3505 καὶ
3243 3453 3273 3504 6
3305 3451 3457 3516 Υἱὸς,
3502 3451 3601 3516 οὓς
3629 3451 3774 3514 θέλει,

526 3540 655 3597 dum
679 3549 731 3596 te
757 3555 869 3595 non
901 3547 985 3596 est
1014 3555 1125 3594 non
1154 3541 1393 3612 genitus,
1426 3541 1588 3595 etiam
1617 3558 1727 3597 non
1766 3543 1870 3597 erit
1898 3542 2098 3599 incom-

2206 3546 2487 3611 ζωοποιεῖς
2524 3564 2541 3597 ι
2565 3544 2597 3617 ἢ
2621 3543 2737 3609 πῶς
2752 3543 3079 3614 ἀσύγκριτος
3096 3541 3174 3613 τῷ
3191 3540 3454 3611 λέγοντι·ι
3476 3542 3661 3597 Πάντα
3681 3541 3778 3611 γὰρ

528 3633 790 3706 parabilis
815 3649 915 3689 nec
949 3634 1267 3689 inacccssas
1295 3651 1309 3687 :
1339 3648 1449 3688 non
1480 3641 1567 3689 est
1593 3648 1727 3703 ergo
1758 3634 2100 3705 incompara-

2203 3637 2302 3690 ὅσα
2325 3637 2388 3690 ἂν
2412 3637 2536 3707 ποιῇ
2559 3638 2587 3689 ό
2612 3635 2823 3705 Πατὴρ.
2839 3634 3013 3686 ταῦτα
3034 3635 3127 3685 καὶ
3142 3635 3170 3687 ὁ
3190 3632 3318 3696 Υἱὸς
3340 3632 3545 3703 ὁμοίως
3568 3635 3736 3696 ποιεῖς
3754 3648 3771 3681 ι

525 3726 652 3781 bilis
682 3725 827 3797 quod
848 3726 921 3781 sit
948 3741 1057 3781 non
1094 3725 1330 3796 genitus.
1358 3724 1645 3791 Quomodo
1674 3733 1857 3781 autem
1888 3725 2097 3781 incom-

2203 3727 2235 3799 ἢ
2274 3726 2389 3791 πῶς
2415 3725 2742 3797 ἀσύγκριτος
2771 3723 2849 3794 τῷ
2874 3722 3113 3791 λέγοντι·
3151 3740 3169 3774 ι
3214 3723 3421 3787 Πάντα,
3455 3721 3559 3775 ὅσα
3608 3722 3713 3792 ἔχει
3751 3721 3775 3773 6

525 3817 884 3888 Iarabilisest
905 3815 1064 3870 Pater
1082 3818 1134 3871 ei
1167 3816 1260 3886 qui
1285 3816 1451 3870 dicit:
1483 3835 1500 3867 ι
1532 3814 1687 3872 Sicut
1699 3816 2097 3874 Patersuscitat

2203 3818 2415 3889 Πατὴρ,
2445 3817 2555 3887 ὲμά
2580 3818 2762 3881 ὲστιν;
2791 3835 2809 3867 ι
2832 3815 2923 3868 καὶ
2950 3816 3008 3867 ὲν
3040 3812 3238 3879 ἄλλοις·
3275 3832 3294 3865 ι
3324 3813 3406 3867 Ti
3438 3813 3552 3885 ἐμὰ
3579 3814 3663 3877 σὰ,
3695 3813 3774 3865 καὶ

527 3915 773 3963 mortuos
802 3919 856 3963 et
883 3909 1143 3971 viviﬁcat,
1167 3908 1240 3963 ita
1272 3907 1435 3962 etiam
1464 3905 1663 3974 Filius,
1687 3924 1826 3979 quas
1852 3909 1985 3975 vult,
2020 3910 2099 3963 vi-

2201 3908 2268 3961 τᾶι
2299 3906 2367 3960 σὰ
2388 3906 2529 3978 ἐμάς
2563 3924 2582 3957 ι
2609 3906 2717 3959 Καὶ
2747 3904 2866 3967 πῶς
2894 3902 3224 3975 ἀσύγκριτος
3256 3901 3336 3975 τῷ
3362 3902 3599 3973 λέγοντιο
3628 3923 3648 3955 ι
3676 3903 3773 3956 Ἵνα

527 4000 711 4055 viﬁcat
733 4002 818 4055 “i
850 4023 871 4054 ι
900 4000 1177 4071 quomodo
1223 4015 1387 4070 porro
1430 4001 1879 4071 incomparabilis
1909 4002 1958 4056 ei
2003 4002 2096 4072 qui

2025 4002 2096 4072 [ui
2200 3998 2401 4070 τιμῶσι
2431 3998 2522 4051 τὸν
2546 3997 2695 4062 Υἱὺν,
2730 3994 2912 4059 καθὼς
2931 3995 3133 4067 τιμῶσι
3158 3996 3248 4049 τὸν
3282 3996 3544 4066 Πατέρα;
3579 4016 3597 4047 ι

527 4099 698 4154 dicit:
724 4118 744 4151 ι
779 4096 971 4153 Omnia
1004 4098 1148 4153 enim
1173 4112 1512 4167 quaecunque
1552 4095 1681 4151 facit
1719 4094 1914 4163 Pater,
1950 4097 2067 4153 haec
2096 4097 2258 4154 etiam
2278 4096 2448 4151 Filius
2475 4092 2728 4148 similiter
2751 4090 3008 4146 facit“?i
3033 4090 3309 4161 quomodo
3332 4091 3498 4145 etiam
3522 4090 3774 4158 incompa-

527 4190 718 4246 rabilis
750 4199 834 4247 est
857 4190 908 4246 ei
939 4190 1031 4260 qui
1050 4188 1219 4244 dicit:
1256 4207 1275 4240 ι
1304 4187 1522 4253 Omnia,
1558 4204 1680 4260 qua:
1712 4189 1873 4244 habet
1905 4186 2089 4253 Pater,
2140 4203 2262 4242 mea
2296 4193 2423 4242 sunt
2451 4185 2538 4236 διε
2589 4202 2607 4236 ι
2642 4191 2696 4238 et
2740 4182 2908 4236 alibi:
2943 4199 2962 4232 ι
3006 4179 3121 4235 Mea
3159 4187 3251 4234 tua
3295 4187 3447 4243 sunt.
3479 4187 3536 4234 et
3562 4187 3652 4232 tua
3668 4190 3773 4231 mea

515 4293 657 4339 sunt
677 4282 762 4335 ιιι
789 4302 810 4336 ι
831 4281 1066 4357 denique
1095 4281 1369 4353 quomodo
1404 4280 1932 4357 incomparabilisei
1961 4280 2056 4349 qui
2077 4278 2210 4333 dicit
2234 4297 2247 4333 :
2278 4295 2297 4329 ι
2329 4275 2398 4332 Ut
2424 4276 2690 4329 honorent
2714 4271 2932 4350 Filium,
2955 4273 3096 4328 sicut
3113 4271 3387 4327 honorant
3410 4268 3627 4326 Patrem
3650 4271 3728 4322 “2
3749 4285 3767 4318 ι

594 4372 689 4430 ΞΕ».
730 4382 917 4428 Anam.
960 4372 1017 4428 Si
1056 4387 1269 4427 omnem
1309 4373 1526 4428 excedit
1558 4380 1810 4426 naturam
1854 4373 2101 4441 omnipo-

2274 4369 2362 4424 26.
2391 4369 2580 4437 Ἀνόμ.
2601 4367 2662 4420 Et
2692 4366 2944 4437 ὑπερέχει
2973 4366 3154 4436 πάσης
3175 4363 3391 4433 φύσεως
3418 4367 3448 4417 6
3478 4362 3770 4434 Παντοκρά-

526 4477 649 4526 tens
664 4468 754 4523 ille
773 4466 934 4534 Deus,
957 4465 1169 4522 excedit
1190 4480 1320 4522 sane
1343 4480 1409 4520 eo
1430 4464 1575 4536 quod
1603 4470 1689 4519 est
1712 4479 1822 4518 non
1848 4463 2097 4536 genitus:

2203 4477 2338 4533 τωρ,
2377 4461 2466 4513 διὰ
2508 4460 2569 4512 τὸ
2608 4458 2905 4528 ἀγέννητον
2935 4456 3222 4528 ὑπερέχει·
3255 4456 3394 4528 ὅπερ
3429 4457 3579 4510 ἐστὶν
3620 4457 3769 4509 armi:

525 4562 670 4634 quod
699 4571 783 4617 est
811 4574 977 4616 causa
1005 4558 1148 4630 ejus,
1180 4574 1343 4629 quam
1367 4559 1550 4630 genita
1584 4556 1811 4622 habent,
1832 4554 2097 4626 perdura-

2200 4557 2313 4617 τοίς
2353 4555 2627 4623 γεννητοῖς
2680 4553 2761 4614 εἰς
2808 4550 3086 4621 διαμονήν.
3122 4549 3184 4601 Εἰ
3215 4548 3273 4601 δὲ
3320 4549 3395 4619 μή
3433 4550 3583 4602 ἐστιν
3611 4547 3769 4608 αἰτίας

526 4656 715 4712 tionis.
749 4652 806 4708 Si
835 4668 969 4709 vero
996 4667 1102 4708 non
1136 4652 1381 4723 genitum
1420 4665 1533 4704 non
1581 4648 1806 4703 denotat
1850 4662 2098 4714 causam,

2201 4643 2494 4715 δηλωτικὸν
2538 4642 2600 4696 τὸ
2636 4642 2959 4711 ἀγέννητον,
2993 4638 3157 4692 πόθεν
3191 4638 3257 4692 ἂν
3292 4640 3325 4709 ἡ
3363 4638 3475 4693 τῶν
3515 4636 3770 4709 γεννητῶν

527 4748 800 4803 undenam
830 4761 961 4817 ergo
983 4753 1177 4799 natura
1217 4758 1400 4798 rerum
1423 4741 1729 4813 genitarum
1763 4738 1849 4795 sui
1875 4753 2099 4794 conser-

2206 4735 2364 4806 φύσις
2389 4734 2498 4801 ἕξει
2521 4734 2581 4787 τὸ
2609 4730 2996 4796 meminissem;
3017 4729 3175 4799 Ὀρθ.
3216 4729 3279 4782 Εἰ
3306 4729 3396 4784 διά
3424 4730 3585 4783 τοῦτο
3621 4731 3771 4800 ὑπερ-

525 4841 798 4897 vationem
825 4836 1082 4893 habebit?
1105 4834 1262 4891 Orth.
1294 4832 1727 4903 SiOmnipotens
1750 4830 1842 4886 ille
1871 4836 2097 4899 superat

2204 4828 2316 4899 ἐχει
2346 4827 2523 4896 πάσης
2550 4825 2763 4895 φύσεως
2782 4826 2809 4877 6
2838 4823 3261 4895 Παντοκράτωρ,
3278 4822 3368 4876 διὰ
3386 4822 3449 4876 τὸ
3477 4823 3767 4893 ἀγέννητον·

524 4944 742 4986 omnem
788 4934 1301 4999 naturainprOpter
1326 4926 1388 4979 τὸ
1420 4941 1530 4981 non
1570 4924 1842 4996 genitum,
1888 4920 2096 4986 Filius,

2201 4923 2231 4974 6
2260 4919 2409 4983 Υἱὸς,
2432 4918 2572 4972 κατά
2596 4918 2655 4971 σὲ
2681 4916 2756 4988 μὴ
2776 4914 2851 4969 ὢν
2875 4913 3300 4985 ἀγέννητος,οὑχ
3328 4914 3589 4987 ὑπερέχει
3612 4914 3773 4983 πάσης

524 5022 621 5092 qui
663 5021 964 5077 secundum
991 5029 1045 5074 te
1072 5026 1419 5075 nonestnon
1455 5018 1707 5087 genitus,
1743 5030 1851 5069 non
1879 5013 2096 5069 excedet

2205 5013 2439 5083 φύσεως.
2472 5011 2585 5065 Οὑκ
2617 5010 2727 5081 ἄρα
2755 5008 2843 5062 διὰ
2896 5005 3193 5078 ἀγέννητον
3235 5006 3501 5077 ὑπερέχει
3546 5008 3576 5060 6
3599 5004 3775 5075 Πατὴρ

527 5128 744 5169 omnem
766 5123 1039 5168 naturam.
1066 5110 1221 5166 Unde
1245 5124 1354 5163 non
1373 5124 1438 5164 eu
1452 5107 1599 5179 quod
1621 5121 1729 5162 non
1758 5106 1978 5177 genitus
1993 5112 2099 5171 cst,

2205 5104 2384 5173 πάσης
2418 5101 2653 5173 φύσεωςο
2671 5098 2785 5153 ἀλλ’
2817 5092 2861 5166 ᾧ
2882 5097 3071 5167 λόγῳό
3106 5095 3300 5169 Πατὴρ
3327 5098 3587 5171 ὑπερέχει
3608 5096 3777 5165 πάσης

526 5206 739 5261 excedit
760 5204 933 5260 Pater
979 5218 1198 5258 omnem
1248 5208 1536 5265 naturam,
1589 5200 1686 5255 sed
1731 5214 1840 5270 qua
1890 5196 2098 5254 ratione

2207 5194 2440 5266 φύσεως,
2463 5193 2638 5263 τούτῳ
2670 5189 2749 5263 τῷ
2790 5189 2932 5261 λόγῳ
2962 5188 3222 5262 ὑπερέχει
3257 5190 3354 5243 καὶ
3378 5190 3407 5243 6
3447 5189 3576 5254 Υἱὸς
3607 5188 3779 5259 πάσης

528 5295 689 5353 Pater
733 5295 946 5351 excedit
1019 5310 1236 5349 omnem
1309 5303 1597 5358 naturam,
1647 5292 1838 5348 eadem
1891 5290 2100 5344 ratione

2205 5288 2440 5361 φύσεως.
2458 5286 2745 5360 ’Υπερέχει
2768 5286 2826 5340 δὲ
2844 5288 2873 5339 6
2893 5285 3085 5357 Πατὴρ
3105 5287 3173 5357 τῇ
3195 5284 3357 5355 φύσει
3380 5287 3481 5359 τῆς
3509 5286 3776 5357 θεότητος·

525 5388 693 5443 etiam
717 5384 888 5442 Filius
909 5385 1123 5441 excedit
1149 5400 1369 5440 omnem
1420 5390 1695 5440 naturam.
1736 5380 1965 5437 Excedit
2003 5396 2097 5435 au-

2209 5379 2375 5455 ταύτῃ
2396 5379 2490 5434 καὶ
2520 5380 2550 5433 6
2575 5378 2699 5443 Υἱὸς
2730 5378 2983 5449 ὑπερέχει
3008 5373 3192 5448 πάἇης
3231 5378 3471 5447 φύσεως.
3496 5377 3694 5446 Ἀνόμ.
3726 5377 3781 5429 ει

528 5494 635 5536 tem
668 5480 826 5536 Pater
856 5486 1054 5535 natura
1081 5493 1195 5534 suae
1213 5476 1432 5534 deitatis
1457 5496 1474 5532 :
1506 5475 1697 5533 eadem
1722 5483 1776 5531 et
1806 5472 1979 5531 Filius
2003 5489 2099 5530 ex-

2206 5472 2355 5527 οὑδὲν
2373 5470 2481 5524 τῶν
2497 5471 2740 5543 ἀοράτων
2765 5471 2896 5523 αὑτὸ
2927 5469 3125 5523 ἑαυτοῦ
3154 5470 3548 5543 σπερματικῶς
3577 5473 3778 5540 apati:-

600 5636 647 5669 "
683 5634 840 5691 Joan.
875 5649 928 5701 τ,
961 5633 1052 5690 21.
1124 5632 1172 5665 "
1210 5630 1341 5688 ibid.
1379 5631 1465 5686 19.
1543 5629 1783 5703 “_-Joan.
1819 5646 1944 5696 xw,
1982 5629 2068 5684 15.
2141 5631 2172 5663 ⁸⁴

1657 5646 1783 5686 oan.
1819 5646 1944 5696 xw,
1982 5629 2068 5684 15.
2141 5631 2186 5663 ⁸⁸
2222 5627 2383 5685 Joan.
2421 5643 2558 5692 xvn,
2593 5626 2682 5681 10.
2763 5624 2811 5659 ⁸⁸
2846 5623 3004 5682 Joan.
3048 5644 3102 5691 ν,
3134 5625 3225 5681 23.

598 5791 715 5864 (86)
748 5790 1190 5866 Παντοκράτορος
1220 5790 1586 5853 ὑποστάσεως.
1622 5786 1795 5844 Palat.
1837 5789 1885 5843 Ι.

2279 5782 2391 5855 (87)
2425 5781 2599 5838 Palat.
2624 5782 2680 5852 2,
2710 5791 2765 5841 et
2797 5784 3031 5856 August.
3066 5784 3129 5840 Ei
3150 5784 3210 5840 δὲ
3239 5784 3302 5839 τὸ
3332 5786 3644 5855 ἀγέννητον.
