3898 6520
167 453 332 508 “9'1.

1143 443 1232 505 DE
1269 448 1539 508 sancta
1581 414 1956 509 animum:
1995 455 2342 522 otALocus
2381 455 2448 510 ιι.

3300 449 3440 512 “98

155 557 356 635 ἀρχει,
415 563 655 635 διαμένει
697 563 752 616 δὲ
782 567 838 616 ὲν
884 566 1040 634 φύσει
1089 567 1616 643 ἀποκεκληρωμένῃ,
1643 571 1760 635 πῶς

1868 572 2012 626 cedit
2035 588 2255 628 omnem
2293 582 2568 628 naturam.
2625 567 2815 623 Anam.
2853 566 2912 620 Si
2944 565 3094 621 nulla
3123 579 3218 623 res
3249 565 3439 624 invisi-

167 656 236 712 ἂν
257 656 290 711 ὁ
315 656 606 725 ἀγέννητὸς
635 654 787 719 Θεὸς,
817 656 1096 728 ἐλεύθερος
1119 659 1558 731 ἀποκληρώσεως
1585 663 1760 734 ὐπάρ·

169 765 307 819 χων,
331 747 425 800 νῦν
469 748 567 817 μὲν
595 748 692 817 τὴν
733 748 924 800 ἑαυτοῦ
958 750 1145 802 οὐσίαν
1187 750 1448 824 δευτέραν
1480 754 1538 805 ὲν
1567 758 1759 826 γεννή-

172 855 310 910 ματι
343 838 467 909 ὁρᾷ,
511 837 604 890 νῦν
653 838 709 890 δὲ
770 840 1042 911 προτέραν
1082 842 1140 893 έν
1174 842 1453 914 ἀγεννήτῳ
1481 845 1621 899 κατὰ
1663 846 1760 918 τὴν

169 931 403 1002 πρώτην
456 933 550 985 καὶ
596 931 853 1004 δευτέραν
899 932 1086 999 τάξιν;
1135 935 1285 1003 Ὀρθ.
1320 938 1486 991 Οὐδὲν
1523 939 1620 1008 μὲν
1650 940 1760 992 τῶν

167 1026 426 1097 ἀοράτων
441 1025 572 1077 αὐτὸ
587 1024 776 1079 ἑαυτοῦ
796 1025 1182 1096 σπερματικῶς
1197 1029 1559 1100 προύπάρχει“
1577 1031 1689 1084 ἀλλ’
1702 1035 1760 1084 ὲν

167 1121 238 1192 τῇ
273 1117 492 1189 ἐξουσίᾳ
523 1116 616 1170 τοῦ
648 1119 1014 1192 Δημιουργού,
1036 1119 1178 1173 κατά
1204 1119 1302 1183 τὰς
1336 1121 1487 1185 Θείας
1515 1122 1756 1192 Γραφάς,

172 1211 253 1282 μὴ
309 1211 440 1264 ὄντα
475 1210 550 1272 ὠς
585 1210 714 1263 ὄντα
736 1211 902 1263 εἰσίν·
934 1214 962 1264 ὁ
1010 1211 1066 1264 δὲ
1114 1211 1260 1276 Υἱὸς,
1292 1215 1350 1266 έν
1381 1216 1446 1284 τῇ
1482 1215 1640 1285 οὐσίᾳ
1666 1214 1758 1268 τοῦ

171 1303 391 1374 Πατρὸς
422 1301 519 1366 ὢν,
547 1302 640 1354 καὶ
672 1301 808 1364 ἔστι,
827 1303 919 1354 καὶ
945 1302 1092 1356 ἔσται
1122 1290 1198 1367 ὧς
1219 1304 1561 1376 ἀπαύγασμα
1580 1306 1758 1377 δόξης,

169 1394 272 1445 καὶ
324 1393 611 1464 χαρακτὴρ
655 1395 753 1464 τῆς
792 1395 1143 1459 ὑποστάσεως
1195 1397 1762 1469 συνεπιθεωρούμενος

169 1483 251 1555 τῷ
293 1485 614 1554 γεννήσαντι
666 1484 827 1538 αὐτὸν
859 1485 1104 1552 ἀπαθῶς,
1145 1489 1408 1560 ἀχρὸνως,
1437 1489 1641 1554 ἀϊδίως,
1673 1491 1764 1544 οὐ-

172 1576 321 1642 σίας,
350 1578 445 1632 καὶ
468 1576 683 1647 βουλῆς,
715 1577 810 1631 καὶ
845 1577 1148 1650 δυνάμεως,
1185 1581 1279 1635 καὶ
1302 1581 1462 1652 δόξης
1505 1581 1755 1653 ἀπαράλ-

170 1669 376 1733 λακτος
420 1667 605 1732 εἰκὼν,
633 1669 741 1742 πρὸ
770 1670 877 1724 τῶν
917 1671 1235 1744 προαιώνων
1274 1675 1553 1745 ὑπάρχων.
1599 1675 1656 1727 ⁸0
1705 1676 1763 1729 δὲ

172 1765 474 1836 ἀγέννητος
523 1764 658 1829 Θεὸς
706 1765 804 1837 τὴν
851 1767 1043 1819 ἑαυτοῦ
1072 1769 1261 1820 οὐσίαν
1287 1764 1426 1821 οἶδεν
1448 1769 1760 1840 ἀγέννητον,

171 1861 245 1923 ὡς
271 1861 368 1913 καὶ
388 1859 614 1929 ἀψευδῆ,
631 1861 723 1914 καὶ
745 1860 1042 1931 ἄφθαρτον,
1068 1864 1162 1915 καὶ
1183 1862 1492 1934 ἀσώματον,
1509 1864 1604 1916 κοῄ⁵
1627 1863 1762 1917 ἀθά-

1863 664 1987 718 bilis
2015 664 2132 735 ipsa
2165 671 2290 718 ante
2321 662 2559 732 seipsam
2599 660 2654 714 in
2683 657 2890 714 semine
2923 655 3142 712 exsistit
3163 696 3178 722 ,
3238 657 3334 712 sed
3383 659 3440 713 in

1861 769 1924 810 ea
1957 762 2151 807 natura
2185 763 2486 824 permanet,
2532 766 2694 822 quam
2741 751 2934 804 sortita
2987 755 3110 812 est,
3163 749 3440 819 quomodo

1862 858 1971 898 non
2003 845 2217 914 genitus
2263 842 2354 897 ille
2393 842 2558 905 Deus,
2590 841 2684 912 qui
2731 855 2761 893 a
2803 839 3094 895 sortitione
3146 839 3284 894 liber
3311 849 3438 907 εει,

1861 952 2008 991 nunc
2039 935 2260 1007 quidem
2289 951 2442 991 suam
2473 935 2768 989 essentiam
2800 931 3159 1002 posteriorem
3199 930 3442 986 intuetur

1863 1027 1920 1080 in
1949 1028 2152 1096 genito,
2183 1040 2330 1079 nunc
2359 1025 2596 1094 priorem
2625 1023 2678 1076 in
2704 1036 2811 1074 non
2845 1021 3048 1091 genito,
3078 1019 3270 1074 ordine
3303 1036 3440 1091 quo--

1862 1118 1985 1173 dam
2006 1119 2202 1189 prioris
2218 1127 2270 1172 et
2286 1116 2640 1188 posterioris?
2661 1113 2815 1171 Ort/t.
2835 1113 2911 1167 Ex
2927 1112 3299 1168 invisibilibus
3315 1103 3441 1184 qui¥

1863 1211 1984 1268 dem
2014 1211 2149 1265 nihil
2183 1220 2306 1264 ante
2346 1209 2587 1279 seipsum
2620 1207 2674 1262 in
2708 1205 2916 1260 semine
2946 1204 3298 1274 pratexsistit,
3335 1204 3434 1258 sed

1865 1304 1919 1359 in
1949 1304 2190 1374 potentia
2213 1301 2515 1366 Creatoris,
2542 1298 2841 1355 secundum
2859 1296 3073 1352 divinas
3101 1295 3438 1366 Scripturas.

1866 1413 1975 1452 non
2003 1396 2150 1451 entia
2183 1396 2331 1450 velut
2362 1393 2508 1448 entia
2547 1400 2678 1447 sunt
2711 1412 2723 1450 ;
2760 1390 2931 1444 Filius
2962 1405 3090 1444 vero
3119 1390 3172 1443 in
3203 1389 3442 1444 essentia

1862 1488 2044 1544 Patris
2076 1489 2372 1550 exsistens,
2411 1493 2466 1540 et
2494 1492 2598 1547 εει,
2634 1492 2689 1538 ει
2732 1466 2859 1549 erit,
2892 1498 2990 1537 ceu
3037 1481 3297 1552 splendor
3325 1481 3445 1551 glo-

1865 1581 1960 1637 ria:
1991 1588 2045 1636 et
2071 1581 2359 1636 character
2409 1576 2801 1648 hypostaseos,
2850 1574 3015 1628 simul
3061 1572 3444 1628 consideratus

1865 1689 1990 1728 eum
2023 1688 2123 1740 eo,
2169 1672 2262 1742 qui
2297 1670 2484 1742 genuit
2535 1668 2655 1723 sine
2685 1667 2946 1736 passione
2991 1674 3046 1720 et
3080 1673 3322 1734 tempore
3374 1666 3442 1720 ab

1865 1775 2091 1829 aeterno,
2123 1764 2466 1830 substantias,
2502 1759 2805 1816 voluntatis
2830 1799 2846 1824 ,
2893 1769 2948 1815 et
2991 1759 3178 1830 gloria:
3213 1759 3444 1812 invariao

1867 1860 1994 1914 bilis
2038 1859 2238 1929 imago,
2269 1857 2416 1910 omni
2440 1855 2750 1910 atternitate
2785 1851 2934 1923 prior
2964 1851 3257 1906 exsistcns.
3297 1849 3442 1904 Deus

173 1969 359 2019 νατον,
389 1954 482 2005 καὶ
513 1953 612 2023 οὐχ
645 1954 748 2025 ὁρᾷ
776 1953 874 2022 τὴν
905 1953 1097 2006 ἑαυτοῦ
1129 1954 1316 2007 οὐσίαν
1353 1954 1449 2007 νῦν
1479 1955 1577 2025 μὲν
1601 1956 1760 2023 ἀγέν-

1868 1966 1997 2006 vero
2049 1966 2160 2005 non
2210 1949 2427 2020 genitus
2470 1946 2623 2001 novit
2663 1960 2817 2000 suam
2855 1943 3028 2014 ipsius
3076 1941 3442 1996 substantiam

168 2061 358 2115 νητον,
385 2044 480 2098 νῦν
506 2044 563 2102 δὲ
595 2043 880 2115 γεννητὴν,
909 2045 1021 2097 ἀλλ’
1056 2045 1084 2098 ὃ
1106 2045 1209 2117 ὁρᾷ
1236 2046 1449 2111 ἑαυτὸν,
1479 2045 1635 2099 τοῦτο
1661 2047 1762 2117 ὁρᾷ

171 2137 272 2189 καὶ
297 2135 397 2207 τὴν
439 2136 634 2190 ἑαυτοῦ
672 2136 872 2190 εἰκόνα.
907 2137 1004 2200 Τις
1031 2136 1087 2190 δέ
1117 2139 1234 2190 ἐστι
1267 2139 1366 2208 τὴν
1387 2138 1596 2201 οὐσίαν,
1637 2137 1760 2192 οὐτε

173 2229 311 2297 ἡμῖν
337 2227 709 2298 ἀπεκάλυψεν,
743 2227 865 2281 οὐτε
900 2231 1013 2292 τοῖς
1056 2229 1160 2300 πρὸ
1217 2230 1396 2300 ἡμῶν.
1424 2230 1588 2298 Λέγει
1628 2230 1758 2301 γὰρ,

173 2315 362 2381 καθὼς
388 2317 735 2388 προείρηται’
773 2337 790 2367 ι
832 2318 1040 2390 Ὠφθην
1071 2320 1207 2390 πρὸς
1246 2322 1336 2373 τὸν
1383 2320 1635 2392 Ἀϐραὰμ
1667 2321 1762 2375 καὶ

188 2408 379 2462 Ἰσαὰκ
429 2409 522 2461 καὶ
587 2409 780 2462 Ἰακὼϐ
828 2414 953 2474 τοὺς
1011 2412 1256 2483 πατέρας
1295 2412 1472 2484 ὐμῶν,
1499 2413 1632 2478 Θεὸς
1684 2413 1760 2467 ὢν

176 2501 381 2566 αὐτῶν,
410 2503 503 2556 καὶ
535 2503 595 2555 τὸ
621 2503 791 2572 ὁνομά
821 2521 922 2575 μου
950 2505 1050 2558 οὐκ
1080 2504 1351 2576 ἐγνώρισα
1381 2507 1583 2570 αὐτοῖς.
1621 2526 1641 2559 ο

1867 2060 1978 2099 non
2005 2045 2242 2115 genitam
2270 2050 2330 2096 ut
2351 2048 2404 2095 et
2430 2039 2698 2094 mendacii
2736 2044 3038 2107 expertem,
3063 2035 3440 2103 incorpoream

1867 2148 1920 2194 et
1950 2137 2307 2192 immortalem
2338 2154 2351 2190 :
2389 2148 2492 2188 nec
2520 2133 2667 2186 videt
2692 2145 2846 2186 suam
2871 2128 3043 2200 ipsius
3077 2126 3442 2182 substantiam

1868 2230 2031 2286 modo
2064 2245 2175 2284 non
2208 2228 2444 2298 genitam
2467 2267 2483 2292 ,
2539 2223 2701 2279 modo
2748 2223 2988 2293 genitam
3024 2259 3039 2284 ,
3093 2218 3188 2274 sed
3225 2217 3402 2288 ipsum
3426 2253 3442 2278 ,

1868 2322 2016 2392 quod
2057 2336 2180 2376 sese
2217 2334 2340 2375 esse
2366 2318 2536 2380 videt,
2569 2317 2718 2372 videt
2755 2315 2918 2370 etiam
2975 2328 3096 2367 esse
3153 2309 3443 2379 imaginem

1867 2414 1974 2470 sui.
2005 2412 2141 2478 Quis
2175 2418 2356 2464 autem
2392 2409 2464 2463 sit
2498 2407 2675 2479 quoad
2711 2405 3071 2461 substantiam
3094 2443 3108 2467 ,
3143 2415 3244 2455 nec
3282 2399 3443 2453 nobis

1867 2504 2147 2569 revelavit,
2178 2517 2278 2559 nec
2303 2502 2396 2566 iis,
2423 2502 2515 2572 qui
2551 2509 2676 2555 ante
2707 2514 2806 2553 nos
2835 2497 3075 2552 fuerunt.
3123 2492 3262 2547 Dicit
3297 2490 3442 2546 enim

176 2601 236 2646 ut
266 2593 478 2649 dictum
508 2601 632 2650 est:
676 2613 695 2647 ι
727 2597 970 2667 Apparui
995 2598 1289 2664 Abraham,
1322 2599 1475 2654 Isaae
1505 2608 1562 2655 et
1582 2598 1752 2655 Jacob
1790 2599 2038 2672 patribus
2071 2598 2305 2662 vestris,
2356 2607 2614 2651 tanuuam
2681 2593 2824 2649 Deus
2886 2607 3097 2655 eorum,
3140 2598 3195 2644 et
3244 2600 3443 2641 nomen

178 2703 364 2743 meum
387 2705 497 2744 non
525 2693 759 2747 revelavi
789 2694 868 2748 eis
898 2694 963 2746 ‘7.
1006 2713 1024 2746 ι

244 2803 337 2858 27.
381 2804 579 2873 Ἀνόμ.
614 2805 674 2858 Εἰ
700 2806 942 2877 διαμένει
965 2810 1022 2860 ὲν
1047 2810 1332 2881 ἀγεννήτῳ
1364 2811 1523 2880 φύσει
1549 2813 1578 2864 ὁ
1610 2811 1762 2875 Θεὸς,

176 2896 237 2949 τὸ
283 2898 342 2948 ὲν
387 2896 599 2962 γενέσει
629 2897 722 2951 καὶ
751 2898 1048 2972 ἀγεννησίᾳ
1081 2902 1273 2955 ἑαυτὸν
1293 2903 1491 2956 εἰδέναι
1515 2904 1768 2975 ἀφαιρεί-

178 2989 310 3042 σθω.
337 2989 627 3059 Συγχωρού
636 3007 793 3060 μενος
819 2991 874 3044 δὲ
903 2994 961 3045 ὲν
984 2994 1264 3066 ἁγεννήτῳ
1283 2996 1379 3048 καὶ
1403 2995 1646 3067 γεννητῷ
1667 2997 1767 3068 τὴν

178 3080 376 3135 ἑαυτοῦ
403 3082 594 3136 οὐσίαν
624 3084 973 3155 παρατείνειν
1007 3085 1188 3153 αὐτὸς,
1221 3087 1415 3140 ἑαυτοῦ
1447 3089 1632 3156 ἀγνοεῖ
1667 3090 1767 3159 τὴν

176 3173 369 3226 οὐσίαν
406 3173 800 3245 περιαγόμενος
837 3177 940 3229 ὐπὸ
962 3178 1228 3246 γενέσεως
1254 3181 1348 3232 καὶ
1369 3181 1675 3249 ἀγενεσίας.
1705 3181 1769 3233 Εἰ

1937 2807 2028 2863 27.
2059 2807 2248 2860 Anam.
2270 2803 2326 2858 Si
2347 2801 2486 2857 Deus
2504 2807 2786 2871 permanet
2817 2799 2872 2852 in
2889 2806 3086 2852 natura
3105 2810 3212 2849 non
3237 2793 3441 2865 genita,

1871 2897 2152 2953 auferatur
2177 2901 2246 2950 ab
2275 2911 2340 2951 eo
2375 2894 2522 2966 quod
2554 2908 2615 2948 se
2644 2899 2837 2948 noscat
2869 2889 3174 2944 secundum
3225 2901 3439 2955 genera-

1870 2993 2074 3047 tionem
2124 2991 2208 3046 vel
2247 2987 2615 3061 generationis
2666 2984 3060 3041 exclusionem.
3115 2980 3215 3035 Ubi
3261 2986 3440 3033 autem

1872 3099 2196 3140 concessum
2238 3083 2400 3137 fuerit
2423 3122 2439 3147 ,
2492 3097 2615 3138 eum
2665 3079 2750 3136 sui
2786 3078 2962 3149 ipsius
2992 3074 3357 3131 substantiam
3389 3073 3440 3125 in

1875 3190 1980 3229 non
2017 3176 2198 3246 genito
2235 3175 2366 3228 etin
2405 3171 2588 3244 genito
2615 3169 2930 3230 extendere,
2961 3166 3079 3235 ipse
3103 3176 3260 3218 suam
3292 3163 3419 3231 igno
3467 3191 3470 3196 -

177 3269 274 3320 καὶ
310 3266 375 3319 τὸ
402 3267 660 3337 γεννητὸν
691 3269 982 3341 μετείληφε
1017 3273 1204 3337 οὐσίας
1237 3275 1566 3345 ἀγεννήτου,
1609 3277 1666 3328 ἐν
1713 3274 1760 3328 δὲ

1873 3275 1955 3320 rat
1992 3267 2378 3329 substantiam,
2407 3265 2776 3321 circumactus
2834 3277 2866 3316 a
2919 3259 3271 3333 generatione
3311 3265 3366 3310 et
3415 3272 3447 3310 a

175 3358 444 3430 γεννητοῦ
475 3358 632 3427 φύσει
671 3359 1043 3434 ἁτελευτήτως
1079 3364 1343 3435 διαμένει,
1371 3367 1430 3418 ὲν
1520 3366 1617 3435 μὲν
1647 3366 1765 3420 δια-

174 3450 326 3504 τελεί
364 3449 545 3519 φύσει,
599 3451 856 3520 γινώσκει
903 3455 1116 3519 ἑαυτὸν,
1149 3457 1358 3526 ἀγνοῶν
1398 3457 1638 3527 δηλονότι
1668 3459 1768 3530 τὴν

175 3542 475 3614 ἀγέννητον
502 3543 708 3597 οὐσίαν.
746 3545 818 3596 Οὐ
842 3544 950 3615 γὰρ
979 3543 1090 3601 οἷόν
1119 3566 1177 3602 τε
1221 3551 1384 3603 αὐτὸν
1412 3551 1542 3621 περὶ
1570 3551 1765 3604 ἑαυτοῦ

177 3637 276 3689 καὶ
311 3636 610 3706 ἀγεννήτου
645 3637 832 3702 οὐσίας
861 3639 1062 3708 γνῶσιν
1089 3640 1233 3712 ἔχειν
1262 3643 1355 3697 καὶ
1391 3645 1672 3714 γενητῆς.
1705 3645 1768 3698 Εἰ

172 3730 232 3783 δὲ
264 3729 742 3801 εὐκαταφρόνητόν
791 3733 904 3785 ἐστι
938 3733 999 3786 τὸ
1041 3734 1332 3805 ἀγέννητον
1350 3736 1437 3791 διὰ
1467 3737 1768 3808 μεταϐολῆς

175 3821 615 3893 ἐπιτηδειότητα,
638 3824 855 3895 ἀξίωμα
888 3825 1101 3894 φύσεώς
1137 3829 1284 3881 ἐστιν
1377 3830 1532 3882 οὐσία
1562 3830 1768 3900 ἀμετά-

173 3911 396 3982 ϐλητος,
422 3912 521 3983 τῆς
555 3914 851 3984 ἀγεννήτου
895 3914 1081 3979 οὐσίας
1117 3917 1299 3988 πάσης
1351 3919 1538 3982 οὐσίας
1581 3921 1766 3991 κρείτ-

173 4021 331 4068 τονος
379 4004 839 4076 ὁμολογουμένης.
890 4009 1044 4076 Ὀρθ.
1081 4009 1142 4061 Et
1192 4010 1284 4063 καὶ
1327 4010 1571 4082 διαμένει
1605 4011 1769 4080 ἀγέν-

175 4113 342 4163 νητος
381 4097 409 4149 ὁ
453 4095 619 4161 Θεὸς,
662 4097 776 4150 ἀλλ’
820 4099 920 4152 οὐκ
975 4099 1122 4153 ἔστιν
1168 4101 1331 4155 αὐτοῦ
1382 4103 1538 4157 τοῦτο
1583 4103 1763 4172 φύσις.

187 4185 332 4238 Ἀλλ’
361 4187 442 4239 ὅτι
472 4188 545 4258 μὴ
581 4188 820 4256 ἐγένετο,
853 4190 1012 4244 τοῦτο
1043 4190 1315 4262 ἔγνωμεν·
1348 4195 1433 4257 τίς
1462 4194 1519 4247 δέ
1558 4197 1703 4248 ἐστιν
1733 4198 1766 4267 ἡ

175 4278 343 4347 φύσις
373 4279 558 4342 αὐτοῦ,
600 4281 838 4335 οὐδέπω·
870 4283 963 4335 καὶ
993 4282 1101 4355 γὰρ
1134 4285 1228 4336 καὶ
1263 4284 1551 4355 ἀσώματος
1579 4288 1768 4360 διαμέ-

176 4385 281 4430 νει,
320 4369 416 4421 καὶ
461 4370 560 4423 οὐκ
606 4369 752 4424 ἐστιν
797 4372 962 4425 αὐτοῦ
1014 4373 1170 4427 τοῦτο
1209 4377 1242 4446 ἡ
1281 4375 1476 4443 φύσιςο
1530 4378 1646 4431 ἀλλ’
1686 4380 1767 4432 ὅτι

179 4459 255 4530 μὴ
274 4459 390 4529 ἔχει
407 4459 566 4530 σῶμα
594 4461 858 4532 ἔγνωμενο
899 4465 993 4517 καὶ
1023 4465 1257 4538 ἀψευδὴς
1281 4467 1652 4538 διαμένει,κ‹ι)⁵
1668 4471 1766 4524 οὐκ

175 4553 327 4606 ἐστιν
356 4553 523 4607 αὐτοῦ
548 4555 705 4608 τοῦτο
732 4555 892 4625 φύσις
923 4571 940 4589 ο
962 4556 1077 4610 ἀλλ’
1102 4558 1184 4611 ὅτι
1204 4558 1278 4630 μὴ
1299 4559 1573 4629 ψεύδεται,
1598 4562 1766 4631 ἐγνω-

181 4661 312 4715 μεν’
347 4645 430 4709 τίς
455 4645 513 4699 δέ
551 4648 665 4699 ἐστι
692 4648 790 4716 τὴν
820 4646 1002 4715 φύσιν,
1037 4649 1136 4701 οὐκ
1166 4650 1532 4720 ἀπεκάλυψεν.
1565 4653 1626 4705 Ei
1657 4653 1765 4725 γὰρ

176 4735 249 4790 τὰ
311 4738 686 4808 προειρημένα
746 4740 862 4791 ἐστὶ
922 4738 1116 4808 φύσις,
1174 4739 1440 4810 ἐψεύσατο
1493 4743 1764 4815 είρηκὼς’

182 4847 205 4881 ι
246 4829 460 4901 Ὠφθην
494 4830 630 4900 πρὸς
661 4829 752 4883 τὸν
788 4830 1060 4902 Ἀϐραὰμ,
1093 4834 1184 4885 καὶ
1217 4834 1530 4899 ’1σαάκ,καὶ
1547 4835 1763 4900 Ἰακὼϐ,

177 4926 306 4988 τοὺς
357 4923 601 4994 πατέρας
633 4925 806 4996 ὑμῶν,
833 4927 966 4991 Θεὸς
1005 4927 1081 4982 ῶν
1129 4927 1330 4993 αὐτῶν,
1368 4929 1462 4983 καὶ
1501 4929 1563 4981 τὸ
1595 4929 1765 5000 ὄνομά

183 5031 284 5082 μου
311 5014 415 5066 οὐκ
442 5013 713 5086 ἐγνώρισα
739 5018 938 5082 αὐτοῖς·
976 5039 994 5070 ι
1025 5019 1302 5088 φαίνονται
1329 5020 1435 5091 γὰρ
1465 5021 1666 5084 εἰδότες
1695 5021 1764 5074 τά

183 5106 577 5178 προειρημένα.
648 5108 784 5162 Ἀλλ’
812 5109 1047 5184 ἀψευδής
1076 5115 1212 5175 ἐστι,
1245 5114 1339 5166 καὶ
1366 5115 1428 5165 οὐ
1471 5112 1723 5182 ψεύδεται
1743 5131 1755 5142 ·

178 5197 278 5250 οὐκ
305 5199 416 5266 ἄρα
441 5198 755 5269 ἀπεκάλυψε
783 5202 843 5254 τὸ
862 5201 1032 5273 ὄνομα
1054 5204 1153 5274 τῆς
1176 5204 1339 5257 αὐτοῦ
1371 5206 1604 5270 φύσεως.
1638 5206 1759 5270 Πῶς

176 5285 270 5343 οὗν
299 5289 483 5356 λέγεις
510 5291 572 5343 τὸ
595 5292 924 5365 ἀγέννητον;
960 5295 1020 5347 Et
1047 5295 1103 5348 δὲ
1127 5297 1188 5349 τὸ
1215 5296 1383 5367 ὄνομα
1417 5297 1515 5349 οὐκ
1549 5298 1760 5350 ἀπεκά-

174 5381 338 5452 λυψε,
365 5381 548 5452 πολλῴ
578 5385 735 5437 πλέον
766 5385 864 5456 τὴν
894 5385 1074 5454 φύσιν.

1869 3361 2239 3429 generationis
2273 3360 2606 3414 exclusione.
2666 3355 2824 3423 Quod
2855 3355 2902 3410 si
2941 3354 3104 3410 etiam
3157 3352 3248 3416 id,
3299 3349 3448 3420 quod

1869 3455 2108 3524 genitum
2125 3463 2230 3518 est,
2247 3469 2356 3508 non
2385 3453 2578 3522 genita:
2597 3449 2915 3506 substantiae
2938 3448 3207 3517 particeps
3241 3444 3446 3499 factum

1867 3555 1974 3609 est,
2010 3547 2066 3599 in
2104 3554 2298 3600 natura
2329 3551 2507 3599 autem
2541 3542 2706 3614 geniti
2736 3541 3108 3595 indesinenter
3140 3544 3442 3608 permanet,

1870 3638 1924 3691 in
1956 3653 2063 3708 qua
2092 3637 2453 3693 constitutum
2497 3643 2619 3697 est,
2668 3631 3014 3692 naturaliter,
3048 3629 3287 3698 seipsum
3321 3642 3447 3682 esse

1869 3732 2174 3801 cognoscit,
2205 3731 2466 3799 ignorans
2496 3727 2749 3782 videlicet
2777 3742 2886 3780 non
2915 3723 3151 3794 genitam
3185 3720 3441 3776 substan-

1869 3826 2022 3879 tiam.
2074 3823 2262 3894 Neque
2300 3822 2446 3876 enim
2483 3820 2598 3875 ﬁeri
2638 3827 2819 3890 potest
2876 3827 2936 3872 ut
2979 3819 3120 3871 idem
3171 3815 3274 3870 sibi
3331 3830 3441 3868 non

1869 3916 2067 3987 genita:
2096 3915 2261 3971 simul
2282 3921 2336 3968 et
2369 3913 2566 3984 genita:
2593 3910 2914 3967 substantiae
2944 3909 3227 3963 conscium
3264 3908 3354 3962 sit.
3383 3905 3441 3961 Si

1868 4007 2218 4077 despicabilis
2247 4014 2332 4061 est
2365 4019 2456 4060 res
2499 4019 2608 4059 non
2651 4003 2832 4074 genita
2875 4008 3096 4071 propter
3123 4002 3445 4071 propensio.

1869 4116 1991 4155 nem
2036 4101 2106 4156 ad
2165 4098 2572 4154 mutationem:
2635 4105 2844 4151 natura:
2896 4095 3134 4167 dignitas
3191 4097 3293 4149 erit
3350 4097 3442 4150 illa

1870 4191 2177 4247 substantia
2233 4190 2612 4253 immutabilis,
2641 4204 2767 4243 cum
2802 4188 2859 4242 in
2892 4185 3149 4243 confesso
3177 4188 3280 4252 sit,
3330 4204 3442 4242 non

1869 4285 2103 4354 genitam
2149 4282 2510 4338 substantiam
2545 4282 2696 4337 omni
2745 4281 3053 4337 substantia
3102 4284 3444 4349 prestantio—

1868 4392 1982 4432 rem
2006 4391 2148 4431 esse.
2182 4375 2334 4429 Orth.
2366 4375 2429 4429 Et
2455 4376 2498 4430 si
2533 4374 2676 4430 Deus
2722 4385 3004 4445 permanet
3030 4389 3140 4429 non
3182 4374 3398 4445 genitus
3423 4412 3439 4438 ,

1867 4466 2032 4538 539
2058 4466 2152 4521 sed
2175 4467 2279 4520 hoc
2311 4481 2420 4520 non
2444 4475 2527 4521 est
2555 4467 2676 4536 ejus
2701 4474 2919 4520 natura.
2939 4465 3198 4520 Novimus
3219 4465 3438 4536 quidem

1869 4577 1977 4614 non
1999 4575 2120 4614 esse
2152 4561 2433 4630 genitum.-
2467 4571 2522 4613 at
2547 4575 2667 4630 qua:
2695 4561 2768 4615 sit
2792 4560 2912 4628 ejus
2945 4568 3162 4622 natura,
3196 4559 3438 4612 nondum

1869 4653 2121 4707 novimus
2157 4672 2170 4707 :
2213 4668 2337 4706 nam
2367 4652 2529 4706 etiam
2578 4653 2939 4724 incorporeus
2980 4657 3298 4722 permanet,
3340 4665 3442 4703 nec

1867 4751 2050 4799 tamen
2079 4745 2195 4798 haec
2220 4747 2340 4813 ejus
2371 4755 2567 4799 natura
2594 4755 2717 4802 est:
2764 4746 2859 4799 sed
2895 4746 2947 4799 id
2982 4746 3256 4806 novimus,
3293 4742 3440 4811 quod

1867 4852 2067 4906 corpus
2099 4852 2210 4890 non
2242 4837 2476 4903 habeat;
2510 4838 2590 4892 sic
2619 4847 2673 4892 et
2702 4837 2972 4892 mendacii
2993 4850 3190 4906 expers
3224 4849 3442 4903 perma-

1869 4936 1979 4990 net.
2015 4944 2116 4984 nec
2152 4929 2256 4982 hoc
2287 4930 2466 4998 ipsum
2507 4938 2593 4983 est
2621 4929 2741 4998 ejus
2774 4939 2969 4983 natura
2997 4946 3011 4982 :
3065 4928 3319 4982 novimus
3352 4935 3438 4980 ta-

1865 5035 1990 5075 men
2049 5021 2192 5090 quod
2242 5037 2352 5076 non
2400 5021 2738 5076 mentiatur:
2780 5021 2904 5092 quis
2935 5021 3082 5075 enim
3115 5021 3188 5074 sit
3241 5033 3442 5073 secuno

1867 5111 1995 5164 dum
2025 5121 2300 5175 naturam,
2325 5128 2432 5167 non
2463 5114 2746 5170 revelavit.
2769 5113 2826 5168 Si
2852 5113 2996 5169 enim
3029 5127 3114 5176 ea,
3139 5113 3207 5168 de
3235 5111 3442 5182 quibus

1867 5205 2030 5260 modo
2054 5203 2260 5259 dictum
2288 5217 2392 5269 est,
2422 5215 2550 5260 sunt
2583 5206 2698 5275 ipsa
2731 5217 2947 5272 natura,
2995 5221 3128 5261 sane
3147 5196 3442 5261 .mentitus

1868 5304 1954 5354 cst
1994 5315 2118 5353 eum
2165 5299 2304 5355 dixit
2338 5318 2352 5353 :
2396 5321 2415 5352 ι
2453 5301 2690 5371 Apparui
2733 5302 3043 5366 Abraham,
3080 5300 3237 5356 Isaac
3266 5307 3321 5355 et
3351 5298 3445 5354 Ja-

1868 5391 1970 5446 cob
2000 5393 2248 5461 patribus
2279 5394 2499 5459 vestris,
2532 5403 2791 5465 tanquam
2823 5393 2965 5450 Deus
3011 5407 3225 5458 eorum,
3257 5399 3311 5446 et
3338 5404 3443 5444 no-

175 5488 306 5527 men
360 5487 541 5528 meum
595 5490 703 5530 non
750 5478 980 5531 revelavi
1027 5479 1146 5534 eis:
1195 5499 1216 5530 ι
1254 5479 1507 5536 videntur
1540 5481 1686 5537 enim
1721 5481 1757 5535 ii
1795 5483 2027 5538 scivisse
2058 5498 2122 5537 ea
2166 5499 2288 5553 qua:
2325 5492 2449 5538 ante
2477 5485 2625 5541 dicta
2692 5493 2840 5540 sunt.
2887 5484 2992 5541 Sed
3042 5483 3308 5540 mendacii
3341 5498 3442 5538 ex-

175 5585 307 5640 pers
335 5578 442 5628 est.
476 5585 577 5624 nec
608 5573 828 5626 mentiri
863 5581 1042 5643 potest
1071 5596 1082 5630 :
1117 5589 1227 5630 non
1257 5577 1423 5647 igitur
1457 5593 1571 5633 suae
1617 5578 1791 5647 ipsius
1826 5591 2037 5635 natura:
2067 5587 2264 5636 uolnen
2302 5583 2581 5636 revelavit.
2649 5583 2936 5650 Quomodo
2991 5597 3124 5654 ergo
3178 5590 3238 5637 tu
3301 5577 3442 5636 diois

173 5677 290 5720 non
323 5663 607 5731 genitum?
638 5662 696 5718 Si
723 5675 904 5721 autem
937 5685 1154 5724 .nomen
1186 5686 1346 5729 suum
1396 5688 1505 5727 non
1550 5673 1830 5737 revelavit,
1853 5678 2025 5731 multo
2060 5679 2232 5748 magis
2262 5690 2511 5735 naturam
2542 5695 2650 5735 non
2681 5680 2957 5738 rcvelavit.

260 5845 304 5878 δ’
345 5845 514 5901 Exod.
553 5863 640 5914 vn,
676 5847 744 5914 2,
781 5851 835 5905 τ.
