3898 6516
374 378 513 437 reos
562 356 571 365 κ

1496 384 1553 440 S.
1594 384 2062 442 ATHANASIUS.
2103 417 2172 426 —-
2212 384 2483 441 SPURIA.
3505 378 3641 442 ιεοι

371 512 564 554 nosses
593 495 755 553 etiam
791 499 1063 569 quomodo
1087 498 1160 556 sit
1196 500 1252 555 in
1290 498 1556 572 Spiritum
1585 478 1941 559 credendum.

2048 520 2257 567 νωσκες
2307 478 2410 575 την
2477 502 2605 574 περὶ
2667 502 2760 557 τοῦ
2826 501 3146 574 Πνεύματος
3199 500 3408 556 πίστιν.
3484 505 3638 557 Max.

372 588 576 647 Maced.
604 589 716 647 Nos
739 592 813 645 ita
842 591 1135 658 credimus,
1167 600 1227 648 ut
1248 594 1439 651 beatus
1467 593 1764 652 Lucianus.
1791 594 1943 651 Orth.

372 682 541 739 Velim
576 684 739 751 scire,
763 700 835 740 an
886 685 1080 741 saltem
1110 696 1169 741 ut
1196 687 1392 743 beatus
1417 684 1695 744 Lucianus
1727 688 1943 744 credas.

370 771 577 829 Ηαεεά.
602 774 685 829 An
706 776 853 846 quod
880 791 980 833 vos
1006 792 1225 850 quoque
1248 779 1329 835 sic
1357 779 1633 835 credatis?
1658 779 1811 836 Orth.
1836 779 1947 836 Nos

366 867 586 938 qu'lem
629 868 704 923 ita
754 867 1052 937 credimus,
1097 879 1158 926 ut
1207 886 1400 928 omnes
1434 872 1611 927 sancti
1652 881 1943 943 martyres.

363 959 502 1015 Nam
532 969 586 1016 et
616 962 653 1016 ii
678 962 756 1017 ita
771 962 1145 1030 crediderunt,
1170 972 1231 1020 ut
1259 966 1437 1039 sancti
1458 966 1714 1036 apostoli.
1734 964 1945 1020 Maced.

366 1052 558 1108 Credis
608 1053 795 1125 igitur,
829 1064 889 1109 ut
920 1055 1115 1114 beatus
1144 1057 1460 1115 Lucianns?
1486 1057 1639 1115 Orth.
1682 1056 1802 1112 1am
1833 1057 1947 1113 dixi

365 1156 455 1199 me
495 1142 743 1208 credere,
797 1161 907 1201 non
957 1154 1170 1203 tantum
1219 1157 1279 1204 ut
1330 1147 1564 1204 credidit
1607 1148 1799 1203 beatus
1835 1146 1950 1204 Lu-

365 1234 583 1297 cianus.
625 1249 814 1290 verum
863 1237 1027 1292 etiam
1082 1247 1144 1292 ut
1188 1253 1380 1294 omnes
1430 1239 1608 1295 sancti
1677 1248 1949 1311 martyres

364 1337 420 1384 et
457 1331 712 1400 apostoli.
758 1329 971 1389 Maced.
1022 1331 1345 1390 Subscribis
1391 1333 1559 1403 igitur
1609 1331 1947 1389 confessioni

365 1422 489 1479 fidei
539 1439 570 1478 a
599 1423 845 1479 Luciano
885 1425 1090 1481 editae?
1139 1425 1292 1481 Orth.
1325 1424 1467 1492 Quid
1512 1425 1742 1481 damnas
1775 1424 1830 1478 in
1858 1440 1945 1488 ea,

363 1531 486 1586 quae
510 1531 541 1571 a
573 1518 837 1573 trecentis
887 1517 1192 1574 octodecim
1236 1517 1495 1573 Patribus
1528 1516 1723 1573 Nicaea:
1762 1516 1949 1589 Bithy—

365 1608 472 1665 nia
500 1608 646 1665 edita
675 1618 782 1674 est,
821 1616 883 1665 ut
934 1617 989 1666 et
1016 1608 1178 1665 aliam
1221 1609 1513 1680 requiras?
1535 1609 1694 1682 M1
1735 1607 1945 1665 Maced.

364 1701 437 1755 At
458 1707 518 1755 tu
535 1701 667 1771 quid
695 1701 752 1755 in
772 1701 867 1756 illa
897 1700 1129 1756 Luciani
1148 1700 1418 1758 damnas?
1446 1700 1598 1758 Orth.
1627 1700 1949 1758 Condcmno

363 1801 607 1848 vestrum
636 1793 771 1848 illud
801 1792 1253 1858 additamentum,
1276 1792 1441 1864 idque
1470 1808 1694 1864 possum
1718 1792 1946 1847 demon-

2061 597 2251 667 Ἡμεῖς
2276 596 2452 659 οὔτως
2484 595 2837 665 πιστεύομεν,
2869 595 2944 659 ὡς
2968 597 2997 649 ὁ
3028 595 3298 667 μακάριος
3322 596 3637 659 Λουκιανός.

2062 690 2207 758 Ὀρθ.
2270 687 2421 742 Θέλω
2461 687 2686 757 γνῶναι,
2737 689 2787 741 εί
2836 688 2940 741 κᾶν
2986 688 3063 752 ὡς
3107 691 3137 742 ὁ
3187 688 3462 760 μακάριος
3500 690 3639 743 Δον-

2049 780 2235 844 κιανὸς
2284 778 2583 844 πιστεύεις.
2638 782 2794 833 Max.
2831 780 2942 833 Kal.
2984 780 3145 851 ὑμεῖς
3182 780 3296 852 γὰρ
3326 778 3510 844 οὕτως
3547 797 3636 835 πι-

2051 872 2304 938 στεύετε;
2359 872 2514 941 Ὀρθ.
2555 872 2745 943 Ἡμεῖς
2809 870 2908 943 μὲν
2952 871 3124 936 οὕτως
3161 872 3518 942 πιστεύομεν.
3564 872 3639 938 ὡς

2048 962 2251 1028 πάντες
2276 963 2326 1017 οἱ
2354 962 2496 1033 ἅγιοι
2527 962 2823 1035 μάρτυρες.
2869 963 2979 1016 Καὶ
3009 961 3119 1033 γὰρ
3152 963 3248 1017 καὶ
3278 964 3439 1016 αὐτοὶ
3467 964 3640 1027 οὕτως

2048 1054 2399 1120 ἐπίστευσαν,
2434 1055 2511 1119 ὡς
2547 1057 2597 1109 οἱ
2642 1054 2787 1124 ἅγιοι
2827 1054 3133 1111 ἀπόστολοι.
3166 1057 3323 1111 Max.
3354 1056 3641 1120 Πιστεύεις

2047 1144 2141 1203 οὖν
2168 1148 2244 1213 ὼς
2270 1149 2300 1202 ὁ
2333 1146 2602 1221 μακάριος
2634 1150 2965 1213 Λουκιανός;
3020 1149 3167 1217 Ὀρθ.
3215 1144 3413 1214 Εἶπον,
3466 1151 3550 1203 ὃτι
3578 1152 3637 1202 οὐ

2051 1241 2213 1313 μόνον
2236 1241 2312 1305 ὡς
2341 1243 2370 1294 ὁ
2398 1243 2667 1314 μακάριος
2691 1241 3010 1307 Λουκιανὸς,
3039 1241 3177 1295 ἀλλὰ
3214 1243 3309 1295 καὶ
3336 1241 3418 1306 ὡς
3444 1242 3642 1306 πάντες

2051 1335 2103 1387 oi
2131 1334 2278 1404 ἆγιοι
2314 1333 2609 1405 μάρτυρες,
2643 1333 2739 1389 καὶ
2779 1334 2830 1387 οἱ
2874 1332 3183 1387 ἀπόστολοι.
3243 1336 3407 1387 Max.
3473 1334 3640 1387 Ὑπο-

2048 1423 2279 1496 γράφεις
2292 1421 2385 1479 οὖν
2399 1428 2463 1497 τῇ
2484 1424 2695 1479 ἐκθέσει
2712 1425 3011 1483 Λουκιανοῦ
3030 1443 3045 1491 ;
3069 1428 3217 1494 Ὁρθ.
3255 1424 3326 1479 Τί
3349 1427 3465 1498 γὰρ
3514 1444 3642 1481 κατ-

2063 1516 2240 1585 έγνως
2270 1516 2369 1588 τῆς
2401 1516 2507 1570 ὐπὸ
2534 1516 2644 1570 τῶν
2674 1517 2786 1589 (94)
2832 1524 2937 1589 τιη¹
2970 1518 3229 1591 Πατέρων
3254 1518 3430 1586 ἁγίων
3462 1519 3522 1570 ἐν
3545 1509 3644 1571 Νιέ

2049 1607 2182 1679 καίᾳ
2210 1606 2311 1677 τῆς
2342 1607 2593 1671 Βιθυνίας
2641 1607 2974 1680 ὲκτεθείσης,
3030 1608 3116 1662 ῖνα
3155 1609 3250 1662 καὶ
3280 1608 3456 1679 ἄλλην
3482 1625 3641 1680 mpr-

2049 1696 2255 1771 6λέψῃ;
2289 1701 2449 1754 Max.
2484 1698 2556 1752 Σὺ
2581 1696 2688 1769 γὰρ
2728 1698 2786 1752 τί
2817 1698 3099 1768 κατέγνως
3128 1699 3228 1771 τῆς
3257 1699 3353 1753 τοῦ
3406 1702 3640 1754 Λουκια-

2048 1789 2140 1843 νοῦ
2164 1806 2178 1855 ;
2207 1789 2369 1859 Ὀρθ.
2399 1790 2696 1860 Κατὲγνων
2722 1791 2823 1862 τῆς
2857 1791 3176 1864 προσθήκης
3194 1785 3262 1863 ἧς
3291 1792 3639 1864 προσεθήκα-

365 1895 541 1940 strare
572 1899 603 1939 a
635 1885 792 1942 vobis
843 1884 1120 1956 adjectum
1150 1900 1273 1941 esse
1312 1893 1507 1939 contra
1550 1883 1672 1954 ejus
1719 1892 1941 1941 senten-

2050 1898 2131 1944 τε,
2165 1882 2262 1935 καὶ
2290 1881 2397 1957 ἔχω
2438 1881 2630 1949 δεῖξαι,
2667 1882 2749 1936 ὅτι
2783 1883 3157 1955 προσεθήκατε
3186 1883 3409 1937 ἐναντία
3443 1882 3637 1954 αὐτῆς.

363 1981 516 2037 tiam.
551 1980 760 2038 Maced.
810 1982 1002 2038 Annon
1047 1990 1103 2037 et
1145 1997 1244 2037 vos
1293 1980 1498 2052 aliquid
1533 1978 1763 2035 Nicaeum
1795 1978 1945 2048 adje—

365 2075 566 2133 cistis?
596 2074 752 2132 Orth.
788 2074 952 2141 Sane,
984 2081 1040 2129 at
1061 2089 1171 2129 non
1195 2073 1555 2143 repugnantia
1581 2072 1706 2142 ipsi.
1732 2069 1944 2125 Maced.

364 2167 560 2237 Aliqua
586 2167 814 2222 omnino
846 2166 1149 2238 adiecistis.
1205 2164 1361 2222 Orth.
1425 2163 1499 2218 Ea
1554 2162 1827 2227 videlicet,
1876 2161 1946 2217 de

363 2260 565 2331 quibus
596 2265 730 2314 tunc
755 2274 862 2314 non
891 2259 1260 2329 quaerebatur,
1285 2264 1342 2312 et
1367 2270 1491 2327 quae
1514 2270 1662 2309 nunc
1690 2260 1820 2310 sunt
1841 2252 1947 2308 Pa-

363 2358 481 2406 tres
514 2352 601 2420 pie
629 2351 971 2422 interpretati
1007 2371 1022 2406 :
1063 2359 1120 2404 at
1142 2365 1242 2405 vos
1264 2347 1541 2409 adiecistis
1562 2344 1943 2416 appendicem,

364 2458 486 2513 qum
508 2442 575 2498 ad
608 2443 942 2514 impietatem
975 2443 1172 2515 vergit,
1219 2451 1276 2500 et
1320 2458 1390 2498 ne
1419 2441 1501 2497 sic
1549 2440 1770 2511 quidem
1821 2454 1943 2495 eam

365 2533 682 2605 sequimini.
709 2532 923 2591 Haud.
952 2533 1065 2591 Nos
1090 2535 1171 2592 sic
1200 2534 1503 2600 credimus,
1553 2540 1613 2587 ut
1642 2530 1941 2588 Lucianus.

368 2623 522 2681 Orth.
557 2624 698 2691 Quid
724 2625 772 2680 si
803 2634 859 2680 te
886 2625 1172 2681 ostendam
1199 2640 1299 2681 nec
1330 2624 1412 2680 sic
1438 2622 1657 2693 quidem
1686 2619 1947 2675 credere?

362 2713 575 2772 laceri.
604 2713 892 2783 Quomodo
923 2717 977 2772 id
1014 2715 1365 2773 ostenderis?
1400 2715 1557 2773 Ortli.
1592 2713 1762 2768 Estne
1793 2711 1850 2766 in
1879 2725 1946 2766 ea

364 2808 627 2878 scriptum
666 2806 886 2864 :Filius
928 2816 1015 2864 est
1049 2806 1144 2863 Dei
1184 2807 1525 2869 substantiae,
1561 2803 1803 2868 consilii,
1842 2817 1944 2876 po-

361 2900 547 2955 tentia:
573 2908 628 2955 et
653 2899 843 2970 gloriae
874 2900 1075 2971 imago,
1103 2899 1223 2955 sine
1251 2897 1727 2962 dissimilitudine;
1759 2910 1943 2950 annon

363 2991 677 3062 scriptum?
725 2989 936 3047 Maced.
987 2991 1104 3046 Est.
1159 2990 1311 3046 Orth.
1371 2988 1686 3045 Substantia
1740 3001 1869 3043 vero
1912 3001 1944 3040 a

364 3083 678 3140 substantia
718 3083 857 3138 nihil
887 3098 1116 3153 prorsus
1137 3082 1376 3148 varians,
1407 3096 1590 3137 annon
1609 3078 1797 3135 eadem
1820 3078 1946 3135 est?

364 3172 576 3232 Haud.
635 3172 845 3229 Similis
902 3179 1010 3229 est.
1070 3171 1224 3231 Orth.
1278 3172 1349 3227 At
1398 3186 1526 3227 vero
1563 3171 1761 3227 similis
1795 3169 1943 3224 aliud

362 3266 623 3337 quiddam
673 3272 761 3321 est
809 3279 973 3336 quam
1021 3264 1256 3320 eadem?
1304 3262 1514 3319 Μαρια.
1549 3262 1660 3320 Nos
1692 3262 1941 3334 ejusdem

364 3359 511 3415 modi
540 3366 597 3414 et
629 3357 864 3415 similem
905 3357 1161 3422 dicimus,
1193 3357 1439 3419 eamdem
1476 3370 1608 3415 vero
1648 3371 1758 3411 non
1789 3355 1940 3410 item.

365 3451 522 3509 07th.
552 3449 631 3506 Ita
659 3450 803 3507 dicis
845 3450 997 3505 Patri
1050 3450 1286 3508 similem
1337 3447 1557 3513 Filium,
1592 3456 1650 3503 ut
1692 3448 1946 3519 angelum

365 3545 605 3616 angelo?
648 3541 859 3613 Maced.
893 3542 1094 3598 Etiam.
1131 3540 1286 3597 Orth.
1327 3542 1661 3612 Angelorum
1691 3553 1822 3596 vero
1850 3553 1947 3593 ea-

2046 1976 2203 2029 Μακ.
2250 1974 2439 2045 Ὑμεῖς
2478 1974 2589 2047 γὰρ
2632 1976 2693 2028 οὐ
2749 1974 3129 2047 προσεθήκατε
3174 1977 3241 2046 τῇ
3288 1976 3348 2027 ἐν
3392 1975 3637 2046 Νικαίας

2060 2067 2213 2137 Ὀρθ.
2233 2065 2374 2120 Ἀλλ’
2402 2066 2503 2120 οὐκ
2551 2067 2769 2121 ὲναντία
2825 2067 2986 2139 αὐτῇ.
3020 2070 3175 2121 Max.
3237 2065 3418 2130 Ὀλως
3471 2084 3639 2139 προσ-

2049 2158 2308 2231 εθήκατε.
2327 2161 2485 2228 Ὀρθ.
2504 2159 2586 2213 Τὰ
2613 2160 2734 2213 τότε
2766 2160 2840 2231 μὴ
2864 2158 3185 2231 ζητηθέντα,
3217 2158 3252 2212 ἃ
3282 2158 3394 2227 (95)
3418 2160 3513 2211 καὶ
3540 2159 3639 2211 νῦν

2045 2253 2396 2323 ἡρμήνευσαν
2417 2252 2468 2305 οἱ
2503 2251 2747 2326 Πατέρες
2771 2251 3040 2315 εὐσεϐὦς’
3069 2252 3226 2322 ὑμεῖς
3247 2250 3305 2304 δὲ
3336 2250 3434 2321 τὴν
3462 2267 3640 2321 προσρ

2047 2341 2221 2412 θήκην
2247 2341 2341 2394 ἐπὶ
2380 2340 2440 2394 τὸ
2472 2339 2835 2412 ἀσεϐέστερον
2867 2338 3263 2411 προσεθήκατε,
3294 2336 3390 2391 καὶ⁵
3414 2337 3523 2390 οὐδ’
3546 2336 3642 2389 οὖα

2046 2451 2156 2497 τως
2176 2433 2316 2506 αὐτῇ
2343 2432 2706 2487 ἀκολουθεῖτε.
2731 2436 2888 2487 Μακ.
2905 2432 3097 2504 Ἡμεῖς
3118 2430 3259 2485 οὕτω
3279 2431 3637 2501 πιστεύομεν,

2044 2525 2121 2589 ὡς
2155 2526 2472 2590 Λουκιανός.
2502 2528 2659 2594 Ὀρθ.
2682 2525 2810 2579 Ἐὰν
2852 2526 2909 2579 δέ
2943 2525 2992 2578 σ’
3027 2524 3261 2593 ἐλέγξω,
3297 2524 3421 2596 μηδ’
3456 2523 3639 2589 οὓτως

2048 2616 2407 2684 πιστεύοντας
2476 2620 2632 2671 Μακ.
2664 2617 2789 2681 Πῶς
2809 2616 2950 2688 ἔχεις
2979 2615 3179 2682 δεῖξαι;
3201 2618 3354 2684 Ὀρθ.
3373 2616 3465 2668 Ἐν
3488 2615 3639 2686 αὐτῇ

2047 2710 2379 2784 γέγραπται’
2418 2710 2475 2763 ’0
2501 2709 2628 2774 Υἱὸς
2650 2709 2744 2763 τοῦ
2767 2709 2902 2764 Θεοῦ
2937 2710 3125 2773 οὐσίας
3172 2711 3267 2763 καὶ
3296 2709 3507 2781 βουλῆς,
3536 2713 3638 2763 καὶ

2047 2798 2347 2870 δυνάμεως,
2372 2800 2465 2853 καὶ
2484 2798 2642 2870 δόξης
2668 2800 3083 2872 ἀπαράλλακτος
3102 2800 3284 2865 εἰκὼν,
3302 2801 3337 2873 ἢ
3355 2799 3447 2865 οῦς
3469 2803 3635 2854 Max.

2046 2889 2176 2944 Ναί.
2205 2893 2363 2961 Ὀρθ.
2405 2890 2574 2945 Οὐσία
2604 2891 2662 2945 δὲ
2713 2892 2902 2956 οὐσίας
2942 2892 3357 2964 ἀπαράλλακτος
3400 2889 3558 2957 οὖσα,
3593 2894 3635 2964 ἠ

2048 2985 2187 3057 αὐτή
2235 2988 2384 3039 ἐστιν
2412 2984 2601 3050 οὐσία;
2633 2987 2789 3039 Μακ.
2816 2986 3050 3057 Τοιαύτη
3086 2986 3260 3039 οὐσία.
3285 2987 3438 3054 Ὀρθ.
3462 2986 3639 3041 Ἄλλο

2049 3077 2157 3151 γάρ
2204 3079 2321 3132 ἐστι
2369 3077 2614 3150 τοιαύτη,
2664 3078 2759 3133 καὶ
2803 3077 2991 3151 ἄλλοή
3028 3079 3194 3151 αὐτής
3250 3083 3399 3134 Max.
3434 3079 3637 3149 Ἦμεῐς

2050 3171 2303 3242 τοιαύτην
2334 3171 2564 3243 λέγομεν
2597 3171 2692 3225 καὶ
2723 3171 2933 3242 ὁμοίαν,
2957 3172 3019 3225 οὐ
3048 3171 3145 3241 τὴν
3176 3170 3341 3243 αὐτὴν
3367 3170 3443 3225 δέ.
3462 3172 3633 3240 Ὀρθ.

2051 3261 2238 3326 Οῦτως
2271 3262 2450 3336 λέγεις
2481 3265 2664 3334 ὅμοιον
2689 3263 2767 3335 τῷ
2795 3264 2970 3337 Πατρὶ
3000 3266 3092 3317 τὸν
3114 3263 3264 3327 Υίὺν,
3297 3264 3371 3328 ὡς
3389 3263 3639 3333 ἄγγελον

2041 3353 2258 3426 ἀγγέλῳ
2277 3372 2293 3419 ;
2312 3359 2465 3411 Max.
2487 3356 2613 3410 Ναί.
2638 3357 2793 3425 Ὅρθ.
2813 3355 2933 3408 Τῶν
2947 3357 3004 3410 δὲ
3019 3357 3304 3427 ἀγγέλωνή
3320 3357 3455 3426 αὐτή
3477 3358 3637 3409 ἐστιν

2044 3447 2232 3512 οὐσίας
2261 3450 2417 3501 Max.
2452 3448 2642 3520 Ἡμεῖς
2668 3448 2922 3519 τοιαύτην
2941 3447 3170 3521 λέγομεν
3196 3448 3291 3501 καὶ
3316 3448 3526 3518 ὁμοίαν,
3563 3449 3635 3501 οὗ

2052 3540 2152 3609 τὴν
2202 3540 2372 3612 αὐτήν
2396 3556 2410 3570 ·
2448 3537 2529 3592 διδ
2574 3540 2667 3593 καὶ
2705 3540 3041 3612 όμοιοούσιον
3094 3540 3346 3611 λέγομεν,
3388 3540 3486 3593 καὶ
3526 3540 3637 3613 οὐχ

363 3634 560 3693 deliine
603 3644 690 3692 est
732 3634 1080 3692 substantia?
1107 3633 1317 3689 Maced.
1363 3631 1477 3689 Nos
1526 3630 1770 3701 ejusdem
1802 3628 1949 3684 modi
2047 3631 2353 3702 ὁμοούσιον.

363 3740 419 3786 et
446 3730 680 3786 similem
726 3728 984 3793 dicimus,
1015 3742 1125 3787 non
1157 3734 1338 3785 autem
1373 3724 1622 3782 eamdem
1654 3741 1668 3778 :
1698 3721 1929 3795 ideoque
1966 3723 2162 3779 similis
2192 3721 2468 3787 essentia,
2508 3736 2617 3777 non
2648 3730 2832 3779 autem
2896 3723 3414 3780 consubstantialem
3458 3734 3637 3778 voca-

364 3835 507 3876 mus.

432 3912 489 3966 9..
523 3910 677 3968 Orth.
734 3910 882 3967 Dicis
941 3911 1112 3967 Deum
1153 3928 1221 3967 ex
1272 3914 1419 3967 Deo?
1471 3911 1679 3968 Maced.
1738 3912 1933 3967 Etiam.

367 4001 521 4058 Orth.
567 4000 633 4055 Et
668 4002 850 4057 lumen
901 4001 969 4057 de
1015 4002 1254 4058 lumine?
1294 4001 1505 4058 Maced.
1539 4002 1737 4058 Etiam.
1780 4000 1934 4057 Orth.

365 4091 590 4149 Hiccine
623 4091 767 4148 Deus
796 4101 852 4148 et
901 4091 1073 4149 Filius
1102 4109 1171 4149 ex
1223 4093 1327 4148 hoc
1361 4093 1471 4148 Deo
1512 4101 1598 4150 est
1648 4101 1703 4149 et
1733 4091 1940 4147 Patre?

365 4182 575 4240 laceri.
628 4181 828 4238 Etiam.
867 4182 1023 4239 Ortlt.
1069 4183 1184 4244 Hoc
1213 4184 1419 4248 lumen,
1454 4185 1599 4254 quod
1626 4192 1710 4239 est
1742 4183 1937 4250 Filius,

364 4284 521 4328 estne
539 4288 606 4327 ex
623 4272 729 4327 hoc
749 4272 978 4337 lumine,
1002 4272 1146 4344 quod
1169 4282 1251 4328 est
1281 4272 1480 4329 Pater?
1500 4273 1708 4331 Maced.
1733 4274 1933 4328 Etiam.

368 4361 523 4419 Orth.
554 4359 806 4417 Haaccine
839 4362 1147 4417 substantia
1192 4370 1277 4418 est
1321 4379 1390 4417 ex
1440 4363 1541 4418 hac
1596 4364 1940 4419 substantia?

365 4453 579 4509 Haced.
610 4452 751 4509 Non.
790 4454 943 4510 Orth.
971 4454 1257 4521 Quomodo
1289 4456 1457 4527 igitur
1486 4457 1554 4512 ab
1583 4456 1689 4513 ista
1721 4473 1827 4512 non
1852 4464 1938 4512 est

2110 3899 2165 3953 2,
2197 3899 2346 3967 ὀρθ,
2397 3897 2594 3966 Λέγεις
2620 3896 2752 3951 Θεδν
2780 3897 2845 3951 ὲκ
2876 3896 3048 3964 Θεοῦ;
3091 3900 3245 3952 Max.
3296 3899 3420 3953 Ναί.
3467 3900 3635 3972 ὀρθ.

2044 3990 2156 4046 Καὶ
2189 3989 2305 4059 φῶς
2338 3991 2404 4043 ὲκ
2435 3988 2641 4058 φωτός;
2672 3991 2828 4043 Μακ.
2854 3989 2983 4044 Ναί.
3029 3990 3182 4058 Ὀρθ.
3229 3983 3396 4056 Οὗτος
3426 3994 3458 4046 ό
3491 3995 3639 4062 Θεὸς

2044 4080 2139 4134 καὶ
2169 4079 2298 4142 Υίδς
2327 4081 2393 4133 ὲκ
2418 4078 2609 4132 τούτου
2637 4077 2731 4132 τοῦ
2755 4078 2894 4133 Θεοῦ
2914 4081 3010 4134 καὶ
3037 4081 3278 4153 Πατρός;
3307 4084 3461 4137 Max.
3491 4084 3634 4140 Ναί.

2058 4171 2213 4240 Ὀρθ.
2242 4168 2412 4224 Τοῦτο
2438 4169 2501 4223 τὺ
2531 4169 2668 4240 φῶς,
2690 4169 2721 4223 ὃ
2748 4172 2894 4225 ἐστιν
2924 4171 3071 4237 Υἱὸς,
3110 4174 3176 4226 ἐκ
3194 4172 3382 4228 τούτου
3421 4178 3630 4245 φωτὸς,

2046 4264 2074 4316 ὅ
2105 4264 2220 4316 ἐστι
2273 4262 2508 4333 Πατήρ;
2559 4264 2714 4317 Max.
2749 4263 2877 4317 Nai.
2905 4265 3062 4333 Ὀρθ.
3099 4264 3246 4338 Αὕτη
3297 4270 3330 4339 ή
3377 4270 3531 4323 οὐσία
3556 4273 3635 4326 ἐκ

2043 4355 2248 4427 ταύτης
2272 4356 2369 4425 τῆς
2397 4354 2613 4419 οὐσίας;
2634 4357 2792 4408 Max.
2815 4353 2911 4413 Οὐ.
2935 4356 3090 4424 Ὀρθ.
3122 4358 3247 4422 Πῶς
3268 4354 3362 4412 οὖν
3376 4360 3633 4432 ἀπαράλ-

2044 4443 2271 4509 λακτος;
2302 4447 2451 4499 Μακ.
2479 4444 2601 4497 Ὅτι
2633 4444 2766 4517 ἄλλη
2799 4446 3045 4518 τοιαύτη.
3084 4447 3238 4515 Ὀρθ.
3277 4449 3339 4503 Ἦ
3383 4450 3456 4522 μὴ
3486 4448 3633 4507 οὖσα

364 4547 616 4604 diversa?
651 4544 861 4601 Maced.
904 4545 1172 4614 Quoniam
1205 4548 1309 4601 alia
1343 4547 1561 4618 quidem
1593 4557 1697 4613 est,
1730 4549 1823 4604 sed
1859 4549 1935 4602 si-

2048 4534 2105 4601 ἐξ
2133 4535 2304 4605 αὐτῆς
2351 4535 2453 4605 τῆς
2501 4536 2709 4601 οὐσίας,
2759 4537 2884 4602 Υἱὸς
2931 4535 3068 4593 εἶναι
3112 4541 3172 4594 οὐ
3211 4541 3448 4607 δύναται,
3501 4544 3633 4599 οὔτε

362 4636 531 4692 milis.
557 4636 710 4692 Ortlt.
747 4635 880 4703 Quae
910 4652 1017 4691 non
1053 4644 1136 4692 est
1162 4652 1228 4692 ex
1252 4637 1442 4694 eadem
1481 4639 1811 4701 substantia,
1850 4636 1939 4692 Fi-

361 4726 470 4781 lius
499 4741 622 4782 esse
650 4741 759 4781 non
791 4734 988 4797 potest,
1019 4734 1073 4782 et
1101 4744 1222 4797 qute
1252 4730 1403 4783 nullo
1430 4732 1592 4785 modo
1614 4731 1825 4785 diversa
1853 4738 1938 4784 est

363 4818 432 4872 ab
468 4818 594 4883 ista,
622 4834 730 4872 non
755 4826 936 4889 potest
960 4818 1066 4872 alia
1094 4834 1217 4875 esse
1246 4827 1302 4875 et
1334 4835 1441 4874 una
1481 4820 1694 4876 similis.
1725 4818 1933 4874 Maced.

361 4909 466 4967 Ubi
500 4911 765 4982 scriptum
794 4920 879 4969 est
916 4912 1182 4982 Spiritum
1228 4929 1351 4970 esse
1396 4913 1609 4969 Deum?
1645 4913 1797 4968 Orllt.
1831 4910 1935 4967 Ubi

360 5014 416 5059 te
438 5019 740 5074 coarguere
770 5020 838 5060 ne
865 5006 947 5059 sic
985 5005 1206 5075 quidem
1238 5006 1462 5063 sentire.
1498 5013 1558 5058 ut
1589 5004 1750 5057 habet
1775 5019 1837 5057 ca
1871 5004 1934 5056 ti-

358 5092 447 5149 dei
472 5095 745 5164 expositio
771 5109 933 5165 quam
955 5094 1227 5165 obiecisti,
1249 5102 1380 5148 tunc
1405 5094 1496 5151 ubi
1514 5093 1811 5162 ascriptum
1842 5093 1934 5153 sit,

360 5187 559 5241 dicam.
596 5185 692 5243 Dic
730 5188 895 5258 igitur
929 5186 1172 5249 tandem,
1215 5201 1284 5239 an
1327 5184 1551 5239 fatearis
1605 5182 1799 5238 Filium
1841 5182 1935 5239 Dei

360 5293 482 5334 esse
514 5278 853 5343 substantiae,
889 5287 943 5333 et
981 5278 1223 5340 consilii,
1257 5284 1312 5332 et
1358 5276 1637 5347 potentiae,
1668 5284 1724 5331 et
1751 5275 1937 5347 gloria:

359 5373 539 5427 Patris
557 5371 846 5442 imaginem
868 5388 980 5429 non
999 5372 1293 5426 diversam.
1312 5368 1517 5424 Maced.
1540 5368 1934 5433 Etiam,etiam,

356 5463 521 5516 etiam
549 5481 563 5516 :
588 5464 808 5517 tertium
848 5463 960 5530 jam
995 5463 1128 5517 dixi.
1172 5463 1326 5517 ονεΙι.
1367 5461 1561 5517 Annon
1593 5461 1758 5532 igitur
1787 5477 1935 5517 eam-

360 5550 482 5604 dem
510 5564 632 5605 esse
654 5551 795 5606 dicis
824 5548 944 5607 Filii
969 5560 1024 5607 et
1042 5551 1223 5605 Patris
1245 5550 1567 5621 potentiam,
1600 5558 1655 5605 ct
1679 5550 1933 5622 gloriam,

432 5703 547 5779 (94)
579 5705 728 5779 Edit.
748 5704 966 5777 διερῇ..
995 5707 1105 5762 ἀπὸ
1133 5706 1259 5762 τῶν.
1297 5706 1441 5763 Infra
1472 5706 1937 5779 Protosyncellus,

359 5772 437 5833 Σὺ
466 5775 519 5845 τί
547 5777 843 5845 κατέγνως.

434 5844 544 5912 (95)
580 5845 650 5902 ’Δ
680 5844 832 5906 deest
865 5849 920 5905 in
967 5846 1082 5904 Pal.
1125 5856 1177 5906 ct
1221 5846 1545 5914 l’rotosync.
1577 5847 1668 5915 qui
1717 5863 1839 5903 mox
1882 5848 1935 5903 in

2043 4627 2149 4699 μὴν
2179 4626 2312 4698 ἄλλη
2334 4628 2558 4702 τοιαύτη
2577 4623 2738 4690 εἶναι,
2766 4629 3202 4702 ἀπαραλλάκτως
3218 4632 3434 4704 ἔχουσα.
3463 4638 3629 4692 Μαι.

2041 4719 2151 4777 Ποῦ
2174 4722 2504 4792 γέγραπται,
2526 4722 2657 4786 Θεὸς
2688 4722 2748 4776 τὸ
2778 4723 3001 4795 Πνεῦμα
3022 4743 3035 4791 ;
3056 4726 3202 4793 Ὀρθ.
3240 4728 3409 4783 Ὅταν
3437 4730 3485 4783 σ⁵
3537 4730 3635 4795 ἐξ-

2039 4812 2242 4880 ελέγξω
2288 4813 2400 4882 (96)
2449 4815 2572 4884 μηδ’
2596 4814 2769 4879 οὕτως
2820 4815 3030 4887 ἔχοντα,
3078 4819 3153 4883 ὡς
3198 4822 3266 4891 ἤν
3292 4823 3631 4894 προεδὰλλου

2039 4904 2282 4968 ἔκθεσιν,
2321 4907 2442 4959 τότε
2476 4906 2652 4975 λέγω,
2687 4908 2790 4962 ποῦ
2824 4909 3152 4981 γέγραπται.
3184 4913 3334 4979 Τέως
3359 4912 3452 4968 οὖν
3502 4918 3628 4972 εἰπε

2043 5012 2154 5065 μοι,
2172 4997 2219 5049 εί
2232 4996 2511 5066 ὁμολογεῖς
2524 4998 2732 5063 οὐσίας,
2754 5000 2846 5052 καὶ
2865 5000 3078 5073 βουλῆς,
3097 5004 3191 5056 καὶ
3204 5003 3500 5076 δυνάμεως.
3532 5010 3630 5063 καὶ

2037 5088 2194 5159 δόξης
2236 5090 2652 5161 ἀπαράλλακτον
2688 5092 2871 5145 εἰκόνα
2901 5094 2992 5147 τὸν
3023 5093 3117 5148 τοῦ
3150 5094 3283 5149 Θεοῦ
3303 5097 3624 5156 Υίόν.Μακ.

2038 5181 2168 5244 Ναὶ,
2202 5181 2313 5245 ναὶ,
2352 5180 2468 5233 ναί·
2502 5180 2684 5252 τρίτον
2717 5178 2891 5238 εἷπον.
2922 5184 3079 5253 Ὀρθ.
3102 5185 3166 5239 Ei
3196 5181 3289 5240 οὖν
3335 5188 3504 5258 αὐτὴν
3528 5190 3629 5262 τὴν

2040 5272 2254 5344 βουλὴν,
2280 5274 2372 5327 καὶ
2394 5273 2642 5343 δύναμιν,
2675 5276 2769 5329 καὶ
2816 5275 2972 5343 δόξαν
3008 5277 3184 5345 λέγεις
3224 5278 3321 5331 τοῦ
3367 5279 3496 5333 Υίοῦ
3531 5284 3626 5335 καὶ

2039 5364 2132 5418 τοῦ
2162 5366 2405 5438 Πατρός;
2434 5369 2588 5421 Max.
2632 5368 2708 5420 υύ
2735 5366 2912 5437 λέγω·
2948 5370 3008 5422 οὐ
3041 5369 3149 5442 γὰρ
3167 5372 3201 5441 ἡ
3227 5369 3441 5436 εκθεσις
3484 5374 3623 5426 Λου-

2043 5458 2227 5512 κιανοῦ
2252 5459 2348 5529 τὴν
2380 5460 2549 5530 αὐτὴν
2571 5460 2719 5528 λέγει
2748 5460 2962 5533 βουλὴν.
2981 5462 3073 5523 καὶ
3097 5461 3345 5535 δύναμιν,
3392 5465 3484 5519 καὶ
3535 5467 3625 5520 δύο

2042 5549 2160 5617 ξαν.
2198 5551 2354 5619 Ὀρθ.
2385 5553 2499 5605 Οὐκ
2530 5551 2746 5625 ἀληθῶς
2772 5554 2879 5624 ἄρα
2900 5554 3000 5625 τὴν
3031 5554 3377 5627 δικαιοσύνην
3420 5555 3616 5618 λαλεῖς.

2048 5722 2238 5761 vocem
2268 5708 2506 5771 εὐσεϐῶς
2533 5708 2753 5765 desinit.

2049 5778 2238 5903 “(23):;
2260 5778 2389 5850 Reg.
2420 5786 2474 5836 et.
2495 5777 2691 5846 Palat.,
2713 5780 2932 5850 ἐλέγξω.
2952 5781 3072 5837 Mox
3099 5782 3262 5847 idem,
3292 5783 3371 5847 είς
3396 5784 3460 5854 ἣν
3482 5798 3613 5851 προ-

2112 5866 2146 5901 α
2239 5867 2287 5903 ν.

2112 5866 2287 5905 αΑΑον.

2500 5967 2509 5971 ο
2526 5966 2595 5974 σιμ.
2614 5967 2659 5974 ...η
2692 5970 2701 5973 -
