3898 6514
214 390 233 442 Ι
241 387 352 445 203

1212 385 1298 441 DF.
1338 383 1612 441 SANCTA
1650 380 2025 439 TRINITATE
2057 378 2403 437 DlALOGUS
2441 374 2529 435 III.

3339 372 3477 429 i206

212 508 387 580 Βουλῆ
413 508 525 581 γὰρ
565 505 759 578 βουλῆς
792 504 1211 577 ἀπαράλλακτος
1259 504 1416 569 οὖσα,
1446 509 1481 578 ἡ
1513 507 1653 576 αὐτή
1687 507 1803 559 ἐστι

1913 510 1958 557 et
1976 501 2306 556 consilium?
2330 496 2538 553 Maced.
2559 493 2676 551 Non
2699 494 2824 550 dico
2857 513 2870 549 :
2905 508 3006 549 nec
3032 492 3177 550 enim
3202 491 3474 563 expositio

207 600 412 673 βουλή·
436 601 533 654 καὶ⁵
562 599 789 670 δύναμις
816 596 1097 670 δυνάμεως
1126 598 1540 671 ἀπαράλλακτος
1585 595 1738 661 οὖσα,
1767 599 1803 669 ἠ

205 693 350 765 αὐτή
401 692 523 745 ἔστι
574 690 836 762 δύναμις⁶
885 692 981 743 καὶ
1025 689 1150 755 δόξα
1189 690 1346 762 δόξης
1387 690 1803 763 ἀπαράλλακτος

203 779 370 846 οὖσα,
396 784 433 855 ἡ
460 782 599 854 αὐτή
629 783 746 836 ἐστι
771 781 917 847 δόξα.
960 784 1118 837 Max.
1148 781 1591 855 Ἀπαράλλακτον
1638 782 1801 850 λέγω,

201 877 310 948 τὴν
332 876 508 947 αὐτὴν
529 877 590 929 οὐ
620 875 782 944 λέγω.
810 876 965 944 Ὀρθ.
995 874 1212 930 Μᾶλλον
1237 870 1329 928 οὖν
1354 875 1447 929 καὶ
1474 874 1534 928 τὸ
1555 873 1804 946 ἀπαράλα

200 965 412 1019 λακτον
434 967 585 1036 φωνῇ
616 963 814 1033 λέγεις,
845 963 920 1027 ὡς
940 964 991 1019 οἱ
1019 965 1251 1037 Χριστὸν
1284 964 1447 1018 αὐτὸν
1491 963 1803 1030 καλοῦντες,

202 1059 308 1111 καὶ
333 1058 411 1130 μὴ
438 1057 805 1121 πιστεύοντες.
836 1057 918 1112 ὅτι
951 1058 1186 1130 Χριστός
1213 1060 1383 1112 ἐστιν.
1428 1058 1490 1111 El
1535 1056 1646 1127 γάρ
1690 1058 1809 1110 ἐπί-

203 1166 429 1214 στευον,
458 1149 557 1202 οὐκ
576 1148 642 1202 ἂν
661 1148 956 1212 τύπτοντες
996 1147 1158 1202 αὐτὸν
1183 1146 1364 1216 ἔλεγον
1390 1163 1406 1177 ·
1443 1166 1461 1197 ι
1496 1147 1809 1218 Προφήτευ-

202 1258 312 1296 σον
339 1232 756 1313 ἡμῖν,νΧριστὲ,
792 1240 876 1305 τίς
925 1243 1071 1294 ἐστιν
1125 1241 1154 1294 6
1209 1240 1412 1303 παίσας
1456 1256 1555 1304 σε;
1599 1258 1616 1291 ι
1650 1242 1803 1292 Max.

204 1327 414 1397 Εἶπον,
436 1334 518 1391 ὅτι
545 1332 755 1397 οὐσίας,
790 1334 883 1386 καὶ
908 1331 1122 1403 βουλῆς,
1159 1333 1254 1387 καὶ
1276 1333 1580 1404 δυνάμεως,
1609 1332 1703 1386 καὶ
1725 1331 1810 1385 66-

209 1425 318 1495 ξης
345 1424 768 1495 ἀπαράλλακτον
811 1425 996 1478 εἰκόνα
1025 1424 1174 1494 λέγω
1209 1424 1300 1478 τὸν
1334 1425 1464 1479 Υίὸν
1497 1422 1805 1495 senape.

206 1518 376 1587 ’0p0.
415 1517 615 1588 Ἄλλην
643 1515 898 1588 τοιαύτην
919 1517 1108 1571 οὐσίαν
1124 1515 1322 1586 λέγεις,
1342 1517 1435 1571 καὶ
1450 1516 1614 1587 ἄλλην
1629 1514 1811 1570 τοιαύ-

207 1625 319 1680 την
360 1607 578 1679 βουλὴν,
627 1610 723 1661 καὶ
767 1608 933 1677 ἄλλην
966 1608 1221 1679 τοιαύτην
1249 1606 1613 1678 δύναμιν,καὶ
1644 1606 1811 1677 ἄλλην

209 1697 478 1770 τοιαύτην
500 1698 657 1761 δόξαν
677 1716 693 1762 ;
712 1701 866 1753 Μακ.
899 1698 1026 1754 Ναί.
1056 1698 1210 1766 Ὀρθ.
1236 1697 1340 1751 Δύο
1358 1692 1449 1751 οὖν
1475 1695 1601 1749 Θεοί
1617 1715 1631 1763 ;
1648 1698 1805 1749 Μακ.

207 1781 315 1853 Εἷς
344 1790 439 1842 καὶ
468 1781 567 1853 εἷς.
599 1789 758 1857 Ὀρθ.
787 1781 956 1854 οὗτος
975 1793 1003 1844 6
1020 1787 1257 1853 τοιοῦτος
1281 1781 1362 1851 εἷς
1389 1788 1450 1840 ἐκ
1482 1786 1673 1840 τούτου
1713 1785 1809 1839 τοῦ

208 1844 375 1948 ἑνόςς
406 1844 562 1936 Max:
601 1844 727 1935 Ναί.
758 1844 1055 1951 Ὀρθ.”Εκ
1084 1881 1184 1952 τῆς
1209 1844 1395 1944 οὐσίας
1448 1876 1596 1951 ἆρα;
1654 1881 1809 1935 Μακ.
1842 1844 1888 1904 Β

212 1973 319 2030 Οὔ.
356 1975 515 2042 Ὀρθ.
560 1972 703 2026 Ἀλλ’
754 1975 819 2027 ἐκ
860 1971 935 2045 μὴ
980 1973 1150 2027 ὄντων
1199 1971 1361 2026 αὐτὸν
1428 1970 1811 2042 ὐπεστήσατο;

211 2072 377 2124 Max.
409 2067 506 2121 Ἐκ
539 2067 612 2138 μὴ
656 2067 826 2120 όντων
849 2085 899 2121 τι
928 2066 1097 2120 ἐστίν.
1147 2068 1301 2134 Ὀρθ.
1363 2064 1501 2128 Τοὺς
1548 2063 1817 2134 ἀγγέλους

210 2162 404 2230 λέγεις
426 2157 588 2226 εἶναι,
609 2160 704 2213 καὶ
731 2162 906 2214 πᾶσαν
928 2161 1029 2232 τὴν
1049 2160 1240 2218 κτίσιν.
1260 2160 1325 2213 ὲκ
1351 2158 1442 2212 τοῦ
1465 2157 1634 2224 Θεοῦς
1658 2161 1811 2213 Max.

211 2255 350 2309 Ναί.
388 2253 704 2326 Γέγραπται
728 2252 858 2324 γάρ’
894 2271 913 2305 ι
945 2253 1029 2306 Τὰ
1054 2254 1231 2307 πάντα
1247 2254 1311 2306 ἐκ
1332 2251 1427 2307 τοῦ
1448 2252 1605 2307 Θεοῦ.
1629 2252 1812 2320 »Ὅρθ.

213 2346 323 2400 Ἐκ
340 2346 439 2415 τῆς
468 2344 657 2409 οὐσίας
683 2344 849 2399 αὐτοῦ
873 2361 888 2407 ;
916 2348 1067 2400 Max.
1103 2344 1256 2416 Οὐχί.
1275 2342 1367 2416 Μὴ
1395 2343 1603 2414 γένοιτο
1624 2343 1637 2397 l
1658 2343 1813 2413 Ὀρθ.

218 2438 419 2503 οὕτως
443 2432 539 2491 οὖν
567 2438 663 2491 καὶ
691 2436 783 2490 τὸν
816 2436 946 2490 Υίδν
982 2435 1163 2505 λέγεις
1195 2436 1272 2499 ὡς
1297 2435 1368 2490 τὰ
1393 2435 1601 2502 πάντας
1657 2436 1814 2491 Μακ.

217 2528 509 2600 Μονογενῆ
544 2527 706 2583 αὐτὸν
730 2526 895 2597 λέγω,
927 2527 989 2581 οὐ
1027 2527 1133 2598 μὴν
1181 2529 1246 2581 ὲκ
1288 2527 1387 2597 τῆς
1410 2524 1617 2590 οὐσίας.
1658 2526 1814 2593 Ὀρθ.

231 2624 299 2676 ’0
332 2621 409 2693 μὴ
435 2618 511 2674 ὢν
532 2621 598 2672 ὲκ
613 2620 709 2691 τῆς
736 2619 947 2684 οὐσίας,
975 2618 1107 2682 Υίδς
1136 2618 1553 2691 ἀπαράλλακτος
1585 2617 1705 2671 κατ’
1725 2617 1818 2670 οὐ·

222 2715 354 2769 σίαν
385 2709 522 2767 εἶναι
550 2712 612 2767 οὐ
650 2712 891 2768 δύναται.
911 2716 1065 2768 Μακ.
1096 2713 1161 2765 Οἱ
1196 2711 1416 2781 ἄγγελοι
1444 2711 1545 2765 οὐκ
1565 2710 1672 2763 εἰσὶ
1697 2709 1818 2763 κατ’

218 2805 419 2859 οὐσίαν
452 2803 703 2876 ἀλλήλοις
727 2802 1128 2876 ἀπαράλλακτοι
1152 2821 1167 2869 ;
1208 2806 1364 2874 Ὀρθ.
1389 2805 1515 2857 Ναί.
1544 2806 1697 2857 Max.
1727 2802 1818 2872 Μὴ

220 2895 354 2951 κατ’
385 2893 575 2949 οὐσίαν
607 2894 741 2965 (96')
766 2894 996 2963 ἄγγελος
1029 2895 1087 2963 ἐξ
1112 2895 1270 2950 ἄλλον
1294 2894 1471 2959 ἐστίνς
1499 2895 1653 2962 Ὀρθ.
1679 2892 1820 2946 Ἀλλ’

1909 595 2030 650 fidei
2060 593 2284 650 Luciani
2320 592 2464 648 idem
2488 606 2610 647 esse
2637 589 2770 644 dicit
2797 588 3111 652 consilium,
3148 585 3468 643 eamdemve

1908 688 2204 758 potentiam
2256 695 2311 742 et
2351 685 2605 757 gloriam.
2686 680 2839 738 Orth.
2898 679 3018 735 Non
3063 696 3188 736 vere
3234 678 3483 751 profectu

1907 779 2052 849 quod
2077 780 2287 850 justum
2325 786 2412 834 est
2462 775 2724 847 loqueris.
2760 774 3062 831 Consilium
3092 774 3238 830 enim
3269 788 3298 827 a
3337 789 3473 828 con-

1908 871 2031 926 silio
2057 886 2165 925 non
2198 871 2503 933 diversum,
2527 877 2613 925 est
2640 867 2784 924 idem
2807 868 3097 924 consilium
3126 887 3138 923 :
3164 876 3219 923 et
3239 875 3476 939 potestas

1909 980 1938 1019 a
1971 971 2243 1034 potestate
2298 978 2412 1019 non
2463 961 2705 1026 diversa,
2758 968 2842 1017 est
2873 960 3062 1016 eadem
3108 968 3351 1031 potestas
3385 979 3396 1014 :
3434 972 3477 1015 et

1907 1057 2080 1130 gloria
2114 1072 2141 1109 a
2171 1057 2345 1127 gloria
2373 1038 2762 1120 non'diversa,
2798 1060 2883 1112 est
2910 1051 3099 1109 eadem
3129 1053 3322 1124 gloria.
3364 1051 3475 1106 Ma-

1908 1149 2022 1203 ced.
2050 1146 2380 1204 lnvariatam
2412 1163 2537 1203 esse
2561 1145 2756 1211 fateor,
2781 1144 3026 1202 eamdem
3058 1159 3168 1199 non
3196 1158 3320 1199 esse
3339 1143 3486 1200 dico.

1912 1239 2069 1296 Orth.
2110 1240 2225 1294 imo
2256 1255 2389 1294 voce
2417 1238 2610 1295 fateris
2642 1239 2788 1294 istud
2823 1253 2935 1294 non
2964 1237 3265 1300 diversum,
3304 1251 3488 1307 quem-
3566 1304 3575 1313 _

1910 1332 2202 1388 admodum
2231 1330 2325 1403 qui
2358 1331 2638 1388 Christum
2674 1346 2797 1388 eum
2832 1331 3124 1395 vocabant,
3156 1345 3257 1385 nec
3297 1330 3489 1386 crede-

1910 1424 2336 1480 bantChristum
2361 1439 2503 1480 esse.
2534 1422 2668 1477 Nam
2698 1424 2745 1479 si
2768 1422 3157 1489 credidissent,
3183 1439 3291 1479 non
3318 1422 3490 1477 dixis-

1911 1525 2054 1582 sent,
2068 1533 2195 1572 eum
2210 1533 2333 1572 eum
2349 1516 2652 1573 caaderent:
2675 1534 2694 1568 ι
2710 1515 3038 1587 Prophetiza
3056 1516 3234 1581 nobis,
3247 1516 3488 1577 Christe.

1910 1610 2035 1679 quis
2064 1617 2148 1664 est
2177 1609 2269 1680 qui
2300 1617 2353 1663 te
2375 1607 2652 1681 percussit
2677 1607 2744 1663 “.
2773 1627 2793 1660 ι
2822 1607 3032 1665 Mat-ed.
3064 1606 3184 1662 Dixi
3216 1623 3302 1664 me
3329 1607 3486 1663 fateri

1910 1698 2107 1754 Filium
2121 1715 2245 1755 esse
2261 1700 2578 1770 imaginem,
2598 1700 2931 1762 substantia,
2950 1701 3207 1764 consilio,
3225 1700 3490 1772 potentia,

1913 1798 1968 1846 et
1990 1790 2163 1862 gloria
2185 1806 2293 1846 non
2318 1789 2592 1847 diversam
2616 1807 2647 1846 a
2675 1789 2853 1846 Patre.
2881 1789 3035 1848 Orth.
3061 1789 3236 1846 Aliam
3257 1792 3491 1846 similem

1915 1882 2278 1938 substantiam
2300 1881 2462 1949 diris,
2482 1890 2538 1940 et
2557 1882 2705 1937 aliud
2729 1884 2909 1939 simile
2930 1884 3310 1949 consilium,et
3328 1884 3492 1937 aliam

1915 1974 2150 2030 similem
2185 1975 2504 2045 potentiam,
2533 1982 2588 2031 et
2619 1976 2781 2030 aliam
2809 1975 3043 2031 similem
3068 1975 3342 2048 gloriam?
3373 1973 3496 2030 lla-

1915 2062 2027 2119 ced.
2052 2062 2252 2118 Etiam.
2281 2063 2435 2121 Ortlt.
2472 2063 2592 2120 Duo
2623 2073 2755 2120 sunt
2786 2065 2954 2135 igitur
2979 2066 3076 2124 dii.
3109 2065 3316 2123 Μαῖρά.
3341 2065 3495 2122 Unus

1916 2163 1971 2211 et
2000 2172 2165 2213 unus.
2200 2155 2357 2213 Orth.
2392 2157 2502 2213 Iste
2525 2174 2671 2214 unus
2700 2158 2920 2224 similis,
2945 2169 3102 2215 estne
3121 2176 3187 2216 ex
3223 2160 3331 2217 isto
3352 2160 3498 2216 uno?

1918 2247 2128 2304 Maced.
2168 2250 2249 2305 Ita
2285 2256 2391 2307 est.
2430 2249 2584 2307 Orth.
2626 2249 2707 2307 An
2741 2266 2872 2323 ergo
2901 2267 2969 2308 ex
2993 2252 3348 2308 substantia?
3374 2250 3497 2306 Ma-

1917 2338 2030 2394 ced.
2079 2339 2221 2395 Non.
2252 2339 2405 2396 Orth.
2444 2339 2687 2410 Ergoex
2718 2355 2830 2397 non
2859 2341 3253 2398 exsistentibus
3288 2342 3415 2398 fecit
3438 2351 3497 2397 ut

1918 2433 2248 2489 exsisteret?
2285 2430 2496 2486 Maced.
2544 2430 2643 2486 Est
2692 2447 2823 2488 sane
2862 2433 3125 2504 quiddam
3151 2448 3218 2489 ex
3272 2433 3340 2490 iis
3374 2449 3497 2506 qua:

1919 2540 2031 2581 non
2060 2533 2245 2582 erant.
2277 2524 2434 2581 Orlh.
2463 2524 2705 2595 Angelos
2738 2531 2795 2580 et
2833 2540 2925 2581 res
2949 2539 3141 2581 omnes
3171 2533 3387 2582 creatas
3415 2526 3500 2580 fa-

1923 2616 2055 2672 teris
2094 2629 2219 2674 esse
2249 2631 2318 2672 ex
2361 2613 2516 2671 Deo?
2548 2613 2758 2670 Maced.
2794 2613 2993 2671 Etiam.
3031 2614 3308 2688 Scriptum
3351 2619 3498 2679 enim

1920 2716 2005 2764 est
2038 2726 2053 2763 :
2092 2727 2111 2759 ι
2147 2706 2343 2764 Omnia
2374 2722 2441 2764 ex
2474 2707 2607 2764 Deo.
2649 2726 2670 2760 ι
2697 2706 2855 2764 Orth.
2889 2705 2967 2763 Ex
3003 2709 3311 2766 substantia
3343 2710 3502 2781 ejus?

1921 2800 2131 2857 Haced.
2153 2799 2531 2873 Nequaquam.
2554 2799 2745 2857 Absit!
2778 2799 2936 2858 Orth.
2980 2798 3071 2856 Sic
3103 2801 3273 2873 igitur
3302 2801 3500 2857 Filium

1924 2901 1984 2948 ut
2021 2908 2110 2949 res
2139 2900 2369 2949 caeteras
2395 2907 2519 2948 esse
2542 2891 2757 2947 sentis?
2783 2888 2996 2948 Haced.
3030 2890 3377 2964 Unigenitum
3419 2892 3505 2964 ip-

224 2990 415 3052 οὐδεὶς
438 2987 688 3056 ἀγγέλων
713 2987 944 3056 ἀγγέλου
978 2988 1211 3061 πατὴρῆ
1240 2988 1375 3052 υἱός.
1393 2988 1452 3041 '0
1477 2987 1534 3041 δὲ
1555 2988 1810 3058 μακάριος

1924 3004 2046 3047 sum
2079 2986 2224 3051 dico,
2279 3001 2390 3042 non
2430 2993 2615 3041 tamen
2644 3002 2715 3042 ex
2762 2985 2938 3056 ipsius
2970 2985 3299 3042 substantia.
3339 2984 3504 3059 442

226 3086 552 3149 Λουκιανὸς,
573 3084 699 3137 Υἰὸν
715 3081 928 3154 Πατρδς
960 3080 1166 3146 οὐσίας,
1183 3081 1279 3134 καὶ
1299 3079 1514 3150 βουλῆς,
1538 3079 1633 3133 καὶ
1664 3079 1810 3134 δυνά‹

1928 3081 2080 3138 Orth.
2111 3080 2215 3153 Qui
2243 3095 2354 3134 non
2404 3087 2491 3137 est
2533 3094 2601 3135 ex
2649 3077 2977 3142 substantia.
3010 3092 3118 3134 non
3160 3085 3337 3150 potest
3381 3094 3506 3135 esse

228 3196 404 3250 μεως,
432 3179 527 3233 καὶ
550 3177 710 3248 δόξης
754 3174 1172 3248 ἀπαράλλακτον
1216 3174 1402 3228 εἰκόνα
1447 3171 1704 3245 εἰρηκὼς,
1731 3172 1810 3226 διά

1923 3171 2094 3228 Filius
2128 3171 2430 3229 secundum
2491 3170 2856 3226 substantiam
2894 3170 2948 3225 in
3011 3170 3166 3225 nullo
3216 3170 3499 3227 diversus.

222 3269 327 3323 τοῦ
359 3268 489 3322 Υἱοῦ
509 3267 570 3321 τὸ
598 3265 658 3332 ἐξ
712 3265 884 3336 αὐτῆς
930 3264 1117 3331 ἔδειξε,
1164 3263 1260 3317 καὶ
1310 3261 1423 3316 διὰ⁵
1451 3262 1546 3316 τοῦ
1582 3260 1810 3333 ἀπαραλ

1929 3264 2138 3320 Maced.
2193 3264 2383 3336 Angeli
2445 3277 2629 3319 nonne
2681 3274 2812 3318 sunt
2869 3264 3012 3319 inter
3063 3279 3123 3319 se
3157 3279 3267 3320 non
3301 3263 3507 3320 diversi

224 3361 435 3414 λάκτου
468 3358 531 3412 τὸ
574 3357 758 3412 αὐτόν.
805 3361 961 3412 Max.
1008 3353 1149 3425 Ἐγὼ
1186 3353 1606 3428 ἀπαράλλακτον
1652 3354 1794 3423 λέγω

1930 3354 2284 3413 substantia?
2313 3353 2467 3410 Orth.
2509 3353 2610 3408 lta.
2643 3352 2852 3409 Μαρια.
2890 3352 3029 3409 Num
3061 3355 3309 3425 angelus,
3354 3353 3505 3425 quod

225 3450 358 3505 οὐτε
390 3450 448 3505 δὲ
485 3452 550 3505 ἐκ
572 3451 672 3520 τῆς
698 3449 906 3513 οὐσίας,
942 3447 1065 3503 οὔτε
1094 3448 1194 3521 τὴν
1230 3448 1402 3519 αὐτὴν
1447 3447 1658 3511 οὐσίαν,
1704 3445 1810 3500 οὐτε

1932 3446 2009 3501 ad‘
2032 3444 2398 3502 substantiam
2434 3445 2650 3508 attinet,
2696 3460 2762 3500 ex
2799 3445 2908 3499 alio
2960 3453 3045 3501 est
3078 3445 3317 3514 angelo?
3348 3444 3501 3500 Orth.

226 3544 334 3621 τῂν
366 3541 534 3614 αὐτὴν
558 3542 809 3612 δύναμιν,
845 3539 968 3594 οὐτε
993 3539 1095 3612 τὴν
1124 3539 1293 3611 αὐτὴν
1321 3538 1500 3604 δόξαν.

1935 3537 2043 3594 Sed
2067 3537 2252 3592 nullus
2293 3536 2607 3607 angelorum
2656 3544 2739 3592 est
2796 3537 2973 3607 angeli
3011 3546 3166 3607 pater
3197 3537 3281 3591 vel
3339 3536 3504 3616 illius.

228 3635 439 3692 Beatus
472 3645 653 3690 autem
686 3632 987 3698 Lucianus,
1015 3646 1138 3687 cum
1170 3631 1398 3695 diceret,
1444 3630 1639 3687 Filium
1683 3646 1807 3689 esse
1840 3630 2132 3703 imaginem
2159 3627 2343 3686 Patris
2374 3625 2729 3694 substantias,
2772 3636 2827 3683 et
2873 3629 3126 3689 consilii.
3168 3636 3222 3684 et
3265 3635 3507 3698 potesta-

229 3732 331 3791 tis,
365 3736 418 3785 et
448 3729 635 3802 gloriae
675 3728 730 3784 in
763 3728 914 3782 nullo
946 3728 1240 3793 diversam,
1277 3743 1372 3799 per
1405 3726 1627 3793 Filium,
1657 3727 1804 3799 quod
1835 3743 1905 3785 ex
1935 3728 2054 3799 ipsa
2093 3726 2403 3784 substantia
2445 3732 2594 3782 esset
2628 3744 2643 3781 :
2673 3740 2771 3795 per
2814 3724 2981 3789 illud,
3040 3740 3150 3779 non
3205 3724 3505 3789 diversum,

233 3824 577 3883 identitatem
600 3822 859 3879 ostendit.
888 3821 1098 3877 Maced.
1132 3821 1247 3894 Ego
1288 3822 1345 3877 in
1382 3823 1533 3878 nullo
1577 3821 1855 3883 diversum
1911 3822 2038 3879 dico
2087 3842 2102 3879 :
2146 3823 2244 3880 sed
2298 3837 2475 3894 neque
2519 3837 2585 3877 ex
2639 3820 2979 3885 substantia,
3029 3835 3206 3891 neque
3258 3820 3507 3876 eamdem

234 3918 630 3980 substantiam,
654 3933 830 3988 neque
847 3916 1091 3972 eamdem
1119 3916 1437 3987 potentiam,
1462 3930 1644 3987 neque
1670 3916 1917 3977 eamdem
1946 3916 2199 3991 gloriam.

309 4013 366 4069 5.
399 4013 553 4083 Ὀρθ.
592 4012 795 4086 Ἀλλην
816 4008 911 4068 οὖν
929 4012 1041 4083 ἔχει
1064 4010 1294 4083 δύναμιν
1309 4011 1338 4065 6
1371 4012 1521 4076 Υἱὸς,
1539 4012 1635 4066 καὶ
1661 4011 1810 4084 άλληι

2004 4012 2059 4068 ὅ.
2098 4010 2254 4068 Orth.
2284 4009 2460 4066 Aliam
2497 4009 2665 4080 igitur
2694 4006 2992 4079 potentiam
3028 4004 3191 4060 habet
3222 4002 3416 4067 Filius,
3456 4012 3513 4061 ct

237 4104 402 4172 δόξαν
418 4102 572 4175 παρὰ
599 4102 689 4157 τὸν
710 4102 929 4176 Πατέρα
944 4120 958 4169 ;
976 4106 1132 4158 Max.
1152 4102 1354 4175 Ἀλλην
1377 4102 1652 4174 τοιαύτην.
1668 4105 1804 4172 Ὀρθ

1933 4105 2095 4162 aliam
2118 4104 2371 4176 gloriam,
2395 4118 2560 4174 quam
2582 4100 2788 4156 Pater?
2815 4097 3026 4153 Maced.
3052 4096 3228 4152 Aliam
3253 4094 3508 4151 similem.

238 4194 372 4260 Πῶς
404 4192 498 4250 οὖν
521 4196 765 4269 εἴρηται·
800 4214 819 4247 ο
848 4196 1081 4267 Χριστὸς
1105 4194 1238 4249 Θεοῦ
1266 4194 1515 4267 δύναμις,
1555 4196 1651 4255 καὶ
1689 4194 1810 4248 Θεοῐ

1937 4197 2089 4254 Orth.
2145 4194 2433 4262 Quomodo
2492 4192 2660 4265 igitur
2711 4192 2980 4264 scriptum
3025 4198 3111 4245 est
3148 4206 3162 4240 ε
3199 4206 3218 4240 ι
3259 4187 3513 4242 Christus

243 4288 450 4358 σοφίας
478 4307 496 4340 ι
520 4288 616 4342 καὶ
640 4286 758 4351 πῶς
788 4288 817 4339 6
842 4287 971 4351 Υἱὸς
1000 4286 1167 4356 λέγει·
1192 4305 1211 4331 ο
1239 4288 1407 4340 Ὅταν
1424 4286 1480 4345 δὲ
1507 4286 1632 4361 ἔλθῃ
1654 4289 1681 4341 6
1701 4287 1810 4352 Υἱὸς

1938 4288 2030 4345 Dei
2060 4288 2257 4351 virtuts,
2281 4295 2337 4343 et
2367 4285 2461 4342 Dei
2506 4284 2778 4356 sapientia
2806 4284 2899 4342 "‘l
2935 4303 2954 4336 ι
2988 4289 3045 4338 et
3075 4279 3352 4352 quomodo
3382 4279 3515 4334 dicit

239 4378 340 4432 τοῦ
359 4376 648 4448 ἀνθρώπου
680 4379 738 4430 ὲν
771 4377 838 4449 τῇ
859 4376 985 4449 δόξῃ
1017 4375 1112 4431 τοῦ
1146 4374 1358 4448 Πατρός
1395 4375 1593 4441 αὐτούς
1621 4395 1638 4428 ι
1670 4379 1803 4430 Μακ

1935 4378 2108 4435 Filius
2144 4398 2158 4434 :
2200 4397 2219 4431 ι
2262 4377 2400 4434 Cum
2446 4384 2629 4432 autem
2683 4376 2897 4433 venerit
2956 4373 3131 4429 Filius
3177 4373 3414 4430 hominis
3454 4373 3515 4428 in

242 4471 359 4526 Kal.
392 4469 422 4522 6
453 4469 645 4542 Πατὴρ
675 4468 808 4522 ξδὶαν
838 4467 948 4540 ἔχει
969 4467 1149 4535 δόξαν.
1183 4469 1278 4525 καὶ
1312 4467 1528 4540 βουλὴν,
1553 4468 1646 4521 καὶ
1676 4467 1810 4520 δύνα¹

1930 4470 2104 4543 gloria
2136 4468 2323 4525 Patris
2361 4469 2446 4525 sui
2471 4468 2568 4523 ὀἳ
2604 4486 2623 4520 ι
2662 4466 2872 4523 Maced.
2910 4464 3154 4523 Habetne
3191 4466 3355 4522 etiam
3413 4462 3521 4518 Pa-

248 4578 366 4635 μιν,
398 4559 432 4631 ἢ
466 4559 565 4625 οὐ;
597 4561 751 4628 Ὀρθ.
784 4560 912 4614 Ναί.
948 4564 1101 4615 Max.
1139 4562 1248 4616 Kal
1280 4563 1308 4615 6
1330 4561 1457 4625 Υἱὸς
1485 4560 1641 4627 ἰδίαν,
1673 4558 1810 4633 ἢού]

1931 4570 2016 4618 ter
2053 4561 2327 4633 propriam
2364 4560 2618 4633 gloriam,
2662 4567 2718 4615 et
2764 4560 3047 4630 proprium
3095 4557 3408 4621 consilium,
3461 4564 3517 4612 et

245 4656 401 4723 Ὀρθ.
424 4654 576 4724 Αὐτὴ
610 4655 643 4724 ἡ
672 4652 768 4706 τοῦ
800 4653 1015 4728 Πατρὸς
1045 4651 1191 4725 δόξα,
1213 4654 1308 4713 καὶ
1337 4652 1523 4725 βουλὴ,
1561 4654 1654 4707 καὶ
1672 4652 1810 4706 δύναι

1933 4652 2210 4725 propriam
2242 4650 2566 4722 potentiam,
2594 4650 2820 4705 annon?
2854 4648 3008 4704 Ortli.
3061 4647 3255 4703 Habet.
3304 4645 3516 4704 Maced.

250 4763 366 4818 μις,
396 4744 493 4798 τοῦ
526 4743 655 4797 Υίοῦ
674 4746 839 4798 ἐστιν.
858 4744 958 4799 Διὰ
984 4743 1142 4799 τοῦτο
1166 4746 1313 4814 λέγει
1344 4748 1372 4800 6
1389 4747 1547 4810 Υἱός·
1570 4764 1591 4798 t
1624 4746 1805 4799 Πάντα

1935 4743 2002 4799 Et
2040 4742 2211 4799 Filius
2247 4742 2434 4797 itidem
2484 4741 2793 4813 propriam,
2845 4739 3068 4795 annon?
3097 4737 3249 4796 Orlh.
3279 4735 3401 4809 Ipsa
3422 4736 3521 4791 Pa-

248 4840 351 4893 ὂσα
385 4836 498 4909 ἔχει
535 4840 563 4891 6
587 4837 798 4909 Πατὴρ,
831 4836 942 4908 ἐμά
957 4838 1125 4894 ἐστιν.
1148 4857 1168 4890 ι
1190 4843 1342 4894 Max.
1384 4840 1442 4894 ’0
1472 4840 1599 4903 Υἱὸς
1622 4834 1714 4893 οὖν
1734 4838 1810 4891 οὐι

1941 4837 2044 4890 tris
2066 4835 2238 4905 gloria
2266 4841 2321 4889 et
2346 4833 2593 4903 ejusdem
2618 4832 2934 4896 consilium,
2959 4837 3014 4886 et
3038 4831 3300 4901 potentia,
3323 4839 3407 4885 est
3432 4828 3522 4884 Fi-

253 4933 369 5003 εχει
398 4930 581 4996 δόξαν,
622 4930 723 4984 οὐκ
775 4928 891 5001 ἔχει
924 4929 1143 5002 βουλὴν,
1173 4930 1273 4984 οὐκ
1305 4929 1418 5000 ἔχει
1449 4929 1699 5000 δύναμιν,
1734 4930 1810 4983 οὐι

1939 4929 2020 4983 lii.
2054 4927 2347 4998 Propterea
2383 4925 2525 4980 dicit
2545 4923 2719 4980 Filius
2746 4944 2758 4978 :
2789 4943 2808 4975 ι
2843 4924 3191 4995 Quaacuuque
3220 4922 3385 4978 habet
3419 4921 3539 4981 Pa~,.

252 5025 367 5096 ἔχει
394 5020 646 5094 θεότητα,
681 5021 778 5075 ἐὰν
804 5022 878 5094 μὴ
910 5020 1048 5093 λάϐῃ
1073 5021 1225 5093 παρά
1277 5022 1371 5075 τοῦ
1421 5022 1654 5095 Πατρός.
1676 5023 1810 5089 Ὄρθ

1941 5028 2045 5085 ter,
2107 5033 2226 5074 mea
2268 5024 2397 5071 sunt
2421 5016 2488 5069 ⁸⁷.
2519 5036 2536 5068 ι
2564 5013 2774 5070 Maced.
2817 5014 2991 5071 Filius
3044 5029 3176 5085 ergo
3207 5029 3317 5069 non
3360 5013 3519 5068 habrt

254 5116 408 5187 Αὕτη
436 5114 548 5186 (97)
580 5115 612 5185 ὴ
639 5112 788 5181 δόξα,
836 5112 933 5171 καὶ
979 5112 1165 5185 βουλὴ,
1230 5113 1325 5168 καὶ
1379 5113 1627 5185 δύναμις,
1679 5113 1810 5168 mli

1945 5111 2196 5183 gloriam,
2218 5124 2328 5164 non
2350 5108 2514 5163 habet
2535 5108 2852 5172 consilium,
2879 5123 2988 5163 non
3010 5106 3177 5162 habet
3202 5107 3545 5176 potentiam“

254 5210 472 5279 Θεότης,
498 5206 593 5259 τοῦ
627 5206 843 5294 Πατρός
867 5207 982 5260 ἐστι
1014 5207 1106 5294 καὶ
1130 5204 1223 5263 τοῦ
1246 5204 1412 5270 Υἱ“οὖ;
1447 5208 1602 5294 Max:
1631 5205 1723 5277 Μὴ
1748 5206 1810 5273 γέ

1946 5219 2058 5260 non
2093 5202 2257 5258 habet
2310 5201 2592 5264 deitatem,
2646 5199 2753 5255 nisi
2804 5215 2835 5254 a
2884 5198 3048 5254 Patre
3079 5198 3329 5269 accipiat.
3367 5195 3519 5252 Orlh.

255 5299 636 5369 vortoslrrsi’vl
674 5283 817 5367 ’οῥ0.
842 5297 966 5361 Πῶς
985 5293 1076 5351 οὖν
1095 5297 1241 5367 λέγει
1267 5298 1296 5349 6
1321 5297 1448 5359 Υἱός
1467 5315 1480 5327 σ
1511 5317 1527 5347 ί
1565 5283 1748 5350 Πάντα
1772 5313 1810 5349 τι

1945 5291 2055 5349 Ista
2077 5293 2274 5364 gloria,
2298 5291 2444 5346 istud
2476 5290 2793 5352 consilium,
2813 5289 2918 5346 ista
2947 5289 3327 5361 potentia,ista
3349 5288 3522 5343 deltas

253 5394 366 5463 ἐμὲ
402 5393 472 5446 σά
499 5393 668 5455 ἐστιν,
702 5392 796 5451 καὶ
826 5389 894 5448 τὰ
914 5389 981 5443 σὰ
1003 5390 1145 5461 ὲμάξ
1175 5409 1193 5441 ι
1231 5393 1383 5445 Μακ.
1412 5388 1548 5460 Περὶ
1577 5388 1683 5443 τῶν
1706 5390 1810 5442 ἀπο

1947 5392 2037 5442 est
2062 5383 2244 5439 Patris
2274 5393 2330 5440 et
2390 5382 2565 5439 Filii?
2597 5382 2804 5438 Maced.
2839 5383 2996 5447 Absit
3049 5390 3109 5436 ut
3158 5381 3263 5437 hoc
3306 5378 3518 5436 dicam!

255 5481 464 5535 στόλων
487 5480 656 5549 λέγει.
698 5483 853 5549 '0p0.
871 5477 999 5534 Οἶδα
1037 5477 1213 5548 κάγὼ,
1250 5480 1345 5543 ,ὃτι
1376 5480 1505 5551 περὶ
1528 5478 1637 5533 τῶν
1663 5477 1809 5548 μαθη

1954 5474 2111 5533 Orth.
2142 5474 2430 5541 Quomodo
2461 5475 2631 5546 igitur
2659 5476 2793 5538 dicit
2822 5472 2995 5530 Filius
3030 5491 3043 5526 :
3083 5491 3102 5526 ι
3156 5469 3351 5529 Omnia
3401 5484 3441 5525 π
3462 5484 3524 5525 ea

330 5638 378 5669 "
419 5635 610 5693 Matth.
647 5652 804 5703 xxvr,
838 5635 927 5691 68.
1004 5636 1050 5668 "
1090 5634 1109 5689 1
1142 5635 1269 5692 Cor.
1307 5651 1348 5705 ι,
1382 5636 1472 5693 26.
1550 5637 1596 5669 "
1636 5634 1810 5690 Matth.

1913 5650 1989 5699 tv,
2021 5602 2119 5689 51..
2185 5634 2230 5666 ⁸⁷
2269 5629 2428 5687 Joan.
2464 5648 2585 5699 xvi,
2623 5630 2719 5689 15.

264 5791 410 5864 (εὖθ’)
438 5791 606 5861 Editi,
627 5792 832 5857 οὐσίας.
869 5793 1022 5848 Enn.
1316 5836 1321 5840 .

2022 5788 2135 5863 (ογ)
2176 5788 2328 5857 Mam,
2346 5786 2507 5862 αὐτή.
