3982 6398
489 267 630 324 ΙΞΟῚ

1657 289 1715 344 S.
1759 289 2224 352 ATHANASIUS.
2258 325 2326 338 --
2366 292 2644 354 SPURIA.

3633 305 3762 364 1208

486 393 581 440 tua
612 395 763 450 sunt,
790 396 844 444 et
875 399 968 445 tua
995 407 1114 448 mea
1145 403 1274 450 sunt
1305 397 1393 452 "2
1420 417 1438 450 ι
1473 397 1683 458 Maced.
1716 400 1788 458 De
1811 403 2044 474 apostoli

2175 405 2287 460 τῶν
2315 407 2582 467 διαλαλῶν
2633 404 2758 464 εἷπε
2789 411 2968 468 ταῦτα
2988 431 3002 444 ο
3034 415 3171 470 ἀλλὰ
3207 417 3412 490 συνῆψε
3443 422 3555 484 τοῖς
3590 421 3763 492 μαθη-

485 477 752 548 loquitur.
805 481 959 538 Orlh.
991 482 1125 538 Novi
1159 495 1214 540 et
1243 502 1346 556 ego
1389 488 1669 548 Christum
1715 493 1830 549 hare
1860 495 2068 552 dixisse

483 570 555 626 de
591 570 876 643 discipulis
907 574 1264 632 disserentem
1300 598 1314 634 :
1350 579 1448 636 sed
1494 581 1784 654 discipulis
1817 585 2068 657 adjunxit

481 667 694 729 omnia,
729 675 788 721 ut
817 667 910 738 qui
941 683 1049 722 non
1076 669 1300 738 dixerit,
1333 671 1436 730 Mei
1467 686 1596 732 sunt
1623 677 1724 742 tui,
1753 680 1845 734 sed
1879 699 1898 732 ι
1936 679 2068 736 Om-

484 759 572 813 nia
613 775 732 814 mea
769 767 884 826 tua,
919 771 1049 818 sunt
1081 771 1134 819 et
1185 776 1277 820 tua
1309 782 1429 822 mea
1475 777 1624 824 sunt.
1668 791 1686 824 ι
1719 771 1962 843 Alioqui,
1994 789 2062 830 an

480 849 646 908 Pater
671 853 809 908 nihil
839 869 1053 919 eorum,
1077 872 1199 923 quae
1221 857 1484 924 diximus,
1506 861 1741 918 habebat
1769 872 2064 935 antequam

480 943 744 998 mundum
771 947 1023 1003 crearet?
1051 946 1262 1029 Maced.
1309 949 1558 1010 Habebat
1587 965 1737 1011 certe
1777 955 2063 1021 deitatem.

476 1039 728 1110 gloriam,
752 1043 1080 1112 potentiam,
1113 1043 1430 1111 consilium,
1461 1047 2060 1121 incorruptibilitatem.

477 1129 583 1186 Sed
610 1130 678 1186 de
699 1131 770 1190 iis
792 1132 1049 1191 Christus
1081 1151 1191 1191 non
1227 1138 1493 1208 loquitur.
1527 1140 1680 1198 Orth.
1713 1143 1853 1198 Audi
1891 1143 2064 1214 ipsius

475 1221 696 1280 Domini
731 1241 918 1288 voces.
955 1243 1080 1298 qua:
1106 1231 1325 1300 quidem
1357 1232 1432 1286 ita
1463 1249 1524 1288 se
1554 1233 1792 1290 habent:
1822 1255 1840 1286 ι
1868 1234 2063 1290 Omnia

473 1333 592 1373 mea
623 1325 714 1372 tua
745 1327 896 1384 sunt,
925 1328 980 1374 et
1013 1329 1105 1376 tua
1142 1338 1261 1378 mea
1296 1331 1450 1387 sunt,
1481 1334 1536 1380 et
1569 1326 1910 1396 gloriﬁcatus
1941 1345 2062 1384 sum

473 1410 530 1466 in
563 1411 644 1466 eis
678 1411 743 1466 ".
789 1431 808 1464 ι
839 1410 1050 1469 Haced.
1088 1413 1294 1486 Nempe
1327 1415 1384 1471 in
1418 1417 1712 1489 discipulis
1742 1421 1858 1476 suis
1893 1421 2061 1491 glori-

471 1505 669 1562 ﬁcatus
707 1513 813 1562 est.
851 1505 1008 1576 Orth.
1067 1506 1268 1564 Annon
1317 1508 1486 1580 igitur
1515 1511 1744 1582 gloriam
1807 1511 2058 1576 habebat,

471 1606 764 1668 antequam
788 1599 1030 1656 mundus
1055 1599 1394 1657 exsisteret?
1424 1600 1632 1658 Maced.
1660 1603 1904 1659 Habebat
1933 1620 2062 1675 pm-

471 1688 626 1746 l'ecto
657 1705 678 1744 :
707 1691 974 1763 scriptum
1027 1702 1114 1748 est
1145 1694 1290 1750 enim
1327 1713 1340 1750 :
1378 1715 1396 1748 ι
1430 1695 1614 1761 Pater,
1663 1697 1911 1769 gloriﬁca
1973 1715 2058 1754 me

2168 501 2290 562 ταῖς
2336 500 2536 565 πάντα,
2569 501 2672 556 οὐκ
2723 502 2803 556 ἔτι
2839 503 3032 572 εἰπὼν,
3058 508 3120 561 Οἱ
3152 509 3274 579 ἐμοὶ
3300 510 3384 564 σοί
3417 512 3577 574 εἰσιν,
3608 513 3763 572 ἀλλὰ.

2173 591 2403 647 «Πάντα
2419 592 2490 648 τὰ
2511 593 2623 666 ὲμά
2664 596 2738 650 σά
2768 598 2906 662 ἐστι,
2945 599 3040 656 καὶ
3067 599 3134 654 τὰ
3183 601 3252 655 σὰ
3273 603 3404 675 ὲμόι.
3446 623 3466 656 ι
3513 605 3689 671 Ἐπεὶ,
3713 607 3760 662 ει

2168 680 2276 754 πρὸ
2303 683 2404 756 τῆς
2442 683 2675 748 κτίσεως
2712 685 2864 739 οὐδὲν
2884 683 3030 759 εἶχεν
3055 689 3083 742 ὅ
3115 690 3306 764 Πατὴρ
3335 692 3447 746 τῶν
3476 711 3749 770 προειρη-

2171 773 2376 847 μένων,
2411 779 2566 832 Μακ.
2609 777 2738 843 Ναὶ,
2771 774 2919 852 εἶχεν
2973 780 3228 853 θεότητα,
3285 783 3466 850 δόξαν,
3509 785 3756 858 δύναμιν.

2169 866 2385 941 βουλὴν,
2417 868 2726 943 ἀφθαρσίαν
2745 887 2760 901 ·
2792 870 2982 926 ἀλλὀὐ
3011 875 3144 946 περὶ
3166 875 3350 930 αὐτῶν
3374 875 3588 947 ἔλεγεν.
3608 879 3755 948 Ὀρθ.

2171 961 2371 1014 Ἀκουε
2423 961 2534 1016 τῶν
2575 961 2670 1016 τοῦ
2719 963 2928 1037 Κυρίου
2955 966 3150 1034 φωνῶν
3171 983 3186 997 ⁸
3233 966 3419 1040 ἔχουσι
3453 969 3514 1022 δὲ
3537 968 3713 1034 οὕτως
3738 988 3754 1006 ο

2173 1075 2194 1108 ι
2237 1057 2426 1111 Πάντα
2449 1056 2518 1110 τὰ
2539 1056 2650 1127 ἐμὰ
2684 1055 2771 1121 σὰ,
2804 1048 2900 1110 καὶ
2923 1057 2992 1110 τὰ
3025 1057 3093 1112 σὰ
3112 1057 3246 1131 ἐμὰ,
3295 1060 3392 1114 καὶ
3432 1061 3759 1134 δεδόξασμαι

2168 1151 2226 1202 ὲν
2251 1150 2456 1214 αὔτοίς.
2498 1169 2516 1201 ι
2546 1154 2701 1206 Μακ.
2732 1151 2824 1204 Ἐν
2841 1149 2950 1223 γὰρ
2975 1153 3092 1215 τοῖς
3113 1150 3390 1223 μαθηταῖς
3424 1153 3755 1220 δεδόξασται.

2165 1242 2322 1310 Ὀρθ.
2353 1241 2470 1296 Οὐκ
2495 1239 2639 1313 εἶχεν
2662 1238 2756 1296 οὖν
2779 1241 2936 1308 δόξαν
2955 1241 3064 1315 πρὸ
3087 1241 3183 1296 τοῦ
3212 1243 3304 1296 τὸν
3336 1243 3544 1315 κόσμον
3587 1242 3754 1313 εἷναι;

2165 1335 2318 1386 Max.
2339 1332 2466 1394 Ναὶ,
2493 1327 2658 1402 εἶχεν*
2687 1331 2993 1406 γέγραπται
3017 1333 3144 1404 γάρ’
3171 1351 3190 1384 σ
3213 1333 3417 1407 Πάτερ,
3443 1335 3670 1402 δόξασόν
3694 1354 3755 1407 με

2165 1424 2229 1492 τῇ
2259 1421 2406 1495 δόξῃ.
2490 1417 2635 1492 εἶχον
2661 1422 2769 1494 πρὸ
2797 1421 2892 1478 τοῦ
2913 1423 3008 1476 τὸν
3033 1423 3236 1495 κόσμον
3261 1419 3426 1486 εἶναι,
3447 1425 3603 1498 παρά
3622 1427 3750 1481 σοί.)

2166 1513 2326 1583 Ὀρθ.
2345 1513 2436 1567 Ἑν
2461 1515 2598 1586 αὐτῇ
2619 1514 2674 1567 δὲ
2693 1514 2912 1587 ἔρχεται
2933 1518 3116 1587 κρῖναι
3141 1515 3351 1582 ζῶντας
3381 1519 3478 1572 καὶ
3505 1521 3750 1591 νεκροὺς,

2164 1606 2196 1678 ἢ
2223 1609 2278 1660 ἐν
2293 1605 2459 1679 ἄλλω
2491 1607 2752 1661 Μακ.Ἑν
2783 1609 2942 1680 αὐτῇ.
2964 1611 3122 1677 Ὀρθ.
3153 1609 3315 1678 Λέγει
3347 1609 3405 1664 δὲ
3433 1612 3493 1663 ὲν
3514 1612 3754 1680 Εὑαγγε-

2163 1693 2301 1760 λίοις
2321 1713 2334 1725 υ
2375 1715 2392 1746 ι
2428 1695 2628 1750 Μέλλει
2643 1695 2752 1768 γὰρ
2773 1697 2949 1762 ὁΥἱὸς
2977 1699 3072 1752 τοῦ
3101 1699 3392 1772 ἀνθρώπου
3418 1700 3752 1772 ἕρχεσθαιὲν

469 1783 646 1852 gloria
685 1799 850 1854 quam
900 1784 1088 1852 habui,
1136 1799 1424 1860 antequam
1469 1789 1708 1846 mundus
1743 1793 2046 1856 exsisteret,

2161 1789 2228 1858 τῇ
2269 1785 2504 1858 δόξῃτοῦ
2537 1787 2749 1858 Πατρὸς
2784 1787 2950 1842 αὐτοῦ
2992 1787 3122 1859 (98).
3167 1809 3185 1840 ι
3221 1788 3369 1861 Αῦτη
3405 1790 3515 1862 ἄρα
3564 1793 3598 1862 ἡ
3629 1791 3751 1857 δόξα

470 1875 615 1946 apud
644 1882 698 1930 te
722 1877 796 1931 “°.
836 1895 857 1930 ι
895 1875 1050 1933 Orth.
1083 1877 1433 1936 Venturusne
1459 1889 1545 1937 est
1569 1882 1623 1938 in
1650 1897 1712 1937 ea
1743 1884 1936 1954 gloria,
1964 1885 2055 1955 ju-

468 1965 754 2022 dicaturus
792 1967 948 2024 vivos
983 1976 1037 2024 et
1077 1978 1349 2038 mortuos,
1375 1987 1444 2025 an
1490 1971 1545 2026 in
1576 1973 1724 2029 alia?
1748 1972 1958 2031 Mnccd.
1995 1977 2053 2031 In

465 2076 528 2114 ea
561 2060 699 2130 ipsa.
740 2058 894 2116 Orth.
935 2059 1076 2116 Dicit
1113 2072 1296 2117 autem
1332 2063 1386 2117 in
1430 2063 1740 2136 Evangeliis
1773 2085 1786 2120 :
1823 2086 1844 2118 ι
1885 2067 2054 2125 Filius

464 2149 610 2205 enim
649 2149 890 2206 hominis
914 2161 1180 2209 venturus
1209 2159 1295 2209 est
1330 2154 1383 2208 in
1411 2153 1582 2225 gloria
1613 2155 1791 2212 Patris
1817 2158 1902 2214 sui
1930 2159 1995 2212 ⁶¹.
2027 2177 2046 2210 ι

466 2241 590 2298 Ilaec
621 2242 791 2314 igitur
817 2243 990 2314 gloria
1019 2252 1105 2300 est
1137 2241 1321 2300 Patris
1361 2254 1416 2300 et
1459 2244 1604 2301 Filii.
1643 2247 1870 2304 Unicam
1910 2263 2051 2319 prae-

461 2344 608 2392 terea
638 2352 760 2392 esse
787 2336 1020 2407 gloriam
1044 2337 1178 2392 dicit
1201 2339 1312 2393 alio
1339 2338 1617 2412 Evangelii
1649 2341 1772 2396 loco
1801 2361 1815 2396 :
1852 2359 1872 2393 ι
1910 2341 2048 2396 Cum

2159 1882 2256 1936 τοῦ
2279 1881 2410 1936 Υἱοῦ
2431 1883 2577 1936 ἐστιν
2614 1883 2708 1936 καὶ
2743 1881 2832 1935 τοῦ
2869 1882 3102 1954 Πατρός.
3135 1883 3244 1936 Καὶ
3277 1883 3359 1936 ὅτι
3389 1883 3490 1955 μία
3517 1885 3668 1952 δόξα,
3695 1889 3750 1942 ἐν

2162 1971 2308 2042 ἄλλῳ
2331 1971 2482 2041 τόπῳ
2514 1971 2608 2026 τοῦ
2631 1971 2967 2041 Εὐαγγελίου
3005 1971 3186 2042 λέγει’
3224 1991 3243 2022 ι
3285 1973 3458 2027 Ὅταν
3480 1975 3538 2029 δὲ
3561 1975 3689 2048 ἔλθῃ
3721 1977 3751 2030 ὁ

2162 2064 2293 2129 Υἱὸς
2321 2062 2416 2117 τοῦ
2438 2061 2730 2134 ἀνθρώπου
2759 2065 2819 2118 ἐν
2846 2066 2913 2136 τῇ
2940 2063 3068 2137 δόξῃ
3108 2064 3297 2128 αὑτοῦ,
3329 2066 3427 2120 καὶ
3465 2067 3669 2132 πάντες
3700 2069 3749 2128 οἱ

2158 2156 2382 2225 ἄγγελοι
2429 2157 2548 2227 μετ’
2567 2154 2755 2218 αὐτοῦ,
2778 2157 2900 2210 τότε
2930 2155 3146 2210 καθίσει
3193 2157 3286 2210 ἐπὶ
3339 2156 3534 2230 θρόνου
3593 2160 3746 2234 δόξης

2157 2246 2346 2302 αὑτοῦ.
2391 2266 2410 2300 ι
2457 2247 2724 2312 Ἀκούεις,
2783 2248 2832 2300 εί
2878 2242 2991 2300 ὦτα
3023 2245 3188 2319 ἔχεις,
3238 2249 3322 2303 ὅτι
3375 2250 3552 2323 αὐτὴν
3593 2250 3746 2318 δόξαν

2158 2339 2354 2395 ἑαυτοῦ
2391 2339 2660 2410 λέγεικαὶ
2693 2338 2785 2393 τοῦ
2812 2339 3048 2412 Πατρός.

463 2430 673 2486 venerit
707 2437 890 2486 autem
919 2429 1096 2486 Filius
1128 2431 1366 2489 hominis
1404 2433 1460 2489 in
1489 2433 1661 2504 gloria
1691 2450 1812 2499 sua,
1845 2441 1898 2490 et
1931 2449 2124 2491 omnes
2155 2433 2332 2505 angeli
2397 2448 2524 2486 cum
2592 2447 2679 2494 eo,
2749 2438 2881 2486 tunc
2939 2432 3153 2488 sedebit
3202 2433 3258 2490 in
3314 2433 3518 2492 throno
3565 2437 3746 2508 gloria:

460 2543 574 2586 suae
601 2529 666 2584 ⁶¹,
700 2548 719 2582 ι
754 2527 927 2584 Audis
962 2543 1088 2585 eum
1121 2527 1415 2599 dicentem,
1448 2529 1496 2586 si
1523 2531 1686 2586 modo
1715 2547 1878 2587 aures
1899 2531 2092 2596 habes,
2123 2529 2372 2586 eamdem
2399 2544 2522 2584 esse
2555 2544 2711 2582 suam
2740 2535 2794 2583 et
2819 2525 2998 2582 Patris
3021 2527 3276 2600 gloriam.

529 2624 584 2680 4.
633 2623 846 2682 Μαί-ια.
898 2623 1063 2682 Potes
1113 2625 1245 2683 mihi
1298 2626 1610 2692 ostendere,
1641 2627 1733 2683 ubi
1779 2629 2048 2698 scriptum

461 2715 556 2780 sit,
587 2713 856 2786 Spiritum
886 2731 1011 2772 esse
1047 2713 1219 2771 Deum
1244 2717 1268 2770 ?
1291 2731 1562 2788 quorsum
1587 2733 1676 2775 me
1711 2719 1902 2774 tamliu
1937 2721 2048 2774 cir-

461 2803 750 2876 cumagis?
779 2803 933 2861 Orth.
973 2804 1031 2860 Si
1063 2805 1284 2877 quidem
1311 2807 1544 2876 apostoli
1576 2807 1814 2878 primum
1839 2823 2045 2882 εοεηο-

460 2909 660 2976 verunt
710 2898 1000 2970 Spiritum,
1045 2913 1110 2955 ac
1157 2901 1232 2954 ita
1275 2899 1496 2956 demum
1541 2899 1766 2968 Filium,
1798 2911 1947 2958 recte
1991 2911 2047 2960 et

459 2999 521 3045 tu
553 2991 853 3063 investigas
883 3000 937 3048 et
960 2990 1198 3064 Spiritus
1231 2995 1404 3049 sancti
1431 2993 1685 3048 notitiam
1715 3001 1840 3051 ante
1864 2993 2045 3062 Patris

2229 2625 2283 2680 4.
2311 2629 2466 2680 Μακ.
2506 2625 2693 2695 Ἔχεις
2751 2639 2842 2694 μοι
2896 2621 3092 2689 δεῖξαι,
3144 2620 3247 2676 ποῦ
3273 2623 3611 2694 γέγραπται,
3664 2625 3742 2679 ὅτι

2157 2717 2290 2780 Θεὸς
2327 2717 2388 2769 τὸ
2413 2713 2672 2787 Πνεῦμας
2705 2716 2764 2768 τί
2809 2731 2878 2785 με
2927 2715 3217 2788 περιάγεις
3255 2715 3461 2783 πολλάς
3489 2719 3647 2786 Ὀρθ.
3681 2717 3740 2770 Et

2157 2810 2256 2881 μὲν
2277 2808 2489 2881 πρῶτον
2518 2807 2761 2877 ἔγνωσαν
2791 2808 2840 2860 ei
2900 2807 3046 2877 ἅγιοι
3092 2808 3382 2864 ἀπόστολοι
3410 2810 3474 2864 τὸ
3497 2811 3738 2881 Πνεῦμα,

2153 2901 2248 2954 καὶ
2281 2901 2400 2955 τότε
2433 2900 2526 2954 τὸν
2566 2899 2718 2962 Υἱὺν,
2754 2898 2935 2964 καλῶς
2961 2900 3144 2955 καὶσὺ
3177 2901 3462 2974 ἐπιζητεῖς
3487 2903 3590 2972 τὴν
3616 2902 3738 2974 περὶ

2157 2992 2248 3048 τοῦ
2305 2993 2624 3065 Πνεῦματος
2655 2993 2856 3062 γνῶσιν
2898 2993 3011 3066 (99)
3073 2994 3181 3068 πρὸ
3227 2995 3329 3066 τῆς
3377 2993 3474 3049 τσῦ
3529 2995 3739 3066 [la-.95;

460 3081 853 3153 cognitionem.
883 3083 1040 3150 Quod
1068 3083 1114 3139 si
1141 3083 1296 3154 prius
1326 3084 1437 3140 illis
1467 3072 1639 3142 Filius
1663 3084 1908 3140 innotuit
1933 3125 1950 3148 ,
1981 3101 2046 3142 ac

2157 3084 2411 3154 γνώσεως
2463 3102 2479 3116 ο
2507 3086 2556 3138 εἰ
2586 3085 2645 3158 δὲ
2705 3085 2968 3157 πρότερον
3016 3085 3265 3158 ἐγνώσθη
3323 3088 3512 3151 αὐτοῖς
3539 3089 3569 3140 ὅ
3593 3087 3736 3151 Υἱὸς,

447 3173 723 3246 deinceps
759 3173 996 3245 Spiritus
1021 3185 1249 3232 sanctus
1283 3197 1297 3232 :
1332 3183 1390 3230 tu
1431 3192 1652 3247 quoque
1675 3179 1908 3248 primum
1947 3177 2040 3232 Fi-

449 3266 522 3320 -lii
550 3283 718 3322 nosce
745 3267 1026 3335 deitatem,
1069 3284 1135 3322 ac
1163 3278 1280 3324 tum
1327 3267 1571 3340 Spiritus
1603 3269 1852 3326 nmitiam
1886 3285 2042 3327 asse-

462 3375 652 3426 quere.
693 3357 904 3415 Maced.
955 3359 1114 3424 Novi,
1161 3370 1216 3416 et
1252 3361 1438 3425 credo,
1473 3359 1671 3418 Filium
1709 3377 1832 3419 esse
1873 3363 2042 3419 Deum

461 3464 526 3505 ex
557 3449 670 3506 Deo
691 3449 856 3508 Patre
873 3452 1143 3524 genitum,
1164 3459 1340 3508 totum
1361 3469 1430 3510 ex
1454 3461 1589 3509 toto.
1615 3451 1769 3510 Orth.
1787 3455 1960 3524 Igitur
1974 3471 2042 3513 ex

459 3537 643 3596 Patris
666 3542 1016 3598 substantia?
1037 3541 1248 3600 Maced.
1270 3541 1414 3600 Non.
1441 3543 1595 3600 Orth.
1626 3544 1705 3600 Ita
1728 3546 1894 3618 igitur
1914 3562 2043 3604 eum

459 3633 600 3690 dicis
633 3649 757 3690 esse
785 3641 958 3690 totum
999 3649 1065 3691 ex
1099 3643 1236 3700 toto,
1278 3643 1340 3691 ut
1369 3637 1670 3708 quemlibet
1697 3638 2039 3709 angelorum,

455 3733 514 3782 et
541 3732 770 3782 czeteras
797 3742 885 3782 res
910 3729 1162 3784 creatas?
1188 3727 1399 3783 Maced.
1432 3728 1537 3785 Sed
1583 3728 1755 3786 Filius
1791 3731 2040 3800 unigeni-

458 3827 550 3874 tus
581 3826 664 3874 est
698 3816 864 3874 Deus.
900 3817 1056 3875 Orth.
1101 3819 1186 3874 An
1215 3836 1340 3876 eum
1378 3829 1668 3892 promeres
1698 3821 2042 3893 unigenitum

456 3928 643 3982 vocas,
671 3913 930 3982 quoniam
961 3913 1102 3969 alius
1133 3913 1331 3969 similis
1355 3929 1464 3970 non
1497 3921 1604 3976 est,
1630 3930 1700 3968 an
1728 3929 1860 3969 vero
1900 3930 2041 3986 quo-

453 4003 603 4058 niam
628 4003 781 4060 solus
803 4019 872 4061 ex
892 4004 1200 4060 substantia
1222 4004 1440 4076 genitus
1466 4003 1629 4078 M3
1661 4007 1790 4062 est?
1831 4004 2039 4063 Maced.

439 4095 728 4162 .Quoniam
753 4097 896 4154 alius
911 4097 1108 4153 similis
1133 4113 1242 4152 non
1261 4105 1365 4153 est.
1393 4097 1548 4154 01·ιή.
1568 4097 1666 4152 Dic
1690 4097 1856 4176 igitur
1871 4098 2037 4155 etiam

456 4185 720 4258 Spiritum
740 4196 991 4244 sanctum
1011 4203 1134 4245 esse
1155 4181 1351 4243 Filium
1370 4189 1730 4261 unigenitum.
1755 4188 1866 4246 Nec
1891 4192 2038 4246 enim

453 4279 598 4336 alius
627 4287 712 4336 est
744 4278 984 4350 Spiritus
1011 4279 1228 4337 similis.
1261 4278 1472 4335 Maced.
1502 4281 1687 4336 Absit!
1722 4281 1876 4337 Orlh.
1917 4280 2038 4338 Non

451 4385 585 4442 ergo
615 4369 823 4426 dicitur
851 4371 1189 4444 unigenitus,
1215 4387 1283 4427 eo
1311 4373 1460 4444 quod
1483 4372 1636 4429 solus
1663 4372 1737 4428 sit
1767 4373 1914 4437 talis,
1940 4374 2037 4430 sed

2153 3178 2250 3233 καὶ
2281 3178 2403 3232 τότε
2446 3177 2790 3248 τὸΠνεῦμα,
2831 3179 3098 3250 πρότερον
3147 3179 3242 3232 καὶ
3283 3179 3450 3244 αὐτὸς
3479 3178 3736 3249 ἐπίγνωθι

2148 3265 2250 3336 τὴν
2295 3263 2388 3317 τοῦ
2425 3264 2556 3317 Υἱοῦ
2606 3263 2856 3337 θεότητα,
2906 3267 3000 3320 καὶ
3034 3265 3210 3332 οὕτως
3241 3267 3468 3341 μαθήσῃ
3503 3268 3602 3322 καὶ
3641 3268 3736 3338 τὴν

2151 3355 2246 3410 τοῦ
2285 3355 2606 3428 Πνεύματος
2646 3357 2870 3426 γνῶσιν.
2933 3361 3088 3413 Μακ.
3124 3355 3277 3424 Οἶδα,
3313 3359 3410 3416 καὶ
3473 3359 3730 3425 πιστεύω,

2147 3451 2231 3504 ὅτι
2251 3449 2383 3514 Θεός
2419 3450 2607 3503 ὲστινό
2635 3450 2777 3514 Υἱὸς,
2799 3451 2865 3504 ὲκ
2894 3449 2990 3504 τοῦ
3017 3449 3153 3505 Θεοῦ
3185 3451 3280 3506 τοῦ
3307 3453 3529 3526 Πατρὸς
3545 3469 3736 3526 γεννη-

2149 3543 2283 3610 θεὶς,
2305 3543 2425 3608 ὅλος
2455 3540 2516 3608 ὲξ
2541 3543 2685 3597 ὅλου.
2707 3543 2862 3612 Ὀρθ.
2882 3543 3096 3599 Οὐκοῦν
3124 3544 3189 3598 ὲκ
3209 3545 3308 3616 τῆς
3331 3545 3528 3609 οὐσίας
3548 3565 3564 3614 ;
3583 3551 3732 3602 Max.

2151 3635 2292 3690 Οῦκ.
2320 3635 2478 3704 Ὀρθ.
2513 3635 2701 3700 (iii—two;
2722 3632 2816 3691 οὖν
2843 3636 3006 3690 αὐτὸν
3036 3636 3218 3706 λέγεις
3256 3635 3377 3690 ὅλον
3407 3635 3470 3703 ἐξ
3489 3637 3636 3702 ὅλου,
3663 3637 3737 3702 ὡς

2147 3728 2380 3782 ἕκαστον
2433 3728 2541 3784 τῶν
2573 3728 2822 3798 ἀγγέλων
2885 3728 3119 3782 καὶτῶν
3177 3727 3352 3784 ἄλλων
3382 3731 3732 3801 κτισμάτωνς

2148 3824 2304 3877 Μακ.
2353 3820 2491 3874 Ἀλλ’
2521 3823 2550 3874 ὁ
2585 3821 2714 3885 Υἱὸς
2739 3821 3034 3893 μονογενής
3083 3821 3198 3874 ἐστι
3240 3820 3397 3886 Θεός.
3429 3822 3592 3890 Ὀρθ.
3641 3821 3736 3875 Διὰ

2145 3912 2305 3968 τοῦτο
2337 3911 2499 3968 αὑτὸν
2534 3912 2714 3982 λέγεις
2753 3914 3040 3986 μονογενῆ,
3081 3911 3270 3985 ἐπειδὴ
3297 3912 3461 3978 ἄλλος
3498 3913 3734 3976 τοιοῦτος

2146 4007 2246 4060 οὐκ
2265 4005 2434 4070 ἔστιν,
2468 4006 2502 4078 ἢ
2525 4005 2712 4076 ἐπειδὴ
2741 4005 2901 4078 μόνος
2927 4007 2992 4059 ὲκ
3017 4005 3116 4076 τῆς
3157 4004 3350 4070 οὐσίας
3374 4005 3730 4077 γεγέννηται;

2145 4101 2301 4154 Μακ.
2351 4097 2570 4172 Ἐπειδὴ
2594 4097 2753 4162 ἄλλος
2775 4097 3015 4163 τοιοῦτος
3047 4097 3148 4151 οὐκ
3191 4096 3366 4153 ἔστιν.
3399 4099 3562 4169 Ὀρθ.
3602 4099 3733 4153 Εἰπὲ

2145 4188 2238 4246 οὖν
2270 4192 2366 4246 καὶ
2395 4191 2458 4245 τὸ
2509 4191 2732 4262 Πνεῦμα
2761 4191 2821 4244 τὸ
2849 4191 3004 4262 ἅγιον
3064 4191 3330 4264 μονογενῆ
3380 4192 3533 4246 Υἱόν.
3573 4191 3730 4245 Ἀλὶο

2143 4285 2255 4357 γὰρ
2305 4284 2544 4338 τοιοῦτον
2588 4285 2688 4338 οὐκ
2739 4282 2910 4338 ἔστιν.
2963 4286 3118 4339 Max.
3154 4282 3246 4356 Μὴ
3287 4283 3539 4353 γένοιτοῐ
3575 4284 3726 4353 Ὀρθ.

2145 4376 2260 4431 Οὐκ
2286 4375 2394 4448 ἄρα
2415 4375 2502 4430 διὰ
2539 4376 2600 4430 τὸ
2633 4379 2794 4447 μόνον
2825 4374 3066 4430 τοιοῦτον
3117 4375 3280 4430 αὑτὸν
3314 4370 3480 4440 εἶναι,
3516 4393 3734 4448 μονογε-

452 4463 713 4534 quoniam
757 4463 912 4522 solus
943 4480 1010 4520 ex
1057 4464 1368 4522 substantia
1408 4465 1628 4539 genitus
1666 4475 1772 4524 est.
1823 4465 2034 4524 Maced.

2155 4467 2244 4541 νὴς
2269 4468 2506 4536 λέγεται,
2529 4468 2644 4524 ἀλλ’
2689 4467 2876 4540 ἐπειδὴ
2903 4468 3064 4540 μόνος
3109 4470 3172 4522 ἐκ
3195 4468 3295 4540 τῆς
3329 4469 3525 4534 οὐσίας
3547 4468 3732 4538 γεγένο

449 4557 650 4612 Annon
686 4571 820 4613 vero
853 4556 1093 4628 Spiritus
1121 4568 1205 4614 est
1236 4573 1302 4614 ex
1359 4557 1453 4615 Dei
1486 4559 1845 4617 substantia?
1879 4559 2034 4616 Orth.

451 4646 598 4706 Sane
635 4649 880 4720 quidem.
918 4647 1128 4705 Maced.
1170 4649 1314 4722 Ergo
1355 4661 1410 4706 et
1443 4649 1683 4722 Spiritus
1713 4659 1800 4708 est
1840 4653 2035 4710 Filius.

450 4743 610 4800 Orth.
648 4741 766 4800 imo
790 4745 966 4801 Filius
990 4745 1211 4816 quidem
1243 4761 1314 4801 ex
1335 4745 1646 4802 substantia
1680 4747 1900 4818 genitus
1927 4756 2033 4812 est,

445 4837 682 4910 ideoque
711 4846 799 4895 est
827 4839 1144 4911 unigenitus
1185 4838 1361 4897 Filius
1404 4858 1418 4896 :
1461 4837 1702 4910 Spiritus
1741 4847 1923 4896 autem
1969 4855 2035 4894 ex

447 4925 759 4982 substantia
786 4927 1056 5000 procedit.
1088 4928 1368 5000 Scriptum
1390 4945 1628 5002 namque
1643 4928 2029 5000 est,«Spiriius

442 5031 514 5072 ex
544 5033 634 5074 me
661 5018 1067 5089 procedit,»sed
1098 5036 1232 5086 non,
1251 5021 1327 5076 Ex
1355 5036 1444 5080 me
1461 5023 1679 5094 genitus
1711 5031 1796 5078 est
1819 5041 1832 5077 :
1858 5031 1913 5078 et
1941 5019 2030 5076 Fi-

2143 4577 2321 4632 νηται.
2347 4563 2504 4614 Max.
2534 4561 2650 4615 Οὐκ
2677 4559 2826 4615 ἔστιν
2845 4557 2940 4615 οῦν
2959 4563 3025 4617 ἐκ
3053 4561 3156 4633 τῆς
3177 4561 3368 4626 οὐσίας
3386 4561 3485 4620 τοῦ
3520 4561 3657 4616 Θεοῦ
3672 4561 3731 4616 τὸ

2141 4650 2400 4722 Πνεῦμα;
2428 4651 2586 4720 Ὀρθ.
2618 4651 2730 4705 Καὶ
2755 4651 2921 4706 πάνυ.
2943 4655 3101 4708 Max.
3137 4652 3249 4706 Καὶ
3269 4652 3406 4707 αὐτὸ
3426 4653 3539 4726 ἄρα
3581 4653 3724 4716 Υἱός.

2139 4745 2298 4815 Ὀρθ.
2336 4744 2477 4799 Ἀλλ’
2501 4747 2530 4798 ό
2562 4743 2662 4816 μὲν
2694 4744 2822 4808 Υἱὸς
2847 4746 2912 4799 ἐκ
2934 4747 3032 4818 τῆς
3061 4745 3250 4810 οὐσίας
3271 4745 3622 4818 γεγέννηται,
3639 4745 3728 4800 καὶ

2135 4835 2224 4890 διὰ
2244 4835 2402 4890 τοῦτο
2419 4833 2712 4908 μονογενὴς
2740 4835 2888 4900 Υἱός’
2907 4835 2968 4889 τὸ
2988 4835 3046 4890 δὲ
3079 4835 3306 4906 Πνεῦμα
3331 4835 3398 4890 ὲκ
3424 4837 3530 4907 τῆς
3544 4837 3724 4901 οὐσίας

2137 4929 2550 5002 ὲκπορεύεται.‹
2579 4928 2807 5000 Πνεῦμα
2840 4947 2857 4978 ι
2884 4927 2992 5000 γὰρ
3027 4947 3048 4980 ι
3084 4929 3214 5000 παρ’
3247 4927 3384 4999 ἐμοῦ
3428 4927 3718 5001 ἐκπορεύε-

2135 5040 2248 5086 ται,
2282 5043 2301 5076 ι
2329 5021 2674 5095 γέγραπταιι
2711 5021 2793 5081 οὐ.
2818 5021 3148 5092 Γεγέννηται
3173 5037 3186 5048 ·
3230 5019 3328 5075 καὶ
3357 5017 3490 5084 Υἱὸς
3530 5019 3673 5088 λέγει
3703 5035 3717 5049 ·

444 5110 552 5166 lius
581 5110 716 5167 dicit
750 5129 766 5166 :
801 5129 822 5162 ι
864 5109 1106 5185 Spiritus
1131 5113 1402 5175 veritatis.
1438 5115 1588 5186 quia
1633 5113 1796 5173 Patre
1833 5129 2028 5188 proce-

2155 5134 2162 5165 l
2201 5113 2529 5188 ΤὸΠνεῦμα
2561 5112 2662 5183 τῆς
2709 5111 2989 5184 ἀληθείας,
3017 5111 3048 5165 ὅ
3075 5110 3228 5185 παρὰ
3257 5110 3355 5166 τοῦ
3385 5111 3604 5183 Πατρὸς
3634 5113 3720 5164 ἐκ·

442 5201 526 5256 dit
557 5203 623 5256 ⁸³.
663 5221 682 5254 ι
718 5201 840 5258 Νοιι
870 5213 1072 5273 autem,
1103 5202 1334 5263 Genitus
1359 5215 1463 5264 est.
1482 5206 1695 5264 Haud.
1725 5207 1833 5266 Sed
1857 5208 2034 5280 quod-

2155 5205 2430 5280 πορεύεται
2455 5225 2468 5238 ’
2497 5227 2514 5260 ι
2543 5207 2627 5272 οὐ,
2647 5205 2686 5259 Γ
2688 5205 2996 5278 εγέννηται.
3017 5208 3174 5263 Max.
3199 5203 3312 5260 Καὶ
3332 5203 3417 5270 τίς
3441 5205 3478 5276 η
3493 5203 3716 5274 διαφορὰ

513 5372 561 5406 ⁸⁸
598 5374 760 5436 Joan.
798 5395 934 5464 xyn,
971 5379 1062 5438 to.
1138 5381 1184 5415 ⁸⁸
1223 5382 1357 5438 ibid.
1436 5384 1481 5416 '°
1519 5383 1652 5442 ibid.
1687 5385 1742 5442 5.
1819 5385 1862 5417 “
1891 5380 2084 5442 Matth.
2122 5402 2232 5450 xw,
2266 5380 2359 5440 27.
2436 5386 2482 5418 ⁸³
2522 5383 2712 5441 Matth.
2752 5400 2879 5449 xxv,
2915 5383 3005 5438 51.
3084 5383 3129 5416 ⁸³
3163 5379 3322 5436 Joan.
3362 5397 3454 5446 xv,
3526 5381 3578 5435 6.

2115 5579 2318 5722 'Fezf’léi
2350 5649 2428 5723 [ta
2481 5669 2616 5709 mss.
2662 5651 2799 5708 Editi
2831 5668 2982 5719 vero,
3023 5650 3115 5705 τοῦ
3147 5651 3466 5723 Πνεσᾶματος
3497 5651 3691 5718 γνῶςιν

2138 5718 2269 5778 Mem
2283 5718 2468 5777 (Bitia.

517 5571 632 5645 (98)
673 5573 808 5648 Mss.
839 5584 900 5630 ut
934 5577 1232 5648 plurimum
1264 5579 1468 5636 habent
1491 5580 1655 5635 αὑτοῦ
1688 5593 1814 5636 erm
1848 5583 2021 5644 tenui.

445 5644 620 5696 etiam
647 5645 742 5698 ubi
777 5661 878 5715 pro
909 5644 1498 5723 [mssessivoAponitun
1538 5652 1724 5723 Serus
1743 5651 1808 5708 .l.
1834 5651 2024 5723 Steph.

445 5723 586 5770 αλια.
642 5725 757 5768 tuta
809 5718 920 5788 αρα
955 5722 988 5788 η
1038 5718 1164 5784 δόξα
1220 5718 1456 5778 Palatia.
1501 5725 1570 5794 τῇ
1607 5721 1733 5794 (ι’
1773 5718 1945 5796 ἄραῆ
1976 5723 2022 5780 δ.
