3982 6398
3327 337 3463 394 ﬁlo

221 448 311 516 τῆς
345 442 644 513 γεννήσεως
677 442 770 499 καὶ
806 442 907 512 τῆς
938 444 1351 517 ἑκπορεύσεως;
1384 447 1541 518 Ὀρθ.
1590 452 1650 504 Ὁ
1677 451 1765 522 τὴι

1883 468 2007 511 nam
2066 453 2363 509 discrimen
2406 461 2493 509 est
2545 451 2916 523 generationis
2963 458 3017 511 et
3049 449 3463 521 processimus?

218 532 459 604 διαφορὰν
491 531 667 597 εἰδὼς,
712 533 927 587 καὶτὸν
968 536 1169 607 τρόπον
1194 538 1295 608 τῆς
1343 542 1649 611 γεννήσεως
1685 543 1765 596 καἸ

1884 541 2038 599 Ortli.
2072 543 2176 610 Qui
2209 544 2313 599 hoc
2356 544 2655 599 discrimen
2706 542 2945 609 noverit,
2969 540 3201 600 modum
3240 556 3460 611 quoque

218 628 304 697 τῆς
323 624 694 696 ὲκπορεύσεως
721 621 880 683 οἶδεν.
932 627 1052 682 Ὅτι
1083 629 1140 683 δὲ
1167 631 1343 696 οὐδεὶς
1371 628 1512 688 οἶδεν
1535 635 1625 688 τὸν
1657 635 1765 708 τρό-

1879 635 2254 706 generationis
2283 642 2336 691 et
2364 635 2740 705 processionis
2783 634 2955 697 novit.
3007 632 3290 695 Neminem
3330 648 3460 687 vero

218 734 310 771 πον
347 716 445 786 τῆς
491 718 817 787 γεννήσεως,
846 719 877 771 6
913 722 1198 793 προφήτης
1240 722 1434 796 ,βοᾷκι
1479 727 1590 798 Τὴν
1623 728 1765 796 γένε-

1880 741 2044 782 nosse
2083 726 2452 795 generationis
2495 724 2717 781 modum
2763 724 3101 781 vociferatur
3167 723 3456 793 propheta,

217 826 292 863 σιν
323 807 394 877 (1)
424 806 592 861 αὐτοῦ
624 808 709 872 τίς
744 809 1099 880 διηγήσεται;
1129 832 1148 863 ι
1185 816 1338 868 Μακ.
1389 816 1500 870 Καὶ
1536 818 1654 882 πῶς
1684 815 1765 873 οὗι

1879 833 2003 875 cum
2044 818 2235 887 inquit
2293 835 2306 872 :
2356 835 2376 867 ‹
2424 816 2839 873 Generationem
2897 815 3020 884 ejus
3068 814 3194 884 quis
3234 829 3455 868 enarra—

1876 906 1958 963 bit
1980 909 2059 962 “‘i
2089 929 2107 961 ι
2148 908 2357 963 Maced.
2396 906 2579 974 Quare
2630 909 2798 979 igitur
2826 907 3003 962 dicis:
3031 904 3203 962 Filius
3238 905 3456 976 quidem

226 325 346 385 (εἶθ
1188 330 1278 386 DE
1320 331 1588 397 SANCTA
1627 334 2000 393 TRENITATE
2044 337 2386 395 DlALOGUS
2420 338 2511 395 Ill.

213 901 399 968 λέγεις,
419 900 500 952 ὅτι
521 902 678 971 ὁμὲν
726 902 853 967 Υἱὸς
891 905 1085 975 ὲκιτῆς
1113 908 1305 971 οὐσίας
1335 911 1678 983 γεγέννηται,
1717 914 1778 968 τὸ

210 992 262 1051 δὲ
284 989 497 1060 Πνεῦμα
516 992 915 1063 ἑκπορεὺεταις
946 995 1101 1064 Ὀρθ.
1130 998 1210 1050 Τὰ
1234 1002 1596 1072 γεγραμμένα
1611 1003 1773 1074 λέγω.

210 1085 312 1145 Καὶ
338 1085 399 1137 σῖ)
420 1083 570 1152 λέγε,
603 1086 699 1145 καὶ
720 1085 782 1139 οὐ
814 1086 1165 1152 κινδυνεύεις.
1199 1093 1357 1145 Max.
1404 1092 1515 1146 Ποῦ
1540 1090 1634 1148 οὖν
1681 1098 1776 1164 γέ-

209 1192 459 1246 γραπται,
493 1178 559 1231 ὲκ
603 1177 702 1247 τῆς
739 1178 958 1245 οὐσίας;
990 1180 1147 1248 Ὀρθ.
1197 1182 1319 1235 Ὅτι
1357 1184 1535 1237 πάντα
1566 1186 1632 1239 ἐκ
1678 1187 1776 1241 τοῦ

207 1263 351 1326 Θεοῦ.
381 1265 711 1336 γέγραπται,
731 1268 826 1321 καὶ
855 1271 920 1323 σὺ
947 1269 1230 1340 ὁμολογεῖς
1254 1290 1268 1337 ;
1296 1276 1450 1329 Μακ.
1481 1275 1612 1339 Ναὶ,
1643 1278 1775 1349 ὀμο-

204 1354 355 1424 λογῶ.
383 1356 474 1428 Μὴ
505 1354 597 1412 οὖν
621 1361 684 1412 ὲκ
703 1361 802 1431 τῆς
833 1362 1020 1426 οὐσίας
1045 1363 1259 1426 πάντας
1293 1366 1450 1434 Ὀρθ.
1499 1368 1658 1440 υύχὶ,
1697 1368 1773 1441 μὴ

204 1449 399 1517 γένοιτο
425 1449 437 1501 ί
480 1449 618 1503 Ἀλλ’
642 1452 749 1516 ὅτι,
779 1452 1002 1509 πάντων
1034 1454 1202 1509 ὄντων
1231 1456 1295 1509 ὲκ
1319 1457 1415 1510 τοῦ
1431 1457 1591 1522 Θεοῦ,
1617 1453 1773 1525 οὗτος

202 1539 484 1612 μονογενής
533 1542 679 1607 Υίὸς,
721 1543 927 1603 πολλῶν
961 1545 1130 1601 ὄντων
1179 1548 1332 1614 υἱῶν,
1366 1544 1403 1619 ἦ
1439 1549 1545 1622 μὴν
1574 1553 1637 1604 ὲκ
1672 1552 1770 1622 τῆς

198 1633 582 1706 οὐσίας,.δῆλόν
610 1637 787 1690 scr-rw:

251 1928 304 1985 5.
339 1932 494 1984 Max.
516 1928 625 2003 εΜὴ
658 1933 751 1986 καὶ
780 1932 843 1986 τὸ
867 1934 1091 2005 Πνεῦμα
1123 1938 1418 2009 μονογενὴς
1439 1939 1568 2005 Υἱός
1589 1943 1763 2010 ἐστινς

190 2019 336 2088 ὀρθ.
368 2018 483 2073 Καὶ
502 2020 598 2074 νῦν
617 2020 780 2089 λέγω,
817 2023 892 2096 μὴ
922 2026 1130 2094 γένοιτο
1157 2029 1369 2082 εἰπείνί
1406 2030 1546 2084 Ἀλλ’
1577 2031 1767 2105 ὥσπερ

185 2110 389 2165 πολλῶν
410 2112 585 2167 ὄντων
628 2115 764 2168 υίῶν
783 2156 797 2178 ,
827 2116 1013 2171 τοῦτον
1034 2118 1281 2190 ἔγνωμεν
1304 2123 1378 2175 »ἐκ
1408 2123 1508 2192 τῆς
1551 2125 1762 2188 οὐσίας,

183 2200 265 2254 διὰ
290 2202 351 2255 τὸ
403 2201 590 2271 λέγειν
613 2204 706 2257 τὸν
736 2206 983 2279 Πατέρα’
1027 2226 1046 2260 ι
1068 2205 1250 2274 Οὗτός
1291 2213 1382 2283 μοί
1409 2214 1556 2268 ἐστιν
1586 2216 1615 2268 ὁ
1639 2217 1765 2281 Υἱὸς

180 2295 208 2345 6
231 2295 540 2366 ἀγαπητός·
577 2315 595 2346 ι
627 2294 780 2351 οὕτω.
794 2298 858 2352 τὸ
893 2299 1119 2371 Πνεῦμα
1152 2302 1401 2375 ἔγνωμεν
1422 2306 1504 2361 ,ὲκ
1525 2308 1624 2379 τῆς
1675 2309 1765 2362 οὐ-

184 2385 317 2449 σίας,
350 2385 442 2439 διὰ
466 2386 551 2450 τὸ,
582 2386 794 2441 πολλῶν
841 2389 1009 2444 ὄντων
1051 2394 1397 2465 πνευμάτων,
1446 2397 1625 2466 λέγειν
1670 2398 1764 2454 τόν

180 2478 466 2550 Πατέρα-,ι
503 2479 714 2550 Ἐκχεῶ
739 2481 848 2535 ἀπὸ
876 2482 970 2537 τοῦ
994 2483 1311 2555 Πνεῦματός
1334 2504 1435 2558 μου
1465 2489 1560 2542 ἐπὶ
1585 2490 1763 2545 πᾶσαν

180 2570 373 2640 σάρκα.
388 2590 408 2623 ι
420 2571 639 2637 ’Ἄλλως
656 2572 727 2641 γὰ
734 2590 766 2644 ρ
785 2574 846 2627 οὐ
872 2574 1093 2630 δύναται
1109 2578 1445 2650 χωρισθῆναι
1460 2580 1568 2633 τῶν
1586 2580 1761 2635 ἄλλων

177 2661 343 2731 ἁγίων
362 2665 723 2735 πνευμάτων,
742 2666 837 2720 καὶ⁹
852 2667 1190 2739 συναφθῆναι
1206 2668 1285 2740 τῷ
1306 2671 1421 2724 Πατ
1429 2671 1502 2743 pi,
1521 2674 1569 2726 εἰ
1594 2673 1762 2746 μήτῷ

176 2753 315 2825 λόγῳ
338 2757 443 2828 τῆς
465 2759 679 2823 οὐσίας.
700 2762 854 2813 Μακ.
891 2759 949 2813 ὐ
971 2762 1080 2835 γὰρ
1109 2763 1300 2835 Πατήρ
1329 2766 1475 2819 ἐστιν
1505 2767 1533 2818 6
1551 2764 1723 2831 λέγων
1746 2783 1759 2799 ο

174 2866 195 2899 ί
218 2851 426 2921 Ἐκχεῶ
460 2852 579 2906 ἀπὸ
606 2851 1039 2924 τοῦίΠνεύματὸς
1059 2871 1197 2925 μους
1225 2875 1244 2907 ι
1265 2857 1417 2925 ὀρθ.
1454 2857 1565 2911 Καὶ
1594 2857 1757 2913 πάνυ.

173 2942 536 2998 ΜακξοΠὸθεν
566 2943 757 3012 τοῦτο;
783 2964 803 2997 ι
820 2945 977 3014 τορθ.
995 2946 1244 3010 Παῦλοςὸ
1259 2948 1555 3013 ἀπόστολος
1575 2950 1757 3019 λέγει·

174 3052 193 3085 ι
232 3032 360 3089 Ὅτε
418 3036 534 3109 γὰρ
564 3037 809 3109 ἐπεφάνη
841 3040 875 3108 ή
905 3037 1064 3110 χάρις
1095 3037 1192 3093 τοῦ
1235 3038 1372 3093 Θεοῦ
1412 3041 1489 3111 (2)
1524 3041 1618 3095 τοῦ
1649 3044 1761 3095 Σω-

166 3125 331 3197 τῆρος
350 3127 547 3198 ἡμῶν.
585 3128 685 3181 οὑκ
710 3128 771 3193 ἐξ
792 3128 989 3201 ἔργων,
1021 3123 1099 3184 ὧν
1120 3131 1459 3203 ἐποιήσαμεν
1491 3134 1652 3205 ἡμεῖς
1668 3136 1761 3188 ἐπὶ

165 3215 263 3285 τῆς
284 3218 415 3287 γῆς,
441 3218 591 3272 ἀλλὰ
611 3219 754 3273 κατά
774 3220 835 3273 τὸ
848 3221 982 3275 πολὺ
1006 3222 1172 3275 αὑτοῦ
1201 3222 1369 3288 ἔλεος,
1390 3224 1764 3298 ἀναγεννήσας

163 3312 309 3381 ἡμᾶς
331 3311 425 3365 διὰ
456 3310 695 3383 λουτροῦ
726 3312 1164 3381 παλιγγενεσίας,
1191 3315 1285 3367 καὶ
1344 3314 1765 3381 ἀνακαινώσεως

162 3402 488 3475 Πνεῦματος
511 3402 698 3473 ἁγίου,
719 3400 780 3457 οὗ
811 3404 1026 3475 ἐξέχεεν
1068 3407 1154 3476 ἐφ’
1183 3408 1330 3477 ἡμᾶς
1367 3406 1639 3471 πλουσίως
1676 3408 1765 3461 διὰ

159 3493 338 3563 Ἰησοῦ
396 3494 678 3567 Χριστοῦ.
730 3514 749 3547 ι
786 3495 881 3560 Τίς
912 3494 1094 3567 ἐξέχεε
1141 3497 1231 3552 διὰ
1276 3497 1452 3570 Ἰησοῦ
1487 3498 1762 3572 Χριστοῦ;

1878 1012 1943 1053 ex
1973 998 2281 1053 substantia
2306 1000 2527 1069 genitus
2555 1005 2660 1063 est,
2690 997 2928 1069 Spiritus
2963 1004 3142 1052 autem
3172 996 3461 1067 procedit?

1881 1088 2036 1144 Ortli.
2082 1088 2215 1146 Dico
2270 1106 2392 1161 (ιιιεε
2438 1090 2644 1162 scripta
2680 1100 2829 1147 sunt.
2865 1091 2943 1145 lta
2988 1089 3154 1160 igitur
3193 1097 3249 1144 et
3278 1095 3336 1143 tu
3373 1089 3455 1143 lo-

1877 1198 2067 1251 quere,
2097 1191 2152 1239 et
2178 1197 2333 1239 extra
2362 1188 2665 1256 periculum
2689 1202 2769 1243 cs.
2796 1185 3004 1243 Maced.
3048 1186 3281 1244 Ubinam
3317 1185 3457 1242 serio

1877 1281 2029 1341 ptum
2057 1283 2163 1340 est,
2196 1275 2393 1331 Filium
2426 1293 2548 1335 esse
2594 1293 2659 1333 ex
2696 1278 3050 1333 substantia?
3080 1278 3234 1339 Orth.
3265 1277 3456 1336 Nonne

1875 1371 1929 1419 ct
1958 1372 2014 1417 tu
2044 1366 2315 1435 scriptum
2346 1384 2469 1424 esse
2495 1367 2683 1429 fateris
2707 1370 2890 1425 omnia
2912 1384 3036 1425 esse
3057 1385 3123 1425 ex
3154 1369 3305 1425 Deo?
3325 1366 3452 1424 Ma-

1874 1455 1985 1512 ced.
2029 1455 2174 1513 Sane
2208 1456 2402 1524 fateor,
2437 1459 2533 1514 sed
2562 1474 2691 1514 num
2721 1460 2904 1513 omnia
2939 1469 3069 1519 sunt
3100 1476 3168 1515 ex
3199 1459 3291 1516 Dei
3323 1460 3455 1515 sub-

1873 1547 2109 1603 stantia?
2143 1547 2295 1605 Ortli.
2324 1547 2699 1620 Nequaquam,
2735 1550 2907 1605 absit!
2942 1549 3047 1606 Sed
3093 1567 3160 1605 ex
3189 1567 3254 1607 eo
3278 1550 3451 1620 quod.

1871 1654 1995 1700 cum
2035 1643 2217 1695 omnia
2243 1641 2356 1695 sint
2393 1657 2460 1696 ex
2491 1640 2623 1707 Deo,
2665 1641 2771 1701 iste
2800 1651 2886 1697 est
2916 1643 3231 1713 unigenitus
3260 1641 3451 1707 Filius,

1874 1731 2131 1799 quamvis
2188 1733 2345 1786 multi
2381 1733 2494 1788 sint
2530 1733 2649 1799 ﬁlii,
2698 1733 2869 1801 liquet
2898 1742 3045 1791 certe
3074 1750 3199 1791 eum
3224 1750 3347 1791 esse
3386 1751 3453 1791 ex

1800 1812 1842 1871 Β
1870 1822 2204 1878 substantia.

1946 1931 2000 1986 5.
2032 1930 2240 1986 Maced.
2277 1934 2360 1987 An
2395 1950 2523 1990 vero
2551 1932 2791 2006 Spiritus
2824 1953 3042 2008 quoque
3082 1947 3168 1995 est
3207 1940 3456 2012 unigeni-
3564 1982 3579 1992 .

1872 2026 1963 2076 tus
1992 2020 2198 2077 Filius?
2230 2022 2383 2079 Orth.
2403 2025 2582 2091 Absit,
2618 2026 2861 2097 inquam,
2880 2039 2938 2082 ut
2964 2028 3067 2084 hoc
3095 2029 3311 2087 dicam!
3346 2031 3454 2087 Sed

1872 2114 2037 2181 sicut,
2082 2130 2208 2170 cum
2243 2117 2399 2171 multi
2431 2119 2543 2173 sint
2586 2118 2703 2183 lilii,
2754 2120 3009 2175 novimus
3043 2120 3191 2175 hunc
3231 2137 3357 2178 esse
3384 2138 3452 2178 cx

1871 2209 2200 2275 substantia,
2253 2212 2515 2282 quoniam
2547 2213 2686 2269 dixit
2730 2212 2928 2270 Pater:
2968 2231 2987 2264 ι
3018 2211 3120 2269 Hic
3154 2222 3240 2270 est
3280 2214 3454 2273 Filius

1870 2317 2025 2358 meus
2056 2303 2289 2360 dilectus
2311 2305 2386 2371 ⁸⁸;
2412 2324 2432 2357 ι
2460 2306 2532 2360 ita
2559 2307 2722 2362 etiam
2752 2322 2874 2363 esse
2900 2321 2967 2362 ex
2998 2307 3308 2363 substantia
3335 2307 3455 2379 Spi-

1870 2395 2034 2448 ritum
2062 2395 2190 2450 inde
2231 2398 2505 2463 novimus,
2540 2399 2685 2469 quod
2719 2414 2843 2454 cum
2879 2399 2988 2454 sint
3020 2400 3175 2453 multi
3200 2400 3450 2471 spiritus,

1869 2484 2065 2542 dixerit
2081 2486 2257 2543 Pater:
2272 2488 2585 2545 «Effundam
2603 2491 2670 2547 de
2691 2490 2895 2561 Spiritu
2915 2506 3034 2546 meo
3050 2506 3214 2562 super
3231 2508 3449 2548 omnem

1867 2594 2088 2635 carnem
2119 2581 2185 2634 ⁸⁸.
2230 2600 2249 2633 ι
2281 2580 2415 2636 Nam
2456 2582 2614 2637 aliter
2642 2585 2885 2653 separari
2915 2599 2945 2637 a
2984 2585 3191 2640 sanctis
3221 2585 3446 2655 reliquis

1869 2674 2153 2742 spiritibus
2176 2690 2282 2729 non
2305 2683 2502 2744 potest,
2518 2686 2570 2731 et
2584 2675 2730 2731 Patri
2761 2677 3043 2748 conjungi,
3064 2678 3167 2731 nisi
3193 2678 3450 2733 substan-

1869 2760 1959 2813 tia:
1978 2760 2209 2816 ratione.
2248 2760 2454 2816 Haud.
2474 2761 2612 2817 Num
2657 2779 2788 2819 vero
2815 2763 2976 2820 Pater
3018 2766 3064 2820 is
3092 2776 3195 2827 est,
3229 2767 3324 2836 qui
3359 2766 3447 2821 di-

1869 2850 1946 2904 cit
1979 2869 1992 2904 :
2022 2868 2042 2902 (
2080 2850 2365 2907 Εσιιιιᾱειηι
2391 2853 2459 2908 de
2488 2852 2696 2924 Spiritu
2724 2856 2886 2909 meo?
2921 2873 2939 2905 ι
2975 2854 3127 2910 Ortli.
3161 2854 3303 2911 Sane
3322 2858 3445 2926 qui-

1869 2941 2015 2996 dem.
2041 2940 2252 2998 Macati.
2279 2944 2431 3000 Unde
2458 2945 2561 3000 hoc
2597 2946 2856 3016 colligis?
2886 2944 3041 3001 Orth.
3073 2945 3277 3002 Paulus
3310 2963 3446 3018 apo-

1869 3035 2044 3090 stolus
2074 3035 2283 3108 inquit:
2323 3054 2343 3088 ι
2364 3036 2498 3092 Cum
2532 3039 2678 3095 enim
2712 3039 2968 3110 apparuit
2997 3038 3186 3110 gratia'
3210 3039 3303 3095 Dei
3336 3041 3448 3097 Sal-

1867 3127 2075 3183 vatoris
2100 3129 2298 3194 nostri,
2334 3145 2444 3185 non
2485 3144 2550 3185 ex
2594 3131 2878 3201 operibus,
2930 3146 3053 3201 quae
3082 3131 3315 3188 fecimus
3347 3149 3448 3190 nos

1867 3235 2035 3290 super
2058 3227 2283 3284 terram,
2318 3220 2413 3276 sed
2467 3221 2770 3278 secundum
2802 3223 3238 3279 misericordiam
3288 3240 3444 3280 suam

1866 3311 2212 3380 regeneravit
2242 3327 2345 3368 nos
2395 3313 2615 3368 lavacro
2662 3315 3090 3385 regenerationis
3120 3326 3175 3372 et
3220 3332 3449 3373 renova~

1868 3401 2036 3456 tionis
2061 3401 2301 3470 Spiritus
2331 3405 2532 3471 sancti,
2571 3420 2734 3475 quem
2781 3405 2972 3461 cﬂ‘udit
3001 3407 3055 3461 in
3095 3422 3198 3463 nos
3232 3407 3447 3464 abunde

1865 3507 1965 3563 per
2004 3490 2191 3549 Jesum
2239 3494 2518 3551 Christum
2547 3496 2615 3550 ⁸⁷.
2655 3515 2675 3548 ι
2711 3495 2846 3563 Quis
2887 3497 3077 3553 eli‘udit
3116 3514 3213 3568 per
3260 3497 3443 3556 Jesum

1864 3584 2181 3641 Christum?
2208 3585 2256 3640 is
2275 3585 2558 3647 nimirum,
2581 3587 2676 3657 qui
2706 3587 2923 3644 dixerat
2956 3605 2970 3641 :
3005 3607 3025 3641 ι
3049 3588 3106 3643 1η
3134 3590 3448 3647 novissimis

1864 3676 2059 3733 diebus
2083 3677 2357 3732 edundam
2406 3694 2471 3733 ex
2523 3677 2731 3751 Spiritu
2772 3695 2915 3737 meo.
2956 3699 2976 3733 ι
3010 3680 3223 3736 Maced.
3248 3685 3444 3738 Annon

153 3588 402 3659 δηλονότι
443 3592 474 3644 6
512 3588 781 3661 εἰρηκώς·
852 3608 871 3642 ι
939 3590 1026 3644 Ἐν
1061 3593 1183 3655 ταῖς
1216 3592 1476 3665 ἐσχάταις
1525 3593 1765 3666 ἡμέραις

156 3681 331 3753 ἐκχεῶ
386 3682 509 3737 ἀπὸ
568 3681 665 3735 τοῦ
704 3681 1022 3754 Πνεῦματός
1058 3700 1161 3754 μου
1198 3684 1297 3756 ('5).
1343 3705 1361 3737 ι
1413 3689 1569 3742 Max.
1598 3687 1712 3757 Οὐχ
1736 3688 1765 3740 6

154 3771 279 3838 Υἱὸς
309 3770 410 3829 οὖν
464 3773 663 3827 δίδωσι
709 3774 772 3827 τὸ
798 3774 1056 3847 Πνεῦμα;
1097 3778 1253 3846 Ὀρθ.
1304 3778 1604 3842 Ἤκουσας,
1634 3779 1765 3832 ὅτιὸ

1875 3783 1995 3838 ergo
2024 3765 2193 3823 Filius
2218 3770 2310 3822 dat
2349 3766 2653 3838 Spiritum?
2682 3770 2837 3826 Ortlt.
2868 3771 3084 3827 Audisti
3111 3773 3254 3843 quod
3285 3771 3447 3828 Pater

150 3865 341 3938 Πατὴρ
375 3866 477 3920 διά
507 3864 615 3919 τοῦ
660 3865 790 3920 Υἱοῦ
822 3867 1005 3921 δίδωσι
1037 3869 1098 3922 τὸ
1129 3868 1374 3942 Πνεῦμα.
1423 3869 1641 3940 Ἀμέλει
1666 3870 1762 3924 τοῦ

1875 3876 1964 3929 per
1988 3860 2182 3915 Filium
2207 3866 2299 3918 det
2333 3861 2623 3932 Spiritum.
2648 3862 2809 3918 Certe
2836 3880 2962 3919 cum
3004 3863 3167 3920 Pater
3200 3865 3401 3922 dixerit
3426 3908 3442 3930 ,

148 3960 369 4032 Πατρὸς
427 3958 763 4033 εἰρηκότος,
818 3977 837 4010 ι
915 3960 1004 4013 Ἐν
1065 3962 1186 4024 ταῖς
1234 3960 1493 4032 ἐσχάταις
1529 3962 1764 4035 ἡμέραις

1875 3972 1890 4004 ι
1921 3951 1980 4008 ιιι
2004 3954 2321 4011 novissimis
2354 3954 2550 4010 diebus
2582 3954 2855 4011 eﬂ‘undam
2890 3955 2959 4013 de
3003 3955 3209 4028 Spiritu
3241 3973 3385 4023 meo,
3422 3978 3440 4011 ι

144 4051 325 4121 ἐκχεῶ
359 4052 481 4105 ἀπὸ
536 4049 642 4103 τοῦ
688 4050 1006 4123 Πνεῦματός
1038 4070 1139 4124 μου
1164 4094 1179 4115 ,
1231 4072 1249 4105 ι
1288 4056 1317 4107 6
1354 4054 1481 4118 Υἱὸς
1526 4055 1765 4119 ἀναστὰς

1875 4043 2038 4100 Filius
2065 4055 2348 4116 postquam
2373 4062 2401 4099 a
2427 4047 2660 4102 mortuis
2678 4048 3277 4112 rcsurrexisset,dixit:
3306 4068 3325 4100 ι
3348 4050 3446 4105 Ac-

144 4142 209 4194 ἐκ
242 4142 494 4214 νεκρῶν,
559 4140 742 4209 λέγει’
793 4161 811 4193 ι
850 4141 1057 4196 Λάϐετε
1098 4142 1319 4214 Πνεῦμα
1344 4144 1520 4214 ἅγιον.
1559 4165 1577 4197 ι
1603 4149 1759 4201 Μακ.

1875 4136 2029 4206 cipite
2046 4135 2308 4206 Spiritum
2327 4148 2577 4193 sanctum
2598 4139 2663 4193 ⁸⁸.
2679 4136 2916 4193 sMaced.
2936 4137 3013 4193 Ne
3032 4155 3115 4194 me
3153 4141 3316 4210 (qund
3331 4142 3445 4212 jam

143 4231 312 4288 Εἶπον
345 4238 419 4289 ὲκ
457 4232 809 4306 11:0).106,p.ﬁ
839 4251 907 4305 με
931 4236 1175 4307 περίσπα
1200 4252 1213 4265 ·
1244 4236 1380 4300 ἀλλ’,
1413 4239 1460 4290 εί
1484 4236 1629 4308 ἔχεις
1659 4237 1765 4291 δεῖ·

1875 4229 2075 4299 pridem
2104 4229 2239 4302 dixi)
2257 4230 2380 4288 istis
2398 4232 2719 4303 ambagibus
2732 4232 2992 4288 distincto
3024 4249 3037 4284 :
3073 4234 3166 4289 sed
3194 4235 3446 4301 ostende,

141 4323 248 4392 ξαι,
284 4322 457 4382 εἷπον
523 4323 640 4380 ποῦ
696 4326 1026 4396 γέγραπται.
1075 4327 1207 4391 Θεὸς
1234 4328 1297 4380 τὸ
1330 4328 1571 4400 Πνεῦμα.
1607 4331 1763 4397 Ὀρθ.

1875 4322 1914 4377 si
1972 4332 2146 4393 potes,
2202 4324 2291 4378 ubi
2354 4324 2620 4394 scriptum
2661 4324 2735 4378 sit
2784 4322 3049 4395 Spiritum
3081 4341 3205 4382 esse
3250 4326 3445 4382 Deum.

146 4416 543 4488 Ὀμολόγησον
556 4414 662 4486 τὴν
678 4413 907 4484 οεότητα
920 4415 1009 4469 τοῦ
1028 4415 1239 4486 Πατρὸς
1254 4415 1347 4469 καὶ
1355 4415 1449 4469 τοῦ
1472 4413 1596 4469 Υίοῦ
1616 4416 1763 4487 μίαν,

1875 4414 2026 4472 Ortli.
2045 4415 2242 4473 Fatere
2272 4432 2437 4471 unam
2468 4432 2591 4473 esse
2618 4415 2796 4473 Patris
2820 4425 2875 4472 ει
2893 4416 3014 4472 Filii
3043 4418 3303 4475 deitatem
3332 4420 3450 4474 sive

135 4510 307 4579 ἥγουν
330 4509 441 4582 τὴν
480 4506 710 4577 οὐσίαν,
747 4508 840 4561 καὶ
854 4508 953 4578 τὴν
996 4506 1210 4579 βουλὴν,
1250 4509 1346 4561 καὶ
1381 4508 1480 4579 τήν
1507 4508 1757 4581 δύναμιν,

1875 4511 2256 4577 substantiam,
2298 4526 2576 4582 unumque
2600 4510 2914 4576 consilium,
2939 4526 3102 4567 unam
3124 4512 3445 4582 potentiam,

130 4600 227 4653 καὶ
247 4600 354 4671 τὴν
383 4598 567 4667 δόξαν
591 4612 608 4627 ⁸
642 4596 738 4650 καί
754 4596 875 4650 τότε
908 4596 1127 4671 μαθήσῃ
1156 4615 1220 4651 πε
1229 4599 1285 4671 ρί
1308 4598 1404 4652 τοῦ
1428 4597 1763 4670 Πνεύματος.

1875 4614 1922 4661 et
1979 4605 2233 4675 gloriam,
2288 4612 2343 4659 et
2398 4612 2530 4658 tunc
2588 4603 2865 4674 intelliges
2916 4605 3048 4659 illud
3108 4604 3176 4659 de
3234 4605 3445 4674 Spiritu

131 4694 288 4748 Max.
322 4693 453 4748 Μία
488 4691 705 4762 Θεότης
728 4689 889 4744 πάλιν
915 4690 1018 4743 ποῦ
1051 4690 1359 4762 γέγραπται
1380 4709 1396 4757 ;
1419 4692 1575 4760 ’0p6.
1603 4693 1765 4764 Ὅμο-

1875 4706 2078 4753 sancto.
2102 4695 2311 4751 Maced.
2349 4694 2453 4749 Ubi
2479 4696 2744 4766 scriptum
2779 4704 2885 4759 est,
2913 4696 3131 4750 unicam
3173 4711 3295 4750 esse
3325 4695 3446 4750 dei-

127 4787 334 4854 λογεῖς,
385 4788 483 4840 ὃτι
527 4787 598 4838 ὲν
629 4783 780 4854 αὐτῴ
832 4787 1076 4837 κατοικεῖ
1133 4784 1240 4837 πᾶν
1268 4782 1329 4837 τὸ
1360 4784 1635 4856 πλήρωμα
1666 4785 1764 4855 τῆς

1875 4789 2074 4844 tatem?
2104 4787 2258 4843 Ortli.
2289 4785 2499 4841 Fateris
2535 4802 2707 4841 necne
2742 4786 3049 4841 inhabitare
3082 4787 3134 4839 in
3159 4784 3295 4840 Filio
3325 4800 3446 4838 om—

126 4879 419 4954 Εεότητος,
446 4880 485 4952 ἢ
532 4877 607 4933 οὔ
632 4895 647 4943 ;
681 4881 834 4932 Μακ.
864 4876 1021 4932 Οὕτω
1041 4877 1530 4951 γέγραπται.’ορθ.
1561 4877 1763 4949 ’Ἄλλην

1875 4896 1994 4935 nem
2024 4880 2418 4950 plenitudinem
2442 4877 2694 4934 deitatis?
2716 4876 2922 4933 Maced.
2943 4877 3019 4932 lta
3051 4878 3315 4946 scriptum
3342 4883 3449 4930 est.

123 4974 425 5045 ὗμολογεῖς
470 4972 588 5045 τὴν
632 4970 862 5042 θεότητα
911 4970 1006 5024 τοῦ
1058 4971 1290 5043 Πατρὸς,
1327 4972 1421 5025 καὶ
1453 4971 1619 5043 ἄλλην
1662 4971 1761 5041 τὴν

1875 4970 2021 5026 Ortli.
2055 4971 2303 5024 Aliamne
2326 4985 2451 5026 esse
2471 4969 2611 5024 dicis
2635 4969 2814 5025 Patris
2835 4971 3116 5030 deitatem.
3156 4969 3319 5022 aliam
3353 4967 3452 5020 iti-

122 5066 367 5140 θεότητα
421 5064 535 5120 τοῦ
579 5061 753 5131 Υἰοῦ;
784 5064 937 5119 Μακ.
983 5062 1110 5115 Ναί.
1137 5065 1293 5131 Ὀρθ.
1342 5063 1405 5116 'H
1434 5062 1625 5134 θεότης
1669 5059 1762 5117 οὖν

1875 5065 1987 5120 dem
2037 5063 2156 5118 Filii
2210 5062 2511 5119 deitatem?
2553 5061 2765 5118 Maced.
2802 5063 3003 5117 Etiam.
3064 5062 3222 5119 Orth.
3258 5059 3450 5115 Deitas

125 5161 211 5215 τοῦ
238 5161 482 5232 Πατρὺς
522 5160 593 5211 ἐν
621 5156 692 5226 τῇ
712 5154 925 5225 θεότητι
951 5155 1045 5208 τοῦ
1058 5155 1198 5215 ,Υἱοῦ
1221 5172 1235 5221 ;
1267 5159 1421 5211 Max.
1446 5154 1572 5208 Ναί.
1605 5157 1762 5222 Ὀρθ.

1875 5169 1993 5227 ergo
2045 5152 2222 5209 Patris
2266 5159 2350 5207 est
2400 5156 2455 5207 in
2511 5153 2713 5208 deitate
2767 5151 2933 5207 Filii?
2981 5150 3192 5206 Maced.
3247 5148 3449 5204 Etiam.

119 5253 222 5307 Δύο
248 5248 354 5308 οῦν
386 5251 685 5321 θεότητες
704 5264 718 5312 ;
755 5250 911 5305 Μακ.
949 5248 1008 5300 '0
1036 5247 1169 5310 Θεὸς
1198 5248 1294 5301 καὶ
1339 5248 1550 5319 Πατὴρ,
1604 5247 1699 5300 καὶ
1730 5248 1763 5319 ή

1875 5244 2019 5303 Drth.
2046 5243 2171 5299 θυῖε
2198 5248 2327 5301 sunt
2360 5243 2526 5314 igitur
2553 5243 2822 5299 deitates?
2853 5241 3062 5297 Maced.
3097 5240 3246 5297 Deus
3271 5249 3327 5295 et
3348 5237 3451 5292 Pa-

116 5343 313 5423 θεότης
334 5342 530 5401 αὐτοῦ
552 5335 651 5402 εἷς
674 5337 805 5403 Θεός
827 5356 841 5369 ⁸
870 5340 964 5392 καὶ
990 5339 1018 5392 6
1046 5339 1177 5402 Θεὸς
1201 5338 1296 5392 καὶ
1313 5338 1461 5405 Υἱὸς,
1482 5340 1575 5393 καὶ
1597 5342 1629 5411 ή
1648 5338 1765 5392 θεο-

1875 5346 1970 5405 ter,
2005 5344 2059 5394 et
2088 5338 2266 5393 deitas
2295 5338 2470 5409 ipsius
2520 5345 2605 5392 est
2648 5353 2811 5391 unus
2841 5335 3007 5391 Deus.
3051 5335 3182 5391 ltem
3218 5333 3364 5389 Deus
3396 5339 3453 5386 et

1978 5523 2021 5555 ⁸⁷
2064 5520 2171 5577 Tit.
2208 5537 2307 5584 ιιι,
2340 5520 2415 5583 4.
2451 5521 2503 5575 5.
2583 5521 2627 5553 ⁸⁸
2664 5520 2825 5576 Joan.
2862 5536 2955 5587 xx,
2991 5518 3084 5573 ‘22.

818 5524 863 5556 ⁸⁸
906 5522 1094 5577 Matth.
1135 5539 1236 5581 ιιι.
1274 5522 1361 5576 l7.
1463 5524 1507 5556 ⁸⁸
1545 5521 1658 5581 Joel
1693 5539 1772 5589 ιι,
1806 5523 1897 5579 28.

223 5533 274 5566 ⁸⁸
318 5531 416 5587 lsa
482 5542 601 5584 ιιιι
630 5566 650 5584 .
685 5522 739 5577 8.

177 5712 259 5777 (ί)
294 5709 471 5772 Μεε.,
514 5703 633 5772 τὴν
668 5698 875 5782 γενεᾲν.
922 5699 1203 5825 Eduine“:
1240 5699 1471 5769 γένεσιν.

185 5782 266 5825 (at
308 5782 411 5825 9n.-
452 5789 610 5825 mss.
660 5769 801 5825 Editt
837 5787 984 5825 vero.
1018 5789 1109 5824 του
1201 5770 1380 5825 ατοότ.

185 5769 266 5847 (2)
308 5782 411 5835 Sic
451 5769 610 5831 insi.
660 5769 801 5825 Editi
837 5787 984 5836 vero,
1018 5772 1109 5824 τοῦ
1152 5769 1380 5841 Πατρός.

1934 5701 2009 5771 (5)
2042 5702 2116 5756 lta
2141 5717 2275 5758 mss.
2310 5699 2448 5755 Editi
2472 5716 2621 5765 vero,
2651 5700 2968 5773 Πνεῦματός
2991 5717 3113 5771 μου.
3157 5699 3218 5755 Ὀ
3242 5698 3299 5755 δὲ
3326 5695 3454 5764 ru,

1864 5773 2122 5837 ἀναστάς,
2142 5773 2366 5828 omissis
2398 5775 2607 5830 inuitis.
