3982 6398
536 320 665 377 lett

1699 320 1757 377 ς.
1801 320 2263 377 ATHANASIUS.
2306 353 2373 363 —
2410 312 2682 375 SPUBIA.

3650 311 3769 366 1213

535 432 726 502 Filius,
758 444 814 491 et
834 436 1010 492 deitas
1035 437 1156 506 ejus
1181 445 1266 493 est
1289 453 1440 493 unus
1468 437 1610 493 Deus
1633 452 1646 488 :
1669 445 1861 507 estque
1882 437 1965 506 (ut
1994 436 2109 506 pri-

2222 453 2309 507 εης
2336 434 2524 498 αὐτοῦ,
2558 427 2640 497 εἷς
2662 432 2795 496 Θεός
2818 450 2835 463 ο
2864 431 2958 484 καὶ
2988 430 3151 496 ἐστιν,
3186 427 3266 490 ὡς
3292 427 3386 481 καὶ
3414 427 3584 482 πάλαι
3615 423 3770 494 εἷπον,

535 529 655 584 dem
682 528 818 599 dixi)
847 545 988 584 unus
1016 537 1071 584 et
1096 544 1239 583 unus
1263 527 1429 585 Deus.

604 617 769 690 ω
796 619 847 672 ϐ.
884 617 1037 673 Ortlt.
1068 618 1203 673 Cum
1244 634 1379 688 ergo
1413 619 1557 675 Deus
1578 620 1712 676 dicit
1739 638 1835 692 per
1870 623 2106 693 prophe-

536 719 645 765 tam
695 713 889 766 lsaiam
917 727 933 763 :
964 731 982 763 ι
1021 710 1132 782 Ego
1158 729 1278 768 sum
1321 712 1482 777 Deus.
1511 729 1612 769 nec
1660 715 1806 771 alius
1836 725 1923 770 est
1967 730 2108 785 prae-

537 810 619 855 ter
663 816 749 855 me
788 801 882 871 qui
928 803 1139 856 salvum
1171 801 1372 869 faciat;
1406 802 1750 865 annuntiavi,
1782 810 1837 857 et
1872 803 2106 865 servavi,

2207 522 2293 590 εἷς
2319 528 2413 580 καὶ
2443 520 2525 590 εἷς
2556 524 2711 589 Θεός.

2278 617 2333 672 6.
2373 618 2529 684 ’Opd.
2564 616 2692 669 Ἐὰν
2720 611 2814 668 οὗν
2839 613 2971 686 λέγῃ
3005 614 3035 667 6
3076 612 3210 676 Θεὸς
3239 612 3334 667 διὰ
3358 613 3454 667 τοῦ
3506 613 3774 684 προφήτου

2218 708 2438 761 Ἡσαΐου
2458 724 2479 738 α
2513 725 2532 759 ι
2554 705 2697 775 Ἐγὼ
2726 706 3019 770 όΘεὸς,καὶ
3049 704 3150 758 οὐκ
3178 704 3293 759 ἐστι
3328 704 3506 776 παρὲξ
3531 704 3669 775 ἐμοῦ
3688 704 3778 757 σώ-

2209 798 2338 865 ζων,
2363 801 2677 871 ἀνήγγειλα,
2694 799 2789 853 καὶ
2818 799 3018 861 ἔσωσα,
3043 798 3138 851 καὶ
3169 797 3441 860 ὠνείδισα,
3465 797 3566 851 καὶ
3597 796 3694 850 ούκ
3718 793 3776 867 ἦν

533 900 588 946 et
615 893 961 962 exprobravi,
992 909 1095 947 nec.
1110 902 1228 948 erat
1247 895 1390 949 inter
1411 909 1509 951 vos
1537 895 1750 950 alienus
1776 895 1850 948 "2
1878 913 1898 947 ι
1927 875 2116 947 utrunf

2222 899 2271 947 iv
2306 893 2433 963 ὑμῖν
2463 891 2740 961 ἀλλότριος
2765 906 2777 918 ο
2818 909 2838 942 ι
2875 887 3227 943 τίναάὑτῶν
3283 883 3365 952 εἷς
3395 889 3492 941 καὶ
3527 881 3614 952 εἷς
3653 885 3778 941 εἶναι

535 981 766 1037 istorum
795 998 923 1038 esse
944 984 1206 1053 vis.quos
1236 1000 1400 1039 unum
1425 994 1477 1039 et
1508 1000 1676 1039 unum
1706 982 2106 1039 dieis?.llaced.

534 1068 703 1124 Pater
720 1080 901 1126 servat
927 1088 1023 1142 per
1045 1072 1261 1127 Filium.
1295 1073 1449 1130 Orth.
1476 1072 1630 1128 Unus
1660 1089 1791 1144 ergo
1814 1074 1958 1129 Deus
1990 1090 2109 1129 ser-

533 1177 671 1219 vans
701 1162 864 1218 Pater
883 1172 1047 1235 atque
1073 1165 1266 1224 Filius.
1299 1166 1508 1222 Maced.
1528 1168 1679 1222 Idem
1730 1168 1897 1238 igitur
1927 1175 2015 1223 est
2056 1174 2113 1222 et

534 1249 697 1308 Pater
725 1262 779 1308 et
809 1251 1003 1311 Filius.
1053 1255 1227 1329 Orthq
1260 1256 1418 1313 Absit
1459 1264 1519 1311 ut
1569 1256 1676 1311 hoc
1723 1257 1936 1312 dicam!
1999 1255 2107 1311 Sed

536 1345 993 1414 quemadmodum
1020 1347 1073 1402 in
1095 1347 1315 1403 Christo
1341 1347 1565 1419 perfecti
1595 1365 1737 1405 unus
1768 1364 1979 1414 sumus,
1999 1363 2109 1403 non

538 1435 784 1493 confusis
827 1438 1236 1509 hypostasibus,
1266 1440 1359 1495 sed
1403 1441 1615 1496 ratione
1654 1441 1836 1497 habita
1873 1456 2113 1496 consen-

538 1530 714 1586 sionis
739 1537 794 1584 et
822 1539 1039 1586 naturae
1061 1532 1178 1587 sive
1207 1532 1527 1588 substantiae
1553 1552 1567 1588 :
1603 1533 1675 1587 ita
1700 1532 1909 1589 Patrem
1942 1541 1996 1590 et
2024 1532 2115 1587 Fi-

536 1619 671 1674 ..ium
696 1618 823 1673 dico
857 1634 1027 1673 unum
1064 1619 1265 1687 Deum,
1312 1620 1497 1675 habita
1536 1623 1748 1677 ratione
1795 1622 2114 1678 substantiae

536 1719 591 1766 et
619 1710 1024 1765 consensionis.
1063 1708 1269 1766 Haud.
1302 1710 1414 1766 Nos
1432 1727 1650 1781 (pioque
1681 1727 1846 1766 unam
1872 1727 2108 1770 consen-

2212 983 2421 1050 θέλεις;
2448 987 2600 1038 Μακ.
2617 983 2675 1035 Ὀ
2688 980 2878 1052 Πατὴρ
2908 979 2996 1034 διὰ
3018 979 3117 1033 τοῦ
3145 976 3276 1032 Υίοῦ
3294 977 3476 1041 σώζει.
3508 980 3668 1044 Ὀρθ.
3695 973 3779 1043 Εἷς

2212 1076 2320 1147 ἄρα
2354 1075 2488 1139 Θεὸς
2513 1076 2543 1129 ό
2569 1074 2758 1139 σώζων
2790 1073 2982 1144 Πατὴρ
3029 1072 3122 1126 καὶ
3162 1072 3309 1135 Υἱός.
3341 1075 3499 1126 Max.
3545 1072 3606 1125 Ὀ
3632 1072 3779 1137 αὐτὸς

2210 1165 2303 1223 οὖν
2330 1169 2425 1222 καὶ
2457 1169 2646 1238 Πατήρ
2676 1166 2792 1219 ἐστι
2832 1165 2926 1218 καὶ
2962 1164 3111 1227 Υἱός.
3152 1164 3307 1233 Ὀρθ.
3335 1162 3427 1234 Μὴ
3457 1163 3672 1231 γένοιτο
3717 1166 3782 1216 εί-

2211 1262 2370 1314 πεῖνί
2401 1260 2515 1314 ἀλλ’
2549 1259 2739 1331 ὥσπερ
2770 1260 2824 1312 οἱ
2866 1260 2923 1311 ὲν
2973 1255 3196 1329 Χριστῷ
3252 1257 3677 1329 κατηρτισμένοι
3710 1250 3781 1320 είς

2213 1355 2400 1423 ὲσμεν,
2431 1353 2491 1406 ού
2525 1350 2942 1422 συγκεχυμένων
2979 1349 3088 1404 τῶν
3120 1350 3496 1412 ὑποστάσεων,
3552 1350 3689 1403 ἀλλὰ
3712 1349 3780 1419 τῷ

2212 1444 2355 1515 λόγῳ
2380 1444 2478 1513 τῆς
2510 1443 2826 1514 συμφωνίας
2864 1441 2959 1495 καὶ
2988 1442 3090 1511 τῆς
3118 1439 3350 1509 φύσεως,
3375 1442 3545 1510 ἤγουν
3574 1442 3777 1504 οὐσίας·

2213 1534 2388 1599 οὕτως
2424 1535 2644 1606 Πατέρα
2673 1535 2767 1588 καὶ
2793 1533 2920 1586 Υἱὸν
2948 1532 3045 1586 ἕνα
3082 1532 3217 1586 Θεὸν
3244 1531 3390 1599 λέγω
3414 1530 3494 1602 τῷ
3512 1531 3661 1600 λόγῳ
3695 1532 3781 1603 τῆς

2215 1627 2401 1690 οὐσίας
2430 1626 2523 1680 καὶ
2551 1627 2647 1697 τῆς
2672 1625 3008 1697 συμφωνίας.
3034 1627 3188 1678 Max.
3231 1623 3342 1676 Kal.
3368 1625 3535 1693 ἡμεῖς
3566 1621 3783 1690 λέγομεν

2221 1719 2351 1790 μίαν
2379 1718 2717 1789 συμφωνίαν.
2762 1718 2917 1786 Ὄρθ.
2947 1715 3083 1769 Εἰπὲ
3115 1715 3212 1769 καὶ
3255 1712 3510 1784 θεότητα,
3566 1714 3664 1766 καὶ
3691 1712 3785 1766 σώ-

538 1803 749 1858 sionem
781 1798 1036 1855 fatemur.
1076 1799 1231 1855 Orth.
1262 1800 1359 1855 Dic
1407 1802 1572 1856 etiam
1600 1802 1881 1864 deitatem,
1915 1812 1967 1857 et
1998 1788 2116 1858 sal-1

2222 1784 2360 1883 ίίητι.
2638 1812 2784 1866 Μίαν
2821 1784 3067 1880 ἠθεότητα
3123 1810 3185 1862 οὐ
3231 1807 3397 1878 λέγω.
3452 1806 3616 1878 Ὀρθ.
3669 1807 3786 1861 Ἐὰν

536 1908 639 1948 vus
662 1903 802 1948 esto.
830 1889 1038 1945 Maced.
1084 1890 1310 1946 Unicum
1335 1890 1591 1947 deitatem
1623 1907 1731 1946 non
1765 1891 1911 1947 dico.
1951 1891 2106 1948 Ortlt.

538 1983 674 2039 Cum
722 1984 901 2054 ipsum
934 1982 1103 2038 Deum
1155 1998 1374 2039 rursum
1437 1982 1595 2038 audis
1653 1982 1921 2040 dicentem
1966 1986 2112 2057 apud

537 2074 787 2131 eumdem
848 2074 1189 2145 prephetam,
1268 2092 1287 2124 ι
1336 2073 1444 2145 Ego
1500 2090 1622 2129 sum
1674 2073 1839 2142 Deus,
1881 2091 1984 2131 nec
2028 2084 2113 2132 est

536 2167 686 2224 alius
713 2168 870 2222 Deus.
895 2165 999 2222 Per
1038 2168 1419 2237 memetipsum
1440 2167 1589 2236 juro,
1613 2182 1678 2222 ex
1707 2183 1803 2224 ore
1819 2184 1940 2224 meo
1959 2185 2115 2240 egre-

535 2261 718 2315 dietur
740 2258 978 2328 justitia,
1016 2273 1299 2315 sermones
1328 2258 1430 2312 mei
1473 2274 1582 2313 non
1610 2260 1958 2329 delebuntur,
1987 2263 2114 2331 quia

535 2350 668 2407 mihi
713 2350 1031 2405 curvabitur
1081 2365 1242 2406 omne
1286 2366 1425 2421 genu
1469 2351 1541 2417 ⁷ο,
1598 2370 1617 2404 ι
1670 2352 1852 2408 utrius
1882 2353 2112 2409 istorum

534 2445 629 2514 qui
658 2459 800 2499 unus
836 2453 891 2500 et
916 2459 1063 2499 unus
1093 2451 1222 2500 sunt
1249 2444 1366 2499 haec
1382 2446 1548 2500 verba
1564 2461 1686 2502 esse
1700 2445 1890 2502 dices?
1905 2446 2112 2503 Maced.

536 2533 684 2590 Filii.
742 2533 883 2589 Dicit
928 2536 1073 2591 enim
1139 2536 1482 2606 Apostolus:
1520 2553 1539 2587 ι
1592 2536 1650 2591 In
1710 2538 1931 2594 nomine
1986 2537 2116 2594 Jesu

538 2641 701 2682 omne
725 2642 864 2698 genu
900 2626 1149 2683 ﬂectatur
1172 2628 1502 2693 emlestium,
1540 2629 1904 2691 terrestrium,
1934 2640 1988 2684 et
2029 2630 2117 2684 in-

541 2716 827 2772 fernarum
853 2720 1131 2774 :etomnis
1160 2719 1346 2789 lingua
1365 2718 1731 2783 conlitebitur,
1766 2721 1894 2789 quia
1927 2719 2113 2774 Domi-

539 2824 647 2866 nus
680 2809 840 2867 Jesus
870 2811 1123 2866 Christus
1140 2809 1207 2864 ad
1223 2810 1452 2881 gloriam
1473 2809 1566 2866 Dei
1586 2810 1784 2866 Patris.
1805 2813 1974 2865 Amen
2008 2810 2076 2866 ".
2091 2830 2109 2863 ι

543 2897 698 2956 ΟνιΙι.
737 2902 858 2958 Una
894 2909 979 2957 est
1017 2902 1185 2972 igitur
1215 2901 1394 2957 deitas
1428 2901 1607 2957 Patris
1635 2911 1689 2958 et
1712 2902 1858 2957 Filii.
1903 2900 2111 2959 Haced.

543 2992 870 3085 Quomodo?
894 2994 1045 3050 Ortlt.
1072 2994 1211 3085 Dicit
1241 2994 1439 3085 enim}
1475 3012 1495 3046 ι
1544 2994 1813 3085 Ego_sum
1864 2993 2028 3085 Deus,
2060 3003 2114 3051 et

2212 1904 2455 1977 ἀκούσῃς
2473 1904 2637 1959 πάλιν
2658 1903 2754 1959 τοῦ
2788 1904 2924 1959 Θεοῦ
2954 1907 3013 1958 ὲν
3039 1902 3121 1974 τῷ
3140 1901 3290 1973 αὐτῷ
3326 1904 3586 1975 προφήτῃ
3615 1902 3787 1971 λέγον-

2212 2017 2325 2065 τος,
2387 2018 2406 2051 ι
2448 1998 2592 2068 Ἐγώ
2623 1998 2743 2070 είμι
2763 1997 2915 2061 Θεὸς,
2954 1997 3049 2052 καὶ
3077 1997 3179 2050 οὐκ
3228 1995 3378 2049 εστιν
3429 1994 3613 2058 ἄλλος.
3663 1996 3789 2048 Κατ’

2215 2088 2454 2162 ἐμαυτοῦ
2481 2088 2684 2161 ὀμνύω,
2711 2083 2748 2160 ἦ
2777 2087 2882 2159 μὴν
2914 2084 3252 2152 ἐξελεύσεται
3292 2085 3358 2138 ὲκ
3389 2084 3486 2138 τοῦ
3530 2083 3788 2155 στόματός

2218 2198 2320 2252 μου
2368 2180 2687 2251 δικαιοσύνη·
2707 2197 2723 2212 ο
2756 2181 2807 2233 οἱ
2835 2179 2982 2249 λόγοι
3020 2196 3121 2250 μου
3153 2179 3256 2232 οὐκ
3284 2179 3789 2249 ἀπογραφήσονται,

2215 2278 2298 2330 ὅτι
2321 2276 2444 2346 ἐμοὶ
2479 2273 2687 2346 κάμψει
2709 2274 2818 2328 πᾶν
2842 2272 2991 2341 γόνυ,
3048 2290 3067 2323 ι
3100 2271 3222 2324 τίνα
3250 2268 3433 2338 λέγεις
3449 2269 3562 2323 τῶν
3587 2262 3672 2332 εἷς
3699 2269 3790 2323 καὶ

2216 2364 2297 2433 εἷς
2320 2367 2601 2439 εἰρηκέναι
2618 2383 2632 2431 ;
2650 2370 2802 2421 Max.
2837 2364 2941 2419 Τὸν
2965 2364 3093 2417 Υἱόν
3112 2382 3124 2394 ·
3160 2365 3190 2417 6
3213 2361 3322 2434 γὰρ
3354 2360 3685 2424 Ἀπόστολος
3709 2359 3789 2414 λέ-

2217 2478 2326 2530 γει,
2346 2462 2427 2515 ὅτι
2451 2461 2570 2513 «Ἐν
2591 2458 2669 2530 τῷ
2688 2455 3104 2529 όνόματιὝησοῦ
3127 2457 3233 2508 πᾶν
3253 2455 3385 2524 γόνυ
3407 2453 3620 2524 κάμψει
3636 2454 3788 2506 stou-

2221 2552 2420 2625 ρανίων
2452 2552 2546 2606 καὶ
2601 2549 2857 2618 ἐπιγείων
2916 2548 3011 2601 καὶ
3056 2546 3430 2618 καταχθονίων
3459 2561 3475 2576 ο
3519 2545 3619 2599 καὶ
3650 2545 3790 2596 πᾶσα

2216 2642 2436 2712 γλῶσσα
2462 2640 2935 2713 ἐξομολογήσεται,
2985 2640 3069 2695 ὅτι
3099 2640 3303 2711 Κύριος
3333 2641 3363 2692 6
3404 2637 3619 2708 Ἰησοῦς
3666 2637 3789 2708 Χρι-

2218 2733 2343 2797 στὸς
2365 2736 2446 2797 είς
2463 2732 2616 2800 δόξαν
2644 2731 2781 2786 Θεοῦ
2803 2733 3036 2805 Πατρός.
3080 2733 3135 2785 ’Δ
3145 2734 3273 2803 μήν.
3312 2751 3330 2782 ο
3374 2730 3531 2799 Ὄρθ.
3553 2730 3669 2783 Μία
3691 2729 3789 2799 ἄρα

2218 2824 2406 2895 θεότης
2417 2824 2629 2897 Πατρὸς
2647 2825 2742 2879 καὶ
2765 2823 2917 2878 Υίοῦ.
2941 2828 3094 2879 Max.
3118 2823 3244 2888 Πῶς
3263 2841 3279 2889 ;
3300 2823 3458 2891 ὀρθι
3480 2822 3648 2890 Λέγει
3665 2824 3783 2892 γάρ·

2223 2932 2242 2965 ι
2266 2914 2405 2984 Ἐγώ
2438 2917 2550 2986 είμι
2575 2916 2727 2980 Θεὸς,
2754 2915 2848 2968 καὶ
2878 2915 2979 2969 οὐκ
3011 2913 3158 2967 ἔστιν
3181 2914 3361 2976 ἄλλος.
3392 2933 3415 2963 ι
3464 2914 3538 2967 Ἦ
3568 2912 3681 2983 γὰρ
3700 2928 3790 2980 γε-

2216 3005 2439 3077 νόμενος
2466 3006 2674 3076 ἄφρων,
2707 3009 2872 3078 ἐρεῖς,
2905 3006 2988 3060 ὅτι
3018 3006 3121 3060 οὐκ
3173 3005 3290 3059 ἐστι
3335 3003 3471 3068 Θεὸς
3496 3006 3528 3059 ὁ
3556 3005 3745 3074 Πατήρ
3772 3022 3785 3035 ·

545 3100 656 3140 non
687 3091 773 3138 est
792 3084 954 3139 alius.
996 3103 1015 3135 ι
1056 3083 1166 3137 Aut
1192 3084 1336 3138 enim
1371 3083 1610 3139 'demens
1666 3083 1842 3140 factus
1892 3085 2115 3156 negabis

2222 3095 2254 3167 ἢ
2285 3095 2566 3166 ὁμολογῶν
2616 3095 2749 3149 Θεὸν
2778 3095 2870 3149 τὸν
2903 3095 3142 3168 Πατέρα,
3197 3096 3292 3149 καὶ
3338 3094 3472 3149 Θεὸν
3526 3095 3619 3148 τὸν
3649 3095 3789 3155 Υἱὸν,

545 3177 758 3238 Patrem
783 3192 906 3231 esse
927 3175 1118 3241 Deum,
1139 3183 1234 3230 aut
1259 3175 1524 3232 conﬁtens
1539 3174 1754 3231 Patrem
1780 3192 1901 3233 esse
1928 3176 2115 3241 Deum,

546 3267 842 3337 itidemque
866 3266 1065 3321 Filiu‘m
1121 3282 1244 3322 esse
1293 3266 1486 3332 Deum,
1520 3278 1576 3323 et
1600 3283 1727 3323 eum
1765 3270 1991 3325 audiens
2037 3270 2121 3325 di-

546 3368 780 3425 eentem,
844 3380 862 3411 ι
906 3359 1018 3432 Ego
1055 3376 1175 3416 sum
1219 3360 1386 3427 Deus,
1430 3369 1484 3417 et
1536 3369 1730 3433 prater
1760 3377 1846 3417 me
1872 3376 1980 3417 non
2036 3372 2124 3419 est

547 3452 724 3517 alius,
765 3470 785 3502 ι
816 3453 1033 3507 unicam
1060 3452 1315 3508 deitatem
1349 3451 1630 3519 fateberis,
1662 3460 1717 3509 et
1744 3470 1855 3509 non
1904 3456 2123 3527 pericli-

545 3544 769 3599 taberis.
820 3543 1028 3600 Μαρια.
1083 3543 1198 3615 Ego
1242 3545 1459 3600 unicam
1521 3545 1777 3602 deitatem
1816 3562 1925 3602 non
1976 3547 2122 3603 dico.

548 3634 704 3692 OrtL.
735 3634 795 3693 Si
819 3638 984 3709 igitur
1006 3638 1200 3695 audias
1232 3638 1549 3709 prophetam
1581 3638 1852 3694 dicentem
1875 3640 2122 3694 omnium

544 3733 860 3782 sanctorum
908 3728 1149 3792 nomine,
1217 3745 1238 3779 ι
1280 3728 1325 3781 A
1370 3728 1574 3783 saeculo
1627 3742 1738 3783 non
1791 3728 2122 3797 audivimus,

545 3833 722 3889 neque
767 3819 912 3874 oculi
936 3819 1112 3875 nostri
1165 3819 1422 3874 viderunt
1480 3817 1676 3884 Deum,
1731 3829 1923 3890 praeter
1964 3826 2040 3884 te,
2098 3840 2120 3874 ›

546 3911 679 3981 quid
729 3912 812 3966 eis
866 3911 1257 3982 responderis?
1306 3908 1518 3968 Maced.
1575 3910 1777 3967 Filium
1812 3912 1969 3970 dicit.
2010 3914 2126 3970 Nec

544 4002 692 4056 enim
726 4002 895 4057 alium
927 4001 1099 4057 Deum
1134 4000 1393 4067 vidimus,
1412 4017 1575 4073 quam
1599 4002 1821 4068 Filium,
1844 4005 1938 4075 qui
1963 4005 2124 4061 homo

548 4090 728 4149 factus
762 4101 867 4149 est.
898 4092 1051 4150 Orth.
1084 4094 1155 4147 At
1172 4095 1317 4149 enim
1349 4112 1369 4146 ι
1400 4093 1503 4161 Qui
1551 4094 1690 4149 vidit
1712 4094 1932 4161 Filium’,
1988 4097 2124 4152 vidit

547 4181 763 4238 Patrem
786 4186 854 4237 ⁷³.
891 4204 911 4238 ι
961 4183 1077 4240 Una
1134 4185 1303 4255 igitur
1348 4185 1523 4245 deitas
1545 4194 1655 4256 ‘lest
1688 4186 1865 4243 Patris
1894 4196 1948 4242 et
1978 4186 2124 4242 Filii.

546 4274 756 4330 Μαρια.
788 4274 962 4331 Unam
984 4277 1238 4333 deitatem
1274 4292 1383 4333 non
1416 4278 1560 4333 dico.

625 4367 672 4419 7.
702 4366 856 4422 Orth.
885 4370 1017 4425 Cum
1051 4369 1185 4424 dicit
1223 4368 1371 4425 Deus
1403 4369 1545 4438 apud
1585 4366 1834 4423 eumdem
1889 4368 2123 4438 prophe-

2223 3186 2318 3238 καὶ
2342 3184 2555 3239 ἀκούων
2606 3184 2773 3239 αὐτοῦ
2801 3185 3082 3254 λέγοντος,
3122 3204 3141 3237 ι
3173 3183 3318 3254 Ἐγὼ
3358 3186 3475 3256 εἰμι
3521 3185 3679 3250 Θεὸς,
3709 3185 3794 3238 καὶ

2221 3277 2321 3330 οὐκ
2368 3276 2515 3330 ἔστιν
2553 3276 2730 3341 ἄλλος,
2769 3296 2788 3329 ι
2826 3277 2953 3349 μίαν
3001 3276 3233 3348 θεότητα
3257 3276 3667 3349 .όμολογήσεις,
3705 3279 3794 3330 καὶ

2221 3367 2282 3420 ού
2325 3366 2690 3431 κινδυνεύσεις
2712 3367 2810 3441 (4).
2847 3372 3001 3423 Max.
3044 3366 3184 3437 Ἐγὼ
3206 3367 3336 3439 μίαν
3365 3367 3599 3439 θεότητα
3628 3369 3687 3422 οὐ
3714 3367 3796 3419 λέ-

2221 3474 2322 3526 γω.
2347 3459 2503 3529 Ὀρθ.
2534 3461 2658 3515 Ἐὰν
2687 3455 2779 3514 οὖν
2831 3459 3070 3533 ἀκούσῃς
3096 3460 3190 3515 τοῦ
3223 3462 3507 3532 προφήτου
3540 3463 3607 3514 ὲκ
3640 3475 3797 3531 προσς

2220 3546 2372 3603 ὡπου
2439 3551 2656 3606 πάντων
2714 3551 2823 3605 τῶν
2881 3552 3053 3616 ἁγίων
3103 3552 3355 3622 λέγοντος
3380 3596 3396 3620 ,
3459 3572 3478 3604 ι
3544 3553 3679 3608 Ἀπὸ
3708 3549 3801 3604 τοῦ

2221 3641 2417 3705 αἰῶνος
2448 3643 2549 3697 οὐκ
2576 3644 2908 3715 ἠκούσαμεν,
2932 3645 3042 3699 οὐδ’
3061 3645 3114 3699 oi
3139 3644 3411 3715 ὀφθαλμοὶ
3460 3645 3624 3717 ἡμῶν
3669 3640 3795 3698 εἶδον

2222 3733 2376 3798 Θεὸν,
2402 3733 2542 3806 πλὴν
2582 3734 2676 3789 σοῦ
2696 3774 2711 3800 ,
2763 3753 2783 3789 ι
2836 3734 2890 3789 τί
2920 3727 3063 3807 ἐρεῖς
3086 3737 3225 3807 πρὸς
3256 3735 3494 3802 αὑτούςς
3522 3740 3678 3792 Max.
3702 3735 3797 3788 Τὸν

2225 3824 2351 3881 Υίὸν
2370 3825 2741 3894 λέγει.¹Ἀλλον
2765 3827 2989 3898 γὰρούκ
3006 3828 3221 3899 εἴδομεν
3245 3829 3302 3884 εἰ
3328 3827 3405 3900 μὴ
3423 3827 3518 3883 τὸν
3537 3828 3797 3899 ὲνανθρω-

2224 3916 2477 3987 πήσαντα
2502 3916 2648 3969 Υίόν.
2693 3916 2847 3986 Ὀρθ.
2878 3937 2897 3969 ι
2920 3918 2975 3972 '0
3006 3917 3064 3972 δὲ
3096 3916 3359 3989 ἑωρακὼς
3420 3919 3517 3972 τὸν
3542 3919 3670 3974 Υἱὸν
3700 3916 3794 3971 ἑὼ·

2229 4024 2361 4079 ρακε
2380 4006 2471 4060 τὸν
2489 4007 2729 4079 Πατέρα.
2757 4025 2777 4058 ι
2812 4008 2928 4061 Μία
2951 4008 3059 4078 ἄρα
3090 4007 3280 4081 θεότης
3302 4010 3521 4083 Πατρὸς
3541 4013 3638 4066 καὶ

2227 4102 2381 4154 Max.
2416 4098 2562 4153 Μίαν
2591 4098 2823 4170 θεότητα
2840 4100 2900 4153 οὐ
2923 4098 3086 4168 λέγω.

2298 4362 2512 4432 7.’ορθ.
2532 4362 2658 4416 Ἐὰν
2672 4362 2805 4433 λέγῃ
2827 4364 2855 4415 ὁ
2872 4362 3003 4425 Θεὸς
3016 4363 3074 4414 ὲν
3089 4359 3164 4431 τῷ
3181 4359 3330 4433 αὐτῷ
3346 4364 3797 4440 προφήτῃαῈγὼ

548 4464 679 4517 tam,
705 4474 723 4507 ι
740 4455 847 4528 Ego
867 4455 1005 4512 Deus
1023 4458 1434 4528 primus,etego
1459 4469 1767 4528 postremus
1794 4456 1862 4517 ⁷³,
1891 4475 1909 4507 ι
1939 4466 2116 4509 utrum

2228 4455 2361 4518 Θεὸς
2381 4454 2619 4527 πρῶτος,
2641 4457 2736 4509 καὶ
2759 4454 2869 4523 ἐγὼ
2886 4456 2964 4517 είς
2983 4454 3049 4507 τὰ
3063 4455 3429 4526 ἐπερχόμενα,
3460 4476 3479 4507 ι
3496 4459 3617 4512 τίνα
3631 4458 3798 4526 λέγεις

548 4546 790 4609 illorum.
828 4563 968 4618 quos
999 4565 1167 4603 unum
1199 4560 1255 4605 et
1285 4565 1454 4604 unum
1491 4565 1615 4604 esse
1666 4547 1976 4611 arbitraris,
2022 4548 2125 4603 hoc

546 4638 751 4694 dixisse
788 4640 1079 4696 censebis?
1101 4640 1158 4694 Μ
1162 4643 1311 4698 aced.
1343 4640 1579 4695 Patrem.
1607 4639 1756 4694 Orth.
1776 4638 1974 4693 Filium
1993 4654 2124 4710 ergo

546 4745 657 4784 non
689 4731 828 4786 dicis
861 4731 1072 4787 Deum?
1100 4732 1311 4787 Maccd.
1354 4731 1474 4785 Dixi
1504 4732 1671 4785 Deum
1701 4747 1767 4785 ex
1798 4730 1927 4786 Deo.
1968 4733 2120 4788 Orth.

547 4825 734 4894 Itaque
754 4826 799 4881 si
814 4825 979 4883 Pater
995 4838 1077 4883 est
1105 4828 1273 4891 Deus,
1295 4835 1348 4882 et
1372 4828 1542 4883 Filius
1572 4827 1737 4890 Deus,
1770 4826 1905 4881 dicit
1942 4840 2122 4883 autem

549 4912 716 4981 Deus,
793 4935 813 4969 ι
848 4916 961 4989 Ego
1008 4917 1154 4973 Deus
1205 4921 1436 4988 primus,
1484 4926 1539 4971 et
1590 4932 1691 4987 ego
1728 4923 2056 4986 postremus,
2098 4934 2117 4967 ι

548 5023 678 5078 ergo
705 5010 863 5064 unica
894 5018 979 5065 est
1008 5010 1202 5065 deitas.
1224 5010 1431 5064 Maced.
1464 5009 1684 5063 Etiamsi
1708 5009 1860 5077 plura
1894 5008 2118 5072 dixeris,

548 5115 656 5153 non
687 5101 1024 5171 persuaseris
1076 5102 1231 5166 mihi,
1292 5113 1350 5155 ut
1377 5103 1591 5157 unicam
1628 5100 1883 5156 deitatem
1917 5099 2116 5152 dicam.

554 5190 702 5246 Orlh.
752 5189 868 5246 Nisi
928 5207 1031 5245 una
1075 5193 1146 5245 sit
1204 5193 1379 5248 deitas
1418 5192 1593 5246 Patris
1635 5201 1689 5246 et
1724 5188 1868 5253 Filii,
1905 5190 2011 5243 alia
2041 5196 2125 5244 est

553 5282 752 5341 Patris,
783 5282 890 5336 alia
929 5292 1009 5337 est
1042 5281 1161 5336 Filii
1186 5284 1383 5339 deitas.
1414 5283 1621 5337 Μαρία.
1678 5281 1821 5336 Sane
1879 5281 2119 5351 quidem.

552 5374 700 5426 mm.
735 5373 853 5425 Alia
881 5381 1060 5427 autem
1088 5384 1141 5429 et
1168 5375 1271 5428 alia
1295 5376 1487 5438 deitas,
1510 5390 1616 5428 non
1650 5382 1777 5428 sunt
1796 5388 1936 5427 unus
1962 5370 2120 5426 Deus.

625 5531 669 5561 ⁸⁵
712 5529 814 5586 Isa.
851 5547 1012 5595 ιιιιι,
1054 5533 1138 5594 Η,
1178 5533 1263 5587 l2.

630 5705 705 5775 (ι)
746 5704 915 5758 Palat.
931 5746 944 5771 ,
986 5704 1300 5759 κινδυνεύει.

2222 4545 2333 4599 τῶν
2360 4540 2440 4611 εἷς
2467 4547 2561 4600 καὶ
2575 4541 2656 4611 εἷς
2701 4546 2982 4618 εἰρηκέναι
3006 4564 3021 4611 ;
3059 4550 3214 4600 Max.
3241 4546 3346 4601 Τὸν
3375 4548 3622 4621 Πατέρα.
3650 4550 3796 4619 Ὀρθ.

2230 4638 2335 4692 Τὸν
2358 4637 2484 4691 Υἰὸν
2518 4633 2611 4691 οὖν
2637 4637 2698 4691 ού
2748 4637 2923 4705 λέγεις
2964 4634 3095 4689 Θεόν
3124 4653 3141 4700 ;
3178 4639 3335 4691 Μακ.
3375 4634 3548 4693 Εἶπον
3581 4639 3709 4693 Θεὸν
3739 4641 3798 4691 ἐκ

2227 4730 2383 4783 Θεοῦ.
2406 4730 2563 4799 Ὀρθ.
2593 4731 2656 4783 Εἰ
2684 4728 2860 4783 τοίνυν
2882 4726 3013 4790 Θεὸς
3031 4727 3059 4781 6
3086 4727 3298 4799 Πατὴρ,
3318 4731 3417 4783 καὶ
3443 4730 3581 4795 Θεὸς
3612 4734 3640 4785 ὀ
3663 4730 3795 4792 Υἱὸς,

2224 4820 2370 4889 λέγει
2397 4820 2453 4873 δὲ
2481 4822 2508 4874 6
2542 4820 2675 4884 Θεὸς
2691 4859 2705 4883 ,
2730 4837 2749 4870 ι
2772 4818 2917 4888 Ἐγὼ
2946 4818 3078 4883 Θεὸς
3115 4818 3356 4890 πρῶτος,
3374 4823 3471 4875 καὶ
3495 4824 3608 4891 ἐγὼ
3633 4823 3711 4885 είς
3734 4820 3801 4873 τὰ

2226 4909 2568 4979 ἐπερχόμενα
2593 4926 2606 4938 ·
2640 4927 2657 4960 ι
2684 4907 2781 4977 μία
2798 4908 2905 4980 ἄρα
2928 4907 3141 4981 θεότης.
3161 4912 3317 4963 Max.
3340 4910 3463 4963 Κᾶν
3481 4911 3699 4965 πλείονα
3728 4909 3798 4979 (5)

2222 5001 2404 5073 εἴπῃς,
2440 4999 2550 5069 ἐγὼ
2581 5001 2708 5071 μίαν
2748 5001 2977 5071 Θεὸτητα
3008 5003 3182 5055 εἰπεῖν
3217 5003 3280 5054 ού
3328 5002 3610 5075 πείθομαι.
3650 5005 3799 5071 Ὀρθ.

2225 5092 2288 5143 Ei
2327 5092 2400 5162 μή
2452 5091 2569 5142 ἐστι
2599 5090 2697 5161 μία
2743 5089 2931 5160 Θεότης
2989 5088 3201 5162 Πατρὸς
3226 5091 3319 5144 καὶ
3346 5090 3502 5155 Υἰοῦ,
3532 5092 3663 5160 ἄλλη
3690 5089 3805 5143 ἐστὶ

2228 5180 2418 5252 Θεότης
2443 5180 2537 5234 τοῦ
2573 5180 2807 5252 Πατρὸς,
2837 5182 2931 5235 καὶ
2958 5180 3090 5251 ἄλλη
3120 5179 3311 5252 θεότης
3336 5181 3431 5234 τοῦ
3461 5182 3620 5235 Υίοῦ.“
3647 5184 3800 5234 Max.

2226 5275 2337 5328 Καὶ
2360 5274 2522 5329 πάνυ.
2570 5275 2721 5343 Ὀρθ.
2752 5276 2918 5345 ιἌλλη
2945 5275 3000 5327 δὲ
3038 5275 3131 5328 καὶ
3160 5275 3293 5345 ἄλλη
3326 5275 3522 5347 θεότης
3551 5277 3649 5329 οὐκ
3670 5274 3806 5327 εἰσὶν

2226 5361 2308 5429 εἷς
2338 5366 2489 5430 Θεός.
2522 5370 2678 5421 Μακ.
2715 5369 2790 5420 Οὐ
2822 5368 2930 5439 γὰρ
2958 5366 3100 5436 λέγω
3144 5367 3238 5420 ἕνα
3282 5366 3417 5421 Θεὸν
3449 5367 3666 5437 Πατέρα
3711 5364 3809 5417 καὶ

1366 5532 1410 5564 ’⁸
1448 5532 1551 5588 Isa.
1590 5549 1710 5598 ην,
1740 5531 1811 5585 2‘2
1839 5529 1926 5583 2.5.
2001 5530 2041 5560 ‘”
2086 5526 2116 5581 P

2231 5542 2317 5598 pp.
2356 5543 2413 5591 ιι,
2452 5526 2537 5579 10.
2614 5527 2658 5557 τ’
2696 5525 2852 5580 Joan.
2905 5541 3014 5589 xw,
3052 5526 3106 5580 9.
3181 5527 3227 5558 "
3266 5526 3347 5582 lsa
3407 5540 3557 5592 ιιιν,
3593 5525 3649 5581 C.

2307 5700 2383 5770 (5)
2414 5699 2614 5766 Palat,
2658 5702 2784 5755 Ἐὰν
2824 5701 3060 5759 πλείονα.
