3982 6398
182 326 306 385 1213

1153 333 1242 392 οε
1277 336 1546 395 SANCTA
1590 341 1964 401 TBINITATE
2005 345 2351 407 DIALOGUS
2383 351 2486 408 ιη.

3301 353 3435 415 1211

174 440 308 498 Υἰόν.
353 442 494 510 Ὸρθ.
545 441 670 497 Ἐὰν
690 437 783 500 οῦν
815 447 1059 522 ἀκούσῃς
1102 451 1199 506 τοῦ
1235 457 1516 529 προφήτου
1549 459 1719 530 λέγον

1842 461 2050 519 Maced.
2082 463 2193 522 Nec
2216 467 2364 524 enim
2392 467 2541 536 dico,
2569 466 2783 525 Patrem
2807 475 2863 525 et
2897 466 3095 524 Filium
3121 483 3246 526 esse
3268 485 3437 526 unum

171 553 282 600 τος,
315 555 332 582 ο
362 533 514 588 Οῦτω
537 535 689 606 λέγει
709 537 917 611 Κύριος
962 544 1182 600 σαΰαὼθ
1202 561 1218 575 ·
1264 548 1590 605 Ἐκοπίασεν
1636 551 1737 607 Ατ-

171 643 376 698 γυπτος,
401 627 496 680 καὶ
529 629 769 703 ἐμπορία
798 628 1075 691 Αἰθιόπων
1104 652 1117 667 ·
1152 640 1245 694 καὶ
1287 642 1337 694 oi
1374 642 1623 717 Σαϐαεὶμ
1655 645 1731 716 (6)

169 721 342 790 ἄνδρες
370 719 563 791 ὑψηλοὶ
593 723 683 776 ἐπὶ
715 725 776 778 σὲ
807 726 1180 800 διαϐήσονται,
1212 734 1306 787 καὶ
1339 734 1735 809 ἀκολουθήσου-

172 830 245 866 σιν
269 810 437 866 ὀπίσω
459 829 546 867 σοι
578 814 851 888 δεδεμένοι
874 823 1243 892 χειροπέδαις,
1290 826 1388 880 καὶ
1417 831 1731 902 προσκυνή-

167 903 304 958 σουσί
326 916 426 959 σοι.
456 906 528 960 Σὺ
555 906 664 980 γὰρ
697 905 751 962 εἴ
772 908 928 977 Θεὸς,
950 915 1045 967 καὶ
1077 916 1179 970 οὐκ
1197 914 1441 989 ᾔδειμεν,
1471 919 1605 986 Θεὸς
1635 919 1733 976 τοῦ

177 997 372 1069 Ἰσραὴλ
395 998 506 1071 (7),
538 1020 558 1053 ι
612 1003 733 1057 τίνα
770 1004 955 1073 λέγεις
1006 1009 1289 1081 εἰρηκέναι
1329 1011 1533 1080 ταῦτα;
1573 1018 1728 1070 Μακ.

162 1092 257 1145 Τὸν
272 1091 415 1151 Υἱόν.
462 1093 618 1163 Ὀρθ.
656 1098 723 1151 Εἰ
763 1096 822 1151 δὲ
854 1098 949 1152 καὶ
1000 1101 1053 1154 οἱ
1103 1102 1529 1170 ἀκολουθοῦντες
1579 1107 1731 1179 αὐτῷ

165 1187 612 1258 προσκυνήσουσιν
662 1192 722 1245 ὲν
773 1192 924 1264 αὐτῷ
965 1194 1422 1268 προσευχόμενοι,
1471 1197 1731 1269 ἀληθινός

160 1279 265 1329 ἐστι
291 1276 448 1346 Θεός;
466 1282 626 1336 Max.
654 1279 782 1337 Ναί.
809 1284 967 1353 Ὀρθ.
999 1286 1442 1358 Προσκυνοῦντες
1479 1290 1536 1344 δὲ
1579 1291 1730 1364 αὐτῷ

159 1372 247 1424 οὐκ
276 1370 534 1444 ἀλλοτρίῳ
556 1373 676 1447 Θεῷ
696 1377 1133 1449 προσκυνοῦμεν,
1164 1380 1286 1434 οὐδὲ
1314 1380 1410 1435 δύο
1439 1381 1614 1447 Θεοῖς
1637 1386 1731 1454 γέ-

156 1477 381 1534 γραπται
408 1465 518 1539 γάρ
544 1480 558 1495 ⁸
594 1485 615 1517 ι
643 1467 849 1540 Κύριον
875 1472 969 1525 τὸν
995 1471 1129 1526 Θεόν
1170 1490 1265 1527 σου
1299 1478 1724 1549 προσκυνήσεις,

157 1553 242 1607 καὶ
261 1553 405 1626 αὐτῷ
436 1557 613 1629 ’μόνῳ
659 1558 1000 1632 λατρεύσεις.
1038 1582 1058 1614 ι
1096 1565 1160 1617 Εἰ
1203 1566 1261 1619 δὲ
1291 1568 1728 1640 προσκυνοῦντες

154 1645 307 1720 αὐτῷ,
336 1647 430 1700 καὶ
459 1647 539 1719 τῷ
562 1650 737 1722 Πατρὶ
766 1652 959 1726 Κυρίῳ
1011 1655 1091 1727 τῷ
1123 1656 1244 1727 Θεῷ
1286 1661 1721 1733 προσκυνοῦμεν,

154 1738 239 1791 καὶ
264 1738 408 1810 αὐτῷ
445 1741 595 1812 μόνῳ
622 1740 957 1816 λατρεύομεν
991 1763 1006 1778 ·
1042 1748 1139 1818 μία
1163 1750 1272 1822 ἄρα
1290 1749 1484 1824 θεότης
1509 1754 1725 1825 Πατρὸς

1844 554 2039 616 Deum.
2073 560 2227 618 Orlh.
2258 559 2316 617 Si
2343 561 2540 619 audias
2567 549 2736 633 igitur
2772 563 3096 634 prophetam
3121 562 3428 631 dicentem,

1848 663 1870 698 ι
1908 645 2002 703 Sic
2029 649 2167 705 dicit
2206 651 2474 707 Dominus
2513 654 2854 709 exercituum
2891 672 2906 710 :
2942 653 3235 709 Laboravit
3267 652 3414 726 IEgy

1842 744 1992 807 ptus,
2029 746 2084 793 et
2113 742 2413 812 negotiatio
2440 741 2785 815 Ethiopum,
2809 752 2865 800 et
2911 743 3139 800 Sabaim
3172 746 3278 801 viri
3309 760 3432 814 pro-

1842 830 1975 895 ceri,
2004 831 2071 886 ad
2104 838 2158 887 te
2184 835 2517 898 transibunt,
2547 844 2602 890 ct
2628 843 2682 891 te
2708 845 3010 907 sequentur
3039 837 3274 893 manicis
3311 838 3441 892 vin-'

1841 922 1938 984 cti.
1970 931 2025 979 et
2057 931 2110 978 te
2137 925 2468 981 adorabunt.
2506 926 2590 982 Tu
2613 929 2757 982 enim
2784 944 2845 985 es
2874 927 3043 993 Deus,
3074 936 3128 985 et
3158 929 3431 1000 ignoravi-
3456 976 3459 977 ν

1842 1027 1964 1068 mus
2000 1030 2013 1065 :
2052 1013 2197 1070 Deus
2264 1015 2484 1074 lsraelis
2503 1018 2575 1085 ⁷⁸,
2636 1039 2656 1073 ι
2685 1036 2845 1092 quem
2880 1020 2996 1076 haec
3047 1020 3254 1077 dixisse
3310 1021 3431 1078 exi—

1843 1106 2083 1162 stimas?
2112 1107 2321 1163 Maced.
2349 1109 2572 1168 Filium.
2614 1112 2767 1167 Orth.
2794 1111 2952 1180 Quod
2975 1114 3020 1168 si
3047 1113 3139 1182 qui
3164 1128 3288 1169 eum
3339 1129 3429 1170 se-

1840 1205 2099 1268 quentur,
2133 1199 2313 1271 ipsum
2366 1201 2681 1258 adorabunt
2708 1205 2763 1258 in
2790 1205 2913 1272 ejus
2955 1206 3175 1261 nomine
3202 1220 3429 1276 precan-

1840 1300 1941 1355 tes,
1968 1306 2150 1347 uonne
2200 1307 2369 1348 verus
2399 1301 2485 1349 est
2530 1293 2712 1351 Deus?
2767 1294 2978 1350 Maced.
3023 1295 3220 1353 Etiam.
3271 1298 3423 1354 Orth.

1837 1383 1974 1438 Cum
2014 1393 2195 1441 autem
2244 1372 2378 1442 eum,
2421 1386 2740 1450 adoramus,
2807 1390 3047 1446 alienum
3094 1390 3264 1446 Deum
3316 1407 3426 1447 non

1837 1474 2154 1544 adoramus,
2211 1493 2390 1547 neque
2447 1478 2588 1534 duos
2636 1477 2811 1535 Deos:
2839 1482 3102 1552 scriptum
3129 1492 3212 1538 est
3232 1484 3422 1538 enim:

1841 1585 1861 1616 ι
1901 1565 2190 1622 Dominum
2243 1566 2415 1623 Deum
2473 1578 2628 1625 tuum
2690 1570 2967 1636 adorabis,
2989 1581 3043 1627 et
3068 1573 3142 1626 illi
3186 1574 3286 1628 soli
3309 1590 3426 1630 ser-

1834 1659 1951 1715 vies
1971 1660 2095 1714 ".1
2124 1659 2281 1726 Quod
2303 1661 2350 1716 si
2386 1677 2511 1717 eum
2534 1663 2849 1729 adorantes,
2877 1665 3042 1720 etiam
3071 1665 3286 1721 Patrem
3318 1666 3427 1721 Do~

1834 1752 2040 1807 minum
2073 1751 2246 1808 Deum
2280 1752 2596 1823 adoramus,
2629 1763 2685 1811 et
2719 1756 2770 1813 ei
2818 1756 2919 1811 soli
2967 1758 3259 1822 servimus,
3292 1773 3425 1825 sane

153 1824 235 1878 καὶ
275 1825 422 1881 Υίοῦ.
458 1828 621 1884 Οῦτω
670 1831 781 1906 γὰρ
809 1835 905 1888 καὶ
936 1837 1192 1909 ἐροῦμεν,
1222 1841 1307 1894 ὅτι
1340 1860 1361 1894 ι
1404 1843 1479 1897 Σὺ
1510 1843 1540 1894 6
1565 1824 1718 1909 Θεὸς,

1828 1860 1939 1899 una
1971 1853 2057 1901 est
2085 1845 2289 1911 Patris,
2318 1856 2373 1903 et
2400 1846 2525 1902 Filii
2558 1847 2758 1905 deitas.
2794 1847 2885 1903 Sic
2907 1850 3052 1904 enim
3078 1851 3245 1905 etiam
3285 1849 3426 1906 dicio

150 1919 235 1971 καὶ
254 1920 310 1973 ὲν
340 1920 423 1973 σοὶ
448 1921 481 1973 6
506 1920 660 1987 Θεὸς,
679 1926 773 1978 καὶ
789 1925 890 1980 οὐκ
922 1926 1038 1982 ἔστι
1059 1929 1194 1995 Θεὸς
1220 1911 1359 2005 πλὴν
1377 1933 1493 1987 σοῦ.
1518 1955 1539 1988 ι
1562 1939 1716 1993 Max.

150 2009 207 2064 Εί
231 2012 288 2065 ἐν
312 2012 465 2084 αὐτῷ
486 2015 515 2067 6
535 2013 689 2079 Θεὸς,
722 2017 841 2083 πῶς
864 2020 963 2090 μία
997 2021 1189 2096 θεότής
1207 2041 1223 2091 ;
1240 2026 1397 2094 Ὀρθ.
1428 2028 1550 2082 Ὀτι
1599 2030 1723 2082 ἑπι-

148 2104 317 2174 φέρει·
340 2124 359 2157 ι
384 2107 500 2160 Καὶ
531 2108 632 2161 οὐκ
660 2108 777 2163 εστι
802 2110 935 2176 Θεὸς
959 2112 1102 2185 πλὴν
1136 2116 1252 2171 σοῦ.
1282 2138 1302 2170 ι
1339 2118 1450 2172 Καὶ
1485 2120 1514 2173 6
1554 2119 1718 2193 Ἱερε-

148 2194 267 2265 μίας
295 2196 480 2267 λέγει·
522 2217 542 2251 ι
571 2194 738 2266 Οὗτος
768 2204 798 2256 6
848 2203 983 2269 Θεὸς
1038 2208 1217 2279 ήμῶν,
1244 2210 1306 2263 οὐ
1340 2211 1719 2285 λογισθήσεται

145 2288 316 2359 ἔτερος
342 2291 485 2361 πρὸς
536 2294 721 2348 αὐτόν.
759 2294 982 2370 Ἐξεῦρε
1010 2303 1190 2355 πᾶσαν
1220 2303 1340 2357 ὁδὸν
1385 2307 1717 2379 ἐπιστήμης,

147 2382 229 2435 καὶ
258 2381 456 2438 ἔδωκεν
481 2384 657 2458 αὐτὴν
670 2387 868 2443 Ἰακὼὸ
891 2389 972 2463 τῷ
1000 2394 1152 2448 παιδὶ
1176 2395 1363 2461 αὑτοῦ,
1381 2399 1474 2453 καὶ
1505 2400 1721 2471 Ἰσραήλ

144 2471 604 2564 τῷᾹήγαπημένῳ
636 2481 729 2535 ὑπ’
760 2482 950 2538 αὐτοῦ.
978 2486 1135 2540 Μετὰ
1163 2487 1338 2542 ταῦτα
1367 2491 1461 2544 ἐπὶ
1486 2492 1586 2563 τῆς
1616 2493 1722 2564 γῆς

145 2559 308 2653 ἇξξθη,
361 2567 458 2621 καὶ
511 2572 627 2634 τοῖς
680 2570 992 2645 ἀνθρώποις
1022 2579 1465 2653 συνανεστράφη.
1510 2559 1637 2636 {El
1662 2559 1722 2638 δὲ

144 2651 285 2724 οὗτος
309 2660 337 2713 6
359 2660 455 2714 ἐπὶ
484 2660 594 2732 γῆς
613 2662 801 2732 ὀφθείς
824 2667 974 2721 ἐστιν
1000 2670 1030 2723 6
1051 2668 1186 2734 Θεὸς
1209 2671 1390 2742 ἡμῶν,
1423 2651 1520 2726 καὶ
1555 2674 1617 2728 οὐ
1633 2676 1723 2729 λο-

142 2750 449 2824 γισθήσεται
477 2754 670 2828 ἕτερος
707 2757 844 2830 πρὸς
875 2760 1039 2815 αὐτόν
1063 2778 1077 2793 ·
1125 2761 1222 2833 μία
1248 2762 1358 2835 ἄρα
1384 2762 1578 2838 θεότης
1610 2768 1725 2838 Πα-

141 2840 257 2912 τρὸς
276 2844 372 2897 καὶ
410 2844 574 2901 Υἱοῦ.
992 2918 1002 2928 1

203 2934 253 2989 8.
282 2939 439 2995 Μακ.
488 2940 558 2994 Et
600 2939 701 3013 μία
747 2941 939 3016 θεότης
971 2944 1141 3011 ἐστὶν,
1173 2946 1467 3020 ἀγέννητὸς
1489 2949 1546 3005 δέ
1574 2950 1724 3005 ἐστιν

138 3024 286 3094 ήτοῦ
331 3030 579 3105 Πατρὸς,
625 3036 859 3107 γεννητὴ
896 3035 954 3089 δέ
997 3040 1114 3092 ἐστι
1154 3039 1251 3093 τοῦ
1289 3039 1457 3097 Υἰοῦ·
1497 3059 1722 3114 γεννητ-

136 3116 418 3192 ιτέννητός
453 3121 534 3195 (8)
563 3124 713 3179 ἐστιν
747 3127 780 3197 ἡ
817 3126 1026 3200 θεότης.
1069 3130 1224 3198 Ὀρθ.
1257 3132 1470 3188 Γελοῖον
1515 3135 1722 3206 ὑπομέ-

137 3226 340 3304 μνηκας
377 3216 666 3289 φρόνημα.
704 3214 852 3292 τΑρα
880 3220 1010 3292 γὰρ,
1038 3224 1121 3278 ὃτι
1160 3227 1189 3279 6
1221 3225 1359 3299 ἀνὴρ
1387 3229 1481 3282 καὶ
1511 3231 1543 3300 ή
1581 3232 1719 3304 γυνὴ

132 3302 221 3357 οὐκ
245 3306 352 3361 εἰσὶ
396 3308 519 3374 δύο,
550 3309 690 3365 ἀλλὰ
725 3312 823 3384 μία
858 3314 1016 3388 σὰρξ,
1049 3318 1192 3371 κατὰ
1235 3318 1332 3391 τὴν
1368 3318 1463 3373 τοῦ
1511 3302 1719 3394 Κυρίου

130 3397 323 3472 φωνήν,
362 3402 764 3475 ἀνδρογύναιός
808 3406 1020 3479 ἐστινὴ
1071 3409 1239 3481 σάρξ;
1287 3415 1442 3468 Μακ.
1493 3413 1652 3468 Ἀλλὰ
1684 3417 1719 3487 ή

131 3488 256 3563 σὰρξ
282 3494 378 3549 τοῦ
400 3496 607 3569 ἀνδρὸς
635 3499 843 3571 καὶτῆς
867 3503 1147 3570 γυναικὸς,
1174 3504 1239 3558 ἐκ
1268 3506 1397 3576 μιᾶς
1426 3506 1721 3580 ὑποκειμέ-

124 3601 213 3655 νης
231 3583 365 3659 ὕλης
385 3590 524 3657 εἰσὶ,
569 3591 668 3663 τῆς
682 3591 806 3663 γῆς.
848 3593 1003 3664 Ὀρθ.
1043 3595 1170 3650 Ἐὰν
1197 3592 1290 3651 οὖν
1312 3597 1445 3673 λέγῃ
1467 3600 1500 3672 ή
1526 3600 1718 3674 Γραφή

125 3674 246 3746 περὶ
290 3677 402 3732 τῶν
454 3680 891 3746 πιστευσάντων,
929 3702 950 3735 ι
992 3679 1103 3755 Ἦν
1130 3686 1314 3750 αὐτοῖς
1367 3689 1566 3763 καρδία
1619 3691 1719 3762 μία

121 3765 208 3820 καὶ
248 3767 400 3843 ψυχὴ
453 3771 599 3843 μία,
644 3792 664 3825 υ
701 3769 770 3846 ἦν
802 3774 865 3829 τὸ
912 3775 1116 3848 πλῆθος
1148 3776 1256 3832 τῶν
1310 3783 1721 3838 πιστευσάντων

121 3854 175 3922 ἐξ
202 3860 415 3933 ἀνδρῶν
465 3864 570 3918 καὶ
620 3865 919 3934 γυναικῶν,
961 3868 1347 3942 ἀνδρογύναιος
1378 3867 1448 3944 ἦν
1476 3873 1716 3947 Mum;

130 3949 246 4005 Ἐὰν
275 3954 334 4009 δὲ
377 3955 524 4031 λέγῃ
574 3956 818 4023 Παῦλος,
856 3980 874 4012 ι
917 3961 1015 4015 Ἐν
1042 3962 1201 4034 σῶμα
1232 3964 1327 4018 καὶ
1370 3965 1428 4018 ἒν
1475 3967 1715 4039 πνεῦμα,

117 4044 287 4111 καθὼς
309 4049 404 4102 καῖ¹
423 4049 707 4122 ἐκλήθητε
729 4051 786 4104 ὲν
806 4054 905 4124 μιᾷ
924 4052 1097 4108 ἐλπίδι
1110 4055 1208 4126 τῆς
1224 4056 1470 4129 κλήσεως
1490 4059 1665 4130 ὑμῶν,
1691 4080 1712 4114 ι

111 4134 505 4210 ἀιδρογῦναιον
537 4143 725 4212 λέγεις
763 4147 865 4218 τὴν
894 4146 1105 4212 ἐλπίδα,
1136 4149 1322 4221 ἐπειδὴ
1358 4151 1487 4222 μίαν
1528 4152 1717 4208 ἐλπίδα

111 4230 294 4302 ἄνδρες
328 4236 430 4289 καὶ
451 4239 719 4305 γυναῖκες
743 4236 972 4309 ἔχομεν;
1000 4242 1153 4295 Μακ.
1176 4242 1345 4297 Πάλιν
1366 4242 1528 4313 λέγω,
1555 4246 1717 4316 ἡμεῖς

110 4319 233 4391 μίαν
256 4323 504 4399 θεότητα
533 4326 599 4381 οὐ
623 4326 876 4400 λέγομεν.
919 4332 1071 4400 Ὀρθ.
1113 4332 1239 4387 Ἐὰν
1267 4330 1358 4388 οῦν
1378 4334 1513 4409 λέγῃ
1534 4338 1562 4391 6
1585 4337 1718 4403 Θεὸς

105 4411 188 4468 διὰ
211 4416 307 4471 τοῦ
325 4418 527 4483 Δαϐὶδ,
562 4436 585 4470 ι
619 4419 906 4485 Ἄκουσον,
928 4423 1057 4487 λαός
1091 4442 1214 4496 μου,
1237 4428 1332 4481 καὶ
1346 4422 1573 4500 λαλήσω
1608 4447 1712 4484 σοι’

1821 1952 1948 1994 mus
1981 1954 2038 1989 τι
2067 1936 2149 1993 Tu
2182 1954 2244 1995 es
2276 1938 2445 2007 Deus,
2493 1947 2547 1997 et
2580 1944 2633 1996 in
2672 1949 2726 1997 te
2771 1941 2918 1998 Deus
2951 1951 3057 2008 est,
3110 1952 3165 1998 et
3195 1958 3304 1999 non
3338 1951 3423 2000 est

1821 2027 1966 2086 Deus
1996 2038 2194 2101 praeter
2217 2040 2291 2088 te.
2323 2051 2343 2084 ι
2379 2031 2595 2087 Maced.
2632 2032 2687 2087 Si
2720 2033 2775 2088 in
2809 2034 2931 2104 ipso
2969 2043 3053 2090 est
3078 2032 3244 2099 Deus,
3280 2050 3422 2106 quo-

1821 2121 1987 2176 modo
2041 2137 2150 2177 una
2202 2128 2288 2179 est
2318 2122 2540 2180 deitas?
2586 2124 2740 2182 Orth.
2788 2123 3057 2191 Quoniam
3089 2126 3417 2196 subiunxit:

1827 2232 1847 2266 ι
1880 2213 1943 2270 Et
1962 2230 2072 2271 non
2119 2223 2206 2272 est
2234 2215 2385 2273 Deus
2422 2223 2623 2289 prater
2665 2226 2739 2273 te.
2788 2236 2809 2271 ι
2844 2216 3006 2290 M5
3049 2216 3114 2271 Et
3150 2217 3420 2275 Jeremias

1822 2307 2046 2377 inquit:
2092 2325 2113 2360 ι
2160 2307 2264 2365 Hic
2300 2318 2386 2366 est
2436 2308 2584 2365 Deus
2632 2317 2845 2377 noster,
2896 2325 3009 2365 non
3059 2312 3422 2367 aestimabitur

1822 2397 1964 2454 alius
1993 2415 2117 2455 cum
2140 2415 2226 2456 eo.
2258 2398 2469 2456 Invenit
2494 2417 2712 2458 omnem
2735 2402 2880 2457 viam
2925 2403 3191 2468 scientiae,
3246 2412 3300 2460 et
3323 2405 3421 2461 de-

1821 2490 1903 2545 dit
1939 2506 2059 2547 eam
2076 2491 2249 2548 Jacob
2282 2508 2454 2565 puero
2481 2509 2605 2561 suo,
2633 2502 2689 2551 et
2709 2494 2879 2551 Israel
2911 2495 3114 2551 dilecto
3140 2511 3262 2553 suo.
3289 2496 3420 2553 Post

1822 2577 1939 2636 haec
1963 2580 2018 2634 in
2055 2588 2202 2637 terra
2224 2582 2379 2639 visus
2404 2589 2509 2646 est,
2535 2591 2591 2640 et
2613 2598 2740 2640 cum
2771 2584 3090 2642 hominibus
3117 2601 3418 2644 conversa-

1822 2680 1914 2729 tus
1936 2681 2021 2729 est
2048 2675 2116 2732 ⁷⁸.
2158 2695 2179 2729 ι
2220 2674 2377 2743 Quod
2400 2677 2446 2733 si
2473 2677 2598 2744 iste,
2620 2677 2715 2749 qui
2740 2678 2892 2734 visus
2915 2686 2999 2735 est
3032 2680 3087 2734 i‘n
3119 2688 3260 2736 terra
3280 2723 3295 2749 ,
3329 2690 3417 2737 est

1822 2765 1969 2825 Deus
1998 2764 2211 2836 noster,
2237 2787 2337 2827 nec
2366 2771 2510 2828 alius
2534 2786 2661 2827 cum
2714 2787 2783 2829 eo
2820 2774 3206 2841 azstimabitur,
3250 2776 3415 2831 unica

1823 2873 1957 2931 ergo
1979 2870 2063 2917 est
2093 2860 2277 2919 Patris
2309 2872 2364 2919 et
2399 2863 2521 2920 Filii
2553 2864 2753 2920 deitas.

1895 2954 1949 3009 8.
1981 2953 2188 3009 Haced.
2224 2952 2282 3010 Si
2317 2956 2479 3011 unica
2523 2964 2609 3013 est
2654 2957 2853 3024 deitas,
2886 2968 2942 3014 et
2972 2956 3156 3015 Patris
3189 2959 3411 3030 quidem

1824 3045 2001 3102 deitas
2050 3051 2136 3101 est
2174 3061 2286 3102 non
2319 3047 2524 3118 genita,
2575 3047 2697 3103 Filii
2742 3063 2871 3103 vero
2925 3049 3133 3120 genita,
3175 3048 3413 3105 edicitur

1823 3135 2081 3191 deitatem
2115 3151 2239 3192 esse
2267 3138 2786 3210 γεννηταγέννητον,
2819 3138 2871 3194 id
2910 3146 3017 3204 est,
3065 3140 3416 3211 non-genito-

1824 3228 2083 3297 genitam.
2116 3227 2272 3283 Orth.
2303 3228 2617 3285 llidiculam
2647 3230 3037 3302 cogitationem
3072 3245 3411 3286 commemo-

1821 3333 1935 3373 ras.
1967 3319 2052 3374 An
2086 3320 2233 3374 enim
2279 3320 2410 3392 quia
2447 3321 2533 3375 vir
2572 3330 2628 3376 et
2672 3337 2811 3378 uxor
2842 3337 2954 3376 non
2985 3320 3277 3387 suntduo,
3312 3323 3409 3378 sed

1821 3425 1930 3465 una
1959 3422 2108 3474 caro,
2139 3420 2198 3467 ut
2239 3411 2372 3468 dicit
2413 3411 2699 3478 Dominus,
2739 3428 2870 3469 caro
2905 3414 3030 3471 haec
3060 3423 3144 3472 est
3193 3430 3411 3475 mascu-

1822 3503 2277 3560 lino-feminina?
2340 3503 2550 3562 Maced.
2604 3505 2711 3561 Sed
2761 3521 2892 3562 caro
2936 3507 3039 3563 viri
3088 3516 3143 3564 et
3196 3510 3407 3570 uxoris,

1822 3610 1952 3652 sunt
1974 3613 2041 3653 ex
2073 3613 2182 3653 una
2218 3597 2499 3654 substrata
2526 3597 2776 3662 materia,
2818 3613 2886 3653 ex
2933 3597 3101 3653 humo
3127 3600 3403 3655 videlicet.

1824 3691 1979 3746 Orth.
2023 3688 2294 3757 Quoniam
2343 3705 2476 3763 ergo
2532 3691 2669 3746 dicit
2729 3688 3017 3761 Scriptura
3059 3689 3126 3747 de
3170 3692 3238 3748 iis
3307 3693 3404 3763 qui

1819 3782 2198 3846 crediderunt,
2260 3801 2281 3835 ι
2353 3782 2485 3838 Erat
2544 3784 2627 3840 eis
2661 3798 2791 3850 cor
2863 3801 3031 3840 unum
3086 3793 3142 3840 ct
3219 3786 3404 3841 anima

1821 3887 1931 3928 una
1962 3873 2045 3935 ⁷⁷.
2092 3892 2112 3925 ι
2151 3873 2443 3929 constabat
2482 3880 2663 3928 autem
2718 3872 3061 3929 credentium
3110 3874 3405 3929 multitudo

1818 3980 1885 4021 ex
1926 3963 2061 4019 viris
2085 3973 2141 4019 et
2167 3963 2511 4036 mulieribus,
2544 3977 2614 4018 an
2650 3962 2861 4018 idcirco
2906 3963 3023 4019 haec
3067 3962 3251 4018 anima
3285 3972 3407 4018 erat

1820 4054 2462 4112 masculino-feminina?
2489 4055 2557 4112 Et
2581 4072 2708 4112 cum
2738 4057 2875 4113 dicit
2894 4054 3101 4113 Paulus
3125 4098 3139 4122 ,
3174 4075 3193 4108 ι
3222 4055 3402 4111 Unum

1818 4164 2022 4220 corpus
2065 4157 2121 4203 et
2163 4163 2308 4204 unus
2349 4149 2578 4221 spiritus
2621 4150 2779 4215 estis,
2822 4150 2967 4205 sicut
3012 4150 3177 4205 etiam
3223 4149 3404 4204 vocati

1817 4243 1956 4298 estis
1985 4241 2053 4297 ad
2089 4242 2341 4298 eamdem
2375 4258 2527 4314 spem
2570 4243 2881 4299 vocationis
2911 4253 3108 4299 vestrm
3138 4242 3209 4308 ⁷⁸,
3278 4262 3298 4295 ι
3332 4257 3407 4297 an

1819 4351 1973 4408 spem
2051 4336 2214 4391 istam
2283 4351 2453 4392 vocas
2506 4333 3200 4399 masculilio-l‘emininam,
3257 4334 3405 4405 quod

1819 4427 2070 4483 eamdem
2126 4443 2281 4498 spem
2341 4435 2457 4482 tum
2516 4427 2619 4482 viri
2670 4437 2783 4482 tum
2835 4425 3052 4481 feminae
3106 4425 3409 4481 habemus?

117 4505 349 4583 Ἰσραὴλ,
381 4512 487 4565 καὶ
516 4511 1005 4587 διαμαρτυροῦμαί
1030 4534 1130 4571 σοι.
1173 4518 1299 4573 Ἐὰν
1323 4521 1561 4594 ἀκούσῃς
1585 4540 1709 4593 μου,

1827 4516 2029 4573 Maced.
2059 4516 2323 4584 Rursum,
2352 4518 2598 4589 inquam,
2632 4532 2795 4572 unam
2821 4515 3076 4573 deitatem
3119 4532 3227 4571 non
3268 4515 3406 4570 dici-

100 4601 195 4655 οῦκ
225 4603 383 4659 ἔσται
424 4609 488 4661 ὲν
529 4606 618 4661 σοὶ
651 4606 783 4673 Θεὸς
807 4610 1137 4680 πρόσφατος,
1167 4614 1285 4668 οὐδὲ
1313 4619 1710 4690 προσκυνήσεις

100 4691 211 4768 Θεῷ
236 4698 544 4773 ἀλλοτρίῳ.
604 4700 745 4770 Ἐγὼ
789 4703 898 4775 γάρ
931 4706 1047 4777 εἶμι
1077 4706 1281 4779 Κύριος
1320 4710 1348 4761 6
1374 4710 1505 4775 Θεός
1539 4728 1652 4776 σου,
1680 4715 1710 4766 6

97 4788 389 4861 ἀναγαγών
426 4811 493 4848 σε
528 4795 600 4847 ἐκ
624 4793 730 4865 γῆς
757 4795 1064 4866 Αἰγύπτου,
1107 4817 1126 4849 ι
1154 4799 1275 4853 τίνα
1294 4799 1473 4870 λέγεις
1493 4804 1710 4875 εἰρηκέ-

96 4896 208 4950 ναι;
258 4885 355 4939 τὸν
406 4886 648 4957 Πατέρα
692 4886 726 4956 ἢ
769 4886 860 4941 τὸν
888 4887 1055 4954 Υἰόν;
1100 4893 1258 4946 Max.
1301 4892 1390 4956 Ὡς
1435 4893 1707 4957 Ἰουδαῖος,

93 4974 197 5028 ἀπὸ
235 4978 344 5048 τῆς
384 4980 652 5044 Παλαιᾶς
705 4998 795 5051 μοι
838 4981 1117 5055 Διαθήκης
1158 4983 1402 5059 διαλέγῃ.
1453 4986 1609 5054 Ὀρθ.
1652 4990 1710 5042 Ὀ

92 5064 326 5138 Χριστὸς
368 5066 577 5127 εἶπεν
618 5091 638 5123 ι
685 5073 974 5145 Ἐρευνᾶτε
1014 5075 1113 5139 τὰς
1144 5077 1389 5149 Γραφᾶς,
1428 5080 1507 5133 ὅτι
1552 5076 1711 5136 αὗταί

90 5161 222 5214 εἰσιν
254 5163 314 5215 αἱ
366 5164 767 5235 μαρτυροῦσαι
812 5167 943 5240 περὶ
990 5168 1146 5239 ἐμοῦ.
1190 5189 1209 5222 ι
1239 5173 1397 5226 Max.
1442 5173 1573 5226 Ἀπὸ
1611 5175 1710 5245 τῆς

90 5251 299 5325 Καινῆς
325 5251 427 5309 οὖν
468 5255 759 5328 Διαθήκης
790 5259 889 5313 οὐκ
924 5259 1070 5315 ἐστιν
1112 5264 1292 5334 εὑρεῖν
1323 5263 1415 5318 τὸν
1442 5265 1706 5337 Χριστόνς

99 5340 246 5414 Ὀρθ.
279 5348 401 5402 Καὶ
437 5349 622 5402 πάνυ.
664 5349 939 5422 Φοϐοῦμαι
976 5353 1032 5406 δὲ
1072 5355 1268 5425 μήπως
1301 5355 1376 5420 ὡς
1411 5358 1710 5429 Μανιχαῖος

150 5500 200 5537 *⁸
241 5503 350 5560 lsa.
389 5522 534 5567 xcv.
577 5504 680 5569 14,
720 5506 808 5561 15.

896 5508 942 5539 ’³
972 5506 1169 5563 Matth.
1211 5525 1284 5575 Iv,
1325 5512 1411 5567 10.

84 5569 126 5602 τ’
162 5571 311 5630 Psal.
352 5592 509 5632 Lux
535 5616 552 5639 ,
595 5574 749 5631 9-11.

154 5731 229 5791 (ti)
263 5730 430 5786 Palat
461 5771 480 5797 ,
517 5730 763 5801 Σαϐαῳ.

155 5801 231 5871 (7)
270 5801 352 5860 Ita
374 5817 524 5861 mss.
561 5798 716 5857 Editi‘
742 5819 887 5870 vero,
919 5798 997 5875 εἷς
1017 5804 1235 5871 Θεὸς....
1263 5806 1393 5863 Θεὸν
1414 5806 1506 5862 τοῦ
1537 5810 1668 5887 Ίσρ.

1554 5516 1599 5546 ⁷⁸
1639 5514 1853 5571 Baruch
1896 5534 1952 5573 Ill
1978 5559 1991 5582 .
2030 5518 2119 5582 57,
2158 5520 2250 5574 58.

1819 4628 1961 4668 mus.
2001 4610 2156 4667 Orth.
2211 4612 2529 4684 Cumergo
2607 4612 2743 4666 dicit
2788 4611 2932 4667 Deus
2973 4626 3070 4682 per
3120 4609 3400 4673 Davidem‘,

1822 4723 1841 4755 ι
1878 4704 2041 4770 Audi,
2071 4704 2270 4774 popule
2298 4720 2479 4769 meus,
2510 4712 2567 4759 et
2596 4704 2810 4774 loquar,
2847 4703 3036 4765 Israel,
3060 4708 3115 4757 et
3144 4699 3402 4757 testiﬁca~

1819 4797 1920 4852 hor
1948 4796 2071 4851 tibi.
2117 4795 2173 4851 Si
2215 4812 2302 4851 me
2335 4797 2599 4861 audieris,
2647 4812 2758 4850 non
2806 4796 2910 4851 crit
2949 4795 3005 4849 in
3050 4803 3101 4849 te
3148 4792 3290 4847 Deus
3314 4802 3402 4848 re-

1816 4906 1965 4957 cens,
1998 4904 2174 4960 neque
2202 4890 2458 4955 adorabis
2481 4888 2648 4944 Deum
2676 4889 2934 4944 alienum.
2963 4885 3077 4958 Ego
3105 4885 3252 4940 enim
3279 4899 3400 4939 sum

1823 4986 2091 5043 Dominus
2162 4987 2301 5043 Deus
2361 4995 2528 5053 tuus,
2592 4986 2685 5058 qui
2749 4985 2912 5042 eduxi
2996 4994 3051 5040 te
3125 4984 3197 5038 de
3252 4991 3403 5037 terra

1813 5080 2033 5152 Egypti
2062 5082 2108 5113 7"
2130 5121 2144 5144 ,
2201 5102 2219 5133 ι
2251 5097 2546 5152 quemnam
2597 5081 2734 5136 dicis
2779 5080 3019 5134 locutum
3056 5077 3264 5134 fuisse?
3299 5076 3400 5132 Pa-

1816 5181 1974 5238 trem,
2008 5188 2076 5227 an
2124 5172 2362 5229 Filium?
2390 5172 2600 5227 Maced.
2634 5172 2893 5242 Disputas
2922 5185 3159 5231 mecum,
3205 5168 3403 5225 utnlu-

1817 5266 1969 5323 dteus
2001 5282 2066 5323 ex
2098 5266 2280 5322 Veteri
2313 5265 2692 5323 Testamento.
2732 5262 2884 5319 Orth.
2920 5261 3177 5317 Christus
3211 5260 3350 5315 dixit
3389 5280 3401 5314 :

1820 5380 1838 5412 ι
1881 5359 2215 5415 Scrutamini
2254 5356 2591 5431 Scripturas,
2620 5357 2881 5427 quoniam
2922 5369 3001 5409 ea:
3038 5352 3406 5407 testiﬁcantur

2351 5520 2394 5549 ⁷⁷
2438 5520 2556 5573 Act.
2596 5535 2667 5583 iv,
2907 5515 2953 5547 ⁷⁸
2994 5514 3195 5585 Eplles.
3234 5527 3307 5575 tv,
3342 5509 3399 5567 ὅ.

1870 5741 1944 5813 (8)
1986 5740 2286 5811 Palatinus,
2337 5744 2784 5816 γενηταγένητος.
