3982 6398
545 322 689 382 19.ἱὸ

1729 315 1789 370 S.
1827 309 2294 368 ATHANASIUS.
2333 337 2403 350 —
2441 304 2718 364 SPUBIA.

3670 292 3799 354 £216

545 442 616 498 de
656 455 746 496 me
778 440 849 496 ⁸⁸.
907 458 927 492 ι
971 436 1180 509 Μαι-ια.
1224 435 1420 492 Annon
1464 435 1592 492 licet
1628 451 1709 497 ,ει
1751 435 1903 491 Novo
1934 434 2126 491 Testa-

2240 421 2572 495 παραγράφῃ
2615 419 2715 491 τὴν
2749 417 2993 472 Παλαιὰν
3045 414 3341 487 Διαθήκην,
3386 411 3798 509 μὴ’·ιτιστεύων,

550 543 734 592 inemo
790 532 1072 587 Christum
1121 530 1412 585 invenire?
1464 530 1621 587 Orl/t.
1684 530 1830 589 Sane
1876 535 2121 604 quidem.

552 623 758 682 Vereor
798 631 1014 688 autem,
1056 639 1126 678 ne
1171 622 1451 679 Mauichaei
1499 624 1693 689 instar,
1726 624 1894 684 Vetus
1928 626 2125 684 Tcsta~

548 726 790 775 mentum
831 732 1133 787 cxpungas,
1169 726 1225 771 ut
1252 717 1343 787 qui
1387 733 1493 773 non
1537 717 1734 775 credas
1759 760 1772 781 .
1809 729 1920 774 tam
1971 721 2124 788 illud,

545 827 708 882 quam
758 812 862 865 hoe
911 810 1083 865 fuisse
1124 826 1154 865 a
1199 811 1307 867 Deo
1352 811 1641 867 dictatum.
1699 811 1904 869 Μαῖρά.
1955 812 2124 869 Deum

545 903 670 957 novi
718 910 829 955 tum
879 901 1044 957 Vetus
1090 911 1203 957 tum
1258 901 1467 957 Novum
1508 902 1921 959 Testamentum
1973 907 2125 977 pepi-

544 994 730 1062 gisse;
762 994 858 1049 sed
903 1010 969 1050 ex
1006 993 1159 1049 Novo
1201 992 1411 1049 erudiri
1442 993 1628 1055 velim.
1659 995 1915 1065 quoniam
1951 997 2129 1051 maui-

545 1085 740 1145 festius
770 1088 1036 1142 tres-illas
1068 1087 1394 1157 hypostases
1423 1086 1634 1142 docuit.
2022 1086 2033 1091 “

614 1176 670 1233 9.
715 1177 870 1233 Orth.
929 1177 1066 1232 Cum
1122 1178 1291 1248 igitur
1349 1177 1506 1232 audis
1558 1176 1791 1232 Paulum
1835 1177 2128 1244 dicentem,

550 1284 570 1318 ι
628 1266 900 1335 Quoniam
949 1283 1017 1324 ex
1075 1268 1198 1339 ipso
1245 1274 1300 1323 ut
1357 1284 1453 1339 per
1498 1269 1713 1338 ipsum,
1760 1277 1814 1324 et
1853 1269 1908 1322 in
1950 1270 2128 1339 ipsum

545 1367 675 1427 sunt
716 1360 903 1414 omnia
946 1360 1015 1422 ",
1075 1379 1093 1410 ι
1141 1370 1325 1414 utrum
1371 1375 1437 1413 ex
1486 1358 1618 1422 illis,
1666 1375 1806 1429 quos
1862 1376 2031 1415 unum
2077 1366 2132 1414 et

548 1465 719 1504 unum
766 1467 892 1507 esse
941 1451 1154 1514 dixisti,
1194 1450 1495 1520 signiﬁcari
1545 1451 1873 1505 existimas”
1919 1450 2127 1506 Maced.

547 1541 788 1597 Patrem.
848 1542 1000 1598 Ortlt.
1045 1544 1127 1597 An
1173 1559 1284 1598 non
1344 1549 1474 1598 sunt
1523 1558 1620 1612 per
1657 1540 1857 1597 Filium
1894 1542 2135 1598 ‘omnia?

546 1631 758 1689 Maced.
797 1634 900 1690 Per
931 1634 1124 1689 Filium
1158 1649 1380 1706 quoque
1425 1642 1555 1690 sunt
1586 1636 1787 1690 omnia.
1832 1633 1982 1691 Ortli.
2028 1634 2135 1701 Qui

548 1726 608 1779 lit
664 1725 831 1795 igitur
875 1734 936 1780 ut
984 1742 1094 1781 non
1142 1741 1211 1780 ex
1264 1727 1404 1796 ipso,
1453 1732 1507 1781 ct
1576 1740 1671 1796 per
1720 1725 1921 1795 ipsum.
1972 1734 2027 1781 et
2076 1728 2131 1781 in

2226 517 2307 569 ὅτι
2327 517 2356 568 6
2378 512 2539 575 αὐτὸς
2554 513 2582 565 6
2601 509 2734 574 Θεὸς
2760 508 3016 579 κάκείνην
3034 506 3261 577 ὲλάλησε
3286 505 3381 559 καί
3398 502 3628 574 ταύτην.
3653 505 3798 557 Max.

2228 600 2381 667 Οἶδα,
2414 604 2497 657 ὅτι
2525 602 2688 665 αὐτὸς
2712 600 2844 663 Θεὸς
2879 600 2975 653 καὶ
3010 597 3107 669 τὴν
3140 594 3379 651 Παλαιὰν
3407 592 3689 664 Διαθήκην
3718 595 3803 646 καὶ

2226 695 2325 767 τὴν
2352 694 2561 767 Καινὴν
2595 694 2831 749 διέθετο·
2863 691 2998 746 ἀλλὰ
3041 689 3298 762 βούλομαι
3338 687 3444 741 ἀπὸ
3476 686 3579 756 τῆς
3608 684 3805 754 Καινῆς

2231 787 2444 859 μαθεῖν,
2478 784 2669 858 ἐπειδὴ
2702 783 2839 855 αύτὴ
2879 781 3254 854 φανερώτερον
3277 778 3376 842 τὰς
3402 779 3554 849 τρεῖς
3581 775 3805 829 ὑποστά-

2230 894 2346 941 σεις
2371 875 2631 942 ἐδίδαξεν.

2301 1191 2356 1247 9.
2395 1193 2548 1259 ὀρθ.
2580 1192 2705 1246 Ἐὰν
2726 1185 2820 1245 οὖν
2840 1190 3079 1265 ἀκούσῃς
3095 1189 3310 1245 Παύλου
3334 1188 3589 1258 λέγοντος
3609 1227 3628 1254 ,
3656 1206 3676 1240 ι
3701 1190 3813 1242 Ὀτι

2231 1283 2292 1350 ἐξ
2315 1284 2501 1347 αὑτοῦ,
2526 1284 2620 1338 καὶ
2639 1284 2704 1337 δι’
2728 1282 2913 1343 αὑτοῦ.
2938 1283 3032 1336 καὶ
3052 1285 3131 1347 εἰς
3156 1281 3318 1336 αὐτὸν
3335 1281 3405 1347 τὰ
3436 1280 3674 1344 πάντα.»
3702 1280 3813 1334 τίνα

2231 1375 2410 1444 λέγεις
2431 1375 2683 1445 λέγεσθαι
2705 1374 2814 1430 τῶν
2850 1369 2931 1439 εἷς
2960 1375 3054 1429 καὶ
3082 1369 3196 1439 sic;
3229 1376 3385 1428 Μακ.
3438 1373 3547 1426 Τὸν
3581 1372 3813 1443 Πατέρα.

2245 1467 2400 1535 Ὀρθ.
2430 1466 2546 1519 Ούκ
2592 1465 2708 1519 ἐστι
2740 1466 2827 1520 διὰ
2861 1465 2954 1519 τοῦ
2985 1464 3114 1519 Υἱοῦ
3160 1464 3230 1519 τὰ
3266 1465 3476 1529 πάντα;
3517 1466 3680 1518 Max.
3715 1464 3817 1517 Καὶ

2232 1558 2321 1613 διὰ
2364 1560 2461 1615 τοῦ
2503 1560 2633 1614 Υἱοῦ
2680 1559 2751 1614 τὰ
2794 1560 2990 1614 πάντα.
3037 1559 3189 1626 ’(φθ.
3220 1556 3345 1621 Πῶς
3392 1551 3487 1611 οὖν
3523 1556 3629 1609 οὐκ
3660 1554 3731 1626 (9)
3762 1556 3816 1621 ἐξ

2234 1650 2420 1715 αὐτοῦ,
2455 1652 2549 1706 καὶ
2580 1650 2646 1704 δι’
2668 1648 2854 1715 αὑτοῦ,
2892 1651 2987 1705 καὶ
3017 1653 3094 1714 εἰς
3123 1649 3283 1704 αὑτὸν
3310 1646 3382 1702 τὰ
3407 1647 3622 1713 πάντας
3665 1650 3814 1702 Max.

2246 1743 2307 1797 ὐ
2339 1743 2529 1813 Πατὴρ
2570 1742 2683 1813 ἕχει
2734 1744 2824 1796 καὶ
2870 1742 2933 1795 τὸ
2964 1760 2983 1794 ι
3020 1740 3081 1807 ἐξ
3119 1734 3204 1804 οὗ,
3247 1759 3266 1793 ι
3299 1740 3394 1793 καὶ
3440 1738 3503 1792 τὸ
3535 1758 3556 1790 ι
3584 1738 3654 1792 δι’
3684 1733 3764 1803 οὗ,
3795 1756 3814 1790 ι

548 1817 730 1887 ipsum
770 1818 878 1872 sint
913 1819 1134 1872 omnia?
1180 1816 1391 1873 Maced.
1422 1818 1586 1872 Pater
1621 1818 1784 1875 habet
1818 1816 1973 1881 illud,
2011 1836 2029 1869 ι
2067 1835 2131 1874 ex

2240 1836 2331 1889 καὶ
2354 1835 2416 1887 τὸ
2447 1853 2465 1885 ι
2497 1836 2576 1899 εἰς
2603 1834 2785 1889 αὐτόν.
2818 1854 2837 1886 ι
2873 1835 2933 1888 '0
2957 1834 3014 1887 δὲ
3037 1833 3164 1898 Υἱὸς
3189 1834 3250 1887 τὸ
3276 1834 3375 1905 μὲν
3408 1852 3427 1883 ι
3455 1832 3525 1887 δι’
3548 1827 3609 1887 οὗ
3641 1852 3661 1885 ι
3690 1831 3818 1904 ἔχει,

549 1925 681 1979 quo,
714 1928 732 1960 ι
760 1917 814 1964 ct
848 1910 981 1967 illud
1019 1928 1035 1961 ι
1068 1926 1164 1980 per
1187 1927 1371 1981 quem,
1404 1930 1421 1962 ι
1456 1918 1509 1967 et
1538 1911 1693 1976 illttd,
1724 1929 1743 1962 ι
1782 1910 1838 1965 in
1871 1911 2074 1982 ipsum.
2111 1931 2129 1965 ο

547 1999 715 2058 Filius
739 2010 918 2059 autem
955 2003 1117 2057 habet
1148 2003 1365 2074 quidem
1394 2003 1553 2068 illud,
1598 2023 1617 2056 ι
1667 2020 1762 2075 per
1792 2019 1977 2074 quem,
2016 2023 2034 2057 ι
2081 2011 2138 2058 at

547 2111 657 2153 non
682 2095 851 2158 illud.
890 2114 909 2145 ι
946 2111 1011 2150 οι
1054 2110 1182 2165 quo.
1238 2114 1257 2147 ι
1298 2094 1451 2152 Orth.
1476 2094 1631 2167 Lege
1663 2096 1829 2151 verba
1872 2096 2023 2167 ipsa,
2078 2104 2136 2147 ut

547 2184 754 2251 discas,
787 2194 1036 2240 sanctum
1061 2187 1381 2255 Apostomm
1412 2186 1568 2250 illud,
1605 2203 1623 2239 ι
1649 2188 1853 2257 exipso
1877 2206 1893 2238 ι
1916 2197 1971 2241 et
1992 2204 2010 2237 ι
2044 2201 2139 2255 per

549 2277 749 2349 ipsmn,
778 2298 797 2329 ι
836 2288 927 2332 οι(
955 2278 1007 2333 iu
1037 2278 1213 2348 ipsum
1244 2287 1372 2333 sunt
1391 2279 1594 2341 omnia.
1634 2298 1653 2331 ι
1692 2290 1805 2333 tum
1846 2280 1912 2334 de
1952 2277 2136 2344 Patre,

552 2372 667 2418 tum
711 2365 777 2418 de
819 2363 959 2419 Filio
1004 2364 1231 2421 dixisse.
1274 2365 1410 2422 Nam
1442 2367 1489 2423 si
1519 2368 1726 2423 dictum
1767 2367 1899 2422 illud
1931 2368 1985 2421 in
2024 2385 2132 2422 una

548 2463 763 2512 tantum
816 2474 1046 2528 persona
1092 2460 1276 2515 valere
1330 2461 1492 2524 velis,
1548 2462 1917 2531 comperietur
1965 2460 2136 2517 Filius

550 2550 802 2620 ignorare
829 2566 948 2620 qua-
982 2549 1197 2606 Patrem
1240 2560 1532 2624 spectant,
1567 2570 1745 2624 neque
1774 2553 2133 2609 consiliorum

551 2640 727 2709 ipsius
770 2657 893 2697 esse
938 2643 1215 2712 particeps
1251 2663 1265 2699 :
1302 2646 1385 2700 vel
1420 2644 1580 2701 Pater
1612 2648 1868 2717 ignorare
1905 2661 2027 2716 qum
2064 2644 2131 2699 ad

549 2727 747 2787 Filium
796 2734 1059 2799 attinent,
1098 2750 1199 2790 nec
1228 2720 1583 2793 consiliorum
1634 2737 1753 2805 ejus
1794 2752 1917 2794 esse
1964 2737 2134 2806 parti-

551 2837 701 2894 ceps.
749 2824 958 2881 Maced.
1013 2827 1129 2892 Dic,
1179 2828 1271 2883 ubi
1304 2812 1593 2899 scriptum
1642 2830 1744 2885 sit:
1781 2828 2019 2900 Spiritus
2050 2837 2135 2884 est

551 2915 717 2973 Deus.
752 2916 904 2973 Ortlt.
937 2917 1097 2975 Prius
1128 2920 1280 2976 disce
1314 2922 1436 2977 illas
1482 2921 1802 2991 hypostases
1846 2921 2133 2977 manifeste

550 3009 806 3073 docuisse
850 3012 1016 3071 Vetus
1048 3014 1212 3073 etiam
1251 3013 1685 3069 Testamentum.
1720 3011 1937 3067 Maced.
2001 3012 2130 3067 Ubi-

2236 1924 2299 1977 τὸ
2328 1924 2384 1977 δὲ
2415 1943 2433 1975 ι
2465 1923 2524 1991 ἐξ
2548 1919 2609 1979 οὗ
2648 1944 2667 1976 ι
2700 1926 2799 1978 οὐκ
2839 1924 2971 1996 ἔχει.
2990 1926 3144 1994 Ὀρθ.
3191 1921 3497 1993 ’Δνᾶγνωθι
3527 1922 3593 1976 τὸ
3639 1925 3817 1996 ῥητὸν,

2239 2014 2327 2068 ἵνα
2351 2015 2515 2087 γνῷς,
2548 2018 2631 2071 ὅτι
2659 2017 2720 2071 τὸ
2746 2036 2766 2068 ι
2806 2017 2864 2084 ἐξ
2898 2016 3085 2081 αὑτοῦ,
3131 2036 3150 2069 ι
3180 2016 3274 2071 καὶ
3304 2036 3323 2067 ι
3354 2016 3420 2070 δι’
3444 2016 3639 2079 αὑτοῦ,
3684 2034 3703 2068 ι
3730 2016 3819 2069 καὶ

2244 2126 2263 2157 ι
2286 2110 2384 2173 εἰς
2409 2110 2571 2163 αὐτὸν
2592 2109 2661 2163 τὰ
2691 2111 2886 2176 πάντα,
2918 2131 2936 2163 ι
2970 2111 3063 2165 καὶ
3095 2110 3339 2182 περὶτοῦ
3371 2110 3590 2183 Πατρὸς
3611 2111 3706 2164 καὶ
3730 2109 3816 2163 τοῦ

2238 2200 2370 2255 Υἱοῦ
2404 2197 2556 2255 εἶπεν
2595 2204 2624 2256 6
2661 2201 2813 2270 ἅγιος
2868 2202 3207 2267 Ἀπὸστολος
3253 2202 3380 2258 Ἐὰν
3420 2201 3533 2275 γὰρ
3568 2202 3702 2255 αὐτὸ
3738 2200 3816 2271 ἐφ’

2239 2294 2359 2358 ἑνὸς
2392 2293 2680 2363 προσώπου
2706 2296 2930 2368 στήσῃς,
2960 2297 2989 2349 6
3011 2296 3140 2361 Υἱὸς
3171 2295 3531 2367 εὑρεθήσεται
3563 2294 3641 2367 μὴ
3673 2292 3820 2359 εἰδὼς

2238 2385 2309 2440 τὰ
2339 2386 2434 2440 τοῦ
2464 2387 2699 2458 Πατρὸς,
2732 2388 2866 2460 μηδὲ
2912 2387 3214 2459 σύμϐουλος
3255 2388 3423 2442 αὐτοῦ
3459 2386 3561 2454 ὢν,
3592 2387 3629 2458 ἢ
3659 2390 3688 2441 6
3716 2387 3816 2440 [Ια-

2237 2480 2341 2549 τὴρ
2362 2479 2714 2552 εὑρεθήσεται
2741 2480 2815 2552 μὴ
2844 2479 2999 2545 εἰδὼς
3030 2479 3100 2535 τὰ
3128 2480 3223 2534 τοῦ
3248 2479 3402 2546 Υἱοῧ,
3430 2480 3569 2552 μηδὲ
3599 2478 3817 2550 σύμὸοο-

2239 2567 2328 2633 λος
2354 2569 2516 2624 αύτοῦ
2562 2569 2657 2623 ὧν.
2697 2573 2851 2626 Μακ.
2891 2570 3046 2634 Εἰπὲ,
3074 2570 3177 2625 ποῦ
3223 2571 3560 2642 γεγράπται,
3599 2570 3731 2634 Θεὸς
3758 2567 3815 2622 τὸ

2238 2661 2494 2732 Πνεῦμα;
2539 2662 2686 2730 Ὀρθ.
2724 2661 2879 2715 Μάιοε
2914 2661 3149 2732 πρῶτον,
3180 2662 3261 2715 ὅτι
3283 2662 3380 2715 κα)⁵
3408 2662 3442 2732 ἡ
3462 2660 3681 2714 Παλαιὰ
3700 2663 3816 2715 Δια-

2240 2751 2383 2823 θήκη
2417 2753 2516 2816 τὰς
2547 2755 2696 2824 τρεῖς
2727 2752 3051 2816 ὑποστάσεις
3091 2753 3340 2825 φανερῶς
3377 2752 3608 2819 ἐδίδαξε.
3667 2756 3812 2807 Max.

2240 2843 2395 2907 Εἰπὲ,
2418 2843 2520 2895 ποῦ
2542 2845 2886 2917 γέγραπται;
2922 2848 3076 2913 Ὀρθ.
3115 2846 3203 2899 'Ev
3225 2849 3292 2918 τῇ
3318 2845 3560 2899 Γενέσει·
3592 2865 3612 2899 ι
3650 2843 3812 2915 Ὠφθη

2238 2935 2267 2987 6
2292 2934 2421 2999 Θεὸς
2449 2934 2527 3006 τῷ
2568 2936 2818 3008 Ἀϐραὰμ
2848 2933 3143 3009 καθημένῳ
3165 2938 3299 3011 πρὸς
3327 2941 3394 3009 τῇ
3424 2937 3549 3010 δρυῒ
3578 2942 3646 3009 τῇ
3673 2940 3817 3007 May.-

2240 3027 2343 3099 ερῇ
2365 3045 2381 3058 ⁸
2407 3029 2502 3082 καὶ
2537 3028 2645 3082 ἰδοὺ
2669 3032 2821 3100 τρεῖς
2848 3029 3042 3102 ἄνδρες
3073 3030 3308 3103 ἔστησαν
3341 3032 3533 3084 ἐπάνω
3565 3030 3749 3084 αὑτοῦ.
3792 3048 3812 3081 ι

553 3116 679 3155 nam
710 3104 762 3156 id
795 3104 1058 3174 scriptum
1090 3105 1214 3158 est?
1248 3103 1401 3159 Orth.
1448 3104 1505 3158 ln
1535 3102 1733 3164 Genesi
1760 3121 1771 3157 :
1804 3121 1822 3155 ι
1861 3103 2130 3174 Apparuit

2240 3122 2390 3178 Μακ.
2415 3121 2662 3185 Καὶτοὸς
2687 3125 2835 3195 τρεῖς
2860 3122 3059 3193 ἄνδρας
3082 3123 3259 3192 λέγεις
3291 3123 3536 3195 Πατέρα,
3564 3122 3660 3176 καὶ
3680 3120 3817 3184 Υἱὸν,

555 3189 702 3248 Deus
740 3194 1017 3257 Abraham
1063 3194 1276 3251 sedenti
1308 3195 1447 3267 apud
1478 3212 1741 3265 quercum
1777 3194 2039 3263 Mambre,
2073 3205 2129 3252 et

2240 3212 2332 3266 καὶ
2368 3211 2523 3281 ἅγιον
2557 3186 2816 3285 Πνεῦμας
2864 3186 3010 3283 Ὀρὸ.
3041 3186 3164 3285 *Μὴ*
3191 3186 3486 3286 ταράττού,
3515 3213 3656 3267 ἀλλὰ
3690 3212 3815 3285 μετὰ

552 3300 685 3341 ecce
718 3294 830 3342 tres
878 3288 981 3341 viri
1017 3296 1289 3344 steterunt
1337 3304 1502 3359 super
1538 3305 1663 3345 eum
1712 3290 1779 3343 δ’.
1839 3309 1859 3342 ι
1913 3287 2123 3345 Maccd.

558 3371 701 3430 Tres
727 3376 893 3445 igitur
917 3376 1041 3432 illos
1062 3378 1213 3433 viros
1236 3379 1377 3435 dicis
1407 3395 1530 3435 esse
1561 3378 1798 3446 Patrem,
1827 3379 2051 3441 Filium,
2080 3386 2135 3435 et

557 3465 822 3537 Spiritum
853 3471 1140 3525 sanctum?
1184 3470 1341 3531 Ortlt.
1379 3471 1458 3527 Ne
1502 3474 1846 3544 perturbare,
1893 3473 1989 3529 sed
2031 3474 2136 3529 ista

554 3574 681 3615 cum
725 3560 818 3616 Dei
854 3563 1055 3619 timore
1093 3564 1361 3635 legamus.
1409 3565 1551 3622 Dicit
1589 3565 1871 3639 Scriptura
1910 3584 1926 3622 :
1965 3585 1983 3618 ι
2020 3567 2134 3637 Ap-

550 3654 738 3725 paruit
773 3654 919 3711 Deus
957 3656 1254 3723 Abraham,
1288 3666 1345 3715 et
1382 3675 1513 3716 ecce
1556 3668 1671 3717 tres
1718 3660 1823 3716 viri
1866 3668 2137 3716 steterunt

554 3761 723 3816 supra
769 3763 915 3804 eum.
982 3767 1002 3802 ι
1050 3748 1188 3805 Tres
1232 3750 1311 3805 illi
1361 3751 1463 3806 viri
1505 3760 1664 3807 erant
1707 3750 1872 3808 Deus.
1922 3751 2131 3808 Maced.

552 3836 699 3894 Deus
730 3848 849 3897 erat
876 3858 1019 3898 unus
1051 3842 1266 3899 illorum
1288 3884 1305 3909 ,
1338 3845 1385 3901 is
1418 3845 1676 3900 nimirum
1710 3860 1871 3915 quem
1903 3846 2136 3915 alloqui-

551 3943 681 3997 tur;
732 3932 825 3986 alii
871 3949 1004 3988 vero
1046 3934 1158 3990 duo
1195 3946 1354 3992 erant
1406 3938 1604 4008 angeli.
1657 3936 1812 3994 Ortli.
1864 3937 1958 3993 Sic
2001 3938 2135 3993 dicit

546 4026 842 4100 Scriptura
867 4042 881 4079 :
908 4043 927 4075 ι
958 4029 1225 4098 Apparuit
1247 4032 1297 4086 ei
1322 4029 1467 4086 Deus
1497 4031 1562 4085 ad
1591 4046 1853 4101 quercum
1870 4031 2132 4095 Mambre,

552 4134 678 4173 cum
724 4120 940 4175 sederet
971 4122 1026 4175 in
1068 4121 1214 4176 ostio
1248 4123 1587 4177 tabernaculi
1633 4123 1749 4187 sui,
1787 4123 2048 4190 meridie,
2082 4131 2135 4178 et

543 4211 787 4281 sublatis
826 4211 992 4287 446
1045 4214 1223 4269 oculis
1271 4215 1547 4282 respexit,
1598 4222 1653 4268 et
1700 4228 1829 4269 ecce
1872 4222 1984 4269 tres
2031 4215 2133 4268 viri

544 4318 719 4373 supra
750 4305 927 4374 ipsum
957 4313 1228 4362 steterunt
1262 4326 1275 4361 :
1308 4307 1511 4377 quibus
1541 4308 1693 4369 visis,
1730 4308 1973 4363 occurrit
1998 4307 2133 4376 ipsis

551 4395 767 4451 obviam
809 4396 879 4451 ab
921 4398 1065 4454 ostio
1102 4399 1438 4455 tabernaculi
1480 4400 1589 4463 sui,
1623 4407 1674 4454 et
1706 4400 1953 4454 adoravit
1982 4400 2130 4454 humi

550 4500 863 4563 prostratus
895 4494 961 4547 ⁸³.
1009 4512 1028 4545 ι
1082 4490 1254 4559 Quem
1296 4492 1547 4547 adoravit
1588 4492 1741 4546 humi
1787 4494 2133 4562 prostratus?

2238 3305 2409 3377 ⁸φόϐου
2466 3305 2603 3361 Θεοῦ
2652 3306 2997 3380 ἀναγνῶμεν.
3054 3308 3217 3377 Λέγει
3267 3308 3325 3362 δὲ
3377 3308 3412 3379 ἡ
3469 3307 3695 3377 Γραςρὴ,
3741 3307 3815 3358 ὅτι

2246 3416 2265 3449 ι
2300 3398 2476 3469 Ὠφθη
2504 3401 2532 3453 6
2560 3398 2693 3463 Θεὸς
2732 3398 2811 3470 τῷ
2857 3399 3129 3473 ⁹Αύραὰμ,
3165 3401 3258 3454 καὶ
3296 3400 3408 3454 ἰδοὺ
3448 3399 3646 3471 ἄνδρες
3679 3401 3815 3469 τρεῖς

2241 3488 2476 3561 ἔστησαν
2503 3490 2689 3544 ἐπάνω
2704 3490 2888 3545 αὐτοῦ.
2923 3511 2941 3543 ι
2975 3492 3202 3562 οἱτρεῖς
3229 3491 3421 3563 ἄνδρες
3451 3487 3598 3563 ἦσαν
3623 3493 3652 3545 6
3674 3490 3812 3548 Θεὸς.

2238 3584 2391 3637 Max.
2439 3581 2662 3645 ὈγΘεὸς
2692 3579 2760 3653 ἦν
2788 3579 2888 3647 εἷς,
2922 3582 3058 3654 πρὸς
3094 3582 3155 3636 ὃν
3187 3583 3280 3636 καὶ
3311 3580 3627 3652 διαλέγεται
3650 3600 3664 3612 ’
3698 3582 3744 3634 οξ
3765 3578 3816 3633 δὲ

2239 3673 2389 3729 ἄλλοι
2432 3673 2545 3735 δύο.
2583 3674 2822 3743 ἄγγελοι.
2875 3678 3027 3743 Ὀρθ.
3091 3674 3255 3742 Λέγει
3296 3676 3330 3746 ἡ
3378 3674 3578 3746 Γραφὴ
3626 3673 3812 3734 οὕτως·

2232 3783 2267 3822 ,ι
2311 3763 2486 3836 Ὠερθη
2513 3763 2571 3817 δὲ
2597 3765 2747 3836 αὐτῷ
2772 3764 2905 3830 Θεὸς
2929 3764 3065 3836 πρὸς
3086 3767 3149 3836 τῇ
3169 3763 3292 3835 δρυῒ
3315 3768 3383 3837 τῇ
3400 3764 3672 3836 Μαμῦρῇ,
3695 3762 3816 3818 καθ-

2237 3858 2444 3929 ημένου
2501 3857 2667 3911 αὐτοῦ
2703 3859 2795 3910 ἐπὶ
2821 3858 2919 3928 τῆς
2948 3857 3119 3929 θύρας
3142 3858 3243 3930 τῆς
3280 3860 3493 3929 σκηνῆς
3532 3857 3696 3912 αὑτοῦ
3728 3873 3816 3927 μευ

2240 3946 2514 4018 σημερίας
2531 3964 2544 3977 ·
2571 3946 2665 4000 καὶ
2693 3946 2999 4016 ἀναϐλέψας
3015 3949 3128 4015 τοῖς
3154 3946 3457 4018 ὀφθαλμοῖς
3479 3947 3645 4002 αὐτοῦ
3672 3942 3816 4002 εἶδεν.

2241 4038 2336 4091 καὶ
2370 4038 2477 4091 ἰδοὺ
2536 4040 2686 4109 τρεῖς
2734 4037 2926 4108 ἄνδρες
2975 4036 3212 4107 ἔστησαν
3258 4037 3449 4092 ὲπὰνω
3500 4037 3701 4092 αὐτοῦ’
3735 4034 3822 4088 καὶ

2242 4127 2362 4181 ἰδὼν
2394 4128 2772 4199 προσέδραμεν
2800 4130 2880 4191 εἰς
2912 4127 3240 4197 συνάντησιν
3260 4126 3446 4192 αὐτοῖς
3476 4127 3590 4181 ἀπὸ
3610 4127 3705 4197 τῆς
3731 4123 3819 4177 θύ-

2240 4236 2341 4291 ρας
2372 4219 2471 4290 τῆς
2518 4218 2724 4290 σκηνῆς
2766 4217 2955 4281 αὐτοῦ,
3004 4219 3099 4271 καὶ
3139 4216 3552 4290 προσεκύνησεν
3598 4215 3690 4269 ἐπὶ
3729 4212 3821 4281 τὴν

2238 4311 2362 4381 γῆν.
2402 4330 2419 4362 ι
2458 4309 2576 4363 Τίνι
2604 4310 3009 4382 προσεκύνησεν
3038 4310 3128 4363 ἐπὶ
3154 4310 3254 4382 τὴν
3287 4309 3411 4380 γῆν,
3438 4309 3474 4379 ἦ
3509 4308 3624 4371 τοῖς
3638 4303 3823 4375 ἀνδρί·

2239 4419 2362 4467 σιν;
2396 4405 2551 4457 Μακ.
2583 4398 2771 4465 Εἶπον,
2799 4402 2879 4455 ὃτι
2923 4403 2970 4456 οἱ
3000 4400 3094 4455 δύο
3126 4400 3350 4470 ἄγγελοι
3394 4396 3540 4471 ἦσαν
3573 4396 3709 4471 μετά
3732 4393 3819 4449 τοῦ

2237 4492 2393 4557 Θεοῦ,
2422 4492 2516 4546 καὶ
2540 4492 2866 4564 προσεκύνει
2893 4490 3131 4563 δηλονότι
3157 4489 3236 4561 τῷ
3273 4487 3416 4559 Θεῷ,
3451 4488 3574 4558 οὐχὶ
3605 4489 3712 4548 τοῖς
3732 4486 3821 4549 ἀγ-

549 4599 680 4639 num
707 4586 894 4641 viros?
923 4585 1130 4649 Maced.
1167 4585 1314 4650 Dixi,
1346 4585 1488 4640 duos
1532 4586 1753 4656 angelos
1786 4584 1958 4641 fuisse
2000 4601 2125 4643 cum

2240 4586 2431 4654 γέλοις.
2464 4586 2574 4639 Καὶ
2601 4584 2709 4658 γὰρ
2734 4584 2972 4649 ἀναστὰς
3003 4579 3182 4637 εἶπενο
3216 4601 3235 4634 ι
3257 4580 3457 4651 Κύριε,
3489 4579 3539 4631 εἰ
3563 4572 3717 4648 εὗρον
3740 4574 3824 4645 χά·

548 4674 681 4732 Deo.
729 4676 991 4739 Adoravit
1031 4678 1196 4749 igitur
1238 4676 1429 4747 procul
1465 4674 1634 4730 dubio
1675 4674 1864 4740 Deum,
1899 4691 2009 4729 non
2039 4691 2135 4739 ait-,-

547 4769 719 4840 gclos.
750 4768 886 4826 Cum
927 4769 1073 4825 enim
1115 4771 1469 4830 surrexisset,
1500 4766 1640 4821 dixit
1678 4785 1691 4820 :
1732 4784 1750 4815 ι
1792 4764 2042 4828 Domine,
2085 4766 2130 4820 si

549 4861 731 4917 inveni
766 4862 1011 4931 gratiam
1064 4862 1117 4915 in
1178 4868 1477 4929 conspectu
1525 4870 1652 4922 tuo,
1706 4872 1775 4913 ne
1838 4868 2131 4927 prmtereas

2237 4694 2320 4747 ριν
2342 4676 2579 4731 ἐναντίον
2608 4694 2722 4745 σου,
2753 4679 2826 4750 μὴ
2855 4676 3129 4750 παρέλθῃς
3150 4675 3241 4729 τὸν
3264 4671 3431 4729 παῖδά
3460 4686 3581 4726 σου.
3619 4680 3638 4722 i
3676 4669 3820 4736 Ὀρθ.

2234 4769 2405 4822 Τοῦτο
2433 4771 2541 4841 γάρ
2573 4772 2741 4835 ἐστιν,
2768 4770 2796 4822 ὃ
2822 4769 3071 4839 λέγομεν,
3094 4769 3177 4822 δτι
3199 4768 3297 4830 τὰς
3327 4766 3489 4839 τρεῖς
3511 4761 3823 4820 ὑποστάσεις

2235 4860 2440 4934 Κύριον
2470 4862 2642 4918 καλεῖ.
2677 4867 2828 4920 Μακ.
2865 4862 2956 4933 Μὴ
2978 4860 3221 4931 γένοιτοῑ

547 4973 766 5016 servum
806 4966 960 5012 tuum
1002 4958 1069 5012 ⁸⁵.
1129 4978 1147 5010 ι
1205 4956 1359 5013 ΟνιΙι.
1410 4954 1705 5012 Enimvero
1761 4954 1897 5009 illud
1944 4955 2123 5026 ipsum
2188 4969 2296 5021 est,
2341 4958 2487 5031 quod
2552 4959 2812 5023 dicimus,
2880 4967 2994 5013 tres
3036 4957 3363 5028 hypostases
3415 4952 3486 5003 ab
3536 4962 3604 5002 80
3647 4943 3822 5003 vacari

549 5049 862 5106 Dominum.
898 5050 1110 5107 Maced.
1142 5051 1331 5107 Absit!

620 5147 707 5202 10.
754 5146 907 5202 Ortlt.
942 5133 1081 5215 Audi
1114 5149 1299 5218 igitur,
1326 5164 1448 5217 qum
1478 5155 1784 5217 sequuntur
1815 5166 1827 5201 :
1864 5165 1883 5198 ι
1927 5146 2126 5201 Suma-

546 5244 636 5298 tur
657 5244 837 5291 autem
863 5252 1025 5308 aqua,
1054 5249 1105 5293 et
1140 5240 1320 5307 lavent
1348 5238 1514 5307 pedes
1537 5247 1749 5294 vestros
1783 5255 1794 5290 :
1818 5245 1878 5292 .ct
1904 5236 2122 5307 refrige-

547 5326 743 5382 ramini
786 5328 890 5384 sub
935 5330 1132 5383 arbore
1175 5348 1188 5383 :
1244 5329 1753 5396 deinde-accipiam
1801 5344 1994 5397 panem
2021 5368 2036 5387 .
2078 5335 2132 5383 et

549 5418 869 5485 comedetis,
915 5427 968 5474 et
1023 5429 1209 5491 postea
1258 5419 1668 5490 prosequetnini
1718 5419 1822 5475 iter
1863 5428 2128 5483 vestrum,

2311 5145 2397 5198 10.
2434 5143 2586 5212 Ὀρθ.
2621 5141 2820 5196 ’Ἄκουε
2844 5135 2941 5193 οὖν
2962 5138 3070 5191 τῶν
3095 5135 3218 5208 ἑξῆς
3239 5154 3255 5167 ο
3290 5155 3308 5186 ι
3343 5137 3625 5211 Ληφθήτω
3647 5136 3700 5191 δὲ
3721 5134 3825 5205 (l0)

2240 5235 2403 5306 ὕδωρ,
2451 5234 2543 5288 καὶ
2581 5232 2893 5303 νιψάτωσαν
2927 5230 3052 5293 τοὺς
3080 5229 3248 5292 πόδας
3292 5228 3451 5299 ὑμῶν
3474 5248 3488 5261 ·
3538 5230 3632 5284 καὶ
3666 5245 3826 5281 κατα-

2240 5323 2445 5396 ψύξατε
2482 5327 2586 5381 ὑπὸ
2611 5327 2674 5380 τὸ
2699 5322 3075 5397 δένδρον..Κα“ι
3104 5320 3349 5393 λήψομαι
3387 5323 3574 5396 ᾰὶρ-,τονν
3608 5322 3702 5375 καὶ
3729 5319 3827 5388 φά.

2242 5417 2425 5487 γεσθε,
2456 5418 2549 5472 καὶ
2599 5417 2737 5490 μετὰ
2767 5414 2927 5469 τοῦτο
2981 5412 3394 5486 παρελεύσεσθε
3445 5414 3526 5476 εἰς
3564 5410 3663 5483 τὴν
3713 5408 3827 5465 ὁῶν

616 5577 663 5611 ⁸⁸
694 5577 854 5633 Joan.
894 5594 946 5643 ν,
976 5578 1066 5633 59.
1140 5576 1182 5608 ⁸¹
1224 5576 1380 5633 Rom.
1421 5593 1494 5637 Kl,
1532 5576 1618 5631 36.
1698 5578 1742 5610 η
1781 5575 1916 5631 Gen.
1953 5590 2109 5639 xmt,

2240 5576 2280 5629 ἰ.
2355 5574 2400 5607 ⁸³
2439 5574 2572 5629 ibid.
2647 5573 2693 5606 “
2732 5571 2937 5627 ibid.5.

622 5733 699 5804 ω)
738 5733 794 5790 In
837 5752 969 5789 mss.
1002 5734 1101 5787 οὔκ
1132 5731 1306 5791 deest.

2311 5731 2423 5802 (l0)
2463 5729 2616 5799 Mss.,
2638 5732 2722 5802 δή.
2750 5727 2891 5785 Editi
2921 5742 3074 5795 vero,
3108 5726 3179 5781 δέ.
