3982 6398
186 357 316 413 εει-ι

1116 354 1204 410 ne
1235 354 1505 410 sanan
1538 352 1914 410 TRINITATE
1944 351 2289 408 DIALOGUS
2328 336 2438 409 tu.

3311 346 3451 402 1218

181 470 355 543 ὑμῶν,
384 488 447 525 ου
498 469 683 526 ἕνεκεν
707 471 1025 537 ὲξεκλίνατεί
1064 474 1202 544 πρὸς
1240 474 1335 527 τὸν
1377 472 1544 536 παῖδα
1588 472 1764 543 ὑμῶν.

1874 470 2314 541 quandoquidem
2360 468 2682 525 declinastis
2723 468 2790 523 ad
2829 483 3046 524 servum
3081 475 3346 523 vestrum.
3389 465 3458 521 Et

180 566 285 619 Καὶ
328 560 485 618 εἷπον
526 562 703 635 αύτῷ·
750 563 937 627 Οὕτως
964 564 1219 637 ποίησον,
1253 565 1397 619 καθὰ
1443 565 1694 637 εἴρηκας.
1739 584 1758 619 ο

179 657 511 727 Γέγραπται,
553 654 584 726 ἢ
614 656 675 709 οὐ
709 655 1050 727 γέγραπταις
1091 658 1247 711 Max.
1297 656 1616 726 Γέγραπται
1645 656 1762 711 ὅλα.

190 742 341 812 Ὄρθ.
388 745 448 798 '0
470 744 529 799 δὲ
576 748 705 808 παῖς
735 744 960 817 Κυρίου,
995 746 1076 799 ὅτι
1106 746 1218 818 (ii)
1248 749 1377 810 aut;
1421 748 1570 799 ἐστιν
1613 749 1768 817 εἰρη-

178 836 286 900 κὼς
308 836 512 901 αὐτῶν,
545 839 644 908 τὴν
677 838 846 908 αὐτὴν
869 838 1162 911 κυριότητα
1190 839 1368 893 αὐτῶν
1391 839 1762 910 ὡμολόγησεν.

179 929 309 982 Οὐδὲ
339 928 451 999 γὰρ
482 925 634 983 εἶπεν
657 945 672 959 ·
699 927 773 985 υἷι
802 931 985 985 ἕνεκεν
1018 931 1294 996 ἑξέκλινας
1317 932 1455 1004 πρὸς
1487 931 1577 985 τὸν
1604 932 1767 985 παῖδά

180 1038 271 1075 σου
292 1038 307 1051 ·
337 1020 498 1085 ἀλλὰ,
533 1040 553 1073 ‹
583 1021 885 1093 ὲξεκλίνκτε
915 1023 1050 1094 πρὸς
1077 1024 1169 1077 τὸν
1208 1023 1375 1078 παῖδα
1406 1023 1561 1095 ὑμῶν
1580 1041 1593 1054 ·
1638 1045 1655 1077 ι
1691 1018 1766 1078 ὧν

178 1115 424 1179 καὶτοὺς
459 1115 627 1179 πόδας
663 1115 863 1185 ὁμοίως
899 1116 1051 1186 νίψαι
1078 1116 1436 1173 ἐσπούδασεν.
1464 1120 1617 1170 Max.
1655 1118 1766 1171 Kal

178 1207 228 1260 τι
243 1208 444 1262 ἄτοπον
463 1208 710 1279 ἀγγέλων
735 1209 884 1279 νίψαι
910 1209 1107 1274 πόδαςς
1134 1210 1245 1263 Καὶ
1267 1210 1376 1279 γὰρ
1391 1207 1604 1261 οὐδέπω
1623 1208 1766 1279 ᾔδει,

177 1299 256 1353 ὃτι
282 1302 311 1352 δ
336 1299 470 1362 Θεὸς
492 1295 561 1371 ἧν
583 1299 731 1371 αύτῷ
758 1300 962 1369 ὀφθεὶς,
997 1299 1111 1354 ἀλλ’
1144 1299 1394 1371 ἐνόμιζεν
1428 1299 1538 1371 (12)
1565 1299 1766 1370 ἄνδρας

180 1393 359 1459 ξένους
383 1392 633 1458 ξενίζειν.
672 1394 827 1463 Ὀρθ.
856 1393 1066 1466 Δῶμεν,
1098 1395 1179 1448 ὅτι
1219 1393 1471 1465 Ἀϐραὰμ
1494 1392 1763 1464 ἐνόμιζεν,

179 1486 253 1550 ὡς
278 1482 470 1550 εἶπαςο
499 1488 548 1539 οἱ
568 1486 787 1556 ἄγγελοι
824 1487 924 1540 οὔκ
954 1485 1019 1540 ἂν
1049 1482 1198 1540 εἷπον
1220 1485 1388 1556 αὐτῷ,
1416 1486 1500 1539 ὃτι
1529 1486 1601 1555 μὴ
1634 1486 1765 1555 ἡμῖν

183 1582 437 1652 ἰσοτίμως
466 1581 737 1654 πρόσεχε;
781 1577 906 1643 Πῶς
929 1579 986 1632 δὲ
1027 1579 1120 1633 καὶ
1167 1575 1413 1649 ἐνόμιζεν
1440 1577 1470 1630 ὁ
1511 1572 1766 1649 Ἀϐραὰμ

179 1673 375 1745 ἄνδρας
422 1671 605 1738 ξένους
654 1670 901 1737 ξενίζειν,
949 1674 979 1725 ὁ
1016 1669 1197 1724 πεσὼν
1242 1672 1335 1724 ἐπὶ
1372 1670 1469 1740 τὴν
1503 1672 1622 1741 γῆν,
1669 1670 1766 1723 καὶ

181 1766 585 1837 προσκυνήσας,
616 1766 710 1818 καὶ
733 1763 1067 1835 Θεασάμενος
1087 1764 1285 1827 αὐτοὺς
1316 1764 1503 1817 ἐπάνω
1535 1762 1761 1828 tanto-3;

1869 562 2129 616 dixerunt
2172 560 2257 618 ei:
2296 561 2372 615 Ita
2424 561 2630 625 facito,
2687 569 2747 614 ut
2801 560 2986 616 dixisti
3029 561 3097 614 ⁸⁸.
3148 578 3166 610 ›
3212 558 3459 615 lloccina

1870 655 2136 724 scriptum
2165 664 2270 719 est,
2312 669 2382 709 an
2416 656 2564 709 non?
2609 652 2820 709 Maced.
2864 652 3060 706 Omnia
3097 653 3213 706 hac
3247 650 3455 721 scripta

1868 752 2019 802 sunt.
2051 743 2208 801 Orth.
2258 746 2462 802 Servus
2509 754 2691 800 autem
2724 744 2960 809 Domini,
2990 759 3114 798 cum
3154 758 3213 799 se
3249 742 3460 799 diceret

1868 852 2058 891 eorum
2095 853 2335 902 servum,
2366 838 2617 893 eumdem
2657 837 2820 891 trium
2865 837 3206 891 dominatum
3244 836 3459 905 profes-

1870 944 1966 984 sus
1997 936 2101 983 est.
2146 927 2335 999 Neque
2380 930 2525 985 enim
2560 930 2697 984 dixit
2735 949 2748 985 :
2783 930 3244 997 Quandoquidem
3286 933 3461 989 decli-

1868 1020 2014 1075 nasti
2055 1018 2123 1073 ad
2165 1035 2384 1074 servum
2425 1027 2607 1083 tuum,
2638 1020 2734 1075 sed
2787 1039 2805 1071 ι
2854 1022 3176 1078 declinastis
3224 1025 3291 1078 ad
3340 1042 3462 1080 ser-

1867 1127 1996 1165 vom
2024 1122 2290 1179 vestrum,
2326 1133 2344 1165 ι
2370 1130 2604 1183 quorum
2638 1116 2802 1169 etiam
2834 1118 3001 1187 pedes
3027 1120 3208 1173 lavare
3227 1122 3459 1177 studuit.

1870 1202 2083 1260 Mared.
2116 1202 2259 1271 Quid
2289 1220 2417 1260 vero
2460 1207 2689 1261 absurdi
2737 1216 2823 1262 est
2871 1209 2925 1262 in
2970 1224 3059 1274 co,
3107 1211 3255 1281 quod
3292 1228 3463 1283 ange-

1868 1297 2048 1351 lorum
2084 1299 2248 1367 pedes
2275 1298 2439 1352 lavit?
2464 1297 2575 1353 Nec
2624 1299 2772 1353 enim
2814 1301 2995 1357 adhuc
3034 1314 3261 1360 noverat
3291 1306 3461 1361 Deum

1869 1389 1975 1444 sibi
2011 1390 2354 1459 apparuisse,
2401 1391 2496 1445 sed
2544 1392 2772 1461 putabat
2813 1410 2873 1447 se
2916 1405 3206 1452 extraneos
3246 1399 3462 1470 aliquos

1822 1540 1825 1545 λ
1868 1482 2019 1537 viros
2054 1483 2294 1553 hospitio
2320 1484 2596 1553 excipere.
2636 1483 2792 1542 Ortlt.
2829 1485 3036 1543 Demus
3077 1490 3354 1545 Abraham
3385 1493 3462 1549 ita

1868 1576 2238 1641 existimasse,
2274 1584 2332 1631 ut
2357 1586 2411 1630 tu
2439 1577 2580 1633 dicis
2613 1593 2627 1629 :
2659 1593 2841 1632 annon
2872 1579 2922 1634 ei
2958 1580 3229 1637 dixissent
3259 1586 3460 1657 angeli,

1866 1681 1938 1720 ne
1975 1681 2077 1721 nos
2117 1668 2235 1737 pari
2268 1682 2333 1723 ac
2366 1668 2531 1721 istum
2565 1666 2775 1724 honore
2806 1668 3045 1726 adicias?
3087 1671 3152 1726 Et
3187 1676 3462 1743 quomodo

1867 1759 2144 1813 Abraham
2190 1760 2529 1816 existimavit
2572 1770 2871 1818 extraneos
2928 1764 3181 1821 homines
3210 1782 3241 1821 a
3273 1783 3332 1823 se
3366 1770 3464 1825 ho—

180 1857 336 1913 Οὕτω
380 1858 492 1931 γὰρ
539 1860 881 1929 γέγραπται,
934 1858 1015 1911 ὅτι
1055 1875 1074 1908 ι
1122 1856 1455 1926 Ἀναϐλέψας
1499 1857 1608 1927 (13)
1653 1859 1767 1920 τοῖς

1871 1850 2033 1923 spitio
2060 1851 2261 1922 excipi,
2294 1841 2386 1921 qui
2422 1861 2733 1921 prostratus
2764 1854 2817 1907 in
2849 1862 3052 1909 terram
3088 1857 3360 1923 adoravit,
3405 1867 3464 1916 et

178 1950 474 2022 ὀφθαλμοῖς
496 1950 661 2004 αὐτοῦ
683 1945 841 2013 εἶδεν,
862 1951 958 2003 καὶ.
993 1948 1101 2003 ἰδοὺ
1134 1951 1282 2021 τρεῖς
1313 1948 1504 2021 ἄνδρες
1532 1949 1765 2020 ἔστησαν

180 2045 365 2099 ἐπάνω
409 2043 596 2109 αύτοῦ,
640 2063 659 2096 ι
693 2043 814 2114 ούχὶ
839 2043 896 2096 δὲ
927 2041 1236 2114 ἔμπροσθεν
1264 2041 1451 2095 αὐτοῦ.
1473 2044 1628 2097 Max.
1660 2042 1765 2094 Ού-

177 2136 325 2191 δέπω
355 2131 426 2207 ἦν
470 2136 784 2208 φανερωθὲν
822 2133 991 2205 αὐτῷ,
1027 2134 1110 2188 δτι
1147 2136 1194 2187 oi
1234 2134 1331 2204 μὲν
1352 2132 1570 2203 ἄγγελοι
1598 2128 1761 2205 ἦσαν,

179 2228 206 2279 ι
230 2226 288 2279 δὲ
320 2225 474 2291 Θεός.
514 2226 671 2294 Ὀρθ.
700 2225 849 2291 Τέως
876 2223 972 2281 οὖν
1010 2226 1267 2296 ἰσοτίμως
1294 2224 1406 2295 (14)
1435 2224 1629 2288 αὐτοὺς
1655 2224 1767 2278 ἐ.δέ-

180 2319 309 2383 ξιτο
328 2334 340 2346 ·
374 2336 393 2369 ι
430 2316 704 2371 Ἕσπευσε
735 2317 843 2391 γὰρ
876 2317 1127 2391 Ἀϐραὰμ
1155 2317 1246 2371 ἐπὶ
1278 2316 1375 2388 τὴν
1403 2315 1605 2388 σκηνὴν
1631 2318 1766 2390 πρὸς

181 2412 421 2484 Σάρραν,
454 2411 552 2464 καὶ
578 2407 731 2464 εἶπεν
753 2413 890 2483 αύτῇ
915 2429 927 2442 ·
960 2411 1202 2464 Σπεῦσον
1234 2409 1328 2463 καὶ
1371 2409 1610 2481 φύρασον
1639 2409 1766 2482 τρία

182 2503 360 2574 μέτρα
389 2501 740 2574 σεμιδάλεως,
789 2504 883 2556 καὶ
917 2502 1141 2574 ποίησον
1186 2502 1510 2574 ἐγκρυφίας.
1547 2501 1658 2554 Kal
1689 2502 1777 2564 εἰς

178 2596 276 2657 τὰς
315 2592 448 2663 βόας
492 2593 726 2665 ἔδραμεν
777 2592 1056 2665 Ἀϐραὰμ,
1090 2593 1184 2647 καὶ
1229 2590 1419 2645 ἔλαϐεν
1473 2592 1767 2663 μοσχάριον

182 2680 390 2740 ἁπαλὸν
433 2685 527 2738 καὶ
568 2685 754 2748 καλὸν,
800 2687 893 2740 καὶ
932 2685 1131 2739 ἔδωκεν
1154 2684 1230 2756 τῷ
1260 2684 1410 2738 παιδὶ
1457 2683 1642 2749 αὑτοῦ,
1672 2684 1769 2738 καὶ

182 2778 440 2848 ὲτάχυνεν
454 2777 548 2831 τοῦ
574 2779 795 2849 ποιῆσαι
812 2799 823 2810 ·
857 2778 1045 2833 ἔλαϐεν
1068 2778 1123 2832 δὲ
1158 2777 1438 2850 βούτυρον,
1469 2779 1563 2832 καὶ
1588 2778 1728 2846 γάλα
1750 2794 1764 2807 ·

181 2872 274 2927 καὶ
306 2870 368 2924 τὸ
398 2872 713 2944 μοσχάριον,
746 2871 775 2926 ὃ
816 2874 1062 2945 ἐποίησε,
1096 2871 1410 2943 παρέθηκεν
1440 2871 1645 2934 αὐτοῖς,
1673 2871 1768 2924 καὶ⁸

182 2964 405 3033 ἑραγον.
452 2964 624 3028 Αὐτὸς
661 2964 718 3016 δὲ
773 2965 1130 3036 παρειστήκει
1171 2962 1352 3026 αὐτοῖς
1390 2961 1495 3015 ὑπὸ
1540 2962 1601 3017 τὸ
1655 2960 1771 3015 δέν-

179 3056 326 3129 δρον.
362 3076 380 3109 δ
429 3056 825 3130 Γέγραπται,ἥ
869 3056 968 3122 οὓς
1012 3059 1168 3111 Μακ.
1204 3056 1331 3110 Ναί.
1382 3056 1528 3124 Ὀρθ.
1572 3054 1681 3108 Καὶ
1718 3046 1773 3108 οἱ

181 3138 405 3218 ἄγγελοι
447 3149 735 3221 συνήσθιον
775 3149 854 3221 τῷ
882 3147 1021 3219 Θεῷ.
1062 3152 1216 3203 Max.
1261 3147 1524 3201 Ὀπτασία
1557 3141 1656 3219 ἦν,
1688 3145 1767 3201 ὃτι

180 3242 235 3295 δὲ
263 3241 485 3313 ἄγγελοι
511 3237 673 3313 ἦσαν,
703 3242 824 3296 εἰπὲ
854 3240 922 3294 τὰ
952 3239 1100 3312 ἑξῆς,
1133 3241 1226 3293 καὶ
1254 3239 1526 3312 εὑρήσεις.

259 3505 343 3560 11.
386 3506 535 3575 Ὀρθ.
564 3505 676 3559 Kal
701 3508 865 3577 ἡμεῖς
901 3505 1080 3576 ἴσμεν,
1114 3507 1198 3559 ὃτι
1223 3506 1282 3560 ἐν
1307 3507 1418 3571 τοῖς
1454 3505 1579 3576 ἑξῆς
1604 3505 1770 3575 ἀγγέ-

179 3599 306 3663 λους
335 3597 485 3668 λέγει
509 3599 636 3661 τοὺς
658 3597 752 3652 δύο
776 3613 789 3627 ·
817 3596 953 3652 ἀλλὰ
974 3597 1137 3651 πάλιν
1161 3600 1219 3650 ἐν
1243 3600 1357 3661 τοῖς
1385 3598 1523 3669 μετὰ
1545 3597 1615 3651 τὰ
1641 3596 1770 3667 ἑξῆς

180 3691 388 3763 Κύριον
415 3693 615 3755 αὐτοὺς
644 3691 677 3762 ἡ
716 3689 906 3762 Γραφὴ
944 3689 1116 3744 καλεῖ.
1147 3689 1317 3760 Δῆλον
1341 3689 1470 3762 γὰρ,
1510 3691 1593 3744 ὅτι
1626 3690 1719 3744 καὶ
1741 3691 1770 3744 ὁ

180 3785 308 3849 Υἱὸς
348 3783 578 3853 ἄγγελος
625 3781 884 3853 κέκληται
918 3783 1012 3836 καὶ
1046 3781 1107 3834 τὸ
1139 3781 1365 3854 Πνεῦμα
1400 3783 1460 3836 οὐ
1494 3782 1653 3852 μόνον
1681 3782 1769 3835 ὲν-

178 3877 377 3943 ταῦθα,
404 3876 542 3931 ἀλλὰ
586 3876 681 3929 καὶ
728 3875 788 3928 ὲν
831 3874 1030 3941 ἄλλοις.
1076 3875 1235 3930 Ἀλλὰ
1281 3874 1510 3946 ἄγγελος
1553 3875 1770 3946 λέγεται

178 3969 664 4043 καταχρηστικῶς,
696 3967 771 4033 ὡς
795 3970 852 4023 έν
883 3967 1221 4040 Εὐαγγελίῳ,
1242 3970 1371 4024 ὅταν
1395 3969 1562 4043 λέγῃο
1598 3988 1617 4020 ι
1652 3969 1774 4023 ’Ἀν-

179 4062 403 4135 θρωπός
436 4080 522 4126 τις
541 4061 839 4131 ἐφύτευσεν
882 4059 1202 4132 ἀμπελῶνα,
1235 4062 1330 4116 καὶ
1359 4061 1571 4127 ἐξέδοτο
1607 4061 1770 4115 αὑτὸν

178 4158 485 4229 γεωργοῐςο
525 4174 544 4206 ι
579 4149 702 4208 εἶτα
744 4152 881 4224 μετὰ
926 4152 1101 4208 ταῦτα
1139 4151 1285 4223 λέγει
1306 4170 1319 4184 ·
1361 4171 1380 4205 ι
1433 4152 1771 4207 Ἀπέστειλεν

178 4251 313 4313 τοὺς
354 4246 576 4310 δούλους
619 4245 805 4310 αὐτοῦ,
838 4246 931 4299 καὶ
957 4245 1093 4317 μετὰ
1138 4246 1264 4309 τοὺς
1302 4244 1521 4309 δούλους
1551 4245 1667 4311 ἕνα,
1710 4243 1771 4298 ὃν

182 4343 353 4415 ε’χεν,
386 4341 530 4397 υἱόνο
571 4360 591 4394 ι
620 4339 776 4411 δῆλον
804 4340 885 4393 ὅτι
910 4338 1001 4392 τὸν
1036 4337 1258 4410 Πατέρα
1281 4337 1429 4407 λέγει
1461 4337 1767 4410 ἄνθρωπον.

181 4437 297 4489 Καὶ
330 4435 392 4488 τὸ
423 4433 558 4506 (15),
598 4451 617 4483 ‹
651 4429 973 4503 ’Ἄνθρωπός
1015 4447 1099 4492 τις
1123 4430 1295 4483 ὲποιει
1320 4429 1530 4501 γάμους
1553 4427 1632 4500 τῷ
1669 4426 1771 4499 υἱῷ

1866 1956 1963 1995 eos
1999 1955 2163 2011 supra
2194 1956 2253 1997 se
2274 1942 2448 1996 vidit?
2474 1940 2566 1997 Sic
2595 1945 2740 1998 enim
2766 1946 3034 2015 scriptum
3063 1956 3147 2003 est
3188 1968 3202 2006 :
3256 1970 3275 2002 ι
3329 1950 3464 2007 Sub-

1810 2052 1813 2053 ν
1864 2032 1991 2087 latis
2031 2034 2208 2088 oculis
2250 2032 2524 2104 respexit,
2556 2043 2612 2090 et
2643 2051 2775 2092 ecce
2806 2045 2920 2094 tres
2952 2039 3054 2095 viri
3084 2058 3250 2112 super
3279 2044 3460 2115 ipsum

1794 3191 1836 3248 C

1872 2132 2167 2189 steterunt,
2207 2146 2227 2179 ι
2269 2143 2381 2183 non
2413 2138 2619 2196 autem,
2662 2144 2849 2186 coram
2891 2131 3031 2203 ipso.
3067 2132 3279 2199 Maced.
3312 2135 3462 2193 Non-

1865 2216 1996 2269 dum
2053 2222 2173 2270 erat
2222 2216 2273 2270 ei
2323 2216 2681 2287 patefactum,
2738 2221 2878 2275 istos
2921 2222 3145 2292 quidem
3206 2229 3457 2293 ancelos,

1867 2306 2016 2360 illum
2042 2322 2173 2363 vero
2202 2306 2372 2363 Deum
2414 2324 2560 2364 esse.
2607 2308 2763 2366 Orlh.
2798 2311 2955 2367 Tunc
2989 2314 3159 2384 igitur
3206 2332 3303 2371 eos
3341 2322 3460 2388 pari

1866 2403 2075 2459 honore
2117 2404 2333 2473 excepit
2368 2422 2381 2458 :
2416 2422 2435 2455 ι
2478 2401 2781 2460 Festinavit
2813 2407 2957 2461 enim
2985 2408 3259 2463 Abraham
3290 2411 3345 2465 in
3375 2418 3461 2466 ta-

1867 2492 2223 2548 bernaculum
2272 2493 2340 2547 ad
2390 2492 2618 2559 Saram,
2664 2502 2718 2550 et
2767 2495 2906 2550 dixit
2956 2498 3008 2553 ei
3058 2513 3073 2551 :
3124 2497 3348 2555 Festina
3402 2510 3459 2558 et

1868 2585 2071 2655 pinsito
2108 2593 2221 2641 tres
2254 2585 2450 2642 simila:
2485 2602 2799 2654 mensuras,
2837 2598 2891 2645 et
2923 2588 3013 2645 [ac
3057 2591 3458 2650 subcinericios

1868 2692 2059 2748 panes.
2114 2677 2319 2734 Deinde
2368 2680 2434 2732 ad
2491 2690 2799 2735 armentum
2854 2683 3102 2736 cucurrit
3154 2683 3456 2751 Abraham,

1871 2779 2269 2839 acceptumque
2315 2770 2551 2824 vitulum
2607 2780 2855 2826 tenerum
2903 2780 2959 2827 et
3013 2773 3258 2842 opimum
3305 2775 3460 2832 dedit

1870 2875 2032 2915 servo
2066 2874 2193 2922 suo.
2220 2862 2314 2932 qui
2348 2863 2660 2942 properavit
2691 2871 2749 2916 ut
2790 2865 2991 2919 faceret
3023 2880 3038 2917 :
3067 2874 3460 2939 acceptumque

1868 2953 2127 3027 butyrum
2171 2963 2226 3011 et
2278 2956 2394 3024 lac,
2452 2966 2506 3012 et
2556 2956 2719 3026 quem
2771 2966 3175 3028 prmparaverat
3227 2959 3458 3014 vitulum

1870 3047 2006 3117 ipsis
2036 3049 2310 3118 apposuit,
2351 3049 2444 3119 qui
2483 3048 2841 3103 comederunt
2874 3067 2887 3103 :
2928 3050 3045 3119 ipse
3073 3064 3202 3105 vero
3236 3051 3458 3106 astabat

1869 3139 1950 3193 eis
1980 3138 2083 3193 sub
2117 3138 2315 3193 arbore
2345 3138 2411 3193 ⁸⁸.
2452 3157 2471 3191 ι
2507 3136 2759 3194 Hzeccine
2786 3141 2991 3210 scripta
3032 3148 3181 3207 sunt,
3218 3156 3288 3195 an
3314 3140 3462 3199 non?

1868 3226 2080 3283 Maced.
2155 3228 2352 3284 Etiam.
2412 3228 2569 3285 Orth.
2630 3228 2698 3284 Et
2756 3230 2936 3301 angeli
2991 3247 3100 3285 una
3160 3248 3286 3287 cum
3346 3231 3461 3289 Deo

1867 3321 2261 3374 comederunt?
2308 3317 2519 3375 Maced.
2564 3320 2717 3375 \‘isio
2761 3330 2880 3376 erat
2938 3340 2952 3377 :
3000 3323 3225 3394 angelos
3273 3331 3459 3378 autem

1869 3409 2059 3473 fuisse,
2085 3411 2199 3480 lege
2224 3426 2345 3481 qua:
2372 3416 2700 3480 sequuntur,
2727 3419 2782 3466 et
2813 3412 3081 3468 invenies.
3532 3481 3538 3487 θ

1944 3501 2029 3556 11.
2074 3500 2229 3556 Orth.
2298 3502 2364 3557 Et
2405 3518 2509 3558 nos
2567 3519 2786 3574 quoque
2838 3507 3091 3561 novimus
3140 3506 3265 3581 illos
3317 3507 3460 3564 duos

1869 3604 2059 3668 postea
2097 3596 2320 3666 angelos
2356 3595 2464 3650 dici
2492 3635 2506 3659 ,
2543 3597 2636 3652 sed
2677 3613 2902 3653 rursum
2943 3615 3040 3655 eos
3077 3609 3267 3669 postea
3305 3598 3458 3655 Scri-

1870 3699 2029 3761 ptura
2094 3687 2384 3744 Dominum
2436 3693 2694 3762 appellat.
2746 3688 2887 3745 Filio
2939 3707 3069 3747 vero
3117 3700 3172 3748 et
3225 3690 3455 3764 Spiritui

1870 3790 2088 3839 constat
2126 3783 2300 3854 angeli
2346 3800 2545 3839 nomen
2593 3784 2784 3849 tribui,
2837 3799 2949 3839 non
3002 3784 3107 3839 hoc
3158 3785 3280 3840 loco
3313 3786 3458 3857 pdun—

1872 3883 2043 3937 taxat,
2080 3890 2270 3930 verum
2315 3876 2479 3930 etiam
2517 3877 2667 3931 alibi.
2718 3875 2827 3931 Sed
2886 3878 3113 3949 angelus
3160 3878 3460 3948 improprie

1871 3979 2099 4022 vocatur
2134 3986 2148 4024 :
2182 3968 2351 4023 veluti
2398 3958 2521 4024 cum
2556 3970 2612 4023 in
2663 3967 2955 4041 Evangelio
2997 3972 3131 4027 dicit
3166 3990 3179 4027 :
3225 3990 3243 4023 ι
3282 3971 3459 4028 Homo

1871 4060 2093 4131 quidam
2143 4061 2411 4131 plantavit
2461 4047 2718 4126 vineam,
2766 4070 2820 4118 et
2875 4063 3079 4118 locavit
3130 4079 3250 4120 eam
3309 4066 3458 4137 agri-

1872 4153 2011 4209 colis
2042 4153 2086 4185 "
2119 4170 2136 4220 ;
2179 4172 2199 4205 ι
2237 4162 2291 4209 et
2336 4164 2527 4225 postea
2556 4156 2737 4225 inquit
2767 4173 2782 4209 :
2820 4174 2838 4206 ι
2882 4154 3032 4211 Misit
3069 4171 3260 4211 servos
3297 4171 3454 4221 suos,

1871 4254 1926 4302 et
1953 4253 2076 4317 post
2119 4261 2307 4303 servos
2336 4240 2545 4312 lilium,
2579 4263 2743 4318 quem
2781 4247 3011 4302 unicum
3047 4248 3285 4304 habebat
3324 4249 3390 4314 ⁸⁸,
3431 4268 3452 4303 ι

1873 4338 2046 4409 liquet
2072 4336 2287 4395 Patrem
2316 4340 2385 4395 ab
2414 4354 2481 4395 eo
2509 4339 2617 4394 dici
2641 4338 2944 4397 hominem.
2977 4339 3043 4395 Et
3075 4357 3199 4397 cum
3232 4343 3410 4415 inquit
3440 4362 3456 4399 :

1879 4451 1898 4484 ι
1935 4431 2111 4489 llomo
2136 4433 2362 4504 quidam
2394 4433 2525 4489 fecit
2553 4433 2776 4505 nuptias
2802 4433 2913 4489 tilio
2936 4450 3038 4490 suo
3058 4435 3128 4500 ”,
3167 4456 3187 4489 ι
3222 4437 3293 4491 ibi
3317 4452 3459 4510 quo-

181 4528 381 4584 αὑτοῦ·
421 4547 441 4580 ι
470 4527 566 4581 καὶ⁸
599 4523 833 4579 ἐνταῦθα
863 4522 920 4577 δὲ
958 4520 1124 4594 ἄνδρα
1158 4522 1321 4576 αὐτὸν
1354 4521 1533 4591 λέγει’
1567 4520 1703 4576 ἀλλὰ
1732 4523 1766 4594 ὴ

1874 4538 1980 4593 que
2042 4523 2320 4580 hominem
2368 4539 2494 4579 eum
2543 4534 2740 4592 vocat;
2805 4526 2903 4581 sed
2960 4542 3096 4582 usus
3153 4525 3454 4598 Scriptura:

181 4620 539 4693 πραγματεία
572 4618 671 4690 τῆς
699 4614 922 4689 Γραφῆς
956 4615 1088 4670 Θεὸν
1124 4615 1284 4671 αὑτὸν
1320 4615 1606 4671 δείκνυσιν.
1644 4616 1768 4669 Ὀτι

179 4716 240 4768 δὲ
271 4712 635 4785 φανερώτατα
662 4703 742 4773 εἷς
777 4708 887 4762 τῶν
913 4706 1006 4761 δύο
1035 4706 1281 4776 ἀγγέλων
1317 4709 1347 4760 ὁ
1372 4707 1498 4771 Υἱὸς
1517 4702 1605 4779 ἦν,
1629 4706 1769 4779 αὑτὴ

181 4810 217 4878 ἡ
251 4805 445 4879 Γραφὴ
473 4802 729 4870 ἐδίδαξεν.
758 4804 914 4856 Μακ.
967 4801 1129 4868 Πῶς;
1185 4801 1337 4869 Ὀρθ.
1374 4800 1529 4853 Μετὰ
1559 4799 1668 4871 γὰρ
1708 4801 1770 4854 τὸ

184 4900 383 4969 φαγεῖν
405 4895 604 4960 αὐτοὺς
629 4893 722 4949 καὶ
755 4892 1113 4967 εὑλογηθῆναι
1133 4891 1224 4946 τὸν
1263 4890 1533 4962 Ἀϐραὰμ,
1558 4892 1653 4945 καὶ
1672 4892 1770 4964 τὴν

180 4989 280 5043 τοῦ
318 4988 504 5042 Ἰσαὰκ
538 4986 722 5042 λαϐεῖν
767 4985 930 5040 αὐτὸν
973 4983 1326 5054 ἐπαγγελίαν,
1356 4982 1528 5047 οὕτως
1565 4983 1768 5056 γέγρα-

184 5101 342 5148 πται,
364 5100 459 5137 και
485 5080 581 5134 ἐὰν
605 5078 1058 5152 μακροθυμήσῃς,
1083 5077 1245 5145 λέγω.
1265 5081 1416 5132 Μακ.
1435 5076 1591 5131 Εἰπέ.
1622 5078 1769 5147 Ὀρθ.

187 5196 208 5229 ι
250 5177 421 5232 Καὶὸ
462 5174 669 5247 Κύριος
704 5168 858 5227 εἶπεν
879 5188 893 5201 ⁸
922 5172 997 5226 Οὐ
1035 5171 1112 5243 μὴ
1150 5170 1344 5242 κρύψω
1381 5168 1490 5225 ἀπὸ
1525 5168 1774 5241 Ἀϐραὰμ

253 5333 301 5367 ⁸³
342 5330 481 5389 Gen.
506 5344 669 5391 mn,
704 5329 760 5393 4,
798 5326 852 5383 5.
928 5325 975 5360 ⁸⁸
1008 5326 1139 5382 ibid.
1173 5324 1293 5383 6-8.
1368 5324 1415 5359 "
1454 5324 1589 5382 Luc.
1623 5341 1717 5388 xx,
1752 5327 1803 5383 9.

254 5495 369 5572 (11)
406 5495 535 5550 Ὅτι
565 5494 773 5549 abesta
811 5491 927 5548 Pal.
958 5486 1164 5546 Ibidem
1200 5502 1359 5556 ωδε..
1378 5485 1618 5561 εἰρηκὼς
1644 5486 1771 5540 ἑαυ-

180 5570 370 5709 diis)
397 5637 606 5709 Palat.,
633 5634 909 5709 ενόμιςεν,

172 5698 364 5857 τις,δῇ
395 5698 603 5773 Palat.,
629 5698 832 5759 ὃτιόιαῑ
880 5701 1140 5757 ὰναϐλ....
1185 5699 1280 5756 καὶ
1333 5698 1445 5755 ἰδοὺ
1487 5701 1638 5771 τρεῖς
1664 5699 1768 5754 ἀγ-

306 5799 348 5839 ι.

306 5799 348 5839 ι.

1873 4617 2023 4673 hunc
2051 4633 2173 4673 esse
2203 4615 2377 4672 Deum
2407 4617 2775 4674 demonstrat.
2809 4615 3093 4688 Scriptura
3126 4634 3253 4674 vero
3278 4619 3455 4673 mani-

1875 4709 2174 4766 festissime
2233 4708 2415 4773 docet,
2468 4725 2636 4763 unum
2692 4725 2759 4763 ex
2815 4710 2901 4764 his
2967 4709 3185 4764 duobus
3243 4710 3458 4780 angelis

1876 4800 2049 4856 fuisse
2090 4800 2310 4856 Filium.
2352 4800 2562 4854 Maced.
2594 4799 2919 4867 Quomodo?
2944 4798 3097 4856 Ortlt.
3128 4799 3264 4855 Nam
3303 4811 3455 4871 post-

1874 4909 2039 4965 quam
2064 4894 2457 4957 comedissent,
2486 4901 2539 4948 et
2564 4892 2889 4948 benedictus
2926 4891 3123 4949 fuisset
3149 4894 3453 4959 Abraham,

1876 4994 2101 5055 accepta
2148 4985 2300 5039 lsaae
2350 4983 2749 5053 promissione,
2795 4985 2869 5038 ita
2920 4987 3189 5054 scriptum
3228 4991 3347 5051 cst,
3397 4992 3454 5039 et

1874 5077 2079 5143 dicam,
2121 5076 2167 5130 si
2210 5074 2375 5131 modo
2413 5086 2714 5135 sustineas.
2746 5075 2957 5131 Maced.
2987 5076 3106 5155 Dic.
3141 5075 3294 5133 Orth.
3334 5094 3355 5129 ι
3387 5075 3453 5132 Et

1875 5168 2144 5225 Dominus
2198 5168 2337 5224 dixit
2390 5188 2404 5225 :
2461 5168 2584 5224 Non
2653 5170 2843 5227 celabo
2894 5170 3171 5226 Abraham
3229 5185 3453 5227 servom

1889 5322 1935 5358 ⁸⁸
1976 5325 2109 5382 ibid.
2146 5325 2333 5382 10-15.
2410 5326 2456 5360 ⁸⁸
2499 5324 2690 5382 Matth.
2729 5343 2867 5397 ηπ,
2902 5325 2958 5381 2.

1949 5483 2239 5557 (MiEdit.
2265 5483 2551 5557 Stephan.,
2588 5484 2884 5557 ἰσοτίμους.
2916 5481 3038 5540 Mox
3069 5492 3191 5557 post
3216 5481 3454 5551 ἐδέξατο.

1878 5556 1934 5611 in
1958 5555 2121 5613 editis
2156 5558 2372 5629 legitur,
2412 5556 2600 5627 ὥσπερ
2629 5555 2963 5628 γέγραπται,
3001 5570 3123 5629 qua
3162 5556 3364 5613 desunt
3399 5558 3458 5610 in

1877 5642 2061 5772 ms(51.5)
2093 5697 2168 5753 T6
2189 5698 2340 5756 deest
2362 5698 2417 5754 in
2451 5676 2701 5754 Palatino
