3982 6398
528 300 662 356 1919

1679 300 1734 354 S.
1779 299 2240 354 ATHANASIUS.
2281 325 2350 342 λ·-
2392 300 2664 358 SPURIA.

3638 304 3658 355 1
3668 305 3766 356 £80

529 428 730 475 meum,
758 428 878 481 qua:
903 429 1002 482 ego
1027 428 1144 466 sum
1177 411 1443 471 facturus.
1472 415 1744 470 Abraham
1785 388 1965 469 autem
2001 415 2089 470 fiet

2201 415 2282 468 τοῦ
2332 417 2519 480 παιδός
2555 435 2678 488 μου,
2708 418 2744 472 ἀ
2785 417 2962 488 μέλλω
3003 420 3178 471 ποιεῖν
3229 419 3359 486 ἐγώ.
3433 416 3686 488 ’Λεραάμ
3716 417 3768 472 δὲ

531 506 583 556 in
614 513 824 573 gentem
859 519 1105 573 magnam
1137 512 1192 556 et
1220 505 1521 574 copiosam,
1557 517 1608 560 et
1657 507 1710 560 in
1757 523 1824 561 eo
1864 508 2093 561 benedi-

528 604 717 648 centur
750 610 937 649 omnes
987 604 1145 651 terrae
1177 599 1425 651 nationes
1481 619 1494 652 :
1541 618 1560 652 ι
1611 608 1663 654 et
1705 601 1866 669 paulo
1906 608 2028 669 post
2079 619 2090 652 :

531 703 552 735 ι
596 684 736 738 Dixit
784 695 966 738 autem
1000 685 1264 742 Dominus
1309 706 1321 741 :
1364 689 1582 742 Clamor
1633 688 1995 742 Sodomorum
2043 699 2098 744 et

527 773 842 829 Gomorrhm
885 777 1159 832 increbuit
1211 779 1275 832 ad
1327 796 1432 843 me,
1477 789 1529 833 et
1574 782 1821 849 ipsorum
1870 792 2096 851 peccata

527 876 653 919 sunt
683 883 878 937 magna
909 869 1083 924 valde.
1111 871 1272 942 447
1306 870 1653 928 Descendens
1681 873 1848 943 igitur
1877 873 2093 936 videbo,

527 973 655 1012 num
685 961 987 1014 secundum
1019 963 1309 1017 clamorem
1342 966 1584 1033 ipsorum
1617 966 1709 1034 qui
1741 965 1808 1018 ad
1839 981 1923 1019 me
1949 968 2097 1019 venit

526 1052 836 1121 compleant
879 1072 891 1106 :
945 1055 1031 1108 sin
1077 1071 1236 1109 secus
1280 1065 1381 1117 est,
1429 1065 1484 1108 ut
1529 1057 1721 1110 sciam.
1757 1055 1823 1108 Et
1865 1056 2095 1125 digressi

529 1142 656 1195 inde
682 1144 784 1196 viri
820 1154 1089 1199 venerunt
1124 1145 1362 1200 Sodoma
1408 1167 1418 1200 :
1457 1148 1726 1200 Abraham
1761 1162 1890 1202 vero
1920 1148 2096 1202 stabat

527 1249 710 1289 coram
765 1235 1017 1300 Domino,
1078 1249 1132 1293 et
1183 1242 1630 1310 appmpinquans
1694 1241 1831 1294 dixit
1893 1261 1905 1296 :
1959 1240 2097 1294 Num

527 1325 950 1396 perdesjustum
987 1345 1092 1382 una
1137 1347 1260 1383 cum
1311 1333 1510 1402 impio,
1548 1342 1600 1386 et
1653 1333 1755 1386 erit
1811 1333 1994 1402 justus
2041 1343 2098 1385 ut

529 1416 772 1487 impius?
805 1417 862 1473 Si
902 1420 1104 1474 fuerint
1137 1423 1189 1474 in
1233 1423 1364 1476 urbe
1409 1423 1798 1493 quinquaginta
1838 1425 1999 1493 justi,
2028 1439 2097 1478 an

528 1525 626 1564 eos
662 1514 879 1581 perdes,
919 1530 1096 1582 neque
1125 1515 1222 1568 toti
1274 1515 1392 1568 loco
1427 1515 1666 1568 remittes
1697 1525 1916 1584 propter
1948 1515 2099 1584 quin-

529 1604 791 1672 quaginta
832 1605 1035 1673 justos,
1074 1605 1120 1658 si
1160 1606 1214 1658 in
1261 1607 1394 1659 urbe
1440 1604 1680 1659 fuerint?
1707 1606 1864 1660 Absit
1904 1615 1963 1660 ut
1994 1606 2098 1661 hoc

530 1709 684 1763 agas,
733 1707 791 1751 ut
830 1697 1037 1766 justum
1081 1713 1204 1751 cum
1257 1697 1423 1768 impio
1472 1698 1788 1761 interficias,
1823 1701 1878 1753 et
1912 1699 2094 1768 jusius

2195 509 2482 576 γενόμενος
2506 510 2656 562 ἔσται
2678 512 2755 572 εἰς
2781 509 2933 572 ἔθνος
2963 510 3102 580 μέγα
3125 510 3218 562 καὶ
3248 492 3406 572 πολὺ,
3438 510 3535 563 καὶ
3567 509 3774 563 ἑνευλο-

2195 599 2525 671 γηθήσονται
2549 603 2604 654 ὲν
2637 600 2783 671 αύτῷ
2819 602 2996 654 πάντα
3027 603 3094 655 τὰ
3135 602 3260 673 ἔθνη
3291 603 3390 673 τῆς
3427 601 3567 670 γῆς·
3613 622 3632 653 ι
3660 599 3772 656 εἶτα

2199 697 2318 764 μετ’
2351 694 2525 762 ὀλίγα·
2561 713 2578 744 ι
2605 689 2737 746 Εἷπε
2765 695 2822 747 δὲ
2849 698 2877 747 6
2908 694 3130 766 Κύριοςο
3153 695 3384 766 Κραυγὴ
3410 697 3663 767 Σοδόμων
3687 698 3774 750 καὶ

2197 784 2477 857 Γομόρρας
2507 785 2873 855 πεπλήθυνται
2903 788 3042 858 πρὸς
3075 788 3164 857 μὲ,
3195 789 3288 842 καὶ
3309 791 3364 842 αἱ
3391 791 3661 860 ἁμαρτίαι
3693 791 3774 844 αύ-

2196 875 2304 926 τῶν
2339 876 2568 945 μεγάλαι
2605 877 2825 946 σιρόδρα.
2865 877 3124 941 Καταϐἀς
3155 874 3247 931 οὖν
3280 879 3508 950 ὄψομαι,
3539 883 3590 932 ει
3638 881 3773 932 κατὰ

2197 965 2294 1034 τὴν
2335 966 2578 1036 κραυγὴν
2611 966 2788 1018 αὐτῶν
2829 967 2924 1038 τὴν
2954 969 3254 1041 ἐρχομένην
3293 970 3430 1040 πρὸς
3475 971 3546 1039 μὲ
3595 987 3773 1024 συντε-

2198 1056 2441 1110 λοῦνται·
2469 1060 2515 1110 εἰ
2547 1058 2602 1110 δὲ
2639 1059 2733 1129 μὴ,
2765 1059 2851 1112 ἵνα
2879 1060 3011 1127 γνῶ.
3033 1061 3144 1113 Καὶ
3168 1062 3615 1133 ἀποστραφέντες
3641 1065 3775 1116 ἐκεῖ-

2200 1147 2288 1200 θεν
2317 1149 2366 1200 οἱ
2392 1147 2598 1218 ἄνδρες,
2623 1144 2782 1218 ἦλθον
2813 1151 2892 1211 εἰς
2916 1149 3143 1220 Σόδομα.
3184 1149 3432 1221 Ἀϐραὰμ
3456 1151 3516 1203 δὲ
3535 1147 3605 1220 ἦν
3630 1153 3775 1222 £371;-

2201 1235 2308 1300 κὼς
2333 1236 2506 1289 έναντι
2543 1237 2774 1308 Κυρίου·
2810 1239 2900 1290 καὶ
2933 1237 3157 1305 ἐγγίσας
3173 1237 3424 1308 Ἀϐραὰμ
3456 1231 3646 1289 εἶπεν·
3687 1239 3770 1308 Μὴ

2202 1328 2582 1392 συναπολέσεις
2615 1329 2724 1400 (16)
2749 1328 2954 1382 δίκαιον
2990 1330 3128 1400 μετὰ
3162 1329 3412 1392 ἀσεϐοῦς,
3441 1329 3539 1382 καὶ
3575 1330 3722 1381 ἔσται
3747 1331 3772 1380 6

2189 1421 2422 1486 δίκαιος,
2444 1421 2518 1486 ὡς
2538 1424 2566 1476 6
2594 1423 2830 1494 ἀσεϐής;
2858 1423 2982 1476 Ἐὰν
3001 1417 3102 1475 ὦσι
3126 1424 3459 1493 πεντήκοντα
3491 1422 3691 1474 δίκαιοι
3719 1423 3781 1474 ἐκ

2197 1515 2264 1583 τῇ
2294 1513 2466 1577 πόλει,
2496 1513 2776 1578 ἀπολέσεις
2808 1515 3024 1577 αὐτοὺς,
3058 1515 3151 1568 καὶ
3178 1515 3276 1567 οὑκ
3305 1515 3531 1585 ἀνήσεις
3564 1515 3770 1567 ἅπαντα

2199 1599 2290 1656 τὸν
2319 1604 2480 1658 τόπον
2526 1606 2708 1658 ἕνεκεν
2732 1605 2840 1658 τῶν
2869 1607 3206 1675 πεντήκοντα
3243 1605 3488 1668 δικαίων,
3522 1605 3619 1658 ὲάν
3645 1599 3769 1658 ὦσιν

2200 1697 2258 1748 έν
2287 1697 2454 1768 αὐτῇς
2493 1697 2771 1768 Μηδαμῶς
2811 1697 2874 1750 σὺ
2923 1698 3154 1770 ποιήσῃς
3179 1697 3288 1768 (17)
3313 1698 3374 1750 τὸ
3397 1699 3554 1769 ῥῆμα
3594 1699 3767 1759 τοῦτο,

529 1792 637 1845 erit
690 1798 747 1844 ut
798 1791 1029 1861 impius!
1080 1791 1256 1847 absit!
1309 1794 1389 1845 An
1432 1793 1526 1863 qui
1569 1791 1736 1860 judex
1787 1800 1870 1846 est
1929 1793 2096 1848 totius

2201 1787 2290 1840 τοῦ
2326 1788 2638 1841 ἀποκτεῖναι
2686 1787 2892 1840 δίκαιον
2943 1789 3080 1858 μετά
3125 1787 3376 1852 ἀσεϐοῦς,
3432 1791 3526 1842 καὶ
3569 1789 3720 1842 ἔσται
3745 1791 3772 1842 ό

530 1889 711 1944 terrm,
747 1896 854 1935 non
885 1882 1186 1950 judicabit?
1216 1881 1359 1936 Dixit
1391 1892 1569 1936 autem
1603 1881 1868 1936 Dominus
1905 1901 1918 1935 :
1951 1881 2008 1936 Si
2042 1883 2096 1937 in

533 1973 787 2028 Sodomis
816 1973 1075 2029 invenero
1102 1975 1154 2028 in
1182 1975 1316 2030 urbe
1346 1974 1740 2045 quinquaginta
1763 1973 1962 2042 justos,
1995 1974 2096 2028 toti

535 2064 658 2119 loco
705 2066 976 2120 remittam
1008 2067 1061 2120 in
1091 2082 1280 2121 eorum
1314 2067 1540 2136 gratiam
1570 2066 1638 2120 ".
1678 2084 1696 2117 ι
1729 2064 1796 2118 Et
1827 2066 1902 2120 ita
1928 2065 2100 2120 Abra-

535 2143 661 2214 ham
705 2160 990 2214 subductis
1015 2161 1255 2230 quinque
1276 2201 1290 2226 ,
1325 2169 1379 2214 et
1410 2177 1629 2216 rursum
1675 2161 1948 2232 quinque,
1978 2174 2102 2230 per-

532 2253 678 2303 venit
707 2265 880 2316 usque
911 2248 976 2302 ad
1005 2251 1192 2304 decem
1229 2269 1240 2303 :
1278 2267 1296 2300 ι
1332 2249 1584 2322 Dixitque
1611 2249 1753 2306 Deus
1784 2269 1798 2304 :
1828 2248 1946 2304 Non
1975 2264 2094 2318 per-

539 2341 662 2394 dam
699 2342 751 2394 in
784 2342 1012 2410 gratiam
1047 2344 1232 2396 decem
1265 2344 1492 2397 istorum
1530 2362 1542 2397 :
1574 2353 1627 2398 et
1655 2343 1789 2397 abiit
1815 2342 2099 2408 Dominus,

534 2439 820 2500 postquam
851 2431 1103 2484 desiisset
1142 2432 1288 2500 loqui
1324 2433 1389 2486 ad
1438 2433 1708 2486 Abraham
1761 2452 1774 2486 :
1828 2433 2098 2487 Abraham

532 2538 749 2592 (tuoque
781 2521 939 2575 rediit
972 2522 1192 2577 domum
1227 2539 1380 2578 suam
1413 2525 1480 2578 ⁹¹.
1519 2543 1536 2576 ι

606 2614 693 2668 12.
752 2613 958 2668 Maced.
1023 2613 1119 2668 Dic
1188 2630 1307 2684 qua:
1357 2631 1482 2670 mox
1545 2624 1872 2685 sequuntur.
1947 2616 2097 2672 Orth.

541 2723 560 2754 ι
597 2705 877 2759 Venerunt
911 2715 1090 2760 autem
1123 2705 1326 2760 duoilli
1351 2707 1525 2778 angeli
1553 2707 1815 2762 Sodoma.
1841 2727 1858 2760 ι
1889 2707 2098 2762 Maced.

533 2795 704 2849 Audis
733 2795 872 2850 duos
904 2796 1026 2852 illos
1054 2795 1224 2852 fuisse
1267 2797 1522 2867 angelos?
1569 2796 1726 2852 Orth.
1763 2800 1933 2854 Antea
1965 2800 2100 2864 dixi,

534 2889 680 2941 sicut
710 2887 994 2958 Scriptura
1024 2889 1164 2945 duos
1194 2890 1318 2945 illos
1350 2889 1564 2945 vocavit
1591 2889 1759 2954 viros,
1790 2891 1882 2962 qui
1913 2899 2094 2948 tamen

535 2980 635 3032 viri
675 2991 871 3033 natura
913 2996 1023 3034 non
1057 2991 1234 3046 erant,
1268 2982 1347 3037 sic
1383 2985 1547 3036 etiam
1575 2981 1696 3036 illos
1728 2983 1874 3053 ipsos
1911 3000 2104 3040 vocare

537 3070 780 3139 angelos,
830 3073 922 3139 qui
958 3070 1131 3138 angeli
1159 3079 1353 3123 natura
1387 3085 1494 3124 non
1519 3080 1696 3134 erant,
1731 3070 1891 3141 idque
1912 3073 2104 3143 impro—

537 3163 678 3232 prie,
709 3176 774 3214 eo
805 3161 950 3230 quod
982 3159 1075 3215 Dei
1105 3161 1395 3215 consilium
1428 3163 1765 3216 nuntiarent.
1799 3162 2100 3219 Audiamus

539 3260 719 3306 autem
752 3267 872 3322 qua:
902 3263 1225 3321 sequuntur.
1253 3250 1422 3322 Magis
1447 3254 1590 3308 enim
1615 3267 1646 3305 a
1674 3255 1832 3307 ruina
1863 3254 2104 3311 civitatis

537 3343 844 3398 erudimur.
888 3341 1096 3397 Maced.
1150 3342 1266 3397 Dic.
1312 3342 1466 3397 Orth.
1528 3362 1546 3395 ι
1599 3342 1875 3399 Venerunt
1923 3353 2102 3402 autem

537 3434 648 3488 duo
694 3435 770 3488 illi
821 3435 997 3504 angeli
1043 3433 1278 3490 Sodoma
1325 3449 1581 3503 vespere,
1631 3433 1769 3488 Loth
1809 3443 1988 3489 autem
2037 3437 2104 3489 ad

539 3537 750 3599 portam
783 3525 1144 3580 Sodomorum
1193 3526 1447 3589 sedebat,
1476 3526 1568 3594 qui
1605 3542 1702 3582 eos
1731 3528 2102 3598 conspicatus,

537 3619 782 3672 occurrit
808 3619 940 3688 ipsis
969 3617 1185 3671 obviam
1208 3659 1224 3684 ,
1251 3627 1304 3672 et
1335 3618 1472 3671 facie
1502 3617 1556 3671 in
1590 3628 1792 3673 terram
1833 3626 2105 3689 prostrata

537 3711 803 3770 adoravit,
847 3709 1090 3779 dixitque
1137 3728 1150 3764 :
1188 3709 1348 3773 Ecce,
1385 3711 1608 3777 domini,
1655 3710 2007 3766 diversaniini
2050 3711 2105 3764 in

537 3803 758 3856 domum
785 3802 928 3857 servi
963 3801 1150 3867 vestri,
1175 3810 1229 3856 et
1259 3795 1592 3872 pernoctate,
1619 3811 1672 3857 et
1707 3802 1910 3857 abluite
1941 3801 2106 3873 pedes

537 3900 770 3956 vestros,
813 3899 868 3947 et
901 3891 1141 3946 diluculo
1181 3894 1483 3960 experrecti
1526 3893 1762 3966 pergetis
1804 3902 1986 3951 vestro
2025 3895 2108 3948 iti-

537 3997 669 4035 nere
709 3982 779 4032 θ’.
813 3999 832 4031 ι
863 3980 1054 4046 Audis,
1097 3981 1244 4051 quod
1279 3998 1373 4036 eos
1411 3982 1741 4049 adoraverit,
1777 3993 1830 4039 et
1859 3985 2108 4039 dominos

539 4072 797 4141 appellet,
821 4078 876 4125 et
896 4087 1083 4124 eorum
1120 4087 1336 4125 servum
1360 4089 1480 4128 sese
1509 4075 1865 4144 profiteatur?
1896 4074 2106 4132 Maced.

556 4162 789 4216 Putabat
809 4179 902 4217 eos
934 4179 1056 4217 esse
1080 4163 1347 4229 homines,
1379 4173 1452 4229 et,
1484 4182 1605 4221 cum
1632 4168 1911 4238 hospitalis
1943 4176 2107 4233 esset,

2197 1875 2399 1943 δίκαιος
2431 1879 2504 1943 ὡς
2533 1881 2560 1932 6
2589 1879 2821 1950 ἀσεϐής·
2843 1879 3127 1950 μηδαμῶς.
3169 1880 3226 1932 Ὀ
3251 1880 3451 1950 κρίνων
3477 1881 3660 1932 πᾶσαν
3678 1878 3769 1950 τὴν

2197 1969 2300 2039 γῆν
2317 1969 2377 2022 ού
2395 1969 2606 2040 ποιήσει
2636 1969 2843 2040 κρίσιν;
2893 1964 3059 2021 Εἶπεν
3087 1968 3144 2022 δὲ
3173 1970 3201 2021 6
3233 1969 3437 2040 Κύριος
3457 1987 3470 2000 ·
3491 1969 3618 2022 Ἐἀν
3635 1970 3772 2040 εὕρω

2197 2061 2255 2111 ὲν
2284 2058 2536 2129 Σοδόμοις
2561 2059 2895 2128 πεντήκοντα
2922 2057 3161 2122 δικαίους
3193 2059 3249 2110 ἐν
3272 2061 3337 2130 τῇ
3373 2058 3549 2117 πόλει,
3585 2060 3770 2130 ἀφήσω

2199 2149 2375 2204 πάντα
2421 2151 2513 2202 τὸν
2564 2150 2724 2203 τόπον
2763 2149 2829 2202 δι’
2861 2147 3074 2212 αύτούς.
3115 2169 3132 2201 ι
3169 2149 3278 2202 Καὶ
3328 2151 3506 2213 οὓτως
3557 2151 3773 2220 ὑφεῐλας

2199 2242 2380 2303 πέντε,
2432 2241 2526 2294 καὶ
2587 2239 2747 2292 πάλιν
2788 2240 2983 2302 πέντε,
3021 2235 3185 2310 ἦλθεν
3231 2239 3336 2303 ἕως
3385 2239 3556 2292 δέκαο
3612 2258 3632 2291 ι
3673 2244 3774 2295 Καὶ

2198 2331 2348 2386 εἶπεν
2363 2334 2392 2386 6
2409 2331 2541 2395 Θεός
2563 2347 2574 2358 ·
2597 2332 2709 2384 Ούκ
2728 2331 2974 2384 ἀπολέσω
2992 2331 3175 2384 ἕνεκεν
3201 2330 3310 2383 τῶν
3340 2330 3495 2386 δέκα.
3515 2332 3775 2403 Ἀπῆλθεν

2197 2425 2255 2477 δὲ
2287 2427 2316 2478 6
2351 2424 2572 2495 Κύριος,
2617 2423 2693 2486 ὡς
2723 2421 2998 2476 ἐπαύσατο
3028 2423 3205 2476 λαλῶν
3245 2422 3322 2494 τῷ
3365 2423 3655 2496 Ἀϐραάμ·
3688 2428 3772 2478 καὶ

2201 2512 2541 2582 ὑπέστρεψεν
2567 2513 2646 2574 εἰς
2671 2511 2761 2564 τὸν
2791 2507 2940 2564 οἷκον
2971 2511 3155 2565 αὐτοῦ.
3194 2531 3212 2564 ι

2273 2604 2359 2657 12.
2387 2607 2538 2657 Max.
2574 2603 2708 2656 Εἰπὲ
2735 2603 2803 2656 τὰ
2847 2600 2992 2674 ἑξῆς.
3035 2604 3180 2672 Ὁρθ.
3218 2623 3236 2654 ι
3275 2599 3481 2657 Ἦλθον
3521 2600 3580 2658 δὲ
3617 2607 3666 2658 οι
3691 2605 3774 2657 δύο

2201 2691 2418 2759 ἄγγελοι
2469 2691 2548 2754 εἰς
2596 2691 2824 2762 Σόδομα.
2862 2713 2880 2743 ι
2923 2696 3077 2746 Max.
3122 2693 3382 2757 Ἀκούεις,
3433 2695 3518 2748 ὅτι
3564 2695 3773 2762 ἄγγελοι

2199 2779 2338 2854 ἦσαν
2369 2784 2420 2836 οι
2445 2782 2567 2848 δύος
2608 2785 2758 2852 Ὀρθ.
2792 2784 3080 2855 Προλασὼν
3110 2783 3281 2851 εἶπον,
3311 2787 3394 2840 ὃτι
3420 2785 3616 2859 ὥσπερ
3637 2788 3719 2856 λέγ
3732 2803 3774 2839 ει

2201 2878 2326 2940 τοὺς
2357 2875 2450 2930 δύο
2487 2876 2704 2950 ἀνδρας,
2737 2880 2828 2931 καὶ
2854 2878 2953 2931 οὐκ
2971 2873 3111 2950 ἦσαν
3146 2883 3212 2951 τῇ
3246 2877 3405 2949 φύσει
3435 2881 3662 2950 ἄνδρες·
3691 2879 3774 2932 οὔ·

2202 2985 2309 3032 τως
2332 2967 2427 3022 καὶ
2459 2969 2584 3031 τοὺς
2623 2968 2716 3021 δύο
2747 2969 3012 3038 ἀγγέλους
3055 2969 3221 3040 λέγει,
3268 2974 3364 3025 καὶ
3398 2972 3499 3025 οὐκ
3546 2969 3687 3044 ἦσαν
3717 2975 3774 3043 τῇ

2205 3059 2362 3129 φύσει
2379 3060 2616 3129 ἄγγελοι,
2640 3061 2773 3114 ἀλλά
2803 3063 3269 3134 καταχρηστικῶς,
3299 3067 3364 3119 ὲκ
3384 3066 3478 3120 τοῦ
3502 3067 3774 3136 ἀγγέλλειν

2154 3153 2170 3174 ⁴
2203 3153 2396 3216 αὐτοὺς
2428 3152 2526 3224 τὴν
2566 3153 2660 3207 τοῦ
2691 3154 2825 3208 Θεοῦ
2862 3156 3075 3227 βουλήν.
3113 3157 3234 3210 Τῶν
3274 3157 3330 3210 δὲ
3361 3159 3488 3230 ἑξῆς
3537 3161 3774 3214 ἀκούσωο

2205 3262 2326 3316 μεν.
2357 3243 2571 3298 Μᾶλλον
2598 3244 2705 3317 γὰρ
2734 3248 2798 3299 ὲκ
2834 3246 2927 3299 τοῦ
2957 3247 3175 3316 ὲδαφῑου
3212 3247 3600 3320 διδασκόμεθα.
3633 3256 3772 3306 Max.

2203 3338 2358 3392 Εἰπέ.
2393 3339 2558 3406 -Ὄρθ,
2597 3356 2616 3388 ι
2651 3334 2853 3392 Ἦλθον
2897 3339 2954 3392 δὲ
2985 3342 3033 3393 οἱ
3070 3340 3163 3393 δύο
3199 3342 3420 3410 ἄγγελοι
3449 3346 3529 3406 εἰς
3577 3345 3777 3415 Σόδομα

2204 3430 2460 3502 ἑσπέρας.
2493 3429 2617 3484 Λὼτ
2641 3431 2696 3484 δὲ
2735 3431 2969 3502 ἐκάθητο
3013 3434 3138 3504 περὶ
3166 3433 3263 3504 τὴν
3306 3435 3482 3505 πύλην
3512 3437 3773 3507 Σοδόμων.

2217 3521 2362 3575 ’ἰδὼν
2392 3523 2448 3575 δὲ
2482 3521 2626 3587 Λὼτ,
2667 3523 2926 3596 ἐξανέστη
2955 3527 3036 3589 εἰς
3079 3526 3403 3596 συνάντησιν
3453 3529 3661 3592 αὐτοῖς,
3695 3528 3777 3581 καὶ

2207 3613 2609 3685 προσεκύνησεν
2655 3615 2731 3686 τῷ
2756 3615 3031 3687 προσώπῳ
3080 3619 3245 3670 αὐτοῦ
3281 3619 3374 3671 ἐπὶ
3403 3620 3506 3690 τὴν
3528 3623 3634 3690 γῆν
3657 3637 3669 3649 ·
3696 3621 3780 3673 καὶ

2205 3701 2357 3758 εἶπεν
2375 3723 2387 3735 ·
2435 3705 2586 3769 Ἰδοὺ,
2616 3705 2814 3776 κύριοι,
2839 3707 3117 3762 έκκλίνατε
3151 3711 3230 3772 εἰς
3249 3710 3341 3762 τὸν
3363 3706 3514 3764 οἷκον
3541 3711 3637 3764 τοῦ
3667 3729 3780 3764 παι-

2204 3798 2292 3861 δὸς
2321 3796 2494 3868 ὑμῶν,
2553 3799 2644 3850 καὶ
2687 3797 3024 3852 καταλύσατε
3064 3801 3200 3872 (18),
3237 3802 3330 3854 καὶ
3381 3804 3615 3873 νίψασθε
3667 3807 3778 3866 τοὺς

2206 3891 2373 3953 πόδας
2406 3890 2580 3960 ὑμῶν,
2617 3891 2711 3943 καὶ
2748 3887 3117 3962 ὀρθρίσαντες,
3167 3894 3533 3950 ἀπελεύσεσθε
3580 3901 3660 3961 εἱς
3689 3898 3776 3968 τὴν

2206 3980 2323 4035 ὁδὸν
2347 3981 2517 4050 ὑμῶν.
2557 4001 2575 4033 ι
2617 3981 2877 4045 Ἀκούεις,
2905 3982 2985 4035 ὃτι
3011 3981 3416 4054 προσεκύνησεν
3448 3987 3668 4050 αὐτοὺς,
3695 3989 3778 4040 καὶ

2209 4073 2533 4145 κυριολογεῖ,
2591 4074 2684 4126 καὶ
2727 4077 2856 4128 παῖς
2903 4071 3040 4126 εἶναι
3091 4074 3268 4129 αὐτῶν
3309 4077 3597 4146 όμολογεῖ;
3634 4083 3776 4133 Max.

2213 4165 2495 4237 Ἐνόμιζεν
2523 4161 2659 4219 εἶναι
2691 4166 2884 4229 αὐτοὺς
2913 4166 3250 4238 ἀνθρώπους,
3275 4168 3369 4221 καί
3405 4169 3684 4236 φιλόξενος
3713 4169 3781 4221 ὢν

541 4254 791 4308 adoravit
834 4267 952 4313 eos.
998 4263 1052 4308 et
1098 4255 1350 4310 dominos
1398 4259 1630 4313 vocavit.
1691 4258 1845 4314 Orth.
1909 4257 2014 4314 Sed
2061 4260 2099 4314 si

2209 4258 2615 4329 προσεκύνησεν
2649 4259 2759 4329 (19)
2787 4261 3001 4324 αὐτοὺς,
3033 4260 3125 4313 καὶ
3146 4261 3367 4333 κυρίους
3403 4261 3582 4317 καλεῖ.
3636 4265 3777 4329 Ὀρθ.

543 4346 775 4400 fuissent
821 4347 1019 4416 angeli,
1065 4347 1330 4401 dixissent
1369 4349 1417 4404 ei
1460 4366 1473 4402 :
1533 4369 1551 4400 ι
1614 4350 1900 4404 Dominum
1943 4350 2099 4404 Deum

2225 4350 2362 4402 Ἀλλ’
2407 4352 2455 4403 εἰ
2479 4346 2619 4421 ἦσαν
2671 4352 2909 4420 ἄγγελοι,
2951 4348 3101 4404 εἷπον
3151 4352 3216 4405 ἂν
3250 4352 3420 4420 αὐτῷ,
3474 4354 3670 4424 Κυρίῳ
3711 4353 3782 4420 τῷ

541 4447 696 4490 tuum
735 4439 921 4492 adora.
963 4437 1074 4494 Nos
1104 4441 1246 4494 enim
1286 4452 1344 4496 ut
1378 4451 1435 4496 tu
1473 4443 1721 4497 conservi
1757 4458 1950 4498 sumus
1977 4444 2042 4496 ³³.
2083 4463 2099 4494 ο

2209 4441 2329 4512 Θεῷ
2350 4459 2443 4494 σου
2465 4441 2754 4512 προσκύνει
2775 4459 2788 4472 ο
2812 4444 2970 4512 ἡμεῖς
2992 4441 3099 4512 γάρ
3125 4458 3217 4494 σου
3239 4442 3515 4513 ὁμόδουλοε
3552 4445 3732 4513 ἐσμεν.
3758 4461 3772 4490 i

546 4527 754 4584 Haced.
784 4527 1073 4585 Enimvero
1109 4547 1214 4602 qua
1255 4534 1310 4585 in
1353 4549 1409 4588 re
1443 4533 1700 4602 peceabat
1741 4532 1977 4588 adorans
2013 4550 2099 4587 an-

2208 4538 2362 4588 Μακ.
2393 4533 2459 4585 Τί
2500 4534 2609 4607 γὰρ
2649 4534 2888 4602 ἠδικεῖτο
2931 4533 3250 4605 προσκυνῶν
3300 4534 3590 4602 ἀγγέλοις;
3635 4534 3775 4603 Ὀρθ.

543 4619 728 4690 gelos?
767 4619 921 4673 OrIIi.
957 4619 1110 4689 Saepe
1145 4621 1325 4675 audivi
1370 4639 1489 4683 vos.
1522 4636 1647 4675 cum
1687 4622 1962 4685 diceretis,
2001 4640 2099 4677 non

2212 4626 2456 4678 Ἤκουσα
2499 4626 2652 4696 ὑμῶν
2681 4625 2946 4694 λεγόντων
2989 4624 3267 4688 πολλάκις,
3309 4627 3392 4678 ὅτι
3429 4626 3489 4677 ού
3517 4626 3599 4677 δεῖ
3627 4640 3781 4695 προσ-

543 4727 666 4765 esse
695 4709 1033 4764 adorandum
1067 4709 1329 4780 Spiritum
1375 4720 1648 4767 sanctum.
1689 4712 1896 4767 Maced.
1927 4712 2099 4784 Neque

2209 4719 2388 4770 κυνεῖν
2437 4716 2714 4786 Πνεύματι
2758 4717 2834 4788 τῷ
2889 4717 3046 4786 ἁγξῳ.
3086 4720 3238 4770 Μακ.
3284 4717 3394 4768 Καὶ
3437 4716 3546 4788 γὰρ
3606 4718 3666 4770 ού
3689 4717 3776 4769 δεῖ.

542 4804 686 4855 cnim
711 4803 793 4858 fas
819 4813 919 4858 est.
952 4803 1106 4858 Ortli.
1131 4803 1242 4857 Cur
1265 4804 1429 4873 igitur
1458 4819 1602 4858 nunc
1625 4803 1763 4859 dicis
1789 4804 1939 4872 :Qua
1971 4807 2024 4859 in
2058 4822 2099 4862 rt

2223 4806 2374 4872 ‘0p0.
2405 4806 2514 4858 Καὶ
2543 4805 2658 4867 πῶς
2683 4805 2776 4858 νῦν
2803 4805 2997 4874 λέγεις·
3025 4807 3090 4857 Τί
3122 4805 3228 4878 γὰρ
3257 4805 3558 4859 ὲὸλάπτετο
3582 4809 3611 4860 6
3641 4807 3780 4875 ἅγιος

544 4905 766 4950 sanctus
821 4895 956 4949 Loth
1003 4898 1282 4966 peccabat,
1323 4897 1558 4951 adorans
1599 4897 1860 4968 angelos?
1901 4897 2099 4952 Maced.

2213 4894 2332 4949 Λὼτ
2365 4896 2685 4966 προσκυνῶν
2729 4899 2842 4961 τοῖς
2891 4897 3174 4966 ἀγγέλοις;
3211 4900 3367 4952 Μακ.
3413 4899 3508 4969 Μὴ
3560 4899 3669 4968 γὰρ
3713 4896 3780 4960 ὡς

545 4984 683 5040 Num
747 4987 894 5040 enim
951 5002 1050 5043 eos
1121 4996 1178 5041 ut
1235 4988 1521 5042 Dominum
1580 4987 1748 5042 Deum
1821 4989 2099 5044 adoravit?

2211 4988 2398 5060 Κυρίῳ
2421 4987 2499 5058 τῷ
2530 4987 2648 5058 Θεῷ
2692 4995 2986 5058 προσκυνεῖ
3023 4989 3249 5053 αύτοῖς;
3289 4990 3443 5057 Ὀρθ.
3490 4986 3780 5058 ’Δνάγνωθι

547 5075 703 5132 Orm.
747 5075 887 5147 Lege
925 5093 1045 5147 qua:
1095 5079 1289 5134 ordine
1342 5089 1664 5150 sequuntur.
1723 5079 1925 5135 Maced.
1969 5081 2099 5151 Lege

2208 5081 2277 5134 τὰ
2315 5081 2457 5151 ἑξῆς.
2502 5085 2653 5136 Max.
2707 5081 3002 5150 Ἀνάγνωθι
3051 5081 3237 5144 αὑτός.
3295 5082 3450 5148 Ὀρθ.
3511 5082 3668 5136 Μετὰ
3720 5079 3782 5132 τὰ

544 5175 601 5221 ιιι
641 5169 777 5237 ipse.
813 5167 966 5224 Orth.
1007 5169 1078 5224 lis
1126 5187 1247 5240 qua:
1287 5173 1640 5228 recitavimus
1684 5173 1918 5241 subjecit
1962 5175 2099 5242 quod

2209 5171 2620 5239 ἀναγνωσθέντα
2675 5175 2945 5245 ἐπιφέρει,
2991 5174 3072 5226 ὃτι
3131 5174 3371 5240 ἐξένισεν
3425 5173 3654 5238 αύτούς·
3697 5171 3782 5225 καὶ

544 5261 819 5328 exceperit
854 5275 948 5316 eos
974 5261 1235 5331 hospitio,
1276 5273 1328 5315 et
1381 5273 1645 5316 venerunt
1689 5263 1787 5315 viri
1825 5265 1926 5317 loci
1961 5265 2099 5319 illius

2207 5260 2368 5334 ἦλθον
2397 5268 2445 5318 οξ
2475 5265 2664 5337 ἄνδρες
2699 5265 2794 5318 τοῦ
2827 5267 2990 5319 τόπου
3021 5265 3254 5328 ἐκείνου,
3296 5264 3589 5335 ζητοῦντες
3621 5279 3782 5336 παραν-

581 5415 661 5490 ,⁹⁰
690 5413 823 5470 Gen.
861 5432 1016 5480 xvut,
1048 5418 1234 5470 17-28.
1310 5419 1350 5448 "
1397 5417 1528 5472 ibid.
1565 5419 1652 5482 5'3,
1686 5419 1773 5473 55.
1851 5420 1896 5450 ⁹¹
1935 5417 2070 5473 Gen.

2214 5460 2228 5484 ,
2270 5420 2322 5484 1,
2352 5420 2406 5472 ‘2.
2482 5419 2527 5450 "
2563 5419 2731 5489 Apoc.
2769 5436 2882 5481 xix,
2923 5419 3008 5472 10.

618 5595 730 5668 (ιο)
764 5595 918 5668 ῌεεη
951 5599 1348 5660 συναπολέσεις.
1379 5598 1540 5665 Editi,
1573 5595 1958 5668 συναπολέσης.

2297 5597 2404 5667 (18)
2446 5595 2536 5650 Sic
2559 5595 2730 5667 Palat.
2761 5596 2920 5661 Editi,
2950 5597 3344 5656 καταλύσασθε.

619 5665 728 5734 “7-)
768 5664 966 5730 Palat,
1002 5668 1266 5736 ποιήσεις,

2299 5663 2410 5739 (19)
2444 5667 2567 5722 Mss.
2581 5663 2613 5730 ,⁸
2639 5668 2976 5737 προσεκύνει.
