3982 6398
224 312 359 370 ιεει

1207 317 1293 373 DE
1327 317 1602 376 SANCTA
1635 319 2013 379 ΤΒΙΝῙΤΔΤΕ
2040 323 2388 380 DlALOGUS
2414 324 2504 380 lll.

3354 328 3503 384 ιειι

224 426 461 496 ημῆσαι
498 428 579 491 εις
607 428 732 491 τοὺς
775 427 989 500 ἄνδρας.
1018 430 1130 482 Καὶ
1159 431 1188 482 6
1225 428 1349 483 Λὼτ
1379 429 1475 494 τὰς
1508 429 1810 503 θυγατέρας

1914 436 2101 490 animo
2153 433 2346 508 ﬂagitii
2393 438 2660 495 adversus
2718 440 2846 496 illos
2904 442 3302 497 committendi.
3351 443 3491 499 Loth

224 517 395 571 ἐδίδου
422 519 506 582 εἰς
530 516 686 590 ῦδριν
712 518 912 589 μᾶλλον
937 519 971 590 ἢ
999 521 1125 584 τοὺς
1143 519 1361 591 ἄνδρας.
1390 521 1499 573 Καὶ
1527 522 1813 592 ἐπιμενόν-

221 626 331 661 των
359 608 473 662 τῶν
518 609 822 680 Σοδομιτῶν
847 612 914 681 τῇ
964 608 1108 681 ἀθέῳ
1152 610 1368 683 γνώμῃ,
1405 611 1722 666 ἐπεσπῶντο
1760 614 1810 666 οἱ

222 699 451 769 ἄγγελοι
470 700 563 753 τὸν
585 699 706 755 Λὼτ
728 704 808 764 εἰς
833 702 932 772 τὴν
953 702 1150 768 οἰκίαν,
1185 703 1429 767 ἐκείνους
1455 703 1513 755 δὲ
1534 704 1812 768 ἐπάταξαν

224 793 479 864 ἀορασίᾳ.
517 794 588 845 Ἦ
638 794 734 863 οὐχ
789 793 989 859 οῦτως;
1042 797 1197 848 Μακ.
1243 792 1454 857 υῦτως.
1509 796 1662 862 Ὀρθ.
1702 795 1813 849 Καὶ

225 882 352 952 ἑξῆς
410 884 747 955 γέγραπταιο
786 903 805 935 ι
846 880 1013 939 Εἶπον
1052 885 1109 938 δὲ
1154 886 1203 938 οἱ
1244 885 1435 955 ἄνδρες
1477 886 1613 957 πρὸς
1647 886 1808 939 Λώτ·

229 974 385 1027 Ἐστι
422 991 509 1027 σοι
554 968 657 1028 ὦδε
690 975 959 1046 γαμϐρὸς,
989 977 1022 1047 ἢ
1078 977 1206 1043 υἱοὶ,
1240 976 1276 1046 ἢ
1324 975 1656 1048 θυγατέρες;
1692 979 1727 1048 ἢ
1762 977 1818 1031 εἴ

224 1067 308 1130 τίς
340 1084 427 1121 σοι
467 1068 627 1132 ἄλλος
671 1069 818 1122 ἐστὶν
846 1070 905 1122 ὲν
935 1072 1002 1140 τῇ
1033 1068 1207 1134 πόλει,
1248 1067 1483 1139 ἐξάγαγε
1505 1073 1569 1124 ὲκ
1602 1070 1696 1124 τοῦ
1720 1071 1813 1125 τό·

226 1177 328 1213 που
357 1159 574 1216 τούτου.
602 1161 725 1214 Ὀτι
765 1160 1075 1231 ἁπόλλυμεν
1110 1164 1270 1232 ἡμεῖς
1295 1162 1389 1215 τὸν
1410 1163 1574 1216 τόπον
1602 1162 1809 1228 τοῦτον,

225 1252 306 1306 ὃτι
357 1250 549 1326 ὑψώθη
592 1253 625 1323 ὴ
670 1252 886 1324 κραυγὴ
937 1252 1116 1306 αὐτῶν
1163 1253 1402 1308 ἐναντίον
1449 1255 1674 1326 Κυρίου,
1715 1257 1812 1310 καὶ

226 1342 548 1397 ἀπέστειλεν
576 1345 723 1415 ἡμᾶς
745 1346 775 1396 6
799 1344 1003 1417 Κύριος
1030 1345 1282 1417 ὲκτρίψαι
1314 1346 1506 1418 αὑτήν.
1544 1365 1563 1400 ι

296 1520 383 1575 l3.
430 1522 588 1575 Max.
629 1519 889 1585 ’Δκούεις,
938 1522 1021 1574 ὅτι
1066 1521 1418 1592 ὁμολογοῦσιν
1472 1523 1810 1578 ἀπεστάλθαι

225 1612 379 1685 παρὰ
424 1611 668 1685 Κυρίους
700 1613 791 1684 Μὴ
840 1613 995 1666 αὐτοὶ
1041 1613 1238 1685 Κύριοι
1268 1615 1439 1679 slew;
1488 1616 1642 1684 Ὀρθ.
1688 1617 1811 1672 Ἐὰν

224 1701 315 1759 οὖν
336 1704 472 1776 λέγῃ
508 1707 566 1758 ὲν
598 1707 708 1768 τοῖς
725 1704 1078 1774 Εὑαγγελίοις
1101 1708 1130 1759 6
1146 1704 1360 1778 Σωτὴρ,
1417 1707 1499 1760 ὃτι
1524 1726 1542 1758 ι
1566 1708 1680 1761 Οὑκ
1701 1710 1810 1762 ὰπ-

227 1772 491 1865 εστὰλην,
525 1798 574 1851 εἰ
609 1795 685 1867 μὴ
729 1798 807 1859 εἰς
942 1796 1188 1869 πρόϐατα
1211 1772 1633 1852 τάτίὰπολωλότα
1658 1799 1809 1853 οἴκου
1843 1772 1885 1830 Β

237 1888 488 1960 Ἰσραήλο
525 1907 547 1941 ι
592 1889 686 1942 καὶ
720 1888 954 1960 ἀλλαχοῦ
977 1907 992 1921 ·
1033 1908 1053 1942 ι
1090 1889 1291 1954 Καθὼς
1333 1889 1654 1945 ἀπέστειλέν
1678 1908 1745 1963 με
1782 1894 1812 1945 6

225 1979 333 2044 ζῶν
360 1979 573 2052 Πατὴρ,
604 1981 697 2034 καὶ
720 1983 749 2035 6
778 1980 998 2052 πέμψας
1034 1999 1100 2053 με
1126 1981 1346 2053 ἐντολήν
1376 1984 1387 2049 ἶ
1395 2000 1485 2053 μοι
1512 1983 1761 2037 δέδωκενο
1786 2004 1805 2037 ι

225 2068 277 2122 τί
321 2069 485 2134 εἴπω,
518 2070 550 2142 ἢ
601 2069 655 2122 τί
687 2070 935 2142 λαλήσως
962 2071 1159 2125 Οὐκέτι
1203 2071 1543 2143 ὁμολογεῖται
1585 2074 1809 2145 Κύριος,

225 2162 416 2234 ἐπειδὴ
460 2163 768 2235 ἁπεστὰλη;
813 2168 965 2218 Μακ.
998 2165 1110 2217 Καὶ
1150 2166 1179 2218 6
1208 2165 1333 2229 Υἱὸς
1368 2165 1811 2238 ὁμολογουμένως

228 2254 436 2326 Κύριός
461 2257 634 2309 ἐστιν⁴
671 2257 747 2327 μὴ
774 2256 868 2309 καὶ
898 2257 957 2310 τὸ
985 2255 1206 2327 Πνεῦμα
1229 2272 1244 2322 ;
1281 2257 1433 2325 ‘0p0.
1468 2258 1699 2323 Τελείως
1725 2259 1812 2313 ἐν·

227 2345 402 2399 ταῦθα
427 2347 522 2400 καὶ
546 2350 1044 2418 συμπροσκυνεῖται
1072 2348 1165 2401 καὶ
1206 2347 1703 2419 συγκυριολογείται
1734 2349 1812 2421 τῷ

228 2436 364 2509 Υἰῷ.
399 2441 555 2492 Μακ.
596 2436 736 2509 Ἤδη
780 2438 889 2516 γὰρ
929 2439 1219 2503 δέδεικται,
1246 2440 1327 2494 ὅτι
1348 2440 1476 2505 Υἱὸς
1498 2437 1568 2514 ἦν
1590 2441 1669 2513 τῷ
1689 2441 1811 2496 Λὼτ

224 2530 256 2582 6
275 2529 687 2601 διαλεγόμενοςς
729 2532 882 2601 '0p0.
911 2531 1295 2605 Μακροθύμει,
1320 2534 1415 2586 καὶ
1438 2534 1807 2606 ὁμολογήσεις.

228 2625 388 2677 Max.
423 2620 577 2690 Οἶδα,
607 2625 690 2677 ὅτι
739 2627 1016 2697 περισπᾷς
1058 2642 1149 2695 με,
1182 2626 1257 2697 μὴ
1286 2625 1580 2697 δυνάμενος
1613 2629 1809 2691 εἰπεῖν,

229 2714 335 2767 ποῦ
370 2714 679 2787 γέγραπται
734 2716 866 2780 Θεὸς
904 2716 966 2770 τὸ
1014 2716 1258 2788 Πνεῦμα.
1307 2718 1460 2785 Ὀρθ.
1484 2718 1635 2782 Τέως
1669 2719 1811 2787 γνῶ·

232 2827 358 2880 μεν.
393 2811 539 2873 τινες
563 2804 705 2881 ἦσαν
731 2803 873 2863 οῦτοι
902 2809 949 2861 οἱ
987 2808 1298 2878 φαινόμενοι
1328 2807 1541 2879 ἄνδρες,
1568 2807 1663 2862 καὶ
1691 2808 1810 2862 τότε

229 2901 365 2955 αὐτὸ
395 2900 455 2954 τὸ
491 2899 717 2972 Πνεῦμα
753 2899 914 2953 δώσει
948 2901 1164 2954 πάντων
1193 2898 1304 2953 τῶν
1331 2898 1676 2971 ζητουμένων
1714 2899 1812 2971 τὴν

230 2993 469 3064 εὕρεσιν.
514 2995 672 3048 Max.
720 2990 883 3060 Ἐγὼ,
928 2990 1005 3054 ὼς
1045 2990 1158 3061 ἔχει
1202 2992 1236 3062 ἡ
1282 2991 1496 3062 Γραφὴ,
1550 2990 1811 3061 ἀγγέλους

229 3084 397 3152 λέγω.
443 3084 598 3154 Ὀρθ.
632 3082 805 3152 Κάγὼ
844 3083 1110 3152 ἀγγέλους
1144 3082 1238 3137 καὶ
1267 3082 1466 3153 ἄνδρας
1491 3081 1635 3151 λέγω
1653 3098 1665 3111 ·
1695 3082 1810 3136 ἀλλ’
1837 3111 1880 3170 C

228 3176 421 3248 ὥσπερ
441 3176 579 3241 τέως
605 3176 951 3248 ὡμολόγηται
981 3178 1136 3248 ἡμῖν,
1165 3176 1248 3229 ὅτι
1279 3172 1362 3239 εἷς
1388 3176 1496 3228 τῶν
1528 3174 1695 3247 τριῶν
1719 3176 1813 3229 ἀν-

227 3268 372 3343 δρῶν
396 3268 602 3340 Κύριος
629 3270 658 3322 ὁ
685 3268 839 3333 Θεὸς,
869 3267 1041 3332 οὕτως
1068 3271 1100 3337 ἠ
1138 3267 1383 3334 ἐξέτασις
1403 3267 1623 3338 εὑρήσει
1651 3266 1743 3320 καὶ
1761 3267 1810 3319 οἱ

228 3360 324 3415 δύο
354 3360 496 3425 τίνες
538 3355 703 3432 ἦσαν.
734 3363 890 3415 Max.
914 3360 1052 3413 Εἰπὲ
1075 3359 1128 3412 τι
1163 3358 1336 3421 θέλεις
1364 3357 1498 3429 (20).
1547 3359 1701 3427 Ὄρθ.
1730 3357 1811 3411 Τὰ

228 3451 356 3524 ἑξῆς
386 3452 779 3522 ἀναγινώσκως
804 3456 957 3506 Max.
999 3449 1316 3520 Ἀνάγνωθι.
1370 3450 1524 3519 Ὀρθ.
1560 3466 1580 3501 ι
1619 3448 1811 3503 Ἠνίκα

227 3543 286 3599 δὲ
314 3544 507 3615 ὄρθρος
530 3543 769 3612 ἐγένετο,
791 3540 1193 3606 ὲπεσπούδαζον
1220 3542 1270 3594 οἱ
1301 3540 1520 3611 ἄγγελοι
1550 3540 1640 3594 τὸν
1664 3539 1807 3606 Λὼτ,

227 3633 478 3703 λέγοντες
493 3652 507 3665 ·
544 3634 812 3698 ’Δναστὰς
833 3633 961 3686 λαϐὲ
980 3632 1076 3704 τὴν
1101 3634 1332 3701 γυναῖκα
1355 3648 1451 3685 σου
1480 3632 1575 3686 καὶ
1603 3632 1700 3694 τὰς
1718 3631 1811 3684 δύο

228 3726 554 3799 θυγατέρας,
599 3724 667 3789 ἃς
699 3725 863 3796 ἔχεις,
900 3728 991 3781 καὶ
1042 3727 1245 3795 ἔξελθε,
1292 3726 1379 3779 ἵνα
1421 3723 1495 3796 μὴ
1540 3724 1808 3796 συναπόλῃ

225 3823 352 3883 ταῖς
395 3821 648 3892 ἁνομίαις
691 3821 789 3890 τῆς
824 3820 1052 3885 πόλεως.
1100 3821 1211 3874 Καὶ
1266 3818 1668 3890 ἐταράχθησαν,
1716 3818 1810 3871 καὶ

226 3913 542 3985 ἐκράτησαν
574 3915 623 3967 οἱ
654 3912 874 3981 ἄγγελοι
906 3913 1005 3983 τῆς
1036 3912 1217 3984 χειρὸς
1240 3910 1426 3974 αὑτοῦ,
1453 3912 1546 3963 καὶ
1571 3911 1667 3982 τῆς
1694 3927 1808 3981 χει-

228 4007 324 4077 ρὸς
344 4006 446 4077 τῆς
469 4005 728 4075 γυναικὸς
771 4004 960 4069 αὐτοῦ,
985 4006 1078 4059 καὶ
1102 4004 1208 4058 τῶν
1230 4003 1428 4075 χειρῶν
1446 4003 1554 4057 τῶν
1586 4002 1679 4056 δύο
1712 4001 1808 4055 ου-

224 4099 476 4171 γατέρων
509 4096 698 4163 αὑτοῦ,
730 4099 786 4150 ἐν
814 4096 891 4168 τῷ
926 4095 1216 4166 φείσασθαι
1249 4095 1452 4168 Κύριον
1483 4095 1669 4150 αὑτοῦ,
1700 4095 1810 4148 Καὶ

224 4190 445 4260 ἐγένετο
466 4190 630 4262 ἡνίκα
652 4188 920 4259 ἐξήγαγον
942 4188 1139 4251 αὐτοὺς
1169 4187 1293 4254 ἔξω,
1323 4186 1420 4241 καὶ
1448 4182 1598 4239 εἶπον
1619 4200 1632 4215 ⁸
1661 4184 1809 4249 Σῶζε

224 4283 326 4355 τὴν
361 4281 553 4336 ἑαυτοῦ
592 4281 791 4353 ψυχὴν,
820 4282 913 4335 καὶ
954 4280 1027 4351 μὴ
1054 4278 1356 4352 περιϐλέψῃ
1397 4280 1475 4342 εές
1514 4278 1582 4332 τὰ
1612 4276 1806 4343 ὀπίσω,

227 4375 366 4447 μηδὲ
393 4377 526 4447 στῇς
551 4376 609 4428 ὲν
638 4373 789 4446 πάσῃ
809 4375 875 4445 τῇ
913 4372 1218 4444 περιχώρῳ.
1247 4372 1341 4434 Εἰς
1363 4370 1425 4423 τὸ
1452 4370 1577 4440 ὅρος
1612 4368 1805 4435 σώζου,

1910 539 2043 579 vero
2080 522 2241 589 filias,
2275 528 2458 596 potius
2488 541 2652 596 quam
2687 528 2835 582 viros
2875 528 3021 592 illos,
3051 527 3313 583 oli‘erebat
3344 528 3490 598 ipso-

1912 630 2033 669 rum
2081 616 2447 672 contumeliae.
2502 616 2752 688 Cumque
2798 625 3183 687 permanerent
3225 617 3280 672 in
3325 618 3491 687 impia

1913 707 2004 759 illa
2042 710 2313 763 sententia
2354 708 2687 774 Sodomita,
2735 707 3358 765 retraxeruntLotbum
3390 723 3489 762 an-

1911 795 2017 864 geli
2080 796 2340 860 domum,
2390 796 2513 853 illos
2562 813 2691 853 vero
2744 799 2984 852 caecitate
3032 805 3421 867 percusserunt
3469 838 3485 853 .

1912 899 2098 941 annon
2130 886 2206 941 ita
2238 889 2501 958 scriptum
2532 890 2657 945 est?
2703 888 2911 945 Haccd.
2946 889 3047 944 lla.
3086 888 3239 945 Ortlt.
3279 887 3486 945 Deinde

1913 979 2181 1048 scriptum
2210 988 2294 1035 est
2336 1000 2350 1034 :
2392 999 2412 1031 ι
2446 979 2710 1034 Dixerunt
2747 990 2925 1036 autem
2963 981 3031 1035 ad
3070 980 3206 1034 Loth
3234 982 3336 1036 viri
3361 982 3438 1036 illi
3468 998 3483 1035 :

1914 1067 2080 1123 Estne
2120 1069 2217 1124 tibi
2262 1086 2452 1141 gener,
2495 1073 2579 1126 vel
2624 1071 2746 1133 ﬁlii,
2792 1072 2874 1127 vel
2910 1073 3067 1127 ΙίΙὶιεῖ
3103 1080 3197 1127 aut
3255 1073 3302 1128 si
3359 1071 3487 1144 quis

1913 1161 2055 1216 alius
2092 1163 2191 1216 tibi
2226 1171 2311 1218 est
2354 1164 2407 1217 in
2453 1163 2608 1227 urbe,
2632 1164 2771 1218 educ
2800 1179 2923 1219 eum
2960 1181 3025 1219 ex
3067 1164 3171 1219 hoc
3210 1164 3349 1219 loco.
3382 1163 3485 1219 Su-

1912 1269 2036 1309 mus
2055 1255 2199 1309 enim
2235 1254 2380 1310 hunc
2411 1256 2588 1310 locum
2611 1256 2964 1324 destructuri,
2991 1256 3247 1327 quoniam
3279 1256 3487 1319 clamor

1911 1361 2102 1401 eorum
2157 1348 2408 1403 sublatus
2447 1356 2532 1403 est
2584 1363 2767 1402 coram
2816 1347 3073 1413 Domino,
3105 1357 3159 1402 et
3196 1348 3347 1402 misit
3384 1362 3485 1403 nos

1912 1433 2199 1502 Dominus,
2237 1447 2295 1492 ut
2336 1437 2480 1492 hanc
2518 1439 2708 1493 urbem
2739 1437 3020 1493 deleamus
3045 1439 3115 1493 “.
3154 1454 3174 1489 ι

1984 1529 2071 1584 l5.
2112 1527 2324 1583 Maccd.
2356 1530 2529 1585 Audis
2566 1530 2717 1600 ipsos
2755 1528 2912 1583 fateri
2947 1543 3006 1583 se
3045 1528 3244 1583 missos
3282 1541 3405 1583 esse
3454 1540 3486 1581 ι

1912 1619 2184 1677 Domino?
2235 1638 2366 1677 num
2425 1622 2593 1695 igitur
2652 1622 2756 1692 ipsi
2823 1627 2951 1677 sunt
3014 1619 3274 1673 Domini?
3328 1617 3483 1675 Orth.

1911 1712 2049 1768 Cum
2100 1714 2263 1785 igitur
2311 1714 2460 1769 dicat
2505 1715 2560 1769 in
2605 1712 2915 1785 Evangeliis
2951 1711 3255 1766 Salvator:
3302 1730 3320 1763 ι
3365 1708 3486 1765 Non

1912 1820 2033 1859 sum
2093 1804 2318 1867 missus,
2355 1803 2459 1858 nisi
2505 1800 2571 1856 ad
2614 1816 2745 1858 oves
2787 1816 2908 1872 quae
2957 1800 3238 1871 perierunt
3292 1798 3488 1854 domus

1911 1894 2079 1950 lsrael
2125 1894 2172 1928 ”
2222 1914 2239 1951 :
2293 1912 2313 1946 ι
2366 1902 2421 1949 et
2465 1893 2596 1947 alibi
2642 1911 2658 1947 :
2711 1911 2731 1944 ι
2785 1893 2941 1947 Sicut
2990 1889 3140 1945 misit
3182 1905 3266 1944 me
3299 1890 3489 1944 vivens

1911 1985 2110 2053 Pater;
2140 1992 2193 2039 et
2214 1985 2307 2055 qui
2334 1984 2482 2040 misit
2512 1999 2620 2048 me,
2648 1984 2965 2038 mandatum
2987 1982 3135 2037 dedit
3169 1982 3301 2035 mibi
3329 1982 3377 2014 "
3402 1998 3418 2048 ;
3462 2001 3482 2034 ι

1912 2077 2050 2148 quid
2104 2076 2306 2139 dicam,
2351 2081 2445 2129 aut
2495 2074 2624 2145 quid
2676 2072 2911 2144 loquar?
2966 2072 3049 2126 An
3092 2073 3326 2142 amplius
3375 2087 3489 2127 non

1912 2169 2232 2240 agnoscitur
2269 2182 2395 2222 esse
2424 2165 2711 2229 Dominus,
2747 2167 2873 2236 quia
2903 2164 3109 2219 missus
3137 2162 3254 2220 est?
3276 2161 3485 2218 Maccd.

1912 2260 2085 2317 Filius
2126 2274 2346 2332 quoque
2397 2259 2517 2315 sine
2565 2257 2941 2313 controversia
3004 2255 3267 2311 Dominus
3323 2265 3409 2313 est
3470 2269 3487 2309 :

1912 2369 2044 2407 num
2079 2367 2212 2407 vero
2258 2351 2422 2406 etiam
2480 2349 2759 2422 Spiritus?
2798 2346 2951 2403 Orth.
2994 2347 3230 2402 Prorsus
3285 2348 3371 2402 hic
3414 2347 3489 2403 si—

1912 2444 2025 2499 mul
2063 2443 2344 2507 adoratur,
2384 2448 2439 2498 et
2469 2441 2632 2497 simul
2671 2440 2934 2496 Dominus
2965 2440 3325 2510 compellatur
3361 2453 3488 2494 cum

1913 2535 2071 2591 Filio.
2113 2533 2324 2590 Maced.
2360 2532 2480 2589 Jam
2516 2549 2645 2589 vero
2672 2532 2844 2605 m
2880 2532 3271 2588 demonstrasti
3290 2530 3487 2586 Filium

1916 2628 2086 2682 fuisse
2131 2643 2290 2690 eum,
2338 2626 2429 2697 qui
2483 2623 2619 2680 Loth
2677 2623 3095 2693 alloquebatur?
3152 2622 3306 2677 Orllt.
3355 2622 3488 2677 Ani-

1912 2734 2061 2773 mum
2097 2718 2313 2782 cohibe,
2340 2729 2394 2773 et
2419 2716 2691 2772 fateberis.
2718 2714 2927 2770 Haced.
2960 2713 3075 2769 Hoc
3104 2714 3323 2785 quidem
3348 2716 3487 2777 scio,

1913 2811 2058 2882 quod
2101 2826 2188 2865 me
2244 2811 2607 2881 circumagas,
2648 2823 2773 2863 cum
2816 2822 2924 2861 non
2963 2807 3141 2877 possis
3181 2806 3362 2860 dicere
3395 2803 3490 2861 ubi

1915 2904 2179 2972 scriptum
2252 2902 2351 2957 sit:
2404 2901 2640 2971 Spiritus
2686 2907 2769 2954 est
2826 2896 2991 2952 Deus.
3043 2896 3196 2952 Orth.
3243 2893 3488 2949 Primum

1914 2994 2155 3050 sciamus
2176 2995 2399 3063 quinam
2430 2992 2678 3046 homines
2709 2990 2930 3056 fuerint,
2979 2988 3072 3059 qui
3093 2993 3489 3058 apparuerunt,

1917 3096 1971 3140 et
2023 3093 2155 3141 tunc
2206 3085 2324 3155 ipse
2372 3083 2616 3154 Spiritus
2656 3091 2884 3136 sanctus
2929 3079 3081 3134 dabit
3118 3088 3177 3133 ut
3220 3078 3489 3149 quidquid

1912 3180 2207 3250 quaerimus
2250 3176 2611 3231 inveniamus.
2650 3172 2857 3228 Maced.
2894 3172 3026 3244 Ego,
3060 3180 3119 3227 ut
3142 3156 3304 3227 habet
3340 3172 3494 3226 Scri-

1912 3280 2093 3342 ptura,
2126 3269 2351 3340 angelos
2389 3266 2534 3321 dico.
2570 3264 2726 3321 Ortft.
2768 3262 2881 3336 Ego
2914 3277 3044 3318 vero
3083 3269 3136 3318 et
3182 3262 3405 3333 angelos
3437 3271 3492 3316 et

1911 3364 2060 3416 viros
2105 3360 2229 3415 dico
2260 3375 2275 3410 :
2310 3358 2427 3423 sed,
2462 3365 2523 3412 ut
2560 3364 2721 3410 antea
2761 3356 2903 3410 inter
2939 3370 3041 3410 nos
3083 3352 3488 3415 consensimus,

1914 3468 2082 3508 unum
2120 3451 2351 3505 istorum
2383 3449 2553 3504 trium
2597 3447 2770 3502 fuisse
2814 3445 3106 3500 Dominum
3159 3445 3354 3510 Deum,
3413 3444 3492 3499 ita

1910 3549 2074 3601 etiam
2141 3550 2334 3599 exacta
2390 3539 2852 3612 pervestigatione
2902 3537 3210 3592 invenietur
3260 3534 3488 3605 quinam

1910 3640 2074 3695 eﬁam
2112 3636 2203 3691 isti
2237 3634 2347 3690 duo
2382 3633 2605 3689 fuerint.
2643 3629 2852 3685 Maccd.
2895 3629 2992 3684 Dic
3033 3628 3179 3699 quod
3222 3628 3483 3683 volueris.

1914 3728 2065 3785 Orth.
2118 3726 2317 3799 Legam
2371 3741 2494 3797 quae
2541 3723 2996 3794 consequuntur?
3052 3717 3262 3776 Maced.
3320 3719 3485 3788 Lege.

1914 3821 2065 3877 Orth.
2102 3837 2122 3871 ι
2176 3817 2309 3874 Orto
2347 3832 2478 3873 vero
2510 3816 2753 3871 diluculo
2793 3815 3060 3885 urgebant
3097 3811 3236 3866 Loth
3285 3810 3487 3882 angeli,

1909 3913 2153 3968 dicentes
2188 3926 2205 3965 :
2244 3907 2419 3979 Surge
2455 3915 2510 3963 et
2544 3908 2730 3977 accipe
2774 3920 2998 3961 uxorem
3040 3914 3209 3967 tuam,
3252 3911 3306 3957 et
3348 3902 3489 3959 duas

1910 4004 2070 4071 ﬁlias',
2112 4017 2250 4074 quas
2292 4001 2484 4064 habes,
2517 4009 2572 4055 et
2609 3998 2885 4070 egredere,
2921 4013 2990 4052 ne
3024 4007 3132 4050 una
3168 4008 3293 4048 cum
3334 3992 3487 4049 urbis

1910 4098 2207 4155 sceleribus
2233 4111 2445 4167 pereas.
2482 4092 2587 4165 Ipsi
2617 4108 2749 4147 vero
2772 4091 2977 4147 turbati
3004 4096 3153 4153 sunt,
3181 4088 3489 4158 apprehen-

1910 4192 2214 4260 deruntque
2257 4186 2434 4258 angeli
2484 4199 2704 4239 manum
2751 4183 2894 4253 ejus,
2931 4190 2986 4237 et
3026 4188 3248 4234 manum
3299 4178 3491 4233 uxoris

1909 4285 2049 4353 ejus,
2084 4289 2142 4337 et
2175 4296 2369 4335 manus
2405 4278 2635 4334 duarum
2666 4276 2900 4331 ﬁliarum
2938 4275 3080 4346 ejus,
3112 4272 3258 4344 quod
3300 4269 3489 4325 Domi-

1911 4392 2016 4431 nus
2045 4375 2093 4430 ei
2127 4380 2395 4443 parceret.
2416 4369 2499 4429 .Et
2532 4368 2735 4423 factum
2764 4378 2848 4423 est
2876 4381 3001 4422 cum
3039 4365 3361 4421 eduxissent
3388 4378 3487 4418 eos

335 4444 996 4540 mssweupxapziquﬁg.
1028 4463 1162 4519 Εἶπε
1193 4466 1252 4519 δὲ
1284 4463 1408 4518 Λὼτ
1438 4463 1576 4535 πρὸς
1607 4462 1769 4516 αὐτόν
1789 4478 1803 4493 ·

1913 4468 2070 4533 foris,
2097 4466 2397 4523 dixerunt:
2433 4461 2603 4518 Serva
2634 4471 2782 4515 tuam
2813 4460 2988 4530 ipsius
3015 4458 3276 4519 animam,
3310 4470 3489 4526 neque

222 4564 448 4633 Δέομαι,
477 4561 674 4633 Κύριε,
710 4560 896 4631 ἐπειδὴ
933 4555 1090 4629 εὗρεν
1131 4562 1159 4612 ὁ
1197 4560 1322 4622 παῖς
1350 4574 1443 4610 σου
1484 4556 1631 4619 ἔλεος
1652 4558 1807 4611 ἐναν-

221 4656 339 4708 τίον
361 4671 476 4720 σου,
501 4655 594 4707 καὶ
612 4652 950 4724 ἐμεγάλυνας
963 4652 1060 4723 τὴν
1084 4649 1427 4720 δικαιοσύνην
1454 4664 1567 4712 σου,
1584 4648 1613 4700 ὂ
1636 4650 1807 4711 ποιεῖς

220 4749 312 4803 ἐπ’
346 4749 469 4821 ἐμὲ,
495 4746 591 4801 τοῦ
636 4746 737 4819 ζῇν
765 4746 865 4818 τὴν
894 4745 1072 4817 ψυχήν
1117 4761 1239 4814 μου.
1290 4741 1432 4810 Ἐγὼ
1460 4740 1517 4794 δὲ
1557 4740 1618 4793 οὗ
1649 4739 1808 4811 δυνή-

225 4858 392 4913 σομαι
419 4840 662 4912 σωθῆναι
691 4842 771 4904 εἰς
794 4839 855 4893 τὸ
886 4838 1033 4910 ὅρος,
1065 4839 1138 4908 μή
1169 4852 1300 4890 ποτε
1329 4831 1611 4906 μεταλάϐῃ
1641 4849 1708 4904 με
1736 4831 1806 4886 τὰ

222 4932 396 5011 κακὰ⁸
423 4933 519 4987 καὶ
558 4930 836 4986 ἀποθάνω.
878 4929 1010 4984 Ἰδοὺ
1053 4930 1087 5000 ἡ
1132 4928 1284 4992 πόλις
1317 4926 1457 4997 αῦτη
1487 4926 1675 4994 ἐγγὺς,
1709 4927 1805 4979 τοῦ

223 5030 561 5095 κατατυγεϊν
586 5040 653 5096 με
681 5025 814 5088 ἐκεῖ,
836 5023 872 5094 ἦ
903 5024 1019 5076 ἐστι
1058 5019 1251 5093 μικρά.
1294 5020 1442 5073 Ἐκεῖ
1464 5017 1799 5089 σωθήσομαι.

221 5119 296 5171 Οὐ
336 5116 509 5187 μικρά
541 5116 694 5178 ὲστι;
732 5114 825 5166 καὶ
863 5108 1088 5183 ζήσεται
1126 5113 1160 5183 ὴ
1200 5109 1346 5179 ψυχή
1392 5124 1514 5178 μου.
1549 5125 1568 5156 ι
1618 5105 1807 5195 ’Δκούγ

1912 4559 2126 4628 respice
2169 4572 2200 4610 a
2248 4564 2423 4626 tergo,
2466 4567 2645 4623 neque
2682 4552 2925 4606 consiste
2965 4550 3021 4603 in
3056 4547 3490 4616 circumjaceule

1909 4653 2131 4721 regione
2163 4668 2176 4703 :
2211 4648 2395 4703 salvus
2423 4654 2541 4701 esto
2563 4647 2621 4699 in
2653 4651 2855 4705 monte,
2885 4656 2952 4695 ne
2979 4640 3138 4694 simul
3167 4638 3486 4693 iuvolvaris.

1913 4740 2123 4797 Lothus
2157 4754 2290 4795 vero
2324 4737 2462 4794 dixit
2504 4737 2554 4792 ei
2608 4754 2621 4789 :
2657 4733 2921 4796 Obsecro,
2951 4731 3198 4796 Domine,
3233 4729 3486 4798 quando-

1910 4836 2129 4907 quidem
2162 4832 2368 4887 invenit
2402 4844 2595 4885 servus
2617 4836 2744 4882 tuus
2774 4823 3209 4880 misericordiam
3238 4820 3380 4891 apud
3411 4829 3488 4886 te,

1910 4935 1966 4983 et
1999 4924 2357 4995 magnificasti
2383 4922 2652 4992 justitiam
2695 4930 2867 4982 tuam,
2906 4930 3069 4986 quam
3110 4914 3247 4969 facis
3291 4913 3345 4967 in
3376 4929 3486 4981 me,

1912 5025 1973 5070 ut
2016 5015 2161 5068 vivat
2207 5013 2390 5065 anima
2440 5025 2580 5065 mea.
2616 5007 2725 5080 Ego
2766 5018 2949 5061 autem
2990 5020 3099 5059 non
3146 5017 3370 5073 possum
3433 5003 3489 5056 in

1909 5116 2093 5161 monte
2122 5104 2351 5168 servari,
2391 5119 2460 5159 ne
2490 5098 2952 5170 comprehendant
2983 5112 3070 5152 me
3090 5096 3234 5149 mala
3273 5102 3326 5148 et
3358 5108 3486 5163 per-

220 5225 322 5273 εις,
358 5209 407 5261 εἰ
452 5201 569 5261 ὦτα
602 5205 766 5276 ἔχεις,
808 5205 911 5268 ὅτι,
942 5205 1103 5274 γνοὺς
1145 5202 1324 5256 αὐτῶν
1369 5199 1467 5272 τὴν
1516 5184 1808 5271 κοινότητά

1913 5213 2045 5253 eam.
2099 5194 2241 5251 Ecce
2283 5195 2397 5249 haec
2435 5194 2566 5249 urbs
2606 5206 2812 5262 prope,
2878 5197 2938 5243 ut
2987 5188 3117 5241 illuc
3178 5184 3489 5253 confugiam

220 5302 315 5353 καὶ
340 5299 596 5370 ἑνότητα,
617 5295 941 5369 προσπεσὼν
968 5296 1149 5359 αὐτοῖς
1176 5290 1327 5348 εἶπεν
1346 5310 1360 5323 ·
1396 5310 1416 5344 ι
1447 5290 1668 5362 Δέομαι,
1682 5291 1804 5345 1(ύέ

1905 5305 2071 5361 parva
2104 5295 2210 5345 est.
2247 5285 2362 5341 Illic
2399 5286 2678 5342 servabor.
2735 5278 2992 5350 Nunquid
3028 5294 3135 5333 non
3174 5290 3340 5346 parva
3372 5273 3493 5328 est!

224 5401 328 5465 ριε,
344 5405 362 5437 ι
381 5365 525 5457 οὐχι,
547 5365 767 5455 Κύριοι.
798 5383 953 5456 ᾝδει
975 5382 1104 5454 γὰρ,
1128 5382 1210 5437 δτι
1239 5380 1411 5446 οὐδεὶς
1430 5379 1653 5435 δύναται
1680 5380 1799 5435 δυσὶ

1913 5389 1960 5435 ει
2008 5381 2153 5434 vivet
2194 5378 2376 5433 anima
2433 5390 2553 5432 mea
2589 5375 2657 5430 ".
2701 5392 2720 5425 ι
2762 5373 2953 5436 Audis,
2995 5371 3043 5426 si
3086 5382 3248 5424 aures
3295 5365 3488 5432 habes,

290 5564 337 5596 "
374 5560 515 5619 Gen.
548 5576 681 5627 ιιι,
719 5558 817 5623 {2,
855 5558 940 5614 13.
1016 5558 1064 5593 ⁸⁸
1110 5557 1299 5614 Matth.
1338 5573 1427 5629 ιιχ
1460 5557 1549 5611 24.
1628 5557 1674 5589 ’⁸
1708 5555 1808 5613 Joa

1913 5573 2007 5624 ιιι,
2043 5555 2132 5613 49.
2208 5557 2250 5590 ⁸⁷
2290 5553 2427 5611 Gen.
2464 5568 2588 5621 ιιι,
2627 5549 2811 5607 15οὲ0.

289 5721 402 5793 (20)
432 5719 579 5773 Εάίῑ.
610 5714 826 5787 Steph,
854 5715 905 5768 τε
933 5716 1129 5782 λέγεις.
