3982 6398
533 302 666 359 Ιὲἑδ

1614 302 1675 357 s.
1717 288 2183 359 nusnssws.
2228 335 2295 349 ρ-
2342 300 2618 357 SPURIA.

3646 305 3777 359 1221

533 426 683 489 LOU),
729 441 851 479 cum
892 431 1076 479 nosset
1127 438 1316 478 eorum
1361 424 1799 477 communionem
1828 432 1882 481 et
1912 424 2079 479 unita-

2198 425 2408 497 κυρίοις
2444 423 2717 477 δουλεύειν
2736 441 2749 453 ν
2785 423 2879 478 δύο
2905 423 2963 477 δέ
3001 425 3160 487 εἰσιν,
3194 425 3283 477 ὅτε
3309 424 3338 475 6
3380 424 3478 493 μὲν
3508 423 3668 475 τοῦτο
3698 424 3781 476 θέ-

531 535 654 581 .ent,
690 518 957 573 accidisse
995 515 1062 569 ad
1100 531 1287 570 eorum
1324 517 1511 585 pedes,
1545 524 1598 569 et
1628 516 1834 571 dixisse
1870 533 1884 568 ι
1924 536 1943 567 ι
1987 514 2098 570 Ob-

516 623 699 676 secro,
735 609 979 671 Domine,
1021 628 1039 660 ι
1079 623 1211 675 non,
1234 608 1467 662 Domini.
1502 607 1717 663 Sciebat
1739 609 1885 663 enim
1918 609 2096 663 nemi-

527 718 643 757 nem
709 717 870 771 posse
933 699 1150 754 du‘obus
1207 699 1445 753 dominis
1501 701 1726 754 servire.
1789 698 1904 753 Duo
1968 708 2095 754 sunt

520 799 724 855 autem,
769 807 893 846 cum
934 804 1077 846 unus
1119 790 1342 861 quidem
1382 790 1519 851 hoc,
1566 791 1703 845 alter
1748 791 1891 845 istud
1947 792 2084 846 vult.

526 881 614 936 Dic
654 883 820 953 igitur
862 890 917 938 et
961 889 1021 936 tu
1060 881 1196 938 Filio
1235 898 1298 937 ac
1335 881 1562 953 Spiritui
1607 903 1619 937 :
1662 880 1926 946 Obsecro,
1983 881 2090 935 Dn-

524 972 699 1035 mine.
757 974 1202 1045 quandoquidem
1267 974 1700 1029 misericordiam
1758 981 1954 1030 nactus
2010 983 2093 1028 est

524 1079 708 1119 servus
747 1074 873 1120 tuus
906 1064 1049 1136 apud
1078 1075 1150 1131 te,
1188 1081 1320 1128 non,
1354 1065 1511 1136 Apud
1545 1080 1663 1128 vos,
1696 1080 1763 1120 ne
1791 1066 2091 1119 dominium

524 1154 748 1213 dividas.
776 1156 911 1210 Nam
945 1158 989 1212 si
1021 1158 1115 1228 qui
1137 1159 1377 1212 adhzm'et
1398 1156 1526 1220 Deo,
1549 1173 1693 1212 unus
1725 1168 1810 1212 est
1842 1159 2090 1228 spiritus,

522 1248 789 1320 quomodo
816 1251 1059 1319 separari
1092 1251 1265 1320 possit
1291 1248 1532 1320 Spiritus
1565 1251 1633 1303 ab
1663 1265 1750 1311 eo,
1781 1251 1874 1318 qui
1909 1251 2086 1318 ipsum

521 1340 864 1411 suppeditat?
927 1338 1138 1395 Muced.
1198 1340 1418 1395 Scilicet
1464 1339 1576 1410 jam
1630 1340 1921 1410 probatum
1982 1348 2088 1403 est,

520 1433 739 1503 angelos
797 1433 921 1487 illos
982 1432 1153 1488 fuisse
1204 1432 1403 1487 Filium
1460 1444 1514 1487 et
1575 1430 1861 1503 Spiritum.
1934 1432 2089 1488 Orllt.

518 1525 661 1580 Dixit
720 1541 852 1595 ergo
903 1536 1130 1580 sanctus
1179 1523 1315 1579 Loth
1375 1524 1444 1579 iis
1497 1525 1595 1594 qui
1662 1523 1840 1592 angeli
1895 1534 2089 1577 natura

517 1626 669 1673 erant
704 1636 718 1671 :
756 1633 775 1666 ι
817 1615 1079 1679 Obserro,
1119 1613 1377 1678 Domine,
1419 1615 1861 1685 quandoquidem
1896 1630 2089 1668 servus

517 1716 642 1765 tuus
690 1710 898 1764 invenit
947 1707 1380 1763 misericordiam
1430 1708 1574 1778 apud
1612 1716 1685 1769 te,
1732 1715 1786 1761 et
1841 1708 2089 1777 magnifi-

2198 514 2299 578 λει,
2326 518 2354 569 6
2377 514 2434 568 δὲ
2464 513 2634 568 τοῦτο.
2666 515 2798 567 Εἰπὲ
2824 510 2916 568 οὖν
2941 515 3035 567 καὶ
3060 514 3221 577 αὐτὸς
3246 513 3357 586 Υἱῴ
3395 514 3491 568 καὶ
3512 500 3594 582 τῷ
3620 514 3785 566 Πνεύ-

2200 621 2327 677 ματι
2347 622 2362 636 ο
2393 605 2617 675 Δέομαι,
2654 604 2849 675 Κύριε,
2884 603 3073 674 ἐπειδὴ
3104 598 3260 674 εὗρεν
3292 605 3321 657 6
3352 606 3484 665 παῖς
3522 621 3617 657 σου
3643 603 3787 667 ἔλεος

2195 697 2433 750 ἐναντίον
2451 713 2565 755 σου,
2594 696 2714 760 οὐκ,
2745 696 3024 749 Ἐναντίον
3058 696 3231 767 ὑμῶν,
3262 696 3347 748 ἵνα
3377 694 3451 766 μὴ
3477 695 3662 767 διέλῃς
3692 694 3784 765 τὴν

2195 789 2509 861 κυριότητα.
2550 789 2613 842 ΕΞ
2645 789 2752 859 γάρ
2787 791 2816 841 6
2836 787 3172 859 κολλώμενος
3217 787 3296 857 τῷ
3326 786 3445 857 Θεῷ
3477 786 3537 840 ἓν
3569 786 3785 856 τενεῦμά

2195 885 2332 945 ἐστι,
2359 882 2477 945 πῶς
2503 881 2724 934 δυνατὸν
2755 880 2817 934 τὸ
2846 880 3067 950 Πνεῦμα
3105 879 3435 951 χωρίζεσθαι
3478 878 3572 933 τοῦ
3620 897 3781 950 χορη-

2193 974 2416 1042 γοῦντος
2437 973 2597 1037 αὐτός
2617 976 2771 1026 Μακ.
2796 972 2933 1044 Ἤδη
2955 973 3065 1044 γάρ
3082 973 3369 1036 δέδεικται,
3385 972 3547 1027 ὅτιτὸ
3562 973 3780 1043 Πνεῦμα

2194 1065 2340 1118 καὶό
2375 1064 2501 1125 Υἱὸς
2534 1059 2675 1135 ἦσαν
2721 1064 2769 1116 οἱ
2815 1061 3056 1131 ἄγγελοι.
3110 1064 3266 1131 Ὀρθ.
3308 1062 3435 1126 Τοῖς
3483 1056 3578 1116 οὖν
3627 1063 3779 1132 φύσει

2192 1154 2444 1223 ἀγγέλοις
2465 1149 2621 1206 εἶπεν
2641 1155 2669 1206 ὁ
2693 1152 2848 1221 ἅγιος
2877 1150 3019 1205 Λώτ·
3061 1170 3079 1202 ι
3111 1152 3335 1223 Δέομαι,
3362 1150 3562 1223 Κύριε,
3597 1151 3779 1223 ἐπειδὴ

2193 1239 2353 1316 εὗρεν
2373 1248 2401 1298 6
2432 1247 2560 1308 παῖς
2588 1261 2682 1298 σου
2715 1244 2877 1316 χάριν
2901 1243 3142 1297 ἐναντίον
3168 1259 3284 1307 σου,
3312 1244 3407 1297 καὶ
3440 1242 3778 1314 ἐμεγάλυνας

2192 1338 2292 1409 τὴν
2332 1335 2680 1409 δικαιοσύνην
2723 1353 2838 1401 σου,
2872 1336 2900 1389 ὃ
2931 1338 3104 1399 ποιεῖς
3130 1336 3217 1389 ἐπ’
3256 1336 3377 1406 ἐμὲ,
3404 1335 3499 1389 τοῦ
3547 1335 3648 1406 ζῇν
3678 1335 3770 1405 ψυ-

2191 1433 2293 1501 χήν
2327 1447 2450 1501 μου.
2491 1449 2509 1480 ι
2537 1433 2692 1483 Max.
2729 1428 2841 1482 Καὶ
2872 1429 3034 1483 πάνυ.
3070 1430 3227 1497 Ὀρθ.
3254 1428 3465 1482 Οὐκοῦν
3488 1429 3658 1483 ἄκουε
3688 1431 3776 1484 καὶ

2192 1523 2354 1577 πάλιν
2383 1522 2491 1576 τῶν
2524 1522 2673 1592 ἑξῆς·
2713 1540 2732 1572 ι
2771 1521 2881 1575 Καὶ
2916 1517 3071 1575 εἶπεν
3103 1522 3282 1594 αὐτῷ’
3324 1542 3343 1574 ι
3377 1522 3567 1575 οὐκέτι
3612 1521 3772 1591 λέγει,

2190 1617 2253 1669 Οἱ
2299 1615 2557 1685 ἄγγελοι,
2609 1613 2746 1667 ἀλλά
2795 1611 3036 1683 δηλονότι
3078 1615 3133 1666 Ὁ
3152 1606 3511 1685 ὁμολογηθεὶς
3546 1613 3770 1685 Κύριος

2194 1730 2214 1765 ι
2274 1711 2425 1775 Ἰδοὺ,
2454 1698 2743 1781 ὲῦαύμασά
2763 1725 2857 1764 σου
2889 1709 2951 1762 τὸ
2978 1709 3290 1782 πρόσωπον,
3324 1710 3421 1762 κει)⁸
3448 1710 3544 1761 ἐπὶ
3573 1709 3652 1779 τῷ
3684 1710 3773 1780 ρή-

517 1800 649 1857 casti
678 1800 948 1870 justitiam
980 1812 1165 1865 tuam,
1196 1815 1360 1870 quam
1393 1798 1526 1854 facis
1552 1813 1682 1868 erga
1713 1813 1819 1861 me,
1854 1808 1912 1851 ut
1942 1798 2079 1852 vivat

2195 1820 2325 1875 ματι
2357 1803 2531 1873 τούτῳ
2558 1801 2651 1856 τοῦ
2702 1800 2776 1873 μὴ
2805 1799 3178 1872 καταστρέψαι
3222 1801 3321 1871 τὴν
3354 1800 3511 1854 πόλιν
3542 1803 3672 1871 περὶ
3708 1797 3771 1873 ἧς

516 1893 694 1946 anima
740 1908 880 1948 mea.
939 1910 957 1944 ι
999 1890 1210 1949 Maced.
1266 1890 1410 1946 Sane
1456 1892 1695 1961 quidem.
1745 1889 1901 1945 Orth.
1943 1890 2084 1946 Audi

514 1984 678 2055 igitur
713 1992 993 2055 praeterea,
1049 2000 1172 2052 qua:
1218 1994 1522 2053 sequuntur
1566 2002 1580 2039 :
1620 2003 1638 2036 ι
1680 1981 1742 2037 Ει
1774 1984 1909 2038 dixit
1951 1983 2024 2048 ei,
2062 2001 2081 2036 ι

514 2076 645 2146 (non
687 2077 921 2145 amplius
962 2075 1116 2142 dicit,
1142 2075 1356 2146 Angeli,
1402 2075 1498 2132 sed
1535 2076 1583 2131 is
1623 2076 1894 2138 videlicet,
1923 2090 2087 2146 quem

513 2165 798 2221 Dominum
842 2165 1122 2237 professus
1168 2166 1334 2238 erat),
1371 2184 1390 2218 ι
1430 2164 1572 2221 Ecce
1619 2166 1923 2221 admiratus
1964 2168 2093 2221 sum

512 2257 700 2312 faciem
740 2264 888 2312 tuam
923 2266 982 2312 ut
1016 2271 1123 2313 non
1156 2258 1471 2313 subvertam
1507 2257 1696 2311 urbem
1724 2298 1739 2322 ,
1765 2257 1832 2312 de
1860 2271 1969 2327 qua
2011 2257 2091 2311 lo-

510 2358 668 2402 cutus
720 2363 801 2404 es.
854 2350 1092 2419 Propera
1142 2348 1329 2419 igitur,
1382 2356 1442 2401 ut
1499 2348 1630 2402 illuc
1671 2348 1930 2403 servaris.
1969 2344 2084 2403 Nec

510 2440 648 2493 enim
688 2453 876 2511 patere
908 2441 1205 2513 quidquam
1235 2456 1417 2513 agere,
1451 2439 1627 2494 donec
1661 2453 1727 2493 eo
1760 2438 1840 2493 sis
1870 2438 2084 2511 ingres-

509 2550 603 2591 sus
649 2534 717 2589 ".
772 2553 791 2586 ι
839 2533 1027 2607 Neque
1080 2535 1217 2590 dixit
1253 2553 1265 2588 :
1295 2533 1415 2588 Non
1460 2531 1789 2603 poterimus,
1828 2532 2081 2602 quamvis

508 2628 661 2681 initio
688 2626 960 2683 dixissent
990 2643 1005 2680 :
1030 2625 1165 2692 Quia
1194 2624 1499 2680 delebimus
1532 2625 1674 2679 hanc
1710 2625 1924 2688 urbem,
1950 2639 2075 2679 cum

2192 1895 2480 1966 ὲλάλησας.
2522 1890 2762 1946 Σπεῦσον
2804 1887 2896 1945 οὖν
2928 1890 3022 1944 τοῦ
3083 1890 3321 1962 σωθῆναι
3371 1892 3510 1945 ἐκεῖ.
3546 1892 3625 1944 Οὐ
3668 1891 3770 1963 γὰρ

2190 1980 2489 2052 δυνήσομαι
2544 1980 2765 2050 ποιῆσαι
2800 1982 3049 2051 πρᾶγμα,
3096 1978 3202 2042 ἕως
3248 1979 3344 2032 τοῦ
3404 1979 3671 2034 εἰσελθεῖν
3714 1997 3767 2034 σε

2190 2073 2324 2125 ἐκεῖ.
2369 2091 2389 2124 ι
2421 2072 2531 2125 Kal.
2569 2071 2750 2123 οὐκέτι
2776 2066 2959 2124 εἶπεν·
2983 2070 3355 2141 Δυνησόμεθα,
3415 2072 3667 2142 καίτοιγε
3716 2074 3769 2125 ὲν

2190 2161 2331 2231 ἀρχῇ
2375 2159 2579 2228 ελεγον,
2618 2160 2700 2212 ὅτι
2743 2159 3095 2231 Ἑκτρίϐομεν
3137 2162 3300 2231 ἡμεῖς
3326 2161 3427 2232 τὴν
3471 2162 3651 2227 πόλιν,
3687 2164 3767 2217 ὅτε

2189 2252 2386 2314 αὐτοὺς
2412 2250 2655 2322 ἐνόμιζεν
2693 2250 2890 2323 ἄνδρας
2924 2252 3018 2304 καὶ
3053 2252 3318 2321 ἀγγέλους
3347 2250 3513 2309 εἶναι.
3564 2256 3692 2309 Ὅτε
3713 2255 3766 2308 δὲ

2189 2341 2367 2397 αὐτῶν
2386 2341 2486 2415 τὴν
2518 2342 2813 2415 κυριότητα
2839 2342 2999 2411 ἔγνω,
3020 2344 3115 2398 καὶ
3140 2345 3322 2397 οὐκέτι
3349 2346 3578 2417 κυρίους
3600 2347 3763 2412 καλεῖ,

2187 2435 2321 2489 ἀλλά
2376 2435 2578 2507 Κύριον
2597 2434 2765 2504 λέγει,
2804 2436 2977 2503 λέγων
3000 2476 3014 2499 ,
3047 2453 3066 2487 ι
3102 2437 3322 2507 Δέομαι,
3362 2438 3574 2508 Κύριε,
3610 2458 3629 2490 ι
3653 2440 3763 2492 τότε

2187 2526 2280 2579 καὶ
2308 2527 2459 2579 αὐτοὶ
2483 2527 2558 2589 ὡς
2595 2520 2675 2588 εἷς
2700 2524 2847 2596 αὐτῷ
2868 2524 3221 2594 διαλέγονται.
3253 2528 3328 2580 υύ
3353 2527 3464 2599 γάρ
3492 2527 3761 2598 λέγουσιν,

2198 2622 2617 2695 Ἐοαυμάσαμέν
2636 2628 2725 2676 σου
2753 2622 2814 2675 τδ
2837 2624 3144 2695 πρόσωπον,
3162 2622 3318 2689 ἀλλὰ,
3336 2641 3358 2668 ο
3382 2625 3717 2697 Ἐθαύμασα.
3739 2647 3757 2678 ι

508 2734 599 2772 vos
623 2719 799 2773 adhuc
827 2719 1051 2789 putabat
1076 2732 1201 2773 esse
1229 2718 1397 2782 viros,
1434 2725 1488 2772 et
1552 2718 1796 2789 angelos.
1831 2717 1937 2774 Ubi
2011 2733 2144 2773 vero
2180 2733 2369 2774 eorum
2402 2717 2701 2772 dominium
2727 2717 2967 2787 agnovit,
2996 2731 3174 2787 neque
3211 2718 3447 2786 amplius
3467 2734 3567 2774 eos
3616 2731 3763 2775 vocat

507 2814 786 2879 Dominos,
834 2814 929 2872 sed
974 2811 1263 2869 Dominum
1328 2813 1558 2879 dicens,
1615 2832 1634 2864 ι
1683 2813 1945 2881 Obsecro,
2002 2813 2232 2871 Domine
2265 2857 2280 2882 ,
2338 2832 2357 2865 ι
2403 2825 2532 2868 tunc
2573 2822 2627 2869 et
2674 2813 2776 2882 ipsi
2816 2812 2929 2882 jam
2995 2828 3118 2868 cum
3168 2829 3235 2869 eo
3300 2822 3566 2886 tanquam
3630 2833 3760 2873 unus

507 2910 820 2979 loquuntur.
870 2908 1056 2980 Neque
1101 2911 1246 2965 enim
1308 2910 1520 2975 dicunt,
1575 2909 1842 2966 Admirati
1887 2926 2099 2978 sumus,
2138 2908 2256 2972 sed,
2301 2926 2320 2959 ι
2354 2907 2667 2963 Admiratus
2694 2926 2836 2966 sum.
2877 2927 2895 2961 ι

575 3002 662 3057 ﬂ.
708 3001 913 3056 Maced.
944 3000 1083 3055 Nam
1127 3003 1294 3073 igitur
1320 3001 1483 3057 Pater
1512 3020 1620 3058 una
1650 3019 1773 3058 cum
1811 3004 1880 3060 iis
1905 3019 2078 3075 appa—

2255 3003 2342 3058 M.
2387 3007 2538 3058 Max.
2586 3004 2644 3058 'O
2690 3004 2879 3078 Πατὴρ
2906 3001 2999 3059 οὖν
3030 3002 3096 3078 ἦν
3136 3008 3255 3078 μετ’
3301 3007 3484 3061 αὐτῶν
3549 3009 3761 3078 ὀφθεῐςς.

506 3092 727 3147 ruerat?
776 3091 928 3147 Orth.
979 3090 1233 3147 Omnino.
1290 3092 1500 3149 Haced.
1567 3094 1851 3161 Quomodo
1914 3096 2079 3166 igitur

2196 3095 2348 3163 Ὀρθ.
2374 3095 2481 3147 Καὶ
2514 3096 2676 3148 πάνυ.
2709 3098 2864 3150 Max.
2899 3096 3024 3161 Πῶς
3050 3093 3144 3150 οὖν
3173 3096 3344 3167 λέγει·
3377 3117 3396 3148 ι
3434 3098 3572 3153 Θεὸν
3599 3100 3760 3155 οὐδεὶς

504 3184 638 3239 dicit
696 3201 767 3239 ιι
808 3184 976 3239 Deum
1030 3200 1190 3239 nemo
1237 3185 1373 3239 vidit
1422 3202 1662 3257 unquam
1714 3188 1806 3242 "?
1844 3207 1863 3239 ι
1920 3188 2075 3244 Ortlt.

506 3275 798 3346 Propterea
843 3276 988 3331 enim
1046 3288 1418 3347 apparuerunt
1468 3287 1724 3350 tanquam
1769 3280 1897 3346 viri,
1940 3296 2079 3350 quo-

506 3368 652 3423 niam
691 3366 742 3422 id
772 3368 917 3437 quod
950 3375 1145 3422 natura
1177 3366 1319 3424 Deus
1346 3380 1449 3437 est,
1470 3387 1629 3425 nemo
1654 3371 1784 3424 vidit
1816 3386 2077 3441 unquam,

504 3474 681 3529 neque
720 3458 907 3514 videre
948 3461 1143 3530 possit.
1199 3458 1409 3515 Haced.
1452 3462 1521 3516 At
1565 3477 1666 3533 ego
1715 3461 1911 3516 Filium
1951 3477 2077 3516 eum

501 3566 625 3607 esse
652 3550 797 3617 dico,
820 3551 914 3615 qui
939 3551 1008 3606 ab
1042 3553 1350 3607 Abrahamo
1382 3555 1531 3611 visus
1564 3556 1687 3608 fuit.
1719 3553 1872 3610 Ortli.
1896 3553 2079 3609 Redeo

499 3640 666 3711 igitur
709 3641 777 3695 ad
821 3641 897 3705 id,
938 3642 1082 3712 quod
1126 3644 1305 3714 legere
1346 3659 1639 3714 cmperam.
1672 3644 1876 3700 Hac-ed.
1915 3644 2075 3716 Lege.

503 3729 657 3784 Orth.
692 3748 711 3780 ι
758 3728 851 3785 Sol
874 3742 1099 3788 exortus
1136 3742 1218 3788 est
1262 3748 1428 3802 super
1466 3744 1686 3801 terram,
1717 3743 1771 3790 et
1809 3735 1948 3789 Loth
1995 3738 2078 3790 in-

500 3818 649 3873 troiit
674 3819 730 3874 in
761 3820 949 3875 urbem
975 3820 1162 3891 Segor.
1195 3824 1455 3878 Dominus
1481 3823 1618 3894 pluit
1639 3841 1805 3896 supra
1840 3826 2075 3881 Sodoma

500 3910 677 3980 ignem
733 3923 789 3967 et
850 3914 1080 3985 sulphur
1132 3931 1162 3969 a
1208 3914 1442 3970 Domino
1489 3935 1519 3972 e
1568 3918 1739 3981 coelo,
1782 3927 1835 3974 et
1884 3935 2075 3976 omnes

500 4002 622 4060 illas
654 4005 819 4060 urbes
850 4006 1117 4061 subvertit
1149 4009 1188 4061 ί.
1230 4027 1249 4059 ι
1290 4006 1425 4074 Quis
1468 4009 1773 4065 Dominus?
1817 4011 1865 4065 is
1909 4012 2073 4064 nimi-

498 4109 620 4148 rum
653 4097 746 4165 qui
772 4095 982 4151 dixerat
1008 4099 1071 4151 ad
1100 4096 1237 4152 Loth
1273 4117 1286 4153 :
1323 4119 1342 4151 ι
1380 4099 1554 4154 Etiam
1583 4102 1638 4156 in
1667 4100 1834 4173 M9
1864 4102 1963 4156 hac
2014 4119 2074 4159 re

497 4185 802 4242 admiratus
842 4202 963 4241 sum
1009 4188 1200 4244 faciem
1251 4197 1423 4254 tuam,
1470 4206 1538 4246 ne
1576 4193 1762 4247 urbem
1804 4195 1972 4257 illam,
2004 4194 2073 4249 de

496 4290 605 4344 qua
638 4276 852 4331 locutus
885 4291 966 4339 es,
1002 4280 1344 4335 subvertam.
1375 4278 1616 4351 Propera
1647 4283 1837 4353 igitur,
1864 4293 1921 4337 ut
1960 4285 2072 4339 illic

498 4368 754 4422 serveris.
780 4366 893 4423 Nec
926 4372 1071 4424 enim
1121 4382 1312 4441 potero
1354 4374 1651 4444 quidquam
1684 4390 1861 4446 agere,
1896 4375 2071 4432 donec

494 4471 562 4512 eo
591 4457 668 4512 sis
697 4460 995 4531 ingressus.
1037 4482 1055 4514 ι
1092 4462 1300 4520 Maced.
1330 4464 1482 4522 Unus
1505 4467 1719 4522 illorum
1750 4468 1869 4523 erat
1901 4465 2079 4524 Domi-

494 4564 600 4605 nus
631 4569 646 4604 :
681 4567 812 4605 num
840 4554 985 4607 enim
1014 4554 1116 4626 ipsi
1140 4556 1291 4613 duo?
1316 4557 1473 4615 Orth.
1516 4558 1638 4612 Dixi
1683 4558 1918 4614 Lothum
1945 4576 2069 4615 cum

494 4638 707 4695 duobus
744 4641 872 4705 illis,
915 4651 1174 4715 tanquam
1208 4662 1332 4701 cum
1364 4664 1475 4703 uno
1517 4647 1686 4703 fuisse
1713 4650 2066 4705 collocutum.

495 4727 693 4784 Dicunt
716 4731 861 4786 enim
899 4734 1009 4788 duo
1044 4735 1123 4789 illi
1166 4754 1178 4790 :
1217 4754 1236 4788 ι
1279 4732 1334 4790 Si
1374 4738 1499 4808 quis
1530 4737 1619 4791 hic
1650 4747 1734 4791 est
1759 4739 1857 4793 tibi
1883 4755 2067 4810 gener,

495 4830 588 4874 aut
624 4822 737 4887 lilii,
785 4834 879 4878 aut
908 4826 1051 4892 liliaa,
1085 4827 1224 4882 educ
1259 4844 1356 4884 eos
1383 4837 1584 4885 tecum.
1616 4830 1723 4886 Nos
1768 4833 1912 4886 enim
1947 4848 2069 4903 per-

494 4914 562 4967 de
586 4930 685 4969 nus
718 4915 858 4971 hanc
882 4918 1178 4975 civitatem.
1217 4938 1234 4971 ι
1265 4919 1423 4975 Modo
1452 4920 1617 4991 igitur
1641 4922 1794 4987 dicit,
1824 4941 1843 4975 ι
1871 4921 2002 4988 Nos,
2044 4944 2063 4975 ι

493 5014 716 5075 propter
759 5008 1104 5079 hypostases,
1152 5012 1316 5066 modo
1367 5027 1497 5067 vero
1558 5013 1710 5077 dicit,
1758 5032 1777 5065 ι
1842 5012 1976 5081 Ego,
2039 5034 2058 5067 ι

490 5108 715 5171 propter
774 5112 1046 5159 naturam.
1093 5124 1113 5156 ι
1151 5103 1442 5177 lntelligite
1467 5121 1619 5177 ergo,
1657 5126 1676 5159 ι
1707 5117 1766 5161 ut
1796 5109 2061 5178 scriptum

490 5200 596 5256 est,
642 5210 663 5245 ι
702 5194 1024 5265 insipientes
1076 5196 1130 5249 in
1184 5198 1406 5267 populo,
1463 5207 1517 5251 et
1556 5198 1723 5253 .stulti
1770 5199 2064 5269 aliquando

491 5286 665 5355 sapite
694 5289 737 5342 ².
777 5305 796 5339 ι
836 5287 969 5341 Nam
1012 5295 1067 5344 et
1098 5289 1395 5357 Abraham,
1429 5288 1630 5359 agnitis
1669 5290 1846 5347 tribus
1884 5292 2059 5363 hypo-

493 5376 754 5441 stasibus,
782 5376 1070 5433 Dominum
1096 5379 1231 5434 dicit
1267 5399 1281 5435 :
1315 5391 1371 5435 et
1401 5378 1538 5436 Loth
1572 5378 1787 5436 duabus
1817 5382 2065 5438 animado

2189 3188 2432 3260 ἑώρακεν
2470 3187 2723 3256 πώποτε;
2766 3211 2787 3243 ι
2827 3188 2977 3259 Ὀρθ.
3012 3189 3112 3244 Διά
3143 3190 3253 3262 γὰρ
3276 3191 3436 3244 τοῦτο
3466 3192 3545 3255 ὡς
3580 3191 3760 3264 ἄνδρες

2188 3278 2470 3351 ὤφθησαν,
2496 3281 2680 3354 ἐπειδὴ
2716 3284 2743 3336 ὃ
2767 3284 2884 3336 ἐστι
2917 3284 2982 3354 τῇ
3025 3281 3205 3352 φύσει,
3239 3282 3419 3346 οὐδεὶς
3449 3282 3575 3336 οὔτε
3610 3280 3757 3347 εἶδεν,

2187 3370 2311 3424 οὔτε
2346 3372 2472 3425 ἰδεῖν
2496 3373 2738 3427 δύναται.
2764 3378 2919 3430 Μακ.
2959 3373 3099 3443 Ἐγὼ
3122 3374 3285 3443 λέγω,
3317 3375 3401 3428 ὅτι
3433 3379 3461 3429 6
3485 3376 3614 3440 Υἱὸς
3646 3372 3709 3448 ἦν
3734 3377 3759 3428 6

2188 3464 2372 3533 ὀφθεὶς
2412 3464 2489 3536 τῷ
2525 3464 2793 3537 Ἀϐραάμ.
2836 3467 2988 3536 Ὀρθ.
3022 3466 3191 3521 Πάλιν
3232 3461 3327 3520 οὖν
3371 3468 3646 3540 ἀναχωρῶ
3675 3468 3757 3521 τοῦ

2187 3555 2649 3627 ἀναγνώσματος;
2690 3559 2847 3611 Μακ.
2896 3557 3210 3627 Ἀνάγνωθι.
3257 3560 3413 3627 Ὀρθ.
3461 3579 3481 3612 ι
3530 3563 3591 3615 'O
3622 3562 3761 3632 ἥλιος

2186 3648 2404 3719 ἐξῆλθεν
2444 3650 2535 3702 ἐπὶ
2560 3649 2657 3721 τὴν
2684 3650 2808 3721 γῆν,
2850 3651 2945 3703 καὶ
2982 3640 3105 3704 Ᾱὼτ
3140 3651 3390 3721 εἰσῆλθεν
3429 3656 3512 3716 εἰς
3547 3654 3751 3725 Σηγὼρ·

2184 3740 2388 3811 Κύριος
2413 3739 2631 3811 ἔϐρεξεν
2662 3740 2751 3794 ἐπὶ
2785 3741 2991 3812 Σόδομα
3017 3740 3128 3813 πῦρ
3165 3742 3261 3796 καὶ
3287 3743 3432 3796 θεῖον
3464 3746 3621 3816 παρὰ
3655 3745 3756 3799 Κύ-

2185 3833 2301 3903 ρίου
2332 3833 2396 3885 ὲκ
2426 3832 2518 3885 τοῦ
2541 3832 2789 3905 ούρανοῦ,
2822 3833 2917 3886 καὶ
2938 3833 3305 3907 κατέστρεψεν
3332 3836 3515 3902 πάσας
3538 3838 3640 3902 τὰς
3671 3837 3757 3891 πό-

2181 3923 2313 3988 λεις.
2352 3943 2370 3976 ι
2393 3925 2551 3988 Ποῖος
2576 3924 2815 3997 Κύριος;
2850 3925 3027 3995 δῆλον,
3054 3927 3139 3979 ὅτι
3177 3929 3205 3980 6
3231 3928 3473 4000 εἰρηκὼς
3496 3929 3577 4001 τῷ
3620 3928 3754 3995 Λὼτ,

2180 4017 2264 4070 ὅτι
2302 4034 2320 4067 ι
2366 4015 2682 4086 Ἐθαύμασά
2710 4032 2802 4068 σου
2838 4016 2899 4070 τὸ
2930 4017 3240 4088 πρόσωπον,
3288 4020 3384 4071 καὶ
3412 4021 3507 4073 ἐπὶ
3543 4019 3624 4091 τῷ
3667 4022 3758 4094 ρή-

2182 4125 2314 4177 ματι
2338 4106 2513 4178 τούτῳ
2542 4109 2615 4179 μὴ
2648 4108 2761 4180 (2i)
2792 4108 3163 4180 καταστρέψαι
3190 4111 3289 4180 τὴν
3327 4112 3507 4175 πόλιν,
3537 4116 3664 4185 περὶ
3692 4108 3755 4188 ἧς

2177 4197 2464 4269 ὲλάλησας.
2511 4199 2750 4253 ’Σπεῦσον
2787 4194 2881 4253 οὖν
2920 4199 3157 4269 σωθῆναι
3182 4202 3316 4254 ἐκεῖ.
3344 4204 3418 4255 Οὐ
3457 4203 3570 4276 γὰρ
3606 4205 3753 4277 δυνή-

2180 4307 2345 4360 σομαι
2386 4290 2609 4360 ποιῆσαι
2652 4293 2885 4364 πρᾶγμα
2913 4291 3017 4356 ἓως
3047 4292 3145 4346 τοῦ
3171 4294 3435 4349 εἰσελθεῖν
3476 4314 3536 4349 σε
3564 4300 3695 4351 ἐκεῖ.
3727 4316 3746 4349 ι

2176 4385 2329 4467 Aiax.
2375 4381 2433 4433 'O
2470 4376 2551 4445 εἷς
2601 4377 2668 4453 ἦν
2701 4386 2729 4436 6
2781 4382 3012 4455 Κύριος·
3055 4384 3134 4456 μὴ
3186 4386 3296 4458 γὰρ
3342 4389 3392 4440 οἱ
3422 4387 3557 4453 δύο;
3606 4391 3747 4459 Ὀρθ.

2113 4473 2157 4528 D
2184 4466 2368 4534 Εἶπον,
2392 4471 2474 4523 ὅτι
2518 4472 2631 4536 τοῖς
2670 4472 2822 4525 δυσὶν
2861 4472 2937 4538 ὡς
2978 4473 3057 4527 ἐνὶ
3099 4474 3388 4544 διελέγετο.
3441 4478 3657 4548 ’Ᾱμέλει
3703 4479 3748 4531 οἱ

2174 4559 2269 4612 δύο
2301 4558 2580 4628 λέγουσιν·
2616 4578 2635 4611 ι
2676 4560 2739 4614 ΕΞ
2770 4560 2885 4616 ἔστι
2932 4580 3012 4616 σοι
3049 4557 3151 4617 ὧδε
3195 4566 3465 4638 γαμϐρὸς,
3499 4569 3533 4638 ἢ
3567 4568 3746 4638 υἱοὶ,ἢ

2175 4650 2493 4723 θυγατέρες,
2530 4650 2765 4722 ἐξάγαγε
2811 4656 2947 4725 μετά
2986 4652 3236 4711 σεαυτοῦ.
3276 4657 3616 4731 ’Ᾱπόλλυμεν
3649 4662 3749 4734 γὰρ

2171 4744 2335 4813 ἡμεῖς
2382 4743 2484 4813 τὴν
2534 4743 2685 4795 πόλιν
2730 4744 2953 4813 ταύτην.
2997 4765 3015 4797 ι
3055 4747 3196 4801 Ποτὲ
3224 4744 3318 4803 οὖν
3342 4752 3403 4803 τὺ
3437 4769 3457 4801 ι
3503 4751 3694 4823 Ἡμεῖς
3725 4770 3744 4804 ι

2172 4831 2315 4901 λέγει
2341 4832 2427 4885 διά
2450 4832 2545 4895 τὰς
2572 4834 2915 4900 ὑποστάσεις,
2948 4835 3075 4888 ποτὲ
3119 4828 3177 4891 δὲ
3205 4838 3265 4891 τὸ
3286 4858 3305 4889 ι
3330 4826 3471 4907 Ἐγὼ
3495 4860 3514 4890 ι
3544 4840 3634 4894 διά
3659 4840 3748 4911 τὴν

2178 4925 2357 4992 φύσιν.
2401 4936 2423 4973 ‹
2457 4923 2651 4976 Σύνετε
2693 4919 2804 4987 οὖν,
2837 4942 2856 4975 ι
2893 4923 3072 4989 καθὼς
3111 4927 3348 4999 εἴρηται,
3390 4948 3407 4979 ι
3441 4931 3672 5001 ἄφρονες
3694 4933 3747 4983 ἐν

2164 5014 2244 5086 τῷ
2298 5004 2431 5085 λαῷ,
2481 5017 2573 5069 καὶ
2627 5016 2798 5089 μωροί
2849 5036 2977 5072 ποτε
3024 5023 3354 5093 φρονήσατε.
3422 5042 3441 5076 ι
3486 5025 3610 5077 Ὀτι
3659 5025 3745 5079 καὶ

2178 5105 2450 5177 Ἀϐραὰμ,
2498 5106 2596 5171 τὰς
2646 5110 2795 5180 τρεῖς
2845 5111 3181 5177 ὑποστάσεις·
3225 5113 3502 5182 ἐγνωκὼς,
3549 5112 3742 5190 Κύριον

2165 5196 2314 5266 λέγει
2342 5213 2356 5227 ο
2381 5197 2476 5250 καὶ
2494 5196 2637 5262 Λὼτ,
2664 5200 2763 5263 τάς
2784 5199 2878 5254 δύο
2898 5201 3174 5270 ἐγνωκὼς,
3201 5206 3403 5275 ὁμοίως
3432 5207 3634 5280 Κύριον
3659 5207 3740 5259 λέ-

2164 5305 2284 5359 γειο
2334 5289 2427 5341 καὶ
2490 5289 2564 5360 μὴ
2611 5290 2868 5362 διαιρεῖτε
2920 5293 2989 5347 τά
3038 5295 3341 5365 ἀδιαίρετα,
3404 5299 3540 5369 μηδὲ
3597 5296 3732 5371 μερί-

2166 5380 2289 5445 ζετε
2319 5376 2433 5449 (22)
2463 5377 2531 5432 τὰ
2556 5380 2849 5452 ἀμέριστα.
2880 5387 3032 5438 Max.
3066 5385 3254 5458 Ἔχεις
3284 5405 3374 5459 μοι
3416 5390 3611 5452 εἰπεῖν,
3643 5382 3736 5443 πῡῦ

559 5529 604 5561 θ’
645 5527 781 5585 Gen.
811 5547 923 5597 xu,
956 5530 1047 5600 21,
1081 5532 1172 5588 22.
1248 5532 1295 5567 "
1322 5528 1482 5589 Joan.
1519 5547 1559 5600 ι,
1593 5530 1679 5588 18.
1759 5533 1777 5565 ¹
1815 5533 1952 5592 Gen.
1991 5551 2079 5591 xxx

2185 5536 2235 5600 5,
2271 5533 2363 5590 24.
2439 5538 2460 5568 ²
2501 5535 2648 5593 Psal.
2690 5552 2845 5603 xcru,
2879 5542 2931 5593 8.

570 5690 683 5762 (ει)
724 5691 814 5746 Sic
839 5706 971 5746 mss.
1005 5700 1170 5748 recte.
1199 5690 1259 5747 In
1288 5693 1449 5750 editis
1482 5693 1554 5763 μή
1585 5691 1760 5748 deest.

2242 5688 2357 5762 (εί)
2389 5690 2468 5746 na
2499 5690 2671 5751 Palat.
2704 5692 2849 5748 Editi
2881 5710 3025 5760 vero,
3072 5697 3387 5769 μερίζεσθε.
