3982 6398
225 330 346 385 1223

1150 328 1236 383 DE
1265 326 1538 384 SANCTA
1570 323 1945 382 TRINITATE
1979 321 2327 380 DlALOGIJS
2366 320 2451 380 Ill.

3280 319 3420 375 1226

222 446 521 521 γέγραπται,
556 446 685 511 Θεὸς
707 434 766 500 τδ
798 447 1048 518 Πνεῦμα;
1089 449 1240 518 Ὀρθ.
1272 449 1420 514 Τέως
1440 447 1752 519 ἐμαθες,ὅτι

1861 447 1939 501 sis
2009 445 2295 501 Dominum
2368 445 2554 499 itidem
2625 443 2758 499 dicit
2803 462 2817 498 :
2859 456 3035 514 neque
3087 441 3312 498 dividite
3356 458 3419 498 ea

221 540 301 595 καὶ
333 540 362 610 ἡ
393 534 604 592 nam
650 538 889 611 Διαθήκη
930 536 1037 593 οἶδε
1080 539 1179 604 τὰς
1212 543 1358 612 τρεῖς
1403 539 1759 603 ὑποστάσεις⁶

221 631 303 686 καὶ
337 630 428 683 οὐκ
474 628 927 701 ἐπιλανθανομένη
975 628 1081 683 τῶν
1130 628 1537 702 προειρημένων
1580 627 1758 698 λέγει’

224 739 240 772 ι
266 718 453 789 Κύριος
478 720 507 771 ό
533 718 662 782 Θεός
687 735 800 784 σου,
825 721 1028 791 Κύριος
1053 714 1133 783 εἷς
1157 720 1323 785 ἐστιν,
1363 740 1382 772 ι
1424 719 1537 772 ἀλλ’
1566 717 1757 772 ἐνοῦσα

217 812 303 882 τὴν
329 810 567 880 Θεότητα.
592 812 787 864 ’Ἄκουε
813 806 905 864 οὖν
928 810 1023 863 τοῦ
1069 810 1189 864 Ἰὼϐ
1215 812 1459 880 λέγοντος
1477 827 1490 841 ·
1525 829 1546 862 t
1586 811 1644 863 '0
1665 827 1759 864 τα-

213 901 365 966 νύσας
388 902 476 956 τὸν
510 901 734 973 οὐρανὸν
767 902 926 973 μόνος
952 903 1046 957 καὶ
1081 902 1394 974 περιπατῶν
1429 903 1520 954 ἐπὶ
1564 901 1762 955 θαλάσ-

218 1010 306 1063 σης
325 993 395 1055 ὡς
422 992 513 1045 ἐπὶ
542 991 788 1061 ἐδάφους.
829 1012 847 1045 ι
877 992 1064 1065 Δῆλον,
1089 994 1170 1046 ὅτι
1199 992 1289 1045 τὸν
1312 992 1439 1063 Tibi;
1459 991 1602 1061 λέγει
1632 1009 1764 1063 προ-

214 1083 459 1155 φητικῶς.
494 1084 553 1137 Ὁ
600 1085 709 1156 γὰρ
753 1086 1129 1158 περιπατήσας
1165 1085 1259 1137 ἐπὶ
1300 1083 1573 1154 θαλάσσης
1603 1083 1763 1147 αύτός

213 1178 366 1229 ἐστιν.

1864 530 1985 610 (ιιιιὲ
2038 537 2206 594 dividi
2257 553 2366 592 non
2409 543 2680 608 possunt,
2719 550 2899 606 neque
2956 536 3238 606 partimlni
3280 550 3423 606 qua:

1864 629 2210 701 partitionem
2261 643 2376 684 non
2437 626 2749 682 admittunt.
2801 625 3008 680 Haud.
3065 624 3229 682 Potes
3287 625 3421 680 ‘mih’i

1863 721 2067 788 dicere,
2104 720 2198 776 ubi
2225 721 2488 790 scriptum
2523 721 2616 783 sit,
2651 718 2888 789 Spiritus
2917 716 3417 779 est,Deus?'Orth.

1865 811 2140 868 Hactenus
2192 811 2469 876 didicisti,
2537 810 2722 867 Veteri
2791 825 3011 880 quoque
3072 808 3424 865 Testamento

1862 904 2111 973 cognitas
2135 902 2305 959 fuisse
2335 910 2447 958 tres
2477 904 2821 975 bypostases,
2849 902 2995 972 quod
3026 902 3188 958 etiam
3226 895 3425 957 Testit-

1861 1002 2103 1049 mentum
2134 994 2516 1064 prasdictorum
2546 1006 2725 1050 tamen
2781 1009 2891 1048 non
2922 992 3207 1049 immemor
3237 992 3371 1047 dicit
3407 1010 3422 1046 :

1868 1104 1888 1137 ι
1947 1086 2207 1142 Dominus
2253 1087 2395 1143 Deus
2437 1096 2586 1154 tuus,
2634 1087 2894 1143 Dominus
2943 1100 3087 1141 unus
3117 1092 3203 1140 est
3230 1084 3276 1148 ³,
3312 1102 3332 1135 ι
3366 1091 3427 1139 ιιι

1865 1175 2120 1233 deitatem
2171 1177 2238 1231 ad
2293 1192 2460 1232 unum
2504 1178 2792 1248 redigeret.
2834 1176 2975 1231 Audi
3024 1176 3189 1246 igitur
3229 1173 3425 1230 Jobum

210 1267 463 1322 dicentem
516 1286 530 1322 :
570 1285 589 1318 ι
627 1267 731 1334 Qui
796 1271 947 1324 solus
996 1268 1195 1322 cmlum
1258 1268 1526 1331 extendit,
1566 1276 1622 1323 ct
1660 1284 1827 1339 super
1863 1284 2015 1324 mare
2071 1263 2229 1339 quasi
2280 1270 2337 1323 in
2397 1269 2514 1325 solo
2574 1268 2875 1324 iuambulat
2922 1266 2964 1321 ⁸.
3016 1285 3038 1319 ι
3085 1264 3282 1332 Palam
3342 1273 3426 1320 est

209 1373 323 1414 eum
354 1359 420 1414 de
458 1358 597 1414 Filio
644 1361 958 1431 prophetice
1001 1362 1170 1432 loqui.
1213 1361 1263 1418 ls
1304 1362 1446 1417 enim
1483 1370 1587 1427 est,
1621 1364 1714 1434 qui
1751 1379 1916 1435 super
1938 1380 2088 1419 mare
2111 1364 2423 1419 ambulavit.

272 1474 353 1529 15.
388 1476 611 1531 Μακεδ.
651 1477 745 1531 Ἱδὲ
778 1474 871 1532 οὖν
898 1479 1080 1544 πάλιν,
1109 1482 1137 1533 ὀ
1169 1479 1293 1544 Υἱὸς
1311 1481 1473 1552 μόνος
1498 1484 1759 1555 περιεπά-

206 1583 356 1637 τησεν
382 1567 474 1619 ἐπὶ
504 1567 607 1638 τῆς
652 1567 943 1641 θαλάσσης.
988 1571 1135 1638 Ὀρθ.
1180 1571 1317 1624 Ἀλλ’
1351 1569 1522 1638 εἶπον,
1566 1573 1647 1626 ὅτι
1697 1574 1759 1627 τὸ

208 1658 355 1728 μόνος
378 1658 469 1711 ἐπὶ
487 1660 588 1730 τῆς
614 1660 864 1730 θεότητος
895 1661 1298 1734 λαμϐανόμενον
1320 1663 1395 1727 ὡς
1420 1665 1510 1716 ἐπὶ
1527 1663 1588 1718 τὸ
1612 1665 1759 1718 πλεῖ-

207 1764 321 1801 στον
350 1748 588 1819 Πατέρα,
620 1752 715 1803 καὶ
773 1750 919 1815 Υίὺν,
979 1752 1072 1805 καὶ
1119 1751 1271 1820 ἅγιον
1309 1753 1531 1824 Πνεῦμα
1588 1754 1753 1824 λέγει.

1927 1482 2015 1538 15.
2049 1482 2255 1539 Haced.
2288 1484 2524 1538 Rursum
2557 1483 2724 1553 igitur
2750 1482 2893 1544 vide,
2927 1482 3078 1537 solus
3105 1479 3282 1536 Filius
3328 1495 3424 1535 su-

1855 1590 1954 1645 per
1980 1588 2128 1629 mare
2157 1574 2473 1630 ambulavit.
2521 1572 2675 1628 Orth.
2714 1572 2785 1625 At
2830 1586 2930 1643 ego
2978 1570 3091 1625 dixi
3134 1569 3302 1631 istud,
3335 1582 3425 1625 so-

1856 1662 1963 1725 lus,
1993 1677 2117 1717 cum
2144 1660 2332 1717 deitati
2363 1661 2626 1716 tribuitur
2648 1700 2663 1726 ,
2717 1662 3039 1731 plerumque
3089 1657 3334 1722 Patrem,
3370 1666 3425 1712 et

1856 1751 2074 1819 Filium,
2110 1763 2163 1809 et
2184 1752 2451 1823 Spiritum
2477 1760 2726 1810 sanctum
2756 1750 3057 1808 declarare.
3087 1751 3225 1807 Sunt
3244 1757 3423 1806 autem

203 1836 313 1889 Εἰσὶ
339 1837 392 1889 δέ
426 1855 569 1903 τινα,
617 1838 651 1893 ἃ
682 1839 841 1910 μόνου
870 1840 962 1894 τοῦ
999 1840 1124 1893 Υίοῦ
1157 1841 1264 1895 [διά
1288 1844 1414 1895 εἱσι.
1446 1844 1620 1908 Μόνος
1654 1845 1752 1916 γὰρ

1858 1844 2103 1915 quazdam
2138 1846 2307 1901 solius
2328 1844 2450 1899 Filii
2480 1847 2724 1916 propria.
2754 1845 2917 1900 Solus
2945 1845 3091 1900 enim
3140 1843 3316 1900 factus
3342 1852 3426 1901 est

203 1926 605 2000 ὲνηνθρώπησε,
662 1931 820 2000 μόνος
852 1931 1172 2004 ἐϐαπτίσθη,
1228 1935 1386 2005 μόνος
1430 1937 1495 1988 ὲκ
1546 1938 1756 2008 Πατρὺς

203 2020 531 2091 γεγέννηται,
568 2023 727 2093 μόνος
767 2024 1101 2098 ἐσταυρώθη,
1131 2027 1224 2079 καὶ
1253 2029 1352 2081 ὅσα
1396 2028 1649 2082 τοιαῦτα’
1694 2033 1753 2085 ού

200 2110 475 2182 χωρισθείς
505 2113 607 2184 τῆς
642 2113 735 2166 τοῦ
766 2116 974 2188 Πατρὸς
1004 2117 1375 2182 ὑποστάσεως,
1423 2120 1536 2173 ἀλλ’
1583 2120 1658 2174 ὣν
1697 2124 1754 2175 ἐν

198 2204 357 2275 αὐτῷ,
408 2206 507 2258 καὶ
559 2205 719 2257 αὐτὸν
762 2205 899 2275 ἔχων
947 2208 1004 2259 ὲν
1056 2208 1254 2280 ἐαυτῷ,
1292 2210 1621 2266 ίδιοποιεῖται
1658 2212 1755 2284 τὴν

197 2296 622 2367 ὲνανθρώπησιν,
666 2297 753 2351 ἴνα
810 2298 1254 2370 διευκρινηθῶσιν
1311 2302 1369 2353 αί
1412 2303 1752 2368 ὑποστάσεις.

199 2387 307 2443 Ἵνα
333 2388 387 2441 δὲ
420 2388 497 2460 μὴ
537 2389 784 2460 νομίσῃς,
806 2390 886 2443 ὅτι
910 2392 943 2461 ἡ
967 2390 1177 2444 Παλαιὰ
1211 2392 1343 2465 μόνη
1388 2389 1494 2449 οἶδε
1527 2395 1619 2448 τὸν
1661 2395 1757 2450 ἕνα

194 2482 284 2535 καὶ
316 2481 475 2551 μόνον
503 2480 636 2533 Θεὸν
662 2479 1065 2549 καταγγέλλειν,
1096 2483 1324 2536 ἄκουσον
1347 2485 1510 2537 αὑτοῦ
1538 2485 1631 2539 τοῦ
1647 2488 1758 2539 Σω-

194 2570 349 2642 τῆρος
379 2571 668 2641 λέγοντος·
713 2591 732 2623 ι
777 2572 1107 2644 Γέγραπται,
1163 2576 1347 2648 Κυρίῳ
1398 2577 1475 2649 τῷ
1517 2577 1635 2648 Θεῷ
1662 2595 1755 2631 σου

192 2667 608 2739 προσκυνήσεις,
635 2666 729 2720 καὶ
756 2668 902 2738 αὐτῷ
935 2669 1082 2740 μόνῳ
1108 2668 1441 2741 λατρεύσεις.
1488 2692 1508 2725 ι
1552 2674 1661 2727 Καὶ
1698 2677 1757 2729 ὲν

189 2756 382 2821 ἄλλοις,
442 2757 764 2828 ἐρωτηθεὶς,
808 2759 935 2811 ποία
988 2760 1175 2832 ἐντολὴ
1232 2762 1442 2835 μεγάλη
1492 2765 1551 2816 ἐν
1584 2765 1753 2837 νόμῳ,

187 2844 367 2902 εἴτ-,ενδ
399 2868 419 2901 ι
473 2851 812 2921 Ἀγαπήσεις
850 2851 1052 2923 Κύριον
1092 2853 1185 2906 τὸν
1226 2854 1361 2907 Θεόν
1406 2873 1497 2908 σου
1530 2857 1589 2921 ἐξ
1631 2857 1757 2928 ὅλης

187 2939 282 3009 τῆς
307 2940 491 3011 ψυχῆς
530 2957 646 3005 σου,
678 2943 770 2994 καὶ
800 2942 857 3007 ἐξ
889 2942 1013 3014 ὅλης
1045 2945 1141 3015 τῆς
1168 2946 1397 3017 καρδίας
1430 2964 1545 3012 σου,
1579 2949 1672 3002 καὶ
1698 2949 1756 3016 ἐξ

183 3028 305 3099 ὅλης
328 3031 429 3100 τῆς
450 3029 641 3100 ἰσχύος
655 3045 770 3083 σου’
788 3032 878 3084 καὶ
901 3032 990 3085 τὸν
1007 3032 1229 3104 πλησίον
1255 3053 1345 3088 σου
1363 3036 1437 3100 ὡς
1459 3038 1700 3092 σεαυτόν.
1731 3057 1751 3090 ι

182 3114 344 3192 Ἆρα,
376 3121 573 3195 ἐπειδὴ
629 3123 727 3176 οὐκ
786 3119 905 3176 εἶπε
940 3124 1141 3195 Κύριον
1195 3126 1287 3179 τὸν
1322 3128 1452 3181 Θεόν
1489 3145 1606 3195 σου,
1656 3130 1751 3182 καὶ

182 3207 302 3263 Υίὺν
327 3211 527 3276 αὐτοῦ,
559 3191 623 3265 ού
650 3212 730 3265 δεῖ
760 3214 977 3284 ἀγαπᾷν
1012 3191 1177 3284 ημᾶς,
1212 3216 1413 3287 μᾶλλον
1439 3217 1497 3270 δὲ
1525 3191 1751 3288 συναγα-
1779 3191 1820 3248 c

179 3302 280 3372 πᾷν
308 3304 506 3375 Κυρίῳ
546 3303 630 3374 τῷ
680 3303 797 3374 Θεῷ
830 3305 924 3357 καὶ
970 3305 1115 3371 Υἱὸν,
1170 3308 1264 3360 καὶ
1313 3308 1373 3361 τὸ
1430 3308 1651 3380 Πνεῦμα
1691 3308 1753 3362 τὸ

174 3388 364 3458 ἅγιον;
396 3393 633 3447 Μακεδ.
662 3395 787 3446 Ναί.
817 3393 953 3447 Ἀλλ’
986 3396 1124 3461 εἰπὲ,
1155 3397 1257 3450 ποῦ
1291 3398 1421 3463 Θεὸς
1450 3399 1511 3451 τὸ
1534 3400 1752 3470 Πνεῦμα

174 3481 410 3554 εἴρηται.
458 3486 615 3552 Ὀρθ.
639 3485 786 3548 Τέως
816 3485 952 3555 μάθε
976 3488 1105 3541 αὐτὸ
1131 3488 1204 3559 μὴ
1232 3490 1484 3560 χωρίζειν
1509 3490 1609 3559 τῆς
1640 3508 1751 3543 κοι-

172 3574 365 3639 νωνίας
397 3576 500 3630 τοῦ
541 3577 758 3647 Πατρὺς
789 3579 1001 3631 καὶτοῦ
1036 3579 1186 3642 Υίοῦ,
1244 3579 1379 3632 ἀλλὰ
1433 3583 1750 3652 συναγαπᾷν

168 3664 244 3736 τῷ
267 3669 474 3740 Πατρὶ,
506 3670 606 3723 καὶ
629 3670 707 3740 τῷ
730 3670 864 3742 Υίῷ,
883 3671 975 3725 καὶ
1004 3672 1063 3725 τὸ
1090 3671 1240 3740 ἅγιον
1265 3671 1505 3743 Πνεῦμα,
1534 3673 1593 3738 ἐξ
1624 3673 1750 3744 ὅλης

164 3754 262 3828 τῆς
294 3759 489 3831 ἰσχύος
512 3776 635 3827 σου,
658 3761 751 3814 καὶ
784 3762 840 3828 ἐξ
869 3763 995 3835 ὅλης
1015 3764 1116 3833 τῆς
1145 3763 1320 3835 ψυχῆς
1353 3782 1465 3835 σου,
1503 3766 1597 3818 καί¹
1627 3765 1748 3817 τότε

163 3848 469 3917 ἐπίγνωσιν
503 3851 647 3904 Θεοῦ
673 3852 947 3924 εὑρήσεις.
977 3854 1196 3908 Μακεδ.
1242 3856 1459 3922 Ἀγαπῶ
1491 3855 1588 3926 μὲν
1619 3856 1749 3909 αὐτὸ

163 3938 221 4006 ἐξ
245 3941 377 4014 ὅλης
401 3943 511 4014 τῆς
535 3944 783 4015 καρδίας,
817 3948 910 3999 καὶ
938 3947 996 4012 ἐξ
1021 3948 1145 4019 ὅλης
1170 3949 1266 4019 τῆς
1296 3934 1472 4019 ψυχῆς
1517 3949 1609 4003 καὶ
1636 3948 1752 4004 δια-

158 4030 339 4094 νοίας·
377 4033 445 4085 οὐ
485 4033 603 4105 μὴν
636 4033 864 4104 θεολογῶ
896 4036 1045 4091 αὐτό.
1091 4039 1237 4104 Ὀρθ.
1282 4036 1405 4100 Πῶς
1460 4038 1569 4110 γὰρ
1618 4037 1747 4111 δύνῃ

157 4119 490 4197 θεολογῆσαι
510 4125 578 4179 τὸ
614 4125 856 4196 Πνεῦμα.
885 4129 915 4180 ό
945 4127 1019 4199 μὴ
1053 4123 1217 4182 θέλων
1254 4130 1426 4182 εἰπεῖν
1454 4129 1549 4200 τὴν
1581 4129 1748 4201 αὐτὴν

153 4214 367 4280 οὐσίαν,
386 4218 492 4270 καὶ
509 4216 696 4283 δόξαν,
727 4220 821 4271 καὶ
840 4219 1051 4291 βουλὴν,
1074 4220 1167 4273 καὶ
1186 4219 1411 4291 δύναμιν
1426 4222 1634 4293 Πατρὺς
1653 4223 1747 4275 καὶ

157 4302 305 4371 Υἱοῦ;
323 4306 448 4360 ἀλλ’
470 4308 700 4361 ἐναντία
713 4309 942 4380 εὑρέθης
955 4305 1173 4384 λέγων
1190 4311 1553 4383 προσεϐάλλου
1570 4312 1746 4366 πίστει

150 4395 253 4453 τοῦ.
271 4399 575 4472 μακαρίου
608 4400 926 4455 Λουκιανοῦ.
950 4401 1168 4455 Μακεδ.
1186 4402 1326 4470 Ἐγὼ
1355 4402 1615 4467 πιστεύω,
1630 4403 1746 4465 ὠςό

149 4491 430 4562 μακάριος
453 4492 786 4557 Λουκιανὸς,
827 4493 920 4546 καὶ
962 4492 1103 4561 λέγω
1129 4493 1333 4558 οὐσίας,
1391 4494 1485 4547 καὶ
1529 4493 1742 4566 βουλῆς,

143 4582 240 4634 καὶ
268 4583 607 4655 δυνάμεως,
640 4585 733 4637 καὶ
762 4585 919 4655 δόξης
944 4585 1354 4656 ἀπαράλλακτον
1389 4588 1602 4639 εἰκόνω
1640 4586 1741 4658 τὴν

142 4674 315 4748 αὐτὴν
347 4678 417 4729 ού
444 4677 607 4745 λέγω
637 4676 756 4730 οὐδὲ
781 4678 986 4742 οὐσίαν,
1016 4678 1135 4731 οὐδὲ
1176 4677 1422 4749 θεότητα,
1468 4678 1588 4731 οὐδὲ
1621 4678 1743 4749 βου-

138 4764 257 4837 λὴν,
308 4768 446 4823 οὔτε
499 4768 763 4838 δύναμιν,
805 4768 928 4822 οὔτε
971 4769 1144 4835 δόξαν.
1207 4771 1348 4838 Ὀρθ.
1416 4769 1603 4842 Σαυτῷ
1650 4767 1743 4824 οὖν

138 4860 360 4915 ἐναντία
390 4862 597 4931 λέγεις
627 4862 722 4914 καὶ
738 4862 815 4933 τῷ
838 4862 1087 4935 μακαρίῳ
1102 4863 1380 4933 Λουκιανῷ
1398 4881 1411 4894 ·
1440 4865 1533 4916 καὶ
1555 4863 1743 4934 ὥσπερ

131 4954 531 5027 οίΜανιχαίοι
590 4954 684 5007 καὶ
718 4954 953 5025 Φρύγες,
988 4955 1081 5008 καὶ
1120 4956 1289 5007 πᾶσαι
1336 4955 1573 5024 αἱρέσεις
1625 4953 1739 5025 (25)

131 5044 419 5114 λέγουσιν,
445 5047 643 5110 οὕτως
669 5047 1008 5118 πιστεύομεν,
1039 5046 1113 5111 ὡς
1135 5048 1184 5099 οί
1210 5047 1493 5100 ἀπόστολοι
1513 5064 1526 5077 ·
1557 5046 1739 5114 ἐξετα-

128 5137 353 5208 ζόμενοι
385 5142 476 5205 δὲ,
515 5138 743 5194 ἐναντία
772 5141 1109 5211 εὑρίσκονται
1138 5139 1384 5208 λέγοντες
1403 5157 1415 5169 ·
1466 5138 1607 5194 οὕτω
1647 5140 1741 5196 καὶ

126 5230 295 5295 αὑτὸς
315 5229 540 5297 ποιεῖς.
578 5229 693 5283 Καὶ
707 5231 969 5284 Ἰουδαίων
982 5230 1038 5283 δὲ
1057 5229 1202 5284 ἔστιν
1227 5229 1475 5295 ἀκοῦσαι,
1488 5231 1570 5284 ὅτι
1585 5227 1740 5285 Οὕτω

122 5328 507 5400 πιστεύομεν,
534 5326 624 5386 ὡς
651 5325 680 5377 ό
708 5325 971 5397 μακάριος
989 5325 1192 5396 Μωσῆς
1236 5325 1330 5378 καὶ
1354 5324 1403 5376 oi
1442 5322 1737 5395 προφῆται,

1857 1937 2038 2001 homo,
2071 1938 2220 1993 solus
2259 1938 2568 2007 baptizatus
2608 1943 2714 2001 est,
2739 1937 2890 1992 solus
2916 1951 2983 1992 ex
3012 1934 3177 1991 Patre
3206 1937 3426 2007 genitus

1857 2037 1961 2091 est,
1982 2029 2131 2084 solus
2163 2028 2263 2083 fuit
2286 2028 2605 2093 cruciﬁxus,
2628 2035 2683 2083 et
2705 2043 3044 2099 quacunque
3072 2035 3201 2082 sunt
3232 2028 3424 2098 hujus-

1856 2119 2003 2174 modi
2036 2139 2050 2174 :
2081 2121 2243 2190 idque
2269 2134 2379 2174 non
2409 2127 2695 2190 separatus
2717 2134 2747 2173 a
2778 2118 2959 2175 Patris
2987 2119 3294 2190 hypostasi,
3327 2119 3421 2174 sed

1858 2218 1917 2265 ut
1954 2212 2046 2282 qui
2086 2212 2141 2266 in
2177 2212 2295 2282 ipso
2318 2219 2483 2276 esset,
2514 2217 2568 2268 et
2591 2226 2714 2267 eum
2736 2211 2792 2265 in
2818 2226 2939 2267 sesc
2968 2210 3213 2277 haberet,
3244 2211 3423 2265 incar-
3530 2248 3543 2261 .

1855 2303 2128 2358 nationem
2156 2303 2258 2359 sibi
2284 2303 2557 2373 propriam
2582 2303 2766 2368 habet,
2797 2310 2857 2356 ut
2891 2302 2993 2357 rite
3009 2302 3419 2374 distinguantur
3455 2292 3462 2301 ’

1855 2393 2197 2465 hypostases.
2257 2393 2334 2447 Ac
2384 2407 2454 2447 ne
2501 2391 2781 2448 existimes
2812 2390 2988 2446 solum
3020 2387 3189 2445 Vetus
3220 2388 3414 2445 Testa-

1856 2494 2095 2540 mentum
2138 2499 2306 2539 unum
2349 2491 2403 2539 et
2437 2484 2612 2539 solum
2661 2482 2829 2538 Deum
2879 2481 3201 2537 annuntiare
3227 2525 3242 2548 ,
3286 2483 3411 2536 audi

1859 2576 2196 2632 Salvatorem
2242 2578 2419 2647 ipsum
2449 2576 2718 2631 dicentem
2746 2594 2760 2630 :
2802 2592 2823 2627 ι
2868 2573 3144 2644 Scriptum
3172 2583 3280 2643 est,
3308 2574 3416 2631 Do-

1856 2668 2064 2723 minum
2098 2667 2264 2722 Deum
2289 2676 2440 2723 tuum
2471 2667 2749 2731 adorabis,
2778 2676 2832 2722 et
2868 2666 2944 2721 illi
2967 2666 3068 2721 soli
3095 2667 3302 2725 servies
3321 2668 3365 2723 ⁸.
3393 2687 3413 2719 ι

1856 2759 1923 2815 Et
1957 2760 2105 2828 alibi,
2141 2767 2364 2830 rogatus
2420 2758 2690 2830 quodnam
2726 2767 2869 2814 esset
2890 2759 3183 2812 maximum
3217 2759 3271 2812 in
3302 2760 3420 2832 lege

1855 2858 2205 2922 praeceptum,
2228 2849 2402 2919 inquit
2428 2868 2442 2903 :
2478 2867 2497 2899 ι
2534 2847 2733 2919 Diliges
2762 2846 3049 2902 Dominum
3075 2846 3240 2903 Deum
3266 2856 3418 2903 tuum

1855 2959 1923 2998 ex
1951 2949 2063 2997 tota
2092 2942 2270 2996 anima
2305 2949 2418 3003 tua,
2448 2948 2502 2994 ct
2532 2956 2599 2995 ex
2624 2948 2736 2994 toto
2769 2939 2931 2995 corde
2973 2947 3088 3006 tuo,
3110 2947 3164 2994 et
3196 2955 3259 2994 ex
3285 2941 3417 2995 totis

1856 3034 2066 3090 viribus
2098 3034 2208 3088 tuis
2243 3052 2255 3085 :
2289 3041 2343 3086 et
2373 3031 2676 3104 proximum
2705 3038 2858 3084 tuum
2893 3031 3036 3085 sicut
3061 3031 3290 3101 teipsum
3316 3032 3358 3085 ⁸.
3390 3048 3411 3082 δ

1855 3120 1997 3178 Num
2048 3139 2177 3179 vero
2225 3123 2482 3194 quoniam
2543 3137 2652 3176 non
2689 3121 2861 3187 dixit,
2910 3120 3196 3175 Dominum
3247 3119 3418 3175 Deum

1853 3225 2006 3271 tuum
2035 3223 2088 3269 et
2114 3212 2310 3268 Filium
2338 3214 2456 3284 ejus
2481 3253 2495 3277 ,
2549 3228 2656 3268 non
2689 3221 2902 3284 oportet
2932 3228 3032 3269 nos
3074 3213 3321 3287 diligere,
3354 3228 3418 3270 ac

1852 3322 1961 3360 non
1997 3306 2176 3376 potius
2209 3319 2317 3359 una
2340 3321 2460 3359 cum
2499 3303 2656 3359 Patre
2681 3304 2832 3375 diligi
2876 3311 2990 3358 tum
3021 3302 3222 3358 Filium
3246 3346 3261 3369 ,
3302 3313 3415 3358 tum

1853 3398 2117 3470 Spiritum
2145 3397 2430 3452 sanctum?
2469 3394 2679 3451 Haced.
2717 3397 2878 3452 Sane.
2936 3396 3042 3452 Sed
3070 3396 3272 3461 dicito,
3325 3396 3418 3451 ubi

1853 3490 2091 3560 Spiritus
2141 3495 2364 3543 sanctus
2413 3488 2593 3545 dictus
2647 3489 2716 3543 sit
2772 3488 2933 3543 Deus.
2970 3487 3123 3543 Orth.
3173 3488 3414 3542 Primum

1850 3579 1999 3634 disce
2022 3576 2281 3648 Spiritum
2307 3594 2414 3631 non
2452 3592 2706 3646 separare
2731 3593 2761 3631 a
2796 3576 2976 3631 Patris
3012 3588 3067 3632 et
3093 3577 3218 3631 Filii
3265 3591 3416 3632 com—

1850 3672 2146 3735 munione,
2182 3686 2276 3726 seu
2318 3685 2425 3724 una
2475 3686 2599 3725 cum
2660 3669 2819 3725 Patre
2864 3678 2919 3724 et
2964 3668 3101 3725 Filio
3151 3666 3413 3739 Spiritum

1848 3777 2065 3833 quoque
2100 3771 2349 3817 sanctum
2384 3761 2611 3832 diligere
2638 3760 2767 3815 totis
2800 3760 3009 3815 viribus
3034 3761 3167 3826 tuis,
3192 3768 3415 3831 totaque

1849 3852 2028 3905 anima
2052 3859 2165 3915 tua,
2190 3860 2244 3906 et
2267 3859 2397 3904 tunc
2430 3851 2680 3904 notitiam
2712 3848 2805 3904 Dei
2837 3851 3169 3920 assequeris.
3202 3849 3410 3904 Haced.

1846 3938 2132 4012 Diligimus
2161 3955 2284 3995 eum
2322 3947 2434 3993 toto
2460 3939 2644 4004 corde,
2676 3946 2896 4009 totaque
2920 3939 3100 3993 anima
3125 3948 3178 3994 et
3210 3948 3410 4004 mente,

1845 4048 2022 4103 neque
2060 4040 2239 4087 tamen
2263 4047 2385 4086 eum
2413 4032 2645 4087 dicimus
2672 4030 2838 4086 Deum
2862 4046 3004 4086 esse.
3050 4029 3200 4086 Orlh.
3228 4030 3413 4085 Enim-

1847 4139 2010 4188 vero,
2042 4124 2136 4194 qui
2164 4124 2344 4194 possis
2371 4121 2634 4194 Spiritum
2681 4122 2863 4177 dicere
2907 4121 3098 4190 Deum,
3124 4123 3216 4193 qui
3270 4124 3412 4178 nolis

1848 4218 2091 4273 eamdem
2124 4215 2488 4271 substantiam
2526 4223 2581 4269 et
2609 4214 2834 4285 gloriam
2859 4253 2875 4279 ,
2904 4214 3045 4270 idem
3075 4216 3367 4271 consilium
3393 4258 3407 4280 ,

1847 4298 2204 4376 eamdemque
2259 4313 2583 4376 potestatem
2630 4304 2832 4372 Patris,
2860 4315 2914 4361 et
2965 4305 3088 4361 Filii
3123 4306 3317 4374 fateri,
3357 4317 3413 4363 et

1847 4406 2158 4468 compertus
2184 4398 2263 4454 sis
2299 4398 2403 4468 ipsi
2427 4398 2569 4453 beati
2609 4396 2833 4453 aniani
2864 4399 3220 4464 confessioni,
3246 4416 3410 4472 quam

1847 4489 2180 4559 apponebas,
2199 4489 2471 4543 contraria
2488 4490 2727 4545 sentire?
2755 4489 2960 4545 Maced.
2980 4490 3093 4562 Ego
3121 4493 3197 4545 ita
3225 4494 3408 4556 credo,

1846 4591 1906 4634 ut
1928 4582 2120 4635 beatus
2147 4579 2441 4645 Lucianus,
2478 4588 2533 4635 et
2575 4580 2748 4636 fateor
2774 4581 3060 4654 imaginem
3092 4577 3413 4641 substantiae

1846 4678 1901 4725 et
1920 4672 2166 4737 consilii,
2213 4680 2270 4726 et
2312 4672 2639 4742 potestatis,
2691 4680 2746 4727 et
2799 4674 2985 4743 gloriae
3035 4675 3405 4729 invariatam:

1846 4761 2303 4817 eamdemctamen
2336 4761 2695 4816 substantiam
2736 4777 2843 4815 non
2887 4763 3031 4827 dico,
3085 4778 3262 4832 neque
3290 4763 3408 4817 dei-

1846 4859 2034 4917 tatem,
2062 4866 2239 4922 neque
2270 4850 2413 4905 idem
2443 4851 2766 4917 consilium,
2821 4868 2998 4922 neque
3050 4853 3296 4908 eamdem
3319 4866 3411 4922 po-

1847 4952 2119 5009 testatem,
2156 4958 2331 5013 neque
2365 4943 2616 5013 gloriam.
2660 4942 2813 4998 Orth.
2859 4944 3045 5014 Itaque
3077 4952 3133 5000 et
3165 4944 3261 4999 tibi
3304 4945 3409 5013 ipsi

1844 5045 1899 5093 et
1943 5044 2103 5099 beato
2142 5043 2385 5098 Luciano
2436 5043 2812 5099 contradicis:
2849 5050 2905 5099 et
2953 5040 3408 5111 quemadmodum

1846 5134 2124 5190 Manichaei
2167 5144 2221 5189 et
2247 5133 2487 5206 Phryges
2510 5173 2526 5200 ,
2578 5148 2879 5204 omnesque
2904 5133 3040 5189 adeo
3060 5135 3305 5189 haereses
3333 5132 3412 5187 di-

1844 5227 2057 5289 ctitant,
2081 5223 2378 5289 credimus,
2420 5231 2484 5278 ut
2516 5225 2693 5281 sancti
2724 5223 2957 5295 apostoli
3012 5222 3362 5278 crediderunt
3391 5242 3405 5276 :

1844 5319 1940 5376 ubi
1980 5326 2162 5375 autem
2184 5317 2602 5386 examinantur,
2639 5316 2941 5387 contraria.
2966 5314 3149 5371 dicere
3190 5328 3410 5386 compe-

193 5508 215 5540 ³
253 5507 436 5565 Deut.
473 5521 584 5571 Vt,
623 5502 676 5558 6.
749 5502 772 5536 ⁸
806 5501 909 5558 Job
941 5517 1027 5566 rx,
1062 5502 1116 5557 8.
1192 5502 1215 5535 ⁸
1254 5499 1441 5557 Matth.
1479 5516 1554 5567 tv,
1587 5499 1677 5557 10.
1751 5507 1752 5524 ‘

1854 5506 1969 5555 cut.
2003 5511 2055 5554 νι
2070 5535 2088 5567 ,
2120 5493 2177 5553 5.

182 5684 313 5763 (I3)
359 5678 782 5752 Manuscripti,
816 5681 966 5737 πᾶσα.
991 5678 1223 5745 αἵρεσις.

370 5784 687 5844 ΡΑἰ-ιιοῐ..
736 5776 853 5833 Gn.
905 5772 1192 5837 XXVIII.

3091 5756 3177 5821 39
