3982 6398
555 293 692 352 liii
785 347 797 356 ,
1633 291 1692 346 S.
1736 286 2198 344 ATIIANASIUS.
2228 317 2300 329 —
2328 287 2606 347 SPURIA.
3677 282 3801 339 ιεξιε

556 419 792 480 riuntur,
823 414 898 468 ita
928 420 983 468 et
1013 419 1072 467 ιιι
1101 411 1256 467 facis.
1314 410 1426 465 lmo
1458 410 1626 464 etiam
1668 425 1735 464 ex
1792 407 1997 464 Iudaeis
2039 423 2132 463 au-

2236 409 2327 463 καὶ
2361 411 2419 463 ὲν
2451 411 2573 474 ταῖς
2609 410 2942 482 ἐρωτήσεσιν
2997 408 3160 464 αὐτὸν
3207 406 3298 461 τόν
3335 403 3800 478 προφητευόμενον

553 509 673 564 dire
699 508 865 562 licet:
901 503 980 558 lta
1027 504 1323 572 credimus,
1360 513 1420 558 ut
1451 503 1646 559 beatus
1677 501 1856 558 Moses
1903 509 1956 555 et
1996 515 2125 570 pro-

2236 499 2577 571 εὑρίσκονται
2604 499 3033 572 σταυρώσαντες.

554 600 750 670 phette,
783 611 922 668 quos
955 603 1136 651 tamen
1164 595 1210 649 si
1256 595 1563 662 interroges
1585 633 1599 656 ,
1635 592 1974 663 reperiemur
2002 605 2127 644 eum
2164 589 2366 659 ipsum.
2427 589 2496 644 de
2561 604 2672 658 quo
2718 587 3000 642 vaticinati
3033 593 3165 641 sunt
3219 586 3499 658 prophetae
3523 622 3540 646 ,
3600 582 3802 635 cruciﬁ-

556 695 726 750 xisse.

623 785 890 860 45016.
909 782 1117 839 Μαρια.
1136 783 1246 839 Nos
1263 782 1498 838 dicimus
1519 781 1718 838 Filium
1740 796 1864 836 esse
1893 780 2130 834 invaria-

555 887 668 932 tam
683 877 970 948 imaginem
987 876 1323 934 substantiae.
1351 885 1404 930 et
1419 875 1659 942 consilii,
1675 883 1732 930 et
1753 876 2060 944 potestatis,
2078 879 2133 927 et

554 967 737 1040 gloria:
756 965 954 1033 Patris,
976 983 1083 1024 non
1105 967 1338 1022 dicimus
1369 976 1550 1021 tamen
1567 981 1691 1021 esse
1717 981 1783 1021 ex
1797 963 1976 1019 Patris
2008 963 2134 1019 sub-

555 1060 779 1125 stantia,
822 1075 998 1130 neque
1043 1059 1288 1114 eamdem
1323 1058 1712 1122 substantiam,
1751 1064 1806 1112 et
1831 1057 1971 1112 idem
1997 1072 2132 1111 con-

555 1149 768 1215 silium,
794 1147 1041 1204 eamdem
1077 1157 1400 1219 potestatem
1432 1155 1487 1202 et
1509 1147 1761 1216 gloriam.
1791 1141 2052 1214 Superest
2078 1152 2139 1198 ut
2164 1175 2177 1192 .

554 1243 730 1307 dicas,
746 1241 792 1296 si
809 1248 986 1310 potes,
1005 1239 1095 1296 ubi
1123 1239 1388 1309 scriptum
1411 1238 1504 1301 sit,
1529 1237 1789 1307 Spiritum
1806 1251 1928 1292 esse
1946 1233 2134 1290 Deum.

2306 775 2390 830 16.
2406 775 2626 831 Μακεδ.
2645 776 2704 830 Ἢ
2714 778 2834 846 μεῖς
2842 775 3046 838 οὐσίας,
3067 776 3161 828 καὶ
3176 773 3391 845 βουλῆς,
3406 771 3802 842 καὶδυνάμεως,

2233 869 2329 922 καὶ
2354 867 2529 938 δόξης,
2547 867 2964 938 ἀπαράλλακτον
2984 866 3165 920 εἰκόνα
3191 865 3418 936 λέγομεν
3450 863 3544 917 τὸν
3569 863 3698 914 Υἰὸν
3724 862 3806 917 τοῦ

2236 960 2469 1031 Πατρός’
2485 958 2609 1013 οὔτε
2625 959 2682 1012 δὲ
2705 961 2768 1012 ὲκ
2787 959 2888 1030 τῆς
2905 958 3091 1023 οὐσίας
3105 956 3357 1027 λέγομεν,
3377 953 3504 1008 οὔτε
3522 953 3622 1024 τὴν
3650 954 3807 1023 αὐτὴν

2235 1050 2444 1114 οὐσίαν,
2469 1053 2564 1105 καὶ
2589 1051 2803 1123 βουλὴν,
2832 1051 2926 1104 καὶ
2940 1050 3187 1120 δύναμιν,
3217 1046 3509 1111 καὶδόξαν.
3529 1045 3748 1112 Λοιπὸν,
3766 1047 3810 1099 εἰ

2237 1142 2383 1212 ἔχεις
2407 1144 2603 1207 εἰπεῖν,
2630 1142 2734 1196 ποῦ
2781 1145 3108 1215 γέγραπται,
3149 1143 3279 1205 Θεὸς
3303 1142 3366 1195 τὸ
3390 1141 3644 1210 Πνεῦμα,
3676 1141 3807 1192 εἰπέ.

2234 1233 2300 1286 Τί
2332 1250 2399 1306 με
2432 1236 2664 1306 aﬂuere;
2703 1237 2850 1304 Ὀρθ.
2887 1237 3014 1288 Ὅτε
3043 1234 3244 1300 ἔδειξα,
3277 1234 3359 1286 ὅτι
3389 1231 3576 1302 σαυτῷ
3603 1231 3822 1285 ἐναντία.

554 1333 672 1389 Dic.
703 1333 847 1400 Quid
873 1347 958 1386 me
1009 1331 1267 1402 paulatim
1300 1330 1542 1385 euecas?
1573 1327 1726 1384 Orth.
1776 1327 1911 1383 Cum
1955 1335 2004 1382 te
2037 1327 2133 1381 tibi

2236 1327 2427 1398 λέγεις,
2451 1328 2527 1391 ὡς
2563 1330 2614 1382 οἱ
2641 1329 2904 1401 ἀκροαταὶ
2934 1327 3104 1394 ἴσασι,
3137 1327 3232 1382 καὶ
3254 1328 3306 1380 οἰ
3323 1325 3466 1399 μετὰ
3494 1324 3671 1380 ταῦτα
3692 1325 3810 1377 ἀνα-

553 1424 661 1496 ipsi
693 1437 996 1494 repugnare
1027 1419 1394 1486 ostenderem,
1427 1429 1485 1474 ut
1525 1421 1805 1475 auditores
1829 1427 2050 1484 norunt,
2081 1425 2133 1472 et

2236 1417 2588 1486 γινώσκοντες
2613 1417 2935 1488 γνώσονται,
2961 1419 3081 1472 τότε
3108 1417 3376 1488 δείκνυμι,
3424 1417 3506 1469 ὅτι
3540 1416 3637 1468 καὶ
3689 1414 3810 1477 Θεὸς

555 1515 594 1570 ii
623 1521 982 1586 cognoscent,
1013 1511 1108 1583 qui
1141 1511 1256 1566 haec
1302 1519 1432 1566 sunt
1483 1519 1671 1581 postea
1723 1511 1950 1574 lecturi,
2003 1519 2133 1564 tunc

2236 1510 2328 1563 καὶ
2371 1509 2596 1582 κτίστης
2649 1510 2740 1562 καί
2793 1509 3052 1574 ζωοποιός
3096 1511 3244 1564 ἐστιν
3297 1509 3326 1561 ό
3368 1507 3733 1580 Παρὰκλητος
3756 1506 3810 1558 τὸ

554 1605 720 1660 etiam
754 1603 968 1658 ostendi
1001 1600 1368 1666 Paracletum,
1396 1598 1660 1671 Spiritum
1685 1599 1836 1654 illum
1861 1599 2127 1661 veritatis,

2236 1600 2460 1674 Πνεῦμα
2481 1602 2579 1674 τῆς
2603 1601 2878 1673 ἀληθείας.
2931 1601 3152 1658 Μακεδ.
3199 1602 3319 1657 Κᾶν
3363 1601 3422 1654 ἒν
3465 1601 3582 1670 (24)
3614 1599 3810 1652 τούτων

555 1711 681 1751 esse
721 1693 912 1756 Deum,
944 1701 1000 1748 et
1029 1691 1315 1763 opiﬁcem,
1365 1701 1419 1746 et
1450 1691 1745 1746 viviﬁcum.
1811 1689 2022 1746 Mared.
2073 1689 2129 1744 Si

2236 1692 2434 1765 δείξῃς,
2481 1693 2702 1764 γίνομαι
2752 1695 3166 1766 ὁμοουσιαστής.
3209 1694 3354 1761 Ὀρθ.
3413 1691 3534 1746 Τίνι
3593 1687 3746 1745 εἶπεν
3785 1693 3812 1744 ὁ

558 1789 642 1846 vel
671 1804 839 1843 unum
875 1787 1103 1842 istorum
1149 1784 1490 1848 ostenderis,
1529 1783 1652 1838 ﬁam
1697 1785 2136 1839 consubstantia-

558 1885 706 1940 lista.
771 1880 925 1937 Orth.
960 1879 1191 1936 Cuiuam
1249 1877 1388 1932 dixit
1433 1875 1616 1932 Deus:
1658 1896 1676 1928 ι
1716 1875 2005 1931 Faciamus
2036 1876 2134 1930 ho-

558 1975 762 2030 minem
797 1973 863 2027 ad
894 1971 1182 2043 imaginem
1210 1977 1264 2025 et
1287 1968 1704 2024 similitudinem
1736 1975 1980 2022 nostram
2022 1968 2082 2022 "?
2109 1987 2128 2019 ι

558 2065 770 2122 Maced.
811 2063 954 2118 Deus
985 2061 1145 2118 Pater
1187 2061 1290 2116 hoc
1345 2061 1478 2115 dicit
1527 2059 1665 2114 Filio
1702 2059 1831 2115 Deo.
1870 2059 2022 2114 Orth.
2057 2059 2131 2113 Ex

553 2171 624 2214 eo
655 2157 796 2228 ipso,
827 2154 974 2226 quod
1015 2152 1268 2209 eﬂ‘ectum
1315 2159 1432 2216 est,
1487 2166 1783 2222 possumus
1832 2151 2134 2222 intelligere

552 2246 775 2302 cuinam
809 2246 862 2300 iil
891 2244 1092 2300 dixerit
1120 2243 1267 2313 quod
1316 2249 1503 2312 postea
1525 2239 1777 2296 effectum
1811 2240 1934 2295 fuit.
1971 2239 2136 2298 Estne

556 2341 720 2396 hoino
746 2337 815 2392 ad
849 2337 1136 2408 imaginem
1175 2335 1268 2390 Dei
1302 2335 1511 2398 factus,
1545 2333 1762 2388 annon?
1793 2332 2004 2387 Maced.
2040 2333 2137 2388 Est

558 2445 713 2484 sane.
753 2427 906 2483 Orth.
939 2427 1037 2482 Dic
1071 2426 1266 2498 igitur:
1307 2424 1446 2479 Num
1485 2432 1666 2494 potest
1695 2424 1857 2478 homo
1885 2438 2004 2478 esse
2039 2422 2134 2476 Dei

556 2517 758 2588 imago,
799 2531 922 2570 cum
958 2531 1066 2571 non
1093 2516 1165 2571 sit
1202 2512 1520 2584 perfectus:
1554 2519 1609 2568 et
1636 2529 1767 2567 num
1806 2520 1986 2583 potest
2011 2528 2136 2582 per.

557 2609 733 2665 fectus
759 2625 901 2674 esse,
929 2625 1092 2680 quem
1127 2607 1365 2680 Spiritus
1406 2617 1630 2662 sanctus
1677 2621 1786 2661 non
1832 2605 2136 2660 sanctiﬁca-

554 2703 666 2758 rit?
697 2701 903 2758 Maced.
937 2704 1140 2758 Omnes
1165 2703 1329 2774 igitur
1362 2702 1612 2758 homines
1636 2701 1838 2756 habent
1870 2698 2134 2770 Spiritum

557 2796 847 2853 sanctum?
873 2795 1026 2852 Orth.
1063 2793 1120 2850 Si
1145 2809 1336 2850 omnes
1362 2801 1491 2850 sunt
1510 2793 1814 2849 secundum
1845 2791 2135 2860 imaginem

557 2891 808 2962 perfecti,
831 2903 1022 2944 omnes
1049 2903 1266 2958 quoque
1309 2885 1576 2957 Spiritum
1632 2895 1880 2940 sanctum
1911 2883 2132 2938 habent.

558 2979 767 3036 Haced.
801 2977 1002 3035 Omnes
1034 2979 1236 3032 habent
1263 2977 1418 3030 illum
1470 2974 1775 3030 secundum
1821 2974 2129 3044 imaginem.

561 3073 716 3132 Orth.
749 3071 1034 3139 Quomodo
1090 3070 1255 3140 igitur
1301 3067 1505 3123 Paulus
1560 3067 1780 3136 inquit:
1830 3083 1848 3117 ι
1909 3063 1978 3120 Ut
2011 3066 2132 3122 sitis
2159 3095 2200 3152 ο

560 3165 861 3222 secundum
924 3163 1210 3232 imaginem
1256 3161 1378 3230 ejus
1405 3199 1420 3223 ,
1457 3159 1551 3230 qui
1600 3159 1845 3214 condidit
1880 3173 1976 3213 vos
2005 3158 2070 3212 εἰ
2107 3175 2125 3210 ι

561 3268 615 3313 et
638 3257 803 3310 alibi:
841 3274 859 3306 ι
898 3253 1054 3307 Sicut
1087 3251 1424 3323 portavimus
1455 3250 1745 3320 imaginem
1769 3248 1993 3314 terreni,
2013 3264 2132 3319 por-

562 3360 740 3404 temus
773 3346 1063 3415 imaginem
1083 3343 1325 3399 cmlestis
1354 3343 1400 3396 οἰ
1430 3361 1450 3394 ι
1483 3340 1695 3396 Μαι-ιιι.
1738 3339 1932 3395 Annon
1970 3341 2136 3412 igitur

561 3453 754 3495 omnes
799 3453 990 3493 sumus
1035 3434 1334 3492 secundum
1367 3433 1692 3506 imaginem?
1750 3431 1902 3488 Orth.
1936 3431 2136 3487 Pecca-

561 3541 710 3588 torcs
736 3545 1078 3601 nequaquam
1108 3545 1122 3584 :
1153 3528 1247 3598 qui
1287 3541 1414 3582 vero
1449 3526 1634 3582 carnis
1664 3525 1908 3580 actiones
1942 3523 2136 3579 morzi-

559 3624 745 3688 ﬂeam,
776 3631 830 3678 et
857 3611 1087 3676 induunt
1114 3635 1318 3674 novum
1351 3619 1501 3673 illum
1551 3617 1827 3672 hominem
1876 3615 1944 3670 ad
1991 3615 2130 3670 ima-

561 3714 739 3786 ginem
770 3711 865 3769 Dei
898 3712 1176 3768 conditum
1200 3752 1214 3775 ,
1259 3711 1326 3766 iis
1357 3710 1573 3765 demum
1603 3709 1738 3764 illud
1759 3747 1774 3772 ,
1827 3707 2131 3762 secundum

559 3805 873 3876 imaginem,
904 3803 1184 3874 competit.
1218 3800 1368 3856 Talis
1413 3800 1559 3856 enim
1615 3807 1733 3855 erat
1774 3799 1950 3853 Adam
2005 3806 2134 3854 ante

557 3895 1072 3968 transgressionem.
1107 3891 1278 3948 llomo
1312 3893 1478 3963 igitur
1513 3892 1602 3946 ille
1655 3891 1958 3946 secundum
1995 3891 2130 3944 inia-

557 3989 736 4059 ginem
775 3986 870 4042 Dei
907 3993 1159 4043 creatus.
1212 4000 1243 4036 a
1299 3982 1492 4046 Patre,
1527 3991 1581 4036 et
1617 3981 1778 4047 Filio,
1805 3990 1860 4037 et
1921 3982 2129 4053 Spiritu

2234 1784 2397 1848 Θεός·
2434 1803 2453 1835 ι
2489 1785 2806 1858 Ποιήσωμεν
2855 1786 3136 1858 ἄνθρωπον
3162 1786 3282 1838 κατ’
3309 1785 3497 1838 εἰκόνα
3546 1783 3811 1855 ἡμετέραν

2235 1875 2326 1928 καὶ
2348 1875 2469 1930 καθ’
2496 1877 2790 1946 όμοίωσινς
2827 1897 2845 1928 ι
2877 1877 3096 1932 Μακεδ.
3130 1877 3189 1930 '0
3206 1875 3340 1938 Θεὸς
3364 1877 3461 1930 καὶ
3491 1875 3685 1947 Πατὴρ
3707 1875 3810 1928 ἐλε-

2233 1985 2296 2038 γε
2325 1968 2401 2039 τῷ
2435 1969 2548 2040 Υίῷ
2613 1969 2707 2022 καὶ
2737 1969 2876 2040 Θεῷ.
2909 1970 3054 2038 Ὀρθ.
3096 1971 3214 2022 Ἀπ’
3250 1969 3417 2024 αὐτοῦ
3450 1969 3550 2022 τοῦ
3597 1969 3808 2038 γεγονό-

2232 2076 2323 2122 τος
2346 2057 2621 2130 δυνάμεθα
2650 2060 2872 2128 γνῶναι,
2896 2060 2998 2112 τίνι
3044 2059 3199 2129 ἔλεγε
3247 2059 3308 2113 τὸ
3341 2061 3591 2129 γεγονός.
3641 2061 3700 2114 '0
3723 2060 3810 2114 ἇν-

2235 2150 2450 2222 θρωπος
2474 2153 2693 2220 ἐγένετο
2721 2155 2840 2207 κατ’
2867 2155 3050 2208 εἰκόνα
3085 2152 3242 2219 Θεοῦ,
3265 2153 3299 2224 ἢ
3324 2152 3386 2206 οῦ
3408 2170 3424 2218 ;
3453 2153 3684 2210 Μακεδ.
3709 2155 3808 2207 Καὶ

2235 2242 2396 2298 πάνυ.
2431 2245 2577 2311 Ὀρθ.
2601 2245 2737 2298 Εἰπὲ
2759 2241 2871 2310 οὖν,
2901 2247 2948 2299 εἰ
2991 2246 3211 2300 δύναται
3255 2245 3421 2299 εἰκὼν
3475 2246 3616 2301 Θεοῦ
3681 2243 3807 2300 εἶναι

2233 2334 2540 2407 ἄνθρωπος,
2572 2335 2648 2407 μὴ
2679 2335 2754 2389 ὢν
2787 2337 2973 2409 ἄρτιος
2998 2353 3012 2369 ⁶
3052 2339 3148 2391 καὶ
3175 2339 3224 2391 εἰ
3266 2338 3492 2392 δύναται
3535 2336 3678 2392 εἶναι
3720 2341 3806 2410 ἄρ-

2234 2443 2368 2490 τιος,
2397 2427 2473 2499 μὴ
2500 2427 2779 2496 ἁγιασθεὶς
2805 2427 2884 2499 τῷ
2908 2428 3186 2500 Πνεῦματι
3213 2429 3311 2498 τῆς
3333 2429 3668 2501 ἁγιωσύνης.
3698 2433 3806 2484 Ma-

2234 2521 2361 2575 κεδ.
2389 2521 2499 2575 Καὶ
2523 2521 2725 2585 πάντες
2755 2517 2847 2575 οὖν
2866 2523 2915 2574 οἰ
2947 2521 3044 2578 ἄνθ
3053 2540 3225 2594 ρωποι
3243 2523 3387 2577 Πνεῦ
3397 2539 3472 2593 μα
3491 2523 3650 2591 ἆγιθν
3668 2521 3807 2593 ἔχου-

2235 2630 2354 2679 σιν;
2395 2615 2543 2680 Ὀρθ.
2572 2614 2634 2666 Εἰ
2667 2613 2868 2676 πάντες
2916 2613 3023 2668 εἰσὶ
3051 2617 3172 2667 κατ’
3221 2615 3409 2668 εἰκόνα
3461 2615 3662 2686 ἄρτιοι,
3723 2615 3808 2668 καὶ

2235 2705 2441 2768 πάντες.
2503 2703 2728 2775 Πνεῦμα
2797 2705 2950 2770 ἆγιον
3016 2703 3252 2776 ἔχουσιν.
3313 2705 3544 2761 Μακεδ.
3612 2707 3809 2768 Πάντες

2233 2795 2417 2866 ἔχουσι
2444 2796 2504 2850 τὸ
2537 2798 2657 2849 κατ’
2693 2796 2896 2850 εἰκόνα.
2927 2799 3072 2866 Ὀρθ.
3102 2797 3226 2860 Πῶς
3253 2792 3346 2851 οὖν
3370 2801 3398 2852 ὁ
3421 2798 3579 2866 ἅγιος
3610 2798 3807 2860 Παῦλος

2233 2887 2420 2956 λέγει·
2455 2906 2473 2939 ι
2505 2888 2695 2950 ’Ὅπως
2723 2887 2956 2958 γένησθε
2993 2889 3112 2940 κατ’
3155 2887 3341 2941 εἰκόνα
3385 2887 3481 2942 τοῦ
3536 2889 3805 2952 κτίσαντος

2234 2979 2379 3048 ὑμᾶς
2406 2993 2420 3043 ;
2457 2995 2474 3028 ι
2507 2977 2598 3030 καὶ
2619 2979 2676 3029 ἐν
2715 2975 2893 3040 ἄλλοις
2912 2993 2926 3006 ·
2960 2995 2978 3028 ι
3015 2977 3124 3030 Καὶ
3149 2975 3333 3040 καθὼς
3355 2977 3696 3049 ἐφορέσαμεν
3718 2976 3804 3048 τὴν

2233 3070 2417 3124 εἰκόνα
2443 3069 2536 3122 τοῦ
2571 3067 2775 3138 χοϊκοῦ,
2807 3067 3124 3139 φορέσωμεν
3151 3068 3249 3140 τὴν
3289 3069 3476 3123 εἰκόνα
3521 3069 3618 3122 τοῦ
3658 3072 3807 3122 ἐπου-

2235 3162 2453 3234 ρανίου;
2493 3181 2511 3214 ι
2549 3159 2769 3215 Μακεδ.
2793 3161 2906 3212 Οὐκ
2936 3161 3103 3232 ἐσμὲν
3131 3158 3224 3215 οὖν
3248 3162 3450 3226 πάντες
3506 3162 3628 3216 κατ’
3672 3162 3804 3216 abad-

2231 3267 2298 3305 να
2323 3269 2338 3318 ;
2361 3250 2506 3318 Ὀρθ.
2524 3251 2588 3303 Oi
2613 3251 3038 3322 ἁμαρτάνοντες,
3067 3249 3127 3304 οῦ
3145 3270 3156 3281 ο
3182 3254 3231 3305 οἰ
3256 3252 3314 3305 δὲ
3335 3252 3436 3318 τὰς
3475 3254 3698 3326 πράξεις
3720 3250 3805 3307 τοῦ

2236 3339 2485 3412 σώματος
2506 3339 2883 3405 θανατοῦντες,
2908 3341 3004 3397 καὶ
3029 3343 3464 3414 ὲνδιδυσκόμενοι
3505 3345 3602 3398 τὸν
3636 3344 3806 3398 καινὸν

2235 3432 2538 3504 ἄνθρωπον,
2569 3433 2658 3486 τὸν
2685 3434 2826 3488 κατὰ
2873 3434 3005 3488 Θεὸν
3045 3433 3355 3501 κτισθέντα,
3384 3437 3572 3508 ἔχουσι
3610 3437 3670 3491 τδ
3695 3437 3804 3492 κατ’

2235 3525 2438 3578 εἰκόνα.
2464 3525 2714 3588 Τοιοῦτος
2736 3525 2844 3598 γὰρ
2864 3521 2931 3598 ἦν
2957 3529 2986 3580 ὁ
3023 3525 3193 3598 Ἀδὰμ
3219 3528 3327 3599 πρὸ
3365 3529 3466 3600 τῆς
3511 3529 3802 3600 παρακοῆς.

2251 3617 2483 3680 Ἐκεῖνος
2509 3612 2601 3670 οὖν
2625 3617 2652 3668 ὁ
2676 3619 2796 3670 κατ’
2830 3619 3012 3672 εἰκόνα
3034 3617 3127 3672 τοῦ
3160 3619 3298 3674 Θεοῦ
3343 3621 3590 3685 κτισθεὶς
3619 3623 3806 3693 ἄνθρω-

2239 3725 2340 3771 πος
2372 3706 2522 3779 παρὰ
2564 3707 2796 3778 Πατρὸς,
2829 3709 2922 3762 καὶ
2969 3709 3119 3774 Υίοῦ,
3166 3711 3261 3764 καὶ
3307 3711 3468 3780 ἁγίου
3501 3712 3805 3784 Πνεόματος

2237 3800 2478 3871 ἐκτίσθη.
2516 3819 2533 3852 ι
2569 3801 2886 3871 Ποιήσωμεν
2927 3823 2945 3854 ι
2979 3803 3108 3875 γὰρ,
3141 3800 3315 3871 εἶπεν,
3361 3807 3450 3859 ἵνα
3490 3806 3592 3878 τὴν
3631 3805 3805 3878 συνέρα

2236 3909 2388 3961 γειαν
2413 3892 2563 3964 εἴπῃ,
2593 3892 2734 3962 οὐχὶ,
2767 3893 3056 3964 Ποιήσατε,
3085 3896 3173 3951 ἵνα
3214 3896 3290 3968 μὴ
3321 3897 3386 3951 σὺ
3417 3897 3579 3952 πάλιν
3611 3899 3804 3969 ὑπουρ-

2235 3983 2331 4054 γὸν
2357 3984 2450 4038 καὶ
2472 3983 2783 4056 λειτουργὸν
2807 3985 2985 4057 εἴπῃς.

557 4089 748 4137 sancto
767 4086 986 4135 creatus
1017 4089 1120 4133 est.
1171 4077 1316 4132 Dixit
1357 4077 1535 4137 enim,
1593 4095 1612 4128 ι
1659 4075 1968 4143 Faciamus,
2007 4096 2026 4130 ι
2076 4084 2133 4132 ut
2175 4081 2617 4150 eooperatiouem
2688 4079 3023 4147 declararet,
3070 4096 3179 4136 non
3222 4089 3404 4138 autem
3430 4121 3447 4146 ,
3480 4081 3701 4150 Facite,
3742 4097 3806 4138 ne

555 4181 616 4226 tu
663 4185 859 4226 rursus
893 4169 1312 4224 subordinatum
1361 4169 1671 4240 operarium
1717 4177 1773 4224 et
1811 4169 2128 4227 ministrum
2167 4171 2340 4229 dicas.

631 4289 718 4346 17.
747 4288 955 4344 Ηαεεά.
989 4289 1252 4360 Spiritum
1281 4299 1530 4346 sanctum
1555 4290 1694 4347 dicis
1716 4291 1897 4346 Patris
1920 4301 1977 4349 et
1997 4292 2126 4350 Filii

2305 4295 2388 4349 17.
2413 4295 2633 4350 Μακεδ.
2659 4296 2731 4350 Τὸ
2753 4296 2974 4368 Πνεῦμα
3022 4296 3082 4350 τὸ
3131 4294 3286 4364 ἅγιον
3328 4297 3595 4368 συνεργὸν
3634 4296 3808 4366 λέγεις

557 4383 864 4454 adiutorem
896 4391 949 4438 et
986 4384 1168 4454 aperis
1193 4385 1442 4439 socium?
1479 4385 1640 4456 Atqui
1675 4385 1961 4457 Scriptura
1995 4403 2126 4444 sano

2236 4387 2441 4458 Πατρὸς
2463 4388 2556 4440 καὶ
2582 4385 2744 4454 Υίοῦ;
2787 4387 2851 4442 Ἦ
2879 4388 3068 4461 Γραφὴ
3097 4388 3155 4442 δὲ
3187 4389 3280 4442 καὶ
3305 4390 3433 4452 τοὺς
3461 4389 3654 4458 ἁγίους
3680 4392 3809 4444 ἁπο-

557 4479 677 4530 ctos
701 4473 866 4528 etiam
896 4475 1174 4544 apostolos
1203 4483 1360 4530 vocat
1389 4477 1692 4546 adjutores.
1739 4476 1892 4532 01-ιὴ.
1919 4496 1938 4529 ι
1967 4477 2132 4534 Nem-

555 4578 626 4637 pe
647 4563 714 4618 ad
747 4561 977 4619 salutem
1008 4579 1220 4629 eorum,
1246 4566 1338 4636 qui
1369 4573 1686 4630 servantur,
1723 4586 1742 4619 ι
1779 4581 1890 4622 non
1945 4579 2129 4624 autem

555 4657 624 4712 ad
683 4655 1012 4712 creationem
1070 4672 1268 4712 rerum.
1321 4658 1568 4728 Apostoli
1609 4658 1778 4729 igitur
1825 4661 2129 4728 cooperarii

552 4749 776 4820 quidem
801 4749 1061 4805 dicuntur
1091 4749 1156 4803 ad
1202 4748 1488 4804 hominum
1537 4750 1769 4806 salutem
1797 4789 1814 4815 ,
1838 4751 2127 4822 quoniam

555 4841 854 4896 fueruntet
885 4850 1020 4895 sunt
1049 4840 1306 4910 templum
1360 4838 1596 4910 Spiritus
1639 4841 1815 4897 sancti
1842 4879 1858 4904 ,
1902 4851 1958 4895 at
2011 4842 2129 4912 ipse

555 4927 795 4999 Spiritus
821 4940 1146 5001 cooperatus
1192 4940 1278 4986 est
1325 4930 1396 4985 ad
1429 4930 1750 4986 creandum.
1801 4929 2008 4986 Haced.
2045 4931 2128 4986 An

555 5036 686 5078 vero
719 5021 852 5075 mihi
879 5022 1256 5078 demonstrare
1281 5025 1494 5093 possis,
1555 5023 1819 5094 Spiritum
1863 5039 2128 5095 coopera-

559 5119 674 5167 tum
707 5127 831 5168 esse
863 5114 929 5167 ad
971 5113 1253 5168 hominum
1286 5115 1655 5170 creationem?
1693 5114 1845 5171 Orth.
1871 5115 1989 5170 Jam
2033 5115 2130 5172 de-

559 5209 921 5258 monstratum
949 5211 1053 5258 est.
1076 5201 1285 5258 Maced.
1317 5202 1637 5270 Quomodo?
1675 5203 1828 5261 Ortli.
1857 5205 2125 5272 Quoniam

549 5292 804 5349 videmus
834 5293 1104 5349 hominem
1127 5305 1371 5350 creatum
1399 5295 1468 5350 ad
1509 5295 1796 5366 imaginem
1821 5337 1838 5362 ,
1888 5296 2124 5367 Spiritus

625 5448 645 5478 ¹
682 5446 817 5502 Gen.

622 5600 734 5674 (ἓξ)
776 5600 1152 5674 Μεηυεεισίριί,
1182 5603 1319 5674 ΑἘἁν
1347 5604 1420 5658 ἓν.

617 5669 734 5740 1351
774 5671 929 5738 Mss.,
952 5669 1226 5727 καῖΥίοῦ.
1272 5675 1416 5742 Upg.
1461 5676 1524 5729 ’Π
1555 5676 1742 5750 Γραφὴ
1774 5677 1820 5732 δ.
1865 5679 1954 5730 καὶ
1981 5695 2030 5736 τ.
2057 5678 2112 5732 ἁ.

2231 4479 2449 4542 στόλους
2480 4481 2773 4552 συνεργοὺς
2799 4479 2974 4532 καλεῖ.
3020 4479 3164 4546 Ὀρθ.
3195 4499 3214 4530 ι
3247 4480 3378 4544 Ναὶ,
3407 4483 3488 4545 εἰς
3513 4481 3613 4552 τὴν
3638 4497 3808 4550 σωτη-

2229 4568 2350 4638 ρίαν
2393 4567 2503 4622 τῶν
2551 4568 2906 4640 σωζομένων,
2949 4588 2968 4620 ι
3003 4569 3064 4622 οὐ
3127 4569 3232 4640 μὴν
3284 4573 3366 4634 εἰς
3409 4573 3512 4644 τὴν
3549 4573 3808 4642 δημιουρ-

2225 4661 2348 4730 γίαν
2379 4663 2712 4732 κτισμάτων.
2757 4663 2820 4715 Οἰ
2870 4661 2968 4732 μὲν
3003 4656 3097 4713 οὖν
3137 4661 3248 4731 (25)
3273 4663 3564 4717 ἀπόστολοι
3594 4667 3675 4726 εἰς
3713 4663 3805 4734 τὴν

2228 4755 2497 4826 σωτηρίαν
2525 4754 2632 4808 τῶν
2654 4753 2956 4826 ἀνθρώπων
2995 4753 3266 4826 συνεργοὶ,
3295 4756 3484 4828 ἐπειδὴ
3506 4757 3600 4810 τοῦ
3645 4755 3808 4811 Πνεῦ-

2229 4863 2398 4916 ματος
2423 4843 2560 4919 ἦσαν
2597 4848 2694 4901 καὶ
2728 4847 2866 4900 εἰσὶν
2893 4846 3019 4908 ναός
3039 4863 3055 4876 ’
3099 4847 3229 4900 αὐτὸ
3273 4847 3332 4900 δὲ
3374 4847 3435 4900 τὸ
3469 4846 3697 4920 Πνεῦμα
3728 4850 3806 4912 εἰς

2225 4937 2602 5010 δημιουργίαν.
2655 4938 2876 4994 Μακεδ.
2936 4939 3046 4993 Καὶ
3101 4939 3246 5010 ἔχεις
3301 4957 3392 5011 μοι
3450 4941 3624 5008 δεῖξαι
3649 4983 3664 5007 ,
3717 4943 3803 4996 ὅτε

2229 5031 2565 5100 συνήργησεν
2593 5032 2672 5094 εἰς
2718 5030 2815 5102 τὴν
2846 5030 3205 5102 δημιουργίαν
3257 5031 3368 5087 τῶν
3413 5031 3715 5101 ἀνθρώπων
3746 5033 3806 5085 τὸ

2223 5117 2485 5191 Πνεῦμα;
2517 5121 2672 5188 Ὀρθ.
2696 5121 2992 5174 Δέδεικται.
3015 5121 3238 5176 Μακεδ.
3286 5121 3449 5188 Πῶςς
3486 5125 3640 5191 Ὀρθ.
3686 5124 3804 5177 Ὀτι

2222 5211 2315 5266 τὸν
2343 5213 2628 5269 κτισθέντα
2661 5215 2943 5288 ἄνθρωπον
2972 5219 3092 5270 κατ’
3135 5218 3344 5283 εἰκόνα,
3395 5219 3535 5290 μετὰ
3573 5219 3676 5288 τῆς
3714 5219 3805 5272 τοῦ

2222 5301 2536 5372 Πνεύξιατος
2579 5305 2895 5376 συνεργείας
2933 5306 3149 5378 ὁρῶμεν
3187 5307 3336 5362 ὄντα.
3389 5310 3610 5365 Haud.
3667 5311 3808 5378 Ἐγὼ

857 5463 908 5512 ε,
944 5447 1034 5502 26.
1113 5450 1135 5479 ⁸
1173 5450 1384 5505 Coloss.
1425 5467 1524 5513 In.
1566 5454 1650 5508 10.
1727 5455 1747 5484 ⁸
1789 5452 1973 5511 l-Cor.
2011 5471 2101 5520 xv,
2135 5455 2230 5512 49.

2227 5607 2323 5663 ἀπ.
2356 5610 2865 5688 σηλέγειημακεδ.
2901 5611 3010 5688 Ναὶ
3029 5615 3094 5688 ..εἰ
3120 5631 3176 5668 τ.
3211 5631 3263 5670 σ.
3296 5634 3344 5672 τ.
3378 5634 3430 5672 σ.
3452 5617 3514 5674 οὐ
3546 5635 3605 5688 μ.
3640 5620 3728 5684 εἰς
3753 5619 3804 5674 δ.

2224 5679 2556 5751 κτισμάτων.
2609 5681 2753 5752 Ὀρθ.
2783 5682 2845 5736 Οἱ
2873 5681 2970 5752 μὲν
2996 5679 3113 5752 οὖν,
3145 5693 3254 5744 etc.
3329 5689 3340 5698 ’
