3982 6398
178 339 307 396 1229

1114 337 1201 392 DE
1241 337 1514 395 SANCTA
1553 336 1927 395 TRlNlTATE
1966 338 2314 397 DIALOGUS
2348 340 2435 395 lll.

3281 343 3419 406 1-250

177 456 337 511 πάντα
367 452 649 524 ἄνθρωπον
682 453 802 506 κατ’
854 454 1037 507 εἰκόνα
1076 453 1241 523 λέγω.
1287 456 1441 524 Ὀρθ.
1503 457 1728 527 Δυνάμει

1838 459 2223 528 cooperatione
2268 473 2412 513 esse.
2442 455 2654 511 Maced.
2728 456 2843 528 Ego
2890 471 3106 511 omnem
3141 456 3418 514 hominem

175 546 402 617 Mam?)
429 546 708 617 ἐνεργείᾳ;
728 545 951 599 Μακεὸ.
976 547 1086 599 Καὶ
1113 547 1166 600 τί
1192 548 1339 601 ἐστιν
1362 548 1588 618 δυνάμει
1607 564 1621 612 ;
1642 549 1735 601 καὶ

175 639 221 693 τί
248 639 384 691 ἐστιν
416 636 696 707 ἐνεργείας
722 637 882 704 Ὀρθ.
930 638 1165 707 Δυνάμει
1199 638 1383 703 ἐστὶν,
1430 638 1459 691 6
1512 639 1733 692 δύναται

172 727 436 798 γενέσθαι·
467 727 739 798 ’ἐνεργείᾳ
776 727 889 780 δὲό
939 728 1178 798 ἐνεργῶν
1234 728 1304 782 τὰ
1369 728 1472 799 τῆς
1528 729 1734 793 εἰκόνος

173 820 354 890 κάλλη.
379 820 589 890 Ὥσπερ
621 820 681 872 τὸ
710 819 909 892 βρέφος
928 820 1154 891 δυνάμει
1205 822 1323 874 ἐστὶ
1352 806 1490 885 ζῶον
1520 820 1735 890 λογικὸν

172 913 380 983 θνητόνο
408 910 734 981 ὲνεργείᾳδὲ
759 911 967 979 γίνεται
1013 910 1270 983 αὐξηθὲν,
1310 912 1340 965 6
1385 912 1492 983 πρὸ
1542 912 1733 965 τούτου

165 1005 229 1072 τῇ
251 999 508 1070 δυνάμει·
541 998 685 1053 οὕτω
716 1001 811 1053 καὶ
846 1002 967 1054 κατ’
1003 1000 1185 1054 εἰκόνα
1210 998 1347 1052 Θεοῦ
1404 1002 1552 1052 ἐστιν
1604 1000 1734 1054 ἕκα-

168 1109 280 1154 στος
297 1091 541 1161 δυνάμει.
578 1088 701 1142 Ἐὰν
731 1088 790 1142 δὲ
843 1090 1217 1161 ἀπεκδύσηται
1266 1090 1366 1161 τὴν
1408 1091 1730 1161 νεκρότητα,

167 1183 229 1254 ἢν
255 1181 578 1235 ἔπενδύσατο
613 1182 704 1235 διὰ
756 1182 857 1252 τῆς
914 1181 1277 1252 παραϐάσεως
1321 1184 1351 1234 6
1402 1182 1593 1253 Ἀδάμ,
1638 1182 1733 1235 καὶ

167 1273 447 1344 ἐνδύσηται
476 1273 569 1328 τὸν
605 1274 791 1328 καινὸν
839 1256 1260 1344 ἀνθρωπον’τῆς
1295 1273 1623 1345 ἀφθαρσίας,
1673 1274 1733 1328 ὃν

164 1365 517 1436 ἐκδυσάμενος
563 1366 754 1437 Ἀδὰμ,
815 1367 1020 1437 γυμνὸς
1064 1367 1266 1439 ηὑρέθη
1294 1384 1309 1397 ·
1360 1368 1481 1421 τότε
1525 1369 1731 1436 γίνεται

161 1458 402 1531 ἐνεργείᾳ
420 1458 533 1529 (26)
558 1460 679 1512 κατ’
705 1458 888 1512 εἰκόνα
909 1458 1004 1511 τοῦ
1030 1458 1334 1521 κτίσαντος,
1359 1454 1461 1511 οἷοι
1484 1458 1733 1528 ἐγένοντο

162 1552 207 1605 οἰ
232 1550 530 1613 ἀπόστολοι,
547 1543 666 1620 ὦνή
683 1550 807 1602 σκιά
821 1549 1078 1619 δυνάμεις
1092 1549 1360 1603 ἀπετέλει.
1380 1549 1733 1622 Μακεδ.ξΠρδ

160 1640 340 1694 τούτου
368 1635 461 1694 οὖν
490 1642 592 1694 οὐκ
620 1636 760 1712 ἦσαν
787 1642 909 1694 κατ’
938 1642 1122 1694 εἰκόνα
1150 1641 1201 1693 οἰ
1227 1640 1546 1708 ἀπόστολοι;
1572 1644 1730 1709 Ὄρθ.

161 1731 246 1799 Μὴ
277 1729 364 1782 τὸν
383 1728 489 1794 ἔξω
517 1730 820 1802 ἄνθρωπον,
845 1729 904 1782 ὃν
926 1729 1335 1802 διαφθείρεσθαι
1356 1725 1508 1784 εἶπεν
1526 1732 1557 1783 6
1578 1730 1729 1786 Παῦ-

1836 550 1961 606 dico
1988 566 2111 606 esse
2144 550 2449 606 secundum
2480 549 2774 619 imaginem
2808 548 2923 602 Dei.
2954 547 3108 604 Orth.
3142 547 3419 607 Potestate

1834 643 1997 707 dicis,
2031 658 2098 696 an
2131 642 2486 712 operatione?
2528 640 2738 696 Haced.
2794 640 2862 694 Et
2916 642 3176 711 quidnam
3205 652 3290 697 est
3317 657 3417 712 po-

1833 740 2050 798 testate,
2080 734 2341 804 quidnam
2369 734 2727 803 Operatione?
2757 732 2913 788 Orth.
2946 732 3226 789 Potesmte
3275 732 3414 789 illud

1833 834 1950 886 est.
1992 827 2138 897 quod
2173 827 2288 883 fieri
2320 835 2541 899 potest:
2578 827 2903 897 operatione
2935 840 3067 881 vero
3095 835 3179 882 est
3203 865 3219 892 ,
3264 826 3413 897 quod

1834 915 2087 985 imaginis
2109 914 2570 985 pulchritudinem
2602 924 2886 985 operatur.
2936 913 3411 980 Quemadmodum

1830 1007 2000 1076 igitur
2032 1022 2168 1076 puer
2190 1015 2272 1061 est
2293 1006 2496 1060 animal
2528 1013 2803 1076 potestate
2833 1004 3160 1060 rationabile
3189 1012 3244 1061 et
3265 1021 3414 1062 mor—

1833 1096 1939 1150 tale
1967 1114 1981 1151 :
2025 1096 2114 1150 ubi
2145 1104 2323 1151 autem
2355 1097 2613 1159 excrevit,
2639 1096 2961 1165 operatione
2986 1095 3048 1150 ﬁt
3076 1095 3233 1161 illud,
3263 1098 3413 1168 quod

1832 1193 1951 1241 erat
1973 1192 2135 1239 antea
2169 1190 2456 1257 potestate,
2490 1186 2567 1238 ita
2605 1186 2770 1240 etiam
2794 1187 3176 1257 unusquisque
3197 1194 3282 1243 est
3308 1202 3411 1257 po-

1831 1284 2028 1333 testate
2062 1275 2362 1331 secundum
2406 1276 2696 1348 imaginem
2746 1277 2863 1332 Dei.
2898 1276 3057 1344 Quod
3106 1278 3153 1332 si
3197 1280 3412 1334 exuerit

1828 1367 2237 1431 mortalitatem,
2262 1383 2370 1437 qua
2403 1369 2634 1423 amictus
2670 1369 2774 1422 fuit
2806 1353 2976 1424 Adam
3006 1378 3228 1441 propter
3249 1384 3408 1426 man-

1831 1461 1944 1516 dati
1973 1460 2485 1530 transgressionem,
2507 1466 2562 1514 et
2592 1476 2796 1514 novum
2830 1460 2982 1514 illum
3016 1461 3294 1518 hominem
3321 1463 3409 1518 in-

1831 1551 2198 1620 corruptionis
2220 1550 2479 1615 induerit,
2506 1566 2615 1620 quo
2637 1559 2839 1607 exutus
2859 1550 3030 1605 Adam
3056 1552 3238 1609 nudus
3257 1569 3408 1610 com-

1830 1653 2019 1715 pertus
2064 1650 2147 1697 est
2193 1662 2205 1697 :
2256 1650 2388 1697 tunc
2440 1643 2498 1696 llt
2537 1644 2719 1712 reipsa
2765 1644 3067 1699 secundum
3114 1645 3407 1716 imaginem

1832 1733 2149 1796 conditoris,
2183 1734 2369 1802 quales
2398 1734 2631 1802 apostoli
2671 1733 2914 1799 fuerunt,
2942 1749 3177 1804 quorum
3210 1737 3404 1793 umbra

160 1821 263 1886 λος,
287 1821 467 1888 λέγεις
484 1822 576 1875 τὸν
600 1799 719 1874 κατ’
737 1822 937 1887 εἰκόνα,
956 1824 1076 1893 οὕχί
1090 1799 1258 1877 δὲντὸν
1278 1823 1385 1877 ἔσω
1396 1823 1488 1877 τὸν
1503 1824 1727 1879 ἀνακαι-

1832 1827 2058 1881 virtutes
2116 1799 2331 1879 edebat.
2390 1799 2599 1878 Haced.
2657 1824 2833 1879 Antea
2883 1799 3049 1896 igitur
3090 1841 3199 1881 non
3246 1838 3403 1883 erant

157 1915 241 1968 νου
250 1931 406 1984 μενον
425 1930 439 1977 ;
464 1913 685 1969 Μακεδ.
705 1916 807 1967 Τὸν
827 1914 933 1969 ἔσω
955 1915 1217 1983 λέγω,τὸν
1242 1915 1722 1987 ἀνακαινούμενον·

158 2002 269 2056 οὐδὲ
311 2003 419 2075 γὰρ
449 2001 912 2076 ἀνθρωττόμορςρον
952 2004 1093 2074 λέγω
1135 2004 1226 2058 τὸν
1266 2005 1417 2059 Θεόν.
1467 2006 1623 2075 Ὀρθ.
1666 2007 1724 2060 '0

150 2094 297 2161 Θεὸς,
336 2090 399 2149 οὕ
454 2096 603 2150 ἐστιν
643 2095 804 2151 εἰκὼν
843 2098 874 2150 ό
926 2096 1226 2169 ἄνθρωπος,
1270 2097 1499 2169 ἀόρατός
1543 2099 1724 2164 ὲστιν;

154 2185 368 2239 Mazaca.
405 2187 584 2240 Πάνυ.
613 2187 769 2255 Ὀρθ.
807 2187 1044 2257 Ἀνάγκη
1073 2183 1165 2240 οὖν
1201 2187 1294 2240 τοῦ
1327 2187 1559 2258 ἀοράτου
1590 2188 1725 2242 Θεοῦ

149 2276 372 2348 ἀόρατον
410 2276 556 2332 εἶναι
576 2280 668 2332 καὶ
688 2280 784 2351 τὴν
801 2280 1001 2343 εἰκόνα,
1030 2282 1122 2333 καὶ
1146 2280 1248 2350 τῆς
1268 2280 1499 2352 ἀοράτου
1522 2282 1728 2346 εἰκόνος

148 2366 374 2440 ἀόρατον
401 2370 499 2423 τὸν
521 2372 640 2424 κατ’
661 2370 843 2424 εἰκόνα
859 2370 955 2424 ἀνθ
965 2387 1160 2442 ρωπον.
1179 2370 1397 2425 Μακεδ.
1417 2371 1539 2425 Ἐὰν
1566 2371 1731 2436 δέξω-

148 2474 262 2529 μαι,
290 2460 374 2513 ὅτι
401 2461 433 2512 6
466 2461 590 2512 κατ’
606 2460 786 2513 εἰκόνα
818 2459 1052 2529 γεγονὼς
1080 2461 1360 2532 ἅνθρωπος
1382 2465 1411 2516 6
1435 2464 1491 2515 ὲν
1509 2461 1587 2533 τῷ
1602 2479 1730 2533 κρυ-

144 2549 261 2620 πτῷ
282 2552 456 2615 ἐστιν,
478 2551 598 2604 ἀλλ’
619 2552 681 2604 οὐ
707 2551 849 2620 λέγω
866 2552 926 2605 τὸ
941 2552 1160 2623 Πνεῦμα
1182 2552 1242 2606 τὸ
1267 2554 1419 2622 ἆγιον
1436 2555 1728 2626 πεποιηκέ-

142 2658 223 2694 ναι
238 2643 424 2696 αὕτόν.
449 2645 611 2711 Ὀρθ.
630 2642 766 2718 Τίθῃ
792 2645 848 2697 δὲ
872 2645 1026 2709 ὅλως,
1055 2646 1135 2699 ὅτι
1157 2647 1185 2698 ό
1200 2646 1369 2717 Ἀδὰμ
1383 2648 1440 2701 ὲν
1457 2646 1534 2716 τῷ
1551 2663 1727 2718 παρα-

142 2731 294 2804 δείσῳ
311 2735 475 2802 ἅγιος
498 2732 597 2807 ἦνς
637 2735 859 2792 Μακεδ.
888 2736 1013 2791 Ναί.
1035 2739 1189 2805 Ὀρθ.
1213 2737 1370 2791 Οὕτω
1397 2737 1655 2801 κτισθείς,
1692 2736 1726 2807 ἢ

138 2822 195 2888 ἐξ
212 2826 418 2897 ἀρετῆς
441 2828 740 2899 γενόμενος
764 2827 1029 2895 τοιοῦτος;
1052 2827 1269 2883 Mazaei.
1290 2827 1444 2881 Οὕτω
1468 2828 1724 2892 κτισθείς.

1830 1913 2063 1985 apostoli
2093 1914 2390 1969 secundum
2434 1914 2761 1984 imaginem?
2809 1914 2961 1969 Orth.
2990 1915 3130 1970 Num
3163 1920 3401 1975 exterio-

1829 2020 1946 2062 rem
1973 2005 2126 2060 illum
2164 2004 2436 2059 hominem
2463 2044 2478 2069 ,
2527 2020 2689 2075 quem
2722 2005 2901 2075 inquit
2938 2006 3234 2077 Apostolus
3271 2026 3399 2065 cor-

1829 2094 2032 2164 rumpi,
2055 2092 2193 2148 dicis
2226 2091 2525 2173 secundum
2555 2093 2848 2164 imaginem
2890 2110 3033 2161 esse,
3068 2112 3132 2153 ac
3162 2115 3271 2155 non
3300 2117 3401 2172 po-

1830 2179 1943 2233 tius
1981 2179 2292 2234 interiorem
2339 2179 2491 2233 illum
2511 2220 2526 2243 ,
2556 2182 2650 2251 qui
2681 2186 3028 2239 reneratur?
3064 2185 3276 2243 Maced.
3310 2189 3401 2245 ln-

1832 2271 2087 2327 teriorem
2109 2271 2260 2325 illum
2284 2270 2428 2336 dico,
2458 2271 2551 2341 qui
2574 2281 2916 2330 renovatur:
2952 2292 3054 2332 nec
3096 2281 3239 2333 enim
3288 2280 3401 2337 Deo

1832 2362 2124 2417 humanam
2151 2362 2377 2417 formam
2409 2363 2612 2418 tribuo.
2661 2362 2815 2418 Orth.
2848 2364 2991 2422 Deus
3018 2407 3034 2434 ,
3074 2370 3233 2439 cujus
3264 2372 3400 2427 ima-

1830 2467 1899 2521 go
1924 2459 2009 2508 est
2030 2453 2212 2518 homo,
2235 2467 2414 2507 nonne
2436 2459 2522 2507 est
2551 2453 2878 2511 invisibilis?
2906 2456 3114 2515 Maced.
3140 2460 3393 2521 Maxime.

1831 2542 1987 2600 Orth.
2004 2542 2226 2615 Oportet
2241 2544 2707 2617 igiturlinvisibilis
2727 2544 2822 2603 Dei
2836 2548 3161 2608 invisibilem
3179 2571 3396 2628 quoque

1828 2651 1951 2692 esse
1976 2636 2262 2706 imaginem
2289 2655 2301 2690 :
2328 2643 2526 2691 etcum
2549 2636 2836 2696 invisibilis
2865 2641 2936 2695 sit
2971 2642 3179 2715 imago,
3211 2648 3404 2705 invisi-

1830 2729 1990 2783 bilem
2024 2743 2147 2783 esse
2182 2727 2456 2783 hominem
2477 2769 2493 2790 ,
2517 2731 2610 2798 qni
2646 2731 2945 2786 secundum
2979 2733 3269 2806 imaginem
3300 2742 3394 2798 sit.

1830 2819 2038 2876 Maced.
2073 2818 2128 2873 Si
2158 2818 2431 2874 admisero
2462 2818 2761 2886 hominem,
2800 2823 2892 2891 qui
2920 2826 3223 2882 secundum
3260 2830 3398 2885 ima-

137 2916 310 2984 ginem
346 2920 424 2974 sit
453 2920 662 2983 factus,
688 2935 811 2978 esse
850 2921 1125 2975 occultum
1156 2921 1305 2974 illum
1338 2919 1496 2992 45],
1527 2927 1583 2974 et
1620 2920 1897 2979 latentem,
1964 2921 2021 2967 at
2076 2926 2189 2967 non
2260 2918 2442 2966 tamen
2496 2911 2623 2966 dico
2689 2912 2892 2967 factum
2943 2931 3066 2973 esse
3112 2934 3144 2974 ε
3194 2920 3400 2991 Spiritu

136 3018 344 3065 sancto.
384 3011 554 3067 Ονιὴ.
618 3013 811 3069 Annon
845 3030 972 3069 vero
1016 3028 1243 3085 prorsus
1288 3013 1567 3077 concedis,
1624 3011 1890 3066 Adamum
1923 3008 1981 3063 in
2045 3004 2302 3077 paradiso
2353 3004 2524 3059 fuisse
2573 3008 2861 3060 sanetum?
2934 3008 3142 3068 Maced.
3192 3012 3394 3077 Etiam.

137 3097 285 3156 Ortlt.
309 3102 396 3156 An
433 3104 706 3174 quoniam
754 3106 878 3161 talis
906 3114 1123 3161 creatus
1145 3145 1159 3170 ,
1194 3120 1263 3159 an
1294 3104 1440 3175 quod
1474 3120 1573 3160 sua
1603 3104 1806 3159 virtute
1829 3101 1957 3156 talis
2017 3098 2294 3154 evaserit?
2318 3096 2526 3152 Maced.
2587 3098 2743 3165 Quod
2777 3101 2901 3155 talis
2963 3110 3111 3158 esset
3148 3114 3395 3164 creatus,

205 3197 287 3253 18.
320 3198 489 3267 Ὀρθ.
546 3200 864 3254 Συνὲκτισεν
905 3202 1012 3274 ἄρα
1038 3200 1119 3272 τῷ
1166 3202 1342 3274 Πατρὶ
1380 3201 1475 3253 καὶ
1511 3200 1589 3272 τῷ
1623 3199 1728 3271 Υίῷ

1906 3197 1995 3251 18.
2043 3194 2194 3249 Orth.
2225 3192 2411 3265 Itaque
2447 3194 2685 3265 Spiritus
2716 3207 2964 3265 sanctus,
2998 3215 3105 3253 una
3134 3217 3257 3256 cum
3294 3203 3398 3258 Pa-

132 3287 193 3341 τὸ
216 3291 453 3362 Πνεῦμα
488 3292 558 3345 τὸ
588 3291 739 3362 ἅγιον
766 3293 856 3347 τὸν
880 3293 1180 3365 ᾅνθρωπον.
1215 3293 1435 3348 Μακεδ.
1467 3294 1581 3346 Οὕκ
1606 3293 1725 3345 ἐδύ-

134 3396 259 3435 νατο
281 3383 398 3454 γὰρ
424 3382 602 3438 αὐτὸν
631 3386 660 3437 6
688 3384 811 3447 Υἱὸς
840 3384 992 3453 ἅγιον
1015 3384 1194 3437 κτίσαι
1216 3400 1229 3449 ;
1256 3387 1399 3453 Ὀρθ.
1429 3384 1538 3437 Καὶ
1564 3385 1723 3438 πάνυ.

133 3472 361 3529 Μακεδ.
402 3475 475 3527 Τί
526 3471 623 3527 οὖν
652 3474 851 3544 λέγεις,
880 3474 1048 3527 ὅτιτὸ
1085 3468 1309 3546 Πνεῦμα
1348 3475 1409 3527 τὸ
1447 3474 1601 3544 ἀγιον
1632 3475 1728 3528 αὑ-

132 3564 220 3619 τὸν
250 3567 557 3638 ἐποίησεν;
594 3567 741 3634 Ὀρθ.
769 3567 977 3638 Ὥσπερ
997 3569 1025 3619 6
1053 3566 1263 3637 Πατὴρ,
1285 3565 1576 3636 δυνάμενος
1607 3565 1727 3619 κτί-

133 3670 219 3707 σαι
246 3658 340 3709 τδν
373 3656 698 3730 ἄνθρωπον,
737 3655 873 3726 μετά
911 3655 1003 3709 τοῦ
1031 3656 1160 3709 Υίοῦ
1190 3655 1382 3718 κτίζει,
1414 3656 1500 3708 ἵνα
1544 3653 1725 3727 δειχθῇ

128 3746 187 3799 τὸ
221 3750 425 3802 ταυτὸν
456 3750 567 3819 τῆς
606 3747 849 3817 φύσεωςο
880 3747 1021 3802 οὕτω
1052 3748 1144 3801 καὶ
1184 3750 1212 3801 ὁ
1257 3747 1405 3810 Υἱὸς.
1433 3747 1728 3817 δυνάμενος

125 3840 309 3895 κτίσαι
333 3844 506 3911 ἅγιον
537 3841 632 3893 τὸν
654 3839 957 3913 ἄνθρωπον,
986 3839 1122 3911 μετά
1153 3838 1247 3892 τοῦ
1279 3838 1592 3909 Πνεῦματος
1615 3838 1729 3891 κτί-

127 3928 226 3994 ζει,
259 3933 350 3987 ἴνα
389 3932 594 4003 δειχθῇ
632 3930 692 3983 τὸ
728 3931 947 4000 γεγονὸς
976 3931 1136 4002 ἔργον
1166 3930 1400 3999 Πατρὸς,
1441 3929 1534 3982 καὶ
1568 3928 1721 3993 Υίοῦ,

121 4026 215 4077 καὶ
244 4026 413 4094 ἁγίου
474 4022 818 4093 Πνεύματος.
860 4022 1045 4086 Οὕτως
1089 4021 1218 4090 γοῦν
1263 4021 1357 4074 καὶ
1407 4019 1728 4074 πεπτωκότα

122 4114 210 4167 τὸν
239 4116 577 4187 ἄνθρωπον,
625 4113 719 4166 καί.
752 4112 1165 4184 παραϐληθέντα
1209 4114 1322 4174 τοῖς
1356 4112 1574 4183 κτήνεσι
1616 4114 1729 4174 τοῖς

118 4207 396 4278 ἀνοήτοις,
424 4207 572 4261 ἄνευ
604 4202 698 4256 τοῦ
726 4203 1043 4275 Πνεῦματος
1070 4204 1169 4256 οὐκ
1200 4203 1537 4257 ἀνεκαίνισεν
1555 4219 1569 4233 ’
1593 4201 1728 4256 ἀλλά

120 4298 303 4363 καθὼς
323 4303 354 4353 6
388 4298 705 4370 Προφήτης
729 4295 876 4364 λέγει
897 4312 914 4328 ο
939 4314 958 4347 ι
988 4294 1393 4359 Ἐξαπόστειλον
1420 4295 1479 4348 τὸ
1504 4293 1728 4364 Πνεῦμά

118 4405 232 4453 σου,
268 4391 370 4443 καὶ
408 4388 835 4457 κτισθήσονται,
862 4387 959 4439 καὶ
982 4385 1314 4448 ἀνακαινιεῖς
1343 4384 1409 4438 τὸ
1438 4386 1726 4454 πρόσωπον

114 4480 216 4550 τῆς
242 4484 375 4552 γῆς.
422 4502 447 4533 ι
484 4477 722 4534 Μακεδ.
767 4478 877 4530 Καὶ
909 4479 1068 4548 ἡμεῖς
1110 4475 1361 4547 λέγομεν,
1390 4477 1471 4529 ὅτι
1496 4477 1725 4530 ἀνακαι-

1828 3293 1910 3343 tre
1949 3294 2003 3341 et
2063 3284 2204 3340 Filio
2245 3286 2520 3340 hominem
2568 3288 2798 3343 creavit.
2848 3288 3057 3347 Maced.
3110 3292 3399 3353 Enimvero

1828 3394 2011 3433 annon
2035 3385 2245 3448 poterat
2265 3375 2439 3431 Filius
2464 3378 2580 3446 ipse
2604 3387 2853 3434 sanctum
2878 3381 3153 3439 hominem
3177 3402 3363 3444 creare
3378 3386 3409 3443 ?'

1832 3470 1986 3526 Ortlt.
2042 3468 2185 3523 Sane
2235 3484 2386 3522 vero.
2439 3466 2649 3523 Maced.
2695 3469 2968 3535 Quorsum
3020 3474 3186 3544 igitur
3231 3478 3395 3542 dicis,

1828 3570 2069 3617 creatum
2107 3558 2276 3613 fuisse
2321 3575 2351 3612 a
2397 3556 2606 3628 Spiritu
2654 3566 2883 3616 sancto?
2940 3564 3090 3620 Orth.
3128 3567 3397 3633 Quemad-

1829 3651 2049 3705 modum
2096 3651 2277 3715 Pater,
2312 3664 2437 3703 cum
2479 3659 2663 3720 posset
2697 3652 2972 3710 hominem
3013 3672 3218 3722 creare,
3269 3675 3393 3714 cum

1827 3742 1966 3798 Filio
1994 3743 2219 3806 creavit,
2249 3749 2308 3795 ut
2336 3751 2548 3798 naturae
2578 3743 2838 3800 identitas
2867 3748 3253 3804 ostenderetur
3280 3770 3293 3804 :
3319 3752 3417 3806 ita

1828 3842 1881 3889 et
1916 3833 2121 3899 Filius,
2165 3848 2290 3888 cum
2339 3842 2526 3904 posset
2570 3835 2844 3891 hominem
2895 3847 3146 3895 sanctum
3183 3856 3388 3897 creare.

1827 3940 1951 3981 eum
1990 3923 2195 3995 Spiritu
2242 3925 2472 3989 creavit,
2508 3933 2567 3979 ut
2609 3927 2755 3997 quod
2801 3926 3005 3982 factum
3040 3937 3142 3994 est,
3180 3939 3396 3988 consta-

1825 4025 1907 4070 ret
1958 4030 2078 4071 esse
2119 4013 2321 4078 Patris,
2366 4022 2422 4069 et
2456 4013 2606 4080 Filii,
2649 4022 2703 4070 et
2742 4017 2917 4070 sancti
2955 4015 3190 4087 Spiritus
3231 4034 3392 4090 opus.

1830 4109 1921 4164 Sic
1954 4109 2120 4180 igitur
2145 4107 2419 4161 hominem
2453 4108 2617 4161 etiam
2651 4108 2865 4177 lapsum
2886 4148 2901 4173 ,
2933 4117 2985 4163 et
3011 4109 3273 4178 jumentis
3303 4126 3394 4167 ra-

1827 4202 1992 4255 tionis
2047 4199 2361 4269 expertibus
2413 4199 2649 4252 similem
2711 4199 2936 4263 laetum,
3000 4215 3111 4255 non
3167 4212 3393 4258 renovat

1828 4293 2035 4361 absque
2066 4288 2274 4361 Spiritu
2303 4310 2315 4344 :
2345 4289 2463 4354 sed,
2492 4297 2550 4343 ut
2580 4289 2757 4360 inquit
2783 4290 3054 4360 Propheta
3083 4311 3097 4346 :
3135 4311 3154 4344 ι
3193 4293 3393 4349 Emitte

1828 4382 2091 4455 Spiritum
2125 4394 2298 4445 tuum,
2325 4391 2377 4436 et
2412 4382 2767 4448 creabuntur,
2795 4391 2848 4436 et
2881 4384 3173 4439 renovabis
3194 4384 3389 4441 facient

1826 4480 1985 4528 terra:
2015 4473 2079 4528 ¹⁰.
2119 4492 2137 4525 ι
2178 4471 2385 4526 Maccd.
2431 4471 2674 4528 Dicimus
2725 4483 2777 4527 et
2834 4489 2933 4528 nos
2987 4476 3391 4533 renovationent

110 4576 306 4644 νισμὸς
337 4574 523 4646 ἡμῶν
547 4570 641 4624 διά
665 4568 759 4622 τοῦ
784 4569 1095 4639 Πνεύματος
1115 4568 1341 4637 γίνεταιο
1372 4569 1595 4638 Πνεῦμα
1621 4567 1728 4638 γὰρ

1834 4563 2005 4619 nostri
2036 4579 2133 4633 per
2180 4563 2443 4634 Spiritum
2474 4565 2609 4619 elliei
2639 4585 2652 4620 :
2689 4572 2776 4620 est
2807 4566 2952 4620 enim
2987 4566 3223 4636 Spiritus
3261 4584 3393 4623 san-

112 4663 444 4735 ἁγιωσύνης
499 4661 681 4715 ἐστίν.
717 4662 874 4728 Ὀρθ.
917 4678 935 4711 ι
988 4660 1171 4713 Πάντα
1220 4658 1318 4730 μὲν
1362 4659 1577 4730 καθαρά
1615 4661 1727 4724 τοῖς

109 4754 405 4825 καθαροῖς.
459 4773 482 4805 ›
528 4749 757 4821 Ἐπειδὴ
787 4750 843 4803 δὲ
874 4750 975 4803 οὐκ
1016 4751 1072 4801 ὲν
1120 4748 1375 4819 ἁπλότητι
1415 4744 1592 4812 εἶπας,
1639 4748 1727 4803 διὰ

107 4846 204 4899 τοῦ
238 4846 395 4899 Πνεύ
406 4859 623 4915 ματος,
660 4840 970 4909 ἀναγκαίως
997 4840 1058 4892 οὕ
1083 4840 1438 4911 παρασιωπῶ.
1470 4840 1602 4893 Εἰπὲ
1633 4836 1727 4893 οὖν

109 4955 223 5008 μοι,
260 4940 292 4991 6
327 4931 760 5002 ἀνακαινισμὸς
796 4932 952 5003 ἡμῶν
996 4930 1057 4983 οὒ
1089 4931 1177 4984 διὰ
1218 4930 1442 5001 λουτροῦ
1481 4931 1579 4999 τῆς
1619 4947 1726 4984 πα-

104 5028 480 5097 λιγγενεσίας
531 5023 787 5093 γίνεται;
839 5020 1064 5078 Μακεδ.
1105 5020 1233 5074 Ναί.
1264 5023 1420 5087 Ὀρθ.
1474 5020 1596 5083 Πῶς
1630 5016 1724 5074 οὖν

104 5117 565 5192 βαπτιζόμεθα;
620 5114 700 5176 είς
736 5113 796 5166 τὸ
835 5112 1004 5183 ὄνομα
1052 5110 1147 5164 τοῦ
1202 5112 1435 5181 Πατρὸς,
1488 5112 1583 5163 καί¹
1630 5111 1725 5165 τοῦ

103 5214 262 5279 Υίοῦ,
301 5214 411 5268 καὶ
441 5212 554 5265 τοῦ
588 5208 743 5273 ἁγίου
773 5207 1085 5278 Πνεῦματος
1107 5206 1217 5275 (27)
1244 5222 1258 5271 ;
1289 5204 1507 5259 Μακεδ.
1554 5206 1646 5268 Εἰς
1666 5205 1727 5258 τὸ

99 5310 275 5381 ὄνομα
299 5306 407 5362 τοῦ
434 5301 695 5372 Πατρός,
723 5298 930 5353 καὶτοῦ
955 5298 1102 5361 Υἰοῦ,
1129 5298 1222 5351 καὶ
1250 5296 1342 5350 τοῦ
1378 5297 1529 5365 ἁγίου
1561 5296 1729 5349 Ilvati-

104 5416 305 5469 ματος,
338 5397 527 5464 ὀρθ.
567 5390 637 5443 Τί
669 5386 762 5443 οὖν
798 5389 976 5457 λέγεις
1012 5389 1103 5440 τὶν
1134 5388 1521 5460 ἀνακαινισμὸν
1568 5386 1724 5457 ἡμῶν

173 5556 222 5588 ⁸⁸
260 5552 430 5608 Psal.
472 5561 589 5602 cm
613 5585 630 5611 ,
665 5544 755 5599 30.
831 5544 872 5575 “
913 5544 1021 5598 Tit.
1058 5557 1114 5607 ι,
1150 5542 1239 5597 15.

174 5710 298 5854 ea

356 5699 684 5770 Ἐνεργείᾳ
706 5697 859 5770 abes_t
885 5713 915 5751 a
943 5695 1115 5751 Palat.

344 5779 453 5835 Sic
486 5761 680 5829 f’a'lat'.
719 5769 783 5824 At
812 5767 956 5825 Felc.
986 5775 1040 5821 et
1068 5764 1221 5834 editi,
1249 5763 1281 5834 ἢ
1313 5763 1408 5819 καί⁵
1438 5761 1530 5820 τοῦ
1564 5761 1716 5834 ἁγίου

1828 4654 2199 4709 ctiﬁcationis.
2245 4654 2398 4709 Orth.
2442 4674 2461 4707 ι
2501 4653 2697 4711 Omnia
2735 4655 2953 4726 quidem
2998 4657 3199 4710 munda
3230 4673 3392 4711 mun-

1828 4744 1915 4801 dis
1948 4745 2012 4800 “.
2060 4744 2387 4812 “Quoniam
2419 4754 2600 4800 autem
2637 4746 2787 4804 illud,
2833 4763 2929 4817 per
2962 4745 3223 4814 Spiritum
3269 4764 3395 4803 san-

1828 4842 1999 4902 ctum,
2063 4849 2175 4888 non
2236 4836 2449 4890 sincere
2504 4837 2806 4905 protulisti,
2864 4838 3175 4892 necessario
3224 4854 3393 4911 cogor

1828 4926 2039 4982 interea
2054 4941 2164 4981 non
2182 4926 2366 4980 silere.
2390 4925 2486 4980 Dic
2512 4927 2677 4996 igitur
2699 4927 2830 4981 mihi
2852 4945 2865 4981 :
2893 4928 3196 4984 Renovatio
3217 4932 3391 4984 nostri

1832 5036 2016 5075 nonne
2073 5019 2131 5073 lit
2180 5035 2275 5090 per
2325 5020 2604 5074 lavacrum
2662 5023 3129 5089 regenerationis?
3177 5022 3385 5079 Maced.

1833 5111 2030 5166 Etiam.
2066 5110 2222 5167 Orth.
2257 5111 2541 5177 Quomodo
2569 5128 2700 5182 ergo
2727 5115 3103 5184 baptizamur?
3126 5116 3180 5169 in
3212 5114 3389 5171 Patris

1833 5211 1885 5258 et
1918 5202 2061 5268 Filii,
2103 5218 2171 5257 an
2203 5219 2331 5258 vero
2364 5204 2524 5258 etiam
2560 5205 2613 5258 in
2648 5203 2887 5274 Spiritus
2915 5208 3089 5261 sancti
3128 5207 3392 5262 nomine?

1832 5294 2041 5350 Macsd.
2064 5294 2123 5348 ln
2151 5295 2369 5349 nomine
2392 5296 2591 5361 Patris,
2616 5304 2669 5352 et
2690 5297 2834 5363 Filii,
2853 5306 2908 5353 et
2926 5297 3164 5369 Spiritus
3189 5301 3385 5355 sancti.

1834 5385 1984 5442 Orth.
2017 5387 2290 5455 Quorsum
2322 5403 2451 5459 ergo
2473 5390 2611 5445 dicis
2658 5391 2831 5445 nostri
2860 5392 3262 5447 renovationem
3294 5406 3390 5462 per

1824 5690 2165 5820 gvlitiaatoc.
2200 5690 2377 5768 ⁵Μοιι,
2427 5691 2729 5751 Macedonii
2780 5708 3104 5768 responsum
3140 5694 3313 5767 abeat
3359 5709 3389 5749 a

1868 5778 1902 5818 a
1982 5802 1998 5819 .

1868 5778 1998 5819 ωλι.
