3982 6398
566 289 697 347 ιεδι

1624 288 1682 345 S.
1713 285 2184 345 ATHANASIUS.
2224 316 2295 328 -—-
2335 285 2592 344 SPURIA

3686 288 3704 340 I
3714 286 3823 340 9.32

3720 313 3823 341 Ζιυῦ

566 397 830 470 Spiritum
873 410 1121 457 sanctum
1171 399 1309 464 ﬁeri,
1361 414 1471 455 non
1506 408 1687 455 autem
1737 414 1803 456 ex
1862 397 2044 463 Patre,
2079 405 2134 454 et

2247 398 2321 452 5ιά
2360 397 2679 467 Πνεύματος
2724 398 2879 467 ἁγίου
2923 396 3214 467 γίνεσθαι;
3259 398 3378 468 οὐχ).
3403 396 3463 450 δὲ
3503 398 3568 456 ὲκ
3610 398 3825 469 Πατρὸς

563 488 725 555 Filio,
768 498 823 547 et
869 489 1075 562 Spiritu
1117 490 1347 545 sancto?
1386 489 1594 544 Maced.
1640 487 1835 545 Nonne
1866 492 2134 559 scriptum

563 591 648 639 est
680 602 694 638 :
743 600 762 633 ι
798 581 901 649 Qui
930 596 994 637 ex
1040 583 1209 636 nntlta
1244 597 1345 637 sua
1379 581 1761 638 misericordia
1797 581 2140 649 regeneravit

563 689 686 735 nos,
715 687 811 742 per
840 673 1112 726 lavacrum
1149 671 1603 741 regenerationis,
1637 677 1692 725 et
1726 670 2138 725 renovatiouem

564 760 800 833 Spiritus
825 762 1000 817 sancti
1021 762 1098 814 l'?
1119 780 1138 813 ι
1171 760 1322 817 Orth.
1352 760 1512 817 Prius
1528 761 1660 825 dixi,
1684 778 1703 812 ι
1731 761 1914 815 omnia
1937 760 2138 814 munda

560 851 799 909 mundis.
855 871 874 905 ι
926 852 1218 909 Enimvero
1275 853 1420 923 apud
1470 868 1575 908 nos
1620 852 1780 923 juxta
1838 852 2138 923 Scriptura:

561 959 810 1015 scopum,
855 964 874 996 ι
907 960 1005 1015 per
1031 961 1214 1015 quem,
1251 964 1269 996 ι
1300 944 1441 999 idem
1473 952 1558 1001 est
1586 952 1771 1015 atque,
1808 961 1827 996 ι
1861 959 1929 999 ex
1950 958 2080 1016 quo.
2111 961 2129 995 I

562 1034 705 1091 Sane
747 1034 879 1092 dicit
916 1045 1141 1092 sanctus
1188 1035 1393 1092 Paulus
1435 1056 1449 1093 :
1501 1054 1520 1088 ι
1576 1034 1779 1090 Fidelis
1823 1034 1990 1099 Deus,
2038 1050 2137 1104 per

559 1142 721 1199 quem
744 1128 1096 1193 vocatiestis,
1122 1128 1177 1182 in
1198 1127 1641 1183 communionem
1667 1125 1790 1180 Filii
1822 1125 1995 1197 ipsius
2018 1126 2084 1190 ¹³,
2110 1146 2129 1179 ι

558 1233 755 1288 nempe
779 1218 869 1273 hic
896 1234 1135 1290 quoque,
1174 1237 1192 1269 ι
1223 1233 1318 1288 per
1347 1233 1532 1289 quem,
1570 1236 1590 1269 »
1631 1217 1854 1287 ponitur
1885 1231 1985 1287 pro
2015 1233 2035 1267 ι
2067 1231 2134 1270 ex

558 1324 686 1379 quo.
728 1327 747 1360 ι
785 1306 976 1363 Fatere
1018 1308 1184 1380 igitur
1220 1309 1556 1363 creationem
1606 1314 1853 1363 nostram
1896 1306 2063 1362 fuisse
2102 1322 2133 1360 a

558 1399 741 1467 Patre,
767 1399 927 1467 Filio,
952 1409 1005 1456 et
1030 1400 1237 1472 Spiritu
1270 1411 1487 1455 sancto.
1520 1398 1631 1453 Nec
1654 1400 1799 1455 enim
1825 1399 1967 1456 alius
1989 1414 2136 1454 crea-

558 1492 658 1556 vit,
692 1499 747 1546 et
786 1491 929 1546 alius
956 1491 1237 1547 renovavit
1268 1508 1282 1545 :
1312 1490 1406 1545 sed
1431 1489 1575 1545 Deus
1600 1490 1647 1545 is
1676 1497 1781 1553 est,
1808 1488 1902 1560 qui
1930 1489 2135 1544 creavit

559 1599 687 1641 cum
734 1582 895 1649 Filio,
944 1591 999 1639 et
1051 1582 1260 1653 Spiritu
1307 1589 1520 1638 sancto.
1572 1580 1698 1636 Ideo
1749 1581 1905 1636 initio
1947 1580 2128 1637 dixit:

566 1692 587 1727 ι
627 1672 919 1728 Faciamus
968 1673 1242 1727 hominem
1280 1670 1349 1725 ad
1395 1671 1691 1742 imaginem
1727 1678 1782 1726 et
1816 1671 2129 1727 similitudi-

560 1787 687 1828 nem
724 1778 973 1826 nostram
1005 1769 1068 1836 ιδ,
1103 1789 1124 1821 ι
1163 1778 1223 1824 ιιι
1259 1784 1327 1845 ex
1363 1767 1749 1839 cooperatione
1794 1766 2130 1822 indicaretur

2247 1784 2261 1818 t
2303 1769 2626 1839 Ποιήσωμεν
2672 1769 2959 1843 ἄνθρωπον
3010 1769 3131 1822 κατ’
3178 1769 3362 1823 είκόνα
3405 1768 3689 1840 ἡμετέραν
3735 1770 3822 1822 καὶ
3928 1794 3935 1805 ·

561 1872 771 1919 naturae
801 1861 1080 1917 identitas.

629 2036 721 2093 i9.
770 2034 976 2108 Macati.
1017 2035 1335 2089 Demonstra
1379 2032 1512 2086 mihi
1555 2030 1819 2101 apertius,
1870 2028 2134 2101 Spiritum

559 2133 811 2182 sanctum
839 2139 1044 2179 creare.
1078 2122 1232 2178 Ortli.
1266 2120 1552 2176 Sulhciunt
1576 2120 1792 2191 quidem
1822 2135 1968 2177 sanae
1991 2136 2138 2175 men-

558 2219 632 2275 tis
665 2215 871 2271 homini
897 2229 1017 2286 qua:
1061 2212 1221 2267 modo
1247 2213 1507 2277 diximus,
1546 2211 1615 2266 ad
1642 2219 1884 2282 apertam
1911 2210 2137 2266 demon-

559 2308 876 2366 strationem
903 2321 915 2355 :
950 2304 1205 2375 quoniam
1240 2310 1421 2357 tamen
1450 2300 1888 2357 testimoniorum
1918 2316 2135 2371 quoque

558 2399 909 2456 multitudine
940 2397 1098 2452 ﬁdem
1125 2395 1223 2450 tibi
1255 2394 1371 2450 ﬁeri
1394 2394 1499 2459 vis,
1528 2395 1655 2448 audi
1684 2392 1788 2449 Job
1814 2393 2084 2449 dicentem
2113 2411 2128 2447 :

564 2510 585 2544 ι
624 2489 862 2561 Spiritus
900 2488 1118 2543 divinus
1171 2486 1217 2541 is
1267 2494 1371 2549 est,
1420 2486 1512 2556 qui
1559 2502 1645 2542 me
1692 2485 1841 2549 fecit,
1874 2495 1929 2539 et
1973 2484 2135 2540 ﬂatus

558 2580 947 2653 omnipotentis
1004 2578 1191 2634 docuit
1238 2592 1323 2633 me
1359 2578 1422 2633 ¹⁸.
1475 2597 1494 2628 ι
1552 2576 1759 2631 Maced.
1814 2576 1972 2633 Eliud
2020 2578 2136 2632 haec

558 2673 711 2738 dicit,
739 2687 913 2742 neque
956 2668 1280 2740 simpliciter
1307 2669 1425 2731 ait,
1470 2685 1488 2718 ι
1530 2668 1633 2734 Qui
1666 2666 1794 2721 fecit
1834 2683 1939 2729 me,
1976 2687 1994 2719 ι
2040 2666 2136 2723 sed

557 2766 634 2821 ita
661 2764 794 2819 dicit
826 2783 840 2819 :
885 2782 904 2814 ι
945 2763 1149 2816 Purum
1184 2770 1268 2818 est
1291 2760 1474 2816 verbis
1500 2774 1597 2814 cor
1632 2774 1834 2822 meum,
1872 2766 1927 2813 et
1961 2758 2135 2813 labio-

558 2873 683 2915 rum
733 2872 979 2912 meorum
1025 2854 1383 2926 intelligentia
1430 2868 1565 2923 pura
1603 2860 1689 2907 est
1744 2852 2077 2922 cogitatione
2119 2872 2132 2908 :

561 2947 799 3021 Spiritus
838 2948 1059 3002 divinus
1104 2946 1151 3000 is
1178 2954 1295 3012 est,
1345 2946 1436 3014 qui
1473 2960 1558 2998 me
1619 2942 1748 2998 fecit
1796 2958 1932 3014 pura
1980 2945 2135 3015 cogi-

559 3051 679 3097 tare
704 3042 748 3073 ¹⁶
782 3038 1027 3112 (inquit).
1063 3037 1249 3108 Itaque
1291 3036 1528 3107 Spiritus
1571 3045 1796 3092 sanctus
1836 3036 1964 3091 fecit
1991 3052 2076 3090 me
2111 3055 2131 3088 ι

2240 490 2336 544 καὶ
2370 488 2521 554 Υίοῦ,
2562 489 2656 543 καὶ
2690 490 2845 558 ἁγίου
2874 488 3230 559 Πνεύματος;
3263 488 3483 544 Μακεό.
3513 490 3592 543 Οῦ
3622 492 3823 558 γέγρτισ

2238 598 2391 642 πται,
2431 582 2515 635 ὅτι
2564 581 2706 634 κατὰ
2747 580 2808 633 τὸ
2854 581 2988 635 πολὺ
3039 581 3190 645 ἔλεος
3242 580 3407 635 αὐτοῦ
3450 582 3820 650 ἀναγεννήσας

2237 674 2387 742 ἡμᾶς
2414 671 2501 725 διὰ
2544 671 2771 743 λουτροῦ
2823 672 3261 741 παλιγγενεσίας,
3297 672 3392 727 καὶ
3436 674 3781 727 ἀνακαινισευ

2238 762 2557 833 Πνεύματος
2602 763 2802 831 ἀγίου;
2860 782 2880 815 ι
2952 765 3098 833 Ὸρθ.
3159 762 3452 835 Προλαὸὼν
3503 759 3680 824 εἶπον,
3743 767 3818 815 ότ.

2244 871 2263 906 ι
2296 856 2410 919 τοῖς
2450 852 2710 927 καθαροῖς
2747 853 2925 908 πάντα
2969 853 3207 926 καθαρά.
3254 872 3273 905 ι
3326 853 3466 924 Παρ¹
3524 854 3658 923 ἡμῖν
3712 852 3820 923 (28)

2237 945 2366 1015 γὰρ,
2399 945 2541 1000 κατά
2570 944 2662 1000 τὸν
2695 945 2896 1000 σκοπὸν
2916 947 3015 1018 τῆς
3041 946 3293 1017 Γραφῆς,
3330 945 3394 999 τὸ
3417 965 3435 995 ι
3458 945 3526 999 δι’
3552 938 3615 998 οῦ
3649 963 3666 996 ι
3699 962 3823 996 ταν·

2237 1038 2329 1091 τόν
2359 1039 2475 1090 ἐστι
2505 1037 2584 1109 τῷ
2628 1055 2647 1089 ι
2684 1036 2744 1102 ἐξ
2787 1030 2871 1092 οῦ.
2920 1057 2941 1093 ι
2984 1037 3203 1108 ’Δμέλει
3245 1036 3375 1105 γοῦν
3416 1036 3569 1105 λέγει
3606 1036 3637 1088 6
3674 1034 3821 1103 ἅγιος

2238 1129 2449 1192 Παῦλος
2470 1145 2485 1159 ’
2522 1149 2541 1182 ι
2573 1129 2769 1193 Πιστὸς
2796 1133 2825 1183 ὁ
2854 1129 3007 1193 Θεὸς,
3041 1130 3110 1183 δι’
3136 1123 3200 1184 οῦ
3234 1128 3500 1201 ἐκλήθητε
3529 1130 3609 1191 είς
3633 1144 3820 1180 κοινω⁸

2236 1220 2356 1274 νίαν
2384 1220 2478 1274 τοῦ
2518 1220 2648 1274 Υίοῦ
2692 1220 2877 1276 αὑτοῦ.
2930 1241 2950 1276 ι
3002 1223 3114 1276 Kal.
3162 1221 3397 1276 ἐνταῦθα
3447 1219 3561 1291 γὰρ
3600 1219 3665 1272 τὸ
3702 1238 3721 1270 ι
3757 1220 3819 1272 δι’

2233 1307 2296 1367 οῦ
2330 1331 2347 1363 ι
2388 1313 2510 1366 ἀντὶ
2547 1311 2643 1366 τοῦ
2683 1331 2702 1365 ι
2748 1313 2806 1381 ἐξ
2842 1305 2903 1368 οῦ
2945 1333 2965 1368 ι
3010 1317 3209 1368 κεῖται.
3243 1312 3527 1384 ὐμολόγει
3585 1307 3702 1374 οῦν,
3743 1312 3819 1364 ὅτι

2237 1406 2271 1475 ἠ
2310 1403 2488 1468 κτίσις
2531 1404 2688 1476 ἡμῶν
2717 1405 2868 1478 παρά
2902 1406 3136 1478 Πατρὸς,
3185 1405 3280 1459 καὶ
3320 1403 3485 1466 Υίοῦ,
3533 1403 3629 1456 καὶ
3671 1402 3821 1471 ἁγίου

2235 1495 2551 1567 Πνεύματος
2582 1496 2816 1565 ἐγένετο.
2847 1498 2922 1551 Οὐ
2949 1498 3058 1569 γὰρ
3089 1496 3250 1561 ἄλλος
3282 1495 3518 1557 ἔκτισεν,
3546 1496 3643 1548 καὶ
3671 1493 3820 1556 ἄλλος

2235 1590 2607 1643 ἀνεκαίνισεψ
2640 1589 2757 1644 ἀλλ’
2797 1592 2826 1644 6
2862 1590 3051 1654 κτίσας
3083 1589 3217 1653 Θεὸς
3260 1588 3400 1660 μετά
3431 1587 3527 1641 τοῦ
3566 1588 3699 1641 Υἱοῦ
3734 1589 3823 1641 καὶ

2235 1678 2551 1749 Πνεύματος
2604 1679 2780 1748 ἁγίου.
2833 1680 2942 1734 Kal.
2982 1678 3070 1733 διὰ
3117 1678 3276 1731 τοῦτο
3318 1678 3378 1731 έν
3421 1678 3565 1749 ἀρχῇ
3624 1672 3778 1730 εἶπεν
3803 1694 3816 1707 ·

2244 1857 2362 1910 καθ’
2392 1858 2671 1928 ὁμοίωσιν,
2717 1879 2736 1912 ι
2788 1860 2874 1914 ἵνα
2916 1860 2981 1912 ὲκ
3025 1859 3124 1929 τῆς
3174 1860 3494 1931 συνεργείας
3535 1860 3599 1913 τὸ
3635 1859 3822 1914 ταυτὸν

2240 1949 2339 2018 τῆς
2362 1949 2576 2018 φύσεως
2599 1948 2768 2022 δείξῃ.

2317 2040 2398 2095 i9.
2432 2041 2655 2096 Μακεδ.
2686 2039 3065 2113 Φανερὼτερόν
3090 2060 3182 2114 μοι
3203 2043 3392 2109 δεῖξον,
3410 2043 3495 2097 ὅτι
3515 2042 3580 2096 τὸ
3601 2041 3818 2114 Πνεῦμα

2239 2132 2303 2185 τὸ
2347 2132 2505 2201 ἅγιον
2546 2131 2740 2197 κτίζει.
2784 2132 2939 2200 Ὀρθ.
2980 2133 3167 2205 Ἀρκεῖ
3196 2133 3296 2204 μὲν
3333 2132 3429 2186 καὶ
3459 2131 3531 2187 τὰ
3568 2149 3820 2205 προειρη-

2246 2222 2383 2294 μένα
2405 2223 2483 2293 τῷ
2514 2221 2638 2275 νοῦν
2661 2221 2834 2292 ἔχοντι
2855 2221 2992 2295 πρὸς
3021 2222 3259 2294 φανερὰν
3288 2221 3568 2290 ἀπόδειξιν
3592 2238 3610 2253 ·
3641 2221 3819 2293 ἐπειδὴ

2239 2314 2296 2368 δὲ
2314 2316 2405 2367 καὶ
2424 2315 2491 2367 ἐκ
2521 2312 2614 2368 τοῦ
2650 2313 2882 2385 πλήθους
2899 2313 3008 2369 τῶν
3034 2313 3349 2385 μαρτυριῶν
3364 2312 3705 2385 πιστωθῆναι
3731 2311 3817 2366 θέ-

2240 2407 2371 2471 λεις,
2409 2407 2637 2461 ἄκουσον
2656 2404 2748 2459 τοῦ
2765 2405 2884 2459 Ἰὼϐ
2901 2405 3150 2474 λέγοντος
3164 2422 3179 2436 ’
3227 2424 3248 2457 ι
3268 2404 3495 2477 Πνεῦμα
3513 2403 3629 2476 (29)
3659 2403 3817 2458 θεῖον.

2240 2497 2301 2551 τὸ
2357 2496 2590 2567 ποιῆσάν
2649 2512 2714 2567 με
2738 2512 2752 2525 ’
2798 2496 2933 2566 πνοὴ
2978 2495 3036 2548 δὲ
3089 2495 3528 2567 παντοκράτορος
3584 2496 3622 2565 ἡ
3665 2491 3822 2548 διδά-

2242 2589 2447 2643 σκουσά
2470 2605 2559 2658 με.
2610 2607 2628 2641 ι
2671 2586 2895 2641 Μακεδ.
2940 2586 3144 2640 Ἐλιούδ
3164 2589 3311 2641 ἐστιν
3339 2588 3369 2641 6
3396 2585 3595 2656 λέγων,
3613 2585 3707 2640 καὶ
3726 2583 3821 2639 οῦκ

2241 2678 2392 2735 εἶπεν
2432 2678 2639 2746 ἀπλῶς,
2686 2698 2703 2730 ι
2735 2679 2810 2732 Τὸ
2847 2679 3078 2749 ποιῆσαν
3115 2696 3204 2750 με,
3238 2698 3257 2732 ι
3294 2678 3434 2733 ἀλλά
3468 2678 3623 2747 λέγει
3648 2676 3817 2732 οὕτω·

2248 2793 2266 2825 ι
2308 2771 2536 2844 Καθαρά
2576 2772 2739 2843 μουή
2793 2770 2986 2841 καρδία
3028 2772 3291 2841 ῥήμασιν,
3328 2769 3548 2833 σύνεσις
3592 2769 3653 2823 δὲ
3712 2781 3823 2837 χε.»

2242 2862 2377 2918 λέων
2427 2879 2527 2932 μου
2568 2859 2786 2932 καθαρά
2822 2861 3005 2931 νοήσει
3032 2876 3043 2889 ·
3076 2859 3300 2930 Πνεῦμα
3329 2859 3476 2913 θεῖον
3499 2858 3563 2912 τὸ
3594 2857 3818 2931 ποιῆσάν

2245 2971 2312 3025 με
2343 2952 2554 3023 καθαρά
2574 2954 2775 3024 νοήσει.
2792 2971 2810 3003 ι
2838 2980 2907 2990 -
2925 2971 2943 3003 ι
2966 2951 3192 3022 Πνεῦμα
3208 2951 3350 3006 θεῖον
3363 2952 3426 3005 τὸ
3440 2951 3678 3022 ποιῆσάν
3700 2968 3815 3022 με.»

2243 3046 2504 3106 τουτέστι,
2530 3045 2592 3097 τὸ
2621 3043 2852 3113 ποιῆσάν
2886 3061 2954 3115 με
2981 3043 3197 3114 καθαρὰ
3224 3043 3438 3113 νοῆσαι.
3482 3044 3637 3112 Ὀρθ.
3667 3041 3817 3112 Ὁμο-

561 3149 759 3204 nempe
806 3131 935 3186 fecit
966 3147 1049 3185 me
1098 3146 1233 3199 pura
1266 3130 1525 3199 cogitare.
1561 3127 1714 3183 Orth.
1772 3127 1841 3180 At
1876 3135 1933 3181 tu
1984 3137 2138 3182 certe

2247 3137 2419 3205 λογείς
2451 3136 2508 3189 δὲ
2547 3133 2683 3197 ὃλως
2714 3134 2855 3187 θεῖον
2886 3133 2948 3187 τὸ
2999 3134 3245 3206 Πνεῦμα.
3279 3131 3508 3189 Μακεδ.
3541 3132 3632 3204 Μὴ
3669 3132 3818 3203 γάρὸ

565 3224 792 3281 omnino
818 3223 1024 3285 fateris,
1050 3221 1295 3275 divinum
1322 3235 1446 3275 esse
1469 3219 1756 3290 Spiritum.
1785 3218 1996 3275 Maced.
2030 3219 2140 3274 Imo

563 3316 669 3375 Job
705 3317 808 3371 hoc
853 3330 963 3369 non
998 3313 1153 3377 dixit,
1188 3312 1283 3368 sed
1329 3310 1510 3375 Eliud,
1555 3326 1716 3381 quem
1767 3309 1908 3366 Deus
1951 3326 2138 3380 repreo

566 3410 777 3467 hendit.
808 3407 960 3464 Orth.
986 3405 1056 3459 At
1086 3420 1193 3460 ιιοιι
1221 3404 1396 3474 ipsum
1428 3402 1482 3455 in
1506 3416 1570 3457 eo
1596 3401 1966 3472 reprehendit,
1990 3399 2141 3470 quod

569 3508 834 3582 Spiritum
879 3504 1124 3559 divinum
1174 3499 1445 3554 dixisset?
1491 3495 1698 3551 Maccd.
1759 3495 1903 3551 Deus
1959 3506 2141 3549 tamen

568 3615 691 3658 eum
722 3594 1088 3667 reprehendit.
1134 3590 1287 3647 Orth.
1316 3589 1456 3657 Quid
1483 3591 1528 3645 si
1560 3589 1724 3660 igitur
1756 3588 1937 3658 ipsum
1968 3586 2138 3641 etiam

566 3691 670 3748 Job
701 3688 893 3744 audias
922 3686 1191 3740 dicentem
1223 3700 1235 3737 :
1284 3701 1303 3735 ι
1342 3680 1483 3736 Vivit
1511 3680 1793 3742 Dominus,
1823 3677 1918 3748 qui
1952 3678 2032 3732 sic
2058 3693 2144 3733 me

566 3782 852 3857 judicavit,
906 3786 961 3835 et
1005 3776 1383 3847 Omnipotens,
1428 3774 1523 3844 qui
1555 3770 1920 3825 amaritudine
1957 3768 2142 3824 aﬂ'ecit

568 3879 809 3934 animam
841 3887 1041 3929 meam.
1087 3870 1246 3926 Certe
1276 3868 1448 3923 donec
1481 3866 1682 3921 halitus
1717 3862 1849 3918 mihi
1888 3863 2056 3923 inest,
2091 3869 2145 3916 et

571 3970 812 4043 Spiritus
834 3965 1055 4023 divinus
1078 3967 1329 4032 superest
1357 3959 1488 4013 mihi
1518 3959 1574 4012 in
1600 3958 1826 4012 naribus
1853 3958 1919 4011 ¹⁷.
1951 3974 1970 4008 ι
2003 3953 2145 4020 Quid

569 4064 743 4119 habes
780 4058 927 4131 quod
957 4056 1220 4110 adversus
1246 4052 1424 4123 ipsum
1461 4052 1625 4106 etiam
1654 4048 1758 4105 Job
1789 4050 1982 4105 dicas?
2015 4047 2139 4102 Ma-

572 4152 682 4209 red.
717 4150 862 4207 Voco
892 4149 1056 4204 etiam
1084 4159 1183 4216 ego
1210 4142 1475 4213 Spiritum
1507 4140 1669 4213 452
1710 4142 1980 4203 divinum,
2033 4154 2145 4195 non

570 4246 766 4303 Deum.
805 4239 959 4298 Orth.
1013 4240 1078 4291 At
1124 4235 1364 4307 Spiritus
1396 4232 1616 4289 divinus
1663 4231 1794 4303 quid
1842 4231 1989 4286 aliud
2038 4239 2143 4295 est,

572 4352 737 4409 quam
759 4332 935 4389 Deus?
962 4327 1170 4386 Maced.
1198 4327 1386 4383 Absit!
1415 4323 1567 4381 Orth.
1589 4323 1684 4378 Dic
1704 4325 1890 4395 igitur,
1917 4337 2146 4393 ecquam

574 4429 883 4486 divinarum
917 4429 1245 4494 potestatum
1278 4416 1563 4488 Scriptura
1608 4414 1848 4470 divinam
1890 4412 2091 4469 dixerit
2122 4432 2135 4467 :

572 4522 785 4594 perlege
818 4517 983 4575 Vetus
1011 4527 1064 4571 et
1094 4513 1303 4569 Novum
1352 4510 1761 4567 Testamentum
1813 4507 2149 4569 universum,

574 4617 621 4673 si
648 4615 771 4685 quis
800 4621 1112 4668 sanctorum
1149 4606 1467 4677 angelorum
1502 4608 1753 4671 repertus
1778 4608 1861 4655 est
1889 4639 1905 4665 ,
1935 4598 2028 4669 qui
2063 4598 2149 4652 di-

574 4713 736 4766 v'inus
767 4705 1006 4777 Spiritus
1037 4702 1109 4757 sit
1135 4700 1336 4755 dictus.
1368 4693 1577 4751 Maced.
1609 4693 1803 4747 Nullus
1829 4691 2147 4763 animalius

573 4801 800 4872 spiritus
824 4804 909 4854 est
934 4791 1266 4851 istiusmodi.
1290 4788 1386 4846 Est
1407 4787 1555 4845 enim
1580 4786 1796 4840 unicus.
1822 4781 1973 4838 Orth.
2005 4781 2148 4851 Ergo

571 4904 627 4951 et
654 4902 713 4949 tu
743 4891 954 4953 fateris,
988 4888 1196 4942 nullum
1223 4898 1347 4940 esse
1373 4883 1535 4937 talem
1568 4877 1857 4949 Spiritum,
1891 4875 2034 4929 inter
2055 4888 2146 4927 res

572 4996 808 5044 creatas.
857 4982 1064 5037 Maced.
1120 4977 1334 5032 Fateor.
1390 4974 1545 5029 Orth.
1608 4971 1798 5026 Restat
1873 4969 2039 5039 igitur
2087 4972 2148 5019 ut

572 5080 878 5147 videamus‘
903 5088 1083 5128 annon
1110 5076 1303 5125 natura
1335 5064 1777 5120 communionem
1804 5062 2142 5116 habeatcum

575 5176 734 5234 Patre
756 5182 811 5229 et
839 5170 997 5227 Filio.
1023 5164 1229 5221 Macci.
1258 5161 1373 5216 Hoc
1404 5161 1450 5214 si
1486 5159 1651 5215 fuerit
1681 5158 2143 5216 demonstratum,

578 5269 718 5324 Deus
748 5266 911 5322 etiam
948 5275 1071 5318 esse
1114 5258 1522 5314 demonstratus
1552 5250 1737 5306 fuerit.
1777 5246 1934 5303 Ortlr.
1971 5246 2146 5299 Antea

578 5362 1008 5416 demonstratum
1038 5359 1143 5412 est,
1181 5362 1305 5402 esse
1333 5344 1600 5398 divinum.
1651 5338 1862 5394 Maced.
1896 5336 2003 5392 Sed
2036 5351 2170 5408 non.

648 5517 691 5548 ι’
731 5514 841 5567 Tit.
877 5528 970 5573 ιιι,
1175 5506 1219 5536 ¹³
1262 5477 1530 5562 Ιϐοιιξι,
1581 5497 1638 5555 9.
1740 5497 1784 5527 “
1821 5494 1960 5549 Gen.
1999 5508 2051 5557 ι,
2086 5491 2178 5547 ‘26.

577 5587 738 5649 2,3.

648 5678 763 5746 (‘28)
801 5674 892 5746 Sic
923 5673 1096 5726 Palat.
1125 5680 1293 5746 tacete.
1332 5668 1488 5746 Editi
1506 5663 2002 5746 νεωηπαρχὺμίν.

650 5735 758 5806 {Qui
797 5735 1097 5802 Palatinus.
1124 5739 1345 5794 ilvsﬁaa
1367 5736 1512 5792 θεοῦ.
1541 5735 1708 5789 Paulo
1730 5738 1851 5792 post
1874 5743 2152 5785 manuscr.

2255 3226 2373 3281 Ἰὼϐ
2402 3225 2535 3280 αὐτὸ
2564 3220 2717 3279 εἶπεν
2742 3241 2754 3255 ’
2780 3225 2894 3279 ἀλλ’
2917 3227 2945 3279 6
2978 3224 3203 3292 Ἐλιοὺδ,
3226 3224 3285 3279 ὃν
3309 3225 3604 3296 ἐμέμψατο
3626 3228 3656 3279 6
3674 3225 3817 3288 Θεός.

2255 3320 2409 3387 Ὀρθ.
2469 3316 2561 3388 Μὴ
2632 3317 2741 3388 γάρ
2801 3317 3087 3388 ἐμέμψατο
3141 3317 3323 3379 αὑτὸν,
3373 3317 3518 3370 διατί
3569 3312 3724 3371 εἶπεν
3763 3316 3821 3372 τὸ

2243 3409 2469 3480 Πνεῦμα
2525 3408 2705 3475 θεῖον;
2748 3408 2966 3463 Μακεδ.
3013 3410 3201 3479 Ὅμως
3247 3407 3544 3479 ἐμέμψατο
3594 3408 3755 3461 αὑτὸν
3791 3408 3819 3460 6

2242 3501 2395 3565 Θεός.
2428 3503 2578 3569 Ὀρθ.
2611 3500 2735 3555 Ἐἀν
2768 3497 2861 3554 οῦν
2884 3499 3121 3571 ἀκούσῃς
3146 3498 3240 3553 καὶ
3264 3499 3360 3552 τοῦ
3397 3498 3519 3553 Ἰὼϐ
3545 3499 3817 3566 λέγοντος·

2250 3611 2269 3644 ι
2289 3595 2364 3665 Ζῇ
2390 3593 2611 3664 Κύριος,
2645 3592 2704 3656 ὃς
2729 3592 2870 3645 οῦτω
2899 3608 2964 3663 με
2984 3591 3239 3663 κέκρικεν
3262 3590 3420 3660 (ΞΞΥ).
3453 3591 3553 3645 καὶ
3578 3593 3610 3644 6
3636 3606 3823 3645 παντο·

2244 3686 2464 3758 κράτωρ
2500 3685 2529 3736 ὁ
2572 3683 2841 3755 πικράνας
2872 3700 2974 3755 μου
3006 3683 3105 3753 τὴν
3137 3682 3335 3753 ψυχήν.
3370 3674 3449 3734 Ἥ
3496 3681 3604 3752 μὴν
3628 3680 3707 3734 ἔτι
3730 3680 3822 3751 τῆς

2247 3780 2415 3850 πνοῆς
2449 3795 2538 3849 μοι
2571 3775 2827 3848 ἐνούσης·
2873 3775 3098 3846 Πνεῦμα
3132 3775 3188 3828 δὲ
3222 3774 3363 3828 θεῖον
3411 3773 3474 3828 τὸ
3507 3774 3699 3843 περιόν
3738 3787 3823 3843 μοι

2246 3874 2305 3925 ὲν
2335 3871 2497 3943 ῥισίν,
2517 3890 2536 3922 ι
2567 3870 2619 3922 τί
2661 3868 2805 3938 ἔχεις
2833 3868 3007 3921 εἰπεῖν
3028 3866 3122 3919 καὶ
3149 3865 3275 3937 περὶ
3301 3863 3397 3918 τοῦ
3414 3863 3575 3930 Ἰὡ6;
3607 3861 3823 3918 Haud.

2247 3964 2359 4016 Kal.
2392 3961 2536 4031 λέγω
2569 3960 2710 4014 θεῖον
2746 3960 2807 4014 τὸ
2851 3958 3094 4029 Πνεῦμα,
3138 3959 3199 4010 οὐ
3242 3958 3350 4029 μὴν
3382 3958 3540 4012 Θεὸν.
3578 3959 3726 4025 Ὀρθ.
3758 3954 3826 4009 Τὸ

2246 4053 2303 4108 δὲ
2332 4054 2473 4107 θεῖον
2510 4053 2733 4124 Πνεῦμα
2759 4052 2813 4104 τί
2848 4050 2976 4105 ἀλλο
3007 4051 3157 4104 ἐστὶν
3189 4050 3224 4121 ἢ
3262 4049 3428 4116 Θεός;
3468 4049 3697 4105 Maleas.
3738 4047 3827 4117 Μὴ

2249 4144 2490 4212 γένοιτοῑ
2535 4145 2688 4212 Ὀρθ.
2736 4141 2943 4197 υῦκοῦν
2976 4142 3119 4204 εἰπὲ,
3151 4140 3205 4194 εί
3241 4159 3365 4195 τινα
3397 4142 3508 4195 τῶν
3542 4141 3714 4210 ἁγίων
3741 4139 3827 4194 δυ-

2250 4236 2466 4307 νάμεων
2516 4234 2658 4289 θεῖον
2692 4230 2845 4289 εἶπεν
2895 4234 2929 4305 ἡ
2968 4233 3180 4305 Γραφή.
3230 4233 3531 4302 Ἀνάγνωθι
3571 4233 3672 4303 τὴν
3717 4232 3826 4286 Πα-

2250 4328 2408 4382 λαιὰν
2440 4330 2618 4382 πᾶσαν
2637 4327 2911 4399 Διαθήκην
2944 4333 3039 4380 καὶ
3072 4324 3169 4397 τὴν
3198 4324 3429 4397 Καινὴν,
3457 4326 3508 4379 εί
3530 4324 3728 4398 εὑρέθη
3752 4338 3828 4385 τις

2252 4420 2361 4475 τῶν
2390 4420 2557 4489 ἁγίων
2577 4419 2827 4490 ἀγγέλων
2854 4418 2994 4472 θεῖον
3014 4416 3308 4489 λεγόμενος
3327 4417 3578 4489 Πνεῦμα.
3611 4413 3826 4471 Μακεδ-

2256 4513 2420 4567 Οὐδὲν
2486 4512 2597 4585 γὰρ
2653 4512 2762 4565 τῶν
2826 4511 2999 4566 ἄλλων
3065 4508 3394 4580 πνευμάτων
3447 4508 3659 4562 τοιοῦτό
3720 4507 3830 4559 ἐστι

2257 4607 2483 4678 Πνεῦμα
2506 4623 2519 4635 ·
2578 4603 2862 4676 μοναδικὸν
2909 4602 3019 4674 γάρ
3067 4604 3198 4656 ἐστι.
3260 4602 3409 4669 Ὀρθ.
3469 4599 3830 4671 Ὀμολογείται

2253 4693 2345 4751 οὖν
2371 4696 2465 4750 καὶ
2494 4693 2643 4766 παρὰ
2672 4691 2788 4758 σοῦ,
2821 4691 2895 4763 μὴ
2928 4686 3066 4745 εἶναι
3097 4691 3155 4742 ὲν
3177 4690 3291 4751 τοῖς
3313 4686 3580 4757 κτίσμασι
3610 4683 3830 4752 Πνεῦμα

2252 4787 2480 4842 τοιοῦτο.
2529 4785 2755 4840 Μακεδ.
2806 4782 3197 4854 Ὀμολογείται.
3252 4781 3401 4847 Ὀρθ.
3458 4777 3688 4847 Ἴδωμεν
3742 4768 3830 4827 οῦν

2252 4880 2457 4942 λοιπὸν,
2487 4880 2534 4930 εἱ
2575 4877 2675 4931 οὐκ
2709 4875 2823 4947 ἔχει
2858 4874 2996 4946 μετά
3024 4871 3235 4944 Πατρὸς
3280 4871 3376 4924 καὶ
3410 4867 3544 4922 Υίοῦ
3571 4868 3670 4939 τὴν
3698 4864 3834 4919 κατά

2257 4970 2418 5042 φύσιν
2449 4968 2753 5023 κοινωνίαν.
2782 4965 3005 5022 Marcus.
3049 4964 3221 5019 Τοῦτο
3248 4964 3344 5018 ἐὰν
3384 4962 3599 5034 δειχθῇ,
3626 4959 3833 5030 ἐδείχθη

2254 5060 2350 5114 καὶ
2376 5058 2525 5123 Θεός.
2569 5058 2716 5127 Ὀρθ.
2755 5057 2903 5120 Τέως
2929 5054 3152 5126 Πνεῦμα
3182 5053 3325 5107 θεῖον
3349 5053 3590 5123 ἐδείχθη.
3616 5048 3832 5106 Μακεδ.

2267 5151 2409 5205 Ἀλλ’
2445 5151 2507 5203 οῦ
2557 5150 2709 5214 Θεός.
2759 5151 2903 5217 Ὀρθ.
2947 5147 3072 5201 Ἐἀν
3118 5145 3446 5216 ἀκούσωμεν
3492 5144 3705 5199 Παύλου
3746 5140 3835 5195 τοῦ

2252 5242 2550 5298 ἀποστόλου
2570 5234 2839 5311 λέγοντος,
2863 5240 2953 5293 τὸν
2973 5239 3103 5293 Θεὸν
3130 5237 3296 5310 μηδὲν
3311 5237 3442 5292 ἄλλο
3456 5233 3596 5292 εἶναι
3618 5235 3650 5307 ἢ
3677 5235 3835 5293 θεῖον.

2252 5334 2468 5403 ἀνάγκη
2507 5332 2799 5386 συνθέσθαι
2829 5332 2889 5384 τὸ
2938 5330 3080 5383 θεῖον
3130 5325 3271 5383 εἶναι
3309 5328 3463 5383 Θεόν.
3508 5325 3732 5382 Μακεδ.
3767 5323 3835 5379 οὗ

2292 5493 2337 5523 ¹⁸
2375 5488 2479 5545 Job
2514 5505 2718 5552 xxxm,
2749 5488 2803 5541 4.
2916 5485 2960 5517 ¹⁶
2998 5485 3129 5539 ibid.
3170 5485 3204 5539 3
3228 5526 3241 5548 ,
3279 5484 3333 5539 4.
3442 5484 3484 5516 ¹⁷
3524 5480 3627 5536 Job
3658 5494 3825 5542 xxvu,

2269 5651 2494 5716 Ἐλιούς,
2530 5657 2583 5702 et
2613 5648 2752 5702 infra
2784 5646 3052 5716 similiter_.

2340 5712 2490 5785 (529‘).
2520 5718 2681 5783 Editi,
2713 5718 2983 5779 κέκρινεν.
3012 5713 3170 5768 Enn.
