3982 6398
188 434 304 491 59.35
1158 439 1246 494 DE
1276 440 1547 497 SANCTA
1572 442 1949 500 TRINITATE
1978 442 2319 501 DlALOGUS
2342 445 2425 503 Ill.
3278 443 3410 497 lilii

182 551 394 612 πάντως.
435 548 569 603 Οὐδὲ
622 549 728 623 γάρ
775 552 961 624 ἐπειδὴ
998 555 1026 606 6
1076 554 1210 618 Θεὸς
1241 556 1487 628 Πνεῦμα,
1541 560 1636 612 καὶ
1672 560 1733 613 τὸ

1837 570 1921 617 εει
1948 562 2110 618 Deus.
2145 562 2299 617 Orth.
2350 562 2406 616 Si
2438 579 2503 617 ex
2562 563 2732 619 Paulo
2766 564 3015 635 apostolo
3052 562 3407 622 audierimus,

182 643 303 697 θεῖον
332 642 553 713 Πνεῦμα
591 642 701 714 (30)
730 642 881 708 Θεός.
928 645 1036 699 Ποῦ
1071 647 1128 701 δὲ
1165 649 1494 721 γέγραπται,
1541 653 1570 704 6
1596 651 1731 715 Θεὸς

1838 650 2002 707 Deum
2026 653 2163 707 nihil
2194 654 2343 709 aliud
2374 668 2519 720 esse,
2552 670 2717 725 quam
2743 654 3013 717 divinum,
3046 667 3274 710 necesse
3304 650 3410 704 ine.

179 733 334 799 θετον;
377 734 526 800 Ὀρθ.
573 735 661 787 Ἐν
687 737 808 799 ταῖς
833 737 1071 809 Πράξεσι
1097 738 1205 793 τῶν
1234 739 1548 793 ἀποστόλων
1580 740 1729 809 λέγει

1836 744 1906 798 rit
1953 746 2274 811 concedere,
2320 747 2394 813 id;
2430 747 2575 817 quod
2616 748 2861 804 divinum
2902 760 3004 811 cst,
3046 746 3215 801 Deum
3264 758 3407 799 esse.

179 820 366 885 Παῦλος
404 819 572 886 οὕτως
594 840 608 853 ·
656 842 675 875 ι
712 824 871 889 Γένος
913 822 1006 880 οὖν
1059 828 1395 900 ὑπάρχοντες
1431 829 1527 882 τοῦ
1569 830 1731 897 Θεοῦ,

1842 832 2043 895 Haced.
2078 838 2195 894 Non
2232 855 2481 910 prorsus.
2513 840 2701 913 Neque
2735 858 2879 897 enim
2912 838 3128 895 etiamsi
3159 835 3303 891 Deus
3329 841 3414 890 est

175 915 263 968 οὐκ
306 914 587 986 ὀφείλομεν
641 915 884 987 νομίζειν
939 920 1125 991 χρυσῷ
1171 921 1204 992 ἢ
1259 921 1504 993 ἀργύρῳ,
1557 923 1729 995 χαρά-

1837 927 2103 1000 Spiritus,
2133 930 2344 987 idcirco
2374 932 2595 988 divinus
2618 947 2838 1003 quoque
2863 930 3104 1002 Spiritus
3136 936 3222 984 est
3244 927 3409 982 Deus.

175 1021 327 1075 γματι
363 1004 559 1077 τέχνης
606 1007 700 1061 καὶ
739 1007 1086 1081 ἐνθυμήσεως
1133 1012 1461 1085 ἀνθρώπων,
1494 1016 1556 1068 τὸ
1586 1015 1727 1070 θεῖον

1842 1017 2073 1075 Ubinam
2116 1037 2247 1077 vero
2296 1024 2563 1093 scriptum
2613 1032 2698 1079 est
2745 1022 2914 1079 Deum
2962 1038 3085 1077 csse
3135 1016 3414 1075 divinum?

172 1093 295 1150 είναι
315 1095 514 1165 ὅμοιον.
540 1115 559 1148 υ

1843 1108 1997 1166 Orth.
2036 1113 2097 1166 In
2140 1112 2295 1169 Actis
2341 1115 2710 1184 apostolorum
2760 1115 2842 1170 sic
2887 1114 3129 1184 loquitur
3156 1110 3361 1165 Paulus
3395 1127 3407 1162 :

177 1210 194 1242 ι
226 1189 396 1245 Genus
429 1206 560 1262 ergo
597 1207 721 1247 cum
772 1193 945 1251 simus
973 1194 1089 1263 Dei,
1132 1213 1239 1251 non
1271 1197 1536 1256 debemus
1585 1203 1861 1260 aestimare
1929 1222 2067 1261 auro
2102 1216 2196 1261 aut
2225 1216 2487 1279 argento,
2546 1210 2841 1279 sculpturae
2892 1210 3028 1264 artis
3090 1213 3144 1263 et
3208 1203 3416 1275 cogita-

171 1283 318 1339 tionis
345 1283 648 1351 hominum,
680 1284 921 1342 divinum
946 1304 1068 1345 esse
1104 1290 1281 1346 simile
1310 1292 1375 1346 η.
1404 1313 1424 1346 ι

230 1397 312 1452 9.0.
343 1398 564 1453 Μακεδ.
602 1398 816 1464 Φθάσας
837 1396 1009 1469 εἶπον,
1033 1405 1117 1457 ὅτι
1146 1405 1246 1459 κᾶν
1285 1406 1385 1472 θῶ,
1425 1409 1509 1462 ὅτι
1540 1410 1567 1462 6
1599 1408 1731 1473 Θεὸς

1901 1407 1990 1464 20.
2036 1407 2245 1463 Maced.
2285 1410 2403 1465 Jam
2437 1411 2587 1481 prius
2617 1412 2886 1475 dixeram,
2925 1412 3141 1466 etiamsi
3175 1428 3412 1482 posuero

168 1489 374 1561 Πνεῦμά
397 1490 565 1553 ἐστιν,
596 1492 659 1546 οὐ
694 1494 910 1557 πάντως
936 1496 1029 1549 καὶ
1062 1497 1122 1549 τὸ
1153 1496 1295 1551 θεῖον
1325 1498 1547 1569 Πνεῦμα
1576 1501 1728 1564 Θεός.

1841 1500 2002 1555 Deum
2035 1516 2160 1557 esse
2199 1501 2491 1572 Spiritum,
2528 1518 2636 1557 non
2675 1504 2924 1572 protinus
2967 1504 3141 1574 sequi,
3169 1503 3413 1559 divinmn

179 1584 317 1650 ’0p0.
355 1583 417 1635 Ei
452 1583 607 1637 οὐδὲν
636 1583 742 1639 τῶν
782 1588 1096 1658 κτισμάτων
1124 1588 1352 1660 Πνεῦμα
1384 1591 1546 1659 θεῖον,
1581 1592 1732 1646 οὐδὲν

1844 1588 1999 1640 etiam
2035 1585 2299 1658 Spiritum
2324 1603 2448 1644 esse
2477 1587 2668 1645 Deum.
2705 1589 2859 1645 Ortlt.
2892 1587 2948 1644 Si
2988 1606 3169 1646 rerum
3203 1600 3416 1647 creata-

166 1672 372 1743 Πνεῦμα
416 1673 750 1745 ἁγιωσύνης,
803 1678 959 1731 κοινὰ
1014 1678 1071 1730 δὲ
1124 1680 1296 1733 ταῦτα
1354 1681 1588 1754 Πατρδς,
1640 1683 1733 1737 καὶ

1841 1690 1956 1728 rum
1998 1677 2147 1729 nulla
2175 1683 2261 1731 est
2301 1676 2543 1749 Spiritus
2573 1678 2819 1746 divinus,
2863 1682 3127 1737 nulla-est
3171 1680 3413 1753 Spiritus

166 1764 303 1829 Υίοῦ,
337 1767 429 1819 καὶ
474 1766 630 1835 ἁγίου
666 1769 1011 1838 Πνεύματος·
1047 1771 1144 1841 τῆς
1182 1772 1351 1844 αὐτῆς
1381 1775 1488 1844 ἄρα
1520 1774 1735 1844 φύσεως

1841 1767 2315 1833 sanctiﬁcationis,
2349 1769 2462 1824 haec
2498 1778 2678 1826 autem
2713 1772 3027 1827 communia
3068 1781 3197 1829 sunt
3243 1774 3413 1839 Patri,

163 1856 357 1928 Πατὴρ,
390 1858 487 1910 καὶ
522 1859 673 1925 Υἱὸς,
708 1860 802 1913 καὶ
842 1860 992 1929 ἆγιον
1025 1861 1269 1933 Πνεῦμα.
1308 1864 1529 1918 Μακεὸ.
1551 1864 1731 1928 Δεῖξον

1846 1856 1995 1923 Filio,
2042 1866 2096 1913 et
2140 1857 2371 1929 Spiritui
2409 1870 2623 1924 sancto,
2677 1876 2871 1933 nempe
2914 1863 3160 1934 ejusdem
3207 1875 3418 1923 natura:

161 1941 262 2011 οῦν,
297 1949 395 2010 ὅτι,
438 1948 630 2023 ῶσπερ
663 1953 691 2004 6
736 1951 926 2023 Πατὴρ
965 1952 1170 2025 ἐγείρει
1200 1956 1329 2019 τοὺς
1370 1958 1595 2027 νεκροὺς
1640 1958 1733 2011 καὶ

1840 1948 2040 2005 ruerint
2075 1949 2256 2015 Pater,
2290 1950 2483 2015 Filius,
2516 1960 2569 2006 ct
2619 1950 2860 2022 Spiritus
2908 1962 3156 2012 sanctus.
3203 1955 3412 2012 Haced.

161 2034 419 2104 ζωοποιεῖ,
442 2042 645 2112 ὁμοίως
668 2042 723 2095 δέ
744 2044 840 2099 καὶ
869 2047 896 2097 6
929 2044 1078 2108 Υἱὸς,
1106 2043 1249 2098 οὕτω
1293 2048 1387 2101 καὶ
1423 2047 1482 2101 τὸ
1510 2048 1732 2119 Πνεῦμα

1845 2040 2071 2097 Ostende
2107 2042 2291 2114 igitur.
2329 2044 2474 2098 sicut
2510 2041 2674 2099 Pater
2707 2046 2914 2099 excitat
2947 2053 3216 2111 mortuos,
3250 2059 3303 2101 et
3333 2049 3417 2101 vi—

159 2131 416 2193 ζωοποιεί.
454 2134 610 2199 Ὀρθ.
659 2133 822 2202 Λέγει
860 2135 1100 2200 Παῦλος·
1149 2157 1167 2189 ι
1214 2137 1404 2209 Ὑμεῖς
1445 2137 1501 2191 δὲ
1552 2139 1731 2192 οὐκέτ’

1843 2131 2035 2197 vincat,
2072 2144 2125 2188 et
2170 2132 2341 2189 Filius
2374 2149 2613 2204 quoque,
2653 2135 2728 2188 ita
2768 2137 2932 2189 etiam
2990 2134 3254 2206 Spiritum
3288 2154 3415 2192 san-

158 2222 270 2275 ἐστέ
293 2224 349 2276 ἐν
379 2225 571 2296 σαρκὶ,
598 2225 757 2296 εἴπερ
786 2225 1013 2296 Πνεῦμα
1042 2228 1136 2282 τοῦ
1162 2229 1297 2283 Θεοῦ
1324 2232 1463 2283 οἰκεῖ
1495 2232 1551 2283 ἐν
1581 2231 1728 2300 ὑμῖν.

1842 2231 1977 2279 ctum
2012 2224 2307 2278 viviﬁcare.
2346 2223 2500 2280 Orth.
2536 2224 2678 2279 Dicit
2710 2224 2915 2281 Paulus
2951 2245 2964 2282 :
3020 2245 3038 2278 ι
3073 2225 3183 2283 Vos
3227 2237 3414 2285 autem

156 2313 214 2366 Εἰ
252 2315 307 2368 δέ
332 2332 416 2379 τις
452 2316 681 2387 Πνεῦμα
718 2317 956 2389 Χριστοῦ
985 2319 1085 2372 οὐκ
1113 2319 1246 2390 ἔχει,
1273 2314 1427 2384 οὗτος
1450 2321 1549 2373 οὐκ
1588 2320 1728 2375 ἔστιν

1844 2318 1938 2369 ’am
1974 2330 2084 2369 non
2114 2314 2248 2370 estis
2289 2316 2345 2369 in
2379 2331 2567 2380 carne,
2609 2316 2656 2371 si
2697 2323 2876 2371 tamen
2911 2315 3149 2388 Spiritus
3186 2318 3281 2374 Dei
3314 2320 3416 2374 hac

158 2406 260 2475 451)
293 2407 485 2462 αὐτοῦ.
521 2409 585 2461 Εἰ
614 2409 670 2462 δὲ
701 2410 936 2481 Χριστὸς
968 2412 1026 2463 ἐν
1054 2412 1203 2481 ὑμῖν,
1234 2411 1298 2465 τὸ
1331 2413 1428 2482 μὲν
1462 2411 1621 2483 σῶμα
1649 2429 1730 2464 νε-

1837 2408 1967 2461 bitat
1994 2407 2050 2460 in
2076 2406 2253 2461 vobis.
2299 2404 2357 2460 Si
2385 2407 2510 2477 quis
2549 2415 2729 2461 autem
2766 2408 3029 2478 Spiritum
3059 2407 3266 2465 Christi
3300 2425 3409 2466 non

155 2499 274 2565 κρὸν
310 2500 375 2553 δι’
405 2500 710 2572 ἁμαρτίαν,
747 2504 807 2556 τὸ
833 2503 890 2556 δὲ
929 2502 1156 2572 Πνεῦμα
1194 2503 1306 2576 ζωὴ
1345 2504 1433 2558 διὰ
1461 2503 1727 2557 δικαιοσύ-

1840 2498 2015 2563 habet,
2047 2500 2095 2556 is
2120 2514 2230 2555 non
2268 2509 2353 2555 est
2385 2500 2526 2571 ejus.
2563 2498 2623 2555 Si
2663 2511 2842 2556 autem
2884 2501 3135 2558 Christus
3170 2503 3224 2557 in
3253 2504 3412 2561 vobis

154 2608 264 2649 νην.
290 2592 353 2645 Εἰ
378 2592 436 2645 δὲ
459 2594 527 2647 τὸ
550 2593 772 2665 Πνεῦμα
792 2594 885 2647 τοῦ
915 2596 1225 2666 ἐγείραντος
1263 2595 1470 2665 Ἰησοῦν
1500 2595 1726 2666 Χριστὸν

1835 2596 1935 2654 εει,
1968 2605 2167 2660 corpus
2191 2589 2410 2660 quidem
2440 2599 2716 2645 mortuum
2743 2602 2827 2646 est
2851 2601 3073 2663 propter
3098 2602 3407 2664 peccatum,

149 2684 279 2737 οἰκεῖ
304 2686 364 2738 ἐν
398 2686 557 2756 ὐμιν,
579 2688 607 2739 6
634 2687 851 2757 ἐγείρας
874 2686 1111 2756 Χριστὸν
1136 2689 1201 2739 ἐκ
1226 2685 1435 2757 νεκρῶν
1469 2686 1721 2760 ζωοποιή-

1838 2679 2078 2750 Spiritus
2116 2696 2248 2736 vero
2279 2681 2390 2736 vita
2439 2690 2526 2737 est
2570 2690 2793 2753 propter
2837 2684 3130 2753 justitiam.
3162 2684 3320 2752 Quod
3362 2689 3410 2744 si

152 2789 226 2826 σει
255 2776 347 2827 καὶ
378 2776 450 2829 τὰ
489 2775 659 2845 θνητά
694 2775 917 2845 σώματα
949 2775 1104 2846 ὑμῶν
1147 2774 1236 2828 διὰ
1266 2776 1359 2828 τοῦ
1400 2774 1724 2840 ἐνοικοῦντος

1841 2768 2073 2840 Spiritus
2094 2771 2236 2841 ejus,
2263 2772 2354 2842 qui
2384 2772 2672 2828 suscitavit
2696 2770 2881 2827 Jesum
2911 2771 3190 2829 Christum
3212 2790 3241 2829 a
3268 2791 3413 2832 mor-

147 2865 303 2919 αὺτοῦ
342 2866 672 2936 Πνεῦματος
709 2868 765 2919 ἐν
809 2867 955 2936 ὑμῖν.
991 2886 1009 2917 ι
1044 2866 1264 2921 Μακεδ.
1304 2868 1490 2930 Οῦτως
1534 2867 1595 2920 οὐ
1638 2866 1719 2936 γέ-

1836 2863 1964 2924 tuis.
2003 2863 2212 2919 habitat
2256 2864 2310 2918 in
2356 2865 2535 2930 vobis,
2586 2866 2678 2935 qui
2726 2866 3013 2922 suscitavit
3058 2868 3340 2925 Christum
3378 2887 3408 2925 a

146 2973 400 3027 γραπται,
436 2957 545 3011 διὰ
578 2957 681 3012 τοῦ
719 2958 1118 3024 ἐνοικοῦντος,
1163 2957 1299 3012 ἀλλὰ
1324 2958 1389 3012 τὸ
1433 2960 1718 3013 ἐνοικοῦν.

1838 2955 2066 3010 mortuis
2098 2955 2395 3011 viviﬁcabit
2428 2972 2646 3027 quoque
2690 2959 2939 3013 mortalia
2968 2974 3202 3029 corpora
3227 2970 3410 3016 vestra

159 3050 308 3117 ’0p0.
354 3050 492 3104 Ἐὰν
532 3049 739 3122 δειχθῇ,
772 3050 853 3103 ὅτι
908 3068 925 3102 ι
971 3048 1058 3103 διὰ
1084 3049 1177 3102 τοῦ
1212 3037 1545 3115 ἐνοικοῦντος
1585 3069 1603 3102 ι
1638 3050 1731 3119 γέ-

1838 3060 1929 3116 per
1961 3046 2355 3102 inhabitantem
2393 3046 2655 3119 Spiritum
2696 3050 2815 3118 ejus
2855 3051 2909 3104 in
2949 3050 3104 3106 vobis
3124 3053 3192 3106 ¹⁹.
3237 3071 3256 3104 ι
3285 3050 3410 3106 Ha-

144 3157 385 3212 γραπται
478 3142 668 3214 πείθῃ,
722 3144 805 3196 ὃτι
858 3142 958 3213 τῆς
1013 3143 1180 3214 αὐτῆς
1236 3144 1354 3196 ἐστι
1407 3142 1621 3212 φύσεως
1671 3144 1716 3197 τί

1836 3137 1944 3191 ced.
1979 3136 2097 3193 Non
2127 3138 2201 3193 ita
2235 3138 2497 3209 scriptum
2528 3146 2631 3203 est,
2667 3158 2687 3191 ι
2717 3140 3244 3211 perinhabitantem,
3270 3160 3291 3194 ι
3314 3143 3408 3199 sed

142 3232 361 3305 Πνεῦμα
389 3234 577 3307 Πατρὶ
621 3235 715 3288 καὶ
747 3234 901 3304 Υίῷ;
934 3232 1155 3288 Μακεδ.
1195 3233 1321 3287 Ἐὰν
1349 3229 1441 3287 οῦν
1467 3251 1567 3288 που
1602 3233 1661 3287 ἐν
1694 3233 1714 3287 ἰ

1839 3247 1857 3281 ι
1879 3240 2097 3300 propter
2116 3230 2527 3285 inhabitantem.
2550 3249 2569 3283 ι
2592 3229 2744 3285 Orth.
2766 3230 2822 3285 Si
2839 3232 3128 3292 ostendero
3145 3233 3409 3305 scriptum

140 3319 387 3394 δεύτερον
418 3324 764 3396 ἀντίγραφον
806 3324 1000 3396 εὑρεθῇ
1043 3322 1380 3395 ἐσφαλμένον
1414 3326 1543 3394 παρ’
1578 3324 1707 3394 ὑμῖν

1840 3335 1971 3381 esse.
2009 3339 2028 3372 ι
2057 3335 2155 3391 per
2184 3320 2599 3385 inhabitantem,
2627 3340 2645 3373 ι
2679 3337 2811 3375 num
2829 3323 2923 3377 tibi
2942 3338 3267 3395 persuasum
3292 3323 3412 3380 fue-

137 3411 197 3466 ἐκ
236 3415 435 3469 τούτου
494 3414 643 3487 ἔχεις
688 3432 755 3485 με
800 3418 1018 3481 πεῖσαι;
1064 3415 1222 3484 Ὀρθ.
1272 3416 1505 3486 Ἐχομεν
1541 3415 1708 3483 δεῖξαι

1836 3412 1923 3475 rit,
1961 3412 2206 3482 ejusdem
2246 3428 2368 3468 esse
2406 3423 2637 3477 naturae,
2682 3411 2945 3484 Spiritum
2981 3423 3145 3486 atque
3189 3414 3408 3471 Patrem

137 3503 213 3556 ὅτι
250 3508 307 3558 ἐν
346 3507 501 3571 ὅλοις
528 3509 645 3571 τοῖς
688 3508 935 3579 ἀρχαίοις
974 3508 1326 3579 ἀντιγράφοις
1355 3507 1498 3561 οὕτω
1532 3508 1709 3580 γέγραι

1837 3512 1883 3560 ει
1920 3503 2160 3559 Filium?
2199 3504 2410 3560 Maced.
2454 3505 2537 3561 An
2584 3521 2737 3569 vero,
2772 3507 2818 3560 si
2863 3522 3033 3561 unum
3077 3515 3132 3563 et
3176 3509 3409 3564 alterum

133 3613 279 3651 πται.
331 3599 496 3652 Ἐπεὶ
544 3598 604 3651 δὲ
650 3599 891 3669 νομίζεις
938 3599 1094 3652 τοῦτο
1130 3599 1539 3669 ἀντιλεγόμενον
1573 3595 1705 3652 εἶναι

1835 3597 2152 3651 mendosum
2207 3596 2486 3666 exemplar
2542 3596 2683 3667 apud
2737 3611 2837 3652 vos
2890 3597 3218 3663 inveniatur,
3277 3599 3407 3654 inde

135 3688 598 3762 πληροφορήοητι
634 3691 725 3743 καὶ
764 3690 823 3755 ἐξ
865 3691 1029 3762 ἄλλης
1078 3692 1354 3763 γραφικῆς
1387 3690 1707 3755 ἀποδείξεως

1837 3686 1963 3743 illud
1995 3686 2126 3740 mihi
2162 3688 2539 3756 persuaseris?
2583 3687 2735 3743 Orth.
2782 3686 3082 3744 Possumus
3120 3690 3409 3746 ostendere

129 3781 348 3836 Μακεὸ.
378 3783 532 3836 Εἰπέ
554 3799 569 3812 ο
605 3781 765 3835 τοῦτο
796 3781 905 3855 γὰρ
931 3782 1289 3850 ἀντιλέγεται.
1329 3782 1483 3849 Ὀρθ.
1517 3781 1679 3850 Λέγει

1831 3777 1906 3832 ita
1936 3778 1992 3832 in
2027 3779 2244 3833 cunctis
2274 3779 2503 3834 vetustis
2532 3780 2938 3849 exemplaribus
2964 3780 3230 3851 scriptum
3260 3797 3403 3837 esse.

128 3871 286 3936 αὐτὸς
318 3877 349 3927 6
394 3874 566 3943 ἅγιος
596 3872 804 3937 Παῦλος
828 3890 841 3904 ο
886 3893 905 3925 ι
937 3874 1049 3945 Οὐχ
1086 3874 1166 3926 ὅτι
1216 3874 1390 3926 ἱκανοί
1431 3873 1599 3943 ἐσμεν
1633 3873 1700 3941 dc;

1834 3866 2103 3934 Quoniam
2134 3876 2314 3922 tamen
2344 3868 2410 3923 de
2440 3868 2545 3923 hoc
2574 3869 2910 3923 controverti
2946 3869 3252 3935 existimas,
3282 3871 3406 3927 aliis

126 3963 334 4019 ἑαυτῶν
369 3963 709 4034 λογίσασθαί
731 3982 804 4029 τι,
834 3965 910 4029 ὡς
933 3965 991 4032 ἐξ
1017 3963 1244 4028 ἐαυτῶν,
1275 3965 1387 4018 ἀλλ’
1420 3966 1452 4035 ἡ
1482 3965 1698 4036 ἱκανότη

1832 3959 2016 4029 petitis
2040 3975 2106 4013 ex
2137 3957 2422 4030 Scriptura
2448 3959 3015 4017 demonstrationibus
3056 3961 3261 4017 certior
3282 3961 3402 4020 ﬁas.

125 4053 276 4122 ἡμῶν
311 4057 380 4108 ἐκ
419 4054 527 4108 τοῦ
558 4054 695 4107 Θεοῦ
717 4071 731 4086 ⁸
761 4055 819 4118 ὃς
851 4056 947 4109 καί⁵
976 4055 1241 4109 ἱκάνωσεν
1272 4056 1421 4126 ἡμᾶς
1452 4055 1697 4109 διακόνου

1833 4049 2038 4105 Maced.
2069 4049 2177 4106 Has
2199 4051 2364 4121 igitur
2392 4049 2597 4121 profer,
2632 4066 2758 4105 nam
2781 4049 2913 4106 illud
2949 4052 3006 4107 in
3029 4056 3405 4110 controversia

122 4144 332 4218 Καινῆς
379 4147 698 4219 Διαθήκης,
735 4147 795 4199 οὐ
827 4147 1174 4219 γράμματος,
1209 4147 1344 4201 ἀλλὰ
1394 4147 1694 4218 Πνεῦματος

1832 4151 1932 4198 εει.
1962 4140 2115 4198 Orth.
2150 4138 2296 4197 Idem
2324 4140 2527 4197 Paulus
2554 4142 2687 4197 dicit
2716 4161 2729 4197 :
2775 4161 2793 4193 ι
2828 4141 2945 4198 Νοη
2981 4145 3126 4214 quod
3153 4161 3220 4200 ex
3243 4147 3404 4203 nobis

120 4236 191 4288 T6
220 4237 335 4308 γὰρ
366 4239 626 4310 γράμμα
654 4237 979 4299 ἀποκτείνει,
1002 4237 1061 4290 τὸ
1086 4237 1142 4290 δέ
1170 4236 1393 4309 Πνεῦμα
1417 4236 1689 4302 ζωοποιεῖ.

1834 4233 1965 4303 ipsis
1986 4232 2165 4288 idonei
2184 4232 2359 4288 simus
2384 4233 2623 4304 cogitare
2641 4233 2845 4304 aliquid
2868 4250 2935 4289 ex
2958 4236 3137 4300 nobis,
3154 4238 3310 4308 quasi
3337 4253 3406 4294 ex

118 4329 343 4386 Μακεδ.
388 4329 702 4383 Ζωοποιεῖν
742 4326 957 4396 λέγεται
993 4327 1054 4381 τὺ
1091 4328 1198 4382 ἀπὸ
1247 4328 1531 4400 ἁμαρτιῶν
1572 4327 1690 4396 άγει

1834 4326 2010 4390 nobis,
2029 4325 2124 4381 sed
2160 4325 2304 4396 quod
2342 4325 2523 4383 idonei
2554 4342 2766 4390 sumus,
2817 4328 2872 4383 id
2916 4345 2983 4385 ex
3010 4328 3221 4387 Deoest
3258 4349 3273 4387 :
3311 4333 3406 4402 qui

117 4419 192 4481 εἰς
224 4419 624 4491 δικαιοσύνην.
660 4417 734 4471 Οὐ
768 4417 871 4489 μὴν
899 4417 1101 4489 ἐγείρει
1142 4419 1388 4489 νεκροὺς,
1418 4417 1493 4481 ὡς
1524 4419 1553 4469 6
1595 4417 1689 4488 Χρι

1835 4417 1991 4471 etiam
2032 4416 2159 4471 fecit
2182 4427 2238 4472 ut
2271 4417 2451 4472 idonei
2483 4417 2719 4472 ministri
2755 4433 3004 4476 essemus
3049 4418 3187 4475 Novi
3216 4420 3407 4477 Testa-

116 4511 239 4575 στὸς
270 4513 543 4585 ἤγειρεν.
587 4510 742 4577 Ὀρθ.
782 4509 991 4574 Παῦλος
1020 4512 1049 4562 6
1085 4509 1380 4573 ἀπόστολος
1421 4509 1605 4581 ἤγειρε
1634 4507 1688 4602 τὲ

1831 4508 2020 4573 menti,
2039 4524 2148 4563 non
2165 4508 2377 4571 litterae.
2408 4508 2502 4563 sed
2528 4507 2783 4579 Spiritus.
2801 4508 3005 4566 Littera
3021 4511 3165 4565 enim
3183 4510 3402 4578 occidit,

111 4600 354 4671 Εὔτυχον
410 4597 793 4662 ἀποθανόντα,
847 4598 880 4669 ἢ
935 4596 1027 4663 οῦ;
1063 4597 1284 4653 Μακεδ.
1332 4598 1469 4651 Ἀλλ’
1514 4599 1612 4652 οὐκ
1658 4594 1683 4651 ἒ

1837 4600 2077 4671 Spiritus
2108 4610 2287 4657 autem
2314 4601 2555 4656 viviﬁcat
2571 4603 2638 4655 ὀ.
2665 4622 2683 4654 ›
2706 4601 2914 4658 Maced.
2948 4601 3239 4659 Viviﬁcare
3267 4604 3404 4658 dici-

110 4690 326 4755 Παῦλος
350 4695 381 4746 6
416 4692 773 4761 ἀναστήσας,
802 4687 915 4742 ἀλλ’
949 4691 977 4743 6
1006 4690 1063 4743 ἐν
1084 4690 1283 4760 Παύλῳ
1319 4689 1557 4762 λαλήσας
1592 4692 1682 4762 Χρι

1834 4702 1925 4750 tur
1953 4709 1983 4748 a
2006 4702 2231 4765 peccato
2260 4694 2327 4748 ad
2352 4694 2619 4764 justitiam
2642 4695 2945 4751 traducere.
2979 4696 3048 4749 At
3069 4711 3177 4750 non
3200 4696 3404 4750 excitat

108 4782 251 4845 στός.
295 4783 472 4851 Ὀρθ.
500 4781 771 4849 Καίτοιγε
806 4780 1016 4844 Παῦλος
1052 4780 1223 4849 λέγει,
1255 4782 1337 4833 ὅτι
1365 4801 1382 4832 ι
1414 4782 1680 4852 Χριστὸςὲ

1834 4794 2104 4853 mortuos,
2158 4786 2301 4841 sicut
2352 4786 2605 4843 Christus
2652 4787 2932 4843 excitavit.
2994 4786 3147 4844 ονιΙι.
3199 4785 3402 4842 Paulus

104 4871 340 4946 δυνάμει
378 4874 726 4945 Πνεύματος
752 4873 908 4941 ἁγίου
936 4872 1237 4943 πεποίηκεν
1268 4874 1327 4926 ἐν
1358 4874 1481 4944 ἐμοὶ
1523 4873 1595 4927 τά
1624 4890 1676 4926 στ

1835 4877 2128 4948 Apostolus
2170 4878 2472 4952 Eutychum
2524 4885 2799 4933 mortuum
2850 4878 3130 4943 excitavit,
3178 4879 3407 4933 annon?

105 4969 251 5034 μεία.
292 4987 313 5019 ι
353 4968 543 5036 Λέγει
580 4964 694 5037 γὰρ
721 4964 912 5029 οῦτως,
939 4965 1021 5018 ὅτι
1052 4984 1070 5015 ι
1105 4966 1180 5019 Οὐ
1209 4965 1392 5035 τολμῶ
1418 4983 1471 5018 τι
1501 4964 1612 5033 ἐγὼ
1642 4964 1677 5018 λλ

1832 4968 2038 5024 Haced.
2071 4969 2291 5040 At‘nou
2321 4970 2368 5023 is
2414 4981 2499 5025 est
2534 4967 2761 5035 Paulus,
2796 4970 2890 5040 qui
2924 4969 3073 5024 illum
3121 4969 3404 5035 excitavit,

102 5072 216 5123 γειν
255 5050 338 5112 ὧν
376 5060 448 5112 οὐ
484 5056 902 5126 κατειργάσατο
936 5056 1171 5129 Χριστὸς
1209 5057 1275 5111 δι’
1305 5055 1438 5128 ἐμοῦ
1467 5056 1609 5129 λόγῳ
1632 5076 1674 5112 κε

1828 5061 1924 5117 sed
1956 5061 2046 5131 qui
2081 5036 2298 5116 locutus
2324 5068 2409 5117 est
2437 5059 2493 5114 in
2524 5058 2693 5114 Paulo
2718 5036 2986 5116 Christus.
3026 5058 3179 5114 Orth.
3212 5059 3399 5130 Atqui,

98 5148 267 5223 ἔργῳ,
305 5153 399 5217 είς
451 5149 722 5220 ὑπακοὴν
769 5149 956 5213 ἐθνῶν,
1003 5151 1060 5203 ἐν
1100 5150 1324 5221 δυνάμει
1354 5151 1594 5223 σημείων
1631 5170 1670 5205 κη

1828 5152 2009 5222 inquit
2037 5149 2241 5205 Paulus
2266 5168 2281 5206 :
2314 5168 2333 5201 ι
2365 5148 2620 5206 Christus
2648 5150 2704 5205 in
2728 5150 2927 5205 virtute
2959 5149 3197 5220 Spiritus
3226 5150 3400 5205 sancti

98 5244 377 5314 τεράτων,
433 5245 504 5296 ἐν
565 5241 795 5311 δυνάμει
839 5240 1156 5311 Πνεύματος
1203 5241 1379 5311 ἁγίου.
1436 5261 1465 5302 ι.
1501 5246 1670 5297 Mazaei

1832 5241 1958 5299 fecit
1991 5242 2044 5297 in
2079 5257 2164 5297 me
2194 5241 2368 5315 signa.
2411 5262 2430 5294 ι
2473 5241 2564 5298 Sic
2593 5242 2738 5298 enim
2766 5242 2843 5297 ait
2870 5241 2901 5297 ι’
2922 5259 2941 5293 ι
2974 5240 3094 5296 Non
3119 5241 3266 5295 enim
3305 5256 3404 5296 au-

94 5337 209 5390 Οὐκ
236 5338 493 5391 ἐδύνατο
524 5334 645 5405 γὰρ
672 5334 700 5385 6
728 5331 962 5404 Χριστὸς
988 5334 1115 5389 ἄνευ
1154 5335 1247 5389 τοῦ
1275 5316 1590 5406 Πνεῦματος
1627 5354 1666 5389 τι

1833 5336 1933 5391 deo
1958 5336 2258 5406 quidquam
2288 5335 2436 5405 loqui
2458 5324 2739 5406 quodnon
2759 5332 3001 5392 eﬂecerit
3020 5332 3277 5388 Christus
3308 5346 3405 5404 per

93 5429 255 5497 ἁγίου
303 5429 569 5499 ποιῆσαι
595 5424 665 5478 τὰ
690 5427 891 5497 σημεῖα
917 5427 1011 5479 καὶ
1050 5426 1118 5480 τὰ
1150 5426 1382 5497 τέρατα;
1424 5429 1579 5496 Ὀρθ.
1610 5429 1665 5483 Oi

1835 5444 1938 5495 me,
1971 5431 2140 5486 verbo
2169 5439 2220 5486 et
2253 5430 2401 5485 facto
2423 5428 2491 5484 ad
2513 5428 2880 5487 obedientiam
2912 5425 3182 5500 gentium,
3209 5425 3266 5482 in
3295 5432 3407 5482 vir-

163 5613 209 5644 “
246 5612 388 5668 Act.
433 5623 564 5664 xvu
588 5646 607 5671 ,
640 5605 731 5661 29.
806 5607 849 5638 "
891 5605 1046 5661 Rom.
1081 5621 1211 5672 vui,
1244 5605 1399 5662 9-H.
1561 5604 1606 5658 Π
1637 5606 1764 5663 Cor.
1802 5623 1898 5674 ιιι,
1933 5607 2003 5673 5,
2037 5608 2073 5663 6

161 5768 282 5837 ('50)
326 5766 459 5837 Και
488 5762 572 5837 το
615 5759 755 5837 θεῖον
787 5760 1010 5832 Πνεῦμα
1047 5761 1199 5837 abest
1230 5778 1260 5817 a
1298 5762 1708 5833 manuscriptis.

1196 5802 1199 5811 ι
1230 5778 1260 5817 a
1298 5762 1708 5833 manuscriptis.
1890 5756 2003 5835 (5t)
2042 5761 2239 5829 Palat.,
2277 5758 2455 5817 οὐκέτ’
2477 5761 2577 5815 οὐκ
2600 5759 2768 5818 ἐστιν.

91 5831 408 5895 Ειὶὺὶἀειιι
437 5834 506 5892 δέ
534 5832 705 5888 deest
737 5831 794 5886 in
823 5831 1229 5903 manuscriptis.
