  <div class='ocr_page' id='page_1' title='image "/cluster/home/n/w/nwhite01/storage/ocr_20150623/28/hvd.32044019207737/635.png"; bbox 0 0 3982 6398; ppageno 0'>
   <div class='ocr_carea' id='block_1_1' title="bbox 575 397 3830 468">
    <p class='ocr_par' dir='ltr' id='par_1_1' title="bbox 575 397 3830 468">
     <span class='ocr_line' id='line_1_1' title="bbox 575 397 3830 468; baseline -0.002 -4"><span class='ocrx_word' id='word_1_1' title='bbox 575 406 714 468; x_wconf 63' lang='lat' dir='ltr'><strong>I233</strong></span> <span class='ocrx_word' id='word_1_2' title='bbox 1654 405 1712 462; x_wconf 87' lang='lat' dir='ltr'><strong>S.</strong></span> <span class='ocrx_word' id='word_1_3' title='bbox 1753 403 2221 461; x_wconf 74' lang='lat' dir='ltr'><strong>ATilANASlUS.</strong></span> <span class='ocrx_word' id='word_1_4' title='bbox 2260 431 2332 443; x_wconf 90' lang='lat'><strong><em>—</em></strong></span> <span class='ocrx_word' id='word_1_5' title='bbox 2367 399 2620 458; x_wconf 75' lang='lat' dir='ltr'><strong>SPURIA</strong></span> <span class='ocrx_word' id='word_1_6' title='bbox 3695 397 3830 458; x_wconf 57' lang='lat'><strong>195‘!</strong></span> 
     </span>
    </p>
   </div>
   <div class='ocr_carea' id='block_1_2' title="bbox 573 515 2129 592">
    <p class='ocr_par' dir='ltr' id='par_1_2' title="bbox 573 521 2129 592">
     <span class='ocr_line' id='line_1_2' title="bbox 573 521 2129 592; baseline -0.001 -15"><span class='ocrx_word' id='word_1_7' title='bbox 573 531 690 580; x_wconf 66' lang='lat' dir='ltr'><strong>tute</strong></span> <span class='ocrx_word' id='word_1_8' title='bbox 727 524 1004 591; x_wconf 82' lang='lat' dir='ltr'><strong>signorum</strong></span> <span class='ocrx_word' id='word_1_9' title='bbox 1033 528 1088 576; x_wconf 86' lang='lat' dir='ltr'><strong>et</strong></span> <span class='ocrx_word' id='word_1_10' title='bbox 1125 521 1515 591; x_wconf 75' lang='lat' dir='ltr'><strong>prodigiorum,</strong></span> <span class='ocrx_word' id='word_1_11' title='bbox 1562 521 1617 575; x_wconf 91' lang='lat' dir='ltr'><strong>in</strong></span> <span class='ocrx_word' id='word_1_12' title='bbox 1667 523 1867 576; x_wconf 89' lang='lat' dir='ltr'><strong>virtute</strong></span> <span class='ocrx_word' id='word_1_13' title='bbox 1899 521 2129 592; x_wconf 71' lang='lat' dir='ltr'><strong>Spiritus</strong></span> 
     </span>
    </p>
   </div>
   <div class='ocr_carea' id='block_1_3' title="bbox 2233 515 3830 592">
    <p class='ocr_par' dir='ltr' id='par_1_3' title="bbox 2247 515 3830 591">
     <span class='ocr_line' id='line_1_3' title="bbox 2247 515 3830 591; baseline -0.002 -18"><span class='ocrx_word' id='word_1_14' title='bbox 2247 520 2471 573; x_wconf 75' lang='grc' dir='ltr'>ἐδύνατο</span> <span class='ocrx_word' id='word_1_15' title='bbox 2517 519 2626 590; x_wconf 68' lang='grc' dir='ltr'>γὰρ</span> <span class='ocrx_word' id='word_1_16' title='bbox 2672 520 2702 572; x_wconf 99' lang='lat'><strong>6</strong></span> <span class='ocrx_word' id='word_1_17' title='bbox 2750 519 2940 591; x_wconf 79' lang='grc' dir='ltr'>Πατὴρ</span> <span class='ocrx_word' id='word_1_18' title='bbox 2984 520 3112 574; x_wconf 77' lang='grc' dir='ltr'>ἄνευ</span> <span class='ocrx_word' id='word_1_19' title='bbox 3159 516 3254 571; x_wconf 88' lang='grc' dir='ltr'><strong>τοῦ</strong></span> <span class='ocrx_word' id='word_1_20' title='bbox 3302 517 3434 570; x_wconf 81' lang='grc' dir='ltr'>Υίοῦ</span> <span class='ocrx_word' id='word_1_21' title='bbox 3492 516 3715 588; x_wconf 80' lang='grc' dir='ltr'>ποιῆσαι</span> <span class='ocrx_word' id='word_1_22' title='bbox 3759 515 3830 570; x_wconf 77' lang='grc' dir='ltr'><strong>τὰ</strong></span> 
     </span>
    </p>
   </div>
   <div class='ocr_carea' id='block_1_4' title="bbox 570 609 2129 682">
    <p class='ocr_par' dir='ltr' id='par_1_4' title="bbox 570 611 2129 682">
     <span class='ocr_line' id='line_1_4' title="bbox 570 611 2129 682; baseline -0.001 -13"><span class='ocrx_word' id='word_1_23' title='bbox 570 615 746 670; x_wconf 71' lang='lat' dir='ltr'><strong>sancti</strong></span> <span class='ocrx_word' id='word_1_24' title='bbox 774 615 838 666; x_wconf 79' lang='grc'><strong>³⁸.</strong></span> <span class='ocrx_word' id='word_1_25' title='bbox 879 632 900 665; x_wconf 71' lang='grc' dir='ltr'><strong>ι</strong></span> <span class='ocrx_word' id='word_1_26' title='bbox 947 611 1154 666; x_wconf 76' lang='lat' dir='ltr'><strong>Maced.</strong></span> <span class='ocrx_word' id='word_1_27' title='bbox 1189 612 1274 666; x_wconf 81' lang='lat' dir='ltr'><strong>An</strong></span> <span class='ocrx_word' id='word_1_28' title='bbox 1303 627 1433 666; x_wconf 89' lang='lat' dir='ltr'><strong>vero</strong></span> <span class='ocrx_word' id='word_1_29' title='bbox 1476 627 1585 667; x_wconf 93' lang='lat' dir='ltr'><strong>non</strong></span> <span class='ocrx_word' id='word_1_30' title='bbox 1635 621 1847 682; x_wconf 83' lang='lat' dir='ltr'><strong>poterat</strong></span> <span class='ocrx_word' id='word_1_31' title='bbox 1886 613 2129 668; x_wconf 73' lang='lat' dir='ltr'><strong>Christus</strong></span> 
     </span>
    </p>
   </div>
   <div class='ocr_carea' id='block_1_5' title="bbox 2233 609 3828 682">
    <p class='ocr_par' dir='ltr' id='par_1_5' title="bbox 2250 609 3828 680">
     <span class='ocr_line' id='line_1_5' title="bbox 2250 609 3828 680; baseline -0.003 -15"><span class='ocrx_word' id='word_1_32' title='bbox 2250 615 2456 676; x_wconf 79' lang='grc' dir='ltr'>πάντα;</span> <span class='ocrx_word' id='word_1_33' title='bbox 2487 612 2705 666; x_wconf 79' lang='grc' dir='ltr'><strong>Μακεδ.</strong></span> <span class='ocrx_word' id='word_1_34' title='bbox 2749 613 2857 665; x_wconf 77' lang='grc' dir='ltr'><strong>Ναί</strong></span> <span class='ocrx_word' id='word_1_35' title='bbox 2876 630 2890 643; x_wconf 76' lang='grc'><strong><em>⁸</em></strong></span> <span class='ocrx_word' id='word_1_36' title='bbox 2941 612 3053 666; x_wconf 82' lang='grc' dir='ltr'>ἁλλ’</span> <span class='ocrx_word' id='word_1_37' title='bbox 3095 613 3184 665; x_wconf 83' lang='grc' dir='ltr'>ἴνα</span> <span class='ocrx_word' id='word_1_38' title='bbox 3211 613 3307 665; x_wconf 82' lang='grc' dir='ltr'>καὶ</span> <span class='ocrx_word' id='word_1_39' title='bbox 3339 611 3470 674; x_wconf 87' lang='grc' dir='ltr'>Υίὸς</span> <span class='ocrx_word' id='word_1_40' title='bbox 3501 609 3828 680; x_wconf 66' lang='grc' dir='ltr'>δημιουργὸς</span> 
     </span>
    </p>
   </div>
   <div class='ocr_carea' id='block_1_6' title="bbox 569 699 2129 774">
    <p class='ocr_par' dir='ltr' id='par_1_6' title="bbox 569 703 2129 774">
     <span class='ocr_line' id='line_1_6' title="bbox 569 703 2129 774; baseline -0.001 -16"><span class='ocrx_word' id='word_1_41' title='bbox 569 706 777 774; x_wconf 80' lang='lat' dir='ltr'><strong>absque</strong></span> <span class='ocrx_word' id='word_1_42' title='bbox 826 703 1030 774; x_wconf 79' lang='lat' dir='ltr'><strong>Spiritu</strong></span> <span class='ocrx_word' id='word_1_43' title='bbox 1092 713 1285 760; x_wconf 88' lang='lat' dir='ltr'><strong>sancto</strong></span> <span class='ocrx_word' id='word_1_44' title='bbox 1340 705 1503 760; x_wconf 90' lang='lat' dir='ltr'><strong>edere</strong></span> <span class='ocrx_word' id='word_1_45' title='bbox 1554 705 1708 773; x_wconf 75' lang='lat' dir='ltr'><strong>signa</strong></span> <span class='ocrx_word' id='word_1_46' title='bbox 1759 713 1812 758; x_wconf 88' lang='lat' dir='ltr'><strong>et</strong></span> <span class='ocrx_word' id='word_1_47' title='bbox 1858 704 2129 773; x_wconf 77' lang='lat' dir='ltr'><strong>prodigia‘</strong></span> 
     </span>
    </p>
   </div>
   <div class='ocr_carea' id='block_1_7' title="bbox 2233 699 3825 774">
    <p class='ocr_par' dir='ltr' id='par_1_7' title="bbox 2248 699 3825 774">
     <span class='ocr_line' id='line_1_7' title="bbox 2248 699 3825 774; baseline -0.001 -20"><span class='ocrx_word' id='word_1_48' title='bbox 2248 701 2454 772; x_wconf 71' lang='grc' dir='ltr'>δειγῡῇ.</span> <span class='ocrx_word' id='word_1_49' title='bbox 2502 704 2656 770; x_wconf 74' lang='grc' dir='ltr'><strong>Ὀρθ.</strong></span> <span class='ocrx_word' id='word_1_50' title='bbox 2690 703 2779 772; x_wconf 81' lang='grc' dir='ltr'><strong>Τῷ</strong></span> <span class='ocrx_word' id='word_1_51' title='bbox 2811 702 2958 774; x_wconf 81' lang='grc' dir='ltr'>αὐτῷ</span> <span class='ocrx_word' id='word_1_52' title='bbox 2986 703 3151 774; x_wconf 83' lang='grc' dir='ltr'>λόγῳ,</span> <span class='ocrx_word' id='word_1_53' title='bbox 3185 701 3481 772; x_wconf 77' lang='grc' dir='ltr'>δυνάμενος</span> <span class='ocrx_word' id='word_1_54' title='bbox 3516 702 3613 754; x_wconf 67' lang='grc' dir='ltr'>καὶ</span> <span class='ocrx_word' id='word_1_55' title='bbox 3642 700 3672 752; x_wconf 91' lang='lat'><strong>6</strong></span> <span class='ocrx_word' id='word_1_56' title='bbox 3704 699 3825 764; x_wconf 84' lang='grc' dir='ltr'>Υἱὸς</span> 
     </span>
    </p>
   </div>
   <div class='ocr_carea' id='block_1_8' title="bbox 569 791 2129 867">
    <p class='ocr_par' dir='ltr' id='par_1_8' title="bbox 569 791 2129 864">
     <span class='ocr_line' id='line_1_8' title="bbox 569 791 2129 864; baseline -0.001 -14"><span class='ocrx_word' id='word_1_57' title='bbox 569 793 724 850; x_wconf 76' lang='lat' dir='ltr'><strong>Orth.</strong></span> <span class='ocrx_word' id='word_1_58' title='bbox 753 793 944 849; x_wconf 82' lang='lat' dir='ltr'><strong>Nonne</strong></span> <span class='ocrx_word' id='word_1_59' title='bbox 965 794 1150 849; x_wconf 87' lang='lat' dir='ltr'><strong>itidem</strong></span> <span class='ocrx_word' id='word_1_60' title='bbox 1178 802 1389 864; x_wconf 86' lang='lat' dir='ltr'><strong>poterat</strong></span> <span class='ocrx_word' id='word_1_61' title='bbox 1411 792 1571 848; x_wconf 87' lang='lat' dir='ltr'><strong>Pater</strong></span> <span class='ocrx_word' id='word_1_62' title='bbox 1591 795 1796 864; x_wconf 81' lang='lat' dir='ltr'><strong>absque</strong></span> <span class='ocrx_word' id='word_1_63' title='bbox 1819 791 1958 847; x_wconf 81' lang='lat' dir='ltr'><strong>Filio</strong></span> <span class='ocrx_word' id='word_1_64' title='bbox 1981 791 2129 864; x_wconf 67' lang='grc'><strong>453</strong></span> 
     </span>
    </p>
   </div>
   <div class='ocr_carea' id='block_1_9' title="bbox 2233 791 3826 867">
    <p class='ocr_par' dir='ltr' id='par_1_9' title="bbox 2249 791 3826 867">
     <span class='ocr_line' id='line_1_9' title="bbox 2249 791 3826 867; baseline -0.001 -21"><span class='ocrx_word' id='word_1_65' title='bbox 2249 795 2468 866; x_wconf 83' lang='grc' dir='ltr'>ποιῆσαι</span> <span class='ocrx_word' id='word_1_66' title='bbox 2494 795 2562 848; x_wconf 80' lang='grc' dir='ltr'><strong>τὰ</strong></span> <span class='ocrx_word' id='word_1_67' title='bbox 2597 800 2797 866; x_wconf 80' lang='grc' dir='ltr'>σημεῖα</span> <span class='ocrx_word' id='word_1_68' title='bbox 2830 795 2926 849; x_wconf 85' lang='grc' dir='ltr'><strong>καί</strong></span> <span class='ocrx_word' id='word_1_69' title='bbox 2973 795 3038 848; x_wconf 73' lang='grc' dir='ltr'><strong>τὰ</strong></span> <span class='ocrx_word' id='word_1_70' title='bbox 3071 795 3272 867; x_wconf 79' lang='grc' dir='ltr'>τέρατα</span> <span class='ocrx_word' id='word_1_71' title='bbox 3298 793 3434 865; x_wconf 80' lang='grc'><strong>(52),</strong></span> <span class='ocrx_word' id='word_1_72' title='bbox 3477 794 3624 846; x_wconf 80' lang='grc' dir='ltr'>ποιεῖ</span> <span class='ocrx_word' id='word_1_73' title='bbox 3673 793 3730 845; x_wconf 79' lang='grc' dir='ltr'><strong>ὲν</strong></span> <span class='ocrx_word' id='word_1_74' title='bbox 3750 791 3826 862; x_wconf 83' lang='grc' dir='ltr'>τῷ</span> 
     </span>
    </p>
   </div>
   <div class='ocr_carea' id='block_1_10' title="bbox 567 883 2129 958">
    <p class='ocr_par' dir='ltr' id='par_1_10' title="bbox 567 884 2129 958">
     <span class='ocr_line' id='line_1_10' title="bbox 567 884 2129 958; baseline 0.001 -20"><span class='ocrx_word' id='word_1_75' title='bbox 567 886 802 941; x_wconf 85' lang='lat' dir='ltr'><strong>condere</strong></span> <span class='ocrx_word' id='word_1_76' title='bbox 829 885 1046 940; x_wconf 79' lang='lat' dir='ltr'><strong>omnia?</strong></span> <span class='ocrx_word' id='word_1_77' title='bbox 1074 884 1282 940; x_wconf 76' lang='lat' dir='ltr'><strong>Maced.</strong></span> <span class='ocrx_word' id='word_1_78' title='bbox 1316 885 1491 941; x_wconf 88' lang='lat' dir='ltr'><strong>Etiam</strong></span> <span class='ocrx_word' id='word_1_79' title='bbox 1525 905 1540 944; x_wconf 90' lang='lat'><strong>:</strong></span> <span class='ocrx_word' id='word_1_80' title='bbox 1569 887 1662 943; x_wconf 87' lang='lat' dir='ltr'><strong>sed</strong></span> <span class='ocrx_word' id='word_1_81' title='bbox 1696 891 1741 958; x_wconf 73' lang='grc' dir='ltr'>(ι</span> <span class='ocrx_word' id='word_1_82' title='bbox 1772 886 1893 940; x_wconf 84' lang='lat' dir='ltr'><strong>ideo</strong></span> <span class='ocrx_word' id='word_1_83' title='bbox 1918 902 2014 956; x_wconf 89' lang='lat' dir='ltr'><strong>per</strong></span> <span class='ocrx_word' id='word_1_84' title='bbox 2058 884 2129 940; x_wconf 23' lang='lat' dir='ltr'><strong>Fit</strong></span> 
     </span>
    </p>
   </div>
   <div class='ocr_carea' id='block_1_11' title="bbox 2233 883 3828 958">
    <p class='ocr_par' dir='ltr' id='par_1_11' title="bbox 2249 883 3828 958">
     <span class='ocr_line' id='line_1_11' title="bbox 2249 883 3828 958; baseline 0 -20"><span class='ocrx_word' id='word_1_85' title='bbox 2249 885 2547 956; x_wconf 76' lang='grc' dir='ltr'>Πνεῦματι,</span> <span class='ocrx_word' id='word_1_86' title='bbox 2571 887 2657 940; x_wconf 83' lang='grc' dir='ltr'><strong>ἵνα</strong></span> <span class='ocrx_word' id='word_1_87' title='bbox 2682 888 2866 958; x_wconf 78' lang='grc' dir='ltr'>δειχθῇ</span> <span class='ocrx_word' id='word_1_88' title='bbox 2893 888 2986 942; x_wconf 75' lang='grc' dir='ltr'>καὶ</span> <span class='ocrx_word' id='word_1_89' title='bbox 3008 887 3068 941; x_wconf 81' lang='grc' dir='ltr'>τὸ</span> <span class='ocrx_word' id='word_1_90' title='bbox 3093 886 3316 957; x_wconf 78' lang='grc' dir='ltr'><strong>Πνεῦμα</strong></span> <span class='ocrx_word' id='word_1_91' title='bbox 3339 885 3402 939; x_wconf 86' lang='grc' dir='ltr'>τὸ</span> <span class='ocrx_word' id='word_1_92' title='bbox 3425 887 3582 954; x_wconf 75' lang='grc' dir='ltr'>ἅγιον</span> <span class='ocrx_word' id='word_1_93' title='bbox 3604 883 3677 937; x_wconf 85' lang='grc' dir='ltr'><strong>τὰ</strong></span> <span class='ocrx_word' id='word_1_94' title='bbox 3693 885 3828 938; x_wconf 80' lang='grc' dir='ltr'>αὑτὰ</span> 
     </span>
    </p>
   </div>
   <div class='ocr_carea' id='block_1_12' title="bbox 567 977 2129 1052">
    <p class='ocr_par' dir='ltr' id='par_1_12' title="bbox 567 977 2129 1049">
     <span class='ocr_line' id='line_1_12' title="bbox 567 977 2129 1049; baseline -0.001 -17"><span class='ocrx_word' id='word_1_95' title='bbox 567 979 697 1032; x_wconf 88' lang='lat' dir='ltr'><strong>lium</strong></span> <span class='ocrx_word' id='word_1_96' title='bbox 741 978 984 1033; x_wconf 88' lang='lat' dir='ltr'><strong>condidit</strong></span> <span class='ocrx_word' id='word_1_97' title='bbox 1010 986 1069 1047; x_wconf 75' lang='grc' dir='ltr'>ι)</span> <span class='ocrx_word' id='word_1_98' title='bbox 1109 986 1171 1032; x_wconf 91' lang='lat' dir='ltr'><strong>ut</strong></span> <span class='ocrx_word' id='word_1_99' title='bbox 1203 977 1400 1033; x_wconf 88' lang='lat' dir='ltr'><strong>Filium</strong></span> <span class='ocrx_word' id='word_1_100' title='bbox 1444 994 1661 1049; x_wconf 90' lang='lat' dir='ltr'><strong>quoque</strong></span> <span class='ocrx_word' id='word_1_101' title='bbox 1701 985 1988 1048; x_wconf 87' lang='lat' dir='ltr'><strong>appareret</strong></span> <span class='ocrx_word' id='word_1_102' title='bbox 2025 993 2129 1030; x_wconf 79' lang='lat' dir='ltr'><strong>esst</strong></span> 
     </span>
    </p>
   </div>
   <div class='ocr_carea' id='block_1_13' title="bbox 2233 977 3132 1052">
    <p class='ocr_par' dir='ltr' id='par_1_13' title="bbox 2251 977 3132 1052">
     <span class='ocr_line' id='line_1_13' title="bbox 2251 977 3132 1052; baseline 0.005 -22"><span class='ocrx_word' id='word_1_103' title='bbox 2251 977 2436 1030; x_wconf 85' lang='grc' dir='ltr'>ποιοῦν</span> <span class='ocrx_word' id='word_1_104' title='bbox 2463 978 2541 1049; x_wconf 86' lang='grc' dir='ltr'>τῷ</span> <span class='ocrx_word' id='word_1_105' title='bbox 2568 980 2744 1052; x_wconf 71' lang='grc' dir='ltr'>Πατρὶ</span> <span class='ocrx_word' id='word_1_106' title='bbox 2773 981 2865 1033; x_wconf 77' lang='grc' dir='ltr'>καὶ</span> <span class='ocrx_word' id='word_1_107' title='bbox 2893 978 2968 1049; x_wconf 85' lang='grc' dir='ltr'><strong>τῷ</strong></span> <span class='ocrx_word' id='word_1_108' title='bbox 2997 978 3132 1048; x_wconf 86' lang='grc' dir='ltr'><strong>Υίῷ.</strong></span> 
     </span>
    </p>
   </div>
   <div class='ocr_carea' id='block_1_14' title="bbox 565 1063 3826 1142">
    <p class='ocr_par' dir='ltr' id='par_1_14' title="bbox 565 1063 3826 1142">
     <span class='ocr_line' id='line_1_14' title="bbox 565 1063 3826 1142; baseline -0.001 -18"><span class='ocrx_word' id='word_1_109' title='bbox 565 1065 926 1124; x_wconf 85' lang='lat' dir='ltr'><strong>conditorem.</strong></span> <span class='ocrx_word' id='word_1_110' title='bbox 957 1067 1110 1124; x_wconf 80' lang='lat' dir='ltr'><strong>Orlh.</strong></span> <span class='ocrx_word' id='word_1_111' title='bbox 1144 1069 1347 1124; x_wconf 84' lang='lat' dir='ltr'><strong>Eadem</strong></span> <span class='ocrx_word' id='word_1_112' title='bbox 1383 1069 1615 1131; x_wconf 87' lang='lat' dir='ltr'><strong>ratione,</strong></span> <span class='ocrx_word' id='word_1_113' title='bbox 1653 1067 1822 1123; x_wconf 89' lang='lat' dir='ltr'><strong>Filius</strong></span> <span class='ocrx_word' id='word_1_114' title='bbox 1845 1083 1968 1122; x_wconf 90' lang='lat' dir='ltr'><strong>cum</strong></span> <span class='ocrx_word' id='word_1_115' title='bbox 2001 1073 2189 1137; x_wconf 85' lang='lat' dir='ltr'><strong>posset</strong></span> <span class='ocrx_word' id='word_1_116' title='bbox 2231 1066 2395 1123; x_wconf 85' lang='lat' dir='ltr'><strong>edere</strong></span> <span class='ocrx_word' id='word_1_117' title='bbox 2435 1071 2592 1140; x_wconf 82' lang='lat' dir='ltr'><strong>signa</strong></span> <span class='ocrx_word' id='word_1_118' title='bbox 2633 1077 2688 1125; x_wconf 83' lang='lat' dir='ltr'><strong>et</strong></span> <span class='ocrx_word' id='word_1_119' title='bbox 2727 1070 2994 1142; x_wconf 80' lang='lat' dir='ltr'><strong>prodigia,</strong></span> <span class='ocrx_word' id='word_1_120' title='bbox 3042 1068 3215 1124; x_wconf 88' lang='lat' dir='ltr'><strong>edidit</strong></span> <span class='ocrx_word' id='word_1_121' title='bbox 3279 1082 3344 1121; x_wconf 88' lang='lat' dir='ltr'><strong>ea</strong></span> <span class='ocrx_word' id='word_1_122' title='bbox 3399 1067 3456 1120; x_wconf 89' lang='lat' dir='ltr'><strong>in</strong></span> <span class='ocrx_word' id='word_1_123' title='bbox 3486 1063 3718 1136; x_wconf 83' lang='lat' dir='ltr'><strong>Spiritu,</strong></span> <span class='ocrx_word' id='word_1_124' title='bbox 3769 1076 3826 1122; x_wconf 80' lang='lat' dir='ltr'><strong>ut</strong></span> 
     </span>
    </p>
   </div>
   <div class='ocr_carea' id='block_1_15' title="bbox 564 1161 2546 1234">
    <p class='ocr_par' dir='ltr' id='par_1_15' title="bbox 564 1161 2546 1234">
     <span class='ocr_line' id='line_1_15' title="bbox 564 1161 2546 1234; baseline -0.002 -10"><span class='ocrx_word' id='word_1_125' title='bbox 564 1163 877 1224; x_wconf 86' lang='lat' dir='ltr'><strong>ostenderet</strong></span> <span class='ocrx_word' id='word_1_126' title='bbox 906 1161 1170 1234; x_wconf 89' lang='lat' dir='ltr'><strong>Spiritum</strong></span> <span class='ocrx_word' id='word_1_127' title='bbox 1209 1172 1462 1218; x_wconf 90' lang='lat' dir='ltr'><strong>sanctum</strong></span> <span class='ocrx_word' id='word_1_128' title='bbox 1494 1165 1683 1219; x_wconf 84' lang='lat' dir='ltr'><strong>eadem</strong></span> <span class='ocrx_word' id='word_1_129' title='bbox 1716 1163 1893 1218; x_wconf 84' lang='lat' dir='ltr'><strong>facere</strong></span> <span class='ocrx_word' id='word_1_130' title='bbox 1917 1178 2037 1234; x_wconf 58' lang='lat' dir='ltr'><strong>quae</strong></span> <span class='ocrx_word' id='word_1_131' title='bbox 2077 1161 2237 1216; x_wconf 87' lang='lat' dir='ltr'><strong>Pater</strong></span> <span class='ocrx_word' id='word_1_132' title='bbox 2267 1171 2321 1218; x_wconf 93' lang='lat' dir='ltr'><strong>et</strong></span> <span class='ocrx_word' id='word_1_133' title='bbox 2353 1162 2546 1220; x_wconf 88' lang='lat' dir='ltr'><strong>Filius.</strong></span> 
     </span>
    </p>
   </div>
   <div class='ocr_carea' id='block_1_16' title="bbox 631 1253 2138 1325">
    <p class='ocr_par' dir='ltr' id='par_1_16' title="bbox 631 1253 2138 1325">
     <span class='ocr_line' id='line_1_16' title="bbox 631 1253 2138 1325; baseline -0.001 -15"><span class='ocrx_word' id='word_1_134' title='bbox 631 1256 722 1310; x_wconf 79' lang='grc'><strong>21.</strong></span> <span class='ocrx_word' id='word_1_135' title='bbox 754 1253 962 1309; x_wconf 76' lang='lat' dir='ltr'><strong>Maced.</strong></span> <span class='ocrx_word' id='word_1_136' title='bbox 992 1253 1104 1310; x_wconf 85' lang='lat' dir='ltr'><strong>Nos</strong></span> <span class='ocrx_word' id='word_1_137' title='bbox 1131 1253 1396 1324; x_wconf 85' lang='lat' dir='ltr'><strong>Spiritum</strong></span> <span class='ocrx_word' id='word_1_138' title='bbox 1430 1263 1682 1310; x_wconf 89' lang='lat' dir='ltr'><strong>sanctum</strong></span> <span class='ocrx_word' id='word_1_139' title='bbox 1708 1270 1815 1308; x_wconf 89' lang='lat' dir='ltr'><strong>non</strong></span> <span class='ocrx_word' id='word_1_140' title='bbox 1845 1268 2138 1325; x_wconf 86' lang='lat' dir='ltr'><strong>possumus</strong></span> 
     </span>
    </p>
   </div>
   <div class='ocr_carea' id='block_1_17' title="bbox 565 1345 2138 1416">
    <p class='ocr_par' dir='ltr' id='par_1_17' title="bbox 565 1345 2138 1416">
     <span class='ocr_line' id='line_1_17' title="bbox 565 1345 2138 1416; baseline -0.003 -14"><span class='ocrx_word' id='word_1_141' title='bbox 565 1346 732 1402; x_wconf 83' lang='lat' dir='ltr'><strong>Deum</strong></span> <span class='ocrx_word' id='word_1_142' title='bbox 768 1347 969 1402; x_wconf 89' lang='lat' dir='ltr'><strong>dicere.</strong></span> <span class='ocrx_word' id='word_1_143' title='bbox 1004 1345 1159 1402; x_wconf 84' lang='lat' dir='ltr'><strong>Orth.</strong></span> <span class='ocrx_word' id='word_1_144' title='bbox 1207 1347 1302 1402; x_wconf 81' lang='lat' dir='ltr'><strong>Ais</strong></span> <span class='ocrx_word' id='word_1_145' title='bbox 1343 1347 1560 1401; x_wconf 89' lang='lat' dir='ltr'><strong>divinas</strong></span> <span class='ocrx_word' id='word_1_146' title='bbox 1605 1346 1918 1416; x_wconf 88' lang='lat' dir='ltr'><strong>Scripturas</strong></span> <span class='ocrx_word' id='word_1_147' title='bbox 1951 1360 1981 1399; x_wconf 91' lang='lat' dir='ltr'><strong>a</strong></span> <span class='ocrx_word' id='word_1_148' title='bbox 2011 1345 2138 1415; x_wconf 86' lang='lat' dir='ltr'><strong>Spi-</strong></span> 
     </span>
    </p>
   </div>
   <div class='ocr_carea' id='block_1_18' title="bbox 563 1437 2139 1510">
    <p class='ocr_par' dir='ltr' id='par_1_18' title="bbox 563 1437 2139 1510">
     <span class='ocr_line' id='line_1_18' title="bbox 563 1437 2139 1510; baseline -0.001 -18"><span class='ocrx_word' id='word_1_149' title='bbox 563 1439 672 1493; x_wconf 88' lang='lat' dir='ltr'><strong>ritu</strong></span> <span class='ocrx_word' id='word_1_150' title='bbox 711 1449 903 1494; x_wconf 88' lang='lat' dir='ltr'><strong>sancto</strong></span> <span class='ocrx_word' id='word_1_151' title='bbox 961 1437 1279 1492; x_wconf 74' lang='lat' dir='ltr'><strong>enuntiatus</strong></span> <span class='ocrx_word' id='word_1_152' title='bbox 1331 1453 1427 1508; x_wconf 90' lang='lat' dir='ltr'><strong>per</strong></span> <span class='ocrx_word' id='word_1_153' title='bbox 1471 1437 1763 1510; x_wconf 84' lang='lat' dir='ltr'><strong>prophetas</strong></span> <span class='ocrx_word' id='word_1_154' title='bbox 1802 1446 1856 1492; x_wconf 91' lang='lat' dir='ltr'><strong>et</strong></span> <span class='ocrx_word' id='word_1_155' title='bbox 1919 1446 2139 1507; x_wconf 83' lang='lat' dir='ltr'><strong>aposto-</strong></span> 
     </span>
    </p>
   </div>
   <div class='ocr_carea' id='block_1_19' title="bbox 563 1526 2136 1599">
    <p class='ocr_par' dir='ltr' id='par_1_19' title="bbox 563 1526 2136 1599">
     <span class='ocr_line' id='line_1_19' title="bbox 563 1526 2136 1599; baseline -0.003 -13"><span class='ocrx_word' id='word_1_156' title='bbox 563 1533 680 1594; x_wconf 85' lang='lat' dir='ltr'><strong>los,</strong></span> <span class='ocrx_word' id='word_1_157' title='bbox 712 1529 932 1586; x_wconf 85' lang='lat' dir='ltr'><strong>annon?</strong></span> <span class='ocrx_word' id='word_1_158' title='bbox 976 1527 1186 1584; x_wconf 79' lang='lat' dir='ltr'><strong>Maced.</strong></span> <span class='ocrx_word' id='word_1_159' title='bbox 1243 1529 1364 1583; x_wconf 85' lang='lat' dir='ltr'><strong>Aio.</strong></span> <span class='ocrx_word' id='word_1_160' title='bbox 1403 1528 1555 1585; x_wconf 84' lang='lat' dir='ltr'><strong>Orth.</strong></span> <span class='ocrx_word' id='word_1_161' title='bbox 1591 1528 1730 1599; x_wconf 81' lang='lat' dir='ltr'><strong>Ergo</strong></span> <span class='ocrx_word' id='word_1_162' title='bbox 1757 1526 1992 1599; x_wconf 88' lang='lat' dir='ltr'><strong>Spiritus</strong></span> <span class='ocrx_word' id='word_1_163' title='bbox 2043 1528 2136 1598; x_wconf 86' lang='lat' dir='ltr'><strong>qui</strong></span> 
     </span>
    </p>
   </div>
   <div class='ocr_carea' id='block_1_20' title="bbox 560 1619 2137 1678">
    <p class='ocr_par' dir='ltr' id='par_1_20' title="bbox 560 1619 2137 1678">
     <span class='ocr_line' id='line_1_20' title="bbox 560 1619 2137 1678; baseline -0.003 -1"><span class='ocrx_word' id='word_1_164' title='bbox 560 1638 656 1678; x_wconf 87' lang='lat' dir='ltr'><strong>eos</strong></span> <span class='ocrx_word' id='word_1_165' title='bbox 713 1621 912 1676; x_wconf 78' lang='lat' dir='ltr'><strong>aﬁlavit</strong></span> <span class='ocrx_word' id='word_1_166' title='bbox 975 1621 1116 1676; x_wconf 90' lang='lat' dir='ltr'><strong>Deus</strong></span> <span class='ocrx_word' id='word_1_167' title='bbox 1173 1627 1278 1675; x_wconf 91' lang='lat' dir='ltr'><strong>est.</strong></span> <span class='ocrx_word' id='word_1_168' title='bbox 1339 1619 1548 1677; x_wconf 80' lang='lat' dir='ltr'><strong>Maced.</strong></span> <span class='ocrx_word' id='word_1_169' title='bbox 1612 1621 1767 1676; x_wconf 84' lang='lat' dir='ltr'><strong>Absit</strong></span> <span class='ocrx_word' id='word_1_170' title='bbox 1798 1628 1858 1674; x_wconf 92' lang='lat' dir='ltr'><strong>ut</strong></span> <span class='ocrx_word' id='word_1_171' title='bbox 1918 1620 2021 1674; x_wconf 90' lang='lat' dir='ltr'><strong>hoc</strong></span> <span class='ocrx_word' id='word_1_172' title='bbox 2051 1619 2137 1674; x_wconf 83' lang='lat' dir='ltr'><strong>di-</strong></span> 
     </span>
    </p>
   </div>
   <div class='ocr_carea' id='block_1_21' title="bbox 560 1709 2136 1782">
    <p class='ocr_par' dir='ltr' id='par_1_21' title="bbox 560 1709 2136 1782">
     <span class='ocr_line' id='line_1_21' title="bbox 560 1709 2136 1782; baseline -0.001 -16"><span class='ocrx_word' id='word_1_173' title='bbox 560 1728 679 1766; x_wconf 88' lang='lat' dir='ltr'><strong>cam</strong></span> <span class='ocrx_word' id='word_1_174' title='bbox 708 1713 723 1766; x_wconf 85' lang='lat'><strong>!</strong></span> <span class='ocrx_word' id='word_1_175' title='bbox 759 1709 912 1766; x_wconf 82' lang='lat' dir='ltr'><strong>Orth.</strong></span> <span class='ocrx_word' id='word_1_176' title='bbox 955 1709 1012 1764; x_wconf 90' lang='lat' dir='ltr'><strong>Si</strong></span> <span class='ocrx_word' id='word_1_177' title='bbox 1044 1709 1342 1782; x_wconf 72' lang='lat' dir='ltr'><strong>Scriptura:</strong></span> <span class='ocrx_word' id='word_1_178' title='bbox 1369 1712 1436 1765; x_wconf 89' lang='lat' dir='ltr'><strong>ab</strong></span> <span class='ocrx_word' id='word_1_179' title='bbox 1470 1711 1590 1780; x_wconf 89' lang='lat' dir='ltr'><strong>ipso</strong></span> <span class='ocrx_word' id='word_1_180' title='bbox 1623 1710 1922 1779; x_wconf 69' lang='lat' dir='ltr'><strong>inspiratm,</strong></span> <span class='ocrx_word' id='word_1_181' title='bbox 1954 1720 2080 1764; x_wconf 92' lang='lat' dir='ltr'><strong>sunt</strong></span> <span class='ocrx_word' id='word_1_182' title='bbox 2103 1725 2136 1764; x_wconf 91' lang='lat' dir='ltr'><strong>a</strong></span> 
     </span>
    </p>
   </div>
   <div class='ocr_carea' id='block_1_22' title="bbox 2315 1249 3824 1328">
    <p class='ocr_par' dir='ltr' id='par_1_22' title="bbox 2315 1249 3824 1328">
     <span class='ocr_line' id='line_1_22' title="bbox 2315 1249 3824 1328; baseline -0.005 -19"><span class='ocrx_word' id='word_1_183' title='bbox 2315 1256 2404 1310; x_wconf 90' lang='lat'><strong>2|.</strong></span> <span class='ocrx_word' id='word_1_184' title='bbox 2448 1255 2671 1310; x_wconf 80' lang='grc' dir='ltr'><strong>Μακεδ.</strong></span> <span class='ocrx_word' id='word_1_185' title='bbox 2707 1257 2896 1328; x_wconf 83' lang='grc' dir='ltr'><strong>Ἦμείς</strong></span> <span class='ocrx_word' id='word_1_186' title='bbox 2939 1255 2999 1308; x_wconf 80' lang='grc' dir='ltr'>οὐ</span> <span class='ocrx_word' id='word_1_187' title='bbox 3044 1253 3322 1324; x_wconf 79' lang='grc' dir='ltr'>δυνάμεθα</span> <span class='ocrx_word' id='word_1_188' title='bbox 3369 1253 3545 1305; x_wconf 75' lang='grc' dir='ltr'>εἰπεῖν</span> <span class='ocrx_word' id='word_1_189' title='bbox 3595 1249 3726 1302; x_wconf 88' lang='grc' dir='ltr'>Θεὸν</span> <span class='ocrx_word' id='word_1_190' title='bbox 3765 1249 3824 1302; x_wconf 89' lang='grc' dir='ltr'>τὸ</span> 
     </span>
    </p>
   </div>
   <div class='ocr_carea' id='block_1_23' title="bbox 2245 1338 3821 1416">
    <p class='ocr_par' dir='ltr' id='par_1_23' title="bbox 2245 1338 3821 1416">
     <span class='ocr_line' id='line_1_23' title="bbox 2245 1338 3821 1416; baseline -0.004 -17"><span class='ocrx_word' id='word_1_191' title='bbox 2245 1347 2489 1416; x_wconf 85' lang='grc' dir='ltr'>Πνεῦμα.</span> <span class='ocrx_word' id='word_1_192' title='bbox 2526 1347 2680 1414; x_wconf 75' lang='grc' dir='ltr'><strong>Ὀρθ.</strong></span> <span class='ocrx_word' id='word_1_193' title='bbox 2725 1347 2915 1416; x_wconf 86' lang='grc' dir='ltr'>Λέγεις</span> <span class='ocrx_word' id='word_1_194' title='bbox 2963 1346 3074 1416; x_wconf 81' lang='grc'><strong>(55)</strong></span> <span class='ocrx_word' id='word_1_195' title='bbox 3121 1347 3219 1407; x_wconf 74' lang='grc' dir='ltr'>τὰς</span> <span class='ocrx_word' id='word_1_196' title='bbox 3269 1342 3421 1405; x_wconf 80' lang='grc' dir='ltr'>θείας</span> <span class='ocrx_word' id='word_1_197' title='bbox 3466 1339 3692 1414; x_wconf 71' lang='grc' dir='ltr'>Γραφὰς</span> <span class='ocrx_word' id='word_1_198' title='bbox 3723 1338 3821 1393; x_wconf 79' lang='grc' dir='ltr'><strong>ὑπὸ</strong></span> 
     </span>
    </p>
   </div>
   <div class='ocr_carea' id='block_1_24' title="bbox 2244 1433 3819 1510">
    <p class='ocr_par' dir='ltr' id='par_1_24' title="bbox 2244 1433 3819 1510">
     <span class='ocr_line' id='line_1_24' title="bbox 2244 1433 3819 1510; baseline -0.005 -18"><span class='ocrx_word' id='word_1_199' title='bbox 2244 1440 2336 1492; x_wconf 87' lang='grc' dir='ltr'><strong>τοῦ</strong></span> <span class='ocrx_word' id='word_1_200' title='bbox 2367 1440 2678 1510; x_wconf 69' lang='grc' dir='ltr'>Πνεῦμα-ξος</span> <span class='ocrx_word' id='word_1_201' title='bbox 2709 1439 2800 1492; x_wconf 84' lang='grc' dir='ltr'><strong>τοῦ</strong></span> <span class='ocrx_word' id='word_1_202' title='bbox 2840 1439 2994 1506; x_wconf 85' lang='grc' dir='ltr'>ἁγίου</span> <span class='ocrx_word' id='word_1_203' title='bbox 3044 1436 3295 1510; x_wconf 77' lang='grc' dir='ltr'>εἰρῆσθαι</span> <span class='ocrx_word' id='word_1_204' title='bbox 3332 1435 3421 1488; x_wconf 82' lang='grc' dir='ltr'>διὰ</span> <span class='ocrx_word' id='word_1_205' title='bbox 3468 1433 3580 1488; x_wconf 86' lang='grc' dir='ltr'><strong>τῶν</strong></span> <span class='ocrx_word' id='word_1_206' title='bbox 3616 1449 3819 1504; x_wconf 73' lang='grc' dir='ltr'>προφη-</span> 
     </span>
    </p>
   </div>
   <div class='ocr_carea' id='block_1_25' title="bbox 2245 1525 3816 1601">
    <p class='ocr_par' dir='ltr' id='par_1_25' title="bbox 2245 1525 3816 1601">
     <span class='ocr_line' id='line_1_25' title="bbox 2245 1525 3816 1601; baseline -0.007 -16"><span class='ocrx_word' id='word_1_207' title='bbox 2245 1533 2352 1585; x_wconf 85' lang='grc' dir='ltr'>τῶν</span> <span class='ocrx_word' id='word_1_208' title='bbox 2394 1533 2488 1586; x_wconf 75' lang='grc' dir='ltr'>καὶ</span> <span class='ocrx_word' id='word_1_209' title='bbox 2531 1533 2639 1584; x_wconf 84' lang='grc' dir='ltr'>τῶν</span> <span class='ocrx_word' id='word_1_210' title='bbox 2681 1531 3013 1594; x_wconf 78' lang='grc' dir='ltr'><strong>ἀποστόλων,</strong></span> <span class='ocrx_word' id='word_1_211' title='bbox 3047 1530 3081 1601; x_wconf 79' lang='grc' dir='ltr'><strong>ἢ</strong></span> <span class='ocrx_word' id='word_1_212' title='bbox 3112 1529 3172 1583; x_wconf 84' lang='grc' dir='ltr'><strong>οῦ</strong></span> <span class='ocrx_word' id='word_1_213' title='bbox 3199 1545 3214 1594; x_wconf 88' lang='lat'><strong>;</strong></span> <span class='ocrx_word' id='word_1_214' title='bbox 3246 1525 3470 1582; x_wconf 80' lang='grc' dir='ltr'>Μακεδ.</span> <span class='ocrx_word' id='word_1_215' title='bbox 3505 1525 3636 1578; x_wconf 76' lang='grc' dir='ltr'>Ναί.</span> <span class='ocrx_word' id='word_1_216' title='bbox 3668 1525 3816 1592; x_wconf 73' lang='grc' dir='ltr'><strong>Ὀρθ.</strong></span> 
     </span>
    </p>
   </div>
   <div class='ocr_carea' id='block_1_26' title="bbox 2244 1615 3819 1697">
    <p class='ocr_par' dir='ltr' id='par_1_26' title="bbox 2244 1615 3819 1697">
     <span class='ocr_line' id='line_1_26' title="bbox 2244 1615 3819 1697; baseline -0.004 -22"><span class='ocrx_word' id='word_1_217' title='bbox 2244 1623 2376 1689; x_wconf 86' lang='grc' dir='ltr'>Θεὸς</span> <span class='ocrx_word' id='word_1_218' title='bbox 2399 1626 2507 1697; x_wconf 79' lang='grc' dir='ltr'>ἄρα</span> <span class='ocrx_word' id='word_1_219' title='bbox 2533 1627 2595 1680; x_wconf 86' lang='grc' dir='ltr'>τὸ</span> <span class='ocrx_word' id='word_1_220' title='bbox 2625 1624 2938 1697; x_wconf 83' lang='grc' dir='ltr'>ὲμπνεῦσαν</span> <span class='ocrx_word' id='word_1_221' title='bbox 2964 1623 3161 1685; x_wconf 78' lang='grc' dir='ltr'>αὐτοὺς</span> <span class='ocrx_word' id='word_1_222' title='bbox 3203 1619 3449 1682; x_wconf 80' lang='grc' dir='ltr'><strong>Πνεῦμα.</strong></span> <span class='ocrx_word' id='word_1_223' title='bbox 3479 1615 3705 1673; x_wconf 82' lang='grc' dir='ltr'><strong>Μακεδ.</strong></span> <span class='ocrx_word' id='word_1_224' title='bbox 3731 1615 3819 1684; x_wconf 79' lang='grc' dir='ltr'><strong>Μὴ</strong></span> 
     </span>
    </p>
   </div>
   <div class='ocr_carea' id='block_1_27' title="bbox 2241 1710 3820 1787">
    <p class='ocr_par' dir='ltr' id='par_1_27' title="bbox 2241 1710 3820 1787">
     <span class='ocr_line' id='line_1_27' title="bbox 2241 1710 3820 1787; baseline -0.006 -16"><span class='ocrx_word' id='word_1_225' title='bbox 2241 1719 2449 1786; x_wconf 69' lang='grc' dir='ltr'>γένοιτο</span> <span class='ocrx_word' id='word_1_226' title='bbox 2497 1723 2698 1774; x_wconf 71' lang='grc' dir='ltr'>εἰπεῖνι</span> <span class='ocrx_word' id='word_1_227' title='bbox 2752 1720 2906 1787; x_wconf 72' lang='grc' dir='ltr'><strong>Ὀρθ.</strong></span> <span class='ocrx_word' id='word_1_228' title='bbox 2975 1719 3039 1771; x_wconf 79' lang='lat' dir='ltr'><strong>Ei</strong></span> <span class='ocrx_word' id='word_1_229' title='bbox 3095 1718 3152 1771; x_wconf 79' lang='lat' dir='ltr'><strong>ai</strong></span> <span class='ocrx_word' id='word_1_230' title='bbox 3214 1714 3566 1769; x_wconf 83' lang='grc' dir='ltr'>πνευσοεῖσαι</span> <span class='ocrx_word' id='word_1_231' title='bbox 3610 1710 3820 1783; x_wconf 77' lang='grc' dir='ltr'>Γραφαὶ</span> 
     </span>
    </p>
   </div>
   <div class='ocr_carea' id='block_1_28' title="bbox 562 1799 2129 1886">
    <p class='ocr_par' dir='ltr' id='par_1_28' title="bbox 562 1799 2129 1872">
     <span class='ocr_line' id='line_1_28' title="bbox 562 1799 2129 1872; baseline -0.001 -18"><span class='ocrx_word' id='word_1_232' title='bbox 562 1800 672 1856; x_wconf 89' lang='lat' dir='ltr'><strong>Deo</strong></span> <span class='ocrx_word' id='word_1_233' title='bbox 702 1801 998 1871; x_wconf 62' lang='lat' dir='ltr'><strong>inspirata,</strong></span> <span class='ocrx_word' id='word_1_234' title='bbox 1028 1802 1160 1870; x_wconf 90' lang='lat' dir='ltr'><strong>quid</strong></span> <span class='ocrx_word' id='word_1_235' title='bbox 1193 1803 1340 1856; x_wconf 87' lang='lat' dir='ltr'><strong>aliud</strong></span> <span class='ocrx_word' id='word_1_236' title='bbox 1373 1801 1610 1872; x_wconf 90' lang='lat' dir='ltr'><strong>Spiritus</strong></span> <span class='ocrx_word' id='word_1_237' title='bbox 1639 1801 1730 1856; x_wconf 87' lang='lat' dir='ltr'><strong>ille</strong></span> <span class='ocrx_word' id='word_1_238' title='bbox 1775 1799 1938 1855; x_wconf 81' lang='lat' dir='ltr'><strong>fuerit</strong></span> <span class='ocrx_word' id='word_1_239' title='bbox 1971 1814 2129 1870; x_wconf 86' lang='lat' dir='ltr'><strong>quam</strong></span> 
     </span>
    </p>
   </div>
   <div class='ocr_carea' id='block_1_29' title="bbox 2233 1799 3820 1886">
    <p class='ocr_par' dir='ltr' id='par_1_29' title="bbox 2241 1801 3820 1883">
     <span class='ocr_line' id='line_1_29' title="bbox 2241 1801 3820 1883; baseline -0.007 -18"><span class='ocrx_word' id='word_1_240' title='bbox 2241 1813 2370 1883; x_wconf 84' lang='grc' dir='ltr'>παρ’</span> <span class='ocrx_word' id='word_1_241' title='bbox 2407 1811 2572 1865; x_wconf 85' lang='grc' dir='ltr'>αὑτοῦ</span> <span class='ocrx_word' id='word_1_242' title='bbox 2628 1809 2972 1864; x_wconf 79' lang='grc' dir='ltr'>Θεόπνευστοί</span> <span class='ocrx_word' id='word_1_243' title='bbox 3018 1810 3180 1868; x_wconf 74' lang='grc' dir='ltr'>εἰσιν,</span> <span class='ocrx_word' id='word_1_244' title='bbox 3228 1807 3281 1860; x_wconf 84' lang='grc' dir='ltr'><strong>τί</strong></span> <span class='ocrx_word' id='word_1_245' title='bbox 3322 1805 3388 1858; x_wconf 79' lang='grc' dir='ltr'><strong>ἂν</strong></span> <span class='ocrx_word' id='word_1_246' title='bbox 3442 1804 3572 1858; x_wconf 82' lang='grc' dir='ltr'>ἄλλο</span> <span class='ocrx_word' id='word_1_247' title='bbox 3622 1803 3708 1872; x_wconf 72' lang='grc' dir='ltr'><strong>εἴη</strong></span> <span class='ocrx_word' id='word_1_248' title='bbox 3762 1801 3820 1854; x_wconf 81' lang='grc' dir='ltr'>τὸ</span> 
     </span>
    </p>
   </div>
   <div class='ocr_carea' id='block_1_30' title="bbox 560 1891 2138 1964">
    <p class='ocr_par' dir='ltr' id='par_1_30' title="bbox 560 1891 2138 1964">
     <span class='ocr_line' id='line_1_30' title="bbox 560 1891 2138 1964; baseline 0.001 -18"><span class='ocrx_word' id='word_1_249' title='bbox 560 1893 742 1949; x_wconf 75' lang='lat' dir='ltr'><strong>Deus?</strong></span> <span class='ocrx_word' id='word_1_250' title='bbox 802 1892 1009 1948; x_wconf 68' lang='grc' dir='ltr'><strong>Μαι-θα.</strong></span> <span class='ocrx_word' id='word_1_251' title='bbox 1051 1891 1288 1964; x_wconf 89' lang='lat' dir='ltr'><strong>Spiritus</strong></span> <span class='ocrx_word' id='word_1_252' title='bbox 1338 1895 1426 1949; x_wconf 92' lang='lat' dir='ltr'><strong>ille</strong></span> <span class='ocrx_word' id='word_1_253' title='bbox 1478 1894 1638 1949; x_wconf 90' lang='lat' dir='ltr'><strong>nobis</strong></span> <span class='ocrx_word' id='word_1_254' title='bbox 1697 1893 2138 1948; x_wconf 84' lang='lat' dir='ltr'><strong>subministravit</strong></span> 
     </span>
    </p>
   </div>
   <div class='ocr_carea' id='block_1_31' title="bbox 559 1971 2134 2056">
    <p class='ocr_par' dir='ltr' id='par_1_31' title="bbox 559 1971 2134 2056">
     <span class='ocr_line' id='line_1_31' title="bbox 559 1971 2134 2056; baseline 0.003 -19"><span class='ocrx_word' id='word_1_255' title='bbox 559 1984 654 2039; x_wconf 87' lang='lat' dir='ltr'><strong>Dei</strong></span> <span class='ocrx_word' id='word_1_256' title='bbox 690 1984 1018 2049; x_wconf 84' lang='lat' dir='ltr'><strong>doctrinam,</strong></span> <span class='ocrx_word' id='word_1_257' title='bbox 1049 2001 1170 2056; x_wconf 67' lang='lat' dir='ltr'><strong>qua:</strong></span> <span class='ocrx_word' id='word_1_258' title='bbox 1195 1985 1400 2040; x_wconf 86' lang='lat' dir='ltr'><strong>idcirco</strong></span> <span class='ocrx_word' id='word_1_259' title='bbox 1423 1984 1626 2040; x_wconf 88' lang='lat' dir='ltr'><strong>dicitur</strong></span> <span class='ocrx_word' id='word_1_260' title='bbox 1647 1971 1815 2040; x_wconf 37' lang='lat' dir='ltr'><strong>a&#39;Deo</strong></span> <span class='ocrx_word' id='word_1_261' title='bbox 1847 1984 2134 2055; x_wconf 85' lang='lat' dir='ltr'><strong>inspirata.</strong></span> 
     </span>
    </p>
   </div>
   <div class='ocr_carea' id='block_1_32' title="bbox 562 2077 2136 2148">
    <p class='ocr_par' dir='ltr' id='par_1_32' title="bbox 562 2077 2136 2148">
     <span class='ocr_line' id='line_1_32' title="bbox 562 2077 2136 2148; baseline -0.003 -14"><span class='ocrx_word' id='word_1_262' title='bbox 562 2077 715 2135; x_wconf 83' lang='lat' dir='ltr'><strong>Orth.</strong></span> <span class='ocrx_word' id='word_1_263' title='bbox 743 2077 828 2132; x_wconf 86' lang='lat' dir='ltr'><strong>An</strong></span> <span class='ocrx_word' id='word_1_264' title='bbox 861 2095 1010 2140; x_wconf 88' lang='lat' dir='ltr'><strong>vero,</strong></span> <span class='ocrx_word' id='word_1_265' title='bbox 1041 2078 1298 2148; x_wconf 89' lang='lat' dir='ltr'><strong>quoniam</strong></span> <span class='ocrx_word' id='word_1_266' title='bbox 1347 2077 1706 2133; x_wconf 90' lang='lat' dir='ltr'><strong>sanctiﬁcatio</strong></span> <span class='ocrx_word' id='word_1_267' title='bbox 1734 2093 1840 2148; x_wconf 91' lang='lat' dir='ltr'><strong>qua</strong></span> <span class='ocrx_word' id='word_1_268' title='bbox 1871 2093 1970 2133; x_wconf 90' lang='lat' dir='ltr'><strong>nos</strong></span> <span class='ocrx_word' id='word_1_269' title='bbox 2013 2077 2136 2148; x_wconf 88' lang='lat' dir='ltr'><strong>Spi-</strong></span> 
     </span>
    </p>
   </div>
   <div class='ocr_carea' id='block_1_33' title="bbox 559 2169 2136 2236">
    <p class='ocr_par' dir='ltr' id='par_1_33' title="bbox 559 2169 2136 2236">
     <span class='ocr_line' id='line_1_33' title="bbox 559 2169 2136 2236; baseline 0 -12"><span class='ocrx_word' id='word_1_270' title='bbox 559 2173 699 2226; x_wconf 89' lang='lat' dir='ltr'><strong>ritus</strong></span> <span class='ocrx_word' id='word_1_271' title='bbox 732 2170 896 2226; x_wconf 90' lang='lat' dir='ltr'><strong>etiam</strong></span> <span class='ocrx_word' id='word_1_272' title='bbox 920 2171 1249 2236; x_wconf 88' lang='lat' dir='ltr'><strong>sanctiﬁcat,</strong></span> <span class='ocrx_word' id='word_1_273' title='bbox 1283 2177 1367 2226; x_wconf 88' lang='lat' dir='ltr'><strong>est</strong></span> <span class='ocrx_word' id='word_1_274' title='bbox 1395 2169 1490 2232; x_wconf 84' lang='lat' dir='ltr'><strong>Dei</strong></span> <span class='ocrx_word' id='word_1_275' title='bbox 1518 2169 1898 2234; x_wconf 87' lang='lat' dir='ltr'><strong>sanctiﬁcatio,</strong></span> <span class='ocrx_word' id='word_1_276' title='bbox 1930 2170 2136 2224; x_wconf 90' lang='lat' dir='ltr'><strong>idcirco</strong></span> 
     </span>
    </p>
   </div>
   <div class='ocr_carea' id='block_1_34' title="bbox 559 2259 2134 2334">
    <p class='ocr_par' dir='ltr' id='par_1_34' title="bbox 559 2259 2134 2334">
     <span class='ocr_line' id='line_1_34' title="bbox 559 2259 2134 2334; baseline -0.002 -16"><span class='ocrx_word' id='word_1_277' title='bbox 559 2279 668 2319; x_wconf 90' lang='lat' dir='ltr'><strong>non</strong></span> <span class='ocrx_word' id='word_1_278' title='bbox 697 2273 781 2320; x_wconf 86' lang='lat' dir='ltr'><strong>est</strong></span> <span class='ocrx_word' id='word_1_279' title='bbox 810 2263 879 2318; x_wconf 89' lang='lat' dir='ltr'><strong>ab</strong></span> <span class='ocrx_word' id='word_1_280' title='bbox 910 2263 1029 2334; x_wconf 88' lang='lat' dir='ltr'><strong>ipso</strong></span> <span class='ocrx_word' id='word_1_281' title='bbox 1060 2261 1300 2334; x_wconf 91' lang='lat' dir='ltr'><strong>Spiritus</strong></span> <span class='ocrx_word' id='word_1_282' title='bbox 1331 2261 1732 2318; x_wconf 83' lang='lat' dir='ltr'><strong>sanctiﬁcatio?</strong></span> <span class='ocrx_word' id='word_1_283' title='bbox 1755 2259 1962 2316; x_wconf 74' lang='lat' dir='ltr'><strong>Maced.</strong></span> <span class='ocrx_word' id='word_1_284' title='bbox 1990 2260 2134 2316; x_wconf 88' lang='lat' dir='ltr'><strong>Sane</strong></span> 
     </span>
    </p>
   </div>
   <div class='ocr_carea' id='block_1_35' title="bbox 563 2351 2135 2424">
    <p class='ocr_par' dir='ltr' id='par_1_35' title="bbox 563 2351 2135 2424">
     <span class='ocr_line' id='line_1_35' title="bbox 563 2351 2135 2424; baseline -0.003 -14"><span class='ocrx_word' id='word_1_285' title='bbox 563 2362 656 2412; x_wconf 82' lang='lat' dir='ltr'><strong>est</strong></span> <span class='ocrx_word' id='word_1_286' title='bbox 681 2355 847 2411; x_wconf 88' lang='lat' dir='ltr'><strong>etiam</strong></span> <span class='ocrx_word' id='word_1_287' title='bbox 877 2355 946 2409; x_wconf 88' lang='lat' dir='ltr'><strong>ab</strong></span> <span class='ocrx_word' id='word_1_288' title='bbox 978 2354 1098 2424; x_wconf 87' lang='lat' dir='ltr'><strong>ipso</strong></span> <span class='ocrx_word' id='word_1_289' title='bbox 1130 2352 1334 2424; x_wconf 91' lang='lat' dir='ltr'><strong>Spiritu</strong></span> <span class='ocrx_word' id='word_1_290' title='bbox 1383 2354 1759 2408; x_wconf 89' lang='lat' dir='ltr'><strong>sanctilicatio.</strong></span> <span class='ocrx_word' id='word_1_291' title='bbox 1796 2352 1944 2409; x_wconf 75' lang='lat' dir='ltr'><strong>Orth.</strong></span> <span class='ocrx_word' id='word_1_292' title='bbox 1980 2351 2135 2408; x_wconf 91' lang='lat' dir='ltr'><strong>Sicut</strong></span> 
     </span>
    </p>
   </div>
   <div class='ocr_carea' id='block_1_36' title="bbox 555 2441 2134 2516">
    <p class='ocr_par' dir='ltr' id='par_1_36' title="bbox 555 2441 2134 2516">
     <span class='ocr_line' id='line_1_36' title="bbox 555 2441 2134 2516; baseline -0.003 -16"><span class='ocrx_word' id='word_1_293' title='bbox 555 2461 686 2516; x_wconf 75' lang='lat' dir='ltr'><strong>ergo</strong></span> <span class='ocrx_word' id='word_1_294' title='bbox 718 2443 1082 2500; x_wconf 87' lang='lat' dir='ltr'><strong>sanctiﬁcatio</strong></span> <span class='ocrx_word' id='word_1_295' title='bbox 1119 2451 1202 2499; x_wconf 91' lang='lat' dir='ltr'><strong>cst</strong></span> <span class='ocrx_word' id='word_1_296' title='bbox 1234 2460 1264 2497; x_wconf 91' lang='lat' dir='ltr'><strong>a</strong></span> <span class='ocrx_word' id='word_1_297' title='bbox 1304 2443 1487 2506; x_wconf 86' lang='lat' dir='ltr'><strong>Patre,</strong></span> <span class='ocrx_word' id='word_1_298' title='bbox 1513 2442 1672 2510; x_wconf 79' lang='lat' dir='ltr'><strong>Filio,</strong></span> <span class='ocrx_word' id='word_1_299' title='bbox 1694 2454 1748 2498; x_wconf 88' lang='lat' dir='ltr'><strong>et</strong></span> <span class='ocrx_word' id='word_1_300' title='bbox 1772 2441 1976 2514; x_wconf 91' lang='lat' dir='ltr'><strong>Spiritu</strong></span> <span class='ocrx_word' id='word_1_301' title='bbox 2005 2459 2134 2498; x_wconf 84' lang='lat' dir='ltr'><strong>san-</strong></span> 
     </span>
    </p>
   </div>
   <div class='ocr_carea' id='block_1_37' title="bbox 556 2533 2132 2606">
    <p class='ocr_par' dir='ltr' id='par_1_37' title="bbox 556 2533 2132 2606">
     <span class='ocr_line' id='line_1_37' title="bbox 556 2533 2132 2606; baseline -0.003 -14"><span class='ocrx_word' id='word_1_302' title='bbox 556 2547 680 2603; x_wconf 88' lang='lat' dir='ltr'><strong>cto;</strong></span> <span class='ocrx_word' id='word_1_303' title='bbox 713 2537 787 2592; x_wconf 90' lang='lat' dir='ltr'><strong>ita</strong></span> <span class='ocrx_word' id='word_1_304' title='bbox 808 2545 862 2592; x_wconf 87' lang='lat' dir='ltr'><strong>et</strong></span> <span class='ocrx_word' id='word_1_305' title='bbox 894 2552 1049 2593; x_wconf 88' lang='lat' dir='ltr'><strong>sacra</strong></span> <span class='ocrx_word' id='word_1_306' title='bbox 1086 2533 1388 2605; x_wconf 86' lang='lat' dir='ltr'><strong>Scriptura.</strong></span> <span class='ocrx_word' id='word_1_307' title='bbox 1426 2535 1681 2591; x_wconf 81' lang='lat' dir='ltr'><strong>Doctrina</strong></span> <span class='ocrx_word' id='word_1_308' title='bbox 1711 2536 1878 2606; x_wconf 81' lang='lat' dir='ltr'><strong>igitur</strong></span> <span class='ocrx_word' id='word_1_309' title='bbox 1905 2544 1991 2592; x_wconf 86' lang='lat' dir='ltr'><strong>est</strong></span> <span class='ocrx_word' id='word_1_310' title='bbox 2027 2535 2132 2589; x_wconf 88' lang='lat' dir='ltr'><strong>Pa-</strong></span> 
     </span>
    </p>
   </div>
   <div class='ocr_carea' id='block_1_38' title="bbox 556 2627 2132 2699">
    <p class='ocr_par' dir='ltr' id='par_1_38' title="bbox 556 2627 2132 2699">
     <span class='ocr_line' id='line_1_38' title="bbox 556 2627 2132 2699; baseline -0.001 -16"><span class='ocrx_word' id='word_1_311' title='bbox 556 2630 682 2694; x_wconf 88' lang='lat' dir='ltr'><strong>tris,</strong></span> <span class='ocrx_word' id='word_1_312' title='bbox 725 2627 875 2695; x_wconf 85' lang='lat' dir='ltr'><strong>Filii,</strong></span> <span class='ocrx_word' id='word_1_313' title='bbox 909 2640 960 2684; x_wconf 82' lang='lat' dir='ltr'><strong>ct</strong></span> <span class='ocrx_word' id='word_1_314' title='bbox 993 2628 1233 2699; x_wconf 89' lang='lat' dir='ltr'><strong>Spiritus</strong></span> <span class='ocrx_word' id='word_1_315' title='bbox 1261 2629 1460 2684; x_wconf 88' lang='lat' dir='ltr'><strong>sancti.</strong></span> <span class='ocrx_word' id='word_1_316' title='bbox 1495 2630 1565 2682; x_wconf 80' lang='lat' dir='ltr'><strong>At</strong></span> <span class='ocrx_word' id='word_1_317' title='bbox 1598 2627 1938 2698; x_wconf 81' lang='lat' dir='ltr'><strong>Scripturam</strong></span> <span class='ocrx_word' id='word_1_318' title='bbox 1968 2627 2132 2699; x_wconf 82' lang='lat' dir='ltr'><strong>proﬁ-</strong></span> 
     </span>
    </p>
   </div>
   <div class='ocr_carea' id='block_1_39' title="bbox 558 2721 2130 2792">
    <p class='ocr_par' dir='ltr' id='par_1_39' title="bbox 558 2721 2130 2792">
     <span class='ocr_line' id='line_1_39' title="bbox 558 2721 2130 2792; baseline 0.001 -13"><span class='ocrx_word' id='word_1_319' title='bbox 558 2734 701 2780; x_wconf 89' lang='lat' dir='ltr'><strong>tetur</strong></span> <span class='ocrx_word' id='word_1_320' title='bbox 727 2736 952 2781; x_wconf 87' lang='lat' dir='ltr'><strong>sanctus</strong></span> <span class='ocrx_word' id='word_1_321' title='bbox 982 2723 1186 2779; x_wconf 89' lang='lat' dir='ltr'><strong>Paulus</strong></span> <span class='ocrx_word' id='word_1_322' title='bbox 1221 2738 1346 2778; x_wconf 88' lang='lat' dir='ltr'><strong>esse</strong></span> <span class='ocrx_word' id='word_1_323' title='bbox 1372 2739 1402 2776; x_wconf 89' lang='lat' dir='ltr'><strong>a</strong></span> <span class='ocrx_word' id='word_1_324' title='bbox 1432 2721 1542 2778; x_wconf 91' lang='lat' dir='ltr'><strong>Deo</strong></span> <span class='ocrx_word' id='word_1_325' title='bbox 1576 2723 1894 2792; x_wconf 87' lang='lat' dir='ltr'><strong>inspiratam</strong></span> <span class='ocrx_word' id='word_1_326' title='bbox 1933 2741 1948 2777; x_wconf 88' lang='lat'><strong>:</strong></span> <span class='ocrx_word' id='word_1_327' title='bbox 1987 2721 2130 2780; x_wconf 58' lang='lat' dir='ltr'><strong>licus</strong></span> 
     </span>
    </p>
   </div>
   <div class='ocr_carea' id='block_1_40' title="bbox 555 2813 2128 2888">
    <p class='ocr_par' dir='ltr' id='par_1_40' title="bbox 555 2813 2128 2888">
     <span class='ocr_line' id='line_1_40' title="bbox 555 2813 2128 2888; baseline -0.002 -16"><span class='ocrx_word' id='word_1_328' title='bbox 555 2817 824 2888; x_wconf 74' lang='lat' dir='ltr'><strong>estigitur</strong></span> <span class='ocrx_word' id='word_1_329' title='bbox 844 2815 1027 2882; x_wconf 90' lang='lat' dir='ltr'><strong>Pater,</strong></span> <span class='ocrx_word' id='word_1_330' title='bbox 1049 2814 1224 2870; x_wconf 87' lang='lat' dir='ltr'><strong>Filius</strong></span> <span class='ocrx_word' id='word_1_331' title='bbox 1249 2823 1303 2870; x_wconf 91' lang='lat' dir='ltr'><strong>et</strong></span> <span class='ocrx_word' id='word_1_332' title='bbox 1323 2813 1560 2885; x_wconf 87' lang='lat' dir='ltr'><strong>Spiritus</strong></span> <span class='ocrx_word' id='word_1_333' title='bbox 1584 2822 1834 2870; x_wconf 89' lang='lat' dir='ltr'><strong>sanctus.</strong></span> <span class='ocrx_word' id='word_1_334' title='bbox 1853 2813 2128 2880; x_wconf 85' lang='lat' dir='ltr'><strong>Quamob-</strong></span> 
     </span>
    </p>
   </div>
   <div class='ocr_carea' id='block_1_41' title="bbox 555 2903 2129 2976">
    <p class='ocr_par' dir='ltr' id='par_1_41' title="bbox 555 2903 2129 2976">
     <span class='ocr_line' id='line_1_41' title="bbox 555 2903 2129 2976; baseline -0.003 -13"><span class='ocrx_word' id='word_1_335' title='bbox 555 2924 669 2963; x_wconf 90' lang='lat' dir='ltr'><strong>rem</strong></span> <span class='ocrx_word' id='word_1_336' title='bbox 699 2907 861 2962; x_wconf 88' lang='lat' dir='ltr'><strong>etiam</strong></span> <span class='ocrx_word' id='word_1_337' title='bbox 893 2905 1099 2961; x_wconf 90' lang='lat' dir='ltr'><strong>dictum</strong></span> <span class='ocrx_word' id='word_1_338' title='bbox 1139 2914 1225 2960; x_wconf 90' lang='lat' dir='ltr'><strong>est</strong></span> <span class='ocrx_word' id='word_1_339' title='bbox 1255 2908 1400 2974; x_wconf 85' lang='lat' dir='ltr'><strong>apud</strong></span> <span class='ocrx_word' id='word_1_340' title='bbox 1432 2905 1726 2976; x_wconf 88' lang='lat' dir='ltr'><strong>prophetas</strong></span> <span class='ocrx_word' id='word_1_341' title='bbox 1761 2924 1775 2960; x_wconf 90' lang='lat'>:</span> <span class='ocrx_word' id='word_1_342' title='bbox 1809 2923 1828 2956; x_wconf 76' lang='grc' dir='ltr'><strong>ι</strong></span> <span class='ocrx_word' id='word_1_343' title='bbox 1865 2903 1931 2958; x_wconf 90' lang='lat' dir='ltr'><strong>Et</strong></span> <span class='ocrx_word' id='word_1_344' title='bbox 1966 2912 2129 2960; x_wconf 86' lang='lat' dir='ltr'><strong>erunt</strong></span> 
     </span>
    </p>
   </div>
   <div class='ocr_carea' id='block_1_42' title="bbox 556 2995 2127 3066">
    <p class='ocr_par' dir='ltr' id='par_1_42' title="bbox 556 2995 2127 3066">
     <span class='ocr_line' id='line_1_42' title="bbox 556 2995 2127 3066; baseline -0.001 -15"><span class='ocrx_word' id='word_1_345' title='bbox 556 3013 748 3052; x_wconf 89' lang='lat' dir='ltr'><strong>omnes</strong></span> <span class='ocrx_word' id='word_1_346' title='bbox 773 2997 918 3052; x_wconf 86' lang='lat' dir='ltr'><strong>docti</strong></span> <span class='ocrx_word' id='word_1_347' title='bbox 947 3011 979 3050; x_wconf 91' lang='lat' dir='ltr'><strong>a</strong></span> <span class='ocrx_word' id='word_1_348' title='bbox 1009 2996 1120 3052; x_wconf 91' lang='lat' dir='ltr'><strong>Deo</strong></span> <span class='ocrx_word' id='word_1_349' title='bbox 1143 2999 1210 3050; x_wconf 77' lang='grc'><strong>’³.</strong></span> <span class='ocrx_word' id='word_1_350' title='bbox 1252 3017 1271 3050; x_wconf 73' lang='grc' dir='ltr'><strong>ι</strong></span> <span class='ocrx_word' id='word_1_351' title='bbox 1307 2995 1514 3052; x_wconf 77' lang='lat' dir='ltr'><strong>Maced.</strong></span> <span class='ocrx_word' id='word_1_352' title='bbox 1562 2995 1824 3066; x_wconf 81' lang='lat' dir='ltr'><strong>Quisquis</strong></span> <span class='ocrx_word' id='word_1_353' title='bbox 1861 2995 2063 3051; x_wconf 85' lang='lat' dir='ltr'><strong>dicitur</strong></span> <span class='ocrx_word' id='word_1_354' title='bbox 2095 3011 2127 3050; x_wconf 90' lang='lat' dir='ltr'><strong>a</strong></span> 
     </span>
    </p>
   </div>
   <div class='ocr_carea' id='block_1_43' title="bbox 555 3085 2128 3156">
    <p class='ocr_par' dir='ltr' id='par_1_43' title="bbox 555 3085 2128 3156">
     <span class='ocr_line' id='line_1_43' title="bbox 555 3085 2128 3156; baseline -0.001 -15"><span class='ocrx_word' id='word_1_355' title='bbox 555 3088 740 3152; x_wconf 85' lang='lat' dir='ltr'><strong>Patre,</strong></span> <span class='ocrx_word' id='word_1_356' title='bbox 767 3095 999 3141; x_wconf 89' lang='lat' dir='ltr'><strong>vocatur</strong></span> <span class='ocrx_word' id='word_1_357' title='bbox 1029 3086 1226 3142; x_wconf 88' lang='lat' dir='ltr'><strong>doctus</strong></span> <span class='ocrx_word' id='word_1_358' title='bbox 1267 3103 1298 3140; x_wconf 92' lang='lat' dir='ltr'><strong>a</strong></span> <span class='ocrx_word' id='word_1_359' title='bbox 1339 3086 1469 3142; x_wconf 89' lang='lat' dir='ltr'><strong>Deo.</strong></span> <span class='ocrx_word' id='word_1_360' title='bbox 1505 3085 1658 3141; x_wconf 78' lang='lat' dir='ltr'><strong>Orth.</strong></span> <span class='ocrx_word' id='word_1_361' title='bbox 1691 3086 1845 3141; x_wconf 89' lang='lat' dir='ltr'><strong>Sicut</strong></span> <span class='ocrx_word' id='word_1_362' title='bbox 1878 3088 1969 3156; x_wconf 92' lang='lat' dir='ltr'><strong>qui</strong></span> <span class='ocrx_word' id='word_1_363' title='bbox 2000 3101 2128 3142; x_wconf 86' lang='lat' dir='ltr'><strong>san-</strong></span> 
     </span>
    </p>
   </div>
   <div class='ocr_carea' id='block_1_44' title="bbox 2240 1893 3819 1974">
    <p class='ocr_par' dir='ltr' id='par_1_44' title="bbox 2240 1893 3819 1974">
     <span class='ocr_line' id='line_1_44' title="bbox 2240 1893 3819 1974; baseline -0.006 -19"><span class='ocrx_word' id='word_1_364' title='bbox 2240 1903 2461 1974; x_wconf 88' lang='grc' dir='ltr'>Πνεῦμα</span> <span class='ocrx_word' id='word_1_365' title='bbox 2493 1901 2526 1973; x_wconf 75' lang='grc' dir='ltr'><strong>ἢ</strong></span> <span class='ocrx_word' id='word_1_366' title='bbox 2555 1903 2718 1968; x_wconf 88' lang='grc' dir='ltr'>Θεός;</span> <span class='ocrx_word' id='word_1_367' title='bbox 2758 1899 2978 1955; x_wconf 80' lang='grc' dir='ltr'><strong>Μακεδ.</strong></span> <span class='ocrx_word' id='word_1_368' title='bbox 3014 1900 3128 1968; x_wconf 73' lang='grc' dir='ltr'><strong>Τὴν</strong></span> <span class='ocrx_word' id='word_1_369' title='bbox 3169 1897 3265 1950; x_wconf 87' lang='grc' dir='ltr'><strong>τοῦ</strong></span> <span class='ocrx_word' id='word_1_370' title='bbox 3304 1895 3443 1950; x_wconf 85' lang='grc' dir='ltr'>Θεοῦ</span> <span class='ocrx_word' id='word_1_371' title='bbox 3477 1893 3819 1948; x_wconf 76' lang='grc' dir='ltr'><strong>διδασκαλίαν</strong></span> 
     </span>
    </p>
   </div>
   <div class='ocr_carea' id='block_1_45' title="bbox 2235 1983 3818 2064">
    <p class='ocr_par' dir='ltr' id='par_1_45' title="bbox 2235 1983 3818 2064">
     <span class='ocr_line' id='line_1_45' title="bbox 2235 1983 3818 2064; baseline -0.007 -18"><span class='ocrx_word' id='word_1_372' title='bbox 2235 1993 2550 2064; x_wconf 71' lang='grc' dir='ltr'>διηκόνησεν</span> <span class='ocrx_word' id='word_1_373' title='bbox 2599 1996 2752 2064; x_wconf 76' lang='grc' dir='ltr'>ἡμῖν,</span> <span class='ocrx_word' id='word_1_374' title='bbox 2794 1993 2886 2045; x_wconf 70' lang='grc' dir='ltr'><strong>καὶ</strong></span> <span class='ocrx_word' id='word_1_375' title='bbox 2933 1990 3021 2044; x_wconf 73' lang='grc' dir='ltr'>διὰ</span> <span class='ocrx_word' id='word_1_376' title='bbox 3071 1989 3229 2042; x_wconf 86' lang='grc' dir='ltr'>τοῦτο</span> <span class='ocrx_word' id='word_1_377' title='bbox 3268 1987 3407 2058; x_wconf 75' lang='grc' dir='ltr'>αὐτὴ</span> <span class='ocrx_word' id='word_1_378' title='bbox 3441 1989 3475 2057; x_wconf 79' lang='grc' dir='ltr'>ἡ</span> <span class='ocrx_word' id='word_1_379' title='bbox 3508 1983 3818 2039; x_wconf 80' lang='grc' dir='ltr'>διδασκαλία</span> 
     </span>
    </p>
   </div>
   <div class='ocr_carea' id='block_1_46' title="bbox 2235 2076 3815 2153">
    <p class='ocr_par' dir='ltr' id='par_1_46' title="bbox 2235 2076 3815 2153">
     <span class='ocr_line' id='line_1_46' title="bbox 2235 2076 3815 2153; baseline -0.007 -13"><span class='ocrx_word' id='word_1_380' title='bbox 2235 2086 2587 2150; x_wconf 83' lang='grc' dir='ltr'>Θεόπνευστος</span> <span class='ocrx_word' id='word_1_381' title='bbox 2618 2085 2853 2153; x_wconf 84' lang='grc' dir='ltr'>λέγεται.</span> <span class='ocrx_word' id='word_1_382' title='bbox 2885 2085 3040 2152; x_wconf 83' lang='grc' dir='ltr'><strong>Ὀρθ.</strong></span> <span class='ocrx_word' id='word_1_383' title='bbox 3078 2079 3298 2152; x_wconf 83' lang='grc' dir='ltr'><strong>Ἐπειδὴ</strong></span> <span class='ocrx_word' id='word_1_384' title='bbox 3327 2080 3422 2132; x_wconf 54' lang='grc' dir='ltr'><strong>καὶ¹</strong></span> <span class='ocrx_word' id='word_1_385' title='bbox 3466 2078 3496 2131; x_wconf 90' lang='lat'><strong>6</strong></span> <span class='ocrx_word' id='word_1_386' title='bbox 3533 2076 3815 2146; x_wconf 85' lang='grc' dir='ltr'>ἁγιασμὸς,</span> 
     </span>
    </p>
   </div>
   <div class='ocr_carea' id='block_1_47' title="bbox 2232 2169 3816 2248">
    <p class='ocr_par' dir='ltr' id='par_1_47' title="bbox 2232 2169 3816 2248">
     <span class='ocr_line' id='line_1_47' title="bbox 2232 2169 3816 2248; baseline -0.008 -16"><span class='ocrx_word' id='word_1_387' title='bbox 2232 2179 2291 2232; x_wconf 78' lang='grc' dir='ltr'><strong>ὃν</strong></span> <span class='ocrx_word' id='word_1_388' title='bbox 2324 2177 2540 2248; x_wconf 76' lang='grc' dir='ltr'><strong>ἁγιάζει</strong></span> <span class='ocrx_word' id='word_1_389' title='bbox 2589 2179 2684 2231; x_wconf 72' lang='grc' dir='ltr'>καὶ</span> <span class='ocrx_word' id='word_1_390' title='bbox 2720 2177 2866 2248; x_wconf 79' lang='grc' dir='ltr'>ἡμᾶς</span> <span class='ocrx_word' id='word_1_391' title='bbox 2899 2175 2960 2229; x_wconf 89' lang='grc' dir='ltr'>τὸ</span> <span class='ocrx_word' id='word_1_392' title='bbox 3001 2173 3246 2244; x_wconf 80' lang='grc' dir='ltr'><strong>Πνεῦμα,</strong></span> <span class='ocrx_word' id='word_1_393' title='bbox 3289 2169 3427 2224; x_wconf 89' lang='grc' dir='ltr'>Θεοῦ</span> <span class='ocrx_word' id='word_1_394' title='bbox 3474 2173 3625 2224; x_wconf 76' lang='grc' dir='ltr'>ἐστιν</span> <span class='ocrx_word' id='word_1_395' title='bbox 3663 2170 3816 2236; x_wconf 81' lang='grc' dir='ltr'>ἁγια-</span> 
     </span>
    </p>
   </div>
   <div class='ocr_carea' id='block_1_48' title="bbox 2235 2261 3815 2344">
    <p class='ocr_par' dir='ltr' id='par_1_48' title="bbox 2235 2261 3815 2344">
     <span class='ocr_line' id='line_1_48' title="bbox 2235 2261 3815 2344; baseline -0.009 -18"><span class='ocrx_word' id='word_1_396' title='bbox 2235 2273 2389 2344; x_wconf 89' lang='grc' dir='ltr'>σμὸς,</span> <span class='ocrx_word' id='word_1_397' title='bbox 2417 2273 2517 2325; x_wconf 81' lang='grc' dir='ltr'><strong>οὐκ</strong></span> <span class='ocrx_word' id='word_1_398' title='bbox 2556 2269 2701 2323; x_wconf 82' lang='grc' dir='ltr'>ἔστιν</span> <span class='ocrx_word' id='word_1_399' title='bbox 2747 2267 2910 2322; x_wconf 74' lang='grc' dir='ltr'>αὐτοῦ</span> <span class='ocrx_word' id='word_1_400' title='bbox 2957 2266 3050 2320; x_wconf 88' lang='grc' dir='ltr'><strong>τοῦ</strong></span> <span class='ocrx_word' id='word_1_401' title='bbox 3097 2263 3415 2334; x_wconf 78' lang='grc' dir='ltr'>Πνεῦματος</span> <span class='ocrx_word' id='word_1_402' title='bbox 3450 2265 3480 2316; x_wconf 95' lang='lat'><strong>6</strong></span> <span class='ocrx_word' id='word_1_403' title='bbox 3514 2261 3815 2331; x_wconf 84' lang='grc' dir='ltr'>ἁγιασμός;</span> 
     </span>
    </p>
   </div>
   <div class='ocr_carea' id='block_1_49' title="bbox 2232 2355 3816 2427">
    <p class='ocr_par' dir='ltr' id='par_1_49' title="bbox 2232 2355 3816 2427">
     <span class='ocr_line' id='line_1_49' title="bbox 2232 2355 3816 2427; baseline -0.01 -7"><span class='ocrx_word' id='word_1_404' title='bbox 2232 2364 2452 2420; x_wconf 84' lang='grc' dir='ltr'><strong>Μακεδ.</strong></span> <span class='ocrx_word' id='word_1_405' title='bbox 2482 2364 2610 2427; x_wconf 72' lang='grc' dir='ltr'>Ναὶ,</span> <span class='ocrx_word' id='word_1_406' title='bbox 2639 2363 2733 2416; x_wconf 76' lang='grc' dir='ltr'><strong>καὶ</strong></span> <span class='ocrx_word' id='word_1_407' title='bbox 2760 2358 2922 2415; x_wconf 73' lang='grc' dir='ltr'>αὑτοῦ</span> <span class='ocrx_word' id='word_1_408' title='bbox 2953 2358 3045 2412; x_wconf 89' lang='grc' dir='ltr'><strong>τοῦ</strong></span> <span class='ocrx_word' id='word_1_409' title='bbox 3077 2356 3394 2427; x_wconf 84' lang='grc' dir='ltr'>Πνεύματός</span> <span class='ocrx_word' id='word_1_410' title='bbox 3422 2357 3572 2408; x_wconf 86' lang='grc' dir='ltr'>ὲστιν</span> <span class='ocrx_word' id='word_1_411' title='bbox 3607 2355 3637 2406; x_wconf 94' lang='lat'><strong>6</strong></span> <span class='ocrx_word' id='word_1_412' title='bbox 3669 2355 3816 2420; x_wconf 82' lang='grc' dir='ltr'>ἁγια-</span> 
     </span>
    </p>
   </div>
   <div class='ocr_carea' id='block_1_50' title="bbox 2233 2441 3815 2526">
    <p class='ocr_par' dir='ltr' id='par_1_50' title="bbox 2233 2441 3815 2526">
     <span class='ocr_line' id='line_1_50' title="bbox 2233 2441 3815 2526; baseline -0.01 -17"><span class='ocrx_word' id='word_1_413' title='bbox 2233 2455 2387 2526; x_wconf 91' lang='grc' dir='ltr'>σμός.</span> <span class='ocrx_word' id='word_1_414' title='bbox 2421 2452 2577 2521; x_wconf 82' lang='grc' dir='ltr'><strong>Ὀρθ.</strong></span> <span class='ocrx_word' id='word_1_415' title='bbox 2610 2451 2817 2520; x_wconf 80' lang='grc' dir='ltr'>Ὠσπερ</span> <span class='ocrx_word' id='word_1_416' title='bbox 2870 2443 2965 2502; x_wconf 81' lang='grc' dir='ltr'><strong>οὗν</strong></span> <span class='ocrx_word' id='word_1_417' title='bbox 3019 2449 3048 2500; x_wconf 93' lang='lat'><strong>6</strong></span> <span class='ocrx_word' id='word_1_418' title='bbox 3108 2444 3381 2515; x_wconf 82' lang='grc' dir='ltr'><strong>ἁγιασμὸς</strong></span> <span class='ocrx_word' id='word_1_419' title='bbox 3435 2443 3672 2515; x_wconf 85' lang='grc' dir='ltr'>Πατρὸς,</span> <span class='ocrx_word' id='word_1_420' title='bbox 3726 2441 3815 2495; x_wconf 80' lang='grc' dir='ltr'>καὶ</span> 
     </span>
    </p>
   </div>
   <div class='ocr_carea' id='block_1_51' title="bbox 2230 2534 3816 2614">
    <p class='ocr_par' dir='ltr' id='par_1_51' title="bbox 2230 2534 3816 2614">
     <span class='ocr_line' id='line_1_51' title="bbox 2230 2534 3816 2614; baseline -0.011 -11"><span class='ocrx_word' id='word_1_421' title='bbox 2230 2549 2382 2613; x_wconf 80' lang='grc' dir='ltr'>Υίοῦ,</span> <span class='ocrx_word' id='word_1_422' title='bbox 2415 2547 2509 2600; x_wconf 74' lang='grc' dir='ltr'>καὶ</span> <span class='ocrx_word' id='word_1_423' title='bbox 2538 2545 2694 2614; x_wconf 78' lang='grc' dir='ltr'>ἁγίου</span> <span class='ocrx_word' id='word_1_424' title='bbox 2725 2541 3042 2614; x_wconf 75' lang='grc' dir='ltr'>Πνεῦματός</span> <span class='ocrx_word' id='word_1_425' title='bbox 3087 2540 3258 2601; x_wconf 80' lang='grc' dir='ltr'>ἐστιν,</span> <span class='ocrx_word' id='word_1_426' title='bbox 3291 2536 3467 2600; x_wconf 71' lang='grc' dir='ltr'>οὕτως</span> <span class='ocrx_word' id='word_1_427' title='bbox 3508 2535 3605 2590; x_wconf 75' lang='grc' dir='ltr'><strong>καὶ</strong></span> <span class='ocrx_word' id='word_1_428' title='bbox 3632 2538 3664 2606; x_wconf 82' lang='grc' dir='ltr'>ἠ</span> <span class='ocrx_word' id='word_1_429' title='bbox 3701 2534 3816 2586; x_wconf 79' lang='grc' dir='ltr'>θεία</span> 
     </span>
    </p>
   </div>
   <div class='ocr_carea' id='block_1_52' title="bbox 2231 2625 3812 2710">
    <p class='ocr_par' dir='ltr' id='par_1_52' title="bbox 2231 2625 3812 2710">
     <span class='ocr_line' id='line_1_52' title="bbox 2231 2625 3812 2710; baseline -0.008 -21"><span class='ocrx_word' id='word_1_430' title='bbox 2231 2637 2438 2710; x_wconf 79' lang='grc' dir='ltr'><strong>Γραφή.</strong></span> <span class='ocrx_word' id='word_1_431' title='bbox 2481 2638 2548 2691; x_wconf 85' lang='grc' dir='ltr'><strong>Ἦ</strong></span> <span class='ocrx_word' id='word_1_432' title='bbox 2575 2635 2753 2688; x_wconf 80' lang='grc' dir='ltr'>τοίνυν</span> <span class='ocrx_word' id='word_1_433' title='bbox 2787 2630 3104 2686; x_wconf 82' lang='grc' dir='ltr'>διδασκαλία</span> <span class='ocrx_word' id='word_1_434' title='bbox 3146 2628 3380 2700; x_wconf 83' lang='grc' dir='ltr'>Πατρὸς,</span> <span class='ocrx_word' id='word_1_435' title='bbox 3411 2627 3508 2681; x_wconf 76' lang='grc' dir='ltr'>καὶ</span> <span class='ocrx_word' id='word_1_436' title='bbox 3545 2625 3698 2687; x_wconf 73' lang='grc' dir='ltr'>Υίοῦ,</span> <span class='ocrx_word' id='word_1_437' title='bbox 3725 2625 3812 2678; x_wconf 69' lang='grc' dir='ltr'>καὶ</span> 
     </span>
    </p>
   </div>
   <div class='ocr_carea' id='block_1_53' title="bbox 2227 2717 3813 2798">
    <p class='ocr_par' dir='ltr' id='par_1_53' title="bbox 2227 2717 3813 2798">
     <span class='ocr_line' id='line_1_53' title="bbox 2227 2717 3813 2798; baseline -0.01 -15"><span class='ocrx_word' id='word_1_438' title='bbox 2227 2730 2383 2798; x_wconf 88' lang='grc' dir='ltr'>ἁγίου</span> <span class='ocrx_word' id='word_1_439' title='bbox 2412 2725 2727 2797; x_wconf 78' lang='grc' dir='ltr'>Πνεῦματός</span> <span class='ocrx_word' id='word_1_440' title='bbox 2758 2727 2924 2778; x_wconf 78' lang='grc' dir='ltr'>ἐστιν.</span> <span class='ocrx_word' id='word_1_441' title='bbox 2953 2722 3318 2782; x_wconf 85' lang='grc' dir='ltr'>Θεόπνευστος</span> <span class='ocrx_word' id='word_1_442' title='bbox 3340 2719 3398 2772; x_wconf 75' lang='grc' dir='ltr'><strong>δὲ</strong></span> <span class='ocrx_word' id='word_1_443' title='bbox 3419 2721 3454 2790; x_wconf 82' lang='grc' dir='ltr'>ἠ</span> <span class='ocrx_word' id='word_1_444' title='bbox 3473 2717 3666 2790; x_wconf 75' lang='grc' dir='ltr'>Γραφη</span> <span class='ocrx_word' id='word_1_445' title='bbox 3689 2719 3813 2786; x_wconf 76' lang='grc' dir='ltr'><strong>ὀμο-</strong></span> 
     </span>
    </p>
   </div>
   <div class='ocr_carea' id='block_1_54' title="bbox 2227 2809 3807 2890">
    <p class='ocr_par' dir='ltr' id='par_1_54' title="bbox 2227 2809 3807 2890">
     <span class='ocr_line' id='line_1_54' title="bbox 2227 2809 3807 2890; baseline -0.009 -17"><span class='ocrx_word' id='word_1_446' title='bbox 2227 2819 2462 2890; x_wconf 85' lang='grc' dir='ltr'>λογεῖται</span> <span class='ocrx_word' id='word_1_447' title='bbox 2504 2816 2658 2889; x_wconf 85' lang='grc' dir='ltr'><strong>παρὰ</strong></span> <span class='ocrx_word' id='word_1_448' title='bbox 2693 2815 2770 2887; x_wconf 80' lang='grc' dir='ltr'>τῷ</span> <span class='ocrx_word' id='word_1_449' title='bbox 2821 2815 2962 2884; x_wconf 87' lang='grc' dir='ltr'>ἁγίῳ</span> <span class='ocrx_word' id='word_1_450' title='bbox 3011 2811 3243 2882; x_wconf 78' lang='grc' dir='ltr'><strong>Παύλῳ⁸</strong></span> <span class='ocrx_word' id='word_1_451' title='bbox 3280 2810 3415 2873; x_wconf 88' lang='grc' dir='ltr'>Θεὸς</span> <span class='ocrx_word' id='word_1_452' title='bbox 3454 2810 3564 2880; x_wconf 84' lang='grc' dir='ltr'><strong>ἁρα</strong></span> <span class='ocrx_word' id='word_1_453' title='bbox 3606 2809 3807 2878; x_wconf 72' lang='grc' dir='ltr'>Πατὴρ,</span> 
     </span>
    </p>
   </div>
   <div class='ocr_carea' id='block_1_55' title="bbox 2226 2897 3810 2978">
    <p class='ocr_par' dir='ltr' id='par_1_55' title="bbox 2226 2897 3810 2978">
     <span class='ocr_line' id='line_1_55' title="bbox 2226 2897 3810 2978; baseline -0.009 -14"><span class='ocrx_word' id='word_1_454' title='bbox 2226 2911 2320 2966; x_wconf 59' lang='grc' dir='ltr'><strong>καλ⁸</strong></span> <span class='ocrx_word' id='word_1_455' title='bbox 2353 2911 2500 2977; x_wconf 79' lang='grc' dir='ltr'>Υἱὸς,</span> <span class='ocrx_word' id='word_1_456' title='bbox 2542 2911 2636 2963; x_wconf 75' lang='grc' dir='ltr'><strong>καὶ</strong></span> <span class='ocrx_word' id='word_1_457' title='bbox 2668 2908 2818 2978; x_wconf 78' lang='grc' dir='ltr'>ἁγιον</span> <span class='ocrx_word' id='word_1_458' title='bbox 2851 2904 3094 2975; x_wconf 86' lang='grc' dir='ltr'>Πνεῦμα.</span> <span class='ocrx_word' id='word_1_459' title='bbox 3132 2903 3230 2956; x_wconf 87' lang='grc' dir='ltr'><strong>Διὸ</strong></span> <span class='ocrx_word' id='word_1_460' title='bbox 3271 2903 3366 2956; x_wconf 70' lang='grc' dir='ltr'>καὶ</span> <span class='ocrx_word' id='word_1_461' title='bbox 3411 2902 3628 2972; x_wconf 77' lang='grc' dir='ltr'>εἴρηται</span> <span class='ocrx_word' id='word_1_462' title='bbox 3666 2897 3810 2970; x_wconf 79' lang='grc' dir='ltr'>παρὰ</span> 
     </span>
    </p>
   </div>
   <div class='ocr_carea' id='block_1_56' title="bbox 2225 2989 3803 3073">
    <p class='ocr_par' dir='ltr' id='par_1_56' title="bbox 2225 2989 3803 3073">
     <span class='ocr_line' id='line_1_56' title="bbox 2225 2989 3803 3073; baseline -0.01 -17"><span class='ocrx_word' id='word_1_463' title='bbox 2225 3005 2336 3066; x_wconf 83' lang='grc' dir='ltr'>τοῖς</span> <span class='ocrx_word' id='word_1_464' title='bbox 2359 3002 2666 3073; x_wconf 77' lang='grc' dir='ltr'>προφήταις</span> <span class='ocrx_word' id='word_1_465' title='bbox 2680 3016 2694 3030; x_wconf 78' lang='grc' dir='ltr'><strong>ο</strong></span> <span class='ocrx_word' id='word_1_466' title='bbox 2721 3018 2739 3050; x_wconf 73' lang='grc' dir='ltr'><strong>ε</strong></span> <span class='ocrx_word' id='word_1_467' title='bbox 2765 2999 2875 3052; x_wconf 76' lang='grc' dir='ltr'><strong>Καὶ</strong></span> <span class='ocrx_word' id='word_1_468' title='bbox 2895 2995 3108 3049; x_wconf 75' lang='grc' dir='ltr'>ἔσονται</span> <span class='ocrx_word' id='word_1_469' title='bbox 3129 2994 3332 3056; x_wconf 83' lang='grc' dir='ltr'>πάντες</span> <span class='ocrx_word' id='word_1_470' title='bbox 3356 2991 3600 3046; x_wconf 75' lang='grc' dir='ltr'>διδακτοὶ</span> <span class='ocrx_word' id='word_1_471' title='bbox 3621 2989 3803 3043; x_wconf 69' lang='grc' dir='ltr'><strong>Θεοῦ.»</strong></span> 
     </span>
    </p>
   </div>
   <div class='ocr_carea' id='block_1_57' title="bbox 2227 3081 3807 3162">
    <p class='ocr_par' dir='ltr' id='par_1_57' title="bbox 2227 3081 3807 3162">
     <span class='ocr_line' id='line_1_57' title="bbox 2227 3081 3807 3162; baseline -0.009 -12"><span class='ocrx_word' id='word_1_472' title='bbox 2227 3093 2448 3150; x_wconf 77' lang='grc' dir='ltr'><strong>Μακεδ.</strong></span> <span class='ocrx_word' id='word_1_473' title='bbox 2501 3093 2616 3156; x_wconf 77' lang='grc' dir='ltr'>Πᾶς</span> <span class='ocrx_word' id='word_1_474' title='bbox 2666 3094 2694 3145; x_wconf 94' lang='lat'><strong>6</strong></span> <span class='ocrx_word' id='word_1_475' title='bbox 2751 3087 2940 3162; x_wconf 81' lang='grc' dir='ltr'>μαθὼν</span> <span class='ocrx_word' id='word_1_476' title='bbox 2980 3087 3131 3159; x_wconf 76' lang='grc' dir='ltr'>παρὰ</span> <span class='ocrx_word' id='word_1_477' title='bbox 3171 3085 3266 3140; x_wconf 87' lang='grc' dir='ltr'><strong>τοῦ</strong></span> <span class='ocrx_word' id='word_1_478' title='bbox 3313 3085 3530 3156; x_wconf 86' lang='grc' dir='ltr'>Πατρὸς</span> <span class='ocrx_word' id='word_1_479' title='bbox 3573 3081 3807 3144; x_wconf 80' lang='grc' dir='ltr'>διδακτὸς</span> 
     </span>
    </p>
   </div>
   <div class='ocr_carea' id='block_1_58' title="bbox 557 3171 2129 3251">
    <p class='ocr_par' dir='ltr' id='par_1_58' title="bbox 557 3177 2121 3250">
     <span class='ocr_line' id='line_1_58' title="bbox 557 3177 2121 3250; baseline -0.003 -16"><span class='ocrx_word' id='word_1_480' title='bbox 557 3179 832 3234; x_wconf 83' lang='lat' dir='ltr'><strong>ctiﬁcatur</strong></span> <span class='ocrx_word' id='word_1_481' title='bbox 854 3194 884 3232; x_wconf 88' lang='lat' dir='ltr'><strong>a</strong></span> <span class='ocrx_word' id='word_1_482' title='bbox 909 3177 1073 3234; x_wconf 88' lang='lat' dir='ltr'><strong>Patre</strong></span> <span class='ocrx_word' id='word_1_483' title='bbox 1103 3187 1157 3233; x_wconf 86' lang='lat' dir='ltr'><strong>et</strong></span> <span class='ocrx_word' id='word_1_484' title='bbox 1199 3177 1358 3240; x_wconf 83' lang='lat' dir='ltr'><strong>Filio,</strong></span> <span class='ocrx_word' id='word_1_485' title='bbox 1395 3178 1769 3234; x_wconf 85' lang='lat' dir='ltr'><strong>sanctiﬁcatur</strong></span> <span class='ocrx_word' id='word_1_486' title='bbox 1797 3193 2015 3250; x_wconf 90' lang='lat' dir='ltr'><strong>quoque</strong></span> <span class='ocrx_word' id='word_1_487' title='bbox 2047 3179 2121 3234; x_wconf 85' lang='lat' dir='ltr'><strong>si-</strong></span> 
     </span>
    </p>
   </div>
   <div class='ocr_carea' id='block_1_59' title="bbox 2233 3171 3803 3251">
    <p class='ocr_par' dir='ltr' id='par_1_59' title="bbox 2233 3171 3803 3251">
     <span class='ocr_line' id='line_1_59' title="bbox 2233 3171 3803 3251; baseline -0.01 -11"><span class='ocrx_word' id='word_1_488' title='bbox 2233 3186 2354 3240; x_wconf 68' lang='grc' dir='ltr'>θεοῦ</span> <span class='ocrx_word' id='word_1_489' title='bbox 2386 3183 2593 3238; x_wconf 78' lang='grc' dir='ltr'>ἀκούει.</span> <span class='ocrx_word' id='word_1_490' title='bbox 2623 3183 2771 3250; x_wconf 89' lang='grc' dir='ltr'><strong>Ὀρθ.</strong></span> <span class='ocrx_word' id='word_1_491' title='bbox 2805 3181 3015 3251; x_wconf 84' lang='grc' dir='ltr'>Ὠσπερ</span> <span class='ocrx_word' id='word_1_492' title='bbox 3057 3179 3086 3231; x_wconf 91' lang='lat'><strong>6</strong></span> <span class='ocrx_word' id='word_1_493' title='bbox 3128 3175 3492 3246; x_wconf 76' lang='grc' dir='ltr'>ἁγιαζόμενος</span> <span class='ocrx_word' id='word_1_494' title='bbox 3541 3173 3693 3246; x_wconf 72' lang='grc' dir='ltr'>παρὰ</span> <span class='ocrx_word' id='word_1_495' title='bbox 3717 3171 3803 3226; x_wconf 83' lang='grc' dir='ltr'><strong>τοῦ</strong></span> 
     </span>
    </p>
   </div>
   <div class='ocr_carea' id='block_1_60' title="bbox 559 3267 2125 3340">
    <p class='ocr_par' dir='ltr' id='par_1_60' title="bbox 559 3267 2125 3340">
     <span class='ocr_line' id='line_1_60' title="bbox 559 3267 2125 3340; baseline 0.001 -17"><span class='ocrx_word' id='word_1_496' title='bbox 559 3271 761 3324; x_wconf 89' lang='lat' dir='ltr'><strong>militer</strong></span> <span class='ocrx_word' id='word_1_497' title='bbox 792 3286 822 3323; x_wconf 91' lang='lat' dir='ltr'><strong>a</strong></span> <span class='ocrx_word' id='word_1_498' title='bbox 858 3267 1064 3340; x_wconf 91' lang='lat' dir='ltr'><strong>Spiritu</strong></span> <span class='ocrx_word' id='word_1_499' title='bbox 1101 3276 1293 3324; x_wconf 88' lang='lat' dir='ltr'><strong>sancto</strong></span> <span class='ocrx_word' id='word_1_500' title='bbox 1327 3285 1340 3320; x_wconf 90' lang='lat'>:</span> <span class='ocrx_word' id='word_1_501' title='bbox 1369 3270 1444 3323; x_wconf 89' lang='lat' dir='ltr'><strong>ita</strong></span> <span class='ocrx_word' id='word_1_502' title='bbox 1470 3270 1562 3340; x_wconf 88' lang='lat' dir='ltr'><strong>qui</strong></span> <span class='ocrx_word' id='word_1_503' title='bbox 1598 3269 1788 3324; x_wconf 90' lang='lat' dir='ltr'><strong>didicit</strong></span> <span class='ocrx_word' id='word_1_504' title='bbox 1821 3285 1852 3324; x_wconf 88' lang='lat' dir='ltr'><strong>a</strong></span> <span class='ocrx_word' id='word_1_505' title='bbox 1879 3268 2064 3334; x_wconf 87' lang='lat' dir='ltr'><strong>Patre,</strong></span> <span class='ocrx_word' id='word_1_506' title='bbox 2093 3285 2125 3324; x_wconf 93' lang='lat' dir='ltr'><strong>a</strong></span> 
     </span>
    </p>
   </div>
   <div class='ocr_carea' id='block_1_61' title="bbox 559 3357 2124 3430">
    <p class='ocr_par' dir='ltr' id='par_1_61' title="bbox 559 3357 2124 3430">
     <span class='ocr_line' id='line_1_61' title="bbox 559 3357 2124 3430; baseline 0.001 -17"><span class='ocrx_word' id='word_1_507' title='bbox 559 3357 698 3415; x_wconf 75' lang='lat' dir='ltr'><strong>Filio</strong></span> <span class='ocrx_word' id='word_1_508' title='bbox 729 3375 947 3430; x_wconf 87' lang='lat' dir='ltr'><strong>quoque</strong></span> <span class='ocrx_word' id='word_1_509' title='bbox 975 3359 1161 3423; x_wconf 87' lang='lat' dir='ltr'><strong>discit,</strong></span> <span class='ocrx_word' id='word_1_510' title='bbox 1193 3367 1246 3414; x_wconf 92' lang='lat' dir='ltr'><strong>et</strong></span> <span class='ocrx_word' id='word_1_511' title='bbox 1271 3374 1303 3412; x_wconf 92' lang='lat' dir='ltr'><strong>a</strong></span> <span class='ocrx_word' id='word_1_512' title='bbox 1339 3357 1548 3430; x_wconf 85' lang='lat' dir='ltr'><strong>Spiritu</strong></span> <span class='ocrx_word' id='word_1_513' title='bbox 1575 3367 1765 3415; x_wconf 88' lang='lat' dir='ltr'><strong>sancto</strong></span> <span class='ocrx_word' id='word_1_514' title='bbox 1809 3379 1822 3414; x_wconf 90' lang='lat'><strong>:</strong></span> <span class='ocrx_word' id='word_1_515' title='bbox 1856 3359 2124 3430; x_wconf 75' lang='lat' dir='ltr'><strong>siquidem</strong></span> 
     </span>
    </p>
   </div>
   <div class='ocr_carea' id='block_1_62' title="bbox 559 3449 2122 3522">
    <p class='ocr_par' dir='ltr' id='par_1_62' title="bbox 559 3449 2122 3522">
     <span class='ocr_line' id='line_1_62' title="bbox 559 3449 2122 3522; baseline -0.001 -16"><span class='ocrx_word' id='word_1_516' title='bbox 559 3466 682 3506; x_wconf 84' lang='lat' dir='ltr'><strong>cum</strong></span> <span class='ocrx_word' id='word_1_517' title='bbox 709 3451 907 3507; x_wconf 80' lang='lat' dir='ltr'><strong>dixerit</strong></span> <span class='ocrx_word' id='word_1_518' title='bbox 941 3451 1194 3506; x_wconf 74' lang='lat' dir='ltr'><strong>Christus</strong></span> <span class='ocrx_word' id='word_1_519' title='bbox 1223 3468 1238 3506; x_wconf 88' lang='lat'><strong>:</strong></span> <span class='ocrx_word' id='word_1_520' title='bbox 1265 3469 1284 3502; x_wconf 73' lang='grc' dir='ltr'><strong>ι</strong></span> <span class='ocrx_word' id='word_1_521' title='bbox 1320 3449 1440 3506; x_wconf 89' lang='lat' dir='ltr'><strong>Non</strong></span> <span class='ocrx_word' id='word_1_522' title='bbox 1473 3465 1569 3506; x_wconf 86' lang='lat' dir='ltr'><strong>vos</strong></span> <span class='ocrx_word' id='word_1_523' title='bbox 1610 3452 1744 3507; x_wconf 89' lang='lat' dir='ltr'><strong>estis</strong></span> <span class='ocrx_word' id='word_1_524' title='bbox 1799 3451 1894 3522; x_wconf 90' lang='lat' dir='ltr'><strong>qui</strong></span> <span class='ocrx_word' id='word_1_525' title='bbox 1945 3450 2122 3521; x_wconf 87' lang='lat' dir='ltr'><strong>loqui-</strong></span> 
     </span>
    </p>
   </div>
   <div class='ocr_carea' id='block_1_63' title="bbox 559 3543 2126 3616">
    <p class='ocr_par' dir='ltr' id='par_1_63' title="bbox 559 3543 2126 3616">
     <span class='ocr_line' id='line_1_63' title="bbox 559 3543 2126 3616; baseline -0.001 -16"><span class='ocrx_word' id='word_1_526' title='bbox 559 3545 714 3608; x_wconf 85' lang='lat' dir='ltr'><strong>mini,</strong></span> <span class='ocrx_word' id='word_1_527' title='bbox 743 3545 836 3601; x_wconf 87' lang='lat' dir='ltr'><strong>sed</strong></span> <span class='ocrx_word' id='word_1_528' title='bbox 869 3543 1108 3616; x_wconf 86' lang='lat' dir='ltr'><strong>Spiritus</strong></span> <span class='ocrx_word' id='word_1_529' title='bbox 1135 3543 1316 3599; x_wconf 86' lang='lat' dir='ltr'><strong>Patris</strong></span> <span class='ocrx_word' id='word_1_530' title='bbox 1343 3545 1528 3611; x_wconf 73' lang='lat' dir='ltr'><strong>vestri,</strong></span> <span class='ocrx_word' id='word_1_531' title='bbox 1551 3545 1645 3614; x_wconf 90' lang='lat' dir='ltr'><strong>qui</strong></span> <span class='ocrx_word' id='word_1_532' title='bbox 1677 3545 1918 3616; x_wconf 90' lang='lat' dir='ltr'><strong>loquitur</strong></span> <span class='ocrx_word' id='word_1_533' title='bbox 1949 3545 2003 3598; x_wconf 91' lang='lat' dir='ltr'><strong>in</strong></span> <span class='ocrx_word' id='word_1_534' title='bbox 2030 3560 2126 3599; x_wconf 86' lang='lat' dir='ltr'><strong>vo-</strong></span> 
     </span>
    </p>
   </div>
   <div class='ocr_carea' id='block_1_64' title="bbox 559 3635 2125 3705">
    <p class='ocr_par' dir='ltr' id='par_1_64' title="bbox 559 3635 2125 3705">
     <span class='ocr_line' id='line_1_64' title="bbox 559 3635 2125 3705; baseline -0.003 -13"><span class='ocrx_word' id='word_1_535' title='bbox 559 3637 644 3694; x_wconf 86' lang='lat' dir='ltr'><strong>bis</strong></span> <span class='ocrx_word' id='word_1_536' title='bbox 667 3638 732 3692; x_wconf 80' lang='grc'><strong>¹³.</strong></span> <span class='ocrx_word' id='word_1_537' title='bbox 771 3657 790 3689; x_wconf 76' lang='grc' dir='ltr'><strong>ι</strong></span> <span class='ocrx_word' id='word_1_538' title='bbox 825 3635 1061 3693; x_wconf 87' lang='lat' dir='ltr'><strong>Sanctus</strong></span> <span class='ocrx_word' id='word_1_539' title='bbox 1092 3635 1292 3691; x_wconf 88' lang='lat' dir='ltr'><strong>Paulus</strong></span> <span class='ocrx_word' id='word_1_540' title='bbox 1321 3635 1492 3690; x_wconf 89' lang='lat' dir='ltr'><strong>dicit:</strong></span> <span class='ocrx_word' id='word_1_541' title='bbox 1522 3655 1541 3688; x_wconf 79' lang='grc' dir='ltr'><strong>ι</strong></span> <span class='ocrx_word' id='word_1_542' title='bbox 1571 3635 1652 3690; x_wconf 78' lang='lat' dir='ltr'><strong>An</strong></span> <span class='ocrx_word' id='word_1_543' title='bbox 1689 3636 2125 3705; x_wconf 76' lang='lat' dir='ltr'><strong>experimentum</strong></span> 
     </span>
    </p>
   </div>
   <div class='ocr_carea' id='block_1_65' title="bbox 557 3726 2126 3800">
    <p class='ocr_par' dir='ltr' id='par_1_65' title="bbox 557 3726 2126 3800">
     <span class='ocr_line' id='line_1_65' title="bbox 557 3726 2126 3800; baseline -0.001 -17"><span class='ocrx_word' id='word_1_544' title='bbox 557 3728 804 3800; x_wconf 60' lang='lat' dir='ltr'><strong>quaeritis</strong></span> <span class='ocrx_word' id='word_1_545' title='bbox 853 3729 973 3798; x_wconf 90' lang='lat' dir='ltr'><strong>ejus</strong></span> <span class='ocrx_word' id='word_1_546' title='bbox 1005 3727 1099 3797; x_wconf 86' lang='lat' dir='ltr'><strong>qui</strong></span> <span class='ocrx_word' id='word_1_547' title='bbox 1133 3727 1376 3798; x_wconf 80' lang='lat' dir='ltr'><strong>loquitur</strong></span> <span class='ocrx_word' id='word_1_548' title='bbox 1406 3727 1462 3781; x_wconf 93' lang='lat' dir='ltr'><strong>in</strong></span> <span class='ocrx_word' id='word_1_549' title='bbox 1493 3742 1579 3782; x_wconf 91' lang='lat' dir='ltr'><strong>me</strong></span> <span class='ocrx_word' id='word_1_550' title='bbox 1611 3727 1815 3782; x_wconf 85' lang='lat' dir='ltr'><strong>Christi</strong></span> <span class='ocrx_word' id='word_1_551' title='bbox 1845 3727 1934 3780; x_wconf 74' lang='lat' dir='ltr'><strong>“‘I</strong></span> <span class='ocrx_word' id='word_1_552' title='bbox 1967 3747 1985 3779; x_wconf 71' lang='grc' dir='ltr'><strong>ι</strong></span> <span class='ocrx_word' id='word_1_553' title='bbox 2015 3726 2126 3782; x_wconf 78' lang='lat' dir='ltr'><strong>Au-</strong></span> 
     </span>
    </p>
   </div>
   <div class='ocr_carea' id='block_1_66' title="bbox 555 3817 2122 3890">
    <p class='ocr_par' dir='ltr' id='par_1_66' title="bbox 555 3817 2122 3890">
     <span class='ocr_line' id='line_1_66' title="bbox 555 3817 2122 3890; baseline -0.001 -13"><span class='ocrx_word' id='word_1_554' title='bbox 555 3821 640 3878; x_wconf 76' lang='lat' dir='ltr'><strong>dis</strong></span> <span class='ocrx_word' id='word_1_555' title='bbox 664 3819 866 3876; x_wconf 89' lang='lat' dir='ltr'><strong>Christi</strong></span> <span class='ocrx_word' id='word_1_556' title='bbox 891 3819 1196 3874; x_wconf 87' lang='lat' dir='ltr'><strong>doctrinam</strong></span> <span class='ocrx_word' id='word_1_557' title='bbox 1218 3834 1340 3874; x_wconf 86' lang='lat' dir='ltr'><strong>esse</strong></span> <span class='ocrx_word' id='word_1_558' title='bbox 1358 3835 1420 3874; x_wconf 87' lang='lat' dir='ltr'><strong>ea</strong></span> <span class='ocrx_word' id='word_1_559' title='bbox 1443 3835 1564 3890; x_wconf 68' lang='lat' dir='ltr'><strong>quae</strong></span> <span class='ocrx_word' id='word_1_560' title='bbox 1586 3819 1824 3890; x_wconf 91' lang='lat' dir='ltr'><strong>loquitur</strong></span> <span class='ocrx_word' id='word_1_561' title='bbox 1845 3817 2082 3890; x_wconf 81' lang='lat' dir='ltr'><strong>Spiritus</strong></span> <span class='ocrx_word' id='word_1_562' title='bbox 2107 3837 2122 3875; x_wconf 87' lang='lat'><strong>:</strong></span> 
     </span>
    </p>
   </div>
   <div class='ocr_carea' id='block_1_67' title="bbox 555 3909 2124 3982">
    <p class='ocr_par' dir='ltr' id='par_1_67' title="bbox 555 3909 2124 3982">
     <span class='ocr_line' id='line_1_67' title="bbox 555 3909 2124 3982; baseline -0.001 -14"><span class='ocrx_word' id='word_1_563' title='bbox 555 3924 609 3968; x_wconf 84' lang='lat' dir='ltr'><strong>et</strong></span> <span class='ocrx_word' id='word_1_564' title='bbox 653 3914 830 3968; x_wconf 88' lang='lat' dir='ltr'><strong>Patris</strong></span> <span class='ocrx_word' id='word_1_565' title='bbox 860 3912 1164 3967; x_wconf 80' lang='lat' dir='ltr'><strong>doctrinam</strong></span> <span class='ocrx_word' id='word_1_566' title='bbox 1197 3927 1340 3975; x_wconf 80' lang='lat' dir='ltr'><strong>esse,</strong></span> <span class='ocrx_word' id='word_1_567' title='bbox 1376 3926 1440 3968; x_wconf 91' lang='lat' dir='ltr'><strong>ea</strong></span> <span class='ocrx_word' id='word_1_568' title='bbox 1474 3926 1596 3982; x_wconf 76' lang='lat' dir='ltr'><strong>quae</strong></span> <span class='ocrx_word' id='word_1_569' title='bbox 1624 3909 1879 3968; x_wconf 88' lang='lat' dir='ltr'><strong>Christus</strong></span> <span class='ocrx_word' id='word_1_570' title='bbox 1906 3921 1960 3966; x_wconf 88' lang='lat' dir='ltr'><strong>et</strong></span> <span class='ocrx_word' id='word_1_571' title='bbox 1997 3912 2124 3982; x_wconf 81' lang='lat' dir='ltr'><strong>Spi-</strong></span> 
     </span>
    </p>
   </div>
   <div class='ocr_carea' id='block_1_68' title="bbox 557 4002 2122 4074">
    <p class='ocr_par' dir='ltr' id='par_1_68' title="bbox 557 4002 2122 4074">
     <span class='ocr_line' id='line_1_68' title="bbox 557 4002 2122 4074; baseline -0.002 -15"><span class='ocrx_word' id='word_1_572' title='bbox 557 4007 694 4060; x_wconf 87' lang='lat' dir='ltr'><strong>ritus</strong></span> <span class='ocrx_word' id='word_1_573' title='bbox 718 4005 1034 4074; x_wconf 89' lang='lat' dir='ltr'><strong>loquuntur.</strong></span> <span class='ocrx_word' id='word_1_574' title='bbox 1061 4002 1216 4070; x_wconf 85' lang='lat' dir='ltr'><strong>Quod</strong></span> <span class='ocrx_word' id='word_1_575' title='bbox 1240 4003 1286 4058; x_wconf 90' lang='lat' dir='ltr'><strong>si</strong></span> <span class='ocrx_word' id='word_1_576' title='bbox 1308 4003 1382 4058; x_wconf 87' lang='lat' dir='ltr'><strong>ita</strong></span> <span class='ocrx_word' id='word_1_577' title='bbox 1407 4011 1512 4070; x_wconf 88' lang='lat' dir='ltr'><strong>est,</strong></span> <span class='ocrx_word' id='word_1_578' title='bbox 1534 4018 1655 4074; x_wconf 66' lang='lat' dir='ltr'><strong>qua:</strong></span> <span class='ocrx_word' id='word_1_579' title='bbox 1683 4003 1922 4070; x_wconf 82' lang='lat' dir='ltr'><strong>loquitur</strong></span> <span class='ocrx_word' id='word_1_580' title='bbox 1940 4002 2122 4067; x_wconf 88' lang='lat' dir='ltr'><strong>Pater,</strong></span> 
     </span>
    </p>
   </div>
   <div class='ocr_carea' id='block_1_69' title="bbox 555 4089 2124 4164">
    <p class='ocr_par' dir='ltr' id='par_1_69' title="bbox 555 4089 2124 4164">
     <span class='ocr_line' id='line_1_69' title="bbox 555 4089 2124 4164; baseline -0.001 -14"><span class='ocrx_word' id='word_1_581' title='bbox 555 4103 609 4150; x_wconf 86' lang='lat' dir='ltr'><strong>et</strong></span> <span class='ocrx_word' id='word_1_582' title='bbox 636 4089 830 4158; x_wconf 78' lang='lat' dir='ltr'><strong>Filius,</strong></span> <span class='ocrx_word' id='word_1_583' title='bbox 857 4101 912 4149; x_wconf 87' lang='lat' dir='ltr'><strong>et</strong></span> <span class='ocrx_word' id='word_1_584' title='bbox 943 4091 1182 4164; x_wconf 83' lang='lat' dir='ltr'><strong>Spiritus</strong></span> <span class='ocrx_word' id='word_1_585' title='bbox 1211 4107 1458 4156; x_wconf 81' lang='lat' dir='ltr'><strong>sanetus,</strong></span> <span class='ocrx_word' id='word_1_586' title='bbox 1490 4100 1618 4149; x_wconf 85' lang='lat' dir='ltr'><strong>sunt</strong></span> <span class='ocrx_word' id='word_1_587' title='bbox 1651 4091 1934 4164; x_wconf 90' lang='lat' dir='ltr'><strong>Scriptura</strong></span> <span class='ocrx_word' id='word_1_588' title='bbox 1962 4107 1993 4147; x_wconf 91' lang='lat' dir='ltr'><strong>a</strong></span> <span class='ocrx_word' id='word_1_589' title='bbox 2015 4091 2124 4149; x_wconf 89' lang='lat' dir='ltr'><strong>Deo</strong></span> 
     </span>
    </p>
   </div>
   <div class='ocr_carea' id='block_1_70' title="bbox 558 4186 842 4256">
    <p class='ocr_par' dir='ltr' id='par_1_70' title="bbox 558 4186 842 4256">
     <span class='ocr_line' id='line_1_70' title="bbox 558 4186 842 4256; baseline -0.007 -17"><span class='ocrx_word' id='word_1_590' title='bbox 558 4186 842 4256; x_wconf 86' lang='lat' dir='ltr'><strong>inspirata.</strong></span> 
     </span>
    </p>
   </div>
   <div class='ocr_carea' id='block_1_71' title="bbox 626 4355 2112 4428">
    <p class='ocr_par' dir='ltr' id='par_1_71' title="bbox 626 4355 2112 4428">
     <span class='ocr_line' id='line_1_71' title="bbox 626 4355 2112 4428; baseline 0 -16"><span class='ocrx_word' id='word_1_591' title='bbox 626 4357 716 4413; x_wconf 84' lang='grc'><strong>22.</strong></span> <span class='ocrx_word' id='word_1_592' title='bbox 752 4355 962 4413; x_wconf 78' lang='lat' dir='ltr'><strong>Maced.</strong></span> <span class='ocrx_word' id='word_1_593' title='bbox 994 4359 1126 4413; x_wconf 92' lang='lat' dir='ltr'><strong>Cum</strong></span> <span class='ocrx_word' id='word_1_594' title='bbox 1163 4372 1295 4428; x_wconf 78' lang='lat' dir='ltr'><strong>ergo</strong></span> <span class='ocrx_word' id='word_1_595' title='bbox 1327 4357 1459 4412; x_wconf 90' lang='lat' dir='ltr'><strong>dicit</strong></span> <span class='ocrx_word' id='word_1_596' title='bbox 1490 4356 1653 4413; x_wconf 90' lang='lat' dir='ltr'><strong>Pater</strong></span> <span class='ocrx_word' id='word_1_597' title='bbox 1680 4399 1696 4421; x_wconf 89' lang='lat'><strong>,</strong></span> <span class='ocrx_word' id='word_1_598' title='bbox 1727 4376 1747 4408; x_wconf 74' lang='grc' dir='ltr'><strong>ι</strong></span> <span class='ocrx_word' id='word_1_599' title='bbox 1788 4355 1888 4412; x_wconf 81' lang='lat' dir='ltr'><strong>Hic</strong></span> <span class='ocrx_word' id='word_1_600' title='bbox 1913 4364 1996 4412; x_wconf 88' lang='lat' dir='ltr'><strong>est</strong></span> <span class='ocrx_word' id='word_1_601' title='bbox 2033 4355 2112 4412; x_wconf 86' lang='lat' dir='ltr'><strong>Fi-</strong></span> 
     </span>
    </p>
   </div>
   <div class='ocr_carea' id='block_1_72' title="bbox 557 4449 2116 4522">
    <p class='ocr_par' dir='ltr' id='par_1_72' title="bbox 557 4449 2116 4522">
     <span class='ocr_line' id='line_1_72' title="bbox 557 4449 2116 4522; baseline -0.004 -16"><span class='ocrx_word' id='word_1_602' title='bbox 557 4453 664 4508; x_wconf 88' lang='lat' dir='ltr'><strong>lius</strong></span> <span class='ocrx_word' id='word_1_603' title='bbox 690 4467 840 4506; x_wconf 85' lang='lat' dir='ltr'><strong>meus</strong></span> <span class='ocrx_word' id='word_1_604' title='bbox 863 4450 1116 4514; x_wconf 87' lang='lat' dir='ltr'><strong>dilectus,</strong></span> <span class='ocrx_word' id='word_1_605' title='bbox 1145 4452 1200 4506; x_wconf 93' lang='lat' dir='ltr'><strong>in</strong></span> <span class='ocrx_word' id='word_1_606' title='bbox 1221 4465 1330 4522; x_wconf 89' lang='lat' dir='ltr'><strong>quo</strong></span> <span class='ocrx_word' id='word_1_607' title='bbox 1353 4451 1483 4506; x_wconf 92' lang='lat' dir='ltr'><strong>mihi</strong></span> <span class='ocrx_word' id='word_1_608' title='bbox 1516 4451 1653 4506; x_wconf 89' lang='lat' dir='ltr'><strong>bene</strong></span> <span class='ocrx_word' id='word_1_609' title='bbox 1673 4449 1976 4521; x_wconf 86' lang='lat' dir='ltr'><strong>complacui</strong></span> <span class='ocrx_word' id='word_1_610' title='bbox 2003 4451 2070 4514; x_wconf 76' lang='grc'><strong>’⁵,</strong></span> <span class='ocrx_word' id='word_1_611' title='bbox 2099 4469 2116 4500; x_wconf 72' lang='grc' dir='ltr'><strong>ι</strong></span> 
     </span>
    </p>
   </div>
   <div class='ocr_carea' id='block_1_73' title="bbox 554 4527 2198 4614">
    <p class='ocr_par' dir='ltr' id='par_1_73' title="bbox 554 4527 2198 4614">
     <span class='ocr_line' id='line_1_73' title="bbox 554 4527 2198 4614; baseline -0.003 -13"><span class='ocrx_word' id='word_1_612' title='bbox 554 4544 661 4602; x_wconf 80' lang='lat' dir='ltr'><strong>hoc</strong></span> <span class='ocrx_word' id='word_1_613' title='bbox 689 4544 822 4598; x_wconf 92' lang='lat' dir='ltr'><strong>dicit</strong></span> <span class='ocrx_word' id='word_1_614' title='bbox 857 4542 1038 4610; x_wconf 86' lang='lat' dir='ltr'><strong>Pater,</strong></span> <span class='ocrx_word' id='word_1_615' title='bbox 1066 4543 1260 4608; x_wconf 86' lang='lat' dir='ltr'><strong>Filius,</strong></span> <span class='ocrx_word' id='word_1_616' title='bbox 1295 4552 1350 4600; x_wconf 89' lang='lat' dir='ltr'><strong>et</strong></span> <span class='ocrx_word' id='word_1_617' title='bbox 1388 4543 1627 4614; x_wconf 91' lang='lat' dir='ltr'><strong>Spiritus</strong></span> <span class='ocrx_word' id='word_1_618' title='bbox 1665 4552 1914 4599; x_wconf 92' lang='lat' dir='ltr'><strong>sanctus.</strong></span> <span class='ocrx_word' id='word_1_619' title='bbox 1963 4542 2119 4598; x_wconf 79' lang='lat' dir='ltr'><strong>Orth.</strong></span> <span class='ocrx_word' id='word_1_620' title='bbox 2151 4527 2198 4585; x_wconf 85' lang='grc' dir='ltr'><strong>Ῑ)</strong></span> 
     </span>
    </p>
   </div>
   <div class='ocr_carea' id='block_1_74' title="bbox 555 4635 2097 4706">
    <p class='ocr_par' dir='ltr' id='par_1_74' title="bbox 555 4635 2097 4706">
     <span class='ocr_line' id='line_1_74' title="bbox 555 4635 2097 4706; baseline -0.001 -14"><span class='ocrx_word' id='word_1_621' title='bbox 555 4636 812 4705; x_wconf 72' lang='grc' dir='ltr'>ρυωᾶειη</span> <span class='ocrx_word' id='word_1_622' title='bbox 833 4643 961 4692; x_wconf 90' lang='lat' dir='ltr'><strong>sunt</strong></span> <span class='ocrx_word' id='word_1_623' title='bbox 989 4651 1146 4692; x_wconf 89' lang='lat' dir='ltr'><strong>voces</strong></span> <span class='ocrx_word' id='word_1_624' title='bbox 1169 4637 1400 4706; x_wconf 78' lang='lat' dir='ltr'><strong>pr0pri:e</strong></span> <span class='ocrx_word' id='word_1_625' title='bbox 1421 4635 1623 4699; x_wconf 85' lang='lat' dir='ltr'><strong>Patris,</strong></span> <span class='ocrx_word' id='word_1_626' title='bbox 1647 4644 1700 4692; x_wconf 90' lang='lat' dir='ltr'><strong>et</strong></span> <span class='ocrx_word' id='word_1_627' title='bbox 1724 4637 1970 4706; x_wconf 69' lang='lat' dir='ltr'><strong>quaedam</strong></span> <span class='ocrx_word' id='word_1_628' title='bbox 1996 4650 2097 4706; x_wconf 90' lang='lat' dir='ltr'><strong>pro</strong></span> 
     </span>
    </p>
   </div>
   <div class='ocr_carea' id='block_1_75' title="bbox 555 4727 2110 4800">
    <p class='ocr_par' dir='ltr' id='par_1_75' title="bbox 555 4727 2110 4800">
     <span class='ocr_line' id='line_1_75' title="bbox 555 4727 2110 4800; baseline 0 -17"><span class='ocrx_word' id='word_1_629' title='bbox 555 4729 686 4800; x_wconf 68' lang='lat' dir='ltr'><strong>prim</strong></span> <span class='ocrx_word' id='word_1_630' title='bbox 710 4741 871 4783; x_wconf 90' lang='lat' dir='ltr'><strong>voces</strong></span> <span class='ocrx_word' id='word_1_631' title='bbox 891 4727 1036 4792; x_wconf 87' lang='lat' dir='ltr'><strong>Filii,</strong></span> <span class='ocrx_word' id='word_1_632' title='bbox 1061 4735 1116 4782; x_wconf 91' lang='lat' dir='ltr'><strong>et</strong></span> <span class='ocrx_word' id='word_1_633' title='bbox 1134 4728 1380 4798; x_wconf 62' lang='lat' dir='ltr'><strong>quadam</strong></span> <span class='ocrx_word' id='word_1_634' title='bbox 1403 4743 1565 4782; x_wconf 88' lang='lat' dir='ltr'><strong>voces</strong></span> <span class='ocrx_word' id='word_1_635' title='bbox 1587 4727 1826 4798; x_wconf 86' lang='lat' dir='ltr'><strong>Spiritus</strong></span> <span class='ocrx_word' id='word_1_636' title='bbox 1841 4727 2110 4798; x_wconf 67' lang='lat' dir='ltr'><strong>pr0priae:</strong></span> 
     </span>
    </p>
   </div>
   <div class='ocr_carea' id='block_1_76' title="bbox 551 4817 2126 4891">
    <p class='ocr_par' dir='ltr' id='par_1_76' title="bbox 551 4817 2126 4891">
     <span class='ocr_line' id='line_1_76' title="bbox 551 4817 2126 4891; baseline -0.001 -14"><span class='ocrx_word' id='word_1_637' title='bbox 551 4828 681 4878; x_wconf 86' lang='lat' dir='ltr'><strong>sunt</strong></span> <span class='ocrx_word' id='word_1_638' title='bbox 721 4827 775 4874; x_wconf 87' lang='lat' dir='ltr'><strong>et</strong></span> <span class='ocrx_word' id='word_1_639' title='bbox 814 4817 1061 4890; x_wconf 60' lang='lat' dir='ltr'><strong>quaedam</strong></span> <span class='ocrx_word' id='word_1_640' title='bbox 1087 4819 1256 4883; x_wconf 88' lang='lat' dir='ltr'><strong>Patri,</strong></span> <span class='ocrx_word' id='word_1_641' title='bbox 1288 4829 1341 4874; x_wconf 83' lang='lat' dir='ltr'><strong>et</strong></span> <span class='ocrx_word' id='word_1_642' title='bbox 1371 4818 1532 4884; x_wconf 90' lang='lat' dir='ltr'><strong>Filio,</strong></span> <span class='ocrx_word' id='word_1_643' title='bbox 1568 4829 1623 4876; x_wconf 80' lang='lat' dir='ltr'><strong>et</strong></span> <span class='ocrx_word' id='word_1_644' title='bbox 1659 4819 1890 4891; x_wconf 91' lang='lat' dir='ltr'><strong>Spiritui</strong></span> <span class='ocrx_word' id='word_1_645' title='bbox 1930 4828 2126 4876; x_wconf 86' lang='lat' dir='ltr'><strong>sancto</strong></span> 
     </span>
    </p>
   </div>
   <div class='ocr_carea' id='block_1_77' title="bbox 552 4910 2128 4982">
    <p class='ocr_par' dir='ltr' id='par_1_77' title="bbox 552 4910 2128 4982">
     <span class='ocr_line' id='line_1_77' title="bbox 552 4910 2128 4982; baseline 0.003 -17"><span class='ocrx_word' id='word_1_646' title='bbox 552 4925 892 4966; x_wconf 91' lang='lat' dir='ltr'><strong>communes.</strong></span> <span class='ocrx_word' id='word_1_647' title='bbox 929 4910 1063 4965; x_wconf 87' lang='lat' dir='ltr'><strong>Cum</strong></span> <span class='ocrx_word' id='word_1_648' title='bbox 1092 4911 1278 4982; x_wconf 75' lang='lat' dir='ltr'><strong>igitur,</strong></span> <span class='ocrx_word' id='word_1_649' title='bbox 1307 4917 1367 4966; x_wconf 91' lang='lat' dir='ltr'><strong>ut</strong></span> <span class='ocrx_word' id='word_1_650' title='bbox 1409 4919 1466 4965; x_wconf 91' lang='lat' dir='ltr'><strong>tu</strong></span> <span class='ocrx_word' id='word_1_651' title='bbox 1518 4913 1671 4982; x_wconf 89' lang='lat' dir='ltr'><strong>prius</strong></span> <span class='ocrx_word' id='word_1_652' title='bbox 1717 4913 1924 4976; x_wconf 84' lang='lat' dir='ltr'><strong>dixisti,</strong></span> <span class='ocrx_word' id='word_1_653' title='bbox 1970 4913 2128 4969; x_wconf 90' lang='lat' dir='ltr'><strong>Pater</strong></span> 
     </span>
    </p>
   </div>
   <div class='ocr_carea' id='block_1_78' title="bbox 552 5000 2120 5075">
    <p class='ocr_par' dir='ltr' id='par_1_78' title="bbox 552 5000 2120 5075">
     <span class='ocr_line' id='line_1_78' title="bbox 552 5000 2120 5075; baseline 0.003 -19"><span class='ocrx_word' id='word_1_654' title='bbox 552 5001 770 5072; x_wconf 89' lang='lat' dir='ltr'><strong>inquit,</strong></span> <span class='ocrx_word' id='word_1_655' title='bbox 804 5021 822 5053; x_wconf 74' lang='grc' dir='ltr'><strong>ι</strong></span> <span class='ocrx_word' id='word_1_656' title='bbox 861 5000 962 5056; x_wconf 84' lang='lat' dir='ltr'><strong>Hic</strong></span> <span class='ocrx_word' id='word_1_657' title='bbox 991 5009 1077 5058; x_wconf 86' lang='lat' dir='ltr'><strong>est</strong></span> <span class='ocrx_word' id='word_1_658' title='bbox 1099 5000 1272 5057; x_wconf 90' lang='lat' dir='ltr'><strong>Filius</strong></span> <span class='ocrx_word' id='word_1_659' title='bbox 1295 5019 1449 5058; x_wconf 85' lang='lat' dir='ltr'><strong>meus</strong></span> <span class='ocrx_word' id='word_1_660' title='bbox 1488 5003 1742 5067; x_wconf 87' lang='lat' dir='ltr'><strong>dilectus,</strong></span> <span class='ocrx_word' id='word_1_661' title='bbox 1769 5004 1824 5058; x_wconf 72' lang='lat' dir='ltr'><strong>ivi</strong></span> <span class='ocrx_word' id='word_1_662' title='bbox 1849 5020 1958 5075; x_wconf 87' lang='lat' dir='ltr'><strong>quo</strong></span> <span class='ocrx_word' id='word_1_663' title='bbox 1987 5004 2120 5060; x_wconf 88' lang='lat' dir='ltr'><strong>mihi</strong></span> 
     </span>
    </p>
   </div>
   <div class='ocr_carea' id='block_1_79' title="bbox 552 5092 2122 5166">
    <p class='ocr_par' dir='ltr' id='par_1_79' title="bbox 552 5092 2122 5166">
     <span class='ocr_line' id='line_1_79' title="bbox 552 5092 2122 5166; baseline 0.002 -16"><span class='ocrx_word' id='word_1_664' title='bbox 552 5092 691 5150; x_wconf 88' lang='lat' dir='ltr'><strong>bene</strong></span> <span class='ocrx_word' id='word_1_665' title='bbox 718 5095 1045 5162; x_wconf 86' lang='lat' dir='ltr'><strong>complacui,</strong></span> <span class='ocrx_word' id='word_1_666' title='bbox 1086 5115 1106 5147; x_wconf 77' lang='grc' dir='ltr'><strong>ι</strong></span> <span class='ocrx_word' id='word_1_667' title='bbox 1145 5095 1262 5150; x_wconf 68' lang='lat' dir='ltr'><strong>haec</strong></span> <span class='ocrx_word' id='word_1_668' title='bbox 1300 5104 1386 5150; x_wconf 78' lang='lat' dir='ltr'><strong>est</strong></span> <span class='ocrx_word' id='word_1_669' title='bbox 1416 5095 1592 5166; x_wconf 89' lang='lat' dir='ltr'><strong>ipsius</strong></span> <span class='ocrx_word' id='word_1_670' title='bbox 1622 5095 1801 5152; x_wconf 89' lang='lat' dir='ltr'><strong>Patris</strong></span> <span class='ocrx_word' id='word_1_671' title='bbox 1832 5114 1958 5154; x_wconf 81' lang='lat' dir='ltr'><strong>vox.</strong></span> <span class='ocrx_word' id='word_1_672' title='bbox 1985 5099 2122 5153; x_wconf 87' lang='lat' dir='ltr'><strong>Item</strong></span> 
     </span>
    </p>
   </div>
   <div class='ocr_carea' id='block_1_80' title="bbox 553 5185 2124 5263">
    <p class='ocr_par' dir='ltr' id='par_1_80' title="bbox 553 5185 2124 5263">
     <span class='ocr_line' id='line_1_80' title="bbox 553 5185 2124 5263; baseline 0.004 -24"><span class='ocrx_word' id='word_1_673' title='bbox 553 5201 678 5240; x_wconf 90' lang='lat' dir='ltr'><strong>cum</strong></span> <span class='ocrx_word' id='word_1_674' title='bbox 710 5185 888 5256; x_wconf 87' lang='lat' dir='ltr'><strong>inquit</strong></span> <span class='ocrx_word' id='word_1_675' title='bbox 921 5226 938 5252; x_wconf 94' lang='lat'><strong>,</strong></span> <span class='ocrx_word' id='word_1_676' title='bbox 973 5205 992 5238; x_wconf 73' lang='grc' dir='ltr'><strong>ι</strong></span> <span class='ocrx_word' id='word_1_677' title='bbox 1031 5186 1170 5242; x_wconf 88' lang='lat' dir='ltr'><strong>Ecce</strong></span> <span class='ocrx_word' id='word_1_678' title='bbox 1215 5203 1352 5258; x_wconf 89' lang='lat' dir='ltr'><strong>puer</strong></span> <span class='ocrx_word' id='word_1_679' title='bbox 1399 5205 1555 5246; x_wconf 86' lang='lat' dir='ltr'><strong>meus</strong></span> <span class='ocrx_word' id='word_1_680' title='bbox 1605 5190 1858 5256; x_wconf 88' lang='lat' dir='ltr'><strong>dilectus,</strong></span> <span class='ocrx_word' id='word_1_681' title='bbox 1907 5194 1962 5248; x_wconf 81' lang='lat' dir='ltr'><strong>in</strong></span> <span class='ocrx_word' id='word_1_682' title='bbox 2014 5207 2124 5263; x_wconf 91' lang='lat' dir='ltr'><strong>quo</strong></span> 
     </span>
    </p>
   </div>
   <div class='ocr_carea' id='block_1_81' title="bbox 2227 3265 3806 3349">
    <p class='ocr_par' dir='ltr' id='par_1_81' title="bbox 2227 3265 3806 3349">
     <span class='ocr_line' id='line_1_81' title="bbox 2227 3265 3806 3349; baseline -0.009 -16"><span class='ocrx_word' id='word_1_683' title='bbox 2227 3277 2438 3349; x_wconf 88' lang='grc' dir='ltr'>Πατρὸς</span> <span class='ocrx_word' id='word_1_684' title='bbox 2508 3275 2604 3329; x_wconf 77' lang='grc' dir='ltr'><strong>καὶ</strong></span> <span class='ocrx_word' id='word_1_685' title='bbox 2677 3271 2832 3336; x_wconf 83' lang='grc' dir='ltr'>Υἱοῦ,</span> <span class='ocrx_word' id='word_1_686' title='bbox 2888 3269 3170 3341; x_wconf 78' lang='grc' dir='ltr'><strong>ἁγιάζεται</strong></span> <span class='ocrx_word' id='word_1_687' title='bbox 3259 3267 3463 3339; x_wconf 83' lang='grc' dir='ltr'>ὁμοίως</span> <span class='ocrx_word' id='word_1_688' title='bbox 3520 3269 3619 3321; x_wconf 76' lang='grc' dir='ltr'>καὶ</span> 
     </span>
    </p>
   </div>
   <div class='ocr_carea' id='block_1_82' title="bbox 2225 3357 3806 3437">
    <p class='ocr_par' dir='ltr' id='par_1_82' title="bbox 2225 3357 3806 3437">
     <span class='ocr_line' id='line_1_82' title="bbox 2225 3357 3806 3437; baseline -0.006 -15"><span class='ocrx_word' id='word_1_689' title='bbox 2225 3367 2317 3422; x_wconf 86' lang='grc' dir='ltr'><strong>τοῦ</strong></span> <span class='ocrx_word' id='word_1_690' title='bbox 2349 3366 2694 3437; x_wconf 76' lang='grc' dir='ltr'>Πνεύματοςο</span> <span class='ocrx_word' id='word_1_691' title='bbox 2732 3363 2905 3426; x_wconf 77' lang='grc' dir='ltr'>οὕτως</span> <span class='ocrx_word' id='word_1_692' title='bbox 2945 3365 2974 3416; x_wconf 94' lang='lat'><strong>6</strong></span> <span class='ocrx_word' id='word_1_693' title='bbox 3021 3359 3205 3433; x_wconf 82' lang='grc' dir='ltr'>μαθὼν</span> <span class='ocrx_word' id='word_1_694' title='bbox 3254 3358 3404 3430; x_wconf 85' lang='grc' dir='ltr'><strong>παρὰ</strong></span> <span class='ocrx_word' id='word_1_695' title='bbox 3459 3359 3674 3430; x_wconf 83' lang='grc' dir='ltr'>Πατρὸς</span> <span class='ocrx_word' id='word_1_696' title='bbox 3717 3357 3806 3412; x_wconf 72' lang='grc' dir='ltr'>καὶ</span> 
     </span>
    </p>
   </div>
   <div class='ocr_carea' id='block_1_83' title="bbox 2226 3449 3801 3527">
    <p class='ocr_par' dir='ltr' id='par_1_83' title="bbox 2226 3449 3801 3527">
     <span class='ocr_line' id='line_1_83' title="bbox 2226 3449 3801 3527; baseline -0.008 -11"><span class='ocrx_word' id='word_1_697' title='bbox 2226 3461 2378 3526; x_wconf 83' lang='grc' dir='ltr'>Υίοῦ,</span> <span class='ocrx_word' id='word_1_698' title='bbox 2418 3460 2512 3514; x_wconf 74' lang='grc' dir='ltr'><strong>καὶ</strong></span> <span class='ocrx_word' id='word_1_699' title='bbox 2562 3458 2716 3527; x_wconf 84' lang='grc' dir='ltr'>ἁγίου</span> <span class='ocrx_word' id='word_1_700' title='bbox 2763 3456 3080 3526; x_wconf 72' lang='grc' dir='ltr'><strong>Πνεῦμα-σος</strong></span> <span class='ocrx_word' id='word_1_701' title='bbox 3129 3452 3423 3525; x_wconf 71' lang='grc' dir='ltr'>μανθάνει·</span> <span class='ocrx_word' id='word_1_702' title='bbox 3477 3452 3671 3523; x_wconf 80' lang='grc' dir='ltr'>ἀμέλει</span> <span class='ocrx_word' id='word_1_703' title='bbox 3713 3449 3801 3502; x_wconf 83' lang='grc' dir='ltr'><strong>τοῦ</strong></span> 
     </span>
    </p>
   </div>
   <div class='ocr_carea' id='block_1_84' title="bbox 2224 3542 3804 3624">
    <p class='ocr_par' dir='ltr' id='par_1_84' title="bbox 2224 3542 3804 3624">
     <span class='ocr_line' id='line_1_84' title="bbox 2224 3542 3804 3624; baseline -0.008 -17"><span class='ocrx_word' id='word_1_704' title='bbox 2224 3551 2459 3624; x_wconf 75' lang='grc' dir='ltr'>Χριστοῦ</span> <span class='ocrx_word' id='word_1_705' title='bbox 2491 3549 2771 3621; x_wconf 76' lang='grc' dir='ltr'><strong>εἰρηκότος</strong></span> <span class='ocrx_word' id='word_1_706' title='bbox 2792 3589 2806 3612; x_wconf 93' lang='grc'><strong>,</strong></span> <span class='ocrx_word' id='word_1_707' title='bbox 2851 3548 2932 3600; x_wconf 87' lang='grc' dir='ltr'>ὃτι</span> <span class='ocrx_word' id='word_1_708' title='bbox 2976 3566 2994 3598; x_wconf 80' lang='grc' dir='ltr'><strong>ι</strong></span> <span class='ocrx_word' id='word_1_709' title='bbox 3027 3548 3140 3600; x_wconf 77' lang='grc' dir='ltr'>Οὐκ</span> <span class='ocrx_word' id='word_1_710' title='bbox 3172 3545 3296 3598; x_wconf 80' lang='grc' dir='ltr'>ἐστὲ</span> <span class='ocrx_word' id='word_1_711' title='bbox 3325 3545 3487 3616; x_wconf 78' lang='grc' dir='ltr'>ὑμεῖς</span> <span class='ocrx_word' id='word_1_712' title='bbox 3514 3547 3564 3598; x_wconf 81' lang='grc' dir='ltr'>οἱ</span> <span class='ocrx_word' id='word_1_713' title='bbox 3592 3542 3804 3597; x_wconf 80' lang='grc' dir='ltr'>λαλοῦν-</span> 
     </span>
    </p>
   </div>
   <div class='ocr_carea' id='block_1_85' title="bbox 2224 3635 3803 3711">
    <p class='ocr_par' dir='ltr' id='par_1_85' title="bbox 2224 3635 3803 3711">
     <span class='ocr_line' id='line_1_85' title="bbox 2224 3635 3803 3711; baseline -0.007 -13"><span class='ocrx_word' id='word_1_714' title='bbox 2224 3661 2335 3708; x_wconf 82' lang='grc' dir='ltr'>τες,</span> <span class='ocrx_word' id='word_1_715' title='bbox 2363 3642 2496 3697; x_wconf 87' lang='grc' dir='ltr'><strong>ἁλλὰ</strong></span> <span class='ocrx_word' id='word_1_716' title='bbox 2535 3642 2596 3695; x_wconf 87' lang='grc' dir='ltr'>τὸ</span> <span class='ocrx_word' id='word_1_717' title='bbox 2636 3640 2860 3711; x_wconf 86' lang='grc' dir='ltr'>Πνεῦμα</span> <span class='ocrx_word' id='word_1_718' title='bbox 2891 3638 2984 3692; x_wconf 90' lang='grc' dir='ltr'><strong>τοῦ</strong></span> <span class='ocrx_word' id='word_1_719' title='bbox 3012 3639 3224 3710; x_wconf 88' lang='grc' dir='ltr'>Πατρὸς</span> <span class='ocrx_word' id='word_1_720' title='bbox 3255 3636 3412 3708; x_wconf 84' lang='grc' dir='ltr'>ὑμῶν</span> <span class='ocrx_word' id='word_1_721' title='bbox 3441 3636 3506 3690; x_wconf 87' lang='grc' dir='ltr'>τὸ</span> <span class='ocrx_word' id='word_1_722' title='bbox 3532 3635 3723 3690; x_wconf 86' lang='grc' dir='ltr'>λαλοῦν</span> <span class='ocrx_word' id='word_1_723' title='bbox 3749 3635 3803 3687; x_wconf 77' lang='grc' dir='ltr'><strong>ἐν</strong></span> 
     </span>
    </p>
   </div>
   <div class='ocr_carea' id='block_1_86' title="bbox 2226 3726 3801 3806">
    <p class='ocr_par' dir='ltr' id='par_1_86' title="bbox 2226 3726 3801 3806">
     <span class='ocr_line' id='line_1_86' title="bbox 2226 3726 3801 3806; baseline -0.008 -14"><span class='ocrx_word' id='word_1_724' title='bbox 2226 3737 2376 3806; x_wconf 80' lang='grc' dir='ltr'>ὑμῖν,</span> <span class='ocrx_word' id='word_1_725' title='bbox 2413 3755 2432 3788; x_wconf 72' lang='grc' dir='ltr'><strong>ι</strong></span> <span class='ocrx_word' id='word_1_726' title='bbox 2468 3735 2496 3786; x_wconf 92' lang='lat'><strong>6</strong></span> <span class='ocrx_word' id='word_1_727' title='bbox 2539 3734 2692 3802; x_wconf 82' lang='grc' dir='ltr'>ἆγιος</span> <span class='ocrx_word' id='word_1_728' title='bbox 2727 3731 2940 3795; x_wconf 85' lang='grc' dir='ltr'>Παῦλος</span> <span class='ocrx_word' id='word_1_729' title='bbox 2989 3730 3169 3799; x_wconf 80' lang='grc' dir='ltr'><strong>λέγει·</strong></span> <span class='ocrx_word' id='word_1_730' title='bbox 3233 3730 3368 3796; x_wconf 71' lang='lat'><strong>«3&#39;11</strong></span> <span class='ocrx_word' id='word_1_731' title='bbox 3421 3729 3654 3800; x_wconf 75' lang='grc' dir='ltr'>δοκιμὴν</span> <span class='ocrx_word' id='word_1_732' title='bbox 3699 3726 3801 3798; x_wconf 70' lang='grc'><strong>(54)</strong></span> 
     </span>
    </p>
   </div>
   <div class='ocr_carea' id='block_1_87' title="bbox 2227 3821 3801 3898">
    <p class='ocr_par' dir='ltr' id='par_1_87' title="bbox 2227 3821 3801 3898">
     <span class='ocr_line' id='line_1_87' title="bbox 2227 3821 3801 3898; baseline -0.005 -17"><span class='ocrx_word' id='word_1_733' title='bbox 2227 3825 2438 3898; x_wconf 82' lang='grc' dir='ltr'>ζητεῖτε</span> <span class='ocrx_word' id='word_1_734' title='bbox 2464 3825 2554 3880; x_wconf 89' lang='grc' dir='ltr'><strong>τοῦ</strong></span> <span class='ocrx_word' id='word_1_735' title='bbox 2589 3827 2646 3880; x_wconf 83' lang='grc' dir='ltr'><strong>ὲν</strong></span> <span class='ocrx_word' id='word_1_736' title='bbox 2679 3826 2802 3896; x_wconf 69' lang='grc' dir='ltr'>ἐμοὶ</span> <span class='ocrx_word' id='word_1_737' title='bbox 2842 3823 3128 3887; x_wconf 86' lang='grc' dir='ltr'>λαλοῦντος</span> <span class='ocrx_word' id='word_1_738' title='bbox 3157 3821 3434 3894; x_wconf 77' lang='grc' dir='ltr'>Χριστοῦς</span> <span class='ocrx_word' id='word_1_739' title='bbox 3481 3841 3501 3874; x_wconf 71' lang='grc' dir='ltr'><strong>ι</strong></span> <span class='ocrx_word' id='word_1_740' title='bbox 3547 3821 3801 3882; x_wconf 76' lang='grc' dir='ltr'><strong>’Δκούεις,</strong></span> 
     </span>
    </p>
   </div>
   <div class='ocr_carea' id='block_1_88' title="bbox 2225 3911 3802 3986">
    <p class='ocr_par' dir='ltr' id='par_1_88' title="bbox 2225 3911 3802 3986">
     <span class='ocr_line' id='line_1_88' title="bbox 2225 3911 3802 3986; baseline -0.004 -15"><span class='ocrx_word' id='word_1_741' title='bbox 2225 3917 2306 3971; x_wconf 85' lang='grc' dir='ltr'>ὅτι</span> <span class='ocrx_word' id='word_1_742' title='bbox 2345 3916 2382 3972; x_wconf 83' lang='grc' dir='ltr'><strong>ἁ</strong></span> <span class='ocrx_word' id='word_1_743' title='bbox 2425 3916 2574 3971; x_wconf 89' lang='grc' dir='ltr'>λαλεῖ</span> <span class='ocrx_word' id='word_1_744' title='bbox 2615 3915 2676 3969; x_wconf 84' lang='grc' dir='ltr'>τὸ</span> <span class='ocrx_word' id='word_1_745' title='bbox 2716 3913 2958 3986; x_wconf 86' lang='grc' dir='ltr'>Πνεῦμα,</span> <span class='ocrx_word' id='word_1_746' title='bbox 2989 3913 3224 3984; x_wconf 82' lang='grc' dir='ltr'>Χριστοῦ</span> <span class='ocrx_word' id='word_1_747' title='bbox 3271 3912 3594 3966; x_wconf 80' lang='grc' dir='ltr'>διδασκαλία</span> <span class='ocrx_word' id='word_1_748' title='bbox 3629 3911 3802 3966; x_wconf 78' lang='grc' dir='ltr'>ἐστίν·</span> 
     </span>
    </p>
   </div>
   <div class='ocr_carea' id='block_1_89' title="bbox 2225 4003 3805 4078">
    <p class='ocr_par' dir='ltr' id='par_1_89' title="bbox 2225 4003 3805 4078">
     <span class='ocr_line' id='line_1_89' title="bbox 2225 4003 3805 4078; baseline -0.006 -13"><span class='ocrx_word' id='word_1_749' title='bbox 2225 4010 2322 4066; x_wconf 77' lang='grc' dir='ltr'>καὶ</span> <span class='ocrx_word' id='word_1_750' title='bbox 2350 4009 2387 4064; x_wconf 78' lang='grc' dir='ltr'>ἃ</span> <span class='ocrx_word' id='word_1_751' title='bbox 2417 4008 2566 4062; x_wconf 83' lang='grc' dir='ltr'>λαλεῖ</span> <span class='ocrx_word' id='word_1_752' title='bbox 2611 4006 2846 4078; x_wconf 84' lang='grc' dir='ltr'>Χριστὸς</span> <span class='ocrx_word' id='word_1_753' title='bbox 2879 4007 2972 4060; x_wconf 73' lang='grc' dir='ltr'>καὶ</span> <span class='ocrx_word' id='word_1_754' title='bbox 3011 4005 3073 4059; x_wconf 90' lang='grc' dir='ltr'>τὸ</span> <span class='ocrx_word' id='word_1_755' title='bbox 3112 4003 3370 4075; x_wconf 89' lang='grc' dir='ltr'>Πνεῦμα,</span> <span class='ocrx_word' id='word_1_756' title='bbox 3413 4005 3632 4076; x_wconf 83' lang='grc' dir='ltr'>Πατρὸς</span> <span class='ocrx_word' id='word_1_757' title='bbox 3667 4003 3805 4057; x_wconf 85' lang='grc' dir='ltr'>διδα-</span> 
     </span>
    </p>
   </div>
   <div class='ocr_carea' id='block_1_90' title="bbox 2228 4093 3803 4165">
    <p class='ocr_par' dir='ltr' id='par_1_90' title="bbox 2228 4093 3803 4165">
     <span class='ocr_line' id='line_1_90' title="bbox 2228 4093 3803 4165; baseline -0.005 -11"><span class='ocrx_word' id='word_1_758' title='bbox 2228 4099 2424 4156; x_wconf 82' lang='grc' dir='ltr'>σκαλία</span> <span class='ocrx_word' id='word_1_759' title='bbox 2453 4099 2620 4153; x_wconf 80' lang='grc' dir='ltr'>ἐστίν.</span> <span class='ocrx_word' id='word_1_760' title='bbox 2669 4099 2733 4151; x_wconf 84' lang='lat' dir='ltr'><strong>El</strong></span> <span class='ocrx_word' id='word_1_761' title='bbox 2766 4096 2822 4150; x_wconf 87' lang='grc' dir='ltr'><strong>δὲ</strong></span> <span class='ocrx_word' id='word_1_762' title='bbox 2879 4095 3056 4159; x_wconf 85' lang='grc' dir='ltr'>τοῦτο,</span> <span class='ocrx_word' id='word_1_763' title='bbox 3109 4093 3218 4165; x_wconf 77' lang='grc' dir='ltr'><strong>ἄρα</strong></span> <span class='ocrx_word' id='word_1_764' title='bbox 3260 4093 3297 4148; x_wconf 80' lang='grc' dir='ltr'><strong>ἁ</strong></span> <span class='ocrx_word' id='word_1_765' title='bbox 3331 4093 3486 4148; x_wconf 79' lang='grc' dir='ltr'>λαλεῖ</span> <span class='ocrx_word' id='word_1_766' title='bbox 3523 4096 3554 4146; x_wconf 90' lang='lat'><strong>6</strong></span> <span class='ocrx_word' id='word_1_767' title='bbox 3597 4093 3803 4164; x_wconf 77' lang='grc' dir='ltr'>Πατὴρ,</span> 
     </span>
    </p>
   </div>
   <div class='ocr_carea' id='block_1_91' title="bbox 2226 4184 3799 4258">
    <p class='ocr_par' dir='ltr' id='par_1_91' title="bbox 2226 4184 3799 4258">
     <span class='ocr_line' id='line_1_91' title="bbox 2226 4184 3799 4258; baseline -0.004 -14"><span class='ocrx_word' id='word_1_768' title='bbox 2226 4190 2321 4244; x_wconf 77' lang='grc' dir='ltr'>καὶ</span> <span class='ocrx_word' id='word_1_769' title='bbox 2377 4192 2407 4244; x_wconf 97' lang='lat'><strong>6</strong></span> <span class='ocrx_word' id='word_1_770' title='bbox 2452 4188 2598 4253; x_wconf 79' lang='grc' dir='ltr'>Υἱὸς,</span> <span class='ocrx_word' id='word_1_771' title='bbox 2655 4187 2748 4242; x_wconf 73' lang='grc' dir='ltr'>καὶ</span> <span class='ocrx_word' id='word_1_772' title='bbox 2796 4187 2858 4241; x_wconf 87' lang='grc' dir='ltr'>τὸ</span> <span class='ocrx_word' id='word_1_773' title='bbox 2912 4184 3155 4256; x_wconf 88' lang='grc' dir='ltr'>Πνεῦμα,</span> <span class='ocrx_word' id='word_1_774' title='bbox 3206 4184 3564 4250; x_wconf 81' lang='grc' dir='ltr'>θεόπνευστος</span> <span class='ocrx_word' id='word_1_775' title='bbox 3612 4185 3799 4258; x_wconf 73' lang='grc' dir='ltr'>Γραφή</span> 
     </span>
    </p>
   </div>
   <div class='ocr_carea' id='block_1_92' title="bbox 2224 4282 2392 4336">
    <p class='ocr_par' dir='ltr' id='par_1_92' title="bbox 2224 4282 2392 4336">
     <span class='ocr_line' id='line_1_92' title="bbox 2224 4282 2392 4336; baseline -0.018 0"><span class='ocrx_word' id='word_1_776' title='bbox 2224 4282 2392 4336; x_wconf 76' lang='grc' dir='ltr'>ἐστιν.</span> 
     </span>
    </p>
   </div>
   <div class='ocr_carea' id='block_1_93' title="bbox 2294 4363 3803 4440">
    <p class='ocr_par' dir='ltr' id='par_1_93' title="bbox 2294 4363 3803 4440">
     <span class='ocr_line' id='line_1_93' title="bbox 2294 4363 3803 4440; baseline -0.004 -14"><span class='ocrx_word' id='word_1_777' title='bbox 2294 4371 2384 4426; x_wconf 89' lang='grc'><strong>22.</strong></span> <span class='ocrx_word' id='word_1_778' title='bbox 2424 4369 2647 4426; x_wconf 81' lang='grc' dir='ltr'><strong>Μακεδ.</strong></span> <span class='ocrx_word' id='word_1_779' title='bbox 2678 4371 2847 4423; x_wconf 85' lang='grc' dir='ltr'>Ὅταν</span> <span class='ocrx_word' id='word_1_780' title='bbox 2892 4363 2986 4422; x_wconf 76' lang='grc' dir='ltr'><strong>οὖν</strong></span> <span class='ocrx_word' id='word_1_781' title='bbox 3041 4367 3174 4440; x_wconf 81' lang='grc' dir='ltr'>λέγῃ</span> <span class='ocrx_word' id='word_1_782' title='bbox 3221 4369 3252 4421; x_wconf 93' lang='lat'><strong>6</strong></span> <span class='ocrx_word' id='word_1_783' title='bbox 3297 4369 3520 4440; x_wconf 83' lang='grc' dir='ltr'>Πατήρ·</span> <span class='ocrx_word' id='word_1_784' title='bbox 3577 4387 3598 4420; x_wconf 71' lang='grc' dir='ltr'><strong>ι</strong></span> <span class='ocrx_word' id='word_1_785' title='bbox 3637 4365 3803 4430; x_wconf 84' lang='grc' dir='ltr'>Ουτός</span> 
     </span>
    </p>
   </div>
   <div class='ocr_carea' id='block_1_94' title="bbox 2226 4452 3802 4533">
    <p class='ocr_par' dir='ltr' id='par_1_94' title="bbox 2226 4452 3802 4533">
     <span class='ocr_line' id='line_1_94' title="bbox 2226 4452 3802 4533; baseline -0.005 -14"><span class='ocrx_word' id='word_1_786' title='bbox 2226 4465 2374 4518; x_wconf 75' lang='grc' dir='ltr'>ἐστιν</span> <span class='ocrx_word' id='word_1_787' title='bbox 2389 4465 2418 4517; x_wconf 91' lang='lat'><strong>6</strong></span> <span class='ocrx_word' id='word_1_788' title='bbox 2434 4461 2561 4525; x_wconf 83' lang='grc' dir='ltr'>Υἱός</span> <span class='ocrx_word' id='word_1_789' title='bbox 2585 4479 2685 4533; x_wconf 87' lang='grc' dir='ltr'>μου</span> <span class='ocrx_word' id='word_1_790' title='bbox 2710 4463 2739 4515; x_wconf 88' lang='lat'><strong>6</strong></span> <span class='ocrx_word' id='word_1_791' title='bbox 2763 4460 3064 4531; x_wconf 82' lang='grc' dir='ltr'>ἀγαπητὸς,</span> <span class='ocrx_word' id='word_1_792' title='bbox 3087 4461 3144 4512; x_wconf 89' lang='grc' dir='ltr'><strong>ὲν</strong></span> <span class='ocrx_word' id='word_1_793' title='bbox 3171 4452 3216 4526; x_wconf 83' lang='grc' dir='ltr'><strong>ᾧ</strong></span> <span class='ocrx_word' id='word_1_794' title='bbox 3239 4459 3539 4531; x_wconf 70' lang='grc' dir='ltr'>ηὐδόκησαυ</span> <span class='ocrx_word' id='word_1_795' title='bbox 3555 4479 3573 4510; x_wconf 75' lang='grc' dir='ltr'><strong>ι</strong></span> <span class='ocrx_word' id='word_1_796' title='bbox 3591 4459 3802 4533; x_wconf 70' lang='grc' dir='ltr'>Πατὴρ,</span> 
     </span>
    </p>
   </div>
   <div class='ocr_carea' id='block_1_95' title="bbox 2225 4531 3802 4620">
    <p class='ocr_par' dir='ltr' id='par_1_95' title="bbox 2225 4531 3802 4620">
     <span class='ocr_line' id='line_1_95' title="bbox 2225 4531 3802 4620; baseline -0.007 -9"><span class='ocrx_word' id='word_1_797' title='bbox 2225 4554 2317 4612; x_wconf 72' lang='grc' dir='ltr'><strong>καὶ</strong></span> <span class='ocrx_word' id='word_1_798' title='bbox 2349 4553 2496 4616; x_wconf 83' lang='grc' dir='ltr'>Υἱὸς,</span> <span class='ocrx_word' id='word_1_799' title='bbox 2524 4531 2618 4606; x_wconf 73' lang='grc' dir='ltr'>καὶ</span> <span class='ocrx_word' id='word_1_800' title='bbox 2650 4551 2804 4620; x_wconf 81' lang='grc' dir='ltr'>ἁγιον</span> <span class='ocrx_word' id='word_1_801' title='bbox 2843 4549 3067 4620; x_wconf 85' lang='grc' dir='ltr'>Πνεῦμα</span> <span class='ocrx_word' id='word_1_802' title='bbox 3099 4548 3257 4602; x_wconf 85' lang='grc' dir='ltr'>τοῦτο</span> <span class='ocrx_word' id='word_1_803' title='bbox 3294 4549 3465 4617; x_wconf 81' lang='grc' dir='ltr'>λέγει.</span> <span class='ocrx_word' id='word_1_804' title='bbox 3508 4552 3657 4616; x_wconf 82' lang='grc' dir='ltr'><strong>Ὀρθ.</strong></span> <span class='ocrx_word' id='word_1_805' title='bbox 3686 4531 3802 4602; x_wconf 55' lang='lat' dir='ltr'><strong>Eia1</strong></span> 
     </span>
    </p>
   </div>
   <div class='ocr_carea' id='block_1_96' title="bbox 2226 4639 3803 4716">
    <p class='ocr_par' dir='ltr' id='par_1_96' title="bbox 2226 4639 3803 4716">
     <span class='ocr_line' id='line_1_96' title="bbox 2226 4639 3803 4716; baseline -0.005 -16"><span class='ocrx_word' id='word_1_806' title='bbox 2226 4646 2403 4716; x_wconf 78' lang='grc' dir='ltr'>φωναὶ</span> <span class='ocrx_word' id='word_1_807' title='bbox 2456 4643 2584 4697; x_wconf 86' lang='grc' dir='ltr'>ῐδιαι</span> <span class='ocrx_word' id='word_1_808' title='bbox 2631 4641 2725 4696; x_wconf 83' lang='grc' dir='ltr'><strong>τοῦ</strong></span> <span class='ocrx_word' id='word_1_809' title='bbox 2771 4640 3003 4712; x_wconf 83' lang='grc' dir='ltr'>Πατρὸς,</span> <span class='ocrx_word' id='word_1_810' title='bbox 3041 4643 3132 4695; x_wconf 78' lang='grc' dir='ltr'>καὶ</span> <span class='ocrx_word' id='word_1_811' title='bbox 3179 4641 3286 4694; x_wconf 75' lang='grc' dir='ltr'><strong>εἰσὶ</strong></span> <span class='ocrx_word' id='word_1_812' title='bbox 3337 4643 3514 4710; x_wconf 75' lang='grc' dir='ltr'>φωναὶ</span> <span class='ocrx_word' id='word_1_813' title='bbox 3547 4643 3676 4695; x_wconf 84' lang='grc' dir='ltr'>ῐδιαι</span> <span class='ocrx_word' id='word_1_814' title='bbox 3717 4639 3803 4692; x_wconf 82' lang='grc' dir='ltr'><strong>τοῦ</strong></span> 
     </span>
    </p>
   </div>
   <div class='ocr_carea' id='block_1_97' title="bbox 2227 4733 3806 4806">
    <p class='ocr_par' dir='ltr' id='par_1_97' title="bbox 2227 4733 3806 4806">
     <span class='ocr_line' id='line_1_97' title="bbox 2227 4733 3806 4806; baseline -0.004 -15"><span class='ocrx_word' id='word_1_815' title='bbox 2227 4737 2380 4804; x_wconf 79' lang='grc' dir='ltr'>Υἱοῦ,</span> <span class='ocrx_word' id='word_1_816' title='bbox 2409 4737 2504 4790; x_wconf 70' lang='grc' dir='ltr'>καὶ</span> <span class='ocrx_word' id='word_1_817' title='bbox 2530 4735 2637 4790; x_wconf 74' lang='grc' dir='ltr'>εἰσὶ</span> <span class='ocrx_word' id='word_1_818' title='bbox 2680 4736 2854 4806; x_wconf 79' lang='grc' dir='ltr'><strong>φωναὶ</strong></span> <span class='ocrx_word' id='word_1_819' title='bbox 2882 4733 3008 4788; x_wconf 73' lang='grc' dir='ltr'>ἴδιαι</span> <span class='ocrx_word' id='word_1_820' title='bbox 3054 4733 3146 4788; x_wconf 87' lang='grc' dir='ltr'><strong>τοῦ</strong></span> <span class='ocrx_word' id='word_1_821' title='bbox 3181 4733 3500 4804; x_wconf 74' lang='grc' dir='ltr'>Πνεῦμα-τος</span> <span class='ocrx_word' id='word_1_822' title='bbox 3520 4752 3534 4766; x_wconf 84' lang='grc'><em>’</em></span> <span class='ocrx_word' id='word_1_823' title='bbox 3568 4735 3664 4788; x_wconf 76' lang='grc' dir='ltr'>καὶ</span> <span class='ocrx_word' id='word_1_824' title='bbox 3705 4733 3806 4786; x_wconf 74' lang='grc' dir='ltr'>εἰσὶ</span> 
     </span>
    </p>
   </div>
   <div class='ocr_carea' id='block_1_98' title="bbox 2227 4827 3805 4900">
    <p class='ocr_par' dir='ltr' id='par_1_98' title="bbox 2227 4827 3805 4900">
     <span class='ocr_line' id='line_1_98' title="bbox 2227 4827 3805 4900; baseline -0.004 -15"><span class='ocrx_word' id='word_1_825' title='bbox 2227 4831 2405 4885; x_wconf 76' lang='grc' dir='ltr'>κοιναὶ</span> <span class='ocrx_word' id='word_1_826' title='bbox 2436 4829 2670 4900; x_wconf 85' lang='grc' dir='ltr'>Πατρὸς.</span> <span class='ocrx_word' id='word_1_827' title='bbox 2725 4827 2877 4892; x_wconf 78' lang='grc' dir='ltr'>Υίοῦ,</span> <span class='ocrx_word' id='word_1_828' title='bbox 2909 4828 3002 4882; x_wconf 73' lang='grc' dir='ltr'>καὶ</span> <span class='ocrx_word' id='word_1_829' title='bbox 3058 4828 3212 4898; x_wconf 86' lang='grc' dir='ltr'>ἁγίου</span> <span class='ocrx_word' id='word_1_830' title='bbox 3270 4828 3410 4882; x_wconf 78' lang='grc' dir='ltr'>Πνεὺ</span> <span class='ocrx_word' id='word_1_831' title='bbox 3419 4846 3606 4900; x_wconf 85' lang='grc' dir='ltr'>ματος.</span> <span class='ocrx_word' id='word_1_832' title='bbox 3641 4829 3805 4881; x_wconf 82' lang='grc' dir='ltr'>Ὅταν</span> 
     </span>
    </p>
   </div>
   <div class='ocr_carea' id='block_1_99' title="bbox 2226 4911 3806 4994">
    <p class='ocr_par' dir='ltr' id='par_1_99' title="bbox 2226 4911 3806 4994">
     <span class='ocr_line' id='line_1_99' title="bbox 2226 4911 3806 4994; baseline -0.004 -19"><span class='ocrx_word' id='word_1_833' title='bbox 2226 4917 2318 4976; x_wconf 84' lang='grc' dir='ltr'><strong>οὖν</strong></span> <span class='ocrx_word' id='word_1_834' title='bbox 2341 4921 2475 4994; x_wconf 78' lang='grc' dir='ltr'>λέγῃ</span> <span class='ocrx_word' id='word_1_835' title='bbox 2505 4920 2616 4991; x_wconf 72' lang='lat'><strong>(55)</strong></span> <span class='ocrx_word' id='word_1_836' title='bbox 2649 4920 2678 4972; x_wconf 92' lang='lat'><strong>6</strong></span> <span class='ocrx_word' id='word_1_837' title='bbox 2701 4919 2910 4990; x_wconf 81' lang='grc' dir='ltr'>Πατὴρ,</span> <span class='ocrx_word' id='word_1_838' title='bbox 2935 4919 3012 4982; x_wconf 79' lang='grc' dir='ltr'>ὡς</span> <span class='ocrx_word' id='word_1_839' title='bbox 3045 4917 3332 4989; x_wconf 74' lang='grc' dir='ltr'>προλαϐὼν</span> <span class='ocrx_word' id='word_1_840' title='bbox 3360 4921 3619 4990; x_wconf 78' lang='grc' dir='ltr'>εἴρηκας,</span> <span class='ocrx_word' id='word_1_841' title='bbox 3655 4939 3674 4969; x_wconf 72' lang='grc' dir='ltr'>ε</span> <span class='ocrx_word' id='word_1_842' title='bbox 3707 4911 3806 4972; x_wconf 73' lang='grc' dir='ltr'><strong>Οῦο</strong></span> 
     </span>
    </p>
   </div>
   <div class='ocr_carea' id='block_1_100' title="bbox 2225 5004 3802 5082">
    <p class='ocr_par' dir='ltr' id='par_1_100' title="bbox 2225 5004 3802 5082">
     <span class='ocr_line' id='line_1_100' title="bbox 2225 5004 3802 5082; baseline -0.004 -17"><span class='ocrx_word' id='word_1_843' title='bbox 2225 5013 2318 5076; x_wconf 80' lang='grc' dir='ltr'><strong>τός</strong></span> <span class='ocrx_word' id='word_1_844' title='bbox 2350 5014 2494 5066; x_wconf 76' lang='grc' dir='ltr'>ἐστιν</span> <span class='ocrx_word' id='word_1_845' title='bbox 2521 5011 2550 5064; x_wconf 94' lang='lat'><strong>6</strong></span> <span class='ocrx_word' id='word_1_846' title='bbox 2580 5011 2707 5074; x_wconf 74' lang='grc' dir='ltr'>Υἱός</span> <span class='ocrx_word' id='word_1_847' title='bbox 2737 5029 2838 5082; x_wconf 85' lang='grc' dir='ltr'>μου</span> <span class='ocrx_word' id='word_1_848' title='bbox 2867 5011 2896 5064; x_wconf 91' lang='lat'><strong>6</strong></span> <span class='ocrx_word' id='word_1_849' title='bbox 2932 5010 3238 5082; x_wconf 87' lang='grc' dir='ltr'>ἀγαπητὸς.</span> <span class='ocrx_word' id='word_1_850' title='bbox 3265 5011 3324 5063; x_wconf 81' lang='grc' dir='ltr'><strong>ὲν</strong></span> <span class='ocrx_word' id='word_1_851' title='bbox 3447 5011 3748 5081; x_wconf 71' lang='grc' dir='ltr'>ηὐδόκησα,</span> <span class='ocrx_word' id='word_1_852' title='bbox 3784 5027 3802 5059; x_wconf 77' lang='grc' dir='ltr'><strong>ι</strong></span> 
     </span>
    </p>
   </div>
   <div class='ocr_carea' id='block_1_101' title="bbox 2229 5100 3808 5174">
    <p class='ocr_par' dir='ltr' id='par_1_101' title="bbox 2229 5100 3808 5174">
     <span class='ocr_line' id='line_1_101' title="bbox 2229 5100 3808 5174; baseline -0.001 -18"><span class='ocrx_word' id='word_1_853' title='bbox 2229 5103 2392 5157; x_wconf 84' lang='grc' dir='ltr'>αὐτοῦ</span> <span class='ocrx_word' id='word_1_854' title='bbox 2420 5101 2513 5156; x_wconf 87' lang='grc' dir='ltr'><strong>τοῦ</strong></span> <span class='ocrx_word' id='word_1_855' title='bbox 2541 5101 2752 5174; x_wconf 89' lang='grc' dir='ltr'>Πατρός</span> <span class='ocrx_word' id='word_1_856' title='bbox 2781 5103 2894 5154; x_wconf 83' lang='grc' dir='ltr'>ἐστι</span> <span class='ocrx_word' id='word_1_857' title='bbox 2925 5101 3100 5172; x_wconf 83' lang='grc' dir='ltr'><strong>φωνή.</strong></span> <span class='ocrx_word' id='word_1_858' title='bbox 3129 5100 3238 5153; x_wconf 74' lang='grc' dir='ltr'><strong>Καὶ</strong></span> <span class='ocrx_word' id='word_1_859' title='bbox 3265 5101 3468 5171; x_wconf 78' lang='grc' dir='ltr'>ὁμοίως</span> <span class='ocrx_word' id='word_1_860' title='bbox 3493 5101 3622 5154; x_wconf 83' lang='grc' dir='ltr'>ὅταν</span> <span class='ocrx_word' id='word_1_861' title='bbox 3643 5100 3808 5170; x_wconf 72' lang='grc' dir='ltr'>λέγῃ,</span> 
     </span>
    </p>
   </div>
   <div class='ocr_carea' id='block_1_102' title="bbox 2234 5185 3808 5264">
    <p class='ocr_par' dir='ltr' id='par_1_102' title="bbox 2234 5185 3808 5264">
     <span class='ocr_line' id='line_1_102' title="bbox 2234 5185 3808 5264; baseline 0 -18"><span class='ocrx_word' id='word_1_862' title='bbox 2234 5213 2254 5246; x_wconf 73' lang='grc' dir='ltr'><strong>ι</strong></span> <span class='ocrx_word' id='word_1_863' title='bbox 2293 5194 2424 5248; x_wconf 78' lang='grc' dir='ltr'>Ἰδοὺ</span> <span class='ocrx_word' id='word_1_864' title='bbox 2463 5196 2492 5248; x_wconf 94' lang='lat'><strong>6</strong></span> <span class='ocrx_word' id='word_1_865' title='bbox 2536 5195 2672 5257; x_wconf 89' lang='grc' dir='ltr'>Παῖς</span> <span class='ocrx_word' id='word_1_866' title='bbox 2707 5209 2807 5263; x_wconf 88' lang='grc' dir='ltr'>μου</span> <span class='ocrx_word' id='word_1_867' title='bbox 2847 5193 2876 5244; x_wconf 92' lang='lat'><strong>6</strong></span> <span class='ocrx_word' id='word_1_868' title='bbox 2923 5192 3228 5264; x_wconf 78' lang='grc' dir='ltr'>ἀγαπητὸς,</span> <span class='ocrx_word' id='word_1_869' title='bbox 3257 5194 3317 5246; x_wconf 78' lang='grc' dir='ltr'><strong>ἐν</strong></span> <span class='ocrx_word' id='word_1_870' title='bbox 3364 5185 3411 5260; x_wconf 79' lang='grc' dir='ltr'>ᾧ</span> <span class='ocrx_word' id='word_1_871' title='bbox 3453 5193 3746 5264; x_wconf 74' lang='grc' dir='ltr'>εὐδόκησεν</span> <span class='ocrx_word' id='word_1_872' title='bbox 3775 5195 3808 5263; x_wconf 73' lang='grc' dir='ltr'><strong>ἠ</strong></span> 
     </span>
    </p>
   </div>
   <div class='ocr_carea' id='block_1_103' title="bbox 553 5277 2129 5357">
    <p class='ocr_par' dir='ltr' id='par_1_103' title="bbox 553 5277 2129 5354">
     <span class='ocr_line' id='line_1_103' title="bbox 553 5277 2129 5354; baseline 0.007 -24"><span class='ocrx_word' id='word_1_873' title='bbox 553 5277 884 5348; x_wconf 83' lang='lat' dir='ltr'><strong>complacuit</strong></span> <span class='ocrx_word' id='word_1_874' title='bbox 937 5277 1124 5334; x_wconf 89' lang='lat' dir='ltr'><strong>anima</strong></span> <span class='ocrx_word' id='word_1_875' title='bbox 1170 5295 1290 5336; x_wconf 88' lang='lat' dir='ltr'><strong>mea</strong></span> <span class='ocrx_word' id='word_1_876' title='bbox 1329 5298 1342 5334; x_wconf 90' lang='lat'>:</span> <span class='ocrx_word' id='word_1_877' title='bbox 1379 5296 1577 5352; x_wconf 88' lang='lat' dir='ltr'><strong>ponam</strong></span> <span class='ocrx_word' id='word_1_878' title='bbox 1631 5281 1897 5354; x_wconf 88' lang='lat' dir='ltr'><strong>Spiritum</strong></span> <span class='ocrx_word' id='word_1_879' title='bbox 1953 5299 2129 5340; x_wconf 89' lang='lat' dir='ltr'><strong>meum</strong></span> 
     </span>
    </p>
   </div>
   <div class='ocr_carea' id='block_1_104' title="bbox 2233 5277 3806 5357">
    <p class='ocr_par' dir='ltr' id='par_1_104' title="bbox 2233 5283 3806 5357">
     <span class='ocr_line' id='line_1_104' title="bbox 2233 5283 3806 5357; baseline -0.002 -19"><span class='ocrx_word' id='word_1_880' title='bbox 2233 5285 2358 5357; x_wconf 56' lang='lat' dir='ltr'><strong>tum</strong></span> <span class='ocrx_word' id='word_1_881' title='bbox 2405 5302 2541 5356; x_wconf 87' lang='grc' dir='ltr'>μου·</span> <span class='ocrx_word' id='word_1_882' title='bbox 2577 5284 2726 5354; x_wconf 82' lang='grc' dir='ltr'><strong>Θήσω</strong></span> <span class='ocrx_word' id='word_1_883' title='bbox 2756 5284 2817 5337; x_wconf 88' lang='grc' dir='ltr'>τὸ</span> <span class='ocrx_word' id='word_1_884' title='bbox 2855 5283 3080 5354; x_wconf 83' lang='grc' dir='ltr'>Πνεῦμὰ</span> <span class='ocrx_word' id='word_1_885' title='bbox 3132 5303 3232 5356; x_wconf 88' lang='grc' dir='ltr'>μου</span> <span class='ocrx_word' id='word_1_886' title='bbox 3281 5285 3370 5338; x_wconf 77' lang='grc' dir='ltr'><strong>ἐπ’</strong></span> <span class='ocrx_word' id='word_1_887' title='bbox 3415 5286 3614 5340; x_wconf 76' lang='grc' dir='ltr'>αὐτόν’</span> <span class='ocrx_word' id='word_1_888' title='bbox 3657 5305 3678 5339; x_wconf 71' lang='grc' dir='ltr'><strong>ι</strong></span> <span class='ocrx_word' id='word_1_889' title='bbox 3716 5285 3806 5338; x_wconf 72' lang='grc' dir='ltr'>καὶ</span> 
     </span>
    </p>
   </div>
   <div class='ocr_carea' id='block_1_105' title="bbox 531 5484 537 5524">
    <p class='ocr_par' dir='ltr' id='par_1_105' title="bbox 531 5484 537 5524">
     <span class='ocr_line' id='line_1_105' title="bbox 531 5484 537 5524; baseline 0 0"><span class='ocrx_word' id='word_1_890' title='bbox 531 5484 537 5524; x_wconf 69' lang='grc' dir='ltr'>ἒ</span> 
     </span>
    </p>
   </div>
   <div class='ocr_carea' id='block_1_106' title="bbox 531 5573 2123 5668">
    <p class='ocr_par' dir='ltr' id='par_1_106' title="bbox 531 5573 2123 5668">
     <span class='ocr_line' id='line_1_106' title="bbox 531 5573 2123 5668; baseline 0.006 -29"><span class='ocrx_word' id='word_1_891' title='bbox 622 5586 736 5657; x_wconf 77' lang='lat'><strong>(32)</strong></span> <span class='ocrx_word' id='word_1_892' title='bbox 773 5585 906 5668; x_wconf 68' lang='lat' dir='ltr'><strong>Post</strong></span> <span class='ocrx_word' id='word_1_893' title='bbox 925 5587 1124 5668; x_wconf 76' lang='grc' dir='ltr'>τέρατα</span> <span class='ocrx_word' id='word_1_894' title='bbox 1179 5589 1231 5640; x_wconf 91' lang='lat' dir='ltr'><strong>in</strong></span> <span class='ocrx_word' id='word_1_895' title='bbox 1257 5589 1415 5668; x_wconf 54' lang='lat' dir='ltr'><strong>editis</strong></span> <span class='ocrx_word' id='word_1_896' title='bbox 1461 5592 1660 5662; x_wconf 78' lang='lat' dir='ltr'><strong>legitur</strong></span> <span class='ocrx_word' id='word_1_897' title='bbox 1687 5591 1814 5668; x_wconf 70' lang='grc' dir='ltr'>ἁνευ</span> <span class='ocrx_word' id='word_1_898' title='bbox 1836 5592 1931 5646; x_wconf 86' lang='grc' dir='ltr'><strong>τοῦ</strong></span> <span class='ocrx_word' id='word_1_899' title='bbox 1955 5593 2123 5648; x_wconf 75' lang='grc' dir='ltr'>Πνεῦ-</span> 
     </span>
    </p>
   </div>
   <div class='ocr_carea' id='block_1_107' title="bbox 531 5658 1840 5728">
    <p class='ocr_par' dir='ltr' id='par_1_107' title="bbox 531 5658 1840 5728">
     <span class='ocr_line' id='line_1_107' title="bbox 531 5658 1840 5728; baseline 0.006 -20"><span class='ocrx_word' id='word_1_900' title='bbox 531 5658 725 5728; x_wconf 21' lang='grc' dir='ltr'><strong>ξμα-τος</strong></span> <span class='ocrx_word' id='word_1_901' title='bbox 755 5697 800 5728; x_wconf 28' lang='grc' dir='ltr'>,Δ</span> <span class='ocrx_word' id='word_1_902' title='bbox 813 5658 909 5728; x_wconf 70' lang='lat' dir='ltr'><strong>secl</strong></span> <span class='ocrx_word' id='word_1_903' title='bbox 934 5659 1054 5728; x_wconf 78' lang='lat' dir='ltr'><strong>haec</strong></span> <span class='ocrx_word' id='word_1_904' title='bbox 1085 5660 1283 5711; x_wconf 85' lang='lat' dir='ltr'><strong>desunt</strong></span> <span class='ocrx_word' id='word_1_905' title='bbox 1311 5660 1364 5713; x_wconf 93' lang='lat' dir='ltr'><strong>in</strong></span> <span class='ocrx_word' id='word_1_906' title='bbox 1400 5658 1536 5715; x_wconf 62' lang='lat' dir='ltr'><strong>mss:</strong></span> <span class='ocrx_word' id='word_1_907' title='bbox 1564 5662 1840 5716; x_wconf 83' lang='lat' dir='ltr'><strong>nnmibus.</strong></span> 
     </span>
    </p>
   </div>
   <div class='ocr_carea' id='block_1_108' title="bbox 529 5706 2124 5804">
    <p class='ocr_par' dir='ltr' id='par_1_108' title="bbox 529 5706 2124 5804">
     <span class='ocr_line' id='line_1_108' title="bbox 529 5706 2124 5804; baseline 0.008 -30"><span class='ocrx_word' id='word_1_908' title='bbox 529 5706 734 5804; x_wconf 53' lang='grc' dir='ltr'><strong>[(ζυξή</strong></span> <span class='ocrx_word' id='word_1_909' title='bbox 756 5706 913 5804; x_wconf 41' lang='lat' dir='ltr'><strong>riis}</strong></span> <span class='ocrx_word' id='word_1_910' title='bbox 931 5706 1075 5804; x_wconf 62' lang='grc' dir='ltr'><strong>’ῥξκὶ</strong></span> <span class='ocrx_word' id='word_1_911' title='bbox 1090 5706 1877 5804; x_wconf 11' lang='grc' dir='ltr'><strong>ᾌὲξξιῖςξέᾲῖὀὲὶέξῒξᾶᾧᾷᾇῖς.</strong></span> <span class='ocrx_word' id='word_1_912' title='bbox 1896 5733 2070 5804; x_wconf 29' lang='grc' dir='ltr'>-Λέγει</span> <span class='ocrx_word' id='word_1_913' title='bbox 2095 5735 2124 5787; x_wconf 91' lang='lat'><strong>6</strong></span> 
     </span>
    </p>
   </div>
   <div class='ocr_carea' id='block_1_109' title="bbox 549 5785 2124 5869">
    <p class='ocr_par' dir='ltr' id='par_1_109' title="bbox 549 5785 2124 5869">
     <span class='ocr_line' id='line_1_109' title="bbox 549 5785 2124 5869; baseline 0.01 -24"><span class='ocrx_word' id='word_1_914' title='bbox 549 5785 808 5867; x_wconf 78' lang='grc' dir='ltr'>Παῦλοςῆ</span> <span class='ocrx_word' id='word_1_915' title='bbox 832 5794 924 5862; x_wconf 76' lang='grc' dir='ltr'><strong>οΰ;</strong></span> <span class='ocrx_word' id='word_1_916' title='bbox 950 5785 1170 5852; x_wconf 64' lang='grc' dir='ltr'><strong>λήωκδ.</strong></span> <span class='ocrx_word' id='word_1_917' title='bbox 1195 5785 1326 5851; x_wconf 64' lang='grc' dir='ltr'>’Ναί</span> <span class='ocrx_word' id='word_1_918' title='bbox 1365 5785 1506 5867; x_wconf 72' lang='grc' dir='ltr'>’ὀρίλ</span> <span class='ocrx_word' id='word_1_919' title='bbox 1536 5785 1949 5866; x_wconf 57' lang='grc' dir='ltr'><strong>Ταῦτἀς’δ’ὲ’τᾶς</strong></span> <span class='ocrx_word' id='word_1_920' title='bbox 1966 5785 2124 5869; x_wconf 2' lang='grc' dir='ltr'>ἁδείας</span> 
     </span>
    </p>
   </div>
   <div class='ocr_carea' id='block_1_110' title="bbox 623 5429 2129 5508">
    <p class='ocr_par' dir='ltr' id='par_1_110' title="bbox 623 5429 2125 5502">
     <span class='ocr_line' id='line_1_110' title="bbox 623 5429 2125 5502; baseline 0.008 -20"><span class='ocrx_word' id='word_1_921' title='bbox 623 5429 666 5462; x_wconf 82' lang='grc'>¹¹</span> <span class='ocrx_word' id='word_1_922' title='bbox 709 5429 868 5486; x_wconf 77' lang='lat' dir='ltr'><strong>Rom.</strong></span> <span class='ocrx_word' id='word_1_923' title='bbox 904 5448 1009 5497; x_wconf 85' lang='lat' dir='ltr'><strong>xv,</strong></span> <span class='ocrx_word' id='word_1_924' title='bbox 1043 5433 1144 5500; x_wconf 79' lang='grc'><strong>18,</strong></span> <span class='ocrx_word' id='word_1_925' title='bbox 1181 5435 1272 5491; x_wconf 74' lang='grc'><strong>19.</strong></span> <span class='ocrx_word' id='word_1_926' title='bbox 1347 5437 1394 5468; x_wconf 77' lang='grc'><strong>⁸¹</strong></span> <span class='ocrx_word' id='word_1_927' title='bbox 1429 5436 1532 5492; x_wconf 90' lang='lat' dir='ltr'><strong>lsa.</strong></span> <span class='ocrx_word' id='word_1_928' title='bbox 1565 5453 1674 5502; x_wconf 80' lang='lat' dir='ltr'><strong>Ltv,</strong></span> <span class='ocrx_word' id='word_1_929' title='bbox 1715 5438 1798 5494; x_wconf 83' lang='lat' dir='ltr'><strong>l5.</strong></span> <span class='ocrx_word' id='word_1_930' title='bbox 1874 5439 1922 5470; x_wconf 80' lang='lat'><strong>&quot;</strong></span> <span class='ocrx_word' id='word_1_931' title='bbox 1961 5439 2125 5494; x_wconf 85' lang='lat' dir='ltr'><strong>Matth</strong></span> 
     </span>
    </p>
   </div>
   <div class='ocr_carea' id='block_1_111' title="bbox 2233 5429 3614 5508">
    <p class='ocr_par' dir='ltr' id='par_1_111' title="bbox 2235 5438 3614 5508">
     <span class='ocr_line' id='line_1_111' title="bbox 2235 5438 3614 5508; baseline 0.001 -14"><span class='ocrx_word' id='word_1_932' title='bbox 2235 5481 2250 5504; x_wconf 93' lang='lat'><strong>,</strong></span> <span class='ocrx_word' id='word_1_933' title='bbox 2285 5440 2378 5496; x_wconf 78' lang='lat'><strong>20.</strong></span> <span class='ocrx_word' id='word_1_934' title='bbox 2453 5439 2500 5472; x_wconf 73' lang='lat'>&quot;</span> <span class='ocrx_word' id='word_1_935' title='bbox 2540 5439 2582 5492; x_wconf 93' lang='lat' dir='ltr'><strong>ll</strong></span> <span class='ocrx_word' id='word_1_936' title='bbox 2615 5439 2744 5494; x_wconf 89' lang='lat' dir='ltr'><strong>Cor.</strong></span> <span class='ocrx_word' id='word_1_937' title='bbox 2781 5455 2910 5506; x_wconf 85' lang='lat' dir='ltr'><strong>xur,</strong></span> <span class='ocrx_word' id='word_1_938' title='bbox 2941 5438 2996 5495; x_wconf 80' lang='lat'><strong>5.</strong></span> <span class='ocrx_word' id='word_1_939' title='bbox 3074 5441 3120 5474; x_wconf 78' lang='lat'>”</span> <span class='ocrx_word' id='word_1_940' title='bbox 3161 5439 3352 5498; x_wconf 78' lang='lat' dir='ltr'><strong>Matth.</strong></span> <span class='ocrx_word' id='word_1_941' title='bbox 3389 5459 3452 5498; x_wconf 87' lang='lat' dir='ltr'><strong>ut</strong></span> <span class='ocrx_word' id='word_1_942' title='bbox 3475 5483 3490 5508; x_wconf 89' lang='lat'><strong>,</strong></span> <span class='ocrx_word' id='word_1_943' title='bbox 3528 5443 3614 5498; x_wconf 78' lang='lat' dir='ltr'><strong>l7.</strong></span> 
     </span>
    </p>
   </div>
   <div class='ocr_carea' id='block_1_112' title="bbox 2229 5592 3800 5669">
    <p class='ocr_par' dir='ltr' id='par_1_112' title="bbox 2229 5592 3800 5669">
     <span class='ocr_line' id='line_1_112' title="bbox 2229 5592 3800 5669; baseline 0.002 -24"><span class='ocrx_word' id='word_1_944' title='bbox 2229 5592 2452 5669; x_wconf 58' lang='grc' dir='ltr'>[ραφὰς</span> <span class='ocrx_word' id='word_1_945' title='bbox 2501 5593 2887 5669; x_wconf 57' lang='grc' dir='ltr'>θεοπνεύστους</span> <span class='ocrx_word' id='word_1_946' title='bbox 2928 5593 3081 5666; x_wconf 72' lang='grc' dir='ltr'>λέγει</span> <span class='ocrx_word' id='word_1_947' title='bbox 3127 5595 3337 5662; x_wconf 81' lang='grc' dir='ltr'>Παῦλος</span> <span class='ocrx_word' id='word_1_948' title='bbox 3378 5598 3413 5669; x_wconf 82' lang='grc' dir='ltr'>ἦ</span> <span class='ocrx_word' id='word_1_949' title='bbox 3445 5599 3548 5667; x_wconf 73' lang='lat' dir='ltr'><strong>ob;</strong></span> <span class='ocrx_word' id='word_1_950' title='bbox 3579 5598 3800 5657; x_wconf 69' lang='grc' dir='ltr'><strong>Μακεδ.</strong></span> 
     </span>
    </p>
   </div>
   <div class='ocr_carea' id='block_1_113' title="bbox 2229 5662 2978 5736">
    <p class='ocr_par' dir='ltr' id='par_1_113' title="bbox 2229 5662 2978 5736">
     <span class='ocr_line' id='line_1_113' title="bbox 2229 5662 2978 5736; baseline 0 -18"><span class='ocrx_word' id='word_1_951' title='bbox 2229 5662 2368 5718; x_wconf 50' lang='grc' dir='ltr'><strong>Ναί.</strong></span> <span class='ocrx_word' id='word_1_952' title='bbox 2395 5669 2526 5736; x_wconf 76' lang='grc' dir='ltr'><strong>Ορθ.</strong></span> <span class='ocrx_word' id='word_1_953' title='bbox 2555 5665 2689 5736; x_wconf 83' lang='grc' dir='ltr'>Θεὸς</span> <span class='ocrx_word' id='word_1_954' title='bbox 2715 5662 2842 5736; x_wconf 80' lang='grc' dir='ltr'>ἄρα,</span> <span class='ocrx_word' id='word_1_955' title='bbox 2873 5672 2978 5736; x_wconf 88' lang='lat' dir='ltr'><strong>etc.</strong></span> 
     </span>
    </p>
   </div>
   <div class='ocr_carea' id='block_1_114' title="bbox 2301 5735 3744 5814">
    <p class='ocr_par' dir='ltr' id='par_1_114' title="bbox 2301 5735 3744 5814">
     <span class='ocr_line' id='line_1_114' title="bbox 2301 5735 3744 5814; baseline 0.008 -27"><span class='ocrx_word' id='word_1_956' title='bbox 2452 5735 2646 5814; x_wconf 46' lang='lat' dir='ltr'><strong>falae,</strong></span> <span class='ocrx_word' id='word_1_957' title='bbox 2679 5735 2741 5814; x_wconf 61' lang='lat' dir='ltr'><strong>Et</strong></span> <span class='ocrx_word' id='word_1_958' title='bbox 2765 5735 3030 5814; x_wconf 45' lang='lat' dir='ltr'><strong>peftpﬁy.</strong></span> <span class='ocrx_word' id='word_1_959' title='bbox 3054 5735 3195 5792; x_wconf 73' lang='lat' dir='ltr'><strong>Etlili</strong></span> <span class='ocrx_word' id='word_1_960' title='bbox 3226 5753 3375 5802; x_wconf 84' lang='lat' dir='ltr'><strong>vero,</strong></span> <span class='ocrx_word' id='word_1_961' title='bbox 3409 5741 3482 5796; x_wconf 80' lang='grc' dir='ltr'>Ἣ</span> <span class='ocrx_word' id='word_1_962' title='bbox 3509 5739 3744 5814; x_wconf 63' lang='grc' dir='ltr'>δοκιμήν</span> 
     </span>
    </p>
   </div>
   <div class='ocr_carea' id='block_1_115' title="bbox 2301 5804 3128 5881">
    <p class='ocr_par' dir='ltr' id='par_1_115' title="bbox 2301 5804 3128 5881">
     <span class='ocr_line' id='line_1_115' title="bbox 2301 5804 3128 5881; baseline 0.002 -21"><span class='ocrx_word' id='word_1_963' title='bbox 2301 5807 2412 5876; x_wconf 69' lang='lat' dir='ltr'><strong>(3T5)</strong></span> <span class='ocrx_word' id='word_1_964' title='bbox 2452 5804 2648 5872; x_wconf 86' lang='lat' dir='ltr'><strong>Palat.,</strong></span> <span class='ocrx_word' id='word_1_965' title='bbox 2682 5804 2789 5860; x_wconf 72' lang='grc' dir='ltr'><strong>Καὶ</strong></span> <span class='ocrx_word' id='word_1_966' title='bbox 2818 5806 2944 5860; x_wconf 83' lang='grc' dir='ltr'>ὅταν</span> <span class='ocrx_word' id='word_1_967' title='bbox 2972 5804 3128 5881; x_wconf 80' lang='grc' dir='ltr'><strong>λέγῃ.</strong></span> 
     </span>
    </p>
   </div>
   <div class='ocr_carea' id='block_1_116' title="bbox 3896 5480 3899 5557">
    <p class='ocr_par' dir='ltr' id='par_1_116' title="bbox 3896 5480 3899 5557">
     <span class='ocr_line' id='line_1_116' title="bbox 3896 5480 3899 5557; baseline 0 0"><span class='ocrx_word' id='word_1_968' title='bbox 3896 5480 3899 5557; x_wconf 57' lang='lat' dir='ltr'><strong>i</strong></span> 
     </span>
    </p>
   </div>
  </div>
