3982 6398
208 354 328 415 133⁷

231 490 313 530 σαι
334 472 596 536 τοιαῦται,
635 473 799 527 αὑτοῦ
851 474 943 528 τοῦ
978 477 1185 547 Πατρός
1236 481 1372 533 εἰσιν
1417 481 1562 537 ἴδιαι.
1596 483 1762 536 Ὅταν

1875 499 2032 553 super
2062 487 2238 554 ipsum
2271 488 2339 551 '“,

203 566 253 619 δὲ
275 563 397 633 λέγῃ
427 562 538 633 (36)
561 566 588 616 6
612 564 759 628 Υἱὸς,
806 584 824 616 ι
865 568 1097 635 Ὠρυξαν
1128 569 1314 640 χεῖράς
1347 588 1449 641 μου
1478 572 1570 625 καὶ
1593 573 1758 637 πόδας

206 669 317 723 μου,
361 668 378 702 ι
415 653 505 704 καὶ
541 654 662 707 ὅσαι
700 655 962 717 τοιαῦται,
995 658 1087 711 τοῦ
1132 661 1369 731 Χριστοῦ
1405 666 1511 716 είσι
1562 666 1755 733 φωναί.

202 742 345 797 Οὕτω
375 744 465 795 καὶ
492 743 587 797 τοῦ
621 745 934 816 Πνεῦματος
963 749 1090 802 [διαί
1140 754 1243 805 είσι
1275 755 1448 822 φωναί
1466 773 1479 786 ⁸
1516 756 1592 819 ὡς
1634 758 1760 811 ὅταν

200 832 320 904 λέγῃ
351 835 379 885 6
405 834 671 902 Ἄγαϐος·
707 854 727 886 ι
763 838 901 890 Τάδε
949 838 1094 908 λέγει
1126 842 1188 895 τὸ
1223 844 1449 915 Πνεῦμα
1477 847 1540 899 τὸ
1572 848 1758 915 ἄγιον’

201 923 294 976 Τὸν
338 924 503 995 ἄνδρα
550 925 766 991 τοῦτον,
825 925 887 981 οῦ
940 932 1087 984 ἐστιν
1127 936 1159 1004 ἡ
1209 934 1353 1005 ζώνη
1399 935 1561 1007 αῦτη,
1589 939 1764 1003 οὕτως

198 1018 455 1087 δήσουσιν.
492 1037 512 1070 ι
547 1020 724 1075 Πᾶσαι
763 1021 819 1076 δὲ
853 1018 1045 1090 αὗται,
1102 1026 1444 1081 θεόπνευστοι
1495 1030 1761 1098 λέγονται,

197 1111 277 1164 διὰ
304 1110 363 1163 τὸ
411 1111 506 1164 καὶ
547 1114 647 1176 τὰς
688 1114 782 1167 τοῦ
827 1117 1038 1187 Πατρὸς
1089 1118 1223 1171 Θεοῦ
1257 1116 1396 1173 εἶναι
1436 1122 1639 1191 φωνὰς,
1672 1124 1766 1176 καὶ

197 1202 286 1266 τὰς
313 1202 403 1256 τοῦ
435 1204 566 1257 Υἰοῦ
613 1204 747 1259 Θεοῦ
796 1203 935 1262 εἶναι
967 1208 1170 1278 φωνὰς,
1217 1211 1310 1263 καὶ
1341 1211 1439 1275 τὰς
1475 1213 1570 1265 τοῦ
1596 1214 1764 1267 Πνεῦ-

200 1312 354 1365 ματος
404 1294 539 1349 Θεοῦ
574 1293 712 1351 εἶναι
744 1300 944 1367 φωνάς.
976 1302 1196 1355 Μακεδ.
1224 1303 1314 1375 Μὴ
1345 1304 1583 1372 γένοιτοί
1617 1306 1763 1373 Ὀρθ.

197 1386 391 1440 Οὐκοῦν
424 1387 547 1441 είπὲ
577 1389 687 1459 (57)
734 1390 832 1453 τὰς
880 1391 979 1461 μὲν
1030 1388 1166 1445 εἶναι
1214 1394 1602 1459 θεοπνεύστους
1649 1397 1768 1465 (τὰς

194 1476 379 1544 δὲοῦ)’
413 1480 506 1531 καὶ
537 1480 749 1549 μέμψαι
786 1480 864 1551 τῷ
909 1484 1049 1554 ἁγίῳ
1106 1485 1299 1557 Παύλῳ
1345 1487 1613 1557 γράψαντι
1656 1490 1770 1543 οεο-

195 1570 480 1633 πνεύστους
499 1570 601 1634 τὰς
629 1573 807 1635 πάσας
833 1573 1070 1644 Γραφὰς.
1096 1577 1317 1630 Μακεδ.
1340 1575 1417 1631 Ἦ
1443 1575 1559 1643 οὖν,
1581 1581 1767 1652 ἐπειδή

191 1678 304 1715 τινα
333 1663 552 1733 ῥήματα
598 1662 706 1716 τῶν
751 1665 918 1734 ἀγίων
984 1668 1122 1720 εἰσιν
1177 1672 1234 1722 ὲν
1287 1671 1476 1735 αὐταῖς
1524 1673 1618 1725 καὶ
1664 1673 1773 1725 τῶν

193 1753 391 1807 ἀσεϐῶν
417 1757 512 1809 καὶ
546 1758 886 1829 ἁμαρτωλῶν
927 1761 1249 1833 ἀνθρώπων,
1270 1763 1359 1817 διά
1387 1764 1543 1819 τοῦτο
1586 1767 1678 1819 καὶ
1724 1771 1771 1821 οἱ

1202 358 1287 413 DE
1323 361 1596 418 SANCTA
1637 363 2020 421 TRINITATE
2057 365 2401 422 DlALOGUS
2440 366 2524 423 Ill.

3310 374 3335 426 ί
3352 374 3448 429 £58

2403 505 2418 535 ι
2466 494 2518 541 et
2552 484 2760 541 similes
2790 487 2908 540 alize
2932 504 3109 551 voces,
3145 491 3316 559 ipsius
3344 491 3448 545 Pa-

1866 577 1967 630 tris
2001 586 2129 631 sunt
2157 579 2413 646 propriae.
2445 578 2512 630 At
2554 594 2678 630 cum
2709 577 2841 632 dicit
2872 578 3063 647 Filius,
3115 599 3132 631 ι
3170 580 3447 638 Foderunt

1865 684 2062 723 manus
2092 684 2240 724 meas
2265 679 2319 723 et
2350 669 2514 738 pedes
2536 684 2687 725 meos
2716 672 2781 736 ",
2821 690 2838 722 ι
2872 678 2926 726 et
2948 672 2992 725 si
3017 688 3138 742 quae
3165 682 3293 728 sunt
3324 676 3446 729 alia;

1866 761 2093 826 similes,
2128 760 2333 817 Christi
2370 770 2500 816 sunt
2527 777 2710 818 voces.
2744 764 2821 817 lla
2843 763 3003 818 etiam
3027 767 3274 834 quaedam
3315 774 3446 822 eunt

1868 850 2107 920 Spiritus
2165 856 2398 924 propriae
2449 869 2643 917 voces,
2694 864 2753 909 ut
2807 872 2929 911 cum
2996 859 3130 912 dicit
3171 859 3441 928 Agabus:

1873 960 1891 992 ι
1923 940 2048 996 Haec
2063 943 2196 997 dicit
2226 943 2462 1013 Spiritus
2487 956 2745 1002 sanctus:
2772 947 2927 1001 llunc
2956 949 3154 1012 virum,
3179 949 3337 1018 cujus
3362 956 3443 1003 est

1868 1033 1983 1086 bmc
2036 1049 2195 1095 zona.
2247 1036 2327 1090 sic
2375 1037 2675 1108 alligabunt
2715 1041 2781 1092 ³⁸.
2818 1058 2837 1090 ι
2883 1038 3085 1095 Omnes
3114 1047 3293 1093 autem
3329 1040 3447 1095 ista:

1870 1139 2034 1180 voces
2070 1126 2330 1180 dicuntur
2368 1144 2397 1180 a
2437 1127 2548 1183 Deo
2581 1131 2885 1199 inspiratre,
2932 1134 3189 1201 quoniam
3224 1138 3277 1184 et
3321 1146 3445 1200 quae

1868 1213 2051 1272 Patris
2082 1226 2231 1280 sunt,
2264 1217 2355 1273 Dei
2390 1228 2517 1273 sunt
2540 1235 2742 1275 voces:
2776 1230 2829 1276 et
2861 1238 2980 1290 qua:
3022 1221 3141 1275 Filii
3170 1230 3319 1287 sunt,
3347 1222 3442 1277 Dei

1873 1314 2002 1362 sunt
2043 1324 2203 1363 voces
2244 1328 2256 1362 :
2287 1318 2341 1363 et
2373 1326 2494 1378 qua:
2521 1309 2759 1379 Spiritus
2786 1320 2934 1373 sunt.
2969 1312 3059 1369 Dei
3105 1324 3232 1367 sunt
3258 1328 3443 1367 voces.

1873 1396 2082 1452 Maced.
2110 1399 2298 1454 Absit!
2334 1398 2487 1453 Orth.
2524 1400 2619 1455 Dic
2651 1402 2814 1473 igitur
2839 1403 3104 1472 quasdam
3134 1404 3446 1472 Scripturas

1871 1505 1994 1545 esse
2030 1506 2059 1543 a
2092 1490 2203 1545 Deo
2237 1492 2551 1561 inspiratus,
2580 1495 2844 1563 quasdam
2881 1511 3009 1550 vero
3039 1512 3147 1549 non
3180 1496 3306 1550 item
3338 1515 3351 1550 :
3394 1504 3450 1551 ct

1873 1581 2100 1635 Paulqu
2132 1583 2346 1646 incusa,
2378 1584 2470 1652 qui
2503 1582 2819 1654 Scripturas
2854 1586 3136 1641 universas
3168 1602 3197 1639 a
3234 1586 3340 1642 Deo
3365 1588 3452 1640 in-

1874 1676 2110 1742 spiratas
2129 1690 2251 1729 esse
2268 1676 2568 1745 scripserit.
2594 1676 2803 1733 Maced.
2834 1676 2972 1731 Num
3002 1676 3168 1748 igit‘ur
3191 1680 3447 1749 quoniam

1878 1764 1931 1818 in
1963 1762 2265 1833 Scripturis
2291 1775 2417 1819 sunt
2443 1767 2690 1836 quaedam
2732 1774 3049 1822 sanctorum
3084 1769 3271 1831 verba,
3301 1783 3449 1837 quae.

191 1846 396 1910 ἀσεϐεῖς
437 1850 533 1902 καὶ
578 1851 893 1923 ἁμαρτωλοὶ
944 1854 1055 1907 θεοί
1102 1857 1239 1909 εἰσιν
1263 1874 1277 1919 ;
1303 1857 1447 1925 Ὀρθ.
1493 1859 1651 1913 Ἀλλά
1675 1862 1769 1914 καὶ

1875 1857 1999 1912 dam
2023 1857 2186 1910 etiam
2210 1858 2503 1926 impiorum
2527 1868 2579 1911 et
2607 1858 2998 1913 sceleratorum
3024 1858 3332 1920 hominum,
3356 1860 3452 1912 im—

190 1939 281 2002 τὰς
330 1940 422 1992 τοῦ
472 1942 686 2012 Πατρὸς
732 1945 917 2013 φωνὰς
964 1946 1058 1999 καὶ
1092 1947 1192 2010 τὰς
1235 1948 1330 2001 τοῦ
1372 1949 1503 2003 Υίοῦ
1540 1951 1633 2003 καὶ
1670 1951 1768 2016 τὰς

189 2030 290 2085 τῶν
310 2032 503 2100 ἀγίων,
530 2036 624 2087 καὶ
655 2036 756 2099 τὰς
796 2036 904 2090 τῶν
946 2038 1157 2091 ἀσεόῶν
1188 2041 1282 2092 καὶ
1321 2042 1679 2113 ἁμαρτωλῶν,
1707 2044 1768 2097 τὸ

191 2122 402 2193 Πνεῦμα
433 2125 526 2179 διὰ
560 2126 668 2178 τῶν
699 2128 994 2201 προφητῶν
1039 2131 1130 2182 καὶ
1161 2131 1473 2186 ἀποστόλων
1510 2134 1764 2205 ἔγραψεν.

189 2215 257 2267 Οὐ
286 2216 394 2287 γὰρ
425 2213 573 2287 ἦσαν
616 2220 769 2272 αὐτοὶ
814 2222 863 2273 οἱ
913 2220 1216 2285 λαλοῦντες,
1267 2223 1403 2277 ἀλλά
1438 2225 1499 2278 τὸ
1545 2225 1767 2297 Πνεῦμα

188 2307 273 2360 τοῦ
313 2309 549 2379 Πατρός.
597 2310 816 2364 Maesti.
853 2310 1034 2376 Δείξόν
1076 2331 1184 2383 μοι,
1232 2315 1334 2368 ποῦ
1368 2315 1612 2386 φανερῶς
1637 2318 1769 2384 Θεὸς

194 2401 398 2470 εἴρηται
432 2402 498 2455 τὸ
536 2402 760 2474 Πνεῦμα
785 2405 844 2457 τὸ
875 2406 1047 2473 ἅγιον.
1294 2398 1304 2407 ”

248 2490 335 2545 ‘25.
373 2492 527 2562 Ὀρθ.
593 2496 905 2565 Ὀμολογεῖς
953 2499 1079 2563 ναὸς
1140 2497 1278 2554 εἶναι
1344 2502 1437 2555 τοῦ
1512 2504 1669 2571 Θεοῦ,
1732 2506 1765 2577 ἢ

184 2581 239 2634 οὗ
275 2584 381 2655 (58)
402 2602 416 2649 ;
437 2586 667 2640 Μακεδ.
690 2588 813 2641 Ναί.
840 2589 949 2642 Καὶ
967 2590 1074 2662 γὰρ
1095 2593 1306 2664 εἴρηται
1336 2594 1484 2663 παρὰ
1503 2596 1593 2649 τοῦ
1614 2597 1767 2667 ἁγίου

187 2671 410 2726 Παύλου·
455 2695 473 2727 ι
520 2677 633 2729 Οὐκ
679 2678 877 2741 οἴδατε,
932 2680 1013 2733 ὅτι
1062 2682 1131 2734 τὰ
1181 2682 1409 2753 σώματα
1458 2686 1610 2755 ὑμῶν
1642 2689 1769 2751 ναὸς

183 2764 271 2817 τοῦ
304 2767 360 2819 ἐν
395 2768 533 2838 ὑμῖν
581 2769 734 2837 ἁγίου
782 2770 1095 2842 Πνεῦματὸς
1142 2775 1311 2835 ἐστιν,
1355 2772 1415 2831 οὗ
1462 2778 1612 2848 ἔχετε
1661 2781 1769 2835 ἀπὸ

185 2853 344 2920 Θεοῦ;
383 2877 403 2908 ι
433 2859 588 2925 Ὁρθ.
623 2860 739 2922 Πᾶς
753 2860 809 2912 δὲ
841 2859 985 2923 ναὸς,
1019 2862 1154 2915 Θεοῦ
1178 2866 1308 2927 ναός
1332 2867 1477 2919 ἐστι’
1509 2868 1639 2932 Θεὸς
1662 2869 1768 2940 ἄρα

184 2945 238 2997 τὸ
262 2947 514 3019 Πνεῦμα.
546 2951 768 3003 Μακεδ.
800 2954 875 3005 Οὐ
906 2952 1049 3020 λέγω
1084 2952 1218 3007 Θεὸν
1245 2956 1305 3008 τὸ
1344 2958 1586 3028 Πνεῦμα.
1616 2961 1765 3030 Ὀρθ.

182 3037 385 3093 Οὐκοῦν
416 3040 548 3093 οὐδὲ
589 3043 653 3094 σὺ
691 3043 838 3106 ναός.
885 3045 1107 3100 Μακεδ.
1153 3047 1258 3100 Τοῦ
1293 3049 1427 3102 Θεοῦ
1475 3053 1600 3117 ναός
1629 3055 1764 3124 ειμι.

194 3127 339 3197 Ὀρθ.
396 3130 514 3184 Τοῦ
570 3133 885 3204 Πνεύματος
935 3134 1036 3201 οῦς
1090 3140 1310 3194 Μακεδ.
1373 3143 1483 3196 Nai.
1531 3144 1626 3197 καὶ
1673 3146 1766 3201 τοῦ
1803 3189 1842 3210 ,.

184 3218 526 3288 Πνεύματος.
585 3223 734 3287 Ὀρθ.
795 3225 936 3296 Ἀρα
999 3226 1092 3280 καὶ
1158 3230 1384 3302 Πνεῦμα
1451 3234 1561 3306 (59)
1621 3236 1771 3301 Θεός.

184 3308 402 3362 Μακεδ.
440 3310 666 3381 Ἐπειδὴ
704 3314 801 3366 καὶ
845 3313 1063 3383 ἄγγελοι
1092 3315 1315 3388 ᾤκησαν
1354 3322 1411 3373 ὲν
1443 3324 1554 3385 τοῖς
1578 3323 1775 3392 ἀγίοις.

184 3396 368 3470 ὥσπερ
413 3403 444 3453 6
492 3403 786 3474 προφήτης
822 3403 1006 3473 λέγει·
1040 3426 1059 3459 ι
1098 3408 1236 3462 Τάδε
1265 3410 1409 3479 λέγει
1443 3413 1472 3464 6
1500 3412 1729 3482 ἄγγελος
1750 3418 1779 3469 6

184 3489 353 3544 λαλῶν
382 3495 442 3545 ὲν
466 3494 598 3564 ἐμοί
618 3512 631 3524 ο
676 3514 694 3545 ι
725 3495 813 3549 διὰ
845 3496 1001 3551 τοῦτο
1032 3500 1127 3552 καὶ
1154 3502 1283 3564 τοὺς
1312 3503 1577 3571 ἀγγέλους
1624 3505 1778 3571 θεοὺς

184 3583 348 3653 uno;
380 3587 541 3655 ‘0p0.
593 3587 706 3640 Οὐκ
744 3587 888 3657 ἔχεις
937 3590 1035 3657 μὲν
1067 3590 1260 3657 δεῖξαι,
1294 3594 1377 3646 ὄτι
1420 3592 1501 3658 εἷς
1550 3592 1618 3666 ἦν
1665 3596 1777 3650 τῶν

184 3678 425 3750 γενητῶν
460 3678 715 3748 ἀγγέλων
741 3684 770 3735 6
802 3682 976 3735 λαλῶν
1015 3685 1073 3737 ὲν
1109 3683 1187 3753 τῷ
1222 3688 1494 3757 προφήτῃ.
1530 3688 1781 3758 Προαπο-

182 3767 448 3824 δέδεικται
483 3772 621 3843 γὰρ,
653 3772 735 3825 ὅτι
767 3774 861 3827 καὶ
886 3776 915 3827 6
946 3775 1069 3838 Υἱὸς
1106 3775 1357 3845 ἄγγελος,
1388 3779 1481 3830 καὶ
1525 3779 1584 3831 τὸ
1612 3780 1779 3833 Πνεῦ-

187 3875 277 3928 μα.
309 3861 437 3916 Κᾶν
467 3861 604 3932 δοθῇ
650 3879 731 3915 σοι
773 3862 868 3917 ἕνα
897 3863 1007 3917 τῶν
1037 3864 1281 3933 γενητῶν
1322 3864 1566 3934 ἀγγέλων
1598 3866 1778 3920 λαλεῖν

182 3952 237 4003 ὲν
258 3952 337 4024 τῷ
365 3956 634 4027 προφήτῃ
667 3953 801 4025 (ιο),
830 3954 943 4008 ἀλλ’
968 3956 1087 4026 οὐχὶ
1127 3957 1221 4009 καὶ
1256 3957 1382 4020 ναὸς
1413 3956 1507 4009 τοῦ
1547 3959 1777 4026 ἀγγέλου

181 4042 211 4094 6
237 4047 560 4117 προφήτης.
597 4046 712 4107 Πᾶς
742 4044 850 4115 γὰρ
873 4046 1016 4110 ναὸς,
1045 4046 1181 4099 Θεοῦ
1214 4047 1359 4110 ναός.
1390 4048 1607 4120 Ἐπειδὴ
1635 4049 1777 4115 είπὲ,

181 4135 283 4187 ποῦ
317 4137 422 4207 τῆς
469 4137 706 4209 Γραφῆς
750 4139 962 4209 εἴρηται
993 4140 1119 4203 ναὸς
1162 4141 1190 4192 ό
1224 4142 1511 4211 προφήτης
1535 4140 1568 4213 ἢ
1592 4145 1621 4195 6
1648 4143 1780 4197 ἀπό-

184 4225 387 4289 στολος,
422 4228 458 4297 ἦ
500 4226 738 4281 καθόλου
772 4228 1078 4301 ἄνθρωπος,
1125 4231 1378 4299 ἀγγέλου,
1406 4232 1441 4303 ἦ
1481 4250 1625 4296 τινος
1662 4234 1778 4287 κτί-

181 4332 410 4386 σματος.
457 4318 694 4373 Hand.
751 4321 885 4385 Θεὸς
927 4318 1020 4377 οὖν
1064 4323 1125 4375 τὸ
1168 4324 1426 4394 Πνεῦμα;
1459 4326 1605 4393 Ὀρθ.
1654 4326 1779 4380 Ἐὰν

180 4407 338 4482 Θέλῃς
371 4413 519 4484 (41),
555 4412 659 4466 κᾶν
706 4413 780 4485 μὴ
818 4413 996 4486 θέλῃς.
1032 4416 1252 4472 Μακεδ.
1302 4418 1464 4489 Τρεῖς
1502 4414 1596 4473 οὖν
1646 4419 1777 4474 Θεοί.

1875 1950 1995 2018 pios
2015 1964 2233 2018 quoque
2258 1956 2312 2003 et
2347 1949 2643 2004 sceleratos
2667 1948 2872 2002 idcirco
2894 1948 3097 2003 dixeris
3123 1964 3245 2004 esse
3267 1949 3399 2003 deos
3422 1949 3447 2000 ’ς

1874 2040 2027 2095 Orth.
2056 2040 2159 2095 Sed
2180 2049 2233 2094 et
2257 2039 2457 2102 Patris,
2477 2048 2530 2094 et
2546 2038 2688 2105 Filii,
2707 2049 2760 2094 et
2784 2049 3119 2105 sanctorum,
3148 2040 3449 2110 itidemque

1872 2132 2158 2201 impiorum
2186 2140 2238 2186 ct
2273 2132 2661 2186 sceleratorum
2694 2146 2856 2186 voces
2885 2132 3175 2202 descripsit
3212 2129 3450 2201 Spiritus

1872 2238 1969 2292 per
2008 2223 2299 2293 pr0phetas
2343 2229 2397 2276 et
2426 2222 2721 2291 apostolos.
2759 2220 2875 2275 Non
2918 2224 3059 2275 enim
3109 2223 3276 2277 locuti
3318 2230 3450 2277 sunt

1875 2315 1999 2385 ipsi,
2029 2316 2122 2370 sed
2153 2313 2392 2384 Spiritus
2429 2315 2625 2370 Patris.
2654 2313 2862 2367 Maced.
2896 2314 3132 2370 Ostende
3173 2315 3324 2378 mihi,
3358 2316 3448 2371 ubi

1874 2406 2109 2478 Spiritus
2142 2414 2365 2463 sanctus
2392 2406 2679 2462 manifeste
2716 2406 2934 2461 dicatur
2964 2406 3124 2461 Deus.

1940 2496 2106 2570 454
2126 2498 2216 2552 25.
2249 2495 2402 2552 Orth.
2434 2496 2645 2552 Fateris
2686 2504 2739 2552 te
2758 2512 2881 2552 esse
2916 2495 3008 2551 Dei
3042 2496 3321 2565 templum,
3358 2509 3451 2548 an-

1873 2592 2016 2644 non?
2035 2588 2242 2643 Maced.
2269 2589 2431 2644 Sane.
2458 2588 2669 2642 Dictum
2693 2596 2775 2643 est
2795 2588 2939 2643 enim
2964 2602 2992 2641 ιι
3012 2595 3202 2643 sancto
3232 2585 3401 2640 Paulo
3430 2605 3446 2641 :

1880 2699 1899 2732 ι
1935 2680 2016 2733 Αιι
2049 2680 2273 2735 ιιεεοίεἱε
2300 2694 2532 2749 corpora
2556 2686 2739 2733 vestra
2770 2693 2894 2732 esse
2922 2676 3183 2746 templum
3208 2674 3449 2745 Spiritus

1875 2774 2048 2828 sancti
2076 2790 2087 2824 :
2111 2774 2201 2843 qui
2231 2774 2284 2826 in
2308 2772 2463 2831 vobis
2485 2779 2588 2837 cst,
2607 2781 2661 2826 et
2686 2785 2846 2841 quem
2876 2786 2903 2823 a
2936 2768 3044 2823 Deo
3073 2768 3281 2823 habetis
3304 2767 3395 2821 ”?
3423 2786 3445 2819 ι

1876 2863 2028 2919 Orth.
2067 2864 2229 2933 Atqui
2258 2879 2420 2918 omne
2453 2865 2712 2932 templum
2747 2872 2832 2916 est
2876 2861 2967 2915 Dei
3002 2862 3283 2929 templum,
3317 2873 3450 2928 ergo

1877 2955 2112 3025 Spiritus
2157 2965 2379 3011 sanctus
2407 2964 2491 3010 est
2534 2954 2697 3010 Deus.
2731 2951 2941 3007 Maced.
2985 2951 3131 3021 Nego
3185 2949 3449 3020 Spiritum

1874 3063 1998 3102 esse
2026 3045 2217 3101 Deum.
2255 3044 2409 3100 Orth.
2437 3044 2600 3116 Ergo,
2633 3060 2702 3099 ne
2729 3052 2785 3096 tu
2822 3044 3039 3113 quidem
3064 3057 3124 3097 es
3150 3040 3450 3111 templum?

1876 3135 2084 3191 Maced.
2115 3134 2247 3189 Sum
2280 3135 2374 3189 Dei
2408 3135 2690 3204 templum.
2714 3131 2868 3188 0rllt.
2896 3131 3095 3185 Annon
3123 3144 3254 3186 vero
3282 3128 3453 3199 Spiri-

1876 3234 1969 3281 tus
1997 3224 2306 3295 templum?
2352 3192 2561 3279 Maced.
2612 3220 2744 3275 Sum
2802 3230 2953 3275 certe
3005 3218 3241 3289 Spiritus
3286 3192 3486 3274 etiam.

1877 3317 2157 3385 templum.
2191 3313 2345 3369 0rlh.
2377 3312 2518 3383 Ergo
2546 3321 2599 3368 et
2641 3311 2879 3382 Spiritus
2924 3319 3009 3366 est
3041 3309 3201 3366 Deus.
3240 3308 3452 3365 Haud.

1875 3406 2016 3462 Num
2048 3423 2176 3463 vero
2209 3407 2468 3477 quoniam
2494 3404 2667 3474 angeli
2700 3405 2863 3458 etiam
2896 3404 3209 3457 habitarunt
3240 3402 3296 3456 in
3326 3415 3457 3456 san-

1875 3498 2002 3561 ctis,
2030 3500 2175 3553 sicut
2232 3496 2410 3566 inquit
2446 3496 2706 3565 propheta
2746 3513 2759 3548 :
2796 3513 2815 3546 ι
2853 3493 2978 3548 llmc
3033 3494 3168 3548 dicit
3219 3493 3448 3563 angelus

1876 3590 1972 3660 qui
2011 3589 2065 3642 in
2101 3604 2188 3642 me
2234 3588 2475 3657 loquitur
2508 3588 2552 3619 ³⁹
2589 3627 2604 3651 ,
2645 3607 2664 3638 ι
2718 3585 2926 3640 idcirco
2962 3586 3185 3655 angelos
3233 3600 3453 3654 quoque

1877 3683 2107 3737 dixerim
2133 3696 2256 3736 esse
2284 3680 2449 3735 deos?
2483 3680 2636 3734 Orth.
2668 3678 2785 3733 Non
2826 3679 3006 3747 p0ssls
3039 3678 3327 3732 ostendere
3354 3691 3451 3731 an-

1876 3774 2053 3845 gelum
2086 3775 2394 3843 loquentem
2425 3773 2479 3825 in
2515 3771 2778 3841 propheta
2816 3770 2987 3825 fuisse
3032 3784 3198 3823 unum
3244 3785 3308 3823 ex
3345 3769 3453 3822 illis

1876 3866 2136 3922 conditis.
2163 3863 2282 3919 Jam
2312 3865 2457 3917 enim
2488 3871 2647 3917 antea
2678 3862 3109 3925 demonstratum
3138 3868 3222 3915 est
3254 3859 3451 3914 Filium

1877 3971 2096 4027 quoque
2129 3962 2183 4009 et
2212 3952 2472 4024 Spiritum
2505 3967 2625 4007 esse
2655 3950 2926 4020 angelum.
2978 3948 3041 4001 Et
3080 3956 3142 4003 ut
3182 3948 3281 4003 tibi
3318 3962 3453 4002 con-

1879 4050 2127 4113 cedatur,
2160 4063 2328 4101 unum
2366 4046 2536 4101 fuisse
2578 4061 2644 4101 ex
2677 4044 2916 4099 conditis
2950 4044 3158 4113 angelis
3187 4057 3313 4097 eum
3354 4041 3453 4110 qui

1880 4141 2206 4212 loquebatur
2238 4139 2292 4193 in
2327 4138 2612 4209 pr0pheta,
2648 4152 2756 4190 non
2786 4143 2904 4191 erat
2948 4142 3132 4188 tamen
3189 4133 3453 4204 propheta

1880 4233 2137 4303 templum
2175 4230 2374 4301 angeli.
2407 4227 2580 4284 Omne
2608 4227 2867 4298 templqu
2894 4226 3038 4281 enim
3074 4231 3158 4279 est
3188 4222 3282 4278 Dei
3317 4231 3454 4278 tem-

1882 4328 2027 4397 plum
2057 4344 2071 4379 :
2104 4323 2309 4393 alioqui
2332 4322 2502 4377 dicito
2533 4322 2624 4377 ubi
2658 4322 2873 4376 tandem
2907 4319 2963 4373 in
2996 4317 3280 4388 Scriptura
3312 4316 3457 4372 dica-

1881 4431 1974 4475 tur
2026 4417 2313 4490 propheta,
2347 4415 2432 4470 vel
2479 4414 2780 4483 apostolus,
2820 4413 2905 4468 vel
2940 4412 3105 4466 homo
3157 4410 3453 4484 quispiam,

188 4500 342 4569 ’0p0.
395 4503 545 4566 Θεὸς
595 4504 624 4555 6
673 4504 898 4575 Πατήρς
945 4506 1166 4559 Μακεδ.
1216 4509 1342 4563 Ναί.
1400 4514 1555 4578 Ὀρθ.
1595 4512 1704 4564 Καὶ
1748 4514 1772 4566 6

1879 4513 2143 4582 templum
2175 4508 2355 4581 angeli
2381 4508 2463 4562 vel
2493 4508 2570 4562 rei
2607 4506 2773 4560 ullius
2804 4512 3020 4560 creatae.
3053 4502 3262 4557 Maced.
3290 4500 3458 4571 Spiri-

179 4591 304 4656 Υίός
331 4610 347 4659 ;
382 4593 623 4649 Mala-:6.
660 4594 786 4649 Ναί.
811 4598 957 4664 Ὀρθ.
988 4597 1092 4650 Δύο
1112 4594 1206 4651 οῦν
1237 4599 1348 4653 θεοί
1373 4618 1387 4662 ;
1421 4600 1640 4657 Μακεδ.
1670 4602 1766 4656 Οῦ.

1878 4615 1969 4662 tus
1998 4604 2164 4675 igitur
2196 4602 2339 4657 Deus
2366 4601 2488 4656 est?
2520 4599 2675 4655 Orth.
2705 4599 2819 4661 Est,
2856 4598 3019 4660 nolis,
3051 4597 3208 4649 velis.
3245 4593 3453 4647 Maced.

190 4684 344 4753 Ὀρθ.
372 4687 581 4750 Οὕτως
624 4686 744 4739 οὐδὲ
788 4690 968 4758 τρείς;
1000 4690 1221 4743 Μακεδ.
1260 4692 1401 4744 Ἀλλ’
1449 4688 1529 4757 εἷς
1558 4696 1652 4748 καὶ
1678 4690 1772 4759 εἷς.

1887 4697 2023 4753 Tres
2050 4711 2180 4751 vero
2209 4695 2284 4748 dii
2313 4703 2459 4749 sunt.
2487 4691 2640 4748 Orth.
2672 4689 2836 4745 Pater
2860 4700 3015 4746 estne
3041 4688 3220 4743 Deus?
3246 4687 3456 4741 Maced.

187 4776 343 4844 '0p0.
380 4778 447 4832 Ei
485 4778 553 4832 τὸ
582 4776 665 4842 εἷς
696 4780 788 4832 καὶ
803 4775 884 4845 εἷς
908 4782 1007 4834 οὐκ
1034 4784 1140 4835 εἰσὶ
1154 4782 1267 4846 δύο,
1285 4785 1405 4837 οὐδὲ
1420 4787 1478 4839 τὸ
1494 4782 1575 4849 εἷς
1590 4789 1682 4841 καὶ
1699 4785 1772 4853 εἷς

1883 4788 2083 4843 Etiam.
2111 4785 2261 4841 Orth.
2291 4785 2355 4838 Et
2381 4783 2554 4838 Filius
2578 4797 2799 4852 quoque
2825 4781 3003 4836 Deus?
3025 4779 3231 4834 Maced.
3258 4779 3456 4833 Etiam.

177 4871 268 4922 καὶ
300 4866 611 4944 εἷς,τρεῖς.
638 4874 860 4928 Μακεδ.
895 4876 1007 4928 Οὐκ
1037 4875 1180 4928 ἔστιν
1210 4874 1304 4930 οὖν
1336 4873 1416 4942 εἷς
1445 4879 1596 4943 Θεὸς,
1629 4881 1687 4947 ἐξ
1715 4873 1772 4933 οῦ

1885 4882 2038 4937 Orth.
2070 4879 2210 4933 Num
2247 4878 2412 4948 igitur
2440 4877 2548 4931 duo
2583 4884 2710 4931 sunt
2750 4874 2868 4927 dii?
2894 4872 3100 4927 Haced.
3132 4871 3270 4926 Non.
3302 4870 3453 4926 Ortlt.
3519 4888 3533 4925 ἑ

175 4961 242 5013 τὰ
266 4964 479 5026 πάντα,
502 4964 606 5017 καὶ
634 4958 714 5027 εἷς
731 4964 955 5037 Κύριος,
974 4965 1040 5019 δι’
1063 4960 1124 5019 οὗ
1143 4967 1210 5021 τά
1233 4968 1406 5022 πάντα
1430 4985 1443 5032 ;
1473 4971 1621 5037 Ὅρθ.
1648 4970 1772 5023 Εἰπὲ

1883 4970 1962 5027 Ita
1994 4972 2160 5042 igitur
2188 4986 2257 5025 ne
2308 4976 2420 5022 tres
2457 4967 2677 5038 quidem
2726 4971 2877 5021 sunt.
2919 4963 3128 5017 Maced.
3178 4962 3284 5016 Sed
3318 4976 3460 5016 unus

176 5052 270 5105 καὶ
298 5053 361 5108 ἓν
398 5054 646 5124 Πνεῦμα
675 5056 846 5124 ἅγιον,
887 5058 944 5109 ὲν
975 5051 1020 5125 ᾧ
1066 5058 1134 5111 τὰ
1187 5059 1381 5112 πάντα.
1417 5059 1637 5114 Μακεδ.
1670 5059 1772 5113 Ποῦ

1887 5073 1972 5119 est
1999 5075 2053 5118 et
2082 5079 2243 5116 unus.
2285 5060 2435 5116 Orth.
2484 5060 2541 5113 Si
2571 5074 2714 5113 unus
2749 5066 2804 5112 et
2847 5073 2989 5112 unus
3025 5071 3131 5110 non
3168 5063 3296 5111 sunt
3327 5056 3457 5111 duo.
3522 5066 3526 5070 ·

174 5143 337 5197 τοῦτο
361 5147 694 5215 γέγραπται
719 5162 733 5211 ;
762 5147 915 5215 Ὀρθ.
941 5149 1099 5219 Παρά
1123 5148 1200 5219 τῷ
1229 5149 1390 5203 Δαὸίδ
1407 5167 1421 5181 ·
1457 5169 1476 5202 ι
1512 5150 1602 5221 Τῷ
1626 5152 1772 5223 Λόγῳ

1890 5167 2020 5225 ergo
2048 5167 2148 5206 nec
2171 5165 2314 5205 unus
2346 5157 2398 5205 et
2422 5165 2563 5203 unus
2592 5158 2646 5203 et
2669 5162 2813 5203 unus
2835 5155 2948 5201 tres
2969 5153 3120 5200 sunt.
3146 5142 3352 5197 Maced.
3379 5143 3461 5195 An

178 5235 392 5310 Κυρίου
430 5240 486 5292 oi.
543 5239 767 5311 οὐρανοὶ
819 5239 1248 5312 ἐστερεώθησαν,
1280 5243 1371 5295 καὶ
1403 5241 1482 5313 τῷ
1508 5242 1772 5314 Πνεύματι

1893 5258 2005 5297 ιιοιι
2039 5241 2206 5312 igitur
2236 5255 2380 5294 unus
2403 5248 2489 5293 est
2535 5237 2699 5302 Deus,
2734 5253 2803 5292 ex
2846 5250 2957 5306 quo
2987 5233 3197 5299 omnia,
3227 5241 3282 5294 et
3322 5247 3465 5287 unus

248 5417 298 5449 “
337 5415 453 5473 lsa.
497 5431 654 5477 nu,
686 5415 736 5467 l.
812 5416 856 5449 ⁸⁷
895 5415 1043 5474 Psal.
1077 5431 1197 5486 xxi,
1237 5419 1321 5474 l7.
1402 5419 1448 5451 ⁸³
1488 5418 1611 5473 Act.
1648 5435 1773 5481 ut.
1814 5420 1905 5474 ll.
1972 5419 2017 5450 "
2056 5416 2232 5474 lCor.
2274 5431 2323 5470 vl
2348 5457 2363 5481 ,
2404 5416 2488 5469 l9.
2566 5415 2611 5446 ³ο
2647 5413 2815 5470 Zach.
2852 5429 2905 5477 I,
2938 5412 2994 5467 9.

174 5618 187 5630 ,
250 5571 371 5645 (ξιξ)
415 5571 610 5645 Palat.
640 5569 908 5645 similiter,
943 5572 1053 5625 Καὶ
1074 5574 1214 5645 όταν
1238 5573 1391 5645 λέγῃ.

251 5638 370 5711 (57)
414 5640 795 5711 Manuscrip.,
842 5638 1014 5697 εἷπον.
1069 5644 1187 5698 Mox
1230 5638 1425 5705 τὰς”δὲ
1457 5642 1517 5695 οὔ
1549 5643 1700 5700 deest
1730 5646 1784 5698 in

179 5711 373 5785 editis,
417 5721 481 5785 et
510 5717 745 5785 notatur
783 5714 957 5769 solum
991 5714 1059 5769 ad
1094 5715 1393 5785 marginem
1436 5713 1618 5770 Felt'k.
1655 5716 1734 5770 sic
1771 5734 1783 5768 :

181 5779 367 5848 Deest,
393 5782 503 5846 τὰς
535 5780 601 5834 δὲ.
632 5779 709 5835 οῦ.

1986 5572 2076 5645 ξ8)
2116 5572 2273 5645 Mss,
2301 5566 2452 5645 ἐἶναι
2480 5570 2941 5645 τοῦῖΠνῌεύματος,
2971 5572 3005 5645 ἢ
3031 5568 3115 5629 οὔ.

1987 5644 2076 5713 39)
2119 5642 2275 5708 Mss,
2301 5638 2445 5713 τΛριι
2472 5638 2798 5713 τὸΠνεῦμα.

2123 5714 2319 5787 Ριιιξιιη
2356 5716 2385 5766 ὀ
2405 5712 2590 5787 *λαλῶν
2617 5714 2675 5765 ὲν
2704 5712 2781 5784 τῷ
2811 5733 2907 5787 πρ.

1858 5792 1861 5795 ‘
1967 5783 2078 5853 (41)
2120 5784 2314 5850 Palat,
2353 5784 2455 5837 xiv
2480 5782 2655 5854 θέλῃς.
