3982 6398
528 377 669 437 1259

1579 375 1637 431 S.
1677 370 2139 429 ATHANASIUS.
2181 402 2251 413 —
2292 368 2561 425 SPURIA.

3619 354 3755 410 l2in

526 494 791 550 Dominus
821 507 917 564 per
945 507 1105 562 quem
1137 492 1358 555 omnia?
1386 491 1537 547 Orth.
1571 491 1688 557 Dic,
1714 500 1769 545 et
1802 506 1944 547 unus
1969 489 2092 561 δρία

2203 487 2285 541 τοῦ
2315 486 2579 556 στόματος
2605 483 2768 539 αὐτοῦ
2794 483 2941 537 πᾶσα
2966 482 2999 552 ἡ
3022 478 3247 549 δύναμις
3273 473 3468 529 αὐτῶν.
3496 493 3515 524 ι
3531 471 3753 527 Μακεδ.

528 588 666 642 ritus
694 587 747 639 in
778 599 886 655 quo
914 584 1114 638 omnia.
1157 580 1365 638 Haced.
1404 582 1507 638 Ubi
1549 583 1653 637 hoc
1683 582 1944 652 scriptum
1971 582 2091 637 est?

529 675 679 730 Orth.
707 675 862 743 Apud
891 672 1145 728 Davidem
1182 692 1195 726 :
1237 690 1257 724 ι
1288 671 1469 728 Verbo
1500 672 1716 727 Domini
1740 674 1864 727 cmli
1895 672 2091 727 ﬁrmati

525 771 673 827 sunt,
705 771 757 816 et
788 760 994 832 Spiritu
1027 762 1140 817 oris
1172 760 1293 830 ejus
1323 763 1503 817 omnis
1545 760 1717 816 virtus
1747 775 1935 816 eorum
1967 761 2033 815 ³¹.
2064 778 2085 813 ι

526 853 734 908 Maced.
780 853 884 909 Sed
919 851 1158 922 Spiritus
1188 852 1301 908 oris
1352 853 1528 922 ipsius
1573 868 1683 908 non
1728 862 1812 908 est
1853 851 2090 922 Spiritus

525 955 771 1005 sanctus.
807 944 958 1002 Orth.
991 944 1133 1016 Ergo
1168 960 1237 1002 ne
1268 943 1502 1001 Verbum
1546 945 1763 1015 quidem
1798 951 1881 1000 est
1896 943 2088 999 Filius.

528 1033 732 1088 Maced.
770 1032 887 1087 Non
926 1032 1197 1102 signiﬁcat
1238 1048 1306 1087 eo
1335 1034 1455 1087 loco
1486 1030 1723 1088 Verbum
1761 1033 2089 1096 subsistens,

526 1140 624 1180 nec
651 1123 913 1195 Spiritum
950 1124 1357 1180 subsistentem.
1385 1123 1538 1180 Orth.
1575 1123 1642 1179 Ut
1671 1125 1768 1177 tibi
1794 1125 1925 1179 illud
1951 1140 2087 1194 quo-

525 1231 630 1285 que
657 1214 1009 1279 concedatur,
1043 1216 1188 1285 quod
1227 1214 1371 1271 Deus
1404 1215 1599 1270 habeat
1626 1212 1859 1269 Verbum
1911 1216 2082 1284 prola-

525 1304 729 1368 tilium,
777 1302 868 1358 dic
901 1304 1082 1368 nobis,
1120 1301 1431 1358 Verbumne
1473 1300 1798 1361 subsistens.
1831 1309 1914 1355 est
1943 1300 2089 1368 quod

525 1394 693 1448 cat-los
752 1392 1006 1454 ﬁrmavit,
1058 1407 1127 1447 an
1164 1392 1541 1461 prolatitium?
1589 1389 1796 1444 Haud.
1854 1388 2089 1445 Verbum

2208 578 2365 632 ’Λλλὰ
2415 579 2478 630 τὸ
2524 575 2746 647 Πνεῦμα
2782 573 2875 628 τοῦ
2928 572 3192 646 στόματος
3228 567 3327 620 οὐκ
3362 565 3477 618 ἐστι
3507 564 3570 616 τὸ
3606 565 3757 631 ἆγιον

2194 670 2437 741 Πνεῦμα.
2482 671 2637 737 Ὀρθ.
2688 665 2894 721 Οὐκοῦν
2938 662 3058 716 οὐδὲ
3085 662 3114 713 6
3145 659 3313 727 Λόγος
3342 657 3489 719 Υἱός.
3534 653 3754 708 Marsa.

2209 759 2471 815 Ἐνταῦθα
2515 760 2577 813 ού
2619 758 2711 812 τὸν
2760 756 3113 810 ἐνυτυόστατον
3147 751 3317 820 Λόγον
3351 748 3520 817 λέγει,
3544 745 3666 799 οὐδὲ
3699 745 3757 799 τὸ

2196 853 2555 907 ἐνυπόστατον
2604 848 2845 920 Πνεῦμα.
2879 848 3033 913 Ὄρθ.
3068 845 3186 898 Ἵνα
3247 858 3329 895 σοι
3375 838 3471 893 καὶ
3512 836 3639 907 δοθῇ
3670 835 3757 888 λό-

2197 960 2299 1018 γον,
2326 944 2469 1014 ἔχειν
2496 940 2825 1015 προφορικδν
2850 939 2941 993 τὸν
2970 937 3102 991 Θεὸν
3123 977 3138 1001 ,
3174 934 3294 988 εἰπὲ
3327 935 3482 1003 ἡμῖν,
3513 931 3543 983 ό
3575 927 3760 983 ἐνυπό-

2200 1052 2389 1099 στατος
2426 1035 2596 1104 Λόγος
2626 1036 2772 1089 ἐστὶν
2818 1035 2847 1087 ό
2888 1032 2977 1086 τὸν
3018 1027 3243 1101 οὐρανὸν
3289 1021 3617 1096 στερεώως,
3649 1020 3682 1090 ἢ
3731 1020 3760 1070 6

2195 1125 2522 1197 7:90,:optx6c
2550 1142 2564 1191 ;
2605 1124 2825 1179 Mane.
2848 1121 2952 1176 Τὸν
2984 1116 3310 1192 προφορικδν
3356 1115 3521 1182 λέγω,
3548 1113 3646 1181 τὴν
3677 1112 3758 1162 ἐν-

2191 1215 2351 1286 τολὴν
2397 1216 2560 1270 αὐτοῦ
2581 1233 2595 1247 ο
2634 1236 2653 1269 ι
2686 1214 2855 1278 Αὐτὸς
2904 1210 3012 1282 γὰρ
3061 1205 3207 1272 εἷπε,
3236 1207 3330 1260 καὶ
3387 1203 3755 1274 ἐγενήθησαν·

2192 1307 2355 1371 αὐτὸς
2384 1307 2697 1369 ἐνετείλατο,
2724 1306 2816 1358 καὶ
2851 1301 3196 1372 ἐκτίσθησαν.
3236 1318 3255 1350 ο
3284 1294 3419 1351 Εἷπε
3440 1294 3498 1347 δὲ
3529 1292 3643 1363 (42)
3672 1289 3761 1344 καὶ

2192 1398 2487 1452 ἐνετείλατο
2517 1398 2598 1468 τῷ
2640 1397 2771 1468 Υἰῷ,
2806 1393 3153 1462 ἐνυποστάτῳ
3197 1389 3384 1459 Λόγῳ’
3414 1389 3443 1440 6
3474 1385 3532 1439 δὲ
3555 1383 3655 1455 τὴν
3683 1381 3763 1436 ὲν-

526 1486 861 1556 prolatitium
898 1485 1111 1557 appello
1157 1484 1470 1539 mandatum
1502 1483 1690 1552 ipsius.
1723 1500 1742 1532 ι
1780 1479 1923 1534 Dixit
1944 1482 2088 1536 enim

2203 1488 2349 1561 τολὴν
2379 1490 2557 1543 λαϐὼν
2593 1490 2718 1553 Υἱὸς
2745 1488 2976 1542 ἔκτισεν.

526 1586 581 1634 ει
630 1578 774 1632 facta
828 1585 980 1641 sunt.
1035 1578 1154 1647 ipse
1201 1574 1480 1630 mandaVil
1507 1581 1563 1629 et
1610 1584 1790 1628 creata
1819 1580 1948 1628 sunt
1972 1574 2038 1628 ³².
2086 1592 2106 1626 ι
2152 1576 2297 1635 Dixit
2329 1591 2509 1638 autem
2540 1592 2590 1637 et
2627 1581 2906 1635 mandavit
2953 1576 3112 1637 Filio.
3135 1573 3315 1631 Verbo
3358 1569 3614 1627 videlicet
3639 1563 3763 1623 sub-

526 1668 745 1725 sistenti
780 1686 792 1721 :
826 1665 997 1722 Filius
1027 1681 1157 1721 vero
1185 1673 1411 1736 accepto
1439 1664 1694 1719 mandato
1722 1665 1949 1719 creavit.

603 1760 691 1815 ει.
746 1759 898 1816 Orth.
944 1757 1064 1815 Non
1094 1758 1299 1816 fuerint
1344 1759 1511 1830 igitur
1554 1758 1677 1812 εωιί
1707 1756 1905 1811 ﬁrmati
1933 1757 2097 1813 verbo

2266 1761 2355 1815 24.
2384 1764 2539 1830 Ὀρθ.
2581 1760 2774 1814 Οὐκέτι
2819 1754 2915 1812 οὖν
2955 1756 3032 1827 τῷ
3076 1754 3219 1825 λόγῳ
3249 1749 3412 1805 αὑτοῦ
3440 1748 3765 1820 ἐστερεώθη-

530 1853 725 1923 ipsius,
752 1850 846 1908 sed
881 1848 1001 1905 Filii
1045 1852 1380 1921 operatione.
1428 1849 1685 1919 Adeoque
1731 1847 1927 1904 falsum
1960 1850 2095 1905 illud

529 1943 634 1999 erit
671 1961 684 1997 :
727 1960 747 1993 ‹
793 1938 974 1998 Verbo
1002 1940 1216 1996 Domini
1243 1938 1365 1995 cali
1396 1937 1591 1992 ﬁrmati
1614 1944 1760 1992 sunt.
1786 1956 1804 1988 ι
1825 1936 1959 1991 Cum
1995 1938 2099 1994 hoc

533 2031 777 2087 Verbum
816 2045 925 2085 non
962 2029 1213 2084 habuerit
1244 2042 1361 2082 eam
1384 2028 1637 2082 virtutem
1658 2042 1779 2096 quae
1807 2041 2098 2083 concurre-

528 2133 636 2189 ret,
667 2123 764 2181 sed
790 2121 914 2177 Filii
940 2122 1208 2177 actionem
1232 2118 1562 2187 exspectarit
1594 2137 1607 2172 :
1634 2130 1809 2187 neque
1841 2114 2099 2188 inteiligis

531 2216 587 2269 in
619 2228 782 2284 quam
816 2211 1208 2267 absurditatem
1257 2217 1351 2264 tua
1392 2207 1507 2262 haec
1547 2207 1724 2261 oratio
1776 2205 2101 2261 delabatur?

529 2306 628 2361 Dic
655 2306 797 2360 enim
829 2302 1009 2368 nobis,
1041 2301 1336 2367 multiscie,
1368 2306 1550 2354 utrum
1596 2295 1768 2353 Filius
1813 2305 2099 2368 postquam

532 2400 742 2455 audivit
774 2413 802 2452 a
822 2397 1002 2460 Patre,
1034 2413 1132 2452 sua
1155 2396 1328 2466 ipsius
1349 2392 1680 2461 substantia,
1710 2399 1827 2448 arte
1856 2389 2099 2461 quadam

531 2502 588 2551 et
646 2492 901 2550 methodo
955 2496 1247 2551 commota,
1306 2486 1506 2542 cmlum
1556 2485 1831 2548 ﬁrmavit,
1871 2498 1939 2536 an
1976 2498 2103 2536 vero

533 2603 785 2649 sermone
841 2585 967 2642 fecit
1000 2594 1058 2639 ut
1081 2581 1403 2640 exsisteret?
1435 2578 1647 2635 Maced.
1684 2576 1847 2633 Verbi
1881 2576 2102 2647 quidem

533 2682 759 2739 verbum
800 2686 1214 2735 conci-mentem
1247 2673 1436 2729 habuit
1468 2672 1724 2727 virtutem
1755 2689 1769 2726 :
1801 2669 1979 2726 Patris
2007 2684 2105 2724 au-

533 2782 644 2831 tem
697 2771 948 2837 verbum,
975 2767 1179 2824 Christi
1231 2766 1457 2822 verbum
1498 2762 1851 2841 exspectavit.
1909 2760 2105 2816 Annon

534 2865 681 2920 enim
702 2862 862 2917 Pater
881 2863 931 2917 ei
961 2844 1218 2931 praecepit
1246 2865 1307 2911 ut
1337 2856 1520 2911 omnia
1545 2854 1782 2910 faceret?
1810 2853 1959 2909 Orth.
1991 2851 2105 2908 lloc

537 2954 801 3025 scriptum
839 2967 947 3007 non
979 2958 1085 3014 est,
1116 2948 1211 3005 sed
1242 2946 1405 3003 Verbi
1451 2945 1667 3001 Patrem
1695 2945 1878 3000 omnia
1912 2944 2105 2998 condio

535 3046 705 3103 disse.
738 3041 945 3098 Haced.
982 3042 1038 3096 Si
1069 3040 1232 3095 Pater
1281 3038 1433 3101 fecit,
1469 3038 1747 3108 quomodo
1781 3053 1877 3107 per
1908 3035 2105 3092 Filium

539 3138 709 3194 fecit?
741 3134 893 3192 Orth.
930 3132 1085 3187 Sicut
1118 3132 1211 3185 lux
1243 3146 1340 3201 per
1365 3129 1705 3200 splendorem
1734 3129 1994 3193 illustrat,
2029 3129 2104 3184 ita

498 3202 701 3283 .Pater
721 3241 818 3297 per
840 3223 1037 3281 Filium
1068 3231 1220 3277 creat
1249 3239 1264 3275 :
1296 3227 1351 3277 et
1386 3220 1550 3276 veluti
1582 3235 1736 3275 mens
1766 3235 1863 3291 per
1899 3236 2105 3276 sermo-

538 3335 666 3376 nem
710 3319 888 3380 docet,
922 3318 999 3372 ita
1037 3316 1203 3371 etiam
1236 3313 1398 3368 Pater
1431 3328 1529 3383 per
1558 3309 1754 3367 Filium
1781 3320 1952 3369 creat.
1982 3311 2105 3365 Ma-

542 3412 654 3470 rcii.
683 3413 880 3466 Annon
907 3424 1005 3479 per
1024 3406 1336 3479 Spiritum?
1372 3403 1524 3461 Orth.
1545 3403 1649 3459 Per
1676 3404 1912 3460 Verbum
1937 3413 2105 3466 creat,

539 3513 595 3561 et
623 3519 719 3575 per
753 3501 1013 3573 Spiritum
1061 3498 1386 3556 sanctiﬁcat.
1430 3494 1638 3551 Maced.
1702 3495 1815 3552 Hoc
1860 3496 2106 3551 admitto.

542 3597 697 3653 Orlh.
726 3596 844 3651 Hoc
866 3593 1003 3650 illud
1027 3600 1112 3649 est
1140 3592 1306 3662 igitur
1331 3610 1345 3646 :
1381 3608 1399 3642 ι
1429 3588 1607 3645 Verbo
1628 3588 1838 3644 Domini
1868 3587 1990 3643 cmli
2019 3588 2108 3642 tir-

538 3687 672 3741 mati
693 3692 842 3748 sunt,
878 3691 933 3739 et
959 3681 1165 3752 Spiritu
1185 3680 1298 3735 oris
1317 3679 1435 3749 ejus
1456 3678 1635 3734 omnis
1654 3678 1830 3732 virtus
1847 3691 2055 3733 eorum.
2082 3695 2101 3728 ι

540 3776 747 3832 Haud.
785 3775 891 3831 Sed
918 3772 1088 3829 Filius
1115 3770 1334 3842 quidem
1369 3777 1539 3833 creat,
1574 3768 1812 3839 Spiritus
1837 3784 1965 3823 vero
1990 3782 2111 3821 san-

539 3870 765 3937 ctiﬁcat,
797 3867 894 3923 sed
925 3881 1035 3921 non
1060 3871 1231 3919 creat.
1270 3860 1424 3917 Orth.
1457 3861 1649 3927 Quivis
1680 3860 1920 3930 prudens
1949 3856 2109 3929 455

540 3960 758 4016 auditor
799 3958 951 4013 novit
1015 3953 1467 4011 sanctilicationis
1510 3953 1731 4007 nomine
1778 3949 2111 4008 creationem

538 4066 758 4121 quoque
778 4046 1027 4118 intelligi.
1050 4044 1188 4100 Cum
1224 4043 1499 4107 audimus,
1531 4061 1550 4094 ι
1577 4041 1685 4098 Cor
1703 4040 1964 4096 mundum
1987 4053 2112 4095 crea

2198 1873 2317 1919 σαν,
2351 1854 2489 1909 ἀλλὰ
2509 1856 2574 1924 τῇ
2603 1851 2695 1906 τοῦ
2723 1850 2850 1904 Υίοῦ
2896 1846 3162 1919 ἐνεργείᾳ.
3186 1844 3296 1899 Καὶ
3336 1842 3533 1914 ψεῦδος
3577 1840 3640 1895 τὸ
3678 1840 3763 1894 λέ-

2196 1965 2312 2018 γειν
2331 1966 2344 1979 ·
2386 1966 2404 1997 ι
2439 1944 2528 2017 Τῷ
2555 1944 2709 2015 Λόγῳ
2737 1941 2939 2014 Κυρίου
2964 1941 3013 1993 οί
3044 1936 3259 2009 οὐρανοὶ
3303 1932 3761 2004 ἐστερεώθησαν.»

2199 2040 2307 2112 (45)
2336 2039 2409 2110 OQ
2440 2039 2548 2108 γὰρ
2575 2037 2731 2106 ἔσχεν
2782 2036 2810 2087 6
2855 2033 3023 2100 Λόγος
3069 2029 3362 2101 σύνδρομον
3391 2026 3493 2095 τὴν
3524 2023 3765 2094 δύναμ.ν,

2198 2130 2310 2184 ἀλλ’
2337 2129 2606 2200 ἐνέμεινεν
2638 2125 2732 2197 τὴν
2768 2122 2860 2178 τοῦ
2884 2121 3011 2176 Υίοῦ
3044 2121 3338 2191 ἐνέργειαν.
3390 2116 3505 2169 Καὶ
3537 2116 3617 2177 είς
3646 2114 3768 2184 ὅσην

2198 2221 2428 2277 ἀτοπίαν
2480 2219 2731 2273 ἐκπίπτει
2787 2233 2879 2269 σου
2925 2217 2954 2269 6
2999 2212 3175 2281 λόγος,
3216 2210 3464 2278 ἀγνοεϊς;
3500 2206 3640 2260 Εἰπὲ
3670 2203 3770 2275 γὰρ

2199 2312 2354 2383 ἡμῖν,
2393 2307 2702 2379 πολυμαθὲς
2735 2305 2868 2376 (44),
2905 2298 3014 2377 ἆρα
3043 2304 3070 2355 6
3103 2300 3231 2364 Υἱὸς
3248 2292 3770 2368 ἀκούσαςπαρὰτοῦ

2201 2382 2432 2473 Πατρὸς,
2461 2399 2688 2468 κινήσας
2729 2392 2922 2449 ἑαυτοῦ
2967 2393 3065 2464 τὴν
3111 2389 3301 2444 οὐσίαν
3345 2388 3512 2457 τέχνῃ
3544 2385 3653 2439 τινὶ
3685 2382 3773 2438 καὶ

2206 2491 2412 2563 μεθόδῳ
2453 2488 2751 2558 ἐστερέωσε
2796 2485 2885 2538 τὸν
2926 2482 3183 2554 οὐρανὸν,
3225 2480 3259 2551 ἢ
3309 2478 3457 2549 λόγῳ
3488 2476 3654 2531 αὐτὸν
3680 2473 3772 2527 ὕπ-

2203 2582 2507 2654 εστήσατος
2545 2576 2765 2633 Μακεδ.
2814 2576 2872 2629 '0
2923 2574 3022 2646 μὲν
3048 2571 3140 2626 τοῦ
3172 2570 3346 2638 Λόγου
3369 2567 3529 2636 λόγος
3566 2564 3773 2635 σύνδρο-

2208 2693 2306 2748 μον
2331 2674 2454 2743 ἔσχε
2478 2672 2575 2743 τὴν
2601 2670 2825 2740 δύναμιν
2844 2684 2858 2698 ·
2889 2668 2918 2720 6
2958 2664 3014 2718 δὲ
3040 2663 3134 2717 τοῦ
3167 2660 3381 2730 Πατρὸς
3425 2659 3586 2727 λόγος
3612 2654 3774 2748 ἐξεδέ-

2207 2742 2333 2831 ξατο
2361 2742 2472 2836 (65)
2501 2742 2591 2815 τδν
2637 2759 2730 2813 τοῦ
2776 2756 3010 2831 Χριστοῦ
3042 2755 3219 2823 λόγον.
3263 2753 3378 2806 Οὐκ
3423 2748 3575 2819 αὐτῷ
3616 2742 3708 2803 οὖν
3747 2745 3774 2798 6

2206 2856 2396 2928 Πατὴρ
2423 2852 2719 2907 ἐνετείλατο
2751 2849 2972 2921 ποιῆσαι
3002 2846 3070 2900 τὰ
3095 2846 3307 2909 πάντας
3339 2844 3497 2909 Ὀρθ.
3525 2838 3695 2894 Τοῦτο
3716 2838 3774 2892 οὔ

2208 2946 2535 3018 γέγραπται,
2566 2940 2679 2995 ἀλλ’
2705 2941 2787 2993 ὃτι
2817 2942 2845 2993 6
2869 2936 3054 3007 Πατὴρ
3075 2934 3167 2989 τοῦ
3205 2934 3381 3001 Λόγου
3411 2930 3586 2993 ὅντως
3609 2929 3777 2983 πάντα

2209 3016 2482 3110 ἐποίησεν.
2509 3032 2728 3089 Μακεδ.
2754 3032 2826 3085 Ei.
2839 3028 3026 3099 Πατὴρ
3055 3026 3247 3090 ἐποίει,
3276 3024 3395 3088 πῶς
3421 3021 3511 3075 διὰ
3539 3020 3636 3074 τοῦ
3656 3016 3775 3071 Υἱοῦ

2207 3134 2385 3196 ποιεῖς
2421 3130 2577 3197 Ὀρθ.
2618 3126 2706 3189 Ὠς
2735 3123 2794 3177 τὺ
2830 3121 2945 3192 φῶς
2968 3118 3057 3173 διὰ
3083 3116 3176 3171 τοῦ
3206 3113 3648 3183 ἀπαυγάσματος
3676 3127 3777 3178 φω-

2206 3223 2365 3288 τίζει,
2394 3220 2563 3284 οῦτως
2596 3220 2626 3273 ό
2674 3216 2863 3287 Πατὴρ
2909 3211 2997 3266 διὰ
3037 3209 3130 3264 τοῦ
3180 3205 3311 3260 Υίοῦ
3350 3205 3558 3271 κτίζειο
3586 3201 3680 3257 καὶ

2206 3287 2331 3380 νοῦς
2354 3287 2451 3369 διὰ
2472 3311 2565 3366 τοῦ
2593 3311 2751 3380 λόγου
2780 3307 3037 3369 διδάσκει,
3069 3301 3240 3363 οὕτως
3264 3298 3359 3353 καὶ
3401 3299 3431 3351 ό
3476 3295 3673 3366 Πατὴρ
3700 3287 3778 3344 διὰ

2206 3409 2299 3464 τοῦ
2344 3406 2474 3460 Υίοῦ
2527 3401 2722 3467 κτίζει.
2773 3396 2993 3455 Μακεδ.
3026 3393 3118 3465 Μὴ
3166 3391 3253 3444 διὰ
3293 3387 3387 3442 τοῦ
3429 3384 3778 3455 Πνεύματοςς

2221 3502 2375 3569 Ὀρθ.
2399 3497 2498 3551 Διὰ
2525 3494 2617 3549 τοῦ
2650 3494 2824 3562 Λόγου
2846 3489 3038 3554 κτίζει,
3084 3484 3181 3539 καὶ
3216 3481 3307 3536 διὰ
3341 3479 3438 3533 τοῦ
3472 3476 3778 3569 Πνεύματος

2208 3566 2441 3663 ἁγιάζει.
2464 3586 2684 3644 Manis.
2708 3584 2878 3639 Τοῦτο
2896 3581 3139 3653 δέχομαι.
3163 3578 3319 3645 Ὀρθ.
3346 3572 3520 3663 Τοῦτο
3540 3566 3635 3625 οῦν
3653 3571 3777 3663 ἐστις

2214 3704 2234 3736 ι
2257 3658 2365 3753 ”Τῷ
2421 3681 2576 3749 Λόγῳ
2605 3676 2809 3748 Κυρίου
2859 3676 2907 3728 οἱ
2955 3667 3175 3743 οὐρανοὶ
3226 3662 3664 3736 ἐστερεώθησαν,
3696 3658 3782 3713 καὶ

2209 3774 2287 3846 τῷ
2316 3772 2593 3843 Πνεύματι
2634 3767 2729 3822 τοῦ
2773 3766 3036 3837 στόματος
3085 3758 3248 3816 αὐτοῦ
3299 3759 3449 3811 πᾶσα
3488 3757 3524 3827 ἡ
3566 3754 3783 3824 δύναμις

2210 3843 2406 3922 ari-can.
2444 3884 2462 3915 ι
2500 3858 2720 3918 Μακεδ.
2757 3857 2896 3911 Ἀλλ’
2946 3857 2975 3908 ὁ
3030 3853 3130 3926 μὲν
3177 3850 3305 3914 Υἱὸς
3366 3845 3546 3911 κτίζει
3572 3888 3588 3910 ,
3634 3846 3695 3899 τδ
3732 3843 3782 3896 δέ

2210 3955 2437 4027 Πνεῦμα
2478 3951 2728 4021 ἁγιάζει,
2775 3948 2869 4002 καὶ
2916 3946 2977 4000 οὐ
3026 3943 3222 4008 κτίζει.
3269 3940 3429 4009 Ὀρθ.
3468 3938 3530 3992 '0
3575 3934 3783 3998 συνετὸς

2211 4026 2425 4104 ἀκούὼν
2460 4040 2620 4107 οἶδεν,
2671 4042 2754 4095 ὅτι
2809 4038 2903 4093 καὶ
2953 4036 3014 4090 τὸ
3065 4032 3313 4105 ἁγιάζειν
3356 4030 3568 4095 κτίζειν
3624 4026 3782 4082 ἐστίν.

541 4117 600 4196 in
634 4117 740 4205 me,
771 4139 914 4194 Deus
964 4117 1034 4202 λ’,
1082 4155 1104 4191 ι
1161 4134 1294 4207 quid
1337 4133 1485 4188 aliud
1520 4141 1701 4188 mente
1746 4131 2099 4202 concipimus1

2214 4137 2381 4191 Ὅταν
2403 4131 2721 4202 ἀκούσωμεν
2739 4168 2754 4193 ,
2789 4146 2808 4180 ι
2830 4125 3070 4199 Καρδίαν
3099 4121 3347 4194 καθαρὰν
3364 4121 3550 4175 κτίσον
3576 4122 3635 4173 ἐν
3649 4117 3784 4188 ἐμοὶ,

542 4247 734 4301 quam,
771 4229 880 4285 Cor
910 4243 1104 4298 purum
1134 4228 1188 4281 in
1220 4240 1308 4280 me
1324 4224 1620 4288 sanctiﬁca,
1646 4222 1826 4279 Deus?
1855 4220 2099 4289 Quando

2212 4231 2241 4283 6
2287 4227 2438 4291 Θεὸς,
2470 4245 2489 4278 ι
2520 4225 2572 4278 τί
2615 4222 2741 4278 ἄλλο
2785 4220 3010 4291 νοοῦμεν
3057 4218 3091 4289 ἢ
3136 4216 3218 4281 τὸ,
3249 4213 3495 4286 Καρδίαν
3546 4208 3785 4283 καθαρὰν

541 4324 762 4395 quidem
802 4329 985 4377 autem
1012 4321 1096 4377 vis
1121 4318 1613 4377 sanctiﬁcationem
1652 4315 1816 4371 simul
1848 4330 1971 4368 cum
2002 4326 2099 4367 cm-

2214 4322 2438 4391 ἀγίασον
2468 4321 2525 4373 ἐν
2550 4317 2693 4388 ἐμοὶ,
2722 4317 2751 4369 6
2777 4313 2938 4377 Θεός;
2984 4307 3200 4379 Ἐπειδὴ
3243 4305 3302 4360 δὲ
3351 4305 3417 4360 σὺ
3460 4302 3645 4374 βούλει
3669 4316 3786 4354 συν-

542 4418 611 4471 lis
645 4416 912 4471 exsistere
940 4413 1192 4483 coepisse,
1228 4411 1319 4467 dic
1349 4412 1479 4482 quid
1510 4407 1687 4479 majus
1717 4406 1788 4461 sit
1814 4420 2002 4461 creare
2040 4420 2099 4458 an

2213 4411 2494 4468 ουσιᾶσθαι
2537 4409 2628 4462 τὸν
2671 4403 2938 4475 ἁγιασμόν
2966 4404 3077 4465 τοῖς
3102 4399 3375 4470 οὐρανοῖς,
3404 4394 3550 4460 εἰπὲ,
3594 4392 3649 4446 τί
3682 4391 3789 4464 μεῖ-

543 4506 908 4562 sanctiﬁcare.
938 4480 1143 4560 Macati.
1169 4480 1381 4559 Creare
1399 4510 1483 4557 est
1514 4501 1608 4556 Dei
1641 4514 1799 4570 opus.
1836 4496 1988 4553 Orth.
2019 4496 2093 4551 De

2213 4501 2305 4567 ζόν
2332 4502 2467 4563 ἐστι,
2498 4494 2751 4564 κτίζεινῆ
2774 4492 3051 4561 ἁγιάζειν;
3079 4486 3302 4543 Μακεδ.
3325 4485 3402 4538 T6
3434 4484 3665 4550 κτίζειν,
3702 4480 3785 4552 ἐρ-

542 4601 760 4671 quidem
793 4615 932 4670 opus
970 4607 1056 4655 est
1092 4613 1300 4662 creare,
1336 4606 1391 4651 at
1424 4611 1532 4651 non
1570 4595 1750 4664 majus
1788 4607 1952 4662 quam
1986 4605 2099 4644 sant

2208 4609 2303 4661 γον
2330 4588 2462 4644 Θεοῦ
2481 4588 2644 4640 ἐστιν.
2663 4584 2810 4652 Ὀρθ.
2842 4583 3040 4653 Ἔργον
3067 4578 3165 4649 μὲν
3185 4574 3322 4629 Θεοῦ
3344 4577 3463 4628 ἐστι
3482 4574 3547 4627 τὸ
3567 4573 3782 4648 κτίζειν,

542 4660 803 4748 έιίίὶοπο.
828 4660 963 4743 l‘iam
1011 4697 1065 4744 et
1092 4689 1210 4759 ipsa
1237 4660 1617 4748 sanctiﬁcatio,
1658 4660 1756 4738 west
1802 4660 1897 4736 Dei
1949 4694 2099 4750 opus.

2206 4660 2267 4735 οὐ
2296 4681 2402 4752 μὴν
2432 4679 2614 4750 μεῖζον
2633 4674 2727 4728 τοῦ
2746 4671 2989 4743 άγιάζειν
3018 4669 3181 4723 ἐστίν.
3208 4669 3318 4721 Καὶ
3336 4664 3447 4737 γὰρ
3468 4665 3568 4719 καὶ
3589 4663 3718 4717 αὐτὸ
3732 4660 3784 4715 τὸ

544 4784 818 4854 Scriptum
847 4790 931 4838 est
955 4755 1146 4835 enim‘:
1185 4797 1204 4831 ι
1252 4777 1415 4833 Pater
1452 4782 1659 4839 sancte,
1692 4772 1970 4830 sanctitica
2013 4786 2099 4828 eos

2206 4772 2469 4842 άγιάζειν,
2502 4768 2660 4839 ἔργον
2701 4764 2837 4818 Θεοῦ
2865 4765 3032 4816 ἐστιν.
3055 4761 3366 4831 Γέγραπται
3392 4757 3503 4827 γάρ
3522 4770 3539 4785 ο
3573 4775 3593 4807 ι
3617 4755 3783 4822 Πάτερ

516 4879 599 4932 in
634 4876 860 4932 veritate
885 4884 977 4926 tua
1002 4870 1069 4926 ⁸⁸.
1110 4889 1129 4921 ι
1169 4869 1520 4924 Sanctiﬁcare
1562 4880 1690 4921 vero
1732 4862 1908 4933 majus
1943 4861 2099 4934 quid-

2211 4863 2353 4932 ᾶγιε,
2385 4859 2607 4928 ἁγίασον
2642 4855 2835 4918 αὐτοὺς
2856 4855 2913 4906 ἐν
2947 4856 3012 4925 τῇ
3038 4849 3265 4921 ἀληθείᾳ
3297 4864 3415 4904 σου.
3451 4865 3471 4899 ι
3506 4847 3631 4899 Ὅτι
3655 4844 3710 4896 δὲ
3731 4841 3783 4894 τὸ

542 4972 668 5025 dam
717 4982 841 5024 esse
879 4982 1041 5036 quam
1089 4978 1297 5028 creare,
1333 4973 1602 5031 cognosce
1630 4974 1697 5014 ex
1744 4957 1864 5026 ipso
1894 4962 2099 5019 eventu1

2218 4953 2462 5021 ἁγιάζειν
2500 4948 2681 5021 μεῖζόν
2706 4948 2821 5000 ἐστι
2850 4943 2942 4997 τοῦ
2964 4941 3186 5006 κτίζειν,
3209 4941 3273 4992 ἐκ
3304 4936 3398 4991 τοῦ
3423 4935 3782 5003 ἀποτελέσμα-

544 5076 668 5114 cum
694 5060 820 5130 quis
848 5054 1334 5114 sanctiﬁcationem
1365 5048 1632 5104 amiserit.
1660 5047 1825 5101 Audit
1848 5046 1991 5100 enim
2023 5045 2099 5099 in-

2215 5060 2305 5107 τος
2342 5040 2530 5112 γνῶθι,
2567 5040 2693 5092 ὅταν
2734 5052 2817 5099 τις
2865 5032 3103 5104 ἀπολέσῃ
3132 5030 3222 5082 τὸν
3250 5028 3547 5098 ἁγιασμόν.
3587 5021 3779 5078 Ἀκούει

545 5155 673 5209 felix
699 5110 1034 5210 illevJ‘udas:
1071 5168 1090 5200 (
1126 5149 1335 5202 Bonum
1364 5150 1511 5200 esset
1561 5141 1767 5196 homini
1801 5140 1899 5203 illi,
1932 5139 1978 5193 si
2008 5152 2099 5195 na-

2214 5136 2242 5187 6
2282 5110 2461 5195 ἄθλιος
2494 5128 2721 5193 Ἰούδας·
2757 5145 2773 5177 ι
2802 5124 2979 5179 Καλὸν
3008 5120 3077 5192 ἦν
3107 5119 3276 5190 αὐτῷ,
3307 5120 3358 5171 εί
3383 5118 3487 5171 οὐκ
3533 5110 3776 5184 ἐγεννήθη

546 5254 635 5301 tus
677 5261 784 5298 non
837 5243 1033 5299 fuisset
1078 5242 1146 5294 ³⁸.
1186 5259 1205 5291 ι
1268 5235 1477 5292 Maced.
1548 5233 1756 5289 Bonum
1814 5233 1982 5304 igitur
2028 5231 2099 5285 illi

2212 5228 2240 5280 6
2273 5225 2555 5296 ἄνθρωπος
2588 5223 2812 5286 ἐκεῖνος.
2840 5239 2858 5271 ι
2875 5215 3093 5272 Μακεδ.
3120 5213 3296 5268 Καλὸν
3323 5212 3426 5282 μὲν
3454 5206 3525 5282 ἦν
3549 5205 3710 5275 αὐτῷ,
3732 5202 3772 5255 εί

548 5339 759 5403 fuisset,
782 5340 829 5393 si
860 5345 1021 5391 natus
1049 5351 1155 5389 non
1198 5333 1391 5386 fuisset
1428 5348 1441 5383 :
1475 5327 1568 5383 sed
1600 5326 1740 5383 Deus
1764 5328 1913 5401 solus
1954 5326 2002 5381 is
2025 5334 2099 5380 cst

2208 5320 2309 5371 οὐκ
2366 5317 2624 5387 ἐγεννήθη
2672 5317 2700 5366 ὁ
2746 5309 3025 5379 ἄνθρωπος
3068 5308 3293 5369 ἐκεῖνος.
3343 5302 3484 5356 Ἀλλ’
3523 5302 3553 5354 ὁ
3595 5296 3774 5361 κτίζων

622 5514 657 5553 ³·
701 5513 842 5567 Psal.
881 5528 1064 5570 xxx“.
1096 5511 1150 5564 6.
1225 5509 1268 5539 ³³
1310 5507 1451 5563 Psal.
1488 5520 1688 5560 cxnvut
1713 5543 1727 5566 ,
1761 5504 1814 5558 5.
1890 5502 1935 5533 ³³
1971 5499 2116 5553 Psal.
2150 5514 2180 5550 L
2206 5535 2220 5559 ,
2264 5495 2346 5548 12.
2423 5492 2470 5523 ⁸⁵
2506 5491 2663 5544 Joan.
2697 5503 2848 5551 xvn,
2885 5485 2970 5539 l7.
3046 5483 3094 5516 ⁸⁸
3136 5481 3330 5538 Matth.
3361 5495 3528 5549 xxvn,
3557 5476 3647 5533 26.

2295 5650 2404 5720 (44)
2443 5647 2744 5720 Palatinus,
2775 5640 3084 5720 πολυμαθῆ.

621 5669 731 5735 (42)
769 5669 835 5720 Δέ
863 5669 1016 5723 deest
1046 5669 1099 5720 in
1128 5666 1392 5719 Palatino.

2297 5713 2405 5791 (45:;
2441 5718 2739 5782 Palatinus,
2772 5713 3003 5779 ἐδέξατο.

635 5728 741 5806 :43)
782 5738 873 5792 Sic
896 5754 1026 5792 mss.
1060 5736 1116 5789 In
1148 5736 1310 5791 editis
1336 5749 1463 5788 vero
1492 5738 1716 5787 (icerant
1744 5728 2009 5798 «praedam.
