  <div class='ocr_page' id='page_1' title='image "/cluster/home/n/w/nwhite01/storage/ocr_20150623/28/hvd.32044019207737/638.png"; bbox 0 0 3982 6398; ppageno 0'>
   <div class='ocr_carea' id='block_1_1' title="bbox 237 377 354 440">
    <p class='ocr_par' dir='ltr' id='par_1_1' title="bbox 237 377 354 440">
     <span class='ocr_line' id='line_1_1' title="bbox 237 377 354 440; baseline 0.017 -3"><span class='ocrx_word' id='word_1_1' title='bbox 237 377 354 440; x_wconf 69' lang='grc'><strong>1241</strong></span> 
     </span>
    </p>
   </div>
   <div class='ocr_carea' id='block_1_2' title="bbox 1129 390 2421 455">
    <p class='ocr_par' dir='ltr' id='par_1_2' title="bbox 1129 390 2421 455">
     <span class='ocr_line' id='line_1_2' title="bbox 1129 390 2421 455; baseline 0.005 -10"><span class='ocrx_word' id='word_1_2' title='bbox 1129 390 1216 445; x_wconf 87' lang='lat' dir='ltr'><strong>DE</strong></span> <span class='ocrx_word' id='word_1_3' title='bbox 1252 392 1523 449; x_wconf 62' lang='lat' dir='ltr'><strong>SANCTA</strong></span> <span class='ocrx_word' id='word_1_4' title='bbox 1563 395 1936 453; x_wconf 81' lang='lat' dir='ltr'><strong>TRINITATE</strong></span> <span class='ocrx_word' id='word_1_5' title='bbox 1976 397 2421 455; x_wconf 77' lang='lat' dir='ltr'><strong>DIALOGUSIII.</strong></span> 
     </span>
    </p>
   </div>
   <div class='ocr_carea' id='block_1_3' title="bbox 233 475 1768 580">
    <p class='ocr_par' dir='ltr' id='par_1_3' title="bbox 233 475 1768 576">
     <span class='ocr_line' id='line_1_3' title="bbox 233 475 1768 576; baseline 0.007 -26"><span class='ocrx_word' id='word_1_6' title='bbox 233 494 320 551; x_wconf 70' lang='lat' dir='ltr'><strong>tul.</strong></span> <span class='ocrx_word' id='word_1_7' title='bbox 337 494 679 567; x_wconf 85' lang='grc' dir='ltr'>δημιουργῶν</span> <span class='ocrx_word' id='word_1_8' title='bbox 698 495 765 551; x_wconf 84' lang='grc' dir='ltr'>τὰ</span> <span class='ocrx_word' id='word_1_9' title='bbox 791 498 865 571; x_wconf 80' lang='grc' dir='ltr'>μὴ</span> <span class='ocrx_word' id='word_1_10' title='bbox 894 499 1024 556; x_wconf 70' lang='grc' dir='ltr'>ὄντα</span> <span class='ocrx_word' id='word_1_11' title='bbox 1049 502 1123 566; x_wconf 81' lang='grc' dir='ltr'>ὡς</span> <span class='ocrx_word' id='word_1_12' title='bbox 1147 475 1292 567; x_wconf 71' lang='grc' dir='ltr'>ὄντα,</span> <span class='ocrx_word' id='word_1_13' title='bbox 1319 505 1477 576; x_wconf 79' lang='grc' dir='ltr'>μόνος</span> <span class='ocrx_word' id='word_1_14' title='bbox 1492 507 1608 560; x_wconf 73' lang='grc' dir='ltr'>ἐστὶ</span> <span class='ocrx_word' id='word_1_15' title='bbox 1623 508 1768 572; x_wconf 85' lang='grc' dir='ltr'>Θεός.</span> 
     </span>
    </p>
   </div>
   <div class='ocr_carea' id='block_1_4' title="bbox 1869 475 3439 580">
    <p class='ocr_par' dir='ltr' id='par_1_4' title="bbox 1876 507 3439 580">
     <span class='ocr_line' id='line_1_4' title="bbox 1876 507 3439 580; baseline 0.001 -17"><span class='ocrx_word' id='word_1_16' title='bbox 1876 509 1967 579; x_wconf 86' lang='lat' dir='ltr'><strong>qui</strong></span> <span class='ocrx_word' id='word_1_17' title='bbox 1998 518 2148 565; x_wconf 90' lang='lat' dir='ltr'><strong>creat</strong></span> <span class='ocrx_word' id='word_1_18' title='bbox 2172 519 2225 565; x_wconf 90' lang='lat' dir='ltr'><strong>et</strong></span> <span class='ocrx_word' id='word_1_19' title='bbox 2248 510 2410 566; x_wconf 83' lang='lat' dir='ltr'><strong>emcit</strong></span> <span class='ocrx_word' id='word_1_20' title='bbox 2439 523 2559 580; x_wconf 64' lang='lat' dir='ltr'><strong>qua</strong></span> <span class='ocrx_word' id='word_1_21' title='bbox 2588 523 2695 563; x_wconf 90' lang='lat' dir='ltr'><strong>non</strong></span> <span class='ocrx_word' id='word_1_22' title='bbox 2728 516 2855 564; x_wconf 89' lang='lat' dir='ltr'><strong>sunt</strong></span> <span class='ocrx_word' id='word_1_23' title='bbox 2885 515 3140 578; x_wconf 87' lang='lat' dir='ltr'><strong>tanquam</strong></span> <span class='ocrx_word' id='word_1_24' title='bbox 3164 507 3208 563; x_wconf 89' lang='lat' dir='ltr'><strong>si</strong></span> <span class='ocrx_word' id='word_1_25' title='bbox 3235 517 3439 564; x_wconf 87' lang='lat' dir='ltr'><strong>essent.</strong></span> 
     </span>
    </p>
   </div>
   <div class='ocr_carea' id='block_1_5' title="bbox 291 584 1784 666">
    <p class='ocr_par' dir='ltr' id='par_1_5' title="bbox 291 584 1784 666">
     <span class='ocr_line' id='line_1_5' title="bbox 291 584 1784 666; baseline 0.006 -26"><span class='ocrx_word' id='word_1_26' title='bbox 291 584 378 640; x_wconf 72' lang='lat'><strong>25.</strong></span> <span class='ocrx_word' id='word_1_27' title='bbox 423 585 576 653; x_wconf 82' lang='lat' dir='ltr'><strong>’0p0.</strong></span> <span class='ocrx_word' id='word_1_28' title='bbox 604 587 879 643; x_wconf 79' lang='grc' dir='ltr'><strong>Δέδεικται</strong></span> <span class='ocrx_word' id='word_1_29' title='bbox 911 591 1029 661; x_wconf 85' lang='grc' dir='ltr'>μὲν,</span> <span class='ocrx_word' id='word_1_30' title='bbox 1062 593 1143 645; x_wconf 83' lang='grc' dir='ltr'><strong>ὅτι</strong></span> <span class='ocrx_word' id='word_1_31' title='bbox 1168 593 1249 657; x_wconf 84' lang='grc' dir='ltr'><strong>τὸ,</strong></span> <span class='ocrx_word' id='word_1_32' title='bbox 1284 614 1302 645; x_wconf 78' lang='grc' dir='ltr'><strong>ι</strong></span> <span class='ocrx_word' id='word_1_33' title='bbox 1328 596 1659 666; x_wconf 81' lang='grc' dir='ltr'><strong>Ποιήσωμεν</strong></span> <span class='ocrx_word' id='word_1_34' title='bbox 1688 597 1784 651; x_wconf 77' lang='grc' dir='ltr'><strong>ἄν·</strong></span> 
     </span>
    </p>
   </div>
   <div class='ocr_carea' id='block_1_6' title="bbox 233 676 1781 753">
    <p class='ocr_par' dir='ltr' id='par_1_6' title="bbox 233 676 1781 753">
     <span class='ocr_line' id='line_1_6' title="bbox 233 676 1781 753; baseline 0.005 -25"><span class='ocrx_word' id='word_1_35' title='bbox 233 676 452 747; x_wconf 82' lang='grc' dir='ltr'>θρωπον,</span> <span class='ocrx_word' id='word_1_36' title='bbox 483 692 502 726; x_wconf 74' lang='grc' dir='ltr'><strong>ι</strong></span> <span class='ocrx_word' id='word_1_37' title='bbox 530 676 623 729; x_wconf 76' lang='grc' dir='ltr'><strong>ἐπὶ</strong></span> <span class='ocrx_word' id='word_1_38' title='bbox 646 678 858 749; x_wconf 82' lang='grc' dir='ltr'>Πατρὸς</span> <span class='ocrx_word' id='word_1_39' title='bbox 894 680 989 732; x_wconf 75' lang='grc' dir='ltr'>καὶ</span> <span class='ocrx_word' id='word_1_40' title='bbox 1007 680 1135 734; x_wconf 89' lang='grc' dir='ltr'>Υίοῦ</span> <span class='ocrx_word' id='word_1_41' title='bbox 1165 682 1258 735; x_wconf 78' lang='grc' dir='ltr'>καὶ</span> <span class='ocrx_word' id='word_1_42' title='bbox 1286 682 1441 750; x_wconf 80' lang='grc' dir='ltr'>ἁγίου</span> <span class='ocrx_word' id='word_1_43' title='bbox 1469 683 1781 753; x_wconf 78' lang='grc' dir='ltr'>Πνεῦματος</span> 
     </span>
    </p>
   </div>
   <div class='ocr_carea' id='block_1_7' title="bbox 232 763 1779 842">
    <p class='ocr_par' dir='ltr' id='par_1_7' title="bbox 232 763 1779 842">
     <span class='ocr_line' id='line_1_7' title="bbox 232 763 1779 842; baseline 0.006 -27"><span class='ocrx_word' id='word_1_44' title='bbox 232 763 493 818; x_wconf 84' lang='grc' dir='ltr'>λέλεκται·</span> <span class='ocrx_word' id='word_1_45' title='bbox 525 767 619 820; x_wconf 77' lang='grc' dir='ltr'><strong>καὶ</strong></span> <span class='ocrx_word' id='word_1_46' title='bbox 647 766 727 830; x_wconf 82' lang='grc' dir='ltr'><strong>τὸ,</strong></span> <span class='ocrx_word' id='word_1_47' title='bbox 768 788 784 819; x_wconf 84' lang='grc' dir='ltr'><strong>ι</strong></span> <span class='ocrx_word' id='word_1_48' title='bbox 810 769 1131 841; x_wconf 80' lang='grc' dir='ltr'><strong>Ποιήσωμεν</strong></span> <span class='ocrx_word' id='word_1_49' title='bbox 1163 771 1311 842; x_wconf 80' lang='grc' dir='ltr'>αὐτῷ</span> <span class='ocrx_word' id='word_1_50' title='bbox 1328 771 1519 841; x_wconf 84' lang='grc' dir='ltr'>βοηθὸν</span> <span class='ocrx_word' id='word_1_51' title='bbox 1545 773 1779 827; x_wconf 84' lang='grc' dir='ltr'>κατάὐ-</span> 
     </span>
    </p>
   </div>
   <div class='ocr_carea' id='block_1_8' title="bbox 228 857 1782 932">
    <p class='ocr_par' dir='ltr' id='par_1_8' title="bbox 228 857 1782 932">
     <span class='ocr_line' id='line_1_8' title="bbox 228 857 1782 932; baseline 0.004 -21"><span class='ocrx_word' id='word_1_52' title='bbox 228 857 331 917; x_wconf 85' lang='grc' dir='ltr'>τὸν,</span> <span class='ocrx_word' id='word_1_53' title='bbox 357 877 373 909; x_wconf 80' lang='grc' dir='ltr'><strong>ι</strong></span> <span class='ocrx_word' id='word_1_54' title='bbox 398 858 598 928; x_wconf 81' lang='grc' dir='ltr'>ὁμοίως</span> <span class='ocrx_word' id='word_1_55' title='bbox 626 860 718 913; x_wconf 75' lang='grc' dir='ltr'><strong>ἐπὶ</strong></span> <span class='ocrx_word' id='word_1_56' title='bbox 742 861 957 932; x_wconf 81' lang='grc' dir='ltr'>Πατρὸς</span> <span class='ocrx_word' id='word_1_57' title='bbox 988 864 1081 917; x_wconf 76' lang='grc' dir='ltr'><strong>καὶ</strong></span> <span class='ocrx_word' id='word_1_58' title='bbox 1113 862 1239 917; x_wconf 85' lang='grc' dir='ltr'>Υἱοῦ</span> <span class='ocrx_word' id='word_1_59' title='bbox 1288 864 1381 917; x_wconf 75' lang='grc' dir='ltr'><strong>καὶ</strong></span> <span class='ocrx_word' id='word_1_60' title='bbox 1416 865 1569 932; x_wconf 89' lang='grc' dir='ltr'>ἁγίου</span> <span class='ocrx_word' id='word_1_61' title='bbox 1613 864 1782 917; x_wconf 79' lang='grc' dir='ltr'>Πνεύ-</span> 
     </span>
    </p>
   </div>
   <div class='ocr_carea' id='block_1_9' title="bbox 233 946 1779 1024">
    <p class='ocr_par' dir='ltr' id='par_1_9' title="bbox 233 946 1779 1024">
     <span class='ocr_line' id='line_1_9' title="bbox 233 946 1779 1024; baseline 0.005 -24"><span class='ocrx_word' id='word_1_62' title='bbox 233 964 385 1017; x_wconf 85' lang='grc' dir='ltr'><strong>ματος</strong></span> <span class='ocrx_word' id='word_1_63' title='bbox 408 946 641 1018; x_wconf 78' lang='grc' dir='ltr'>εἴρηται.</span> <span class='ocrx_word' id='word_1_64' title='bbox 669 951 785 1003; x_wconf 82' lang='grc' dir='ltr'>Ἵνα</span> <span class='ocrx_word' id='word_1_65' title='bbox 804 951 861 1003; x_wconf 83' lang='grc' dir='ltr'><strong>δὲ</strong></span> <span class='ocrx_word' id='word_1_66' title='bbox 887 951 961 1023; x_wconf 83' lang='grc' dir='ltr'>μὴ</span> <span class='ocrx_word' id='word_1_67' title='bbox 992 953 1345 1024; x_wconf 83' lang='grc' dir='ltr'>περιέλκηται</span> <span class='ocrx_word' id='word_1_68' title='bbox 1365 955 1393 1007; x_wconf 99' lang='lat'><strong>6</strong></span> <span class='ocrx_word' id='word_1_69' title='bbox 1419 952 1593 1021; x_wconf 80' lang='grc' dir='ltr'><strong>λόγος,</strong></span> <span class='ocrx_word' id='word_1_70' title='bbox 1617 953 1779 1007; x_wconf 79' lang='grc' dir='ltr'>ἄκου-</span> 
     </span>
    </p>
   </div>
   <div class='ocr_carea' id='block_1_10' title="bbox 230 1037 1773 1111">
    <p class='ocr_par' dir='ltr' id='par_1_10' title="bbox 230 1037 1773 1111">
     <span class='ocr_line' id='line_1_10' title="bbox 230 1037 1773 1111; baseline 0.004 -20"><span class='ocrx_word' id='word_1_71' title='bbox 230 1056 313 1091; x_wconf 88' lang='grc' dir='ltr'><strong>σον</strong></span> <span class='ocrx_word' id='word_1_72' title='bbox 350 1037 440 1092; x_wconf 86' lang='grc' dir='ltr'><strong>τοῦ</strong></span> <span class='ocrx_word' id='word_1_73' title='bbox 472 1040 803 1109; x_wconf 83' lang='grc' dir='ltr'>Εὐαγγελίου</span> <span class='ocrx_word' id='word_1_74' title='bbox 836 1041 1103 1111; x_wconf 81' lang='grc' dir='ltr'>λὲγοντος,</span> <span class='ocrx_word' id='word_1_75' title='bbox 1143 1045 1224 1097; x_wconf 84' lang='grc' dir='ltr'>ὅτι</span> <span class='ocrx_word' id='word_1_76' title='bbox 1270 1044 1359 1098; x_wconf 82' lang='grc' dir='ltr'><strong>τὸν</strong></span> <span class='ocrx_word' id='word_1_77' title='bbox 1391 1046 1512 1100; x_wconf 77' lang='grc' dir='ltr'>ναὸν</span> <span class='ocrx_word' id='word_1_78' title='bbox 1542 1044 1635 1098; x_wconf 89' lang='grc' dir='ltr'><strong>τοῦ</strong></span> <span class='ocrx_word' id='word_1_79' title='bbox 1669 1044 1773 1097; x_wconf 82' lang='grc' dir='ltr'><strong>σώ-</strong></span> 
     </span>
    </p>
   </div>
   <div class='ocr_carea' id='block_1_11' title="bbox 230 1130 1773 1207">
    <p class='ocr_par' dir='ltr' id='par_1_11' title="bbox 230 1130 1773 1207">
     <span class='ocr_line' id='line_1_11' title="bbox 230 1130 1773 1207; baseline 0.006 -25"><span class='ocrx_word' id='word_1_80' title='bbox 230 1147 385 1200; x_wconf 83' lang='grc' dir='ltr'>ματος</span> <span class='ocrx_word' id='word_1_81' title='bbox 448 1130 542 1184; x_wconf 85' lang='grc' dir='ltr'><strong>τοῦ</strong></span> <span class='ocrx_word' id='word_1_82' title='bbox 593 1131 854 1203; x_wconf 82' lang='grc' dir='ltr'><strong>Χριστοῦ,</strong></span> <span class='ocrx_word' id='word_1_83' title='bbox 901 1134 963 1187; x_wconf 84' lang='grc' dir='ltr'><strong>τὸ</strong></span> <span class='ocrx_word' id='word_1_84' title='bbox 991 1136 1215 1207; x_wconf 80' lang='grc' dir='ltr'><strong>Πνεῦμα</strong></span> <span class='ocrx_word' id='word_1_85' title='bbox 1259 1136 1320 1190; x_wconf 84' lang='grc' dir='ltr'>τὸ</span> <span class='ocrx_word' id='word_1_86' title='bbox 1370 1136 1522 1205; x_wconf 81' lang='grc' dir='ltr'>ἁγιον</span> <span class='ocrx_word' id='word_1_87' title='bbox 1572 1136 1773 1192; x_wconf 74' lang='grc' dir='ltr'>ἔκτισε.</span> 
     </span>
    </p>
   </div>
   <div class='ocr_carea' id='block_1_12' title="bbox 226 1219 1773 1298">
    <p class='ocr_par' dir='ltr' id='par_1_12' title="bbox 226 1219 1773 1298">
     <span class='ocr_line' id='line_1_12' title="bbox 226 1219 1773 1298; baseline 0.003 -24"><span class='ocrx_word' id='word_1_88' title='bbox 226 1219 432 1274; x_wconf 84' lang='grc' dir='ltr'>Μακεδ.</span> <span class='ocrx_word' id='word_1_89' title='bbox 462 1221 595 1274; x_wconf 78' lang='grc' dir='ltr'><strong>Εἰπὲ</strong></span> <span class='ocrx_word' id='word_1_90' title='bbox 634 1221 734 1275; x_wconf 77' lang='grc' dir='ltr'><strong>ποῦ</strong></span> <span class='ocrx_word' id='word_1_91' title='bbox 759 1239 773 1287; x_wconf 90' lang='grc'>;</span> <span class='ocrx_word' id='word_1_92' title='bbox 807 1224 958 1291; x_wconf 84' lang='grc' dir='ltr'>Ὀρθ.</span> <span class='ocrx_word' id='word_1_93' title='bbox 1002 1243 1020 1274; x_wconf 79' lang='grc' dir='ltr'><strong>ι</strong></span> <span class='ocrx_word' id='word_1_94' title='bbox 1053 1225 1157 1278; x_wconf 90' lang='grc' dir='ltr'>Τοῦ</span> <span class='ocrx_word' id='word_1_95' title='bbox 1183 1226 1353 1296; x_wconf 84' lang='grc' dir='ltr'>Ἰησοῦ</span> <span class='ocrx_word' id='word_1_96' title='bbox 1379 1226 1640 1298; x_wconf 82' lang='grc' dir='ltr'>ήγένεσις</span> <span class='ocrx_word' id='word_1_97' title='bbox 1663 1226 1773 1296; x_wconf 75' lang='grc'><strong>(46)</strong></span> 
     </span>
    </p>
   </div>
   <div class='ocr_carea' id='block_1_13' title="bbox 226 1305 1775 1388">
    <p class='ocr_par' dir='ltr' id='par_1_13' title="bbox 226 1305 1775 1388">
     <span class='ocr_line' id='line_1_13' title="bbox 226 1305 1775 1388; baseline 0.003 -26"><span class='ocrx_word' id='word_1_98' title='bbox 226 1309 384 1373; x_wconf 77' lang='grc' dir='ltr'>οὕτως</span> <span class='ocrx_word' id='word_1_99' title='bbox 406 1305 473 1381; x_wconf 81' lang='grc' dir='ltr'>ἦν</span> <span class='ocrx_word' id='word_1_100' title='bbox 493 1326 505 1339; x_wconf 80' lang='grc'><strong><em>³</em></strong></span> <span class='ocrx_word' id='word_1_101' title='bbox 543 1311 965 1384; x_wconf 75' lang='grc' dir='ltr'>μνηστευθείσης</span> <span class='ocrx_word' id='word_1_102' title='bbox 990 1314 1088 1383; x_wconf 84' lang='grc' dir='ltr'>τῆς</span> <span class='ocrx_word' id='word_1_103' title='bbox 1123 1315 1329 1386; x_wconf 83' lang='grc' dir='ltr'>μητρὸς</span> <span class='ocrx_word' id='word_1_104' title='bbox 1364 1314 1526 1369; x_wconf 82' lang='grc' dir='ltr'>αὑτοῦ</span> <span class='ocrx_word' id='word_1_105' title='bbox 1559 1316 1775 1388; x_wconf 83' lang='grc' dir='ltr'><strong>Μαρίας</strong></span> 
     </span>
    </p>
   </div>
   <div class='ocr_carea' id='block_1_14' title="bbox 226 1399 1774 1479">
    <p class='ocr_par' dir='ltr' id='par_1_14' title="bbox 226 1399 1774 1479">
     <span class='ocr_line' id='line_1_14' title="bbox 226 1399 1774 1479; baseline 0.004 -25"><span class='ocrx_word' id='word_1_106' title='bbox 226 1399 295 1472; x_wconf 81' lang='grc' dir='ltr'>τῷ</span> <span class='ocrx_word' id='word_1_107' title='bbox 332 1402 560 1472; x_wconf 80' lang='grc' dir='ltr'>Ἰωσὴφ.</span> <span class='ocrx_word' id='word_1_108' title='bbox 597 1405 724 1475; x_wconf 78' lang='grc' dir='ltr'>πρὶν</span> <span class='ocrx_word' id='word_1_109' title='bbox 782 1404 815 1475; x_wconf 80' lang='grc' dir='ltr'>ἢ</span> <span class='ocrx_word' id='word_1_110' title='bbox 867 1405 1135 1458; x_wconf 76' lang='grc' dir='ltr'>συνελθεῖν</span> <span class='ocrx_word' id='word_1_111' title='bbox 1184 1408 1412 1471; x_wconf 76' lang='grc' dir='ltr'>αὐτοὺς,</span> <span class='ocrx_word' id='word_1_112' title='bbox 1469 1407 1663 1479; x_wconf 84' lang='grc' dir='ltr'>εὑρέθη</span> <span class='ocrx_word' id='word_1_113' title='bbox 1716 1408 1774 1460; x_wconf 81' lang='grc' dir='ltr'>ὲν</span> 
     </span>
    </p>
   </div>
   <div class='ocr_carea' id='block_1_15' title="bbox 223 1494 1775 1567">
    <p class='ocr_par' dir='ltr' id='par_1_15' title="bbox 223 1494 1775 1567">
     <span class='ocr_line' id='line_1_15' title="bbox 223 1494 1775 1567; baseline 0.004 -20"><span class='ocrx_word' id='word_1_114' title='bbox 223 1496 406 1564; x_wconf 76' lang='grc' dir='ltr'>γαστρὶ</span> <span class='ocrx_word' id='word_1_115' title='bbox 433 1494 631 1564; x_wconf 81' lang='grc' dir='ltr'>ἔχουσα</span> <span class='ocrx_word' id='word_1_116' title='bbox 653 1498 717 1549; x_wconf 82' lang='grc' dir='ltr'>ὲκ</span> <span class='ocrx_word' id='word_1_117' title='bbox 736 1495 1050 1567; x_wconf 84' lang='grc' dir='ltr'>Πνεύματος</span> <span class='ocrx_word' id='word_1_118' title='bbox 1070 1498 1244 1566; x_wconf 84' lang='grc' dir='ltr'>ἁγίου.</span> <span class='ocrx_word' id='word_1_119' title='bbox 1267 1518 1287 1550; x_wconf 72' lang='grc' dir='ltr'><strong>ι</strong></span> <span class='ocrx_word' id='word_1_120' title='bbox 1314 1498 1535 1553; x_wconf 77' lang='grc' dir='ltr'>Μακεδ.</span> <span class='ocrx_word' id='word_1_121' title='bbox 1568 1500 1624 1552; x_wconf 87' lang='lat'><strong>&#39;0</strong></span> <span class='ocrx_word' id='word_1_122' title='bbox 1648 1499 1775 1563; x_wconf 78' lang='grc' dir='ltr'>Υἱὸς</span> 
     </span>
    </p>
   </div>
   <div class='ocr_carea' id='block_1_16' title="bbox 221 1584 1770 1660">
    <p class='ocr_par' dir='ltr' id='par_1_16' title="bbox 221 1584 1770 1660">
     <span class='ocr_line' id='line_1_16' title="bbox 221 1584 1770 1660; baseline 0.005 -23"><span class='ocrx_word' id='word_1_123' title='bbox 221 1584 305 1638; x_wconf 74' lang='grc' dir='ltr'><strong>οὖν</strong></span> <span class='ocrx_word' id='word_1_124' title='bbox 328 1588 472 1638; x_wconf 85' lang='grc' dir='ltr'>ἐστιν</span> <span class='ocrx_word' id='word_1_125' title='bbox 494 1589 522 1639; x_wconf 92' lang='lat'><strong>6</strong></span> <span class='ocrx_word' id='word_1_126' title='bbox 552 1587 756 1659; x_wconf 83' lang='grc' dir='ltr'>Ἰησοῦς</span> <span class='ocrx_word' id='word_1_127' title='bbox 784 1587 875 1641; x_wconf 89' lang='grc' dir='ltr'><strong>τοῦ</strong></span> <span class='ocrx_word' id='word_1_128' title='bbox 900 1588 1233 1660; x_wconf 85' lang='grc' dir='ltr'>Πνεύματος.</span> <span class='ocrx_word' id='word_1_129' title='bbox 1261 1590 1412 1658; x_wconf 82' lang='grc' dir='ltr'>Ὀρθ.</span> <span class='ocrx_word' id='word_1_130' title='bbox 1449 1592 1513 1643; x_wconf 83' lang='grc' dir='ltr'>Ἠ</span> <span class='ocrx_word' id='word_1_131' title='bbox 1541 1591 1770 1659; x_wconf 85' lang='grc' dir='ltr'>γένεσις,</span> 
     </span>
    </p>
   </div>
   <div class='ocr_carea' id='block_1_17' title="bbox 218 1672 1768 1752">
    <p class='ocr_par' dir='ltr' id='par_1_17' title="bbox 218 1672 1768 1752">
     <span class='ocr_line' id='line_1_17' title="bbox 218 1672 1768 1752; baseline 0.003 -23"><span class='ocrx_word' id='word_1_132' title='bbox 218 1672 378 1739; x_wconf 82' lang='grc' dir='ltr'>εἶπεν,</span> <span class='ocrx_word' id='word_1_133' title='bbox 394 1678 513 1747; x_wconf 72' lang='grc' dir='ltr'>οὐχὶ</span> <span class='ocrx_word' id='word_1_134' title='bbox 528 1680 561 1749; x_wconf 81' lang='grc' dir='ltr'>ὴ</span> <span class='ocrx_word' id='word_1_135' title='bbox 577 1678 827 1748; x_wconf 80' lang='grc' dir='ltr'>γέννησις</span> <span class='ocrx_word' id='word_1_136' title='bbox 845 1696 859 1709; x_wconf 86' lang='grc'><strong>·</strong></span> <span class='ocrx_word' id='word_1_137' title='bbox 901 1679 958 1732; x_wconf 80' lang='grc' dir='ltr'>ἓν</span> <span class='ocrx_word' id='word_1_138' title='bbox 973 1679 1119 1748; x_wconf 77' lang='grc' dir='ltr'>λέγει</span> <span class='ocrx_word' id='word_1_139' title='bbox 1137 1680 1192 1749; x_wconf 75' lang='grc'><strong>(4</strong></span> <span class='ocrx_word' id='word_1_140' title='bbox 1205 1680 1272 1752; x_wconf 83' lang='lat'><strong>7),</strong></span> <span class='ocrx_word' id='word_1_141' title='bbox 1289 1681 1408 1752; x_wconf 74' lang='grc' dir='ltr'>οὐχὶ</span> <span class='ocrx_word' id='word_1_142' title='bbox 1422 1680 1532 1736; x_wconf 83' lang='grc' dir='ltr'>δύο.</span> <span class='ocrx_word' id='word_1_143' title='bbox 1548 1679 1768 1734; x_wconf 81' lang='grc' dir='ltr'>Μακεδ.</span> 
     </span>
    </p>
   </div>
   <div class='ocr_carea' id='block_1_18' title="bbox 230 1766 1772 1844">
    <p class='ocr_par' dir='ltr' id='par_1_18' title="bbox 230 1766 1772 1844">
     <span class='ocr_line' id='line_1_18' title="bbox 230 1766 1772 1844; baseline 0.002 -22"><span class='ocrx_word' id='word_1_144' title='bbox 230 1768 355 1822; x_wconf 76' lang='grc' dir='ltr'>Ἀλλ’</span> <span class='ocrx_word' id='word_1_145' title='bbox 380 1772 406 1822; x_wconf 90' lang='lat'><strong>6</strong></span> <span class='ocrx_word' id='word_1_146' title='bbox 430 1770 662 1839; x_wconf 78' lang='grc' dir='ltr'>ἄγγελος</span> <span class='ocrx_word' id='word_1_147' title='bbox 691 1766 811 1823; x_wconf 84' lang='grc' dir='ltr'>εἷπε</span> <span class='ocrx_word' id='word_1_148' title='bbox 830 1787 844 1801; x_wconf 76' lang='grc' dir='ltr'><strong>ο</strong></span> <span class='ocrx_word' id='word_1_149' title='bbox 882 1790 900 1822; x_wconf 78' lang='grc' dir='ltr'><strong>ι</strong></span> <span class='ocrx_word' id='word_1_150' title='bbox 927 1771 999 1824; x_wconf 86' lang='grc' dir='ltr'><strong>Τὸ</strong></span> <span class='ocrx_word' id='word_1_151' title='bbox 1023 1770 1129 1843; x_wconf 84' lang='grc' dir='ltr'><strong>γὰρ</strong></span> <span class='ocrx_word' id='word_1_152' title='bbox 1159 1773 1216 1824; x_wconf 82' lang='grc' dir='ltr'>ὲν</span> <span class='ocrx_word' id='word_1_153' title='bbox 1250 1773 1387 1844; x_wconf 82' lang='grc' dir='ltr'>αὐτῇ</span> <span class='ocrx_word' id='word_1_154' title='bbox 1422 1772 1678 1843; x_wconf 85' lang='grc' dir='ltr'>γεννηθὲν</span> <span class='ocrx_word' id='word_1_155' title='bbox 1708 1772 1772 1825; x_wconf 78' lang='grc' dir='ltr'><strong>ἐκ</strong></span> 
     </span>
    </p>
   </div>
   <div class='ocr_carea' id='block_1_19' title="bbox 1948 598 3442 671">
    <p class='ocr_par' dir='ltr' id='par_1_19' title="bbox 1948 598 3442 671">
     <span class='ocr_line' id='line_1_19' title="bbox 1948 598 3442 671; baseline 0 -16"><span class='ocrx_word' id='word_1_156' title='bbox 1948 600 2037 656; x_wconf 73' lang='grc'><strong>25.</strong></span> <span class='ocrx_word' id='word_1_157' title='bbox 2081 601 2233 657; x_wconf 84' lang='lat' dir='ltr'><strong>Orth.</strong></span> <span class='ocrx_word' id='word_1_158' title='bbox 2266 601 2558 659; x_wconf 89' lang='lat' dir='ltr'><strong>Ostensum</strong></span> <span class='ocrx_word' id='word_1_159' title='bbox 2598 601 2817 671; x_wconf 83' lang='lat' dir='ltr'><strong>quidem</strong></span> <span class='ocrx_word' id='word_1_160' title='bbox 2861 609 2947 656; x_wconf 90' lang='lat' dir='ltr'><strong>est</strong></span> <span class='ocrx_word' id='word_1_161' title='bbox 2984 599 3116 654; x_wconf 92' lang='lat' dir='ltr'><strong>illud</strong></span> <span class='ocrx_word' id='word_1_162' title='bbox 3158 617 3171 652; x_wconf 89' lang='lat'><strong>:</strong></span> <span class='ocrx_word' id='word_1_163' title='bbox 3209 598 3442 655; x_wconf 68' lang='lat' dir='ltr'><strong>«Facia-</strong></span> 
     </span>
    </p>
   </div>
   <div class='ocr_carea' id='block_1_20' title="bbox 1880 688 3440 760">
    <p class='ocr_par' dir='ltr' id='par_1_20' title="bbox 1880 688 3440 760">
     <span class='ocr_line' id='line_1_20' title="bbox 1880 688 3440 760; baseline 0.001 -17"><span class='ocrx_word' id='word_1_164' title='bbox 1880 704 2003 745; x_wconf 87' lang='lat' dir='ltr'><strong>mus</strong></span> <span class='ocrx_word' id='word_1_165' title='bbox 2061 688 2332 746; x_wconf 89' lang='lat' dir='ltr'><strong>hominem</strong></span> <span class='ocrx_word' id='word_1_166' title='bbox 2355 691 2461 755; x_wconf 73' lang='lat' dir='ltr'><strong>“,i</strong></span> <span class='ocrx_word' id='word_1_167' title='bbox 2512 691 2581 745; x_wconf 91' lang='lat' dir='ltr'><strong>de</strong></span> <span class='ocrx_word' id='word_1_168' title='bbox 2624 688 2807 752; x_wconf 88' lang='lat' dir='ltr'><strong>Patre,</strong></span> <span class='ocrx_word' id='word_1_169' title='bbox 2843 697 2897 745; x_wconf 86' lang='lat' dir='ltr'><strong>et</strong></span> <span class='ocrx_word' id='word_1_170' title='bbox 2944 688 3106 753; x_wconf 90' lang='lat' dir='ltr'><strong>Filio,</strong></span> <span class='ocrx_word' id='word_1_171' title='bbox 3132 697 3187 745; x_wconf 92' lang='lat' dir='ltr'><strong>et</strong></span> <span class='ocrx_word' id='word_1_172' title='bbox 3234 688 3440 760; x_wconf 78' lang='lat' dir='ltr'><strong>Spiritu</strong></span> 
     </span>
    </p>
   </div>
   <div class='ocr_carea' id='block_1_21' title="bbox 1880 777 3445 848">
    <p class='ocr_par' dir='ltr' id='par_1_21' title="bbox 1880 777 3445 848">
     <span class='ocr_line' id='line_1_21' title="bbox 1880 777 3445 848; baseline -0.001 -15"><span class='ocrx_word' id='word_1_173' title='bbox 1880 787 2070 835; x_wconf 87' lang='lat' dir='ltr'><strong>sancto</strong></span> <span class='ocrx_word' id='word_1_174' title='bbox 2103 779 2307 835; x_wconf 90' lang='lat' dir='ltr'><strong>dictum</strong></span> <span class='ocrx_word' id='word_1_175' title='bbox 2346 796 2469 836; x_wconf 90' lang='lat' dir='ltr'><strong>esse</strong></span> <span class='ocrx_word' id='word_1_176' title='bbox 2498 799 2513 847; x_wconf 90' lang='lat'><strong>;</strong></span> <span class='ocrx_word' id='word_1_177' title='bbox 2545 790 2598 836; x_wconf 90' lang='lat' dir='ltr'><strong>et</strong></span> <span class='ocrx_word' id='word_1_178' title='bbox 2630 780 2760 835; x_wconf 92' lang='lat' dir='ltr'><strong>illud</strong></span> <span class='ocrx_word' id='word_1_179' title='bbox 2789 794 2804 832; x_wconf 92' lang='lat'><strong>:</strong></span> <span class='ocrx_word' id='word_1_180' title='bbox 2840 799 2858 832; x_wconf 79' lang='grc' dir='ltr'><strong>ι</strong></span> <span class='ocrx_word' id='word_1_181' title='bbox 2880 777 3172 834; x_wconf 84' lang='lat' dir='ltr'><strong>Faciamus</strong></span> <span class='ocrx_word' id='word_1_182' title='bbox 3201 779 3252 833; x_wconf 90' lang='lat' dir='ltr'><strong>ei</strong></span> <span class='ocrx_word' id='word_1_183' title='bbox 3285 778 3445 848; x_wconf 80' lang='lat' dir='ltr'><strong>adju-</strong></span> 
     </span>
    </p>
   </div>
   <div class='ocr_carea' id='block_1_22' title="bbox 1879 870 3446 941">
    <p class='ocr_par' dir='ltr' id='par_1_22' title="bbox 1879 870 3446 941">
     <span class='ocr_line' id='line_1_22' title="bbox 1879 870 3446 941; baseline 0.001 -19"><span class='ocrx_word' id='word_1_184' title='bbox 1879 871 2079 925; x_wconf 92' lang='lat' dir='ltr'><strong>torium</strong></span> <span class='ocrx_word' id='word_1_185' title='bbox 2130 872 2232 941; x_wconf 88' lang='lat' dir='ltr'><strong>ipsi</strong></span> <span class='ocrx_word' id='word_1_186' title='bbox 2280 873 2613 928; x_wconf 81' lang='lat' dir='ltr'><strong>conveniens</strong></span> <span class='ocrx_word' id='word_1_187' title='bbox 2631 873 2696 936; x_wconf 86' lang='grc'><strong>³⁷,</strong></span> <span class='ocrx_word' id='word_1_188' title='bbox 2726 892 2745 924; x_wconf 73' lang='grc' dir='ltr'><strong>ι</strong></span> <span class='ocrx_word' id='word_1_189' title='bbox 2796 871 2982 927; x_wconf 90' lang='lat' dir='ltr'><strong>itidem</strong></span> <span class='ocrx_word' id='word_1_190' title='bbox 3029 871 3099 927; x_wconf 91' lang='lat' dir='ltr'><strong>de</strong></span> <span class='ocrx_word' id='word_1_191' title='bbox 3161 870 3342 938; x_wconf 81' lang='lat' dir='ltr'><strong>Patre,</strong></span> <span class='ocrx_word' id='word_1_192' title='bbox 3388 876 3446 925; x_wconf 85' lang='lat' dir='ltr'><strong>et</strong></span> 
     </span>
    </p>
   </div>
   <div class='ocr_carea' id='block_1_23' title="bbox 1876 956 3445 1032">
    <p class='ocr_par' dir='ltr' id='par_1_23' title="bbox 1876 956 3445 1032">
     <span class='ocr_line' id='line_1_23' title="bbox 1876 956 3445 1032; baseline 0.002 -19"><span class='ocrx_word' id='word_1_193' title='bbox 1876 956 2035 1024; x_wconf 81' lang='lat' dir='ltr'><strong>Filio,</strong></span> <span class='ocrx_word' id='word_1_194' title='bbox 2066 969 2119 1016; x_wconf 91' lang='lat' dir='ltr'><strong>et</strong></span> <span class='ocrx_word' id='word_1_195' title='bbox 2159 962 2364 1032; x_wconf 89' lang='lat' dir='ltr'><strong>Spiritu</strong></span> <span class='ocrx_word' id='word_1_196' title='bbox 2397 973 2590 1019; x_wconf 90' lang='lat' dir='ltr'><strong>sancto</strong></span> <span class='ocrx_word' id='word_1_197' title='bbox 2628 964 2832 1020; x_wconf 90' lang='lat' dir='ltr'><strong>dictum</strong></span> <span class='ocrx_word' id='word_1_198' title='bbox 2864 980 3008 1019; x_wconf 89' lang='lat' dir='ltr'><strong>esse.</strong></span> <span class='ocrx_word' id='word_1_199' title='bbox 3048 963 3171 1017; x_wconf 84' lang='lat' dir='ltr'><strong>Jam</strong></span> <span class='ocrx_word' id='word_1_200' title='bbox 3212 976 3344 1017; x_wconf 87' lang='lat' dir='ltr'><strong>vero</strong></span> <span class='ocrx_word' id='word_1_201' title='bbox 3372 976 3445 1016; x_wconf 86' lang='lat' dir='ltr'><strong>ne</strong></span> 
     </span>
    </p>
   </div>
   <div class='ocr_carea' id='block_1_24' title="bbox 1876 1048 3440 1125">
    <p class='ocr_par' dir='ltr' id='par_1_24' title="bbox 1876 1048 3440 1125">
     <span class='ocr_line' id='line_1_24' title="bbox 1876 1048 3440 1125; baseline 0.004 -23"><span class='ocrx_word' id='word_1_202' title='bbox 1876 1048 2090 1120; x_wconf 82' lang='lat' dir='ltr'><strong>longius</strong></span> <span class='ocrx_word' id='word_1_203' title='bbox 2111 1054 2461 1122; x_wconf 86' lang='lat' dir='ltr'><strong>protrahatur</strong></span> <span class='ocrx_word' id='word_1_204' title='bbox 2489 1054 2685 1120; x_wconf 89' lang='lat' dir='ltr'><strong>oratio,</strong></span> <span class='ocrx_word' id='word_1_205' title='bbox 2715 1055 2840 1109; x_wconf 86' lang='lat' dir='ltr'><strong>audi</strong></span> <span class='ocrx_word' id='word_1_206' title='bbox 2863 1053 3210 1125; x_wconf 85' lang='lat' dir='ltr'><strong>Evangelium</strong></span> <span class='ocrx_word' id='word_1_207' title='bbox 3231 1052 3440 1116; x_wconf 83' lang='lat' dir='ltr'><strong>dicens.</strong></span> 
     </span>
    </p>
   </div>
   <div class='ocr_carea' id='block_1_25' title="bbox 1875 1141 3442 1215">
    <p class='ocr_par' dir='ltr' id='par_1_25' title="bbox 1875 1141 3442 1215">
     <span class='ocr_line' id='line_1_25' title="bbox 1875 1141 3442 1215; baseline 0.003 -22"><span class='ocrx_word' id='word_1_208' title='bbox 1875 1141 2136 1210; x_wconf 88' lang='lat' dir='ltr'><strong>templum</strong></span> <span class='ocrx_word' id='word_1_209' title='bbox 2179 1145 2429 1212; x_wconf 90' lang='lat' dir='ltr'><strong>corporis</strong></span> <span class='ocrx_word' id='word_1_210' title='bbox 2478 1143 2686 1199; x_wconf 88' lang='lat' dir='ltr'><strong>Christi</strong></span> <span class='ocrx_word' id='word_1_211' title='bbox 2731 1146 2903 1201; x_wconf 80' lang='lat' dir='ltr'><strong>fuisse</strong></span> <span class='ocrx_word' id='word_1_212' title='bbox 2932 1161 2963 1198; x_wconf 89' lang='lat' dir='ltr'><strong>a</strong></span> <span class='ocrx_word' id='word_1_213' title='bbox 3003 1145 3213 1215; x_wconf 90' lang='lat' dir='ltr'><strong>Spiritu</strong></span> <span class='ocrx_word' id='word_1_214' title='bbox 3248 1154 3442 1200; x_wconf 85' lang='lat' dir='ltr'><strong>sancto</strong></span> 
     </span>
    </p>
   </div>
   <div class='ocr_carea' id='block_1_26' title="bbox 1874 1233 3443 1295">
    <p class='ocr_par' dir='ltr' id='par_1_26' title="bbox 1874 1233 3443 1295">
     <span class='ocr_line' id='line_1_26' title="bbox 1874 1233 3443 1295; baseline 0.004 -10"><span class='ocrx_word' id='word_1_215' title='bbox 1874 1234 2176 1291; x_wconf 91' lang='lat' dir='ltr'><strong>conditum.</strong></span> <span class='ocrx_word' id='word_1_216' title='bbox 2211 1233 2422 1292; x_wconf 72' lang='lat' dir='ltr'><strong>Haced.</strong></span> <span class='ocrx_word' id='word_1_217' title='bbox 2458 1238 2740 1293; x_wconf 83' lang='lat' dir='ltr'><strong>Ubinam?</strong></span> <span class='ocrx_word' id='word_1_218' title='bbox 2781 1238 2932 1295; x_wconf 86' lang='lat' dir='ltr'><strong>Orth.</strong></span> <span class='ocrx_word' id='word_1_219' title='bbox 2974 1259 2992 1290; x_wconf 74' lang='grc' dir='ltr'><strong>ι</strong></span> <span class='ocrx_word' id='word_1_220' title='bbox 3015 1237 3146 1294; x_wconf 72' lang='lat' dir='ltr'><strong>Iesu</strong></span> <span class='ocrx_word' id='word_1_221' title='bbox 3177 1246 3332 1293; x_wconf 87' lang='lat' dir='ltr'><strong>ortus</strong></span> <span class='ocrx_word' id='word_1_222' title='bbox 3359 1237 3443 1292; x_wconf 93' lang='lat' dir='ltr'><strong>sic</strong></span> 
     </span>
    </p>
   </div>
   <div class='ocr_carea' id='block_1_27' title="bbox 1875 1322 3437 1399">
    <p class='ocr_par' dir='ltr' id='par_1_27' title="bbox 1875 1322 3437 1399">
     <span class='ocr_line' id='line_1_27' title="bbox 1875 1322 3437 1399; baseline 0.003 -22"><span class='ocrx_word' id='word_1_223' title='bbox 1875 1322 1976 1378; x_wconf 83' lang='lat' dir='ltr'><strong>fuit</strong></span> <span class='ocrx_word' id='word_1_224' title='bbox 2000 1344 2013 1379; x_wconf 91' lang='lat'><strong>:</strong></span> <span class='ocrx_word' id='word_1_225' title='bbox 2033 1341 2153 1380; x_wconf 91' lang='lat' dir='ltr'><strong>cum</strong></span> <span class='ocrx_word' id='word_1_226' title='bbox 2179 1328 2668 1398; x_wconf 87' lang='lat' dir='ltr'><strong>essetdesponsata</strong></span> <span class='ocrx_word' id='word_1_227' title='bbox 2690 1339 2862 1385; x_wconf 87' lang='lat' dir='ltr'><strong>mater</strong></span> <span class='ocrx_word' id='word_1_228' title='bbox 2882 1330 3000 1399; x_wconf 92' lang='lat' dir='ltr'><strong>ejus</strong></span> <span class='ocrx_word' id='word_1_229' title='bbox 3024 1328 3190 1383; x_wconf 83' lang='lat' dir='ltr'><strong>Maria</strong></span> <span class='ocrx_word' id='word_1_230' title='bbox 3216 1327 3437 1396; x_wconf 73' lang='lat' dir='ltr'><strong>Ioseph,</strong></span> 
     </span>
    </p>
   </div>
   <div class='ocr_carea' id='block_1_28' title="bbox 1874 1419 3439 1487">
    <p class='ocr_par' dir='ltr' id='par_1_28' title="bbox 1874 1419 3439 1487">
     <span class='ocr_line' id='line_1_28' title="bbox 1874 1419 3439 1487; baseline 0 -16"><span class='ocrx_word' id='word_1_231' title='bbox 1874 1425 2162 1487; x_wconf 87' lang='lat' dir='ltr'><strong>antequam</strong></span> <span class='ocrx_word' id='word_1_232' title='bbox 2187 1419 2564 1484; x_wconf 82' lang='lat' dir='ltr'><strong>convenirent,</strong></span> <span class='ocrx_word' id='word_1_233' title='bbox 2598 1421 2819 1473; x_wconf 88' lang='lat' dir='ltr'><strong>inventa</strong></span> <span class='ocrx_word' id='word_1_234' title='bbox 2849 1427 2933 1474; x_wconf 83' lang='lat' dir='ltr'><strong>est</strong></span> <span class='ocrx_word' id='word_1_235' title='bbox 2960 1419 3165 1475; x_wconf 85' lang='lat' dir='ltr'><strong>habens</strong></span> <span class='ocrx_word' id='word_1_236' title='bbox 3188 1419 3243 1472; x_wconf 88' lang='lat' dir='ltr'><strong>in</strong></span> <span class='ocrx_word' id='word_1_237' title='bbox 3283 1426 3439 1472; x_wconf 87' lang='lat' dir='ltr'><strong>utero</strong></span> 
     </span>
    </p>
   </div>
   <div class='ocr_carea' id='block_1_29' title="bbox 1872 1507 3438 1579">
    <p class='ocr_par' dir='ltr' id='par_1_29' title="bbox 1872 1507 3438 1579">
     <span class='ocr_line' id='line_1_29' title="bbox 1872 1507 3438 1579; baseline 0 -16"><span class='ocrx_word' id='word_1_238' title='bbox 1872 1522 1939 1563; x_wconf 79' lang='lat' dir='ltr'><strong>ex</strong></span> <span class='ocrx_word' id='word_1_239' title='bbox 1971 1507 2177 1579; x_wconf 90' lang='lat' dir='ltr'><strong>Spiritu</strong></span> <span class='ocrx_word' id='word_1_240' title='bbox 2208 1517 2402 1564; x_wconf 87' lang='lat' dir='ltr'><strong>sancto</strong></span> <span class='ocrx_word' id='word_1_241' title='bbox 2422 1510 2488 1564; x_wconf 80' lang='grc'><strong>³⁸.</strong></span> <span class='ocrx_word' id='word_1_242' title='bbox 2515 1529 2535 1563; x_wconf 71' lang='grc' dir='ltr'><strong>ι</strong></span> <span class='ocrx_word' id='word_1_243' title='bbox 2570 1509 2780 1564; x_wconf 78' lang='lat' dir='ltr'><strong>Maced.</strong></span> <span class='ocrx_word' id='word_1_244' title='bbox 2805 1508 2965 1565; x_wconf 80' lang='lat' dir='ltr'><strong>Jesus</strong></span> <span class='ocrx_word' id='word_1_245' title='bbox 2993 1525 3127 1579; x_wconf 88' lang='lat' dir='ltr'><strong>ergo</strong></span> <span class='ocrx_word' id='word_1_246' title='bbox 3151 1518 3235 1565; x_wconf 92' lang='lat' dir='ltr'><strong>est</strong></span> <span class='ocrx_word' id='word_1_247' title='bbox 3266 1508 3438 1579; x_wconf 90' lang='lat' dir='ltr'><strong>Spiri-</strong></span> 
     </span>
    </p>
   </div>
   <div class='ocr_carea' id='block_1_30' title="bbox 1872 1597 3436 1672">
    <p class='ocr_par' dir='ltr' id='par_1_30' title="bbox 1872 1597 3436 1672">
     <span class='ocr_line' id='line_1_30' title="bbox 1872 1597 3436 1672; baseline 0.002 -22"><span class='ocrx_word' id='word_1_248' title='bbox 1872 1604 1962 1652; x_wconf 92' lang='lat' dir='ltr'><strong>tus</strong></span> <span class='ocrx_word' id='word_1_249' title='bbox 2008 1599 2183 1653; x_wconf 86' lang='lat' dir='ltr'><strong>sancti</strong></span> <span class='ocrx_word' id='word_1_250' title='bbox 2211 1597 2404 1655; x_wconf 87' lang='lat' dir='ltr'><strong>Filius.</strong></span> <span class='ocrx_word' id='word_1_251' title='bbox 2467 1599 2619 1656; x_wconf 82' lang='lat' dir='ltr'><strong>Orth.</strong></span> <span class='ocrx_word' id='word_1_252' title='bbox 2673 1601 2890 1663; x_wconf 84' lang='grc' dir='ltr'>Γένεσις</span> <span class='ocrx_word' id='word_1_253' title='bbox 2923 1599 3018 1672; x_wconf 86' lang='lat' dir='ltr'><strong>[id</strong></span> <span class='ocrx_word' id='word_1_254' title='bbox 3044 1608 3130 1654; x_wconf 86' lang='lat' dir='ltr'><strong>est</strong></span> <span class='ocrx_word' id='word_1_255' title='bbox 3166 1618 3183 1650; x_wconf 80' lang='grc' dir='ltr'><strong>ι</strong></span> <span class='ocrx_word' id='word_1_256' title='bbox 3209 1607 3361 1656; x_wconf 82' lang='lat' dir='ltr'><strong>ortus</strong></span> <span class='ocrx_word' id='word_1_257' title='bbox 3384 1598 3436 1671; x_wconf 77' lang='grc' dir='ltr'>ι]</span> 
     </span>
    </p>
   </div>
   <div class='ocr_carea' id='block_1_31' title="bbox 1870 1688 3437 1764">
    <p class='ocr_par' dir='ltr' id='par_1_31' title="bbox 1870 1688 3437 1764">
     <span class='ocr_line' id='line_1_31' title="bbox 1870 1688 3437 1764; baseline 0.003 -22"><span class='ocrx_word' id='word_1_258' title='bbox 1870 1688 2030 1753; x_wconf 80' lang='lat' dir='ltr'><strong>dixit,</strong></span> <span class='ocrx_word' id='word_1_259' title='bbox 2060 1704 2166 1743; x_wconf 92' lang='lat' dir='ltr'><strong>non</strong></span> <span class='ocrx_word' id='word_1_260' title='bbox 2188 1691 2437 1762; x_wconf 87' lang='grc' dir='ltr'>γέννησις</span> <span class='ocrx_word' id='word_1_261' title='bbox 2453 1691 2573 1764; x_wconf 87' lang='lat' dir='ltr'><strong>[seu</strong></span> <span class='ocrx_word' id='word_1_262' title='bbox 2594 1691 2930 1764; x_wconf 77' lang='lat' dir='ltr'><strong>generatio];</strong></span> <span class='ocrx_word' id='word_1_263' title='bbox 2961 1708 3126 1746; x_wconf 90' lang='lat' dir='ltr'><strong>unum</strong></span> <span class='ocrx_word' id='word_1_264' title='bbox 3147 1692 3302 1757; x_wconf 85' lang='lat' dir='ltr'><strong>dicit,</strong></span> <span class='ocrx_word' id='word_1_265' title='bbox 3324 1708 3437 1746; x_wconf 91' lang='lat' dir='ltr'><strong>non</strong></span> 
     </span>
    </p>
   </div>
   <div class='ocr_carea' id='block_1_32' title="bbox 1871 1777 3436 1853">
    <p class='ocr_par' dir='ltr' id='par_1_32' title="bbox 1871 1777 3436 1853">
     <span class='ocr_line' id='line_1_32' title="bbox 1871 1777 3436 1853; baseline 0.002 -20"><span class='ocrx_word' id='word_1_266' title='bbox 1871 1779 2000 1834; x_wconf 92' lang='lat' dir='ltr'><strong>duo.</strong></span> <span class='ocrx_word' id='word_1_267' title='bbox 2041 1777 2251 1836; x_wconf 76' lang='lat' dir='ltr'><strong>Maced.</strong></span> <span class='ocrx_word' id='word_1_268' title='bbox 2289 1781 2393 1836; x_wconf 86' lang='lat' dir='ltr'><strong>Sed</strong></span> <span class='ocrx_word' id='word_1_269' title='bbox 2418 1783 2644 1853; x_wconf 82' lang='lat' dir='ltr'><strong>angelus</strong></span> <span class='ocrx_word' id='word_1_270' title='bbox 2672 1784 2812 1838; x_wconf 74' lang='lat' dir='ltr'><strong>dixit</strong></span> <span class='ocrx_word' id='word_1_271' title='bbox 2840 1802 2854 1838; x_wconf 90' lang='lat'><strong>:</strong></span> <span class='ocrx_word' id='word_1_272' title='bbox 2886 1800 2905 1834; x_wconf 81' lang='grc' dir='ltr'><strong>ι</strong></span> <span class='ocrx_word' id='word_1_273' title='bbox 2931 1783 3085 1850; x_wconf 88' lang='lat' dir='ltr'><strong>Quod</strong></span> <span class='ocrx_word' id='word_1_274' title='bbox 3115 1784 3259 1839; x_wconf 91' lang='lat' dir='ltr'><strong>enim</strong></span> <span class='ocrx_word' id='word_1_275' title='bbox 3291 1782 3345 1836; x_wconf 91' lang='lat' dir='ltr'><strong>in</strong></span> <span class='ocrx_word' id='word_1_276' title='bbox 3371 1798 3436 1836; x_wconf 89' lang='lat' dir='ltr'><strong>ea</strong></span> 
     </span>
    </p>
   </div>
   <div class='ocr_carea' id='block_1_33' title="bbox 215 1841 1768 1943">
    <p class='ocr_par' dir='ltr' id='par_1_33' title="bbox 215 1841 1768 1936">
     <span class='ocr_line' id='line_1_33' title="bbox 215 1841 1768 1936; baseline 0.003 -21"><span class='ocrx_word' id='word_1_277' title='bbox 215 1862 519 1933; x_wconf 84' lang='grc' dir='ltr'>Πνεύματός</span> <span class='ocrx_word' id='word_1_278' title='bbox 547 1865 694 1917; x_wconf 81' lang='grc' dir='ltr'>ἐστιν</span> <span class='ocrx_word' id='word_1_279' title='bbox 717 1864 894 1932; x_wconf 87' lang='grc' dir='ltr'>ἁγίου.</span> <span class='ocrx_word' id='word_1_280' title='bbox 917 1884 936 1917; x_wconf 75' lang='grc' dir='ltr'><strong>ι</strong></span> <span class='ocrx_word' id='word_1_281' title='bbox 959 1841 1110 1933; x_wconf 53' lang='grc' dir='ltr'>ὀρθξ</span> <span class='ocrx_word' id='word_1_282' title='bbox 1133 1841 1588 1936; x_wconf 82' lang='grc' dir='ltr'>Πρῶτονγένεσιν</span> <span class='ocrx_word' id='word_1_283' title='bbox 1607 1865 1768 1920; x_wconf 80' lang='grc' dir='ltr'>ἄκου-</span> 
     </span>
    </p>
   </div>
   <div class='ocr_carea' id='block_1_34' title="bbox 1869 1841 3437 1943">
    <p class='ocr_par' dir='ltr' id='par_1_34' title="bbox 1871 1841 3437 1943">
     <span class='ocr_line' id='line_1_34' title="bbox 1871 1841 3437 1943; baseline 0.002 -20"><span class='ocrx_word' id='word_1_284' title='bbox 1871 1876 2056 1924; x_wconf 89' lang='lat' dir='ltr'><strong>natum</strong></span> <span class='ocrx_word' id='word_1_285' title='bbox 2081 1879 2186 1939; x_wconf 91' lang='lat' dir='ltr'><strong>est,</strong></span> <span class='ocrx_word' id='word_1_286' title='bbox 2205 1888 2271 1927; x_wconf 78' lang='lat' dir='ltr'><strong>ex</strong></span> <span class='ocrx_word' id='word_1_287' title='bbox 2297 1841 2519 1943; x_wconf 55' lang='lat' dir='ltr'><strong>Spiritti</strong></span> <span class='ocrx_word' id='word_1_288' title='bbox 2531 1882 2725 1929; x_wconf 88' lang='lat' dir='ltr'><strong>sancto</strong></span> <span class='ocrx_word' id='word_1_289' title='bbox 2754 1883 2838 1930; x_wconf 86' lang='lat' dir='ltr'><strong>est</strong></span> <span class='ocrx_word' id='word_1_290' title='bbox 2859 1841 2975 1927; x_wconf 41' lang='grc' dir='ltr'><strong>ἐξ</strong></span> <span class='ocrx_word' id='word_1_291' title='bbox 3009 1872 3160 1928; x_wconf 82' lang='lat' dir='ltr'><strong>Orth.</strong></span> <span class='ocrx_word' id='word_1_292' title='bbox 3193 1872 3437 1928; x_wconf 85' lang='lat' dir='ltr'><strong>Primum</strong></span> 
     </span>
    </p>
   </div>
   <div class='ocr_carea' id='block_1_35' title="bbox 216 1954 1768 2029">
    <p class='ocr_par' dir='ltr' id='par_1_35' title="bbox 216 1954 1768 2029">
     <span class='ocr_line' id='line_1_35' title="bbox 216 1954 1768 2029; baseline 0.003 -23"><span class='ocrx_word' id='word_1_293' title='bbox 216 1971 298 2007; x_wconf 85' lang='grc' dir='ltr'><strong>σον</strong></span> <span class='ocrx_word' id='word_1_294' title='bbox 338 1954 431 2007; x_wconf 88' lang='grc' dir='ltr'><strong>τοῦ</strong></span> <span class='ocrx_word' id='word_1_295' title='bbox 475 1955 638 2018; x_wconf 87' lang='grc' dir='ltr'>ναοῦ,</span> <span class='ocrx_word' id='word_1_296' title='bbox 676 1959 772 2010; x_wconf 76' lang='grc' dir='ltr'><strong>καὶ</strong></span> <span class='ocrx_word' id='word_1_297' title='bbox 820 1957 939 2010; x_wconf 88' lang='grc' dir='ltr'>τότε</span> <span class='ocrx_word' id='word_1_298' title='bbox 968 1954 1238 2029; x_wconf 82' lang='grc' dir='ltr'>γέννησιν.</span> <span class='ocrx_word' id='word_1_299' title='bbox 1266 1958 1377 2012; x_wconf 76' lang='grc' dir='ltr'><strong>Καὶ</strong></span> <span class='ocrx_word' id='word_1_300' title='bbox 1427 1956 1537 2029; x_wconf 73' lang='grc' dir='ltr'>γὰρ</span> <span class='ocrx_word' id='word_1_301' title='bbox 1580 1958 1674 2011; x_wconf 74' lang='grc' dir='ltr'>καὶ</span> <span class='ocrx_word' id='word_1_302' title='bbox 1719 1958 1768 2010; x_wconf 80' lang='lat' dir='ltr'><strong>ot</strong></span> 
     </span>
    </p>
   </div>
   <div class='ocr_carea' id='block_1_36' title="bbox 210 2044 1768 2121">
    <p class='ocr_par' dir='ltr' id='par_1_36' title="bbox 210 2044 1768 2121">
     <span class='ocr_line' id='line_1_36' title="bbox 210 2044 1768 2121; baseline 0.001 -22"><span class='ocrx_word' id='word_1_303' title='bbox 210 2046 477 2118; x_wconf 82' lang='grc' dir='ltr'>ἄνθρωποι</span> <span class='ocrx_word' id='word_1_304' title='bbox 512 2048 724 2117; x_wconf 87' lang='grc' dir='ltr'>πρῶτον</span> <span class='ocrx_word' id='word_1_305' title='bbox 759 2048 1057 2119; x_wconf 80' lang='grc' dir='ltr'>γιγνόμεθα</span> <span class='ocrx_word' id='word_1_306' title='bbox 1086 2048 1513 2121; x_wconf 82' lang='grc' dir='ltr'>δημιουργικῶς,</span> <span class='ocrx_word' id='word_1_307' title='bbox 1547 2044 1647 2102; x_wconf 76' lang='grc' dir='ltr'>εἷθ’</span> <span class='ocrx_word' id='word_1_308' title='bbox 1673 2047 1768 2101; x_wconf 81' lang='grc' dir='ltr'><strong>οὖ-</strong></span> 
     </span>
    </p>
   </div>
   <div class='ocr_carea' id='block_1_37' title="bbox 210 2136 1769 2211">
    <p class='ocr_par' dir='ltr' id='par_1_37' title="bbox 210 2136 1769 2211">
     <span class='ocr_line' id='line_1_37' title="bbox 210 2136 1769 2211; baseline 0.003 -22"><span class='ocrx_word' id='word_1_309' title='bbox 210 2154 308 2200; x_wconf 79' lang='grc' dir='ltr'><strong>τως</strong></span> <span class='ocrx_word' id='word_1_310' title='bbox 326 2136 645 2208; x_wconf 85' lang='grc' dir='ltr'>γεννώμεθα</span> <span class='ocrx_word' id='word_1_311' title='bbox 678 2139 1147 2211; x_wconf 74' lang='grc' dir='ltr'>καταχρηστικῶς·</span> <span class='ocrx_word' id='word_1_312' title='bbox 1170 2159 1188 2191; x_wconf 83' lang='grc' dir='ltr'><strong>ι</strong></span> <span class='ocrx_word' id='word_1_313' title='bbox 1213 2140 1375 2204; x_wconf 82' lang='grc' dir='ltr'>Υίοὺς</span> <span class='ocrx_word' id='word_1_314' title='bbox 1399 2160 1416 2191; x_wconf 76' lang='grc' dir='ltr'><strong>ι</strong></span> <span class='ocrx_word' id='word_1_315' title='bbox 1438 2139 1547 2211; x_wconf 86' lang='grc' dir='ltr'>γὰρ</span> <span class='ocrx_word' id='word_1_316' title='bbox 1576 2158 1594 2190; x_wconf 76' lang='grc' dir='ltr'><strong>ι</strong></span> <span class='ocrx_word' id='word_1_317' title='bbox 1615 2138 1769 2208; x_wconf 83' lang='grc' dir='ltr'>ὲγέν-</span> 
     </span>
    </p>
   </div>
   <div class='ocr_carea' id='block_1_38' title="bbox 208 2224 1770 2302">
    <p class='ocr_par' dir='ltr' id='par_1_38' title="bbox 208 2224 1770 2302">
     <span class='ocr_line' id='line_1_38' title="bbox 208 2224 1770 2302; baseline 0.003 -23"><span class='ocrx_word' id='word_1_318' title='bbox 208 2244 356 2298; x_wconf 89' lang='grc' dir='ltr'>νησα,</span> <span class='ocrx_word' id='word_1_319' title='bbox 383 2229 479 2281; x_wconf 74' lang='grc' dir='ltr'><strong>καὶ</strong></span> <span class='ocrx_word' id='word_1_320' title='bbox 517 2224 738 2298; x_wconf 70' lang='grc' dir='ltr'>ὕψωσα,</span> <span class='ocrx_word' id='word_1_321' title='bbox 764 2248 782 2281; x_wconf 75' lang='grc' dir='ltr'><strong>ι</strong></span> <span class='ocrx_word' id='word_1_322' title='bbox 824 2230 1167 2302; x_wconf 80' lang='grc' dir='ltr'>γέγραπται,</span> <span class='ocrx_word' id='word_1_323' title='bbox 1202 2230 1262 2282; x_wconf 86' lang='grc' dir='ltr'><strong>οὐ</strong></span> <span class='ocrx_word' id='word_1_324' title='bbox 1293 2228 1537 2299; x_wconf 85' lang='grc' dir='ltr'>φυσικῶς</span> <span class='ocrx_word' id='word_1_325' title='bbox 1583 2229 1770 2300; x_wconf 87' lang='grc' dir='ltr'>δηλον-</span> 
     </span>
    </p>
   </div>
   <div class='ocr_carea' id='block_1_39' title="bbox 204 2318 1770 2394">
    <p class='ocr_par' dir='ltr' id='par_1_39' title="bbox 204 2318 1770 2394">
     <span class='ocr_line' id='line_1_39' title="bbox 204 2318 1770 2394; baseline 0.002 -22"><span class='ocrx_word' id='word_1_326' title='bbox 204 2321 313 2385; x_wconf 84' lang='grc' dir='ltr'>ότι,</span> <span class='ocrx_word' id='word_1_327' title='bbox 342 2320 479 2373; x_wconf 69' lang='grc' dir='ltr'>ἀλλὰ</span> <span class='ocrx_word' id='word_1_328' title='bbox 514 2324 984 2394; x_wconf 80' lang='grc' dir='ltr'>καταχρηστικῶς.</span> <span class='ocrx_word' id='word_1_329' title='bbox 1014 2323 1235 2378; x_wconf 84' lang='grc' dir='ltr'>Μακεδ.</span> <span class='ocrx_word' id='word_1_330' title='bbox 1270 2322 1396 2385; x_wconf 87' lang='grc' dir='ltr'><strong>Πῶς</strong></span> <span class='ocrx_word' id='word_1_331' title='bbox 1424 2318 1575 2375; x_wconf 80' lang='grc' dir='ltr'>εἶπεν</span> <span class='ocrx_word' id='word_1_332' title='bbox 1613 2324 1641 2374; x_wconf 91' lang='lat'><strong>6</strong></span> <span class='ocrx_word' id='word_1_333' title='bbox 1670 2323 1770 2375; x_wconf 87' lang='grc' dir='ltr'><strong>Σο-</strong></span> 
     </span>
    </p>
   </div>
   <div class='ocr_carea' id='block_1_40' title="bbox 203 2407 1764 2484">
    <p class='ocr_par' dir='ltr' id='par_1_40' title="bbox 203 2407 1764 2484">
     <span class='ocr_line' id='line_1_40' title="bbox 203 2407 1764 2484; baseline 0.003 -22"><span class='ocrx_word' id='word_1_334' title='bbox 203 2410 372 2481; x_wconf 77' lang='grc' dir='ltr'>λομῶν</span> <span class='ocrx_word' id='word_1_335' title='bbox 393 2428 405 2441; x_wconf 73' lang='grc'><strong>⁸</strong></span> <span class='ocrx_word' id='word_1_336' title='bbox 443 2431 461 2463; x_wconf 79' lang='grc' dir='ltr'><strong>ι</strong></span> <span class='ocrx_word' id='word_1_337' title='bbox 505 2412 568 2465; x_wconf 81' lang='grc' dir='ltr'>’Π</span> <span class='ocrx_word' id='word_1_338' title='bbox 595 2412 768 2481; x_wconf 81' lang='grc' dir='ltr'>Σοφία</span> <span class='ocrx_word' id='word_1_339' title='bbox 797 2413 1141 2484; x_wconf 80' lang='grc' dir='ltr'>ᾠκοδόμησεν</span> <span class='ocrx_word' id='word_1_340' title='bbox 1167 2414 1329 2483; x_wconf 77' lang='grc' dir='ltr'>ἑαυτῇ</span> <span class='ocrx_word' id='word_1_341' title='bbox 1362 2407 1544 2474; x_wconf 76' lang='grc' dir='ltr'>οἷκον;</span> <span class='ocrx_word' id='word_1_342' title='bbox 1571 2430 1590 2462; x_wconf 74' lang='grc' dir='ltr'><strong>ι</strong></span> <span class='ocrx_word' id='word_1_343' title='bbox 1610 2412 1764 2480; x_wconf 83' lang='grc' dir='ltr'>Ὀρθ.</span> 
     </span>
    </p>
   </div>
   <div class='ocr_carea' id='block_1_41' title="bbox 203 2501 1767 2575">
    <p class='ocr_par' dir='ltr' id='par_1_41' title="bbox 203 2501 1767 2575">
     <span class='ocr_line' id='line_1_41' title="bbox 203 2501 1767 2575; baseline 0.001 -21"><span class='ocrx_word' id='word_1_344' title='bbox 203 2501 365 2555; x_wconf 88' lang='grc' dir='ltr'>Τοῦτο</span> <span class='ocrx_word' id='word_1_345' title='bbox 398 2503 513 2573; x_wconf 82' lang='grc' dir='ltr'><strong>γάρ</strong></span> <span class='ocrx_word' id='word_1_346' title='bbox 555 2505 700 2556; x_wconf 80' lang='grc' dir='ltr'>ἐστιν</span> <span class='ocrx_word' id='word_1_347' title='bbox 749 2503 778 2556; x_wconf 84' lang='lat'><strong>6</strong></span> <span class='ocrx_word' id='word_1_348' title='bbox 810 2502 984 2572; x_wconf 85' lang='grc' dir='ltr'>λέγω,</span> <span class='ocrx_word' id='word_1_349' title='bbox 1039 2503 1120 2557; x_wconf 82' lang='grc' dir='ltr'><strong>ὅτι</strong></span> <span class='ocrx_word' id='word_1_350' title='bbox 1159 2504 1336 2558; x_wconf 79' lang='grc' dir='ltr'>πάντα</span> <span class='ocrx_word' id='word_1_351' title='bbox 1379 2503 1448 2556; x_wconf 89' lang='grc' dir='ltr'><strong>τὰ</strong></span> <span class='ocrx_word' id='word_1_352' title='bbox 1494 2503 1631 2575; x_wconf 76' lang='grc' dir='ltr'>ἔργα</span> <span class='ocrx_word' id='word_1_353' title='bbox 1673 2501 1767 2556; x_wconf 91' lang='grc' dir='ltr'><strong>τοῦ</strong></span> 
     </span>
    </p>
   </div>
   <div class='ocr_carea' id='block_1_42' title="bbox 200 2592 1770 2665">
    <p class='ocr_par' dir='ltr' id='par_1_42' title="bbox 200 2592 1770 2665">
     <span class='ocr_line' id='line_1_42' title="bbox 200 2592 1770 2665; baseline -0.001 -19"><span class='ocrx_word' id='word_1_354' title='bbox 200 2593 426 2665; x_wconf 82' lang='grc' dir='ltr'>Πατρὸς,</span> <span class='ocrx_word' id='word_1_355' title='bbox 480 2594 575 2647; x_wconf 79' lang='grc' dir='ltr'><strong>καὶ</strong></span> <span class='ocrx_word' id='word_1_356' title='bbox 630 2592 724 2647; x_wconf 88' lang='grc' dir='ltr'><strong>τοῦ</strong></span> <span class='ocrx_word' id='word_1_357' title='bbox 776 2594 926 2659; x_wconf 87' lang='grc' dir='ltr'>Υίοῦ,</span> <span class='ocrx_word' id='word_1_358' title='bbox 967 2596 1065 2648; x_wconf 64' lang='grc' dir='ltr'>καὶ</span> <span class='ocrx_word' id='word_1_359' title='bbox 1104 2593 1197 2647; x_wconf 89' lang='grc' dir='ltr'><strong>τοῦ</strong></span> <span class='ocrx_word' id='word_1_360' title='bbox 1244 2593 1396 2662; x_wconf 86' lang='grc' dir='ltr'>ἁγίου</span> <span class='ocrx_word' id='word_1_361' title='bbox 1453 2592 1770 2664; x_wconf 84' lang='grc' dir='ltr'>Πνεύματός</span> 
     </span>
    </p>
   </div>
   <div class='ocr_carea' id='block_1_43' title="bbox 200 2684 1769 2757">
    <p class='ocr_par' dir='ltr' id='par_1_43' title="bbox 200 2684 1769 2757">
     <span class='ocr_line' id='line_1_43' title="bbox 200 2684 1769 2757; baseline 0.001 -20"><span class='ocrx_word' id='word_1_362' title='bbox 200 2685 338 2738; x_wconf 70' lang='grc' dir='ltr'>ἔστι·</span> <span class='ocrx_word' id='word_1_363' title='bbox 373 2685 468 2739; x_wconf 66' lang='grc' dir='ltr'><strong>καλ⁵</strong></span> <span class='ocrx_word' id='word_1_364' title='bbox 500 2685 590 2739; x_wconf 80' lang='grc' dir='ltr'><strong>διὰ</strong></span> <span class='ocrx_word' id='word_1_365' title='bbox 616 2685 774 2740; x_wconf 87' lang='grc' dir='ltr'>τοῦτο</span> <span class='ocrx_word' id='word_1_366' title='bbox 812 2686 942 2739; x_wconf 82' lang='grc' dir='ltr'>ποτὲ</span> <span class='ocrx_word' id='word_1_367' title='bbox 975 2684 1069 2738; x_wconf 88' lang='grc' dir='ltr'><strong>τοῦ</strong></span> <span class='ocrx_word' id='word_1_368' title='bbox 1112 2685 1327 2757; x_wconf 83' lang='grc' dir='ltr'>Πατρὺς</span> <span class='ocrx_word' id='word_1_369' title='bbox 1359 2684 1598 2754; x_wconf 84' lang='grc' dir='ltr'>λέγεται,</span> <span class='ocrx_word' id='word_1_370' title='bbox 1639 2684 1769 2738; x_wconf 81' lang='grc' dir='ltr'>ποτὲ</span> 
     </span>
    </p>
   </div>
   <div class='ocr_carea' id='block_1_44' title="bbox 198 2773 1768 2847">
    <p class='ocr_par' dir='ltr' id='par_1_44' title="bbox 198 2773 1768 2847">
     <span class='ocr_line' id='line_1_44' title="bbox 198 2773 1768 2847; baseline 0.002 -21"><span class='ocrx_word' id='word_1_371' title='bbox 198 2773 287 2827; x_wconf 85' lang='grc' dir='ltr'><strong>τοῦ</strong></span> <span class='ocrx_word' id='word_1_372' title='bbox 314 2775 467 2842; x_wconf 84' lang='grc' dir='ltr'>Υίοῦ,</span> <span class='ocrx_word' id='word_1_373' title='bbox 497 2775 634 2828; x_wconf 81' lang='grc' dir='ltr'>ποτὲ</span> <span class='ocrx_word' id='word_1_374' title='bbox 677 2774 770 2828; x_wconf 88' lang='grc' dir='ltr'><strong>τοῦ</strong></span> <span class='ocrx_word' id='word_1_375' title='bbox 798 2775 955 2844; x_wconf 86' lang='grc' dir='ltr'>ἁγίου</span> <span class='ocrx_word' id='word_1_376' title='bbox 989 2774 1325 2847; x_wconf 78' lang='grc' dir='ltr'>Πνεῦματος.</span> <span class='ocrx_word' id='word_1_377' title='bbox 1376 2776 1590 2847; x_wconf 86' lang='grc' dir='ltr'>Ἀμέλει</span> <span class='ocrx_word' id='word_1_378' title='bbox 1620 2776 1768 2846; x_wconf 81' lang='grc' dir='ltr'>λέγει</span> 
     </span>
    </p>
   </div>
   <div class='ocr_carea' id='block_1_45' title="bbox 198 2864 1768 2937">
    <p class='ocr_par' dir='ltr' id='par_1_45' title="bbox 198 2864 1768 2937">
     <span class='ocr_line' id='line_1_45' title="bbox 198 2864 1768 2937; baseline 0.001 -18"><span class='ocrx_word' id='word_1_379' title='bbox 198 2866 400 2930; x_wconf 76' lang='grc' dir='ltr'>Παῦλος</span> <span class='ocrx_word' id='word_1_380' title='bbox 450 2870 480 2921; x_wconf 90' lang='lat'><strong>6</strong></span> <span class='ocrx_word' id='word_1_381' title='bbox 539 2867 695 2935; x_wconf 83' lang='grc' dir='ltr'>ἆγιος</span> <span class='ocrx_word' id='word_1_382' title='bbox 725 2865 1050 2929; x_wconf 76' lang='grc' dir='ltr'>ἀπόστολοςο</span> <span class='ocrx_word' id='word_1_383' title='bbox 1084 2886 1101 2917; x_wconf 76' lang='grc' dir='ltr'><strong>ι</strong></span> <span class='ocrx_word' id='word_1_384' title='bbox 1135 2867 1263 2919; x_wconf 80' lang='grc' dir='ltr'>Ὅτε</span> <span class='ocrx_word' id='word_1_385' title='bbox 1308 2864 1365 2920; x_wconf 84' lang='grc' dir='ltr'><strong>δὲ</strong></span> <span class='ocrx_word' id='word_1_386' title='bbox 1413 2867 1709 2937; x_wconf 77' lang='grc' dir='ltr'>ηὐδόκησεν</span> <span class='ocrx_word' id='word_1_387' title='bbox 1738 2869 1768 2921; x_wconf 92' lang='lat'><strong>6</strong></span> 
     </span>
    </p>
   </div>
   <div class='ocr_carea' id='block_1_46' title="bbox 198 2955 1768 3028">
    <p class='ocr_par' dir='ltr' id='par_1_46' title="bbox 198 2955 1768 3028">
     <span class='ocr_line' id='line_1_46' title="bbox 198 2955 1768 3028; baseline 0.001 -19"><span class='ocrx_word' id='word_1_388' title='bbox 198 2956 340 3022; x_wconf 79' lang='grc' dir='ltr'>Θεὸς,</span> <span class='ocrx_word' id='word_1_389' title='bbox 368 2960 397 3011; x_wconf 84' lang='lat'><strong>6</strong></span> <span class='ocrx_word' id='word_1_390' title='bbox 424 2958 695 3028; x_wconf 79' lang='grc' dir='ltr'>ἀφορίσας</span> <span class='ocrx_word' id='word_1_391' title='bbox 719 2974 785 3027; x_wconf 84' lang='grc' dir='ltr'><strong>με</strong></span> <span class='ocrx_word' id='word_1_392' title='bbox 815 2957 880 3009; x_wconf 82' lang='grc' dir='ltr'>ὲκ</span> <span class='ocrx_word' id='word_1_393' title='bbox 908 2955 1115 3019; x_wconf 88' lang='grc' dir='ltr'>κοιλίας</span> <span class='ocrx_word' id='word_1_394' title='bbox 1151 2956 1358 3027; x_wconf 88' lang='grc' dir='ltr'>μητρός</span> <span class='ocrx_word' id='word_1_395' title='bbox 1402 2973 1525 3027; x_wconf 89' lang='grc' dir='ltr'>μου,</span> <span class='ocrx_word' id='word_1_396' title='bbox 1562 2958 1768 3010; x_wconf 78' lang='grc' dir='ltr'>ἀποκα-</span> 
     </span>
    </p>
   </div>
   <div class='ocr_carea' id='block_1_47' title="bbox 194 3045 1765 3118">
    <p class='ocr_par' dir='ltr' id='par_1_47' title="bbox 194 3045 1765 3118">
     <span class='ocr_line' id='line_1_47' title="bbox 194 3045 1765 3118; baseline 0.001 -19"><span class='ocrx_word' id='word_1_397' title='bbox 194 3045 350 3118; x_wconf 74' lang='grc' dir='ltr'>λύψαι</span> <span class='ocrx_word' id='word_1_398' title='bbox 385 3050 477 3103; x_wconf 86' lang='grc' dir='ltr'><strong>τὸν</strong></span> <span class='ocrx_word' id='word_1_399' title='bbox 511 3049 643 3102; x_wconf 79' lang='grc' dir='ltr'>Υἱδν</span> <span class='ocrx_word' id='word_1_400' title='bbox 671 3046 836 3102; x_wconf 81' lang='grc' dir='ltr'>αὑτοῦ</span> <span class='ocrx_word' id='word_1_401' title='bbox 874 3048 931 3101; x_wconf 78' lang='grc' dir='ltr'>ἐν</span> <span class='ocrx_word' id='word_1_402' title='bbox 963 3046 1085 3118; x_wconf 84' lang='grc' dir='ltr'>ὲμοί</span> <span class='ocrx_word' id='word_1_403' title='bbox 1105 3063 1118 3077; x_wconf 89' lang='grc'><strong>·</strong></span> <span class='ocrx_word' id='word_1_404' title='bbox 1151 3066 1170 3098; x_wconf 71' lang='grc' dir='ltr'><strong>ι</strong></span> <span class='ocrx_word' id='word_1_405' title='bbox 1209 3047 1302 3100; x_wconf 80' lang='grc' dir='ltr'><strong>καὶ</strong></span> <span class='ocrx_word' id='word_1_406' title='bbox 1334 3047 1499 3100; x_wconf 84' lang='grc' dir='ltr'>πάλιν</span> <span class='ocrx_word' id='word_1_407' title='bbox 1530 3050 1559 3102; x_wconf 92' lang='lat'><strong>6</strong></span> <span class='ocrx_word' id='word_1_408' title='bbox 1600 3049 1765 3113; x_wconf 81' lang='grc' dir='ltr'>αὐτὸς</span> 
     </span>
    </p>
   </div>
   <div class='ocr_carea' id='block_1_48' title="bbox 195 3137 1831 3230">
    <p class='ocr_par' dir='ltr' id='par_1_48' title="bbox 195 3137 1831 3230">
     <span class='ocr_line' id='line_1_48' title="bbox 195 3137 1831 3230; baseline 0.001 -37"><span class='ocrx_word' id='word_1_409' title='bbox 195 3140 373 3210; x_wconf 79' lang='grc' dir='ltr'>λέγει’</span> <span class='ocrx_word' id='word_1_410' title='bbox 413 3160 432 3194; x_wconf 74' lang='grc' dir='ltr'><strong>ι</strong></span> <span class='ocrx_word' id='word_1_411' title='bbox 459 3140 677 3205; x_wconf 84' lang='grc' dir='ltr'>Παῦλος</span> <span class='ocrx_word' id='word_1_412' title='bbox 703 3139 885 3203; x_wconf 81' lang='grc' dir='ltr'>δοῦλος</span> <span class='ocrx_word' id='word_1_413' title='bbox 902 3137 1074 3211; x_wconf 85' lang='grc' dir='ltr'>Ἰησοῦ</span> <span class='ocrx_word' id='word_1_414' title='bbox 1104 3140 1362 3230; x_wconf 74' lang='grc' dir='ltr'>Χριστοῦ,</span> <span class='ocrx_word' id='word_1_415' title='bbox 1391 3140 1587 3213; x_wconf 81' lang='grc' dir='ltr'>κλητὸς</span> <span class='ocrx_word' id='word_1_416' title='bbox 1602 3142 1763 3195; x_wconf 78' lang='grc' dir='ltr'><strong>Ἀπὸ·</strong></span> <span class='ocrx_word' id='word_1_417' title='bbox 1789 3174 1831 3230; x_wconf 76' lang='lat' dir='ltr'><strong><em>C</em></strong></span> 
     </span>
    </p>
   </div>
   <div class='ocr_carea' id='block_1_49' title="bbox 196 3229 1757 3305">
    <p class='ocr_par' dir='ltr' id='par_1_49' title="bbox 196 3229 1757 3305">
     <span class='ocr_line' id='line_1_49' title="bbox 196 3229 1757 3305; baseline 0.001 -21"><span class='ocrx_word' id='word_1_418' title='bbox 196 3232 392 3296; x_wconf 80' lang='grc' dir='ltr'>στολος,</span> <span class='ocrx_word' id='word_1_419' title='bbox 417 3230 807 3305; x_wconf 84' lang='grc' dir='ltr'>ἀφωρισμένος</span> <span class='ocrx_word' id='word_1_420' title='bbox 835 3232 914 3294; x_wconf 89' lang='grc' dir='ltr'><strong>είς</strong></span> <span class='ocrx_word' id='word_1_421' title='bbox 939 3229 1270 3298; x_wconf 80' lang='grc' dir='ltr'>Εὐαγγέλιον</span> <span class='ocrx_word' id='word_1_422' title='bbox 1302 3229 1457 3284; x_wconf 87' lang='grc' dir='ltr'>Θεοῦ.</span> <span class='ocrx_word' id='word_1_423' title='bbox 1489 3251 1507 3283; x_wconf 78' lang='grc' dir='ltr'><strong>ι</strong></span> <span class='ocrx_word' id='word_1_424' title='bbox 1535 3232 1757 3286; x_wconf 69' lang='lat' dir='ltr'><strong>Mam-:6.</strong></span> 
     </span>
    </p>
   </div>
   <div class='ocr_carea' id='block_1_50' title="bbox 194 3321 1762 3393">
    <p class='ocr_par' dir='ltr' id='par_1_50' title="bbox 194 3321 1762 3393">
     <span class='ocr_line' id='line_1_50' title="bbox 194 3321 1762 3393; baseline 0.002 -18"><span class='ocrx_word' id='word_1_425' title='bbox 194 3321 256 3375; x_wconf 87' lang='grc' dir='ltr'>Τί</span> <span class='ocrx_word' id='word_1_426' title='bbox 288 3324 448 3378; x_wconf 89' lang='grc' dir='ltr'>τοῦτο</span> <span class='ocrx_word' id='word_1_427' title='bbox 482 3325 662 3389; x_wconf 86' lang='grc' dir='ltr'><strong>ποιεῖ;</strong></span> <span class='ocrx_word' id='word_1_428' title='bbox 702 3324 854 3391; x_wconf 82' lang='grc' dir='ltr'>Ὀρθ.</span> <span class='ocrx_word' id='word_1_429' title='bbox 881 3322 1151 3393; x_wconf 81' lang='grc' dir='ltr'>Βούλομαί</span> <span class='ocrx_word' id='word_1_430' title='bbox 1181 3340 1262 3375; x_wconf 88' lang='grc' dir='ltr'><strong>σοι</strong></span> <span class='ocrx_word' id='word_1_431' title='bbox 1299 3323 1486 3388; x_wconf 84' lang='grc' dir='ltr'>δεῖξαι,</span> <span class='ocrx_word' id='word_1_432' title='bbox 1523 3325 1603 3378; x_wconf 81' lang='grc' dir='ltr'>ὅτι</span> <span class='ocrx_word' id='word_1_433' title='bbox 1632 3324 1762 3378; x_wconf 75' lang='grc' dir='ltr'>ποτὲ</span> 
     </span>
    </p>
   </div>
   <div class='ocr_carea' id='block_1_51' title="bbox 189 3413 1756 3487">
    <p class='ocr_par' dir='ltr' id='par_1_51' title="bbox 189 3413 1756 3487">
     <span class='ocr_line' id='line_1_51' title="bbox 189 3413 1756 3487; baseline 0 -19"><span class='ocrx_word' id='word_1_434' title='bbox 189 3415 376 3468; x_wconf 74' lang='grc' dir='ltr'>ἑαυτὸν</span> <span class='ocrx_word' id='word_1_435' title='bbox 400 3415 693 3487; x_wconf 84' lang='grc' dir='ltr'>ἀφόρισμα</span> <span class='ocrx_word' id='word_1_436' title='bbox 721 3414 867 3482; x_wconf 86' lang='grc' dir='ltr'>λέγει</span> <span class='ocrx_word' id='word_1_437' title='bbox 910 3413 1005 3469; x_wconf 84' lang='grc' dir='ltr'><strong>τοῦ</strong></span> <span class='ocrx_word' id='word_1_438' title='bbox 1039 3415 1271 3486; x_wconf 70' lang='grc' dir='ltr'>Πατρός,</span> <span class='ocrx_word' id='word_1_439' title='bbox 1304 3415 1434 3469; x_wconf 87' lang='grc' dir='ltr'>ποτὲ</span> <span class='ocrx_word' id='word_1_440' title='bbox 1473 3415 1567 3469; x_wconf 90' lang='grc' dir='ltr'><strong>τοῦ</strong></span> <span class='ocrx_word' id='word_1_441' title='bbox 1606 3414 1756 3468; x_wconf 86' lang='grc' dir='ltr'>Υίοῦ.</span> 
     </span>
    </p>
   </div>
   <div class='ocr_carea' id='block_1_52' title="bbox 186 3504 1755 3577">
    <p class='ocr_par' dir='ltr' id='par_1_52' title="bbox 186 3504 1755 3577">
     <span class='ocr_line' id='line_1_52' title="bbox 186 3504 1755 3577; baseline -0.001 -17"><span class='ocrx_word' id='word_1_442' title='bbox 186 3506 403 3561; x_wconf 78' lang='grc' dir='ltr'>Μακεδ.</span> <span class='ocrx_word' id='word_1_443' title='bbox 437 3508 535 3577; x_wconf 84' lang='grc' dir='ltr'><strong>Μὴ</strong></span> <span class='ocrx_word' id='word_1_444' title='bbox 584 3505 679 3558; x_wconf 78' lang='grc' dir='ltr'><strong>καὶ</strong></span> <span class='ocrx_word' id='word_1_445' title='bbox 718 3505 812 3559; x_wconf 88' lang='grc' dir='ltr'><strong>τοῦ</strong></span> <span class='ocrx_word' id='word_1_446' title='bbox 856 3505 1204 3576; x_wconf 83' lang='grc' dir='ltr'>Πνεύματος;</span> <span class='ocrx_word' id='word_1_447' title='bbox 1252 3507 1403 3575; x_wconf 83' lang='grc' dir='ltr'><strong>Ὀρθ.</strong></span> <span class='ocrx_word' id='word_1_448' title='bbox 1450 3506 1605 3561; x_wconf 84' lang='grc' dir='ltr'><strong>Μὰθε</strong></span> <span class='ocrx_word' id='word_1_449' title='bbox 1642 3504 1755 3571; x_wconf 80' lang='grc' dir='ltr'>οὖν,</span> 
     </span>
    </p>
   </div>
   <div class='ocr_carea' id='block_1_53' title="bbox 184 3595 1758 3669">
    <p class='ocr_par' dir='ltr' id='par_1_53' title="bbox 184 3595 1758 3669">
     <span class='ocr_line' id='line_1_53' title="bbox 184 3595 1758 3669; baseline 0 -19"><span class='ocrx_word' id='word_1_450' title='bbox 184 3598 263 3652; x_wconf 74' lang='grc' dir='ltr'><strong>ὅτι</strong></span> <span class='ocrx_word' id='word_1_451' title='bbox 304 3599 401 3652; x_wconf 74' lang='grc' dir='ltr'>καὶ</span> <span class='ocrx_word' id='word_1_452' title='bbox 450 3599 514 3652; x_wconf 85' lang='grc' dir='ltr'><strong>τὸ</strong></span> <span class='ocrx_word' id='word_1_453' title='bbox 550 3595 776 3667; x_wconf 78' lang='grc' dir='ltr'>Πνεῦμα</span> <span class='ocrx_word' id='word_1_454' title='bbox 809 3597 969 3650; x_wconf 81' lang='grc' dir='ltr'>αὐτὸν</span> <span class='ocrx_word' id='word_1_455' title='bbox 1011 3596 1321 3668; x_wconf 80' lang='grc' dir='ltr'>ἀφώρισεν,</span> <span class='ocrx_word' id='word_1_456' title='bbox 1368 3597 1443 3661; x_wconf 88' lang='grc' dir='ltr'>ὼς</span> <span class='ocrx_word' id='word_1_457' title='bbox 1483 3597 1584 3669; x_wconf 75' lang='grc' dir='ltr'><strong>ήδη</strong></span> <span class='ocrx_word' id='word_1_458' title='bbox 1620 3615 1758 3669; x_wconf 84' lang='grc' dir='ltr'>προ-</span> 
     </span>
    </p>
   </div>
   <div class='ocr_carea' id='block_1_54' title="bbox 185 3686 1757 3761">
    <p class='ocr_par' dir='ltr' id='par_1_54' title="bbox 185 3686 1757 3761">
     <span class='ocr_line' id='line_1_54' title="bbox 185 3686 1757 3761; baseline 0.003 -23"><span class='ocrx_word' id='word_1_459' title='bbox 185 3687 411 3761; x_wconf 84' lang='grc' dir='ltr'>είρηται.</span> <span class='ocrx_word' id='word_1_460' title='bbox 452 3689 773 3760; x_wconf 86' lang='grc' dir='ltr'>Γέγραπται</span> <span class='ocrx_word' id='word_1_461' title='bbox 800 3687 858 3740; x_wconf 87' lang='grc' dir='ltr'><strong>δὲ</strong></span> <span class='ocrx_word' id='word_1_462' title='bbox 907 3686 1080 3750; x_wconf 79' lang='grc' dir='ltr'>οὕτως</span> <span class='ocrx_word' id='word_1_463' title='bbox 1126 3689 1185 3741; x_wconf 78' lang='grc' dir='ltr'><strong>ἐν</strong></span> <span class='ocrx_word' id='word_1_464' title='bbox 1217 3690 1336 3753; x_wconf 86' lang='grc' dir='ltr'>ταῖς</span> <span class='ocrx_word' id='word_1_465' title='bbox 1376 3689 1612 3761; x_wconf 75' lang='grc' dir='ltr'>Πρὰξεσι</span> <span class='ocrx_word' id='word_1_466' title='bbox 1650 3689 1757 3744; x_wconf 81' lang='grc' dir='ltr'><strong>τῶν</strong></span> 
     </span>
    </p>
   </div>
   <div class='ocr_carea' id='block_1_55' title="bbox 183 3774 1759 3855">
    <p class='ocr_par' dir='ltr' id='par_1_55' title="bbox 183 3774 1759 3855">
     <span class='ocr_line' id='line_1_55' title="bbox 183 3774 1759 3855; baseline 0.001 -22"><span class='ocrx_word' id='word_1_467' title='bbox 183 3780 501 3834; x_wconf 82' lang='grc' dir='ltr'>ἀποστόλων</span> <span class='ocrx_word' id='word_1_468' title='bbox 522 3797 538 3812; x_wconf 88' lang='grc'><strong>·</strong></span> <span class='ocrx_word' id='word_1_469' title='bbox 575 3798 592 3831; x_wconf 77' lang='grc' dir='ltr'><strong>ι</strong></span> <span class='ocrx_word' id='word_1_470' title='bbox 636 3774 772 3832; x_wconf 78' lang='grc' dir='ltr'><strong>Εἶπε</strong></span> <span class='ocrx_word' id='word_1_471' title='bbox 795 3778 850 3832; x_wconf 85' lang='grc' dir='ltr'><strong>δὲ</strong></span> <span class='ocrx_word' id='word_1_472' title='bbox 868 3780 929 3833; x_wconf 83' lang='grc' dir='ltr'>τὸ</span> <span class='ocrx_word' id='word_1_473' title='bbox 945 3778 1167 3851; x_wconf 89' lang='grc' dir='ltr'>Πνεῦμα</span> <span class='ocrx_word' id='word_1_474' title='bbox 1199 3782 1408 3845; x_wconf 80' lang='grc' dir='ltr'>αὐτοῖς·</span> <span class='ocrx_word' id='word_1_475' title='bbox 1439 3781 1759 3855; x_wconf 85' lang='grc' dir='ltr'>Ἀφορίσατέ</span> 
     </span>
    </p>
   </div>
   <div class='ocr_carea' id='block_1_56' title="bbox 186 3871 1758 3947">
    <p class='ocr_par' dir='ltr' id='par_1_56' title="bbox 186 3871 1758 3947">
     <span class='ocr_line' id='line_1_56' title="bbox 186 3871 1758 3947; baseline 0.001 -21"><span class='ocrx_word' id='word_1_476' title='bbox 186 3888 270 3942; x_wconf 85' lang='grc' dir='ltr'><strong>μοι</strong></span> <span class='ocrx_word' id='word_1_477' title='bbox 300 3874 392 3927; x_wconf 83' lang='grc' dir='ltr'><strong>τὸν</strong></span> <span class='ocrx_word' id='word_1_478' title='bbox 408 3871 706 3945; x_wconf 79' lang='grc' dir='ltr'>Βαρνάϐαν</span> <span class='ocrx_word' id='word_1_479' title='bbox 720 3873 813 3926; x_wconf 80' lang='grc' dir='ltr'>καὶ</span> <span class='ocrx_word' id='word_1_480' title='bbox 837 3871 928 3925; x_wconf 82' lang='grc' dir='ltr'><strong>τὸν</strong></span> <span class='ocrx_word' id='word_1_481' title='bbox 959 3871 1168 3930; x_wconf 78' lang='grc' dir='ltr'>Σαῦλον</span> <span class='ocrx_word' id='word_1_482' title='bbox 1197 3872 1311 3943; x_wconf 53' lang='grc'><strong>(118)</strong></span> <span class='ocrx_word' id='word_1_483' title='bbox 1328 3874 1409 3938; x_wconf 89' lang='grc' dir='ltr'><strong>είς</strong></span> <span class='ocrx_word' id='word_1_484' title='bbox 1437 3874 1497 3927; x_wconf 81' lang='grc' dir='ltr'><strong>τὸ</strong></span> <span class='ocrx_word' id='word_1_485' title='bbox 1521 3874 1701 3947; x_wconf 81' lang='grc' dir='ltr'>ἔργον,</span> <span class='ocrx_word' id='word_1_486' title='bbox 1730 3874 1758 3927; x_wconf 83' lang='grc' dir='ltr'><strong>ὃ</strong></span> 
     </span>
    </p>
   </div>
   <div class='ocr_carea' id='block_1_57' title="bbox 180 3963 1759 4036">
    <p class='ocr_par' dir='ltr' id='par_1_57' title="bbox 180 3963 1759 4036">
     <span class='ocr_line' id='line_1_57' title="bbox 180 3963 1759 4036; baseline 0.002 -19"><span class='ocrx_word' id='word_1_487' title='bbox 180 3965 606 4036; x_wconf 83' lang='grc' dir='ltr'>προσκέκλημαι</span> <span class='ocrx_word' id='word_1_488' title='bbox 654 3963 868 4027; x_wconf 77' lang='grc' dir='ltr'>αὐτούς.</span> <span class='ocrx_word' id='word_1_489' title='bbox 899 3981 918 4016; x_wconf 74' lang='grc' dir='ltr'><strong>ι</strong></span> <span class='ocrx_word' id='word_1_490' title='bbox 970 3963 1193 4018; x_wconf 82' lang='grc' dir='ltr'>Μακεδ.</span> <span class='ocrx_word' id='word_1_491' title='bbox 1234 3964 1403 4034; x_wconf 84' lang='grc' dir='ltr'><strong>Κάγὼ</strong></span> <span class='ocrx_word' id='word_1_492' title='bbox 1445 3965 1620 4036; x_wconf 88' lang='grc' dir='ltr'>λέγω,</span> <span class='ocrx_word' id='word_1_493' title='bbox 1665 3965 1759 4031; x_wconf 82' lang='grc' dir='ltr'><strong>οὒς</strong></span> 
     </span>
    </p>
   </div>
   <div class='ocr_carea' id='block_1_58' title="bbox 178 4054 1758 4126">
    <p class='ocr_par' dir='ltr' id='par_1_58' title="bbox 178 4054 1758 4126">
     <span class='ocr_line' id='line_1_58' title="bbox 178 4054 1758 4126; baseline 0.003 -18"><span class='ocrx_word' id='word_1_494' title='bbox 178 4057 328 4109; x_wconf 86' lang='grc' dir='ltr'>καλεί</span> <span class='ocrx_word' id='word_1_495' title='bbox 362 4059 393 4110; x_wconf 88' lang='lat'><strong>6</strong></span> <span class='ocrx_word' id='word_1_496' title='bbox 437 4054 671 4126; x_wconf 80' lang='grc' dir='ltr'>Πατὴρ,</span> <span class='ocrx_word' id='word_1_497' title='bbox 716 4054 939 4119; x_wconf 84' lang='grc' dir='ltr'>τούτους</span> <span class='ocrx_word' id='word_1_498' title='bbox 985 4055 1141 4109; x_wconf 88' lang='grc' dir='ltr'>καλεῖ</span> <span class='ocrx_word' id='word_1_499' title='bbox 1197 4057 1290 4110; x_wconf 77' lang='grc' dir='ltr'><strong>καὶ</strong></span> <span class='ocrx_word' id='word_1_500' title='bbox 1328 4059 1357 4110; x_wconf 92' lang='lat'><strong>6</strong></span> <span class='ocrx_word' id='word_1_501' title='bbox 1390 4057 1517 4122; x_wconf 83' lang='grc' dir='ltr'>Υἱὸς</span> <span class='ocrx_word' id='word_1_502' title='bbox 1559 4060 1650 4112; x_wconf 79' lang='grc' dir='ltr'><strong>καὶ</strong></span> <span class='ocrx_word' id='word_1_503' title='bbox 1697 4058 1758 4113; x_wconf 81' lang='grc' dir='ltr'><strong>τὸ</strong></span> 
     </span>
    </p>
   </div>
   <div class='ocr_carea' id='block_1_59' title="bbox 174 4143 1757 4219">
    <p class='ocr_par' dir='ltr' id='par_1_59' title="bbox 174 4143 1757 4219">
     <span class='ocr_line' id='line_1_59' title="bbox 174 4143 1757 4219; baseline 0.003 -20"><span class='ocrx_word' id='word_1_504' title='bbox 174 4145 395 4218; x_wconf 87' lang='grc' dir='ltr'>Πνεῦμα</span> <span class='ocrx_word' id='word_1_505' title='bbox 419 4164 434 4178; x_wconf 91' lang='grc'><strong>·</strong></span> <span class='ocrx_word' id='word_1_506' title='bbox 469 4148 576 4201; x_wconf 71' lang='grc' dir='ltr'><strong>καὶ</strong></span> <span class='ocrx_word' id='word_1_507' title='bbox 601 4143 696 4208; x_wconf 86' lang='grc' dir='ltr'><strong>οὓς</strong></span> <span class='ocrx_word' id='word_1_508' title='bbox 734 4146 950 4215; x_wconf 79' lang='grc' dir='ltr'>ἁγιάζει</span> <span class='ocrx_word' id='word_1_509' title='bbox 987 4148 1016 4200; x_wconf 88' lang='grc' dir='ltr'>ὁ</span> <span class='ocrx_word' id='word_1_510' title='bbox 1046 4146 1258 4219; x_wconf 82' lang='grc' dir='ltr'>Πατὴρ,</span> <span class='ocrx_word' id='word_1_511' title='bbox 1284 4149 1507 4213; x_wconf 83' lang='grc' dir='ltr'>τούτους</span> <span class='ocrx_word' id='word_1_512' title='bbox 1543 4149 1757 4219; x_wconf 82' lang='grc' dir='ltr'>ἁγιάζει</span> 
     </span>
    </p>
   </div>
   <div class='ocr_carea' id='block_1_60' title="bbox 173 4238 1754 4312">
    <p class='ocr_par' dir='ltr' id='par_1_60' title="bbox 173 4238 1754 4312">
     <span class='ocr_line' id='line_1_60' title="bbox 173 4238 1754 4312; baseline 0.003 -21"><span class='ocrx_word' id='word_1_513' title='bbox 173 4238 343 4292; x_wconf 75' lang='grc' dir='ltr'>καὶτὸ</span> <span class='ocrx_word' id='word_1_514' title='bbox 371 4240 634 4311; x_wconf 81' lang='grc' dir='ltr'>Πνεῦμα,</span> <span class='ocrx_word' id='word_1_515' title='bbox 659 4238 774 4293; x_wconf 82' lang='grc' dir='ltr'>ἀλλ’</span> <span class='ocrx_word' id='word_1_516' title='bbox 802 4241 863 4294; x_wconf 87' lang='grc' dir='ltr'>οὐ</span> <span class='ocrx_word' id='word_1_517' title='bbox 890 4241 1064 4306; x_wconf 71' lang='grc' dir='ltr'>κτίζει</span> <span class='ocrx_word' id='word_1_518' title='bbox 1099 4243 1161 4296; x_wconf 85' lang='grc' dir='ltr'>τὸ</span> <span class='ocrx_word' id='word_1_519' title='bbox 1189 4241 1431 4312; x_wconf 88' lang='grc' dir='ltr'>Πνεῦμα.</span> <span class='ocrx_word' id='word_1_520' title='bbox 1476 4242 1627 4311; x_wconf 79' lang='grc' dir='ltr'>Ὀρθ.</span> <span class='ocrx_word' id='word_1_521' title='bbox 1656 4241 1754 4295; x_wconf 83' lang='grc' dir='ltr'><strong>Δέ-</strong></span> 
     </span>
    </p>
   </div>
   <div class='ocr_carea' id='block_1_61' title="bbox 168 4327 1757 4407">
    <p class='ocr_par' dir='ltr' id='par_1_61' title="bbox 168 4327 1757 4407">
     <span class='ocr_line' id='line_1_61' title="bbox 168 4327 1757 4407; baseline 0.003 -23"><span class='ocrx_word' id='word_1_522' title='bbox 168 4327 394 4397; x_wconf 80' lang='grc' dir='ltr'>δεικται,</span> <span class='ocrx_word' id='word_1_523' title='bbox 429 4334 520 4387; x_wconf 84' lang='grc' dir='ltr'>ὅτι</span> <span class='ocrx_word' id='word_1_524' title='bbox 545 4332 727 4396; x_wconf 80' lang='grc' dir='ltr'>κτίζει</span> <span class='ocrx_word' id='word_1_525' title='bbox 758 4332 822 4387; x_wconf 81' lang='grc' dir='ltr'><strong>τὸ</strong></span> <span class='ocrx_word' id='word_1_526' title='bbox 857 4333 1102 4406; x_wconf 85' lang='grc' dir='ltr'>Πνεῦμα.</span> <span class='ocrx_word' id='word_1_527' title='bbox 1146 4333 1365 4407; x_wconf 83' lang='grc' dir='ltr'>Ηὺρέθη</span> <span class='ocrx_word' id='word_1_528' title='bbox 1410 4334 1517 4407; x_wconf 79' lang='grc' dir='ltr'>γὰρ</span> <span class='ocrx_word' id='word_1_529' title='bbox 1545 4337 1579 4407; x_wconf 81' lang='grc' dir='ltr'><strong>ἡ</strong></span> <span class='ocrx_word' id='word_1_530' title='bbox 1627 4333 1757 4403; x_wconf 87' lang='grc' dir='ltr'>ἁγία</span> 
     </span>
    </p>
   </div>
   <div class='ocr_carea' id='block_1_62' title="bbox 1869 1959 3432 2036">
    <p class='ocr_par' dir='ltr' id='par_1_62' title="bbox 1869 1959 3432 2036">
     <span class='ocr_line' id='line_1_62' title="bbox 1869 1959 3432 2036; baseline 0.004 -23"><span class='ocrx_word' id='word_1_531' title='bbox 1869 1959 1995 2014; x_wconf 89' lang='lat' dir='ltr'><strong>audi</strong></span> <span class='ocrx_word' id='word_1_532' title='bbox 2018 1968 2200 2015; x_wconf 90' lang='lat' dir='ltr'><strong>ortum</strong></span> <span class='ocrx_word' id='word_1_533' title='bbox 2228 1964 2435 2033; x_wconf 91' lang='lat' dir='ltr'><strong>templi,</strong></span> <span class='ocrx_word' id='word_1_534' title='bbox 2458 1973 2511 2019; x_wconf 93' lang='lat' dir='ltr'><strong>et</strong></span> <span class='ocrx_word' id='word_1_535' title='bbox 2539 1973 2728 2036; x_wconf 91' lang='lat' dir='ltr'><strong>postea</strong></span> <span class='ocrx_word' id='word_1_536' title='bbox 2758 1964 2976 2020; x_wconf 90' lang='lat' dir='ltr'><strong>demum</strong></span> <span class='ocrx_word' id='word_1_537' title='bbox 3005 1964 3432 2035; x_wconf 73' lang='lat' dir='ltr'><strong>generationem.</strong></span> 
     </span>
    </p>
   </div>
   <div class='ocr_carea' id='block_1_63' title="bbox 1867 2049 3436 2126">
    <p class='ocr_par' dir='ltr' id='par_1_63' title="bbox 1867 2049 3436 2126">
     <span class='ocr_line' id='line_1_63' title="bbox 1867 2049 3436 2126; baseline 0.001 -22"><span class='ocrx_word' id='word_1_538' title='bbox 1867 2049 2002 2105; x_wconf 84' lang='lat' dir='ltr'><strong>Nam</strong></span> <span class='ocrx_word' id='word_1_539' title='bbox 2034 2060 2087 2106; x_wconf 90' lang='lat' dir='ltr'><strong>et</strong></span> <span class='ocrx_word' id='word_1_540' title='bbox 2126 2068 2229 2109; x_wconf 88' lang='lat' dir='ltr'><strong>nos</strong></span> <span class='ocrx_word' id='word_1_541' title='bbox 2269 2054 2520 2111; x_wconf 88' lang='lat' dir='ltr'><strong>homines</strong></span> <span class='ocrx_word' id='word_1_542' title='bbox 2558 2057 2793 2126; x_wconf 89' lang='lat' dir='ltr'><strong>primum</strong></span> <span class='ocrx_word' id='word_1_543' title='bbox 2828 2055 3091 2111; x_wconf 78' lang='lat' dir='ltr'><strong>efﬁcimur</strong></span> <span class='ocrx_word' id='word_1_544' title='bbox 3134 2062 3194 2108; x_wconf 89' lang='lat' dir='ltr'><strong>ut</strong></span> <span class='ocrx_word' id='word_1_545' title='bbox 3226 2055 3297 2108; x_wconf 80' lang='lat' dir='ltr'><strong>al)</strong></span> <span class='ocrx_word' id='word_1_546' title='bbox 3319 2054 3436 2121; x_wconf 91' lang='lat' dir='ltr'><strong>opi-</strong></span> 
     </span>
    </p>
   </div>
   <div class='ocr_carea' id='block_1_64' title="bbox 1868 2142 3431 2217">
    <p class='ocr_par' dir='ltr' id='par_1_64' title="bbox 1868 2142 3431 2217">
     <span class='ocr_line' id='line_1_64' title="bbox 1868 2142 3431 2217; baseline 0.001 -20"><span class='ocrx_word' id='word_1_547' title='bbox 1868 2142 1969 2199; x_wconf 84' lang='lat' dir='ltr'><strong>lice</strong></span> <span class='ocrx_word' id='word_1_548' title='bbox 2006 2153 2059 2199; x_wconf 90' lang='lat' dir='ltr'><strong>et</strong></span> <span class='ocrx_word' id='word_1_549' title='bbox 2105 2145 2410 2211; x_wconf 89' lang='lat' dir='ltr'><strong>conditore,</strong></span> <span class='ocrx_word' id='word_1_550' title='bbox 2439 2146 2640 2202; x_wconf 89' lang='lat' dir='ltr'><strong>deinde</strong></span> <span class='ocrx_word' id='word_1_551' title='bbox 2685 2147 2765 2202; x_wconf 91' lang='lat' dir='ltr'><strong>sic</strong></span> <span class='ocrx_word' id='word_1_552' title='bbox 2810 2146 3084 2217; x_wconf 75' lang='lat' dir='ltr'><strong>gignimur</strong></span> <span class='ocrx_word' id='word_1_553' title='bbox 3118 2145 3431 2215; x_wconf 88' lang='lat' dir='ltr'><strong>improprie.</strong></span> 
     </span>
    </p>
   </div>
   <div class='ocr_carea' id='block_1_65' title="bbox 1869 2233 3432 2308">
    <p class='ocr_par' dir='ltr' id='par_1_65' title="bbox 1869 2233 3432 2308">
     <span class='ocr_line' id='line_1_65' title="bbox 1869 2233 3432 2308; baseline 0 -19"><span class='ocrx_word' id='word_1_554' title='bbox 1869 2233 2001 2289; x_wconf 91' lang='lat' dir='ltr'><strong>lllud</strong></span> <span class='ocrx_word' id='word_1_555' title='bbox 2029 2235 2197 2299; x_wconf 89' lang='lat' dir='ltr'><strong>enim,</strong></span> <span class='ocrx_word' id='word_1_556' title='bbox 2227 2256 2245 2288; x_wconf 77' lang='grc' dir='ltr'><strong>ι</strong></span> <span class='ocrx_word' id='word_1_557' title='bbox 2270 2235 2438 2291; x_wconf 87' lang='lat' dir='ltr'><strong>Filios</strong></span> <span class='ocrx_word' id='word_1_558' title='bbox 2466 2238 2649 2308; x_wconf 83' lang='lat' dir='ltr'><strong>genui,</strong></span> <span class='ocrx_word' id='word_1_559' title='bbox 2683 2249 2735 2293; x_wconf 90' lang='lat' dir='ltr'><strong>et</strong></span> <span class='ocrx_word' id='word_1_560' title='bbox 2754 2238 2984 2292; x_wconf 73' lang='lat' dir='ltr'><strong>exaltari</strong></span> <span class='ocrx_word' id='word_1_561' title='bbox 3008 2238 3073 2303; x_wconf 69' lang='grc' dir='ltr'><strong>⁸ο,</strong></span> <span class='ocrx_word' id='word_1_562' title='bbox 3093 2254 3112 2288; x_wconf 72' lang='grc' dir='ltr'><strong>ι</strong></span> <span class='ocrx_word' id='word_1_563' title='bbox 3132 2246 3277 2292; x_wconf 89' lang='lat' dir='ltr'><strong>certe</strong></span> <span class='ocrx_word' id='word_1_564' title='bbox 3290 2237 3432 2291; x_wconf 86' lang='lat' dir='ltr'><strong>scri-</strong></span> 
     </span>
    </p>
   </div>
   <div class='ocr_carea' id='block_1_66' title="bbox 1868 2326 3433 2399">
    <p class='ocr_par' dir='ltr' id='par_1_66' title="bbox 1868 2326 3433 2399">
     <span class='ocr_line' id='line_1_66' title="bbox 1868 2326 3433 2399; baseline 0.002 -18"><span class='ocrx_word' id='word_1_565' title='bbox 1868 2334 2020 2398; x_wconf 89' lang='lat' dir='ltr'><strong>ptum</strong></span> <span class='ocrx_word' id='word_1_566' title='bbox 2054 2337 2160 2395; x_wconf 84' lang='lat' dir='ltr'><strong>est,</strong></span> <span class='ocrx_word' id='word_1_567' title='bbox 2197 2345 2308 2383; x_wconf 91' lang='lat' dir='ltr'><strong>non</strong></span> <span class='ocrx_word' id='word_1_568' title='bbox 2350 2330 2697 2394; x_wconf 88' lang='lat' dir='ltr'><strong>naturaliter,</strong></span> <span class='ocrx_word' id='word_1_569' title='bbox 2726 2329 2822 2384; x_wconf 89' lang='lat' dir='ltr'><strong>sed</strong></span> <span class='ocrx_word' id='word_1_570' title='bbox 2862 2329 3180 2399; x_wconf 88' lang='lat' dir='ltr'><strong>improprie.</strong></span> <span class='ocrx_word' id='word_1_571' title='bbox 3221 2326 3433 2384; x_wconf 82' lang='lat' dir='ltr'><strong>Maced.</strong></span> 
     </span>
    </p>
   </div>
   <div class='ocr_carea' id='block_1_67' title="bbox 1870 2416 3435 2489">
    <p class='ocr_par' dir='ltr' id='par_1_67' title="bbox 1870 2416 3435 2489">
     <span class='ocr_line' id='line_1_67' title="bbox 1870 2416 3435 2489; baseline -0.001 -18"><span class='ocrx_word' id='word_1_572' title='bbox 1870 2416 2155 2483; x_wconf 85' lang='lat' dir='ltr'><strong>Quomodo</strong></span> <span class='ocrx_word' id='word_1_573' title='bbox 2206 2419 2345 2473; x_wconf 79' lang='lat' dir='ltr'><strong>dixit</strong></span> <span class='ocrx_word' id='word_1_574' title='bbox 2395 2417 2703 2473; x_wconf 89' lang='lat' dir='ltr'><strong>Salomon:</strong></span> <span class='ocrx_word' id='word_1_575' title='bbox 2768 2417 3091 2489; x_wconf 68' lang='lat' dir='ltr'><strong>«Sapientia</strong></span> <span class='ocrx_word' id='word_1_576' title='bbox 3144 2417 3435 2472; x_wconf 67' lang='lat' dir='ltr'><strong>aediﬁcavit</strong></span> 
     </span>
    </p>
   </div>
   <div class='ocr_carea' id='block_1_68' title="bbox 1868 2505 3433 2577">
    <p class='ocr_par' dir='ltr' id='par_1_68' title="bbox 1868 2505 3433 2577">
     <span class='ocr_line' id='line_1_68' title="bbox 1868 2505 3433 2577; baseline -0.003 -13"><span class='ocrx_word' id='word_1_577' title='bbox 1868 2508 1972 2564; x_wconf 84' lang='lat' dir='ltr'><strong>sibi</strong></span> <span class='ocrx_word' id='word_1_578' title='bbox 1992 2509 2214 2563; x_wconf 90' lang='lat' dir='ltr'><strong>domum</strong></span> <span class='ocrx_word' id='word_1_579' title='bbox 2230 2509 2272 2541; x_wconf 73' lang='lat'>&quot;</span> <span class='ocrx_word' id='word_1_580' title='bbox 2292 2510 2315 2563; x_wconf 85' lang='lat'><strong>?</strong></span> <span class='ocrx_word' id='word_1_581' title='bbox 2337 2530 2353 2560; x_wconf 73' lang='grc' dir='ltr'><strong>ι</strong></span> <span class='ocrx_word' id='word_1_582' title='bbox 2380 2508 2533 2564; x_wconf 84' lang='lat' dir='ltr'><strong>Orth.</strong></span> <span class='ocrx_word' id='word_1_583' title='bbox 2563 2508 2857 2563; x_wconf 77' lang='lat' dir='ltr'><strong>Enimvero</strong></span> <span class='ocrx_word' id='word_1_584' title='bbox 2889 2508 2993 2561; x_wconf 82' lang='lat' dir='ltr'><strong>hoc</strong></span> <span class='ocrx_word' id='word_1_585' title='bbox 3027 2506 3160 2561; x_wconf 92' lang='lat' dir='ltr'><strong>illud</strong></span> <span class='ocrx_word' id='word_1_586' title='bbox 3189 2514 3272 2562; x_wconf 89' lang='lat' dir='ltr'><strong>est</strong></span> <span class='ocrx_word' id='word_1_587' title='bbox 3286 2505 3433 2577; x_wconf 87' lang='lat' dir='ltr'><strong>quod</strong></span> 
     </span>
    </p>
   </div>
   <div class='ocr_carea' id='block_1_69' title="bbox 1867 2596 3434 2671">
    <p class='ocr_par' dir='ltr' id='par_1_69' title="bbox 1867 2596 3434 2671">
     <span class='ocr_line' id='line_1_69' title="bbox 1867 2596 3434 2671; baseline -0.002 -17"><span class='ocrx_word' id='word_1_588' title='bbox 1867 2599 2010 2665; x_wconf 87' lang='lat' dir='ltr'><strong>dico,</strong></span> <span class='ocrx_word' id='word_1_589' title='bbox 2061 2600 2245 2654; x_wconf 87' lang='lat' dir='ltr'><strong>omnia</strong></span> <span class='ocrx_word' id='word_1_590' title='bbox 2288 2600 2544 2657; x_wconf 73' lang='lat' dir='ltr'><strong>videlicet</strong></span> <span class='ocrx_word' id='word_1_591' title='bbox 2588 2614 2751 2671; x_wconf 85' lang='lat' dir='ltr'><strong>opera</strong></span> <span class='ocrx_word' id='word_1_592' title='bbox 2788 2614 2910 2655; x_wconf 87' lang='lat' dir='ltr'><strong>esse</strong></span> <span class='ocrx_word' id='word_1_593' title='bbox 2950 2597 3161 2660; x_wconf 85' lang='lat' dir='ltr'><strong>Patris,</strong></span> <span class='ocrx_word' id='word_1_594' title='bbox 3208 2596 3329 2651; x_wconf 87' lang='lat' dir='ltr'><strong>Filii</strong></span> <span class='ocrx_word' id='word_1_595' title='bbox 3376 2605 3434 2652; x_wconf 88' lang='lat' dir='ltr'><strong>et</strong></span> 
     </span>
    </p>
   </div>
   <div class='ocr_carea' id='block_1_70' title="bbox 1869 2687 3432 2760">
    <p class='ocr_par' dir='ltr' id='par_1_70' title="bbox 1869 2687 3432 2760">
     <span class='ocr_line' id='line_1_70' title="bbox 1869 2687 3432 2760; baseline -0.001 -18"><span class='ocrx_word' id='word_1_596' title='bbox 1869 2689 2106 2759; x_wconf 90' lang='lat' dir='ltr'><strong>Spiritus</strong></span> <span class='ocrx_word' id='word_1_597' title='bbox 2149 2691 2347 2754; x_wconf 88' lang='lat' dir='ltr'><strong>sancti,</strong></span> <span class='ocrx_word' id='word_1_598' title='bbox 2392 2690 2626 2760; x_wconf 89' lang='lat' dir='ltr'><strong>ideoque</strong></span> <span class='ocrx_word' id='word_1_599' title='bbox 2670 2688 2831 2744; x_wconf 92' lang='lat' dir='ltr'><strong>modo</strong></span> <span class='ocrx_word' id='word_1_600' title='bbox 2872 2688 3049 2743; x_wconf 83' lang='lat' dir='ltr'><strong>Patris</strong></span> <span class='ocrx_word' id='word_1_601' title='bbox 3083 2688 3229 2752; x_wconf 91' lang='lat' dir='ltr'><strong>dici,</strong></span> <span class='ocrx_word' id='word_1_602' title='bbox 3267 2687 3432 2742; x_wconf 86' lang='lat' dir='ltr'><strong>modo</strong></span> 
     </span>
    </p>
   </div>
   <div class='ocr_carea' id='block_1_71' title="bbox 1866 2774 3432 2848">
    <p class='ocr_par' dir='ltr' id='par_1_71' title="bbox 1866 2774 3432 2848">
     <span class='ocr_line' id='line_1_71' title="bbox 1866 2774 3432 2848; baseline 0.001 -16"><span class='ocrx_word' id='word_1_603' title='bbox 1866 2774 2012 2843; x_wconf 70' lang='lat' dir='ltr'><strong>Filii,</strong></span> <span class='ocrx_word' id='word_1_604' title='bbox 2056 2779 2221 2833; x_wconf 90' lang='lat' dir='ltr'><strong>modo</strong></span> <span class='ocrx_word' id='word_1_605' title='bbox 2255 2777 2492 2848; x_wconf 89' lang='lat' dir='ltr'><strong>Spiritus</strong></span> <span class='ocrx_word' id='word_1_606' title='bbox 2534 2780 2734 2834; x_wconf 87' lang='lat' dir='ltr'><strong>sancti.</strong></span> <span class='ocrx_word' id='word_1_607' title='bbox 2773 2777 3055 2848; x_wconf 89' lang='lat' dir='ltr'><strong>Siquidem</strong></span> <span class='ocrx_word' id='word_1_608' title='bbox 3093 2775 3298 2833; x_wconf 91' lang='lat' dir='ltr'><strong>Paulus</strong></span> <span class='ocrx_word' id='word_1_609' title='bbox 3337 2777 3432 2833; x_wconf 84' lang='lat' dir='ltr'><strong>ille</strong></span> 
     </span>
    </p>
   </div>
   <div class='ocr_carea' id='block_1_72' title="bbox 1867 2868 3432 2941">
    <p class='ocr_par' dir='ltr' id='par_1_72' title="bbox 1867 2868 3432 2941">
     <span class='ocr_line' id='line_1_72' title="bbox 1867 2868 3432 2941; baseline -0.003 -15"><span class='ocrx_word' id='word_1_610' title='bbox 1867 2879 2092 2927; x_wconf 89' lang='lat' dir='ltr'><strong>sanctus</strong></span> <span class='ocrx_word' id='word_1_611' title='bbox 2142 2869 2444 2941; x_wconf 87' lang='lat' dir='ltr'><strong>apostolus,</strong></span> <span class='ocrx_word' id='word_1_612' title='bbox 2493 2871 2670 2941; x_wconf 86' lang='lat' dir='ltr'><strong>inquit</strong></span> <span class='ocrx_word' id='word_1_613' title='bbox 2712 2885 2725 2921; x_wconf 90' lang='lat'>:</span> <span class='ocrx_word' id='word_1_614' title='bbox 2766 2869 2943 2923; x_wconf 68' lang='lat' dir='ltr'><strong>«Cum</strong></span> <span class='ocrx_word' id='word_1_615' title='bbox 3000 2876 3181 2924; x_wconf 87' lang='lat' dir='ltr'><strong>autem</strong></span> <span class='ocrx_word' id='word_1_616' title='bbox 3227 2868 3432 2938; x_wconf 85' lang='lat' dir='ltr'><strong>placuit</strong></span> 
     </span>
    </p>
   </div>
   <div class='ocr_carea' id='block_1_73' title="bbox 1865 2962 3431 3034">
    <p class='ocr_par' dir='ltr' id='par_1_73' title="bbox 1865 2962 3431 3034">
     <span class='ocr_line' id='line_1_73' title="bbox 1865 2962 3431 3034; baseline 0 -19"><span class='ocrx_word' id='word_1_617' title='bbox 1865 2962 1999 3029; x_wconf 78' lang='lat' dir='ltr'><strong>Deo,</strong></span> <span class='ocrx_word' id='word_1_618' title='bbox 2027 2964 2119 3033; x_wconf 92' lang='lat' dir='ltr'><strong>qui</strong></span> <span class='ocrx_word' id='word_1_619' title='bbox 2154 2979 2239 3018; x_wconf 91' lang='lat' dir='ltr'><strong>me</strong></span> <span class='ocrx_word' id='word_1_620' title='bbox 2290 2964 2595 3034; x_wconf 84' lang='lat' dir='ltr'><strong>segregavit</strong></span> <span class='ocrx_word' id='word_1_621' title='bbox 2638 2978 2703 3019; x_wconf 79' lang='lat' dir='ltr'><strong>ex</strong></span> <span class='ocrx_word' id='word_1_622' title='bbox 2737 2971 2893 3017; x_wconf 90' lang='lat' dir='ltr'><strong>utero</strong></span> <span class='ocrx_word' id='word_1_623' title='bbox 2939 2962 3131 3016; x_wconf 86' lang='lat' dir='ltr'><strong>matris</strong></span> <span class='ocrx_word' id='word_1_624' title='bbox 3173 2977 3325 3027; x_wconf 63' lang='lat' dir='ltr'><strong>mete,</strong></span> <span class='ocrx_word' id='word_1_625' title='bbox 3372 2968 3431 3015; x_wconf 90' lang='lat' dir='ltr'><strong>ut</strong></span> 
     </span>
    </p>
   </div>
   <div class='ocr_carea' id='block_1_74' title="bbox 1865 3052 3430 3122">
    <p class='ocr_par' dir='ltr' id='par_1_74' title="bbox 1865 3052 3430 3122">
     <span class='ocr_line' id='line_1_74' title="bbox 1865 3052 3430 3122; baseline -0.003 -13"><span class='ocrx_word' id='word_1_626' title='bbox 1865 3058 2131 3111; x_wconf 84' lang='lat' dir='ltr'><strong>revelaret</strong></span> <span class='ocrx_word' id='word_1_627' title='bbox 2152 3053 2350 3110; x_wconf 89' lang='lat' dir='ltr'><strong>Filium</strong></span> <span class='ocrx_word' id='word_1_628' title='bbox 2381 3070 2538 3111; x_wconf 87' lang='lat' dir='ltr'><strong>suum</strong></span> <span class='ocrx_word' id='word_1_629' title='bbox 2569 3054 2623 3109; x_wconf 90' lang='lat' dir='ltr'><strong>in</strong></span> <span class='ocrx_word' id='word_1_630' title='bbox 2648 3070 2732 3109; x_wconf 90' lang='lat' dir='ltr'><strong>me</strong></span> <span class='ocrx_word' id='word_1_631' title='bbox 2752 3054 2828 3122; x_wconf 75' lang='lat'><strong>“;</strong></span> <span class='ocrx_word' id='word_1_632' title='bbox 2856 3072 2874 3105; x_wconf 76' lang='grc' dir='ltr'><strong>ι</strong></span> <span class='ocrx_word' id='word_1_633' title='bbox 2896 3060 2950 3108; x_wconf 90' lang='lat' dir='ltr'><strong>et</strong></span> <span class='ocrx_word' id='word_1_634' title='bbox 2972 3053 3088 3122; x_wconf 90' lang='lat' dir='ltr'><strong>ipse</strong></span> <span class='ocrx_word' id='word_1_635' title='bbox 3109 3068 3324 3108; x_wconf 91' lang='lat' dir='ltr'><strong>rursum</strong></span> <span class='ocrx_word' id='word_1_636' title='bbox 3347 3052 3430 3107; x_wconf 88' lang='lat' dir='ltr'><strong>di-</strong></span> 
     </span>
    </p>
   </div>
   <div class='ocr_carea' id='block_1_75' title="bbox 1865 3145 3429 3215">
    <p class='ocr_par' dir='ltr' id='par_1_75' title="bbox 1865 3145 3429 3215">
     <span class='ocr_line' id='line_1_75' title="bbox 1865 3145 3429 3215; baseline 0 -16"><span class='ocrx_word' id='word_1_637' title='bbox 1865 3146 1941 3200; x_wconf 84' lang='lat' dir='ltr'><strong>cit</strong></span> <span class='ocrx_word' id='word_1_638' title='bbox 1974 3164 1987 3201; x_wconf 93' lang='lat'><strong>:</strong></span> <span class='ocrx_word' id='word_1_639' title='bbox 2024 3164 2043 3197; x_wconf 81' lang='grc' dir='ltr'><strong>ι</strong></span> <span class='ocrx_word' id='word_1_640' title='bbox 2076 3145 2280 3202; x_wconf 91' lang='lat' dir='ltr'><strong>Paulus</strong></span> <span class='ocrx_word' id='word_1_641' title='bbox 2302 3161 2491 3203; x_wconf 88' lang='lat' dir='ltr'><strong>servus</strong></span> <span class='ocrx_word' id='word_1_642' title='bbox 2514 3145 2642 3202; x_wconf 87' lang='lat' dir='ltr'><strong>Jesu</strong></span> <span class='ocrx_word' id='word_1_643' title='bbox 2693 3145 2918 3208; x_wconf 87' lang='lat' dir='ltr'><strong>Christi,</strong></span> <span class='ocrx_word' id='word_1_644' title='bbox 2942 3153 3169 3200; x_wconf 90' lang='lat' dir='ltr'><strong>vocatus</strong></span> <span class='ocrx_word' id='word_1_645' title='bbox 3191 3145 3429 3215; x_wconf 82' lang='lat' dir='ltr'><strong>Aposto-</strong></span> 
     </span>
    </p>
   </div>
   <div class='ocr_carea' id='block_1_76' title="bbox 1866 3220 3471 3310">
    <p class='ocr_par' dir='ltr' id='par_1_76' title="bbox 1866 3220 3471 3310">
     <span class='ocr_line' id='line_1_76' title="bbox 1866 3220 3471 3310; baseline -0.002 -18"><span class='ocrx_word' id='word_1_646' title='bbox 1866 3240 1972 3302; x_wconf 90' lang='lat' dir='ltr'><strong>lus,</strong></span> <span class='ocrx_word' id='word_1_647' title='bbox 2004 3246 2322 3310; x_wconf 78' lang='lat' dir='ltr'><strong>segregatus</strong></span> <span class='ocrx_word' id='word_1_648' title='bbox 2341 3239 2396 3292; x_wconf 90' lang='lat' dir='ltr'><strong>in</strong></span> <span class='ocrx_word' id='word_1_649' title='bbox 2413 3236 2766 3309; x_wconf 86' lang='lat' dir='ltr'><strong>Evangelium</strong></span> <span class='ocrx_word' id='word_1_650' title='bbox 2794 3236 2888 3292; x_wconf 90' lang='lat' dir='ltr'><strong>Dei</strong></span> <span class='ocrx_word' id='word_1_651' title='bbox 2906 3236 3005 3291; x_wconf 72' lang='grc'><strong>⁸⁸.»</strong></span> <span class='ocrx_word' id='word_1_652' title='bbox 3040 3233 3252 3290; x_wconf 74' lang='lat' dir='ltr'><strong>Maced.</strong></span> <span class='ocrx_word' id='word_1_653' title='bbox 3287 3220 3471 3300; x_wconf 61' lang='lat' dir='ltr'><strong>Quid.</strong></span> 
     </span>
    </p>
   </div>
   <div class='ocr_carea' id='block_1_77' title="bbox 1859 3330 3427 3392">
    <p class='ocr_par' dir='ltr' id='par_1_77' title="bbox 1859 3330 3427 3392">
     <span class='ocr_line' id='line_1_77' title="bbox 1859 3330 3427 3392; baseline -0.001 -7"><span class='ocrx_word' id='word_1_654' title='bbox 1859 3346 1927 3386; x_wconf 79' lang='lat' dir='ltr'><strong>ex</strong></span> <span class='ocrx_word' id='word_1_655' title='bbox 1966 3332 2067 3387; x_wconf 91' lang='lat' dir='ltr'><strong>hoc</strong></span> <span class='ocrx_word' id='word_1_656' title='bbox 2132 3332 2405 3388; x_wconf 70' lang='lat' dir='ltr'><strong>edicitur?</strong></span> <span class='ocrx_word' id='word_1_657' title='bbox 2461 3331 2615 3388; x_wconf 84' lang='lat' dir='ltr'><strong>Orth.</strong></span> <span class='ocrx_word' id='word_1_658' title='bbox 2676 3330 2813 3386; x_wconf 80' lang='lat' dir='ltr'><strong>Volo</strong></span> <span class='ocrx_word' id='word_1_659' title='bbox 2870 3330 2969 3386; x_wconf 88' lang='lat' dir='ltr'><strong>tibi</strong></span> <span class='ocrx_word' id='word_1_660' title='bbox 3023 3330 3427 3392; x_wconf 84' lang='lat' dir='ltr'><strong>demonstrare,</strong></span> 
     </span>
    </p>
   </div>
   <div class='ocr_carea' id='block_1_78' title="bbox 1859 3420 3424 3493">
    <p class='ocr_par' dir='ltr' id='par_1_78' title="bbox 1859 3420 3424 3493">
     <span class='ocr_line' id='line_1_78' title="bbox 1859 3420 3424 3493; baseline -0.002 -16"><span class='ocrx_word' id='word_1_661' title='bbox 1859 3422 2087 3479; x_wconf 70' lang='lat' dir='ltr'><strong>Patrium</strong></span> <span class='ocrx_word' id='word_1_662' title='bbox 2113 3423 2295 3479; x_wconf 91' lang='lat' dir='ltr'><strong>dicere</strong></span> <span class='ocrx_word' id='word_1_663' title='bbox 2318 3438 2376 3479; x_wconf 86' lang='lat' dir='ltr'><strong>se</strong></span> <span class='ocrx_word' id='word_1_664' title='bbox 2397 3422 2654 3492; x_wconf 86' lang='lat' dir='ltr'><strong>quiddam</strong></span> <span class='ocrx_word' id='word_1_665' title='bbox 2683 3438 2806 3479; x_wconf 83' lang='lat' dir='ltr'><strong>esse</strong></span> <span class='ocrx_word' id='word_1_666' title='bbox 2834 3428 3177 3493; x_wconf 85' lang='lat' dir='ltr'><strong>segregatum</strong></span> <span class='ocrx_word' id='word_1_667' title='bbox 3202 3420 3363 3474; x_wconf 89' lang='lat' dir='ltr'><strong>modo</strong></span> <span class='ocrx_word' id='word_1_668' title='bbox 3393 3434 3424 3474; x_wconf 88' lang='lat' dir='ltr'><strong>a</strong></span> 
     </span>
    </p>
   </div>
   <div class='ocr_carea' id='block_1_79' title="bbox 1860 3511 3423 3583">
    <p class='ocr_par' dir='ltr' id='par_1_79' title="bbox 1860 3511 3423 3583">
     <span class='ocr_line' id='line_1_79' title="bbox 1860 3511 3423 3583; baseline -0.003 -12"><span class='ocrx_word' id='word_1_669' title='bbox 1860 3515 2043 3581; x_wconf 85' lang='lat' dir='ltr'><strong>Patre,</strong></span> <span class='ocrx_word' id='word_1_670' title='bbox 2073 3516 2234 3572; x_wconf 90' lang='lat' dir='ltr'><strong>modo</strong></span> <span class='ocrx_word' id='word_1_671' title='bbox 2262 3530 2293 3570; x_wconf 91' lang='lat' dir='ltr'><strong>a</strong></span> <span class='ocrx_word' id='word_1_672' title='bbox 2332 3515 2490 3570; x_wconf 89' lang='lat' dir='ltr'><strong>Filio.</strong></span> <span class='ocrx_word' id='word_1_673' title='bbox 2549 3514 2757 3569; x_wconf 74' lang='lat' dir='ltr'><strong>Mat-ed.</strong></span> <span class='ocrx_word' id='word_1_674' title='bbox 2789 3514 2929 3568; x_wconf 81' lang='lat' dir='ltr'><strong>Num</strong></span> <span class='ocrx_word' id='word_1_675' title='bbox 2960 3515 3122 3568; x_wconf 87' lang='lat' dir='ltr'><strong>etiam</strong></span> <span class='ocrx_word' id='word_1_676' title='bbox 3154 3527 3184 3566; x_wconf 91' lang='lat' dir='ltr'><strong>a</strong></span> <span class='ocrx_word' id='word_1_677' title='bbox 3214 3511 3423 3583; x_wconf 88' lang='lat' dir='ltr'><strong>Spiritu</strong></span> 
     </span>
    </p>
   </div>
   <div class='ocr_carea' id='block_1_80' title="bbox 1859 3601 3426 3673">
    <p class='ocr_par' dir='ltr' id='par_1_80' title="bbox 1859 3601 3426 3673">
     <span class='ocr_line' id='line_1_80' title="bbox 1859 3601 3426 3673; baseline -0.003 -12"><span class='ocrx_word' id='word_1_678' title='bbox 1859 3604 2091 3661; x_wconf 77' lang='lat' dir='ltr'><strong>sancto?</strong></span> <span class='ocrx_word' id='word_1_679' title='bbox 2140 3604 2293 3661; x_wconf 76' lang='lat' dir='ltr'><strong>01th.</strong></span> <span class='ocrx_word' id='word_1_680' title='bbox 2353 3603 2511 3659; x_wconf 68' lang='lat' dir='ltr'><strong>hisee</strong></span> <span class='ocrx_word' id='word_1_681' title='bbox 2563 3604 2729 3673; x_wconf 86' lang='lat' dir='ltr'><strong>igitur</strong></span> <span class='ocrx_word' id='word_1_682' title='bbox 2784 3601 2931 3673; x_wconf 90' lang='lat' dir='ltr'><strong>quod</strong></span> <span class='ocrx_word' id='word_1_683' title='bbox 2981 3602 3144 3658; x_wconf 90' lang='lat' dir='ltr'><strong>etiam</strong></span> <span class='ocrx_word' id='word_1_684' title='bbox 3190 3601 3426 3672; x_wconf 87' lang='lat' dir='ltr'><strong>Spiritus</strong></span> 
     </span>
    </p>
   </div>
   <div class='ocr_carea' id='block_1_81' title="bbox 1858 3691 3422 3768">
    <p class='ocr_par' dir='ltr' id='par_1_81' title="bbox 1858 3691 3422 3768">
     <span class='ocr_line' id='line_1_81' title="bbox 1858 3691 3422 3768; baseline -0.004 -15"><span class='ocrx_word' id='word_1_685' title='bbox 1858 3707 2085 3754; x_wconf 86' lang='lat' dir='ltr'><strong>sanctus</strong></span> <span class='ocrx_word' id='word_1_686' title='bbox 2111 3697 2290 3768; x_wconf 88' lang='lat' dir='ltr'><strong>ipsum</strong></span> <span class='ocrx_word' id='word_1_687' title='bbox 2321 3694 2640 3766; x_wconf 82' lang='lat' dir='ltr'><strong>segregarit.</strong></span> <span class='ocrx_word' id='word_1_688' title='bbox 2671 3700 2729 3746; x_wconf 94' lang='lat' dir='ltr'><strong>ut</strong></span> <span class='ocrx_word' id='word_1_689' title='bbox 2749 3693 2861 3762; x_wconf 88' lang='lat' dir='ltr'><strong>jam</strong></span> <span class='ocrx_word' id='word_1_690' title='bbox 2887 3700 3051 3746; x_wconf 84' lang='lat' dir='ltr'><strong>antea</strong></span> <span class='ocrx_word' id='word_1_691' title='bbox 3081 3691 3286 3747; x_wconf 91' lang='lat' dir='ltr'><strong>dictum</strong></span> <span class='ocrx_word' id='word_1_692' title='bbox 3316 3698 3422 3746; x_wconf 90' lang='lat' dir='ltr'><strong>est.</strong></span> 
     </span>
    </p>
   </div>
   <div class='ocr_carea' id='block_1_82' title="bbox 1861 3782 3427 3856">
    <p class='ocr_par' dir='ltr' id='par_1_82' title="bbox 1861 3782 3427 3856">
     <span class='ocr_line' id='line_1_82' title="bbox 1861 3782 3427 3856; baseline -0.004 -12"><span class='ocrx_word' id='word_1_693' title='bbox 1861 3789 1953 3844; x_wconf 90' lang='lat' dir='ltr'><strong>Sic</strong></span> <span class='ocrx_word' id='word_1_694' title='bbox 1979 3788 2125 3844; x_wconf 89' lang='lat' dir='ltr'><strong>enim</strong></span> <span class='ocrx_word' id='word_1_695' title='bbox 2157 3786 2420 3856; x_wconf 88' lang='lat' dir='ltr'><strong>scriptum</strong></span> <span class='ocrx_word' id='word_1_696' title='bbox 2444 3792 2528 3840; x_wconf 88' lang='lat' dir='ltr'><strong>est</strong></span> <span class='ocrx_word' id='word_1_697' title='bbox 2555 3785 2609 3838; x_wconf 91' lang='lat' dir='ltr'><strong>in</strong></span> <span class='ocrx_word' id='word_1_698' title='bbox 2634 3784 2788 3838; x_wconf 82' lang='lat' dir='ltr'><strong>Actis</strong></span> <span class='ocrx_word' id='word_1_699' title='bbox 2812 3782 3215 3853; x_wconf 88' lang='lat' dir='ltr'><strong>apostolorum:</strong></span> <span class='ocrx_word' id='word_1_700' title='bbox 3240 3800 3259 3833; x_wconf 80' lang='grc' dir='ltr'><strong>ι</strong></span> <span class='ocrx_word' id='word_1_701' title='bbox 3280 3782 3427 3837; x_wconf 79' lang='lat' dir='ltr'><strong>Dixit</strong></span> 
     </span>
    </p>
   </div>
   <div class='ocr_carea' id='block_1_83' title="bbox 1861 3874 3426 3949">
    <p class='ocr_par' dir='ltr' id='par_1_83' title="bbox 1861 3874 3426 3949">
     <span class='ocr_line' id='line_1_83' title="bbox 1861 3874 3426 3949; baseline -0.003 -13"><span class='ocrx_word' id='word_1_702' title='bbox 1861 3890 2042 3937; x_wconf 89' lang='lat' dir='ltr'><strong>autem</strong></span> <span class='ocrx_word' id='word_1_703' title='bbox 2085 3881 2166 3936; x_wconf 91' lang='lat' dir='ltr'><strong>eis</strong></span> <span class='ocrx_word' id='word_1_704' title='bbox 2214 3878 2453 3949; x_wconf 89' lang='lat' dir='ltr'><strong>Spiritus</strong></span> <span class='ocrx_word' id='word_1_705' title='bbox 2482 3895 2497 3931; x_wconf 91' lang='lat'><strong>:</strong></span> <span class='ocrx_word' id='word_1_706' title='bbox 2525 3876 2819 3948; x_wconf 86' lang='lat' dir='ltr'><strong>Segregate</strong></span> <span class='ocrx_word' id='word_1_707' title='bbox 2859 3876 2995 3930; x_wconf 92' lang='lat' dir='ltr'><strong>mihi</strong></span> <span class='ocrx_word' id='word_1_708' title='bbox 3033 3874 3337 3929; x_wconf 75' lang='lat' dir='ltr'><strong>Baraabam</strong></span> <span class='ocrx_word' id='word_1_709' title='bbox 3370 3884 3426 3931; x_wconf 92' lang='lat' dir='ltr'><strong>et</strong></span> 
     </span>
    </p>
   </div>
   <div class='ocr_carea' id='block_1_84' title="bbox 1862 3964 3427 4040">
    <p class='ocr_par' dir='ltr' id='par_1_84' title="bbox 1862 3964 3427 4040">
     <span class='ocr_line' id='line_1_84' title="bbox 1862 3964 3427 4040; baseline -0.004 -14"><span class='ocrx_word' id='word_1_710' title='bbox 1862 3971 2086 4026; x_wconf 86' lang='lat' dir='ltr'><strong>Saulum</strong></span> <span class='ocrx_word' id='word_1_711' title='bbox 2117 3970 2182 4026; x_wconf 90' lang='lat' dir='ltr'><strong>ad</strong></span> <span class='ocrx_word' id='word_1_712' title='bbox 2214 3985 2352 4040; x_wconf 91' lang='lat' dir='ltr'><strong>opus</strong></span> <span class='ocrx_word' id='word_1_713' title='bbox 2406 3968 2473 4023; x_wconf 87' lang='lat' dir='ltr'><strong>ad</strong></span> <span class='ocrx_word' id='word_1_714' title='bbox 2511 3967 2656 4037; x_wconf 90' lang='lat' dir='ltr'><strong>quod</strong></span> <span class='ocrx_word' id='word_1_715' title='bbox 2695 3968 2843 4037; x_wconf 89' lang='lat' dir='ltr'><strong>ipsos</strong></span> <span class='ocrx_word' id='word_1_716' title='bbox 2886 3965 3219 4021; x_wconf 74' lang='lat' dir='ltr'><strong>advocavi“.</strong></span> <span class='ocrx_word' id='word_1_717' title='bbox 3242 3985 3261 4017; x_wconf 77' lang='grc' dir='ltr'><strong>ι</strong></span> <span class='ocrx_word' id='word_1_718' title='bbox 3301 3964 3427 4020; x_wconf 81' lang='grc' dir='ltr'><strong>Μα-</strong></span> 
     </span>
    </p>
   </div>
   <div class='ocr_carea' id='block_1_85' title="bbox 1859 4056 3425 4131">
    <p class='ocr_par' dir='ltr' id='par_1_85' title="bbox 1859 4056 3425 4131">
     <span class='ocr_line' id='line_1_85' title="bbox 1859 4056 3425 4131; baseline -0.004 -15"><span class='ocrx_word' id='word_1_719' title='bbox 1859 4062 1970 4117; x_wconf 84' lang='lat' dir='ltr'><strong>ced.</strong></span> <span class='ocrx_word' id='word_1_720' title='bbox 2015 4061 2146 4116; x_wconf 90' lang='lat' dir='ltr'><strong>Dico</strong></span> <span class='ocrx_word' id='word_1_721' title='bbox 2179 4061 2343 4115; x_wconf 88' lang='lat' dir='ltr'><strong>etiam</strong></span> <span class='ocrx_word' id='word_1_722' title='bbox 2383 4075 2507 4131; x_wconf 85' lang='lat' dir='ltr'><strong>ego.</strong></span> <span class='ocrx_word' id='word_1_723' title='bbox 2538 4074 2677 4129; x_wconf 91' lang='lat' dir='ltr'><strong>quos</strong></span> <span class='ocrx_word' id='word_1_724' title='bbox 2716 4064 2877 4112; x_wconf 88' lang='lat' dir='ltr'><strong>vocat</strong></span> <span class='ocrx_word' id='word_1_725' title='bbox 2909 4056 3092 4121; x_wconf 89' lang='lat' dir='ltr'><strong>Pater,</strong></span> <span class='ocrx_word' id='word_1_726' title='bbox 3130 4072 3227 4112; x_wconf 89' lang='lat' dir='ltr'><strong>eos</strong></span> <span class='ocrx_word' id='word_1_727' title='bbox 3262 4063 3425 4111; x_wconf 85' lang='lat' dir='ltr'><strong>vocat</strong></span> 
     </span>
    </p>
   </div>
   <div class='ocr_carea' id='block_1_86' title="bbox 1857 4145 3425 4221">
    <p class='ocr_par' dir='ltr' id='par_1_86' title="bbox 1857 4145 3425 4221">
     <span class='ocr_line' id='line_1_86' title="bbox 1857 4145 3425 4221; baseline -0.004 -14"><span class='ocrx_word' id='word_1_728' title='bbox 1857 4152 2049 4218; x_wconf 90' lang='lat' dir='ltr'><strong>Filius,</strong></span> <span class='ocrx_word' id='word_1_729' title='bbox 2076 4160 2131 4207; x_wconf 88' lang='lat' dir='ltr'><strong>et</strong></span> <span class='ocrx_word' id='word_1_730' title='bbox 2166 4149 2406 4221; x_wconf 89' lang='lat' dir='ltr'><strong>Spiritus</strong></span> <span class='ocrx_word' id='word_1_731' title='bbox 2430 4160 2653 4205; x_wconf 88' lang='lat' dir='ltr'><strong>sanctus</strong></span> <span class='ocrx_word' id='word_1_732' title='bbox 2683 4169 2695 4203; x_wconf 92' lang='lat'>:</span> <span class='ocrx_word' id='word_1_733' title='bbox 2728 4156 2783 4202; x_wconf 85' lang='lat' dir='ltr'><strong>et</strong></span> <span class='ocrx_word' id='word_1_734' title='bbox 2813 4162 2954 4218; x_wconf 90' lang='lat' dir='ltr'><strong>quos</strong></span> <span class='ocrx_word' id='word_1_735' title='bbox 2988 4147 3293 4202; x_wconf 80' lang='lat' dir='ltr'><strong>sanctiﬁcat</strong></span> <span class='ocrx_word' id='word_1_736' title='bbox 3320 4145 3425 4201; x_wconf 89' lang='lat' dir='ltr'><strong>Pa-</strong></span> 
     </span>
    </p>
   </div>
   <div class='ocr_carea' id='block_1_87' title="bbox 1857 4237 3425 4311">
    <p class='ocr_par' dir='ltr' id='par_1_87' title="bbox 1857 4237 3425 4311">
     <span class='ocr_line' id='line_1_87' title="bbox 1857 4237 3425 4311; baseline -0.003 -13"><span class='ocrx_word' id='word_1_737' title='bbox 1857 4251 1962 4310; x_wconf 91' lang='lat' dir='ltr'><strong>ter,</strong></span> <span class='ocrx_word' id='word_1_738' title='bbox 2005 4258 2102 4299; x_wconf 84' lang='lat' dir='ltr'><strong>eos</strong></span> <span class='ocrx_word' id='word_1_739' title='bbox 2143 4241 2452 4299; x_wconf 77' lang='lat' dir='ltr'><strong>sanctificat</strong></span> <span class='ocrx_word' id='word_1_740' title='bbox 2490 4241 2653 4296; x_wconf 89' lang='lat' dir='ltr'><strong>etiam</strong></span> <span class='ocrx_word' id='word_1_741' title='bbox 2696 4237 2961 4311; x_wconf 86' lang='lat' dir='ltr'><strong>Spiritus,</strong></span> <span class='ocrx_word' id='word_1_742' title='bbox 2993 4238 3089 4295; x_wconf 90' lang='lat' dir='ltr'><strong>sed</strong></span> <span class='ocrx_word' id='word_1_743' title='bbox 3129 4254 3240 4294; x_wconf 90' lang='lat' dir='ltr'><strong>non</strong></span> <span class='ocrx_word' id='word_1_744' title='bbox 3273 4246 3425 4294; x_wconf 88' lang='lat' dir='ltr'><strong>creat</strong></span> 
     </span>
    </p>
   </div>
   <div class='ocr_carea' id='block_1_88' title="bbox 1859 4330 3425 4407">
    <p class='ocr_par' dir='ltr' id='par_1_88' title="bbox 1859 4330 3425 4407">
     <span class='ocr_line' id='line_1_88' title="bbox 1859 4330 3425 4407; baseline -0.003 -16"><span class='ocrx_word' id='word_1_745' title='bbox 1859 4335 2114 4407; x_wconf 89' lang='lat' dir='ltr'><strong>Spiritus.</strong></span> <span class='ocrx_word' id='word_1_746' title='bbox 2152 4333 2307 4391; x_wconf 83' lang='lat' dir='ltr'><strong>Orth.</strong></span> <span class='ocrx_word' id='word_1_747' title='bbox 2365 4332 2805 4389; x_wconf 88' lang='lat' dir='ltr'><strong>Demonstratum</strong></span> <span class='ocrx_word' id='word_1_748' title='bbox 2848 4341 2934 4387; x_wconf 91' lang='lat' dir='ltr'><strong>est</strong></span> <span class='ocrx_word' id='word_1_749' title='bbox 2978 4330 3237 4403; x_wconf 88' lang='lat' dir='ltr'><strong>Spiritum</strong></span> <span class='ocrx_word' id='word_1_750' title='bbox 3286 4346 3425 4403; x_wconf 90' lang='lat' dir='ltr'><strong>quo-</strong></span> 
     </span>
    </p>
   </div>
   <div class='ocr_carea' id='block_1_89' title="bbox 3305 385 3568 451">
    <p class='ocr_par' dir='ltr' id='par_1_89' title="bbox 3305 385 3568 451">
     <span class='ocr_line' id='line_1_89' title="bbox 3305 385 3568 451; baseline -0.008 0"><span class='ocrx_word' id='word_1_751' title='bbox 3305 396 3445 451; x_wconf 68' lang='grc'><strong>1212</strong></span> <span class='ocrx_word' id='word_1_752' title='bbox 3558 385 3568 397; x_wconf 83' lang='grc'><em>’</em></span> 
     </span>
    </p>
   </div>
   <div class='ocr_carea' id='block_1_90' title="bbox 168 4412 1768 4498">
    <p class='ocr_par' dir='ltr' id='par_1_90' title="bbox 168 4421 1752 4497">
     <span class='ocr_line' id='line_1_90' title="bbox 168 4421 1752 4497; baseline 0.004 -23"><span class='ocrx_word' id='word_1_753' title='bbox 168 4421 355 4494; x_wconf 79' lang='grc' dir='ltr'>Μαρία</span> <span class='ocrx_word' id='word_1_754' title='bbox 375 4426 438 4477; x_wconf 76' lang='grc' dir='ltr'>ὲν</span> <span class='ocrx_word' id='word_1_755' title='bbox 454 4426 667 4497; x_wconf 74' lang='grc' dir='ltr'>γαστρὶ</span> <span class='ocrx_word' id='word_1_756' title='bbox 690 4422 885 4495; x_wconf 75' lang='grc' dir='ltr'>ἔχουσα</span> <span class='ocrx_word' id='word_1_757' title='bbox 909 4427 975 4479; x_wconf 81' lang='grc' dir='ltr'>ὲκ</span> <span class='ocrx_word' id='word_1_758' title='bbox 1004 4425 1319 4497; x_wconf 88' lang='grc' dir='ltr'>Πνεύματος</span> <span class='ocrx_word' id='word_1_759' title='bbox 1341 4426 1516 4495; x_wconf 87' lang='grc' dir='ltr'>ἁγίου.</span> <span class='ocrx_word' id='word_1_760' title='bbox 1534 4426 1752 4482; x_wconf 85' lang='grc' dir='ltr'>Μακεδ.</span> 
     </span>
    </p>
   </div>
   <div class='ocr_carea' id='block_1_91' title="bbox 1869 4412 3422 4498">
    <p class='ocr_par' dir='ltr' id='par_1_91' title="bbox 1869 4412 3422 4498">
     <span class='ocr_line' id='line_1_91' title="bbox 1869 4412 3422 4498; baseline -0.004 -16"><span class='ocrx_word' id='word_1_761' title='bbox 1869 4441 1964 4498; x_wconf 65' lang='lat' dir='ltr'><strong>que</strong></span> <span class='ocrx_word' id='word_1_762' title='bbox 2020 4440 2230 4480; x_wconf 88' lang='lat' dir='ltr'><strong>creare.</strong></span> <span class='ocrx_word' id='word_1_763' title='bbox 2262 4412 2620 4479; x_wconf 49' lang='lat' dir='ltr'><strong>Inventa&#39;est</strong></span> <span class='ocrx_word' id='word_1_764' title='bbox 2667 4424 2813 4477; x_wconf 89' lang='lat' dir='ltr'><strong>enim</strong></span> <span class='ocrx_word' id='word_1_765' title='bbox 2880 4421 3049 4477; x_wconf 79' lang='lat' dir='ltr'><strong>Maria</strong></span> <span class='ocrx_word' id='word_1_766' title='bbox 3103 4423 3312 4478; x_wconf 85' lang='lat' dir='ltr'><strong>habens</strong></span> <span class='ocrx_word' id='word_1_767' title='bbox 3364 4422 3422 4476; x_wconf 89' lang='lat' dir='ltr'><strong>in</strong></span> 
     </span>
    </p>
   </div>
   <div class='ocr_carea' id='block_1_92' title="bbox 128 4504 1768 4590">
    <p class='ocr_par' dir='ltr' id='par_1_92' title="bbox 128 4504 1756 4588">
     <span class='ocr_line' id='line_1_92' title="bbox 128 4504 1756 4588; baseline 0.004 -24"><span class='ocrx_word' id='word_1_768' title='bbox 128 4504 133 4508; x_wconf 56' lang='grc'><em>’</em></span> <span class='ocrx_word' id='word_1_769' title='bbox 168 4511 277 4567; x_wconf 76' lang='grc' dir='ltr'><strong>Οὐκ</strong></span> <span class='ocrx_word' id='word_1_770' title='bbox 305 4510 493 4580; x_wconf 79' lang='grc' dir='ltr'>εἶπεν,</span> <span class='ocrx_word' id='word_1_771' title='bbox 541 4517 604 4569; x_wconf 84' lang='grc' dir='ltr'>ὲν</span> <span class='ocrx_word' id='word_1_772' title='bbox 633 4515 831 4587; x_wconf 82' lang='grc' dir='ltr'>γαστρὶ</span> <span class='ocrx_word' id='word_1_773' title='bbox 882 4515 1079 4588; x_wconf 79' lang='grc' dir='ltr'>ἔχουσα</span> <span class='ocrx_word' id='word_1_774' title='bbox 1127 4518 1411 4582; x_wconf 85' lang='grc' dir='ltr'>κτίσαντος</span> <span class='ocrx_word' id='word_1_775' title='bbox 1451 4517 1546 4572; x_wconf 86' lang='grc' dir='ltr'><strong>τοῦ</strong></span> <span class='ocrx_word' id='word_1_776' title='bbox 1587 4517 1756 4571; x_wconf 76' lang='grc' dir='ltr'>Πνεῦ-</span> 
     </span>
    </p>
   </div>
   <div class='ocr_carea' id='block_1_93' title="bbox 1869 4504 3424 4590">
    <p class='ocr_par' dir='ltr' id='par_1_93' title="bbox 1869 4514 3424 4590">
     <span class='ocr_line' id='line_1_93' title="bbox 1869 4514 3424 4590; baseline -0.005 -13"><span class='ocrx_word' id='word_1_777' title='bbox 1869 4531 2017 4577; x_wconf 78' lang='lat' dir='ltr'><strong>utero</strong></span> <span class='ocrx_word' id='word_1_778' title='bbox 2046 4519 2113 4575; x_wconf 88' lang='lat' dir='ltr'><strong>de</strong></span> <span class='ocrx_word' id='word_1_779' title='bbox 2143 4517 2353 4590; x_wconf 82' lang='lat' dir='ltr'><strong>Spiritu</strong></span> <span class='ocrx_word' id='word_1_780' title='bbox 2379 4524 2590 4573; x_wconf 87' lang='lat' dir='ltr'><strong>sancto.</strong></span> <span class='ocrx_word' id='word_1_781' title='bbox 2617 4514 2960 4571; x_wconf 79' lang='lat' dir='ltr'><strong>Maced.Non</strong></span> <span class='ocrx_word' id='word_1_782' title='bbox 2998 4516 3160 4575; x_wconf 77' lang='lat' dir='ltr'><strong>dixit.</strong></span> <span class='ocrx_word' id='word_1_783' title='bbox 3188 4515 3243 4570; x_wconf 91' lang='lat' dir='ltr'><strong>in</strong></span> <span class='ocrx_word' id='word_1_784' title='bbox 3265 4524 3424 4570; x_wconf 88' lang='lat' dir='ltr'><strong>utero</strong></span> 
     </span>
    </p>
   </div>
   <div class='ocr_carea' id='block_1_94' title="bbox 168 4606 1768 4682">
    <p class='ocr_par' dir='ltr' id='par_1_94' title="bbox 168 4608 1756 4682">
     <span class='ocr_line' id='line_1_94' title="bbox 168 4608 1756 4682; baseline 0.003 -22"><span class='ocrx_word' id='word_1_785' title='bbox 168 4623 335 4675; x_wconf 80' lang='grc' dir='ltr'>ματος</span> <span class='ocrx_word' id='word_1_786' title='bbox 370 4609 470 4663; x_wconf 87' lang='grc' dir='ltr'><strong>τοῦ</strong></span> <span class='ocrx_word' id='word_1_787' title='bbox 519 4608 712 4677; x_wconf 81' lang='grc' dir='ltr'>ἁγίου’</span> <span class='ocrx_word' id='word_1_788' title='bbox 748 4609 860 4663; x_wconf 85' lang='grc' dir='ltr'>ἁλλ’</span> <span class='ocrx_word' id='word_1_789' title='bbox 900 4609 1083 4674; x_wconf 86' lang='grc' dir='ltr'>ἁπλῶς</span> <span class='ocrx_word' id='word_1_790' title='bbox 1113 4610 1360 4682; x_wconf 75' lang='grc' dir='ltr'>εἴρηταιο</span> <span class='ocrx_word' id='word_1_791' title='bbox 1402 4629 1421 4662; x_wconf 72' lang='grc' dir='ltr'>ει</span> <span class='ocrx_word' id='word_1_792' title='bbox 1446 4610 1663 4682; x_wconf 83' lang='grc' dir='ltr'>Ηὺρέθη</span> <span class='ocrx_word' id='word_1_793' title='bbox 1698 4612 1756 4664; x_wconf 79' lang='grc' dir='ltr'>ὲν</span> 
     </span>
    </p>
   </div>
   <div class='ocr_carea' id='block_1_95' title="bbox 1869 4606 3421 4682">
    <p class='ocr_par' dir='ltr' id='par_1_95' title="bbox 1869 4606 3421 4680">
     <span class='ocr_line' id='line_1_95' title="bbox 1869 4606 3421 4680; baseline -0.004 -13"><span class='ocrx_word' id='word_1_794' title='bbox 1869 4614 2087 4678; x_wconf 73' lang='lat' dir='ltr'><strong>habens,</strong></span> <span class='ocrx_word' id='word_1_795' title='bbox 2144 4617 2368 4667; x_wconf 85' lang='lat' dir='ltr'><strong>creante</strong></span> <span class='ocrx_word' id='word_1_796' title='bbox 2420 4610 2628 4680; x_wconf 87' lang='lat' dir='ltr'><strong>Spiritu</strong></span> <span class='ocrx_word' id='word_1_797' title='bbox 2679 4616 2870 4664; x_wconf 90' lang='lat' dir='ltr'><strong>sancto</strong></span> <span class='ocrx_word' id='word_1_798' title='bbox 2906 4607 3045 4664; x_wconf 88' lang='lat' dir='ltr'><strong>:sed</strong></span> <span class='ocrx_word' id='word_1_799' title='bbox 3094 4606 3421 4676; x_wconf 84' lang='lat' dir='ltr'><strong>simpliciter</strong></span> 
     </span>
    </p>
   </div>
   <div class='ocr_carea' id='block_1_96' title="bbox 163 4692 1768 4772">
    <p class='ocr_par' dir='ltr' id='par_1_96' title="bbox 163 4695 1752 4772">
     <span class='ocr_line' id='line_1_96' title="bbox 163 4695 1752 4772; baseline 0.002 -21"><span class='ocrx_word' id='word_1_800' title='bbox 163 4699 356 4772; x_wconf 82' lang='grc' dir='ltr'>γαστρὶ</span> <span class='ocrx_word' id='word_1_801' title='bbox 383 4700 601 4771; x_wconf 77' lang='grc' dir='ltr'>ἔχουσα</span> <span class='ocrx_word' id='word_1_802' title='bbox 633 4701 700 4752; x_wconf 84' lang='grc' dir='ltr'>ὲκ</span> <span class='ocrx_word' id='word_1_803' title='bbox 733 4699 1047 4771; x_wconf 85' lang='grc' dir='ltr'>Πνεύματος</span> <span class='ocrx_word' id='word_1_804' title='bbox 1076 4700 1249 4769; x_wconf 87' lang='grc' dir='ltr'>ἁγίου.</span> <span class='ocrx_word' id='word_1_805' title='bbox 1279 4719 1298 4753; x_wconf 75' lang='grc' dir='ltr'><strong>ι</strong></span> <span class='ocrx_word' id='word_1_806' title='bbox 1344 4702 1495 4769; x_wconf 81' lang='grc' dir='ltr'><strong>Ὀρθ.</strong></span> <span class='ocrx_word' id='word_1_807' title='bbox 1527 4700 1601 4753; x_wconf 87' lang='lat' dir='ltr'>T6</span> <span class='ocrx_word' id='word_1_808' title='bbox 1638 4695 1752 4766; x_wconf 75' lang='grc' dir='ltr'>οὖν,</span> 
     </span>
    </p>
   </div>
   <div class='ocr_carea' id='block_1_97' title="bbox 1869 4692 3419 4772">
    <p class='ocr_par' dir='ltr' id='par_1_97' title="bbox 1869 4692 3419 4764">
     <span class='ocr_line' id='line_1_97' title="bbox 1869 4692 3419 4764; baseline -0.006 -7"><span class='ocrx_word' id='word_1_809' title='bbox 1869 4702 2058 4758; x_wconf 85' lang='lat' dir='ltr'><strong>lictum</strong></span> <span class='ocrx_word' id='word_1_810' title='bbox 2083 4708 2167 4757; x_wconf 90' lang='lat' dir='ltr'><strong>est</strong></span> <span class='ocrx_word' id='word_1_811' title='bbox 2193 4719 2208 4755; x_wconf 89' lang='lat'><strong>:</strong></span> <span class='ocrx_word' id='word_1_812' title='bbox 2246 4717 2265 4751; x_wconf 80' lang='grc' dir='ltr'><strong>ι</strong></span> <span class='ocrx_word' id='word_1_813' title='bbox 2288 4698 2510 4753; x_wconf 85' lang='lat' dir='ltr'><strong>Inventa</strong></span> <span class='ocrx_word' id='word_1_814' title='bbox 2539 4705 2622 4753; x_wconf 88' lang='lat' dir='ltr'><strong>est</strong></span> <span class='ocrx_word' id='word_1_815' title='bbox 2641 4697 2850 4752; x_wconf 85' lang='lat' dir='ltr'><strong>habens</strong></span> <span class='ocrx_word' id='word_1_816' title='bbox 2872 4696 2927 4750; x_wconf 93' lang='lat' dir='ltr'><strong>in</strong></span> <span class='ocrx_word' id='word_1_817' title='bbox 2952 4703 3106 4751; x_wconf 86' lang='lat' dir='ltr'><strong>utero</strong></span> <span class='ocrx_word' id='word_1_818' title='bbox 3122 4695 3189 4749; x_wconf 91' lang='lat' dir='ltr'><strong>de</strong></span> <span class='ocrx_word' id='word_1_819' title='bbox 3212 4692 3419 4764; x_wconf 74' lang='lat' dir='ltr'><strong>Spiritu</strong></span> 
     </span>
    </p>
   </div>
   <div class='ocr_carea' id='block_1_98' title="bbox 167 4783 1768 4865">
    <p class='ocr_par' dir='ltr' id='par_1_98' title="bbox 167 4791 1753 4865">
     <span class='ocr_line' id='line_1_98' title="bbox 167 4791 1753 4865; baseline 0.004 -26"><span class='ocrx_word' id='word_1_820' title='bbox 167 4806 186 4839; x_wconf 78' lang='grc' dir='ltr'><strong>ι</strong></span> <span class='ocrx_word' id='word_1_821' title='bbox 208 4792 273 4843; x_wconf 76' lang='grc' dir='ltr'>ἐκ</span> <span class='ocrx_word' id='word_1_822' title='bbox 303 4792 642 4863; x_wconf 76' lang='grc' dir='ltr'>Πνεῦματος</span> <span class='ocrx_word' id='word_1_823' title='bbox 670 4792 847 4859; x_wconf 86' lang='grc' dir='ltr'>ἁγίου,</span> <span class='ocrx_word' id='word_1_824' title='bbox 874 4811 893 4844; x_wconf 75' lang='grc' dir='ltr'><strong>ι</strong></span> <span class='ocrx_word' id='word_1_825' title='bbox 927 4791 983 4845; x_wconf 88' lang='grc' dir='ltr'><strong>τί</strong></span> <span class='ocrx_word' id='word_1_826' title='bbox 1022 4792 1149 4847; x_wconf 84' lang='grc' dir='ltr'>ἄλλο</span> <span class='ocrx_word' id='word_1_827' title='bbox 1174 4795 1284 4865; x_wconf 84' lang='grc' dir='ltr'><strong>ήγῇ</strong></span> <span class='ocrx_word' id='word_1_828' title='bbox 1331 4793 1472 4865; x_wconf 80' lang='grc' dir='ltr'>πλὴν</span> <span class='ocrx_word' id='word_1_829' title='bbox 1504 4792 1599 4846; x_wconf 88' lang='grc' dir='ltr'><strong>τοῦ</strong></span> <span class='ocrx_word' id='word_1_830' title='bbox 1634 4792 1753 4846; x_wconf 85' lang='grc' dir='ltr'>κτί-</span> 
     </span>
    </p>
   </div>
   <div class='ocr_carea' id='block_1_99' title="bbox 1869 4783 3415 4865">
    <p class='ocr_par' dir='ltr' id='par_1_99' title="bbox 1869 4783 3415 4857">
     <span class='ocr_line' id='line_1_99' title="bbox 1869 4783 3415 4857; baseline -0.006 -10"><span class='ocrx_word' id='word_1_831' title='bbox 1869 4802 2046 4848; x_wconf 74' lang='lat' dir='ltr'><strong>sancto</strong></span> <span class='ocrx_word' id='word_1_832' title='bbox 2060 4791 2128 4845; x_wconf 76' lang='lat'><strong>“.</strong></span> <span class='ocrx_word' id='word_1_833' title='bbox 2155 4808 2175 4841; x_wconf 86' lang='grc'><strong>›</strong></span> <span class='ocrx_word' id='word_1_834' title='bbox 2212 4787 2362 4845; x_wconf 84' lang='lat' dir='ltr'><strong>Orth.</strong></span> <span class='ocrx_word' id='word_1_835' title='bbox 2400 4786 2553 4844; x_wconf 82' lang='lat' dir='ltr'><strong>Istud</strong></span> <span class='ocrx_word' id='word_1_836' title='bbox 2575 4802 2706 4857; x_wconf 90' lang='lat' dir='ltr'><strong>ergo</strong></span> <span class='ocrx_word' id='word_1_837' title='bbox 2732 4805 2746 4841; x_wconf 89' lang='lat'><strong>:</strong></span> <span class='ocrx_word' id='word_1_838' title='bbox 2782 4805 2800 4838; x_wconf 78' lang='grc' dir='ltr'><strong>ι</strong></span> <span class='ocrx_word' id='word_1_839' title='bbox 2821 4785 2897 4840; x_wconf 90' lang='lat' dir='ltr'><strong>De</strong></span> <span class='ocrx_word' id='word_1_840' title='bbox 2928 4783 3133 4856; x_wconf 76' lang='lat' dir='ltr'><strong>Spirit&#39;u</strong></span> <span class='ocrx_word' id='word_1_841' title='bbox 3167 4795 3415 4848; x_wconf 66' lang='lat' dir='ltr'><strong>sancto,»</strong></span> 
     </span>
    </p>
   </div>
   <div class='ocr_carea' id='block_1_100' title="bbox 161 4878 1768 4955">
    <p class='ocr_par' dir='ltr' id='par_1_100' title="bbox 161 4882 1753 4955">
     <span class='ocr_line' id='line_1_100' title="bbox 161 4882 1753 4955; baseline 0.003 -22"><span class='ocrx_word' id='word_1_842' title='bbox 161 4895 280 4947; x_wconf 81' lang='lat' dir='ltr'><strong>cat;</strong></span> <span class='ocrx_word' id='word_1_843' title='bbox 311 4883 553 4939; x_wconf 82' lang='grc' dir='ltr'>Μακεδ.</span> <span class='ocrx_word' id='word_1_844' title='bbox 594 4882 735 4951; x_wconf 84' lang='grc' dir='ltr'><strong>Ἐγὼ</strong></span> <span class='ocrx_word' id='word_1_845' title='bbox 764 4882 863 4953; x_wconf 86' lang='grc' dir='ltr'>τὴν</span> <span class='ocrx_word' id='word_1_846' title='bbox 907 4884 1218 4955; x_wconf 76' lang='grc' dir='ltr'>οἰκονομίαν</span> <span class='ocrx_word' id='word_1_847' title='bbox 1268 4885 1413 4954; x_wconf 84' lang='grc' dir='ltr'>λέγω</span> <span class='ocrx_word' id='word_1_848' title='bbox 1453 4885 1549 4938; x_wconf 87' lang='grc' dir='ltr'><strong>τοῦ</strong></span> <span class='ocrx_word' id='word_1_849' title='bbox 1583 4885 1753 4939; x_wconf 80' lang='grc' dir='ltr'>Πνεῦ-</span> 
     </span>
    </p>
   </div>
   <div class='ocr_carea' id='block_1_101' title="bbox 1869 4878 3420 4955">
    <p class='ocr_par' dir='ltr' id='par_1_101' title="bbox 1869 4878 3420 4955">
     <span class='ocr_line' id='line_1_101' title="bbox 1869 4878 3420 4955; baseline -0.005 -17"><span class='ocrx_word' id='word_1_850' title='bbox 1869 4883 1987 4955; x_wconf 77' lang='grc' dir='ltr'>ιιιὶιι</span> <span class='ocrx_word' id='word_1_851' title='bbox 2037 4881 2186 4937; x_wconf 91' lang='lat' dir='ltr'><strong>aliud</strong></span> <span class='ocrx_word' id='word_1_852' title='bbox 2231 4896 2355 4937; x_wconf 90' lang='lat' dir='ltr'><strong>esse</strong></span> <span class='ocrx_word' id='word_1_853' title='bbox 2397 4888 2578 4951; x_wconf 90' lang='lat' dir='ltr'><strong>putas,</strong></span> <span class='ocrx_word' id='word_1_854' title='bbox 2630 4894 2794 4950; x_wconf 88' lang='lat' dir='ltr'><strong>quam</strong></span> <span class='ocrx_word' id='word_1_855' title='bbox 2844 4878 3022 4947; x_wconf 86' lang='lat' dir='ltr'><strong>ipsum</strong></span> <span class='ocrx_word' id='word_1_856' title='bbox 3071 4878 3420 4934; x_wconf 75' lang='lat' dir='ltr'><strong>condidisse?</strong></span> 
     </span>
    </p>
   </div>
   <div class='ocr_carea' id='block_1_102' title="bbox 159 4968 1768 5049">
    <p class='ocr_par' dir='ltr' id='par_1_102' title="bbox 159 4974 1749 5049">
     <span class='ocr_line' id='line_1_102' title="bbox 159 4974 1749 5049; baseline 0.006 -26"><span class='ocrx_word' id='word_1_857' title='bbox 159 4985 327 5039; x_wconf 82' lang='grc' dir='ltr'>ματος</span> <span class='ocrx_word' id='word_1_858' title='bbox 379 4974 637 5028; x_wconf 73' lang='grc' dir='ltr'>ἐνταῦθα</span> <span class='ocrx_word' id='word_1_859' title='bbox 685 4974 1063 5045; x_wconf 84' lang='grc' dir='ltr'>σημαίνεσθαι.</span> <span class='ocrx_word' id='word_1_860' title='bbox 1120 4977 1274 5046; x_wconf 78' lang='grc' dir='ltr'>Ὀρθ.</span> <span class='ocrx_word' id='word_1_861' title='bbox 1321 4977 1415 5049; x_wconf 87' lang='grc' dir='ltr'><strong>Μὴ</strong></span> <span class='ocrx_word' id='word_1_862' title='bbox 1442 4975 1536 5031; x_wconf 82' lang='grc' dir='ltr'><strong>οὖν</strong></span> <span class='ocrx_word' id='word_1_863' title='bbox 1574 4978 1749 5043; x_wconf 79' lang='grc' dir='ltr'>θέλεις</span> 
     </span>
    </p>
   </div>
   <div class='ocr_carea' id='block_1_103' title="bbox 1869 4968 3418 5049">
    <p class='ocr_par' dir='ltr' id='par_1_103' title="bbox 1869 4968 3418 5044">
     <span class='ocr_line' id='line_1_103' title="bbox 1869 4968 3418 5044; baseline -0.006 -12"><span class='ocrx_word' id='word_1_864' title='bbox 1869 4977 2062 5035; x_wconf 75' lang='lat' dir='ltr'><strong>Haced.</strong></span> <span class='ocrx_word' id='word_1_865' title='bbox 2092 4975 2222 5030; x_wconf 89' lang='lat' dir='ltr'><strong>Dico</strong></span> <span class='ocrx_word' id='word_1_866' title='bbox 2253 4973 2489 5044; x_wconf 91' lang='lat' dir='ltr'><strong>Spiritus</strong></span> <span class='ocrx_word' id='word_1_867' title='bbox 2535 4972 2711 5027; x_wconf 88' lang='lat' dir='ltr'><strong>sancti</strong></span> <span class='ocrx_word' id='word_1_868' title='bbox 2743 4970 3107 5027; x_wconf 83' lang='lat' dir='ltr'><strong>ceconomiam</strong></span> <span class='ocrx_word' id='word_1_869' title='bbox 3132 4970 3218 5026; x_wconf 85' lang='lat' dir='ltr'><strong>his</strong></span> <span class='ocrx_word' id='word_1_870' title='bbox 3245 4968 3418 5040; x_wconf 87' lang='lat' dir='ltr'><strong>signi-</strong></span> 
     </span>
    </p>
   </div>
   <div class='ocr_carea' id='block_1_104' title="bbox 156 5059 1768 5142">
    <p class='ocr_par' dir='ltr' id='par_1_104' title="bbox 156 5062 1745 5142">
     <span class='ocr_line' id='line_1_104' title="bbox 156 5062 1745 5142; baseline 0.008 -29"><span class='ocrx_word' id='word_1_871' title='bbox 156 5062 328 5117; x_wconf 80' lang='grc' dir='ltr'>είπείν</span> <span class='ocrx_word' id='word_1_872' title='bbox 361 5065 425 5120; x_wconf 86' lang='grc' dir='ltr'>τὸ</span> <span class='ocrx_word' id='word_1_873' title='bbox 459 5065 751 5138; x_wconf 87' lang='grc' dir='ltr'>Κυριακὺν</span> <span class='ocrx_word' id='word_1_874' title='bbox 783 5065 941 5137; x_wconf 86' lang='grc' dir='ltr'>σῶμα</span> <span class='ocrx_word' id='word_1_875' title='bbox 988 5066 1226 5138; x_wconf 86' lang='grc' dir='ltr'>κτίσμα;</span> <span class='ocrx_word' id='word_1_876' title='bbox 1260 5069 1482 5125; x_wconf 82' lang='grc' dir='ltr'>Μακεδ.</span> <span class='ocrx_word' id='word_1_877' title='bbox 1522 5071 1745 5142; x_wconf 84' lang='grc' dir='ltr'>Κτίσμα</span> 
     </span>
    </p>
   </div>
   <div class='ocr_carea' id='block_1_105' title="bbox 1869 5059 3415 5142">
    <p class='ocr_par' dir='ltr' id='par_1_105' title="bbox 1869 5059 3415 5132">
     <span class='ocr_line' id='line_1_105' title="bbox 1869 5059 3415 5132; baseline -0.004 -10"><span class='ocrx_word' id='word_1_878' title='bbox 1869 5068 2026 5124; x_wconf 81' lang='lat' dir='ltr'><strong>icari.</strong></span> <span class='ocrx_word' id='word_1_879' title='bbox 2072 5064 2226 5121; x_wconf 86' lang='lat' dir='ltr'><strong>Orth.</strong></span> <span class='ocrx_word' id='word_1_880' title='bbox 2263 5062 2382 5118; x_wconf 83' lang='lat' dir='ltr'><strong>Non</strong></span> <span class='ocrx_word' id='word_1_881' title='bbox 2422 5063 2505 5118; x_wconf 87' lang='lat' dir='ltr'><strong>vis</strong></span> <span class='ocrx_word' id='word_1_882' title='bbox 2544 5062 2710 5132; x_wconf 84' lang='lat' dir='ltr'><strong>igitur</strong></span> <span class='ocrx_word' id='word_1_883' title='bbox 2747 5060 2908 5116; x_wconf 80' lang='lat' dir='ltr'><strong>fateri</strong></span> <span class='ocrx_word' id='word_1_884' title='bbox 2950 5059 3164 5115; x_wconf 89' lang='lat' dir='ltr'><strong>Domini</strong></span> <span class='ocrx_word' id='word_1_885' title='bbox 3211 5074 3415 5130; x_wconf 89' lang='lat' dir='ltr'><strong>corpus</strong></span> 
     </span>
    </p>
   </div>
   <div class='ocr_carea' id='block_1_106' title="bbox 158 5151 1768 5233">
    <p class='ocr_par' dir='ltr' id='par_1_106' title="bbox 158 5155 1744 5233">
     <span class='ocr_line' id='line_1_106' title="bbox 158 5155 1744 5233; baseline 0.006 -25"><span class='ocrx_word' id='word_1_886' title='bbox 158 5155 255 5223; x_wconf 84' lang='grc' dir='ltr'><strong>μὲν</strong></span> <span class='ocrx_word' id='word_1_887' title='bbox 275 5156 424 5225; x_wconf 87' lang='grc' dir='ltr'>λέγω</span> <span class='ocrx_word' id='word_1_888' title='bbox 456 5157 523 5211; x_wconf 81' lang='grc' dir='ltr'><strong>τὸ</strong></span> <span class='ocrx_word' id='word_1_889' title='bbox 557 5157 741 5228; x_wconf 86' lang='grc' dir='ltr'>σῶμα,</span> <span class='ocrx_word' id='word_1_890' title='bbox 769 5159 883 5213; x_wconf 85' lang='grc' dir='ltr'>ἀλλ’</span> <span class='ocrx_word' id='word_1_891' title='bbox 913 5160 975 5214; x_wconf 88' lang='grc' dir='ltr'><strong>οὐ</strong></span> <span class='ocrx_word' id='word_1_892' title='bbox 996 5160 1090 5214; x_wconf 87' lang='grc' dir='ltr'><strong>τοῦ</strong></span> <span class='ocrx_word' id='word_1_893' title='bbox 1119 5160 1433 5233; x_wconf 84' lang='grc' dir='ltr'>Πνεύματος</span> <span class='ocrx_word' id='word_1_894' title='bbox 1450 5161 1580 5216; x_wconf 83' lang='grc' dir='ltr'>αὐτὸ</span> <span class='ocrx_word' id='word_1_895' title='bbox 1602 5161 1744 5232; x_wconf 85' lang='grc' dir='ltr'>λέγω</span> 
     </span>
    </p>
   </div>
   <div class='ocr_carea' id='block_1_107' title="bbox 1869 5151 3416 5233">
    <p class='ocr_par' dir='ltr' id='par_1_107' title="bbox 1869 5151 3416 5221">
     <span class='ocr_line' id='line_1_107' title="bbox 1869 5151 3416 5221; baseline -0.008 -5"><span class='ocrx_word' id='word_1_896' title='bbox 1869 5175 1970 5216; x_wconf 66' lang='lat' dir='ltr'><strong>isse</strong></span> <span class='ocrx_word' id='word_1_897' title='bbox 2001 5155 2281 5212; x_wconf 85' lang='lat' dir='ltr'><strong>creatum?</strong></span> <span class='ocrx_word' id='word_1_898' title='bbox 2314 5152 2523 5208; x_wconf 67' lang='grc' dir='ltr'>Μαρια.</span> <span class='ocrx_word' id='word_1_899' title='bbox 2560 5151 2754 5208; x_wconf 89' lang='lat' dir='ltr'><strong>Fateor</strong></span> <span class='ocrx_word' id='word_1_900' title='bbox 2789 5151 3009 5220; x_wconf 90' lang='lat' dir='ltr'><strong>quidem</strong></span> <span class='ocrx_word' id='word_1_901' title='bbox 3042 5165 3243 5221; x_wconf 91' lang='lat' dir='ltr'><strong>corpus</strong></span> <span class='ocrx_word' id='word_1_902' title='bbox 3295 5164 3416 5205; x_wconf 87' lang='lat' dir='ltr'><strong>esse</strong></span> 
     </span>
    </p>
   </div>
   <div class='ocr_carea' id='block_1_108' title="bbox 156 5243 1768 5325">
    <p class='ocr_par' dir='ltr' id='par_1_108' title="bbox 156 5244 1740 5325">
     <span class='ocr_line' id='line_1_108' title="bbox 156 5244 1740 5325; baseline 0.008 -30"><span class='ocrx_word' id='word_1_903' title='bbox 156 5244 379 5318; x_wconf 68' lang='grc' dir='ltr'>κτίσμα,</span> <span class='ocrx_word' id='word_1_904' title='bbox 420 5246 573 5301; x_wconf 85' lang='grc' dir='ltr'>ἀλλὰ</span> <span class='ocrx_word' id='word_1_905' title='bbox 626 5247 718 5300; x_wconf 88' lang='grc' dir='ltr'><strong>τοῦ</strong></span> <span class='ocrx_word' id='word_1_906' title='bbox 765 5248 1022 5320; x_wconf 86' lang='grc' dir='ltr'>Χριστοῦ.</span> <span class='ocrx_word' id='word_1_907' title='bbox 1072 5252 1224 5320; x_wconf 83' lang='grc' dir='ltr'>ὀρθ.</span> <span class='ocrx_word' id='word_1_908' title='bbox 1263 5251 1402 5304; x_wconf 75' lang='grc' dir='ltr'>Ἀλλ’</span> <span class='ocrx_word' id='word_1_909' title='bbox 1455 5253 1489 5323; x_wconf 80' lang='grc' dir='ltr'>ἡ</span> <span class='ocrx_word' id='word_1_910' title='bbox 1549 5252 1740 5325; x_wconf 84' lang='grc' dir='ltr'>Γραφὴ</span> 
     </span>
    </p>
   </div>
   <div class='ocr_carea' id='block_1_109' title="bbox 1869 5243 3416 5325">
    <p class='ocr_par' dir='ltr' id='par_1_109' title="bbox 1869 5243 3416 5316">
     <span class='ocr_line' id='line_1_109' title="bbox 1869 5243 3416 5316; baseline -0.005 -11"><span class='ocrx_word' id='word_1_911' title='bbox 1869 5257 2112 5314; x_wconf 87' lang='lat' dir='ltr'><strong>:reatum,</strong></span> <span class='ocrx_word' id='word_1_912' title='bbox 2144 5262 2255 5303; x_wconf 91' lang='lat' dir='ltr'><strong>non</strong></span> <span class='ocrx_word' id='word_1_913' title='bbox 2282 5256 2463 5302; x_wconf 85' lang='lat' dir='ltr'><strong>tamen</strong></span> <span class='ocrx_word' id='word_1_914' title='bbox 2493 5243 2761 5316; x_wconf 62' lang='lat' dir='ltr'><strong>a‘Spiritu</strong></span> <span class='ocrx_word' id='word_1_915' title='bbox 2791 5252 2984 5301; x_wconf 91' lang='lat' dir='ltr'><strong>sancto</strong></span> <span class='ocrx_word' id='word_1_916' title='bbox 3024 5253 3269 5300; x_wconf 87' lang='lat' dir='ltr'><strong>creatum</strong></span> <span class='ocrx_word' id='word_1_917' title='bbox 3292 5257 3416 5298; x_wconf 82' lang='lat' dir='ltr'><strong>esse</strong></span> 
     </span>
    </p>
   </div>
   <div class='ocr_carea' id='block_1_110' title="bbox 221 5397 1768 5468">
    <p class='ocr_par' dir='ltr' id='par_1_110' title="bbox 221 5397 1721 5468">
     <span class='ocr_line' id='line_1_110' title="bbox 221 5397 1721 5468; baseline 0.004 -15"><span class='ocrx_word' id='word_1_918' title='bbox 221 5398 265 5428; x_wconf 82' lang='lat'><strong>&quot;</strong></span> <span class='ocrx_word' id='word_1_919' title='bbox 300 5397 446 5455; x_wconf 86' lang='lat' dir='ltr'><strong>Gen.</strong></span> <span class='ocrx_word' id='word_1_920' title='bbox 484 5410 529 5461; x_wconf 86' lang='grc' dir='ltr'><strong>ι,</strong></span> <span class='ocrx_word' id='word_1_921' title='bbox 565 5398 661 5455; x_wconf 74' lang='grc'><strong>26.</strong></span> <span class='ocrx_word' id='word_1_922' title='bbox 735 5402 778 5433; x_wconf 83' lang='grc'><strong>⁸⁷</strong></span> <span class='ocrx_word' id='word_1_923' title='bbox 818 5402 951 5458; x_wconf 87' lang='lat' dir='ltr'><strong>Gen.</strong></span> <span class='ocrx_word' id='word_1_924' title='bbox 986 5419 1057 5467; x_wconf 86' lang='lat' dir='ltr'><strong>tl,</strong></span> <span class='ocrx_word' id='word_1_925' title='bbox 1092 5404 1180 5459; x_wconf 87' lang='grc'><strong>18.</strong></span> <span class='ocrx_word' id='word_1_926' title='bbox 1256 5405 1301 5438; x_wconf 83' lang='grc'><strong>³⁸</strong></span> <span class='ocrx_word' id='word_1_927' title='bbox 1338 5405 1525 5460; x_wconf 81' lang='lat' dir='ltr'><strong>Matth.</strong></span> <span class='ocrx_word' id='word_1_928' title='bbox 1562 5421 1602 5468; x_wconf 85' lang='lat' dir='ltr'><strong>l,</strong></span> <span class='ocrx_word' id='word_1_929' title='bbox 1635 5406 1721 5459; x_wconf 90' lang='grc'><strong>18.</strong></span> 
     </span>
    </p>
   </div>
   <div class='ocr_carea' id='block_1_111' title="bbox 1869 5397 3407 5468">
    <p class='ocr_par' dir='ltr' id='par_1_111' title="bbox 1903 5398 3407 5468">
     <span class='ocr_line' id='line_1_111' title="bbox 1903 5398 3407 5468; baseline -0.004 -9"><span class='ocrx_word' id='word_1_930' title='bbox 1903 5404 2033 5460; x_wconf 87' lang='lat' dir='ltr'><strong>ibid.</strong></span> <span class='ocrx_word' id='word_1_931' title='bbox 2066 5402 2161 5457; x_wconf 75' lang='grc'>20.</span> <span class='ocrx_word' id='word_1_932' title='bbox 2235 5402 2282 5436; x_wconf 73' lang='grc'><strong>⁸⁸</strong></span> <span class='ocrx_word' id='word_1_933' title='bbox 2320 5400 2557 5466; x_wconf 73' lang='lat'><strong>183.1,2.</strong></span> <span class='ocrx_word' id='word_1_934' title='bbox 2632 5401 2673 5433; x_wconf 77' lang='lat'>“</span> <span class='ocrx_word' id='word_1_935' title='bbox 2717 5398 2879 5457; x_wconf 78' lang='lat' dir='ltr'><strong>Prov.</strong></span> <span class='ocrx_word' id='word_1_936' title='bbox 2917 5401 3085 5468; x_wconf 67' lang='lat'><strong>11,1.</strong></span> <span class='ocrx_word' id='word_1_937' title='bbox 3161 5402 3208 5434; x_wconf 74' lang='grc'><strong>⁸⁸</strong></span> <span class='ocrx_word' id='word_1_938' title='bbox 3228 5398 3407 5456; x_wconf 86' lang='lat' dir='ltr'><strong>Galat.</strong></span> 
     </span>
    </p>
   </div>
   <div class='ocr_carea' id='block_1_112' title="bbox 150 5468 1768 5543">
    <p class='ocr_par' dir='ltr' id='par_1_112' title="bbox 150 5468 1751 5542">
     <span class='ocr_line' id='line_1_112' title="bbox 150 5468 1751 5542; baseline 0.004 -21"><span class='ocrx_word' id='word_1_939' title='bbox 150 5480 200 5533; x_wconf 82' lang='grc' dir='ltr'><strong>ι,</strong></span> <span class='ocrx_word' id='word_1_940' title='bbox 242 5468 326 5525; x_wconf 87' lang='grc'><strong>15.</strong></span> <span class='ocrx_word' id='word_1_941' title='bbox 405 5469 459 5501; x_wconf 72' lang='grc'><strong>⁸³</strong></span> <span class='ocrx_word' id='word_1_942' title='bbox 501 5470 673 5525; x_wconf 78' lang='lat' dir='ltr'><strong>Rom.</strong></span> <span class='ocrx_word' id='word_1_943' title='bbox 712 5486 757 5536; x_wconf 87' lang='grc' dir='ltr'><strong>ι,</strong></span> <span class='ocrx_word' id='word_1_944' title='bbox 796 5472 844 5526; x_wconf 88' lang='grc'><strong>1.</strong></span> <span class='ocrx_word' id='word_1_945' title='bbox 920 5471 966 5506; x_wconf 72' lang='grc'>⁸⁸</span> <span class='ocrx_word' id='word_1_946' title='bbox 1001 5473 1121 5529; x_wconf 84' lang='lat' dir='ltr'><strong>Act.</strong></span> <span class='ocrx_word' id='word_1_947' title='bbox 1156 5490 1292 5542; x_wconf 79' lang='lat' dir='ltr'><strong>xm,</strong></span> <span class='ocrx_word' id='word_1_948' title='bbox 1324 5475 1379 5531; x_wconf 80' lang='grc'>2.</span> <span class='ocrx_word' id='word_1_949' title='bbox 1476 5475 1521 5507; x_wconf 75' lang='grc'><strong>⁸⁸</strong></span> <span class='ocrx_word' id='word_1_950' title='bbox 1563 5476 1751 5529; x_wconf 86' lang='lat' dir='ltr'><strong>Matth.</strong></span> 
     </span>
    </p>
   </div>
   <div class='ocr_carea' id='block_1_113' title="bbox 1869 5468 2003 5543">
    <p class='ocr_par' dir='ltr' id='par_1_113' title="bbox 1877 5475 2003 5543">
     <span class='ocr_line' id='line_1_113' title="bbox 1877 5475 2003 5543; baseline 0.016 -13"><span class='ocrx_word' id='word_1_951' title='bbox 1877 5475 1964 5532; x_wconf 83' lang='grc'><strong>18.</strong></span> <span class='ocrx_word' id='word_1_952' title='bbox 2000 5536 2003 5543; x_wconf 49' lang='grc'><strong>,</strong></span> 
     </span>
    </p>
   </div>
   <div class='ocr_carea' id='block_1_114' title="bbox 211 5687 1768 5832">
    <p class='ocr_par' dir='ltr' id='par_1_114' title="bbox 211 5687 1634 5832">
     <span class='ocr_line' id='line_1_114' title="bbox 235 5687 996 5760; baseline -0.008 -14"><span class='ocrx_word' id='word_1_953' title='bbox 235 5691 305 5746; x_wconf 65' lang='grc'><strong>46</strong></span> <span class='ocrx_word' id='word_1_954' title='bbox 367 5688 693 5747; x_wconf 81' lang='lat' dir='ltr'><strong>Palatinus.</strong></span> <span class='ocrx_word' id='word_1_955' title='bbox 725 5687 996 5760; x_wconf 85' lang='grc' dir='ltr'>γέννησις.</span> 
     </span>
     <span class='ocr_line' id='line_1_115' title="bbox 211 5690 1634 5832; baseline -0.001 -17"><span class='ocrx_word' id='word_1_956' title='bbox 211 5690 328 5832; x_wconf 54' lang='grc' dir='ltr'><strong>ξηζ</strong></span> <span class='ocrx_word' id='word_1_957' title='bbox 369 5762 557 5815; x_wconf 85' lang='lat' dir='ltr'><strong>Palat.</strong></span> <span class='ocrx_word' id='word_1_958' title='bbox 594 5757 657 5810; x_wconf 84' lang='grc' dir='ltr'>ἒν</span> <span class='ocrx_word' id='word_1_959' title='bbox 684 5757 849 5825; x_wconf 83' lang='grc' dir='ltr'>λέγει.</span> <span class='ocrx_word' id='word_1_960' title='bbox 880 5758 998 5827; x_wconf 73' lang='grc' dir='ltr'>οΰγὶ</span> <span class='ocrx_word' id='word_1_961' title='bbox 1020 5756 1067 5811; x_wconf 86' lang='grc' dir='ltr'>δ.</span> <span class='ocrx_word' id='word_1_962' title='bbox 1109 5755 1249 5811; x_wconf 81' lang='lat' dir='ltr'><strong>Editi</strong></span> <span class='ocrx_word' id='word_1_963' title='bbox 1279 5759 1439 5825; x_wconf 86' lang='lat' dir='ltr'><strong>male,</strong></span> <span class='ocrx_word' id='word_1_964' title='bbox 1466 5758 1634 5813; x_wconf 85' lang='grc' dir='ltr'>ἐννόει</span> 
     </span>
    </p>
   </div>
   <div class='ocr_carea' id='block_1_115' title="bbox 1869 5687 3401 5832">
    <p class='ocr_par' dir='ltr' id='par_1_115' title="bbox 1919 5695 3401 5773">
     <span class='ocr_line' id='line_1_116' title="bbox 1919 5695 3401 5773; baseline 0.001 -22"><span class='ocrx_word' id='word_1_965' title='bbox 1919 5695 2033 5770; x_wconf 77' lang='grc'><strong>(48)</strong></span> <span class='ocrx_word' id='word_1_966' title='bbox 2053 5695 2183 5755; x_wconf 80' lang='lat' dir='ltr'><strong>Mss.</strong></span> <span class='ocrx_word' id='word_1_967' title='bbox 2193 5737 2208 5767; x_wconf 86' lang='lat'><strong>,</strong></span> <span class='ocrx_word' id='word_1_968' title='bbox 2233 5697 2464 5754; x_wconf 88' lang='grc' dir='ltr'>Παῦλον.</span> <span class='ocrx_word' id='word_1_969' title='bbox 2483 5699 2617 5756; x_wconf 88' lang='lat' dir='ltr'><strong>lbid.</strong></span> <span class='ocrx_word' id='word_1_970' title='bbox 2635 5699 2808 5756; x_wconf 87' lang='lat' dir='ltr'><strong>Palat.</strong></span> <span class='ocrx_word' id='word_1_971' title='bbox 2817 5740 2832 5770; x_wconf 90' lang='lat'><strong>,</strong></span> <span class='ocrx_word' id='word_1_972' title='bbox 2853 5703 2932 5765; x_wconf 83' lang='grc' dir='ltr'><strong>είς</strong></span> <span class='ocrx_word' id='word_1_973' title='bbox 2951 5702 3088 5773; x_wconf 81' lang='grc' dir='ltr'>ὅπερ</span> <span class='ocrx_word' id='word_1_974' title='bbox 3110 5698 3401 5771; x_wconf 81' lang='grc' dir='ltr'>κέκλημαι.</span> 
     </span>
    </p>
   </div>
   <div class='ocr_carea' id='block_1_116' title="bbox 236 5752 1634 5827">
    <p class='ocr_par' dir='ltr' id='par_1_116' title="bbox 236 5752 1634 5827">
     <span class='ocr_line' id='line_1_117' title="bbox 236 5752 1634 5827; baseline -0.001 -12"><span class='ocrx_word' id='word_1_975' title='bbox 236 5752 327 5827; x_wconf 64' lang='grc'><strong>47)</strong></span> <span class='ocrx_word' id='word_1_976' title='bbox 369 5762 557 5815; x_wconf 85' lang='lat' dir='ltr'><strong>Palat.</strong></span> <span class='ocrx_word' id='word_1_977' title='bbox 594 5757 657 5810; x_wconf 84' lang='grc' dir='ltr'>ἒν</span> <span class='ocrx_word' id='word_1_978' title='bbox 684 5752 849 5825; x_wconf 82' lang='grc' dir='ltr'>λέγει.</span> <span class='ocrx_word' id='word_1_979' title='bbox 875 5752 998 5827; x_wconf 73' lang='grc' dir='ltr'>οΰγὶ</span> <span class='ocrx_word' id='word_1_980' title='bbox 1020 5756 1067 5811; x_wconf 86' lang='grc' dir='ltr'>δ.</span> <span class='ocrx_word' id='word_1_981' title='bbox 1109 5755 1249 5811; x_wconf 81' lang='lat' dir='ltr'><strong>Editi</strong></span> <span class='ocrx_word' id='word_1_982' title='bbox 1279 5759 1439 5825; x_wconf 86' lang='lat' dir='ltr'><strong>male,</strong></span> <span class='ocrx_word' id='word_1_983' title='bbox 1466 5758 1634 5813; x_wconf 85' lang='grc' dir='ltr'>ἐννόει</span> 
     </span>
    </p>
   </div>
  </div>
