3982 6398
429 387 436 394 ’
541 415 680 472 ιρις

1576 415 1635 471 S.
1676 413 2140 471 ATHANASIUS.
2187 445 2248 457 —
2289 415 2559 474 SPURIA.
3648 411 3766 466 ιειι

541 522 687 596 dico,
713 531 808 588 sed
839 547 869 586 a
907 529 1150 587 Christo.
1183 529 1336 586 οι·ιή.
1371 531 1536 601 Atqui
1565 529 1847 602 Scriptura
1885 532 2064 603 inquit
2092 548 2105 583 :

2231 528 2396 586 ιῐπεν·
2437 553 2456 586 ι
2507 531 2726 605 Ηύρέθη
2767 533 2825 586 ὲν
2873 531 3071 604 γαστρὶ
3117 530 3316 602 ἔχουσα
3355 529 3423 582 ἐκ
3469 527 3771 600 Πνεῦματος

546 643 566 678 ι
591 624 812 679 inventa
839 631 923 678 est
949 623 1003 676 in
1033 629 1189 678 utero
1217 623 1424 678 habens
1451 625 1519 678 de
1549 622 1756 694 Spiritu
1789 635 2034 680 sancto.»
2214 623 2393 692 ἁγίου.
2426 644 2445 677 ι

617 714 703 768 26.
745 711 953 768 Haud.
982 711 1078 767 Dic
1109 712 1241 766 mihi
1282 713 1373 767 ubi
1407 714 1674 783 scriptum
1704 715 1796 777 sit,
1830 715 2110 786 quidpiam

2283 715 2374 769 26.
2411 714 2631 770 Μακεδ.
2668 716 2812 787 Αὑτῇ
2844 717 2910 786 τῇ
2939 715 3081 782 λέξει
3131 711 3253 768 είπέ
3300 730 3410 784 μοι,
3446 711 3554 764 ποῦ
3589 709 3770 782 γέγρα-

538 805 798 874 aSpiritu
847 813 1040 860 sancto
1090 803 1262 860 fuisse
1292 803 1596 860 conditum.
1631 805 1783 862 Orth.
1827 805 2113 862 Sulliciunt

2231 824 2367 874 τται,
2390 809 2471 862 ὃτι
2498 825 2551 861 τι
2574 807 2753 862 ἔκτισε
2784 807 2846 860 τὸ
2872 806 3114 878 Πνεῦμα.
3143 807 3298 875 Ὀρθ.
3339 805 3528 876 Ἀρκεί
3559 803 3653 874 μὲν
3676 804 3772 866 τοῖς

539 896 759 965 quidem
783 911 844 950 ea
861 893 1028 968 456
1045 911 1166 965 quae
1191 895 1432 952 diximus
1462 898 1806 954 auditoribus
1835 899 2112 964 omnibus,

2231 899 2573 969 εὐγνωμόνως
2613 897 2869 952 ἀκούουσι
2913 898 3008 952 καὶ
3047 897 3116 952 τὰ
3159 895 3569 969 προειρημένα·
3605 893 3772 962 ἐπειδὴ

538 987 633 1058 qui
678 987 893 1042 sincere
933 988 1013 1041 rei
1061 988 1458 1058 cognoscenda
1503 990 1744 1044 studium
1793 991 2111 1048 attulerint:

2231 987 2271 1040 se
2305 987 2503 1052 σκοπὸς
2545 989 2678 1059 ⁴ἡμῖν
2708 991 2850 1042 ἐστιν
2895 987 3172 1058 ὠφελῆσαι
3201 986 3312 1059 (49)
3340 985 3438 1040 καὶ
3469 985 3596 1048 τοὺς
3619 981 3775 1052 ἀγνώ-

541 1079 804 1148 quoniam
837 1088 1016 1132 autem
1063 1079 1224 1134 nobis
1257 1080 1598 1150 propositum
1637 1089 1722 1136 est
1753 1098 1913 1138 secus
1953 1085 2114 1138 etiam

2231 1095 2388 1147 μονάς
2408 1121 2424 1144 ,
2475 1080 2640 1134 ἄκουε
2673 1081 2766 1135 καὶ
2806 1081 2900 1134 τοῦ
2925 1081 3238 1152 Πνεῦματος
3262 1079 3541 1148 λέγοντος’
3578 1097 3598 1128 ι
3628 1078 3776 1130 Ἑτοι-

540 1169 750 1226 ιιίῐυυιίε
786 1169 1046 1239 prodesse
1076 1189 1090 1224 :
1127 1171 1255 1224 audi
1286 1172 1454 1226 etiam
1487 1171 1752 1244 Spiritum
1777 1176 1858 1230 sic
1885 1175 2116 1246 loquen-

2231 1174 2392 1240 μάζου
2427 1173 2520 1228 τοῦ
2556 1174 2934 1228 ἐπικαλεῖσθαι
2969 1175 3060 1228 τὸν
3101 1172 3236 1226 Θεόν
3270 1189 3364 1226 σου
3423 1168 3662 1242 Ἰσραὴλ,
3706 1167 3776 1221 ὅτι

537 1273 686 1319 tem:
719 1283 736 1313 ‹
761 1261 995 1316 Paratus
1024 1271 1164 1328 esto,
1197 1264 1388 1330 Israel,
1417 1267 1484 1320 ad
1530 1267 1898 1323 invocandum
1945 1269 2115 1325 Deum

2231 1265 2328 1320 ἰδοὺ
2360 1266 2470 1332 ἐγὼ
2499 1265 2732 1338 στερεῶν
2767 1265 3013 1338 βροντὴν,
3048 1265 3144 1318 καὶ
3173 1263 3372 1328 κτίζων
3410 1261 3663 1332 πνεῦμα,
3699 1269 3778 1321 καὶ

541 1362 716 1409 tuum.
768 1353 908 1410 Ecce
949 1355 1095 1408 enim
1123 1370 1246 1425 ego,
1277 1357 1372 1426 qui
1423 1359 1581 1412 llrmo
1621 1360 1852 1427 tonitru,
1887 1369 1942 1415 et
1991 1377 2119 1417 creo

2231 1357 2578 1426 ἀπαγγέλλων
2625 1360 2704 1421 είς
2747 1356 3067 1430 ἀνθρώπους
3114 1355 3209 1409 τὸν
3265 1353 3502 1426 Χριστὸν
3550 1349 3726 1406 αὑτοῦ.
3755 1367 3774 1402 ι

541 1446 818 1514 spiritum,
853 1453 907 1499 et
935 1445 1254 1502 hominibus
1278 1449 1548 1502 annuntio
1564 1447 1843 1504 Christum
1864 1451 2064 1521 ejus“.
2091 1471 2112 1504 ι

2231 1451 2440 1505 Μακεδ.
2480 1453 2538 1504 '0
2572 1453 2761 1523 Πατήρ
2794 1453 2941 1504 ἐστιν
2970 1452 2999 1504 6
3028 1449 3224 1518 λέγων.
3263 1449 3418 1516 Ὀρθ.
3453 1447 3518 1499 Et
3552 1447 3582 1498 6
3609 1444 3782 1516 Πατὴρ

543 1533 751 1589 Maced.
785 1534 947 1590 Pater
987 1536 1036 1591 is
1087 1543 1194 1601 cst,
1229 1538 1322 1608 qui
1371 1538 1635 1610 loquitur.
1676 1538 1829 1595 Orth.
1866 1541 1920 1596 Si
1961 1541 2122 1598 Pater

2231 1541 2420 1609 ἔλεγεν,
2453 1536 2598 1612 εἶχεν
2621 1540 2686 1594 ἂν
2716 1543 2911 1602 είπείν,
2950 1538 3330 1608 ’Δπαγγέλλων
3368 1539 3448 1600 είς
3477 1535 3782 1608 ἀνθρώπους

542 1625 880 1695 loqueretur,
910 1626 1204 1682 dicendum
1231 1629 1279 1684 ei
1319 1628 1538 1694 fuisset,
1572 1629 1675 1696 Qui
1725 1632 1988 1687 annuntio
2021 1633 2119 1688 ho-

2231 1632 2308 1688 τὸν
2325 1633 2556 1705 Χριστόν
2583 1649 2705 1704 μουο
2725 1632 2816 1685 καὶ
2845 1632 2944 1684 οῦκ
2963 1629 3027 1686 ἂν
3055 1626 3230 1695 εἶπεν,
3245 1628 3337 1684 τὸν
3361 1628 3596 1698 Χριστὸν
3611 1625 3782 1681 αὑτοῦ.

543 1719 786 1774 minibus
833 1718 1118 1774 Christum
1150 1717 1373 1787 meum;
1413 1737 1594 1792 neque
1638 1723 1894 1789 dixisset,
1954 1723 2118 1779 Chri-

2231 1724 2386 1778 Ἐπεὶ
2418 1725 2540 1778 είπέ
2578 1742 2690 1796 μοι,
2727 1726 2774 1778 εί
2823 1722 2982 1778 ἀλλου
3015 1722 3148 1776 Θεοῦ
3192 1724 3310 1776 ἐστι
3372 1721 3526 1793 παρὰ
3553 1721 3644 1773 τὸν
3683 1721 3782 1775 Πα-

545 1812 690 1861 stum
723 1806 864 1876 ejus.
902 1806 996 1862 Dic
1023 1809 1166 1862 enim
1196 1809 1328 1863 mihi
1364 1826 1432 1864 an
1457 1812 1526 1865 ab
1557 1813 1663 1866 alio
1689 1811 1800 1868 Deo
1824 1827 1984 1884 quam
2015 1813 2120 1868 Pa-

2231 1817 2355 1888 τέρα
2386 1819 2415 1870 6
2443 1817 2697 1890 Χριστός.
2733 1815 2957 1872 Μακεό.
2989 1815 3180 1880 Ἀλλος
3217 1815 3315 1887 μὲν
3357 1814 3490 1878 Θεὸς
3535 1819 3682 1886 παρὰ
3704 1814 3782 1868 τῦν

543 1903 630 1951 tre
667 1897 738 1951 sit
775 1898 1052 1953 Christus.
1090 1898 1298 1953 Maced.
1335 1900 1494 1956 Alius
1527 1903 1747 1972 quidem
1786 1877 1964 1976 neque
1993 1905 2116 1971 fuit,

2231 1910 2460 1980 Χριστοῦ
2493 1911 2712 1982 Πατέρα
2743 1909 2867 1964 οῦτε
2891 1905 2980 1980 ἦν,
3028 1908 3151 1962 οῦτε
3194 1909 3362 1971 ἐστὶν,
3397 1907 3523 1962 οῦτε
3550 1907 3728 1961 ἔσται·
3759 1909 3784 1960 6

545 2002 649 2042 nec
677 1994 784 2048 est,
818 2004 917 2042 nec
951 1989 1055 2043 erit
1077 1988 1222 2045 Deus
1255 1999 1454 2061 preter
1497 1992 1703 2048 Christi
1735 1993 1950 2052 Patrem
1979 2015 1993 2052 :
2027 1997 2123 2052 sed

2231 2005 2509 2076 προφήτης
2542 2003 2597 2057 δέ
2629 2007 2776 2058 ἐστιν
2803 2004 2833 2057 6
2881 2003 3086 2072 λέγων’
3125 2021 3144 2053 ι
3187 2002 3508 2072 Ἐτοιμὰζου
3553 2001 3647 2055 τοῦ
3681 2003 3782 2054 ὲπιο

544 2080 808 2150 prepheta
835 2081 881 2135 is
914 2088 1018 2142 est,
1039 2083 1129 2152 qui
1155 2083 1326 2138 dicit:
1363 2103 1381 2135 ι
1403 2083 1635 2142 Paratus
1657 2098 1798 2151 esto,
1833 2087 2021 2154 lsrael,
2056 2091 2126 2146 ad

2231 2095 2506 2150 καλεῖσθαι
2533 2095 2625 2149 τὸν
2649 2096 2781 2150 Θεὸν
2810 2113 2927 2159 σου,
2967 2093 3185 2165 Ἰσραήλ
3203 2109 3219 2124 ο
3253 2113 3271 2144 ι
3309 2094 3370 2146 οὒ
3413 2097 3591 2147 κεῖται
3617 2092 3673 2146 δὲ
3703 2094 3780 2155 τὸ,

547 2171 912 2225 invocandum
959 2171 1124 2228 Deum
1178 2183 1368 2231 tuum:
1405 2197 1424 2229 ›
1464 2194 1641 2248 neque
1691 2184 1955 2251 scriptum
1999 2192 2122 2251 est,

2231 2208 2249 2239 ι
2274 2187 2403 2241 Ἰδοὺ
2426 2187 2556 2256 ἐγὼ,
2590 2205 2608 2238 ι
2629 2187 2743 2240 ἀλλ’
2769 2207 2787 2240 ι
2809 2189 2940 2242 Ἰδοὺ
2959 2187 3192 2260 στερεῶν
3212 2184 3466 2257 βροντὴν,
3484 2185 3582 2238 καὶ
3605 2185 3783 2250 κτίζων

553 2279 572 2312 ι
599 2260 742 2314 Ecce
777 2278 899 2332 ego,
929 2281 948 2316 ι
1003 2265 1098 2318 sed
1129 2284 1141 2319 :
1179 2286 1196 2317 ι
1225 2265 1363 2321 Ecce
1417 2267 1508 2337 qui
1566 2270 1748 2325 ﬁrmat
1796 2273 2026 2339 tonitru,
2071 2283 2126 2330 et

543 2358 698 2404 creat
736 2353 990 2420 Spiritum
1021 2395 1037 2418 ,
1069 2364 1122 2408 et
1156 2358 1444 2410 annuntiat.
1483 2357 1802 2416 hominibus
1847 2362 2126 2418 Christum

541 2441 708 2511 ejus:
743 2462 761 2495 ι
791 2443 907 2513 ipse
949 2446 1203 2501 videlicet
1255 2446 1420 2506 Deus.
1476 2451 1632 2507 Orth.
1665 2452 1859 2508 Omnia
1907 2457 2125 2526 quidem

547 2532 708 2587 vobis
736 2533 925 2598 licent,
952 2537 1048 2590 sed
1085 2552 1194 2590 non
1226 2540 1411 2593 omnia
1434 2543 1753 2612 expediunt.
1785 2543 1895 2599 Vos
1915 2547 2059 2601 enim
2089 2547 2127 2602 ii

547 2623 684 2678 estis
718 2624 812 2693 qui
848 2625 1024 2679 sancti
1057 2625 1212 2681 Pauli
1259 2629 1325 2683 ad
1368 2627 1628 2688 Hebraeos
1675 2631 1971 2703 Epistolam
2006 2637 2130 2706 reji-

549 2715 699 2779 citis,
727 2715 1068 2798 et_Epistol:e
1095 2718 1162 2772 ad
1191 2719 1468 2778 Romanos
1507 2732 1822 2780 contextum
1861 2727 2128 2798 deprava-

549 2807 672 2870 stis,
707 2792 831 2862 cum
856 2809 1040 2865 dicitis
1065 2812 1329 2882 scriptum
1361 2829 1470 2867 non
1503 2831 1627 2870 esse
1650 2832 1664 2867 :
1698 2833 1716 2866 ι
1740 2815 1843 2871 Per
1863 2792 2128 2888 Spiritum

550 2897 674 2966 ejus
713 2897 1109 2954 inhabitantem
1152 2902 1208 2954 in
1241 2902 1430 2969 vobis;
1457 2923 1476 2954 ι
1508 2905 1624 2971 sed,
1657 2922 1676 2956 ι
1701 2917 1924 2976 propter
1957 2907 2130 2978 Spiri-

547 2997 666 3044 tum
689 2991 808 3060 ejus
838 2991 1229 3048 inhabitantem
1242 2994 1307 3048 ‘7.
1335 3014 1353 3046 ι
1385 2994 1706 3060 Quinetiam
1741 3012 1868 3053 ecce
1896 3000 2131 3070 prophe-

552 3087 625 3136 ιω
661 3098 880 3152 quoque
912 3085 1076 3139 verba
1107 3085 1326 3141 conaris
1357 3086 1677 3156 depravare.
1703 3086 1810 3143 Sed
1833 3089 1934 3144 hoc
1969 3107 2130 3146 nemo

517 3172 653 3254 .tibi
676 3173 962 3227 concedet.
999 3173 1218 3254 Itaque,
1252 3175 1296 3228 si
1325 3175 1702 3246 pmpheticum
1733 3177 1864 3232 illud
1887 3181 2130 3248 protule-

551 3261 751 3329 rimus,
769 3270 822 3317 et
852 3263 1258 3320 ostenderimus
1289 3267 1552 3338 scriptum
1569 3284 1692 3324 esse
1715 3283 1731 3320 :
1756 3287 1775 3321 ι
1799 3268 1938 3326 Ecce
1957 3285 2079 3341 ego,
2107 3291 2126 3324 ι

556 3365 628 3405 an
653 3352 752 3406 tibi
779 3354 1097 3422 persuaderi
1130 3355 1281 3410 sines
1317 3366 1624 3412 creatorem
1671 3374 1793 3414 esse
1827 3359 2134 3430 Spiritum?

556 3437 767 3496 laud.
803 3441 932 3496 Scio
984 3443 1038 3496 in
1087 3445 1369 3500 nonnullis
1413 3448 1818 3516 exemplaribus
1861 3451 2130 3522 scriptum

557 3553 684 3594 esse
712 3553 728 3590 :
767 3557 786 3590 ι
808 3537 948 3594 Ecce
978 3555 1100 3610 ego.
1129 3559 1148 3592 ι
1182 3540 1290 3596 Sed
1318 3540 1372 3594 in
1401 3542 1808 3612 exemplaribus
1837 3545 1947 3600 illis
1975 3561 2132 3600 erra-

553 3634 674 3682 tum
721 3643 846 3683 esse
897 3628 1042 3684 dico.
1073 3627 1184 3685 Nec
1239 3628 1384 3684 enim
1439 3639 1870 3687 consentaneum
1901 3641 1956 3688 et
2006 3649 2135 3688 con-

555 3737 759 3794 gruens
801 3729 886 3779 est
927 3722 1132 3788 dicere,
1172 3722 1437 3794 Spiritum
1483 3739 1611 3778 eum
1661 3740 1785 3780 esse
1814 3726 1908 3796 qui
1940 3727 2127 3782 dicat:

561 3835 581 3868 ι
602 3815 742 3872 Ecce
773 3832 874 3888 ego
905 3817 999 3888 qui
1057 3818 1212 3879 ﬁrmo
1268 3818 1498 3880 tonitru,
1531 3825 1587 3873 et
1630 3833 1758 3874 creo
1804 3820 2077 3889 spiritum.
2105 3839 2124 3874 ι

559 3907 713 3962 Orth.
745 3907 860 3962 lmo
894 3909 1008 3964 bare
1039 3910 1273 3963 maxima
1315 3918 1400 3965 est
1441 3909 1636 3964 horum
1677 3911 1968 3966 verborum
1999 3927 2130 3966 con-

557 4002 832 4070 g'uentia,
870 4008 1058 4069 utpote
1103 4017 1225 4071 qua:
1260 4003 1419 4064 aliter
1449 4018 1614 4072 quam
1652 4003 1758 4058 hoc
1797 4005 1960 4060 modo
1993 4021 2129 4062 con-

552 4101 816 4162 gruenter
875 4093 1126 4148 construi
1159 4109 1269 4148 non
1316 4095 1554 4164 possint.
1606 4092 1848 4166 Spiritus
1899 4098 2046 4153 enim
2083 4099 2130 4156 is

555 4188 665 4244 est,
699 4183 790 4252 qui
825 4181 961 4236 dicit
991 4202 1004 4236 :
1045 4203 1063 4234 ‹
1089 4176 1321 4239 Paratus
1360 4193 1502 4247 esto,
1551 4185 1740 4248 Israel,
1777 4185 1844 4238 ad
1868 4187 2131 4242 invocan—

557 4272 689 4326 dum
731 4272 899 4327 Deum
945 4282 1119 4329 tuum.
1156 4274 1296 4331 Ecce
1327 4277 1474 4331 enim
1507 4293 1612 4348 ego
1639 4297 1657 4330 ι
1685 4276 1952 4348 (Spiritus
1976 4280 2129 4337 vide-

559 4365 707 4432 licet)
746 4383 763 4415 ι
786 4365 880 4434 qui
930 4365 1084 4420 tirmo
1114 4367 1342 4432 tonitru,
1378 4375 1432 4422 et
1469 4383 1598 4424 creo
1631 4369 1909 4440 spiritum,
1941 4381 1996 4426 et
2033 4387 2131 4426 an-

558 4457 756 4510 nuntio
811 4457 1123 4514 hominibus
1161 4459 1441 4517 Christum
1487 4461 1630 4531 ejus,
1656 4479 1676 4513 ι
1725 4460 1978 4517 videlicet
2010 4461 2124 4518 Dei.

2229 2279 2468 2351 πνεῦμα,
2501 2280 2857 2349 ἀπαγγέλλων
2879 2283 2957 2344 είς
2979 2280 3075 2334 ἀνθ
3085 2279 3299 2351 ρώπους
3319 2278 3412 2332 τὸν
3447 2277 3678 2349 Χριστὸν
3705 2275 3786 2331 αὐ-

2226 2365 2352 2419 τοῦ·
2392 2386 2410 2417 ι
2440 2366 2602 2432 αὐτὸς
2635 2370 2664 2421 6
2687 2367 2838 2432 Θεός.
2882 2369 3038 2437 Ὀρθ.
3063 2370 3248 2424 Πάντα
3269 2369 3399 2440 ὑμῖν
3427 2367 3659 2431 ἔξεστιν,
3686 2365 3783 2420 ἀλλ’

2226 2456 2287 2510 οὗ
2329 2457 2506 2510 πάντα
2563 2458 2850 2531 συμφέρει.
2893 2458 3081 2529 Ὑμεῖς
3128 2458 3238 2530 γάρ
3291 2459 3416 2510 ἐστε
3465 2454 3514 2508 οἳ
3572 2453 3666 2506 καὶ
3703 2451 3788 2524 τὴν

2229 2551 2367 2622 πρὸς
2401 2550 2682 2622 Ἐϐραίους
2718 2550 2812 2603 τοῦ
2851 2549 3004 2618 ἁγίου
3037 2549 3249 2602 Παῦλου
3296 2546 3784 2619 παραγραφόμενοι,

2229 2643 2325 2696 καὶ
2363 2641 2462 2714 τὴν
2518 2642 2654 2714 πρὸς
2706 2633 3011 2713 Ῥωμαίους
3058 2641 3592 2712 παραχαράττοντες,
3642 2639 3700 2690 ὲν
3721 2635 3786 2707 τῷ

2225 2735 2428 2805 λέγειν,
2465 2735 2526 2787 οὑ
2565 2733 2904 2806 γέγραπται,
2952 2751 2970 2783 ι
3004 2731 3100 2785 Διά
3131 2731 3224 2784 τοῦ
3260 2729 3596 2793 ἐνοικοῦντος
3639 2727 3789 2782 Πνεῦ-

2233 2845 2400 2900 ματος
2429 2827 2486 2880 ἐν
2525 2827 2652 2896 ὑμῖν
2676 2824 2836 2895 (50),
2859 2841 2878 2874 ι
2911 2822 3065 2886 ἀλλά,
3095 2841 3112 2872 ι
3139 2820 3228 2874 διά
3259 2821 3319 2873 τὸ
3351 2817 3596 2872 ἐνοικοῦν
3645 2815 3788 2872 αὐτοῦ

2229 2917 2475 2987 Πνεῦμα.
2503 2935 2521 2967 ι
2559 2915 2689 2968 Ἰδοὺ
2724 2913 2788 2985 δὴ
2822 2913 2914 2966 καὶ
2939 2912 3030 2965 τὸν
3060 2912 3350 2984 προφήτην
3377 2910 3672 2980 ἐπιχειρεῖς
3703 2921 3790 2959 πα-

2233 3005 2608 3076 ραχαράττειν.
2665 3003 2806 3055 Ἀλλ’
2845 3001 3019 3064 οῦδείς
3071 3018 3154 3054 σοι
3205 3001 3499 3070 συγχωρεῖ.
3558 2998 3682 3052 Ἐὰν
3713 2992 3793 3050 οὖν

2234 3095 2656 3168 προκομίσωμεν
2688 3096 2749 3147 τὸ
2787 3092 3144 3167 προφητικὸν,
3190 3091 3284 3145 καὶ
3335 3089 3623 3161 δείξωμεν,
3649 3087 3797 3142 ὅτιτὸ

2239 3207 2258 3239 ι
2293 3187 2422 3241 Ἰδοὺ
2450 3185 2560 3254 ἐγὼ
2602 3207 2620 3238 ι
2655 3186 2983 3258 γέγραπται,
3013 3183 3197 3254 πείθῃ,
3227 3183 3312 3236 ὅτι
3342 3180 3520 3246 κτίζει
3554 3180 3616 3234 τὸ
3646 3181 3796 3234 Πνεῦ-

2237 3296 2342 3351 μα;
2381 3277 2602 3334 Μακεδ.
2631 3273 2782 3341 Οἶδα,
2811 3277 2891 3330 ὅτι
2924 3277 2980 3329 ὲν
3015 3275 3176 3338 ἐνίοις
3211 3274 3322 3329 τῶν
3346 3273 3698 3344 ἀντιγράφων
3719 3272 3796 3340 γέ-

2233 3388 2476 3443 γραπται
2503 3371 2583 3432 τδ,
2613 3391 2630 3421 ι
2666 3369 2796 3423 Ἰδοὺ
2821 3365 2950 3436 ἐγώ.
2977 3386 2996 3418 ι
3026 3366 3164 3419 Ἀλλ’
3187 3365 3298 3434 ἐγὼ
3320 3365 3468 3434 λέγω
3498 3363 3798 3433 ἐσφαλμένα

2232 3455 2370 3513 εἶναι
2409 3458 2479 3512 τὰ
2504 3459 2832 3529 ἀντίγραφα.
2865 3456 2941 3509 Οὐ
2975 3457 3082 3528 γὰρ
3111 3456 3225 3527 ἔχει
3244 3453 3572 3508 ἀκολουθίαν
3613 3453 3796 3520 λέγειν,

2231 3550 2291 3603 τὸ
2320 3548 2549 3618 Πνεῦμά
2599 3549 2714 3601 ἐστι
2744 3547 2805 3600 τὸ
2847 3545 3026 3615 λέγον,
3075 3547 3156 3600 ὅτι
3203 3564 3222 3597 ι
3259 3545 3393 3598 Ἰδοὺ
3429 3543 3544 3612 ἐγὼ
3575 3539 3798 3613 στερεῶν

2233 3643 2484 3715 βροντὴν,
2518 3643 2613 3696 καὶ
2662 3641 2864 3704 κτίζων
2911 3639 3150 3709 πνεῦμα.
3189 3659 3206 3690 ι
3260 3639 3419 3706 Ὀρθ.
3468 3638 3728 3706 Καίτοιγε
3767 3637 3798 3706 ἡ

2233 3735 2466 3806 μεγίστη
2497 3732 2788 3786 ἀκολουθία
2820 3729 2914 3784 τοῦ
2963 3729 3130 3802 ῥητοῦ
3163 3728 3303 3800 αῦτη
3325 3767 3340 3792 ,
3378 3727 3476 3781 καὶ
3518 3727 3693 3790 ἄλλως
3721 3725 3800 3789 ἐξ·

2229 3824 2585 3898 ομαλισθῆναι
2617 3824 2676 3876 οὐ
2699 3823 2918 3876 δύναται
2941 3821 3182 3893 ἢοῦτως.
3204 3819 3278 3871 Τὸ
3302 3817 3413 3889 γάρ
3442 3817 3674 3888 Πνεῦμά
3697 3819 3801 3870 ἐστι

2229 3919 2290 3970 τὸ
2311 3917 2486 3986 λέγον·
2517 3935 2535 3968 ι
2560 3914 2882 3985 Έτοιμάζου
2910 3913 3004 3967 τοῦ
3027 3908 3407 3966 ἐπικαλεῖσθαι
3427 3907 3669 3962 τὸνθεόν
3695 3924 3801 3968 σου,

2228 4007 2595 4079 Ἰσραὴλ.⁶’οτι
2616 4005 2723 4058 ἰδοῦ
2740 4007 2850 4074 ἐγὼ
2863 4003 2926 4057 τὸ
2942 4002 3181 4072 Πνεῦμα,
3201 3998 3440 4072 στερεῶν
3456 3997 3701 4070 βροντὴν.
3719 3999 3805 4051 καὶ

2228 4099 2426 4166 κτίζων
2454 4099 2565 4170 (51)
2591 4098 2830 4168 πνεῦμα,
2866 4096 2961 4150 καὶ
2989 4093 3347 4162 ἀπαγγέλλων
3381 4095 3461 4156 είς
3493 4091 3806 4163 ἀνθρώπους

2227 4192 2320 4246 τὸν
2341 4191 2573 4263 Χριστὸν
2606 4186 2792 4251 αὑτοῦ,
2819 4205 2837 4237 ι
2860 4183 3102 4256 δηλονότι
3123 4183 3216 4236 τοῦ
3235 4182 3392 4235 Θεοῦ.
3412 4181 3637 4236 Μακεδ.
3655 4181 3804 4234 Ποῖον

2233 4281 2449 4352 πνεῦμα
2468 4278 2642 4343 κτίζει
2663 4295 2678 4344 ;
2696 4275 2927 4344 Ὀρθ.Εί
2959 4275 3054 4346 μὲν
3077 4273 3221 4326 κατά
3247 4273 3310 4326 τὸ
3327 4271 3590 4344 ρητὺν,τὸ
3616 4270 3808 4340 ὲπύμεο

2227 4389 2318 4426 νον
2349 4375 2416 4444 τῇ
2452 4371 2646 4444 βροντῇ
2667 4387 2681 4401 ο
2716 4371 2764 4422 εί
2791 4368 2848 4422 δὲ
2877 4365 3022 4421 κατά
3049 4366 3310 4430 διάνοιαν,
3338 4365 3366 4417 ὃ
3397 4359 3552 4417 εἶπεν
3589 4365 3619 4417 6
3662 4362 3810 4430 ἅγιος

2229 4463 2439 4526 Παῦλος
2479 4480 2497 4514 ι
2535 4458 2838 4532 τηρηθῆναι
2867 4458 3156 4528 ἄμεμπτον
3187 4453 3326 4526 μετὰ
3352 4453 3454 4523 τῆς
3491 4453 3693 4524 ψυχῆς,
3723 4451 3810 4504 καὶ

557 4544 768 4604 Maced.
817 4548 990 4615 Quem
1042 4551 1294 4619 spiritum
1351 4553 1535 4607 creat?
1591 4551 1745 4610 Orth.
1799 4551 1856 4607 Si
1891 4554 2128 4610 litteram

2231 4554 2321 4608 τοῦ
2345 4553 2615 4624 σώματος,
2640 4554 2696 4606 ὲν
2716 4554 2785 4622 τῇ
2815 4548 3087 4621 παρουσίᾳ
3115 4546 3208 4601 τοῦ
3227 4544 3433 4618 Κυρίου
3457 4543 3618 4616 ἡμῶν
3639 4540 3808 4615 Ἰησοῦ

556 4637 780 4708 quidem
802 4641 1039 4694 ctverba
1060 4642 1176 4711 ipsa
1207 4651 1444 4711 spectes,
1471 4643 1728 4714 Spiritum
1760 4659 1858 4699 seu
1881 4652 2127 4710 ventum,

557 4728 651 4798 qui
677 4731 883 4784 tonitru
917 4735 1276 4800 consequitur
1297 4753 1310 4789 :
1331 4735 1415 4789 sin
1442 4750 1574 4788 vero
1590 4735 1918 4790 sententiam
1955 4739 2128 4806 ipsam

555 4821 895 4884 consideres,
937 4840 1058 4879 eum
1110 4825 1368 4895 spiritum
1390 4866 1406 4891 ,
1437 4842 1598 4896 quem
1629 4827 1705 4880 ait
1734 4839 1962 4882 sanctus
1988 4827 2130 4882 Pau-

557 4913 646 4970 lus
675 4933 689 4970 :
716 4933 733 4967 ι
765 4915 1041 4971 Custodiri
1063 4918 1400 4988 inculpatum
1431 4933 1556 4973 cum
1583 4919 1763 4973 anima
1794 4928 1848 4974 et
1881 4935 2127 4992 corpore,

559 5005 627 5060 ad
663 5005 881 5062 Domini
921 5010 1094 5064 nostri
1141 5008 1271 5064 Jesu
1304 5009 1512 5065 Christi
1549 5011 1839 5066 adventum
1858 5011 1924 5069 δ’.
1946 5033 1964 5065 ι
1993 5013 2129 5069 Nam

557 5115 656 5170 per
687 5120 705 5152 ι
734 5101 1081 5157 obﬁrmatum
1127 5102 1332 5157 tonitru
1360 5121 1378 5154 ι
1423 5101 1810 5174 intelligendus
1843 5112 1927 5158 est
1956 5106 2135 5176 bapti-

561 5211 716 5251 smus
742 5195 835 5252 ille
870 5197 1020 5266 prior
1053 5196 1197 5266 apud
1227 5195 1447 5251 Judzeos
1476 5205 1799 5267 usurpatus,
1838 5212 2048 5253 vacuus
2077 5206 2132 5254 et

560 5303 772 5358 aqueus
804 5306 816 5341 :
849 5289 986 5344 adeo
1021 5296 1080 5342 ut
1136 5289 1338 5344 dixerit
1395 5297 1624 5344 sanctus
1661 5286 1943 5346 Joannes:
1977 5309 1996 5342 ι
2019 5290 2132 5362 Ego

561 5380 784 5450 quidem
817 5381 1034 5452 baptizo
1067 5396 1164 5437 vos
1212 5396 1354 5452 aqua
1407 5381 1477 5437 ad
1530 5381 1908 5452 paenitentiam
1941 5401 1956 5438 :
1985 5383 2134 5439 venit

2233 4643 2496 4716 Χριστοῦ.
2530 4663 2548 4695 ι
2587 4643 2698 4696 Καὶ
2742 4640 2852 4711 γὰρ
2893 4639 2991 4710 τὴν
3023 4636 3440 4709 ἑστερεωμένην
3497 4635 3728 4708 βροντὴν
3754 4631 3809 4684 τὸ

2235 4735 2517 4807 βάπτισμα
2560 4734 2640 4787 δεῖ
2684 4733 2867 4795 νοεῖν,
2911 4729 3175 4802 πρότερον
3221 4728 3282 4782 ὂν
3336 4727 3492 4798 παρά
3544 4725 3808 4783 Ἰουδαίας

2233 4825 2432 4898 χαῦνον
2457 4826 2552 4878 καὶ
2599 4822 2867 4886 ὑδατῶδες
2885 4838 2899 4852 ο
2931 4821 3074 4874 ὥστε
3103 4820 3280 4891 λέγειν
3306 4819 3400 4872 τὸν
3441 4817 3600 4886 ἅγιον
3633 4814 3807 4869 Ἰωάν⁴

2231 4935 2364 4991 νην·
2402 4938 2420 4970 ι
2454 4916 2594 4986 Ἐγὼ
2645 4917 2743 4988 μὲν
2777 4913 3022 4986 βαπτίζω
3062 4914 3210 4984 ὑμᾶς
3249 4913 3306 4964 ὲν
3339 4909 3495 4964 ῦδατι
3524 4911 3608 4974 είς
3645 4906 3805 4979 μετά-

2231 5029 2412 5067 νοιαν·
2447 5011 2666 5082 ἔρχεται
2715 5010 2772 5063 δὲ
2816 5009 2844 5061 6
2889 5006 3236 5079 ἰσχυρότερός
3281 5022 3404 5076 μου,
3441 5004 3513 5081 Δδς
3543 5005 3688 5076 ὑμᾶς
3719 5000 3804 5072 p.1-

2235 5105 2418 5158 πτίσει
2463 5105 2521 5156 ὲν
2555 5099 2834 5171 Πνεύματι
2882 5098 3022 5167 ἀγίιρ
3067 5096 3162 5150 καὶ
3211 5095 3410 5167 πυρί.»
3469 5093 3685 5164 Ἐπειδὴ
3716 5085 3802 5143 οὖν

2233 5196 2365 5251 αὐτὸ
2395 5171 2458 5248 το
2487 5194 2769 5266 βάπτισμα
2796 5191 2863 5262 τῇ
2895 5187 2987 5242 τοῦ
3017 5185 3342 5258 Πνεῦματος
3376 5184 3648 5258 παρουσίᾳ
3685 5197 3799 5234 στε-

2237 5289 2474 5361 ρεοῦται,
2511 5285 2691 5350 καλῶς
2721 5285 2958 5356 εἴρηται,
2981 5280 3066 5334 ὅτι
3095 5299 3114 5332 ι
3156 5279 3288 5333 Ἰδοὺ
3312 5277 3427 5346 ἐγὼ
3456 5297 3476 5330 ι
3505 5278 3565 5330 τδ
3588 5273 3798 5343 Πνεῦμα

2244 5401 2263 5434 ι
2295 5379 2532 5455 στερεῶν
2583 5377 2845 5451 βροντὴν,
2885 5374 2980 5428 καὶ
3032 5371 3236 5436 κτίζων
3275 5368 3535 5442 πνεῦμα,
3571 5388 3590 5421 ι
3646 5367 3708 5422 τὸ
3746 5365 3797 5416 ἐν

634 5536 680 5570 ⁸⁸
713 5536 881 5593 Amos
912 5553 988 5604 IV,
1027 5537 1126 5600 ιε,
1161 5537 1248 5592 l5.
1321 5537 1364 5571 "
1407 5536 1566 5594 Rom.
1599 5551 1734 5603 vut,
1768 5537 1823 5594 9.
1899 5538 1945 5571 “
1979 5539 2005 5594 1
2035 5536 2129 5592 Tbc

2266 5554 2320 5603 v,
2353 5535 2446 5592 25.

637 5691 750 5772 (ιθ)
788 5691 983 5757 Palat.,
1014 5693 1314 5775 ὠφελῆσαι,
1352 5692 1461 5777 ἰδοῦ
1499 5693 1610 5760 εγὼ
1641 5694 1874 5782 στερεῶν
1905 5694 1993 5818 βρε

639 5763 751 5818 (50)
791 5762 988 5818 Palat..
1019 5765 1107 5818 διὰ
1143 5781 1236 5818 του
1260 5765 1574 5818 Πνευματος
1605 5766 1660 5818 ὲν
1688 5783 1834 5818 υμιν.
1882 5766 1941 5818 ’Δ
1975 5779 1993 5817 l

639 5763 751 5836 (50)
791 5762 988 5830 Palat.,
1019 5761 1107 5820 διά
1143 5761 1236 5818 τοῦ
1260 5761 1574 5832 Πνεῦματος
1605 5766 1660 5818 ὲν
1688 5761 1834 5836 ὑμῖν.
1882 5761 2019 5818 ’Ἀλλ’
2047 5764 2136 5818 οὐ-

568 5834 678 5898 δείς
710 5850 800 5888 σου
834 5851 987 5904 συγχ.

2313 5691 2428 5765 (5|)
2464 5689 2660 5753 Palat.,
2693 5687 2896 5752 κτίζον,
2929 5684 3015 5740 hic
3051 5693 3108 5741 et
3137 5681 3447 5740 inﬁmﬂox
3486 5680 3576 5736 καί
3601 5678 3752 5734 abes:
3776 5687 3802 5722 ει

2242 5779 2378 5820 mss.
