3982 6398
259 367 393 426 1245
1204 369 1292 425 DE
1335 370 1608 428 SANCTA
1642 372 1796 428 TRID

1899 375 2024 431 ὶΤΕ
2065 377 2415 435 DIALOGUS
2448 379 2540 435 ΠΙ.
3367 380 3508 437 1246

254 484 458 553 ἑκάστῳ
486 482 668 553 ήμῶν,
712 483 740 536 ὃ
773 483 867 537 καὶ
896 484 1122 555 καρδίαν
1154 484 1410 539 ἐκάλεσεν
1435 488 1464 540 6
1496 487 1679 551 Δαϐὶδ,
1727 488 1796 541 λέ·

1923 499 2126 557 autem,
2170 495 2266 565 qui
2321 496 2519 551 fortior
2554 512 2642 552 me
2684 502 2791 565 est,
2832 495 2925 566 qui
2958 512 3060 551 vos
3111 495 3419 567 baptizabit
3450 496 3506 550 in

251 592 385 648 γων·
413 595 432 627 ι
455 576 698 647 Καρδίαν
721 576 966 648 καθαρὰν
983 577 1166 631 κτίσον
1194 579 1250 631 ἐν
1278 580 1424 649 ἐμοὶ,
1453 581 1481 633 6
1508 579 1660 643 Θεός.
1684 600 1703 631 ι

1923 580 2132 652 Spiritu
2193 598 2383 641 sancto
2429 595 2485 642 et
2540 591 2664 658 igne
2682 589 2795 645 ⁸³.»
2841 588 3115 655 Quoniam
3172 588 3341 659 igitur
3388 588 3507 658 ipse

249 670 540 741 baptismus
564 673 805 725 lirmatur
829 671 1063 741 Spiritus
1085 674 1394 741 praesentia,
1423 684 1567 728 recte
1585 676 1792 730 dictum
1821 683 1902 732 est
1936 696 1951 733 :
1984 697 2002 729 ι
2028 678 2169 734 Ecce
2213 697 2315 752 ego
2343 702 2361 735 ι
2404 683 2666 754 (Spiritus
2711 684 3011 753 videlicet),
3048 703 3066 736 ι
3096 685 3189 754 qui
3230 684 3390 737 ﬁrmo
3423 691 3511 738 to-

252 770 408 829 nitru,
439 776 494 820 et
526 780 655 819 creo
687 765 963 835 spiritum,
992 783 1010 815 ι
1047 765 1199 817 illum
1266 765 1518 820 videlicet
1567 768 1657 837 qui
1704 769 1935 838 singulis
1984 771 2146 829 nobis
2190 773 2354 842 inest,
2399 792 2558 846 quem
2611 777 2780 831 etiam
2808 792 2905 831 cor
2934 777 3167 847 appellat
3191 775 3385 842 David,
3418 778 3509 831 in-

251 864 432 929 quiens
462 876 475 911 :
520 874 537 907 ι
561 855 670 910 Cor
698 855 957 909 mundum
984 871 1109 910 crea
1134 857 1188 910 in
1218 872 1324 920 me,
1356 855 1578 911 Deus”.
1611 877 1630 908 ι

314 949 399 1003 27.
456 947 678 1002 Μακεδ.
727 946 837 999 Καὶ
897 945 1123 1018 βροντὴν
1160 946 1340 1015 λέγεις
1391 947 1452 999 τὸ
1502 945 1796 1018 βάπτισμα.

1989 954 2078 1009 27.
2120 954 2330 1010 Maced.
2369 954 2513 1025 Ergo
2540 954 2871 1027 baptismum
2902 972 3067 1013 vocas
3095 960 3324 1012 tonitru.
3346 958 3498 1014 Orth.

262 1043 406 1110 Ὀρθ.
440 1037 790 1109 Συμϐολικῶς
830 1037 924 1090 καὶ
962 1036 1124 1090 πάνυ.
1163 1038 1252 1101 Ὠς
1290 1037 1399 1109 γὰρ
1430 1038 1559 1091 ὅταν
1591 1038 1809 1104 ἀκούω,

254 1130 566 1201 «Ἄμπελον
617 1128 678 1192 ἐξ
721 1126 995 1196 Αἰγύπτου
1046 1128 1321 1199 μετῆρας,
1357 1147 1376 1179 ι
1420 1127 1521 1181 ούκ
1567 1130 1810 1199 ἄμπελον

247 1220 551 1291 σωματικὴν
585 1218 1005 1291 περιδλέπομαι,
1038 1217 1172 1270 ἀλλὰ
1201 1219 1292 1271 τὸν
1322 1220 1448 1273 ναὸν
1472 1219 1604 1272 νοῶ·
1634 1219 1810 1284 οὕτως

245 1316 333 1368 καὶ
352 1312 581 1383 βροντὴν
605 1311 665 1364 τὸ
687 1310 968 1381 βάπτισμα
994 1312 1119 1364 νοῶ.
1140 1312 1250 1364 Καὶ
1269 1310 1378 1383 γὰρ
1401 1312 1530 1375 τοὺς
1559 1311 1810 1382 μαθητὰς

243 1401 399 1457 αὐτοῦ
436 1402 585 1463 υἱοὺς
619 1401 845 1471 βροντῆς
896 1402 1151 1455 ἐκάλεσεν
1202 1405 1231 1457 ὁ
1269 1403 1525 1475 Χριστὸς,
1560 1404 1809 1458 τουτέστι

242 1495 606 1566 βαπτίσματος
634 1492 806 1556 υίούς.
832 1493 1049 1564 Ἐπειδὴ
1078 1494 1186 1565 γὰρ
1213 1496 1245 1565 ἡ
1272 1494 1466 1566 βροντὴ
1496 1496 1809 1549 συνίσταται

239 1589 294 1654 ἐξ
324 1587 509 1649 ὓδατος
540 1586 635 1638 κα)⁸
677 1585 1008 1655 πνεύματος,
1036 1585 1192 1639 τοῦτο
1217 1586 1273 1639 δέ
1298 1591 1444 1640 ἐστιν
1476 1589 1510 1658 ἡ
1533 1586 1625 1639 τοῦ
1652 1588 1807 1656 ἁγίου

241 1678 610 1771 βαπτίσματος
645 1677 1023 1748 μυσταγωγία,
1054 1678 1393 1749 συμϐολικῶς
1432 1680 1493 1732 τὸ
1526 1679 1807 1750 βάπτισμα

237 1862 567 1932 Πνεύματος.
602 1860 820 1931 ’Δμέλει
843 1863 873 1914 6
915 1860 1255 1925 Ἀπὸστολος,
1286 1861 1362 1924 ὼς
1412 1864 1468 1914 ἐν
1501 1864 1621 1925 ταῖς
1658 1861 1807 1933 Πρά-

238 1952 375 2017 ξεσιν
405 1951 645 2023 εἴρηται,
669 1951 841 2005 ἐλθὼν
873 1953 967 2005 καὶ
995 1950 1170 2023 εὑρών
1199 1969 1351 2014 τινας
1385 1951 1805 2022 βαπτισθέντας,

233 2044 516 2115 ἠρώτησεν
555 2044 752 2107 αὐτοὺς
777 2044 980 2113 λέγων’
1012 2064 1030 2094 ι
1059 2044 1121 2096 Εἰ
1150 2042 1374 2114 Πνεῦμα
1407 2044 1561 2112 ἅγιον
1588 2043 1807 2097 ἐλάϐετε

233 2137 660 2200 πιστεύσαντεςς
694 2154 713 2188 ι
750 2137 1001 2190 Ἐκείνων
1023 2135 1080 2188 δὲ
1108 2136 1404 2208 εἰρηκότων
1425 2175 1439 2198 ,
1471 2154 1489 2186 ι
1525 2135 1662 2188 Ἀλλ’
1687 2135 1805 2188 ούδέ

231 2230 276 2281 εί
301 2228 531 2299 Πνεῦμα
572 2228 729 2297 ἅγιόν
766 2229 913 2281 ἐστιν
951 2225 1284 2298 ἠκούσαμεν,
1313 2248 1331 2279 ›
1364 2224 1544 2281 εἶπεν·
1587 2246 1605 2279 ι
1636 2229 1729 2291 Εἰς
1754 2226 1806 2280 τί

229 2312 317 2372 οὖν
357 2317 763 2389 was-tricenas;
796 2337 815 2370 ι
844 2317 917 2381 ὡς
960 2317 1055 2370 τοῦ
1096 2317 1475 2389 περεὼματος
1521 2320 1622 2372 ούκ
1654 2319 1805 2382 ὄντος

226 2410 283 2462 ἐν
327 2407 407 2479 τῷ
459 2409 834 2481 βαπτίσματι,
884 2409 959 2480 μὴ
1011 2409 1276 2479 παρόντος
1325 2408 1419 2462 τοῦ
1467 2409 1801 2480 Πνεύματος.

229 2499 444 2572 Drepsa!
502 2498 595 2555 οὖν
630 2500 856 2573 βροντὴν
885 2502 945 2554 τὸ
992 2501 1314 2572 βάπτισμα.
1372 2502 1467 2555 καὶ
1523 2502 1694 2567 κτίζει
1743 2502 1805 2555 τὸ

224 2591 466 2663 πνεῦμα,
511 2594 757 2647 τουτέστι
778 2593 878 2656 τὰς
921 2594 1148 2663 καρδίας
1178 2593 1360 2663 ἡμῶν,
1400 2593 1531 2647 αὐτὸ
1562 2593 1624 2647 τὸ
1651 2594 1803 2662 ἅγιον

224 2683 449 2754 Πνεῦμα
473 2684 538 2737 τὸ
559 2684 716 2753 λέγον
742 2685 831 2739 διὰ
856 2685 950 2739 τοῦ
982 2687 1260 2757 προφήτου
1283 2704 1295 2716 ·
1325 2705 1343 2737 ι
1366 2684 1684 2756 Ἐτοιμάζου
1707 2686 1800 2739 τοῦ

222 2774 605 2829 ἐπικαλεῖσθαι
649 2776 743 2829 τὸν
774 2777 905 2829 Θεόν
938 2793 1051 2839 σου,
1094 2777 1341 2847 Ἰσραήλ·
1383 2776 1515 2830 διότι
1550 2777 1659 2830 ἰδοὺ
1692 2775 1802 2845 ἐγὼ

224 2868 459 2938 στερεῶν
491 2867 746 2939 βροντὴν,
776 2868 869 2921 καὶ
898 2866 1098 2931 κτίζων
1135 2867 1377 2939 πνεῦμα,
1412 2869 1505 2922 καὶ
1527 2867 1803 2937 ἀπαγγέλ-

219 2955 323 3010 λων
348 2960 432 3023 είς
457 2958 782 3031 ἀνθρώπους
808 2961 918 3031 (55)
945 2960 1035 3014 τὸν
1058 2960 1295 3031 Χριστὸν
1321 2959 1507 3014 αὐτοῦ.
1539 2981 1556 3011 ι
1580 2960 1799 3015 Μακεδ.

218 3049 326 3101 Καὶ
380 3050 444 3103 τὸ
499 3050 632 3119 ἐξῆς
680 3052 1055 3122 ἐρμήνευσον,
1089 3052 1182 3104 καὶ
1235 3051 1414 3117 οὕτως
1458 3052 1796 3122 ἐξομάλισον.

1919 1044 2064 1100 Sane
2089 1046 2309 1115 quidem
2346 1047 2665 1117 symbolice.
2705 1050 3177 1113 Quemadmodum
3199 1052 3345 1105 enim
3374 1067 3503 1106 cum

1917 1137 2052 1191 illud
2097 1138 2297 1202 audio,
2333 1156 2352 1189 ι
2403 1138 2624 1192 Vineam
2655 1138 2723 1193 de
2757 1139 2992 1211 IEgypto
3032 1143 3443 1206 transtulisti“,
3474 1162 3496 1195 ο

1916 1244 2027 1283 non
2057 1230 2349 1284 considero
2382 1230 2547 1284 vitem
2577 1230 2743 1284 ullam
2768 1247 3088 1301 corpoream
3112 1234 3204 1286 sed
3237 1235 3501 1302 templum

1916 1323 2164 1388 intelligo
2188 1341 2202 1377 :
2234 1323 2307 1376 ita
2330 1323 2494 1377 etiam
2518 1338 2613 1390 per
2639 1324 2845 1376 tonitru
2865 1323 3111 1394 intelligo
3140 1325 3499 1394 baptismum.

1914 1412 2051 1468 Nam
2083 1429 2214 1469 suos
2250 1414 2413 1469 etiam
2444 1413 2750 1482 discipulos
2790 1414 3046 1469 Christus
3101 1417 3315 1469 vocavit
3353 1416 3499 1471 ﬁlios

1914 1505 2166 1568 tonitrui,
2200 1505 2251 1559 id
2303 1511 2389 1560 est
2437 1504 2715 1573 baptismi.
2761 1503 3029 1570 Quoniam
3085 1506 3230 1563 enim
3279 1508 3490 1561 tonitru

1912 1602 2128 1650 constat
2147 1610 2212 1649 ex
2247 1609 2388 1663 aqua
2417 1602 2471 1649 et
2503 1595 2724 1664 spiritu,
2758 1611 2854 1650 seu
2888 1607 3074 1657 vento,
3107 1597 3158 1649 id
3183 1606 3365 1650 autem
3399 1607 3486 1652 est

1912 1684 2141 1754 mystica
2185 1682 2434 1753 quadam
2491 1683 2668 1737 sancti
2705 1682 2963 1751 baptismi
2988 1682 3368 1749 adumbratio,
3399 1682 3498 1736 ba-

237 1769 455 1838 Wv
501 1769 657 1822 καλεῖ
725 1770 1134 1841 ἐστερεωμένην
1185 1770 1290 1822 ὑπὸ
1338 1770 1431 1823 τοῦ
1483 1771 1637 1838 ἁγίου
1692 1769 1796 1841 (Sil

1912 1776 2173 1844 ptismum
2208 1774 2513 1845 symbolice
2562 1782 2721 1827 vocat
2773 1775 2977 1827 tonitru
3018 1772 3289 1827 ﬁrmatum
3319 1790 3348 1826 a
3375 1772 3498 1843 Spi-

1909 1866 2018 1919 ritu
2048 1872 2260 1917 sancto.
2296 1861 2582 1932 Siquidem
2617 1862 2915 1930 Apostolus
2950 1861 3033 1929 (ut
3083 1862 3139 1914 in
3172 1861 3327 1915 Actis
3358 1860 3498 1914 dici-

1905 1955 2020 2023 tur)
2054 1969 2177 2009 cum
2225 1951 2450 2007 veniens
2492 1952 2794 2005 invenisset
2839 1951 3141 2006 nonnullos
3186 1952 3497 2020 baptizatos

1907 2045 2264 2115 interrogavit
2306 2061 2401 2100 eos
2445 2044 2671 2097 dicens:
2712 2043 2836 2096 «An
2877 2044 3172 2109 accepistis
3218 2043 3495 2113 Spiritum

1905 2148 2154 2194 sanctum
2187 2136 2550 2191 credentes?»
2589 2136 2726 2188 Cum
2780 2142 2962 2188 autem
3026 2136 3104 2188 illi
3164 2136 3492 2200 dixissent,

1911 2248 1928 2280 ι
1951 2228 2079 2290 Sed,
2111 2242 2288 2297 neque
2336 2227 2382 2281 si
2445 2224 2687 2295 Spiritus
2734 2234 2958 2280 sanctus
2986 2235 3069 2279 est
3100 2227 3434 2287 audivimus,
3468 2247 3487 2279 ι

1905 2320 1979 2372 ait
2010 2334 2023 2369 :
2052 2337 2071 2368 ι
2093 2316 2151 2371 In
2175 2333 2284 2387 quo
2310 2332 2441 2387 ergo
2472 2316 2731 2385 baptizati
2756 2315 2890 2370 estis
2907 2316 2993 2367 ετξ)
3016 2336 3034 2367 ι
3057 2315 3225 2381 Quasi
3257 2317 3491 2371 absente

1906 2408 2133 2480 Spiritu,
2169 2410 2319 2463 nulla
2352 2409 2424 2463 sit
2469 2409 2524 2462 in
2558 2408 2829 2475 baptismo
2871 2407 3118 2461 ﬁrmitas.
3147 2407 3353 2461 Firmat
3385 2409 3491 2479 igi-

1904 2509 1996 2554 tur
2031 2501 2261 2562 tonitru,
2296 2500 2349 2553 id
2403 2507 2488 2554 cst
2537 2499 2892 2567 baptismum,
2920 2506 2972 2552 et
3003 2507 3152 2553 creat
3183 2498 3345 2570 457
3378 2502 3491 2570 spi-

1908 2594 2096 2654 ritum,
2135 2592 2238 2646 hoc
2275 2598 2359 2646 est
2387 2589 2554 2644 corda
2586 2599 2796 2653 nostra,
2830 2590 2947 2658 ipse
2983 2589 3222 2660 Spiritus
3258 2600 3488 2648 sanctus

1903 2684 1995 2755 qui
2053 2684 2185 2738 dicit
2227 2699 2323 2753 per
2378 2682 2695 2752 prophetam
2730 2697 2742 2731 :
2782 2699 2800 2732 ι
2829 2679 3063 2737 Paratus
3117 2692 3259 2746 esto,
3296 2684 3485 2747 Israel,

1902 2778 1968 2831 ad
2020 2775 2385 2831 invocandum
2427 2773 2597 2828 Deum
2647 2785 2821 2828 tuum.
2860 2774 3002 2828 Ecce
3056 2774 3204 2828 enim
3255 2790 3355 2844 ego
3386 2776 3487 2844 qui

1901 2868 2058 2923 ﬁrmo
2092 2867 2327 2931 tonitru,
2362 2873 2415 2920 et
2458 2881 2588 2920 creo
2618 2865 2896 2936 spiritum,
2920 2873 2974 2919 et
3006 2865 3273 2919 annuntio
3303 2865 3484 2920 homi-

1901 2962 2065 3016 nibus
2105 2959 2386 3015 Christum
2432 2958 2574 3027 ejus.
2604 2974 2624 3009 ι
2662 2956 2872 3011 Maced.
2919 2957 3284 3028 Interpretare
3315 2960 3481 3013 ctiam

1900 3052 2046 3124 quod
2079 3051 2458 3120 consequitur,
2486 3057 2540 3104 et
2589 3051 2695 3104 ista
2745 3050 2888 3104 inter
2920 3066 2978 3105 se
3010 3057 3068 3103 ut
3118 3048 3480 3118 congruentia

230 3139 383 3208 Ὀρθ.
415 3161 433 3192 ι
454 3140 640 3195 Ποιῶν
666 3141 861 3213 ὄρθρον
886 3142 983 3197 καὶ
1010 3142 1263 3213 ὀμίχλην,
1293 3142 1588 3197 ἐπιϐαίνων
1619 3144 1713 3196 ἐπὶ
1735 3144 1796 3197 τὰ

1904 3151 2191 3198 connectc.
2227 3141 2379 3197 Orth.
2401 3159 2417 3192 ι
2448 3141 2552 3208 Qui
2586 3141 2761 3196 cilicio
2781 3141 3083 3196 diluculum
3114 3150 3167 3197 et
3196 3140 3479 3201 nebulam,

215 3230 395 3302 ὑψηλὰ
427 3234 536 3303 τῆς
569 3233 696 3304 γῆς.
722 3253 742 3286 ι
773 3234 997 3288 Mam-:6.
1024 3234 1088 3286 Τί
1118 3230 1212 3287 οῦν
1240 3234 1416 3304 λέγεις
1452 3235 1543 3287 τὸν
1581 3233 1798 3306 ὄρθρον,

1902 3243 1956 3288 et
2011 3234 2204 3288 incedo
2258 3249 2424 3302 super
2484 3235 2703 3289 excelsa
2762 3240 2919 3287 terra:
2941 3232 3289 3288 ".oMaced.
3332 3230 3479 3297 Quid

212 3322 308 3378 καὶ
335 3324 438 3395 τὴν
463 3323 726 3395 ὀμίχλην,
759 3323 941 3377 καὶτὰ
963 3322 1145 3394 ὑψηλά
1172 3323 1270 3395 τῆς
1292 3324 1430 3394 γῆς;
1468 3326 1622 3391 Ὀρθ.
1645 3324 1796 3377 Κατὰ

1899 3326 2068 3396 igitur
2097 3340 2261 3378 vocas
2309 3324 2637 3386 diluculum,
2665 3330 2719 3376 et
2750 3323 3003 3378 nebulam
3040 3332 3092 3376 et
3119 3322 3338 3376 excelsa
3362 3332 3476 3375 ter-

210 3414 459 3469 διάνοιαν
494 3415 698 3487 ὄρθρον
730 3416 877 3485 λέγω
904 3417 1002 3486 τὴν
1031 3415 1348 3471 ἀνάστασιν.
1380 3417 1423 3468 Τ
1425 3416 1485 3469 οῦ
1512 3416 1621 3487 γὰρ
1646 3415 1796 3486 ἡλίου

207 3508 305 3578 τῆς
325 3508 686 3579 δικαιοσύνης
723 3509 973 3576 ἀνατολὴ,
1002 3513 1202 3563 νοεῖται
1232 3511 1265 3580 ἡ
1299 3509 1611 3572 ἀνάστασις.
1647 3507 1799 3577 ὐμε-

204 3600 304 3670 χλη
336 3601 396 3654 δὲ
423 3603 457 3672 ἡ
497 3600 578 3672 μὴ
603 3599 957 3672 συγχωροῦσα
979 3602 1111 3654 πᾶσι
1142 3600 1432 3672 τηλαυγῶς
1452 3600 1612 3653 αὑτὸν
1641 3600 1791 3669 ὁρᾷν.

199 3688 420 3765 Εὑρέθη
459 3692 578 3763 γὰρ
623 3692 681 3745 ἐν
705 3692 902 3763 γαστρὶ
934 3690 1130 3763 ἔχουσα
1160 3693 1225 3743 ἐκ
1255 3690 1569 3761 Πνεύματος
1615 3690 1789 3760 άγίου.

198 3782 279 3837 Τὰ
308 3783 367 3837 δὲ
404 3783 600 3855 ὑψηλὰ
631 3784 728 3855 τῆς
755 3785 858 3854 γῆς
892 3786 942 3837 οἱ
968 3786 1058 3837 ἐπὶ
1083 3784 1186 3855 γῆς
1219 3782 1669 3855 περιπατοῦντες,
1700 3781 1793 3834 καὶ

196 3875 255 3926 ἐν
279 3874 546 3947 οὐρανοῖς
580 3874 642 3927 τὸ
668 3876 964 3947 πολίτευμα
993 3875 1228 3946 ἔχοντες.
1264 3876 1389 3929 Ἐπὶ
1420 3875 1530 3947 γὰρ
1570 3873 1792 3939 τούτους

191 3966 474 4021 ἐπιϐαίνει
503 3970 547 4041 ἡ
572 3966 669 4021 τοῦ
698 3966 1013 4040 Πνεύματος
1041 3968 1221 4039 χάρις.

257 4225 351 4283 28.
389 4228 633 4284 Μακεδ.
678 4227 752 4281 Tb
783 4227 1010 4300 Πνεῦμα
1049 4223 1142 4283 οῦν
1178 4228 1240 4282 τὸ
1267 4228 1420 4299 ἅγιον
1450 4229 1670 4301 ἧγειρεν
1698 4228 1789 4284 τὸν

186 4318 472 4391 Χριστόνς
522 4321 683 4388 Ὅρθ.
718 4320 903 4375 Ταῦτα
928 4320 1107 4390 λέγειν
1128 4321 1251 4391 ἐμοὶ
1281 4320 1378 4391 μὲν
1399 4320 1498 4373 ούκ
1534 4320 1784 4392 ὀκνηρὸν,

1895 3415 2002 3469 rte?
2035 3413 2187 3469 Orth.
2232 3412 2309 3465 Ex
2368 3411 2819 3482 interpretatione
2854 3420 2909 3465 et
2962 3409 3232 3466 sententia
3294 3406 3468 3477 ipsius

1894 3506 2048 3570 dicti,
2078 3505 2377 3559 diluculum
2419 3504 2543 3558 dico
2604 3504 3085 3558 resurrectionem.
3152 3500 3287 3553 Nam
3342 3500 3477 3555 solis

1889 3597 2119 3668 justitize
2164 3603 2319 3651 ortus
2362 3594 2691 3665 intelligitur
2729 3609 2852 3649 esse
2883 3593 3237 3649 resurrectio.
3264 3590 3475 3645 Nebula

1893 3696 2073 3743 autem
2101 3702 2160 3741 ea
2198 3686 2320 3749 fuit,
2362 3702 2484 3755 quae
2533 3700 2639 3739 non
2673 3685 2801 3739 sivit
2852 3694 2911 3738 ut
2940 3699 3130 3740 omnes
3163 3698 3287 3737 eum
3324 3698 3458 3751 per-

1892 3780 2081 3850 Spicue
2104 3785 2410 3833 cernerent.
2446 3776 2665 3833 Inventa
2698 3785 2782 3832 est
2807 3777 2954 3832 enim
2991 3777 3046 3829 in
3073 3784 3227 3828 utero
3256 3774 3469 3829 habens

1891 3871 1959 3926 de
2012 3870 2219 3941 Spiritu
2278 3878 2492 3926 saneto.
2551 3868 2779 3923 Excelsa
2832 3878 2987 3923 terra:
3041 3881 3170 3920 vero
3208 3872 3338 3919 sunt
3366 3865 3464 3935 qui

1890 3964 2176 4020 ambulant
2205 3963 2426 4033 quidem
2466 3962 2523 4016 in
2552 3962 2738 4026 terris,
2772 3959 3243 4016 conversationem
3283 3964 3464 4011 autem

1889 4057 2094 4112 habent
2131 4056 2186 4110 in
2217 4054 2720 4112 cmlisttiusmodi
2744 4055 2890 4110 enim
2915 4052 3166 4108 homines
3193 4050 3471 4107 inscendit

1890 4146 2130 4220 Spiritus
2159 4147 2355 4218 gratia.

1956 4238 2047 4294 28.
2077 4235 2285 4291 Maced.
2319 4235 2458 4290 Num
2490 4234 2653 4304 igitur
2685 4232 2921 4305 Spiritus
2951 4240 3177 4289 sanctus
3203 4233 3470 4289 excitavit

1886 4330 2166 4386 Christum
2197 4344 2227 4382 a
2254 4327 2526 4384 mortuis?
2568 4325 2723 4382 Orth.
2752 4324 2866 4395 Ego
2898 4325 3116 4395 quidem
3154 4324 3258 4379 hoc
3283 4324 3469 4380 dicere

185 4410 316 4481 ύμῖν
340 4413 401 4466 δὲ
444 4411 723 4483 ἀσφαλές.
752 4414 960 4485 Ὠσπερ
990 4412 1101 4484 γὰρ
1132 4413 1192 4466 τὸ
1234 4412 1395 4484 σῶμα
1426 4413 1485 4466 τὸ
1507 4412 1783 4484 κυριακὸν

1899 4437 1994 4476 non
2022 4420 2286 4484 dubitem,
2321 4435 2420 4474 vos
2454 4425 2634 4473 autem
2661 4426 2775 4472 tuto
2806 4415 3073 4472 dixeritis.
3106 4414 3470 4481 Quemadmo-

182 4502 410 4571 λέγεται
493 4505 864 4575 πεποιηκέναι
921 4507 950 4558 6
1006 4505 1197 4577 Πατὴρ
1247 4506 1575 4577 (γέγραπται
1635 4506 1780 4578 γάρ·

1899 4516 2015 4572 ium
2039 4513 2180 4569 enim
2210 4513 2413 4568 dicitur
2440 4510 2599 4566 Pater
2627 4510 2821 4565 fecisse
2839 4524 3039 4579 corpus
3070 4507 3283 4562 Domini
3306 4508 3468 4578 (scri-

185 4616 204 4648 ι
237 4598 356 4669 Πρὸ
417 4598 524 4653 τοῦ
561 4614 630 4669 με
662 4598 862 4651 πλάσαι
904 4615 965 4650 σε
1018 4600 1075 4651 ἐν
1138 4599 1335 4671 κοιλίᾳ,
1367 4599 1665 4669 ἐπίσταμαί
1689 4616 1775 4652 σε·

172 4691 272 4745 καὶ
299 4690 414 4762 πρὸ
446 4688 551 4743 τοῦ
583 4706 642 4741 σε
667 4688 899 4755 ἐξελθεῖν
932 4690 995 4742 ἐκ
1019 4689 1247 4760 μήτρας,
1274 4690 1476 4760 ἡγίακά
1503 4708 1561 4743 σε
1581 4708 1595 4722 θ
1638 4710 1656 4742 ι
1688 4690 1780 4745 καὶ

171 4777 333 4831 τοῦτο
390 4778 542 4832 αὐτὸ
588 4776 650 4831 τὸ
695 4776 853 4848 σῶμα
890 4781 918 4831 6
947 4778 1192 4849 Σολομὼν
1238 4779 1389 4848 λέγει
1448 4778 1541 4851 τὴν
1587 4763 1779 4850 σοφίαν

168 4866 641 4941 ᾠκώομηκέναι·
680 4888 697 4919 ι
722 4869 867 4937 λέγει
901 4871 1009 4941 γάρ
1030 4885 1044 4899 '
1082 4888 1101 4921 ι
1142 4871 1205 4923 ’Π
1236 4870 1393 4939 σοφία
1429 4870 1778 4943 ᾠκοδόμησεν

168 4959 341 5033 ἐαυτῇ
382 4957 572 5025 οἶκον,
615 4960 708 5013 καὶ
735 4959 795 5012 τὸ
826 4961 1154 5030 Εύαγγέλιον
1203 4961 1348 5029 λέγει
1375 4963 1439 5014 ἐκ
1463 4962 1776 5033 Πνεύματος

166 5051 327 5120 ἁγίου
362 5042 702 5122 αύτὸέἷναι)
723 5090 738 5115 ,
769 5052 912 5106 οὕτω
940 5053 1035 5107 καὶ
1049 5053 1146 5125 τὴν
1178 5055 1468 5108 ἀνάστασιν
1490 5055 1653 5108 αὐτοῦ
1679 5056 1771 5109 τοῦ

164 5142 433 5213 σώματος
498 5143 613 5216 μὲν
646 5144 674 5196 6
697 5143 823 5208 Υἱὸς
850 5143 1028 5213 λέγει’
1062 5163 1081 5195 ι
1129 5145 1339 5199 Λύσατε
1367 5145 1459 5200 τὸν
1486 5147 1611 5200 ναὸν
1650 5147 1773 5201 τοῦ-

160 5250 286 5302 τον,
320 5236 423 5290 καὶ
487 5233 614 5302 ἐγὼ
669 5236 727 5288 ἐν
758 5236 934 5308 τρισὶν
972 5236 1204 5308 ἡμέραις
1245 5238 1421 5310 ἐγερῶ
1455 5238 1648 5294 αὐτόν·
1684 5259 1703 5293 ι
1740 5240 1769 5293 ὁ

160 5323 217 5378 δὲ
286 5325 658 5388 Ἀπόστολος,
687 5327 768 5379 ὄτι
798 5345 817 5377 ι
868 5326 926 5380 '0
954 5327 1085 5391 Θεὸς
1124 5328 1285 5382 αὐτὸν
1332 5330 1572 5400 ἤγειρεν,
1606 5330 1773 5395 λύσας

155 5413 259 5482 τὰς
273 5417 485 5481 ὠδῖνας
518 5414 623 5469 τοῦ
646 5416 873 5470 θανάτου
896 5434 911 5449 ·
942 5437 960 5470 ι
982 5417 1215 5473 ἐνταῦθα
1237 5418 1314 5483 δὲ,
1340 5419 1502 5473 ὅτιτὸ
1528 5421 1769 5493 Πνεῦμα.

228 5574 279 5608 δ’
317 5575 503 5630 Mare.
547 5590 606 5639 ι,
645 5572 690 5627 7.
770 5573 816 5605 ⁸⁸
852 5572 1000 5628 Psal.
1037 5590 1104 5643 ι.,
1140 5575 1225 5628 12.
1303 5575 1345 5607 ’ί
1387 5572 1530 5630 Psal.
1567 5592 1766 5643 Lxxtx,
1801 5575 1856 5630 9.

1887 4618 2037 4677 ptum
2072 4613 2157 4660 est
2192 4605 2376 4659 enim:
2414 4622 2432 4653 ι
2479 4610 2785 4672 Antequam
2815 4608 2867 4654 te
2891 4600 3179 4655 formarem
3205 4598 3261 4651 in
3310 4606 3467 4654 utero

1886 4698 2012 4754 novi
2038 4705 2127 4752 te:
2154 4704 2209 4751 et
2239 4706 2530 4764 antequam
2569 4709 2634 4747 ex
2681 4699 2838 4746 utero
2863 4689 3223 4761 egredereris,
3257 4690 3464 4743 sancti-

1886 4789 2044 4844 ﬁcavi
2076 4796 2128 4842 te
2152 4787 2198 4819 ”
2231 4802 2244 4839 :
2286 4806 2304 4838 ι
2344 4796 2397 4839 et
2426 4785 2528 4839 hoc
2562 4786 2738 4854 ipsum
2757 4797 2956 4852 corpus
2987 4779 3306 4849 sapientiam
3334 4779 3461 4835 :edio

1884 4878 2098 4942 ﬁcasse,
2145 4877 2218 4929 ait
2268 4874 2546 4935 Salomon,
2581 4888 2704 4927 nam
2743 4889 2758 4927 :
2813 4889 2832 4922 ι
2872 4869 3206 4932 Αῐιιὶίὶοονίι,
3265 4868 3460 4937 inquit,

1884 4971 2104 5026 domum
2162 4968 2268 5023 sibi
2322 4966 2589 5036 sapientia
2641 4966 2723 5030 '5;
2761 4982 2780 5015 ι
2822 4970 2877 5018 et
2932 4961 3283 5031 Evangelium
3329 4960 3463 5013 dicit

1882 5062 2062 5132 ipsum
2106 5074 2229 5113 esse
2254 5073 2284 5112 a
2315 5058 2518 5127 Spiritu
2550 5052 2783 5125 sancto);
2818 5054 2891 5107 ita
2931 5053 3092 5107 etiam
3116 5051 3183 5105 de
3213 5050 3461 5118 corporis

1878 5150 2285 5207 resurrectione
2335 5148 2451 5216 ipse
2505 5146 2723 5218 quidem
2769 5143 2941 5199 Filius
2975 5142 3154 5197 dicit:
3192 5159 3211 5191 ι
3256 5139 3462 5195 Solvite

1878 5244 2139 5315 templum
2166 5241 2291 5305 hoc,
2312 5250 2365 5295 et
2392 5256 2492 5311 ego
2510 5241 2687 5295 tribus
2714 5238 2907 5294 diebus
2921 5234 3171 5290 excitabo
3199 5231 3455 5286 illud":i

1878 5333 2175 5405 Apostolus
2200 5347 2328 5389 vero
2359 5351 2373 5387 :
2421 5351 2439 5383 ι
2479 5330 2623 5386 Deus
2645 5329 2903 5386 excitavit
2935 5342 3085 5388 eum,
3117 5324 3316 5378 solutis
3360 5322 3456 5376 do-

1879 5422 2091 5479 loribus
2136 5420 2331 5477 mortis
2383 5421 2427 5452 ⁵⁷
2465 5436 2479 5472 :
2520 5438 2539 5471 ι
2595 5419 2686 5475 hic
2745 5427 2926 5473 autem
2980 5414 3184 5471 dicitur
3224 5412 3461 5484 Spiritus

1965 5578 2011 5610 ⁸²
2059 5573 2184 5632 Act.
2220 5591 2311 5630 xix
2333 5615 2349 5641 ,
2383 5573 2455 5640 2,
2490 5574 2545 5631 5.
2620 5574 2669 5607 ⁸³
2705 5575 2872 5629 Amos
2902 5587 2977 5637 Iv,
3011 5572 3101 5627 15.
3175 5568 3223 5604 ⁸⁸
3256 5567 3454 5628 Jerem.

154 5659 201 5715 ι,
228 5645 285 5702 5.
375 5648 429 5680 ⁸⁵
468 5644 651 5699 Prov.
689 5658 781 5707 ix,
814 5644 864 5699 1.
939 5645 986 5676 ³⁸
1024 5642 1180 5698 Joan.
1215 5645 1379 5707 n,l9.
1455 5645 1501 5677 "
1538 5647 1662 5703 Act.
1698 5642 1776 5715 ιι,
1808 5646 1898 5700 24.

231 5807 346 5878 ι52)
393 5806 566 5863 Μεε..
601 5803 708 5857 ἀπὸ
735 5803 827 5859 τοῦ
857 5805 946 5873 ἀγ.
984 5804 1100 5860 Mox
1131 5807 1206 5870 ὡς
1232 5807 1381 5864 abest
1412 5825 1440 5864 a
1470 5809 1644 5866 Palat.

1951 5812 2062 5884 (55)
2108 5810 2261 5877 Mss.,
2291 5807 2517 5880 Πνεῦμα
2554 5776 3007 5877 άπαγγέλλονέίς
3036 5800 3159 5860 ἀνθ.
