  <div class='ocr_page' id='page_1' title='image "/cluster/home/n/w/nwhite01/storage/ocr_20150623/28/hvd.32044019207737/641.png"; bbox 0 0 3982 6398; ppageno 0'>
   <div class='ocr_carea' id='block_1_1' title="bbox 462 358 600 415">
    <p class='ocr_par' dir='ltr' id='par_1_1' title="bbox 462 358 600 415">
     <span class='ocr_line' id='line_1_1' title="bbox 462 358 600 415; baseline 0.007 -3"><span class='ocrx_word' id='word_1_1' title='bbox 462 358 600 415; x_wconf 69' lang='grc' dir='ltr'><strong>124Ἱ</strong></span> 
     </span>
    </p>
   </div>
   <div class='ocr_carea' id='block_1_2' title="bbox 1612 351 2594 410">
    <p class='ocr_par' dir='ltr' id='par_1_2' title="bbox 1612 351 2594 410">
     <span class='ocr_line' id='line_1_2' title="bbox 1612 351 2594 410; baseline 0 -2"><span class='ocrx_word' id='word_1_2' title='bbox 1612 353 1672 408; x_wconf 91' lang='lat' dir='ltr'><strong>S.</strong></span> <span class='ocrx_word' id='word_1_3' title='bbox 1715 351 2178 408; x_wconf 75' lang='lat' dir='ltr'><strong>ATHANASIUS.</strong></span> <span class='ocrx_word' id='word_1_4' title='bbox 2213 383 2282 394; x_wconf 90' lang='lat'><strong>—</strong></span> <span class='ocrx_word' id='word_1_5' title='bbox 2324 351 2594 410; x_wconf 68' lang='lat' dir='ltr'><strong>SPURIA.</strong></span> 
     </span>
    </p>
   </div>
   <div class='ocr_carea' id='block_1_3' title="bbox 3583 347 3724 403">
    <p class='ocr_par' dir='ltr' id='par_1_3' title="bbox 3583 347 3724 403">
     <span class='ocr_line' id='line_1_3' title="bbox 3583 347 3724 403; baseline 0.007 -1"><span class='ocrx_word' id='word_1_6' title='bbox 3583 347 3724 403; x_wconf 59' lang='lat'><strong>1268</strong></span> 
     </span>
    </p>
   </div>
   <div class='ocr_carea' id='block_1_4' title="bbox 462 456 2075 546">
    <p class='ocr_par' dir='ltr' id='par_1_4' title="bbox 462 456 2056 546">
     <span class='ocr_line' id='line_1_4' title="bbox 462 456 2056 546; baseline -0.003 -17"><span class='ocrx_word' id='word_1_7' title='bbox 462 456 644 546; x_wconf 82' lang='lat' dir='ltr'><strong>ipsum</strong></span> <span class='ocrx_word' id='word_1_8' title='bbox 671 475 956 530; x_wconf 71' lang='lat' dir='ltr'><strong>excitasse.</strong></span> <span class='ocrx_word' id='word_1_9' title='bbox 987 473 1122 528; x_wconf 88' lang='lat' dir='ltr'><strong>Cum</strong></span> <span class='ocrx_word' id='word_1_10' title='bbox 1163 472 1327 527; x_wconf 85' lang='lat' dir='ltr'><strong>audio</strong></span> <span class='ocrx_word' id='word_1_11' title='bbox 1355 473 1526 534; x_wconf 89' lang='lat' dir='ltr'><strong>enim,</strong></span> <span class='ocrx_word' id='word_1_12' title='bbox 1551 491 1569 522; x_wconf 78' lang='grc' dir='ltr'><strong>ι</strong></span> <span class='ocrx_word' id='word_1_13' title='bbox 1599 460 1884 537; x_wconf 69' lang='grc' dir='ltr'>ρυὶειῐίοίι</span> <span class='ocrx_word' id='word_1_14' title='bbox 1910 471 2056 526; x_wconf 83' lang='lat' dir='ltr'><strong>dilu-</strong></span> 
     </span>
    </p>
   </div>
   <div class='ocr_carea' id='block_1_5' title="bbox 2176 456 3728 546">
    <p class='ocr_par' dir='ltr' id='par_1_5' title="bbox 2176 467 3728 545">
     <span class='ocr_line' id='line_1_5' title="bbox 2176 467 3728 545; baseline -0.001 -22"><span class='ocrx_word' id='word_1_15' title='bbox 2176 490 2180 523; x_wconf 82' lang='lat' dir='ltr'><strong>l</strong></span> <span class='ocrx_word' id='word_1_16' title='bbox 2224 472 2402 526; x_wconf 84' lang='grc' dir='ltr'>Ποιῶν</span> <span class='ocrx_word' id='word_1_17' title='bbox 2436 493 2454 526; x_wconf 74' lang='grc' dir='ltr'><strong>ι</strong></span> <span class='ocrx_word' id='word_1_18' title='bbox 2484 474 2593 544; x_wconf 86' lang='grc' dir='ltr'><strong>γάρ</strong></span> <span class='ocrx_word' id='word_1_19' title='bbox 2623 494 2640 524; x_wconf 79' lang='grc' dir='ltr'><strong>ι</strong></span> <span class='ocrx_word' id='word_1_20' title='bbox 2663 472 2890 545; x_wconf 77' lang='grc' dir='ltr'>ὄρθρον,</span> <span class='ocrx_word' id='word_1_21' title='bbox 2914 491 2932 524; x_wconf 74' lang='grc' dir='ltr'><strong>ι</strong></span> <span class='ocrx_word' id='word_1_22' title='bbox 2956 471 3052 527; x_wconf 81' lang='grc' dir='ltr'><strong>ἐάν</strong></span> <span class='ocrx_word' id='word_1_23' title='bbox 3090 470 3332 534; x_wconf 82' lang='grc' dir='ltr'><strong>ἀκούσω,</strong></span> <span class='ocrx_word' id='word_1_24' title='bbox 3365 467 3466 538; x_wconf 75' lang='grc' dir='ltr'>τὴν</span> <span class='ocrx_word' id='word_1_25' title='bbox 3499 467 3728 522; x_wconf 80' lang='grc' dir='ltr'>ἀνάστα-</span> 
     </span>
    </p>
   </div>
   <div class='ocr_carea' id='block_1_6' title="bbox 462 561 2052 634">
    <p class='ocr_par' dir='ltr' id='par_1_6' title="bbox 462 561 2052 634">
     <span class='ocr_line' id='line_1_6' title="bbox 462 561 2052 634; baseline -0.003 -12"><span class='ocrx_word' id='word_1_26' title='bbox 462 568 672 631; x_wconf 76' lang='lat' dir='ltr'><strong>culum,</strong></span> <span class='ocrx_word' id='word_1_27' title='bbox 715 586 736 620; x_wconf 73' lang='grc' dir='ltr'><strong>ι</strong></span> <span class='ocrx_word' id='word_1_28' title='bbox 778 566 1232 623; x_wconf 75' lang='lat' dir='ltr'><strong>resurrectionem</strong></span> <span class='ocrx_word' id='word_1_29' title='bbox 1267 573 1448 620; x_wconf 87' lang='lat' dir='ltr'><strong>mente</strong></span> <span class='ocrx_word' id='word_1_30' title='bbox 1475 565 1748 634; x_wconf 85' lang='lat' dir='ltr'><strong>concipio.</strong></span> <span class='ocrx_word' id='word_1_31' title='bbox 1777 561 1912 618; x_wconf 83' lang='lat' dir='ltr'><strong>Nam</strong></span> <span class='ocrx_word' id='word_1_32' title='bbox 1929 578 2052 634; x_wconf 66' lang='lat' dir='ltr'><strong>quae</strong></span> 
     </span>
    </p>
   </div>
   <div class='ocr_carea' id='block_1_7' title="bbox 464 655 2054 728">
    <p class='ocr_par' dir='ltr' id='par_1_7' title="bbox 464 655 2054 728">
     <span class='ocr_line' id='line_1_7' title="bbox 464 655 2054 728; baseline -0.002 -15"><span class='ocrx_word' id='word_1_33' title='bbox 464 659 597 715; x_wconf 90' lang='lat' dir='ltr'><strong>facit</strong></span> <span class='ocrx_word' id='word_1_34' title='bbox 622 659 804 723; x_wconf 88' lang='lat' dir='ltr'><strong>Pater,</strong></span> <span class='ocrx_word' id='word_1_35' title='bbox 839 673 903 714; x_wconf 91' lang='lat' dir='ltr'><strong>ea</strong></span> <span class='ocrx_word' id='word_1_36' title='bbox 935 658 1053 728; x_wconf 89' lang='lat' dir='ltr'><strong>ipsa</strong></span> <span class='ocrx_word' id='word_1_37' title='bbox 1087 657 1213 711; x_wconf 88' lang='lat' dir='ltr'><strong>facit</strong></span> <span class='ocrx_word' id='word_1_38' title='bbox 1242 657 1408 712; x_wconf 89' lang='lat' dir='ltr'><strong>etiam</strong></span> <span class='ocrx_word' id='word_1_39' title='bbox 1441 655 1634 724; x_wconf 78' lang='lat' dir='ltr'><strong>Filius,</strong></span> <span class='ocrx_word' id='word_1_40' title='bbox 1666 665 1722 712; x_wconf 87' lang='lat' dir='ltr'><strong>et</strong></span> <span class='ocrx_word' id='word_1_41' title='bbox 1765 671 1886 727; x_wconf 68' lang='lat' dir='ltr'><strong>quae</strong></span> <span class='ocrx_word' id='word_1_42' title='bbox 1923 655 2054 710; x_wconf 90' lang='lat' dir='ltr'><strong>facit</strong></span> 
     </span>
    </p>
   </div>
   <div class='ocr_carea' id='block_1_8' title="bbox 463 743 2057 816">
    <p class='ocr_par' dir='ltr' id='par_1_8' title="bbox 463 743 2057 816">
     <span class='ocr_line' id='line_1_8' title="bbox 463 743 2057 816; baseline -0.003 -14"><span class='ocrx_word' id='word_1_43' title='bbox 463 747 627 816; x_wconf 78' lang='lat' dir='ltr'><strong>Pater</strong></span> <span class='ocrx_word' id='word_1_44' title='bbox 656 756 711 802; x_wconf 88' lang='lat' dir='ltr'><strong>et</strong></span> <span class='ocrx_word' id='word_1_45' title='bbox 733 747 926 808; x_wconf 81' lang='lat' dir='ltr'><strong>Filius,</strong></span> <span class='ocrx_word' id='word_1_46' title='bbox 957 761 1022 800; x_wconf 89' lang='lat' dir='ltr'><strong>ea</strong></span> <span class='ocrx_word' id='word_1_47' title='bbox 1052 747 1170 816; x_wconf 87' lang='lat' dir='ltr'><strong>ipsa</strong></span> <span class='ocrx_word' id='word_1_48' title='bbox 1199 744 1331 800; x_wconf 90' lang='lat' dir='ltr'><strong>facit</strong></span> <span class='ocrx_word' id='word_1_49' title='bbox 1348 743 1610 815; x_wconf 88' lang='lat' dir='ltr'><strong>Spiritus,</strong></span> <span class='ocrx_word' id='word_1_50' title='bbox 1642 752 1703 799; x_wconf 85' lang='grc' dir='ltr'><strong>ιιι</strong></span> <span class='ocrx_word' id='word_1_51' title='bbox 1735 759 1901 814; x_wconf 82' lang='lat' dir='ltr'><strong>supra</strong></span> <span class='ocrx_word' id='word_1_52' title='bbox 1923 758 2057 814; x_wconf 88' lang='lat' dir='ltr'><strong>quo-</strong></span> 
     </span>
    </p>
   </div>
   <div class='ocr_carea' id='block_1_9' title="bbox 460 829 2054 909">
    <p class='ocr_par' dir='ltr' id='par_1_9' title="bbox 460 829 2054 909">
     <span class='ocr_line' id='line_1_9' title="bbox 460 829 2054 909; baseline -0.004 -19"><span class='ocrx_word' id='word_1_53' title='bbox 460 853 572 909; x_wconf 73' lang='lat' dir='ltr'><strong>que</strong></span> <span class='ocrx_word' id='word_1_54' title='bbox 629 835 1152 892; x_wconf 80' lang='lat' dir='ltr'><strong>demonstravimus.</strong></span> <span class='ocrx_word' id='word_1_55' title='bbox 1206 832 1416 888; x_wconf 79' lang='lat' dir='ltr'><strong>Maced.</strong></span> <span class='ocrx_word' id='word_1_56' title='bbox 1479 833 1561 887; x_wconf 81' lang='lat' dir='ltr'><strong>An</strong></span> <span class='ocrx_word' id='word_1_57' title='bbox 1616 848 1748 888; x_wconf 86' lang='lat' dir='ltr'><strong>vero</strong></span> <span class='ocrx_word' id='word_1_58' title='bbox 1800 843 1856 887; x_wconf 89' lang='lat' dir='ltr'><strong>tu</strong></span> <span class='ocrx_word' id='word_1_59' title='bbox 1921 829 2054 884; x_wconf 89' lang='lat' dir='ltr'><strong>mihi</strong></span> 
     </span>
    </p>
   </div>
   <div class='ocr_carea' id='block_1_10' title="bbox 463 922 2056 994">
    <p class='ocr_par' dir='ltr' id='par_1_10' title="bbox 463 922 2056 994">
     <span class='ocr_line' id='line_1_10' title="bbox 463 922 2056 994; baseline -0.004 -11"><span class='ocrx_word' id='word_1_60' title='bbox 463 927 794 992; x_wconf 72' lang='lat' dir='ltr'><strong>ostenderis,</strong></span> <span class='ocrx_word' id='word_1_61' title='bbox 845 927 1129 983; x_wconf 84' lang='lat' dir='ltr'><strong>Christum</strong></span> <span class='ocrx_word' id='word_1_62' title='bbox 1187 927 1484 980; x_wconf 81' lang='lat' dir='ltr'><strong>excitatum</strong></span> <span class='ocrx_word' id='word_1_63' title='bbox 1531 924 1705 980; x_wconf 80' lang='lat' dir='ltr'><strong>fuisse</strong></span> <span class='ocrx_word' id='word_1_64' title='bbox 1759 939 1789 979; x_wconf 87' lang='lat' dir='ltr'><strong>a</strong></span> <span class='ocrx_word' id='word_1_65' title='bbox 1847 922 2056 994; x_wconf 87' lang='lat' dir='ltr'><strong>Spiritu</strong></span> 
     </span>
    </p>
   </div>
   <div class='ocr_carea' id='block_1_11' title="bbox 467 1013 2056 1088">
    <p class='ocr_par' dir='ltr' id='par_1_11' title="bbox 467 1013 2056 1088">
     <span class='ocr_line' id='line_1_11' title="bbox 467 1013 2056 1088; baseline -0.004 -12"><span class='ocrx_word' id='word_1_66' title='bbox 467 1020 697 1076; x_wconf 85' lang='lat' dir='ltr'><strong>sancto?</strong></span> <span class='ocrx_word' id='word_1_67' title='bbox 741 1019 897 1076; x_wconf 81' lang='lat' dir='ltr'><strong>Orth.</strong></span> <span class='ocrx_word' id='word_1_68' title='bbox 929 1018 1048 1073; x_wconf 86' lang='lat' dir='ltr'><strong>Non</strong></span> <span class='ocrx_word' id='word_1_69' title='bbox 1097 1017 1222 1072; x_wconf 88' lang='lat' dir='ltr'><strong>dico</strong></span> <span class='ocrx_word' id='word_1_70' title='bbox 1253 1018 1432 1088; x_wconf 86' lang='lat' dir='ltr'><strong>ipsum</strong></span> <span class='ocrx_word' id='word_1_71' title='bbox 1463 1017 1742 1073; x_wconf 85' lang='lat' dir='ltr'><strong>Christum</strong></span> <span class='ocrx_word' id='word_1_72' title='bbox 1789 1031 1818 1070; x_wconf 92' lang='lat' dir='ltr'><strong>a</strong></span> <span class='ocrx_word' id='word_1_73' title='bbox 1850 1013 2056 1086; x_wconf 86' lang='lat' dir='ltr'><strong>Spiritu</strong></span> 
     </span>
    </p>
   </div>
   <div class='ocr_carea' id='block_1_12' title="bbox 465 1107 2062 1182">
    <p class='ocr_par' dir='ltr' id='par_1_12' title="bbox 465 1107 2062 1182">
     <span class='ocr_line' id='line_1_12' title="bbox 465 1107 2062 1182; baseline -0.003 -16"><span class='ocrx_word' id='word_1_74' title='bbox 465 1119 730 1182; x_wconf 86' lang='lat' dir='ltr'><strong>tanquam</strong></span> <span class='ocrx_word' id='word_1_75' title='bbox 763 1113 1072 1181; x_wconf 89' lang='lat' dir='ltr'><strong>potentiore</strong></span> <span class='ocrx_word' id='word_1_76' title='bbox 1096 1111 1266 1165; x_wconf 90' lang='lat' dir='ltr'><strong>fuisse</strong></span> <span class='ocrx_word' id='word_1_77' title='bbox 1287 1111 1607 1171; x_wconf 83' lang='lat' dir='ltr'><strong>excitatum,</strong></span> <span class='ocrx_word' id='word_1_78' title='bbox 1633 1107 1730 1164; x_wconf 90' lang='lat' dir='ltr'><strong>sed</strong></span> <span class='ocrx_word' id='word_1_79' title='bbox 1758 1108 1903 1178; x_wconf 89' lang='lat' dir='ltr'><strong>quod</strong></span> <span class='ocrx_word' id='word_1_80' title='bbox 1925 1115 2062 1162; x_wconf 89' lang='lat' dir='ltr'><strong>tem-</strong></span> 
     </span>
    </p>
   </div>
   <div class='ocr_carea' id='block_1_13' title="bbox 470 1199 2061 1275">
    <p class='ocr_par' dir='ltr' id='par_1_13' title="bbox 470 1199 2061 1275">
     <span class='ocr_line' id='line_1_13' title="bbox 470 1199 2061 1275; baseline -0.002 -17"><span class='ocrx_word' id='word_1_81' title='bbox 470 1205 618 1275; x_wconf 86' lang='lat' dir='ltr'><strong>plum</strong></span> <span class='ocrx_word' id='word_1_82' title='bbox 647 1203 898 1272; x_wconf 87' lang='lat' dir='ltr'><strong>corporis</strong></span> <span class='ocrx_word' id='word_1_83' title='bbox 928 1203 1254 1258; x_wconf 80' lang='lat' dir='ltr'><strong>excitaverit</strong></span> <span class='ocrx_word' id='word_1_84' title='bbox 1292 1201 1476 1264; x_wconf 84' lang='lat' dir='ltr'><strong>Pater.</strong></span> <span class='ocrx_word' id='word_1_85' title='bbox 1510 1199 1698 1263; x_wconf 75' lang='lat' dir='ltr'><strong>:Filius</strong></span> <span class='ocrx_word' id='word_1_86' title='bbox 1727 1209 1784 1256; x_wconf 90' lang='lat' dir='ltr'><strong>et</strong></span> <span class='ocrx_word' id='word_1_87' title='bbox 1820 1199 2061 1271; x_wconf 86' lang='lat' dir='ltr'><strong>Spiritus</strong></span> 
     </span>
    </p>
   </div>
   <div class='ocr_carea' id='block_1_14' title="bbox 471 1279 2063 1362">
    <p class='ocr_par' dir='ltr' id='par_1_14' title="bbox 471 1279 2063 1362">
     <span class='ocr_line' id='line_1_14' title="bbox 471 1279 2063 1362; baseline -0.004 -10"><span class='ocrx_word' id='word_1_88' title='bbox 471 1279 720 1352; x_wconf 81' lang='lat' dir='ltr'><strong>sanctus.</strong></span> <span class='ocrx_word' id='word_1_89' title='bbox 757 1293 968 1349; x_wconf 71' lang='lat' dir='ltr'><strong>Hac-ed.</strong></span> <span class='ocrx_word' id='word_1_90' title='bbox 1016 1294 1073 1349; x_wconf 91' lang='lat' dir='ltr'><strong>ld</strong></span> <span class='ocrx_word' id='word_1_91' title='bbox 1101 1303 1283 1348; x_wconf 89' lang='lat' dir='ltr'><strong>autem</strong></span> <span class='ocrx_word' id='word_1_92' title='bbox 1312 1291 1588 1362; x_wconf 89' lang='lat' dir='ltr'><strong>quomodo</strong></span> <span class='ocrx_word' id='word_1_93' title='bbox 1612 1292 1744 1346; x_wconf 90' lang='lat' dir='ltr'><strong>mihi</strong></span> <span class='ocrx_word' id='word_1_94' title='bbox 1773 1305 2063 1362; x_wconf 83' lang='lat' dir='ltr'><strong>persuase-</strong></span> 
     </span>
    </p>
   </div>
   <div class='ocr_carea' id='block_1_15' title="bbox 359 1383 2064 1470">
    <p class='ocr_par' dir='ltr' id='par_1_15' title="bbox 359 1383 2064 1470">
     <span class='ocr_line' id='line_1_15' title="bbox 359 1383 2064 1470; baseline -0.002 -28"><span class='ocrx_word' id='word_1_95' title='bbox 359 1461 368 1470; x_wconf 36' lang='lat'><em>.</em></span> <span class='ocrx_word' id='word_1_96' title='bbox 469 1387 591 1442; x_wconf 80' lang='lat' dir='ltr'><strong>ris?</strong></span> <span class='ocrx_word' id='word_1_97' title='bbox 627 1402 694 1441; x_wconf 88' lang='lat' dir='ltr'><strong>an</strong></span> <span class='ocrx_word' id='word_1_98' title='bbox 725 1386 930 1442; x_wconf 84' lang='lat' dir='ltr'><strong>auxilio</strong></span> <span class='ocrx_word' id='word_1_99' title='bbox 961 1386 1153 1456; x_wconf 79' lang='lat' dir='ltr'><strong>egebat</strong></span> <span class='ocrx_word' id='word_1_100' title='bbox 1183 1384 1378 1449; x_wconf 87' lang='lat' dir='ltr'><strong>Filius,</strong></span> <span class='ocrx_word' id='word_1_101' title='bbox 1411 1399 1442 1438; x_wconf 92' lang='lat' dir='ltr'><strong>a</strong></span> <span class='ocrx_word' id='word_1_102' title='bbox 1473 1400 1582 1455; x_wconf 92' lang='lat' dir='ltr'><strong>quo</strong></span> <span class='ocrx_word' id='word_1_103' title='bbox 1603 1385 1864 1454; x_wconf 87' lang='lat' dir='ltr'><strong>templum</strong></span> <span class='ocrx_word' id='word_1_104' title='bbox 1889 1383 2064 1453; x_wconf 86' lang='lat' dir='ltr'><strong>ipsius</strong></span> 
     </span>
    </p>
   </div>
   <div class='ocr_carea' id='block_1_16' title="bbox 470 1476 2064 1546">
    <p class='ocr_par' dir='ltr' id='par_1_16' title="bbox 470 1476 2064 1546">
     <span class='ocr_line' id='line_1_16' title="bbox 470 1476 2064 1546; baseline -0.003 -12"><span class='ocrx_word' id='word_1_105' title='bbox 470 1478 839 1534; x_wconf 76' lang='lat' dir='ltr'><strong>excitaretur?</strong></span> <span class='ocrx_word' id='word_1_106' title='bbox 871 1477 1024 1533; x_wconf 83' lang='lat' dir='ltr'><strong>Orth.</strong></span> <span class='ocrx_word' id='word_1_107' title='bbox 1059 1477 1348 1532; x_wconf 84' lang='lat' dir='ltr'><strong>Enimvero</strong></span> <span class='ocrx_word' id='word_1_108' title='bbox 1374 1493 1503 1530; x_wconf 90' lang='lat' dir='ltr'><strong>num</strong></span> <span class='ocrx_word' id='word_1_109' title='bbox 1528 1477 1672 1546; x_wconf 90' lang='lat' dir='ltr'><strong>quod</strong></span> <span class='ocrx_word' id='word_1_110' title='bbox 1705 1476 1910 1530; x_wconf 83' lang='lat' dir='ltr'><strong>auxilio</strong></span> <span class='ocrx_word' id='word_1_111' title='bbox 1937 1489 2064 1545; x_wconf 78' lang='lat' dir='ltr'><strong>ege-</strong></span> 
     </span>
    </p>
   </div>
   <div class='ocr_carea' id='block_1_17' title="bbox 475 1568 2068 1641">
    <p class='ocr_par' dir='ltr' id='par_1_17' title="bbox 475 1568 2068 1641">
     <span class='ocr_line' id='line_1_17' title="bbox 475 1568 2068 1641; baseline -0.003 -17"><span class='ocrx_word' id='word_1_112' title='bbox 475 1577 559 1626; x_wconf 87' lang='lat' dir='ltr'><strong>ret</strong></span> <span class='ocrx_word' id='word_1_113' title='bbox 579 1571 840 1641; x_wconf 86' lang='lat' dir='ltr'><strong>impletus</strong></span> <span class='ocrx_word' id='word_1_114' title='bbox 861 1578 946 1626; x_wconf 89' lang='lat' dir='ltr'><strong>est</strong></span> <span class='ocrx_word' id='word_1_115' title='bbox 974 1572 1093 1641; x_wconf 90' lang='lat' dir='ltr'><strong>ipso</strong></span> <span class='ocrx_word' id='word_1_116' title='bbox 1119 1569 1368 1639; x_wconf 85' lang='lat' dir='ltr'><strong>Spiritu?</strong></span> <span class='ocrx_word' id='word_1_117' title='bbox 1398 1568 1608 1623; x_wconf 81' lang='lat' dir='ltr'><strong>Maced.</strong></span> <span class='ocrx_word' id='word_1_118' title='bbox 1646 1569 1752 1625; x_wconf 86' lang='lat' dir='ltr'><strong>Ubi</strong></span> <span class='ocrx_word' id='word_1_119' title='bbox 1797 1568 2068 1638; x_wconf 84' lang='lat' dir='ltr'><strong>scriptum</strong></span> 
     </span>
    </p>
   </div>
   <div class='ocr_carea' id='block_1_18' title="bbox 472 1659 2066 1732">
    <p class='ocr_par' dir='ltr' id='par_1_18' title="bbox 472 1659 2066 1732">
     <span class='ocr_line' id='line_1_18' title="bbox 472 1659 2066 1732; baseline -0.004 -14"><span class='ocrx_word' id='word_1_120' title='bbox 472 1669 560 1718; x_wconf 87' lang='lat' dir='ltr'><strong>est</strong></span> <span class='ocrx_word' id='word_1_121' title='bbox 586 1661 866 1732; x_wconf 90' lang='lat' dir='ltr'><strong>impletum</strong></span> <span class='ocrx_word' id='word_1_122' title='bbox 887 1661 1054 1716; x_wconf 85' lang='lat' dir='ltr'><strong>fuisse</strong></span> <span class='ocrx_word' id='word_1_123' title='bbox 1085 1659 1333 1730; x_wconf 85' lang='lat' dir='ltr'><strong>Spiritu?</strong></span> <span class='ocrx_word' id='word_1_124' title='bbox 1365 1659 1518 1715; x_wconf 83' lang='lat' dir='ltr'><strong>Orth.</strong></span> <span class='ocrx_word' id='word_1_125' title='bbox 1546 1659 1686 1729; x_wconf 86' lang='lat' dir='ltr'><strong>Lege</strong></span> <span class='ocrx_word' id='word_1_126' title='bbox 1714 1659 2066 1729; x_wconf 79' lang='lat' dir='ltr'><strong>Evangeiium</strong></span> 
     </span>
    </p>
   </div>
   <div class='ocr_carea' id='block_1_19' title="bbox 476 1749 2065 1821">
    <p class='ocr_par' dir='ltr' id='par_1_19' title="bbox 476 1749 2065 1821">
     <span class='ocr_line' id='line_1_19' title="bbox 476 1749 2065 1821; baseline -0.003 -11"><span class='ocrx_word' id='word_1_127' title='bbox 476 1754 783 1810; x_wconf 88' lang='lat' dir='ltr'><strong>secundum</strong></span> <span class='ocrx_word' id='word_1_128' title='bbox 815 1753 1040 1817; x_wconf 83' lang='lat' dir='ltr'><strong>Lucam,</strong></span> <span class='ocrx_word' id='word_1_129' title='bbox 1075 1761 1135 1807; x_wconf 91' lang='lat' dir='ltr'><strong>ut</strong></span> <span class='ocrx_word' id='word_1_130' title='bbox 1174 1751 1388 1814; x_wconf 69' lang='lat' dir='ltr'><strong>audlas,</strong></span> <span class='ocrx_word' id='word_1_131' title='bbox 1422 1771 1442 1803; x_wconf 84' lang='grc' dir='ltr'><strong>ι</strong></span> <span class='ocrx_word' id='word_1_132' title='bbox 1478 1749 1641 1807; x_wconf 83' lang='lat' dir='ltr'><strong>Jesus</strong></span> <span class='ocrx_word' id='word_1_133' title='bbox 1673 1751 1840 1821; x_wconf 80' lang='lat' dir='ltr'><strong>igitur</strong></span> <span class='ocrx_word' id='word_1_134' title='bbox 1869 1751 2065 1821; x_wconf 90' lang='lat' dir='ltr'><strong>plenus</strong></span> 
     </span>
    </p>
   </div>
   <div class='ocr_carea' id='block_1_20' title="bbox 2155 559 3730 636">
    <p class='ocr_par' dir='ltr' id='par_1_20' title="bbox 2155 559 3730 636">
     <span class='ocr_line' id='line_1_20' title="bbox 2155 559 3730 636; baseline -0.004 -18"><span class='ocrx_word' id='word_1_135' title='bbox 2155 582 2240 618; x_wconf 89' lang='grc' dir='ltr'><strong>σιν</strong></span> <span class='ocrx_word' id='word_1_136' title='bbox 2295 564 2421 620; x_wconf 87' lang='grc' dir='ltr'>νοῶ.</span> <span class='ocrx_word' id='word_1_137' title='bbox 2487 566 2553 618; x_wconf 81' lang='grc' dir='ltr'><strong>Ἀ</strong></span> <span class='ocrx_word' id='word_1_138' title='bbox 2585 564 2694 634; x_wconf 83' lang='grc' dir='ltr'><strong>γάρ</strong></span> <span class='ocrx_word' id='word_1_139' title='bbox 2732 567 2874 619; x_wconf 85' lang='grc' dir='ltr'>ποιεῖ</span> <span class='ocrx_word' id='word_1_140' title='bbox 2916 566 2945 619; x_wconf 99' lang='lat'><strong>6</strong></span> <span class='ocrx_word' id='word_1_141' title='bbox 2976 563 3191 636; x_wconf 81' lang='grc' dir='ltr'>Πατὴρ.</span> <span class='ocrx_word' id='word_1_142' title='bbox 3213 561 3384 618; x_wconf 86' lang='grc' dir='ltr'>ταῦτα</span> <span class='ocrx_word' id='word_1_143' title='bbox 3425 561 3518 614; x_wconf 62' lang='grc' dir='ltr'><strong>καὶ</strong></span> <span class='ocrx_word' id='word_1_144' title='bbox 3550 561 3580 613; x_wconf 89' lang='lat'><strong>6</strong></span> <span class='ocrx_word' id='word_1_145' title='bbox 3607 559 3730 624; x_wconf 77' lang='grc' dir='ltr'><strong>Υἱὸς</strong></span> 
     </span>
    </p>
   </div>
   <div class='ocr_carea' id='block_1_21' title="bbox 2155 653 3734 730">
    <p class='ocr_par' dir='ltr' id='par_1_21' title="bbox 2155 653 3734 730">
     <span class='ocr_line' id='line_1_21' title="bbox 2155 653 3734 730; baseline -0.004 -17"><span class='ocrx_word' id='word_1_146' title='bbox 2155 659 2300 713; x_wconf 80' lang='grc' dir='ltr'>ποιεῖ</span> <span class='ocrx_word' id='word_1_147' title='bbox 2319 677 2331 690; x_wconf 91' lang='grc'><strong>·</strong></span> <span class='ocrx_word' id='word_1_148' title='bbox 2359 659 2454 713; x_wconf 70' lang='grc' dir='ltr'>καὶ</span> <span class='ocrx_word' id='word_1_149' title='bbox 2483 657 2520 713; x_wconf 74' lang='grc' dir='ltr'><strong>ά</strong></span> <span class='ocrx_word' id='word_1_150' title='bbox 2555 660 2698 712; x_wconf 87' lang='grc' dir='ltr'>ποιεῖ</span> <span class='ocrx_word' id='word_1_151' title='bbox 2722 659 2750 712; x_wconf 94' lang='lat'><strong>6</strong></span> <span class='ocrx_word' id='word_1_152' title='bbox 2774 657 2962 730; x_wconf 84' lang='grc' dir='ltr'>Πατὴρ</span> <span class='ocrx_word' id='word_1_153' title='bbox 2995 658 3090 712; x_wconf 73' lang='grc' dir='ltr'><strong>καὶ</strong></span> <span class='ocrx_word' id='word_1_154' title='bbox 3115 657 3144 710; x_wconf 89' lang='lat'><strong>6</strong></span> <span class='ocrx_word' id='word_1_155' title='bbox 3177 655 3305 721; x_wconf 77' lang='grc' dir='ltr'>Υἱὸς</span> <span class='ocrx_word' id='word_1_156' title='bbox 3325 695 3340 722; x_wconf 93' lang='grc'><strong>,</strong></span> <span class='ocrx_word' id='word_1_157' title='bbox 3375 654 3552 708; x_wconf 74' lang='grc' dir='ltr'>ταυτα</span> <span class='ocrx_word' id='word_1_158' title='bbox 3593 653 3734 706; x_wconf 77' lang='grc' dir='ltr'>ποιεῖ</span> 
     </span>
    </p>
   </div>
   <div class='ocr_carea' id='block_1_22' title="bbox 2153 745 3730 821">
    <p class='ocr_par' dir='ltr' id='par_1_22' title="bbox 2153 745 3730 821">
     <span class='ocr_line' id='line_1_22' title="bbox 2153 745 3730 821; baseline -0.003 -17"><span class='ocrx_word' id='word_1_159' title='bbox 2153 750 2217 804; x_wconf 80' lang='grc' dir='ltr'>τὸ</span> <span class='ocrx_word' id='word_1_160' title='bbox 2262 749 2509 821; x_wconf 83' lang='grc' dir='ltr'><strong>Πνεῦμα,</strong></span> <span class='ocrx_word' id='word_1_161' title='bbox 2573 750 2649 814; x_wconf 86' lang='grc' dir='ltr'>ὼς</span> <span class='ocrx_word' id='word_1_162' title='bbox 2702 749 2798 804; x_wconf 79' lang='grc' dir='ltr'>καὶ</span> <span class='ocrx_word' id='word_1_163' title='bbox 2860 750 2919 803; x_wconf 83' lang='grc' dir='ltr'><strong>ἐν</strong></span> <span class='ocrx_word' id='word_1_164' title='bbox 2971 753 3086 814; x_wconf 83' lang='grc' dir='ltr'>τοῖς</span> <span class='ocrx_word' id='word_1_165' title='bbox 3143 749 3402 820; x_wconf 83' lang='grc' dir='ltr'>ἀνωτέρω</span> <span class='ocrx_word' id='word_1_166' title='bbox 3445 745 3730 800; x_wconf 80' lang='grc' dir='ltr'><strong>δέδεικται.</strong></span> 
     </span>
    </p>
   </div>
   <div class='ocr_carea' id='block_1_23' title="bbox 2156 838 3734 912">
    <p class='ocr_par' dir='ltr' id='par_1_23' title="bbox 2156 838 3734 912">
     <span class='ocr_line' id='line_1_23' title="bbox 2156 838 3734 912; baseline -0.004 -16"><span class='ocrx_word' id='word_1_167' title='bbox 2156 841 2376 897; x_wconf 58' lang='lat' dir='ltr'><strong>Mazaca.</strong></span> <span class='ocrx_word' id='word_1_168' title='bbox 2417 843 2528 895; x_wconf 81' lang='grc' dir='ltr'>Καὶ</span> <span class='ocrx_word' id='word_1_169' title='bbox 2555 841 2698 911; x_wconf 82' lang='grc' dir='ltr'>ἔχεις</span> <span class='ocrx_word' id='word_1_170' title='bbox 2734 858 2823 912; x_wconf 89' lang='grc' dir='ltr'><strong>μοι</strong></span> <span class='ocrx_word' id='word_1_171' title='bbox 2855 840 3048 906; x_wconf 80' lang='grc' dir='ltr'>δεῖξαι,</span> <span class='ocrx_word' id='word_1_172' title='bbox 3080 840 3241 894; x_wconf 80' lang='grc' dir='ltr'><strong>ὅτιτὸ</strong></span> <span class='ocrx_word' id='word_1_173' title='bbox 3271 840 3498 910; x_wconf 81' lang='grc' dir='ltr'><strong>Πνεῦμα</strong></span> <span class='ocrx_word' id='word_1_174' title='bbox 3519 838 3734 909; x_wconf 75' lang='grc' dir='ltr'>ἤγειρεν</span> 
     </span>
    </p>
   </div>
   <div class='ocr_carea' id='block_1_24' title="bbox 2157 929 3736 1003">
    <p class='ocr_par' dir='ltr' id='par_1_24' title="bbox 2157 929 3736 1003">
     <span class='ocr_line' id='line_1_24' title="bbox 2157 929 3736 1003; baseline -0.003 -15"><span class='ocrx_word' id='word_1_175' title='bbox 2157 933 2248 988; x_wconf 83' lang='grc' dir='ltr'><strong>τὸν</strong></span> <span class='ocrx_word' id='word_1_176' title='bbox 2286 935 2560 1003; x_wconf 85' lang='grc' dir='ltr'>Χριστόν;</span> <span class='ocrx_word' id='word_1_177' title='bbox 2613 935 2758 1001; x_wconf 84' lang='grc' dir='ltr'>Ὀρθ.</span> <span class='ocrx_word' id='word_1_178' title='bbox 2799 934 2871 986; x_wconf 84' lang='grc' dir='ltr'><strong>υύ</strong></span> <span class='ocrx_word' id='word_1_179' title='bbox 2925 933 3090 1001; x_wconf 85' lang='grc' dir='ltr'>λέγω,</span> <span class='ocrx_word' id='word_1_180' title='bbox 3133 933 3215 986; x_wconf 84' lang='grc' dir='ltr'><strong>ὅτι</strong></span> <span class='ocrx_word' id='word_1_181' title='bbox 3265 931 3328 985; x_wconf 81' lang='grc' dir='ltr'><strong>τὸ</strong></span> <span class='ocrx_word' id='word_1_182' title='bbox 3371 929 3634 1002; x_wconf 78' lang='grc' dir='ltr'><strong>Πνεῦμα,</strong></span> <span class='ocrx_word' id='word_1_183' title='bbox 3665 929 3736 993; x_wconf 84' lang='grc' dir='ltr'>ὡς</span> 
     </span>
    </p>
   </div>
   <div class='ocr_carea' id='block_1_25' title="bbox 2156 1024 3733 1099">
    <p class='ocr_par' dir='ltr' id='par_1_25' title="bbox 2156 1024 3733 1099">
     <span class='ocr_line' id='line_1_25' title="bbox 2156 1024 3733 1099; baseline -0.004 -17"><span class='ocrx_word' id='word_1_184' title='bbox 2156 1025 2520 1098; x_wconf 83' lang='grc' dir='ltr'>δυνατώτερον</span> <span class='ocrx_word' id='word_1_185' title='bbox 2541 1025 2634 1079; x_wconf 87' lang='grc' dir='ltr'><strong>τοῦ</strong></span> <span class='ocrx_word' id='word_1_186' title='bbox 2648 1026 2905 1098; x_wconf 81' lang='grc' dir='ltr'><strong>Χριστοῦ,</strong></span> <span class='ocrx_word' id='word_1_187' title='bbox 2931 1026 3154 1099; x_wconf 63' lang='grc' dir='ltr'>ἤγειρεν</span> <span class='ocrx_word' id='word_1_188' title='bbox 3181 1025 3343 1079; x_wconf 79' lang='grc' dir='ltr'>αὐτὸν</span> <span class='ocrx_word' id='word_1_189' title='bbox 3369 1024 3464 1078; x_wconf 82' lang='grc' dir='ltr'><strong>τὸν</strong></span> <span class='ocrx_word' id='word_1_190' title='bbox 3481 1024 3733 1095; x_wconf 76' lang='grc' dir='ltr'>Χριστὸν,</span> 
     </span>
    </p>
   </div>
   <div class='ocr_carea' id='block_1_26' title="bbox 2160 1114 3736 1187">
    <p class='ocr_par' dir='ltr' id='par_1_26' title="bbox 2160 1114 3736 1187">
     <span class='ocr_line' id='line_1_26' title="bbox 2160 1114 3736 1187; baseline -0.001 -18"><span class='ocrx_word' id='word_1_191' title='bbox 2160 1114 2276 1170; x_wconf 78' lang='grc' dir='ltr'>ἀλλ’</span> <span class='ocrx_word' id='word_1_192' title='bbox 2314 1115 2398 1168; x_wconf 84' lang='grc' dir='ltr'>ὅτι</span> <span class='ocrx_word' id='word_1_193' title='bbox 2453 1115 2618 1169; x_wconf 78' lang='grc' dir='ltr'>αὑτὸν</span> <span class='ocrx_word' id='word_1_194' title='bbox 2647 1115 2740 1169; x_wconf 78' lang='grc' dir='ltr'><strong>τὸν</strong></span> <span class='ocrx_word' id='word_1_195' title='bbox 2761 1116 2887 1170; x_wconf 79' lang='grc' dir='ltr'>ναὸν</span> <span class='ocrx_word' id='word_1_196' title='bbox 2911 1114 3004 1169; x_wconf 89' lang='grc' dir='ltr'><strong>τοῦ</strong></span> <span class='ocrx_word' id='word_1_197' title='bbox 3035 1114 3283 1187; x_wconf 85' lang='grc' dir='ltr'>σώματος</span> <span class='ocrx_word' id='word_1_198' title='bbox 3311 1115 3538 1186; x_wconf 78' lang='grc' dir='ltr'>ἧγειρεν</span> <span class='ocrx_word' id='word_1_199' title='bbox 3567 1115 3598 1168; x_wconf 97' lang='lat'><strong>6</strong></span> <span class='ocrx_word' id='word_1_200' title='bbox 3629 1114 3736 1167; x_wconf 81' lang='grc' dir='ltr'>Πα-</span> 
     </span>
    </p>
   </div>
   <div class='ocr_carea' id='block_1_27' title="bbox 2159 1204 3734 1279">
    <p class='ocr_par' dir='ltr' id='par_1_27' title="bbox 2159 1204 3734 1279">
     <span class='ocr_line' id='line_1_27' title="bbox 2159 1204 3734 1279; baseline -0.001 -19"><span class='ocrx_word' id='word_1_201' title='bbox 2159 1207 2286 1279; x_wconf 84' lang='grc' dir='ltr'>τὴρ,</span> <span class='ocrx_word' id='word_1_202' title='bbox 2335 1208 2430 1260; x_wconf 78' lang='grc' dir='ltr'>καὶ</span> <span class='ocrx_word' id='word_1_203' title='bbox 2478 1207 2507 1260; x_wconf 92' lang='lat'><strong>6</strong></span> <span class='ocrx_word' id='word_1_204' title='bbox 2537 1207 2686 1271; x_wconf 77' lang='grc' dir='ltr'>Υἱὸς,</span> <span class='ocrx_word' id='word_1_205' title='bbox 2712 1206 2806 1260; x_wconf 72' lang='grc' dir='ltr'><strong>καὶ</strong></span> <span class='ocrx_word' id='word_1_206' title='bbox 2847 1207 2908 1260; x_wconf 83' lang='grc' dir='ltr'><strong>τὸ</strong></span> <span class='ocrx_word' id='word_1_207' title='bbox 2949 1205 3173 1278; x_wconf 80' lang='grc' dir='ltr'>Πνεῦμα</span> <span class='ocrx_word' id='word_1_208' title='bbox 3201 1205 3264 1260; x_wconf 82' lang='grc' dir='ltr'>τὸ</span> <span class='ocrx_word' id='word_1_209' title='bbox 3296 1205 3471 1276; x_wconf 67' lang='grc' dir='ltr'>ἅγιον.</span> <span class='ocrx_word' id='word_1_210' title='bbox 3517 1204 3734 1260; x_wconf 75' lang='grc' dir='ltr'>Μακεά</span> 
     </span>
    </p>
   </div>
   <div class='ocr_carea' id='block_1_28' title="bbox 2163 1295 3740 1370">
    <p class='ocr_par' dir='ltr' id='par_1_28' title="bbox 2163 1295 3740 1370">
     <span class='ocr_line' id='line_1_28' title="bbox 2163 1295 3740 1370; baseline 0 -18"><span class='ocrx_word' id='word_1_211' title='bbox 2163 1299 2274 1352; x_wconf 76' lang='grc' dir='ltr'><strong>Καὶ</strong></span> <span class='ocrx_word' id='word_1_212' title='bbox 2307 1299 2424 1362; x_wconf 82' lang='grc' dir='ltr'>πῶς</span> <span class='ocrx_word' id='word_1_213' title='bbox 2461 1315 2526 1368; x_wconf 89' lang='grc' dir='ltr'><strong>με</strong></span> <span class='ocrx_word' id='word_1_214' title='bbox 2561 1298 2704 1368; x_wconf 80' lang='grc' dir='ltr'>ἔχεις</span> <span class='ocrx_word' id='word_1_215' title='bbox 2743 1301 2924 1352; x_wconf 82' lang='grc' dir='ltr'>πεῖσαι</span> <span class='ocrx_word' id='word_1_216' title='bbox 2952 1315 2966 1365; x_wconf 87' lang='grc'><strong>;</strong></span> <span class='ocrx_word' id='word_1_217' title='bbox 3003 1295 3112 1370; x_wconf 79' lang='grc' dir='ltr'>ἄρα</span> <span class='ocrx_word' id='word_1_218' title='bbox 3161 1297 3411 1370; x_wconf 80' lang='grc' dir='ltr'><strong>βοηθείας</strong></span> <span class='ocrx_word' id='word_1_219' title='bbox 3445 1296 3678 1369; x_wconf 76' lang='grc' dir='ltr'>ἔχρῃζεν</span> <span class='ocrx_word' id='word_1_220' title='bbox 3712 1299 3740 1352; x_wconf 87' lang='grc' dir='ltr'>ὁ</span> 
     </span>
    </p>
   </div>
   <div class='ocr_carea' id='block_1_29' title="bbox 2165 1387 3740 1462">
    <p class='ocr_par' dir='ltr' id='par_1_29' title="bbox 2165 1387 3740 1462">
     <span class='ocr_line' id='line_1_29' title="bbox 2165 1387 3740 1462; baseline 0 -20"><span class='ocrx_word' id='word_1_221' title='bbox 2165 1389 2314 1452; x_wconf 74' lang='grc' dir='ltr'>Υἱὸς,</span> <span class='ocrx_word' id='word_1_222' title='bbox 2341 1388 2426 1442; x_wconf 80' lang='grc' dir='ltr'><strong>ἵνα</strong></span> <span class='ocrx_word' id='word_1_223' title='bbox 2449 1388 2540 1442; x_wconf 82' lang='grc' dir='ltr'><strong>τὸν</strong></span> <span class='ocrx_word' id='word_1_224' title='bbox 2565 1387 2690 1441; x_wconf 81' lang='grc' dir='ltr'>ναὸν</span> <span class='ocrx_word' id='word_1_225' title='bbox 2712 1389 2877 1443; x_wconf 84' lang='grc' dir='ltr'>αὑτοῦ</span> <span class='ocrx_word' id='word_1_226' title='bbox 2904 1388 3090 1460; x_wconf 75' lang='grc' dir='ltr'>ἐγείρῃ</span> <span class='ocrx_word' id='word_1_227' title='bbox 3113 1405 3127 1454; x_wconf 91' lang='grc'>;</span> <span class='ocrx_word' id='word_1_228' title='bbox 3171 1389 3326 1456; x_wconf 81' lang='grc' dir='ltr'>Ὀρθ.</span> <span class='ocrx_word' id='word_1_229' title='bbox 3350 1388 3620 1458; x_wconf 79' lang='grc' dir='ltr'>Βοηθεεας</span> <span class='ocrx_word' id='word_1_230' title='bbox 3637 1388 3740 1462; x_wconf 81' lang='grc' dir='ltr'>γὰρ</span> 
     </span>
    </p>
   </div>
   <div class='ocr_carea' id='block_1_30' title="bbox 2165 1478 3740 1552">
    <p class='ocr_par' dir='ltr' id='par_1_30' title="bbox 2165 1478 3740 1552">
     <span class='ocr_line' id='line_1_30' title="bbox 2165 1478 3740 1552; baseline 0 -18"><span class='ocrx_word' id='word_1_231' title='bbox 2165 1479 2381 1552; x_wconf 79' lang='grc' dir='ltr'>χρῄζων</span> <span class='ocrx_word' id='word_1_232' title='bbox 2401 1479 2705 1552; x_wconf 87' lang='grc' dir='ltr'>ἐπληροῦτο</span> <span class='ocrx_word' id='word_1_233' title='bbox 2734 1478 2882 1551; x_wconf 83' lang='grc' dir='ltr'>αύτῷ</span> <span class='ocrx_word' id='word_1_234' title='bbox 2913 1479 2992 1552; x_wconf 83' lang='grc' dir='ltr'>τῷ</span> <span class='ocrx_word' id='word_1_235' title='bbox 3019 1479 3298 1552; x_wconf 84' lang='grc' dir='ltr'>Πνεύματι</span> <span class='ocrx_word' id='word_1_236' title='bbox 3329 1479 3441 1551; x_wconf 68' lang='grc'><strong>(54)</strong></span> <span class='ocrx_word' id='word_1_237' title='bbox 3471 1497 3487 1545; x_wconf 88' lang='grc'>;</span> <span class='ocrx_word' id='word_1_238' title='bbox 3521 1479 3740 1534; x_wconf 77' lang='grc' dir='ltr'>Μακεδ.</span> 
     </span>
    </p>
   </div>
   <div class='ocr_carea' id='block_1_31' title="bbox 2166 1569 3742 1643">
    <p class='ocr_par' dir='ltr' id='par_1_31' title="bbox 2166 1569 3742 1643">
     <span class='ocr_line' id='line_1_31' title="bbox 2166 1569 3742 1643; baseline 0.002 -19"><span class='ocrx_word' id='word_1_239' title='bbox 2166 1571 2275 1625; x_wconf 87' lang='grc' dir='ltr'><strong>Ποῦ</strong></span> <span class='ocrx_word' id='word_1_240' title='bbox 2309 1571 2639 1642; x_wconf 86' lang='grc' dir='ltr'>γέγραπται,</span> <span class='ocrx_word' id='word_1_241' title='bbox 2671 1571 2752 1624; x_wconf 84' lang='grc' dir='ltr'>ὅτι</span> <span class='ocrx_word' id='word_1_242' title='bbox 2798 1569 3100 1643; x_wconf 76' lang='grc' dir='ltr'>ἐπληροῦτο</span> <span class='ocrx_word' id='word_1_243' title='bbox 3119 1571 3197 1643; x_wconf 83' lang='grc' dir='ltr'>τῷ</span> <span class='ocrx_word' id='word_1_244' title='bbox 3233 1571 3550 1643; x_wconf 90' lang='grc' dir='ltr'>Πνεύματι;</span> <span class='ocrx_word' id='word_1_245' title='bbox 3592 1572 3742 1640; x_wconf 80' lang='grc' dir='ltr'>Ὀρθ.</span> 
     </span>
    </p>
   </div>
   <div class='ocr_carea' id='block_1_32' title="bbox 2180 1657 3743 1734">
    <p class='ocr_par' dir='ltr' id='par_1_32' title="bbox 2180 1657 3743 1734">
     <span class='ocr_line' id='line_1_32' title="bbox 2180 1657 3743 1734; baseline 0.001 -20"><span class='ocrx_word' id='word_1_246' title='bbox 2180 1660 2477 1730; x_wconf 84' lang='grc' dir='ltr'>Ἀνάγνωθι</span> <span class='ocrx_word' id='word_1_247' title='bbox 2508 1661 2569 1714; x_wconf 86' lang='grc' dir='ltr'><strong>τὸ</strong></span> <span class='ocrx_word' id='word_1_248' title='bbox 2590 1661 2728 1714; x_wconf 85' lang='grc' dir='ltr'>κατὰ</span> <span class='ocrx_word' id='word_1_249' title='bbox 2747 1657 2958 1716; x_wconf 74' lang='grc' dir='ltr'>Λωκᾶν</span> <span class='ocrx_word' id='word_1_250' title='bbox 2983 1660 3332 1731; x_wconf 82' lang='grc' dir='ltr'>Εὐαγγέλιον,</span> <span class='ocrx_word' id='word_1_251' title='bbox 3360 1663 3450 1717; x_wconf 71' lang='grc' dir='ltr'><strong>ἵνα</strong></span> <span class='ocrx_word' id='word_1_252' title='bbox 3483 1661 3743 1734; x_wconf 81' lang='grc' dir='ltr'>ἀκούσῃς’</span> 
     </span>
    </p>
   </div>
   <div class='ocr_carea' id='block_1_33' title="bbox 2176 1748 3746 1822">
    <p class='ocr_par' dir='ltr' id='par_1_33' title="bbox 2176 1748 3746 1822">
     <span class='ocr_line' id='line_1_33' title="bbox 2176 1748 3746 1822; baseline 0.001 -20"><span class='ocrx_word' id='word_1_253' title='bbox 2176 1769 2194 1802; x_wconf 82' lang='grc' dir='ltr'><strong>ι</strong></span> <span class='ocrx_word' id='word_1_254' title='bbox 2241 1753 2299 1805; x_wconf 86' lang='lat'><strong>&#39;0</strong></span> <span class='ocrx_word' id='word_1_255' title='bbox 2329 1749 2422 1806; x_wconf 79' lang='grc' dir='ltr'><strong>οὖν</strong></span> <span class='ocrx_word' id='word_1_256' title='bbox 2455 1748 2660 1822; x_wconf 86' lang='grc' dir='ltr'>Ἰησοῦς</span> <span class='ocrx_word' id='word_1_257' title='bbox 2701 1749 2912 1822; x_wconf 79' lang='grc' dir='ltr'><strong>πλήρης</strong></span> <span class='ocrx_word' id='word_1_258' title='bbox 2948 1749 3044 1803; x_wconf 87' lang='grc' dir='ltr'><strong>τοῦ</strong></span> <span class='ocrx_word' id='word_1_259' title='bbox 3093 1749 3412 1822; x_wconf 88' lang='grc' dir='ltr'>Πνεύματος</span> <span class='ocrx_word' id='word_1_260' title='bbox 3440 1750 3602 1820; x_wconf 73' lang='grc' dir='ltr'>ἁγίου</span> <span class='ocrx_word' id='word_1_261' title='bbox 3646 1749 3746 1803; x_wconf 69' lang='grc' dir='ltr'><strong>ὐπ-</strong></span> 
     </span>
    </p>
   </div>
   <div class='ocr_carea' id='block_1_34' title="bbox 477 1839 2075 1916">
    <p class='ocr_par' dir='ltr' id='par_1_34' title="bbox 477 1839 2064 1916">
     <span class='ocr_line' id='line_1_34' title="bbox 477 1839 2064 1916; baseline -0.003 -16"><span class='ocrx_word' id='word_1_262' title='bbox 477 1843 689 1916; x_wconf 91' lang='lat' dir='ltr'><strong>Spiritu</strong></span> <span class='ocrx_word' id='word_1_263' title='bbox 747 1851 962 1906; x_wconf 81' lang='lat' dir='ltr'><strong>sancto,</strong></span> <span class='ocrx_word' id='word_1_264' title='bbox 992 1859 1252 1898; x_wconf 84' lang='lat' dir='ltr'><strong>reversus</strong></span> <span class='ocrx_word' id='word_1_265' title='bbox 1288 1843 1448 1898; x_wconf 87' lang='lat' dir='ltr'><strong>estin</strong></span> <span class='ocrx_word' id='word_1_266' title='bbox 1471 1840 1744 1897; x_wconf 88' lang='lat' dir='ltr'><strong>desertum</strong></span> <span class='ocrx_word' id='word_1_267' title='bbox 1771 1841 1837 1894; x_wconf 76' lang='grc'><strong>⁸³.</strong></span> <span class='ocrx_word' id='word_1_268' title='bbox 1877 1859 1895 1892; x_wconf 77' lang='grc' dir='ltr'><strong>ι</strong></span> <span class='ocrx_word' id='word_1_269' title='bbox 1948 1839 2064 1895; x_wconf 88' lang='lat' dir='ltr'><strong>lmo</strong></span> 
     </span>
    </p>
   </div>
   <div class='ocr_carea' id='block_1_35' title="bbox 2176 1839 3744 1916">
    <p class='ocr_par' dir='ltr' id='par_1_35' title="bbox 2176 1839 3744 1912">
     <span class='ocr_line' id='line_1_35' title="bbox 2176 1839 3744 1912; baseline -0.001 -17"><span class='ocrx_word' id='word_1_270' title='bbox 2176 1842 2428 1912; x_wconf 74' lang='grc' dir='ltr'>ἔστρεψεν</span> <span class='ocrx_word' id='word_1_271' title='bbox 2456 1842 2536 1904; x_wconf 72' lang='grc' dir='ltr'><strong>εἰς</strong></span> <span class='ocrx_word' id='word_1_272' title='bbox 2570 1839 2668 1912; x_wconf 76' lang='grc' dir='ltr'>τῆν</span> <span class='ocrx_word' id='word_1_273' title='bbox 2692 1839 2915 1911; x_wconf 83' lang='grc' dir='ltr'>ἔρημον.</span> <span class='ocrx_word' id='word_1_274' title='bbox 2943 1860 2960 1891; x_wconf 75' lang='grc' dir='ltr'><strong>ι</strong></span> <span class='ocrx_word' id='word_1_275' title='bbox 2985 1841 3092 1894; x_wconf 82' lang='lat' dir='ltr'><strong>Ka‘t</strong></span> <span class='ocrx_word' id='word_1_276' title='bbox 3118 1841 3179 1894; x_wconf 83' lang='grc' dir='ltr'><strong>τὸ</strong></span> <span class='ocrx_word' id='word_1_277' title='bbox 3211 1840 3540 1912; x_wconf 80' lang='grc' dir='ltr'>παράδοξον,</span> <span class='ocrx_word' id='word_1_278' title='bbox 3574 1843 3656 1894; x_wconf 82' lang='grc' dir='ltr'>ὅτι</span> <span class='ocrx_word' id='word_1_279' title='bbox 3689 1841 3744 1894; x_wconf 82' lang='lat' dir='ltr'><em>o6</em></span> 
     </span>
    </p>
   </div>
   <div class='ocr_carea' id='block_1_36' title="bbox 475 1933 2066 2009">
    <p class='ocr_par' dir='ltr' id='par_1_36' title="bbox 475 1933 2066 2009">
     <span class='ocr_line' id='line_1_36' title="bbox 475 1933 2066 2009; baseline -0.004 -16"><span class='ocrx_word' id='word_1_280' title='bbox 475 1936 624 2009; x_wconf 61' lang='lat' dir='ltr'><strong>Quod</strong></span> <span class='ocrx_word' id='word_1_281' title='bbox 656 1937 852 1992; x_wconf 88' lang='lat' dir='ltr'><strong>mirum</strong></span> <span class='ocrx_word' id='word_1_282' title='bbox 877 1943 983 1998; x_wconf 90' lang='lat' dir='ltr'><strong>est,</strong></span> <span class='ocrx_word' id='word_1_283' title='bbox 1006 1936 1278 2006; x_wconf 90' lang='lat' dir='ltr'><strong>scriptum</strong></span> <span class='ocrx_word' id='word_1_284' title='bbox 1307 1943 1392 1991; x_wconf 91' lang='lat' dir='ltr'><strong>est</strong></span> <span class='ocrx_word' id='word_1_285' title='bbox 1424 1950 1532 1989; x_wconf 87' lang='lat' dir='ltr'><strong>non</strong></span> <span class='ocrx_word' id='word_1_286' title='bbox 1565 1933 1728 1988; x_wconf 90' lang='lat' dir='ltr'><strong>modo</strong></span> <span class='ocrx_word' id='word_1_287' title='bbox 1756 1933 2066 2004; x_wconf 85' lang='lat' dir='ltr'><strong>impletum,</strong></span> 
     </span>
    </p>
   </div>
   <div class='ocr_carea' id='block_1_37' title="bbox 477 2023 2071 2095">
    <p class='ocr_par' dir='ltr' id='par_1_37' title="bbox 477 2023 2071 2095">
     <span class='ocr_line' id='line_1_37' title="bbox 477 2023 2071 2095; baseline -0.003 -13"><span class='ocrx_word' id='word_1_288' title='bbox 477 2026 574 2082; x_wconf 86' lang='lat' dir='ltr'><strong>sed</strong></span> <span class='ocrx_word' id='word_1_289' title='bbox 595 2025 760 2081; x_wconf 89' lang='lat' dir='ltr'><strong>etiam</strong></span> <span class='ocrx_word' id='word_1_290' title='bbox 792 2025 1016 2080; x_wconf 90' lang='lat' dir='ltr'><strong>ductum</strong></span> <span class='ocrx_word' id='word_1_291' title='bbox 1045 2024 1214 2080; x_wconf 84' lang='lat' dir='ltr'><strong>fuisse</strong></span> <span class='ocrx_word' id='word_1_292' title='bbox 1254 2040 1284 2078; x_wconf 91' lang='lat' dir='ltr'><strong>a</strong></span> <span class='ocrx_word' id='word_1_293' title='bbox 1317 2023 1546 2095; x_wconf 90' lang='lat' dir='ltr'><strong>Spiritu.</strong></span> <span class='ocrx_word' id='word_1_294' title='bbox 1573 2023 1872 2088; x_wconf 69' lang='lat' dir='ltr'><strong>Caeterum,</strong></span> <span class='ocrx_word' id='word_1_295' title='bbox 1925 2023 2071 2077; x_wconf 89' lang='lat' dir='ltr'><strong>sicut</strong></span> 
     </span>
    </p>
   </div>
   <div class='ocr_carea' id='block_1_38' title="bbox 478 2113 2070 2188">
    <p class='ocr_par' dir='ltr' id='par_1_38' title="bbox 478 2113 2070 2188">
     <span class='ocr_line' id='line_1_38' title="bbox 478 2113 2070 2188; baseline -0.004 -15"><span class='ocrx_word' id='word_1_296' title='bbox 478 2118 738 2188; x_wconf 90' lang='lat' dir='ltr'><strong>impletus</strong></span> <span class='ocrx_word' id='word_1_297' title='bbox 769 2124 874 2181; x_wconf 90' lang='lat' dir='ltr'><strong>est,</strong></span> <span class='ocrx_word' id='word_1_298' title='bbox 907 2125 963 2173; x_wconf 89' lang='lat' dir='ltr'><strong>et</strong></span> <span class='ocrx_word' id='word_1_299' title='bbox 987 2117 1210 2179; x_wconf 88' lang='lat' dir='ltr'><strong>ductus,</strong></span> <span class='ocrx_word' id='word_1_300' title='bbox 1246 2117 1320 2170; x_wconf 90' lang='lat' dir='ltr'><strong>ita</strong></span> <span class='ocrx_word' id='word_1_301' title='bbox 1353 2115 1516 2169; x_wconf 90' lang='lat' dir='ltr'><strong>etiam</strong></span> <span class='ocrx_word' id='word_1_302' title='bbox 1559 2115 1883 2170; x_wconf 74' lang='lat' dir='ltr'><strong>resurrexit.</strong></span> <span class='ocrx_word' id='word_1_303' title='bbox 1915 2113 1983 2167; x_wconf 87' lang='lat' dir='ltr'><strong>Et</strong></span> <span class='ocrx_word' id='word_1_304' title='bbox 2010 2121 2070 2167; x_wconf 91' lang='lat' dir='ltr'><strong>ut</strong></span> 
     </span>
    </p>
   </div>
   <div class='ocr_carea' id='block_1_39' title="bbox 475 2204 2067 2276">
    <p class='ocr_par' dir='ltr' id='par_1_39' title="bbox 475 2204 2067 2276">
     <span class='ocr_line' id='line_1_39' title="bbox 475 2204 2067 2276; baseline -0.003 -14"><span class='ocrx_word' id='word_1_305' title='bbox 475 2206 629 2262; x_wconf 90' lang='lat' dir='ltr'><strong>noris</strong></span> <span class='ocrx_word' id='word_1_306' title='bbox 652 2207 786 2260; x_wconf 86' lang='lat' dir='ltr'><strong>nihil</strong></span> <span class='ocrx_word' id='word_1_307' title='bbox 811 2206 1030 2261; x_wconf 90' lang='lat' dir='ltr'><strong>obstare</strong></span> <span class='ocrx_word' id='word_1_308' title='bbox 1072 2205 1370 2276; x_wconf 88' lang='lat' dir='ltr'><strong>quominus</strong></span> <span class='ocrx_word' id='word_1_309' title='bbox 1400 2204 1557 2259; x_wconf 88' lang='lat' dir='ltr'><strong>Patre</strong></span> <span class='ocrx_word' id='word_1_310' title='bbox 1577 2204 1754 2274; x_wconf 83' lang='lat' dir='ltr'><strong>ipsum</strong></span> <span class='ocrx_word' id='word_1_311' title='bbox 1773 2204 2067 2267; x_wconf 82' lang='lat' dir='ltr'><strong>excitante,</strong></span> 
     </span>
    </p>
   </div>
   <div class='ocr_carea' id='block_1_40' title="bbox 479 2293 2069 2368">
    <p class='ocr_par' dir='ltr' id='par_1_40' title="bbox 479 2293 2069 2368">
     <span class='ocr_line' id='line_1_40' title="bbox 479 2293 2069 2368; baseline -0.003 -16"><span class='ocrx_word' id='word_1_312' title='bbox 479 2297 718 2368; x_wconf 87' lang='lat' dir='ltr'><strong>Spiritus</strong></span> <span class='ocrx_word' id='word_1_313' title='bbox 742 2299 906 2352; x_wconf 89' lang='lat' dir='ltr'><strong>etiam</strong></span> <span class='ocrx_word' id='word_1_314' title='bbox 937 2311 1062 2351; x_wconf 91' lang='lat' dir='ltr'><strong>eum</strong></span> <span class='ocrx_word' id='word_1_315' title='bbox 1111 2295 1390 2360; x_wconf 83' lang='lat' dir='ltr'><strong>excitarit,</strong></span> <span class='ocrx_word' id='word_1_316' title='bbox 1429 2294 1578 2356; x_wconf 88' lang='lat' dir='ltr'><strong>audi,</strong></span> <span class='ocrx_word' id='word_1_317' title='bbox 1607 2293 1770 2349; x_wconf 87' lang='lat' dir='ltr'><strong>Patre</strong></span> <span class='ocrx_word' id='word_1_318' title='bbox 1797 2293 1961 2348; x_wconf 90' lang='lat' dir='ltr'><strong>etiam</strong></span> <span class='ocrx_word' id='word_1_319' title='bbox 2011 2293 2069 2348; x_wconf 89' lang='lat' dir='ltr'><strong>in</strong></span> 
     </span>
    </p>
   </div>
   <div class='ocr_carea' id='block_1_41' title="bbox 478 2381 2063 2458">
    <p class='ocr_par' dir='ltr' id='par_1_41' title="bbox 478 2381 2063 2458">
     <span class='ocr_line' id='line_1_41' title="bbox 478 2381 2063 2458; baseline -0.003 -17"><span class='ocrx_word' id='word_1_320' title='bbox 478 2387 598 2458; x_wconf 90' lang='lat' dir='ltr'><strong>ipso</strong></span> <span class='ocrx_word' id='word_1_321' title='bbox 630 2394 906 2451; x_wconf 89' lang='lat' dir='ltr'><strong>manente,</strong></span> <span class='ocrx_word' id='word_1_322' title='bbox 933 2387 1078 2442; x_wconf 87' lang='lat' dir='ltr'><strong>sicut</strong></span> <span class='ocrx_word' id='word_1_323' title='bbox 1103 2386 1160 2440; x_wconf 90' lang='lat' dir='ltr'><strong>in</strong></span> <span class='ocrx_word' id='word_1_324' title='bbox 1192 2385 1504 2456; x_wconf 84' lang='lat' dir='ltr'><strong>Evangeliis</strong></span> <span class='ocrx_word' id='word_1_325' title='bbox 1527 2385 1660 2439; x_wconf 90' lang='lat' dir='ltr'><strong>dicit</strong></span> <span class='ocrx_word' id='word_1_326' title='bbox 1693 2385 1810 2454; x_wconf 89' lang='lat' dir='ltr'><strong>ipse</strong></span> <span class='ocrx_word' id='word_1_327' title='bbox 1842 2381 2015 2439; x_wconf 88' lang='lat' dir='ltr'><strong>Filius</strong></span> <span class='ocrx_word' id='word_1_328' title='bbox 2049 2401 2063 2437; x_wconf 90' lang='lat'><strong>:</strong></span> 
     </span>
    </p>
   </div>
   <div class='ocr_carea' id='block_1_42' title="bbox 485 2476 2070 2548">
    <p class='ocr_par' dir='ltr' id='par_1_42' title="bbox 485 2476 2070 2548">
     <span class='ocr_line' id='line_1_42' title="bbox 485 2476 2070 2548; baseline -0.001 -18"><span class='ocrx_word' id='word_1_329' title='bbox 485 2497 504 2530; x_wconf 74' lang='grc' dir='ltr'><strong>ι</strong></span> <span class='ocrx_word' id='word_1_330' title='bbox 549 2476 714 2533; x_wconf 88' lang='lat' dir='ltr'><strong>Pater</strong></span> <span class='ocrx_word' id='word_1_331' title='bbox 743 2480 908 2533; x_wconf 87' lang='lat' dir='ltr'><strong>inme</strong></span> <span class='ocrx_word' id='word_1_332' title='bbox 942 2493 1171 2534; x_wconf 89' lang='lat' dir='ltr'><strong>manens</strong></span> <span class='ocrx_word' id='word_1_333' title='bbox 1201 2478 1322 2548; x_wconf 81' lang='lat' dir='ltr'><strong>ipse</strong></span> <span class='ocrx_word' id='word_1_334' title='bbox 1345 2477 1474 2532; x_wconf 81' lang='lat' dir='ltr'><strong>facit</strong></span> <span class='ocrx_word' id='word_1_335' title='bbox 1504 2491 1670 2548; x_wconf 86' lang='lat' dir='ltr'><strong>opera</strong></span> <span class='ocrx_word' id='word_1_336' title='bbox 1697 2477 1765 2540; x_wconf 84' lang='lat'><strong>”,</strong></span> <span class='ocrx_word' id='word_1_337' title='bbox 1801 2493 1820 2526; x_wconf 73' lang='grc' dir='ltr'><strong>ι</strong></span> <span class='ocrx_word' id='word_1_338' title='bbox 1849 2489 2070 2529; x_wconf 89' lang='lat' dir='ltr'><strong>manere</strong></span> 
     </span>
    </p>
   </div>
   <div class='ocr_carea' id='block_1_43' title="bbox 478 2565 2069 2641">
    <p class='ocr_par' dir='ltr' id='par_1_43' title="bbox 478 2565 2069 2641">
     <span class='ocr_line' id='line_1_43' title="bbox 478 2565 2069 2641; baseline -0.004 -14"><span class='ocrx_word' id='word_1_339' title='bbox 478 2565 645 2627; x_wconf 77' lang='lat' dir='ltr'><strong>etiam</strong></span> <span class='ocrx_word' id='word_1_340' title='bbox 674 2569 732 2625; x_wconf 89' lang='lat' dir='ltr'><strong>in</strong></span> <span class='ocrx_word' id='word_1_341' title='bbox 753 2585 818 2626; x_wconf 92' lang='lat' dir='ltr'><strong>eo</strong></span> <span class='ocrx_word' id='word_1_342' title='bbox 854 2568 1116 2641; x_wconf 89' lang='lat' dir='ltr'><strong>Spiritum</strong></span> <span class='ocrx_word' id='word_1_343' title='bbox 1141 2589 1154 2625; x_wconf 93' lang='lat'>:</span> <span class='ocrx_word' id='word_1_344' title='bbox 1181 2589 1200 2620; x_wconf 77' lang='grc' dir='ltr'><strong>ι</strong></span> <span class='ocrx_word' id='word_1_345' title='bbox 1233 2568 1522 2625; x_wconf 89' lang='lat' dir='ltr'><strong>Descendit</strong></span> <span class='ocrx_word' id='word_1_346' title='bbox 1554 2587 1573 2622; x_wconf 71' lang='grc' dir='ltr'><strong>ι</strong></span> <span class='ocrx_word' id='word_1_347' title='bbox 1599 2567 1746 2624; x_wconf 90' lang='lat' dir='ltr'><strong>enim</strong></span> <span class='ocrx_word' id='word_1_348' title='bbox 1785 2584 1804 2619; x_wconf 79' lang='grc' dir='ltr'><strong>ι</strong></span> <span class='ocrx_word' id='word_1_349' title='bbox 1831 2565 2069 2638; x_wconf 87' lang='lat' dir='ltr'><strong>Spiritus</strong></span> 
     </span>
    </p>
   </div>
   <div class='ocr_carea' id='block_1_44' title="bbox 480 2659 2070 2732">
    <p class='ocr_par' dir='ltr' id='par_1_44' title="bbox 480 2659 2070 2732">
     <span class='ocr_line' id='line_1_44' title="bbox 480 2659 2070 2732; baseline -0.001 -16"><span class='ocrx_word' id='word_1_350' title='bbox 480 2663 751 2732; x_wconf 87' lang='lat' dir='ltr'><strong>corporali</strong></span> <span class='ocrx_word' id='word_1_351' title='bbox 805 2665 987 2732; x_wconf 88' lang='lat' dir='ltr'><strong>specie</strong></span> <span class='ocrx_word' id='word_1_352' title='bbox 1037 2665 1181 2718; x_wconf 90' lang='lat' dir='ltr'><strong>sicut</strong></span> <span class='ocrx_word' id='word_1_353' title='bbox 1238 2661 1542 2726; x_wconf 90' lang='lat' dir='ltr'><strong>columba;</strong></span> <span class='ocrx_word' id='word_1_354' title='bbox 1587 2667 1643 2716; x_wconf 92' lang='lat' dir='ltr'><strong>et</strong></span> <span class='ocrx_word' id='word_1_355' title='bbox 1678 2659 1880 2714; x_wconf 86' lang='lat' dir='ltr'><strong>mansit</strong></span> <span class='ocrx_word' id='word_1_356' title='bbox 1905 2675 2070 2730; x_wconf 82' lang='lat' dir='ltr'><strong>super</strong></span> 
     </span>
    </p>
   </div>
   <div class='ocr_carea' id='block_1_45' title="bbox 479 2751 2067 2826">
    <p class='ocr_par' dir='ltr' id='par_1_45' title="bbox 479 2751 2067 2826">
     <span class='ocr_line' id='line_1_45' title="bbox 479 2751 2067 2826; baseline -0.003 -15"><span class='ocrx_word' id='word_1_357' title='bbox 479 2755 719 2811; x_wconf 56' lang='grc' dir='ltr'><strong>ψευδο.»</strong></span> <span class='ocrx_word' id='word_1_358' title='bbox 742 2753 898 2809; x_wconf 89' lang='lat' dir='ltr'><strong>Sicut</strong></span> <span class='ocrx_word' id='word_1_359' title='bbox 922 2768 1054 2826; x_wconf 79' lang='lat' dir='ltr'><strong>ergo</strong></span> <span class='ocrx_word' id='word_1_360' title='bbox 1087 2754 1225 2810; x_wconf 90' lang='lat' dir='ltr'><strong>nihil</strong></span> <span class='ocrx_word' id='word_1_361' title='bbox 1253 2762 1399 2808; x_wconf 90' lang='lat' dir='ltr'><strong>vetat</strong></span> <span class='ocrx_word' id='word_1_362' title='bbox 1429 2753 1584 2822; x_wconf 92' lang='lat' dir='ltr'><strong>quin,</strong></span> <span class='ocrx_word' id='word_1_363' title='bbox 1614 2760 1870 2806; x_wconf 90' lang='lat' dir='ltr'><strong>manente</strong></span> <span class='ocrx_word' id='word_1_364' title='bbox 1887 2751 2067 2817; x_wconf 88' lang='lat' dir='ltr'><strong>Patre,</strong></span> 
     </span>
    </p>
   </div>
   <div class='ocr_carea' id='block_1_46' title="bbox 480 2843 2066 2918">
    <p class='ocr_par' dir='ltr' id='par_1_46' title="bbox 480 2843 2066 2918">
     <span class='ocr_line' id='line_1_46' title="bbox 480 2843 2066 2918; baseline -0.003 -17"><span class='ocrx_word' id='word_1_365' title='bbox 480 2855 700 2903; x_wconf 83' lang='lat' dir='ltr'><strong>maneat</strong></span> <span class='ocrx_word' id='word_1_366' title='bbox 720 2848 885 2902; x_wconf 88' lang='lat' dir='ltr'><strong>etiam</strong></span> <span class='ocrx_word' id='word_1_367' title='bbox 913 2847 1186 2918; x_wconf 86' lang='lat' dir='ltr'><strong>Spiritus:</strong></span> <span class='ocrx_word' id='word_1_368' title='bbox 1220 2847 1294 2900; x_wconf 74' lang='lat' dir='ltr'><strong>ita</strong></span> <span class='ocrx_word' id='word_1_369' title='bbox 1316 2846 1448 2900; x_wconf 90' lang='lat' dir='ltr'><strong>nihil</strong></span> <span class='ocrx_word' id='word_1_370' title='bbox 1480 2844 1734 2916; x_wconf 88' lang='lat' dir='ltr'><strong>prohibet</strong></span> <span class='ocrx_word' id='word_1_371' title='bbox 1749 2843 2066 2913; x_wconf 88' lang='lat' dir='ltr'><strong>quominus,</strong></span> 
     </span>
    </p>
   </div>
   <div class='ocr_carea' id='block_1_47' title="bbox 481 2935 2067 3010">
    <p class='ocr_par' dir='ltr' id='par_1_47' title="bbox 481 2935 2067 3010">
     <span class='ocr_line' id='line_1_47' title="bbox 481 2935 2067 3010; baseline -0.001 -20"><span class='ocrx_word' id='word_1_372' title='bbox 481 2935 645 2994; x_wconf 75' lang='lat' dir='ltr'><strong>Patre</strong></span> <span class='ocrx_word' id='word_1_373' title='bbox 676 2939 858 3010; x_wconf 90' lang='lat' dir='ltr'><strong>ipsum</strong></span> <span class='ocrx_word' id='word_1_374' title='bbox 915 2940 1212 3001; x_wconf 79' lang='lat' dir='ltr'><strong>excitante,</strong></span> <span class='ocrx_word' id='word_1_375' title='bbox 1249 2937 1491 3009; x_wconf 90' lang='lat' dir='ltr'><strong>Spiritus</strong></span> <span class='ocrx_word' id='word_1_376' title='bbox 1531 2951 1752 3008; x_wconf 90' lang='lat' dir='ltr'><strong>quoque</strong></span> <span class='ocrx_word' id='word_1_377' title='bbox 1796 2936 2067 3000; x_wconf 81' lang='lat' dir='ltr'><strong>excitarit,</strong></span> 
     </span>
    </p>
   </div>
   <div class='ocr_carea' id='block_1_48' title="bbox 482 3029 2064 3100">
    <p class='ocr_par' dir='ltr' id='par_1_48' title="bbox 482 3029 2064 3100">
     <span class='ocr_line' id='line_1_48' title="bbox 482 3029 2064 3100; baseline -0.002 -15"><span class='ocrx_word' id='word_1_378' title='bbox 482 3039 536 3085; x_wconf 89' lang='lat' dir='ltr'><strong>et</strong></span> <span class='ocrx_word' id='word_1_379' title='bbox 553 3030 657 3086; x_wconf 89' lang='lat' dir='ltr'><strong>hoc</strong></span> <span class='ocrx_word' id='word_1_380' title='bbox 685 3029 821 3084; x_wconf 85' lang='lat' dir='ltr'><strong>illud</strong></span> <span class='ocrx_word' id='word_1_381' title='bbox 837 3038 925 3086; x_wconf 88' lang='lat' dir='ltr'><strong>est</strong></span> <span class='ocrx_word' id='word_1_382' title='bbox 950 3029 1096 3100; x_wconf 92' lang='lat' dir='ltr'><strong>quod</strong></span> <span class='ocrx_word' id='word_1_383' title='bbox 1122 3031 1324 3086; x_wconf 90' lang='lat' dir='ltr'><strong>dicitur</strong></span> <span class='ocrx_word' id='word_1_384' title='bbox 1347 3049 1361 3086; x_wconf 92' lang='lat'><strong>:</strong></span> <span class='ocrx_word' id='word_1_385' title='bbox 1381 3049 1398 3082; x_wconf 85' lang='grc' dir='ltr'><strong>ι</strong></span> <span class='ocrx_word' id='word_1_386' title='bbox 1428 3029 1678 3086; x_wconf 83' lang='lat' dir='ltr'><strong>Etliciens</strong></span> <span class='ocrx_word' id='word_1_387' title='bbox 1705 3029 2064 3095; x_wconf 65' lang='lat' dir='ltr'><strong>diluculum,»</strong></span> 
     </span>
    </p>
   </div>
   <div class='ocr_carea' id='block_1_49' title="bbox 485 3120 2066 3192">
    <p class='ocr_par' dir='ltr' id='par_1_49' title="bbox 485 3120 2066 3192">
     <span class='ocr_line' id='line_1_49' title="bbox 485 3120 2066 3192; baseline 0.001 -16"><span class='ocrx_word' id='word_1_388' title='bbox 485 3121 541 3176; x_wconf 88' lang='lat' dir='ltr'><strong>id</strong></span> <span class='ocrx_word' id='word_1_389' title='bbox 567 3133 651 3178; x_wconf 89' lang='lat' dir='ltr'><strong>est</strong></span> <span class='ocrx_word' id='word_1_390' title='bbox 668 3123 1152 3186; x_wconf 86' lang='lat' dir='ltr'><strong>resurrectionem,</strong></span> <span class='ocrx_word' id='word_1_391' title='bbox 1176 3142 1194 3174; x_wconf 75' lang='grc' dir='ltr'><strong>ι</strong></span> <span class='ocrx_word' id='word_1_392' title='bbox 1219 3129 1274 3177; x_wconf 90' lang='lat' dir='ltr'><strong>et</strong></span> <span class='ocrx_word' id='word_1_393' title='bbox 1298 3121 1574 3186; x_wconf 88' lang='lat' dir='ltr'><strong>nebulam,</strong></span> <span class='ocrx_word' id='word_1_394' title='bbox 1610 3141 1628 3174; x_wconf 75' lang='grc' dir='ltr'><strong>ι</strong></span> <span class='ocrx_word' id='word_1_395' title='bbox 1659 3120 1715 3176; x_wconf 90' lang='lat' dir='ltr'><strong>id</strong></span> <span class='ocrx_word' id='word_1_396' title='bbox 1737 3129 1822 3178; x_wconf 88' lang='lat' dir='ltr'><strong>est</strong></span> <span class='ocrx_word' id='word_1_397' title='bbox 1843 3137 2066 3192; x_wconf 88' lang='lat' dir='ltr'><strong>corpus.</strong></span> 
     </span>
    </p>
   </div>
   <div class='ocr_carea' id='block_1_50' title="bbox 2173 1930 3746 2003">
    <p class='ocr_par' dir='ltr' id='par_1_50' title="bbox 2173 1930 3746 2003">
     <span class='ocr_line' id='line_1_50' title="bbox 2173 1930 3746 2003; baseline 0 -18"><span class='ocrx_word' id='word_1_398' title='bbox 2173 1933 2331 2003; x_wconf 88' lang='grc' dir='ltr'>μόνον</span> <span class='ocrx_word' id='word_1_399' title='bbox 2365 1930 2688 2003; x_wconf 86' lang='grc' dir='ltr'>ἐπληροῦτο,</span> <span class='ocrx_word' id='word_1_400' title='bbox 2721 1931 2856 1985; x_wconf 83' lang='grc' dir='ltr'>ἀλλὰ</span> <span class='ocrx_word' id='word_1_401' title='bbox 2901 1933 2994 1985; x_wconf 80' lang='grc' dir='ltr'>καὶ</span> <span class='ocrx_word' id='word_1_402' title='bbox 3025 1933 3186 2003; x_wconf 69' lang='grc' dir='ltr'>ἤγετο</span> <span class='ocrx_word' id='word_1_403' title='bbox 3214 1935 3271 1986; x_wconf 75' lang='grc' dir='ltr'><strong>ἐν</strong></span> <span class='ocrx_word' id='word_1_404' title='bbox 3323 1931 3405 2003; x_wconf 84' lang='grc' dir='ltr'>τῷ</span> <span class='ocrx_word' id='word_1_405' title='bbox 3451 1931 3746 2003; x_wconf 78' lang='grc' dir='ltr'>Πνεύματι,</span> 
     </span>
    </p>
   </div>
   <div class='ocr_carea' id='block_1_51' title="bbox 2169 2021 3750 2096">
    <p class='ocr_par' dir='ltr' id='par_1_51' title="bbox 2169 2021 3750 2096">
     <span class='ocr_line' id='line_1_51' title="bbox 2169 2021 3750 2096; baseline 0.001 -20"><span class='ocrx_word' id='word_1_406' title='bbox 2169 2023 2498 2094; x_wconf 81' lang='grc' dir='ltr'>γέγραπται.</span> <span class='ocrx_word' id='word_1_407' title='bbox 2541 2022 2754 2093; x_wconf 83' lang='grc' dir='ltr'>’Ὠσπερ</span> <span class='ocrx_word' id='word_1_408' title='bbox 2785 2021 2844 2075; x_wconf 82' lang='grc' dir='ltr'><strong>δὲ</strong></span> <span class='ocrx_word' id='word_1_409' title='bbox 2894 2021 3194 2094; x_wconf 76' lang='grc' dir='ltr'>ἐπληροῦτο</span> <span class='ocrx_word' id='word_1_410' title='bbox 3249 2024 3342 2078; x_wconf 74' lang='grc' dir='ltr'>καὶ</span> <span class='ocrx_word' id='word_1_411' title='bbox 3375 2023 3566 2096; x_wconf 74' lang='grc' dir='ltr'>ἧγετο,</span> <span class='ocrx_word' id='word_1_412' title='bbox 3614 2023 3750 2078; x_wconf 72' lang='grc' dir='ltr'>οὕτω</span> 
     </span>
    </p>
   </div>
   <div class='ocr_carea' id='block_1_52' title="bbox 2168 2115 3752 2188">
    <p class='ocr_par' dir='ltr' id='par_1_52' title="bbox 2168 2115 3752 2188">
     <span class='ocr_line' id='line_1_52' title="bbox 2168 2115 3752 2188; baseline 0 -18"><span class='ocrx_word' id='word_1_413' title='bbox 2168 2116 2265 2170; x_wconf 75' lang='grc' dir='ltr'><strong>καὶ</strong></span> <span class='ocrx_word' id='word_1_414' title='bbox 2313 2116 2534 2188; x_wconf 82' lang='grc' dir='ltr'><strong>ἀνέστη.</strong></span> <span class='ocrx_word' id='word_1_415' title='bbox 2585 2115 2694 2170; x_wconf 82' lang='grc' dir='ltr'><strong>Καὶ</strong></span> <span class='ocrx_word' id='word_1_416' title='bbox 2738 2117 2825 2170; x_wconf 84' lang='grc' dir='ltr'>ἵνα</span> <span class='ocrx_word' id='word_1_417' title='bbox 2862 2115 3026 2187; x_wconf 84' lang='grc' dir='ltr'>γνῷς,</span> <span class='ocrx_word' id='word_1_418' title='bbox 3062 2117 3144 2170; x_wconf 82' lang='grc' dir='ltr'><strong>ὅτι</strong></span> <span class='ocrx_word' id='word_1_419' title='bbox 3202 2117 3354 2170; x_wconf 80' lang='grc' dir='ltr'>οὐδὲν</span> <span class='ocrx_word' id='word_1_420' title='bbox 3404 2115 3632 2180; x_wconf 79' lang='grc' dir='ltr'>κωλύει,</span> <span class='ocrx_word' id='word_1_421' title='bbox 3663 2115 3752 2170; x_wconf 87' lang='grc' dir='ltr'><strong>τοῦ</strong></span> 
     </span>
    </p>
   </div>
   <div class='ocr_carea' id='block_1_53' title="bbox 2169 2205 3749 2279">
    <p class='ocr_par' dir='ltr' id='par_1_53' title="bbox 2169 2205 3749 2279">
     <span class='ocr_line' id='line_1_53' title="bbox 2169 2205 3749 2279; baseline -0.003 -17"><span class='ocrx_word' id='word_1_422' title='bbox 2169 2207 2384 2274; x_wconf 81' lang='grc' dir='ltr'>Πατρὸς</span> <span class='ocrx_word' id='word_1_423' title='bbox 2443 2207 2606 2262; x_wconf 83' lang='grc' dir='ltr'>αὐτὸν</span> <span class='ocrx_word' id='word_1_424' title='bbox 2661 2207 2986 2279; x_wconf 84' lang='grc' dir='ltr'>ἐγείροντος,</span> <span class='ocrx_word' id='word_1_425' title='bbox 3027 2207 3119 2260; x_wconf 68' lang='grc' dir='ltr'><strong>καὶ</strong></span> <span class='ocrx_word' id='word_1_426' title='bbox 3151 2207 3212 2260; x_wconf 81' lang='grc' dir='ltr'><strong>τὸ</strong></span> <span class='ocrx_word' id='word_1_427' title='bbox 3239 2205 3466 2278; x_wconf 77' lang='grc' dir='ltr'>Πνεῦμα</span> <span class='ocrx_word' id='word_1_428' title='bbox 3498 2206 3749 2277; x_wconf 79' lang='grc' dir='ltr'>ἐγείρειν,</span> 
     </span>
    </p>
   </div>
   <div class='ocr_carea' id='block_1_54' title="bbox 2169 2296 3750 2370">
    <p class='ocr_par' dir='ltr' id='par_1_54' title="bbox 2169 2296 3750 2370">
     <span class='ocr_line' id='line_1_54' title="bbox 2169 2296 3750 2370; baseline -0.003 -16"><span class='ocrx_word' id='word_1_429' title='bbox 2169 2299 2422 2364; x_wconf 78' lang='grc' dir='ltr'>ἄκουσον,</span> <span class='ocrx_word' id='word_1_430' title='bbox 2481 2300 2562 2353; x_wconf 81' lang='grc' dir='ltr'>ὅτι</span> <span class='ocrx_word' id='word_1_431' title='bbox 2615 2299 2712 2352; x_wconf 74' lang='grc' dir='ltr'>καὶ</span> <span class='ocrx_word' id='word_1_432' title='bbox 2768 2296 2860 2351; x_wconf 89' lang='grc' dir='ltr'><strong>τοῦ</strong></span> <span class='ocrx_word' id='word_1_433' title='bbox 2905 2298 3118 2370; x_wconf 84' lang='grc' dir='ltr'>Πατρὺς</span> <span class='ocrx_word' id='word_1_434' title='bbox 3159 2299 3218 2350; x_wconf 82' lang='grc' dir='ltr'><strong>ἐν</strong></span> <span class='ocrx_word' id='word_1_435' title='bbox 3267 2296 3420 2368; x_wconf 85' lang='grc' dir='ltr'><strong>αὐτῷ</strong></span> <span class='ocrx_word' id='word_1_436' title='bbox 3481 2297 3750 2368; x_wconf 72' lang='grc' dir='ltr'>μένοντος,</span> 
     </span>
    </p>
   </div>
   <div class='ocr_carea' id='block_1_55' title="bbox 2168 2387 3754 2460">
    <p class='ocr_par' dir='ltr' id='par_1_55' title="bbox 2168 2387 3754 2460">
     <span class='ocr_line' id='line_1_55' title="bbox 2168 2387 3754 2460; baseline -0.004 -16"><span class='ocrx_word' id='word_1_437' title='bbox 2168 2392 2245 2455; x_wconf 77' lang='grc' dir='ltr'>ὡς</span> <span class='ocrx_word' id='word_1_438' title='bbox 2274 2392 2330 2444; x_wconf 85' lang='grc' dir='ltr'><strong>ἐν</strong></span> <span class='ocrx_word' id='word_1_439' title='bbox 2360 2394 2472 2455; x_wconf 83' lang='grc' dir='ltr'>τοῖς</span> <span class='ocrx_word' id='word_1_440' title='bbox 2499 2389 2852 2460; x_wconf 77' lang='grc' dir='ltr'>Εὐαγγελίοις</span> <span class='ocrx_word' id='word_1_441' title='bbox 2884 2388 3044 2452; x_wconf 80' lang='grc' dir='ltr'>αὐτὸς</span> <span class='ocrx_word' id='word_1_442' title='bbox 3075 2391 3104 2442; x_wconf 90' lang='lat'><strong>6</strong></span> <span class='ocrx_word' id='word_1_443' title='bbox 3139 2387 3266 2453; x_wconf 79' lang='grc' dir='ltr'>Υἱὸς</span> <span class='ocrx_word' id='word_1_444' title='bbox 3293 2388 3446 2456; x_wconf 80' lang='grc' dir='ltr'>λέγει</span> <span class='ocrx_word' id='word_1_445' title='bbox 3469 2405 3484 2418; x_wconf 90' lang='grc'><strong>·</strong></span> <span class='ocrx_word' id='word_1_446' title='bbox 3523 2388 3608 2442; x_wconf 83' lang='grc' dir='ltr'>ὅτι</span> <span class='ocrx_word' id='word_1_447' title='bbox 3635 2405 3654 2438; x_wconf 83' lang='grc' dir='ltr'><strong>ι</strong></span> <span class='ocrx_word' id='word_1_448' title='bbox 3699 2387 3754 2439; x_wconf 87' lang='lat'><strong>&#39;0</strong></span> 
     </span>
    </p>
   </div>
   <div class='ocr_carea' id='block_1_56' title="bbox 2170 2477 3752 2554">
    <p class='ocr_par' dir='ltr' id='par_1_56' title="bbox 2170 2477 3752 2554">
     <span class='ocr_line' id='line_1_56' title="bbox 2170 2477 3752 2554; baseline -0.004 -18"><span class='ocrx_word' id='word_1_449' title='bbox 2170 2481 2359 2554; x_wconf 83' lang='grc' dir='ltr'>Πατὴρ</span> <span class='ocrx_word' id='word_1_450' title='bbox 2384 2483 2413 2535; x_wconf 89' lang='lat'><strong>6</strong></span> <span class='ocrx_word' id='word_1_451' title='bbox 2441 2484 2498 2536; x_wconf 85' lang='grc' dir='ltr'><strong>ἐν</strong></span> <span class='ocrx_word' id='word_1_452' title='bbox 2523 2483 2648 2554; x_wconf 77' lang='grc' dir='ltr'>ἐμοὶ</span> <span class='ocrx_word' id='word_1_453' title='bbox 2667 2481 2843 2554; x_wconf 85' lang='grc' dir='ltr'>μένων</span> <span class='ocrx_word' id='word_1_454' title='bbox 2872 2482 3019 2534; x_wconf 85' lang='grc' dir='ltr'>ποιεῖ</span> <span class='ocrx_word' id='word_1_455' title='bbox 3049 2479 3120 2534; x_wconf 86' lang='grc' dir='ltr'><strong>τὰ</strong></span> <span class='ocrx_word' id='word_1_456' title='bbox 3153 2479 3288 2551; x_wconf 79' lang='grc' dir='ltr'>ἔργα</span> <span class='ocrx_word' id='word_1_457' title='bbox 3319 2479 3486 2543; x_wconf 84' lang='grc' dir='ltr'>αὑτός</span> <span class='ocrx_word' id='word_1_458' title='bbox 3507 2496 3520 2508; x_wconf 90' lang='grc'><strong>·</strong></span> <span class='ocrx_word' id='word_1_459' title='bbox 3565 2497 3586 2532; x_wconf 71' lang='grc' dir='ltr'><strong>ι</strong></span> <span class='ocrx_word' id='word_1_460' title='bbox 3622 2477 3752 2532; x_wconf 75' lang='grc' dir='ltr'>οὕτω</span> 
     </span>
    </p>
   </div>
   <div class='ocr_carea' id='block_1_57' title="bbox 2170 2570 3753 2646">
    <p class='ocr_par' dir='ltr' id='par_1_57' title="bbox 2170 2570 3753 2646">
     <span class='ocr_line' id='line_1_57' title="bbox 2170 2570 3753 2646; baseline -0.003 -18"><span class='ocrx_word' id='word_1_461' title='bbox 2170 2575 2267 2628; x_wconf 72' lang='grc' dir='ltr'>καὶ</span> <span class='ocrx_word' id='word_1_462' title='bbox 2291 2575 2352 2629; x_wconf 81' lang='grc' dir='ltr'><strong>τὸ</strong></span> <span class='ocrx_word' id='word_1_463' title='bbox 2379 2575 2601 2646; x_wconf 84' lang='grc' dir='ltr'>Πνεῦμα</span> <span class='ocrx_word' id='word_1_464' title='bbox 2641 2574 2792 2646; x_wconf 77' lang='grc' dir='ltr'>μένει</span> <span class='ocrx_word' id='word_1_465' title='bbox 2823 2575 2881 2628; x_wconf 78' lang='grc' dir='ltr'><strong>ἐν</strong></span> <span class='ocrx_word' id='word_1_466' title='bbox 2916 2572 3086 2644; x_wconf 73' lang='grc' dir='ltr'>αὐτῷ’</span> <span class='ocrx_word' id='word_1_467' title='bbox 3113 2591 3132 2623; x_wconf 78' lang='grc' dir='ltr'><strong>ι</strong></span> <span class='ocrx_word' id='word_1_468' title='bbox 3168 2571 3421 2644; x_wconf 81' lang='grc' dir='ltr'>Κατῆλθε</span> <span class='ocrx_word' id='word_1_469' title='bbox 3445 2591 3464 2624; x_wconf 76' lang='grc' dir='ltr'><strong>ι</strong></span> <span class='ocrx_word' id='word_1_470' title='bbox 3494 2571 3606 2644; x_wconf 82' lang='grc' dir='ltr'>γὰρ</span> <span class='ocrx_word' id='word_1_471' title='bbox 3644 2591 3662 2621; x_wconf 79' lang='grc' dir='ltr'>σ</span> <span class='ocrx_word' id='word_1_472' title='bbox 3698 2570 3753 2624; x_wconf 68' lang='grc' dir='ltr'>τὸ</span> 
     </span>
    </p>
   </div>
   <div class='ocr_carea' id='block_1_58' title="bbox 2171 2665 3754 2738">
    <p class='ocr_par' dir='ltr' id='par_1_58' title="bbox 2171 2665 3754 2738">
     <span class='ocr_line' id='line_1_58' title="bbox 2171 2665 3754 2738; baseline -0.004 -17"><span class='ocrx_word' id='word_1_473' title='bbox 2171 2667 2400 2738; x_wconf 80' lang='grc' dir='ltr'>Πνεῦμα</span> <span class='ocrx_word' id='word_1_474' title='bbox 2450 2667 2746 2738; x_wconf 87' lang='grc' dir='ltr'>σωματικῷ</span> <span class='ocrx_word' id='word_1_475' title='bbox 2769 2665 2895 2720; x_wconf 78' lang='grc' dir='ltr'>εἴδει</span> <span class='ocrx_word' id='word_1_476' title='bbox 2921 2667 3052 2720; x_wconf 75' lang='grc' dir='ltr'>ὡσεὶ</span> <span class='ocrx_word' id='word_1_477' title='bbox 3073 2665 3392 2738; x_wconf 84' lang='grc' dir='ltr'>περιστερὰ,</span> <span class='ocrx_word' id='word_1_478' title='bbox 3427 2665 3525 2720; x_wconf 77' lang='grc' dir='ltr'><strong>καὶ</strong></span> <span class='ocrx_word' id='word_1_479' title='bbox 3550 2665 3754 2734; x_wconf 77' lang='grc' dir='ltr'>ἔμεινεν</span> 
     </span>
    </p>
   </div>
   <div class='ocr_carea' id='block_1_59' title="bbox 2171 2754 3756 2830">
    <p class='ocr_par' dir='ltr' id='par_1_59' title="bbox 2171 2754 3756 2830">
     <span class='ocr_line' id='line_1_59' title="bbox 2171 2754 3756 2830; baseline -0.002 -19"><span class='ocrx_word' id='word_1_480' title='bbox 2171 2761 2258 2812; x_wconf 79' lang='grc' dir='ltr'>ἐπ’</span> <span class='ocrx_word' id='word_1_481' title='bbox 2273 2760 2454 2813; x_wconf 80' lang='grc' dir='ltr'>αὐτόν.</span> <span class='ocrx_word' id='word_1_482' title='bbox 2472 2760 2670 2812; x_wconf 76' lang='grc' dir='ltr'>»Ὦσπε</span> <span class='ocrx_word' id='word_1_483' title='bbox 2677 2777 2709 2830; x_wconf 94' lang='grc' dir='ltr'><strong>ρ</strong></span> <span class='ocrx_word' id='word_1_484' title='bbox 2725 2754 2816 2814; x_wconf 79' lang='grc' dir='ltr'><strong>οὖν</strong></span> <span class='ocrx_word' id='word_1_485' title='bbox 2831 2758 2985 2813; x_wconf 82' lang='grc' dir='ltr'>οὐδὲν</span> <span class='ocrx_word' id='word_1_486' title='bbox 3001 2757 3219 2823; x_wconf 78' lang='grc' dir='ltr'>κωλύει,</span> <span class='ocrx_word' id='word_1_487' title='bbox 3235 2757 3332 2811; x_wconf 87' lang='grc' dir='ltr'><strong>τοῦ</strong></span> <span class='ocrx_word' id='word_1_488' title='bbox 3347 2757 3568 2824; x_wconf 84' lang='grc' dir='ltr'>Πατρδς</span> <span class='ocrx_word' id='word_1_489' title='bbox 3583 2757 3756 2827; x_wconf 77' lang='grc' dir='ltr'>μένον-</span> 
     </span>
    </p>
   </div>
   <div class='ocr_carea' id='block_1_60' title="bbox 2167 2848 3753 2922">
    <p class='ocr_par' dir='ltr' id='par_1_60' title="bbox 2167 2848 3753 2922">
     <span class='ocr_line' id='line_1_60' title="bbox 2167 2848 3753 2922; baseline -0.003 -18"><span class='ocrx_word' id='word_1_490' title='bbox 2167 2868 2280 2915; x_wconf 84' lang='grc' dir='ltr'>τος,</span> <span class='ocrx_word' id='word_1_491' title='bbox 2313 2851 2494 2904; x_wconf 76' lang='grc' dir='ltr'>καὶτὸ</span> <span class='ocrx_word' id='word_1_492' title='bbox 2522 2849 2743 2922; x_wconf 85' lang='grc' dir='ltr'>Πνεῦμα</span> <span class='ocrx_word' id='word_1_493' title='bbox 2767 2850 2966 2920; x_wconf 78' lang='grc' dir='ltr'><strong>μένειν⁸</strong></span> <span class='ocrx_word' id='word_1_494' title='bbox 2989 2849 3162 2914; x_wconf 75' lang='grc' dir='ltr'>οὕτως</span> <span class='ocrx_word' id='word_1_495' title='bbox 3178 2848 3332 2902; x_wconf 77' lang='grc' dir='ltr'>οὐδὲν</span> <span class='ocrx_word' id='word_1_496' title='bbox 3353 2849 3526 2902; x_wconf 83' lang='grc' dir='ltr'>αὐτὸν</span> <span class='ocrx_word' id='word_1_497' title='bbox 3543 2848 3753 2910; x_wconf 85' lang='grc' dir='ltr'>κωλύει,</span> 
     </span>
    </p>
   </div>
   <div class='ocr_carea' id='block_1_61' title="bbox 2169 2939 3753 3012">
    <p class='ocr_par' dir='ltr' id='par_1_61' title="bbox 2169 2939 3753 3012">
     <span class='ocr_line' id='line_1_61' title="bbox 2169 2939 3753 3012; baseline -0.001 -19"><span class='ocrx_word' id='word_1_498' title='bbox 2169 2939 2264 2994; x_wconf 88' lang='grc' dir='ltr'><strong>τοῦ</strong></span> <span class='ocrx_word' id='word_1_499' title='bbox 2303 2939 2516 3012; x_wconf 85' lang='grc' dir='ltr'>Πατρὸς</span> <span class='ocrx_word' id='word_1_500' title='bbox 2563 2941 2898 3012; x_wconf 80' lang='grc' dir='ltr'>ἐγείροντος,</span> <span class='ocrx_word' id='word_1_501' title='bbox 2953 2940 3049 2994; x_wconf 76' lang='grc' dir='ltr'><strong>καὶ</strong></span> <span class='ocrx_word' id='word_1_502' title='bbox 3111 2939 3174 2993; x_wconf 79' lang='grc' dir='ltr'>τὸ</span> <span class='ocrx_word' id='word_1_503' title='bbox 3217 2939 3446 3010; x_wconf 87' lang='grc' dir='ltr'>Πνεῦμα</span> <span class='ocrx_word' id='word_1_504' title='bbox 3494 2939 3753 3008; x_wconf 66' lang='grc' dir='ltr'>ἐγείρειν*</span> 
     </span>
    </p>
   </div>
   <div class='ocr_carea' id='block_1_62' title="bbox 2171 3029 3758 3104">
    <p class='ocr_par' dir='ltr' id='par_1_62' title="bbox 2171 3029 3758 3104">
     <span class='ocr_line' id='line_1_62' title="bbox 2171 3029 3758 3104; baseline -0.002 -18"><span class='ocrx_word' id='word_1_505' title='bbox 2171 3033 2263 3086; x_wconf 75' lang='grc' dir='ltr'><strong>καὶ</strong></span> <span class='ocrx_word' id='word_1_506' title='bbox 2303 3032 2460 3086; x_wconf 87' lang='grc' dir='ltr'>τοῦτό</span> <span class='ocrx_word' id='word_1_507' title='bbox 2497 3035 2610 3086; x_wconf 69' lang='grc' dir='ltr'>ἐστι</span> <span class='ocrx_word' id='word_1_508' title='bbox 2638 3032 2698 3085; x_wconf 86' lang='grc' dir='ltr'>τὺ</span> <span class='ocrx_word' id='word_1_509' title='bbox 2730 3031 3018 3104; x_wconf 76' lang='grc' dir='ltr'>εἰρημένον</span> <span class='ocrx_word' id='word_1_510' title='bbox 3041 3048 3054 3061; x_wconf 75' lang='grc'><strong><em>⁸</em></strong></span> <span class='ocrx_word' id='word_1_511' title='bbox 3093 3049 3114 3084; x_wconf 79' lang='grc' dir='ltr'><strong>ι</strong></span> <span class='ocrx_word' id='word_1_512' title='bbox 3151 3031 3330 3086; x_wconf 86' lang='grc' dir='ltr'>Ποιῶν</span> <span class='ocrx_word' id='word_1_513' title='bbox 3359 3030 3582 3103; x_wconf 70' lang='grc' dir='ltr'>ὄρθρον,</span> <span class='ocrx_word' id='word_1_514' title='bbox 3609 3053 3629 3084; x_wconf 72' lang='grc' dir='ltr'><strong>ι</strong></span> <span class='ocrx_word' id='word_1_515' title='bbox 3669 3029 3758 3102; x_wconf 75' lang='grc' dir='ltr'><strong>τὴν</strong></span> 
     </span>
    </p>
   </div>
   <div class='ocr_carea' id='block_1_63' title="bbox 2171 3122 3751 3194">
    <p class='ocr_par' dir='ltr' id='par_1_63' title="bbox 2171 3122 3751 3194">
     <span class='ocr_line' id='line_1_63' title="bbox 2171 3122 3751 3194; baseline -0.001 -16"><span class='ocrx_word' id='word_1_516' title='bbox 2171 3123 2498 3178; x_wconf 79' lang='grc' dir='ltr'>ἀνάστασιν·</span> <span class='ocrx_word' id='word_1_517' title='bbox 2539 3123 2633 3178; x_wconf 77' lang='grc' dir='ltr'><strong>καὶ</strong></span> <span class='ocrx_word' id='word_1_518' title='bbox 2669 3142 2688 3175; x_wconf 83' lang='grc' dir='ltr'><strong>ι</strong></span> <span class='ocrx_word' id='word_1_519' title='bbox 2730 3123 2977 3194; x_wconf 79' lang='grc' dir='ltr'>ὀμίχλην,</span> <span class='ocrx_word' id='word_1_520' title='bbox 3025 3141 3045 3174; x_wconf 75' lang='grc' dir='ltr'><strong>ι</strong></span> <span class='ocrx_word' id='word_1_521' title='bbox 3081 3123 3144 3176; x_wconf 84' lang='grc' dir='ltr'><strong>τὸ</strong></span> <span class='ocrx_word' id='word_1_522' title='bbox 3165 3122 3346 3194; x_wconf 84' lang='grc' dir='ltr'>σῶμα.</span> <span class='ocrx_word' id='word_1_523' title='bbox 3383 3123 3610 3177; x_wconf 82' lang='grc' dir='ltr'>Μακεδ.</span> <span class='ocrx_word' id='word_1_524' title='bbox 3646 3123 3751 3176; x_wconf 78' lang='grc' dir='ltr'><strong>οὐκ</strong></span> 
     </span>
    </p>
   </div>
   <div class='ocr_carea' id='block_1_64' title="bbox 483 3208 2075 3290">
    <p class='ocr_par' dir='ltr' id='par_1_64' title="bbox 483 3208 2075 3282">
     <span class='ocr_line' id='line_1_64' title="bbox 483 3208 2075 3282; baseline 0.003 -18"><span class='ocrx_word' id='word_1_525' title='bbox 483 3208 704 3266; x_wconf 71' lang='grc' dir='ltr'>Πασεά.</span> <span class='ocrx_word' id='word_1_526' title='bbox 757 3211 1052 3267; x_wconf 86' lang='lat' dir='ltr'><strong>Enimvero</strong></span> <span class='ocrx_word' id='word_1_527' title='bbox 1096 3227 1278 3266; x_wconf 91' lang='lat' dir='ltr'><strong>annon</strong></span> <span class='ocrx_word' id='word_1_528' title='bbox 1303 3213 1421 3282; x_wconf 89' lang='lat' dir='ltr'><strong>ipse</strong></span> <span class='ocrx_word' id='word_1_529' title='bbox 1449 3211 1626 3282; x_wconf 89' lang='lat' dir='ltr'><strong>potuit</strong></span> <span class='ocrx_word' id='word_1_530' title='bbox 1650 3228 1772 3269; x_wconf 90' lang='lat' dir='ltr'><strong>sese</strong></span> <span class='ocrx_word' id='word_1_531' title='bbox 1807 3214 2075 3268; x_wconf 81' lang='lat' dir='ltr'><strong>excitare?</strong></span> 
     </span>
    </p>
   </div>
   <div class='ocr_carea' id='block_1_65' title="bbox 2176 3208 3759 3290">
    <p class='ocr_par' dir='ltr' id='par_1_65' title="bbox 2177 3213 3759 3290">
     <span class='ocr_line' id='line_1_65' title="bbox 2177 3213 3759 3290; baseline -0.004 -18"><span class='ocrx_word' id='word_1_532' title='bbox 2177 3217 2398 3272; x_wconf 83' lang='grc' dir='ltr'>ἐδύνατο</span> <span class='ocrx_word' id='word_1_533' title='bbox 2449 3216 2556 3290; x_wconf 81' lang='grc' dir='ltr'>γὰρ</span> <span class='ocrx_word' id='word_1_534' title='bbox 2613 3215 2804 3270; x_wconf 80' lang='grc' dir='ltr'>ἑαυτὸν</span> <span class='ocrx_word' id='word_1_535' title='bbox 2851 3217 3101 3284; x_wconf 77' lang='grc' dir='ltr'>ἐγεῖραις</span> <span class='ocrx_word' id='word_1_536' title='bbox 3167 3214 3324 3282; x_wconf 82' lang='grc' dir='ltr'>Ὀρθ.</span> <span class='ocrx_word' id='word_1_537' title='bbox 3361 3213 3504 3266; x_wconf 84' lang='grc' dir='ltr'>Ἀλλ’</span> <span class='ocrx_word' id='word_1_538' title='bbox 3554 3217 3621 3268; x_wconf 82' lang='grc' dir='ltr'><strong>ἐκ</strong></span> <span class='ocrx_word' id='word_1_539' title='bbox 3647 3213 3759 3266; x_wconf 85' lang='grc' dir='ltr'>τού-</span> 
     </span>
    </p>
   </div>
   <div class='ocr_carea' id='block_1_66' title="bbox 489 3301 2076 3373">
    <p class='ocr_par' dir='ltr' id='par_1_66' title="bbox 489 3301 2076 3373">
     <span class='ocr_line' id='line_1_66' title="bbox 489 3301 2076 3373; baseline 0.002 -15"><span class='ocrx_word' id='word_1_540' title='bbox 489 3301 648 3358; x_wconf 80' lang='lat' dir='ltr'><strong>Orth.</strong></span> <span class='ocrx_word' id='word_1_541' title='bbox 675 3301 789 3358; x_wconf 92' lang='lat' dir='ltr'><strong>lmo</strong></span> <span class='ocrx_word' id='word_1_542' title='bbox 816 3319 884 3357; x_wconf 80' lang='lat' dir='ltr'><strong>ex</strong></span> <span class='ocrx_word' id='word_1_543' title='bbox 915 3303 1040 3359; x_wconf 84' lang='lat' dir='ltr'><strong>istis</strong></span> <span class='ocrx_word' id='word_1_544' title='bbox 1081 3303 1493 3358; x_wconf 89' lang='lat' dir='ltr'><strong>demonstratur</strong></span> <span class='ocrx_word' id='word_1_545' title='bbox 1538 3309 1751 3359; x_wconf 65' lang='lat' dir='ltr'><strong>natura;</strong></span> <span class='ocrx_word' id='word_1_546' title='bbox 1780 3304 2076 3373; x_wconf 85' lang='lat' dir='ltr'><strong>identitas;</strong></span> 
     </span>
    </p>
   </div>
   <div class='ocr_carea' id='block_1_67' title="bbox 490 3393 2081 3467">
    <p class='ocr_par' dir='ltr' id='par_1_67' title="bbox 490 3393 2081 3467">
     <span class='ocr_line' id='line_1_67' title="bbox 490 3393 2081 3467; baseline 0.001 -16"><span class='ocrx_word' id='word_1_547' title='bbox 490 3395 763 3466; x_wconf 84' lang='lat' dir='ltr'><strong>siquidem</strong></span> <span class='ocrx_word' id='word_1_548' title='bbox 793 3409 914 3465; x_wconf 72' lang='lat' dir='ltr'><strong>qua:</strong></span> <span class='ocrx_word' id='word_1_549' title='bbox 937 3393 1069 3450; x_wconf 88' lang='lat' dir='ltr'><strong>facit</strong></span> <span class='ocrx_word' id='word_1_550' title='bbox 1090 3393 1272 3458; x_wconf 89' lang='lat' dir='ltr'><strong>Pater,</strong></span> <span class='ocrx_word' id='word_1_551' title='bbox 1304 3395 1430 3449; x_wconf 91' lang='lat' dir='ltr'><strong>facit</strong></span> <span class='ocrx_word' id='word_1_552' title='bbox 1451 3395 1613 3450; x_wconf 91' lang='lat' dir='ltr'><strong>etiam</strong></span> <span class='ocrx_word' id='word_1_553' title='bbox 1633 3395 1824 3464; x_wconf 86' lang='lat' dir='ltr'><strong>Filius,</strong></span> <span class='ocrx_word' id='word_1_554' title='bbox 1849 3404 1904 3452; x_wconf 91' lang='lat' dir='ltr'><strong>et</strong></span> <span class='ocrx_word' id='word_1_555' title='bbox 1959 3412 2081 3467; x_wconf 70' lang='lat' dir='ltr'><strong>qua:</strong></span> 
     </span>
    </p>
   </div>
   <div class='ocr_carea' id='block_1_68' title="bbox 489 3486 2080 3558">
    <p class='ocr_par' dir='ltr' id='par_1_68' title="bbox 489 3486 2080 3558">
     <span class='ocr_line' id='line_1_68' title="bbox 489 3486 2080 3558; baseline 0.001 -15"><span class='ocrx_word' id='word_1_556' title='bbox 489 3487 624 3544; x_wconf 88' lang='lat' dir='ltr'><strong>facit</strong></span> <span class='ocrx_word' id='word_1_557' title='bbox 637 3486 830 3552; x_wconf 87' lang='lat' dir='ltr'><strong>Filius,</strong></span> <span class='ocrx_word' id='word_1_558' title='bbox 848 3487 1102 3543; x_wconf 87' lang='lat' dir='ltr'><strong>similiter</strong></span> <span class='ocrx_word' id='word_1_559' title='bbox 1117 3486 1248 3542; x_wconf 88' lang='lat' dir='ltr'><strong>facit</strong></span> <span class='ocrx_word' id='word_1_560' title='bbox 1265 3487 1524 3558; x_wconf 90' lang='lat' dir='ltr'><strong>Spiritus.</strong></span> <span class='ocrx_word' id='word_1_561' title='bbox 1553 3487 1760 3543; x_wconf 78' lang='lat' dir='ltr'><strong>Maced.</strong></span> <span class='ocrx_word' id='word_1_562' title='bbox 1795 3486 2080 3554; x_wconf 77' lang='lat' dir='ltr'><strong>Quomodo</strong></span> 
     </span>
    </p>
   </div>
   <div class='ocr_carea' id='block_1_69' title="bbox 491 3579 2080 3652">
    <p class='ocr_par' dir='ltr' id='par_1_69' title="bbox 491 3579 2080 3652">
     <span class='ocr_line' id='line_1_69' title="bbox 491 3579 2080 3652; baseline -0.001 -15"><span class='ocrx_word' id='word_1_563' title='bbox 491 3581 547 3637; x_wconf 91' lang='lat' dir='ltr'><strong>id</strong></span> <span class='ocrx_word' id='word_1_564' title='bbox 563 3579 676 3637; x_wconf 84' lang='lat' dir='ltr'><strong>ﬂeri</strong></span> <span class='ocrx_word' id='word_1_565' title='bbox 698 3581 913 3652; x_wconf 87' lang='lat' dir='ltr'><strong>potest?</strong></span> <span class='ocrx_word' id='word_1_566' title='bbox 945 3579 1099 3636; x_wconf 80' lang='lat' dir='ltr'><strong>Ortk.</strong></span> <span class='ocrx_word' id='word_1_567' title='bbox 1127 3581 1203 3636; x_wconf 87' lang='lat' dir='ltr'><strong>Ita</strong></span> <span class='ocrx_word' id='word_1_568' title='bbox 1235 3587 1294 3636; x_wconf 93' lang='lat' dir='ltr'><strong>ut</strong></span> <span class='ocrx_word' id='word_1_569' title='bbox 1313 3589 1596 3636; x_wconf 89' lang='lat' dir='ltr'><strong>ostensum</strong></span> <span class='ocrx_word' id='word_1_570' title='bbox 1613 3590 1716 3638; x_wconf 87' lang='lat' dir='ltr'><strong>est.</strong></span> <span class='ocrx_word' id='word_1_571' title='bbox 1735 3579 1944 3636; x_wconf 80' lang='lat' dir='ltr'><strong>Maced.</strong></span> <span class='ocrx_word' id='word_1_572' title='bbox 1975 3580 2080 3636; x_wconf 87' lang='lat' dir='ltr'><strong>Ubi</strong></span> 
     </span>
    </p>
   </div>
   <div class='ocr_carea' id='block_1_70' title="bbox 492 3670 2080 3739">
    <p class='ocr_par' dir='ltr' id='par_1_70' title="bbox 492 3670 2080 3739">
     <span class='ocr_line' id='line_1_70' title="bbox 492 3670 2080 3739; baseline -0.002 -10"><span class='ocrx_word' id='word_1_573' title='bbox 492 3687 622 3729; x_wconf 64' lang='lat' dir='ltr'><strong>ver)</strong></span> <span class='ocrx_word' id='word_1_574' title='bbox 647 3680 933 3728; x_wconf 89' lang='lat' dir='ltr'><strong>ostensum</strong></span> <span class='ocrx_word' id='word_1_575' title='bbox 964 3671 1086 3727; x_wconf 85' lang='lat' dir='ltr'><strong>est?</strong></span> <span class='ocrx_word' id='word_1_576' title='bbox 1119 3670 1270 3728; x_wconf 83' lang='lat' dir='ltr'><strong>Orth.</strong></span> <span class='ocrx_word' id='word_1_577' title='bbox 1304 3672 1446 3739; x_wconf 88' lang='lat' dir='ltr'><strong>Quia</strong></span> <span class='ocrx_word' id='word_1_578' title='bbox 1477 3679 1537 3726; x_wconf 90' lang='lat' dir='ltr'><strong>ut</strong></span> <span class='ocrx_word' id='word_1_579' title='bbox 1565 3671 1723 3727; x_wconf 83' lang='lat' dir='ltr'><strong>Pater</strong></span> <span class='ocrx_word' id='word_1_580' title='bbox 1752 3670 2080 3736; x_wconf 84' lang='lat' dir='ltr'><strong>sanctiﬁcat,</strong></span> 
     </span>
    </p>
   </div>
   <div class='ocr_carea' id='block_1_71' title="bbox 493 3762 2084 3836">
    <p class='ocr_par' dir='ltr' id='par_1_71' title="bbox 493 3762 2084 3836">
     <span class='ocr_line' id='line_1_71' title="bbox 493 3762 2084 3836; baseline -0.001 -18"><span class='ocrx_word' id='word_1_581' title='bbox 493 3763 570 3818; x_wconf 88' lang='lat' dir='ltr'><strong>ita</strong></span> <span class='ocrx_word' id='word_1_582' title='bbox 590 3771 645 3818; x_wconf 88' lang='lat' dir='ltr'><strong>et</strong></span> <span class='ocrx_word' id='word_1_583' title='bbox 679 3762 876 3830; x_wconf 82' lang='lat' dir='ltr'><strong>Filius,</strong></span> <span class='ocrx_word' id='word_1_584' title='bbox 911 3765 1052 3820; x_wconf 88' lang='lat' dir='ltr'><strong>sicut</strong></span> <span class='ocrx_word' id='word_1_585' title='bbox 1073 3769 1237 3820; x_wconf 91' lang='lat' dir='ltr'><strong>etiam</strong></span> <span class='ocrx_word' id='word_1_586' title='bbox 1270 3767 1535 3836; x_wconf 90' lang='lat' dir='ltr'><strong>scriptum</strong></span> <span class='ocrx_word' id='word_1_587' title='bbox 1567 3771 1652 3820; x_wconf 91' lang='lat' dir='ltr'><strong>est</strong></span> <span class='ocrx_word' id='word_1_588' title='bbox 1680 3764 1826 3834; x_wconf 90' lang='lat' dir='ltr'><strong>apud</strong></span> <span class='ocrx_word' id='word_1_589' title='bbox 1848 3763 2084 3834; x_wconf 85' lang='lat' dir='ltr'><strong>Aposto-</strong></span> 
     </span>
    </p>
   </div>
   <div class='ocr_carea' id='block_1_72' title="bbox 495 3852 2085 3926">
    <p class='ocr_par' dir='ltr' id='par_1_72' title="bbox 495 3852 2085 3926">
     <span class='ocr_line' id='line_1_72' title="bbox 495 3852 2085 3926; baseline 0 -18"><span class='ocrx_word' id='word_1_590' title='bbox 495 3856 652 3910; x_wconf 84' lang='lat' dir='ltr'><strong>lum:</strong></span> <span class='ocrx_word' id='word_1_591' title='bbox 708 3876 726 3908; x_wconf 81' lang='grc' dir='ltr'><strong>ι</strong></span> <span class='ocrx_word' id='word_1_592' title='bbox 765 3857 871 3911; x_wconf 89' lang='lat' dir='ltr'><strong>Sed</strong></span> <span class='ocrx_word' id='word_1_593' title='bbox 927 3857 1098 3911; x_wconf 75' lang='lat' dir='ltr'><strong>abluti</strong></span> <span class='ocrx_word' id='word_1_594' title='bbox 1135 3857 1290 3922; x_wconf 89' lang='lat' dir='ltr'><strong>estis,</strong></span> <span class='ocrx_word' id='word_1_595' title='bbox 1323 3855 1419 3912; x_wconf 89' lang='lat' dir='ltr'><strong>sed</strong></span> <span class='ocrx_word' id='word_1_596' title='bbox 1459 3855 1745 3926; x_wconf 73' lang='lat' dir='ltr'><strong>iustiﬁcati</strong></span> <span class='ocrx_word' id='word_1_597' title='bbox 1789 3856 1942 3918; x_wconf 86' lang='lat' dir='ltr'><strong>estis,</strong></span> <span class='ocrx_word' id='word_1_598' title='bbox 1988 3852 2085 3909; x_wconf 86' lang='lat' dir='ltr'><strong>sed</strong></span> 
     </span>
    </p>
   </div>
   <div class='ocr_carea' id='block_1_73' title="bbox 495 3948 2088 4006">
    <p class='ocr_par' dir='ltr' id='par_1_73' title="bbox 495 3948 2088 4006">
     <span class='ocr_line' id='line_1_73' title="bbox 495 3948 2088 4006; baseline -0.001 -1"><span class='ocrx_word' id='word_1_599' title='bbox 495 3948 828 4005; x_wconf 83' lang='lat' dir='ltr'><strong>sanctiﬁcati</strong></span> <span class='ocrx_word' id='word_1_600' title='bbox 885 3951 1020 4006; x_wconf 90' lang='lat' dir='ltr'><strong>estis</strong></span> <span class='ocrx_word' id='word_1_601' title='bbox 1082 3951 1139 4006; x_wconf 90' lang='lat' dir='ltr'><strong>in</strong></span> <span class='ocrx_word' id='word_1_602' title='bbox 1194 3952 1418 4006; x_wconf 89' lang='lat' dir='ltr'><strong>nomine</strong></span> <span class='ocrx_word' id='word_1_603' title='bbox 1479 3951 1696 4006; x_wconf 86' lang='lat' dir='ltr'><strong>Domini</strong></span> <span class='ocrx_word' id='word_1_604' title='bbox 1732 3951 1909 4006; x_wconf 85' lang='lat' dir='ltr'><strong>nostri</strong></span> <span class='ocrx_word' id='word_1_605' title='bbox 1953 3949 2088 4006; x_wconf 77' lang='lat' dir='ltr'><strong>Jesu</strong></span> 
     </span>
    </p>
   </div>
   <div class='ocr_carea' id='block_1_74' title="bbox 496 4039 1617 4112">
    <p class='ocr_par' dir='ltr' id='par_1_74' title="bbox 496 4039 1617 4112">
     <span class='ocr_line' id='line_1_74' title="bbox 496 4039 1617 4112; baseline 0.002 -17"><span class='ocrx_word' id='word_1_606' title='bbox 496 4039 729 4104; x_wconf 83' lang='lat' dir='ltr'><strong>Christi.</strong></span> <span class='ocrx_word' id='word_1_607' title='bbox 766 4049 820 4097; x_wconf 92' lang='lat' dir='ltr'><strong>et</strong></span> <span class='ocrx_word' id='word_1_608' title='bbox 851 4045 906 4096; x_wconf 93' lang='lat' dir='ltr'><strong>in</strong></span> <span class='ocrx_word' id='word_1_609' title='bbox 948 4043 1156 4112; x_wconf 87' lang='lat' dir='ltr'><strong>Spiritu</strong></span> <span class='ocrx_word' id='word_1_610' title='bbox 1179 4043 1274 4098; x_wconf 90' lang='lat' dir='ltr'><strong>Dei</strong></span> <span class='ocrx_word' id='word_1_611' title='bbox 1297 4045 1476 4100; x_wconf 90' lang='lat' dir='ltr'><strong>nostri</strong></span> <span class='ocrx_word' id='word_1_612' title='bbox 1507 4045 1574 4098; x_wconf 81' lang='lat'><strong>“.</strong></span> <span class='ocrx_word' id='word_1_613' title='bbox 1601 4064 1617 4096; x_wconf 82' lang='grc' dir='ltr'><strong>ι</strong></span> 
     </span>
    </p>
   </div>
   <div class='ocr_carea' id='block_1_75' title="bbox 567 4133 2085 4208">
    <p class='ocr_par' dir='ltr' id='par_1_75' title="bbox 567 4133 2085 4208">
     <span class='ocr_line' id='line_1_75' title="bbox 567 4133 2085 4208; baseline -0.001 -19"><span class='ocrx_word' id='word_1_614' title='bbox 567 4135 736 4208; x_wconf 69' lang='grc'><strong>458</strong></span> <span class='ocrx_word' id='word_1_615' title='bbox 762 4137 853 4190; x_wconf 77' lang='lat'><strong>‘29.</strong></span> <span class='ocrx_word' id='word_1_616' title='bbox 881 4135 1090 4190; x_wconf 80' lang='lat' dir='ltr'><strong>Maced.</strong></span> <span class='ocrx_word' id='word_1_617' title='bbox 1128 4135 1438 4192; x_wconf 89' lang='lat' dir='ltr'><strong>Imbecillus</strong></span> <span class='ocrx_word' id='word_1_618' title='bbox 1463 4152 1564 4207; x_wconf 90' lang='lat' dir='ltr'><strong>ego</strong></span> <span class='ocrx_word' id='word_1_619' title='bbox 1591 4151 1713 4192; x_wconf 91' lang='lat' dir='ltr'><strong>sum</strong></span> <span class='ocrx_word' id='word_1_620' title='bbox 1744 4151 1759 4188; x_wconf 88' lang='lat'><strong>:</strong></span> <span class='ocrx_word' id='word_1_621' title='bbox 1812 4133 2085 4190; x_wconf 89' lang='lat' dir='ltr'><strong>inveniam</strong></span> 
     </span>
    </p>
   </div>
   <div class='ocr_carea' id='block_1_76' title="bbox 500 4225 2090 4299">
    <p class='ocr_par' dir='ltr' id='par_1_76' title="bbox 500 4225 2090 4299">
     <span class='ocr_line' id='line_1_76' title="bbox 500 4225 2090 4299; baseline 0 -17"><span class='ocrx_word' id='word_1_622' title='bbox 500 4233 681 4282; x_wconf 90' lang='lat' dir='ltr'><strong>autem</strong></span> <span class='ocrx_word' id='word_1_623' title='bbox 707 4227 802 4297; x_wconf 89' lang='lat' dir='ltr'><strong>qui</strong></span> <span class='ocrx_word' id='word_1_624' title='bbox 841 4227 908 4282; x_wconf 89' lang='lat' dir='ltr'><strong>ad</strong></span> <span class='ocrx_word' id='word_1_625' title='bbox 939 4227 1052 4283; x_wconf 68' lang='lat' dir='ltr'><strong>haac</strong></span> <span class='ocrx_word' id='word_1_626' title='bbox 1085 4229 1280 4283; x_wconf 88' lang='lat' dir='ltr'><strong>habeat</strong></span> <span class='ocrx_word' id='word_1_627' title='bbox 1305 4229 1451 4299; x_wconf 91' lang='lat' dir='ltr'><strong>quod</strong></span> <span class='ocrx_word' id='word_1_628' title='bbox 1472 4229 1638 4283; x_wconf 90' lang='lat' dir='ltr'><strong>dicat.</strong></span> <span class='ocrx_word' id='word_1_629' title='bbox 1675 4228 1798 4282; x_wconf 70' lang='lat' dir='ltr'><strong>Haec</strong></span> <span class='ocrx_word' id='word_1_630' title='bbox 1821 4225 2090 4299; x_wconf 86' lang='lat' dir='ltr'><strong>persuade</strong></span> 
     </span>
    </p>
   </div>
   <div class='ocr_carea' id='block_1_77' title="bbox 501 4319 2090 4394">
    <p class='ocr_par' dir='ltr' id='par_1_77' title="bbox 501 4319 2090 4394">
     <span class='ocr_line' id='line_1_77' title="bbox 501 4319 2090 4394; baseline 0.001 -20"><span class='ocrx_word' id='word_1_631' title='bbox 501 4319 824 4377; x_wconf 81' lang='lat' dir='ltr'><strong>doctoribus</strong></span> <span class='ocrx_word' id='word_1_632' title='bbox 855 4322 1012 4388; x_wconf 82' lang='lat' dir='ltr'><strong>meis,</strong></span> <span class='ocrx_word' id='word_1_633' title='bbox 1046 4332 1100 4378; x_wconf 88' lang='lat' dir='ltr'><strong>et</strong></span> <span class='ocrx_word' id='word_1_634' title='bbox 1146 4338 1444 4394; x_wconf 87' lang='lat' dir='ltr'><strong>persuasus</strong></span> <span class='ocrx_word' id='word_1_635' title='bbox 1475 4322 1647 4378; x_wconf 88' lang='lat' dir='ltr'><strong>fuero.</strong></span> <span class='ocrx_word' id='word_1_636' title='bbox 1687 4323 1843 4379; x_wconf 86' lang='lat' dir='ltr'><strong>Orth.</strong></span> <span class='ocrx_word' id='word_1_637' title='bbox 1894 4321 1952 4376; x_wconf 93' lang='lat' dir='ltr'><strong>Si</strong></span> <span class='ocrx_word' id='word_1_638' title='bbox 1983 4329 2090 4376; x_wconf 67' lang='lat' dir='ltr'><strong>tuae</strong></span> 
     </span>
    </p>
   </div>
   <div class='ocr_carea' id='block_1_78' title="bbox 501 4413 2087 4486">
    <p class='ocr_par' dir='ltr' id='par_1_78' title="bbox 501 4413 2087 4486">
     <span class='ocr_line' id='line_1_78' title="bbox 501 4413 2087 4486; baseline 0 -16"><span class='ocrx_word' id='word_1_639' title='bbox 501 4413 793 4471; x_wconf 77' lang='lat' dir='ltr'><strong>sententiae</strong></span> <span class='ocrx_word' id='word_1_640' title='bbox 847 4413 1044 4472; x_wconf 89' lang='lat' dir='ltr'><strong>fuisset</strong></span> <span class='ocrx_word' id='word_1_641' title='bbox 1087 4416 1280 4472; x_wconf 86' lang='lat' dir='ltr'><strong>beatus</strong></span> <span class='ocrx_word' id='word_1_642' title='bbox 1305 4416 1396 4471; x_wconf 88' lang='lat' dir='ltr'><strong>ille</strong></span> <span class='ocrx_word' id='word_1_643' title='bbox 1428 4423 1482 4471; x_wconf 89' lang='lat' dir='ltr'><strong>et</strong></span> <span class='ocrx_word' id='word_1_644' title='bbox 1512 4425 1737 4471; x_wconf 90' lang='lat' dir='ltr'><strong>sanctus</strong></span> <span class='ocrx_word' id='word_1_645' title='bbox 1772 4414 2087 4486; x_wconf 82' lang='lat' dir='ltr'><strong>Apostolus,</strong></span> 
     </span>
    </p>
   </div>
   <div class='ocr_carea' id='block_1_79' title="bbox 501 4504 2092 4576">
    <p class='ocr_par' dir='ltr' id='par_1_79' title="bbox 501 4504 2092 4576">
     <span class='ocr_line' id='line_1_79' title="bbox 501 4504 2092 4576; baseline 0 -16"><span class='ocrx_word' id='word_1_646' title='bbox 501 4520 625 4560; x_wconf 83' lang='lat' dir='ltr'><strong>cum</strong></span> <span class='ocrx_word' id='word_1_647' title='bbox 653 4507 808 4562; x_wconf 90' lang='lat' dir='ltr'><strong>visus</strong></span> <span class='ocrx_word' id='word_1_648' title='bbox 856 4514 942 4562; x_wconf 92' lang='lat' dir='ltr'><strong>est</strong></span> <span class='ocrx_word' id='word_1_649' title='bbox 992 4507 1041 4562; x_wconf 91' lang='lat' dir='ltr'><strong>ei</strong></span> <span class='ocrx_word' id='word_1_650' title='bbox 1073 4504 1350 4571; x_wconf 82' lang='lat' dir='ltr'><strong>Christus,</strong></span> <span class='ocrx_word' id='word_1_651' title='bbox 1382 4506 1612 4563; x_wconf 84' lang='lat' dir='ltr'><strong>dixisset</strong></span> <span class='ocrx_word' id='word_1_652' title='bbox 1650 4525 1664 4562; x_wconf 91' lang='lat'><strong>:</strong></span> <span class='ocrx_word' id='word_1_653' title='bbox 1694 4506 1889 4562; x_wconf 86' lang='lat' dir='ltr'><strong>Adduc</strong></span> <span class='ocrx_word' id='word_1_654' title='bbox 1935 4505 2092 4576; x_wconf 87' lang='lat' dir='ltr'><strong>prius</strong></span> 
     </span>
    </p>
   </div>
   <div class='ocr_carea' id='block_1_80' title="bbox 2180 3305 3760 3380">
    <p class='ocr_par' dir='ltr' id='par_1_80' title="bbox 2180 3305 3760 3380">
     <span class='ocr_line' id='line_1_80' title="bbox 2180 3305 3760 3380; baseline -0.004 -16"><span class='ocrx_word' id='word_1_655' title='bbox 2180 3325 2291 3364; x_wconf 81' lang='grc' dir='ltr'><strong>των</strong></span> <span class='ocrx_word' id='word_1_656' title='bbox 2315 3309 2426 3380; x_wconf 81' lang='grc'><strong>(55)</strong></span> <span class='ocrx_word' id='word_1_657' title='bbox 2455 3308 2724 3362; x_wconf 79' lang='grc' dir='ltr'>δείκνυται</span> <span class='ocrx_word' id='word_1_658' title='bbox 2741 3308 2800 3362; x_wconf 83' lang='grc' dir='ltr'><strong>τὸ</strong></span> <span class='ocrx_word' id='word_1_659' title='bbox 2823 3306 3018 3360; x_wconf 80' lang='grc' dir='ltr'>ταυτὸν</span> <span class='ocrx_word' id='word_1_660' title='bbox 3038 3306 3140 3376; x_wconf 80' lang='grc' dir='ltr'>τῆς</span> <span class='ocrx_word' id='word_1_661' title='bbox 3171 3305 3387 3374; x_wconf 81' lang='grc' dir='ltr'>φύσεως</span> <span class='ocrx_word' id='word_1_662' title='bbox 3405 3322 3420 3336; x_wconf 86' lang='grc'><strong>·</strong></span> <span class='ocrx_word' id='word_1_663' title='bbox 3452 3305 3492 3360; x_wconf 78' lang='grc' dir='ltr'>ἃ</span> <span class='ocrx_word' id='word_1_664' title='bbox 3523 3305 3634 3378; x_wconf 86' lang='grc' dir='ltr'><strong>γάρ</strong></span> <span class='ocrx_word' id='word_1_665' title='bbox 3653 3305 3715 3359; x_wconf 76' lang='grc' dir='ltr'><strong>ἂν</strong></span> <span class='ocrx_word' id='word_1_666' title='bbox 3733 3306 3760 3358; x_wconf 92' lang='lat'><strong>6</strong></span> 
     </span>
    </p>
   </div>
   <div class='ocr_carea' id='block_1_81' title="bbox 2182 3394 3758 3470">
    <p class='ocr_par' dir='ltr' id='par_1_81' title="bbox 2182 3394 3758 3470">
     <span class='ocr_line' id='line_1_81' title="bbox 2182 3394 3758 3470; baseline -0.003 -17"><span class='ocrx_word' id='word_1_667' title='bbox 2182 3399 2369 3470; x_wconf 82' lang='grc' dir='ltr'>Πατὴρ</span> <span class='ocrx_word' id='word_1_668' title='bbox 2419 3401 2567 3470; x_wconf 86' lang='grc' dir='ltr'>ποιῇ,</span> <span class='ocrx_word' id='word_1_669' title='bbox 2600 3397 2772 3452; x_wconf 84' lang='grc' dir='ltr'>ταῦτα</span> <span class='ocrx_word' id='word_1_670' title='bbox 2805 3397 2899 3451; x_wconf 77' lang='grc' dir='ltr'>καὶ</span> <span class='ocrx_word' id='word_1_671' title='bbox 2921 3397 2950 3448; x_wconf 96' lang='lat'><strong>6</strong></span> <span class='ocrx_word' id='word_1_672' title='bbox 2985 3395 3144 3460; x_wconf 77' lang='grc' dir='ltr'>Υἱός·</span> <span class='ocrx_word' id='word_1_673' title='bbox 3182 3394 3344 3450; x_wconf 59' lang='grc' dir='ltr'>καὶᾶ</span> <span class='ocrx_word' id='word_1_674' title='bbox 3377 3397 3528 3450; x_wconf 85' lang='grc' dir='ltr'>ποιεῖ</span> <span class='ocrx_word' id='word_1_675' title='bbox 3557 3398 3587 3450; x_wconf 89' lang='lat'><strong>6</strong></span> <span class='ocrx_word' id='word_1_676' title='bbox 3621 3396 3758 3458; x_wconf 80' lang='grc' dir='ltr'>Υἱὸς,</span> 
     </span>
    </p>
   </div>
   <div class='ocr_carea' id='block_1_82' title="bbox 2181 3486 3761 3562">
    <p class='ocr_par' dir='ltr' id='par_1_82' title="bbox 2181 3486 3761 3562">
     <span class='ocr_line' id='line_1_82' title="bbox 2181 3486 3761 3562; baseline -0.003 -16"><span class='ocrx_word' id='word_1_677' title='bbox 2181 3493 2276 3546; x_wconf 79' lang='grc' dir='ltr'>καὶ</span> <span class='ocrx_word' id='word_1_678' title='bbox 2304 3493 2364 3546; x_wconf 84' lang='grc' dir='ltr'><strong>τὸ</strong></span> <span class='ocrx_word' id='word_1_679' title='bbox 2397 3491 2623 3562; x_wconf 87' lang='grc' dir='ltr'>Πνεῦμα</span> <span class='ocrx_word' id='word_1_680' title='bbox 2653 3489 2855 3560; x_wconf 79' lang='grc' dir='ltr'>ὁμοίως</span> <span class='ocrx_word' id='word_1_681' title='bbox 2874 3487 3046 3543; x_wconf 86' lang='grc' dir='ltr'>ταῦτα</span> <span class='ocrx_word' id='word_1_682' title='bbox 3063 3489 3225 3542; x_wconf 87' lang='grc' dir='ltr'>ποιεῖ.</span> <span class='ocrx_word' id='word_1_683' title='bbox 3254 3487 3480 3542; x_wconf 76' lang='grc' dir='ltr'>Μακεδ.</span> <span class='ocrx_word' id='word_1_684' title='bbox 3516 3488 3628 3542; x_wconf 77' lang='grc' dir='ltr'><strong>Καὶ</strong></span> <span class='ocrx_word' id='word_1_685' title='bbox 3657 3486 3761 3550; x_wconf 81' lang='grc' dir='ltr'><strong>πῶς</strong></span> 
     </span>
    </p>
   </div>
   <div class='ocr_carea' id='block_1_83' title="bbox 2180 3577 3760 3651">
    <p class='ocr_par' dir='ltr' id='par_1_83' title="bbox 2180 3577 3760 3651">
     <span class='ocr_line' id='line_1_83' title="bbox 2180 3577 3760 3651; baseline -0.004 -15"><span class='ocrx_word' id='word_1_686' title='bbox 2180 3582 2446 3648; x_wconf 85' lang='grc' dir='ltr'>δυνατόν;</span> <span class='ocrx_word' id='word_1_687' title='bbox 2490 3583 2645 3651; x_wconf 81' lang='grc' dir='ltr'>Ὀρθ.</span> <span class='ocrx_word' id='word_1_688' title='bbox 2688 3581 2776 3644; x_wconf 82' lang='grc' dir='ltr'>Ὠς</span> <span class='ocrx_word' id='word_1_689' title='bbox 2825 3579 3114 3635; x_wconf 81' lang='grc' dir='ltr'>δέδεικται.</span> <span class='ocrx_word' id='word_1_690' title='bbox 3156 3579 3382 3634; x_wconf 81' lang='grc' dir='ltr'>Μακεδ.</span> <span class='ocrx_word' id='word_1_691' title='bbox 3417 3581 3531 3634; x_wconf 78' lang='grc' dir='ltr'>Καὶ</span> <span class='ocrx_word' id='word_1_692' title='bbox 3554 3578 3658 3632; x_wconf 85' lang='grc' dir='ltr'><strong>ποῦ</strong></span> <span class='ocrx_word' id='word_1_693' title='bbox 3684 3577 3760 3650; x_wconf 72' lang='grc' dir='ltr'><strong>δέ·</strong></span> 
     </span>
    </p>
   </div>
   <div class='ocr_carea' id='block_1_84' title="bbox 2180 3669 3761 3742">
    <p class='ocr_par' dir='ltr' id='par_1_84' title="bbox 2180 3669 3761 3742">
     <span class='ocr_line' id='line_1_84' title="bbox 2180 3669 3761 3742; baseline -0.003 -16"><span class='ocrx_word' id='word_1_694' title='bbox 2180 3674 2426 3740; x_wconf 87' lang='grc' dir='ltr'>δεικται;</span> <span class='ocrx_word' id='word_1_695' title='bbox 2473 3673 2628 3740; x_wconf 84' lang='grc' dir='ltr'>Ὀρθ.</span> <span class='ocrx_word' id='word_1_696' title='bbox 2661 3671 2782 3724; x_wconf 87' lang='grc' dir='ltr'>Ὅτι</span> <span class='ocrx_word' id='word_1_697' title='bbox 2837 3671 3052 3740; x_wconf 78' lang='grc' dir='ltr'>ἁγιάζει</span> <span class='ocrx_word' id='word_1_698' title='bbox 3087 3670 3162 3734; x_wconf 88' lang='grc' dir='ltr'>ὡς</span> <span class='ocrx_word' id='word_1_699' title='bbox 3193 3673 3222 3725; x_wconf 88' lang='lat'><strong>6</strong></span> <span class='ocrx_word' id='word_1_700' title='bbox 3242 3669 3436 3742; x_wconf 81' lang='grc' dir='ltr'>Πατὴρ</span> <span class='ocrx_word' id='word_1_701' title='bbox 3468 3669 3581 3742; x_wconf 73' lang='lat'><strong>(56)</strong></span> <span class='ocrx_word' id='word_1_702' title='bbox 3625 3671 3714 3723; x_wconf 78' lang='grc' dir='ltr'><strong>καὶ</strong></span> <span class='ocrx_word' id='word_1_703' title='bbox 3736 3669 3761 3721; x_wconf 89' lang='lat'><strong>6</strong></span> 
     </span>
    </p>
   </div>
   <div class='ocr_carea' id='block_1_85' title="bbox 2183 3761 3762 3836">
    <p class='ocr_par' dir='ltr' id='par_1_85' title="bbox 2183 3761 3762 3836">
     <span class='ocr_line' id='line_1_85' title="bbox 2183 3761 3762 3836; baseline -0.004 -15"><span class='ocrx_word' id='word_1_704' title='bbox 2183 3768 2330 3832; x_wconf 79' lang='grc' dir='ltr'>Υἱὸς,</span> <span class='ocrx_word' id='word_1_705' title='bbox 2351 3766 2428 3830; x_wconf 86' lang='grc' dir='ltr'>ὼς</span> <span class='ocrx_word' id='word_1_706' title='bbox 2448 3767 2542 3820; x_wconf 76' lang='grc' dir='ltr'>καὶ</span> <span class='ocrx_word' id='word_1_707' title='bbox 2559 3763 3042 3836; x_wconf 71' lang='grc' dir='ltr'>γέγραπταιίπαρὰ</span> <span class='ocrx_word' id='word_1_708' title='bbox 3061 3763 3158 3834; x_wconf 72' lang='grc' dir='ltr'>ςτῷ</span> <span class='ocrx_word' id='word_1_709' title='bbox 3195 3763 3507 3835; x_wconf 77' lang='grc' dir='ltr'>’Δποστόλῳ</span> <span class='ocrx_word' id='word_1_710' title='bbox 3527 3779 3539 3791; x_wconf 94' lang='grc'><strong>·</strong></span> <span class='ocrx_word' id='word_1_711' title='bbox 3573 3783 3593 3814; x_wconf 77' lang='grc' dir='ltr'><strong>ι</strong></span> <span class='ocrx_word' id='word_1_712' title='bbox 3615 3761 3762 3816; x_wconf 77' lang='grc' dir='ltr'>Ἀλλά</span> 
     </span>
    </p>
   </div>
   <div class='ocr_carea' id='block_1_86' title="bbox 2185 3853 3762 3926">
    <p class='ocr_par' dir='ltr' id='par_1_86' title="bbox 2185 3853 3762 3926">
     <span class='ocr_line' id='line_1_86' title="bbox 2185 3853 3762 3926; baseline -0.004 -13"><span class='ocrx_word' id='word_1_713' title='bbox 2185 3857 2584 3922; x_wconf 81' lang='grc' dir='ltr'>ἀπελούσασθε,</span> <span class='ocrx_word' id='word_1_714' title='bbox 2625 3855 2760 3910; x_wconf 81' lang='grc' dir='ltr'>ἀλλὰ</span> <span class='ocrx_word' id='word_1_715' title='bbox 2794 3853 3167 3924; x_wconf 68' lang='grc' dir='ltr'>ἐδικαιώθητε,</span> <span class='ocrx_word' id='word_1_716' title='bbox 3217 3855 3335 3908; x_wconf 75' lang='grc' dir='ltr'>ἀλλ’</span> <span class='ocrx_word' id='word_1_717' title='bbox 3383 3854 3680 3926; x_wconf 79' lang='grc' dir='ltr'>ἡγιάσθητε</span> <span class='ocrx_word' id='word_1_718' title='bbox 3711 3854 3762 3907; x_wconf 83' lang='grc' dir='ltr'><strong>ἐν</strong></span> 
     </span>
    </p>
   </div>
   <div class='ocr_carea' id='block_1_87' title="bbox 2183 3947 3764 4023">
    <p class='ocr_par' dir='ltr' id='par_1_87' title="bbox 2183 3947 3764 4023">
     <span class='ocr_line' id='line_1_87' title="bbox 2183 3947 3764 4023; baseline -0.002 -19"><span class='ocrx_word' id='word_1_719' title='bbox 2183 3952 2262 4023; x_wconf 84' lang='grc' dir='ltr'>τῷ</span> <span class='ocrx_word' id='word_1_720' title='bbox 2311 3951 2536 4022; x_wconf 83' lang='grc' dir='ltr'>ὀνόματι</span> <span class='ocrx_word' id='word_1_721' title='bbox 2571 3949 2664 4004; x_wconf 87' lang='grc' dir='ltr'><strong>τοῦ</strong></span> <span class='ocrx_word' id='word_1_722' title='bbox 2703 3949 2909 4021; x_wconf 84' lang='grc' dir='ltr'>Κυρίου</span> <span class='ocrx_word' id='word_1_723' title='bbox 2941 3949 3100 4020; x_wconf 83' lang='grc' dir='ltr'>ἡμῶν</span> <span class='ocrx_word' id='word_1_724' title='bbox 3144 3947 3322 4018; x_wconf 81' lang='grc' dir='ltr'>Ἰησοῦ</span> <span class='ocrx_word' id='word_1_725' title='bbox 3383 3947 3647 4020; x_wconf 80' lang='grc' dir='ltr'>Χριστοῦ,</span> <span class='ocrx_word' id='word_1_726' title='bbox 3679 3947 3764 4004; x_wconf 74' lang='grc' dir='ltr'>καὶ</span> 
     </span>
    </p>
   </div>
   <div class='ocr_carea' id='block_1_88' title="bbox 2185 4039 3094 4113">
    <p class='ocr_par' dir='ltr' id='par_1_88' title="bbox 2185 4039 3094 4113">
     <span class='ocr_line' id='line_1_88' title="bbox 2185 4039 3094 4113; baseline -0.006 -16"><span class='ocrx_word' id='word_1_727' title='bbox 2185 4046 2244 4097; x_wconf 83' lang='grc' dir='ltr'><strong>ἐν</strong></span> <span class='ocrx_word' id='word_1_728' title='bbox 2272 4041 2550 4113; x_wconf 86' lang='grc' dir='ltr'>Πνεύματι</span> <span class='ocrx_word' id='word_1_729' title='bbox 2578 4039 2672 4094; x_wconf 82' lang='grc' dir='ltr'><strong>τοῦ</strong></span> <span class='ocrx_word' id='word_1_730' title='bbox 2699 4039 2833 4093; x_wconf 89' lang='grc' dir='ltr'>Θεοῦ</span> <span class='ocrx_word' id='word_1_731' title='bbox 2862 4040 3035 4111; x_wconf 78' lang='grc' dir='ltr'>ἡμῶν.</span> <span class='ocrx_word' id='word_1_732' title='bbox 3075 4059 3094 4092; x_wconf 75' lang='grc' dir='ltr'><strong>ι</strong></span> 
     </span>
    </p>
   </div>
   <div class='ocr_carea' id='block_1_89' title="bbox 2255 4127 3764 4202">
    <p class='ocr_par' dir='ltr' id='par_1_89' title="bbox 2255 4127 3764 4202">
     <span class='ocr_line' id='line_1_89' title="bbox 2255 4127 3764 4202; baseline -0.005 -14"><span class='ocrx_word' id='word_1_733' title='bbox 2255 4134 2345 4188; x_wconf 69' lang='lat'><strong>29.</strong></span> <span class='ocrx_word' id='word_1_734' title='bbox 2376 4131 2602 4187; x_wconf 81' lang='grc' dir='ltr'>Μακεδ.</span> <span class='ocrx_word' id='word_1_735' title='bbox 2651 4129 2858 4199; x_wconf 81' lang='grc' dir='ltr'>Ὀλίγος</span> <span class='ocrx_word' id='word_1_736' title='bbox 2884 4129 2998 4202; x_wconf 76' lang='grc' dir='ltr'><strong>εἰμὶ</strong></span> <span class='ocrx_word' id='word_1_737' title='bbox 3019 4147 3032 4161; x_wconf 88' lang='grc'><strong>·</strong></span> <span class='ocrx_word' id='word_1_738' title='bbox 3063 4129 3305 4201; x_wconf 81' lang='grc' dir='ltr'>εὑρίσκω</span> <span class='ocrx_word' id='word_1_739' title='bbox 3329 4127 3388 4182; x_wconf 80' lang='grc' dir='ltr'><strong>δὲ</strong></span> <span class='ocrx_word' id='word_1_740' title='bbox 3417 4129 3512 4182; x_wconf 76' lang='grc' dir='ltr'><strong>τὸν</strong></span> <span class='ocrx_word' id='word_1_741' title='bbox 3544 4127 3764 4198; x_wconf 83' lang='grc' dir='ltr'>δυνάμε-</span> 
     </span>
    </p>
   </div>
   <div class='ocr_carea' id='block_1_90' title="bbox 2186 4220 3762 4296">
    <p class='ocr_par' dir='ltr' id='par_1_90' title="bbox 2186 4220 3762 4296">
     <span class='ocr_line' id='line_1_90' title="bbox 2186 4220 3762 4296; baseline -0.005 -16"><span class='ocrx_word' id='word_1_742' title='bbox 2186 4243 2276 4280; x_wconf 90' lang='grc' dir='ltr'><strong>νον</strong></span> <span class='ocrx_word' id='word_1_743' title='bbox 2300 4225 2436 4296; x_wconf 77' lang='grc' dir='ltr'>πρὸς</span> <span class='ocrx_word' id='word_1_744' title='bbox 2453 4225 2624 4278; x_wconf 76' lang='grc' dir='ltr'>ταῦτα</span> <span class='ocrx_word' id='word_1_745' title='bbox 2652 4225 2845 4294; x_wconf 76' lang='grc' dir='ltr'>εἰπεῖν.</span> <span class='ocrx_word' id='word_1_746' title='bbox 2879 4222 3072 4276; x_wconf 84' lang='grc' dir='ltr'>Πεῖσον</span> <span class='ocrx_word' id='word_1_747' title='bbox 3104 4222 3228 4286; x_wconf 81' lang='grc' dir='ltr'>τοὺς</span> <span class='ocrx_word' id='word_1_748' title='bbox 3259 4220 3619 4286; x_wconf 81' lang='grc' dir='ltr'>διδασκάλους</span> <span class='ocrx_word' id='word_1_749' title='bbox 3651 4237 3762 4292; x_wconf 86' lang='grc' dir='ltr'>μου,</span> 
     </span>
    </p>
   </div>
   <div class='ocr_carea' id='block_1_91' title="bbox 2187 4308 3767 4386">
    <p class='ocr_par' dir='ltr' id='par_1_91' title="bbox 2187 4308 3767 4386">
     <span class='ocr_line' id='line_1_91' title="bbox 2187 4308 3767 4386; baseline -0.004 -16"><span class='ocrx_word' id='word_1_750' title='bbox 2187 4318 2280 4370; x_wconf 70' lang='grc' dir='ltr'><strong>καὶ</strong></span> <span class='ocrx_word' id='word_1_751' title='bbox 2335 4315 2616 4386; x_wconf 84' lang='grc' dir='ltr'>πείθομαι.</span> <span class='ocrx_word' id='word_1_752' title='bbox 2665 4315 2818 4382; x_wconf 81' lang='grc' dir='ltr'>Ὀρθ.</span> <span class='ocrx_word' id='word_1_753' title='bbox 2855 4313 3013 4368; x_wconf 84' lang='grc' dir='ltr'>Κατὰ</span> <span class='ocrx_word' id='word_1_754' title='bbox 3049 4313 3149 4384; x_wconf 77' lang='grc' dir='ltr'><strong>τὴν</strong></span> <span class='ocrx_word' id='word_1_755' title='bbox 3180 4313 3280 4384; x_wconf 75' lang='grc' dir='ltr'>σὴν</span> <span class='ocrx_word' id='word_1_756' title='bbox 3327 4312 3554 4386; x_wconf 82' lang='grc' dir='ltr'>γνώμην</span> <span class='ocrx_word' id='word_1_757' title='bbox 3579 4315 3628 4366; x_wconf 77' lang='grc' dir='ltr'><strong>εἰ</strong></span> <span class='ocrx_word' id='word_1_758' title='bbox 3653 4308 3716 4384; x_wconf 77' lang='grc' dir='ltr'>ἦν</span> <span class='ocrx_word' id='word_1_759' title='bbox 3741 4311 3767 4364; x_wconf 97' lang='lat'><strong>6</strong></span> 
     </span>
    </p>
   </div>
   <div class='ocr_carea' id='block_1_92' title="bbox 2192 4402 3768 4480">
    <p class='ocr_par' dir='ltr' id='par_1_92' title="bbox 2192 4402 3768 4480">
     <span class='ocr_line' id='line_1_92' title="bbox 2192 4402 3768 4480; baseline -0.005 -18"><span class='ocrx_word' id='word_1_760' title='bbox 2192 4409 2461 4480; x_wconf 80' lang='grc' dir='ltr'>μακάριος</span> <span class='ocrx_word' id='word_1_761' title='bbox 2493 4411 2589 4462; x_wconf 71' lang='grc' dir='ltr'><strong>καὶ</strong></span> <span class='ocrx_word' id='word_1_762' title='bbox 2621 4407 2774 4476; x_wconf 69' lang='grc' dir='ltr'>ἅγιος</span> <span class='ocrx_word' id='word_1_763' title='bbox 2819 4405 3154 4470; x_wconf 81' lang='grc' dir='ltr'>Ἀπόστολος,</span> <span class='ocrx_word' id='word_1_764' title='bbox 3178 4405 3266 4458; x_wconf 86' lang='grc' dir='ltr'>ὅτε</span> <span class='ocrx_word' id='word_1_765' title='bbox 3293 4403 3447 4476; x_wconf 80' lang='grc' dir='ltr'>αὐτῷ</span> <span class='ocrx_word' id='word_1_766' title='bbox 3473 4402 3631 4474; x_wconf 76' lang='grc' dir='ltr'>ὤφθη</span> <span class='ocrx_word' id='word_1_767' title='bbox 3649 4405 3768 4474; x_wconf 81' lang='grc' dir='ltr'>Χρι·</span> 
     </span>
    </p>
   </div>
   <div class='ocr_carea' id='block_1_93' title="bbox 2195 4496 3767 4570">
    <p class='ocr_par' dir='ltr' id='par_1_93' title="bbox 2195 4496 3767 4570">
     <span class='ocr_line' id='line_1_93' title="bbox 2195 4496 3767 4570; baseline -0.003 -15"><span class='ocrx_word' id='word_1_768' title='bbox 2195 4502 2340 4566; x_wconf 69' lang='grc' dir='ltr'>στος,</span> <span class='ocrx_word' id='word_1_769' title='bbox 2367 4500 2521 4555; x_wconf 85' lang='grc' dir='ltr'>εἶπεν</span> <span class='ocrx_word' id='word_1_770' title='bbox 2552 4502 2619 4556; x_wconf 85' lang='grc' dir='ltr'><strong>άν</strong></span> <span class='ocrx_word' id='word_1_771' title='bbox 2638 4518 2652 4531; x_wconf 78' lang='grc' dir='ltr'><strong>ο</strong></span> <span class='ocrx_word' id='word_1_772' title='bbox 2699 4501 2892 4554; x_wconf 88' lang='grc' dir='ltr'>Πεῖσον</span> <span class='ocrx_word' id='word_1_773' title='bbox 2923 4499 3049 4564; x_wconf 82' lang='grc' dir='ltr'>τοὺς</span> <span class='ocrx_word' id='word_1_774' title='bbox 3081 4498 3357 4570; x_wconf 81' lang='grc' dir='ltr'>ἀρχιερεῖς</span> <span class='ocrx_word' id='word_1_775' title='bbox 3387 4496 3484 4550; x_wconf 76' lang='grc' dir='ltr'><strong>καὶ</strong></span> <span class='ocrx_word' id='word_1_776' title='bbox 3517 4511 3767 4568; x_wconf 80' lang='grc' dir='ltr'>γραμμα-</span> 
     </span>
    </p>
   </div>
   <div class='ocr_carea' id='block_1_94' title="bbox 501 4587 2075 4670">
    <p class='ocr_par' dir='ltr' id='par_1_94' title="bbox 501 4599 2075 4670">
     <span class='ocr_line' id='line_1_94' title="bbox 501 4599 2075 4670; baseline -0.003 -16"><span class='ocrx_word' id='word_1_777' title='bbox 501 4599 559 4655; x_wconf 83' lang='grc' dir='ltr'>ἰιι</span> <span class='ocrx_word' id='word_1_778' title='bbox 589 4607 738 4654; x_wconf 88' lang='lat' dir='ltr'><strong>tuam</strong></span> <span class='ocrx_word' id='word_1_779' title='bbox 789 4599 1118 4655; x_wconf 89' lang='lat' dir='ltr'><strong>sententiam</strong></span> <span class='ocrx_word' id='word_1_780' title='bbox 1165 4599 1452 4670; x_wconf 80' lang='lat' dir='ltr'><strong>pontiﬁces</strong></span> <span class='ocrx_word' id='word_1_781' title='bbox 1489 4607 1544 4654; x_wconf 90' lang='lat' dir='ltr'><strong>et</strong></span> <span class='ocrx_word' id='word_1_782' title='bbox 1580 4599 1829 4666; x_wconf 87' lang='lat' dir='ltr'><strong>Scribas,</strong></span> <span class='ocrx_word' id='word_1_783' title='bbox 1859 4605 1913 4653; x_wconf 92' lang='lat' dir='ltr'><strong>et</strong></span> <span class='ocrx_word' id='word_1_784' title='bbox 1955 4605 2075 4651; x_wconf 77' lang='lat' dir='ltr'><strong>tunc</strong></span> 
     </span>
    </p>
   </div>
   <div class='ocr_carea' id='block_1_95' title="bbox 2176 4587 3767 4670">
    <p class='ocr_par' dir='ltr' id='par_1_95' title="bbox 2187 4587 3767 4668">
     <span class='ocr_line' id='line_1_95' title="bbox 2187 4587 3767 4668; baseline -0.006 -18"><span class='ocrx_word' id='word_1_785' title='bbox 2187 4599 2298 4661; x_wconf 81' lang='grc' dir='ltr'>τεῖς</span> <span class='ocrx_word' id='word_1_786' title='bbox 2332 4595 2568 4668; x_wconf 85' lang='grc' dir='ltr'>πρῶτον,</span> <span class='ocrx_word' id='word_1_787' title='bbox 2591 4595 2686 4648; x_wconf 73' lang='grc' dir='ltr'><strong>καὶ</strong></span> <span class='ocrx_word' id='word_1_788' title='bbox 2703 4594 2824 4647; x_wconf 84' lang='grc' dir='ltr'>τότε</span> <span class='ocrx_word' id='word_1_789' title='bbox 2859 4591 3114 4663; x_wconf 77' lang='grc' dir='ltr'>πείθομαί</span> <span class='ocrx_word' id='word_1_790' title='bbox 3145 4607 3246 4644; x_wconf 92' lang='grc' dir='ltr'>σοι.</span> <span class='ocrx_word' id='word_1_791' title='bbox 3271 4589 3501 4646; x_wconf 79' lang='grc' dir='ltr'>Μακεδ.</span> <span class='ocrx_word' id='word_1_792' title='bbox 3532 4587 3767 4658; x_wconf 77' lang='grc' dir='ltr'>Ξενοφω-</span> 
     </span>
    </p>
   </div>
   <div class='ocr_carea' id='block_1_96' title="bbox 499 4687 2094 4760">
    <p class='ocr_par' dir='ltr' id='par_1_96' title="bbox 499 4687 2094 4760">
     <span class='ocr_line' id='line_1_96' title="bbox 499 4687 2094 4760; baseline -0.002 -16"><span class='ocrx_word' id='word_1_793' title='bbox 499 4687 718 4746; x_wconf 89' lang='lat' dir='ltr'><strong>demum</strong></span> <span class='ocrx_word' id='word_1_794' title='bbox 745 4690 841 4745; x_wconf 86' lang='lat' dir='ltr'><strong>tibi</strong></span> <span class='ocrx_word' id='word_1_795' title='bbox 865 4689 1159 4760; x_wconf 86' lang='lat' dir='ltr'><strong>obsequar.</strong></span> <span class='ocrx_word' id='word_1_796' title='bbox 1185 4688 1396 4744; x_wconf 79' lang='lat' dir='ltr'><strong>Maced.</strong></span> <span class='ocrx_word' id='word_1_797' title='bbox 1426 4687 1594 4745; x_wconf 82' lang='lat' dir='ltr'><strong>Novis</strong></span> <span class='ocrx_word' id='word_1_798' title='bbox 1639 4697 1694 4745; x_wconf 90' lang='lat' dir='ltr'><strong>et</strong></span> <span class='ocrx_word' id='word_1_799' title='bbox 1729 4687 2094 4744; x_wconf 84' lang='lat' dir='ltr'><strong>insolentibus</strong></span> 
     </span>
    </p>
   </div>
   <div class='ocr_carea' id='block_1_97' title="bbox 503 4777 2092 4850">
    <p class='ocr_par' dir='ltr' id='par_1_97' title="bbox 503 4777 2092 4850">
     <span class='ocr_line' id='line_1_97' title="bbox 503 4777 2092 4850; baseline -0.002 -15"><span class='ocrx_word' id='word_1_800' title='bbox 503 4780 627 4838; x_wconf 88' lang='lat' dir='ltr'><strong>istis</strong></span> <span class='ocrx_word' id='word_1_801' title='bbox 643 4782 870 4838; x_wconf 89' lang='lat' dir='ltr'><strong>vocibus</strong></span> <span class='ocrx_word' id='word_1_802' title='bbox 899 4782 1199 4838; x_wconf 82' lang='lat' dir='ltr'><strong>deterreor.</strong></span> <span class='ocrx_word' id='word_1_803' title='bbox 1213 4781 1406 4837; x_wconf 87' lang='lat' dir='ltr'><strong>Patres</strong></span> <span class='ocrx_word' id='word_1_804' title='bbox 1429 4781 1604 4837; x_wconf 86' lang='lat' dir='ltr'><strong>nostri</strong></span> <span class='ocrx_word' id='word_1_805' title='bbox 1633 4794 1917 4850; x_wconf 89' lang='lat' dir='ltr'><strong>nunquam</strong></span> <span class='ocrx_word' id='word_1_806' title='bbox 1950 4777 2092 4848; x_wconf 89' lang='lat' dir='ltr'><strong>apud</strong></span> 
     </span>
    </p>
   </div>
   <div class='ocr_carea' id='block_1_98' title="bbox 503 4871 2096 4944">
    <p class='ocr_par' dir='ltr' id='par_1_98' title="bbox 503 4871 2096 4944">
     <span class='ocr_line' id='line_1_98' title="bbox 503 4871 2096 4944; baseline -0.006 -14"><span class='ocrx_word' id='word_1_807' title='bbox 503 4890 607 4931; x_wconf 87' lang='lat' dir='ltr'><strong>nos</strong></span> <span class='ocrx_word' id='word_1_808' title='bbox 633 4874 756 4930; x_wconf 86' lang='lat' dir='ltr'><strong>istis</strong></span> <span class='ocrx_word' id='word_1_809' title='bbox 780 4874 1327 4944; x_wconf 86' lang='lat' dir='ltr'><strong>interpretationibus</strong></span> <span class='ocrx_word' id='word_1_810' title='bbox 1344 4875 1429 4928; x_wconf 90' lang='lat' dir='ltr'><strong>usi</strong></span> <span class='ocrx_word' id='word_1_811' title='bbox 1465 4881 1615 4928; x_wconf 88' lang='lat' dir='ltr'><strong>sunt.</strong></span> <span class='ocrx_word' id='word_1_812' title='bbox 1653 4871 1890 4928; x_wconf 82' lang='lat' dir='ltr'><strong>Necesse</strong></span> <span class='ocrx_word' id='word_1_813' title='bbox 1919 4876 2003 4926; x_wconf 90' lang='lat' dir='ltr'><strong>est</strong></span> <span class='ocrx_word' id='word_1_814' title='bbox 2034 4874 2096 4922; x_wconf 93' lang='lat' dir='ltr'><strong>ut</strong></span> 
     </span>
    </p>
   </div>
   <div class='ocr_carea' id='block_1_99' title="bbox 507 4959 2088 5037">
    <p class='ocr_par' dir='ltr' id='par_1_99' title="bbox 507 4959 2088 5037">
     <span class='ocr_line' id='line_1_99' title="bbox 507 4959 2088 5037; baseline -0.005 -15"><span class='ocrx_word' id='word_1_815' title='bbox 507 4983 608 5024; x_wconf 90' lang='lat' dir='ltr'><strong>nos</strong></span> <span class='ocrx_word' id='word_1_816' title='bbox 635 4967 751 5022; x_wconf 66' lang='lat' dir='ltr'><strong>haec</strong></span> <span class='ocrx_word' id='word_1_817' title='bbox 778 4967 1214 5031; x_wconf 89' lang='lat' dir='ltr'><strong>consideremus,</strong></span> <span class='ocrx_word' id='word_1_818' title='bbox 1263 4982 1327 5021; x_wconf 89' lang='lat' dir='ltr'><strong>ac</strong></span> <span class='ocrx_word' id='word_1_819' title='bbox 1366 4965 1670 5037; x_wconf 63' lang='lat' dir='ltr'><strong>praesertim</strong></span> <span class='ocrx_word' id='word_1_820' title='bbox 1695 4977 1899 5019; x_wconf 88' lang='lat' dir='ltr'><strong>novum</strong></span> <span class='ocrx_word' id='word_1_821' title='bbox 1952 4959 2088 5016; x_wconf 89' lang='lat' dir='ltr'><strong>illud</strong></span> 
     </span>
    </p>
   </div>
   <div class='ocr_carea' id='block_1_100' title="bbox 503 5054 2093 5132">
    <p class='ocr_par' dir='ltr' id='par_1_100' title="bbox 503 5054 2093 5132">
     <span class='ocr_line' id='line_1_100' title="bbox 503 5054 2093 5132; baseline -0.004 -18"><span class='ocrx_word' id='word_1_822' title='bbox 503 5059 709 5114; x_wconf 85' lang='lat' dir='ltr'><strong>dictum</strong></span> <span class='ocrx_word' id='word_1_823' title='bbox 733 5060 879 5132; x_wconf 90' lang='lat' dir='ltr'><strong>quod</strong></span> <span class='ocrx_word' id='word_1_824' title='bbox 913 5059 1116 5124; x_wconf 87' lang='lat' dir='ltr'><strong>audivi,</strong></span> <span class='ocrx_word' id='word_1_825' title='bbox 1138 5060 1472 5130; x_wconf 86' lang='lat' dir='ltr'><strong>baptismum</strong></span> <span class='ocrx_word' id='word_1_826' title='bbox 1505 5058 1758 5115; x_wconf 88' lang='lat' dir='ltr'><strong>videlicet</strong></span> <span class='ocrx_word' id='word_1_827' title='bbox 1786 5072 1911 5114; x_wconf 88' lang='lat' dir='ltr'><strong>esse</strong></span> <span class='ocrx_word' id='word_1_828' title='bbox 1947 5054 2093 5112; x_wconf 84' lang='lat' dir='ltr'><strong>toni-</strong></span> 
     </span>
    </p>
   </div>
   <div class='ocr_carea' id='block_1_101' title="bbox 507 5147 2094 5224">
    <p class='ocr_par' dir='ltr' id='par_1_101' title="bbox 507 5147 2094 5224">
     <span class='ocr_line' id='line_1_101' title="bbox 507 5147 2094 5224; baseline -0.002 -20"><span class='ocrx_word' id='word_1_829' title='bbox 507 5160 615 5207; x_wconf 89' lang='lat' dir='ltr'><strong>tru.</strong></span> <span class='ocrx_word' id='word_1_830' title='bbox 638 5151 792 5209; x_wconf 80' lang='lat' dir='ltr'><strong>Orth.</strong></span> <span class='ocrx_word' id='word_1_831' title='bbox 821 5151 1036 5208; x_wconf 86' lang='lat' dir='ltr'><strong>Fateris</strong></span> <span class='ocrx_word' id='word_1_832' title='bbox 1073 5152 1352 5224; x_wconf 86' lang='lat' dir='ltr'><strong>apostolos</strong></span> <span class='ocrx_word' id='word_1_833' title='bbox 1383 5157 1610 5206; x_wconf 89' lang='lat' dir='ltr'><strong>vocatos</strong></span> <span class='ocrx_word' id='word_1_834' title='bbox 1645 5149 1816 5205; x_wconf 88' lang='lat' dir='ltr'><strong>fuisse</strong></span> <span class='ocrx_word' id='word_1_835' title='bbox 1843 5147 1986 5202; x_wconf 76' lang='lat' dir='ltr'><strong>filios</strong></span> <span class='ocrx_word' id='word_1_836' title='bbox 2014 5153 2094 5202; x_wconf 91' lang='lat' dir='ltr'><strong>to-</strong></span> 
     </span>
    </p>
   </div>
   <div class='ocr_carea' id='block_1_102' title="bbox 507 5239 2096 5310">
    <p class='ocr_par' dir='ltr' id='par_1_102' title="bbox 507 5239 2096 5310">
     <span class='ocr_line' id='line_1_102' title="bbox 507 5239 2096 5310; baseline -0.002 -14"><span class='ocrx_word' id='word_1_837' title='bbox 507 5245 654 5299; x_wconf 89' lang='lat' dir='ltr'><strong>nitru</strong></span> <span class='ocrx_word' id='word_1_838' title='bbox 680 5261 711 5300; x_wconf 91' lang='lat' dir='ltr'><strong>a</strong></span> <span class='ocrx_word' id='word_1_839' title='bbox 741 5244 1047 5310; x_wconf 82' lang='lat' dir='ltr'><strong>Salvatore,</strong></span> <span class='ocrx_word' id='word_1_840' title='bbox 1072 5244 1300 5300; x_wconf 84' lang='lat' dir='ltr'><strong>annon?</strong></span> <span class='ocrx_word' id='word_1_841' title='bbox 1347 5241 1559 5298; x_wconf 78' lang='lat' dir='ltr'><strong>Maced.</strong></span> <span class='ocrx_word' id='word_1_842' title='bbox 1609 5241 1701 5298; x_wconf 90' lang='lat' dir='ltr'><strong>Sic</strong></span> <span class='ocrx_word' id='word_1_843' title='bbox 1727 5239 1908 5297; x_wconf 87' lang='lat' dir='ltr'><strong>vocati</strong></span> <span class='ocrx_word' id='word_1_844' title='bbox 1966 5249 2096 5294; x_wconf 88' lang='lat' dir='ltr'><strong>sunt</strong></span> 
     </span>
    </p>
   </div>
   <div class='ocr_carea' id='block_1_103' title="bbox 509 5333 2097 5408">
    <p class='ocr_par' dir='ltr' id='par_1_103' title="bbox 509 5333 2097 5408">
     <span class='ocr_line' id='line_1_103' title="bbox 509 5333 2097 5408; baseline -0.004 -16"><span class='ocrx_word' id='word_1_845' title='bbox 509 5337 610 5392; x_wconf 91' lang='lat' dir='ltr'><strong>soli</strong></span> <span class='ocrx_word' id='word_1_846' title='bbox 643 5337 722 5392; x_wconf 90' lang='lat' dir='ltr'><strong>illi</strong></span> <span class='ocrx_word' id='word_1_847' title='bbox 751 5337 864 5394; x_wconf 89' lang='lat' dir='ltr'><strong>duo</strong></span> <span class='ocrx_word' id='word_1_848' title='bbox 902 5338 1120 5394; x_wconf 89' lang='lat' dir='ltr'><strong>fratres.</strong></span> <span class='ocrx_word' id='word_1_849' title='bbox 1157 5336 1312 5394; x_wconf 78' lang='lat' dir='ltr'><strong>Ortlt.</strong></span> <span class='ocrx_word' id='word_1_850' title='bbox 1341 5335 1456 5392; x_wconf 81' lang='lat' dir='ltr'><strong>Nos</strong></span> <span class='ocrx_word' id='word_1_851' title='bbox 1483 5335 1630 5408; x_wconf 91' lang='lat' dir='ltr'><strong>quod</strong></span> <span class='ocrx_word' id='word_1_852' title='bbox 1655 5336 1740 5391; x_wconf 91' lang='lat' dir='ltr'><strong>vel</strong></span> <span class='ocrx_word' id='word_1_853' title='bbox 1773 5333 1864 5388; x_wconf 89' lang='lat' dir='ltr'><strong>uni</strong></span> <span class='ocrx_word' id='word_1_854' title='bbox 1891 5333 2097 5387; x_wconf 88' lang='lat' dir='ltr'><strong>dictum</strong></span> 
     </span>
    </p>
   </div>
   <div class='ocr_carea' id='block_1_104' title="bbox 580 5485 2116 5559">
    <p class='ocr_par' dir='ltr' id='par_1_104' title="bbox 580 5485 2116 5559">
     <span class='ocr_line' id='line_1_104' title="bbox 580 5485 2116 5559; baseline -0.009 -6"><span class='ocrx_word' id='word_1_855' title='bbox 580 5495 630 5529; x_wconf 79' lang='grc'><strong>⁸⁸</strong></span> <span class='ocrx_word' id='word_1_856' title='bbox 665 5494 802 5554; x_wconf 81' lang='lat' dir='ltr'><strong>Luc.</strong></span> <span class='ocrx_word' id='word_1_857' title='bbox 835 5510 910 5559; x_wconf 81' lang='lat' dir='ltr'><strong>tv,</strong></span> <span class='ocrx_word' id='word_1_858' title='bbox 944 5496 998 5550; x_wconf 77' lang='grc'><strong>1.</strong></span> <span class='ocrx_word' id='word_1_859' title='bbox 1073 5493 1118 5526; x_wconf 81' lang='grc'><strong><em>³⁸</em></strong></span> <span class='ocrx_word' id='word_1_860' title='bbox 1155 5490 1316 5548; x_wconf 78' lang='lat' dir='ltr'><strong>Joan.</strong></span> <span class='ocrx_word' id='word_1_861' title='bbox 1349 5507 1440 5547; x_wconf 84' lang='lat' dir='ltr'><strong>xlv</strong></span> <span class='ocrx_word' id='word_1_862' title='bbox 1497 5491 1587 5546; x_wconf 75' lang='lat'><strong>10.</strong></span> <span class='ocrx_word' id='word_1_863' title='bbox 1661 5490 1708 5522; x_wconf 80' lang='lat'><strong>“</strong></span> <span class='ocrx_word' id='word_1_864' title='bbox 1745 5487 1904 5544; x_wconf 83' lang='lat' dir='ltr'><strong>Joan.</strong></span> <span class='ocrx_word' id='word_1_865' title='bbox 1939 5504 1990 5552; x_wconf 87' lang='grc' dir='ltr'><strong>ι,</strong></span> <span class='ocrx_word' id='word_1_866' title='bbox 2027 5485 2116 5541; x_wconf 70' lang='grc'><strong>52.</strong></span> 
     </span>
    </p>
   </div>
   <div class='ocr_carea' id='block_1_105' title="bbox 589 5651 1410 5724">
    <p class='ocr_par' dir='ltr' id='par_1_105' title="bbox 589 5651 1410 5724">
     <span class='ocr_line' id='line_1_105' title="bbox 589 5651 1410 5724; baseline -0.007 -15"><span class='ocrx_word' id='word_1_867' title='bbox 742 5651 901 5724; x_wconf 58' lang='lat' dir='ltr'><strong>Mss,</strong></span> <span class='ocrx_word' id='word_1_868' title='bbox 937 5657 994 5708; x_wconf 79' lang='grc' dir='ltr'><strong>ἐν</strong></span> <span class='ocrx_word' id='word_1_869' title='bbox 1023 5651 1172 5724; x_wconf 74' lang='grc' dir='ltr'>αὐτῷ</span> <span class='ocrx_word' id='word_1_870' title='bbox 1206 5651 1282 5722; x_wconf 80' lang='grc' dir='ltr'>τῷ</span> <span class='ocrx_word' id='word_1_871' title='bbox 1312 5653 1410 5724; x_wconf 86' lang='grc' dir='ltr'>Πν.</span> 
     </span>
    </p>
   </div>
   <div class='ocr_carea' id='block_1_106' title="bbox 590 5722 1260 5791">
    <p class='ocr_par' dir='ltr' id='par_1_106' title="bbox 590 5722 1260 5791">
     <span class='ocr_line' id='line_1_106' title="bbox 590 5722 1260 5791; baseline -0.006 -14"><span class='ocrx_word' id='word_1_872' title='bbox 590 5723 702 5791; x_wconf 80' lang='lat'><strong>(55)</strong></span> <span class='ocrx_word' id='word_1_873' title='bbox 740 5723 934 5788; x_wconf 85' lang='lat' dir='ltr'><strong>Palat.,</strong></span> <span class='ocrx_word' id='word_1_874' title='bbox 964 5728 1027 5778; x_wconf 86' lang='grc' dir='ltr'>ὲκ</span> <span class='ocrx_word' id='word_1_875' title='bbox 1050 5722 1260 5777; x_wconf 75' lang='grc' dir='ltr'>τούτου.</span> 
     </span>
    </p>
   </div>
   <div class='ocr_carea' id='block_1_107' title="bbox 593 5783 2091 5862">
    <p class='ocr_par' dir='ltr' id='par_1_107' title="bbox 593 5783 2091 5862">
     <span class='ocr_line' id='line_1_107' title="bbox 593 5783 2091 5862; baseline -0.009 -13"><span class='ocrx_word' id='word_1_876' title='bbox 749 5783 944 5862; x_wconf 67' lang='lat' dir='ltr'><strong>Palat.,</strong></span> <span class='ocrx_word' id='word_1_877' title='bbox 981 5795 1101 5847; x_wconf 80' lang='grc' dir='ltr'>’Ὁτι</span> <span class='ocrx_word' id='word_1_878' title='bbox 1131 5793 1342 5860; x_wconf 71' lang='grc' dir='ltr'>ἁγιάζει</span> <span class='ocrx_word' id='word_1_879' title='bbox 1372 5793 1398 5843; x_wconf 80' lang='lat'><strong>6</strong></span> <span class='ocrx_word' id='word_1_880' title='bbox 1429 5789 1638 5859; x_wconf 79' lang='grc' dir='ltr'>Πατήρ,</span> <span class='ocrx_word' id='word_1_881' title='bbox 1661 5785 1922 5848; x_wconf 75' lang='lat' dir='ltr'><strong>Feicktn.,</strong></span> <span class='ocrx_word' id='word_1_882' title='bbox 1967 5783 2040 5847; x_wconf 84' lang='grc' dir='ltr'>ὡς</span> <span class='ocrx_word' id='word_1_883' title='bbox 2063 5784 2091 5836; x_wconf 88' lang='lat'><strong>6</strong></span> 
     </span>
    </p>
   </div>
   <div class='ocr_carea' id='block_1_108' title="bbox 2189 4679 3766 4758">
    <p class='ocr_par' dir='ltr' id='par_1_108' title="bbox 2189 4679 3766 4758">
     <span class='ocr_line' id='line_1_108' title="bbox 2189 4679 3766 4758; baseline -0.006 -18"><span class='ocrx_word' id='word_1_884' title='bbox 2189 4685 2387 4758; x_wconf 86' lang='grc' dir='ltr'>νοῦμαι</span> <span class='ocrx_word' id='word_1_885' title='bbox 2445 4687 2502 4738; x_wconf 82' lang='grc' dir='ltr'><strong>ἐν</strong></span> <span class='ocrx_word' id='word_1_886' title='bbox 2553 4684 2870 4748; x_wconf 83' lang='grc' dir='ltr'>τούτοις.οῑ</span> <span class='ocrx_word' id='word_1_887' title='bbox 2901 4682 3136 4754; x_wconf 83' lang='grc' dir='ltr'>πατέρες</span> <span class='ocrx_word' id='word_1_888' title='bbox 3164 4679 3321 4752; x_wconf 80' lang='grc' dir='ltr'>ἡμῶν</span> <span class='ocrx_word' id='word_1_889' title='bbox 3360 4679 3616 4733; x_wconf 77' lang='grc' dir='ltr'>οὐδέποτε</span> <span class='ocrx_word' id='word_1_890' title='bbox 3647 4680 3766 4750; x_wconf 73' lang='grc' dir='ltr'>ἡμῖν</span> 
     </span>
    </p>
   </div>
   <div class='ocr_carea' id='block_1_109' title="bbox 2191 4769 3764 4855">
    <p class='ocr_par' dir='ltr' id='par_1_109' title="bbox 2191 4769 3764 4855">
     <span class='ocr_line' id='line_1_109' title="bbox 2191 4769 3764 4855; baseline -0.006 -21"><span class='ocrx_word' id='word_1_891' title='bbox 2191 4781 2544 4855; x_wconf 74' lang='grc' dir='ltr'>ἡρμήνευσαν</span> <span class='ocrx_word' id='word_1_892' title='bbox 2601 4777 2794 4839; x_wconf 76' lang='grc' dir='ltr'>οὕτως.</span> <span class='ocrx_word' id='word_1_893' title='bbox 2840 4776 3078 4846; x_wconf 78' lang='grc' dir='ltr'>Ἀνάγκη</span> <span class='ocrx_word' id='word_1_894' title='bbox 3119 4769 3211 4829; x_wconf 84' lang='grc' dir='ltr'>οὖν</span> <span class='ocrx_word' id='word_1_895' title='bbox 3259 4775 3408 4844; x_wconf 82' lang='grc' dir='ltr'>ἡμᾶς</span> <span class='ocrx_word' id='word_1_896' title='bbox 3436 4773 3532 4826; x_wconf 73' lang='grc' dir='ltr'><strong>ἐπὶ</strong></span> <span class='ocrx_word' id='word_1_897' title='bbox 3572 4773 3764 4834; x_wconf 77' lang='grc' dir='ltr'>τούτοις</span> 
     </span>
    </p>
   </div>
   <div class='ocr_carea' id='block_1_110' title="bbox 2196 4863 3764 4938">
    <p class='ocr_par' dir='ltr' id='par_1_110' title="bbox 2196 4863 3764 4938">
     <span class='ocr_line' id='line_1_110' title="bbox 2196 4863 3764 4938; baseline -0.003 -17"><span class='ocrx_word' id='word_1_898' title='bbox 2196 4867 2518 4938; x_wconf 79' lang='grc' dir='ltr'>σκέψασθαι,</span> <span class='ocrx_word' id='word_1_899' title='bbox 2576 4866 2812 4938; x_wconf 85' lang='grc' dir='ltr'>μάλιστα</span> <span class='ocrx_word' id='word_1_900' title='bbox 2861 4866 2943 4919; x_wconf 83' lang='grc' dir='ltr'>ὅτι</span> <span class='ocrx_word' id='word_1_901' title='bbox 2983 4864 3132 4932; x_wconf 82' lang='grc' dir='ltr'>ξένον</span> <span class='ocrx_word' id='word_1_902' title='bbox 3170 4865 3382 4936; x_wconf 76' lang='grc' dir='ltr'>ἥκουσα</span> <span class='ocrx_word' id='word_1_903' title='bbox 3408 4866 3472 4918; x_wconf 83' lang='grc' dir='ltr'><strong>τὸ</strong></span> <span class='ocrx_word' id='word_1_904' title='bbox 3501 4863 3764 4936; x_wconf 77' lang='grc' dir='ltr'>βάπτισμα</span> 
     </span>
    </p>
   </div>
   <div class='ocr_carea' id='block_1_111' title="bbox 2194 4951 3766 5032">
    <p class='ocr_par' dir='ltr' id='par_1_111' title="bbox 2194 4951 3766 5032">
     <span class='ocr_line' id='line_1_111' title="bbox 2194 4951 3766 5032; baseline -0.006 -18"><span class='ocrx_word' id='word_1_905' title='bbox 2194 4961 2442 5032; x_wconf 83' lang='grc' dir='ltr'>βροντήν.</span> <span class='ocrx_word' id='word_1_906' title='bbox 2489 4961 2641 5027; x_wconf 85' lang='grc' dir='ltr'>Ὀρθ.</span> <span class='ocrx_word' id='word_1_907' title='bbox 2691 4956 3034 5029; x_wconf 81' lang='grc' dir='ltr'>’ομολογεῖς,</span> <span class='ocrx_word' id='word_1_908' title='bbox 3093 4957 3176 5010; x_wconf 83' lang='grc' dir='ltr'>ὅτι</span> <span class='ocrx_word' id='word_1_909' title='bbox 3232 4957 3283 5009; x_wconf 82' lang='grc' dir='ltr'>οἱ</span> <span class='ocrx_word' id='word_1_910' title='bbox 3332 4957 3622 5014; x_wconf 83' lang='grc' dir='ltr'>ἀπόστολοι</span> <span class='ocrx_word' id='word_1_911' title='bbox 3674 4951 3766 5007; x_wconf 72' lang='grc' dir='ltr'>υἱοὶ</span> 
     </span>
    </p>
   </div>
   <div class='ocr_carea' id='block_1_112' title="bbox 2195 5044 3761 5128">
    <p class='ocr_par' dir='ltr' id='par_1_112' title="bbox 2195 5044 3761 5128">
     <span class='ocr_line' id='line_1_112' title="bbox 2195 5044 3761 5128; baseline -0.006 -22"><span class='ocrx_word' id='word_1_912' title='bbox 2195 5054 2424 5128; x_wconf 83' lang='grc' dir='ltr'>βροντῆς</span> <span class='ocrx_word' id='word_1_913' title='bbox 2440 5051 2746 5125; x_wconf 83' lang='grc' dir='ltr'>ἐκλήθησαν</span> <span class='ocrx_word' id='word_1_914' title='bbox 2768 5049 2918 5123; x_wconf 75' lang='grc' dir='ltr'>παρά</span> <span class='ocrx_word' id='word_1_915' title='bbox 2945 5045 3041 5100; x_wconf 85' lang='grc' dir='ltr'><strong>τοῦ</strong></span> <span class='ocrx_word' id='word_1_916' title='bbox 3065 5048 3340 5119; x_wconf 77' lang='grc' dir='ltr'>Σωτῆρος,</span> <span class='ocrx_word' id='word_1_917' title='bbox 3364 5049 3398 5121; x_wconf 77' lang='grc' dir='ltr'>ἢ</span> <span class='ocrx_word' id='word_1_918' title='bbox 3426 5047 3526 5115; x_wconf 59' lang='lat' dir='ltr'><strong>ob;</strong></span> <span class='ocrx_word' id='word_1_919' title='bbox 3559 5044 3761 5104; x_wconf 81' lang='grc' dir='ltr'>Μακεδ.</span> 
     </span>
    </p>
   </div>
   <div class='ocr_carea' id='block_1_113' title="bbox 2193 5135 3763 5218">
    <p class='ocr_par' dir='ltr' id='par_1_113' title="bbox 2193 5135 3763 5218">
     <span class='ocr_line' id='line_1_113' title="bbox 2193 5135 3763 5218; baseline -0.006 -16"><span class='ocrx_word' id='word_1_920' title='bbox 2193 5149 2259 5202; x_wconf 80' lang='grc' dir='ltr'>Οἱ</span> <span class='ocrx_word' id='word_1_921' title='bbox 2312 5147 2406 5202; x_wconf 78' lang='grc' dir='ltr'>δύο</span> <span class='ocrx_word' id='word_1_922' title='bbox 2441 5145 2590 5218; x_wconf 84' lang='grc' dir='ltr'>μόνοι</span> <span class='ocrx_word' id='word_1_923' title='bbox 2621 5143 2857 5213; x_wconf 79' lang='grc' dir='ltr'><strong>ἀδελφοί.</strong></span> <span class='ocrx_word' id='word_1_924' title='bbox 2913 5143 3070 5210; x_wconf 81' lang='lat' dir='ltr'><strong>‘0p0.</strong></span> <span class='ocrx_word' id='word_1_925' title='bbox 3118 5141 3311 5212; x_wconf 84' lang='grc' dir='ltr'>Ἡμεῖς</span> <span class='ocrx_word' id='word_1_926' title='bbox 3344 5141 3373 5194; x_wconf 85' lang='grc' dir='ltr'><strong>ὃ</strong></span> <span class='ocrx_word' id='word_1_927' title='bbox 3407 5141 3514 5196; x_wconf 81' lang='grc' dir='ltr'><strong>κᾶν</strong></span> <span class='ocrx_word' id='word_1_928' title='bbox 3547 5141 3627 5194; x_wconf 73' lang='grc' dir='ltr'><strong>ἐνὶ</strong></span> <span class='ocrx_word' id='word_1_929' title='bbox 3663 5135 3763 5208; x_wconf 80' lang='lat'><strong>(57)</strong></span> 
     </span>
    </p>
   </div>
   <div class='ocr_carea' id='block_1_114' title="bbox 2195 5231 3764 5310">
    <p class='ocr_par' dir='ltr' id='par_1_114' title="bbox 2195 5231 3764 5310">
     <span class='ocr_line' id='line_1_114' title="bbox 2195 5231 3764 5310; baseline -0.006 -18"><span class='ocrx_word' id='word_1_930' title='bbox 2195 5237 2430 5310; x_wconf 78' lang='grc' dir='ltr'>εἴρηται,</span> <span class='ocrx_word' id='word_1_931' title='bbox 2455 5239 2590 5293; x_wconf 79' lang='grc' dir='ltr'>πᾶσι</span> <span class='ocrx_word' id='word_1_932' title='bbox 2605 5235 2852 5306; x_wconf 79' lang='grc' dir='ltr'>λέγωμεν</span> <span class='ocrx_word' id='word_1_933' title='bbox 2873 5231 3135 5306; x_wconf 79' lang='grc' dir='ltr'>ἁρμόζειν</span> <span class='ocrx_word' id='word_1_934' title='bbox 3155 5237 3273 5300; x_wconf 87' lang='grc' dir='ltr'>τοῖς</span> <span class='ocrx_word' id='word_1_935' title='bbox 3297 5233 3373 5306; x_wconf 26' lang='grc' dir='ltr'><strong>τὸ,</strong></span> <span class='ocrx_word' id='word_1_936' title='bbox 3400 5234 3536 5288; x_wconf 79' lang='grc' dir='ltr'>αὐτὸ</span> <span class='ocrx_word' id='word_1_937' title='bbox 3561 5233 3764 5301; x_wconf 80' lang='grc' dir='ltr'>Πνεῦμα</span> 
     </span>
    </p>
   </div>
   <div class='ocr_carea' id='block_1_115' title="bbox 2199 5315 3759 5402">
    <p class='ocr_par' dir='ltr' id='par_1_115' title="bbox 2199 5315 3759 5402">
     <span class='ocr_line' id='line_1_115' title="bbox 2199 5315 3759 5402; baseline -0.006 -19"><span class='ocrx_word' id='word_1_938' title='bbox 2199 5331 2432 5402; x_wconf 72' lang='grc' dir='ltr'>ἔχουσιν.</span> <span class='ocrx_word' id='word_1_939' title='bbox 2465 5327 2578 5383; x_wconf 77' lang='grc' dir='ltr'>Καὶ</span> <span class='ocrx_word' id='word_1_940' title='bbox 2627 5325 2737 5399; x_wconf 84' lang='grc' dir='ltr'>γὰρ</span> <span class='ocrx_word' id='word_1_941' title='bbox 2769 5325 2981 5385; x_wconf 83' lang='grc' dir='ltr'>Παῦλος</span> <span class='ocrx_word' id='word_1_942' title='bbox 3025 5325 3054 5378; x_wconf 90' lang='lat'><strong>6</strong></span> <span class='ocrx_word' id='word_1_943' title='bbox 3094 5324 3250 5392; x_wconf 75' lang='grc' dir='ltr'>ἅγιος</span> <span class='ocrx_word' id='word_1_944' title='bbox 3297 5323 3598 5388; x_wconf 80' lang='grc' dir='ltr'>ἀπόστολος</span> <span class='ocrx_word' id='word_1_945' title='bbox 3635 5315 3759 5376; x_wconf 82' lang='grc' dir='ltr'>εἶπε·</span> 
     </span>
    </p>
   </div>
   <div class='ocr_carea' id='block_1_116' title="bbox 2195 5482 2678 5547">
    <p class='ocr_par' dir='ltr' id='par_1_116' title="bbox 2195 5482 2678 5547">
     <span class='ocr_line' id='line_1_116' title="bbox 2195 5482 2678 5547; baseline -0.002 -9"><span class='ocrx_word' id='word_1_946' title='bbox 2195 5487 2238 5518; x_wconf 75' lang='grc'><strong><em>⁸³</em></strong></span> <span class='ocrx_word' id='word_1_947' title='bbox 2279 5482 2300 5538; x_wconf 90' lang='lat' dir='ltr'><strong>l</strong></span> <span class='ocrx_word' id='word_1_948' title='bbox 2331 5483 2459 5540; x_wconf 89' lang='lat' dir='ltr'><strong>Cor.</strong></span> <span class='ocrx_word' id='word_1_949' title='bbox 2490 5500 2579 5547; x_wconf 83' lang='lat' dir='ltr'><strong>vt,</strong></span> <span class='ocrx_word' id='word_1_950' title='bbox 2621 5484 2678 5538; x_wconf 84' lang='grc' dir='ltr'><strong>ιι</strong></span> 
     </span>
    </p>
   </div>
   <div class='ocr_carea' id='block_1_117' title="bbox 2199 5643 2407 5711">
    <p class='ocr_par' dir='ltr' id='par_1_117' title="bbox 2199 5643 2407 5711">
     <span class='ocr_line' id='line_1_117' title="bbox 2199 5643 2407 5711; baseline -0.014 -15"><span class='ocrx_word' id='word_1_951' title='bbox 2199 5643 2407 5711; x_wconf 78' lang='grc' dir='ltr'>Πατήρ.</span> 
     </span>
    </p>
   </div>
   <div class='ocr_carea' id='block_1_118' title="bbox 2270 5703 2942 5785">
    <p class='ocr_par' dir='ltr' id='par_1_118' title="bbox 2270 5703 2942 5785">
     <span class='ocr_line' id='line_1_118' title="bbox 2270 5703 2942 5785; baseline -0.007 -19"><span class='ocrx_word' id='word_1_952' title='bbox 2270 5703 2380 5785; x_wconf 77' lang='lat'><strong>(57)</strong></span> <span class='ocrx_word' id='word_1_953' title='bbox 2421 5709 2614 5776; x_wconf 89' lang='lat' dir='ltr'><strong>Palat.,</strong></span> <span class='ocrx_word' id='word_1_954' title='bbox 2639 5703 2684 5776; x_wconf 81' lang='grc' dir='ltr'>ᾧ</span> <span class='ocrx_word' id='word_1_955' title='bbox 2717 5705 2816 5760; x_wconf 80' lang='grc' dir='ltr'>κᾶν</span> <span class='ocrx_word' id='word_1_956' title='bbox 2844 5706 2942 5761; x_wconf 81' lang='grc' dir='ltr'>ἐνί.</span> 
     </span>
    </p>
   </div>
  </div>
