3982 6398
252 348 387 409 1269

1195 351 1283 407 DE
1319 349 1592 409 SANCTA
1629 346 2007 404 TRINITATE
2038 344 2388 403 DIALOGL'S
2430 345 2516 401 IV.

3362 350 3503 406 1250

253 491 270 523 ι
304 470 504 525 Λοιπὸν
537 472 823 525 ἀπόκειταί
859 489 949 544 μοι
973 475 1002 528 6
1024 473 1124 544 τῆς
1155 472 1498 547 δικαιοσΰνης
1522 475 1814 546 στέφανος’

1926 481 2028 538 est,
2046 469 2302 526 omnibus
2330 476 2640 541 competere
2669 466 3105 525 dicimuseodem
3126 466 3333 541 Spiritu
3366 485 3503 540 prae-

246 561 344 615 οὐκ
372 560 497 627 ἐμοὶ
520 560 577 613 δὲ
606 560 773 631 μόνῳ,
800 560 935 616 ἀλλὰ
966 561 1059 614 καὶ
1092 563 1224 616 πᾶσι
1248 564 1363 625 τοῖς
1391 562 1702 633 ἠγαπηκόσι
1722 561 1822 633 τὴν

247 652 566 721 ἐπιφάνειαν
585 652 678 705 τοῦ
707 651 913 723 Κυρίου
939 654 1095 724 ἡμῶν
1123 653 1294 724 Ἰησοῦ
1324 653 1583 726 Χριστοῦ.
1611 673 1631 705 ι
1651 652 1822 726 Πείθῃ

245 739 359 806 οὖν,
380 745 463 797 ὅτι
485 744 633 807 υἱοὺς
658 742 887 815 βροντῆς
909 746 1133 800 ἐκάλεσε
1160 747 1287 809 τοὺς
1309 745 1638 809 ἀποστόλους
1660 762 1676 812 ;
1710 746 1824 798 Καὶ

247 834 473 906 πότερον
541 834 736 907 βροντὴ
793 837 988 900 αὐτοὺς
1060 837 1367 907 ἐγέννησεν,
1415 836 1448 908 ἢ
1508 837 1819 908 ἄνθρωποις

243 926 466 980 Μακεδ.
496 926 781 997 Πείθομαι,
813 929 972 990 ,υἱοὺς
1001 927 1226 999 βροντῆς
1258 926 1453 988 αὐτοὺς
1477 922 1628 980 εἶπεν
1651 925 1739 979 διὰ
1762 925 1824 978 τὸ

247 1017 449 1088 ὑψηλὸν
474 1019 736 1089 κήρυγμα
754 1021 853 1089 τῆς
875 1019 1129 1081 πίστεως.
1160 1019 1315 1085 Ὄρθ.
1331 1016 1398 1070 Τί
1416 1016 1472 1070 δὲ
1495 1014 1822 1087 ὑψηλότερον

244 1105 339 1159 τοῦ
366 1105 776 1177 βαπτίσματος;
810 1107 1088 1179 Σκόπησον
1113 1106 1177 1177 δὴ
1216 1106 1354 1176 μετὰ
1393 1104 1557 1174 φόὸου
1585 1105 1742 1172 Θεοῦ,
1775 1108 1823 1160 εἰ

250 1196 324 1268 μὴ
354 1198 630 1269 πανταχοῦ
657 1200 714 1250 ὲν
738 1200 804 1268 τῇ
844 1196 1184 1267 θεοπνεύστῳ
1224 1197 1412 1267 Γραφῇ
1443 1195 1735 1251 αἰνίττεται
1761 1196 1824 1250 τὸ

246 1291 531 1363 βάπτισμα
589 1292 837 1364 βροντήν.
862 1292 984 1345 Καὶ
1024 1291 1133 1363 γὰρ
1174 1292 1339 1344 Δασὶδ
1388 1292 1537 1360 λέγει
1562 1309 1576 1322 ·
1614 1311 1633 1343 ι
1668 1291 1822 1364 Φωνὴ

244 1383 343 1453 τῆς
378 1381 605 1455 βροντῆς
633 1401 723 1436 σου
752 1386 810 1438 ὲν
837 1383 915 1455 τῷ
939 1383 1117 1456 τροχῷ
1138 1401 1152 1414 ·
1180 1384 1383 1453 ἔφαναν
1403 1384 1513 1454 (58)
1535 1385 1592 1437 αἱ
1614 1385 1823 1457 ἀστρα-

244 1475 342 1528 παί
376 1492 469 1528 σου
496 1478 563 1547 τῇ
626 1476 938 1551 οἰκουμένῃ.
972 1473 1124 1530 Εἷδεν
1157 1477 1250 1529 καὶ¹
1288 1476 1549 1547 ἐσαλεύθη
1600 1478 1633 1547 ἡ
1665 1477 1760 1547 γῆ.
1799 1495 1818 1529 ι

243 1568 310 1620 Τί
348 1567 477 1623 ἄλλο
505 1569 539 1640 ἢ
568 1569 629 1621 τὸ
663 1568 943 1640 βάπτισμα
964 1570 1110 1638 λέγει
1142 1569 1367 1641 βροντήν
1391 1585 1406 1635 ;
1435 1569 1529 1621 τὸν
1547 1568 1604 1622 δὲ
1631 1568 1824 1640 τροχὸν

242 1660 335 1713 τὸν
361 1659 565 1713 κύκλον
605 1660 698 1714 τοῦ
738 1660 853 1731 βίου
875 1661 1099 1728 τούτους
1133 1663 1226 1715 καὶ
1257 1662 1354 1725 τὰς
1382 1660 1668 1734 ἀστραπὰς
1699 1662 1825 1726 τοὺς

243 1752 432 1821 ἁγίους
461 1753 813 1820 ἀποστόλους,
836 1756 961 1818 τοὺς
994 1756 1088 1809 καὶ
1127 1756 1398 1825 φάναντας
1422 1755 1488 1826 τῇ
1530 1754 1823 1830 οἰκουμένῃ

1924 563 2076 619 ditis.
2129 561 2273 616 Dixit
2321 561 2467 617 enim
2518 568 2746 616 sanctus
2798 558 3006 618 Paulus
3049 580 3062 616 :
3123 561 3239 617 «1η
3289 562 3504 633 reliquo

1923 655 2162 724 reposita
2185 661 2268 708 est
2287 653 2420 708 mihi
2446 667 2649 708 corona
2678 653 2928 721 iustitiae,
2967 668 3075 709 non
3114 655 3291 710 solum
3322 653 3504 709 autem

1923 746 2080 808 mihi,
2119 746 2217 801 sed
2274 747 2440 801 etiam
2493 746 2750 801 omnibus
2794 747 2889 821 qui
2920 747 3156 818 diligunt
3206 746 3504 803 adventum

1925 836 2141 893 Domini
2174 839 2350 894 nostri
2373 838 2503 894 Jesu
2526 838 2732 896 Christi
2764 840 2831 895 “.
2875 859 2895 893 ι
2925 839 3010 895 An
3051 840 3220 911 igitur
3254 840 3347 895 tibi
3381 856 3506 910 per-

1924 944 2148 984 suasum
2180 939 2260 985 est
2290 928 2569 985 Christum
2601 945 2832 988 vocasse
2876 936 3155 1002 apostolos
3185 931 3325 987 ﬁlios
3361 930 3510 986 toni-

1923 1023 2200 1077 tru?num
2238 1036 2369 1076 vero
2399 1024 2608 1077 tonitru
2633 1023 2786 1094 ipsos
2833 1024 3042 1095 genuit,
3069 1039 3138 1078 an
3184 1024 3372 1096 potius
3405 1024 3505 1079 h0-

1924 1114 2139 1169 mines?
2158 1111 2369 1167 Mat-ed.
2393 1113 2569 1184 Ipsos,
2593 1114 2779 1182 credo,
2828 1117 3041 1170 vocavit
3082 1114 3223 1172 ﬁlios
3252 1115 3507 1183 tonitrui,

1924 1206 1997 1262 ob
2024 1207 2315 1263 sublimem
2355 1207 2500 1262 illam
2533 1206 2655 1263 ﬁdei
2702 1209 3165 1279 praedicationem.
3203 1208 3354 1265 Orth.
3403 1208 3507 1264 Ec-

1925 1298 2056 1368 quid
2082 1307 2263 1353 autem
2290 1298 2566 1369 baptismo
2588 1300 2916 1356 sublimius?
2948 1298 3227 1371 Perpende
3258 1316 3383 1355 cum
3409 1299 3507 1355 Dei

1924 1390 2142 1456 timore,
2173 1405 2355 1445 annon
2384 1391 2587 1460 ubique
2609 1390 2661 1444 in
2707 1388 2992 1460 Scriptura
3039 1392 3304 1446 divinitus
3335 1390 3509 1460 inspi-

1927 1489 2046 1534 rata
2075 1480 2285 1534 tonitru
2316 1480 2649 1549 baptismum
2686 1478 2919 1533 innuat?
2949 1478 3087 1532 Dicit
3108 1479 3252 1533 eniln
3284 1477 3455 1532 David
3488 1494 3503 1530 :

1930 1588 1950 1621 ι
1979 1568 2097 1624 Vox
2126 1570 2354 1624 tonitrui
2385 1570 2462 1624 tui
2482 1569 2535 1623 in
2565 1576 2686 1623 rota
2724 1588 2736 1622 :
2775 1567 3510 1623 llluxeruntcoruscationes

1926 1673 2032 1718 tua:
2079 1663 2199 1718 orbi
2230 1669 2406 1717 terrae.
2465 1660 2614 1716 Vidit
2660 1668 2713 1715 et
2746 1667 3018 1715 commota
3068 1668 3151 1715 est
3182 1667 3329 1713 terra
3378 1659 3444 1710 ⁸³.
3482 1677 3504 1710 ι

1927 1754 2068 1821 Quid
2094 1754 2242 1809 aliud
2275 1762 2433 1810 vocat
2462 1754 2667 1808 tonitru
2697 1767 2862 1822 quam
2887 1751 3261 1823 baptismum?
3301 1758 3506 1815 rotam,

243 1843 305 1897 τὸ
333 1843 449 1912 φῶς
483 1845 582 1916 τῆς
612 1844 875 1917 βροντῆςς
899 1848 1063 1900 Αὐτοὶ
1087 1847 1195 1918 γάρ
1219 1849 1358 1900 εἰσιν
1385 1848 1432 1899 οί
1459 1845 1787 1910 ἀκούσαντες
1809 1864 1822 1878 ·

1932 1847 2094 1916 hujus
2133 1847 2255 1902 vitae
2293 1846 2607 1901 circulum?
2660 1844 2877 1916 fulgura
2914 1860 3063 1908 vero,
3099 1852 3320 1900 sanctos
3376 1857 3510 1912 apo-

249 1935 499 2008 ιοὙμείς
532 1937 654 1989 ἐστε
682 1935 744 1988 τὸ
768 1936 884 2004 φῶς
907 1936 999 1990 τοῦ
1029 1937 1253 2007 κόσμου.
1289 1956 1308 1989 ι
1345 1937 1409 1990 Ἦ
1427 1937 1486 1989 δὲ
1509 1936 1822 1991 σαλευθεῖσα

1929 1942 2122 1999 Stolos.
2157 1940 2250 2010 qui
2279 1939 2456 1993 lucem
2488 1938 2716 1994 tonitrui
2745 1938 2865 1992 orbi
2914 1944 3185 1995 terrarum
3236 1934 3510 2006 patefece-

242 2027 318 2098 γῆ
344 2030 426 2092 είς
457 2027 733 2099 γεωργίαν
747 2029 809 2081 ὲκ
822 2028 924 2099 τῆς
950 2028 1176 2100 βροντῆς
1193 2067 1210 2094 ,
1244 2029 1338 2083 καὶ
1356 2031 1420 2082 ὲκ
1454 2030 1553 2101 τῆς
1573 2029 1823 2099 φαύσεως

242 2118 354 2171 τῶν
372 2118 588 2190 ἄστρων
630 2117 700 2171 τὰ
746 2117 875 2188 ἔθνη
903 2118 1010 2171 ἀπὸ
1033 2119 1134 2189 τῆς
1165 2119 1440 2189 ἀγνωσίας
1474 2123 1553 2183 είς
1579 2121 1676 2192 τὴν
1704 2121 1824 2175 ἐπί-

242 2225 465 2279 γνωσιν.
518 2208 742 2262 Maneo.
812 2203 1015 2274 Εἶπον,
1077 2209 1160 2261 ὅτι
1223 2208 1625 2280 ξενοφωνοῦμαι
1652 2249 1665 2274 ,
1728 2211 1823 2264 καὶ

240 2301 458 2372 ἀνάγκη
501 2317 569 2371 με
604 2298 1020 2369 ἐπισκέψασθαι.
1065 2301 1219 2369 Ὀρθ.
1236 2300 1451 2372 Ἐπειδὴ
1491 2301 1822 2372 πανταχόθεν

245 2409 308 2445 σε
348 2391 487 2445 θέλω
537 2391 845 2462 πεισθῆναι,
890 2391 1049 2463 μάθε,
1080 2393 1161 2447 ὄτι
1209 2394 1304 2446 καὶ
1335 2395 1392 2448 ὲν
1421 2394 1593 2465 ἑτέρῳ
1622 2393 1824 2465 ψαλμῷ

239 2489 272 2541 6
297 2485 460 2539 Δαὸὶδ
499 2485 561 2538 τὸ
612 2484 893 2557 βάπτισμα
924 2484 1149 2557 βροντὴν
1166 2487 1338 2550 καλεῖ,
1373 2487 1580 2556 λέγων’
1618 2504 1636 2538 ι
1668 2488 1823 2559 Φωνὴ

243 2578 454 2649 Κυρίου
480 2578 574 2631 ἐπὶ
617 2577 726 2630 τῶν
756 2578 983 2631 ὑδάτων.
1023 2597 1040 2631 ι
1076 2580 1185 2632 Καὶ
1231 2578 1298 2633 τὰ
1344 2578 1503 2651 ἑξῆς·
1532 2598 1551 2631 ι
1600 2579 1658 2633 '0
1693 2579 1825 2643 Θεὸς

240 2671 344 2742 τῆς
378 2669 538 2740 δόξης
594 2669 907 2742 ἐϐρόντησε,
938 2669 1141 2741 Κύριος
1168 2671 1261 2723 ἐπὶ
1290 2670 1497 2724 ὑδάτων
1522 2670 1752 2725 πολλῶν.
1794 2689 1815 2722 ι

242 2761 695 2831 Μακεδ.Ἔγνων
720 2761 924 2826 λοιπὸν,
941 2763 992 2816 τί
1022 2765 1167 2815 ἐστιν
1185 2762 1215 2815 ὃ
1229 2762 1402 2827 θέλεις
1420 2764 1822 2817 κατασκευάσαι

242 2854 342 2909 καὶ
368 2857 714 2923 συναγαγεῖν.
759 2853 879 2908 Ἀλλ
909 2849 1082 2917 εἷπον,
1115 2854 1226 2924 ἐγὼ
1262 2856 1441 2923 ὀλίγος
1494 2855 1610 2926 εἰμί
1629 2871 1645 2888 ο
1679 2854 1825 2919 ἔνδος

246 2962 341 3015 μοι
392 2944 816 3013 ἐπισκέψασθαι.
864 2945 1017 3013 Ὀρθ.
1052 2944 1172 3015 Δῴη
1204 2962 1286 2998 σοι
1336 2947 1364 2998 6
1406 2944 1540 3008 Θεὸς
1587 2942 1823 3011 σύνεσιν,

245 3039 334 3094 ἵνα
368 3037 611 3110 ἐπιγνῷς
640 3040 769 3110 περὶ
793 3033 867 3093 ὧν
896 3037 1210 3109 κατηχήθης
1242 3037 1435 3106 λόγων.

1928 2030 2089 2086 runt?
2116 2029 2183 2084 Hi
2215 2037 2345 2086 sunt
2369 2031 2514 2084 enim
2547 2029 2638 2100 qui
2672 2028 3001 2083 audierunt:
3038 2047 3057 2079 ι
3100 2026 3211 2082 Vos
3247 2026 3382 2082 estis
3416 2026 3510 2080 lux

1927 2121 2115 2176 mundi
2148 2120 2214 2174 ⁸⁸.
2252 2140 2271 2174 ι
2314 2121 2601 2175 Commota
2656 2127 2740 2175 est
2793 2126 2975 2175 autem
3030 2118 3100 2173 ab
3140 2118 3243 2173 hoc
3300 2118 3508 2173 tonitru

1924 2223 2069 2271 terra
2093 2214 2161 2269 ad
2191 2213 2484 2278 culturam,
2515 2221 2569 2268 et
2597 2220 2785 2284 gentes
2814 2211 3227 2267 collustratione
3258 2209 3507 2265 siderum

1925 2307 1993 2361 ab
2017 2305 2318 2377 ignorantia
2354 2306 2419 2359 ad
2454 2303 2551 2361 Dei
2590 2305 2950 2375 cognitionem
2987 2302 3268 2358 traductae.
3294 2301 3506 2355 Μαιρά-

1924 2397 2045 2452 Dixi
2069 2414 2207 2452 nova
2237 2397 2351 2452 hate
2382 2405 2437 2453 et
2466 2397 2752 2468 peregrina
2785 2395 2916 2450 mihi
2943 2395 3205 2449 incidere.
3229 2393 3510 2464 Ampliore

1924 2489 2361 2545 consideratione
2408 2490 2540 2544 mihi
2591 2505 2729 2559 opus
2778 2495 2882 2544 est.
2927 2488 3081 2543 Orth.
3114 2486 3384 2552 Quoniam
3452 2493 3509 2541 te

1925 2582 2090 2652 cupio
2113 2582 2291 2637 modis
2308 2581 2565 2637 omnibus
2592 2581 2659 2635 ad
2691 2582 2795 2636 hoc
2822 2578 3152 2634 credendum
3184 2578 3506 2647 perducere.

1928 2675 2080 2731 disce
2106 2675 2159 2728 in
2191 2674 2299 2727 alio
2316 2674 2479 2730 etiam
2514 2673 2726 2745 psalmo
2761 2672 3090 2742 baptismum
3121 2685 3152 2723 a
3178 2668 3382 2723 Davide
3409 2684 3512 2723 vo~

1928 2768 2042 2823 cari
2090 2767 2319 2834 tonitru,
2373 2781 2498 2821 cum
2545 2766 2722 2837 inquit
2782 2780 2796 2817 :
2846 2781 2866 2816 ι
2901 2761 3020 2817 Vox
3080 2761 3294 2815 Domini
3345 2774 3513 2829 super

1929 2874 2121 2930 aquas.
2156 2878 2176 2912 ›
2207 2858 2273 2913 Ει
2298 2874 2463 2914 mox:
2507 2877 2527 2911 ι
2561 2858 2707 2914 Deus
2757 2856 3061 2928 maiestatis
3092 2853 3290 2919 tonuit,
3326 2850 3509 2906 Domi-

1930 2968 2036 3009 nus
2058 2967 2224 3023 super
2243 2967 2414 3022 aquas
2435 2952 2637 3009 multas
2668 2952 2735 3008 “.
2762 2969 2782 3003 ›
2808 2947 3016 3005 Maced.
3042 2946 3177 3002 Novi
3196 2945 3325 3017 quid
3354 2944 3511 2999 dein-

1855 3039 1898 3096 C
1933 3059 2064 3114 ceps
2084 3044 2295 3100 edicere
2320 3051 2376 3100 et
2397 3043 2656 3115 colligere
2679 3043 3009 3100 institueris.
3034 3039 3149 3096 Sed
3173 3037 3319 3110 quod
3350 3045 3509 3091 antea

240 3130 382 3198 dixi,
415 3132 618 3202 exiguo
648 3146 769 3185 sum
799 3130 1018 3203 ingenio
1037 3171 1054 3195 ,
1113 3131 1353 3186 concede
1387 3137 1447 3184 ut
1480 3128 1548 3185 de
1579 3128 1699 3185 istis
1730 3134 1965 3204 amplius
1993 3136 2299 3208 dispiciam.
2331 3135 2484 3194 Orth.
2512 3135 2730 3192 Utinam
2763 3135 2855 3191 det
2887 3133 2990 3191 tibi
3020 3131 3283 3188 Dominus
3311 3126 3511 3184 intelli-

240 3224 511 3294 gentiam,
552 3231 614 3280 nt
643 3239 765 3295 qua:
794 3225 1051 3281 audivisti
1080 3239 1370 3297 agnoscas.

1320 3472 1479 3567 Vror
1515 3511 1608 3565 EN
1642 3513 1865 3567 ΑΓιοιΣ
1902 3512 2171 3567 ΠΑΤΡοΣ
2198 3510 2405 3585 ξΗΜοΝ

1571 3634 2124 3724 ΑΘΑΝΑΣΙΟ
2135 3634 2213 3722 Υ

385 3781 530 3852 Περὶ
556 3779 671 3849 τῆς
703 3780 876 3849 ἁγίας
910 3778 1149 3847 Τριάδος
1174 3778 1457 3848 Διάλογος
1490 3781 1563 3845 Δ’,
1597 3779 1667 3834 ἐν
1695 3777 1741 3844 ᾧ
1771 3778 2125 3849 Ὀρθοδόξου
2159 3779 2308 3849 πρὸς
2339 3773 2915 3846 Ἆπολλιναριαστὴν
2933 3774 3197 3841 διάλεξις
3224 3774 3358 3847 (59).

1271 4029 1363 4117 S.
1442 4032 1546 4117 P.
1627 4030 1746 4117 N.
1821 4022 2473 4115 ATHANASII

499 4181 576 4237 De
630 4190 818 4236 sancta
870 4179 1127 4235 Trlnitale
1178 4178 1434 4252 Dialogus
1473 4197 1547 4246 tv,
1586 4180 1641 4234 in
1677 4195 1778 4250 quo
1824 4175 2121 4233 Orthodozi
2176 4190 2295 4230 cum
2331 4171 2655 4245 Apollinarii
2692 4176 2948 4223 seclatore
2983 4167 3247 4239 dialogus.

821 4403 1237 4474 ῖοΡθοΔοΞοΣ.

1853 4323 1924 4335 ἡ

2482 4393 2972 4455 ORTHODOXUS.

297 4524 358 4579 1.
425 4519 601 4589 Σῶμα
652 4514 988 4588 ἀνθρώπινον
1048 4516 1202 4588 ἔσχεν
1260 4520 1288 4571 ὀ
1344 4519 1595 4590 Χριστος,
1645 4519 1678 4590 ἢ
1726 4517 1820 4586 οὖ;

2001 4517 2054 4572 l.
2107 4513 2306 4569 Habuit
2356 4511 2652 4567 humanum
2717 4523 2920 4577 corpus
2975 4504 3249 4571 Christus,
3281 4509 3501 4560 annon?

226 4607 950 4670 ’AIIOAAINAPIAXTHE.
1032 4605 1128 4660 Οὔ.
1203 4608 1357 4676 Ὀρθ.
1424 4609 1562 4661 Ἀλλ’
1610 4612 1823 4677 όποῖον;

225 4704 511 4762 Ἀπολλ.
559 4699 772 4753 Θεῖκόν.
814 4700 967 4765 Ὀρθ.
994 4697 1070 4769 Τῇ
1101 4698 1279 4767 φύσει.
1325 4698 1357 4769 ἢ
1402 4702 1468 4769 τῇ
1510 4698 1698 4752 ἐνώσει
1726 4699 1826 4769 τῆς

204 4794 598 4866 οίκονομίας;
672 4792 915 4846 Ἀπολλ.
968 4791 1045 4861 Τῇ
1114 4789 1303 4844 ὲνὼσει
1353 4791 1451 4861 τῆς
1494 4792 1824 4862 οἰκονομίας.

222 4890 403 4959 Ὀρθ.
448 4884 663 4940 Οὐκοῦν
696 4886 763 4955 τῇ
794 4882 950 4950 φύσει
989 4881 1343 4955 ἀνθρώπινον,
1360 4885 1425 4954 τῇ
1455 4882 1512 4935 δὲ
1548 4882 1826 4954 οἰκονομίᾳ

186 4980 441 5036 θεῖκόν.
492 4976 743 5030 Ἀπολλ.
795 4972 921 5027 Ναί.
963 4974 1116 5042 Ὄρθ.
1164 4974 1273 5026 Καὶ
1322 4972 1604 5044 όμοούσιον
1658 4975 1821 5044 ἡμῖν;

216 5074 507 5129 Ἀπολλ.
569 5067 643 5120 Τὸ
691 5068 755 5119 ὲκ
796 5064 1013 5137 Μαρίας
1055 5065 1278 5133 σαρκίον
1337 5065 1622 5136 ὁμοούσιον
1669 5067 1820 5136 ἡμῖν.

216 5167 398 5235 Ὀρθ.
421 5160 504 5215 Σύ
514 5174 729 5230 μφωνοι
746 5152 838 5210 οὖν
856 5159 988 5227 ¹ἡμῖν
1017 5158 1139 5209 ὲστε
1173 5157 1229 5209 ἐν
1244 5155 1451 5219 τούτοις
1466 5172 1481 5221 ;
1499 5157 1741 5210 Ἀπολλ.
1762 5157 1822 5209 El

200 5259 426 5320 οὕτως,
497 5252 612 5306 ναί.
672 5251 822 5318 Ὀρθ.
885 5250 1111 5320 Ἴδωμεν
1162 5245 1256 5302 οὖν
1310 5250 1403 5302 καὶ
1453 5249 1581 5320 περὶ
1622 5248 1818 5319 ψυχῆς.

212 5350 493 5407 Ἀπολ-λ.
529 5343 780 5414 Ἰδωμεν.
847 5343 998 5409 Ὀρθ.
1059 5341 1339 5411 Ἔμψυχον
1385 5336 1453 5411 ἦν
1477 5339 1538 5393 τὸ
1569 5340 1749 5411 σῶμα,
1783 5340 1816 5412 ἦ

1928 4602 2499 4665 APOLLINARISTA.
2552 4602 2671 4656 Non
2730 4600 2940 4654 habuit.
2980 4598 3132 4653 Orth.
3178 4597 3499 4666 Cujusmodi

1929 4718 2059 4774 ergo
2074 4700 2259 4755 aliud?
2288 4697 2460 4768 Apoll.
2499 4696 2772 4749 Divinum.
2812 4692 2965 4749 Orth.
2997 4691 3220 4754 Natura,
3251 4706 3317 4744 an
3351 4706 3502 4746 uaco-

1931 4794 2131 4849 nomia:
2187 4792 2421 4846 unione?
2473 4788 2643 4856 Apoll.
2692 4784 3038 4843 (Economia:
3094 4784 3311 4838 unione.
3345 4783 3478 4838 Orllr

1932 4885 2073 4956 Ergo
2116 4892 2311 4938 natura
2367 4878 2687 4939 humanum,
2723 4877 3026 4933 oeconomia
3070 4891 3198 4930 vero
3229 4875 3474 4929 divinum

1930 4975 2106 5045 Apoll.
2141 4975 2336 5028 Etiam.
2367 4971 2517 5027 Orth.
2538 4969 2603 5024 Et
2630 4969 2787 5024 nobis
2820 4965 3303 5023 consubstantiale.
3321 4965 3497 5033 Apoll.

1929 5066 2071 5121 Caro
2099 5080 2259 5134 quam
2298 5079 2364 5117 ex
2390 5062 2557 5115 Maria
2608 5060 2861 5131 sumpsit.
2893 5057 3382 5115 consubstantialis
3416 5066 3499 5112 est

1930 5158 2109 5212 nobis.
2132 5154 2284 5213 Orth.
2312 5155 2370 5209 In
2405 5155 2526 5210 istis
2552 5154 2714 5225 igitur
2747 5152 2960 5208 sentitis
2987 5149 3497 5219 nobiseumMpoll.

1928 5246 2127 5313 Etiam,
2177 5247 2223 5302 si
2277 5246 2497 5317 quidem
2551 5247 2625 5300 ita
2656 5246 2888 5301 sentitis.
2925 5244 3076 5300 Orth.
3136 5242 3501 5312 Dispiciamus

1926 5341 2093 5413 igitur
2121 5341 2281 5395 etiam
2337 5341 2405 5395 de
2458 5342 2660 5396 anima.
2712 5342 2886 5412 Apoll.
2917 5339 3302 5411 Dispiciamus.
3344 5337 3498 5394 Orth.

276 5507 330 5538 "
377 5500 436 5558 ll
473 5498 624 5553 Tim.
663 5512 739 5561 tv,
777 5497 831 5551 8.
906 5495 952 5528 ⁸⁸
988 5495 1134 5553 Psal.
1166 5511 1360 5560 Lxxvt,
1401 5496 1485 5549 l9.
1562 5496 1606 5526 “
1644 5494 1834 5550 Matth.
1867 5512 1922 5561 ν,
1958 5495 2046 5551 Η.
2121 5496 2166 5528 ⁸⁸
2207 5494 2595 5565 Psal.'xxvm,
2630 5500 2683 5555 5.

274 5657 414 5732 (58)
465 5654 565 5710 Sic
595 5667 729 5708 mss.
760 5651 899 5708 Editi
927 5668 1077 5717 vero,
1107 5653 1401 5724 ἐφάνησαν.

271 5753 410 5828 (59)
457 5746 604 5819 Reg.
653 5745 922 5813 et’Felc.,
970 5746 1074 5800 Τοῦ
1122 5746 1278 5815 ἁγίου
1333 5745 1651 5802 Ἀθανασίου
1686 5748 1820 5821 πρὸς

1926 5746 2278 5819 ,πολλινάριον
2308 5745 2557 5815 διάλεξις.
