3982 6398
508 311 644 370 1251

1669 309 1728 366 ε.
1767 306 2232 364 ATHANASIUS.
2267 339 2336 350 ——
2374 308 2647 365 SPUMA.

3617 305 3743 361 1252

506 427 719 498 Corpus
755 425 890 482 illud
921 433 1109 481 eratne
1138 424 1459 490 animatum,
1493 438 1563 478 an
1585 423 1876 478 exanime?
1903 422 2079 490 Apoll.

2200 423 2423 494 ἱψυχονς
2497 425 2729 478 Ἆπολλ.
2797 421 3092 493 Ἐμψυχον.
3134 413 3146 422 ’
3175 421 3330 490 Ὀρθ.
3383 419 3578 492 Ψυχὴν
3630 422 3742 492 ἔχον

508 509 843 576 Aniinatnm.
870 517 1022 573 Orth.
1063 514 1266 584 Nempe
1292 513 1460 586 459
1487 513 1633 583 quod
1673 513 1854 566 anima
1883 513 2080 582 praadi-

509 617 624 665 tum
657 611 844 666 esset?
864 607 1040 678 Apoll.
1058 588 1432 676 Nequaquam.
1456 604 1610 660 Orllt.
1635 603 1920 670 Quomodo
1955 620 2082 660 vero

509 699 674 756 fuerit
700 700 1018 763 animatum,
1054 697 1198 766 quod
1238 711 1344 750 non
1369 695 1532 750 fuerit
1563 697 1748 750 anima
1766 696 2084 765 praeditum?

509 791 686 861 Apoll.
749 789 938 844 Divina
988 788 1323 842 animatione
1385 785 1489 841 fuit
1546 789 1868 842 animatum.
1920 786 2081 844 'Orllt.

511 882 799 936 Enimvero
821 895 888 933 an
924 889 979 933 tu
1013 895 1094 941 es,
1143 878 1255 934 Deo
1287 894 1396 933 non
1431 879 1848 943 interveniente,
1876 880 2086 934 anima-

511 973 633 1024 tus‘l
673 968 846 1037 Apoll.
885 965 1221 1023 Naturaliter
1267 984 1388 1024 sum
1422 969 1716 1022 animatus.
1751 967 1904 1024 Ortlt.
1944 965 2084 1022 Num

512 1061 718 1131 absque
743 1061 832 1116 Dei
855 1059 1132 1131 potentia?
1151 1059 1327 1130 Apoll.
1347 1060 1414 1114 At
1437 1075 1548 1116 non
1580 1061 1654 1114 ita
1681 1058 1964 1115 Dominus.
1981 1057 2085 1114 Hic

512 1153 658 1206 enim
682 1152 864 1205 anima
889 1151 1120 1207 rationis
1142 1151 1435 1221 particeps,
1469 1151 1684 1221 corpori
1713 1167 1777 1206 ex
1810 1149 1904 1205 Dei
1939 1165 2088 1205 man-

513 1241 642 1297 dato
677 1242 851 1306 unita,
901 1242 1175 1296 hominem
1231 1241 1545 1296 constituit.
1576 1241 1637 1294 ln
1692 1240 1924 1296 Domino
1959 1255 2088 1296 vero

513 1349 625 1388 non
665 1334 736 1387 ita
765 1339 870 1397 est,
911 1333 1004 1388 sed
1039 1331 1184 1386 Deus
1223 1329 1462 1386 Verbum
1495 1332 1648 1386 carni
1677 1332 1890 1386 unitum
1915 1331 2090 1386 homi-

514 1439 638 1480 nem
661 1425 946 1478 constituit
975 1422 1164 1477 Deum.
1191 1420 1344 1477 Ονιιι.
1380 1421 1621 1477 Haecine
1650 1430 1736 1478 est
1781 1422 1925 1491 quod
1952 1421 2090 1477 divi-

515 1531 642 1571 nam
672 1515 1061 1570 animationem
1088 1514 1289 1569 vocas?
1312 1514 1485 1584 Apoll.
1510 1512 1652 1568 Sane
1668 1513 1907 1584 quidem.
1929 1512 2084 1568 Orlh.

516 1605 756 1662 Verbum
778 1607 942 1674 igitur
959 1604 1123 1658 fuerit
1146 1605 1340 1658 animae
1363 1605 1498 1658 vice.
1525 1604 1700 1672 Apoll.
1719 1603 1911 1658 Etiam.
1935 1601 2088 1657 Orlh.

527 1699 794 1768 Quisnam
835 1699 998 1766 igitur
1027 1696 1199 1749 dixit:
1225 1715 1242 1746 ‹
1280 1695 1448 1750 Nemo
1471 1696 1608 1748 tollit
1651 1695 1886 1749 animam
1914 1707 2090 1747 meam

2179 515 2420 586 δηλονότι
2442 515 2718 579 ς’Δπολλ.
2740 512 2834 570 Oli.
2855 515 3009 582 Ὀρθ.
3047 512 3158 566 Καὶ
3182 511 3300 575 πῶς
3326 510 3571 582 ἔμψυχον
3593 511 3653 564 τὸ
3674 511 3742 583 μὴ

2181 605 2301 676 ἔχον
2333 607 2546 676 ψυχήνς
2611 606 2855 659 Ἀπολλ.
2908 605 3040 676 Θείᾳ
3075 600 3144 676 ἦν
3191 603 3433 676 ὲμψυχίᾳ
3481 602 3740 674 ψυχωθὲν.

2195 696 2348 762 Ὀρθ.
2409 697 2482 748 Σὺ
2540 695 2647 765 γὰρ
2692 693 2842 746 ἀθεεὶ
2886 692 3206 763 ὲψυχὼθης;
3249 693 3485 747 Ἀπολλ.
3509 691 3748 756 Φυσικῶς

2183 786 2488 859 ὲψυχώθην.
2548 787 2698 854 Ὀρθ.
2757 787 2917 838 ’Λνευ
2967 785 3069 854 τῆς
3119 785 3217 838 τοῦ
3254 784 3388 838 Θεοῦ
3439 784 3746 855 δυνάμεωςς

2197 879 2432 933 Ἆπολλ.
2476 877 2612 930 Ἀλλ’
2642 877 2739 947 οὐχ
2795 875 2966 940 οὕτως
3011 878 3039 930 ό
3077 876 3298 946 Κύριος.
3343 875 3612 930 Ἐνταῦθα
3649 877 3750 948 γὰρ

2185 970 2329 1040 ψυχὴ
2375 968 2584 1040 λογικὴ,
2637 967 2846 1039 σώματι
2889 968 3141 1039 ἡνωμένη
3182 969 3565 1040 προστάγματι
3599 967 3746 1031 Θεοῦ,

2185 1057 2471 1128 ἄνθρωπον
2513 1056 2780 1112 ἀποτελεῖ.
2845 1057 2965 1110 Ἐπὶ
2988 1057 3045 1110 δὲ
3072 1055 3166 1110 τοῦ
3195 1055 3399 1128 Κυρίου
3423 1057 3524 1127 οὐχ
3549 1055 3749 1120 οὕτως’

2186 1149 2323 1204 ἀλλὰ
2354 1149 2484 1214 Θεὸς
2513 1150 2685 1218 Λόγος
2705 1150 2866 1220 σαρκὶ
2881 1149 3100 1213 ἑνωθεὶς
3121 1149 3406 1220 ἄνθρωπον
3433 1149 3750 1203 ἀπετέλεσεν

2185 1241 2338 1296 Θεόν.
2363 1241 2516 1311 ὀρθ.
2541 1241 2711 1295 Τοῦτο
2720 1237 2812 1294 οὖν
2827 1241 2946 1310 λέγε
2955 1259 3002 1306 ις
3018 1240 3168 1294 θείαν
3183 1239 3486 1312 ἐμψυχίαη
3516 1238 3746 1296 Ἀπολλ.

2187 1334 2299 1388 Καὶ
2333 1335 2495 1388 πάνυ.
2538 1335 2691 1402 Ὀρθ.
2733 1334 2877 1387 ’Δντὶ
2895 1331 3071 1404 ψυχῆς
3101 1329 3244 1386 οῦνό
3272 1333 3476 1400 Λόγος;
3517 1333 3746 1386 Ἀπολλ.

2187 1427 2317 1480 Ναί.
2364 1427 2518 1494 Ὀρθ.
2567 1425 2662 1488 Τίς
2701 1420 2794 1478 οὖν
2851 1419 2918 1494 ἦν
2955 1426 2985 1477 ό
3010 1423 3184 1492 λέγων
3208 1423 3318 1494 (60)
3343 1443 3357 1454 ·
3389 1443 3408 1474 ι
3448 1424 3562 1495 Τὴν
3587 1426 3753 1494 ψυχήν

2193 1535 2294 1591 μου
2314 1519 2488 1582 οὐδεὶς
2515 1519 2659 1589 αἴρει
2683 1517 2778 1572 ἀπ’
2810 1515 2942 1586 ἐμοῦ
2967 1533 2982 1546 ο
3013 1517 3100 1568 ὅτε
3123 1515 3283 1578 θέλω,
3333 1515 3522 1587 τίθημι
3569 1518 3752 1588 αὐτὴν,

2192 1611 2285 1664 καὶ
2303 1610 2391 1662 ὅτε
2420 1609 2578 1672 θέλω,
2596 1609 2859 1680 λαμϐάνω
2889 1608 3057 1678 αὐτήν
3076 1624 3090 1638 ’
3137 1626 3156 1659 ι
3185 1607 3218 1678 ἡ
3249 1606 3404 1678 σὰρξ,
3440 1607 3473 1678 ἢ
3504 1609 3534 1660 ὁ
3571 1607 3752 1675 Λόγοςς

2205 1700 2448 1753 Ἀπολλ.
2512 1699 2571 1750 '0
2613 1699 2802 1765 Λόγος.
2845 1699 2998 1765 Ὄρθ.
3045 1695 3211 1749 Ποίαν
3241 1695 3424 1766 ἔλεγεν
3451 1695 3664 1766 ψυχήν;
3693 1697 3753 1766 ῆν

521 1809 552 1847 a
577 1808 686 1852 me.
709 1807 832 1846 cum
862 1793 984 1844 volo
1015 1806 1156 1860 pono
1181 1803 1324 1852 eam,
1354 1796 1407 1842 et
1438 1802 1562 1840 cum
1593 1787 1714 1840 volo
1751 1800 1908 1840 sumo
1941 1785 1985 1815 “
2018 1801 2032 1836 :
2063 1802 2083 1835 ι

2200 1783 2352 1859 εἶχεν,
2409 1787 2443 1858 ἦ
2502 1789 2567 1858 ἢν
2612 1789 2710 1841 οὐκ
2755 1783 2932 1858 εἷχεν;
2977 1788 3224 1842 Ἀπολλ.
3275 1787 3386 1856 Τὴν
3415 1785 3755 1857 ἀνθρωπίνην

521 1897 652 1938 caro
676 1899 742 1936 au
774 1879 1242 1947 Verbum?Apoll.
1277 1877 1533 1932 Verbum.
1558 1876 1712 1932 0rlh.
1742 1877 1914 1942 Quam
1951 1875 2088 1929 dixit

522 1974 798 2029 animam?
831 1988 991 2042 quam
1051 1973 1292 2033 haberet,
1344 1969 1428 2025 vel
1483 1984 1643 2038 quam
1685 1983 1792 2022 non
1830 1968 2091 2022 haberet?

435 2120 445 2137 λ
523 2063 700 2134 Apoll.
735 2061 915 2116 Vitam
939 2061 1228 2114 humanam
1265 2058 1610 2130 signiﬁcavit.
1645 2057 1798 2112 0rlh.
1817 2057 1883 2112 At
1903 2056 2092 2112 ﬁerine

521 2162 700 2226 potest
719 2161 777 2204 ut
809 2151 1052 2220 quaedam
1103 2151 1175 2204 sit
1209 2149 1444 2203 humana
1464 2151 1591 2214 vita,
1637 2149 1682 2205 si
1710 2164 1821 2204 non
1855 2147 2093 2203 adfuerit

523 2245 740 2300 anima?
783 2242 957 2313 Apoll.
989 2241 1240 2302 Maxime.
1281 2259 1299 2291 ι
1330 2239 1475 2306 Deus
1510 2241 1654 2296 enim
1685 2241 1741 2295 in
1765 2248 1911 2294 terra
1945 2240 2093 2295 visus

522 2345 628 2403 est,
658 2345 712 2391 et
739 2351 863 2390 cum
889 2333 1202 2388 [nominibus
1234 2339 1594 2388 conversatus
1621 2341 1708 2386 est
1731 2331 1796 2385 ".
1826 2348 1845 2381 ι

593 2449 646 2504 Ξ.
685 2447 835 2504 Orth.
875 2445 1159 2513 Quomodo
1191 2461 1317 2500 vero
1351 2447 1502 2500 visus
1535 2452 1620 2500 est
1655 2444 1712 2498 in
1757 2451 1974 2507 natura,
2010 2443 2097 2497 in-

526 2539 874 2610 aspectabilis
895 2553 1019 2593 cum
1049 2539 1120 2592 sit
1141 2538 1357 2606 ?Apoll.
1385 2537 1581 2592 Carne.
1603 2534 1755 2592 Orlh.
1790 2533 1944 2589 Sicut
1965 2549 2094 2604 ergo

531 2632 709 2687 carnis
723 2638 808 2686 est
830 2631 1185 2699 conspicuum
1221 2645 1343 2684 esse
1357 2647 1372 2693 ;
1405 2629 1478 2682 ita
1493 2636 1547 2682 et
1562 2629 1758 2682 anima:
1773 2633 1855 2682 est
1871 2641 2098 2681 conver-

529 2722 660 2776 sari.
685 2719 828 2776 Fieri
857 2736 983 2776 vero
1015 2735 1122 2774 non
1144 2729 1323 2790 potest
1349 2719 1520 2790 utqui
1545 2727 1740 2773 natura
1767 2727 1851 2774 est
1882 2718 2098 2786 inaspe-

527 2807 732 2874 etaliili,
759 2821 1035 2871 cernatur,
1065 2810 1168 2864 nisi
1217 2811 1432 2880 corpori
1481 2809 1700 2863 uniatur
1735 2805 1884 2877 quod
1926 2807 2098 2860 videri

528 2905 701 2975 possit
730 2923 743 2958 :
769 2912 824 2957 et
857 2902 972 2956 ﬁeri
1007 2917 1114 2956 non
1143 2910 1341 2971 potest,
1373 2909 1430 2956 ut
1461 2901 1554 2971 qui
1595 2907 1790 2952 natura
1821 2898 2098 2968 passionis

528 3009 724 3064 expers
748 3002 852 3054 est,
884 2993 1120 3062 patiatur
1147 3002 1200 3046 et
1235 3007 1342 3046 una
1373 3006 1498 3044 cum
1530 2990 1840 3044 hominibus
1869 3004 2100 3043 conver-

2187 1879 2372 1948 ἔλεγεν
2421 1877 2584 1950 ζωήν.
2631 1879 2783 1946 ‘0p0.
2811 1879 3042 1933 Δυνατὸν
3083 1877 3194 1948 γὰρ
3235 1878 3583 1950 ἀνθρωπίνην
3620 1879 3754 1950 ζωὴν

2189 1967 2352 2033 εἶναι,
2407 1968 2486 2040 μὴ
2531 1967 2812 2038 παρούσης
2858 1966 3070 2037 ψυχῆς
3134 1969 3370 2021 Ἀπολλ.
3438 1969 3551 2020 Καὶ
3599 1968 3751 2022 πάνυ.

2195 2081 2216 2115 ι
2253 2063 2311 2116 Ὁ
2337 2061 2446 2134 γὰρ
2473 2060 2603 2126 Θεὸς
2634 2061 2726 2114 ἐπὶ
2749 2061 2846 2132 τῆς
2863 2061 2966 2132 γῆς
2993 2059 3170 2132 ὤφθη,
3198 2062 3290 2115 καὶ
3319 2063 3380 2114 ἐν
3409 2064 3527 2126 τοῖς
3557 2061 3756 2135 ἀνθρώ-

2191 2171 2314 2219 ποις
2341 2155 2772 2226 συνανεστράφη.
2805 2171 2825 2205 ι

2263 2440 2320 2496 2.
2366 2440 2518 2508 Ὀρθ.
2575 2439 2752 2510 Ὠφθη
2801 2437 2860 2491 δὲ
2914 2440 2944 2490 ό
2993 2439 3060 2508 τῇ
3107 2437 3268 2506 φύσει
3316 2437 3555 2510 ἀόρατος
3612 2439 3753 2503 πῶς;

2208 2535 2453 2589 Ἀπολλ.
2515 2532 2704 2604 Σαρκί.
2765 2531 2918 2598 Ὀρθ.
2969 2531 3176 2602 Ὥσπερ
3241 2525 3337 2584 οὖν
3389 2531 3597 2604 σαρκός
3653 2533 3756 2586 ἐστι

2194 2627 2256 2679 τὸ
2299 2623 2604 2695 φαίνεσθαι,
2652 2621 2794 2676 οῦτω
2835 2608 2930 2677 καὶ
2979 2622 3158 2693 ψυχῆς
3207 2623 3752 2695 συναναστρέφεσθαι.

2209 2715 2489 2770 Ἀδύνατον
2540 2715 2597 2767 δὲ
2647 2713 2737 2767 τὸν
2765 2716 2832 2784 τῇ
2881 2711 3038 2782 φύσει
3093 2714 3324 2785 ἀόρατον
3369 2715 3655 2786 ὁραθῆναι,
3690 2715 3756 2784 μὴ

2197 2806 2461 2862 ἑνωθέντα
2493 2804 2702 2875 σώματι
2741 2805 2820 2876 τῷ
2859 2804 3138 2877 δυναμένῳ
3167 2806 3432 2878 ὁραθῆναι
3450 2823 3466 2838 ’
3513 2809 3610 2860 καὶ
3642 2806 3759 2861 ἁδύ·

2198 2915 2355 2953 νατον
2395 2898 2486 2950 τὸν
2519 2900 2584 2968 τῇ
2619 2895 2772 2966 φύσει
2808 2896 2990 2968 ἀπαθῆ
3031 2897 3223 2951 παθεῖν
3264 2899 3360 2951 καὶ
3395 2914 3759 2970 συναναστρα-

2200 2989 2362 3059 φῆναι
2391 2986 2713 3058 ἁνθρώποις,
2755 2987 2829 3058 μὴ
2868 2987 3131 3041 ἑνωθέντα
3161 2986 3375 3058 σώματι
3402 2989 3657 3060 ἐμψύχῳ,
3689 2987 3760 3058 τῷ

529 3095 702 3148 setur,
737 3086 842 3139 nisi
873 3087 945 3139 sit
978 3085 1194 3154 corpori
1226 3085 1466 3138 animato
1499 3083 1704 3144 unitus,
1735 3080 1878 3150 quod
1911 3091 2097 3149 sponte

2200 3077 2476 3150 δυναμένῳ
2506 3077 2694 3130 παθεῖν
2727 3077 2986 3140 ἑκουσίως
3017 3078 3112 3130 καὶ
3139 3079 3655 3148 συναναστραφῆναι
3677 3080 3761 3131 ἀνι

530 3177 642 3246 pati
662 3183 717 3230 et
747 3191 854 3228 una
885 3190 1008 3228 cum
1055 3175 1362 3228 hominibus
1395 3174 1602 3228 versari
1641 3173 1832 3240 possit.
1879 3173 2102 3226 Anima-

531 3273 646 3318 tum
673 3273 850 3318 autem
876 3279 1074 3334 corpus
1103 3280 1166 3318 eo
1199 3264 1316 3333 ipso
1335 3263 1476 3332 quod
1500 3263 1677 3316 anima
1703 3263 1774 3316 sit
1799 3263 2102 3330 praeditum,

530 3356 826 3409 animatum
845 3365 945 3416 est.
971 3355 1126 3420 velis,
1147 3355 1307 3408 nolis.
1335 3352 1505 3423 Apoll.
1534 3352 1703 3406 Homo
1735 3355 1898 3424 igitur
1927 3353 2103 3408 nudus

530 3461 728 3516 passus
756 3455 837 3500 est
868 3463 966 3516 pro
998 3448 1173 3502 nobis.
1215 3445 1368 3501 Ortla.
1413 3445 1570 3500 Absit
1606 3446 1620 3498 ι
1664 3444 1770 3499 Sed
1802 3445 1942 3499 Deus
1980 3460 2103 3498 cum

529 3537 692 3590 vellet
741 3537 1020 3606 conspici,
1059 3537 1234 3590 univit
1276 3535 1378 3590 sibi
1419 3550 1617 3604 corpus
1655 3534 1800 3604 quod
1857 3532 2104 3600 conspici

530 3634 714 3696 posset
747 3645 762 3682 :
793 3635 847 3682 et
870 3628 981 3697 pati
1025 3627 1213 3680 volens
1237 3665 1253 3690 ,
1289 3625 1460 3678 uniVit
1501 3625 1604 3679 sibi
1654 3641 1851 3694 corpus
1893 3625 2102 3677 anima-

531 3728 646 3774 tum
682 3720 828 3790 quod
869 3730 1066 3790 sponte
1105 3721 1213 3789 pati
1241 3726 1448 3789 posset,
1491 3733 1666 3787 neque
1708 3716 1854 3787 quod
1888 3715 2102 3785 quidem

531 3813 684 3871 prius
707 3811 999 3876 exstiterit,
1027 3821 1216 3880 postea
1259 3826 1389 3866 vero
1417 3812 1620 3864 virtute
1655 3811 1863 3862 unitum
1889 3810 2048 3861 fuerit
2087 3821 2102 3859 :

532 3917 711 3972 neque
735 3902 1056 3971 simpliciter
1093 3917 1158 3956 ex
1197 3902 1416 3956 homine
1445 3900 1644 3967 Maria,
1679 3899 1774 3954 sed
1811 3900 1926 3968 ipsa
1955 3899 2104 3968 prius

533 3993 892 4058 sanctiﬁcata,
929 4001 988 4046 ut
1013 3992 1154 4048 Deus
1183 3993 1422 4049 Verbum
1449 3993 1789 4062 desumptam
1816 4008 1882 4046 ex
1916 4005 1978 4046 ea
2002 3991 2107 4044 bu-

535 4085 869 4146 manitatem,
902 4092 1016 4137 tum
1043 4085 1260 4138 demum
1284 4085 1710 4156 participans,et
1743 4084 1844 4138 sibi
1881 4084 1980 4154 ipsi
2013 4098 2110 4153 per

534 4171 897 4225 mconomiam
929 4175 1126 4226 uniens
1146 4188 1346 4242 corpus
1374 4174 1691 4238 animatum,
1719 4188 1860 4227 unus
1888 4183 1940 4227 et
1967 4173 2108 4226 idem

535 4269 685 4316 esset
715 4261 857 4316 Deus
884 4271 938 4315 et
959 4263 1142 4316 homo.
1165 4263 1340 4333 Apoll.
1367 4264 1556 4319 Nonne
1578 4266 1880 4318 animatum
1910 4277 2108 4331 corpus

539 4351 704 4406 homo
733 4352 860 4405 est?
883 4350 1034 4406 Orlh.
1061 4351 1178 4406 Non
1211 4352 1443 4422 quodvis
1473 4355 1770 4407 animatum
1795 4367 1995 4421 corpus
2026 4359 2110 4406 est

2204 3170 2457 3242 θρώποις.
2500 3169 2664 3240 Σῶμα
2709 3169 2766 3220 δὲ
2812 3167 3069 3238 ἔμψυχον,
3121 3168 3298 3240 ψυχὴν
3336 3169 3481 3240 ἔχον,
3533 3170 3760 3241 ἔμψυχόν

2203 3263 2340 3325 ἐστι,
2373 3259 2476 3312 κᾶν
2505 3259 2685 3330 θέλῃς,
2719 3259 2820 3311 κᾶν
2853 3257 2927 3329 μὴ
2971 3256 3152 3329 θέλῃς.
3172 3259 3412 3335 Ἀπολλ.
3449 3260 3761 3330 Ἀνθρωπος

2203 3348 2296 3406 οῦν
2330 3350 2482 3420 ψιλὸς
2527 3350 2638 3420 (61)
2681 3348 2878 3402 ἔπαθεν
2929 3349 3068 3422 ὑπὲρ
3122 3348 3297 3420 ἡμῶν.
3350 3351 3506 3418 Ὀρθ.
3553 3351 3644 3422 Μὴ
3681 3351 3763 3419 γέ-

2205 3443 2379 3497 varro!
2419 3440 2578 3494 Ἀλλὰ
2597 3441 2748 3505 Θεὸς,
2778 3441 3056 3512 βουληθεὶς
3085 3441 3338 3511 ὀφθῆναι,
3360 3443 3574 3512 ἥνωσεν
3597 3442 3762 3512 ἐαυτῷ

2207 3533 2364 3602 σῶμα
2392 3533 2454 3586 τὸ
2491 3533 2781 3603 δυνάμενον
2810 3531 3036 3602 ὀφθῆναι
3055 3549 3070 3562 ⁶
3107 3531 3202 3586 καὶ
3230 3531 3514 3604 βουληθεὶς
3556 3532 3758 3596 παθεῖν,

2203 3625 2410 3694 ἥνωσεν
2459 3623 2633 3694 ἑαυτῷ
2679 3623 2836 3694 σῶμα
2871 3623 3111 3694 ἔμψυχον
3135 3623 3198 3676 τὸ
3235 3623 3537 3694 δυνάμενον
3583 3625 3762 3678 παθεῖν

2205 3715 2482 3779 ἑκουσίως,
2513 3715 2573 3768 οὐ
2613 3715 2872 3786 πρότερον
2897 3714 3164 3786 ὑπάρξαν,
3225 3717 3322 3768 καὶ¹
3351 3716 3474 3769 τότε
3501 3717 3625 3768 κατ’
3650 3717 3766 3785 ἀρε-

2204 3805 2303 3877 τὴν
2334 3806 2529 3859 ὲνωθέν
2549 3823 2562 3836 ο
2604 3805 2726 3860 οὔτε
2758 3807 2817 3872 ἐξ
2857 3805 3142 3878 ἀνθρώπου
3173 3807 3362 3870 ἁπλῶς
3392 3807 3493 3878 τῆς
3533 3807 3760 3879 Μαρίας.

2206 3896 2342 3950 ἀλλὰ
2373 3896 2632 3969 πρότερον
2665 3896 2834 3965 αὐτῆς
2877 3895 3250 3966 ἁγιασθείσης,
3292 3897 3388 3950 καὶ
3424 3895 3547 3948 τότε
3585 3895 3644 3960 ἐξ
3679 3894 3768 3948 αὖ·

2207 3989 2306 4057 τῆς
2328 3986 2685 4057 μετασχόντος
2714 3985 2807 4038 τοῦ
2830 3985 2966 4038 Θεοῦ
2994 3985 3167 4054 Λόγου
3199 3987 3297 4056 τῆς
3330 3985 3763 4058 ἁνθρωπότητος.

2209 4078 2301 4130 καὶ
2327 4075 2621 4140 ἐνώσαντος
2647 4076 2822 4148 ἑαυτῷ
2847 4077 2966 4131 κατ’
2989 4076 3297 4147 οἰκονομίαν
3327 4076 3571 4148 ἔμψυχον
3596 4077 3765 4147 σῶμα.

2208 4169 2284 4233 ὡς
2312 4165 2453 4222 εἶναι
2479 4170 2574 4224 ἕνα
2601 4170 2692 4224 τὸν
2720 4169 2880 4223 αὑτὸν
2905 4168 3035 4222 Θεὸν
3073 4169 3168 4222 καὶ
3197 4167 3509 4240 ἄνθρωπον.
3526 4170 3762 4224 Ἀπολλ.

2209 4266 2283 4321 Τὸ
2303 4263 2544 4336 ἔμψυχον
2571 4263 2725 4334 σῶμα
2753 4263 3036 4336 ἄνθρωπός
3059 4263 3241 4326 ὲστιν;
3275 4261 3432 4328 Ὀρθ.
3457 4263 3572 4332 υὺχ
3593 4261 3766 4322 ἁπλᾶς

2208 4361 2270 4414 τδ
2313 4359 2552 4430 ἔμψυχον
2595 4355 2751 4426 σῶμα
2788 4354 3069 4426 ἄνθρωπός
3100 4355 3268 4415 ἐστιν,
3300 4351 3438 4406 ἀλλά
3472 4353 3536 4406 τὸ
3571 4351 3767 4424 ἀνθρώ-

543 4444 725 4504 homo,
761 4442 857 4496 sed
905 4443 1198 4497 humanum
1237 4459 1435 4514 corpus
1477 4446 1772 4498 animatum
1810 4453 1895 4498 est
1925 4444 2097 4496 homo.

2211 4466 2363 4504 πινον
2397 4449 2554 4518 σῶμα
2583 4445 2820 4517 ἔμψυχον
2853 4443 3135 4514 ἄνθρωπός
3175 4445 3344 4497 ἐστιν.
3364 4447 3612 4499 Ἀπολλ.
3647 4445 3766 4496 ’Λν-

538 4531 710 4600 Apoll.
740 4531 912 4586 Homo
939 4534 1040 4588 iste
1057 4549 1237 4589 annon
1255 4533 1546 4590 estJesus?
1564 4533 1716 4590 Orlh.
1750 4533 1942 4589 Unitus
1971 4532 2106 4588 Ver-

538 4624 629 4676 bo.
663 4623 840 4692 Apoll.
875 4622 1035 4680 Jesus
1076 4625 1241 4696 igitur
1283 4641 1464 4680 annon
1491 4633 1576 4681 est
1607 4625 1810 4679 homo?
1837 4623 1986 4680 Orlh.
2027 4623 2106 4681 Ne

538 4713 811 4768 hominem
845 4715 1062 4784 quidem
1094 4717 1272 4786 ipsum
1321 4717 1528 4786 absque
1572 4714 1746 4770 Verbo
1793 4716 2106 4772 substitisse

539 4818 796 4874 agnosco.
827 4805 1002 4876 Ipsius
1035 4809 1182 4861 enim
1217 4807 1595 4863 exsistentiam
1629 4807 1681 4860 in
1713 4807 1830 4876 ipsa
1862 4807 2106 4862 unitione

539 4890 703 4948 Verbi
731 4895 976 4965 designo.
1003 4895 1178 4963 Apoll.
1228 4893 1345 4949 Non
1373 4896 1474 4949 fuit
1513 4895 1676 4964 igitur
1705 4893 1942 4949 Verbum
1989 4895 2107 4951 vice

539 4986 710 5054 partis
737 4987 1022 5042 rationalis
1055 4987 1078 5039 ?
1108 4987 1262 5042 Orlh.
1297 4985 1436 5052 Non,
1469 4987 1564 5040 sed
1597 4987 1648 5039 in
1678 4995 1829 5058 parte
1857 4986 2108 5040 rationali

539 5074 642 5130 fuit
677 5076 1052 5142 Verbum,sibi
1079 5079 1180 5148 ipsi
1221 5093 1316 5147 per
1339 5079 1483 5132 illam
1517 5079 1711 5133 unicus
1753 5086 2108 5148 spontaneam

540 5167 781 5236 patiendi
827 5167 1155 5222 facultatem.
1206 5167 1384 5236 Apoll.
1429 5167 1628 5222 Habuit
1665 5169 1830 5238 igitur
1873 5174 2106 5221 mentem

541 5257 778 5314 hominis
821 5257 1073 5314 Christus
1105 5260 1128 5312 ?
1169 5258 1321 5315 Orlh.
1359 5259 1502 5314 Cave
1535 5261 1616 5314 sic
1649 5261 1802 5316 dicas
1829 5260 2106 5315 Christum

612 5431 660 5463 “
693 5432 853 5489 Joan.
889 5450 954 5498 κ,
991 5433 1076 5489 18.
1149 5435 1193 5467 ⁸⁷
1233 5433 1442 5489 Barucb
1474 5451 1568 5500 ιιι,
1603 5435 1689 5490 '58.

616 5605 727 5678 (θθ)
766 5607 963 5680 Ρὲδιδῑοι
984 5607 1080 5674 Τίς
1103 5625 1197 5664 ουν
1222 5611 1251 5663 ό
1269 5609 1382 5678 λεγ.
1416 5610 1582 5665 Paulo
1607 5617 1730 5680 post
1764 5608 1930 5674 idem,
1961 5606 2104 5677 λαμ.

547 5676 732 5733 σάνειν
761 5677 952 5749 αὑτήν.

2206 4541 2422 4613 θρωπος
2454 4535 2606 4602 οὗτος
2649 4535 2853 4606 Ἰησοῦς
2879 4538 3058 4600 ὲστιν;
3103 4537 3256 4604 Ὀρθ.
3299 4536 3555 4598 Ἑνωθεὶς
3597 4535 3764 4604 Λόγῳ.

2217 4631 2464 4684 Ἀπολλ.
2515 4629 2628 4681 Οὐκ
2656 4627 2799 4680 ἐστιν
2845 4623 2936 4680 οῦν
2993 4625 3196 4696 Ἰησοῦς
3249 4625 3576 4698 ἅνθρωπος;
3624 4627 3766 4692 Ὄρθ.

2210 4722 2371 4773 Ἀνευ
2389 4719 2481 4772 τοῦ
2497 4719 2668 4786 Λόγου
2687 4715 2810 4770 οὔτε
2825 4716 3104 4788 ἄνθρωπον
3121 4715 3283 4770 αὑτὸν
3303 4713 3421 4770 οἶδα
3444 4717 3765 4771 ὑποστάντα.

2207 4805 2318 4874 Τὴν
2336 4805 2444 4875 γὰρ
2473 4801 2701 4872 ὕπαρξιν
2727 4801 2890 4855 αὐτοῦ
2919 4804 2974 4854 ὲν
3003 4803 3069 4873 τῇ
3100 4800 3289 4856 ὲνώσει
3319 4803 3415 4856 τοῦ
3439 4804 3614 4873 Λόγου
3641 4818 3769 4870 γνω-

2211 4895 2364 4966 ρίζω.
2381 4895 2625 4950 Ἀπολλ.
2645 4896 2758 4948 Οὐκ
2791 4890 2882 4948 οὖν
2907 4895 3026 4948 ἀντὶ
3053 4893 3146 4948 τοῦ
3174 4895 3395 4964 λογικοῦ
3420 4893 3490 4968 ἦν
3515 4901 3548 4952 ὁ
3573 4899 3764 4965 Λόγος;

2221 4987 2372 5054 Ὀρθ.
2407 4986 2512 5039 Οῦ·
2553 4985 2667 5039 ἀλλ’
2699 4988 2756 5038 ἐν
2797 4985 2874 5057 τῷ
2926 4985 3126 5057 λογικῷ
3153 4983 3221 5058 ἦν
3259 4988 3288 5039 ό
3332 4988 3528 5058 Λόγος,
3571 4989 3768 5048 ὲνὼσας
3833 4981 3836 4986 ’

2208 5078 2368 5140 αὐτὸς
2418 5077 2596 5148 ἐαυτῷ
2645 5077 2732 5131 διὰ
2777 5078 2871 5148 τοῦ
2924 5076 3140 5146 λογικοῦ
3189 5078 3250 5131 τὸ
3297 5079 3549 5133 ἑκούσιον
3586 5079 3762 5139 πάθος.

2219 5168 2463 5223 Ἀπολλ.
2489 5169 2633 5222 Νοῦν
2662 5169 2946 5239 ἀνθρώπου
2977 5167 3120 5240 εἶχεν
3141 5171 3454 5242 ὁΧριστό;;
3501 5173 3650 5240 Ὀρθ.
3681 5169 3766 5236 Μὴ

2207 5259 2352 5329 λέγε,
2382 5262 2411 5314 ὀ
2449 5262 2701 5332 Χριστὸς,
2731 5261 2972 5334 διαιρῶν,
3007 5262 3132 5316 νοῦν
3170 5259 3304 5334 εἶχε.
3335 5265 3412 5318 Τὸ
3437 5264 3548 5336 γὰρ
3577 5278 3768 5330 συναμ-

2283 5605 2395 5678 (61)
2432 5606 2599 5672 Ψιλός
2627 5607 2780 5665 deest
2805 5609 2858 5664 in
2881 5623 3011 5664 mss.
