3982 6398
222 312 356 367 1235

1192 316 1281 372 DE
1323 315 1596 372 SANCTA
1634 313 2014 369 TRINITATE
2053 314 2406 372 DIALOGUS
2442 316 2541 371 iV.

3334 313 3476 375 ηδε

219 436 460 500 φοτερον,
495 426 638 491 Νοῦς
667 427 760 483 καὶ
801 428 994 496 Λόγος,
1021 428 1235 500 λέγεται
1277 432 1306 484 ὁ
1346 430 1600 503 Χριστός.
1634 428 1791 483 υῦτω

1904 428 2161 484 habuisse
2192 438 2452 493 mentem,
2478 436 2539 482 ut
2560 442 2685 483 eum
2716 426 2950 485 dividas.
2988 426 3292 497 Utrumque
3327 430 3476 484 enim.

217 519 270 573 δὲ
307 518 433 571 νοῦν
469 517 805 589 ἀνθρώπινον
832 519 974 589 λέγω
1012 522 1070 574 ὲν
1093 515 1137 589 ᾧ
1164 518 1232 593 ἦν
1254 524 1283 576 ό
1313 522 1503 590 Λόγος,
1534 521 1608 585 ὡς
1633 522 1690 574 ἐν
1719 523 1787 591 τῇ

220 609 352 680 ἀρχῇ
371 607 468 661 τοῦ
502 607 661 676 λόγου
693 608 917 680 εἴπομεν
952 610 1112 681 σῶμα
1141 610 1477 682 ἀνθρώπινον
1508 613 1573 682 τῇ
1605 609 1786 679 φύσει,

219 704 279 773 τῇ
315 702 371 754 δὲ
401 701 681 773 οἰκονομίᾳ
707 700 863 754 Θεοῦ.
900 702 1058 756 Οὖτω
1085 704 1179 757 καὶ
1213 703 1390 775 ψυχὴν
1413 705 1480 774 τῇ
1513 701 1671 771 φύσει
1698 702 1793 754 ἀνά

221 793 495 865 θρωπίνην
525 792 658 865 (62),
694 796 759 865 τῇ
806 794 863 846 δὲ
908 796 1188 867 οἰκονομίᾳ
1215 794 1348 848 Θεοῦ
1368 813 1381 825 ·
1418 795 1514 848 καὶ
1539 793 1664 847 νοῦν
1698 794 1793 847 ἁν-

220 884 482 955 θρώπινον
510 888 574 956 τῇ
605 884 785 954 φύσει,
806 888 872 957 τῇ
898 885 954 938 δὲ
987 885 1266 957 οἰκονομίᾳ
1286 884 1442 940 Θεοῦ.
1465 884 1575 938 Kal
1600 882 1790 954 ὥσπερ

220 977 250 1047 ἡ
288 976 425 1047 σὰρξ
473 976 638 1030 αὐτοῦ
699 977 799 1030 οὐκ
849 973 955 1030 εἶδε
999 976 1314 1049 διαφθορὰν,
1371 974 1546 1039 οῦτως
1591 975 1712 1028 οὐδὲ
1763 978 1791 1030 6

219 1066 340 1130 νοῦς
380 1066 544 1120 αὑτοῦ
577 1068 830 1138 ἐποίησεν
867 1069 1157 1140 ἁμαρτίαν.
1202 1068 1313 1122 Καὶ
1353 1066 1541 1139 ὥσπερ
1576 1067 1792 1137 ἀνάγκη

219 1158 277 1210 τὸ
314 1161 380 1230 τῇ
417 1158 574 1228 φύσει
619 1158 954 1231 ἀνθρώπινον
1000 1158 1177 1229 σῶμα,
1215 1157 1311 1211 καὶ
1353 1159 1417 1210 ὲκ
1459 1156 1554 1211 τοῦ
1600 1156 1789 1227 Ἀδὰμ,

220 1250 283 1302 ὲκ
326 1249 527 1320 σαρκὸς
571 1250 664 1304 καὶ
703 1251 931 1321 αἵματος
964 1249 1103 1320 ἔχειν
1143 1250 1242 1321 τὴν
1277 1249 1565 1303 σύστασιν·
1618 1247 1794 1315 οὕτως

219 1340 430 1411 ἀνάγκη
459 1339 557 1411 τὴν
602 1339 947 1413 ἀνθρωπίνην
991 1340 1167 1412 ψυχὴν
1199 1341 1422 1412 λογικὴν
1468 1340 1627 1395 εἶναι.
1683 1341 1793 1394 Καὶ

221 1423 378 1486 πάλιν
411 1426 504 1484 οὖν
553 1430 715 1500 λέγω·
748 1432 959 1502 Ὥσπερ
994 1432 1056 1485 τὸ
1108 1432 1267 1502 σῶμα
1310 1432 1469 1502 ερύσει
1513 1433 1614 1503 μέν
1646 1435 1791 1488 ἐστιν

220 1523 575 1597 ἀνθρώπινον,
601 1528 666 1595 τῇ
702 1525 757 1578 δὲ
784 1525 972 1578 ἐνώσει
998 1528 1095 1597 τῆς
1123 1526 1635 1597 οἰκονομίας-θεῖκόν
1652 1545 1666 1557 θ
1696 1527 1791 1581 οῦ-

220 1636 325 1681 τως
355 1621 383 1671 6
420 1617 544 1683 νοῦς
574 1618 732 1689 φύσει
769 1619 866 1688 μὲν
899 1618 1255 1690 ἀνθρώπινος,
1282 1622 1348 1691 τῇ
1382 1619 1438 1672 δὲ
1476 1619 1663 1673 ὲνώσει
1690 1621 1790 1692 τῆς

219 1711 527 1781 οἰκονομίας
554 1709 689 1762 Θεοῦ
719 1711 863 1775 νοῦς.

1892 519 2056 573 simul
2088 528 2143 573 et
2178 519 2520 587 conjunctim
2565 517 2999 581 consideratum,
3042 517 3193 575 Mens
3224 516 3478 575 videlicet

1892 619 1947 664 et
1969 608 2450 676 Verbum,dicitur
2472 609 2748 665 Christus.
2784 607 2875 664 Sic
2911 620 3089 664 autem
3122 600 3356 664 mentem
3387 609 3477 664 cui

1892 699 2099 756 inesset
2127 700 2391 765 Verbum,
2415 703 2707 756 humanam
2745 702 2891 765 dico,
2916 710 2973 754 ut
3004 702 3161 757 initio
3207 702 3479 783 sermonis

1892 792 2134 848 diximus
2165 810 2368 865 corpus
2392 802 2586 847 natura
2619 794 2944 858 humanum,
2992 792 3085 847 Dei
3120 809 3247 849 vero
3276 809 3479 864 corpus

1893 884 2086 949 fuisse,
2117 886 2163 942 si
2197 887 2562 940 (nconomiam
2620 896 2853 956 spectes.
2897 885 2987 940 Sic
3018 888 3184 940 etiam
3237 886 3475 939 animam

1892 975 2018 1030 dico
2054 985 2249 1031 natura
2300 978 2619 1044 humanam,
2669 978 2763 1033 Dei
2795 994 2922 1034 vero
2962 980 3196 1032 animam
3239 978 3383 1049 quod
3410 977 3479 1033 ad

1894 1071 2256 1123 meonomiam
2289 1071 2483 1126 attinet
2515 1078 2609 1125 :et
2643 1079 2877 1126 mentem
2929 1082 3122 1125 natura
3162 1072 3480 1135 humanam,

1894 1157 1991 1214 Dei
2027 1177 2159 1216 vero
2188 1170 2425 1216 mentem
2463 1178 2557 1231 per
2590 1164 2973 1217 meonomiam.
3014 1162 3143 1218 Item
3170 1164 3313 1217 sicut
3351 1176 3486 1216 caro

1892 1252 2016 1322 ejus
2042 1268 2153 1307 non
2181 1254 2316 1309 vidit
2337 1255 2768 1325 corruptionem,
2789 1257 2861 1309 ita
2891 1271 3107 1326 quoque
3134 1270 3289 1309 mens
3312 1254 3488 1323 ipsius

1894 1361 2006 1400 non
2038 1347 2315 1401 commisit
2345 1358 2653 1417 peccatum.
2690 1347 2754 1401 Et
2797 1348 2946 1402 sicut
2980 1362 3211 1403 necesse
3244 1355 3331 1402 est
3360 1361 3485 1402 cor-

1893 1452 2018 1505 pus,
2044 1436 2190 1507 quod
2236 1437 2537 1491 humanum
2592 1437 2683 1504 sit,
2713 1446 2767 1491 et
2800 1453 2866 1492 ex
2895 1437 3105 1492 Adamo
3155 1436 3483 1514 profectum,

1892 1544 1961 1583 ex
1982 1543 2151 1585 carne
2182 1537 2237 1583 et
2280 1529 2550 1599 sanguine
2582 1529 2866 1592 constitui,
2893 1528 2968 1581 ita
3005 1545 3229 1584 necesse
3257 1536 3343 1585 est
3368 1527 3489 1581 ani-

1895 1635 2038 1674 mam
2083 1621 2379 1676 humanam
2443 1637 2566 1677 esse
2603 1623 3008 1678 rationabilem.
3048 1621 3288 1677 Rursum
3322 1622 3497 1692 igitur

1894 1718 2018 1773 dico
2051 1738 2064 1772 :
2107 1718 2261 1773 Sicut
2295 1734 2499 1790 corpus
2550 1727 2749 1774 natura
2800 1720 3019 1790 quidem
3051 1728 3138 1776 est
3164 1719 3488 1782 humanum,

222 1806 423 1860 unione
451 1821 581 1862 vero
620 1806 939 1862 mconomire
969 1807 1216 1862 divinum
1247 1824 1262 1862 :
1299 1808 1375 1862 ita
1431 1816 1486 1862 et
1532 1825 1687 1865 mens
1730 1822 1930 1869 natura
1963 1817 2185 1887 quidem
2246 1825 2331 1873 est
2392 1817 2670 1882 humana,
2705 1817 2908 1871 unione
2951 1831 3084 1870 vero
3148 1813 3492 1877 oeconomiae,

219 1912 377 1952 mens
398 1896 515 1971 Dei.

286 2014 340 2069 3.
389 2015 637 2069 Ἀπολλ.
697 2014 801 2067 Δύο
842 2030 936 2067 ουν
992 2012 1193 2067 τέλεια.
1251 2013 1407 2080 Ὀρθ.
1450 2011 1554 2066 Δύο
1600 2015 1795 2068 ούσιῶν

1965 2017 2021 2072 5.
2053 2017 2232 2086 Apoll.
2257 2018 2372 2073 Duo
2401 2025 2528 2072 sunt
2547 2017 2716 2089 igitur
2730 2017 2993 2087 perfecta.
3016 2017 3171 2073 Orth.
3204 2019 3321 2075 lmo
3348 2022 3492 2078 dua-

215 2104 437 2157 τελείων
458 2104 673 2168 ἓνωσις.
718 2105 964 2159 Ἀπολλ.
1014 2103 1118 2157 Δύο
1146 2102 1365 2159 τελείων
1405 2103 1463 2157 ἓν
1489 2104 1693 2159 τέλειον
1735 2107 1796 2161 οὐ

215 2196 448 2266 γίνεται.
493 2196 649 2263 Ὀρθ.
698 2195 833 2267 Παρ’
885 2193 1195 2267 ἀνθρώποις
1247 2195 1378 2259 ῐσως
1407 2195 1667 2249 ἀδύνατον
1705 2213 1799 2266 γε·

213 2287 430 2349 ,νὲσθαι,
469 2287 617 2357 παρά
645 2285 702 2339 δὲ
742 2285 862 2357 Θεῷ
898 2286 1143 2340 δυνατόν.
1163 2287 1412 2341 Ἀπολλ.
1451 2287 1613 2355 Πῶς;
1643 2289 1799 2357 Ὀρθ.

226 2375 319 2442 Ὦς
345 2378 407 2431 τὸ
435 2378 708 2449 Παρθένον
750 2378 1029 2448 γεννῆσαι,
1074 2377 1150 2441 ῶς
1181 2377 1243 2432 τὸ
1275 2376 1454 2449 θυρῶν
1482 2378 1804 2449 κεκλεισμέ-

212 2490 325 2527 νων
379 2471 538 2541 σῶμα
596 2472 914 2542 παχυμερὲς
969 2469 1267 2535 εἰσελθεῖν,
1321 2470 1386 2523 ὲκ
1446 2469 1664 2541 σαρκῶν
1707 2472 1803 2526 καὶ

210 2564 421 2618 ὀστέων
444 2562 752 2634 συμπαγὲν,
783 2563 859 2626 ὡς
890 2562 951 2615 τὸ
975 2562 1348 2634 περιπατῆσαι
1381 2563 1472 2615 ἐπὶ
1505 2562 1799 2634 θαλάσσης.

227 2657 319 2721 Ὦς
350 2656 461 2729 γὰρ
484 2656 657 2710 ταῦτα
675 2656 874 2710 δυνατά
921 2656 1073 2727 παρὰ
1101 2651 1240 2727 Θεῷ,
1270 2658 1512 2710 κάκεῖνο.
1551 2657 1799 2715 Ἀπολλ.

219 2750 545 2821 Ἄνθρωπον
569 2745 660 2803 οὖν
703 2750 989 2820 ἐγέννησεν
1021 2749 1241 2821 Μαρία;
1283 2750 1436 2817 Ὀρθ.
1468 2749 1635 2802 Ψιλὸν
1663 2747 1800 2818 (65),

210 2842 298 2896 οὗ·
330 2842 467 2896 ἀλλά
503 2841 633 2894 Θεὸν
681 2841 1196 2913 ὲνανθρωπήσαντα.
1228 2841 1449 2913 Πρῶτον
1479 2840 1588 2912 γὰρ
1622 2842 1650 2893 6
1688 2839 1802 2893 Κύ-

216 2951 335 3006 ριος
362 2936 482 3005 μετ’
508 2933 678 3004 αὐτῆς
707 2932 922 2997 θεῖκῶς,
956 2934 1050 2986 καὶ
1076 2933 1198 2985 τότε
1237 2934 1297 2997 ἐξ
1330 2932 1501 3003 αὐτῆς
1530 2934 1803 3003 οἰκονομι-

215 3028 330 3089 κῶς
381 3025 626 3080 παιδίονο
672 3026 755 3078 διὸ
800 3026 894 3079 καὶ
939 3025 1198 3088 Θεοτόκος
1230 3028 1263 3097 ή
1299 3025 1509 3097 Μαρία.
1552 3028 1800 3079 Ἀπολλ.

217 3120 549 3191 Ἀνθρωπος
573 3114 665 3172 οῦν
684 3118 1004 3192 ἐσταυρώθη
1033 3119 1172 3189 ὑπὲρ
1195 3117 1385 3188 ἡμῶνς
1424 3119 1578 3184 Ὀρθ.
1601 3116 1800 3179 Ψιλδς,

210 3209 274 3263 οῦ
295 3225 316 3243 ⁶
371 3209 511 3262 ἀλλὰ
537 3208 669 3272 Θεὸς
696 3207 770 3261 ὣν
806 3210 835 3261 6
865 3207 958 3261 τοῦ
990 3207 1124 3261 Θεοῦ
1160 3208 1305 3271 Υἱὸς,
1338 3206 1617 3277 βουληθεὶς
1643 3223 1805 3259 σταυ-

202 3302 465 3375 ρωθῆναι
493 3302 633 3373 ὑπὲρ
657 3301 831 3373 ἡμῶν,
853 3301 1062 3372 ἥνωσεν
1084 3299 1260 3371 ἐαυτῷ
1283 3300 1441 3371 σῶμα
1467 3299 1706 3370 ἔμψυχον
1722 3298 1803 3352 λο-

1902 2123 2025 2164 rum
2061 2109 2427 2178 perlectarum
2459 2112 2895 2166 substantiarum
2930 2112 3125 2167 unitio.
3174 2114 3349 2182 Apoll.
3413 2115 3492 2171 Ex

1900 2199 2116 2255 duobus
2168 2199 2427 2269 perlectis
2479 2215 2645 2254 unum
2708 2200 3008 2270 perfectum
3065 2217 3174 2256 non
3236 2203 3487 2258 eﬂicitur.

1905 2285 2059 2341 Orth.
2112 2286 2270 2357 Apud
2310 2287 2559 2343 homines
2600 2287 3043 2359 Mfortassis
3097 2290 3153 2343 id
3207 2290 3324 2346 ﬁeri
3380 2308 3491 2348 non

1900 2386 2101 2449 potest,
2141 2378 2234 2436 sed
2271 2379 2415 2450 apud
2445 2379 2614 2435 Deum
2651 2381 2768 2435 lieri
2808 2389 3008 2451 potest.
3045 2382 3223 2451 Apoll.
3251 2384 3493 2449 Quomo-

1902 2474 1973 2528 do
2000 2474 2024 2527 ‘I
2049 2471 2201 2528 Orth.
2237 2471 2309 2527 Ut
2353 2474 2497 2543 quod
2534 2473 2701 2545 Virgo
2741 2476 3010 2546 genuerit,
3046 2487 3106 2531 ut
3139 2477 3282 2547 quod
3303 2478 3493 2547 januis

1903 2565 2109 2620 clausis
2151 2579 2351 2636 corpus
2388 2566 2647 2629 solidum,
2693 2573 2747 2620 ct
2777 2582 2843 2620 ex
2883 2568 3144 2622 carnibus
3172 2576 3225 2622 et
3270 2571 3491 2626 ossibus

1902 2664 2271 2727 compactum,
2305 2657 2600 2721 introierit,
2635 2665 2694 2710 ut
2742 2657 2890 2728 quod
2922 2674 3089 2728 supra
3117 2675 3269 2715 mare
3300 2663 3495 2718 ambu-

1901 2749 2047 2804 lat-it.
2080 2747 2216 2803 Nam
2249 2757 2309 2803 ut
2338 2750 2452 2804 haec
2494 2750 2775 2820 possibilia
2808 2750 2952 2820 apud
2999 2751 3188 2816 Deum,
3222 2755 3297 2807 ita
3338 2761 3394 2809 et
3422 2755 3493 2809 ii-

1901 2842 2017 2896 lud.
2063 2841 2243 2911 Apoll.
2283 2839 2566 2896 Hominem
2619 2841 2787 2912 igitur
2839 2843 3027 2913 genuit
3069 2842 3239 2898 Maria
3274 2846 3298 2898 ?
3335 2844 3491 2902 Orth.

1901 2934 2117 2989 Nudum
2135 2942 2190 2988 et
2204 2934 2469 2988 duntaxat
2488 2934 2782 2999 hominem,
2802 2950 3167 3005 nequaquam,
3189 2937 3282 2992 sed
3303 2936 3494 3002 Deum,

1904 3026 2177 3081 hominem
2227 3024 2451 3080 factum.
2476 3023 2717 3084 Brimum
2753 3019 2899 3080 enim
2938 3026 3203 3082 Dominus
3238 3028 3338 3082 I'uit
3366 3044 3492 3083 eum

1903 3133 1967 3174 ea
1990 3117 2194 3183 divine,
2225 3125 2280 3173 et
2319 3124 2434 3170 tum
2481 3116 2701 3172 demum
2739 3118 3042 3175 infantulus
3065 3136 3132 3174 ex
3173 3136 3237 3175 ea
3271 3135 3497 3176 oecono-

1905 3212 2043 3266 mice
2084 3227 2097 3262 :
2129 3212 2485 3281 quamobrem
2514 3212 2676 3266 etiam
2715 3211 2944 3283 Deipara
2980 3220 3066 3267 est
3097 3211 3285 3267 Maria.
3316 3213 3498 3283 Apoll.

1905 3302 2081 3358 Homo
2111 3303 2279 3373 igitur
2308 3305 2605 3360 cruciﬁxus
2633 3311 2718 3360 est
2760 3320 2858 3375 pro
2888 3306 3050 3360 nobis
3078 3306 3101 3359 ?
3127 3304 3280 3360 Ortli.
3306 3307 3497 3364 Nudus

209 3396 399 3465 γικδν,
438 3395 498 3448 τὸ
524 3394 821 3465 δυνάμενον
860 3392 1237 3463 σταυρωθῆναι
1267 3391 1404 3464 μετά
1429 3392 1676 3446 ἑκουσίου
1700 3391 1802 3444 πά-

1905 3391 2172 3446 duntaxat
2230 3392 2412 3456 homo,
2460 3408 2851 3464 nequaquam:
2900 3395 2997 3450 sed
3046 3394 3135 3449 Dei
3171 3395 3342 3451 Filius
3369 3412 3497 3452 cum

209 3487 369 3551 θους.
390 3488 642 3542 Ἀπολλ.
672 3485 772 3539 Διὰ
797 3486 849 3538 τί
877 3486 1076 3552 λέγεις,
1122 3484 1506 3557 σταυρωθῆναι
1542 3485 1680 3556 μετὰ
1703 3484 1807 3538 πά-

209 3577 380 3645 θονς;
422 3578 584 3631 ’Ἄλλο
616 3578 734 3630 ἐστὶ
768 3577 1071 3649 σταύρωσις
1118 3577 1255 3649 (64),
1283 3578 1378 3631 καὶ
1427 3578 1554 3632 ἀλλο
1598 3578 1803 3645 πάθο;;

217 3672 387 3740 Ὀρθ.
406 3670 686 3723 Ἐκούσιον
714 3670 808 3722 καὶ
836 3669 1000 3724 πάνυ.
1019 3669 1265 3724 Ἀπολλ.
1299 3668 1458 3735 Πῶςς
1503 3670 1656 3738 Ὀρθ.
1682 3670 1806 3724 ’Ότι

200 3763 383 3834 σῶμα
406 3761 650 3832 ἔμψυχον
679 3762 1055 3833 σταυρωθῆναι
1076 3760 1318 3826 δύναται,
1346 3761 1535 3815 παθεῖν
1564 3762 1622 3814 δὲ
1652 3764 1809 3816 ἐκου-

197 3855 349 3919 σίως
386 3855 453 3907 σύ
483 3854 727 3920 δύναται,
780 3853 853 3924 μὴ
882 3853 940 3907 ὃν
977 3853 1218 3924 ἔμψυχον
1246 3854 1483 3921 λογικόν.
1513 3855 1624 3908 Καὶ
1651 3854 1810 3909 τοῦτό

202 3948 329 4002 ἐστι
377 3947 447 4002 τὸ
471 3945 730 4017 ἀσέϐημα
760 3946 868 3999 τῶν
898 3946 1184 4015 λέγοντων,
1213 3947 1296 3999 ὅτι
1317 3946 1493 4016 ψυχὴν
1522 3947 1621 4000 οὐκ
1640 3945 1805 4017 εἶχεν.

199 4042 317 4096 Τοῦ
348 4041 470 4111 γὰρ
497 4038 750 4110 σώματος
783 4037 858 4110 μὴ
894 4038 1192 4108 δυναμένου
1213 4036 1536 4108 αίσθηθῆναι
1563 4038 1808 4091 ἑκουσίου

200 4132 435 4194 πάθους
484 4131 614 4184 ἄνευ
662 4127 860 4198 ψυχῆς,
885 4128 1098 4198 ἀνάγκη
1146 4126 1239 4180 τὸν
1272 4127 1443 4195 Λόγον
1474 4128 1594 4180 ἀντὶ
1634 4128 1811 4199 ψυχῆς

198 4223 344 4278 ὄντα
402 4222 601 4276 παθεῖν
625 4260 642 4287 ,
669 4220 723 4291 ἢ
778 4220 899 4291 μηδ’
951 4219 1088 4282 ὅλως
1132 4212 1273 4271 εἶναι
1316 4217 1565 4289 αἴσθησιν
1608 4220 1812 4282 πάθους

196 4315 498 4371 ἑκουσίου.
566 4324 567 4327 ‘

1904 3480 2047 3536 Deus
2101 3489 2284 3546 esset,
2332 3483 2601 3552 velletque
2652 3481 2898 3552 cruciﬁgi
2947 3498 3047 3553 pro
3091 3483 3287 3543 nobis,
3323 3486 3497 3538 univit

1904 3573 2007 3629 sibi
2038 3572 2138 3642 ipsi
2167 3588 2371 3642 corpus
2403 3573 2704 3627 animatum
2751 3574 2983 3626 rationis
3016 3575 3322 3644 particeps,
3349 3576 3496 3644 quod

1903 3674 2087 3737 posset
2121 3666 2366 3735 cruciligi
2402 3682 2525 3719 cum
2556 3666 2862 3719 voluntaria
2890 3667 3157 3734 passione.
3188 3666 3364 3734 Apoll.
3385 3667 3498 3721 Cur

1903 3756 2043 3811 dicis
2082 3755 2404 3809 cruciﬁxum
2450 3754 2621 3810 fuisse
2655 3770 2779 3809 eum
2828 3757 3082 3825 passione
3119 3756 3306 3811 ?Num
3346 3759 3497 3813 aliud

1904 3857 1988 3904 est
2036 3847 2349 3911 cruciﬁxio,
2386 3865 2548 3917 quam
2606 3849 2791 3919 passio
2826 3848 2850 3901 ?
2894 3847 3047 3902 Orth.
3089 3848 3233 3903 Sane
3286 3865 3412 3904 vero
3449 3852 3499 3906 si

1907 3939 2215 3994 voluntaria
2263 3939 2354 3994 sit.
2403 3938 2580 4008 Apoll.
2635 3938 2972 4004 Quomodo?
3012 3937 3166 3995 Orth.
3226 3938 3498 4005 Quoniam

1907 4049 2110 4103 corpus
2142 4032 2441 4086 animatum
2476 4039 2652 4101 potest
2674 4032 2940 4101 crucitigi,
2972 4030 3281 4086 voluntarie
3317 4037 3497 4085 autem

1909 4128 2019 4197 pati
2044 4142 2153 4180 non
2195 4133 2370 4194 potest
2427 4141 2627 4195 corpus
2667 4125 2812 4194 quod
2850 4140 2959 4178 non
2995 4123 3160 4178 fuerit
3196 4122 3499 4177 animatum

1913 4220 2076 4275 simul
2102 4228 2154 4274 et
2190 4218 2420 4273 rationis
2448 4218 2745 4288 particeps.
2780 4216 2841 4270 Et
2874 4218 2989 4272 haec
3014 4216 3105 4270 illa
3137 4223 3221 4271 est
3246 4215 3502 4285 impietas

1915 4326 2103 4365 eorum
2142 4311 2234 4380 qui
2263 4310 2541 4365 Christum
2573 4319 2770 4379 negant
2801 4308 2982 4362 anima
3002 4307 3288 4377 prmditum
3308 4306 3500 4364 fuisse.

194 4406 351 4462 Cum
384 4406 544 4461 enim
604 4416 807 4471 corpus
842 4400 1047 4468 absque
1102 4400 1284 4455 anima
1318 4417 1426 4454 non
1471 4400 1711 4470 potuerit
1772 4401 2138 4455 voluntariam
2174 4400 2485 4468 passionem
2524 4401 2762 4461 sentire,
2831 4415 3055 4454 necesse
3116 4407 3202 4454 est
3238 4396 3498 4453 Verbum.

191 4498 362 4571 quod
417 4496 625 4551 animae
656 4494 779 4547 loco
813 4491 996 4556 fuerit,
1043 4505 1263 4561 passum
1305 4506 1426 4547 esse
1471 4500 1564 4545 aut
1605 4492 1814 4546 nullum
1855 4507 2084 4563 prorsus
2132 4491 2304 4548 fuisse
2336 4492 2656 4546 voluntaria:
2687 4491 2962 4561 passionis
2996 4505 3238 4545 sensum.

266 4636 332 4691 4.
398 4633 661 4688 Ἀπολλ.
714 4627 829 4680 Οῦκ
886 4625 1086 4680 ἔπαθεν
1108 4622 1201 4680 οῦν
1229 4630 1258 4681 6
1280 4628 1489 4697 Αόγοςς
1529 4628 1682 4696 Ὀρθ,
1704 4629 1802 4681 (pg-

1979 4627 2033 4682 4.
2060 4626 2234 4694 Apoll.
2264 4624 2404 4696 Ergo
2422 4641 2531 4679 non
2553 4640 2774 4694 passum
2818 4622 2983 4677 fuerit
3024 4621 3257 4676 Verbum
3290 4622 3313 4673 ί
3344 4620 3497 4676 Orth.

192 4724 387 4788 σικῶς
442 4722 524 4793 μὴ
578 4717 818 4787 γένοιτοί
862 4717 1107 4771 Ἀπολλ.
1139 4717 1315 4781 Ὂλως
1369 4718 1589 4772 ἔπαθεν.
1657 4712 1808 4786 ’θρα

200 4819 483 4879 Ἕνώσας
519 4812 701 4883 ἐαυτῷ
735 4812 890 4883 σῶμα
913 4811 974 4864 τὸ
997 4810 1293 4881 δυνάμενον
1323 4811 1511 4864 παθεῖν
1531 4830 1543 4843 ·
1573 4811 1649 4874 ὡς
1674 4807 1814 4863 εἶναι

186 4912 256 4966 τὸ
287 4910 490 4971 πάθος
516 4905 619 4976 τῆς
662 4904 992 4973 οἰκονομίας,
1041 4904 1137 4956 καὶ
1171 4902 1293 4973 οὐχὶ
1329 4903 1427 4971 τῆς
1467 4902 1681 4973 φύσεως
1718 4902 1813 4955 τοῦ

185 5004 415 5072 Λόγου.
466 4999 560 5059 Ὧς
592 4996 701 5067 γὰρ
728 4996 1018 5047 ἐκοπίασεν
1041 4995 1106 5047 ὲκ
1140 4994 1240 5064 τῆς
1274 4995 1599 5067 ὁδοιπορίας,
1629 4995 1689 5047 οὺ
1716 4994 1816 5064 φά-

187 5111 282 5147 σει
314 5092 623 5161 θεότητος,
648 5086 763 5140 ἀλλ’
792 5085 1035 5149 ὲνώσεως
1059 5087 1371 5158 οἰκονομίᾳο
1399 5087 1572 5151 οὕτως
1597 5086 1815 5152 ἔπαθεν,

182 5188 252 5241 οὐ
287 5185 481 5256 φύσει
519 5180 795 5249 θεότητος,
844 5176 956 5230 ἀλλ’
1006 5175 1251 5241 ἐνώσεως
1299 5178 1604 5250 οἰκονομίᾳ.
1655 5178 1718 5230 El
1764 5177 1820 5231 δὲ

187 5280 297 5353 μὴ,
339 5280 373 5331 6
417 5273 675 5342 ποιήσας
702 5269 792 5325 τὸν
823 5268 1047 5341 οὐρανὸν
1081 5269 1172 5322 καὶ
1204 5270 1303 5343 τὴν
1335 5271 1437 5341 γῆν
1464 5271 1592 5325 ἄνευ
1628 5270 1818 5335 κόπου,

181 5375 291 5427 καὶ
338 5364 760 5440 περιπατήσας
801 5362 940 5431 ὑπὲρ
988 5360 1274 5429 πτερύγων
1321 5363 1560 5432 ἀνέμων,
1604 5362 1724 5425 πῶς
1755 5361 1820 5415 ἂν

180 5463 550 5521 ἐκοπίασεν,
576 5457 625 5509 εἰ
674 5455 748 5525 μὴ
777 5455 985 5525 ἥνωσεν
1018 5454 1194 5525 ἐαυτῷ
1217 5455 1279 5509 τὸ
1306 5455 1601 5525 δυνάμενον
1630 5454 1819 5508 κοπιά-

180 5579 285 5617 σαι
305 5575 324 5623 ;
349 5554 555 5623 Σῶμα
576 5547 635 5601 δὲ
655 5547 857 5619 ἄψυχον
875 5548 935 5601 οὐ
959 5548 1144 5618 κοπιᾷ,
1163 5548 1284 5601 οὐδὲ
1305 5545 1474 5617 νήθει.
1496 5548 1606 5600 Καὶ
1629 5547 1817 5619 ὥσπερ

260 5712 393 5785 (62)
444 5706 664 5770 Paiat.,
694 5704 1058 5831 ἀνθρωπίνην,
1096 5703 1189 5755 καὶ
1223 5701 1348 5757 νοῦν
1377 5699 1625 5774 ἀνθρώπ.

260 5786 397 5831 (63)
448 5779 667 5831 Palat..
688 5776 795 5829 Ψιλ
826 5794 853 5830 ν
882 5774 1184 5831 ἄνθρωπον.

253 5774 397 5859 (65)
448 5779 667 5843 PalaL,
688 5774 853 5831 Ψιλὸν
882 5774 1184 5837 ἄνθρωπον.

1916 4719 2094 4780 Absit,
2131 4726 2188 4773 ut
2221 4718 2541 4772 naturaliter
2567 4731 2787 4784 passum
2814 4713 2977 4767 fuerit
3011 4715 3024 4767 ί
3056 4711 3232 4779 Apoll.
3267 4711 3502 4765 Omnino

1918 4822 2098 4866 tamen
2130 4826 2351 4881 passum
2394 4817 2498 4864 est.
2533 4807 2685 4863 Orth.
2713 4806 2914 4875 Nempe
2945 4806 3098 4859 unito
3134 4804 3235 4858 sibi
3272 4817 3502 4870 corpore

1919 4903 2065 4974 quod
2103 4904 2213 4973 pati
2272 4909 2458 4971 posset
2498 4920 2510 4954 :
2545 4907 2605 4953 ut
2663 4900 2847 4968 passio
2892 4899 2963 4952 sit
3009 4896 3360 4959 meonomiae,
3390 4911 3500 4949 non

1920 5005 2102 5049 autem
2138 4995 2312 5064 ipsius
2344 5004 2554 5047 natura:
2592 4993 2778 5048 Verbi.
2809 4990 2964 5046 Sicut
3002 4990 3145 5042 enim
3186 4988 3368 5042 lassus
3402 4984 3503 5041 fuit

1917 5088 1983 5142 de
2011 5088 2114 5151 via,
2144 5102 2251 5141 non
2301 5087 2353 5140 in
2404 5088 2521 5156 ipsa
2572 5087 2793 5141 deitatis
2839 5093 3054 5144 natura,
3104 5080 3198 5135 sed
3235 5080 3504 5135 unitionis

1919 5180 2225 5234 meonomia
2258 5196 2270 5232 :
2306 5181 2380 5234 ita
2419 5194 2615 5249 passus
2644 5189 2750 5245 est,
2782 5193 2889 5231 non
2922 5176 2974 5229 in
3011 5175 3128 5244 ipsa
3160 5173 3382 5228 deitatis
3406 5189 3503 5225 na-

1918 5278 2062 5337 tura,
2092 5272 2185 5327 sed
2219 5272 2483 5327 unitionis
2508 5271 2834 5326 mconomia.
2855 5267 3093 5336 Alioqui,
3114 5266 3389 5335 quomodo
3408 5265 3501 5333 qui

1920 5366 2128 5436 absque
2160 5364 2346 5420 labore
2381 5362 2507 5419 fecit
2553 5365 2752 5419 caelum
2788 5372 2842 5417 et
2888 5370 3112 5424 terram,
3161 5368 3215 5412 et
3259 5356 3504 5411 ambulat

1926 5472 2089 5528 super
2123 5472 2333 5528 pennas
2364 5467 2670 5521 ventorum,
2705 5453 2955 5510 defessus
3000 5448 3226 5512 fuisset,
3256 5447 3363 5502 nisi
3398 5445 3503 5503 sibi

1924 5547 2027 5618 ipsi
2069 5547 2334 5602 univisset
2376 5546 2521 5617 quod
2564 5544 2781 5618 fatigari
2822 5539 3054 5615 posset?
3081 5538 3348 5594 Caeterum
3379 5548 3504 5593 car-

1992 5702 2102 5774 (66)
2143 5700 2272 5758 Mss.
2285 5743 2300 5771 ,
2334 5700 2585 5773 σταυρός.
