3982 6398
537 280 682 340 1233

1665 282 1725 341 S.
1764 282 2227 341 ATHANASIUS.
2268 311 2342 327 —
2374 282 2647 342 SPURIA.

3657 285 3778 344 1236

534 414 642 471 pus
669 414 777 454 non
800 398 1101 457 animatum
1136 415 1313 470 neque
1343 399 1577 466 laborat,
1609 416 1788 472 neque
1820 412 1932 459 net.
1963 402 2103 459 Sicul

2219 400 2383 456 αὐτοῦ
2415 400 2576 473 σῶμά
2613 400 2783 469 ἐστιν,
2811 400 2841 453 6
2866 401 3075 473 ἥνωσεν
3109 399 3288 473 ἑαυτῷ
3317 399 3563 471 ἔμψυχον
3612 399 3778 469 σῶμα,

536 501 719 551 autem
748 511 945 566 corpus
996 495 1127 550 illud
1181 497 1480 552 animatum
1502 538 1518 563 ,
1554 501 1698 569 quod
1727 498 1967 556 Verbum
2011 502 2119 558 sibi

534 589 732 652 univit,
751 597 834 643 est
855 588 1028 660 ipsius
1048 603 1248 659 corpus
1270 605 1381 643 non
1410 600 1629 656 natura,
1656 591 1751 648 sed
1775 594 2114 662 mconomia;

534 679 609 735 ita
638 679 791 733 labor
810 687 895 735 est
925 679 1095 750 ipsius
1126 680 1295 745 labor,
1329 698 1436 736 non
1467 694 1685 748 natura,
1718 684 1814 739 sed
1849 686 2112 742 unitionis

534 772 838 829 aconomia
861 787 875 824 :
895 779 948 827 et
978 773 1164 842 passio
1213 784 1299 830 est
1327 775 1500 845 ipsius
1524 778 1730 847 passio,
1749 795 1860 834 non
1883 787 2078 835 natura
2099 820 2115 846 ,

531 871 730 918 natura
758 864 902 919 enim
954 862 1117 919 Verbi
1158 866 1432 936 passionis
1462 884 1680 939 expers,
1726 872 1821 927 sed
1857 873 2118 929 unitionis

531 956 860 1009 mconomia.
881 954 1014 1009 Nam
1044 964 1099 1011 et
1131 965 1189 1011 ut
1217 966 1493 1028 pateretur
1518 961 1708 1018 unitus
1735 970 1839 1027 est,
1856 969 1911 1018 et
1938 974 1995 1018 ut
2021 978 2119 1020 nos

531 1054 796 1111 servaret,
836 1062 1035 1118 passus
1082 1058 1186 1105 est.
1221 1048 1422 1107 Volens
1456 1053 1603 1106 enim
1642 1068 1885 1120 servare,
1918 1070 2117 1126 passus

529 1144 650 1201 est;
682 1145 736 1193 et
765 1140 955 1194 volens
989 1140 1135 1210 pati,
1169 1142 1344 1197 univit
1372 1143 1475 1199 sibi
1527 1144 1673 1214 quod
1704 1146 1870 1201 semel
1905 1147 2115 1202 unitum

526 1244 807 1300 nunquam
834 1230 1060 1287 dimisit.
1089 1250 1108 1283 ι
1141 1231 1232 1288 Sic
1249 1235 1396 1289 enim
1426 1236 1627 1303 veniet,
1659 1237 2116 1307 quemadmodum

526 1319 745 1375 vidistis
774 1335 897 1374 eum
928 1330 1148 1377 euntem
1180 1324 1234 1377 in
1266 1326 1467 1380 caelum
1488 1326 1534 1358 ⁸⁸
1564 1346 1578 1382 :
1616 1347 1635 1380 ι
1657 1337 1711 1381 et
1732 1368 1748 1392 ,
1783 1347 1802 1380 ι
1840 1328 2115 1384 Videbunt

525 1425 651 1464 eum
698 1412 753 1466 in
800 1428 962 1482 quem
1005 1414 1495 1471 transﬁxerunt“.
1545 1437 1564 1470 ι
1621 1420 1796 1488 Apoll.
1827 1419 2116 1476 Enimvero

527 1516 713 1557 annon
752 1506 910 1559 aliter
943 1514 1157 1576 poterat
1206 1525 1308 1563 nos
1350 1511 1531 1567 salvos
1575 1510 1755 1567 facere
1778 1512 1803 1565 'l
1828 1511 1981 1567 Orlh.
2008 1513 2115 1568 Sed

525 1582 844 1652 ita‘servare
873 1599 1042 1652 voluit
1059 1615 1156 1669 per
1172 1602 1457 1656 stultitiam
1484 1604 1911 1673 praedicationis.
1936 1605 2111 1674 Apoll.

526 1680 586 1737 Si
612 1694 850 1740 mentem
888 1687 1129 1743 hominis
1169 1690 1385 1755 habuit,
1427 1693 1604 1762 potuit
1643 1693 1809 1748 etiam
1863 1709 2108 1764 peccare.

2217 494 2280 547 οὐ
2306 497 2372 565 τῇ
2405 494 2588 563 φύσει,
2620 493 2755 548 ἀλλὰ
2783 494 2850 564 τῇ
2879 493 3159 565 οἰκονομίᾳ
3178 511 3192 525 ·
3222 490 3393 556 οὕτως
3431 490 3598 546 αὐτοῦ
3632 492 3782 555 κόπος

2217 586 2247 638 6
2268 586 2433 649 κόπος
2458 587 2518 639 οὐ
2540 588 2606 657 τῇ
2631 586 2810 655 φύσει,
2835 585 2972 639 ἀλλά
2992 588 3057 657 τῇ
3088 583 3370 655 οἰκονομίᾳ.
3398 583 3497 653 τῆς
3520 579 3782 643 ὲνώσεωςο

2219 680 2313 733 καὶ
2340 678 2505 733 αὐτοῦ
2534 680 2705 743 πάθος
2727 678 2790 732 τὸ
2820 677 2991 742 πάθος
3016 677 3076 730 οὐ
3102 679 3169 748 τῇ
3199 675 3359 746 φύσει
3390 673 3505 745 (65)
3542 669 3783 744 (ἀπαθὴς

2218 772 2328 846 γὰρ
2351 776 2385 845 ἡ
2421 773 2626 845 φύσις),
2665 772 2802 826 ἀλλὰ
2843 774 2907 843 τῇ
2951 769 3231 841 οἰκονομίᾳ
3269 768 3367 838 τῆς
3400 768 3667 828 ένωσεως.
3696 762 3784 816 Διά

2218 865 2327 937 γὰρ
2357 866 2418 919 τὸ
2443 865 2614 929 πάθος
2643 866 2737 919 καὶ
2770 866 2803 935 ἡ
2832 865 3022 926 ἓνωσις
3040 878 3054 892 ⁸
3087 861 3182 916 καὶ
3204 861 3290 914 διά
3314 858 3411 930 τὴν
3439 857 3716 928 σωτηρίαν
3735 855 3786 908 τὸ

2222 957 2410 1021 πάθος.
2448 957 2625 1011 Σῶσαι
2662 957 2772 1027 γὰρ
2801 955 2991 1020 θέλων,
3020 952 3221 1007 ἔπαθεν
3240 967 3255 983 ⁸
3290 950 3483 1005 παθεῖν
3510 950 3571 1003 δὲ
3606 948 3783 1013 θέλων,

2215 1049 2443 1120 ἥνωσεν,
2471 1049 2500 1101 ὃ
2532 1048 2737 1112 ένώσας
2790 1048 2889 1102 οὐκ
2919 1047 3150 1118 ἀφῆκεν.
3186 1063 3205 1096 ι
3248 1043 3405 1097 Οῦτω
3430 1042 3543 1113 γὰρ
3580 1041 3787 1094 ἐλεύσε-

2216 1158 2339 1211 ται,
2364 1140 2422 1193 ὃν
2450 1141 2647 1213 τρόπον
2674 1139 2971 1193 ἐθεάσασθε
3004 1137 3167 1192 αὐτὸν
3197 1136 3563 1207 πορευόμενον
3588 1136 3666 1197 εἰς
3706 1132 3785 1186 τὸν

2215 1232 2443 1302 οὐρανόν
2460 1249 2475 1265 ’
2506 1252 2524 1283 ι
2556 1232 2672 1296 καὶ,
2699 1251 2719 1284 ι
2750 1231 3006 1301 Ὄψονται
3030 1228 3139 1300 (66)
3163 1231 3243 1293 εἰς
3269 1228 3329 1282 ὃν
3367 1227 3744 1297 ἐξεκέντησαν.
3764 1243 3783 1277 ι

2230 1325 2477 1380 Ἀπολλ.
2512 1325 2721 1390 Ἀλλως
2748 1325 2854 1397 γὰρ
2880 1326 2981 1378 οὐκ
3013 1324 3235 1378 ἐδύνατο
3262 1323 3642 1389 σῶσαι;’ορθ.
3660 1320 3785 1373 Ἀλλ’

2216 1413 2388 1478 οὕτως
2416 1416 2652 1487 ἠθέλησε
2682 1415 2852 1469 σῶσαι
2878 1414 2967 1469 διὰ
2996 1416 3093 1487 τῆς
3130 1414 3341 1487 μωρίας
3380 1414 3474 1468 τοῦ
3509 1412 3790 1484 κηρυγμα·

2215 1523 2325 1569 τος.
2346 1508 2592 1563 Ἀπολλ.
2626 1510 2688 1562 Εἰ
2726 1508 2850 1561 νοῦν
2889 1508 3179 1581 ἀνθρώπου
3214 1507 3328 1578 (67)
3377 1503 3547 1577 εἶχεν,
3580 1504 3789 1558 ἐδύνατο

2215 1599 2309 1651 καὶ
2362 1599 2695 1671 ἀμαρτῆσαι.
2758 1600 2909 1668 Ὀρθ.
2956 1600 3019 1652 Εἰ
3061 1600 3136 1670 μὴ
3184 1600 3360 1669 ἥνωτυ
3398 1601 3465 1668 τῇ
3513 1596 3728 1666 θεότητι
3764 1597 3789 1648 6

2215 1691 2339 1755 νοῦς
2363 1732 2377 1756 ,
2408 1691 2515 1746 ναί.
2535 1692 2779 1746 Ἀπολλ.
2809 1693 3054 1765 Τρεπτὸς
3076 1689 3186 1745 οὖν’
3193 1687 3261 1762 ἦν
3279 1693 3308 1743 6
3337 1690 3606 1762 Χριστός;
3645 1690 3786 1756 Ὀρθ.

526 1776 682 1832 Orlh.
720 1778 885 1844 Sane,
936 1783 1041 1837 nisi
1090 1783 1204 1837 haec
1251 1759 1640 1841 mens‘l‘uisset
1686 1759 1881 1842 deitati
1926 1790 2100 1845 unita.

2211 1783 2303 1854 Μὴ
2324 1784 2531 1851 γένοιτο
2550 1783 2563 1834 l
2583 1784 2828 1837 Ἄπολλ.
2857 1759 2918 1836 lii
2955 1782 3177 1836 ἐδύνατο
3203 1759 3541 1853 ἀμαρτῆσαι,
3567 1778 3786 1851 τρεπτδς

522 1870 700 1939 Αρυίί.
748 1870 1024 1929 Mutahilis
1054 1890 1185 1945 ergo
1228 1875 1330 1930 fuit
1387 1876 1686 1934 Christus?
1719 1878 1873 1935 Orlh.
1908 1881 2102 1937 Absit!

520 1962 702 2030 Apoll.
735 1962 792 2017 Si
821 1966 998 2035 potuit
1031 1982 1282 2036 peccare.
1314 1969 1594 2025 mutabilis
1632 1979 1771 2027 erat.
1810 1973 1964 2029 Orlh.
2000 1974 2110 2029 Me-

522 2055 752 2111 mineris
817 2070 1007 2110 eorum
1080 2073 1202 2127 qua:
1256 2058 1515 2114 diximus.
1576 2059 1698 2115 Dixi
1750 2063 1897 2118 enim
1939 2080 1954 2116 :
1995 2062 2112 2119 Nisi

524 2142 717 2201 luisset
752 2145 940 2201 deitali
982 2148 1191 2204 unitus.
1243 2148 1406 2206 Jesus
1460 2150 1716 2209 Christus
1769 2162 1951 2211 autem
2000 2171 2108 2211 non

522 2236 847 2308 intelligitur
883 2239 1003 2294 sine
1042 2241 1289 2296 unitione
1332 2240 1494 2297 Jesus
1539 2243 1817 2309 Christus,
1840 2246 1935 2301 sed
1965 2246 2109 2303 Deus

519 2321 971 2390 Verbum,Fi|ius
1001 2326 1095 2383 Dei
1126 2331 1455 2387 subsistens.
1491 2330 1547 2386 Si
1569 2348 1771 2404 corpus
1803 2336 2107 2393 animatum

518 2423 676 2487 potes
705 2418 913 2489 absque
936 2421 1184 2477 unitione
1212 2423 1481 2486 invenire,
1502 2426 1860 2479 mutationem
1891 2428 2102 2499 cogita:

518 2509 606 2563 sin
637 2516 818 2563 autem
852 2511 1015 2565 simul
1046 2510 1150 2565 fuit
1201 2526 1425 2582 corpus,
1474 2520 1529 2567 et
1561 2513 1653 2568 Dei
1685 2513 1849 2569 Verbi
1879 2531 2102 2587 corpus,

516 2605 574 2653 et
624 2599 788 2653 simul
834 2599 937 2653 fuit
975 2601 1274 2655 animatum
1326 2600 1558 2655 rationis
1593 2602 1902 2672 particeps,
1941 2605 2105 2659 simul

517 2686 614 2744 Dei
650 2687 808 2744 Verbi
837 2705 1039 2761 corpus
1064 2692 1392 2757 animatum,
1424 2708 1490 2747 ac
1532 2694 1765 2748 rationis
1806 2695 2102 2765 particeps,

518 2783 792 2852 quaerisne
844 2786 1203 2839 mutationem
1233 2785 1257 2839 ἰ
1286 2785 1463 2853 Apoll.
1493 2784 1548 2839 Si
1585 2797 1825 2841 mentem
1869 2788 2107 2845 hominis

518 2871 711 2928 habuit
739 2873 1013 2937 Christus,
1032 2874 1136 2928 fuit
1165 2890 1382 2945 quoque
1410 2876 1671 2931 oblivioni
1700 2885 1755 2933 et
1785 2878 2108 2947 ignorantiae

518 2964 815 3029 obnoxius,
840 2973 896 3019 et
942 2981 1176 3034 peccare
1209 2966 1407 3035 potuit.
1443 2965 1598 3023 Orlh.
1644 2966 1810 3049 Sane,
1840 2970 1947 3025 nisi
1992 2971 2107 3026 dei-

2210 1869 2299 1944 ἦν.
2350 1858 2512 1940 Ὀρθ.⁸
2549 1872 2870 1943 Μνημόνευε
2909 1872 3018 1926 τῶν
3062 1872 3390 1944 εἰρημένων.
3446 1866 3617 1923 Εἶπον
3654 1869 3784 1940 γάρ·

2214 1966 2278 2018 Εἰ
2308 1965 2381 2037 μὴ
2405 1967 2601 2035 ἤνωτο,
2635 1966 2742 2023 ναί.
2791 1965 2994 2037 Ἰησοῦς
3022 1965 3079 2018 δὲ
3127 1964 3361 2036 Χριστὸς
3393 1964 3523 2018 ἄνευ
3556 1961 3786 2026 ἑνώσεως

2217 2060 2277 2111 οὐ
2310 2062 2509 2113 νοεῖται
2542 2058 2774 2129 Χριστὸς
2819 2058 3044 2129 Ἰησοῦς,
3092 2057 3230 2111 ἀλλά
3269 2056 3402 2120 Θεὸς
3444 2057 3642 2125 Λόγος,
3672 2056 3787 2118 Υἱὸς

2213 2144 2350 2197 Θεοῦ
2380 2144 2762 2208 ὲνυπόστατος.
2795 2146 2859 2199 Εἰ
2900 2144 3028 2217 δύνῃ
3062 2146 3243 2218 εὑρεῖν
3266 2146 3325 2199 τὸ
3357 2144 3605 2216 ἔμψυχον
3645 2144 3786 2215 σῶμα

2213 2237 2343 2291 ἄνευ
2377 2235 2643 2302 ὲνώσεως,
2674 2238 2842 2291 ἐννόει
2873 2239 3110 2309 τροπήν·
3145 2240 3194 2291 εἰ
3236 2237 3294 2289 δὲ
3327 2239 3447 2308 ἅμα
3473 2236 3657 2308 σῶμα,
3685 2237 3786 2306 ἅμα

2211 2328 2347 2383 Θεοῦ
2396 2329 2569 2397 Λόγου
2608 2329 2787 2399 σῶμα,
2826 2328 2920 2383 καὶ
2961 2330 3080 2399 ἅμα
3121 2329 3364 2400 ἔμψυχον
3411 2327 3656 2396 λογικὸν,
3684 2329 3785 2398 ἅμα

2210 2421 2345 2475 Θεοῦ
2372 2422 2545 2489 Λόγου
2582 2420 2694 2491 (68)
2727 2421 2886 2492 σῶμα
2914 2420 3157 2492 ἔμψυχον
3188 2421 3426 2490 λογικὸν,
3464 2420 3650 2493 ζητεῖς
3678 2436 3787 2492 τρο-

2212 2513 2318 2583 πήν
2336 2528 2351 2575 ;
2369 2512 2615 2565 Ἀπολλ.
2643 2512 2706 2563 Εἰ
2736 2509 2860 2564 νοῦν
2888 2509 3179 2582 ἀνθρώπου
3203 2504 3351 2581 εἶχεν
3376 2510 3683 2582 ὁΧριστὸς,
3702 2508 3785 2563 καὶ

2209 2604 2379 2675 λήθην
2407 2606 2500 2657 καὶ
2547 2604 2767 2673 ἄγνοιαν
2817 2600 2980 2674 εἶχεν,
3014 2604 3110 2657 καὶ
3162 2604 3503 2674 ἁμαρτάνειν
3551 2602 3781 2656 ἐδύνατο.

2221 2697 2373 2766 Ὀρθ.
2415 2697 2479 2749 El
2516 2696 2589 2768 μὴ
2636 2696 2815 2767 ῆνωτο
2846 2698 2916 2768 τῇ
2966 2695 3203 2765 θεότητι,
3237 2694 3347 2749 ναί.
3390 2696 3506 2749 Καὶ
3542 2696 3619 2767 μὴ
3648 2694 3783 2763 λέγε,

2208 2791 2257 2842 εἰ
2318 2788 2442 2842 νοῦν
2493 2788 2813 2859 ἀνθρώπου·
2878 2789 2938 2841 οὐ
2989 2788 3097 2860 γὰρ
3149 2787 3309 2843 ἄλλου
3353 2790 3504 2853 τινὸς
3559 2788 3630 2843 ἀν
3684 2784 3784 2858 εἶχε

2211 2881 2336 2935 νοῦν
2372 2880 2482 2951 (69)
2503 2898 2518 2912 ⁸
2554 2880 2692 2947 ἀλλ’,
2740 2882 2803 2935 Εἰ
2830 2881 2960 2952 ἀρα,
2991 2881 3132 2946 εἰπὲ,
3162 2880 3508 2952 ἀνθρωπίνου
3542 2880 3639 2936 νοῦ
3664 2897 3778 2952 μετ·

2208 2974 2351 3040 εἶχεν
2384 2970 2413 3021 6
2446 2970 2638 3039 Λόγος,
2666 2969 2743 3032 ὡς
2769 2968 3116 3040 ἀνθρωπίνης
3143 2969 3368 3041 σαρκός.

518 3059 618 3113 tati
647 3058 843 3115 fuisset
881 3060 1087 3115 unitus.
1107 3058 1184 3115 Ne
1207 3075 1338 3115 vero
1382 3061 1575 3127 dicito,
1625 3064 1673 3118 si
1712 3071 1949 3118 mentem
1995 3065 2268 3131 hominis;
2313 3064 2519 3119 nullius
2560 3064 2708 3119 enim
2753 3064 2983 3118 alterius
3027 3070 3267 3119 mentem
3308 3063 3520 3120 habere
3579 3064 3784 3135 potuit;

518 3152 616 3208 sed
637 3152 828 3217 dicito,
860 3151 917 3207 Si
952 3154 1151 3209 mentis
1180 3154 1431 3211 humanae
1458 3157 1732 3227 particeps
1769 3157 1971 3212 tactum
2000 3158 2106 3213 fuit
2138 3157 2401 3223 Verbum,
2434 3159 2578 3213 sicut
2610 3157 2861 3211 humanae
2884 3155 3086 3211 carnis.

585 3261 745 3336 46],
794 3263 847 3319 5.
882 3262 1056 3330 Apoll.
1100 3262 1383 3331 Quomodo
1425 3276 1604 3338 potest
1651 3285 1804 3325 mens
1857 3271 2094 3328 humana

2271 3272 2324 3327 5.
2357 3273 2601 3326 Ἀπολλ.
2638 3269 2763 3333 Πῶς
2792 3270 3015 3323 δύναται
3041 3269 3380 3342 ἀνθρώπινος
3418 3269 3547 3333 νοῦς
3572 3270 3647 3343 μὴ
3676 3269 3785 3342 τρέ-

515 3369 631 3409 non
684 3353 929 3408 mutari?
976 3354 1128 3409 Orlh.
1163 3350 1446 3424 Quomodo
1498 3361 1728 3416 mortale
1780 3363 1926 3418 istud
1988 3364 2091 3419 im-

515 3447 847 3503 mortalitate
903 3445 1154 3502 indutum
1201 3465 1310 3505 non
1371 3452 1604 3505 moritur
1636 3491 1652 3517 ,
1723 3461 1778 3509 et
1820 3458 2095 3526 θοι-ιυριί-

515 3539 624 3597 bile
653 3541 779 3605 hoc,
812 3540 1336 3611 incorruptibilitate
1382 3545 1664 3610 indutum,
1716 3562 1824 3601 non
1859 3550 2095 3619 amplius

516 3633 892 3703 corrumpitur
921 3652 933 3687 :
973 3633 1046 3685 ita
1084 3641 1137 3687 et
1171 3651 1324 3690 mens
1357 3652 1455 3706 per
1498 3638 1800 3693 unitionem
1828 3654 1950 3694 cum
1985 3640 2096 3695 Deo

516 3718 697 3782 Verbo
721 3726 973 3781 deiﬁcata
998 3740 1106 3779 non
1137 3734 1399 3781 mutatur.
1443 3727 1618 3796 Apoll.
1653 3729 1793 3801 Ergo
1832 3741 1884 3786 et
1917 3733 2095 3787 sancti

514 3828 751 3876 mentem
770 3819 1083 3874 habuerunt
1106 3819 1540 3877 immutabilem?
1572 3823 1729 3879 Orlh.
1753 3822 1893 3878 Non.
1915 3824 2092 3893 Apoll.

515 3913 903 3980 Quamobrem,
930 3927 1112 3967 nonne
1158 3913 1213 3967 in
1266 3913 1375 3969 illis
1427 3930 1646 3986 quoque
1680 3914 1781 3969 fuit
1814 3914 2097 3971 Verbum?

517 4004 672 4061 Orlh.
732 4003 840 4058 Sed
897 4002 999 4056 fuit
1044 4003 1099 4057 in
1156 4006 1360 4059 sanctis
1391 4021 1499 4059 non
1540 4008 1801 4074 uuilione,
1840 4009 1935 4063 sed
1996 4025 2096 4081 pro

519 4097 690 4164 gratia
712 4095 973 4166 Spiritus,
992 4094 1206 4152 diverse
1232 4098 1286 4151 in
1315 4097 1449 4167 ipsis
1472 4098 1750 4167 operantis
1778 4117 1792 4154 :
1827 4099 1916 4154 hic
1940 4118 2092 4166 vero,

517 4188 573 4245 id
598 4188 772 4243 estin
838 4188 949 4243 Deo
980 4188 1192 4257 Verbo,
1250 4189 1352 4243 fuit
1412 4192 1591 4246 omnis
1656 4193 1935 4262 plenitudo
1970 4195 2088 4249 dei-

518 4282 671 4337 tatis.
738 4279 947 4336 Deinde
1006 4281 1180 4336 sancti
1252 4283 1469 4353 quidem
1532 4284 1749 4339 fuerunt
1802 4287 2097 4358 participes

518 4370 707 4435 Verbi,
738 4372 828 4427 hic
858 4389 986 4427 vero
1021 4371 1253 4429 Verbum
1285 4376 1633 4448 participavit
1671 4376 1964 4431 humanam
1990 4394 2096 4433 na-

518 4470 721 4519 turam.
753 4466 929 4536 Apoll.
966 4466 1081 4535 Dic,
1116 4484 1337 4524 carnem
1375 4479 1429 4525 et
1457 4471 1778 4541 sanguinem
1802 4510 1817 4535 ,
1864 4480 1925 4524 ut
1959 4471 2097 4525 scri-

521 4562 673 4626 ptum
706 4565 811 4611 est.
854 4555 1003 4611 Orth.
1032 4556 1328 4628 Scripturae
1357 4575 1476 4615 mos
1510 4568 1595 4615 est
1624 4567 1796 4613 totum
1823 4562 2094 4615 hominem

2197 3363 2393 3417 πεσθαι
2409 3379 2423 3429 ;
2441 3364 2595 3430 Ὀρθ.
2613 3360 2737 3425 Πῶς
2751 3361 2811 3414 τὸ
2828 3361 3019 3432 θνητὸν
3040 3361 3215 3426 τοῦτο,
3231 3360 3455 3415 ἐνδυθὲν
3470 3361 3781 3424 ἀθανασίαν,

2196 3455 2377 3507 οὐκέτι
2428 3451 2781 3523 ἀποθνήσκει,
2831 3452 2925 3505 καὶ
2975 3452 3035 3505 τὸ
3076 3452 3313 3523 φθαρτὸν
3345 3451 3530 3518 τοῦτο,
3580 3452 3784 3507 ὲνδυθὲν

2197 3546 2527 3617 ἀφθαρσίαν,
2561 3545 2744 3597 οὐκέτι
2774 3544 3052 3617 φθείρεται
3072 3562 3085 3575 ο
3117 3544 3290 3609 οὕτως
3312 3547 3341 3598 6
3370 3544 3521 3610 νοῦς,
3573 3546 3784 3610 θεωθείς

2197 3638 2539 3691 ένώσειΘεοῦ
2572 3638 2767 3705 Λόγου,
2799 3638 2859 3691 οὐ
2893 3637 3432 3709 τρέπεται.Ἀπολλ.
3465 3639 3679 3691 Οὐκοῦν
3700 3638 3785 3690 καὶ

2196 3734 2243 3785 οἰ
2268 3732 2409 3800 ἀγιοι
2442 3731 2707 3803 ἄτρεπτον
2736 3726 2877 3799 είχον
2914 3729 3071 3795 νοῦν;
3110 3730 3267 3797 Ὀρθ.
3304 3728 3403 3783 Οὔ.
3421 3730 3668 3783 Ἀπολλ.
3696 3728 3785 3781 Διά

2195 3823 2281 3887 τί;
2312 3823 2411 3874 οὐκ
2433 3817 2500 3892 ἦν
2529 3821 2621 3873 καί
2650 3822 2708 3874 ἐν
2750 3821 2931 3883 αὐτοῖς
2950 3821 2978 3872 6
3010 3819 3215 3911 Λόγος;
3239 3821 3398 3887 Ὀρθ.
3425 3819 3571 3872 ’Δλλ’
3604 3821 3662 3873 ἐν
3684 3821 3786 3881 τοῖς

2197 3910 2374 3982 ἁγίοις
2403 3916 2463 3966 οὐ
2495 3912 2617 3966 καθ’
2646 3912 2838 3965 ἕνωσιν
2868 3908 2957 3982 ἦν,
3013 3908 3323 3964 ἀλλὰκατά
3357 3911 3459 3982 τὴν
3488 3911 3587 3965 τοῦ
3621 3910 3783 3964 Πνεῦ-

2200 4021 2371 4075 ματος
2424 4005 2604 4074 χάριν,
2650 4003 2921 4075 διαφόρως
2951 4004 3009 4056 ὲν
3035 4006 3218 4068 αὐτοῖς
3273 4003 3635 4075 ἐνεργοῦντος
3657 4022 3672 4034 ·
3706 4007 3785 4056 ἐν·

2196 4094 2371 4149 ταῦθα
2403 4094 2459 4146 δὲ
2484 4096 2593 4148 πᾶν
2620 4094 2681 4147 τὸ
2716 4094 2990 4166 πλήρωμα
3012 4093 3112 4163 τῆς
3150 4094 3425 4167 θεότητος.
3478 4097 3591 4150 Καὶ
3616 4097 3667 4149 οἱ
3693 4094 3785 4167 μὲν

2197 4189 2341 4257 ἆγιοι
2383 4189 2598 4259 μέτοχοι
2630 4189 2722 4242 τοῦ
2756 4189 2932 4257 Λόγου
2970 4184 3108 4260 ἦσαν
3134 4204 3148 4217 ’
3199 4188 3436 4242 ἐνταῦθα
3465 4190 3524 4243 δὲ
3569 4193 3600 4244 ό
3625 4191 3786 4258 Λόγος

2200 4280 2427 4351 μετέσχε
2475 4281 2576 4352 τῆς
2609 4280 3043 4352 ἀνθρωπότητος.
3065 4281 3316 4335 Ἀπολλ.
3364 4282 3527 4344 Εἰπὲ,
3560 4283 3784 4354 αἵματος

2199 4373 2291 4425 καὶ
2333 4372 2554 4443 σαρκὸς,
2601 4374 2677 4438 ὼς
2730 4374 3063 4445 γέγραπται.
3098 4375 3251 4441 Ὀρθ.
3286 4374 3451 4438 Ἔθος
3479 4378 3548 4445 τῇ
3604 4377 3642 4428 Γ
3648 4377 3783 4448 ραφῇ

2198 4464 2289 4517 τὸν
2322 4464 2441 4517 ὅλον
2459 4464 2743 4537 ἄνθρωπον
2778 4466 2956 4538 σάρκα
2993 4466 3087 4519 καί
3117 4460 3258 4536 αἷμα
3305 4467 3518 4531 καλεῖν,
3563 4467 3640 4532 ώς
3664 4468 3784 4521 ὅταν

2198 4553 2363 4627 λέγει’
2403 4574 2419 4605 ι
2453 4556 2526 4607 υὺ
2560 4555 2974 4627 προσανεθέμην
3006 4558 3171 4628 σαρκὶ
3212 4557 3306 4610 καὶ
3351 4558 3586 4629 αἵματι·
3620 4580 3638 4606 ι
3675 4559 3780 4619 καὶ,

522 4661 717 4701 vocare
742 4662 964 4703 carnem
991 4658 1047 4702 et
1077 4650 1423 4720 sanguinem,
1449 4658 1509 4703 ut
1542 4665 1668 4703 cum
1710 4649 1843 4703 dicit
1869 4667 1883 4702 :
1922 4668 1939 4699 ι
1975 4647 2095 4703 Νοιι

2208 4667 2226 4699 ι
2249 4626 2337 4700 Ἐν
2358 4650 2477 4711 ταῖς
2516 4626 2772 4719 ἐσχάταις
2811 4650 3046 4721 ἡμέραις
3074 4626 3249 4721 ἐκχεῶ
3275 4652 3385 4705 ἀπὸ
3415 4626 3512 4706 τοῦ
3538 4653 3783 4724 Πνεῦμα-

520 4739 662 4793 ultra
691 4740 935 4810 acquievi
966 4742 1118 4796 carni
1157 4750 1212 4798 et
1241 4744 1492 4815 sanguini
1522 4744 1588 4796 ⁷⁸.
1631 4762 1649 4794 ι
1687 4741 1792 4797 Et:
1830 4761 1849 4792 ι
1905 4741 1963 4796 In
1996 4757 2096 4796 no-

518 4831 761 4888 vissimis
789 4833 984 4889 diebus
1034 4834 1306 4890 elfundam
1367 4836 1435 4890 de
1485 4834 1692 4904 Spiritu
1753 4849 1873 4888 meo
1932 4849 2097 4903 super

518 4937 734 4979 omnem
770 4939 991 4980 carnem
1023 4926 1091 4978 7‘.
1133 4944 1151 4976 ι
1197 4924 1264 4978 Ει
1297 4940 1516 4979 rursum
1547 4940 1559 4974 :
1603 4942 1621 4974 ι
1654 4921 1774 4977 Non
1812 4938 2094 4992 permane-

519 5016 600 5072 bit
652 5017 888 5088 Spiritus
929 5033 1084 5073 meus
1130 5018 1186 5071 in
1229 5017 1544 5072 hominibus
1587 5016 1738 5081 istis,
1785 5020 1914 5085 quia
1965 5031 2095 5070 caro

520 5116 650 5163 sunt
686 5110 753 5163 ".
793 5129 811 5159 ι
871 5108 937 5162 Et
967 5124 1306 5179 quaecunque
1356 5115 1486 5163 sunt
1537 5107 1876 5177 hujusmodi.
1916 5107 2096 5179 Apoll.

520 5200 661 5266 Quid
687 5200 820 5255 illud
844 5212 949 5266 est,
976 5198 1163 5255 Sancti
1181 5200 1603 5271 participarunt,
1627 5206 1680 5253 et
1700 5198 1840 5253 Deus
1856 5197 2097 5255 Verbum

519 5293 897 5365 participavit?
911 5293 1189 5364 quodnam
1203 5300 1288 5348 est
1304 5292 1409 5346 hoc
1423 5290 1754 5346 discrimen?
1771 5290 1904 5346 0th
1943 5290 2100 5357 Quod

2200 4739 2291 4803 τός
2322 4757 2424 4810 μου
2447 4741 2539 4793 ἐπὶ
2564 4743 2744 4794 πᾶσαν
2762 4741 2939 4814 σάρκα
2959 4759 2972 4772 '
2996 4761 3016 4794 ι
3033 4744 3127 4798 καὶ
3145 4743 3308 4798 πάλιν
3327 4760 3343 4775 ·
3370 4762 3389 4796 ι
3419 4746 3498 4798 Οὐ
3524 4747 3601 4817 μὴ
3624 4760 3787 4799 καταν

2206 4829 2365 4902 μείνῃ
2388 4830 2450 4883 τὸ
2476 4830 2700 4902 Πνεῦμά
2727 4849 2827 4903 μου
2861 4832 2954 4885 ἐπὶ
2981 4834 3110 4897 τοὺς
3138 4833 3487 4904 ἀνθρώπους,
3510 4836 3602 4889 διά
3630 4836 3691 4888 τὸ
3710 4830 3782 4887 εἷ-

2202 4938 2292 4975 ναι
2343 4923 2538 4985 αὐτοὺς
2580 4924 2788 4995 σάρκαο
2815 4943 2833 4975 ι
2868 4924 2962 4977 καὶ
2993 4924 3095 4978 ὅσα
3154 4925 3405 4979 τοιαῦτα.
3428 4927 3684 4981 Ἀπολλ.
3720 4925 3780 4977 Τί

2194 5015 2372 5080 ἐστιν,
2401 5016 2465 5067 υἱ
2488 5015 2633 5083 ἆγιοι
2667 5015 2948 5086 μετέσχον,
2974 5018 3068 5070 καὶ
3095 5019 3123 5071 6
3146 5016 3281 5080 Θεὸς
3310 5018 3490 5087 Λόγος
3522 5021 3777 5090 μετέσχε;

2196 5107 2281 5169 τίς
2302 5107 2335 5176 ἡ
2362 5107 2626 5178 διαφορά;
2654 5109 2807 5176 Ὀρθ.
2824 5109 2947 5162 Ὅτι
2966 5111 3015 5162 οἰ
3046 5109 3191 5172 ἅγιοι
3216 5111 3490 5183 πρότερον
3514 5109 3775 5181 ὑπῆρξαν,

2198 5199 2292 5253 καὶ
2320 5198 2441 5252 τότε
2472 5201 2731 5271 μετέσχον
2754 5201 2889 5257 Θεοῦ
2921 5202 3115 5270 Λόγου’
3136 5202 3375 5256 ἐνταῦθα
3390 5202 3449 5256 δὲ
3471 5203 3571 5273 οὐχ
3590 5202 3773 5261 οὕτως,

2200 5291 2348 5361 ἀλλὰ¹
2365 5294 2394 5345 6
2411 5292 2486 5347 ὢν
2519 5293 2626 5364 πρὸ
2653 5292 2762 5347 τῶν
2785 5292 2995 5348 αἰώνων
3018 5294 3151 5358 Θεὸς
3170 5294 3367 5365 Λόγος,
3397 5293 3680 5367 βουληθεὶς
3699 5290 3775 5342 ὲν-

605 5449 650 5481 ⁶⁸
684 5451 802 5507 Act.
838 5466 885 5513 ι,
928 5449 1015 5504 ll.
1091 5450 1135 5484 "
1167 5448 1327 5503 Joan.
1362 5465 1490 5514 xu,
1526 5447 1614 5502 57.
1690 5448 1737 5480 "
1776 5446 1953 5504 Galat.
1992 5462 2039 5514 ι,
2073 5447 2096 5503 l

2233 5448 2278 5480 '"
2318 5446 2438 5503 Joel
2469 5465 2540 5513 ιι,
2572 5448 2663 5504 28.
2749 5450 2796 5481 "
2820 5446 2957 5505 Gen.
2990 5465 3067 5516 νι,
3098 5448 3153 5503 5.

594 5560 707 5631 (65)
747 5562 823 5614 Οὐ
851 5564 917 5631 τῇ
945 5560 1104 5631 φύσει
1134 5560 1370 5631 deestiin
1403 5561 1575 5617 Palat.

594 5630 708 5701 (66)
745 5630 1008 5701 ξυψονται
1033 5632 1188 5701 abest
1220 5646 1251 5684 a
1279 5630 1458 5701 Palat.

595 5699 707 5773 (67)
743 5699 941 5787 Palat.,
970 5699 1095 5755 νοῦν
1120 5700 1475 5773 ἀνθρώπινον.

2414 5561 2588 5659 Λόγου
2601 5562 2775 5659 2delest
2811 5561 2868 5615 in
2900 5560 3070 5659 P'alat.
3102 5630 3127 5642 ,

2269 5627 2383 5704 (69)
2419 5627 2577 5696 Τίνος
2598 5630 2884 5707 ἀνθρώπου
2907 5627 3019 5705 εἶχε
3038 5630 3161 5688 νοῦν
3183 5646 3320 5689 mss.
