3930 6516
126 387 270 444 I257

1094 384 1180 440 DE
1219 385 1484 442 SANCTA
1523 386 1895 444 TﬂiNlTATE
1931 384 2272 442 DIALOGUS
2311 383 2400 439 IV.

3229 374 3366 432 1258

123 505 519 577 ανθρωπῆσαι,
536 503 759 577 ἡγίασεν
784 503 882 574 τὴν
912 503 1204 576 Παρθένον,
1225 507 1320 558 καὶ
1339 507 1546 577 ἥνωσεν
1573 507 1700 560 ἑαυ-

1806 505 1976 561 sancti
2017 505 2169 574 prius
2199 504 2546 565 exstiterunt,
2579 507 2633 554 et
2670 508 2782 552 ιιιιιι
2827 496 3039 553 demum
3071 498 3368 569 participa-

121 597 206 669 τῷ
232 598 293 664 ἐξ
321 597 492 668 αὐτῆς
527 596 704 667 σῶμα,
743 595 804 648 οὐ
845 594 1108 667 πρότερον
1136 595 1406 667 ὑπάρξαν,
1443 598 1536 650 καὶ
1581 596 1700 650 τότε

122 689 365 753 ἑνώσας,
392 689 506 742 ἀλλ’
535 691 590 742 ὲν
611 688 745 758 αὐτῇ
763 689 826 758 τῇ
847 687 1076 758 ὑπάρξει
1091 685 1317 748 ἑνώσας.
1337 688 1581 741 Ἀπολλ.
1601 686 1703 738 Δύο

120 779 221 836 οὖν
253 780 560 853 ἡγεμονικὰ
591 781 649 832 ὲν
673 779 748 850 τῷ
778 777 986 849 σώματι
1019 774 1178 848 ἦσαν,
1206 781 1234 831 6
1261 778 1391 841 Θεὸς
1421 778 1588 846 Λόγος
1611 779 1704 830 καὶ

122 877 153 927 6
192 871 542 944 ἀνθρώπινος
574 871 715 934 νοῦς.
764 872 915 937 Ὀρθ.
952 869 1046 923 Οὔ.
1087 869 1223 922 Ἀλλ’
1259 869 1420 931 αὐτὸς
1448 871 1477 920 ό
1535 869 1704 935 Λόγος

122 964 437 1035 ἡγεμόνευε
467 963 557 1016 τοῦ
590 961 703 1016 v06.
722 963 966 1016 Ἀπολλ.
988 959 1110 1022 Πῶς
1127 955 1237 1012 οἷόν
1257 977 1314 1012 τε
1331 960 1404 1030 μὴ
1426 955 1564 1012 εἶναι
1578 959 1670 1012 δύο
1688 975 1703 1022 ;

134 1056 299 1123 Ὀρθ.
337 1056 424 1117 Ὠς
451 1055 509 1107 τὸ
538 1053 726 1107 λευκὸν
743 1053 842 1122 τῆς
870 1054 1028 1124 lapsi;
1052 1049 1430 1121 xa‘raxpwoﬂh
1460 1048 1707 1120 χρώματι

122 1148 424 1218 πορφύρας
456 1147 515 1199 οὑ
543 1145 814 1217 δίχρωμόν
845 1146 1012 1206 ἐστιν,
1053 1143 1165 1195 ἀλλ’
1191 1143 1249 1195 ’ἐν
1268 1159 1280 1172 ο
1311 1141 1484 1203 οὕτως
1511 1144 1539 1194 6
1561 1141 1704 1204 νοῦς,

121 1237 626 1308 καταλαμπόμενος
679 1237 771 1290 καὶ
802 1234 1152 1298 ἀποθεωθεὶς,
1187 1235 1244 1287 ἓν
1281 1235 1449 1298 ἐστιν,
1485 1235 1578 1288 καὶ
1609 1234 1709 1288 οὐκ

121 1330 249 1383 ἔστι
291 1329 388 1382 6-50
416 1328 715 1400 ἡγεμονικά
750 1327 883 1397 (70).
917 1327 991 1380 Οὐ
1034 1327 1140 1397 γὰρ
1162 1327 1286 1382 ἄλλο
1318 1344 1371 1380 τι
1401 1326 1647 1398 βούλεται
1679 1328 1707 1379 6

121 1418 278 1482 νοῦς,
303 1419 398 1470 καὶ
429 1417 554 1472 ἄλλο
581 1435 632 1470 τι
665 1419 694 1470 6
726 1417 927 1485 Λόγος’
961 1415 1071 1469 ἀλλ’
1099 1416 1286 1487 ὥσπερ
1321 1416 1576 1486 μουσικὸς
1614 1415 1710 1469 καὶ

122 1510 189 1561 τὸ
221 1509 459 1580 ὄργανον
492 1508 552 1560 οὑ
600 1507 694 1561 δύο
746 1507 1014 1577 μουσικοὶ,
1049 1506 1221 1569 οὕτως
1255 1507 1383 1570 Θεὸς
1417 1507 1584 1574 Λόγος
1615 1506 1710 1559 καὶ

123 1598 256 1659 νοῦς
291 1595 629 1666 ἀνθρώπινος
660 1595 720 1648 06
750 1595 842 1648 δύο
865 1596 1184 1666 ήγεμονικὰ.
1239 1596 1383 1648 ’Λντὶ
1412 1583 1518 1667 γὰρ
1548 1595 1712 1667 ὀργά-

121 1706 221 1742 νου
237 1687 317 1758 τῷ
338 1687 414 1756 νῷ
437 1685 756 1758 ἀνθρωπίνῳ
777 1685 1037 1755 κέχρηται
1055 1687 1084 1738 6
1103 1685 1709 1753 Λὸγος.”Απολλ.’Λλλὰ

122 1776 190 1830 τὺ
223 1778 455 1848 ὄργανον
505 1775 600 1829 τοῦ
645 1776 905 1846 μουσικοῦ
939 1776 1096 1830 ἄνουν
1149 1776 1317 1829 ἐστίν.
1350 1777 1505 1845 Ὀρθ.
1546 1778 1654 1831 Καὶ
1683 1779 1710 1829 6

1804 605 1930 650 runt
1962 595 2052 650 Dei
2078 594 2350 651 Verbum:
2389 593 2475 647 hic
2505 607 2634 645 vero
2683 606 2788 644 non
2829 590 2901 644 ita
2925 601 3006 644 est
3030 631 3044 653 ,
3095 591 3190 644 sed
3225 589 3367 646 Deus

1809 687 2064 746 Verbum.
2086 687 2230 757 quod
2267 693 2388 739 erat
2420 692 2547 738 ante
2578 683 2772 740 szecula
2797 722 2813 746 ,
2863 698 2986 736 cum
3037 684 3196 738 vellet
3252 684 3367 738 Ileri

1807 779 1990 842 homo,
2025 778 2386 834 sancliiieavit
2423 776 2714 847 Virginem.
2746 783 2800 830 et
2847 789 3046 844 corpus
3071 791 3134 828 ex
3169 789 3231 828 ea
3262 775 3366 830 sibi

1807 872 2001 931 nnivit,
2032 886 2138 925 non
2161 869 2304 940 quod
2357 869 2508 939 prius
2531 868 2836 929 exstiterit,
2891 875 2949 920 et
2977 875 3090 920 tum
3148 865 3367 920 demum

1805 964 2075 1028 univerit,
2133 961 2230 1017 sed
2285 962 2338 1014 in
2374 961 2489 1030 ipsa
2541 958 2861 1014 exsistentia
2912 958 3129 1011 uniens.
3186 955 3365 1026 Apoll.

1807 1053 1922 1108 Duo
1961 1053 2124 1123 igitur
2183 1053 2238 1106 in
2296 1053 2387 1106 illo
2451 1065 2681 1120 corpore
2739 1049 2958 1105 fuerunt
3007 1048 3372 1119 principatum

1747 1141 1764 1160 ⁸
1807 1147 2082 1208 habentia.
2114 1159 2308 1215 nempe
2340 1144 2482 1200 Deus
2514 1141 2746 1198 Verbum
2769 1182 2785 1206 ,
2827 1149 2880 1196 et
2917 1141 3154 1195 humana
3189 1155 3368 1196 mens.

1805 1237 1962 1293 Orth.
2026 1237 2400 1307 Nequaquam.
2459 1234 2564 1290 Sed
2629 1235 2806 1306 ipsum
2862 1231 3098 1287 Verbum
3145 1233 3378 1302 imperat

1809 1328 1991 1382 menti.
2070 1325 2242 1392 Apoll.
2301 1325 2405 1391 Qui
2465 1323 2577 1380 ﬁeri
2670 1327 2882 1392 potest,
2964 1329 3026 1374 ut
3090 1319 3206 1374 haec
3263 1329 3375 1374 non

1808 1422 1916 1475 sint
1947 1419 2093 1474 duo?
2125 1418 2277 1474 Orth.
2332 1418 2486 1472 Sicut
2525 1417 2662 1471 lame
2691 1413 2882 1468 albedo
2909 1414 3094 1467 colore
3123 1425 3378 1482 purpura

1811 1513 1998 1574 tincta,
2031 1528 2138 1565 non
2171 1522 2255 1565 est
2281 1511 2509 1572 bicolor,
2542 1509 2637 1563 sed
2670 1506 2952 1561 unicolor:
2986 1506 3058 1559 ita
3093 1519 3244 1559 mens
3279 1519 3375 1558 co.

1807 1619 2041 1659 ruscans
2067 1611 2120 1658 et
2151 1602 2402 1657 deiﬁeata
2431 1609 2514 1655 est
2537 1614 2703 1653 unum
2734 1597 3012 1668 quiddam,
3039 1611 3214 1665 neque
3248 1602 3377 1649 sunt

1809 1693 1915 1747 duo
1934 1693 2298 1763 principatum
2350 1690 2624 1744 habentia.
2666 1687 2852 1758 Neque
2896 1687 3040 1740 enim
3075 1683 3223 1739 aliud
3254 1685 3379 1754 qui-

1810 1785 1930 1839 dem
1958 1784 2070 1838 vult
2104 1799 2275 1846 mens,
2307 1781 2453 1837 aliud
2479 1796 2608 1836 vero
2637 1777 2872 1834 Verbum
2901 1797 2915 1832 :
2958 1777 3053 1832 sed
3082 1776 3228 1832 sicut
3250 1791 3375 1829 mu-

126 1871 396 1941 μουσικὸς
423 1870 614 1941 θνητός
654 1871 819 1922 ἐστιν.
852 1869 1112 1923 Ἐνταῦοα
1143 1870 1199 1922 δὲ
1227 1872 1255 1923 6
1278 1869 1467 1938 Λόγος,
1501 1869 1703 1925 ἀθάνα-

1807 1875 1954 1927 sicus
1983 1883 2036 1927 et
2069 1873 2494 1927 instrumentum
2553 1886 2658 1924 non
2704 1875 2833 1924 sunt
2867 1867 2976 1922 duo
3021 1865 3214 1921 musici
3244 1904 3260 1928 ,
3302 1865 3376 1919 ita

122 1980 222 2023 τος
264 1962 361 2026 ὢν,
422 1961 498 2033 τῷ
549 1962 624 2032 νῷ
667 1961 929 2032 κέχρηται
979 1962 1226 2034 ὀργάνῳο
1261 1963 1356 2015 καὶ
1405 1961 1594 2033 ὥσπερ
1648 1965 1703 2015 ὲν

1809 1966 1950 2020 Deus
1978 1963 2214 2019 Verbum
2248 1975 2304 2018 et
2336 1979 2489 2018 mens
2515 1963 2748 2016 humana
2777 1976 2883 2014 non
2918 1966 3046 2013 sunt
3073 1957 3189 2012 duo
3226 1957 3379 2028 prin-

121 2057 266 2125 ἡμῖν
297 2057 328 2106 6
369 2053 491 2116 νοῦς
521 2051 598 2123 τῷ
653 2050 863 2123 σώματι
924 2052 1188 2123 κέχρηται
1251 2053 1467 2124 ὀργάνῳ
1517 2056 1596 2116 εἰς
1639 2053 1703 2107 τὰ

1806 2056 2045 2124 cipatum
2093 2054 2366 2108 habentia.
2419 2051 2602 2106 Utitur
2651 2051 2795 2106 enim
2849 2047 3079 2103 Verbum
3135 2048 3377 2102 humana

119 2144 216 2198 διὰ
258 2144 361 2197 106
394 2143 641 2215 σώματος
680 2143 1099 2214 ἐπιτελούμενα·
1129 2143 1300 2207 οὕτως
1341 2146 1457 2198 ἐκεῖ
1479 2147 1508 2198 6
1538 2145 1703 2214 Λόγος

1809 2155 1988 2200 mente
2020 2153 2278 2215 tanquam
2306 2145 2690 2198 instrumento.
2729 2141 2901 2208 Apoll.
2933 2139 3035 2194 Sed
3060 2139 3253 2194 musici
3292 2138 3379 2192 in-

120 2237 205 2306 τῷ
241 2235 318 2306 νῷ
350 2236 610 2308 κέχρηται
642 2235 856 2308 ὀργάνῳ
881 2239 957 2299 εἰς
985 2236 1051 2289 τὰ
1080 2235 1169 2289 διὰ
1203 2235 1297 2289 τοῦ
1329 2235 1420 2291 νοῦ
1455 2237 1566 2309 (71)
1592 2238 1703 2290 ἐπι-

1809 2243 2170 2290 strumentum
2193 2241 2276 2288 est
2322 2233 2522 2287 mentis
2551 2247 2766 2302 expers.
2805 2230 2958 2286 Orth.
2988 2229 3172 2293 Sedet
3205 2230 3378 2284 musi-

119 2325 457 2396 τελούμενα.

1811 2341 1908 2380 cus
1961 2333 2044 2381 est
2077 2326 2344 2380 mortalis.
2382 2323 2481 2377 IIic
2514 2338 2644 2378 vero
2676 2322 2909 2378 Verbum
2935 2362 2950 2386 ,
2981 2322 3122 2393 quod
3161 2323 3378 2375 immoro

121 2420 245 2474 tale
271 2428 392 2481 est.
429 2426 609 2474 mente
641 2420 810 2473 utitur
837 2457 853 2482 ,
903 2426 961 2472 ut
1009 2418 1412 2475 instrumento:
1466 2427 1521 2474 et
1564 2420 1709 2475 sicut
1746 2435 1900 2476 mens
1932 2420 1986 2475 in
2019 2421 2180 2476 nobis
2210 2420 2382 2474 utitur
2409 2434 2636 2489 corpore
2674 2426 2735 2473 ut
2775 2419 3142 2473 instrumento
3190 2415 3257 2471 ad
3310 2433 3376 2470 ea

119 2525 253 2594 qua:
279 2512 529 2580 corporis
575 2526 741 2582 opera
786 2509 1132 2567 eﬂiciuntur:
1175 2513 1249 2566 ita
1302 2514 1412 2568 illic
1469 2512 1706 2568 Verbum
1752 2514 1924 2568 utitur
1951 2521 2152 2577 mente,
2217 2521 2277 2567 ut
2319 2513 2682 2568 instrumento
2709 2551 2725 2577 ,
2791 2511 2859 2566 ad
2901 2527 2964 2568 ea
3015 2527 3136 2580 quae
3197 2519 3378 2568 mento

121 2587 463 2659 eIIiciuntur.

320 2694 568 2748 Ἀπολλ.
598 2692 703 2747 T06
732 2693 978 2765 σώματος
1001 2695 1084 2760 τίς
1125 2697 1156 2767 ἡ
1201 2697 1356 2767 χρεία
1381 2712 1396 2762 ;
1427 2699 1579 2765 Ὀρθ.
1606 2696 1725 2759 Διὰ,

122 2783 324 2837 πολλά’
351 2785 430 2836 ὅτι
447 2784 676 2856 ὀφθῆναι
702 2785 952 2856 ἠθέλησε,
976 2789 1069 2840 καὶ
1089 2787 1170 2841 ὅτι
1204 2788 1264 2840 τὸ
1301 2791 1703 2860 συναμφότερον

1809 2787 2016 2841 multis.
2049 2785 2231 2840 Voluit
2267 2785 2502 2841 Verbum
2553 2786 2819 2855 conspici,
2857 2793 2911 2840 et
2942 2785 3200 2854 quoniam
3227 2787 3372 2855 quod

119 2872 194 2947 ἦν
221 2876 580 2948 ἀπολόμενον,
642 2879 734 2931 καὶ
773 2878 860 2931 διὰ
895 2879 987 2932 τοῦ
1017 2880 1201 2950 ὁμοίου
1236 2882 1296 2933 τὸ
1319 2883 1500 2950 ὅμοιον
1534 2881 1703 2935 σῶσαι

1811 2880 2064 2949 perierat,
2101 2887 2388 2948 utrumque
2413 2879 2752 2948 complexum
2783 2885 2922 2942 eral,
2967 2878 3172 2948 placuit
3198 2879 3376 2937 simile

122 2964 355 3035 σταυρῷ
380 2966 472 3018 καὶ
495 2965 654 3018 πάθει
677 2965 906 3036 ἑκουσίῳ
936 2967 1252 3039 ηὐδόκησεν.
1286 2970 1393 3022 Καὶ
1419 2972 1476 3022 ὲν
1500 2970 1595 3040 μὲν
1628 2969 1703 3041 τῷ

1812 2984 1908 3038 per
1935 2970 2114 3025 simile
2149 2984 2387 3032 servare,
2423 2985 2615 3039 nempe
2662 2985 2758 3040 per
2788 2985 3006 3024 crucem
3058 2978 3112 3026 et
3164 2974 3374 3040 passio-

2007 2694 2182 2762 Apoll.
2216 2694 2474 2764 Corporis
2503 2709 2634 2750 vero
2669 2695 2792 2765 quis
2819 2702 2902 2749 est
2946 2664 3115 2748 ususi
3142 2693 3292 2749 Orth.
3317 2693 3374 2750 In

120 3059 364 3128 ἑκουσίῳ
390 3057 548 3111 πάθει
580 3058 658 3130 τῷ
690 3059 764 3131 νῷ
795 3061 1080 3133 κέχρηται,
1126 3061 1200 3125 ὡς
1231 3065 1510 3134 προεῖπον,
1543 3063 1707 3134 ὁργά-

1812 3077 1933 3116 nem
1969 3063 2352 3116 voluntariam.
2421 3060 2604 3131 Itaque
2659 3061 2712 3116 in
2770 3062 3025 3129 passione
3067 3063 3373 3119 voluntaria

119 3167 203 3219 νῳ
224 3165 241 3178 ο
272 3151 334 3202 ὲν
365 3148 422 3201 δὲ
450 3151 558 3212 τοῖς
584 3153 912 3220 σωματικοῖς
931 3151 1008 3221 τῷ
1033 3150 1264 3222 σώματι·
1299 3153 1392 3206 καὶ
1415 3151 1586 3216 οὕτως
1611 3155 1703 3224 ζη-

1813 3169 1970 3208 usum
2002 3164 2086 3210 est
2121 3162 2320 3220 mente,
2367 3153 2510 3209 sicut
2538 3161 2665 3209 ante
2697 3153 2833 3219 dixi,
2867 3162 2926 3208 ut
2957 3154 3323 3212 instrumento
3355 3173 3372 3213 :

118 3243 302 3312 τήσας
337 3241 426 3294 καὶ
464 3240 656 3312 εὑρὼν,
691 3242 859 3294 ἔσωσε
895 3243 954 3294 τὸ
983 3243 1092 3312 (7‘2;
1121 3243 1413 3306 ἀπολωλός.
1455 3245 1702 3298 Ἀπολλ.

121 3332 313 3395 Ποίοις
368 3332 544 3400 λέγεις
605 3335 970 3401 σωματικοῑς;
1019 3333 1171 3400 Ὀρθ.
1221 3331 1476 3404 Σταυρῷ,
1528 3335 1703 3403 ταφῇ,

120 3423 444 3493 περιπάτῳ,
483 3424 616 3492 ἁφῇ,
652 3421 870 3494 βρώσει,
894 3423 1067 3488 πόσει,
1100 3423 1192 3476 καὶ
1218 3423 1318 3476 ὅσα
1355 3423 1560 3486 τούτοις
1580 3425 1707 3476 ἀκό-

118 3512 315 3565 λουθα.
362 3511 605 3564 Ἀπολλ.
637 3511 766 3575 Θεὸς
792 3508 859 3584 ἦν
883 3515 910 3565 6
935 3513 1102 3580 Λόγος
1133 3514 1161 3564 6
1192 3511 1469 3580 γεννηθεὶς
1501 3514 1562 3563 ὲκ
1590 3514 1708 3564 Μοι-

125 3601 290 3674 ρίας;
341 3604 492 3670 Ὄρθ.
536 3603 593 3657 ’0
628 3605 904 3676 γεννηθεὶς
934 3607 996 3658 ὲκ
1039 3604 1277 3676 Μαρίας,
1310 3603 1370 3656 τὸ
1403 3605 1466 3658 ὲκ
1506 3604 1706 3673 ταύτης

119 3694 182 3746 ὃν
205 3695 308 3763 τῆς
343 3692 548 3756 οὐσίας,
598 3694 698 3745 οὐκ
721 3688 786 3765 ἦν
811 3693 942 3757 Θεὸς
989 3694 1279 3757 οὐσιωδῶς,
1304 3694 1436 3747 ἀλλὰ
1461 3692 1704 3757 ὲνὼσεως

117 3783 434 3854 οἰκονομίᾳ.
456 3786 701 3838 Ἀπολλ.
725 3785 831 3837 Καὶ
853 3785 989 3848 πῶς,
1009 3803 1026 3835 ι
1058 3785 1428 3858 Εὐλογημένος
1452 3789 1479 3840 6
1497 3786 1704 3856 καρπὸς

118 3880 226 3950 τῆς
258 3876 467 3940 κοιλίας
503 3893 616 3939 σου,
644 3897 662 3928 ι
696 3875 942 3944 λέγεται;
970 3879 1123 3944 ὀρθ.
1143 3877 1359 3949 Ἐπειδὴ
1384 3878 1494 3947 (75)
1522 3879 1584 3930 ὲκ
1605 3878 1704 3947 τῆς

117 3969 319 4032 οὐσίας
349 3967 443 4020 τοῦ
477 3959 689 4040 Πατρός
715 3967 791 4021 ὢν
824 3967 953 4030 Θεὸς
979 3968 1169 4036 Λόγος,
1189 3971 1252 4022 ὲκ
1277 3970 1374 4041 τῆς
1399 3969 1584 4033 οὐσίας
1608 3972 1704 4024 αὑ-

116 4060 247 4130 τῆς,
271 4058 432 4111 ἕλαόε
461 4061 673 4131 μορφὴν
700 4059 904 4124 δούλου,
937 4061 1028 4113 καὶ
1076 4062 1313 4132 σχήματι
1358 4062 1599 4133 εὑρεθεὶς
1627 4061 1705 4128 ὼς

116 4151 222 4205 ἄνθ
233 4168 435 4221 ρωπος,
451 4150 659 4222 καρπὸς
673 4151 770 4222 τῆς
795 4151 998 4214 κοιλίας
1012 4153 1180 4223 αὐτῆς
1211 4153 1428 4224 εὑρέθη.
1451 4155 1701 4209 Ἀπολλ.

116 4242 406 4310 Συνῆπται
426 4235 517 4293 οὗν
536 4242 564 4293 ὁ
587 4241 757 4310 Λόγος
791 4241 868 4311 τῷ
898 4242 1149 4296 ἑνωθέντι
1183 4243 1392 4314 σώματι
1427 4244 1485 4309 ἐξ
1511 4247 1699 4317 αὺτῆςν

114 4332 196 4395 ὡς
229 4331 401 4396 ζῶον;
433 4332 584 4398 Ὀρθ.
619 4332 703 4395 Ὠς
742 4331 876 4396 ζῶον
912 4333 971 4385 οὐ
1005 4333 1340 4405 γέγραπται,
1398 4336 1510 4389 ἀλλ’
1542 4337 1617 4400 ὡς
1646 4340 1702 4391 ὲν

1811 3247 1864 3300 in
1900 3247 2066 3302 rebus
2092 3255 2268 3300 autem
2299 3244 2579 3315 corporeis
2599 3284 2614 3308 ,
2659 3259 2888 3314 corpore
2918 3263 2930 3299 :
2973 3253 3025 3300 et
3071 3247 3145 3300 ita
3177 3249 3374 3318 qua‘si-

1811 3345 1922 3390 tum
1947 3349 2000 3391 et
2029 3337 2303 3392 inventum
2331 3337 2380 3391 id
2408 3336 2550 3406 quod
2579 3337 2847 3406 perierat,
2887 3339 3142 3393 servavit.
3195 3340 3372 3408 Apoll.

1805 3426 2069 3490 Quaenam
2087 3442 2347 3495 corporea
2367 3427 2505 3481 dicis
2521 3427 2542 3460 ⁹
2570 3425 2724 3481 Orth.
2751 3427 3003 3500 Crucem,
3017 3429 3350 3497 sepulturam

1809 3518 2248 3578 ambulationem,
2281 3526 2506 3579 tactum,
2528 3519 2732 3585 cibum,
2763 3528 2948 3588 potum
2971 3561 2986 3586 ,
3035 3528 3089 3576 et
3114 3537 3374 3591 quaecum

1808 3627 1912 3678 que
1943 3618 2069 3663 sunt
2102 3610 2434 3678 Imjusmodi.
2471 3611 2646 3678 Apoll.
2705 3612 2774 3664 At
2820 3628 3003 3667 nonne
3057 3613 3202 3668 Deus
3253 3624 3374 3670 erat

1808 3705 2041 3761 Verbum
2066 3707 2156 3774 qui
2189 3707 2403 3775 genitus
2435 3715 2518 3761 est
2546 3723 2608 3761 ex
2638 3706 2843 3760 Maria?
2882 3708 3036 3763 Orlh.
3079 3709 3182 3775 Qui
3221 3715 3374 3780 geni-

1807 3804 1904 3851 tus.
1927 3804 2010 3850 est
2036 3811 2098 3850 cx
2131 3795 2317 3856 Maria,
2345 3805 2606 3865 quantum
2649 3796 2716 3850 ad
2760 3797 2812 3851 id
2856 3799 3078 3865 attinet,
3129 3801 3272 3870 quod
3305 3817 3371 3856 ex

1805 3887 1992 3942 eadem
2030 3895 2113 3941 est
2142 3887 2443 3942 substantia
2497 3895 2660 3958 atque
2691 3887 2892 3953 Maria,
2937 3906 3043 3944 non
3087 3899 3203 3946 erat
3231 3889 3372 3947 Deus

1807 3978 2274 4040 substantialiter,
2331 3977 2426 4032 sed
2496 3979 2801 4033 ueconomia
2859 3981 3139 4036 unitionis.
3197 3983 3368 4050 Apoll.

1803 4068 2086 4136 Quomodo
2118 4071 2280 4140 igitur
2307 4070 2508 4123 dicitur
2537 4088 2549 4124 :
2587 4089 2605 4122 ι
2646 4070 2972 4127 Benedictus
2998 4072 3208 4130 fructus
3236 4092 3370 4130 ven-

1809 4163 1910 4217 tris
1934 4163 2012 4216 tui
2045 4163 2128 4215 7"!
2163 4182 2182 4214 ι
2212 4161 2364 4217 Orth.
2397 4162 2666 4229 Quoniam
2699 4163 2840 4221 Deus
2864 4163 3097 4221 Verbum
3125 4167 3374 4237 quodest

1805 4270 1868 4309 ex
1902 4253 2077 4308 Patris
2127 4255 2469 4317 substantia,
2527 4254 2752 4310 formam
2813 4258 2953 4312 servi
3017 4261 3268 4330 accepit,
3318 4271 3374 4315 et

1807 4343 1988 4398 habitu
2021 4342 2297 4398 inventum
2330 4352 2388 4396 ut
2427 4343 2607 4411 homo,
2649 4345 2858 4401 fructus
2887 4347 3050 4402 etiam
3092 4363 3213 4402 esse
3242 4365 3373 4402 vcn-

114 4419 242 4490 ναῷ
264 4418 448 4483 ζῶντι.
473 4422 718 4474 Ἀπολλ.
755 4422 863 4474 Καὶ
891 4423 948 4474 ὲν
964 4424 1175 4495 ἑκάστῳ
1206 4425 1312 4478 τῶν
1334 4426 1502 4494 ἁγίων
1531 4427 1703 4492 οὕτως

1806 4435 1906 4488 tris
1929 4433 2100 4502 ipsius
2124 4442 2460 4504 compertum
2486 4440 2587 4487 est.
2620 4435 2789 4502 Apoll.
2823 4435 3261 4505 Conjunctumne
3289 4445 3370 4490 est

114 4513 294 4574 ἐστὶν,
328 4511 402 4575 ὡς
437 4513 493 4566 ὲν
518 4512 626 4582 ναῷ
654 4511 850 4580 ζῶντις
895 4515 1046 4582 Ὀρθ.
1067 4517 1176 4586 Οὐχ
1206 4516 1396 4580 οὕτως.
1433 4519 1699 4583 Ἕκαστος

1806 4525 1968 4594 igitur
1998 4524 2235 4580 Verbum
2270 4511 2422 4580 unite
2452 4529 2670 4599 corpori
2724 4542 2791 4582 ex
2847 4527 3013 4581 Maria
3047 4527 3334 4597 desumpto
3354 4568 3368 4595 ,

113 4606 232 4676 γὰρ
264 4604 374 4656 τῶν
421 4604 588 4672 ἁγίων
613 4606 862 4660 τοσοῦτον
890 4607 1104 4675 ἐγένετο
1128 4610 1275 4673 ναὸς,
1309 4612 1430 4664 ὅσον
1470 4612 1695 4684 ἐδυνήθη

1806 4617 1946 4672 sicut
1975 4617 2220 4672 animal?
2247 4616 2399 4673 Orlh.
2435 4619 2551 4674 Non
2588 4620 2855 4690 scriptum
2886 4629 3000 4682 est,
3066 4621 3208 4674 sicut
3254 4621 3372 4673 ani—

113 4697 177 4763 ὲξ
231 4695 437 4766 ἀρετῆς
487 4698 582 4749 καὶ
622 4697 904 4768 ἀσκήσεως
949 4700 1308 4771 κατορθῶσαι.
1343 4703 1603 4757 Ἐνταῦοα
1642 4703 1697 4756 δὲ

113 4787 231 4838 πᾶν
258 4783 320 4837 τὸ
348 4783 620 4855 πλήρωμα
657 4787 755 4858 τῆς
789 4786 1040 4861 θεότητος
1087 4795 1358 4844 κατοικεῖ’
1397 4794 1490 4845 καὶ
1517 4794 1564 4845 οἱ
1599 4793 1697 4864 μὲν

115 4877 270 4944 ἅγιοι
303 4877 517 4946 μορφὴν
546 4875 678 4928 Θεοῦ
708 4878 992 4948 εἰλήφασιν
1025 4881 1083 4932 ὲν
1116 4881 1282 4952 ἀρετῇ
1322 4881 1698 4950 κατορθώσαν-

109 4985 234 5032 τες,
284 4967 517 5021 ὲνταῦθα
568 4969 624 5022 δὲ
662 4971 690 5022 6
734 4969 908 5037 Λόγος
965 4973 1178 5042 μορφὴν
1231 4972 1414 5026 δούλου
1488 4973 1694 5030 ἐλαϐεν.

124 5063 380 5132 Ἀπολλ.
417 5059 600 5126 Οὕτως
636 5062 696 5114 τὸ
727 5063 791 5114 ὲκ
815 5062 989 5135 ψυχῆς
1015 5065 1107 5117 καὶ
1136 5063 1383 5134 σώματος
1408 5065 1696 5131 συνεστὼς,

111 5151 408 5222 ἄνθρωπός
440 5154 606 5206 ἐστιν.
643 5156 798 5221 Ὀρθ.
835 5155 897 5208 El
932 5155 1100 5226 χωρὶς
1137 5155 1230 5209 τοῦ
1275 5157 1450 5226 Λόγου
1506 5161 1694 5221 νοοῖτο,

112 5244 228 5296 ναί.
257 5243 321 5294 Εἰ
346 5240 402 5294 δὲ
430 5243 528 5295 οὐκ
555 5243 700 5297 ἔστιν
725 5245 811 5297 ὅτε
851 5246 1019 5316 χωρὶς
1042 5246 1135 5299 τοῦ
1157 5248 1327 5316 Λόγου
1353 5252 1569 5311 νοεῖται,
1598 5252 1698 5305 οὐκ

112 5334 266 5388 ἔστιν
296 5331 581 5402 ἄνθρωπος
605 5325 776 5406 ψιλὸς,
812 5337 948 5391 ἀλλὰ
975 5339 1106 5403 θεὸς
1138 5341 1327 5393 ἑνώσει
1369 5341 1464 5394 106
1496 5343 1691 5411 Λόγου.

126 5426 380 5477 Ἀπολλ.
400 5424 455 5478 '0
472 5425 749 5497 γεννηθεὶς
765 5429 827 5481 ἐκ
843 5428 1057 5500 Μαρίας
1081 5431 1202 5494 ναὸς
1219 5431 1422 5502 Ἰησοῦς
1448 5436 1612 5496 ἐστιν,
1629 5433 1694 5488 δι’

185 5579 235 5611 ⁷³
275 5579 410 5635 Luc.
449 5597 503 5643 ι,
533 5581 622 5636 42.
697 5585 745 5615 ⁷⁵
783 5584 998 5641 Coloss.
1037 5603 1106 5650 ιι,
1137 5587 1189 5641 9.

187 5735 303 5806 (.70)
335 5717 508 5809 [’alat.
542 5741 633 5792 καὶ
662 5739 842 5793 οὐκέτι
873 5740 968 5794 δύο
1001 5742 1088 5809 ἠγ.

188 5809 308 5880 (7|)
345 5807 436 5863 Sic
480 5827 610 5865 mss.
646 5820 809 5865 recte.
844 5811 985 5866 Εὐιιί
1013 5807 1160 5871 vero.
1197 5813 1287 5866 1‘»)
1323 5810 1469 5871 νοῦν.

416 5900 687 5964 Parnm.
723 5905 837 5969 Gtt.
897 5903 1190 5968 XXVIII.

1804 4707 1932 4772 mal,
1958 4707 2074 4770 sed,
2096 4717 2152 4762 ut
2183 4708 2236 4761 in
2265 4709 2466 4779 templo
2489 4710 2631 4764 vivo.
2681 4709 2856 4777 Apoll.
2905 4708 3066 4779 Atqui
3091 4708 3146 4763 in
3176 4710 3370 4778 quovis

1804 4808 2114 4854 sanctorum
2155 4809 2272 4861 est,
2301 4807 2362 4853 ut
2404 4801 2456 4853 in
2485 4801 2684 4869 templo
2721 4801 2863 4856 vivo.
2907 4798 3060 4854 Orth.
3114 4798 3233 4853 Non
3271 4799 3367 4854 ita.

1803 4890 1938 4944 Nam
1964 4899 2278 4945 sanctorum
2308 4894 2684 4962 unusquisque
2707 4899 2933 4946 eatenus
2959 4891 3061 4945 luit
3084 4892 3367 4962 templum,

1800 4992 2071 5054 quatenus
2116 4983 2292 5052 potuit
2327 5001 2391 5038 ex
2420 4984 2623 5040 virtute
2661 4993 2714 5039 et
2755 4983 2972 5040 vivendi
3001 5000 3101 5039 usu
3130 4990 3277 5040 recte
3311 4999 3370 5036 se

1803 5087 2028 5142 gerere:
2071 5071 2160 5125 hic
2192 5087 2318 5127 vero
2348 5091 2366 5124 ι
2405 5074 2584 5128 omnis
2616 5073 2901 5144 plenitudo
2946 5072 3166 5128 deitatis
3214 5071 3372 5126 inha-

1801 5161 2020 5217 bitat“.
2063 5180 2081 5213 ι
2113 5161 2274 5236 462
2307 5161 2567 5234 Etsznucti
2593 5163 2813 5234 quidem
2843 5163 3071 5217 formam
3095 5163 3188 5217 Dei
3214 5177 3371 5216 acce-

1800 5262 1996 5324 perunt
2041 5265 2311 5324 quatenus
2344 5256 2510 5310 vitam
2557 5272 2622 5312 ex
2663 5256 2864 5311 virtute
2913 5264 3060 5312 recte
3093 5263 3374 5324 transege-

1801 5355 1949 5407 runt.
1973 5346 2060 5401 bic
2081 5363 2208 5400 vero
2234 5345 2469 5401 Verbum
2508 5349 2736 5402 formam
2767 5347 2912 5403 servi
2941 5344 3370 5417 accepit.Apoll.

1801 5433 1988 5507 Itaque
2013 5437 2157 5509 quod
2203 5453 2269 5494 ex
2318 5439 2502 5493 animo
2530 5448 2583 5494 et
2631 5454 2861 5508 corpore
2895 5446 3144 5504 constat,
3206 5440 3372 5492 homo

2131 5743 2505 5820 Palat.__.rp_c_tc.
2550 5744 2871 5820 Editiivero,
2900 5749 3076 5819 ἧνωσε
3109 5748 3192 5802 τό.

1865 5811 1973 5884 (75)
2011 5811 2101 5870 Sic
2132 5829 2262 5876 mss.
2301 5815 2437 5871 ΕΔΜ
2475 5832 2622 5883 νοω,
2667 5818 2836 5872 Ἐπἐί.

2977 5912 3052 5978 ω
