3982 6398
554 314 577 367 1
588 312 691 368 9.59

1699 294 1757 349 S.
1795 289 2252 349 ATllANASlUS.
2294 318 2361 331 -ι
2392 288 2665 346 δουιιιιι.

3645 289 3762 344 1πο

549 445 652 490 est.
698 430 847 488 Orlh.
885 427 1045 488 Sane,
1079 424 1125 479 si
1156 420 1594 477 consideraretur
1625 416 1856 471 seorsim
1906 429 1936 467 a
1980 412 2112 467 νει·-

2225 407 2272 466 ιῦ
2299 413 2368 466 τὰ
2395 413 2589 466 πάντα.
2614 413 2770 479 Ὀρθ.
2802 412 2857 463 ὐ
2886 409 3164 481 γεννηθεὶς
3196 408 3259 462 ὲκ
3278 409 3505 480 ,Μαρίας
3537 409 3598 461 οὔ
3630 408 3763 470 κενὸς

549 526 638 581 bo.
678 522 832 588 Quod
861 518 908 576 si
939 530 1213 586 nunquam
1236 520 1343 566 uta
1369 508 1546 564 Verbo
1573 509 1883 576 seiunctum
1927 507 2108 560 consi-

549 617 790 676 deratur,
819 624 1008 679 nempe
1056 622 1164 662 non
1192 612 1276 658 est
1299 604 1462 657 homo
1492 600 1694 665 nudus,
1726 597 1821 653 sed
1857 598 1997 652 Deus
2040 597 2111 651 ob

549 705 710 760 Verbi
747 703 1065 757 unitionem.
1099 696 1274 766 Apoll.
1306 693 1591 762 Templum
1638 707 1706 746 ex
1758 689 1927 743 Maria
1960 689 2110 758 geni-

548 806 685 859 tum,
718 805 800 849 est
828 792 1015 853 Jesus,‘
1039 804 1135 859 per
1157 802 1320 858 quem
1350 784 1552 840 omnia.
1585 782 1737 839 Orlh.
1761 782 1862 848 Qui
1895 785 2110 852 genitus

547 898 721 944 estex
754 884 956 947 Maria,
1012 897 1120 936 nou
1166 887 1249 934 est
1292 878 1511 948 genitus
1555 891 1762 930 vacuus
1796 890 1892 928 seu
1930 873 2112 941 scopis

547 979 860 1041 mundatus,
892 974 986 1030 sed
1023 989 1126 1026 una
1160 987 1283 1025 cum
1319 969 1538 1039 templo,
1565 968 1794 1037 ideoque
1815 976 1899 1021 est
1924 964 2109 1028 Jesus,

545 1083 645 1138 per
673 1081 835 1137 quem
868 1063 1067 1117 omnia.
1106 1059 1291 1128 Neque
1321 1072 1449 1112 vero
1474 1057 1737 1125 templum
1766 1070 1902 1107 voco
1926 1053 2111 1107 Jesum

548 1162 756 1230 absque
778 1157 980 1219 Verbo,
1004 1168 1181 1223 neque
1212 1152 1444 1206 Verbum
1497 1164 1631 1203 voco
1677 1146 1861 1203 Jesum
1910 1146 2115 1215 absque

546 1253 750 1323 templo
776 1268 790 1305 :
824 1249 917 1303 sed
945 1262 1008 1302 ex
1035 1262 1101 1302 eo
1131 1254 1372 1313 tempore
1410 1241 1645 1297 Verbum
1677 1240 1887 1309 accepit
1917 1253 2114 1293 nomen

544 1341 698 1404 Jesu,
731 1355 796 1395 ex
825 1352 934 1408 quo
960 1335 1173 1392 sanavit
1211 1331 1572 1387 contritiones
1606 1329 1788 1398 populi
1826 1328 1932 1381 sui.
1962 1326 2116 1380 Tunc

550 1442 733 1489 autem
764 1428 998 1493 sanavit,
1029 1423 1247 1496 quando
1293 1423 1547 1492 dignatus
1588 1429 1673 1475 est
1701 1420 1845 1475 servi
1888 1417 2117 1472 formam

549 1529 818 1595 accipere.
862 1521 979 1576 lloc
1022 1521 1191 1588 igitur
1223 1515 1480 1578 Verbum,
1511 1513 1656 1584 quod
1713 1528 1857 1567 nunc
1898 1518 2119 1581 propter

546 1616 910 1675 oeconomiam
939 1613 1144 1667 dictum
1174 1618 1259 1665 est
1304 1607 1464 1662 Jesus
1488 1646 1503 1670 ,
1548 1608 1596 1661 is
1630 1615 1747 1667 est,
1806 1619 1903 1673 per
1956 1617 2116 1673 quem

546 1710 731 1765 omnia
765 1726 779 1762 :
809 1715 864 1761 et
901 1700 1357 1775 quemadmodum
1404 1699 1709 1752 cauterium
1739 1692 2118 1749 animadverto

2214 503 2474 574 ἐγεννήθη
2495 504 2586 555 καὶ
2610 501 2989 571 σεσαρωμένος
3014 500 3145 569 (7-4),
3174 498 3310 552 ἀλλὰ
3342 498 3479 568 μετὰ
3500 496 3595 550 τοῦ
3623 496 3760 550 ναοῦ·

2211 597 2290 650 διὸ
2323 597 2417 649 καὶ
2441 595 2603 657 αὑτός
2622 596 2769 647 ἐστιν
2793 592 3019 663 Ἰησοῦς,
3049 592 3114 645 δι’
3148 584 3209 643 οὗ
3236 592 3304 644 τὰ
3333 591 3531 643 πάντα.
3564 588 3696 641 Οὔτε
3716 589 3765 643 δὶ

2211 688 2303 740 τὸν
2331 687 2457 741 ναὸν
2499 684 2649 739 καλῶ
2706 683 2913 755 Ἰησοῦν
2951 684 3118 754 χωρὶς
3160 682 3254 735 τοῦ
3292 683 3488 750 Λόγου,
3542 680 3663 733 οῦτε
3689 680 3768 734 τὸν

2214 778 2385 846 Λόγον
2416 779 2582 849 χωρὶς
2609 775 2703 830 τοῦ
2744 776 2872 829 ναοῦ
2900 775 3110 845 Ἰησοῦν
3130 792 3142 804 ·
3176 774 3288 827 ἀλλ’
3314 773 3501 826 ἔκτοτε
3530 771 3726 843 Ἰησοῦς
3746 775 3771 825 ὁ

2214 871 2386 939 Λόγος
2413 870 2695 940 κέκληται,
2722 869 2781 933 ἐξ
2810 865 2870 924 οὗ
2903 868 2997 922 καὶ
3050 869 3235 922 ἰάσατο
3283 865 3354 918 τὰ
3407 865 3771 936 συντρίμματα

2213 962 2308 1014 τοῦ
2332 960 2461 1014 λαοῦ
2490 958 2676 1015 ῶτοῦ.
2708 961 2841 1013 Τότε
2873 959 2927 1013 δὲ
2968 960 3175 1021 ἰάσατο,
3202 959 3289 1011 ὅτε
3324 956 3630 1025 κατηξίωσε
3659 972 3773 1028 μορ-

2218 1054 2324 1125 φὴν
2342 1054 2526 1107 δούλου
2552 1052 2753 1107 λαϐεῖν.
2780 1046 2948 1115 υῦτος
2972 1052 3081 1123 (75)
3103 1047 3195 1104 οὖν
3226 1053 3254 1104 6
3293 1051 3485 1118 Λόγος,
3518 1047 3656 1101 όνῦν
3681 1049 3772 1117 ’1η-

2219 1145 2345 1207 σοῦς
2366 1143 2453 1197 διὰ
2479 1146 2577 1215 τὴν
2609 1144 2917 1213 οἰκονομίαν
2955 1141 3198 1213 κληθεὶς,
3236 1141 3396 1204 αὐτός
3427 1142 3599 1201 ἐστιν,
3631 1138 3695 1191 δι’
3721 1131 3775 1189 οῦ

2216 1236 2286 1290 τὰ
2324 1236 2526 1289 πάνταο
2562 1237 2654 1289 καί¹
2702 1234 2889 1305 ὥσπερ
2918 1234 3008 1286 τὸν
3032 1234 3277 1303 καυτῆρα
3308 1230 3419 1302 πῦρ
3451 1230 3546 1283 καὶ
3580 1230 3775 1300 σίδηρον

2219 1326 2352 1391 νοῶ,
2406 1326 2577 1390 οὕτως
2641 1325 2844 1396 Ἰησοῦν
2894 1324 3024 1377 Θεὸν
3064 1324 3236 1392 Λόγον
3275 1321 3776 1392 ἐνανθρωπήσαντα.

2233 1418 2555 1472 Ἀπολλ.ὐ
2580 1417 2721 1481 ναὸς,
2762 1417 2829 1469 δι’
2854 1412 2915 1471 οῦ
2943 1417 3012 1470 τὰ
3035 1417 3233 1479 πάντα,
3280 1414 3313 1485 ῆ
3342 1417 3372 1467 6
3416 1416 3475 1467 ἐν
3526 1412 3606 1482 τῷ
3649 1410 3778 1481 ναῷ;

2234 1510 2385 1577 Ὀρθ.
2420 1510 2509 1579 Μὴ
2547 1508 2741 1581 διαίρει
2774 1509 2863 1562 τὸν
2896 1509 3020 1562 ναὸν
3064 1508 3158 1561 τοῦ
3194 1505 3553 1568 ἐνοικοῦντος.
3599 1504 3662 1557 El
3690 1503 3781 1573 γὰρ

2225 1621 2244 1651 ι
2284 1604 2311 1653 ὁ
2341 1599 2677 1670 κολλώμενος
2708 1599 2788 1671 τῷ
2815 1600 3004 1673 Κυρίῳ
3049 1599 3107 1653 ἓν
3145 1598 3365 1670 πνεῦμά
3393 1600 3532 1661 ἐστι,
3575 1616 3593 1648 ι
3620 1594 3782 1666 πολλῷ

2222 1692 2439 1755 πλεῖον,
2472 1693 2601 1746 ὅταν
2664 1694 2694 1745 6
2764 1691 2967 1762 Κύριος
3025 1691 3251 1761 λέγηται
3320 1690 3414 1744 καὶ
3480 1687 3782 1757 πιστεύηται

545 1802 729 1869 ignem
763 1797 924 1854 simul
951 1801 1005 1849 et
1031 1793 1234 1847 ferrum
1256 1804 1411 1854 esse;
1449 1788 1523 1840 ita
1548 1785 1714 1841 etiam
1751 1783 1936 1839 Jesum
1960 1782 2118 1836 intel-

2225 1782 2454 1854 ἡνῶσθαι
2484 1785 2664 1855 μορφῇ
2692 1781 2902 1845 δούλου,
2930 1778 3009 1846 εἷς
3042 1783 3189 1835 ἔστιν
3223 1781 3385 1845 αὐτὸς
3413 1779 3549 1843 Θεὸς
3584 1778 3676 1832 καὶ
3704 1777 3784 1831 ἄν·

548 1893 658 1962 ligo
685 1905 811 1945 esse
839 1888 1006 1941 Deum
1038 1882 1269 1938 Verbum
1290 1920 1306 1945 ,
1361 1880 1636 1934 hominem
1666 1875 1896 1930 factum.
1940 1872 2115 1941 Apoll.

2225 1874 2412 1945 θρωπε
2422 1892 2459 1937 ς.

549 1990 801 2059 lpsumne
830 1981 1110 2051 templum,
1140 1993 1208 2032 an
1237 1975 1331 2046 qui
1358 1975 1412 2029 in
1436 1972 1636 2042 templo
1666 1977 1771 2035 est,
1801 1969 1850 2024 is
1883 1977 1989 2032 est,
2049 1983 2146 2038 per
2182 1983 2343 2039 quem
2369 1970 2596 2023 omnia?
2657 1968 2809 2025 Orllt.
2878 1967 2957 2022 Ne
3014 1982 3204 2040 separa
3239 1968 3503 2038 templum
3571 1964 3642 2019 ab
3693 1978 3781 2027 eo,

545 2057 640 2156 qui
680 2084 736 2136 in
763 2079 964 2146 templo
997 2074 1221 2129 habitat.
1276 2069 1411 2125 Nam
1451 2069 1496 2124 si
1563 2085 1582 2119 ι
1650 2065 1966 2156 quicunque
2019 2064 2386 2134 agglutiuatus
2453 2071 2537 2119 est
2604 2063 2855 2123 Domino.
2925 2077 3068 2118 unus
3103 2082 3122 2114 ι
3192 2077 3317 2115 cum
3369 2075 3437 2114 εο
3507 2078 3525 2109 ι
3575 2057 3783 2129 spiritus

545 2189 631 2234 est
652 2179 722 2238 ".
744 2196 764 2229 ι
808 2173 981 2228 multo
1004 2169 1184 2240 magis
1214 2180 1338 2223 cum
1373 2163 1577 2219 dicitur
1604 2168 1660 2218 et
1691 2150 1938 2216 creditur
1958 2156 2221 2216 Dominus
2271 2160 2460 2216 unitus
2485 2175 2607 2215 esse
2638 2157 2826 2213 forma:
2859 2159 3032 2225 servi,
3096 2172 3238 2212 unus
3264 2163 3351 2211 est
3415 2154 3537 2225 ipse
3567 2152 3707 2208 Deus
3738 2158 3785 2206 et

548 2276 733 2328 homo.

613 2370 671 2425 6.
703 2365 878 2437 Apoll.
910 2363 1081 2417 llomo
1106 2361 1276 2432 igitur
1303 2373 1412 2413 non
1442 2362 1548 2423 est,
1568 2353 1663 2426 qui
1684 2368 1754 2408 ex
1799 2349 1971 2405 Maria
2018 2362 2114 2419 ge-

548 2463 696 2519 nitus
728 2459 848 2515 est?
888 2455 1039 2512 Orth.
1076 2449 1429 2508 Solummodo
1482 2446 1705 2519 quidem
1759 2444 1961 2504 homo,
2021 2454 2119 2495 ne-

547 2565 842 2624 quzzquam.
905 2544 1079 2616 Apoll.
1133 2541 1240 2598 Sed
1300 2539 1562 2611 quidnam
1614 2533 1923 2608 pneterea?
1962 2529 2117 2587 Ortlt.

552 2622 657 2699 Sed
682 2622 851 2697 etiam
884 2638 1046 2693 Deus.
1079 2632 1390 2689 Sicu‘tenim
1423 2629 1575 2685 Isaac
1601 2627 1821 2699 genitus
1852 2639 1918 2678 ex
1945 2622 2124 2677 Abra-

551 2740 733 2795 liumo.
764 2747 867 2788 nec
892 2730 1032 2784 alius
1064 2728 1354 2798 quisquam
1378 2723 1683 2784 hominum,
1712 2726 1798 2774 est
1830 2732 1958 2772 caro
1984 2715 2124 2769 duu-

552 2836 723 2891 taxat,
758 2824 854 2881 sed
883 2812 1261 2891 unusquisque
1304 2823 1551 2871 nostmm
1578 2812 1799 2884 genitus
1824 2817 1909 2864 est
1958 2807 2124 2862 homo

554 2934 619 2971 ex
663 2914 922 2978 nomine,
981 2926 1091 2965 non
1143 2906 1289 2979 quod
1323 2906 1504 2959 anima
1557 2900 1842 2955 rationalis
1895 2900 2126 2953 alteram

553 3008 790 3062 animam
826 3002 1144 3057 rationalem
1198 2997 1475 3069 genuerit;
1532 2994 1785 3065 quamvis
1831 2993 1996 3047 homo
2052 2990 2124 3045 sit

2285 2344 2338 2399 6.
2375 2344 2618 2398 Ἀπολλ.
2642 2339 2850 2396 Οὐκοῦν
2881 2341 2980 2395 οῦκ
3003 2338 3148 2394 ἔστιν
3180 2338 3466 2410 ἄνθρωπος
3486 2339 3517 2392 6
3545 2356 3785 2411 γεγεννη-

2222 2436 2381 2509 μένος
2396 2439 2460 2490 ὲκ
2482 2434 2731 2506 Μαρίας;
2749 2434 2905 2500 Ὀρθ.
2926 2432 3104 2486 Μόνον
3126 2430 3431 2502 ἄνθρωπος.
3454 2430 3539 2484 οῦ.
3556 2433 3784 2485 Ἀπολλ.

2237 2527 2397 2581 Ἀλλά
2419 2530 2512 2580 καὶ
2530 2525 2617 2590 τί;
2646 2525 2801 2592 Ὀρθ.
2834 2522 2995 2575 Ἀλλὰ
3020 2523 3114 2576 καὶ
3139 2522 3300 2586 Θεός·
3331 2522 3408 2585 ὡς
3429 2523 3542 2594 γὰρ
3564 2523 3665 2575 οὐκ
3687 2523 3786 2574 ἔστι

2227 2618 2386 2689 μόνον
2419 2614 2555 2688 σὰρξ
2604 2615 2789 2669 Ἰσαὰκ
2819 2612 3213 2683 γεγεννημένος
3268 2606 3332 2666 ἐ⁹κ
3392 2610 3489 2665 τοῦ
3530 2611 3785 2684 Ἀϐραὰμ,

2226 2708 2347 2762 οὐδὲ
2390 2707 2545 2771 ἄλλος
2588 2723 2674 2771 τις
2709 2705 2816 2758 τῶν
2860 2703 3181 2776 ἀνθρώπων,
3233 2703 3369 2756 ἀλλὰ
3425 2703 3709 2774 ἄνθρωπος
3738 2703 3788 2768 ἐξ

2228 2800 2512 2871 ἀνθρώπου
2541 2799 2858 2869 γεγέννηται
2889 2797 3119 2861 ἕκαστος
3153 2795 3330 2866 ἡμῶν,
3360 2794 3423 2847 οῦ
3457 2796 3789 2866 γεννωμένης

2228 2891 2405 2962 ψυχῆς
2431 2891 2652 2961 λογικῆς
2690 2892 2753 2943 ὲκ
2781 2889 2959 2960 ψυχῆς
3007 2887 3259 2958 λογικῆς·
3295 2886 3545 2955 καίτοιγε
3583 2887 3675 2940 τοῦ
3704 2888 3793 2940 ἀνα

2230 2983 2448 3055 θρώπου
2473 2985 2537 3036 ὲκ
2564 2982 2738 3053 ψυχῆς
2765 2981 2984 3052 λογικῆς
3006 2980 3099 3033 καὶ
3124 2978 3372 3050 σώματος
3398 2979 3753 3049 συγκειμένου
3771 2992 3785 3011 ·

553 3116 618 3152 ex
649 3096 828 3151 anima
866 3092 1121 3147 rationali
1150 3100 1205 3146 et
1232 3103 1463 3158 corpore
1492 3086 1828 3155 compositus
1855 3100 1869 3150 ;
1930 3084 2002 3137 ita
2046 3082 2117 3135 il-

2225 3074 2361 3129 οὕτω
2392 3074 2523 3127 Θεὸν
2552 3073 2693 3141 λέγω
2725 3072 2815 3127 τὸν
2850 3075 2913 3125 ὲκ
2945 3072 3161 3141 Μαρίας
3185 3071 3613 3141 γεγεννημένον,
3656 3071 3787 3141 ψυχῇ

558 3192 691 3253 lum,
717 3188 810 3258 qui
837 3201 905 3240 ex
928 3183 1095 3238 Maria
1119 3182 1334 3252 genitus
1358 3187 1464 3241 est,
1484 3178 1695 3248 appello
1720 3176 1908 3238 Deum,
1934 3174 2128 3227 animus

560 3280 814 3334 videlicet
837 3285 892 3330 et
922 3275 1138 3344 corpori
1180 3272 1414 3326 unitum.
1468 3267 1933 3335 Quemadmodum
1981 3265 2127 3319 enim

562 3374 607 3425 si
638 3369 823 3423 anima
877 3363 1097 3435 corpori
1130 3362 1284 3433 unita
1316 3360 1516 3422 fuerit,
1560 3357 1798 3427 gignitur
1844 3355 2004 3408 homo
2032 3367 2130 3421 per

559 3458 968 3522 rnulierem,ita
1002 3454 1144 3511 Deus
1168 3452 1425 3514 Verbum,
1460 3450 1552 3504 ubi
1581 3450 1788 3503 unitum
1819 3454 1903 3499 est
1935 3444 2131 3497 animae

557 3560 615 3602 et
646 3548 885 3618 corpori,
918 3544 1134 3616 genitus
1155 3550 1237 3597 est
1269 3540 1411 3595 Deus
1441 3549 1494 3593 et
1525 3539 1686 3592 homo
1712 3552 1805 3606 per
1820 3536 2129 3589 mulierem.

559 3638 735 3707 Apoll.
767 3636 935 3708 Atqui
981 3655 997 3685 ι
1038 3632 1362 3689 exmuliere
1399 3649 1417 3681 ι
1454 3628 1724 3697 scriptum
1756 3635 1840 3680 est
1870 3627 1936 3676 ⁷⁵.
1972 3621 2127 3678 Orth.

560 3730 636 3785 Es
663 3730 913 3790 inuliere,
949 3722 1246 3780 secundum
1298 3734 1560 3775 carnem:
1599 3733 1692 3787 per
1723 3716 2001 3769 mulierem
2047 3727 2133 3767 se-

560 3822 800 3877 cundum
832 3818 1120 3888 Spiritum.
1162 3812 1336 3881 Apoll.
1376 3810 1642 3880 'Pr0prius
1693 3809 1783 3862 ille
1813 3805 1905 3860 Dei
1938 3804 2129 3865 Filius,

560 3931 722 3985 quem
758 3929 856 3983 pro
894 3911 1051 3965 nobis
1089 3905 1354 3967 tradidit,
1412 3902 1664 3972 quisnam
1711 3905 1814 3961 est,
1854 3895 2130 3957 Verbum,

2225 3169 2321 3222 καὶ
2350 3165 2559 3236 σώματι
2601 3164 2887 3220 ὲνωθέντα.
2936 3163 3200 3234 Καθάπερ
3226 3162 3335 3234 γάρ
3365 3162 3632 3217 ἐνωθεῖσα
3662 3162 3791 3232 ψυχὴ

2228 3259 2458 3330 σώματι,
2483 3258 2736 3325 γεννᾶται
2766 3256 3046 3326 ἄνθρωπος
3062 3254 3151 3307 διὰ
3178 3254 3459 3322 γυναικὸς,
3478 3253 3655 3317 οὕτως
3679 3254 3793 3305 ἑνω-

2226 3351 2341 3414 θεὶς
2386 3348 2517 3412 Θεὸς
2571 3348 2739 3416 Λόγος
2766 3346 2908 3417 ψυχῇ
2942 3347 3036 3398 καὶ
3069 3347 3301 3416 σώματι,
3363 3345 3630 3415 ἐγεννήθη
3676 3343 3793 3405 Θεὸς

2227 3442 2322 3496 καὶ
2350 3438 2632 3510 ἄνθρωπος
2678 3437 2766 3491 διὰ
2796 3438 3070 3506 γυναικός.
3101 3436 3350 3489 Ἀπολλ.
3380 3436 3645 3505 Καίτοιγε
3695 3454 3712 3485 ι
3738 3437 3791 3485 ἐκ

2227 3532 2484 3603 γυναικὸς
2521 3549 2541 3581 ι
2599 3524 2924 3600 γέγραπται.
2977 3529 3127 3597 Ὀρθ.
3192 3529 3287 3582 Ἐκ
3337 3528 3601 3597 γυναικὸς
3668 3525 3793 3581 κατὰ

2230 3627 2429 3696 σάρκα,
2461 3622 2546 3677 διὰ
2580 3621 2680 3691 τῆς
2719 3620 2977 3689 γυναικὸς
3007 3619 3148 3674 κατὰ
3179 3620 3419 3691 πνεῦμα.
3459 3622 3719 3679 Ἀπολλ,
3744 3620 3794 3670 ’0

2232 3714 2360 3777 ἴδιος
2414 3712 2543 3775 Υἱὸς
2589 3709 2686 3763 τοῦ
2737 3708 2893 3772 Θεοῦ,
2948 3709 3006 3762 ὃν
3068 3709 3386 3782 παρέδωκεν
3442 3709 3586 3779 ὑπὲρ
3632 3707 3792 3779 ἡμῶν.

2228 3807 2313 3868 τίς
2345 3808 2528 3869 ὲστιν;
2581 3806 2610 3856 6
2642 3803 2833 3871 Λόγος.
2888 3801 2921 3872 ἦ
2960 3805 2989 3855 6
3024 3802 3348 3874 ἄνθρωποςς
3385 3803 3544 3870 Ὀρθ.
3592 3804 3647 3855 '0
3682 3802 3796 3863 ἴδιος

2232 3898 2358 3960 Υἱὸς
2390 3897 2481 3951 τοῦ
2510 3894 2668 3959 Θεοῦ,
2718 3893 2877 3956 αὐτός
2911 3895 3056 3946 ἐστιν
3096 3911 3114 3945 ι
3154 3894 3183 3945 6
3211 3893 3560 3957 ταπεινώσας
3601 3894 3794 3953 ἑαυτὸν,

563 3984 631 4061 an
673 4004 874 4060 homo?
906 4000 1063 4056 Orlh.
1099 3996 1364 4067 Proprius
1406 3993 1502 4050 Dei
1560 3991 1730 4045 Filius
1776 3989 1866 4043 ille
1888 3998 2005 4050 est,
2039 3987 2124 4057 qui

2235 3990 2448 4061 peperrth
2478 3988 2664 4041 δούλου
2681 3984 2881 4049 λαϐὼν,
2909 4005 2927 4036 ι
2952 3985 3046 4038 καὶ
3060 3988 3116 4038 ὲν
3137 3986 3269 4055 αὐτῇ
3293 3988 3358 4056 τῇ
3386 3986 3609 4057 δουλικῇ
3632 3988 3797 4060 μορεῆ

569 4119 587 4149 ι
632 4096 937 4152 lnnniliavit
993 4091 1386 4160 semetipsum,
1473 4086 1699 4140 formam
1769 4080 1911 4136 servi
1991 4081 2124 4135 accia

2235 4077 2578 4151 παραδοθείς.
2609 4077 2861 4132 Ἀπολλ.
2893 4076 3003 4145 Οὐχ
3027 4076 3056 4127 ὁ
3078 4073 3357 4145 γεννηθεὶς
3385 4070 3481 4129 οῦν
3506 4078 3572 4129 ὲκ
3595 4077 3798 4148 Μαρίας

565 4190 719 4257 piens
745 4187 812 4248 ⁷⁷,
862 4203 881 4236 ι
941 4190 996 4236 ει
1046 4181 1101 4234 in
1154 4179 1245 4232 illa
1295 4175 1476 4231 servili
1528 4173 1701 4226 forma
1745 4170 1979 4225 traditus
2027 4178 2124 4223 est.

2247 4172 2473 4243 Ἰησοῦς,
2537 4170 2649 4223 ἀλλ’
2682 4169 2712 4221 6‘
2763 4167 3045 4238 γεννηθεὶς
3091 4166 3159 4219 δι’
3195 4168 3365 4238 αὐτῆς
3400 4168 3596 4237 Λόγος,
3653 4167 3801 4228 αὐτὸς

565 4256 741 4347 Apoll.
773 4274 891 4329 Non
924 4272 1091 4342 igitur
1114 4267 1275 4324 Jesus
1296 4283 1363 4322 ex
1393 4264 1560 4321 Maria
1593 4262 1841 4333 genitus,
1895 4258 1993 4314 sed
2041 4274 2124 4328 per

2236 4262 2426 4317 ἑαυτὸν
2460 4258 2790 4312 ἐταπείνωσε
2838 4257 2998 4329 μέχρι
3039 4256 3289 4311 θανάτου.
3331 4259 3487 4324 Ὀρθ.
3521 4257 3615 4329 Μὴ
3640 4258 3801 4327 δίαιρι

564 4385 681 4424 eam
709 4366 949 4435 genitum
988 4360 1249 4423 Verbum,
1283 4359 1329 4415 is
1365 4366 1470 4419 est,
1498 4356 1588 4426 qui
1615 4352 1971 4420 semetipsum
2029 4351 2124 4405 liu-

2234 4354 2334 4424 τὴν
2369 4351 2513 4416 ἆπαξ
2565 4348 2855 4402 ὲνωθεῖσαν
2891 4347 3104 4400 ἕνωσιν.
3156 4343 3328 4400 Εἶπον
3358 4346 3491 4416 γάρ,
3535 4349 3619 4401 ὅτι
3653 4346 3803 4408 αὐτὰ

567 4423 797 4512 ιιιὶιὶιιινίι
819 4466 990 4523 usque
1022 4450 1091 4505 ad
1116 4457 1366 4505 mortem.
1409 4423 1563 4501 Ortlt.
1623 4442 1701 4497 Ne
1736 4454 1928 4509 separa
1973 4440 2124 4493 unio-

2237 4423 2383 4500 ἐστιν
2402 4446 2435 4497 ὁ
2455 4444 2582 4507 ἴδιος
2602 4442 2750 4506 Υἱὸς,
2774 4444 2802 4495 6
2829 4441 2889 4506 ἐξ
2916 4441 3083 4509 αὐτῆς
3113 4439 3255 4493 κατὰ
3285 4440 3489 4511 σάρκα,
3517 4440 3613 4492 καὶ
3637 4439 3705 4492 δι’
3721 4439 3806 4490 αῦ-

568 4564 691 4604 nmu
718 4546 885 4602 semel
915 4543 1143 4598 unitam.
1191 4540 1310 4594 Dixi
1347 4540 1513 4601 enim,
1544 4552 1668 4592 eum
1692 4549 1816 4590 esse
1854 4532 2124 4602 proprium

2237 4536 2337 4604 τῆς
2391 4534 2531 4587 κατὰ
2578 4532 2816 4603 πνεῦμα.
2842 4533 3090 4585 Ἀπολλ.
3130 4531 3187 4584 Ὀ
3217 4529 3286 4583 δι’
3313 4529 3485 4600 αὐτῆς
3515 4526 3611 4583 οῦν
3644 4529 3808 4596 Λόγος

568 4640 786 4701 Filium,
822 4636 916 4707 qui
947 4651 1013 4690 ex
1062 4649 1126 4689 ea
1179 4634 1252 4688 sit
1297 4632 1592 4687 secundum
1647 4640 1906 4685 carnem,
1943 4631 1996 4676 et
2041 4637 2124 4692 pel

2236 4625 2595 4679 ἐταπείνωσεν
2629 4623 2818 4676 ἑαυτὸν
2852 4622 3011 4692 μέχρι
3054 4620 3305 4674 θανάτου.
3340 4621 3499 4688 Ὀρθ.
3542 4621 3601 4673 '0
3624 4620 3692 4673 δι’
3719 4619 3806 4671 αῦ-

565 4748 686 4788 eam
717 4728 1014 4786 secundum
1044 4725 1327 4796 Spiritum.
1371 4722 1546 4792 Apoll.
1600 4718 1739 4787 Ergo
1762 4714 2003 4769 Verbum
2042 4728 2124 4782 per

2237 4718 2335 4788 τῆς
2364 4713 2456 4769 οῦν
2486 4715 2615 4779 Θεδς
2648 4715 2839 4783 Λόγος,
2873 4715 2933 4767 οὐ
2958 4713 3251 4791 δυνάμενος
3284 4714 3350 4782 τῇ
3388 4711 3551 4780 φύσει
3578 4713 3679 4783 τῆς
3700 4710 3808 4764 θεὸ-

567 4839 688 4879 eam
719 4821 958 4892 genitum
991 4817 1297 4873 humiliavit
1323 4814 1674 4881 semetipsum
1699 4822 1873 4877 usque
1910 4806 1977 4860 ad
2001 4820 2124 4859 mor-

2240 4824 2410 4878 τητος
2432 4806 2834 4877 ταπεινωθῆναι
2867 4805 3029 4877 μέχρι
3057 4803 3310 4868 θανάτου,
3336 4803 3530 4858 ἐλαϐεν
3550 4802 3727 4873 ἐαυτῷ
3754 4800 3807 4866 ἐξ

568 4924 700 4970 tem.
741 4913 896 4970 Orlh.
934 4911 1077 4965 Deus
1105 4907 1342 4963 Verbum
1400 4906 1566 4974 igitur
1615 4918 1710 4972 per
1768 4901 1942 4970 ipsam
1987 4897 2124 4969 geni-

2240 4900 2411 4970 αὐτῆς
2448 4898 2685 4970 ἔμψυχον
2718 4897 2897 4967 σῶμα,
2948 4896 3009 4949 τὸ
3064 4896 3362 4965 δυνάμενον
3414 4894 3806 4965 ταπεινωθῆναι

568 5014 707 5067 tum.
736 5019 860 5058 cum
893 5015 1000 5056 non
1027 5006 1210 5069 posset
1249 4998 1302 5051 in
1336 4997 1452 5066 ipsa
1482 4992 1702 5049 deitatis
1733 5000 1926 5044 natura
1956 4987 2124 5041 humi-

2245 4989 2403 5061 μέχρι
2436 4989 2685 5051 θανάτου,
2720 4989 2749 5040 ὃ
2783 4989 2897 5040 ἐστι
2933 4986 3113 5057 μορφὴ
3144 4985 3350 5039 δούλου.

572 5094 705 5149 liare
730 5110 790 5149 se
817 5106 991 5163 usque
1043 5090 1109 5144 ad
1142 5097 1373 5144 mortem
1404 5126 1418 5147 ,
1464 5098 1664 5153 corpus
1706 5096 1773 5136 ex
1820 5095 1883 5134 ea
1931 5078 2034 5134 sibi
2090 5082 2388 5150 assumpsit
2420 5081 2738 5144 animatum,
2762 5078 2905 5148 quod
2929 5078 2995 5132 ad
3026 5088 3258 5132 mortem
3301 5090 3477 5146 usque
3540 5070 3805 5130 humiliari

571 5195 778 5258 posset,
810 5186 863 5239 id
896 5191 981 5239 est
1018 5181 1246 5237 formam
1277 5179 1443 5234 servi.

647 5277 696 5332 7.
734 5275 915 5346 Apoll.
944 5274 1086 5328 Deus
1114 5288 1243 5341 ergo
1276 5283 1470 5340 passus
1497 5274 1583 5323 est
1620 5281 1717 5338 pro
1764 5263 1942 5318 nobis.
1983 5259 2124 5316 Orlh.

2316 5258 2369 5310 7.
2400 5257 2647 5311 Ἀπολλ.
2666 5254 2799 5317 Θεὸς
2814 5250 2907 5309 οὖν
2929 5252 3130 5309 ἔπαθεν
3154 5254 3295 5324 ὑπὲρ
3311 5255 3491 5326 ἡμῶν.
3514 5257 3667 5326 ’ορ8.
3688 5252 3806 5313 Θεὸς

553 5368 739 5436 ,υειιε,
769 5343 924 5425 unite
943 5366 1049 5421 sibi
1081 5379 1313 5433 corpore
1344 5362 1527 5415 anima
1557 5360 1803 5430 praedito,
1829 5354 1974 5426 quod
2004 5368 2124 5408 mor

2250 5347 2454 5412 ἑνώσας
2486 5345 2664 5416 ἑαυτῷ
2713 5346 2871 5416 σῶμα
2926 5343 3188 5416 ἔμψυχον,
3227 5347 3289 5399 τὸ
3337 5347 3633 5419 δυνάμενον
3683 5347 3804 5399 ἀπο-

645 5523 691 5554 "
727 5523 743 5575 l
774 5522 903 5575 Cor.
940 5536 1021 5582 vt,
1066 5518 1144 5571 l'l.
1222 5515 1267 5545 ⁷⁵
1305 5514 1479 5567 Galat.
1524 5529 1597 5576 tv,
1630 5511 1681 5565 4.
1759 5512 1801 5543 ⁷⁷
1844 5507 2081 5580 Philipp.
2124 5522 2183 5576 ιι,
2221 5506 2274 5562 8.

654 5676 763 5749 (74)
802 5675 973 5730 Palat.
1008 5668 1446 5742 σεσαρκωμένος,
1475 5667 1618 5720 male
1715 5672 1720 5677 ’

2328 5657 2444 5731 (Ίῖλ
2481 5658 2573 5712 Sic
2608 5673 2737 5713 mss.
2773 5671 2982 5712 omnes.
3013 5654 3155 5711 Editi
3180 5674 3328 5724 vero,
3357 5657 3549 5722 οὕτως.
