  <div class='ocr_page' id='page_1' title='image "/cluster/home/n/w/nwhite01/storage/ocr_20150623/28/hvd.32044019207737/648.png"; bbox 0 0 3982 6398; ppageno 0'>
   <div class='ocr_carea' id='block_1_1' title="bbox 249 349 366 404">
    <p class='ocr_par' dir='ltr' id='par_1_1' title="bbox 249 349 366 404">
     <span class='ocr_line' id='line_1_1' title="bbox 249 349 366 404; baseline -0.026 0"><span class='ocrx_word' id='word_1_1' title='bbox 249 349 366 404; x_wconf 72' lang='lat' dir='ltr'><strong>tam</strong></span> 
     </span>
    </p>
   </div>
   <div class='ocr_carea' id='block_1_2' title="bbox 1182 353 2510 414">
    <p class='ocr_par' dir='ltr' id='par_1_2' title="bbox 1182 353 2510 414">
     <span class='ocr_line' id='line_1_2' title="bbox 1182 353 2510 414; baseline 0.005 -7"><span class='ocrx_word' id='word_1_2' title='bbox 1182 354 1268 408; x_wconf 83' lang='lat' dir='ltr'><strong>DE</strong></span> <span class='ocrx_word' id='word_1_3' title='bbox 1303 353 1573 410; x_wconf 57' lang='lat' dir='ltr'><strong>SANCTA</strong></span> <span class='ocrx_word' id='word_1_4' title='bbox 1615 354 1992 410; x_wconf 59' lang='lat' dir='ltr'><strong>TRINLTATE</strong></span> <span class='ocrx_word' id='word_1_5' title='bbox 2028 356 2373 414; x_wconf 70' lang='lat' dir='ltr'><strong>DlALOGC-S</strong></span> <span class='ocrx_word' id='word_1_6' title='bbox 2422 358 2510 414; x_wconf 82' lang='lat' dir='ltr'><strong>IV.</strong></span> 
     </span>
    </p>
   </div>
   <div class='ocr_carea' id='block_1_3' title="bbox 3328 356 3465 414">
    <p class='ocr_par' dir='ltr' id='par_1_3' title="bbox 3328 356 3465 414">
     <span class='ocr_line' id='line_1_3' title="bbox 3328 356 3465 414; baseline -0.015 -1"><span class='ocrx_word' id='word_1_7' title='bbox 3328 362 3349 413; x_wconf 72' lang='grc'>1</span> <span class='ocrx_word' id='word_1_8' title='bbox 3359 356 3465 414; x_wconf 61' lang='grc' dir='ltr'>ιιςα</span> 
     </span>
    </p>
   </div>
   <div class='ocr_carea' id='block_1_4' title="bbox 247 447 1787 546">
    <p class='ocr_par' dir='ltr' id='par_1_4' title="bbox 247 460 1787 539">
     <span class='ocr_line' id='line_1_4' title="bbox 247 460 1787 539; baseline 0.005 -25"><span class='ocrx_word' id='word_1_9' title='bbox 247 462 431 516; x_wconf 82' lang='grc' dir='ltr'>θανεῖν.</span> <span class='ocrx_word' id='word_1_10' title='bbox 450 461 523 514; x_wconf 79' lang='lat'><em>06</em></span> <span class='ocrx_word' id='word_1_11' title='bbox 557 460 665 534; x_wconf 73' lang='grc' dir='ltr'>γὰρ</span> <span class='ocrx_word' id='word_1_12' title='bbox 697 462 853 532; x_wconf 70' lang='grc' dir='ltr'>φύσει</span> <span class='ocrx_word' id='word_1_13' title='bbox 880 464 1130 536; x_wconf 83' lang='grc' dir='ltr'>θεότητος</span> <span class='ocrx_word' id='word_1_14' title='bbox 1160 467 1297 538; x_wconf 69' lang='grc' dir='ltr'>ὑπὲρ</span> <span class='ocrx_word' id='word_1_15' title='bbox 1327 468 1479 539; x_wconf 71' lang='grc' dir='ltr'>ἡμῶν</span> <span class='ocrx_word' id='word_1_16' title='bbox 1507 469 1787 534; x_wconf 74' lang='grc' dir='ltr'>ἀπέθανεν,</span> 
     </span>
    </p>
   </div>
   <div class='ocr_carea' id='block_1_5' title="bbox 1892 447 3472 546">
    <p class='ocr_par' dir='ltr' id='par_1_5' title="bbox 1902 470 3472 546">
     <span class='ocr_line' id='line_1_5' title="bbox 1902 470 3472 546; baseline 0.006 -25"><span class='ocrx_word' id='word_1_17' title='bbox 1902 482 2103 541; x_wconf 86' lang='lat' dir='ltr'><strong>posset.</strong></span> <span class='ocrx_word' id='word_1_18' title='bbox 2142 473 2326 545; x_wconf 69' lang='lat' dir='ltr'><strong>Neque</strong></span> <span class='ocrx_word' id='word_1_19' title='bbox 2351 476 2494 528; x_wconf 89' lang='lat' dir='ltr'><strong>enim</strong></span> <span class='ocrx_word' id='word_1_20' title='bbox 2522 474 2579 528; x_wconf 86' lang='lat' dir='ltr'><strong>in</strong></span> <span class='ocrx_word' id='word_1_21' title='bbox 2614 474 2728 544; x_wconf 83' lang='lat' dir='ltr'><strong>ipsa</strong></span> <span class='ocrx_word' id='word_1_22' title='bbox 2760 470 2979 530; x_wconf 67' lang='lat' dir='ltr'><strong>deitat&#39;s</strong></span> <span class='ocrx_word' id='word_1_23' title='bbox 3009 485 3204 530; x_wconf 76' lang='lat' dir='ltr'><strong>natura</strong></span> <span class='ocrx_word' id='word_1_24' title='bbox 3242 492 3338 546; x_wconf 85' lang='lat' dir='ltr'><strong>pro</strong></span> <span class='ocrx_word' id='word_1_25' title='bbox 3374 490 3472 531; x_wconf 70' lang='lat' dir='ltr'><strong>no-</strong></span> 
     </span>
    </p>
   </div>
   <div class='ocr_carea' id='block_1_6' title="bbox 247 551 1799 632">
    <p class='ocr_par' dir='ltr' id='par_1_6' title="bbox 247 551 1799 632">
     <span class='ocr_line' id='line_1_6' title="bbox 247 551 1799 632; baseline 0.006 -27"><span class='ocrx_word' id='word_1_26' title='bbox 247 552 346 605; x_wconf 67' lang='grc' dir='ltr'><strong>ἀλλ’</strong></span> <span class='ocrx_word' id='word_1_27' title='bbox 379 551 621 617; x_wconf 82' lang='grc' dir='ltr'>ὲνώσεως</span> <span class='ocrx_word' id='word_1_28' title='bbox 663 556 959 627; x_wconf 75' lang='grc' dir='ltr'>οἰκονομίᾳ.</span> <span class='ocrx_word' id='word_1_29' title='bbox 991 552 1230 612; x_wconf 74' lang='grc' dir='ltr'>Ἀπολλ.</span> <span class='ocrx_word' id='word_1_30' title='bbox 1269 560 1328 613; x_wconf 81' lang='grc' dir='ltr'><strong>Εἰ</strong></span> <span class='ocrx_word' id='word_1_31' title='bbox 1360 559 1538 631; x_wconf 74' lang='grc' dir='ltr'>ψυχὴν</span> <span class='ocrx_word' id='word_1_32' title='bbox 1574 562 1799 632; x_wconf 79' lang='grc' dir='ltr'>λογικὴν</span> 
     </span>
    </p>
   </div>
   <div class='ocr_carea' id='block_1_7' title="bbox 246 641 1797 722">
    <p class='ocr_par' dir='ltr' id='par_1_7' title="bbox 246 641 1797 722">
     <span class='ocr_line' id='line_1_7' title="bbox 246 641 1797 722; baseline 0.008 -28"><span class='ocrx_word' id='word_1_33' title='bbox 246 641 344 713; x_wconf 82' lang='grc' dir='ltr'>εἶχε</span> <span class='ocrx_word' id='word_1_34' title='bbox 382 644 442 696; x_wconf 85' lang='grc' dir='ltr'><strong>τὸ</strong></span> <span class='ocrx_word' id='word_1_35' title='bbox 489 645 666 713; x_wconf 78' lang='grc' dir='ltr'>σῶμα,</span> <span class='ocrx_word' id='word_1_36' title='bbox 687 648 783 718; x_wconf 75' lang='grc' dir='ltr'><strong>οὐχ</strong></span> <span class='ocrx_word' id='word_1_37' title='bbox 802 649 829 700; x_wconf 98' lang='lat'><strong>6</strong></span> <span class='ocrx_word' id='word_1_38' title='bbox 847 648 995 712; x_wconf 78' lang='grc' dir='ltr'>Θεὸς,</span> <span class='ocrx_word' id='word_1_39' title='bbox 1018 649 1129 702; x_wconf 82' lang='grc' dir='ltr'><strong>ἀλλ’</strong></span> <span class='ocrx_word' id='word_1_40' title='bbox 1150 653 1178 702; x_wconf 94' lang='lat'><strong>6</strong></span> <span class='ocrx_word' id='word_1_41' title='bbox 1199 651 1479 722; x_wconf 76' lang='grc' dir='ltr'>ἅνθρωπος</span> <span class='ocrx_word' id='word_1_42' title='bbox 1511 653 1797 707; x_wconf 77' lang='grc' dir='ltr'><strong>ἀπέθανεν.</strong></span> 
     </span>
    </p>
   </div>
   <div class='ocr_carea' id='block_1_8' title="bbox 254 735 1802 816">
    <p class='ocr_par' dir='ltr' id='par_1_8' title="bbox 254 735 1802 816">
     <span class='ocr_line' id='line_1_8' title="bbox 254 735 1802 816; baseline 0.008 -29"><span class='ocrx_word' id='word_1_43' title='bbox 254 735 394 801; x_wconf 80' lang='grc' dir='ltr'>Ὀρθ.</span> <span class='ocrx_word' id='word_1_44' title='bbox 414 735 471 788; x_wconf 84' lang='lat'><strong>&#39;0</strong></span> <span class='ocrx_word' id='word_1_45' title='bbox 500 736 610 789; x_wconf 71' lang='grc' dir='ltr'><strong>ἀπὸ</strong></span> <span class='ocrx_word' id='word_1_46' title='bbox 647 738 738 791; x_wconf 80' lang='grc' dir='ltr'><strong>τοῦ</strong></span> <span class='ocrx_word' id='word_1_47' title='bbox 775 739 1020 811; x_wconf 75' lang='grc' dir='ltr'>σώματος</span> <span class='ocrx_word' id='word_1_48' title='bbox 1052 743 1149 811; x_wconf 80' lang='grc' dir='ltr'>τῆς</span> <span class='ocrx_word' id='word_1_49' title='bbox 1180 742 1356 812; x_wconf 74' lang='grc' dir='ltr'>ψυχῆς</span> <span class='ocrx_word' id='word_1_50' title='bbox 1399 746 1674 816; x_wconf 83' lang='grc' dir='ltr'>χωρισμὸς</span> <span class='ocrx_word' id='word_1_51' title='bbox 1707 746 1802 799; x_wconf 78' lang='grc' dir='ltr'><strong>θά-</strong></span> 
     </span>
    </p>
   </div>
   <div class='ocr_carea' id='block_1_9' title="bbox 246 826 1800 907">
    <p class='ocr_par' dir='ltr' id='par_1_9' title="bbox 246 826 1800 907">
     <span class='ocr_line' id='line_1_9' title="bbox 246 826 1800 907; baseline 0.008 -30"><span class='ocrx_word' id='word_1_52' title='bbox 246 842 386 888; x_wconf 74' lang='grc' dir='ltr'>νατος</span> <span class='ocrx_word' id='word_1_53' title='bbox 433 826 668 895; x_wconf 82' lang='grc' dir='ltr'>λέγεται,</span> <span class='ocrx_word' id='word_1_54' title='bbox 703 830 735 900; x_wconf 84' lang='grc' dir='ltr'>ἦ</span> <span class='ocrx_word' id='word_1_55' title='bbox 765 830 1118 898; x_wconf 36' lang='lat'><strong>0631.101}.</strong></span> <span class='ocrx_word' id='word_1_56' title='bbox 1148 834 1274 888; x_wconf 84' lang='grc' dir='ltr'>Ναί.</span> <span class='ocrx_word' id='word_1_57' title='bbox 1298 834 1678 907; x_wconf 82' lang='grc' dir='ltr'>Ὀρθ.Ὢσπερ</span> <span class='ocrx_word' id='word_1_58' title='bbox 1708 834 1800 891; x_wconf 78' lang='grc' dir='ltr'><strong>οὖν</strong></span> 
     </span>
    </p>
   </div>
   <div class='ocr_carea' id='block_1_10' title="bbox 243 918 1796 998">
    <p class='ocr_par' dir='ltr' id='par_1_10' title="bbox 243 918 1796 998">
     <span class='ocr_line' id='line_1_10' title="bbox 243 918 1796 998; baseline 0.008 -29"><span class='ocrx_word' id='word_1_59' title='bbox 243 919 330 971; x_wconf 57' lang='grc' dir='ltr'><strong>οὐκ</strong></span> <span class='ocrx_word' id='word_1_60' title='bbox 358 918 585 988; x_wconf 72' lang='grc' dir='ltr'>ἠδύνατο</span> <span class='ocrx_word' id='word_1_61' title='bbox 605 923 633 973; x_wconf 93' lang='lat'><strong>6</strong></span> <span class='ocrx_word' id='word_1_62' title='bbox 655 922 786 987; x_wconf 79' lang='grc' dir='ltr'>Θεὸς</span> <span class='ocrx_word' id='word_1_63' title='bbox 807 927 865 977; x_wconf 84' lang='grc' dir='ltr'>ὲν</span> <span class='ocrx_word' id='word_1_64' title='bbox 894 927 1131 996; x_wconf 74' lang='grc' dir='ltr'>μνήματι</span> <span class='ocrx_word' id='word_1_65' title='bbox 1153 928 1246 979; x_wconf 86' lang='grc' dir='ltr'><strong>καὶ</strong></span> <span class='ocrx_word' id='word_1_66' title='bbox 1264 929 1322 979; x_wconf 83' lang='grc' dir='ltr'><strong>ὲν</strong></span> <span class='ocrx_word' id='word_1_67' title='bbox 1353 931 1497 998; x_wconf 79' lang='grc' dir='ltr'>ταφῇ</span> <span class='ocrx_word' id='word_1_68' title='bbox 1525 928 1796 996; x_wconf 78' lang='grc' dir='ltr'>γενέσθαι,</span> 
     </span>
    </p>
   </div>
   <div class='ocr_carea' id='block_1_11' title="bbox 243 1005 1796 1091">
    <p class='ocr_par' dir='ltr' id='par_1_11' title="bbox 243 1005 1796 1091">
     <span class='ocr_line' id='line_1_11' title="bbox 243 1005 1796 1091; baseline 0.009 -33"><span class='ocrx_word' id='word_1_69' title='bbox 243 1009 285 1059; x_wconf 82' lang='grc' dir='ltr'><strong>εί</strong></span> <span class='ocrx_word' id='word_1_70' title='bbox 318 1009 390 1078; x_wconf 74' lang='grc' dir='ltr'><strong>μὴ</strong></span> <span class='ocrx_word' id='word_1_71' title='bbox 412 1005 535 1080; x_wconf 76' lang='grc' dir='ltr'>-εἷχε</span> <span class='ocrx_word' id='word_1_72' title='bbox 573 1011 632 1064; x_wconf 88' lang='grc' dir='ltr'><strong>τὸ</strong></span> <span class='ocrx_word' id='word_1_73' title='bbox 670 1013 949 1084; x_wconf 81' lang='grc' dir='ltr'>τιθέμενον</span> <span class='ocrx_word' id='word_1_74' title='bbox 983 1015 1162 1086; x_wconf 79' lang='grc' dir='ltr'>σῶμα,</span> <span class='ocrx_word' id='word_1_75' title='bbox 1184 1015 1357 1079; x_wconf 79' lang='grc' dir='ltr'>οὕτως</span> <span class='ocrx_word' id='word_1_76' title='bbox 1385 1019 1485 1070; x_wconf 81' lang='grc' dir='ltr'>οὐκ</span> <span class='ocrx_word' id='word_1_77' title='bbox 1515 1018 1578 1071; x_wconf 85' lang='grc' dir='ltr'>ἂν</span> <span class='ocrx_word' id='word_1_78' title='bbox 1607 1020 1796 1091; x_wconf 79' lang='grc' dir='ltr'><strong>ἐλέχθη</strong></span> 
     </span>
    </p>
   </div>
   <div class='ocr_carea' id='block_1_12' title="bbox 242 1096 1798 1177">
    <p class='ocr_par' dir='ltr' id='par_1_12' title="bbox 242 1096 1798 1177">
     <span class='ocr_line' id='line_1_12' title="bbox 242 1096 1798 1177; baseline 0.008 -26"><span class='ocrx_word' id='word_1_79' title='bbox 242 1101 557 1171; x_wconf 76' lang='grc' dir='ltr'><strong>κεχωρίσθαι</strong></span> <span class='ocrx_word' id='word_1_80' title='bbox 579 1102 672 1155; x_wconf 87' lang='grc' dir='ltr'><strong>τοῦ</strong></span> <span class='ocrx_word' id='word_1_81' title='bbox 692 1103 955 1175; x_wconf 84' lang='grc' dir='ltr'>σώματος,</span> <span class='ocrx_word' id='word_1_82' title='bbox 982 1096 1255 1177; x_wconf 74' lang='grc' dir='ltr'><strong>πανταχοῦ</strong></span> <span class='ocrx_word' id='word_1_83' title='bbox 1289 1106 1385 1171; x_wconf 84' lang='grc' dir='ltr'><strong>ὢν,</strong></span> <span class='ocrx_word' id='word_1_84' title='bbox 1404 1111 1498 1161; x_wconf 75' lang='grc' dir='ltr'><strong>καὶ</strong></span> <span class='ocrx_word' id='word_1_85' title='bbox 1530 1110 1595 1162; x_wconf 82' lang='grc' dir='ltr'><strong>τὰ</strong></span> <span class='ocrx_word' id='word_1_86' title='bbox 1622 1112 1798 1163; x_wconf 83' lang='grc' dir='ltr'>πάντα</span> 
     </span>
    </p>
   </div>
   <div class='ocr_carea' id='block_1_13' title="bbox 241 1191 1796 1275">
    <p class='ocr_par' dir='ltr' id='par_1_13' title="bbox 241 1191 1796 1275">
     <span class='ocr_line' id='line_1_13' title="bbox 241 1191 1796 1275; baseline 0.009 -33"><span class='ocrx_word' id='word_1_87' title='bbox 241 1191 534 1261; x_wconf 79' lang='grc' dir='ltr'><strong>περιέχων,</strong></span> <span class='ocrx_word' id='word_1_88' title='bbox 592 1198 641 1248; x_wconf 83' lang='grc' dir='ltr'><strong>εί</strong></span> <span class='ocrx_word' id='word_1_89' title='bbox 701 1196 774 1267; x_wconf 81' lang='grc' dir='ltr'><strong>μὴ</strong></span> <span class='ocrx_word' id='word_1_90' title='bbox 830 1193 941 1268; x_wconf 76' lang='grc' dir='ltr'>εἶχε</span> <span class='ocrx_word' id='word_1_91' title='bbox 995 1198 1091 1269; x_wconf 74' lang='grc' dir='ltr'>τὴν</span> <span class='ocrx_word' id='word_1_92' title='bbox 1145 1200 1517 1271; x_wconf 69' lang='grc' dir='ltr'><strong>χωριζομένην</strong></span> <span class='ocrx_word' id='word_1_93' title='bbox 1582 1203 1796 1275; x_wconf 78' lang='grc' dir='ltr'>ψυχὴν,</span> 
     </span>
    </p>
   </div>
   <div class='ocr_carea' id='block_1_14' title="bbox 241 1276 1798 1364">
    <p class='ocr_par' dir='ltr' id='par_1_14' title="bbox 241 1276 1798 1364">
     <span class='ocr_line' id='line_1_14' title="bbox 241 1276 1798 1364; baseline 0.008 -32"><span class='ocrx_word' id='word_1_94' title='bbox 241 1281 346 1349; x_wconf 85' lang='grc' dir='ltr'>μεθ’</span> <span class='ocrx_word' id='word_1_95' title='bbox 367 1276 432 1353; x_wconf 74' lang='grc' dir='ltr'>ἧς</span> <span class='ocrx_word' id='word_1_96' title='bbox 455 1285 546 1337; x_wconf 77' lang='grc' dir='ltr'>καὶ</span> <span class='ocrx_word' id='word_1_97' title='bbox 574 1288 683 1349; x_wconf 81' lang='grc' dir='ltr'>τοῖς</span> <span class='ocrx_word' id='word_1_98' title='bbox 711 1288 767 1339; x_wconf 73' lang='grc' dir='ltr'>ὲν</span> <span class='ocrx_word' id='word_1_99' title='bbox 794 1287 918 1358; x_wconf 75' lang='grc' dir='ltr'>ᾆδον</span> <span class='ocrx_word' id='word_1_100' title='bbox 940 1289 1349 1360; x_wconf 78' lang='grc' dir='ltr'>εὐηγγελίσατο.</span> <span class='ocrx_word' id='word_1_101' title='bbox 1374 1291 1474 1344; x_wconf 79' lang='grc' dir='ltr'><strong>Διά</strong></span> <span class='ocrx_word' id='word_1_102' title='bbox 1491 1292 1600 1363; x_wconf 83' lang='grc' dir='ltr'>γὰρ</span> <span class='ocrx_word' id='word_1_103' title='bbox 1630 1293 1798 1364; x_wconf 75' lang='grc' dir='ltr'>αὐτὴν</span> 
     </span>
    </p>
   </div>
   <div class='ocr_carea' id='block_1_15' title="bbox 238 1373 1799 1456">
    <p class='ocr_par' dir='ltr' id='par_1_15' title="bbox 238 1373 1799 1456">
     <span class='ocr_line' id='line_1_15' title="bbox 238 1373 1799 1456; baseline 0.01 -32"><span class='ocrx_word' id='word_1_104' title='bbox 238 1373 321 1426; x_wconf 76' lang='grc' dir='ltr'>καὶ</span> <span class='ocrx_word' id='word_1_105' title='bbox 354 1374 653 1447; x_wconf 77' lang='grc' dir='ltr'>ἀναχωρεῖν</span> <span class='ocrx_word' id='word_1_106' title='bbox 685 1380 778 1432; x_wconf 85' lang='grc' dir='ltr'><strong>τοῦ</strong></span> <span class='ocrx_word' id='word_1_107' title='bbox 808 1381 1054 1450; x_wconf 81' lang='grc' dir='ltr'>σώματος</span> <span class='ocrx_word' id='word_1_108' title='bbox 1085 1382 1321 1451; x_wconf 80' lang='grc' dir='ltr'>λέγεται,</span> <span class='ocrx_word' id='word_1_109' title='bbox 1344 1385 1438 1437; x_wconf 74' lang='grc' dir='ltr'><strong>καὶ</strong></span> <span class='ocrx_word' id='word_1_110' title='bbox 1469 1387 1526 1438; x_wconf 78' lang='grc' dir='ltr'>ἐν</span> <span class='ocrx_word' id='word_1_111' title='bbox 1556 1385 1680 1456; x_wconf 77' lang='grc' dir='ltr'><strong>ᾅδου</strong></span> <span class='ocrx_word' id='word_1_112' title='bbox 1707 1404 1799 1455; x_wconf 84' lang='grc' dir='ltr'>γε·</span> 
     </span>
    </p>
   </div>
   <div class='ocr_carea' id='block_1_16' title="bbox 244 1465 1797 1548">
    <p class='ocr_par' dir='ltr' id='par_1_16' title="bbox 244 1465 1797 1548">
     <span class='ocr_line' id='line_1_16' title="bbox 244 1465 1797 1548; baseline 0.01 -34"><span class='ocrx_word' id='word_1_113' title='bbox 244 1465 500 1535; x_wconf 74' lang='grc' dir='ltr'>γενῆσθαι.</span> <span class='ocrx_word' id='word_1_114' title='bbox 535 1469 644 1522; x_wconf 77' lang='grc' dir='ltr'>Καὶ</span> <span class='ocrx_word' id='word_1_115' title='bbox 674 1470 831 1524; x_wconf 85' lang='grc' dir='ltr'>τοῦτό</span> <span class='ocrx_word' id='word_1_116' title='bbox 863 1474 976 1526; x_wconf 78' lang='grc' dir='ltr'>ἐστι</span> <span class='ocrx_word' id='word_1_117' title='bbox 1007 1475 1067 1527; x_wconf 74' lang='grc' dir='ltr'><strong>το</strong></span> <span class='ocrx_word' id='word_1_118' title='bbox 1102 1474 1244 1545; x_wconf 82' lang='grc' dir='ltr'>ὑπὲρ</span> <span class='ocrx_word' id='word_1_119' title='bbox 1270 1475 1428 1546; x_wconf 83' lang='grc' dir='ltr'>ἡμῶν</span> <span class='ocrx_word' id='word_1_120' title='bbox 1471 1478 1527 1529; x_wconf 82' lang='grc' dir='ltr'>ὲν</span> <span class='ocrx_word' id='word_1_121' title='bbox 1553 1477 1678 1548; x_wconf 74' lang='grc' dir='ltr'><strong>ᾅδου</strong></span> <span class='ocrx_word' id='word_1_122' title='bbox 1704 1495 1797 1546; x_wconf 92' lang='grc' dir='ltr'>γε-</span> 
     </span>
    </p>
   </div>
   <div class='ocr_carea' id='block_1_17' title="bbox 236 1555 1796 1638">
    <p class='ocr_par' dir='ltr' id='par_1_17' title="bbox 236 1555 1796 1638">
     <span class='ocr_line' id='line_1_17' title="bbox 236 1555 1796 1638; baseline 0.01 -31"><span class='ocrx_word' id='word_1_123' title='bbox 236 1555 412 1608; x_wconf 80' lang='grc' dir='ltr'>νέσθαι</span> <span class='ocrx_word' id='word_1_124' title='bbox 446 1558 536 1613; x_wconf 81' lang='grc' dir='ltr'><strong>διὰ</strong></span> <span class='ocrx_word' id='word_1_125' title='bbox 558 1560 658 1631; x_wconf 76' lang='grc' dir='ltr'>τὴν</span> <span class='ocrx_word' id='word_1_126' title='bbox 688 1561 884 1632; x_wconf 63' lang='grc' dir='ltr'>ψυχὴν,</span> <span class='ocrx_word' id='word_1_127' title='bbox 907 1564 1000 1617; x_wconf 52' lang='grc' dir='ltr'><strong>καί¹</strong></span> <span class='ocrx_word' id='word_1_128' title='bbox 1029 1567 1085 1617; x_wconf 82' lang='grc' dir='ltr'>ὲν</span> <span class='ocrx_word' id='word_1_129' title='bbox 1110 1566 1354 1635; x_wconf 79' lang='grc' dir='ltr'>μνήματι</span> <span class='ocrx_word' id='word_1_130' title='bbox 1379 1567 1598 1638; x_wconf 69' lang='grc' dir='ltr'>τεθῆναι</span> <span class='ocrx_word' id='word_1_131' title='bbox 1621 1568 1708 1621; x_wconf 66' lang='grc' dir='ltr'><strong>διὰ</strong></span> <span class='ocrx_word' id='word_1_132' title='bbox 1735 1569 1796 1623; x_wconf 84' lang='grc' dir='ltr'>τὸ</span> 
     </span>
    </p>
   </div>
   <div class='ocr_carea' id='block_1_18' title="bbox 232 1647 1790 1733">
    <p class='ocr_par' dir='ltr' id='par_1_18' title="bbox 232 1647 1790 1733">
     <span class='ocr_line' id='line_1_18' title="bbox 232 1647 1790 1733; baseline 0.01 -33"><span class='ocrx_word' id='word_1_133' title='bbox 232 1647 399 1719; x_wconf 81' lang='grc' dir='ltr'>σῶμα.</span> <span class='ocrx_word' id='word_1_134' title='bbox 426 1652 659 1706; x_wconf 69' lang='grc' dir='ltr'><strong>Ἀπολλ.</strong></span> <span class='ocrx_word' id='word_1_135' title='bbox 686 1654 827 1723; x_wconf 82' lang='grc' dir='ltr'><strong>Ἐγὼ</strong></span> <span class='ocrx_word' id='word_1_136' title='bbox 853 1656 1205 1722; x_wconf 72' lang='grc' dir='ltr'><strong>πεπίστευκα,</strong></span> <span class='ocrx_word' id='word_1_137' title='bbox 1224 1661 1305 1713; x_wconf 83' lang='grc' dir='ltr'>ὃτι</span> <span class='ocrx_word' id='word_1_138' title='bbox 1329 1661 1358 1711; x_wconf 92' lang='lat'><strong>6</strong></span> <span class='ocrx_word' id='word_1_139' title='bbox 1374 1661 1505 1724; x_wconf 79' lang='grc' dir='ltr'>Θεὸς</span> <span class='ocrx_word' id='word_1_140' title='bbox 1529 1661 1697 1729; x_wconf 86' lang='grc' dir='ltr'>Λόγος</span> <span class='ocrx_word' id='word_1_141' title='bbox 1726 1666 1790 1733; x_wconf 80' lang='grc' dir='ltr'>τῇ</span> 
     </span>
    </p>
   </div>
   <div class='ocr_carea' id='block_1_19' title="bbox 232 1741 1793 1824">
    <p class='ocr_par' dir='ltr' id='par_1_19' title="bbox 232 1741 1793 1824">
     <span class='ocr_line' id='line_1_19' title="bbox 232 1741 1793 1824; baseline 0.008 -30"><span class='ocrx_word' id='word_1_142' title='bbox 232 1741 411 1794; x_wconf 71' lang='grc' dir='ltr'>ἑαυτοῦ</span> <span class='ocrx_word' id='word_1_143' title='bbox 453 1743 719 1816; x_wconf 71' lang='grc' dir='ltr'>παρουσίᾳ</span> <span class='ocrx_word' id='word_1_144' title='bbox 768 1746 1002 1816; x_wconf 55' lang='grc' dir='ltr'>εμῷνχοί</span> <span class='ocrx_word' id='word_1_145' title='bbox 1048 1750 1107 1801; x_wconf 84' lang='grc' dir='ltr'>τὸ</span> <span class='ocrx_word' id='word_1_146' title='bbox 1139 1749 1318 1820; x_wconf 81' lang='grc' dir='ltr'>σῶμα,</span> <span class='ocrx_word' id='word_1_147' title='bbox 1359 1753 1451 1804; x_wconf 78' lang='grc' dir='ltr'>καὶ</span> <span class='ocrx_word' id='word_1_148' title='bbox 1481 1754 1667 1824; x_wconf 85' lang='grc' dir='ltr'>χρείαν</span> <span class='ocrx_word' id='word_1_149' title='bbox 1694 1755 1793 1808; x_wconf 80' lang='grc' dir='ltr'><strong>οὑκ</strong></span> 
     </span>
    </p>
   </div>
   <div class='ocr_carea' id='block_1_20' title="bbox 1902 558 3465 629">
    <p class='ocr_par' dir='ltr' id='par_1_20' title="bbox 1902 558 3465 629">
     <span class='ocr_line' id='line_1_20' title="bbox 1902 558 3465 629; baseline 0.003 -21"><span class='ocrx_word' id='word_1_150' title='bbox 1902 558 1986 611; x_wconf 85' lang='lat' dir='ltr'><strong>bis</strong></span> <span class='ocrx_word' id='word_1_151' title='bbox 2021 569 2267 614; x_wconf 87' lang='lat' dir='ltr'><strong>mortuus</strong></span> <span class='ocrx_word' id='word_1_152' title='bbox 2305 570 2411 623; x_wconf 85' lang='lat' dir='ltr'><strong>est,</strong></span> <span class='ocrx_word' id='word_1_153' title='bbox 2454 560 2546 615; x_wconf 89' lang='lat' dir='ltr'><strong>sed</strong></span> <span class='ocrx_word' id='word_1_154' title='bbox 2602 561 2864 614; x_wconf 78' lang='lat' dir='ltr'><strong>mntionis</strong></span> <span class='ocrx_word' id='word_1_155' title='bbox 2918 561 3245 616; x_wconf 70' lang='lat' dir='ltr'><strong>mmummia.</strong></span> <span class='ocrx_word' id='word_1_156' title='bbox 3286 562 3465 629; x_wconf 80' lang='lat' dir='ltr'><strong>Apoll.</strong></span> 
     </span>
    </p>
   </div>
   <div class='ocr_carea' id='block_1_21' title="bbox 1902 641 3467 716">
    <p class='ocr_par' dir='ltr' id='par_1_21' title="bbox 1902 641 3467 716">
     <span class='ocr_line' id='line_1_21' title="bbox 1902 641 3467 716; baseline 0.005 -22"><span class='ocrx_word' id='word_1_157' title='bbox 1902 641 1957 693; x_wconf 84' lang='lat' dir='ltr'><strong>Si</strong></span> <span class='ocrx_word' id='word_1_158' title='bbox 1982 644 2215 697; x_wconf 89' lang='lat' dir='ltr'><strong>animam</strong></span> <span class='ocrx_word' id='word_1_159' title='bbox 2246 646 2476 700; x_wconf 87' lang='lat' dir='ltr'><strong>rationis</strong></span> <span class='ocrx_word' id='word_1_160' title='bbox 2514 648 2830 715; x_wconf 78' lang='lat' dir='ltr'><strong>partietpem</strong></span> <span class='ocrx_word' id='word_1_161' title='bbox 2864 646 3056 700; x_wconf 74' lang='lat' dir='ltr'><strong>habuit</strong></span> <span class='ocrx_word' id='word_1_162' title='bbox 3082 662 3306 716; x_wconf 85' lang='lat' dir='ltr'><strong>corpus,</strong></span> <span class='ocrx_word' id='word_1_163' title='bbox 3357 664 3467 702; x_wconf 82' lang='lat' dir='ltr'><strong>non</strong></span> 
     </span>
    </p>
   </div>
   <div class='ocr_carea' id='block_1_22' title="bbox 1902 733 3466 798">
    <p class='ocr_par' dir='ltr' id='par_1_22' title="bbox 1902 733 3466 798">
     <span class='ocr_line' id='line_1_22' title="bbox 1902 733 3466 798; baseline 0.007 -13"><span class='ocrx_word' id='word_1_164' title='bbox 1902 733 2064 798; x_wconf 85' lang='lat' dir='ltr'><strong>Deus,</strong></span> <span class='ocrx_word' id='word_1_165' title='bbox 2093 736 2187 790; x_wconf 89' lang='lat' dir='ltr'><strong>sed</strong></span> <span class='ocrx_word' id='word_1_166' title='bbox 2213 737 2375 791; x_wconf 84' lang='lat' dir='ltr'><strong>homo</strong></span> <span class='ocrx_word' id='word_1_167' title='bbox 2408 750 2659 794; x_wconf 82' lang='lat' dir='ltr'><strong>mortuus</strong></span> <span class='ocrx_word' id='word_1_168' title='bbox 2682 746 2784 793; x_wconf 81' lang='lat' dir='ltr'><strong>est.</strong></span> <span class='ocrx_word' id='word_1_169' title='bbox 2828 738 2981 794; x_wconf 75' lang='lat' dir='ltr'><strong>Orth.</strong></span> <span class='ocrx_word' id='word_1_170' title='bbox 3010 738 3291 795; x_wconf 84' lang='lat' dir='ltr'><strong>Diciturne</strong></span> <span class='ocrx_word' id='word_1_171' title='bbox 3318 756 3466 796; x_wconf 89' lang='lat' dir='ltr'><strong>mors</strong></span> 
     </span>
    </p>
   </div>
   <div class='ocr_carea' id='block_1_23' title="bbox 1899 828 3463 903">
    <p class='ocr_par' dir='ltr' id='par_1_23' title="bbox 1899 828 3463 903">
     <span class='ocr_line' id='line_1_23' title="bbox 1899 828 3463 903; baseline 0.007 -25"><span class='ocrx_word' id='word_1_172' title='bbox 1899 828 2174 895; x_wconf 79' lang='lat' dir='ltr'><strong>separatio</strong></span> <span class='ocrx_word' id='word_1_173' title='bbox 2203 831 2397 883; x_wconf 62' lang='lat' dir='ltr'><strong>animae</strong></span> <span class='ocrx_word' id='word_1_174' title='bbox 2426 847 2454 881; x_wconf 90' lang='lat' dir='ltr'><strong>a</strong></span> <span class='ocrx_word' id='word_1_175' title='bbox 2478 845 2733 899; x_wconf 79' lang='lat' dir='ltr'><strong>corpore,</strong></span> <span class='ocrx_word' id='word_1_176' title='bbox 2767 834 2990 887; x_wconf 76' lang='lat' dir='ltr'><strong>annon?</strong></span> <span class='ocrx_word' id='word_1_177' title='bbox 3034 836 3205 902; x_wconf 70' lang='lat' dir='ltr'><strong>Apoll.</strong></span> <span class='ocrx_word' id='word_1_178' title='bbox 3265 835 3463 903; x_wconf 72' lang='lat' dir='ltr'><strong>Etiam.</strong></span> 
     </span>
    </p>
   </div>
   <div class='ocr_carea' id='block_1_24' title="bbox 1902 917 3468 992">
    <p class='ocr_par' dir='ltr' id='par_1_24' title="bbox 1902 917 3468 992">
     <span class='ocr_line' id='line_1_24' title="bbox 1902 917 3468 992; baseline 0.004 -20"><span class='ocrx_word' id='word_1_179' title='bbox 1902 917 2054 973; x_wconf 84' lang='lat' dir='ltr'><strong>Orth.</strong></span> <span class='ocrx_word' id='word_1_180' title='bbox 2092 917 2393 990; x_wconf 78' lang='lat' dir='ltr'><strong>Sicutergo</strong></span> <span class='ocrx_word' id='word_1_181' title='bbox 2431 937 2534 976; x_wconf 83' lang='lat' dir='ltr'><strong>non</strong></span> <span class='ocrx_word' id='word_1_182' title='bbox 2588 925 2762 992; x_wconf 85' lang='lat' dir='ltr'><strong>potuit</strong></span> <span class='ocrx_word' id='word_1_183' title='bbox 2818 923 2960 979; x_wconf 86' lang='lat' dir='ltr'><strong>Deus</strong></span> <span class='ocrx_word' id='word_1_184' title='bbox 3014 926 3069 979; x_wconf 94' lang='lat' dir='ltr'><strong>in</strong></span> <span class='ocrx_word' id='word_1_185' title='bbox 3110 937 3468 980; x_wconf 84' lang='lat' dir='ltr'><strong>monumento</strong></span> 
     </span>
    </p>
   </div>
   <div class='ocr_carea' id='block_1_25' title="bbox 1898 1014 3469 1089">
    <p class='ocr_par' dir='ltr' id='par_1_25' title="bbox 1898 1014 3469 1089">
     <span class='ocr_line' id='line_1_25' title="bbox 1898 1014 3469 1089; baseline 0.004 -25"><span class='ocrx_word' id='word_1_186' title='bbox 1898 1020 1951 1064; x_wconf 92' lang='lat' dir='ltr'><strong>et</strong></span> <span class='ocrx_word' id='word_1_187' title='bbox 1990 1014 2268 1081; x_wconf 75' lang='lat' dir='ltr'><strong>sepultura</strong></span> <span class='ocrx_word' id='word_1_188' title='bbox 2302 1016 2525 1074; x_wconf 79' lang='lat' dir='ltr'><strong>versari,</strong></span> <span class='ocrx_word' id='word_1_189' title='bbox 2560 1017 2663 1071; x_wconf 86' lang='lat' dir='ltr'><strong>nisi</strong></span> <span class='ocrx_word' id='word_1_190' title='bbox 2704 1017 3006 1086; x_wconf 74' lang='lat' dir='ltr'><strong>depositura</strong></span> <span class='ocrx_word' id='word_1_191' title='bbox 3034 1034 3100 1072; x_wconf 82' lang='lat' dir='ltr'><strong>ee</strong></span> <span class='ocrx_word' id='word_1_192' title='bbox 3120 1034 3325 1089; x_wconf 85' lang='lat' dir='ltr'><strong>corpus</strong></span> <span class='ocrx_word' id='word_1_193' title='bbox 3372 1020 3469 1072; x_wconf 79' lang='lat' dir='ltr'><strong>lia-</strong></span> 
     </span>
    </p>
   </div>
   <div class='ocr_carea' id='block_1_26' title="bbox 1898 1102 3475 1178">
    <p class='ocr_par' dir='ltr' id='par_1_26' title="bbox 1898 1102 3475 1178">
     <span class='ocr_line' id='line_1_26' title="bbox 1898 1102 3475 1178; baseline 0.004 -21"><span class='ocrx_word' id='word_1_194' title='bbox 1898 1102 2145 1157; x_wconf 69' lang='lat' dir='ltr'><strong>buisset:</strong></span> <span class='ocrx_word' id='word_1_195' title='bbox 2178 1105 2251 1157; x_wconf 88' lang='lat' dir='ltr'><strong>ita</strong></span> <span class='ocrx_word' id='word_1_196' title='bbox 2295 1108 2455 1158; x_wconf 87' lang='lat' dir='ltr'><strong>etiam</strong></span> <span class='ocrx_word' id='word_1_197' title='bbox 2486 1121 2597 1160; x_wconf 84' lang='lat' dir='ltr'><strong>non</strong></span> <span class='ocrx_word' id='word_1_198' title='bbox 2652 1107 2927 1161; x_wconf 83' lang='lat' dir='ltr'><strong>diceretur</strong></span> <span class='ocrx_word' id='word_1_199' title='bbox 2958 1119 3241 1178; x_wconf 82' lang='lat' dir='ltr'><strong>separatus</strong></span> <span class='ocrx_word' id='word_1_200' title='bbox 3295 1110 3475 1164; x_wconf 73' lang='lat' dir='ltr'><strong>fuisse</strong></span> 
     </span>
    </p>
   </div>
   <div class='ocr_carea' id='block_1_27' title="bbox 1894 1196 3465 1269">
    <p class='ocr_par' dir='ltr' id='par_1_27' title="bbox 1894 1196 3465 1269">
     <span class='ocr_line' id='line_1_27' title="bbox 1894 1196 3465 1269; baseline 0.006 -25"><span class='ocrx_word' id='word_1_201' title='bbox 1894 1205 1930 1244; x_wconf 67' lang='grc' dir='ltr'><strong>ει</strong></span> <span class='ocrx_word' id='word_1_202' title='bbox 1965 1207 2225 1261; x_wconf 88' lang='lat' dir='ltr'><strong>corpore,</strong></span> <span class='ocrx_word' id='word_1_203' title='bbox 2266 1196 2356 1263; x_wconf 89' lang='lat' dir='ltr'><strong>qui</strong></span> <span class='ocrx_word' id='word_1_204' title='bbox 2395 1197 2464 1249; x_wconf 89' lang='lat' dir='ltr'><strong>sit</strong></span> <span class='ocrx_word' id='word_1_205' title='bbox 2491 1196 2692 1266; x_wconf 85' lang='lat' dir='ltr'><strong>ubique</strong></span> <span class='ocrx_word' id='word_1_206' title='bbox 2741 1207 2796 1251; x_wconf 87' lang='lat' dir='ltr'><strong>et</strong></span> <span class='ocrx_word' id='word_1_207' title='bbox 2833 1198 3013 1251; x_wconf 83' lang='lat' dir='ltr'><strong>omnia</strong></span> <span class='ocrx_word' id='word_1_208' title='bbox 3048 1200 3465 1269; x_wconf 81' lang='lat' dir='ltr'><strong>complectatur,</strong></span> 
     </span>
    </p>
   </div>
   <div class='ocr_carea' id='block_1_28' title="bbox 1899 1283 3463 1361">
    <p class='ocr_par' dir='ltr' id='par_1_28' title="bbox 1899 1283 3463 1361">
     <span class='ocr_line' id='line_1_28' title="bbox 1899 1283 3463 1361; baseline 0.005 -25"><span class='ocrx_word' id='word_1_209' title='bbox 1899 1283 2001 1338; x_wconf 82' lang='lat' dir='ltr'><strong>nisi</strong></span> <span class='ocrx_word' id='word_1_210' title='bbox 2032 1284 2307 1339; x_wconf 83' lang='lat' dir='ltr'><strong>habuisset</strong></span> <span class='ocrx_word' id='word_1_211' title='bbox 2338 1297 2642 1355; x_wconf 76' lang='lat' dir='ltr'><strong>separatam</strong></span> <span class='ocrx_word' id='word_1_212' title='bbox 2673 1290 2909 1342; x_wconf 83' lang='lat' dir='ltr'><strong>animam</strong></span> <span class='ocrx_word' id='word_1_213' title='bbox 2935 1328 2952 1353; x_wconf 93' lang='lat'><strong>,</strong></span> <span class='ocrx_word' id='word_1_214' title='bbox 3001 1306 3125 1344; x_wconf 90' lang='lat' dir='ltr'><strong>cum</strong></span> <span class='ocrx_word' id='word_1_215' title='bbox 3159 1306 3266 1361; x_wconf 87' lang='lat' dir='ltr'><strong>qua</strong></span> <span class='ocrx_word' id='word_1_216' title='bbox 3300 1293 3463 1344; x_wconf 87' lang='lat' dir='ltr'><strong>etiam</strong></span> 
     </span>
    </p>
   </div>
   <div class='ocr_carea' id='block_1_29' title="bbox 1899 1376 3461 1451">
    <p class='ocr_par' dir='ltr' id='par_1_29' title="bbox 1899 1376 3461 1451">
     <span class='ocr_line' id='line_1_29' title="bbox 1899 1376 3461 1451; baseline 0.003 -21"><span class='ocrx_word' id='word_1_217' title='bbox 1899 1376 1989 1439; x_wconf 87' lang='lat' dir='ltr'><strong>iis,</strong></span> <span class='ocrx_word' id='word_1_218' title='bbox 2017 1377 2109 1446; x_wconf 88' lang='lat' dir='ltr'><strong>qui</strong></span> <span class='ocrx_word' id='word_1_219' title='bbox 2143 1377 2282 1447; x_wconf 88' lang='lat' dir='ltr'><strong>apud</strong></span> <span class='ocrx_word' id='word_1_220' title='bbox 2312 1378 2514 1433; x_wconf 76' lang='lat' dir='ltr'><strong>inferos</strong></span> <span class='ocrx_word' id='word_1_221' title='bbox 2540 1391 2716 1439; x_wconf 86' lang='lat' dir='ltr'><strong>erant.</strong></span> <span class='ocrx_word' id='word_1_222' title='bbox 2742 1378 3092 1450; x_wconf 70' lang='lat' dir='ltr'><strong>Erangelium</strong></span> <span class='ocrx_word' id='word_1_223' title='bbox 3122 1381 3461 1451; x_wconf 71' lang='lat' dir='ltr'><strong>praedicavit.</strong></span> 
     </span>
    </p>
   </div>
   <div class='ocr_carea' id='block_1_30' title="bbox 1894 1468 3465 1543">
    <p class='ocr_par' dir='ltr' id='par_1_30' title="bbox 1894 1468 3465 1543">
     <span class='ocr_line' id='line_1_30' title="bbox 1894 1468 3465 1543; baseline 0.003 -21"><span class='ocrx_word' id='word_1_224' title='bbox 1894 1468 2124 1539; x_wconf 81' lang='lat' dir='ltr'><strong>Propter</strong></span> <span class='ocrx_word' id='word_1_225' title='bbox 2147 1470 2288 1524; x_wconf 88' lang='lat' dir='ltr'><strong>hanc</strong></span> <span class='ocrx_word' id='word_1_226' title='bbox 2331 1473 2476 1525; x_wconf 89' lang='lat' dir='ltr'><strong>enim</strong></span> <span class='ocrx_word' id='word_1_227' title='bbox 2524 1481 2577 1526; x_wconf 88' lang='lat' dir='ltr'><strong>et</strong></span> <span class='ocrx_word' id='word_1_228' title='bbox 2622 1473 2943 1527; x_wconf 80' lang='lat' dir='ltr'><strong>discessisse</strong></span> <span class='ocrx_word' id='word_1_229' title='bbox 2986 1490 3051 1527; x_wconf 81' lang='lat' dir='ltr'><strong>ex</strong></span> <span class='ocrx_word' id='word_1_230' title='bbox 3100 1488 3362 1543; x_wconf 86' lang='lat' dir='ltr'><strong>corpore,</strong></span> <span class='ocrx_word' id='word_1_231' title='bbox 3409 1484 3465 1526; x_wconf 82' lang='lat' dir='ltr'><strong>et</strong></span> 
     </span>
    </p>
   </div>
   <div class='ocr_carea' id='block_1_31' title="bbox 1894 1561 3469 1636">
    <p class='ocr_par' dir='ltr' id='par_1_31' title="bbox 1894 1561 3469 1636">
     <span class='ocr_line' id='line_1_31' title="bbox 1894 1561 3469 1636; baseline 0.002 -21"><span class='ocrx_word' id='word_1_232' title='bbox 1894 1563 2037 1631; x_wconf 82' lang='lat' dir='ltr'><strong>apud</strong></span> <span class='ocrx_word' id='word_1_233' title='bbox 2070 1561 2274 1617; x_wconf 74' lang='lat' dir='ltr'><strong>inferos</strong></span> <span class='ocrx_word' id='word_1_234' title='bbox 2306 1562 2474 1617; x_wconf 80' lang='lat' dir='ltr'><strong>fuisse</strong></span> <span class='ocrx_word' id='word_1_235' title='bbox 2503 1564 2665 1636; x_wconf 64' lang='lat'><strong>463</strong></span> <span class='ocrx_word' id='word_1_236' title='bbox 2706 1566 3041 1634; x_wconf 60' lang='lat' dir='ltr'><strong>perhibetur.</strong></span> <span class='ocrx_word' id='word_1_237' title='bbox 3078 1566 3188 1621; x_wconf 84' lang='lat' dir='ltr'><strong>Hoc</strong></span> <span class='ocrx_word' id='word_1_238' title='bbox 3217 1568 3347 1621; x_wconf 84' lang='lat' dir='ltr'><strong>illud</strong></span> <span class='ocrx_word' id='word_1_239' title='bbox 3377 1578 3469 1619; x_wconf 71' lang='lat' dir='ltr'><strong>est</strong></span> 
     </span>
    </p>
   </div>
   <div class='ocr_carea' id='block_1_32' title="bbox 1892 1654 3465 1730">
    <p class='ocr_par' dir='ltr' id='par_1_32' title="bbox 1892 1654 3465 1730">
     <span class='ocr_line' id='line_1_32' title="bbox 1892 1654 3465 1730; baseline 0.004 -25"><span class='ocrx_word' id='word_1_240' title='bbox 1892 1654 2079 1722; x_wconf 81' lang='lat' dir='ltr'><strong>igitur,</strong></span> <span class='ocrx_word' id='word_1_241' title='bbox 2104 1669 2208 1724; x_wconf 84' lang='lat' dir='ltr'><strong>pro</strong></span> <span class='ocrx_word' id='word_1_242' title='bbox 2248 1655 2405 1710; x_wconf 83' lang='lat' dir='ltr'><strong>nobis</strong></span> <span class='ocrx_word' id='word_1_243' title='bbox 2453 1655 2621 1710; x_wconf 82' lang='lat' dir='ltr'><strong>fuisse</strong></span> <span class='ocrx_word' id='word_1_244' title='bbox 2665 1660 2809 1725; x_wconf 88' lang='lat' dir='ltr'><strong>apud</strong></span> <span class='ocrx_word' id='word_1_245' title='bbox 2856 1658 3063 1713; x_wconf 76' lang='lat' dir='ltr'><strong>inferos</strong></span> <span class='ocrx_word' id='word_1_246' title='bbox 3093 1671 3316 1730; x_wconf 82' lang='lat' dir='ltr'><strong>propter</strong></span> <span class='ocrx_word' id='word_1_247' title='bbox 3348 1663 3465 1713; x_wconf 88' lang='lat' dir='ltr'><strong>ani-</strong></span> 
     </span>
    </p>
   </div>
   <div class='ocr_carea' id='block_1_33' title="bbox 1894 1744 3459 1817">
    <p class='ocr_par' dir='ltr' id='par_1_33' title="bbox 1894 1744 3459 1817">
     <span class='ocr_line' id='line_1_33' title="bbox 1894 1744 3459 1817; baseline 0.004 -23"><span class='ocrx_word' id='word_1_248' title='bbox 1894 1756 2034 1794; x_wconf 85' lang='lat' dir='ltr'><strong>lnam</strong></span> <span class='ocrx_word' id='word_1_249' title='bbox 2062 1778 2077 1803; x_wconf 82' lang='lat'><strong>,</strong></span> <span class='ocrx_word' id='word_1_250' title='bbox 2130 1744 2269 1797; x_wconf 77' lang='lat' dir='ltr'><strong>etin</strong></span> <span class='ocrx_word' id='word_1_251' title='bbox 2312 1755 2665 1799; x_wconf 80' lang='lat' dir='ltr'><strong>monumento</strong></span> <span class='ocrx_word' id='word_1_252' title='bbox 2717 1746 2924 1809; x_wconf 83' lang='lat' dir='ltr'><strong>fuisse,</strong></span> <span class='ocrx_word' id='word_1_253' title='bbox 2969 1757 3194 1817; x_wconf 76' lang='lat' dir='ltr'><strong>propter</strong></span> <span class='ocrx_word' id='word_1_254' title='bbox 3239 1762 3459 1816; x_wconf 72' lang='lat' dir='ltr'><strong>corpus.</strong></span> 
     </span>
    </p>
   </div>
   <div class='ocr_carea' id='block_1_34' title="bbox 228 1828 1787 1915">
    <p class='ocr_par' dir='ltr' id='par_1_34' title="bbox 228 1828 1787 1915">
     <span class='ocr_line' id='line_1_34' title="bbox 228 1828 1787 1915; baseline 0.009 -32"><span class='ocrx_word' id='word_1_255' title='bbox 228 1828 332 1902; x_wconf 79' lang='grc' dir='ltr'>εἶχε</span> <span class='ocrx_word' id='word_1_256' title='bbox 365 1832 565 1903; x_wconf 67' lang='grc' dir='ltr'>ψυχῆς.</span> <span class='ocrx_word' id='word_1_257' title='bbox 606 1835 757 1903; x_wconf 78' lang='grc' dir='ltr'>Ὀρθ.</span> <span class='ocrx_word' id='word_1_258' title='bbox 778 1837 864 1900; x_wconf 82' lang='grc' dir='ltr'>Ὠς</span> <span class='ocrx_word' id='word_1_259' title='bbox 886 1839 964 1901; x_wconf 86' lang='grc' dir='ltr'><strong>είς</strong></span> <span class='ocrx_word' id='word_1_260' title='bbox 990 1839 1050 1891; x_wconf 85' lang='grc' dir='ltr'><strong>τὸ</strong></span> <span class='ocrx_word' id='word_1_261' title='bbox 1073 1841 1405 1911; x_wconf 78' lang='grc' dir='ltr'>κρατηθῆναι</span> <span class='ocrx_word' id='word_1_262' title='bbox 1430 1846 1521 1896; x_wconf 74' lang='grc' dir='ltr'><strong>καὶ</strong></span> <span class='ocrx_word' id='word_1_263' title='bbox 1551 1861 1787 1915; x_wconf 82' lang='grc' dir='ltr'>σταυρω-</span> 
     </span>
    </p>
   </div>
   <div class='ocr_carea' id='block_1_35' title="bbox 1892 1828 3462 1915">
    <p class='ocr_par' dir='ltr' id='par_1_35' title="bbox 1892 1833 3462 1909">
     <span class='ocr_line' id='line_1_35' title="bbox 1892 1833 3462 1909; baseline 0.005 -24"><span class='ocrx_word' id='word_1_264' title='bbox 1892 1833 2068 1901; x_wconf 80' lang='lat' dir='ltr'><strong>Apoll.</strong></span> <span class='ocrx_word' id='word_1_265' title='bbox 2096 1833 2273 1890; x_wconf 85' lang='lat' dir='ltr'><strong>Credo</strong></span> <span class='ocrx_word' id='word_1_266' title='bbox 2305 1851 2405 1906; x_wconf 78' lang='lat' dir='ltr'><strong>ego</strong></span> <span class='ocrx_word' id='word_1_267' title='bbox 2435 1838 2601 1890; x_wconf 56' lang='lat' dir='ltr'><strong>Deum</strong></span> <span class='ocrx_word' id='word_1_268' title='bbox 2638 1837 2870 1892; x_wconf 81' lang='lat' dir='ltr'><strong>Verbum</strong></span> <span class='ocrx_word' id='word_1_269' title='bbox 2896 1857 2993 1894; x_wconf 87' lang='lat' dir='ltr'><strong>sua</strong></span> <span class='ocrx_word' id='word_1_270' title='bbox 3027 1843 3313 1909; x_wconf 53' lang='lat' dir='ltr'><strong>praesentia</strong></span> <span class='ocrx_word' id='word_1_271' title='bbox 3339 1857 3462 1893; x_wconf 78' lang='lat' dir='ltr'><strong>ror-</strong></span> 
     </span>
    </p>
   </div>
   <div class='ocr_carea' id='block_1_36' title="bbox 228 1924 1792 2007">
    <p class='ocr_par' dir='ltr' id='par_1_36' title="bbox 228 1924 1792 2007">
     <span class='ocr_line' id='line_1_36' title="bbox 228 1924 1792 2007; baseline 0.008 -31"><span class='ocrx_word' id='word_1_272' title='bbox 228 1924 396 1994; x_wconf 75' lang='grc' dir='ltr'>θῆναι,</span> <span class='ocrx_word' id='word_1_273' title='bbox 435 1926 530 1979; x_wconf 75' lang='grc' dir='ltr'><strong>καὶ</strong></span> <span class='ocrx_word' id='word_1_274' title='bbox 560 1928 829 1997; x_wconf 70' lang='grc' dir='ltr'>ταφῆναι,</span> <span class='ocrx_word' id='word_1_275' title='bbox 856 1930 943 1982; x_wconf 78' lang='grc' dir='ltr'>ἵνα</span> <span class='ocrx_word' id='word_1_276' title='bbox 972 1931 1045 2002; x_wconf 80' lang='grc' dir='ltr'><strong>μὴ</strong></span> <span class='ocrx_word' id='word_1_277' title='bbox 1072 1933 1288 2002; x_wconf 80' lang='grc' dir='ltr'>δοκήσει</span> <span class='ocrx_word' id='word_1_278' title='bbox 1317 1934 1345 1985; x_wconf 95' lang='lat'><strong>6</strong></span> <span class='ocrx_word' id='word_1_279' title='bbox 1380 1937 1608 2006; x_wconf 73' lang='grc' dir='ltr'>σταυρὸς</span> <span class='ocrx_word' id='word_1_280' title='bbox 1634 1937 1792 2007; x_wconf 78' lang='grc' dir='ltr'>γένηο</span> 
     </span>
    </p>
   </div>
   <div class='ocr_carea' id='block_1_37' title="bbox 227 2016 1794 2089">
    <p class='ocr_par' dir='ltr' id='par_1_37' title="bbox 227 2016 1794 2089">
     <span class='ocr_line' id='line_1_37' title="bbox 227 2016 1794 2089; baseline 0.008 -23"><span class='ocrx_word' id='word_1_281' title='bbox 227 2031 326 2079; x_wconf 80' lang='grc' dir='ltr'>ται,</span> <span class='ocrx_word' id='word_1_282' title='bbox 351 2016 467 2069; x_wconf 78' lang='grc' dir='ltr'><strong>ἀλλ’</strong></span> <span class='ocrx_word' id='word_1_283' title='bbox 499 2016 743 2089; x_wconf 75' lang='grc' dir='ltr'><strong>ἀληθείᾳ·</strong></span> <span class='ocrx_word' id='word_1_284' title='bbox 778 2018 949 2084; x_wconf 67' lang='lat'><strong>067.4»;</strong></span> <span class='ocrx_word' id='word_1_285' title='bbox 975 2024 1066 2075; x_wconf 79' lang='grc' dir='ltr'><strong>καὶ</strong></span> <span class='ocrx_word' id='word_1_286' title='bbox 1089 2024 1166 2085; x_wconf 77' lang='grc' dir='ltr'><strong>είς</strong></span> <span class='ocrx_word' id='word_1_287' title='bbox 1193 2023 1253 2075; x_wconf 81' lang='grc' dir='ltr'><strong>τὸ</strong></span> <span class='ocrx_word' id='word_1_288' title='bbox 1280 2025 1585 2085; x_wconf 82' lang='grc' dir='ltr'>ἀποθανεῖν,</span> <span class='ocrx_word' id='word_1_289' title='bbox 1618 2027 1714 2079; x_wconf 77' lang='grc' dir='ltr'><strong>καὶ</strong></span> <span class='ocrx_word' id='word_1_290' title='bbox 1734 2029 1794 2079; x_wconf 86' lang='grc' dir='ltr'>ὲν</span> 
     </span>
    </p>
   </div>
   <div class='ocr_carea' id='block_1_38' title="bbox 224 2106 1786 2188">
    <p class='ocr_par' dir='ltr' id='par_1_38' title="bbox 224 2106 1786 2188">
     <span class='ocr_line' id='line_1_38' title="bbox 224 2106 1786 2188; baseline 0.007 -29"><span class='ocrx_word' id='word_1_291' title='bbox 224 2106 341 2177; x_wconf 78' lang='grc' dir='ltr'>ᾆδον</span> <span class='ocrx_word' id='word_1_292' title='bbox 371 2110 644 2176; x_wconf 76' lang='grc' dir='ltr'>γενέσθαι,</span> <span class='ocrx_word' id='word_1_293' title='bbox 699 2113 884 2181; x_wconf 82' lang='grc' dir='ltr'>χρείαν</span> <span class='ocrx_word' id='word_1_294' title='bbox 932 2108 1042 2181; x_wconf 81' lang='grc' dir='ltr'>εἶχε</span> <span class='ocrx_word' id='word_1_295' title='bbox 1088 2113 1283 2184; x_wconf 72' lang='grc' dir='ltr'>ψυχῆς.</span> <span class='ocrx_word' id='word_1_296' title='bbox 1330 2117 1464 2188; x_wconf 76' lang='grc' dir='ltr'>Περὶ</span> <span class='ocrx_word' id='word_1_297' title='bbox 1501 2118 1641 2180; x_wconf 82' lang='grc' dir='ltr'>τίνος</span> <span class='ocrx_word' id='word_1_298' title='bbox 1679 2117 1786 2188; x_wconf 71' lang='grc' dir='ltr'>γὰρ</span> 
     </span>
    </p>
   </div>
   <div class='ocr_carea' id='block_1_39' title="bbox 223 2194 1794 2277">
    <p class='ocr_par' dir='ltr' id='par_1_39' title="bbox 223 2194 1794 2277">
     <span class='ocr_line' id='line_1_39' title="bbox 223 2194 1794 2277; baseline 0.008 -31"><span class='ocrx_word' id='word_1_299' title='bbox 223 2194 452 2267; x_wconf 80' lang='grc' dir='ltr'>εἴρηται,</span> <span class='ocrx_word' id='word_1_300' title='bbox 486 2198 566 2251; x_wconf 82' lang='grc' dir='ltr'><strong>ὅτι</strong></span> <span class='ocrx_word' id='word_1_301' title='bbox 587 2218 603 2247; x_wconf 83' lang='grc' dir='ltr'><strong>ι</strong></span> <span class='ocrx_word' id='word_1_302' title='bbox 629 2200 828 2270; x_wconf 69' lang='grc' dir='ltr'>ἤρξατο</span> <span class='ocrx_word' id='word_1_303' title='bbox 861 2201 1141 2255; x_wconf 79' lang='grc' dir='ltr'>λυπεῖσθαι</span> <span class='ocrx_word' id='word_1_304' title='bbox 1174 2205 1265 2257; x_wconf 73' lang='grc' dir='ltr'><strong>καὶ</strong></span> <span class='ocrx_word' id='word_1_305' title='bbox 1298 2206 1538 2277; x_wconf 73' lang='grc' dir='ltr'>ἀγωνιᾷν</span> <span class='ocrx_word' id='word_1_306' title='bbox 1567 2207 1669 2269; x_wconf 75' lang='grc' dir='ltr'><strong>ἕως</strong></span> <span class='ocrx_word' id='word_1_307' title='bbox 1706 2208 1794 2259; x_wconf 83' lang='grc' dir='ltr'>θα-</span> 
     </span>
    </p>
   </div>
   <div class='ocr_carea' id='block_1_40' title="bbox 222 2289 1789 2369">
    <p class='ocr_par' dir='ltr' id='par_1_40' title="bbox 222 2289 1789 2369">
     <span class='ocr_line' id='line_1_40' title="bbox 222 2289 1789 2369; baseline 0.008 -30"><span class='ocrx_word' id='word_1_308' title='bbox 222 2289 411 2354; x_wconf 75' lang='grc' dir='ltr'>νάτους</span> <span class='ocrx_word' id='word_1_309' title='bbox 443 2309 463 2340; x_wconf 74' lang='grc' dir='ltr'><strong>ι</strong></span> <span class='ocrx_word' id='word_1_310' title='bbox 503 2289 638 2361; x_wconf 75' lang='grc' dir='ltr'>Περὶ</span> <span class='ocrx_word' id='word_1_311' title='bbox 690 2291 784 2344; x_wconf 89' lang='grc' dir='ltr'><strong>τοῦ</strong></span> <span class='ocrx_word' id='word_1_312' title='bbox 820 2290 1069 2362; x_wconf 79' lang='grc' dir='ltr'>σώματος</span> <span class='ocrx_word' id='word_1_313' title='bbox 1106 2295 1199 2348; x_wconf 88' lang='grc' dir='ltr'><strong>τοῦ</strong></span> <span class='ocrx_word' id='word_1_314' title='bbox 1244 2296 1592 2367; x_wconf 83' lang='grc' dir='ltr'>ἀναισθήτου,</span> <span class='ocrx_word' id='word_1_315' title='bbox 1635 2298 1667 2369; x_wconf 74' lang='grc' dir='ltr'>ἢ</span> <span class='ocrx_word' id='word_1_316' title='bbox 1697 2298 1789 2351; x_wconf 87' lang='grc' dir='ltr'><strong>τοῦ</strong></span> 
     </span>
    </p>
   </div>
   <div class='ocr_carea' id='block_1_41' title="bbox 218 2377 1792 2460">
    <p class='ocr_par' dir='ltr' id='par_1_41' title="bbox 218 2377 1792 2460">
     <span class='ocr_line' id='line_1_41' title="bbox 218 2377 1792 2460; baseline 0.009 -31"><span class='ocrx_word' id='word_1_317' title='bbox 218 2377 345 2431; x_wconf 84' lang='grc' dir='ltr'>Θεοῦ</span> <span class='ocrx_word' id='word_1_318' title='bbox 379 2380 553 2447; x_wconf 82' lang='grc' dir='ltr'>Λόγου</span> <span class='ocrx_word' id='word_1_319' title='bbox 581 2399 595 2446; x_wconf 86' lang='lat'><strong>;</strong></span> <span class='ocrx_word' id='word_1_320' title='bbox 621 2381 867 2436; x_wconf 75' lang='grc' dir='ltr'>Ἀπολλ.</span> <span class='ocrx_word' id='word_1_321' title='bbox 893 2384 999 2437; x_wconf 81' lang='grc' dir='ltr'>Καὶ</span> <span class='ocrx_word' id='word_1_322' title='bbox 1027 2387 1187 2455; x_wconf 80' lang='grc' dir='ltr'>ἡμεῖς</span> <span class='ocrx_word' id='word_1_323' title='bbox 1212 2386 1460 2457; x_wconf 77' lang='grc' dir='ltr'>λέγομεν,</span> <span class='ocrx_word' id='word_1_324' title='bbox 1491 2390 1573 2441; x_wconf 85' lang='grc' dir='ltr'>ὅτι</span> <span class='ocrx_word' id='word_1_325' title='bbox 1602 2388 1792 2460; x_wconf 78' lang='grc' dir='ltr'>αἴσθη-</span> 
     </span>
    </p>
   </div>
   <div class='ocr_carea' id='block_1_42' title="bbox 220 2464 1786 2547">
    <p class='ocr_par' dir='ltr' id='par_1_42' title="bbox 220 2464 1786 2547">
     <span class='ocr_line' id='line_1_42' title="bbox 220 2464 1786 2547; baseline 0.01 -30"><span class='ocrx_word' id='word_1_326' title='bbox 220 2481 300 2518; x_wconf 87' lang='grc' dir='ltr'><strong>σιν</strong></span> <span class='ocrx_word' id='word_1_327' title='bbox 325 2464 440 2539; x_wconf 69' lang='grc' dir='ltr'>εἶχε</span> <span class='ocrx_word' id='word_1_328' title='bbox 478 2472 539 2524; x_wconf 84' lang='grc' dir='ltr'><strong>τὸ</strong></span> <span class='ocrx_word' id='word_1_329' title='bbox 575 2471 755 2543; x_wconf 84' lang='grc' dir='ltr'>σῶμα,</span> <span class='ocrx_word' id='word_1_330' title='bbox 782 2474 839 2526; x_wconf 78' lang='grc' dir='ltr'>ἐν</span> <span class='ocrx_word' id='word_1_331' title='bbox 918 2476 1011 2527; x_wconf 72' lang='grc' dir='ltr'>καὶ</span> <span class='ocrx_word' id='word_1_332' title='bbox 1043 2475 1236 2545; x_wconf 76' lang='grc' dir='ltr'>ᾔσθετο</span> <span class='ocrx_word' id='word_1_333' title='bbox 1266 2477 1359 2529; x_wconf 86' lang='grc' dir='ltr'><strong>τοῦ</strong></span> <span class='ocrx_word' id='word_1_334' title='bbox 1384 2478 1606 2542; x_wconf 74' lang='grc' dir='ltr'>πάθους.</span> <span class='ocrx_word' id='word_1_335' title='bbox 1632 2482 1786 2547; x_wconf 79' lang='grc' dir='ltr'>Ὀρθ.</span> 
     </span>
    </p>
   </div>
   <div class='ocr_carea' id='block_1_43' title="bbox 219 2558 1791 2643">
    <p class='ocr_par' dir='ltr' id='par_1_43' title="bbox 219 2558 1791 2643">
     <span class='ocr_line' id='line_1_43' title="bbox 219 2558 1791 2643; baseline 0.008 -32"><span class='ocrx_word' id='word_1_336' title='bbox 219 2558 376 2631; x_wconf 84' lang='grc' dir='ltr'>Σῶμα</span> <span class='ocrx_word' id='word_1_337' title='bbox 411 2563 472 2615; x_wconf 80' lang='grc' dir='ltr'><strong>δὲ</strong></span> <span class='ocrx_word' id='word_1_338' title='bbox 505 2562 916 2636; x_wconf 72' lang='grc' dir='ltr'>αἴσθησιν-ἔχον</span> <span class='ocrx_word' id='word_1_339' title='bbox 952 2566 1193 2638; x_wconf 71' lang='grc' dir='ltr'>ἔμψυχόν</span> <span class='ocrx_word' id='word_1_340' title='bbox 1221 2572 1388 2623; x_wconf 79' lang='grc' dir='ltr'>ἐστιν.</span> <span class='ocrx_word' id='word_1_341' title='bbox 1418 2571 1491 2624; x_wconf 85' lang='grc' dir='ltr'><strong>Τὸ</strong></span> <span class='ocrx_word' id='word_1_342' title='bbox 1521 2572 1630 2643; x_wconf 67' lang='grc' dir='ltr'>γὰρ</span> <span class='ocrx_word' id='word_1_343' title='bbox 1657 2573 1791 2641; x_wconf 68' lang='grc' dir='ltr'><strong>ἄψυ-</strong></span> 
     </span>
    </p>
   </div>
   <div class='ocr_carea' id='block_1_44' title="bbox 211 2654 1789 2727">
    <p class='ocr_par' dir='ltr' id='par_1_44' title="bbox 211 2654 1789 2727">
     <span class='ocr_line' id='line_1_44' title="bbox 211 2654 1789 2727; baseline 0.009 -25"><span class='ocrx_word' id='word_1_344' title='bbox 211 2666 300 2719; x_wconf 88' lang='grc' dir='ltr'><strong>χον</strong></span> <span class='ocrx_word' id='word_1_345' title='bbox 330 2654 425 2707; x_wconf 77' lang='grc' dir='ltr'>καὶ</span> <span class='ocrx_word' id='word_1_346' title='bbox 452 2654 777 2727; x_wconf 81' lang='grc' dir='ltr'>ἀναίσθητόν</span> <span class='ocrx_word' id='word_1_347' title='bbox 802 2658 965 2711; x_wconf 73' lang='grc' dir='ltr'>ἐστιν.</span> <span class='ocrx_word' id='word_1_348' title='bbox 986 2659 1144 2712; x_wconf 80' lang='grc' dir='ltr'>Ὥστε</span> <span class='ocrx_word' id='word_1_349' title='bbox 1177 2661 1205 2712; x_wconf 94' lang='lat'><strong>6</strong></span> <span class='ocrx_word' id='word_1_350' title='bbox 1229 2661 1571 2725; x_wconf 79' lang='grc' dir='ltr'>ταπεινώσας</span> <span class='ocrx_word' id='word_1_351' title='bbox 1602 2663 1789 2716; x_wconf 76' lang='grc' dir='ltr'>ἑαυτὸν</span> 
     </span>
    </p>
   </div>
   <div class='ocr_carea' id='block_1_45' title="bbox 217 2740 1787 2821">
    <p class='ocr_par' dir='ltr' id='par_1_45' title="bbox 217 2740 1787 2821">
     <span class='ocr_line' id='line_1_45' title="bbox 217 2740 1787 2821; baseline 0.008 -27"><span class='ocrx_word' id='word_1_352' title='bbox 217 2740 373 2812; x_wconf 82' lang='grc' dir='ltr'>μέχρι</span> <span class='ocrx_word' id='word_1_353' title='bbox 425 2743 659 2798; x_wconf 74' lang='grc' dir='ltr'>θανάτου</span> <span class='ocrx_word' id='word_1_354' title='bbox 681 2747 792 2800; x_wconf 74' lang='grc' dir='ltr'>-καὶ</span> <span class='ocrx_word' id='word_1_355' title='bbox 826 2747 1133 2813; x_wconf 80' lang='grc' dir='ltr'>ἀποθανὼν,</span> <span class='ocrx_word' id='word_1_356' title='bbox 1165 2750 1297 2811; x_wconf 79' lang='grc' dir='ltr'>Θεός</span> <span class='ocrx_word' id='word_1_357' title='bbox 1324 2753 1492 2817; x_wconf 72' lang='grc' dir='ltr'>ἐστιν,</span> <span class='ocrx_word' id='word_1_358' title='bbox 1528 2754 1588 2805; x_wconf 83' lang='grc' dir='ltr'>οὑ</span> <span class='ocrx_word' id='word_1_359' title='bbox 1630 2755 1787 2821; x_wconf 77' lang='grc' dir='ltr'>φύσει</span> 
     </span>
    </p>
   </div>
   <div class='ocr_carea' id='block_1_46' title="bbox 211 2830 1785 2913">
    <p class='ocr_par' dir='ltr' id='par_1_46' title="bbox 211 2830 1785 2913">
     <span class='ocr_line' id='line_1_46' title="bbox 211 2830 1785 2913; baseline 0.01 -31"><span class='ocrx_word' id='word_1_360' title='bbox 211 2830 462 2905; x_wconf 69' lang='grc' dir='ltr'>θεότητος</span> <span class='ocrx_word' id='word_1_361' title='bbox 493 2837 869 2909; x_wconf 79' lang='grc' dir='ltr'>ἀποθνήσκων,</span> <span class='ocrx_word' id='word_1_362' title='bbox 928 2840 1041 2893; x_wconf 81' lang='grc' dir='ltr'><strong>ἀλλ’</strong></span> <span class='ocrx_word' id='word_1_363' title='bbox 1071 2840 1315 2905; x_wconf 80' lang='grc' dir='ltr'>ἑνώσεως</span> <span class='ocrx_word' id='word_1_364' title='bbox 1345 2844 1648 2913; x_wconf 63' lang='grc' dir='ltr'>οίκονομίᾳ.</span> <span class='ocrx_word' id='word_1_365' title='bbox 1675 2845 1785 2913; x_wconf 81' lang='grc' dir='ltr'><strong>Τῆς</strong></span> 
     </span>
    </p>
   </div>
   <div class='ocr_carea' id='block_1_47' title="bbox 209 2922 1780 3002">
    <p class='ocr_par' dir='ltr' id='par_1_47' title="bbox 209 2922 1780 3002">
     <span class='ocr_line' id='line_1_47' title="bbox 209 2922 1780 3002; baseline 0.005 -26"><span class='ocrx_word' id='word_1_366' title='bbox 209 2922 313 2993; x_wconf 71' lang='grc' dir='ltr'><strong>γὰρ</strong></span> <span class='ocrx_word' id='word_1_367' title='bbox 347 2925 773 2998; x_wconf 76' lang='grc' dir='ltr'>ἀνθρωπότητος</span> <span class='ocrx_word' id='word_1_368' title='bbox 805 2929 873 2982; x_wconf 79' lang='grc' dir='ltr'>τὰ</span> <span class='ocrx_word' id='word_1_369' title='bbox 909 2930 1056 2999; x_wconf 78' lang='grc' dir='ltr'>πάθη</span> <span class='ocrx_word' id='word_1_370' title='bbox 1090 2930 1285 2983; x_wconf 80' lang='grc' dir='ltr'>ἑαυτοῦ</span> <span class='ocrx_word' id='word_1_371' title='bbox 1317 2931 1461 3002; x_wconf 85' lang='grc' dir='ltr'>πάθη</span> <span class='ocrx_word' id='word_1_372' title='bbox 1496 2932 1780 3001; x_wconf 73' lang='grc' dir='ltr'>ἐλογίζετο.</span> 
     </span>
    </p>
   </div>
   <div class='ocr_carea' id='block_1_48' title="bbox 208 3015 1785 3095">
    <p class='ocr_par' dir='ltr' id='par_1_48' title="bbox 208 3015 1785 3095">
     <span class='ocr_line' id='line_1_48' title="bbox 208 3015 1785 3095; baseline 0.007 -28"><span class='ocrx_word' id='word_1_373' title='bbox 208 3015 312 3069; x_wconf 79' lang='grc' dir='ltr'><strong>Καὶ</strong></span> <span class='ocrx_word' id='word_1_374' title='bbox 343 3017 547 3090; x_wconf 80' lang='grc' dir='ltr'>ὥσπερ</span> <span class='ocrx_word' id='word_1_375' title='bbox 572 3020 832 3076; x_wconf 80' lang='grc' dir='ltr'>ἀδύνατον</span> <span class='ocrx_word' id='word_1_376' title='bbox 868 3018 935 3093; x_wconf 83' lang='grc' dir='ltr'>ἦν</span> <span class='ocrx_word' id='word_1_377' title='bbox 969 3022 1383 3094; x_wconf 76' lang='grc' dir='ltr'>προσηλωθῆναι</span> <span class='ocrx_word' id='word_1_378' title='bbox 1417 3024 1653 3095; x_wconf 83' lang='grc' dir='ltr'>σταυρῷ,</span> <span class='ocrx_word' id='word_1_379' title='bbox 1690 3026 1785 3078; x_wconf 80' lang='grc' dir='ltr'>καὶ</span> 
     </span>
    </p>
   </div>
   <div class='ocr_carea' id='block_1_49' title="bbox 200 3110 1784 3187">
    <p class='ocr_par' dir='ltr' id='par_1_49' title="bbox 200 3110 1784 3187">
     <span class='ocr_line' id='line_1_49' title="bbox 200 3110 1784 3187; baseline 0.004 -26"><span class='ocrx_word' id='word_1_380' title='bbox 200 3110 438 3181; x_wconf 80' lang='grc' dir='ltr'>ταφῆναι</span> <span class='ocrx_word' id='word_1_381' title='bbox 472 3113 688 3175; x_wconf 82' lang='grc' dir='ltr'>σινδόνι,</span> <span class='ocrx_word' id='word_1_382' title='bbox 710 3115 803 3167; x_wconf 78' lang='grc' dir='ltr'>καὶ</span> <span class='ocrx_word' id='word_1_383' title='bbox 832 3115 1055 3187; x_wconf 84' lang='grc' dir='ltr'>τεθῆναι</span> <span class='ocrx_word' id='word_1_384' title='bbox 1090 3118 1147 3168; x_wconf 86' lang='grc' dir='ltr'>ὲν</span> <span class='ocrx_word' id='word_1_385' title='bbox 1169 3118 1409 3187; x_wconf 77' lang='grc' dir='ltr'>μνήματι</span> <span class='ocrx_word' id='word_1_386' title='bbox 1438 3117 1567 3169; x_wconf 80' lang='grc' dir='ltr'>ἄνευ</span> <span class='ocrx_word' id='word_1_387' title='bbox 1603 3116 1784 3187; x_wconf 56' lang='lat' dir='ltr'><strong>scopae</strong></span> 
     </span>
    </p>
   </div>
   <div class='ocr_carea' id='block_1_50' title="bbox 199 3200 1781 3276">
    <p class='ocr_par' dir='ltr' id='par_1_50' title="bbox 199 3200 1781 3276">
     <span class='ocr_line' id='line_1_50' title="bbox 199 3200 1781 3276; baseline 0.004 -25"><span class='ocrx_word' id='word_1_388' title='bbox 199 3214 314 3263; x_wconf 68' lang='grc' dir='ltr'>τοςδ</span> <span class='ocrx_word' id='word_1_389' title='bbox 336 3202 524 3267; x_wconf 70' lang='grc' dir='ltr'>οὕτως</span> <span class='ocrx_word' id='word_1_390' title='bbox 544 3204 802 3258; x_wconf 80' lang='grc' dir='ltr'>ἀδύνατον</span> <span class='ocrx_word' id='word_1_391' title='bbox 825 3200 891 3276; x_wconf 72' lang='grc' dir='ltr'>ἦν</span> <span class='ocrx_word' id='word_1_392' title='bbox 929 3205 1088 3258; x_wconf 73' lang='grc' dir='ltr'>αὑτὸν</span> <span class='ocrx_word' id='word_1_393' title='bbox 1126 3206 1426 3273; x_wconf 79' lang='grc' dir='ltr'>ἀγωνιᾶσαι</span> <span class='ocrx_word' id='word_1_394' title='bbox 1454 3204 1581 3258; x_wconf 79' lang='grc' dir='ltr'>ἄνευ</span> <span class='ocrx_word' id='word_1_395' title='bbox 1607 3205 1781 3275; x_wconf 69' lang='grc' dir='ltr'>ψυχῆς</span> 
     </span>
    </p>
   </div>
   <div class='ocr_carea' id='block_1_51' title="bbox 201 3288 1783 3368">
    <p class='ocr_par' dir='ltr' id='par_1_51' title="bbox 201 3288 1783 3368">
     <span class='ocr_line' id='line_1_51' title="bbox 201 3288 1783 3368; baseline 0.003 -26"><span class='ocrx_word' id='word_1_396' title='bbox 201 3288 455 3365; x_wconf 78' lang='grc' dir='ltr'>λογικῆς’</span> <span class='ocrx_word' id='word_1_397' title='bbox 504 3295 698 3364; x_wconf 84' lang='grc' dir='ltr'>ἄλογος</span> <span class='ocrx_word' id='word_1_398' title='bbox 740 3298 847 3368; x_wconf 75' lang='grc' dir='ltr'><strong>γὰρ</strong></span> <span class='ocrx_word' id='word_1_399' title='bbox 893 3296 1038 3367; x_wconf 74' lang='grc' dir='ltr'>ψυχὴ</span> <span class='ocrx_word' id='word_1_400' title='bbox 1088 3298 1187 3350; x_wconf 77' lang='grc' dir='ltr'><strong>οὐκ</strong></span> <span class='ocrx_word' id='word_1_401' title='bbox 1249 3299 1478 3368; x_wconf 76' lang='grc' dir='ltr'>ἀγωνιᾷ,</span> <span class='ocrx_word' id='word_1_402' title='bbox 1514 3295 1783 3366; x_wconf 84' lang='grc' dir='ltr'>προγινὼ-</span> 
     </span>
    </p>
   </div>
   <div class='ocr_carea' id='block_1_52' title="bbox 204 3385 1779 3458">
    <p class='ocr_par' dir='ltr' id='par_1_52' title="bbox 204 3385 1779 3458">
     <span class='ocr_line' id='line_1_52' title="bbox 204 3385 1779 3458; baseline 0.003 -22"><span class='ocrx_word' id='word_1_403' title='bbox 204 3398 408 3438; x_wconf 81' lang='grc' dir='ltr'>σκουσα</span> <span class='ocrx_word' id='word_1_404' title='bbox 443 3385 677 3440; x_wconf 80' lang='grc' dir='ltr'>θάνατον</span> <span class='ocrx_word' id='word_1_405' title='bbox 696 3404 710 3417; x_wconf 91' lang='grc'><strong>·</strong></span> <span class='ocrx_word' id='word_1_406' title='bbox 740 3388 851 3441; x_wconf 83' lang='grc' dir='ltr'>ἀλλ’</span> <span class='ocrx_word' id='word_1_407' title='bbox 877 3389 951 3451; x_wconf 86' lang='grc' dir='ltr'>ὼς</span> <span class='ocrx_word' id='word_1_408' title='bbox 983 3388 1107 3458; x_wconf 76' lang='grc' dir='ltr'>βοῦς</span> <span class='ocrx_word' id='word_1_409' title='bbox 1133 3389 1233 3441; x_wconf 77' lang='grc' dir='ltr'>ἐπὶ</span> <span class='ocrx_word' id='word_1_410' title='bbox 1268 3389 1480 3458; x_wconf 73' lang='grc' dir='ltr'>σφαγὴν</span> <span class='ocrx_word' id='word_1_411' title='bbox 1507 3388 1721 3456; x_wconf 83' lang='grc' dir='ltr'>ἄγεται,</span> <span class='ocrx_word' id='word_1_412' title='bbox 1746 3386 1779 3457; x_wconf 77' lang='grc' dir='ltr'>ἢ</span> 
     </span>
    </p>
   </div>
   <div class='ocr_carea' id='block_1_53' title="bbox 199 3476 1080 3550">
    <p class='ocr_par' dir='ltr' id='par_1_53' title="bbox 199 3476 1080 3550">
     <span class='ocr_line' id='line_1_53' title="bbox 199 3476 1080 3550; baseline 0.009 -25"><span class='ocrx_word' id='word_1_413' title='bbox 199 3476 289 3527; x_wconf 78' lang='grc' dir='ltr'>καὶ</span> <span class='ocrx_word' id='word_1_414' title='bbox 313 3477 389 3541; x_wconf 82' lang='grc' dir='ltr'>ὡς</span> <span class='ocrx_word' id='word_1_415' title='bbox 421 3478 613 3550; x_wconf 76' lang='grc' dir='ltr'>ἔτερόν</span> <span class='ocrx_word' id='word_1_416' title='bbox 638 3496 689 3531; x_wconf 88' lang='grc' dir='ltr'><strong>τι</strong></span> <span class='ocrx_word' id='word_1_417' title='bbox 717 3480 824 3533; x_wconf 85' lang='grc' dir='ltr'><strong>τῶν</strong></span> <span class='ocrx_word' id='word_1_418' title='bbox 850 3480 1080 3548; x_wconf 81' lang='grc' dir='ltr'>ἀλόγων.</span> 
     </span>
    </p>
   </div>
   <div class='ocr_carea' id='block_1_54' title="bbox 1898 1925 3459 1999">
    <p class='ocr_par' dir='ltr' id='par_1_54' title="bbox 1898 1925 3459 1999">
     <span class='ocr_line' id='line_1_54' title="bbox 1898 1925 3459 1999; baseline 0.004 -23"><span class='ocrx_word' id='word_1_419' title='bbox 1898 1939 1999 1991; x_wconf 82' lang='lat' dir='ltr'><strong>pus</strong></span> <span class='ocrx_word' id='word_1_420' title='bbox 2035 1925 2165 1978; x_wconf 88' lang='lat' dir='ltr'><strong>illud</strong></span> <span class='ocrx_word' id='word_1_421' title='bbox 2201 1926 2502 1991; x_wconf 87' lang='lat' dir='ltr'><strong>animasse,</strong></span> <span class='ocrx_word' id='word_1_422' title='bbox 2557 1944 2656 1981; x_wconf 88' lang='lat' dir='ltr'><strong>nec</strong></span> <span class='ocrx_word' id='word_1_423' title='bbox 2709 1945 2847 1999; x_wconf 60' lang='lat' dir='ltr'><strong>opus</strong></span> <span class='ocrx_word' id='word_1_424' title='bbox 2897 1930 2974 1983; x_wconf 90' lang='lat' dir='ltr'><strong>illi</strong></span> <span class='ocrx_word' id='word_1_425' title='bbox 3022 1930 3195 1986; x_wconf 75' lang='lat' dir='ltr'><strong>fuisse</strong></span> <span class='ocrx_word' id='word_1_426' title='bbox 3254 1933 3459 1985; x_wconf 84' lang='lat' dir='ltr'><strong>anima.</strong></span> 
     </span>
    </p>
   </div>
   <div class='ocr_carea' id='block_1_55' title="bbox 1892 2012 3460 2094">
    <p class='ocr_par' dir='ltr' id='par_1_55' title="bbox 1892 2012 3460 2094">
     <span class='ocr_line' id='line_1_55' title="bbox 1892 2012 3460 2094; baseline 0.011 -27"><span class='ocrx_word' id='word_1_427' title='bbox 1892 2012 2048 2070; x_wconf 74' lang='lat' dir='ltr'><strong>Orth.</strong></span> <span class='ocrx_word' id='word_1_428' title='bbox 2092 2013 2243 2070; x_wconf 89' lang='lat' dir='ltr'><strong>Sicut</strong></span> <span class='ocrx_word' id='word_1_429' title='bbox 2277 2015 2342 2069; x_wconf 86' lang='lat' dir='ltr'><strong>ad</strong></span> <span class='ocrx_word' id='word_1_430' title='bbox 2380 2019 2480 2071; x_wconf 81' lang='lat' dir='ltr'><strong>hoc</strong></span> <span class='ocrx_word' id='word_1_431' title='bbox 2520 2028 2574 2071; x_wconf 93' lang='lat' dir='ltr'><strong>ut</strong></span> <span class='ocrx_word' id='word_1_432' title='bbox 2614 2031 2920 2088; x_wconf 85' lang='lat' dir='ltr'><strong>caperetur,</strong></span> <span class='ocrx_word' id='word_1_433' title='bbox 2948 2029 3002 2076; x_wconf 91' lang='lat' dir='ltr'><strong>et</strong></span> <span class='ocrx_word' id='word_1_434' title='bbox 3027 2024 3460 2094; x_wconf 75' lang='lat' dir='ltr'><strong>crucifigeretur,</strong></span> 
     </span>
    </p>
   </div>
   <div class='ocr_carea' id='block_1_56' title="bbox 1891 2106 3460 2177">
    <p class='ocr_par' dir='ltr' id='par_1_56' title="bbox 1891 2106 3460 2177">
     <span class='ocr_line' id='line_1_56' title="bbox 1891 2106 3460 2177; baseline 0.012 -20"><span class='ocrx_word' id='word_1_435' title='bbox 1891 2112 1947 2158; x_wconf 87' lang='lat' dir='ltr'><strong>et</strong></span> <span class='ocrx_word' id='word_1_436' title='bbox 1972 2106 2310 2174; x_wconf 76' lang='lat' dir='ltr'><strong>sepeliretur,</strong></span> <span class='ocrx_word' id='word_1_437' title='bbox 2339 2124 2433 2162; x_wconf 79' lang='lat' dir='ltr'><strong>nec</strong></span> <span class='ocrx_word' id='word_1_438' title='bbox 2467 2111 2723 2177; x_wconf 80' lang='lat' dir='ltr'><strong>opinione</strong></span> <span class='ocrx_word' id='word_1_439' title='bbox 2772 2118 3007 2175; x_wconf 84' lang='lat' dir='ltr'><strong>tantum,</strong></span> <span class='ocrx_word' id='word_1_440' title='bbox 3040 2115 3136 2171; x_wconf 83' lang='lat' dir='ltr'><strong>sed</strong></span> <span class='ocrx_word' id='word_1_441' title='bbox 3176 2127 3233 2170; x_wconf 83' lang='lat' dir='ltr'><strong>ut</strong></span> <span class='ocrx_word' id='word_1_442' title='bbox 3274 2135 3460 2175; x_wconf 79' lang='lat' dir='ltr'><strong>revera</strong></span> 
     </span>
    </p>
   </div>
   <div class='ocr_carea' id='block_1_57' title="bbox 1892 2196 3459 2271">
    <p class='ocr_par' dir='ltr' id='par_1_57' title="bbox 1892 2196 3459 2271">
     <span class='ocr_line' id='line_1_57' title="bbox 1892 2196 3459 2271; baseline 0.016 -30"><span class='ocrx_word' id='word_1_443' title='bbox 1892 2207 2023 2245; x_wconf 78' lang='lat' dir='ltr'><strong>crux</strong></span> <span class='ocrx_word' id='word_1_444' title='bbox 2047 2201 2222 2260; x_wconf 87' lang='lat' dir='ltr'><strong>esset;</strong></span> <span class='ocrx_word' id='word_1_445' title='bbox 2274 2196 2347 2249; x_wconf 87' lang='lat' dir='ltr'><strong>ita</strong></span> <span class='ocrx_word' id='word_1_446' title='bbox 2375 2213 2590 2266; x_wconf 86' lang='lat' dir='ltr'><strong>quoque</strong></span> <span class='ocrx_word' id='word_1_447' title='bbox 2623 2200 2687 2251; x_wconf 83' lang='lat' dir='ltr'><strong>ad</strong></span> <span class='ocrx_word' id='word_1_448' title='bbox 2718 2199 2820 2254; x_wconf 76' lang='lat' dir='ltr'><strong>hoc</strong></span> <span class='ocrx_word' id='word_1_449' title='bbox 2862 2213 2918 2254; x_wconf 91' lang='grc' dir='ltr'><strong>ιιι</strong></span> <span class='ocrx_word' id='word_1_450' title='bbox 2950 2214 3273 2271; x_wconf 83' lang='lat' dir='ltr'><strong>moreretur,</strong></span> <span class='ocrx_word' id='word_1_451' title='bbox 3304 2220 3356 2264; x_wconf 86' lang='lat' dir='ltr'><strong>et</strong></span> <span class='ocrx_word' id='word_1_452' title='bbox 3391 2214 3459 2266; x_wconf 87' lang='lat' dir='ltr'><strong>ad</strong></span> 
     </span>
    </p>
   </div>
   <div class='ocr_carea' id='block_1_58' title="bbox 1893 2278 3455 2366">
    <p class='ocr_par' dir='ltr' id='par_1_58' title="bbox 1893 2278 3455 2366">
     <span class='ocr_line' id='line_1_58' title="bbox 1893 2278 3455 2366; baseline 0.015 -34"><span class='ocrx_word' id='word_1_453' title='bbox 1893 2278 2095 2335; x_wconf 70' lang='lat' dir='ltr'><strong>inferos</strong></span> <span class='ocrx_word' id='word_1_454' title='bbox 2121 2284 2346 2345; x_wconf 83' lang='lat' dir='ltr'><strong>veniret,</strong></span> <span class='ocrx_word' id='word_1_455' title='bbox 2379 2302 2516 2354; x_wconf 87' lang='lat' dir='ltr'><strong>opus</strong></span> <span class='ocrx_word' id='word_1_456' title='bbox 2552 2288 2627 2340; x_wconf 91' lang='lat' dir='ltr'><strong>illi</strong></span> <span class='ocrx_word' id='word_1_457' title='bbox 2662 2288 2765 2342; x_wconf 75' lang='lat' dir='ltr'><strong>fuit</strong></span> <span class='ocrx_word' id='word_1_458' title='bbox 2796 2291 2998 2347; x_wconf 84' lang='lat' dir='ltr'><strong>anima.</strong></span> <span class='ocrx_word' id='word_1_459' title='bbox 3048 2292 3124 2349; x_wconf 84' lang='lat' dir='ltr'><strong>De</strong></span> <span class='ocrx_word' id='word_1_460' title='bbox 3151 2312 3263 2366; x_wconf 90' lang='lat' dir='ltr'><strong>quo</strong></span> <span class='ocrx_word' id='word_1_461' title='bbox 3310 2304 3455 2355; x_wconf 70' lang='lat' dir='ltr'><strong>etaim</strong></span> 
     </span>
    </p>
   </div>
   <div class='ocr_carea' id='block_1_59' title="bbox 1891 2370 3460 2455">
    <p class='ocr_par' dir='ltr' id='par_1_59' title="bbox 1891 2370 3460 2455">
     <span class='ocr_line' id='line_1_59' title="bbox 1891 2370 3460 2455; baseline 0.016 -33"><span class='ocrx_word' id='word_1_462' title='bbox 1891 2370 2096 2426; x_wconf 90' lang='lat' dir='ltr'><strong>dictum</strong></span> <span class='ocrx_word' id='word_1_463' title='bbox 2124 2383 2207 2428; x_wconf 86' lang='lat' dir='ltr'><strong>est</strong></span> <span class='ocrx_word' id='word_1_464' title='bbox 2228 2394 2247 2429; x_wconf 70' lang='grc' dir='ltr'><strong>ι</strong></span> <span class='ocrx_word' id='word_1_465' title='bbox 2287 2394 2303 2425; x_wconf 80' lang='grc' dir='ltr'><strong>ι</strong></span> <span class='ocrx_word' id='word_1_466' title='bbox 2336 2374 2514 2445; x_wconf 78' lang='lat' dir='ltr'><strong>Cmpit</strong></span> <span class='ocrx_word' id='word_1_467' title='bbox 2547 2380 2884 2441; x_wconf 87' lang='lat' dir='ltr'><strong>contristari,</strong></span> <span class='ocrx_word' id='word_1_468' title='bbox 2913 2392 2964 2435; x_wconf 92' lang='lat' dir='ltr'><strong>et</strong></span> <span class='ocrx_word' id='word_1_469' title='bbox 2996 2383 3050 2436; x_wconf 91' lang='lat' dir='ltr'><strong>in</strong></span> <span class='ocrx_word' id='word_1_470' title='bbox 3093 2400 3296 2455; x_wconf 79' lang='lat' dir='ltr'><strong>angore</strong></span> <span class='ocrx_word' id='word_1_471' title='bbox 3334 2407 3460 2447; x_wconf 67' lang='grc' dir='ltr'>ριεο</span> 
     </span>
    </p>
   </div>
   <div class='ocr_carea' id='block_1_60' title="bbox 1891 2465 3455 2551">
    <p class='ocr_par' dir='ltr' id='par_1_60' title="bbox 1891 2465 3455 2551">
     <span class='ocr_line' id='line_1_60' title="bbox 1891 2465 3455 2551; baseline 0.014 -35"><span class='ocrx_word' id='word_1_472' title='bbox 1891 2478 2064 2532; x_wconf 77' lang='lat' dir='ltr'><strong>usque</strong></span> <span class='ocrx_word' id='word_1_473' title='bbox 2095 2465 2158 2518; x_wconf 88' lang='lat' dir='ltr'><strong>ad</strong></span> <span class='ocrx_word' id='word_1_474' title='bbox 2198 2476 2429 2521; x_wconf 86' lang='lat' dir='ltr'><strong>mortem</strong></span> <span class='ocrx_word' id='word_1_475' title='bbox 2463 2470 2546 2522; x_wconf 66' lang='grc' dir='ltr'>ἐἳ</span> <span class='ocrx_word' id='word_1_476' title='bbox 2576 2490 2595 2522; x_wconf 73' lang='grc' dir='ltr'><strong>ι</strong></span> <span class='ocrx_word' id='word_1_477' title='bbox 2628 2469 2701 2524; x_wconf 85' lang='lat' dir='ltr'><strong>De</strong></span> <span class='ocrx_word' id='word_1_478' title='bbox 2722 2487 2957 2549; x_wconf 44' lang='lat' dir='ltr'><strong>oorpore</strong></span> <span class='ocrx_word' id='word_1_479' title='bbox 2990 2491 3183 2534; x_wconf 85' lang='lat' dir='ltr'><strong>sensus</strong></span> <span class='ocrx_word' id='word_1_480' title='bbox 3211 2492 3455 2551; x_wconf 76' lang='lat' dir='ltr'><strong>experte,</strong></span> 
     </span>
    </p>
   </div>
   <div class='ocr_carea' id='block_1_61' title="bbox 1889 2556 3454 2640">
    <p class='ocr_par' dir='ltr' id='par_1_61' title="bbox 1889 2556 3454 2640">
     <span class='ocr_line' id='line_1_61' title="bbox 1889 2556 3454 2640; baseline 0.014 -32"><span class='ocrx_word' id='word_1_481' title='bbox 1889 2571 1958 2609; x_wconf 89' lang='lat' dir='ltr'><strong>an</strong></span> <span class='ocrx_word' id='word_1_482' title='bbox 1986 2556 2054 2611; x_wconf 86' lang='lat' dir='ltr'><strong>de</strong></span> <span class='ocrx_word' id='word_1_483' title='bbox 2099 2558 2205 2612; x_wconf 85' lang='lat' dir='ltr'><strong>Deo</strong></span> <span class='ocrx_word' id='word_1_484' title='bbox 2251 2557 2465 2613; x_wconf 74' lang='lat' dir='ltr'><strong>Verbo?</strong></span> <span class='ocrx_word' id='word_1_485' title='bbox 2506 2562 2680 2627; x_wconf 75' lang='lat' dir='ltr'><strong>Apoll.</strong></span> <span class='ocrx_word' id='word_1_486' title='bbox 2738 2563 2848 2619; x_wconf 79' lang='lat' dir='ltr'><strong>Nos</strong></span> <span class='ocrx_word' id='word_1_487' title='bbox 2912 2582 3131 2637; x_wconf 84' lang='lat' dir='ltr'><strong>quoque</strong></span> <span class='ocrx_word' id='word_1_488' title='bbox 3184 2571 3454 2640; x_wconf 71' lang='lat' dir='ltr'><strong>dicimus,</strong></span> 
     </span>
    </p>
   </div>
   <div class='ocr_carea' id='block_1_62' title="bbox 1888 2651 3455 2731">
    <p class='ocr_par' dir='ltr' id='par_1_62' title="bbox 1888 2651 3455 2731">
     <span class='ocr_line' id='line_1_62' title="bbox 1888 2651 3455 2731; baseline 0.011 -29"><span class='ocrx_word' id='word_1_489' title='bbox 1888 2665 2089 2719; x_wconf 88' lang='lat' dir='ltr'><strong>corpus</strong></span> <span class='ocrx_word' id='word_1_490' title='bbox 2138 2652 2272 2705; x_wconf 87' lang='lat' dir='ltr'><strong>illud</strong></span> <span class='ocrx_word' id='word_1_491' title='bbox 2314 2651 2484 2707; x_wconf 86' lang='lat' dir='ltr'><strong>luisse</strong></span> <span class='ocrx_word' id='word_1_492' title='bbox 2524 2669 2689 2709; x_wconf 74' lang='lat' dir='ltr'><strong>sensu</strong></span> <span class='ocrx_word' id='word_1_493' title='bbox 2741 2658 3067 2726; x_wconf 68' lang='lat' dir='ltr'><strong>praeditum,</strong></span> <span class='ocrx_word' id='word_1_494' title='bbox 3130 2678 3242 2731; x_wconf 83' lang='lat' dir='ltr'><strong>quo</strong></span> <span class='ocrx_word' id='word_1_495' title='bbox 3291 2668 3455 2720; x_wconf 78' lang='lat' dir='ltr'><strong>etiam</strong></span> 
     </span>
    </p>
   </div>
   <div class='ocr_carea' id='block_1_63' title="bbox 1886 2741 3458 2821">
    <p class='ocr_par' dir='ltr' id='par_1_63' title="bbox 1886 2741 3458 2821">
     <span class='ocr_line' id='line_1_63' title="bbox 1886 2741 3458 2821; baseline 0.015 -32"><span class='ocrx_word' id='word_1_496' title='bbox 1886 2741 2198 2809; x_wconf 82' lang='lat' dir='ltr'><strong>passionem</strong></span> <span class='ocrx_word' id='word_1_497' title='bbox 2249 2744 2503 2797; x_wconf 85' lang='lat' dir='ltr'><strong>senserit.</strong></span> <span class='ocrx_word' id='word_1_498' title='bbox 2545 2744 2697 2800; x_wconf 68' lang='lat' dir='ltr'><strong>Orth.</strong></span> <span class='ocrx_word' id='word_1_499' title='bbox 2760 2749 2924 2818; x_wconf 83' lang='lat' dir='ltr'><strong>Atqui</strong></span> <span class='ocrx_word' id='word_1_500' title='bbox 2955 2766 3155 2821; x_wconf 85' lang='lat' dir='ltr'><strong>corpus</strong></span> <span class='ocrx_word' id='word_1_501' title='bbox 3216 2758 3458 2812; x_wconf 58' lang='lat' dir='ltr'><strong>seruiens</strong></span> 
     </span>
    </p>
   </div>
   <div class='ocr_carea' id='block_1_64' title="bbox 1886 2834 3457 2919">
    <p class='ocr_par' dir='ltr' id='par_1_64' title="bbox 1886 2834 3457 2919">
     <span class='ocr_line' id='line_1_64' title="bbox 1886 2834 3457 2919; baseline 0.012 -33"><span class='ocrx_word' id='word_1_502' title='bbox 1886 2840 1971 2887; x_wconf 88' lang='lat' dir='ltr'><strong>est</strong></span> <span class='ocrx_word' id='word_1_503' title='bbox 1999 2834 2319 2888; x_wconf 87' lang='lat' dir='ltr'><strong>animatum.</strong></span> <span class='ocrx_word' id='word_1_504' title='bbox 2351 2836 2505 2901; x_wconf 79' lang='lat' dir='ltr'><strong>Quod</strong></span> <span class='ocrx_word' id='word_1_505' title='bbox 2536 2839 2683 2892; x_wconf 90' lang='lat' dir='ltr'><strong>enim</strong></span> <span class='ocrx_word' id='word_1_506' title='bbox 2716 2850 2801 2895; x_wconf 86' lang='lat' dir='ltr'><strong>est</strong></span> <span class='ocrx_word' id='word_1_507' title='bbox 2837 2842 3217 2907; x_wconf 81' lang='lat' dir='ltr'><strong>inanimatam.</strong></span> <span class='ocrx_word' id='word_1_508' title='bbox 3244 2847 3294 2902; x_wconf 88' lang='lat' dir='ltr'><strong>id</strong></span> <span class='ocrx_word' id='word_1_509' title='bbox 3318 2867 3457 2919; x_wconf 86' lang='lat' dir='ltr'><strong>quo-</strong></span> 
     </span>
    </p>
   </div>
   <div class='ocr_carea' id='block_1_65' title="bbox 1885 2925 3456 3004">
    <p class='ocr_par' dir='ltr' id='par_1_65' title="bbox 1885 2925 3456 3004">
     <span class='ocr_line' id='line_1_65' title="bbox 1885 2925 3456 3004; baseline 0.011 -27"><span class='ocrx_word' id='word_1_510' title='bbox 1885 2941 1992 2993; x_wconf 85' lang='lat' dir='ltr'><strong>que</strong></span> <span class='ocrx_word' id='word_1_511' title='bbox 2026 2925 2160 2979; x_wconf 86' lang='lat' dir='ltr'><strong>nihil</strong></span> <span class='ocrx_word' id='word_1_512' title='bbox 2182 2928 2363 2980; x_wconf 77' lang='lat' dir='ltr'><strong>sentit.</strong></span> <span class='ocrx_word' id='word_1_513' title='bbox 2394 2926 2582 2996; x_wconf 83' lang='lat' dir='ltr'><strong>Itaque</strong></span> <span class='ocrx_word' id='word_1_514' title='bbox 2613 2928 2755 2985; x_wconf 83' lang='lat' dir='ltr'><strong>Deus</strong></span> <span class='ocrx_word' id='word_1_515' title='bbox 2788 2941 2892 2994; x_wconf 79' lang='lat' dir='ltr'><strong>est,</strong></span> <span class='ocrx_word' id='word_1_516' title='bbox 2914 2935 3010 3004; x_wconf 88' lang='lat' dir='ltr'><strong>qui</strong></span> <span class='ocrx_word' id='word_1_517' title='bbox 3044 2952 3165 2992; x_wconf 82' lang='lat' dir='ltr'><strong>sese</strong></span> <span class='ocrx_word' id='word_1_518' title='bbox 3196 2938 3456 2994; x_wconf 77' lang='lat' dir='ltr'><strong>humiliu-</strong></span> 
     </span>
    </p>
   </div>
   <div class='ocr_carea' id='block_1_66' title="bbox 1888 3019 3453 3089">
    <p class='ocr_par' dir='ltr' id='par_1_66' title="bbox 1888 3019 3453 3089">
     <span class='ocr_line' id='line_1_66' title="bbox 1888 3019 3453 3089; baseline 0.01 -17"><span class='ocrx_word' id='word_1_519' title='bbox 1888 3020 1961 3072; x_wconf 77' lang='lat' dir='ltr'><strong>vit</strong></span> <span class='ocrx_word' id='word_1_520' title='bbox 1989 3034 2161 3088; x_wconf 81' lang='lat' dir='ltr'><strong>usque</strong></span> <span class='ocrx_word' id='word_1_521' title='bbox 2194 3019 2258 3072; x_wconf 83' lang='lat' dir='ltr'><strong>ad</strong></span> <span class='ocrx_word' id='word_1_522' title='bbox 2293 3028 2524 3074; x_wconf 86' lang='lat' dir='ltr'><strong>mortem</strong></span> <span class='ocrx_word' id='word_1_523' title='bbox 2570 3030 2626 3075; x_wconf 90' lang='lat' dir='ltr'><strong>et</strong></span> <span class='ocrx_word' id='word_1_524' title='bbox 2663 3032 2911 3079; x_wconf 81' lang='lat' dir='ltr'><strong>mortuus</strong></span> <span class='ocrx_word' id='word_1_525' title='bbox 2940 3034 3055 3089; x_wconf 90' lang='lat' dir='ltr'><strong>est,</strong></span> <span class='ocrx_word' id='word_1_526' title='bbox 3110 3044 3220 3083; x_wconf 87' lang='lat' dir='ltr'><strong>non</strong></span> <span class='ocrx_word' id='word_1_527' title='bbox 3275 3041 3453 3087; x_wconf 78' lang='lat' dir='ltr'><strong>tanum</strong></span> 
     </span>
    </p>
   </div>
   <div class='ocr_carea' id='block_1_67' title="bbox 1886 3111 3455 3187">
    <p class='ocr_par' dir='ltr' id='par_1_67' title="bbox 1886 3111 3455 3187">
     <span class='ocr_line' id='line_1_67' title="bbox 1886 3111 3455 3187; baseline 0.01 -24"><span class='ocrx_word' id='word_1_528' title='bbox 1886 3120 2155 3173; x_wconf 84' lang='lat' dir='ltr'><strong>mortuus,</strong></span> <span class='ocrx_word' id='word_1_529' title='bbox 2179 3111 2322 3180; x_wconf 86' lang='lat' dir='ltr'><strong>quod</strong></span> <span class='ocrx_word' id='word_1_530' title='bbox 2352 3112 2425 3165; x_wconf 78' lang='lat' dir='ltr'><strong>ad</strong></span> <span class='ocrx_word' id='word_1_531' title='bbox 2468 3122 2717 3168; x_wconf 78' lang='lat' dir='ltr'><strong>naturam</strong></span> <span class='ocrx_word' id='word_1_532' title='bbox 2752 3116 2971 3172; x_wconf 87' lang='lat' dir='ltr'><strong>deitatis</strong></span> <span class='ocrx_word' id='word_1_533' title='bbox 2996 3121 3209 3187; x_wconf 73' lang='lat' dir='ltr'><strong>attinet,</strong></span> <span class='ocrx_word' id='word_1_534' title='bbox 3245 3124 3339 3178; x_wconf 87' lang='lat' dir='ltr'><strong>sed</strong></span> <span class='ocrx_word' id='word_1_535' title='bbox 3369 3138 3455 3179; x_wconf 84' lang='lat' dir='ltr'><strong>se-</strong></span> 
     </span>
    </p>
   </div>
   <div class='ocr_carea' id='block_1_68' title="bbox 1885 3204 3453 3271">
    <p class='ocr_par' dir='ltr' id='par_1_68' title="bbox 1885 3204 3453 3271">
     <span class='ocr_line' id='line_1_68' title="bbox 1885 3204 3453 3271; baseline 0.008 -14"><span class='ocrx_word' id='word_1_536' title='bbox 1885 3206 2120 3257; x_wconf 82' lang='lat' dir='ltr'><strong>cundum</strong></span> <span class='ocrx_word' id='word_1_537' title='bbox 2177 3204 2435 3257; x_wconf 78' lang='lat' dir='ltr'><strong>unitionis</strong></span> <span class='ocrx_word' id='word_1_538' title='bbox 2463 3208 2844 3261; x_wconf 69' lang='lat' dir='ltr'><strong>mcouomiam.</strong></span> <span class='ocrx_word' id='word_1_539' title='bbox 2881 3208 3251 3268; x_wconf 78' lang='lat' dir='ltr'><strong>ﬂuuianitatis</strong></span> <span class='ocrx_word' id='word_1_540' title='bbox 3307 3219 3453 3271; x_wconf 81' lang='lat' dir='ltr'><strong>enim</strong></span> 
     </span>
    </p>
   </div>
   <div class='ocr_carea' id='block_1_69' title="bbox 1883 3296 3455 3376">
    <p class='ocr_par' dir='ltr' id='par_1_69' title="bbox 1883 3296 3455 3376">
     <span class='ocr_line' id='line_1_69' title="bbox 1883 3296 3455 3376; baseline 0.008 -27"><span class='ocrx_word' id='word_1_541' title='bbox 1883 3296 2186 3365; x_wconf 83' lang='lat' dir='ltr'><strong>passiones,</strong></span> <span class='ocrx_word' id='word_1_542' title='bbox 2223 3312 2352 3350; x_wconf 87' lang='lat' dir='ltr'><strong>suas</strong></span> <span class='ocrx_word' id='word_1_543' title='bbox 2379 3312 2503 3352; x_wconf 87' lang='lat' dir='ltr'><strong>esse</strong></span> <span class='ocrx_word' id='word_1_544' title='bbox 2540 3298 2717 3353; x_wconf 75' lang='lat' dir='ltr'><strong>duxit.</strong></span> <span class='ocrx_word' id='word_1_545' title='bbox 2772 3298 2838 3353; x_wconf 81' lang='lat' dir='ltr'><strong>Et</strong></span> <span class='ocrx_word' id='word_1_546' title='bbox 2886 3301 3030 3355; x_wconf 84' lang='lat' dir='ltr'><strong>sicut</strong></span> <span class='ocrx_word' id='word_1_547' title='bbox 3067 3305 3181 3358; x_wconf 80' lang='lat' dir='ltr'><strong>ﬁeri</strong></span> <span class='ocrx_word' id='word_1_548' title='bbox 3216 3321 3324 3361; x_wconf 86' lang='lat' dir='ltr'><strong>non</strong></span> <span class='ocrx_word' id='word_1_549' title='bbox 3359 3322 3455 3376; x_wconf 85' lang='lat' dir='ltr'><strong>po-</strong></span> 
     </span>
    </p>
   </div>
   <div class='ocr_carea' id='block_1_70' title="bbox 1882 3385 3455 3455">
    <p class='ocr_par' dir='ltr' id='par_1_70' title="bbox 1882 3385 3455 3455">
     <span class='ocr_line' id='line_1_70' title="bbox 1882 3385 3455 3455; baseline 0.01 -16"><span class='ocrx_word' id='word_1_550' title='bbox 1882 3388 2005 3445; x_wconf 90' lang='lat' dir='ltr'><strong>tuit,</strong></span> <span class='ocrx_word' id='word_1_551' title='bbox 2043 3394 2099 3438; x_wconf 90' lang='lat' dir='ltr'><strong>ut</strong></span> <span class='ocrx_word' id='word_1_552' title='bbox 2134 3387 2281 3440; x_wconf 83' lang='lat' dir='ltr'><strong>cruci</strong></span> <span class='ocrx_word' id='word_1_553' title='bbox 2320 3385 2624 3455; x_wconf 65' lang='lat' dir='ltr'><strong>adigeretur</strong></span> <span class='ocrx_word' id='word_1_554' title='bbox 2647 3427 2664 3452; x_wconf 92' lang='lat'><strong>,</strong></span> <span class='ocrx_word' id='word_1_555' title='bbox 2710 3399 2764 3444; x_wconf 89' lang='lat' dir='ltr'><strong>et</strong></span> <span class='ocrx_word' id='word_1_556' title='bbox 2793 3392 3022 3447; x_wconf 87' lang='lat' dir='ltr'><strong>sindone</strong></span> <span class='ocrx_word' id='word_1_557' title='bbox 3052 3394 3332 3453; x_wconf 84' lang='lat' dir='ltr'><strong>involutus</strong></span> <span class='ocrx_word' id='word_1_558' title='bbox 3367 3415 3455 3453; x_wconf 82' lang='lat' dir='ltr'><strong>se-</strong></span> 
     </span>
    </p>
   </div>
   <div class='ocr_carea' id='block_1_71' title="bbox 1885 3477 3454 3559">
    <p class='ocr_par' dir='ltr' id='par_1_71' title="bbox 1885 3477 3454 3559">
     <span class='ocr_line' id='line_1_71' title="bbox 1885 3477 3454 3559; baseline 0.01 -30"><span class='ocrx_word' id='word_1_559' title='bbox 1885 3479 2167 3547; x_wconf 78' lang='lat' dir='ltr'><strong>peliretur,</strong></span> <span class='ocrx_word' id='word_1_560' title='bbox 2198 3491 2262 3529; x_wconf 89' lang='lat' dir='ltr'><strong>ac</strong></span> <span class='ocrx_word' id='word_1_561' title='bbox 2313 3477 2367 3529; x_wconf 91' lang='lat' dir='ltr'><strong>in</strong></span> <span class='ocrx_word' id='word_1_562' title='bbox 2421 3489 2777 3534; x_wconf 83' lang='lat' dir='ltr'><strong>monumento</strong></span> <span class='ocrx_word' id='word_1_563' title='bbox 2831 3484 3195 3540; x_wconf 83' lang='lat' dir='ltr'><strong>collocaretur</strong></span> <span class='ocrx_word' id='word_1_564' title='bbox 3246 3491 3454 3559; x_wconf 73' lang='lat' dir='ltr'><strong>absque</strong></span> 
     </span>
    </p>
   </div>
   <div class='ocr_carea' id='block_1_72' title="bbox 192 3569 3447 3642">
    <p class='ocr_par' dir='ltr' id='par_1_72' title="bbox 192 3569 3447 3642">
     <span class='ocr_line' id='line_1_72' title="bbox 192 3569 3447 3642; baseline 0.005 -20"><span class='ocrx_word' id='word_1_565' title='bbox 192 3583 467 3639; x_wconf 85' lang='lat' dir='ltr'><strong>corpore;</strong></span> <span class='ocrx_word' id='word_1_566' title='bbox 508 3575 582 3626; x_wconf 87' lang='lat' dir='ltr'><strong>ita</strong></span> <span class='ocrx_word' id='word_1_567' title='bbox 614 3572 729 3627; x_wconf 79' lang='lat' dir='ltr'><strong>ﬁeri</strong></span> <span class='ocrx_word' id='word_1_568' title='bbox 762 3588 867 3626; x_wconf 90' lang='lat' dir='ltr'><strong>non</strong></span> <span class='ocrx_word' id='word_1_569' title='bbox 899 3574 1093 3642; x_wconf 89' lang='lat' dir='ltr'><strong>potuit,</strong></span> <span class='ocrx_word' id='word_1_570' title='bbox 1128 3582 1187 3627; x_wconf 89' lang='lat' dir='ltr'><strong>ut</strong></span> <span class='ocrx_word' id='word_1_571' title='bbox 1241 3573 1449 3640; x_wconf 81' lang='lat' dir='ltr'><strong>absque</strong></span> <span class='ocrx_word' id='word_1_572' title='bbox 1476 3571 1658 3626; x_wconf 86' lang='lat' dir='ltr'><strong>anima</strong></span> <span class='ocrx_word' id='word_1_573' title='bbox 1726 3570 1982 3624; x_wconf 86' lang='lat' dir='ltr'><strong>rationali</strong></span> <span class='ocrx_word' id='word_1_574' title='bbox 2047 3569 2103 3621; x_wconf 92' lang='lat' dir='ltr'><strong>in</strong></span> <span class='ocrx_word' id='word_1_575' title='bbox 2170 3582 2374 3637; x_wconf 75' lang='lat' dir='ltr'><strong>angore</strong></span> <span class='ocrx_word' id='word_1_576' title='bbox 2425 3579 2756 3627; x_wconf 80' lang='lat' dir='ltr'><strong>versaretur.</strong></span> <span class='ocrx_word' id='word_1_577' title='bbox 2800 3571 2934 3626; x_wconf 87' lang='lat' dir='ltr'><strong>Nam</strong></span> <span class='ocrx_word' id='word_1_578' title='bbox 2988 3576 3168 3629; x_wconf 87' lang='lat' dir='ltr'><strong>anima</strong></span> <span class='ocrx_word' id='word_1_579' title='bbox 3214 3582 3447 3639; x_wconf 76' lang='lat' dir='ltr'><strong>rationis</strong></span> 
     </span>
    </p>
   </div>
   <div class='ocr_carea' id='block_1_73' title="bbox 192 3662 3266 3736">
    <p class='ocr_par' dir='ltr' id='par_1_73' title="bbox 192 3662 3266 3736">
     <span class='ocr_line' id='line_1_73' title="bbox 192 3662 3266 3736; baseline 0.002 -19"><span class='ocrx_word' id='word_1_580' title='bbox 192 3678 407 3735; x_wconf 74' lang='lat' dir='ltr'><strong>expers,</strong></span> <span class='ocrx_word' id='word_1_581' title='bbox 441 3682 554 3719; x_wconf 89' lang='lat' dir='ltr'><strong>non</strong></span> <span class='ocrx_word' id='word_1_582' title='bbox 578 3667 793 3736; x_wconf 77' lang='lat' dir='ltr'><strong>angitur</strong></span> <span class='ocrx_word' id='word_1_583' title='bbox 823 3675 996 3721; x_wconf 88' lang='lat' dir='ltr'><strong>morte</strong></span> <span class='ocrx_word' id='word_1_584' title='bbox 1027 3668 1257 3736; x_wconf 72' lang='lat' dir='ltr'><strong>prasvisa</strong></span> <span class='ocrx_word' id='word_1_585' title='bbox 1281 3685 1296 3732; x_wconf 90' lang='lat'><strong>;</strong></span> <span class='ocrx_word' id='word_1_586' title='bbox 1323 3666 1417 3721; x_wconf 89' lang='lat' dir='ltr'><strong>sed</strong></span> <span class='ocrx_word' id='word_1_587' title='bbox 1450 3675 1507 3720; x_wconf 93' lang='lat' dir='ltr'><strong>ut</strong></span> <span class='ocrx_word' id='word_1_588' title='bbox 1537 3666 1653 3729; x_wconf 91' lang='lat' dir='ltr'><strong>bos,</strong></span> <span class='ocrx_word' id='word_1_589' title='bbox 1677 3674 1770 3718; x_wconf 87' lang='lat' dir='ltr'><strong>aut</strong></span> <span class='ocrx_word' id='word_1_590' title='bbox 1807 3663 1955 3717; x_wconf 86' lang='lat' dir='ltr'><strong>aliud</strong></span> <span class='ocrx_word' id='word_1_591' title='bbox 1989 3662 2219 3732; x_wconf 71' lang='lat' dir='ltr'><strong>quodvis</strong></span> <span class='ocrx_word' id='word_1_592' title='bbox 2258 3662 2476 3716; x_wconf 88' lang='lat' dir='ltr'><strong>brutum</strong></span> <span class='ocrx_word' id='word_1_593' title='bbox 2511 3662 2577 3716; x_wconf 90' lang='lat' dir='ltr'><strong>ad</strong></span> <span class='ocrx_word' id='word_1_594' title='bbox 2614 3665 2996 3720; x_wconf 82' lang='lat' dir='ltr'><strong>mactationem</strong></span> <span class='ocrx_word' id='word_1_595' title='bbox 3030 3668 3266 3725; x_wconf 78' lang='lat' dir='ltr'><strong>ducitur.</strong></span> 
     </span>
    </p>
   </div>
   <div class='ocr_carea' id='block_1_74' title="bbox 256 3782 1775 3858">
    <p class='ocr_par' dir='ltr' id='par_1_74' title="bbox 256 3782 1775 3858">
     <span class='ocr_line' id='line_1_74' title="bbox 256 3782 1775 3858; baseline 0.001 -21"><span class='ocrx_word' id='word_1_596' title='bbox 256 3782 311 3837; x_wconf 85' lang='lat'><strong>8.</strong></span> <span class='ocrx_word' id='word_1_597' title='bbox 346 3786 607 3839; x_wconf 69' lang='grc' dir='ltr'>Ἀπολλ.</span> <span class='ocrx_word' id='word_1_598' title='bbox 633 3784 841 3838; x_wconf 78' lang='grc' dir='ltr'>Οὐκοῦν</span> <span class='ocrx_word' id='word_1_599' title='bbox 860 3789 958 3840; x_wconf 86' lang='grc' dir='ltr'>οὐκ</span> <span class='ocrx_word' id='word_1_600' title='bbox 1006 3786 1117 3857; x_wconf 83' lang='grc'><strong>(76)</strong></span> <span class='ocrx_word' id='word_1_601' title='bbox 1158 3786 1371 3856; x_wconf 76' lang='grc' dir='ltr'>ἐγένετο</span> <span class='ocrx_word' id='word_1_602' title='bbox 1424 3786 1707 3858; x_wconf 81' lang='grc' dir='ltr'>ἄνθρωπος</span> <span class='ocrx_word' id='word_1_603' title='bbox 1747 3787 1775 3838; x_wconf 92' lang='lat'><strong>6</strong></span> 
     </span>
    </p>
   </div>
   <div class='ocr_carea' id='block_1_75' title="bbox 188 3873 1775 3948">
    <p class='ocr_par' dir='ltr' id='par_1_75' title="bbox 188 3873 1775 3948">
     <span class='ocr_line' id='line_1_75' title="bbox 188 3873 1775 3948; baseline 0.003 -22"><span class='ocrx_word' id='word_1_604' title='bbox 188 3873 312 3938; x_wconf 73' lang='grc' dir='ltr'>Υἱδς</span> <span class='ocrx_word' id='word_1_605' title='bbox 345 3876 445 3929; x_wconf 83' lang='grc' dir='ltr'><strong>τοῦ</strong></span> <span class='ocrx_word' id='word_1_606' title='bbox 479 3875 641 3937; x_wconf 84' lang='grc' dir='ltr'>Θεοῦ,</span> <span class='ocrx_word' id='word_1_607' title='bbox 671 3876 785 3930; x_wconf 82' lang='grc' dir='ltr'>ἀλλ’</span> <span class='ocrx_word' id='word_1_608' title='bbox 813 3879 871 3930; x_wconf 85' lang='grc' dir='ltr'>ὲν</span> <span class='ocrx_word' id='word_1_609' title='bbox 891 3876 1182 3948; x_wconf 81' lang='grc' dir='ltr'>ἀνθρώπῳ.</span> <span class='ocrx_word' id='word_1_610' title='bbox 1246 3878 1528 3931; x_wconf 79' lang='grc' dir='ltr'>Ἀδύνατον</span> <span class='ocrx_word' id='word_1_611' title='bbox 1573 3878 1629 3931; x_wconf 77' lang='grc' dir='ltr'><strong>δὲ</strong></span> <span class='ocrx_word' id='word_1_612' title='bbox 1682 3877 1775 3930; x_wconf 80' lang='grc' dir='ltr'>τὸν</span> 
     </span>
    </p>
   </div>
   <div class='ocr_carea' id='block_1_76' title="bbox 182 3964 1770 4040">
    <p class='ocr_par' dir='ltr' id='par_1_76' title="bbox 182 3964 1770 4040">
     <span class='ocr_line' id='line_1_76' title="bbox 182 3964 1770 4040; baseline 0.003 -22"><span class='ocrx_word' id='word_1_613' title='bbox 182 3964 239 4018; x_wconf 72' lang='grc' dir='ltr'>ἐν</span> <span class='ocrx_word' id='word_1_614' title='bbox 270 3966 559 4039; x_wconf 80' lang='grc' dir='ltr'>ἀνθρώπῳ</span> <span class='ocrx_word' id='word_1_615' title='bbox 586 3968 894 4037; x_wconf 88' lang='grc' dir='ltr'>γενόμενον,</span> <span class='ocrx_word' id='word_1_616' title='bbox 920 3970 1107 4022; x_wconf 77' lang='grc' dir='ltr'>τοῦτον</span> <span class='ocrx_word' id='word_1_617' title='bbox 1128 3966 1265 4022; x_wconf 82' lang='grc' dir='ltr'>εἶναι</span> <span class='ocrx_word' id='word_1_618' title='bbox 1286 3969 1381 4024; x_wconf 78' lang='grc' dir='ltr'>ἄνθ</span> <span class='ocrx_word' id='word_1_619' title='bbox 1392 3987 1589 4040; x_wconf 88' lang='grc' dir='ltr'>ρωπον.</span> <span class='ocrx_word' id='word_1_620' title='bbox 1614 3970 1770 4037; x_wconf 81' lang='grc' dir='ltr'>Ὀρθ.</span> 
     </span>
    </p>
   </div>
   <div class='ocr_carea' id='block_1_77' title="bbox 180 4053 1768 4130">
    <p class='ocr_par' dir='ltr' id='par_1_77' title="bbox 180 4053 1768 4130">
     <span class='ocr_line' id='line_1_77' title="bbox 180 4053 1768 4130; baseline 0.004 -25"><span class='ocrx_word' id='word_1_621' title='bbox 180 4053 373 4121; x_wconf 82' lang='grc' dir='ltr'>Δέγεις</span> <span class='ocrx_word' id='word_1_622' title='bbox 405 4056 697 4123; x_wconf 81' lang='grc' dir='ltr'>γεγονέναι</span> <span class='ocrx_word' id='word_1_623' title='bbox 726 4056 817 4108; x_wconf 81' lang='grc' dir='ltr'><strong>τὸν</strong></span> <span class='ocrx_word' id='word_1_624' title='bbox 854 4058 1025 4125; x_wconf 85' lang='grc' dir='ltr'>Λόγον</span> <span class='ocrx_word' id='word_1_625' title='bbox 1073 4058 1270 4128; x_wconf 86' lang='grc' dir='ltr'>σάρκα,</span> <span class='ocrx_word' id='word_1_626' title='bbox 1323 4057 1474 4130; x_wconf 72' lang='grc' dir='ltr'>ἢοῦς</span> <span class='ocrx_word' id='word_1_627' title='bbox 1523 4059 1768 4113; x_wconf 75' lang='grc' dir='ltr'>Ἀπολλ.</span> 
     </span>
    </p>
   </div>
   <div class='ocr_carea' id='block_1_78' title="bbox 185 4146 1767 4221">
    <p class='ocr_par' dir='ltr' id='par_1_78' title="bbox 185 4146 1767 4221">
     <span class='ocr_line' id='line_1_78' title="bbox 185 4146 1767 4221; baseline 0.004 -26"><span class='ocrx_word' id='word_1_628' title='bbox 185 4163 204 4195; x_wconf 75' lang='grc' dir='ltr'><strong>ι</strong></span> <span class='ocrx_word' id='word_1_629' title='bbox 254 4146 310 4198; x_wconf 87' lang='grc'><strong>’0</strong></span> <span class='ocrx_word' id='word_1_630' title='bbox 348 4147 537 4216; x_wconf 80' lang='grc' dir='ltr'>Λόγος</span> <span class='ocrx_word' id='word_1_631' title='bbox 567 4146 704 4219; x_wconf 74' lang='grc' dir='ltr'>σὰρξ</span> <span class='ocrx_word' id='word_1_632' title='bbox 737 4149 972 4216; x_wconf 78' lang='grc' dir='ltr'>ἐγένετο,</span> <span class='ocrx_word' id='word_1_633' title='bbox 1010 4168 1028 4200; x_wconf 74' lang='grc' dir='ltr'><strong>ι</strong></span> <span class='ocrx_word' id='word_1_634' title='bbox 1056 4150 1382 4221; x_wconf 79' lang='grc' dir='ltr'>γέγραπται.</span> <span class='ocrx_word' id='word_1_635' title='bbox 1420 4150 1571 4218; x_wconf 85' lang='grc' dir='ltr'>Ὄρθ.</span> <span class='ocrx_word' id='word_1_636' title='bbox 1622 4150 1767 4220; x_wconf 87' lang='grc' dir='ltr'>Τρα-</span> 
     </span>
    </p>
   </div>
   <div class='ocr_carea' id='block_1_79' title="bbox 1944 3778 3445 3858">
    <p class='ocr_par' dir='ltr' id='par_1_79' title="bbox 1944 3778 3445 3858">
     <span class='ocr_line' id='line_1_79' title="bbox 1944 3778 3445 3858; baseline 0.007 -20"><span class='ocrx_word' id='word_1_637' title='bbox 1944 3784 1997 3838; x_wconf 80' lang='lat'><strong>8.</strong></span> <span class='ocrx_word' id='word_1_638' title='bbox 2043 3782 2219 3852; x_wconf 78' lang='lat' dir='ltr'><strong>Apoll.</strong></span> <span class='ocrx_word' id='word_1_639' title='bbox 2260 3782 2400 3853; x_wconf 80' lang='lat' dir='ltr'><strong>Ergo</strong></span> <span class='ocrx_word' id='word_1_640' title='bbox 2444 3778 2615 3839; x_wconf 78' lang='lat' dir='ltr'><strong>Filius</strong></span> <span class='ocrx_word' id='word_1_641' title='bbox 2650 3783 2742 3840; x_wconf 85' lang='lat' dir='ltr'><strong>Dei</strong></span> <span class='ocrx_word' id='word_1_642' title='bbox 2788 3799 2895 3841; x_wconf 89' lang='lat' dir='ltr'><strong>non</strong></span> <span class='ocrx_word' id='word_1_643' title='bbox 2932 3786 3108 3845; x_wconf 78' lang='lat' dir='ltr'><strong>factus</strong></span> <span class='ocrx_word' id='word_1_644' title='bbox 3140 3799 3223 3845; x_wconf 91' lang='lat' dir='ltr'><strong>est</strong></span> <span class='ocrx_word' id='word_1_645' title='bbox 3261 3793 3445 3858; x_wconf 86' lang='lat' dir='ltr'><strong>homo,</strong></span> 
     </span>
    </p>
   </div>
   <div class='ocr_carea' id='block_1_80' title="bbox 1877 3867 3445 3945">
    <p class='ocr_par' dir='ltr' id='par_1_80' title="bbox 1877 3867 3445 3945">
     <span class='ocr_line' id='line_1_80' title="bbox 1877 3867 3445 3945; baseline 0.005 -16"><span class='ocrx_word' id='word_1_646' title='bbox 1877 3875 1972 3929; x_wconf 90' lang='lat' dir='ltr'><strong>sed</strong></span> <span class='ocrx_word' id='word_1_647' title='bbox 2009 3867 2062 3927; x_wconf 56' lang='lat' dir='ltr'><strong>in</strong></span> <span class='ocrx_word' id='word_1_648' title='bbox 2102 3872 2339 3925; x_wconf 89' lang='lat' dir='ltr'><strong>homine.</strong></span> <span class='ocrx_word' id='word_1_649' title='bbox 2374 3869 2517 3925; x_wconf 80' lang='lat' dir='ltr'><strong>Fieri</strong></span> <span class='ocrx_word' id='word_1_650' title='bbox 2543 3887 2672 3926; x_wconf 75' lang='lat' dir='ltr'><strong>vero</strong></span> <span class='ocrx_word' id='word_1_651' title='bbox 2702 3889 2810 3927; x_wconf 83' lang='lat' dir='ltr'><strong>non</strong></span> <span class='ocrx_word' id='word_1_652' title='bbox 2838 3884 3015 3944; x_wconf 80' lang='lat' dir='ltr'><strong>patest</strong></span> <span class='ocrx_word' id='word_1_653' title='bbox 3041 3917 3055 3939; x_wconf 94' lang='lat'><strong>,</strong></span> <span class='ocrx_word' id='word_1_654' title='bbox 3088 3886 3146 3931; x_wconf 92' lang='lat' dir='ltr'><strong>ut</strong></span> <span class='ocrx_word' id='word_1_655' title='bbox 3171 3881 3241 3934; x_wconf 90' lang='lat' dir='ltr'><strong>sit</strong></span> <span class='ocrx_word' id='word_1_656' title='bbox 3263 3881 3445 3945; x_wconf 86' lang='lat' dir='ltr'><strong>homo,</strong></span> 
     </span>
    </p>
   </div>
   <div class='ocr_carea' id='block_1_81' title="bbox 1876 3962 3449 4037">
    <p class='ocr_par' dir='ltr' id='par_1_81' title="bbox 1876 3962 3449 4037">
     <span class='ocr_line' id='line_1_81' title="bbox 1876 3962 3449 4037; baseline 0.006 -18"><span class='ocrx_word' id='word_1_657' title='bbox 1876 3965 1969 4037; x_wconf 87' lang='lat' dir='ltr'><strong>qui</strong></span> <span class='ocrx_word' id='word_1_658' title='bbox 2002 3967 2058 4019; x_wconf 84' lang='lat' dir='ltr'><strong>lit</strong></span> <span class='ocrx_word' id='word_1_659' title='bbox 2091 3965 2143 4018; x_wconf 88' lang='lat' dir='ltr'><strong>in</strong></span> <span class='ocrx_word' id='word_1_660' title='bbox 2175 3963 2412 4018; x_wconf 84' lang='lat' dir='ltr'><strong>homine.</strong></span> <span class='ocrx_word' id='word_1_661' title='bbox 2445 3962 2598 4019; x_wconf 77' lang='lat' dir='ltr'><strong>Orth.</strong></span> <span class='ocrx_word' id='word_1_662' title='bbox 2634 3965 2730 4022; x_wconf 82' lang='lat' dir='ltr'><strong>Ais</strong></span> <span class='ocrx_word' id='word_1_663' title='bbox 2764 3966 3000 4022; x_wconf 83' lang='lat' dir='ltr'><strong>Verbum</strong></span> <span class='ocrx_word' id='word_1_664' title='bbox 3043 3969 3244 4025; x_wconf 81' lang='lat' dir='ltr'><strong>factum</strong></span> <span class='ocrx_word' id='word_1_665' title='bbox 3281 3973 3449 4029; x_wconf 78' lang='lat' dir='ltr'><strong>fuisse</strong></span> 
     </span>
    </p>
   </div>
   <div class='ocr_carea' id='block_1_82' title="bbox 1870 4055 3447 4127">
    <p class='ocr_par' dir='ltr' id='par_1_82' title="bbox 1870 4055 3447 4127">
     <span class='ocr_line' id='line_1_82' title="bbox 1870 4055 3447 4127; baseline 0.004 -16"><span class='ocrx_word' id='word_1_666' title='bbox 1870 4070 2118 4116; x_wconf 70' lang='lat' dir='ltr'><strong>carnem,</strong></span> <span class='ocrx_word' id='word_1_667' title='bbox 2170 4055 2391 4109; x_wconf 78' lang='lat' dir='ltr'><strong>annon?</strong></span> <span class='ocrx_word' id='word_1_668' title='bbox 2433 4055 2607 4123; x_wconf 82' lang='lat' dir='ltr'><strong>Apoll.</strong></span> <span class='ocrx_word' id='word_1_669' title='bbox 2652 4055 2927 4127; x_wconf 84' lang='lat' dir='ltr'><strong>Scriptum</strong></span> <span class='ocrx_word' id='word_1_670' title='bbox 2968 4069 3051 4114; x_wconf 78' lang='lat' dir='ltr'><strong>est</strong></span> <span class='ocrx_word' id='word_1_671' title='bbox 3095 4079 3107 4115; x_wconf 93' lang='lat'>:</span> <span class='ocrx_word' id='word_1_672' title='bbox 3149 4080 3167 4113; x_wconf 83' lang='grc' dir='ltr'><strong>ι</strong></span> <span class='ocrx_word' id='word_1_673' title='bbox 3210 4060 3447 4119; x_wconf 84' lang='lat' dir='ltr'><strong>Verbum</strong></span> 
     </span>
    </p>
   </div>
   <div class='ocr_carea' id='block_1_83' title="bbox 1878 4146 3443 4215">
    <p class='ocr_par' dir='ltr' id='par_1_83' title="bbox 1878 4146 3443 4215">
     <span class='ocr_line' id='line_1_83' title="bbox 1878 4146 3443 4215; baseline 0.004 -11"><span class='ocrx_word' id='word_1_674' title='bbox 1878 4164 2007 4204; x_wconf 83' lang='lat' dir='ltr'><strong>caro</strong></span> <span class='ocrx_word' id='word_1_675' title='bbox 2044 4149 2245 4200; x_wconf 79' lang='lat' dir='ltr'><strong>factum</strong></span> <span class='ocrx_word' id='word_1_676' title='bbox 2289 4157 2373 4201; x_wconf 86' lang='lat' dir='ltr'><strong>est</strong></span> <span class='ocrx_word' id='word_1_677' title='bbox 2412 4147 2478 4202; x_wconf 74' lang='grc' dir='ltr'><strong>τ’.</strong></span> <span class='ocrx_word' id='word_1_678' title='bbox 2514 4166 2558 4199; x_wconf 72' lang='grc' dir='ltr'>οι</span> <span class='ocrx_word' id='word_1_679' title='bbox 2603 4146 2735 4203; x_wconf 84' lang='lat' dir='ltr'><strong>Orth</strong></span> <span class='ocrx_word' id='word_1_680' title='bbox 2787 4149 2941 4215; x_wconf 83' lang='lat' dir='ltr'><strong>Quod</strong></span> <span class='ocrx_word' id='word_1_681' title='bbox 2983 4153 3053 4204; x_wconf 88' lang='lat' dir='ltr'><strong>sit</strong></span> <span class='ocrx_word' id='word_1_682' title='bbox 3082 4161 3349 4211; x_wconf 88' lang='lat' dir='ltr'><strong>mutatum</strong></span> <span class='ocrx_word' id='word_1_683' title='bbox 3392 4158 3443 4211; x_wconf 93' lang='lat' dir='ltr'><strong>iu</strong></span> 
     </span>
    </p>
   </div>
   <div class='ocr_carea' id='block_1_84' title="bbox 178 4233 1787 4311">
    <p class='ocr_par' dir='ltr' id='par_1_84' title="bbox 178 4233 1767 4311">
     <span class='ocr_line' id='line_1_84' title="bbox 178 4233 1767 4311; baseline 0.003 -22"><span class='ocrx_word' id='word_1_684' title='bbox 178 4237 299 4300; x_wconf 79' lang='grc' dir='ltr'>πεὶς</span> <span class='ocrx_word' id='word_1_685' title='bbox 332 4233 418 4302; x_wconf 74' lang='grc' dir='ltr'>εὶέ</span> <span class='ocrx_word' id='word_1_686' title='bbox 450 4239 662 4309; x_wconf 80' lang='grc' dir='ltr'>σάρκα,</span> <span class='ocrx_word' id='word_1_687' title='bbox 696 4238 729 4309; x_wconf 79' lang='grc' dir='ltr'>ἢ</span> <span class='ocrx_word' id='word_1_688' title='bbox 762 4242 817 4291; x_wconf 82' lang='grc' dir='ltr'>ὲν</span> <span class='ocrx_word' id='word_1_689' title='bbox 841 4241 1001 4311; x_wconf 74' lang='grc' dir='ltr'>σαρκὶ</span> <span class='ocrx_word' id='word_1_690' title='bbox 1038 4242 1364 4311; x_wconf 84' lang='grc' dir='ltr'>γενόμενος;</span> <span class='ocrx_word' id='word_1_691' title='bbox 1392 4242 1640 4296; x_wconf 70' lang='grc' dir='ltr'>Ἀπολλ.</span> <span class='ocrx_word' id='word_1_692' title='bbox 1680 4240 1767 4294; x_wconf 82' lang='grc' dir='ltr'>Ἐν</span> 
     </span>
    </p>
   </div>
   <div class='ocr_carea' id='block_1_85' title="bbox 1892 4233 3445 4311">
    <p class='ocr_par' dir='ltr' id='par_1_85' title="bbox 1892 4236 3445 4308">
     <span class='ocr_line' id='line_1_85' title="bbox 1892 4236 3445 4308; baseline 0.003 -16"><span class='ocrx_word' id='word_1_693' title='bbox 1892 4251 2119 4298; x_wconf 66' lang='lat' dir='ltr'><strong>tat-nem,</strong></span> <span class='ocrx_word' id='word_1_694' title='bbox 2164 4252 2230 4289; x_wconf 89' lang='lat' dir='ltr'><strong>an</strong></span> <span class='ocrx_word' id='word_1_695' title='bbox 2280 4236 2423 4305; x_wconf 89' lang='lat' dir='ltr'><strong>quod</strong></span> <span class='ocrx_word' id='word_1_696' title='bbox 2467 4236 2519 4290; x_wconf 89' lang='lat' dir='ltr'><strong>in</strong></span> <span class='ocrx_word' id='word_1_697' title='bbox 2556 4252 2723 4292; x_wconf 89' lang='lat' dir='ltr'><strong>carne</strong></span> <span class='ocrx_word' id='word_1_698' title='bbox 2754 4238 2958 4291; x_wconf 82' lang='lat' dir='ltr'><strong>fuerit?</strong></span> <span class='ocrx_word' id='word_1_699' title='bbox 2992 4240 3167 4308; x_wconf 78' lang='lat' dir='ltr'><strong>Apoll.</strong></span> <span class='ocrx_word' id='word_1_700' title='bbox 3202 4241 3355 4308; x_wconf 86' lang='lat' dir='ltr'><strong>Quod</strong></span> <span class='ocrx_word' id='word_1_701' title='bbox 3391 4244 3445 4298; x_wconf 91' lang='lat' dir='ltr'><strong>in</strong></span> 
     </span>
    </p>
   </div>
   <div class='ocr_carea' id='block_1_86' title="bbox 178 4328 1787 4404">
    <p class='ocr_par' dir='ltr' id='par_1_86' title="bbox 178 4329 1769 4404">
     <span class='ocr_line' id='line_1_86' title="bbox 178 4329 1769 4404; baseline 0.004 -24"><span class='ocrx_word' id='word_1_702' title='bbox 178 4329 342 4399; x_wconf 80' lang='grc' dir='ltr'>σαρκὶ</span> <span class='ocrx_word' id='word_1_703' title='bbox 377 4330 705 4400; x_wconf 75' lang='grc' dir='ltr'>γενόμενος.</span> <span class='ocrx_word' id='word_1_704' title='bbox 730 4332 881 4398; x_wconf 84' lang='grc' dir='ltr'>Ὀρθ.</span> <span class='ocrx_word' id='word_1_705' title='bbox 924 4333 984 4385; x_wconf 80' lang='lat' dir='ltr'><strong>Ei</strong></span> <span class='ocrx_word' id='word_1_706' title='bbox 1032 4332 1288 4386; x_wconf 76' lang='grc' dir='ltr'>ἀδύνατον</span> <span class='ocrx_word' id='word_1_707' title='bbox 1342 4329 1408 4404; x_wconf 82' lang='grc' dir='ltr'>ἦν</span> <span class='ocrx_word' id='word_1_708' title='bbox 1457 4334 1617 4387; x_wconf 72' lang='grc' dir='ltr'>αὑτὸν</span> <span class='ocrx_word' id='word_1_709' title='bbox 1674 4333 1769 4387; x_wconf 61' lang='grc' dir='ltr'><strong>ἀνι</strong></span> 
     </span>
    </p>
   </div>
   <div class='ocr_carea' id='block_1_87' title="bbox 1892 4328 3443 4404">
    <p class='ocr_par' dir='ltr' id='par_1_87' title="bbox 1892 4328 3443 4402">
     <span class='ocr_line' id='line_1_87' title="bbox 1892 4328 3443 4402; baseline 0.005 -19"><span class='ocrx_word' id='word_1_710' title='bbox 1892 4346 2042 4385; x_wconf 60' lang='lat' dir='ltr'><strong>rarne</strong></span> <span class='ocrx_word' id='word_1_711' title='bbox 2096 4329 2277 4383; x_wconf 85' lang='lat' dir='ltr'><strong>fuerit.</strong></span> <span class='ocrx_word' id='word_1_712' title='bbox 2343 4329 2496 4384; x_wconf 79' lang='lat' dir='ltr'><strong>Orth.</strong></span> <span class='ocrx_word' id='word_1_713' title='bbox 2547 4328 2602 4383; x_wconf 88' lang='lat' dir='ltr'><strong>Si</strong></span> <span class='ocrx_word' id='word_1_714' title='bbox 2657 4330 2769 4386; x_wconf 77' lang='lat' dir='ltr'><strong>ﬁeri</strong></span> <span class='ocrx_word' id='word_1_715' title='bbox 2818 4348 2926 4386; x_wconf 89' lang='lat' dir='ltr'><strong>non</strong></span> <span class='ocrx_word' id='word_1_716' title='bbox 2970 4335 3169 4402; x_wconf 76' lang='lat' dir='ltr'><strong>potuit,</strong></span> <span class='ocrx_word' id='word_1_717' title='bbox 3215 4345 3275 4389; x_wconf 93' lang='lat' dir='ltr'><strong>ut</strong></span> <span class='ocrx_word' id='word_1_718' title='bbox 3320 4351 3443 4390; x_wconf 90' lang='lat' dir='ltr'><strong>eum</strong></span> 
     </span>
    </p>
   </div>
   <div class='ocr_carea' id='block_1_88' title="bbox 173 4418 1787 4497">
    <p class='ocr_par' dir='ltr' id='par_1_88' title="bbox 173 4418 1765 4496">
     <span class='ocr_line' id='line_1_88' title="bbox 173 4418 1765 4496; baseline 0.004 -25"><span class='ocrx_word' id='word_1_719' title='bbox 173 4418 393 4489; x_wconf 78' lang='grc' dir='ltr'>θρωπον</span> <span class='ocrx_word' id='word_1_720' title='bbox 437 4422 723 4492; x_wconf 79' lang='grc' dir='ltr'>γενέσθαι,</span> <span class='ocrx_word' id='word_1_721' title='bbox 752 4425 1041 4494; x_wconf 84' lang='grc' dir='ltr'>γενόμενον</span> <span class='ocrx_word' id='word_1_722' title='bbox 1070 4427 1129 4478; x_wconf 82' lang='grc' dir='ltr'>ἐν</span> <span class='ocrx_word' id='word_1_723' title='bbox 1165 4423 1467 4496; x_wconf 77' lang='grc' dir='ltr'><strong>ἀνθρώπῳ·</strong></span> <span class='ocrx_word' id='word_1_724' title='bbox 1506 4426 1598 4480; x_wconf 73' lang='grc' dir='ltr'>καὶ</span> <span class='ocrx_word' id='word_1_725' title='bbox 1638 4424 1765 4478; x_wconf 65' lang='grc' dir='ltr'><strong>ἁδύά</strong></span> 
     </span>
    </p>
   </div>
   <div class='ocr_carea' id='block_1_89' title="bbox 1892 4418 3439 4497">
    <p class='ocr_par' dir='ltr' id='par_1_89' title="bbox 1892 4420 3439 4497">
     <span class='ocr_line' id='line_1_89' title="bbox 1892 4420 3439 4497; baseline 0.003 -23"><span class='ocrx_word' id='word_1_726' title='bbox 1892 4420 2027 4475; x_wconf 90' lang='lat' dir='ltr'><strong>ieret</strong></span> <span class='ocrx_word' id='word_1_727' title='bbox 2069 4420 2121 4473; x_wconf 90' lang='lat' dir='ltr'><strong>in</strong></span> <span class='ocrx_word' id='word_1_728' title='bbox 2155 4420 2391 4485; x_wconf 87' lang='lat' dir='ltr'><strong>homine,</strong></span> <span class='ocrx_word' id='word_1_729' title='bbox 2423 4420 2572 4474; x_wconf 78' lang='lat' dir='ltr'><strong>[ieret</strong></span> <span class='ocrx_word' id='word_1_730' title='bbox 2602 4421 2810 4488; x_wconf 86' lang='lat' dir='ltr'><strong>homo;</strong></span> <span class='ocrx_word' id='word_1_731' title='bbox 2842 4424 2912 4476; x_wconf 86' lang='lat' dir='ltr'><strong>ita</strong></span> <span class='ocrx_word' id='word_1_732' title='bbox 2949 4423 3061 4478; x_wconf 77' lang='lat' dir='ltr'><strong>ﬁeri</strong></span> <span class='ocrx_word' id='word_1_733' title='bbox 3098 4441 3204 4479; x_wconf 91' lang='lat' dir='ltr'><strong>non</strong></span> <span class='ocrx_word' id='word_1_734' title='bbox 3247 4428 3439 4497; x_wconf 87' lang='lat' dir='ltr'><strong>potuit,</strong></span> 
     </span>
    </p>
   </div>
   <div class='ocr_carea' id='block_1_90' title="bbox 170 4511 1787 4590">
    <p class='ocr_par' dir='ltr' id='par_1_90' title="bbox 170 4511 1761 4590">
     <span class='ocr_line' id='line_1_90' title="bbox 170 4511 1761 4590; baseline 0.004 -26"><span class='ocrx_word' id='word_1_735' title='bbox 170 4529 326 4566; x_wconf 80' lang='grc' dir='ltr'>νατον</span> <span class='ocrx_word' id='word_1_736' title='bbox 365 4511 439 4587; x_wconf 81' lang='grc' dir='ltr'>ἦν</span> <span class='ocrx_word' id='word_1_737' title='bbox 463 4516 636 4570; x_wconf 71' lang='grc' dir='ltr'>αὐτὸν</span> <span class='ocrx_word' id='word_1_738' title='bbox 672 4517 848 4587; x_wconf 72' lang='grc' dir='ltr'>σάρκα</span> <span class='ocrx_word' id='word_1_739' title='bbox 882 4516 1154 4583; x_wconf 80' lang='grc' dir='ltr'>γενέσθαι,</span> <span class='ocrx_word' id='word_1_740' title='bbox 1181 4516 1468 4589; x_wconf 71' lang='grc' dir='ltr'>γενόμενον</span> <span class='ocrx_word' id='word_1_741' title='bbox 1492 4520 1550 4571; x_wconf 82' lang='grc' dir='ltr'>ὲν</span> <span class='ocrx_word' id='word_1_742' title='bbox 1581 4518 1761 4590; x_wconf 88' lang='grc' dir='ltr'>σαρκί.</span> 
     </span>
    </p>
   </div>
   <div class='ocr_carea' id='block_1_91' title="bbox 1892 4511 3440 4590">
    <p class='ocr_par' dir='ltr' id='par_1_91' title="bbox 1893 4513 3440 4588">
     <span class='ocr_line' id='line_1_91' title="bbox 1893 4513 3440 4588; baseline 0.004 -22"><span class='ocrx_word' id='word_1_743' title='bbox 1893 4523 1934 4566; x_wconf 87' lang='grc' dir='ltr'><strong>ιι</strong></span> <span class='ocrx_word' id='word_1_744' title='bbox 1964 4528 2086 4566; x_wconf 91' lang='lat' dir='ltr'><strong>cum</strong></span> <span class='ocrx_word' id='word_1_745' title='bbox 2125 4513 2276 4568; x_wconf 83' lang='lat' dir='ltr'><strong>ﬁeret</strong></span> <span class='ocrx_word' id='word_1_746' title='bbox 2323 4513 2377 4566; x_wconf 90' lang='lat' dir='ltr'><strong>in</strong></span> <span class='ocrx_word' id='word_1_747' title='bbox 2422 4528 2609 4576; x_wconf 86' lang='lat' dir='ltr'><strong>carne,</strong></span> <span class='ocrx_word' id='word_1_748' title='bbox 2649 4514 2800 4570; x_wconf 76' lang='lat' dir='ltr'><strong>[ieret</strong></span> <span class='ocrx_word' id='word_1_749' title='bbox 2828 4531 2976 4571; x_wconf 85' lang='lat' dir='ltr'><strong>caro.</strong></span> <span class='ocrx_word' id='word_1_750' title='bbox 3017 4519 3083 4570; x_wconf 77' lang='lat' dir='ltr'><strong>At</strong></span> <span class='ocrx_word' id='word_1_751' title='bbox 3112 4518 3157 4574; x_wconf 86' lang='lat' dir='ltr'><strong>si</strong></span> <span class='ocrx_word' id='word_1_752' title='bbox 3191 4533 3257 4571; x_wconf 82' lang='lat' dir='ltr'><strong>eo</strong></span> <span class='ocrx_word' id='word_1_753' title='bbox 3298 4518 3440 4588; x_wconf 83' lang='lat' dir='ltr'><strong>quod</strong></span> 
     </span>
    </p>
   </div>
   <div class='ocr_carea' id='block_1_92' title="bbox 169 4600 1787 4680">
    <p class='ocr_par' dir='ltr' id='par_1_92' title="bbox 169 4600 1761 4680">
     <span class='ocr_line' id='line_1_92' title="bbox 169 4600 1761 4680; baseline 0.003 -24"><span class='ocrx_word' id='word_1_754' title='bbox 169 4605 229 4657; x_wconf 84' lang='lat' dir='ltr'><strong>El</strong></span> <span class='ocrx_word' id='word_1_755' title='bbox 265 4600 345 4669; x_wconf 72' lang='grc' dir='ltr'><strong>δὲ,</strong></span> <span class='ocrx_word' id='word_1_756' title='bbox 379 4612 442 4662; x_wconf 77' lang='grc' dir='ltr'>ἐν</span> <span class='ocrx_word' id='word_1_757' title='bbox 476 4609 651 4680; x_wconf 75' lang='grc' dir='ltr'>σαρκὶ</span> <span class='ocrx_word' id='word_1_758' title='bbox 675 4609 984 4677; x_wconf 82' lang='grc' dir='ltr'>γενόμενος,</span> <span class='ocrx_word' id='word_1_759' title='bbox 1009 4609 1290 4680; x_wconf 80' lang='grc' dir='ltr'>ἄνθρωπος</span> <span class='ocrx_word' id='word_1_760' title='bbox 1340 4606 1555 4677; x_wconf 78' lang='grc' dir='ltr'>λέγεται</span> <span class='ocrx_word' id='word_1_761' title='bbox 1604 4626 1761 4678; x_wconf 86' lang='grc' dir='ltr'>γεγε-</span> 
     </span>
    </p>
   </div>
   <div class='ocr_carea' id='block_1_93' title="bbox 1892 4600 3442 4680">
    <p class='ocr_par' dir='ltr' id='par_1_93' title="bbox 1892 4604 3442 4672">
     <span class='ocr_line' id='line_1_93' title="bbox 1892 4604 3442 4672; baseline 0.006 -17"><span class='ocrx_word' id='word_1_762' title='bbox 1892 4608 2073 4656; x_wconf 79' lang='lat' dir='ltr'><strong>‘actum</strong></span> <span class='ocrx_word' id='word_1_763' title='bbox 2104 4610 2189 4657; x_wconf 88' lang='lat' dir='ltr'><strong>est</strong></span> <span class='ocrx_word' id='word_1_764' title='bbox 2231 4604 2283 4657; x_wconf 93' lang='lat' dir='ltr'><strong>in</strong></span> <span class='ocrx_word' id='word_1_765' title='bbox 2310 4618 2497 4668; x_wconf 89' lang='lat' dir='ltr'><strong>carne,</strong></span> <span class='ocrx_word' id='word_1_766' title='bbox 2529 4605 2730 4662; x_wconf 83' lang='lat' dir='ltr'><strong>dicitur</strong></span> <span class='ocrx_word' id='word_1_767' title='bbox 2757 4605 2955 4660; x_wconf 80' lang='lat' dir='ltr'><strong>factum</strong></span> <span class='ocrx_word' id='word_1_768' title='bbox 3002 4607 3185 4672; x_wconf 88' lang='lat' dir='ltr'><strong>homo,</strong></span> <span class='ocrx_word' id='word_1_769' title='bbox 3219 4625 3326 4664; x_wconf 91' lang='lat' dir='ltr'><strong>non</strong></span> <span class='ocrx_word' id='word_1_770' title='bbox 3357 4611 3442 4665; x_wconf 52' lang='lat' dir='ltr'><strong>di-</strong></span> 
     </span>
    </p>
   </div>
   <div class='ocr_carea' id='block_1_94' title="bbox 166 4694 1787 4771">
    <p class='ocr_par' dir='ltr' id='par_1_94' title="bbox 166 4694 1758 4771">
     <span class='ocr_line' id='line_1_94' title="bbox 166 4694 1758 4771; baseline 0.006 -27"><span class='ocrx_word' id='word_1_771' title='bbox 166 4694 381 4763; x_wconf 81' lang='grc' dir='ltr'>νῆσθαι,</span> <span class='ocrx_word' id='word_1_772' title='bbox 398 4698 466 4751; x_wconf 72' lang='grc' dir='ltr'><strong>οὐ</strong></span> <span class='ocrx_word' id='word_1_773' title='bbox 484 4699 723 4770; x_wconf 67' lang='grc' dir='ltr'>τραπεὶς</span> <span class='ocrx_word' id='word_1_774' title='bbox 739 4700 816 4761; x_wconf 87' lang='grc' dir='ltr'><strong>είς</strong></span> <span class='ocrx_word' id='word_1_775' title='bbox 836 4698 1138 4768; x_wconf 76' lang='grc' dir='ltr'>ἄνθρωπον.</span> <span class='ocrx_word' id='word_1_776' title='bbox 1151 4701 1397 4754; x_wconf 73' lang='grc' dir='ltr'>Ἀπολλ.</span> <span class='ocrx_word' id='word_1_777' title='bbox 1413 4701 1508 4763; x_wconf 88' lang='grc' dir='ltr'>Τίς</span> <span class='ocrx_word' id='word_1_778' title='bbox 1525 4695 1592 4771; x_wconf 80' lang='grc' dir='ltr'>ἦν</span> <span class='ocrx_word' id='word_1_779' title='bbox 1610 4701 1758 4771; x_wconf 88' lang='lat'><strong>6(77)</strong></span> 
     </span>
    </p>
   </div>
   <div class='ocr_carea' id='block_1_95' title="bbox 1892 4694 3436 4771">
    <p class='ocr_par' dir='ltr' id='par_1_95' title="bbox 1892 4696 3436 4770">
     <span class='ocr_line' id='line_1_95' title="bbox 1892 4696 3436 4770; baseline 0.007 -23"><span class='ocrx_word' id='word_1_780' title='bbox 1892 4696 2012 4748; x_wconf 83' lang='lat' dir='ltr'><strong>:itur</strong></span> <span class='ocrx_word' id='word_1_781' title='bbox 2037 4696 2090 4748; x_wconf 89' lang='lat' dir='ltr'><strong>in</strong></span> <span class='ocrx_word' id='word_1_782' title='bbox 2126 4710 2343 4751; x_wconf 88' lang='lat' dir='ltr'><strong>carnem</strong></span> <span class='ocrx_word' id='word_1_783' title='bbox 2368 4711 2715 4752; x_wconf 81' lang='lat' dir='ltr'><strong>conversum.</strong></span> <span class='ocrx_word' id='word_1_784' title='bbox 2744 4699 2917 4765; x_wconf 80' lang='lat' dir='ltr'><strong>Apoll.</strong></span> <span class='ocrx_word' id='word_1_785' title='bbox 2945 4698 3079 4763; x_wconf 86' lang='lat' dir='ltr'><strong>Quis</strong></span> <span class='ocrx_word' id='word_1_786' title='bbox 3108 4715 3239 4770; x_wconf 78' lang='lat' dir='ltr'><strong>ergo</strong></span> <span class='ocrx_word' id='word_1_787' title='bbox 3260 4702 3394 4757; x_wconf 72' lang='lat' dir='ltr'><strong>dixit</strong></span> <span class='ocrx_word' id='word_1_788' title='bbox 3425 4723 3436 4758; x_wconf 93' lang='lat'>:</span> 
     </span>
    </p>
   </div>
   <div class='ocr_carea' id='block_1_96' title="bbox 163 4784 1787 4859">
    <p class='ocr_par' dir='ltr' id='par_1_96' title="bbox 163 4784 1755 4859">
     <span class='ocr_line' id='line_1_96' title="bbox 163 4784 1755 4859; baseline 0.004 -24"><span class='ocrx_word' id='word_1_789' title='bbox 163 4784 338 4852; x_wconf 82' lang='grc' dir='ltr'>λέγων</span> <span class='ocrx_word' id='word_1_790' title='bbox 362 4805 376 4818; x_wconf 78' lang='grc' dir='ltr'><strong>ο</strong></span> <span class='ocrx_word' id='word_1_791' title='bbox 405 4808 426 4837; x_wconf 74' lang='grc' dir='ltr'><strong>ι</strong></span> <span class='ocrx_word' id='word_1_792' title='bbox 465 4788 577 4841; x_wconf 83' lang='grc' dir='ltr'>Θεέ</span> <span class='ocrx_word' id='word_1_793' title='bbox 603 4804 725 4857; x_wconf 83' lang='grc' dir='ltr'>μου,</span> <span class='ocrx_word' id='word_1_794' title='bbox 748 4787 847 4841; x_wconf 83' lang='grc' dir='ltr'>Θεέ</span> <span class='ocrx_word' id='word_1_795' title='bbox 876 4805 1000 4858; x_wconf 88' lang='grc' dir='ltr'>μου,</span> <span class='ocrx_word' id='word_1_796' title='bbox 1031 4787 1117 4841; x_wconf 83' lang='grc' dir='ltr'><strong>ἵνα</strong></span> <span class='ocrx_word' id='word_1_797' title='bbox 1138 4789 1191 4841; x_wconf 90' lang='grc' dir='ltr'><strong>τί</strong></span> <span class='ocrx_word' id='word_1_798' title='bbox 1219 4805 1285 4859; x_wconf 88' lang='grc' dir='ltr'>με</span> <span class='ocrx_word' id='word_1_799' title='bbox 1319 4788 1708 4857; x_wconf 78' lang='grc' dir='ltr'>ὲγκατέλιπεςς</span> <span class='ocrx_word' id='word_1_800' title='bbox 1738 4810 1755 4841; x_wconf 76' lang='grc' dir='ltr'><strong>ι</strong></span> 
     </span>
    </p>
   </div>
   <div class='ocr_carea' id='block_1_97' title="bbox 1892 4784 3443 4859">
    <p class='ocr_par' dir='ltr' id='par_1_97' title="bbox 1954 4784 3443 4858">
     <span class='ocr_line' id='line_1_97' title="bbox 1954 4784 3443 4858; baseline 0.005 -21"><span class='ocrx_word' id='word_1_801' title='bbox 1954 4784 2097 4840; x_wconf 81' lang='lat' dir='ltr'><strong>Deus</strong></span> <span class='ocrx_word' id='word_1_802' title='bbox 2161 4801 2337 4850; x_wconf 83' lang='lat' dir='ltr'><strong>meus,</strong></span> <span class='ocrx_word' id='word_1_803' title='bbox 2393 4785 2535 4841; x_wconf 91' lang='lat' dir='ltr'><strong>Deus</strong></span> <span class='ocrx_word' id='word_1_804' title='bbox 2592 4803 2767 4852; x_wconf 87' lang='lat' dir='ltr'><strong>meus,</strong></span> <span class='ocrx_word' id='word_1_805' title='bbox 2817 4797 2876 4842; x_wconf 94' lang='lat' dir='ltr'><strong>ut</strong></span> <span class='ocrx_word' id='word_1_806' title='bbox 2926 4789 3057 4858; x_wconf 90' lang='lat' dir='ltr'><strong>quid</strong></span> <span class='ocrx_word' id='word_1_807' title='bbox 3111 4806 3197 4845; x_wconf 92' lang='lat' dir='ltr'><strong>me</strong></span> <span class='ocrx_word' id='word_1_808' title='bbox 3244 4792 3443 4848; x_wconf 86' lang='lat' dir='ltr'><strong>dereli-</strong></span> 
     </span>
    </p>
   </div>
   <div class='ocr_carea' id='block_1_98' title="bbox 160 4875 1787 4950">
    <p class='ocr_par' dir='ltr' id='par_1_98' title="bbox 160 4877 1760 4950">
     <span class='ocr_line' id='line_1_98' title="bbox 160 4877 1760 4950; baseline 0.001 -20"><span class='ocrx_word' id='word_1_809' title='bbox 160 4878 346 4943; x_wconf 77' lang='grc' dir='ltr'>όΘεδς</span> <span class='ocrx_word' id='word_1_810' title='bbox 370 4880 562 4949; x_wconf 83' lang='grc' dir='ltr'>Λόγος</span> <span class='ocrx_word' id='word_1_811' title='bbox 597 4878 631 4949; x_wconf 73' lang='grc' dir='ltr'><strong>ἦ</strong></span> <span class='ocrx_word' id='word_1_812' title='bbox 675 4881 703 4932; x_wconf 91' lang='lat'><strong>6</strong></span> <span class='ocrx_word' id='word_1_813' title='bbox 752 4877 1066 4950; x_wconf 72' lang='grc' dir='ltr'>ἄνθρωπος-ς</span> <span class='ocrx_word' id='word_1_814' title='bbox 1118 4878 1273 4947; x_wconf 87' lang='grc' dir='ltr'>Ὀρθ.</span> <span class='ocrx_word' id='word_1_815' title='bbox 1314 4878 1400 4941; x_wconf 81' lang='grc' dir='ltr'>Ὠς</span> <span class='ocrx_word' id='word_1_816' title='bbox 1448 4878 1549 4950; x_wconf 81' lang='grc' dir='ltr'>τὴν</span> <span class='ocrx_word' id='word_1_817' title='bbox 1582 4877 1760 4949; x_wconf 82' lang='grc' dir='ltr'>ταφὴν</span> 
     </span>
    </p>
   </div>
   <div class='ocr_carea' id='block_1_99' title="bbox 1892 4875 3441 4950">
    <p class='ocr_par' dir='ltr' id='par_1_99' title="bbox 1892 4875 3441 4946">
     <span class='ocr_line' id='line_1_99' title="bbox 1892 4875 3441 4946; baseline 0.003 -16"><span class='ocrx_word' id='word_1_818' title='bbox 1892 4878 2029 4946; x_wconf 68' lang='lat' dir='ltr'><strong>luisti</strong></span> <span class='ocrx_word' id='word_1_819' title='bbox 2074 4877 2160 4932; x_wconf 71' lang='grc' dir='ltr'><strong>ὀἳ</strong></span> <span class='ocrx_word' id='word_1_820' title='bbox 2200 4897 2218 4930; x_wconf 76' lang='grc' dir='ltr'><strong>ι</strong></span> <span class='ocrx_word' id='word_1_821' title='bbox 2263 4876 2406 4933; x_wconf 89' lang='lat' dir='ltr'><strong>Deus</strong></span> <span class='ocrx_word' id='word_1_822' title='bbox 2450 4875 2687 4934; x_wconf 87' lang='lat' dir='ltr'><strong>Verbum</strong></span> <span class='ocrx_word' id='word_1_823' title='bbox 2732 4895 2801 4935; x_wconf 87' lang='lat' dir='ltr'><strong>an</strong></span> <span class='ocrx_word' id='word_1_824' title='bbox 2855 4881 3062 4935; x_wconf 80' lang='lat' dir='ltr'><strong>homo?</strong></span> <span class='ocrx_word' id='word_1_825' title='bbox 3093 4882 3247 4938; x_wconf 85' lang='lat' dir='ltr'><strong>Orth.</strong></span> <span class='ocrx_word' id='word_1_826' title='bbox 3285 4882 3441 4938; x_wconf 82' lang='lat' dir='ltr'><strong>Sicut</strong></span> 
     </span>
    </p>
   </div>
   <div class='ocr_carea' id='block_1_100' title="bbox 157 4969 1787 5045">
    <p class='ocr_par' dir='ltr' id='par_1_100' title="bbox 157 4969 1761 5043">
     <span class='ocr_line' id='line_1_100' title="bbox 157 4969 1761 5043; baseline 0.002 -22"><span class='ocrx_word' id='word_1_827' title='bbox 157 4970 250 5022; x_wconf 84' lang='grc' dir='ltr'><strong>τοῦ</strong></span> <span class='ocrx_word' id='word_1_828' title='bbox 281 4970 554 5043; x_wconf 81' lang='grc' dir='ltr'>σώματος</span> <span class='ocrx_word' id='word_1_829' title='bbox 576 4971 672 5024; x_wconf 80' lang='grc' dir='ltr'>καὶ</span> <span class='ocrx_word' id='word_1_830' title='bbox 686 4969 751 5023; x_wconf 84' lang='grc' dir='ltr'>τὰ</span> <span class='ocrx_word' id='word_1_831' title='bbox 775 4970 1042 5041; x_wconf 69' lang='grc' dir='ltr'>ἐνδύματα</span> <span class='ocrx_word' id='word_1_832' title='bbox 1068 4969 1232 5024; x_wconf 76' lang='grc' dir='ltr'>αὑτοῦ</span> <span class='ocrx_word' id='word_1_833' title='bbox 1251 4969 1361 5039; x_wconf 88' lang='grc'><strong>(78)</strong></span> <span class='ocrx_word' id='word_1_834' title='bbox 1378 4970 1519 5038; x_wconf 83' lang='grc' dir='ltr'>λέγω</span> <span class='ocrx_word' id='word_1_835' title='bbox 1539 4969 1633 5023; x_wconf 88' lang='grc' dir='ltr'><strong>τοῦ</strong></span> <span class='ocrx_word' id='word_1_836' title='bbox 1666 4971 1761 5024; x_wconf 86' lang='grc' dir='ltr'><strong>Λό-</strong></span> 
     </span>
    </p>
   </div>
   <div class='ocr_carea' id='block_1_101' title="bbox 1892 4969 3443 5045">
    <p class='ocr_par' dir='ltr' id='par_1_101' title="bbox 1892 4969 3443 5045">
     <span class='ocr_line' id='line_1_101' title="bbox 1892 4969 3443 5045; baseline 0.006 -26"><span class='ocrx_word' id='word_1_837' title='bbox 1892 4969 2114 5038; x_wconf 88' lang='lat' dir='ltr'><strong>:orporis</strong></span> <span class='ocrx_word' id='word_1_838' title='bbox 2152 4969 2483 5040; x_wconf 85' lang='lat' dir='ltr'><strong>sepulturam</strong></span> <span class='ocrx_word' id='word_1_839' title='bbox 2525 4985 2589 5024; x_wconf 90' lang='lat' dir='ltr'><strong>ac</strong></span> <span class='ocrx_word' id='word_1_840' title='bbox 2621 4970 2938 5027; x_wconf 87' lang='lat' dir='ltr'><strong>indumenta</strong></span> <span class='ocrx_word' id='word_1_841' title='bbox 2975 4972 3099 5027; x_wconf 89' lang='lat' dir='ltr'><strong>dico</strong></span> <span class='ocrx_word' id='word_1_842' title='bbox 3146 4973 3318 5029; x_wconf 73' lang='lat' dir='ltr'><strong>fuisse</strong></span> <span class='ocrx_word' id='word_1_843' title='bbox 3359 4991 3443 5045; x_wconf 79' lang='grc' dir='ltr'>ιρ-</span> 
     </span>
    </p>
   </div>
   <div class='ocr_carea' id='block_1_102' title="bbox 156 5057 1787 5134">
    <p class='ocr_par' dir='ltr' id='par_1_102' title="bbox 156 5061 1755 5134">
     <span class='ocr_line' id='line_1_102' title="bbox 156 5061 1755 5134; baseline 0 -20"><span class='ocrx_word' id='word_1_844' title='bbox 156 5077 275 5129; x_wconf 84' lang='grc' dir='ltr'>γου,</span> <span class='ocrx_word' id='word_1_845' title='bbox 331 5065 398 5116; x_wconf 74' lang='grc' dir='ltr'>οὐ</span> <span class='ocrx_word' id='word_1_846' title='bbox 462 5062 637 5133; x_wconf 80' lang='grc' dir='ltr'>φύσει</span> <span class='ocrx_word' id='word_1_847' title='bbox 691 5061 962 5134; x_wconf 84' lang='grc' dir='ltr'>θεότητος,</span> <span class='ocrx_word' id='word_1_848' title='bbox 999 5062 1110 5116; x_wconf 77' lang='grc' dir='ltr'>ἀλλ’</span> <span class='ocrx_word' id='word_1_849' title='bbox 1150 5061 1394 5125; x_wconf 75' lang='grc' dir='ltr'>ἑνώσεως</span> <span class='ocrx_word' id='word_1_850' title='bbox 1435 5061 1714 5134; x_wconf 75' lang='grc' dir='ltr'>οἰκονομίᾳ</span> <span class='ocrx_word' id='word_1_851' title='bbox 1740 5078 1755 5092; x_wconf 78' lang='grc' dir='ltr'><strong>ο</strong></span> 
     </span>
    </p>
   </div>
   <div class='ocr_carea' id='block_1_103' title="bbox 1892 5057 3439 5134">
    <p class='ocr_par' dir='ltr' id='par_1_103' title="bbox 1892 5057 3439 5132">
     <span class='ocr_line' id='line_1_103' title="bbox 1892 5057 3439 5132; baseline 0.001 -18"><span class='ocrx_word' id='word_1_852' title='bbox 1892 5061 1983 5114; x_wconf 83' lang='lat' dir='ltr'><strong>ius</strong></span> <span class='ocrx_word' id='word_1_853' title='bbox 2020 5057 2208 5125; x_wconf 86' lang='lat' dir='ltr'><strong>Verbi,</strong></span> <span class='ocrx_word' id='word_1_854' title='bbox 2251 5075 2358 5115; x_wconf 90' lang='lat' dir='ltr'><strong>non</strong></span> <span class='ocrx_word' id='word_1_855' title='bbox 2398 5060 2513 5132; x_wconf 82' lang='lat' dir='ltr'><strong>ipsa</strong></span> <span class='ocrx_word' id='word_1_856' title='bbox 2539 5060 2758 5117; x_wconf 85' lang='lat' dir='ltr'><strong>deitatis</strong></span> <span class='ocrx_word' id='word_1_857' title='bbox 2792 5070 3016 5125; x_wconf 84' lang='lat' dir='ltr'><strong>natura,</strong></span> <span class='ocrx_word' id='word_1_858' title='bbox 3047 5063 3141 5117; x_wconf 91' lang='lat' dir='ltr'><strong>sed</strong></span> <span class='ocrx_word' id='word_1_859' title='bbox 3174 5064 3439 5117; x_wconf 68' lang='lat' dir='ltr'><strong>unitionis</strong></span> 
     </span>
    </p>
   </div>
   <div class='ocr_carea' id='block_1_104' title="bbox 152 5149 1787 5223">
    <p class='ocr_par' dir='ltr' id='par_1_104' title="bbox 152 5149 1758 5223">
     <span class='ocr_line' id='line_1_104' title="bbox 152 5149 1758 5223; baseline 0.002 -22"><span class='ocrx_word' id='word_1_860' title='bbox 152 5149 296 5205; x_wconf 75' lang='grc' dir='ltr'>οὕτω</span> <span class='ocrx_word' id='word_1_861' title='bbox 324 5153 429 5207; x_wconf 72' lang='grc' dir='ltr'>καὶ</span> <span class='ocrx_word' id='word_1_862' title='bbox 458 5152 569 5215; x_wconf 74' lang='grc' dir='ltr'>τὰς</span> <span class='ocrx_word' id='word_1_863' title='bbox 598 5151 781 5220; x_wconf 80' lang='grc' dir='ltr'>φωνὰς</span> <span class='ocrx_word' id='word_1_864' title='bbox 806 5151 903 5215; x_wconf 73' lang='grc' dir='ltr'>τὰς</span> <span class='ocrx_word' id='word_1_865' title='bbox 923 5150 1157 5221; x_wconf 68' lang='grc' dir='ltr'>ψυχικὰς</span> <span class='ocrx_word' id='word_1_866' title='bbox 1185 5152 1277 5204; x_wconf 78' lang='grc' dir='ltr'><strong>καὶ</strong></span> <span class='ocrx_word' id='word_1_867' title='bbox 1302 5151 1369 5204; x_wconf 79' lang='grc' dir='ltr'>τὰ</span> <span class='ocrx_word' id='word_1_868' title='bbox 1400 5150 1544 5223; x_wconf 82' lang='grc' dir='ltr'>πάθη</span> <span class='ocrx_word' id='word_1_869' title='bbox 1567 5151 1635 5204; x_wconf 84' lang='grc' dir='ltr'>τὰ</span> <span class='ocrx_word' id='word_1_870' title='bbox 1653 5150 1758 5220; x_wconf 72' lang='grc' dir='ltr'><strong>ψυ-</strong></span> 
     </span>
    </p>
   </div>
   <div class='ocr_carea' id='block_1_105' title="bbox 1892 5149 3445 5223">
    <p class='ocr_par' dir='ltr' id='par_1_105' title="bbox 1892 5152 3445 5219">
     <span class='ocr_line' id='line_1_105' title="bbox 1892 5152 3445 5219; baseline 0.003 -15"><span class='ocrx_word' id='word_1_871' title='bbox 1892 5152 2167 5205; x_wconf 85' lang='lat' dir='ltr'><strong>economia</strong></span> <span class='ocrx_word' id='word_1_872' title='bbox 2207 5169 2222 5219; x_wconf 87' lang='lat'><strong>;</strong></span> <span class='ocrx_word' id='word_1_873' title='bbox 2260 5152 2334 5205; x_wconf 87' lang='lat' dir='ltr'><strong>ita</strong></span> <span class='ocrx_word' id='word_1_874' title='bbox 2380 5154 2543 5207; x_wconf 87' lang='lat' dir='ltr'><strong>etiam</strong></span> <span class='ocrx_word' id='word_1_875' title='bbox 2583 5168 2749 5209; x_wconf 75' lang='lat' dir='ltr'><strong>voces</strong></span> <span class='ocrx_word' id='word_1_876' title='bbox 2793 5154 2987 5208; x_wconf 66' lang='lat' dir='ltr'><strong>animae</strong></span> <span class='ocrx_word' id='word_1_877' title='bbox 3025 5154 3445 5219; x_wconf 80' lang='lat' dir='ltr'><strong>convenientes,‘</strong></span> 
     </span>
    </p>
   </div>
   <div class='ocr_carea' id='block_1_106' title="bbox 151 5239 1787 5320">
    <p class='ocr_par' dir='ltr' id='par_1_106' title="bbox 151 5239 1755 5313">
     <span class='ocr_line' id='line_1_106' title="bbox 151 5239 1755 5313; baseline 0.002 -22"><span class='ocrx_word' id='word_1_878' title='bbox 151 5241 280 5306; x_wconf 79' lang='grc' dir='ltr'>χικᾶ</span> <span class='ocrx_word' id='word_1_879' title='bbox 302 5241 594 5310; x_wconf 77' lang='grc' dir='ltr'>ἁγωνιᾷν,</span> <span class='ocrx_word' id='word_1_880' title='bbox 615 5240 711 5292; x_wconf 80' lang='grc' dir='ltr'>καὶ</span> <span class='ocrx_word' id='word_1_881' title='bbox 731 5240 829 5293; x_wconf 79' lang='grc' dir='ltr'>ὅσα</span> <span class='ocrx_word' id='word_1_882' title='bbox 843 5239 1067 5293; x_wconf 84' lang='grc' dir='ltr'>τοιαῦτα</span> <span class='ocrx_word' id='word_1_883' title='bbox 1080 5240 1190 5312; x_wconf 85' lang='grc'><strong>(79)</strong></span> <span class='ocrx_word' id='word_1_884' title='bbox 1204 5241 1418 5310; x_wconf 80' lang='grc' dir='ltr'>λέγεται</span> <span class='ocrx_word' id='word_1_885' title='bbox 1438 5241 1566 5313; x_wconf 79' lang='grc' dir='ltr'>περὶ</span> <span class='ocrx_word' id='word_1_886' title='bbox 1587 5241 1755 5295; x_wconf 79' lang='grc' dir='ltr'>αὑτοῦ</span> 
     </span>
    </p>
   </div>
   <div class='ocr_carea' id='block_1_107' title="bbox 1892 5239 3443 5320">
    <p class='ocr_par' dir='ltr' id='par_1_107' title="bbox 1892 5243 3443 5320">
     <span class='ocr_line' id='line_1_107' title="bbox 1892 5243 3443 5320; baseline 0.002 -24"><span class='ocrx_word' id='word_1_887' title='bbox 1892 5251 1916 5296; x_wconf 90' lang='lat' dir='ltr'><strong>t</strong></span> <span class='ocrx_word' id='word_1_888' title='bbox 1960 5243 2154 5298; x_wconf 71' lang='lat' dir='ltr'><strong>anima:</strong></span> <span class='ocrx_word' id='word_1_889' title='bbox 2202 5244 2485 5313; x_wconf 87' lang='lat' dir='ltr'><strong>passiones</strong></span> <span class='ocrx_word' id='word_1_890' title='bbox 2533 5260 2735 5315; x_wconf 73' lang='lat' dir='ltr'><strong>angore</strong></span> <span class='ocrx_word' id='word_1_891' title='bbox 2776 5244 2934 5309; x_wconf 80' lang='lat' dir='ltr'><strong>allici,</strong></span> <span class='ocrx_word' id='word_1_892' title='bbox 2985 5254 3042 5300; x_wconf 90' lang='lat' dir='ltr'><strong>et</strong></span> <span class='ocrx_word' id='word_1_893' title='bbox 3094 5252 3443 5320; x_wconf 69' lang='lat' dir='ltr'><strong>quaecuuuue&#39;</strong></span> 
     </span>
    </p>
   </div>
   <div class='ocr_carea' id='block_1_108' title="bbox 216 5418 1787 5487">
    <p class='ocr_par' dir='ltr' id='par_1_108' title="bbox 216 5418 1787 5487">
     <span class='ocr_line' id='line_1_108' title="bbox 216 5418 1787 5487; baseline 0.001 -13"><span class='ocrx_word' id='word_1_894' title='bbox 216 5420 262 5451; x_wconf 83' lang='lat'>&quot;</span> <span class='ocrx_word' id='word_1_895' title='bbox 303 5420 514 5475; x_wconf 71' lang='lat' dir='ltr'><strong>Matth.</strong></span> <span class='ocrx_word' id='word_1_896' title='bbox 558 5434 724 5486; x_wconf 73' lang='lat' dir='ltr'><strong>xxvu,</strong></span> <span class='ocrx_word' id='word_1_897' title='bbox 756 5421 845 5476; x_wconf 81' lang='grc'><strong>57.</strong></span> <span class='ocrx_word' id='word_1_898' title='bbox 920 5422 966 5452; x_wconf 82' lang='grc'><strong>⁷⁸</strong></span> <span class='ocrx_word' id='word_1_899' title='bbox 1003 5418 1161 5476; x_wconf 81' lang='lat' dir='ltr'><strong>Juan.</strong></span> <span class='ocrx_word' id='word_1_900' title='bbox 1204 5438 1257 5487; x_wconf 85' lang='grc' dir='ltr'><strong>ι,</strong></span> <span class='ocrx_word' id='word_1_901' title='bbox 1293 5419 1380 5474; x_wconf 69' lang='grc'><strong>14.</strong></span> <span class='ocrx_word' id='word_1_902' title='bbox 1460 5421 1505 5454; x_wconf 66' lang='grc'><strong>³*</strong></span> <span class='ocrx_word' id='word_1_903' title='bbox 1548 5420 1738 5476; x_wconf 76' lang='lat' dir='ltr'><strong>Matth.</strong></span> <span class='ocrx_word' id='word_1_904' title='bbox 1778 5438 1787 5475; x_wconf 69' lang='grc' dir='ltr'><strong>ι</strong></span> 
     </span>
    </p>
   </div>
   <div class='ocr_carea' id='block_1_109' title="bbox 1892 5418 2085 5487">
    <p class='ocr_par' dir='ltr' id='par_1_109' title="bbox 1892 5422 2085 5483">
     <span class='ocr_line' id='line_1_109' title="bbox 1892 5422 2085 5483; baseline 0.01 -7"><span class='ocrx_word' id='word_1_905' title='bbox 1892 5438 1957 5483; x_wconf 81' lang='lat' dir='ltr'><strong>:i,</strong></span> <span class='ocrx_word' id='word_1_906' title='bbox 1992 5422 2085 5479; x_wconf 69' lang='grc'>46.</span> 
     </span>
    </p>
   </div>
   <div class='ocr_carea' id='block_1_110' title="bbox 1927 5602 2712 5664">
    <p class='ocr_par' dir='ltr' id='par_1_110' title="bbox 1927 5602 2712 5664">
     <span class='ocr_line' id='line_1_110' title="bbox 1927 5602 2712 5664; baseline 0.003 -9"><span class='ocrx_word' id='word_1_907' title='bbox 1927 5603 2039 5664; x_wconf 68' lang='grc'><strong>(78)</strong></span> <span class='ocrx_word' id='word_1_908' title='bbox 2077 5602 2249 5655; x_wconf 73' lang='grc' dir='ltr'>Αὐτοῦ</span> <span class='ocrx_word' id='word_1_909' title='bbox 2284 5604 2435 5658; x_wconf 71' lang='lat' dir='ltr'><strong>abest</strong></span> <span class='ocrx_word' id='word_1_910' title='bbox 2472 5620 2499 5657; x_wconf 84' lang='lat' dir='ltr'><strong>a</strong></span> <span class='ocrx_word' id='word_1_911' title='bbox 2537 5602 2712 5657; x_wconf 78' lang='lat' dir='ltr'><strong>Palat.</strong></span> 
     </span>
    </p>
   </div>
   <div class='ocr_carea' id='block_1_111' title="bbox 220 5597 1745 5667">
    <p class='ocr_par' dir='ltr' id='par_1_111' title="bbox 220 5597 1745 5667">
     <span class='ocr_line' id='line_1_111' title="bbox 220 5597 1745 5667; baseline 0.003 -18"><span class='ocrx_word' id='word_1_912' title='bbox 220 5597 337 5662; x_wconf 69' lang='lat' dir='ltr'><strong>I76)</strong></span> <span class='ocrx_word' id='word_1_913' title='bbox 389 5600 519 5651; x_wconf 76' lang='grc' dir='ltr'>οὐκ</span> <span class='ocrx_word' id='word_1_914' title='bbox 564 5597 726 5651; x_wconf 82' lang='lat' dir='ltr'><strong>abest</strong></span> <span class='ocrx_word' id='word_1_915' title='bbox 773 5615 802 5652; x_wconf 85' lang='lat' dir='ltr'><strong>a</strong></span> <span class='ocrx_word' id='word_1_916' title='bbox 838 5597 1009 5652; x_wconf 86' lang='lat' dir='ltr'><strong>Palat.</strong></span> <span class='ocrx_word' id='word_1_917' title='bbox 1064 5597 1232 5651; x_wconf 85' lang='lat' dir='ltr'><strong>Paulo</strong></span> <span class='ocrx_word' id='word_1_918' title='bbox 1280 5608 1401 5667; x_wconf 86' lang='lat' dir='ltr'><strong>post</strong></span> <span class='ocrx_word' id='word_1_919' title='bbox 1469 5613 1745 5654; x_wconf 79' lang='lat' dir='ltr'><strong>manuscr.</strong></span> 
     </span>
    </p>
   </div>
   <div class='ocr_carea' id='block_1_112' title="bbox 1925 5673 2739 5731">
    <p class='ocr_par' dir='ltr' id='par_1_112' title="bbox 1925 5673 2739 5731">
     <span class='ocr_line' id='line_1_112' title="bbox 1925 5673 2739 5731; baseline 0.01 -8"><span class='ocrx_word' id='word_1_920' title='bbox 1925 5677 2039 5730; x_wconf 64' lang='grc' dir='ltr'>ιῖυ)</span> <span class='ocrx_word' id='word_1_921' title='bbox 2072 5673 2307 5728; x_wconf 69' lang='grc' dir='ltr'>Τοιαῦτα</span> <span class='ocrx_word' id='word_1_922' title='bbox 2345 5677 2494 5728; x_wconf 67' lang='lat' dir='ltr'><strong>dei-st</strong></span> <span class='ocrx_word' id='word_1_923' title='bbox 2525 5678 2577 5730; x_wconf 87' lang='lat' dir='ltr'><strong>in</strong></span> <span class='ocrx_word' id='word_1_924' title='bbox 2609 5691 2739 5731; x_wconf 81' lang='lat' dir='ltr'><strong>mss.</strong></span> 
     </span>
    </p>
   </div>
   <div class='ocr_carea' id='block_1_113' title="bbox 145 5668 1158 5738">
    <p class='ocr_par' dir='ltr' id='par_1_113' title="bbox 145 5668 1158 5738">
     <span class='ocr_line' id='line_1_113' title="bbox 145 5668 1158 5738; baseline -0.001 -16"><span class='ocrx_word' id='word_1_925' title='bbox 145 5680 365 5730; x_wconf 72' lang='lat' dir='ltr'><strong>enim-5,</strong></span> <span class='ocrx_word' id='word_1_926' title='bbox 396 5669 498 5722; x_wconf 76' lang='grc' dir='ltr'>τὸν</span> <span class='ocrx_word' id='word_1_927' title='bbox 532 5669 851 5738; x_wconf 75' lang='grc' dir='ltr'>γενόμενον.</span> <span class='ocrx_word' id='word_1_928' title='bbox 879 5668 1045 5727; x_wconf 80' lang='lat' dir='ltr'><strong>Editi.</strong></span> <span class='ocrx_word' id='word_1_929' title='bbox 1077 5668 1158 5721; x_wconf 87' lang='grc' dir='ltr'><strong>τό.</strong></span> 
     </span>
    </p>
   </div>
   <div class='ocr_carea' id='block_1_114' title="bbox 216 5734 1323 5810">
    <p class='ocr_par' dir='ltr' id='par_1_114' title="bbox 216 5734 1323 5810">
     <span class='ocr_line' id='line_1_114' title="bbox 216 5734 1323 5810; baseline -0.002 -13"><span class='ocrx_word' id='word_1_930' title='bbox 216 5739 332 5810; x_wconf 68' lang='grc' dir='ltr'><strong>οἳ)</strong></span> <span class='ocrx_word' id='word_1_931' title='bbox 370 5741 451 5794; x_wconf 81' lang='lat' dir='ltr'><strong>Ita</strong></span> <span class='ocrx_word' id='word_1_932' title='bbox 495 5734 645 5794; x_wconf 72' lang='lat' dir='ltr'><strong>mss.</strong></span> <span class='ocrx_word' id='word_1_933' title='bbox 676 5734 814 5795; x_wconf 62' lang='grc' dir='ltr'>καίιὶ</span> <span class='ocrx_word' id='word_1_934' title='bbox 855 5756 1000 5802; x_wconf 81' lang='lat' dir='ltr'><strong>vero,</strong></span> <span class='ocrx_word' id='word_1_935' title='bbox 1033 5739 1128 5802; x_wconf 80' lang='grc' dir='ltr'>Τίς</span> <span class='ocrx_word' id='word_1_936' title='bbox 1152 5734 1245 5793; x_wconf 73' lang='grc' dir='ltr'>οὖν</span> <span class='ocrx_word' id='word_1_937' title='bbox 1276 5740 1323 5795; x_wconf 88' lang='lat'><em>6.</em></span> 
     </span>
    </p>
   </div>
  </div>
