3982 6398
206 286 344 355 1263

1164 301 1250 357 οε
1294 301 1560 358 SANCTA
1603 301 1978 358 TRlNiTATE
2019 301 2362 360 DIALOGUS
2399 301 2492 371 ι,

206 411 389 484 ριακὸν
414 409 578 480 λέγω,
614 411 706 465 καὶ
729 412 904 484 ψυχὴν
930 415 1232 486 Κυριακὴν,
1261 418 1355 471 καὶ
1392 412 1528 488 αἷμα
1562 420 1770 489 Κυρια-

1889 417 2087 472 )omini
2125 431 2249 471 cum
2275 431 2432 479 voco,
2467 423 2522 470 et
2558 415 2795 468 animam
2826 413 3184 478 Dominicam,
3214 421 3268 470 et
3297 431 3430 472 san-

205 502 316 566 κὸν,
341 503 436 556 καὶ
469 502 645 574 ταφὴν
667 505 966 577 Κυριακὴν,
994 507 1086 560 καὶ
1112 507 1392 578 ἄνθρωπον
1408 509 1632 563 καθόλου
1658 511 1770 562 Κυ-

210 594 412 666 ριακὸν,
436 595 626 650 ἑνώσει
653 596 744 650 τοῦ
777 597 911 651 Θεοῦ
941 598 1114 667 Λόγου
1133 613 1148 628 °
1179 599 1350 663 οὕτως
1389 601 1464 665 ὼς
1505 597 1642 655 εἶναι
1679 602 1771 653 καὶ

206 685 292 738 τὸν
322 684 484 738 αὐτὸν
516 686 648 740 Θεὸν
673 687 764 740 καὶ
792 687 1076 760 ἄνθρωπον
1099 705 1113 720 ο
1154 689 1247 743 καί
1291 707 1418 744 ποτε
1454 692 1613 744 αὐτὸν
1653 691 1771 744 ὅλον

205 775 334 828 Θεὸν
363 775 457 828 καὶ
494 775 698 848 Κύριον
755 777 994 840 ἀκούειν,
1041 779 1131 832 καί
1163 797 1291 832 ποτε
1323 779 1486 833 αὐτὸν
1515 780 1632 832 ὅλον
1681 779 1774 833 ἄν-

204 867 436 937 θρωπον.
467 869 639 932 Αὐτὸς
670 869 778 940 γὰρ
800 869 948 939 λέγει
977 871 1104 942 περὶ¹
1143 870 1365 924 ἑαυτοῦ·
1413 889 1430 922 ι
1479 871 1542 924 Τί
1574 888 1639 941 με
1674 870 1771 941 ζη-

202 961 342 1011 τεῖτε
368 959 684 1013 ἀποκτείναι
730 958 1036 1031 ἄνθρωπον,
1083 959 1141 1024 ὃς
1191 960 1290 1031 τὴν
1342 958 1594 1030 ἀλήθειαν
1645 960 1771 1030 ὑμῖν

203 1050 505 1122 λελάληκας
552 1071 572 1104 ι
607 1053 701 1106 καὶ
727 1051 962 1116 Παῦλος
1005 1072 1024 1104 ι
1062 1052 1378 1122 Ἀνθρωπος
1407 1051 1610 1121 Ἰησοῦς
1637 1053 1772 1122 Χρι-

207 1141 326 1205 στὸς
358 1141 484 1212 χθὲς
510 1142 601 1196 καὶ
624 1144 878 1214 σήμερον,
901 1146 930 1196 6
947 1144 1106 1206 αὐτὸς
1133 1144 1225 1196 καὶ
1253 1144 1332 1204 είς
1355 1143 1480 1204 τοὺς
1499 1141 1718 1204 αἰῶνας.
1747 1162 1766 1192 ι

203 1229 310 1281 Καὶ
342 1229 508 1282 αὑτὸν
533 1230 719 1282 τοῦτον
736 1230 824 1284 τὸν
850 1231 1128 1303 ἄνθρωπον
1155 1230 1482 1302 ψηλαφήσεις
1503 1231 1530 1283 6
1550 1230 1770 1301 Θωμᾶς,

203 1320 369 1388 λέγει·
393 1341 410 1372 ι
434 1323 462 1374 ό
479 1321 682 1392 Κύριός
712 1339 812 1393 μου
842 1324 933 1376 καὶ
951 1326 978 1377 6
994 1323 1124 1386 Θεός
1144 1341 1266 1394 μου.
1297 1341 1314 1373 ι
1335 1323 1565 1393 Ὁμοίως
1589 1325 1616 1376 ό
1638 1323 1776 1376 Παῦ-

202 1411 290 1475 λος
324 1412 435 1483 (82)
461 1431 474 1445 ·
510 1431 529 1464 ι
575 1407 673 1466 Ὧν
699 1415 749 1468 οἱ
775 1413 1028 1486 πατέρες,
1064 1414 1154 1468 καὶ
1201 1415 1259 1482 ἐξ
1287 1409 1360 1468 ὧν
1390 1418 1417 1470 6
1446 1414 1677 1487 Χριστὸς
1714 1415 1774 1467 τὸ

203 1504 340 1558 κατά
369 1504 566 1574 σάρκα,
593 1507 620 1559 6
653 1504 728 1558 ὣν
775 1506 866 1559 ἐπὶ
915 1507 1129 1560 πάντων
1176 1507 1304 1572 Θεὸς
1357 1507 1645 1579 εὐλογητὸς
1695 1509 1774 1570 είς

201 1597 326 1658 τοὺς
351 1595 573 1658 αἰῶνας.
618 1615 637 1648 ι
682 1597 811 1661 Θεὸς
832 1594 924 1651 οὖν
959 1600 1050 1652 καὶ
1089 1599 1368 1669 ἄνθρωπος
1399 1600 1517 1662 ὅλος
1560 1599 1647 1652 διὰ
1675 1599 1776 1670 τὴν

204 1684 262 1750 ἐξ
294 1686 541 1751 εὐδοκίας
573 1688 784 1744 ἕνωσιν.
821 1691 882 1743 Ei
908 1691 1016 1759 γὰρ
1060 1710 1077 1741 ι
1124 1692 1152 1742 ὁ
1178 1690 1512 1760 κολλώμενος
1548 1691 1625 1761 τῷ
1665 1693 1774 1744 Κυ-

1870 509 2091 576 guinem
2125 507 2491 574 Dominicum,
2523 514 2579 563 et
2612 507 2950 578 sepulturam
2985 505 3343 568 Dominicam,
3375 515 3432 563 et

1872 601 1927 655 in
1965 602 2280 656 universum
2321 601 2444 656 dico
2487 600 2762 654 hominem
2810 598 3174 661 Dominicutn,
3219 599 3290 652 ob
3337 598 3430 654 Dei

1872 687 2038 744 Verbi
2070 689 2372 743 unitionem
2409 706 2422 743 :
2457 688 2530 742 ita
2565 697 2626 743 ut
2660 702 2804 742 unus
2831 696 2885 743 et
2914 687 3056 742 idem
3101 688 3172 742 sit
3199 685 3347 742 Deus
3377 693 3435 742 et

1873 780 2070 843 homo.
2107 788 2158 834 et
2195 779 2358 834 modo
2397 779 2619 849 quidem
2649 779 2766 849 ipse
2794 785 2943 834 totus
2976 777 3116 832 Deus
3149 785 3202 832 et
3246 777 3435 832 Domi-

1872 887 1998 937 nus,
2048 871 2322 926 interdum
2369 886 2500 925 vero
2538 872 2655 941 ipse
2698 879 2850 926 totus
2893 871 3196 940 appelletur
3245 870 3429 923 homo.

1873 961 2012 1016 Dicit
2039 965 2183 1017 enim
2220 963 2336 1032 ipse
2378 963 2444 1016 de
2491 978 2550 1017 se
2601 981 2618 1012 ι
2660 961 2798 1028 Quid
2845 977 2930 1015 me
2974 961 3216 1030 quaeritis
3261 961 3432 1014 inter-

1873 1056 2054 1115 llcere,
2103 1052 2374 1105 hominem
2406 1053 2497 1121 qui
2528 1066 2655 1106 vera
2692 1053 2910 1105 locutus
2943 1067 3061 1104 sum
3094 1050 3248 1105 vobis
3279 1049 3366 1101 ιη
3405 1066 3426 1100 ι

1870 1143 1936 1194 Et
1968 1141 2209 1196 Paulus:
2248 1159 2267 1191 ι
2304 1140 2472 1196 Homo
2499 1139 2657 1196 Jesus
2691 1140 2944 1196 Christus
2990 1141 3106 1194 heri
3148 1151 3201 1194 et
3242 1139 3430 1202 hodie,

1871 1248 1991 1302 Ipse
2015 1241 2068 1286 et
2093 1233 2147 1286 in
2176 1233 2372 1287 saecula
2401 1233 2466 1285 ³³.
2504 1252 2525 1284 ›
2559 1233 2620 1288 Et
2646 1233 2789 1287 hunc
2812 1234 2988 1304 ipsum
3012 1235 3282 1287 hominem
3306 1247 3432 1286 cum

1874 1323 2113 1378 Thomas
2142 1332 2569 1389 contrectasset,
2607 1324 2782 1393 inquit
2824 1342 2838 1377 :
2879 1342 2897 1374 ι
2951 1323 3210 1379 Dominus
3255 1339 3430 1387 nutus,

1872 1427 1926 1474 et
1973 1418 2115 1473 Deus
2161 1399 2314 1473 meus
2359 1419 2426 1476 “.
2480 1436 2501 1468 ι
2540 1417 2805 1471 Similiter
2838 1416 3040 1472 Paulus
3076 1437 3089 1471 ι
3127 1436 3144 1468 ι
3191 1417 3434 1483 Quorum

1873 1519 2077 1581 patres,
2115 1519 2168 1564 et
2211 1526 2275 1564 ex
2316 1510 2517 1579 quibus
2555 1507 2808 1563 Christus
2843 1509 3144 1567 secundum
3185 1524 3430 1572 carnem,

1874 1604 1966 1672 qui
1995 1612 2078 1658 est
2109 1619 2273 1672 super
2294 1602 2476 1656 omnia
2497 1602 2639 1655 Deus
2664 1601 2986 1655 benedictus
3013 1602 3064 1654 in
3095 1602 3291 1654 saecula
3313 1601 3379 1655 “.
3408 1619 3429 1654 ι

1875 1691 2048 1746 Totus
2097 1707 2228 1762 ergo
2270 1699 2490 1761 pr0pter
2534 1689 2899 1744 voluntariam
2948 1690 3092 1742 illam
3135 1689 3432 1743 unitionem

207 1779 304 1848 ρίῳ
328 1776 386 1830 ἓν
419 1779 638 1850 πνεῦμά
661 1781 796 1845 ἐστι,
847 1800 866 1834 ι
910 1757 1086 1854 πολλῷ
1122 1783 1320 1844 πλεῖον,
1355 1757 1484 1835 όταν
1513 1788 1540 1836 6
1572 1757 1773 1853 Κύριος

1889 1784 2078 1836 licitur
2121 1757 2185 1836 et
2228 1757 2390 1846 Deus,
2429 1787 2484 1834 et
2529 1779 2712 1834 homo.
2745 1777 2880 1832 Nam
2912 1780 2957 1834 si
2995 1799 3012 1832 ι
3059 1779 3152 1849 qui
3200 1780 3440 1838 adlueret

202 1867 424 1938 λέγηται
459 1873 555 1924 καὶ⁵
601 1873 920 1944 πιστεύηται
953 1873 1234 1945 ἄνθρωπος
1279 1873 1624 1942 γεγενῆσθαι,
1674 1873 1774 1925 οὐκ

201 1960 472 2024 ἀπολέσας
497 1963 556 2015 τὸ
597 1959 733 2018 εἶναι
765 1964 917 2028 Θεὸς,
967 1965 1082 2018 ἐστι
1116 1966 1247 2029 Θεὸς
1284 1967 1377 2019 καὶ
1419 1965 1702 2036 ἄνθρωπος
1745 1967 1774 2018 6

203 2051 363 2116 αὑτός
387 2069 402 2083 ο
445 2051 578 2117 Θεὸς
619 2055 716 2124 μὲν
749 2056 837 2110 διὰ
879 2056 977 2127 τὴν
1030 2057 1221 2126 φύσιν,
1262 2057 1546 2128 ἄνθρωπος
1588 2057 1644 2110 δὲ
1685 2056 1778 2110 διά

203 2141 301 2214 τὴν
328 2142 390 2207 ἐξ
413 2144 661 2210 εὐδοκίας
693 2147 926 2218 μετοχὴν
958 2147 1058 2216 τῆς
1091 2147 1525 2218 ἀνθρωπότητος.

1885 1872 2134 1934 Domino,
2185 1887 2327 1927 unus
2381 1873 2608 1942 spiritus
2648 1878 2732 1924 est
2776 1871 2842 1934 ",
2899 1891 2917 1924 ο
2969 1873 3139 1925 multo
3183 1872 3355 1939 magis
3391 1871 3438 1926 si

1885 1963 2148 2020 Dominus
2193 1964 2393 2018 dicitur
2444 1973 2498 2018 et
2543 1963 2784 2018 creditur
2827 1963 3008 2018 factus
3059 1965 3227 2018 fuisse
3251 1963 3434 2023 homo,

1879 2071 1985 2109 non
2032 2056 2286 2110 amittens
2336 2053 2481 2125 quod
2532 2054 2673 2110 Deus
2722 2055 2814 2117 sit,
2862 2055 3002 2109 idem
3051 2063 3136 2110 est
3196 2055 3337 2108 Deus
3383 2062 3439 2109 et
3485 2077 3494 2117 ι

1880 2148 2043 2201 homo
2095 2165 2110 2201 :
2167 2145 2309 2202 Deus
2347 2145 2570 2218 quidem
2618 2154 2837 2210 natura,
2891 2145 3054 2201 homo
3095 2159 3244 2212 vero,
3292 2141 3439 2215 quod

205 2249 456 2296 laturam
501 2241 822 2310 humanam,
856 2245 1111 2314 quoniam
1147 2245 1194 2300 ei
1230 2246 1310 2301 sic
1344 2245 1567 2314 placuit,
1600 2243 2026 2315 participaverit.

1293 2519 1428 2574 ΤΟΥ
1460 2521 1551 2574 ΕΝ
1577 2521 1804 2575 ΑΓΙΟῙΣ
1836 2521 2114 2576 ΠΔἸῬΟΣ
2138 2522 2334 2576 ΗΜΩΝ

1515 2683 2149 2772 ΑΘΑΝΑΣΙΟΥ

374 2863 648 2930 Auﬁda:
668 2868 732 2930 ε’,
758 2861 828 2918 ἐν
855 2856 896 2936 ᾖ
914 2862 1020 2920 τοῦ
1044 2864 1230 2920 αὐτοῦ
1265 2863 1826 2933 Ἁπολλιιοαριαστοῦ
1857 2864 2258 2934 κεφαλαίωσις
2289 2864 2386 2918 καὶ
2420 2864 2749 2933 Γρηγοριου
2773 2861 3107 2916 ἐπισκόπου
3136 2856 3265 2928 (83).

1196 3264 1289 3354 8.
1371 3264 1478 3351 Ρ.
1556 3264 1673 3354 Ν.
1749 3259 2392 3351 ATHANASI‘I

420 3454 693 3511 Dutocus
726 3471 782 3525 ν,
815 3456 870 3510 in
908 3471 1016 3526 quo
1059 3455 1438 3526 compendium
1468 3453 1878 3526 disceptationis
1912 3448 2582 3524 ejusdem-Apollinarium
2604 3456 2658 3503 et
2684 3447 2929 3518 Gregorii
2964 3447 3224 3517 episcopi.

671 3651 1330 3707 ΑΠΟᾹΛΙΝΛΡΙΑΣΤΙΙΣ.

284 3771 333 3824 Ι.
377 3766 516 3821 Θεοῦ
548 3767 940 3837 ὲνεργήσαντος
973 3763 1264 3837 ἀνθρώπῳ,
1291 3763 1632 3817 ἀποτελεῖται
1661 3779 1793 3834 προ-

215 3867 414 3935 φήτης,
472 3862 640 3930 ἢγουν
677 3859 973 3921 ἀπόστολος
1032 3857 1163 3928 (84),
1211 3859 1271 3910 οῦ
1325 3855 1514 3926 Σωτὴρ
1555 3855 1788 3924 κόσμου’

215 3955 450 4030 Χριστὸς
482 3954 540 4006 δὲ
578 3952 770 4023 Σωτὴρ
810 3952 1048 4028 κόσμου·
1083 3951 1184 4003 οὐκ
1219 3949 1347 4020 ἀρα,
1385 3948 1520 4002 Θεοῦ
1571 3949 1796 4015 ἐνεργή-

219 4064 409 4111 σαντος
425 4042 718 4115 ἀνθρώπῳ,
743 4040 1070 4112 ἀπετελέσθη
1095 4041 1324 4113 Χριστός
1345 4057 1359 4105 ;
1388 4037 1792 4091 οΡΘΟΔΟΞοΣ;

218 4140 350 4194 Θεοῦ
396 4140 496 4210 μὲν
543 4137 932 4207 ὲνεργὴσαντος
981 4133 1078 4202 οὐχ
1130 4131 1350 4194 ἁπλῶς,
1393 4131 1468 4193 ώς
1518 4129 1794 4200 ἐνόμισας,

217 4233 353 4286 ἀλλά
384 4229 740 4303 προφητείαν,
779 4225 1119 4280 ἀποτελεῖται
1153 4224 1460 4296 προψήτης,
1489 4223 1654 4293 ἧγουν
1684 4221 1796 4293 (85)

219 4323 538 4386 ἀπόστολος,
573 4320 668 4375 καὶ
689 4318 750 4372 οὐ
784 4319 974 4390 Σωτὴρ
1007 4317 1232 4387 κόσμου.
1274 4315 1406 4379 Θεὸς
1456 4315 1533 4378 δὲ,
1586 4315 1798 4386 μορφὴν

218 4417 407 4472 δούλου
445 4411 648 4477 λαϐὼν,
697 4411 912 4480 ἐγένετο
945 4413 974 4463 6
1011 4410 1173 4474 αὐτὸς
1215 4410 1306 4463 καὶ
1353 4411 1656 4480 προφήτης,
1705 4405 1800 4459 καὶ

220 4505 542 4567 ἀπόστολος,
575 4503 670 4556 καὶ
691 4501 1000 4573 ἀρχιερεὺς,
1040 4500 1133 4554 καὶ
1165 4499 1388 4570 μεσίτης
1421 4497 1556 4550 Θεοῦ
1581 4499 1674 4550 καὶ
1700 4497 1798 4550 ἀν-

223 4597 480 4669 θρώταυν,
515 4595 704 4666 Σωτὴρ
741 4595 967 4664 κόσμου,
1001 4592 1173 4662 μένων
1193 4593 1342 4654 Θεὸς,
1372 4591 1462 4644 καὶ
1488 4592 1549 4643 οὑ
1575 4589 1800 4661 τραπεὶς

222 4692 301 4755 είς
329 4690 398 4744 τὰ
419 4686 816 4760 προειρημένα.

293 4782 346 4834 2.
391 4782 639 4835 Ἀπολλ.
675 4779 789 4841 Πᾶς
816 4776 1097 4848 ἄνθρωπος
1131 4772 1292 4844 μέρος
1328 4771 1552 4842 κόσμου,
1586 4770 1680 4822 καὶ
1710 4767 1802 4820 οὺ-

221 4873 310 4926 δὲν
347 4871 514 4942 μέρος
544 4871 748 4940 κόσμου
793 4868 938 4938 αἴρει
979 4867 1075 4938 τὴν
1123 4864 1396 4937 ἁμαρτίαν
1439 4861 1532 4916 τοῦ
1577 4861 1804 4931 κόσμου,

223 4969 316 5038 ὑφ’
419 4968 516 5020 καλ⁷
549 4965 712 5028 αὐτὸς
742 4967 935 5017 κεῖται.
972 4959 1204 5032 Χριστὸς
1245 4959 1301 5013 δὲ
1335 4958 1478 5030 αἴρει
1503 4975 1516 4987 ·
1553 4956 1653 5008 οὐκ
1697 4954 1805 5025 ἄρα

223 5061 515 5132 ἄνθρωπος
552 5061 582 5112 6
625 5056 877 5128 Χριστός.
915 5056 1066 5121 Ὀρθ.
1105 5052 1200 5105 Διά
1245 5052 1355 5122 γὰρ
1396 5050 1574 5108 τοῦτο,
1619 5046 1803 5117 ἐπειδὴ

223 5153 381 5206 οὐδὲν
415 5152 582 5222 μέρος
612 5150 816 5219 κόσμου
848 5149 990 5218 αἰρει
1014 5145 1111 5214 τὴν
1143 5143 1418 5217 ἁμαρτίαν
1445 5141 1542 5195 τοῦ
1574 5139 1801 5208 κόσμου,

224 5249 254 5298 ό
282 5242 615 5316 δημιουργὸς
643 5240 740 5294 τοῦ
782 5239 984 5310 κόσμου
1029 5235 1240 5307 μορφὴν
1284 5232 1444 5288 ἔλαϐε
1480 5233 1676 5303 μέρους
1709 5227 1804 5282 κόι-

1779 3651 1785 3658 ’
1810 3657 1857 3718 C

2357 3641 2962 3699 APOLLINARISTES.

1964 3763 2014 3816 ι’.
2048 3761 2251 3831 Agente
2282 3757 2392 3812 Deo
2424 3758 2478 3812 in
2514 3757 2762 3821 homine,
2790 3755 2847 3807 fit
2884 3752 3156 3824 quispiam
3194 3753 3454 3822 propheta

1893 3851 1978 3906 vel
2031 3849 2334 3919 apostolus,
2376 3857 2429 3900 at
2479 3861 2586 3900 non
2637 3843 2890 3898 Salvator
2944 3843 3152 3898 mundi.
3205 3843 3457 3899 Christus

1895 3950 2078 3996 autem
2112 3947 2196 3994 est
2231 3936 2482 3991 Salvator
2523 3933 2708 3988 mundi
2742 3953 2756 3988 :
2796 3949 2904 3989 non
2933 3933 3099 4004 igitur
3123 3931 3231 3988 Deo
3264 3943 3458 4002 agente

1897 4035 1951 4090 in
2004 4033 2246 4093 homine.
2298 4029 2475 4083 factus
2529 4035 2613 4081 est
2655 4025 2928 4082 Christus.
2966 4023 3454 4081 ORTHODOXUS.

1897 4124 2015 4178 Non
2050 4123 2388 4192 simpliciter,
2421 4127 2479 4173 ut
2514 4126 2570 4170 tu
2614 4117 2920 4180 existimas,
2962 4127 3156 4186 agente
3198 4115 3328 4179 Deo,
3364 4115 3458 4171 sed

1898 4215 2240 4287 prophetiam
2289 4211 2574 4273 efficiente,
2637 4208 2696 4292 fit
2741 4209 3015 4279 quispiam
3062 4209 3326 4278 propheta
3377 4207 3461 4261 vel

1899 4305 2204 4376 apostolus,
2259 4311 2312 4356 at
2360 4317 2468 4356 non
2517 4299 2770 4355 Salvator
2817 4299 3025 4353 mundi.
3077 4297 3222 4354 Deus
3260 4308 3461 4360 autem,

1901 4406 2124 4466 accepta
2152 4393 2314 4467 465
2349 4395 2490 4450 servi
2527 4393 2722 4457 forma,
2753 4390 2931 4444 factus
2962 4397 3046 4444 est
3078 4389 3217 4444 idem
3255 4397 3308 4443 ct
3339 4403 3464 4457 pro-

1901 4489 2085 4558 pheta,
2114 4496 2168 4541 et
2195 4485 2502 4556 apostolus,
2541 4491 2596 4537 et
2623 4481 2887 4552 pontifex,
2921 4487 2974 4534 et
3005 4481 3269 4535 mediator
3294 4477 3386 4533 Dei
3412 4486 3467 4531 et

1902 4581 2207 4641 hominum,
2239 4578 2489 4632 Salvator
2509 4573 2717 4637 mundi,
2749 4571 2892 4626 Deus
2914 4587 3258 4640 permanens,
3291 4585 3468 4640 neque

1902 4675 1960 4728 in
1989 4671 2284 4743 quidquam
2321 4669 2570 4728 istorum,
2598 4680 2719 4734 qua:
2752 4663 3013 4725 diximus,
3049 4669 3308 4714 mutatus.

1970 4764 2027 4818 9..
2061 4761 2239 4832 Apelt.
2281 4759 2472 4822 Omnis
2511 4758 2672 4810 homo
2702 4763 2785 4808 est
2819 4769 2944 4823 pars
2975 4751 3184 4813 mundi,
3231 4759 3285 4804 et
3320 4751 3468 4803 nulla

1905 4856 2093 4910 mundi
2126 4870 2252 4924 pars
2295 4852 2436 4904 tollit
2479 4855 2760 4918 peccatum
2795 4844 3005 4906 numdi,
3035 4843 3120 4896 cui
3158 4851 3377 4912 peccato
3419 4853 3473 4896 et

1909 4949 2027 5018 ipsa
2067 4947 2275 5002 subest.
2324 4943 2391 4995 At
2423 4941 2694 4994 Christus
2765 4937 2904 4990 tollit
2945 4955 2957 4990 :
3014 4953 3122 4989 non
3171 4942 3255 4988 est
3307 4933 3474 5004 igitur

1911 5038 2376 5098 homoCltristus.
2417 5033 2569 5088 Ortlt.
2606 5029 2895 5084 Enimvero
2927 5027 3068 5098 quod
3102 5025 3246 5079 nulla
3285 5024 3474 5078 mundi

1910 5146 2050 5202 pars.
2069 5129 2221 5182 tollat
2262 5124 2446 5178 nutudi
2495 5129 2799 5192 peccatum,
2833 5119 3037 5172 idcirco
3067 5114 3253 5169 mundi
3296 5113 3476 5184 opifex

1912 5224 2146 5278 formam
2191 5217 2401 5288 accepit
2452 5215 2622 5284 partis
2655 5210 2880 5273 mundi,
2927 5219 2984 5261 ut
3031 5218 3303 5276 quatenus
3350 5221 3478 5276 pars

303 5401 350 5433 ⁸³
384 5396 548 5454 Joan.
581 5409 712 5457 vm,
748 5391 836 5446 ιο.
912 5391 956 5422 ⁸⁸
997 5388 1160 5443 Hebr.
1197 5404 1332 5451 xm,
1369 5386 1424 5441 8.
1500 5386 1547 5417 ⁸⁸
1587 5383 1744 5439 Joan.
1781 5398 1785 5434 ξ

1918 5380 2014 5434 9.8.
2086 5378 2132 5408 ⁸⁸
2171 5373 2327 5427 llom.
2367 5386 2452 5433 ts,
2483 5369 2540 5426 5.
2617 5367 2662 5398 "’
2704 5367 2721 5420 1
2761 5365 2888 5420 Cor.
2924 5381 3007 5419 γι.
3047 5365 3132 5418 Π.

304 5555 415 5614 (Sil
443 5552 620 5605 Palat.
662 5547 861 5617 ὁμοίως
888 5545 988 5617 καῖε
1008 5539 1474 5617 6_Ilqt'319;_i.éya_t_.

1989 5532 2101 5612 (86)
2130 5529 2320 5612 Palat,
2350 5522 2687 5596 προφήτηςῆ
2711 5521 3018 5583 ἀπόστολος.
3043 5518 3243 5582 Felt-k.,
3273 5517 3481 5589 προςή-

448 5603 721 5694 ίΓ-ἱήιιιιζίιιί
746 5603 874 5694 mss.
906 5633 918 5667 :
948 5613 1053 5694 T63
1079 5603 1785 5694 gﬁtogl'Aﬁ031ﬁv3Rta31tﬁ

1915 5621 2012 5673 της
2045 5603 2357 5658 ἀπόστολος.

1990 5673 2095 5694 ,ουκ
2135 5669 2176 5694 \l
2189 5685 2212 5694 ,ι
2224 5685 2353 5694 nn-..

217 5679 601 5767 Δκεςξοιλαέωσις
637 5690 734 5742 καὶ
760 5685 1053 5756 Γρηγορίου
1086 5683 1386 5735 ἐπισκόπου
1411 5679 1709 5750 όρθοδόξου,

1985 5673 2097 5740 (83$)
2135 5669 2428 5733 Matutscr.,
2469 5667 2646 5735 ᾔτουν.
