3982 6398
566 306 703 362 1267

1652 306 1709 363 S.
1752 304 2209 362 ATIIANASIES.
2251 338 2299 347 —
2358 304 2625 362 SPUBIA.

3639 301 3749 361 {268

559 448 676 488 erat
717 434 922 495 mutuli,
951 433 1171 487 occisus
1210 439 1466 501 tanquam
1499 446 1626 501 pars
1665 431 1876 494 mundi,
1909 431 2121 485 tolleret

2226 446 2380 499 σμου,
2411 429 2497 481 ἳνα
2537 426 2613 497 τῷ
2661 424 2817 496 μέρει
2856 423 2950 478 τοῦ
2989 424 3219 493 κόσμου,
3265 421 3490 491 σφαγεὶς
3514 420 3588 484 ὥς
3620 425 3749 493 μέρος

560 545 592 582 n
621 528 747 582 .mdi
781 536 1082 599 peccatum,
1111 532 1170 579 ut
1199 525 1377 594 opifex
1414 524 1624 578 mundi.

625 699 680 755 3.
726 700 897 768 Apoll.
925 699 1115 757 Omnis
1155 701 1323 755 homo
1350 700 1537 754 subest
1583 699 1740 754 morti
1771 719 1783 753 :
1821 709 1874 754 et
1906 700 2117 763 uultus,

557 795 647 860 qui
684 794 839 849 moui
881 792 1077 852 subsit,
1106 793 1284 846 abolet
1312 801 1564 846 mortem.
1606 792 1676 844 At
1717 792 1970 846 Christus
2018 793 2114 846 ab-

556 885 662 937 olet
694 902 707 937 :
738 900 846 938 non
874 892 958 938 est
986 884 1157 954 igitur
1174 885 1338 938 homo
1361 885 1632 938 Christus.
1666 884 1815 939 Orth.
1846 882 2113 949 Quoniam

557 977 738 1029 nullus
795 976 1109 1034 hominum.
1154 985 1216 1029 ut
1267 977 1357 1045 qui
1409 978 1566 1029 morti
1626 976 1835 1037 subsit,
1887 982 2113 1029 mortem

556 1067 765 1133 abolet;
815 1067 1023 1121 idcirco
1079 1068 1403 1121 immortalis
1475 1067 1644 1122 Filius
1714 1067 1829 1128 Dei,
1875 1065 2111 1119 Verbum

556 1160 718 1213 siuml
755 1167 810 1213 et
843 1159 1004 1219 Deus.
1032 1160 1133 1214 sibi
1163 1160 1265 1229 ipsi
1307 1160 1478 1212 univit
1509 1159 1562 1212 id
1603 1159 1755 1227 quod»
1778 1158 1935 1211 morti
1987 1157 2118 1211 sub-

553 1258 657 1311 est,
681 1269 698 1300 ι
721 1258 779 1303 ut
804 1251 856 1303 in
883 1258 1053 1304 morte
1068 1250 1306 1306 aboleret
1327 1266 1471 1309 eum,
1498 1251 1589 1319 qui
1613 1250 1803 1303 mortis
1832 1249 2112 1315 imperium

556 1340 718 1395 habet
739 1342 804 1396 ⁸⁸.
820 1361 838 1392 ι
867 1340 1019 1396 Sient
1043 1342 1187 1396 enim
1227 1342 1515 1395 invisibilis
1537 1356 1662 1393 eum
1688 1341 1781 1401 sit,
1804 1339 1976 1394 videri
2004 1355 2117 1392 non

557 1436 750 1501 potuit.
784 1434 889 1488 nisi
918 1448 987 1487 eo
1023 1441 1324 1502 assumpto,
1370 1433 1523 1503 quod
1556 1432 1726 1487 videri
1780 1442 1961 1501 posset
1991 1451 2005 1485 :
2043 1433 2115 1485 ita

557 1540 679 1579 cum
710 1527 783 1579 sit
825 1526 1169 1589 immortalis,
1220 1540 1327 1578 non
1364 1524 1536 1593 potuit
1583 1524 1744 1587 mori,
1786 1524 1890 1577 nisi
1924 1538 1990 1578 eo
2023 1539 2116 1576 as-

557 1628 794 1687 sumpto,
823 1616 965 1687 quod
996 1625 1138 1672 esset
1167 1616 1411 1670 mortale.

625 1709 679 1762 4.
720 1710 895 1777 Apoll.
925 1708 1115 1764 Omnis
1147 1709 1309 1763 homo
1350 1716 1434 1763 est
1462 1715 1734 1762 terrenus.
1764 1706 1834 1760 At
1863 1706 2117 1761 Christus

555 1817 664 1855 non
689 1810 773 1856 est
801 1810 1067 1863 terrenus,
1094 1802 1186 1857 sed
1219 1801 1477 1856 omlestis.
1504 1799 1623 1853 Non
1651 1808 1736 1854 est
1760 1799 1924 1869 igitur
1955 1799 2115 1851 homo
2150 1774 2188 1830 ⁸³

557 1890 809 1945 Christus
837 1909 855 1945 :-
891 1891 997 1944 nisi
1046 1891 1204 1943 homo
1237 1890 1308 1943 sit
1338 1890 1439 1943 hoc
1475 1891 1649 1957 ipsum
1694 1887 1936 1942 nominis
1970 1901 2119 1940 com-

560 1982 821 2035 munione.
854 1989 1085 2035 tantum.
1133 1980 1285 2036 Orth.
1331 1981 1583 2035 Erratis:
1620 1994 1721 2034 nec
1762 1979 1907 2033 enim
1941 1979 2120 2031 omnis

558 2071 725 2123 homo
748 2080 831 2139 est
872 2079 1141 2135 terrenus,
1171 2087 1295 2125 cum
1327 2072 1520 2125 doceat
1554 2085 1653 2124 nos
1687 2070 1992 2138 Scriptura,
2024 2068 2124 2122 ho-

559 2163 733 2218 mines
770 2164 929 2217 stiam
965 2163 1199 2233 aliquos,
1227 2163 1328 2217 etsi
1364 2178 1469 2216 non
1508 2170 1721 2223 natura,
1748 2168 1805 2213 at
1828 2168 1974 2215 certe
2006 2175 2123 2212 mo-

563 2255 714 2308 ribus
750 2255 998 2309 cmlestes
1029 2269 1151 2309 esse
1177 2294 1191 2315 ,
1239 2253 1490 2324 inquiens
1529 2272 1542 2305 :
1584 2270 1601 2302 ι
1633 2252 1821 2318 Qualis
1844 2234 1959 2305 'ille
2009 2265 2127 2304 (τωρ

563 2348 743 2406 lestis.
792 2348 928 2401 tales
976 2356 1030 2402 et
1068 2347 1318 2402 emlestes
1342 2347 1410 2400 ⁸⁸.
1440 2365 1458 2397 ι
1507 2344 1616 2400 Nos
1662 2359 1793 2398 vero
1843 2343 2119 2398 Christum

561 2438 789 2493 univoee
820 2438 1091 2491 hominem
1134 2438 1367 2492 dicimus
1413 2437 1667 2490 humanae
1692 2442 1905 2488 naturae
1936 2448 2123 2503 respe-

560 2539 672 2585 ctu.
720 2530 845 2582 ltem
889 2527 1343 2597 quemadmodum
1399 2543 1522 2579 rum
1573 2525 1779 2583 homini
1827 2523 2122 2583 tribuimus

562 2620 815 2677 animalis
859 2635 1086 2678 nomen.
1121 2619 1307 2674 eadem
1343 2619 1546 2671 utimur
1580 2632 1731 2677 voce,
1780 2626 1940 2685 atque
1974 2615 2018 2669 si
2056 2614 2124 2668 de

556 2726 701 2780 equo
746 2717 828 2765 vel
871 2710 1123 2779 qu0piam
1171 2710 1279 2762 alio
1311 2708 1532 2761 animali
1574 2722 1756 2761 sermo
1803 2712 1977 2767 esset,
2024 2718 2123 2757 nec

564 2811 743 2857 tamen
793 2801 1038 2877 protinus
1080 2800 1312 2869 quodvis
1358 2798 1557 2852 animal
1603 2806 1686 2852 est
1729 2797 1891 2851 etiam
1949 2796 2124 2849 ratio-

562 2895 723 2951 nale:
758 2896 836 2949 ita
861 2895 1022 2949 etiam
1055 2893 1333 2947 Christum
1374 2891 1604 2945 univoee
1647 2890 1985 2961 appellamus
2026 2888 2126 2943 hor

563 2986 783 3047 minem.
815 3000 921 3038 non
954 2993 1129 3038 tamen
1162 2982 1412 3052 protinus
1450 2980 1629 3051 quivis
1665 2981 1826 3032 homo
1855 2986 1939 3033 est
1965 2977 2125 3032 Chri-

2220 522 2448 591 κόσμου,
2482 519 2591 592 ἄρῃ
2619 518 2716 587 τὴν
2751 515 3020 588 ἁμαρτίαν
3047 515 3139 575 τοῦ
3171 513 3396 585 κόσμου.
3428 514 3503 576 ὡς
3526 513 3749 585 δημιουρ-

2217 613 2310 681 γὸς
2329 613 2421 665 τοῦ
2443 612 2671 681 κόσμου.

2290 705 2343 759 3.
2383 706 2628 757 Ἀπολλ.
2658 704 2771 766 Πᾶς
2816 701 3094 773 ἄνθρωπος
3132 700 3240 756 ὑπὸ
3281 699 3539 756 Θάνατον’
3570 696 3657 751 καὶ
3683 694 3755 749 οὐ·

2218 797 2349 861 δεὶς,
2384 796 2488 849 ὑπὸ
2516 795 2739 849 θάνατον
2770 796 2866 853 ὢν,
2900 798 3165 866 καταργεί
3196 794 3442 848 θάνατον.
3476 791 3692 862 Χριστὸς
3710 790 3755 842 6t

2219 890 2514 960 καταργεῖ’
2548 888 2647 940 οὐκ
2693 888 2800 959 ἄρα
2832 886 3109 959 ἄνθρωπος
3143 888 3174 939 6
3208 886 3459 957 Χριστός.
3504 885 3650 952 Ὄρθ.
3678 881 3756 935 Διὰ

2218 979 2327 1050 γὰρ
2363 979 2536 1039 τοῦτο,
2572 978 2756 1049 ἐπειδὴ
2786 978 2959 1041 οὐδεὶς
2994 976 3294 1048 ἀνθρώπων
3335 978 3601 1047 καταργεῖ
3624 974 3757 1028 θάνα-

2219 1086 2329 1133 τον,
2366 1070 2469 1122 ὑπὸ
2493 1070 2717 1123 θάνατον
2744 1068 2840 1130 ὢν,
2874 1071 2902 1122 6
2925 1068 3188 1132 ἀθάνατος
3216 1068 3309 1122 τοῦ
3340 1068 3474 1121 Θεοῦ
3505 1067 3648 1131 Υἱὸς,
3673 1066 3757 1119 Δό-

2218 1179 2311 1230 70;
2337 1161 2411 1214 ὢν
2430 1162 2523 1214 καὶ⁸
2546 1161 2696 1222 Θεὸς.
2723 1161 2927 1230 ἥνωσεν
2955 1160 3131 1231 ἑαυτῷ
3161 1160 3223 1213 τὸ
3250 1161 3354 1213 ὑπὸ
3379 1159 3628 1222 θάνατον,
3653 1177 3669 1209 ι
3688 1158 3758 1210 ἵνα

2219 1255 2275 1305 ὲν
2299 1253 2375 1322 τῷ
2400 1252 2611 1322 θανάτῳ
2631 1253 2720 1305 τὸν
2748 1252 2811 1307 τὸ
2839 1253 3036 1325 κράτος
3056 1252 3258 1322 ἔχοντα
3276 1251 3371 1304 τοῦ
3401 1251 3631 1305 θανάτου
3655 1266 3761 1302 κατ-

2220 1350 2456 1417 αργήσῃ.
2487 1364 2506 1395 ι
2546 1346 2632 1408 Ὠς
2665 1344 2772 1416 γὰρ
2813 1346 2912 1398 οὐκ
2951 1344 3182 1415 ἠδύνατο
3223 1345 3452 1414 ἀόρατος
3481 1342 3557 1396 ὣν
3588 1341 3760 1413 ὁραθῆ-

2219 1454 2327 1497 ναι,
2366 1437 2439 1507 μὴ
2481 1436 2658 1490 λαϐὼν
2684 1437 2744 1489 τὸ
2782 1436 2973 1509 ὁρατόν
2995 1452 3009 1466 °
3039 1436 3214 1499 οὕτως
3244 1435 3364 1488 οὐδὲ
3401 1435 3631 1504 ἠδύνατο
3660 1432 3764 1487 ἀθά-

2219 1543 2376 1590 νατος
2400 1525 2475 1580 ὢν
2502 1526 2810 1593 ἀποθανεῖν,
2849 1528 2923 1599 μὴ
2954 1525 3131 1580 λαϐὼν
3159 1527 3222 1580 τὸ
3247 1527 3455 1597 Θνητόν.

2288 1701 2343 1757 ι.
2392 1704 2636 1758 Ἀπολλ.
2667 1704 2781 1767 Πᾶς
2827 1703 3107 1776 ἄνθρωπος
3138 1703 3338 1774 χοϊκός.
3371 1703 3610 1775 Χριστὸς
3632 1703 3682 1756 δὲ
3713 1704 3765 1756 οὐ

2216 1792 2415 1862 χοῖκὸς.
2446 1792 2559 1845 ἀλλ’
2594 1794 2941 1866 ὲπονράνιος’
2985 1796 3083 1848 οὒκ
3123 1793 3231 1863 ἄρα
3258 1791 3546 1864 ἄνθρωπος
3588 1794 3616 1845 6
3654 1793 3767 1862 Χρι-

2220 1884 2341 1946 στός
2364 1901 2378 1915 ο
2426 1886 2475 1937 εἰ
2534 1884 2609 1956 μὴ
2653 1885 2956 1956 ὁμωνύμως
3000 1886 3059 1939 τὸ
3100 1887 3233 1939 αὐτὸ
3277 1885 3437 1939 τοῦτο
3480 1887 3765 1958 ἄνθρωπος.

2230 1975 2382 2041 Ὀρθ.
2408 1975 2716 2029 Πλανᾶσθε·
2745 1976 2804 2028 οὐ
2833 1976 2940 2048 γὰρ
2964 1978 3070 2040 πᾶς
3097 1976 3380 2049 ἄνθρωπος
3418 1976 3621 2046 χοϊκός.
3653 1976 3770 2028 Ἐδί-

2180 2056 2183 2061 ’
2217 2065 2337 2132 ἇαξε
2362 2065 2471 2138 γάρ
2496 2070 2644 2138 ἡμᾶς
2671 2071 2703 2139 ἡ
2729 2069 2916 2140 Γραφὴ
2947 2070 3040 2122 καὶ
3072 2070 3422 2141 ὲπουρανίους
3448 2069 3768 2141 ἀνθρώπους,

2219 2161 2267 2211 εἰ
2296 2160 2388 2212 καὶ
2419 2161 2493 2232 μὴ
2516 2163 2582 2231 τῇ
2610 2160 2790 2231 φύσει,
2824 2162 2967 2223 ἀλλά
2984 2162 3061 2234 τῷ
3084 2164 3289 2234 τρόπῳ,
3330 2163 3599 2232 λέγουσα⁸
3636 2157 3770 2225 ιοῖος

2220 2253 2249 2304 ὁ
2279 2252 2620 2323 ἐπουράνιος,
2654 2254 2882 2308 τοιοῦτοι
2914 2255 3010 2311 καὶ
3033 2257 3093 2308 οἱ.
3120 2256 3454 2327 ἐπουράνιοι.
3490 2275 3510 2308 ι
3549 2258 3774 2310 Συνωνύ-

2225 2360 2340 2413 μως
2381 2343 2438 2395 δὲ
2478 2346 2637 2414 ἡμεῖς
2662 2345 2755 2398 τὸν
2787 2347 3018 2417 Χριστὸν
3058 2347 3343 2419 ἄνθρωπον
3384 2348 3621 2419 λέγομεν
3651 2350 3772 2403 κατὰ

2220 2433 2318 2506 τὴν
2361 2435 2769 2509 ἀνθριιιπότητα.
2808 2439 2916 2491 Καὶ
2956 2438 3143 2511 ὥσπερ
3185 2437 3323 2504 ζῶον
3370 2439 3463 2493 τὸν
3509 2441 3773 2512 ἄνθρωπον

2221 2525 2489 2594 λέγοντες.
2528 2528 2852 2599 συνωνύμως
2874 2528 2951 2600 τῷ
2981 2530 3129 2600 ἵππῳ
3222 2532 3315 2584 καὶ
3346 2531 3519 2603 ἑτέρῳ
3557 2532 3661 2586 τινὶ
3682 2531 3773 2584 τῶν

2225 2615 2376 2680 ζώων
2406 2617 2654 2688 λέγομεν,
2690 2621 2750 2672 οὐ
2787 2621 3002 2685 πάντως
3023 2622 3079 2675 δὲ
3109 2624 3202 2676 καὶ
3235 2621 3453 2690 λογικὸν
3480 2625 3591 2676 πᾶν
3622 2622 3771 2686 ζῶον

2222 2708 2396 2773 οὕτως
2427 2711 2518 2764 καὶ
2551 2710 2643 2764 ἐὰν
2686 2711 2928 2783 εἴπωμεν
2953 2712 3280 2784 συνωνύμως
3311 2714 3401 2768 τὸν
3436 2716 3669 2786 Χριστὸν
3696 2715 3775 2768 άν-

2225 2798 2460 2869 Θρωπον,
2510 2801 2569 2853 οὐ
2619 2802 2833 2865 πάντως
2889 2804 2997 2866 πᾶς
3045 2803 3327 2875 ἄνθρωπος
3381 2804 3636 2876 Χριστός.
3682 2806 3775 2859 Καὶ

2226 2891 2413 2964 ὥσπερ
2457 2893 2517 2946 τὸ
2554 2895 2970 2966 συνταττόμενον
3011 2895 3121 2967 (86)
3153 2897 3369 2966 λογικὸν
3409 2897 3488 2969 τῷ
3531 2897 3653 2969 ζώῳ
3692 2900 3774 2954 άν-

2227 2982 2441 3054 θρωπός
2471 2987 2637 3049 ἐστιν,
2662 2986 2760 3038 οὐκ
2786 2987 3083 3059 ἀναιρεῖται
3108 2987 3245 3052 ζῶον
3270 2985 3406 3045 εἶναι
3425 3005 3439 3019 ⁸
3470 2990 3645 3054 οὕτως
3672 3008 3777 3044 συν-

563 3086 701 3131 stus.
728 3075 857 3129 item
900 3074 1042 3131 sicut.
1078 3072 1341 3127 rationale
1365 3086 1486 3124 eum
1521 3070 1741 3124 animali
1774 3069 2121 3138 eonjunctum

2227 3076 2551 3145 ταττόμενος
2586 3076 2736 3141 Θεὸς,
2766 3080 2859 3133 καὶ
2888 3080 3383 3150 συμπιστευόμενος
3415 3079 3621 3151 λογικῷ
3650 3079 3776 3151 ζώω,

566 3168 726 3220 homo
765 3164 1008 3223 exsistit,
1052 3177 1152 3216 nec
1206 3161 1431 3223 tollitur,
1476 3160 1617 3230 quod
1653 3161 1725 3215 sit
1775 3160 2015 3215 animal:
2051 3160 2123 3213 ita

2229 3166 2462 3237 Χριστὸς
2495 3168 2828 3237 ὁμολογεῖται
2869 3170 2961 3223 καὶ
2994 3170 3333 3231 πιστεύεταιο
3363 3171 3459 3224 καὶ
3499 3172 3600 3225 οὐκ
3641 3172 3778 3224 ἀναιο

565 3259 707 3316 Deus
757 3256 1081 3324 coniunctus
1124 3262 1176 3308 et
1208 3267 1316 3307 una
1348 3252 1585 3308 creditus
1618 3268 1740 3305 eum
1777 3252 1993 3307 animali
2038 3267 2127 3306 ra-

567 3349 754 3403 tionali
786 3347 1097 3417 agnoscitur
1121 3354 1177 3399 el.
1208 3344 1451 3398 creditur
1479 3360 1600 3398 esse
1639 3342 1913 3405 Christus,
1953 3358 2127 3412 neque

2233 3258 2405 3326 ρεῖται
2434 3258 2718 3328 ἄνθρωπος
2748 3255 2906 3326 εἶναι,
2943 3260 3055 3313 ἀλλ’
3086 3261 3238 3321 ἔστιν
3271 3263 3301 3314 ὁ
3342 3261 3507 3325 αὐτὸς
3544 3261 3674 3325 Θεὸς
3699 3274 3781 3315 κατ

2231 3346 2326 3399 ἅνο
2335 3364 2532 3419 ρωπος.
2620 3358 2625 3363 ⁷
2728 3358 2735 3363 “

567 3442 795 3501 tollitur,
840 3437 983 3506 quod
1042 3436 1116 3491 sit
1167 3437 1356 3490 homo.
1403 3435 1497 3490 sed
1552 3434 1691 3488 idem
1745 3443 1829 3489 est
1878 3435 2020 3489 Deus
2063 3446 2115 3490 et
2146 3436 2324 3495 homo.

640 3532 689 3587 5.
728 3533 901 3598 Apoll.
930 3528 1030 3595 Qui
1063 3529 1155 3580 tlat
1196 3536 1524 3597 potestatem
1565 3537 1625 3584 ut
1653 3528 1776 3597 quis
1822 3528 1913 3581 liat
1954 3528 2127 3583 Filius

568 3625 681 3687 Dei,
701 3636 1034 3693 nequaquam
1059 3628 1113 3674 et
1139 3621 1251 3690 ipse
1276 3620 1454 3679 factus
1474 3627 1556 3674 est
1580 3617 1769 3673 Filius.
1785 3620 1852 3672 At
1873 3619 2128 3674 Christus

565 3720 676 3775 dat.
712 3714 827 3769 Non
859 3722 942 3768 est
969 3714 1130 3784 igitur
1164 3712 1338 3766 factus
1378 3710 1565 3773 Filius,
1597 3710 1693 3766 sed
1728 3718 1922 3765 natura
1952 3710 2123 3765 Filius

566 3817 669 3866 est.
703 3808 855 3864 Orlh.
898 3804 1016 3860 Non
1059 3812 1144 3859 est
1193 3821 1329 3859 sane
1376 3803 1572 3864 factus,
1620 3802 1715 3857 sed
1767 3810 1962 3856 natura
2013 3814 2130 3857 erat

566 3900 737 3956 Filius
772 3899 885 3954 Dei.
933 3895 1131 3951 Fartus
1161 3906 1246 3951 est
1295 3905 1474 3951 autem
1524 3894 1693 3952 Filius
1731 3895 1990 3948 hominis.
2018 3894 2129 3950 Nec

566 3995 707 4053 enim
740 3992 791 4046 id
825 3999 960 4052 erat,
988 3997 1041 4043 et
1088 3988 1267 4043 laetus
1292 3996 1375 4043 est
1418 3986 1562 4057 quod
1594 4002 1702 4041 non
1747 3995 1897 4045 erat.
1940 3995 1998 4041 ut
2036 4002 2131 4056 per

567 4101 690 4140 eum
727 4084 776 4136 id
814 4080 1146 4136 elliceremur
1176 4081 1437 4143 moribus,
1463 4079 1605 4149 quod
1639 4079 1753 4148 ipse
1781 4086 1865 4133 est
1893 4089 2129 4133 natura:

568 4182 758 4243 estque
788 4170 928 4224 idem
961 4168 1099 4223 Deus
1126 4178 1180 4223 et
1208 4169 1389 4222 homo.

640 4265 691 4317 6.
724 4262 901 4331 Apoll.
953 4260 1145 4315 Nullus
1198 4261 1362 4314 homo
1413 4261 1631 4314 exsistit
1688 4268 1812 4314 ante
1860 4275 1987 4326 eos,
2039 4260 2131 4330 qui

567 4363 725 4411 mtate
775 4353 951 4421 ipsum
1001 4351 1309 4421 praecedunt
1357 4351 1659 4405 :Christus
1707 4357 1886 4404 autem
1927 4351 2136 4406 exstitit

2305 3531 2357 3586 5.
2397 3534 2640 3592 Ἀπολλ.
2681 3538 2737 3591 Ὁ
2779 3537 2952 3600 διδοὺς
2997 3534 3238 3601 ἐξουσίαν
3269 3537 3433 3592 τέκνα
3473 3534 3612 3589 Θεοῦ
3650 3533 3784 3604 γενέ·

2226 3624 2379 3688 σθαι,
2405 3626 2525 3696 οὐχὶ
2551 3627 2643 3680 καὶ
2663 3626 2822 3690 αὐτὸς
2852 3627 3059 3695 γέγονε.
3089 3625 3325 3696 Χριστὸς,
3344 3625 3403 3681 δὲ
3427 3625 3671 3678 δίδωσιν·
3698 3625 3785 3678 οὐκ

2234 3715 2343 3793 ἄρα
2380 3716 2599 3793 γέγονεν
2623 3717 2770 3780 Υἱὸς,
2806 3715 2928 3771 ’ἀλλ’
2970 3717 3084 3770 ἔστι
3126 3719 3190 3788 τῇ
3243 3716 3424 3786 φύσει.
3480 3717 3635 3785 Ὀρθ.
3674 3716 3787 3778 Υἱὸς

2234 3804 2367 3857 Θεοῦ
2402 3805 2462 3857 οὗ
2496 3805 2733 3874 γέγονεν,
2764 3805 2877 3859 ἀλλ’
2910 3802 2977 3876 ἦν
3016 3808 3081 3877 τῇ
3113 3804 3290 3874 φύσει.
3326 3803 3457 3868 Υἱὸς
3488 3805 3545 3858 δὲ
3593 3803 3789 3876 ἀνθρὼ-

2234 3912 2335 3948 που
2389 3897 2627 3963 γέγονεν.
2667 3897 2741 3949 oo
2779 3897 2887 3967 γὰρ
2936 3891 3024 3967 ἦν,
3077 3896 3170 3948 καὶ
3216 3895 3433 3963 ἐγένετο
3484 3894 3519 3947 6
3561 3896 3663 3949 οὐκ
3709 3890 3789 3963 ἦν.

2235 3988 2321 4040 ἵνα
2357 3989 2505 4057 ἡμᾶς
2542 3986 2619 4057 τῷ
2662 3988 2843 4058 τρόπῳ
2885 3988 3087 4059 ποιήσῃ
3136 3986 3409 4055 γενέσθαι,
3465 3986 3499 4040 ὃ
3544 3987 3705 4050 αὐτὸς
3732 3981 3792 4054 ἦν

2234 4080 2328 4134 καὶ
2357 4080 2469 4133 ἐστι
2500 4082 2565 4151 τῇ
2606 4078 2762 4150 φύσει
2786 4095 2800 4108 ·
2837 4081 2930 4133 καὶ
2960 4078 3105 4132 ἐστιν
3146 4081 3175 4132 6
3205 4078 3369 4142 αὐτὸς
3411 4078 3547 4142 Θεὸς
3578 4079 3673 4133 καὶ
3712 4077 3793 4130 ἄν·

2234 4172 2451 4243 θρωπος

2304 4261 2356 4314 6.
2429 4263 2673 4315 Ἀπολῶ.
2727 4260 2911 4322 Οὐδεὶς
2950 4259 3249 4331 ἀνθρώπων
3294 4259 3640 4331 προϋπάρχει
3695 4255 3794 4309 τῶν

2238 4351 2623 4424 πρεσϐυτέρων
2665 4350 2861 4404 αὐτοῦ’
2911 4350 3141 4420 Χριστὸς
3193 4349 3252 4403 δὲ
3302 4350 3653 4421 προϋπάρχει
3697 4346 3797 4398 τῶν

568 4456 693 4505 ante
721 4461 837 4507 eos.
882 4446 973 4515 qui
1006 4445 1301 4500 secundum
1337 4458 1557 4497 carnem
1600 4443 1780 4513 ipsum
1811 4450 1967 4497 aetate
1998 4458 2126 4513 prm-

2238 4444 2377 4497 κατὰ
2408 4443 2583 4514 σάρκα
2607 4440 2988 4513 πρεσϐυτέρων
3010 4458 3023 4471 ·
3052 4442 3152 4494 οὐκ
3182 4442 3288 4513 ἄρα
3315 4440 3622 4511 ἄνθρωπος,
3650 4439 3700 4491 el
3730 4435 3796 4506 μὴ

568 4545 873 4595 cesserunt.
922 4537 1036 4590 Non
1086 4544 1169 4591 est
1221 4535 1388 4606 igitur
1431 4537 1623 4597 homo,
1676 4535 1782 4589 nisi
1834 4535 2133 4588 secundum

568 4647 809 4687 carnem.
836 4629 985 4686 Orth.
1007 4630 1278 4691 Christus,
1307 4631 1350 4684 si
1385 4628 1677 4682 humanam
1725 4634 1975 4679 naturam
2021 4641 2137 4694 spe-

568 4734 701 4786 ctes,
731 4740 838 4778 non
861 4724 1074 4779 exsistit
1104 4731 1228 4775 ante
1252 4737 1368 4778 eos,
1396 4720 1491 4790 qui
1520 4718 1816 4773 secundum
1848 4710 2137 4771 humanam

568 4827 819 4874 naturam
854 4816 1071 4876 fuerunt
1115 4815 1234 4882 ipso
1267 4813 1549 4867 seniores:
1593 4809 1687 4863 sed
1719 4808 1863 4877 quod
1908 4808 1972 4860 ad
2018 4806 2137 4861 dei-

565 4917 733 4965 tatem
766 4910 987 4974 attinet,
1019 4908 1228 4962 exstitit
1262 4921 1368 4959 nou
1408 4903 1569 4957 modo
1601 4909 1727 4960 ante
1773 4915 1888 4965 eos,
1921 4901 2011 4970 qui
2050 4914 2136 4954 se-

568 5002 807 5056 rundum
860 5016 1078 5056 carnem
1152 4998 1374 5052 fuerunt
1428 4996 1548 5066 ipso
1595 4995 1881 5063 seniores,
1919 5010 2135 5047 verum-

567 5096 728 5148 etiam
762 5104 885 5147 ante
926 5091 1106 5149 omnia
1142 5090 1361 5148 saecula,
1403 5097 1461 5140 ut
1502 5087 1595 5155 qui
1631 5086 1702 5140 sit
1741 5101 1930 5142 eorum
1970 5084 2131 5138 Deus.

572 5188 711 5261 Ergo
741 5203 847 5245 non
878 5186 977 5244 fuit
1004 5185 1256 5239 Christus
1296 5190 1422 5234 ante
1455 5180 1700 5236 Mariam.
1737 5179 1881 5249 quod
1919 5179 1982 5231 ad
2015 5193 2136 5231 ear-

569 5296 694 5343 uem
724 5281 935 5335 attinet.
963 5275 1248 5345 Quomodo
1278 5274 1423 5328 enim
1454 5279 1580 5327 ante
1611 5272 1782 5341 ipsam
1830 5272 2135 5336 exstiterit,

642 5478 688 5512 ⁸⁸
727 5476 890 5533 Hebr.
932 5484 1003 5535 ι’»,
1043 5476 1128 5529 Η.
1207 5474 1251 5503 ⁸³
1291 5472 1307 5525 l
1342 5473 1465 5527 Cor.
1512 5488 1600 5538 xv,
1631 5470 1702 5524 68

646 5671 752 5741 (86)
785 5671 975 5733 Palat.,
1016 5673 1075 5723 τὸ
1104 5669 1295 5741 ὥσπῖρ
1332 5668 1771 5738 συνταττόμενον.

2237 4535 2377 4591 κατὰ
2410 4536 2607 4606 σάρκα.
2653 4536 2805 4604 Ὀρθ.
2836 4534 3068 4605 Χριστὸς
3105 4533 3244 4586 κατὰ
3284 4532 3384 4603 τὴν
3415 4531 3799 4605 ἀνθρωπότητα

2236 4629 2297 4681 οὐ
2337 4627 2678 4698 προῦπάρχει
2705 4625 2813 4678 τῶν
2845 4624 2982 4679 κατὰ
3014 4624 3114 4695 τὴν
3137 4623 3532 4695 ἅνθρωπὸτητα
3571 4621 3798 4694 πρεσϐυ-

2235 4723 2409 4792 τέρων
2456 4721 2652 4773 αὑτοῦ·
2688 4720 3030 4791 προῦπὰρχει
3069 4718 3125 4772 δὲ
3170 4719 3312 4772 κατὰ
3340 4718 3438 4789 τὴν
3480 4719 3711 4789 θεᾶτητα
3743 4714 3796 4767 οὗ

2238 4813 2344 4866 τῶν
2380 4815 2519 4866 κατὰ
2548 4812 2724 4884 σάρκα
2752 4812 3135 4885 πρεσϐυτέρων
3170 4810 3280 4881 (8Ἱ)
3324 4812 3507 4880 μόνον,
3543 4810 3683 4864 ἀλλὰ
3715 4807 3801 4859 καὶ

2240 4906 2455 4958 πάντων
2478 4905 2586 4958 τῶν
2625 4903 2853 4967 αἰώνων,
2884 4903 3014 4962 Θεὸς
3041 4903 3117 4956 ὣν
3146 4903 3344 4956 αὐτῶν.
3387 4905 3499 4955 Οὐκ
3538 4904 3645 4974 ἄρα
3675 4902 3799 4968 Χρι-

2240 4998 2363 5061 στὸς
2392 4996 2533 5050 κατὰ
2584 4995 2763 5067 σάρκα
2806 4997 2908 5068 πρὸ
2944 4994 3045 5063 τῆς
3078 4994 3313 5065 Μαρίας.
3351 4995 3478 5058 Πῶς
3507 4995 3616 5064 γάρ
3656 4994 3718 5045 τὸ
3751 4987 3804 5049 ἐξ

2237 5089 2403 5159 αὐτῆς
2439 5088 2519 5150 ὃν,
2552 5087 2657 5158 πρὸ
2689 5087 2857 5156 αὐτῆς
2885 5086 3149 5155 ὑπάρχει;
3184 5084 3529 5155 προῦπάρχει
3558 5084 3613 5136 δὲ
3643 5079 3803 5145 αὐτῆς

2239 5176 2456 5240 Θεῖκῶς,
2490 5177 2623 5240 Θεὸς
2653 5177 2727 5229 ὢν
2771 5175 2968 5244 αὐτῆς·
3001 5174 3265 5235 καὶέστιν
3297 5177 3326 5228 6
3356 5176 3543 5238 αὐτὸς,
3572 5175 3648 5238 ὡς
3680 5170 3804 5229 Oak

2242 5270 2629 5341 προῦπάρχων,
2661 5272 2753 5323 καὶ
2780 5269 2855 5332 ὡς
2878 5268 2974 5323 ἄνθ
2985 5284 3159 5339 ρωπος
3186 5267 3247 5332 ἐξ
3267 5269 3462 5340 αὐτῆς.

2316 5667 2426 5735 (87)
2458 5666 2846 5737 Πρεσϐυτέρων
2871 5665 3020 5719 abest
3046 5677 3073 5715 a
3104 5676 3245 5717 mss.
