3982 6398
200 358 330 418 ηδε

1175 367 1261 425 DE
1300 369 1572 428 SANCTA
1611 372 1985 429 TRINITATE
2022 372 2366 431 DIALOGUS
2406 373 2469 431 Υ.

3288 372 3427 427 mo

199 475 336 546 quod
364 490 432 531 ex
473 468 740 546 ipsa'est?
778 476 884 535 Sen
923 488 1196 563 quatenus
1229 484 1375 543 Deus
1396 497 1502 555 est,
1546 488 1755 544 exstitit
1792 495 1918 553 ante
1947 490 2143 561 ipsam,
2171 505 2295 546 eum
2325 491 2397 544 s't
2430 488 2604 559 ipsius
2632 487 2813 543 Deus:
2880 497 3072 558 estque
3134 484 3276 542 idem
3307 494 3432 539 ante

203 565 368 635 ipsam
398 573 459 619 ut
498 564 663 632 Deus,
691 575 745 623 et
776 584 842 624 ex
878 570 1018 641 ipsa,
1045 582 1106 627 ut
1135 573 1319 631 homo.

269 661 320 716 7.
362 662 607 718 ’Λκολλ.
661 665 846 729 Οὐδεὶς
895 667 1198 739 ἀνθρώπων
1248 671 1356 743 πρὸ
1406 673 1514 727 τῶν
1558 673 1769 729 αἰώνων

1938 668 1995 724 7.
2039 666 2219 733 Apoll.
2251 665 2446 722 Nullus
2488 665 2651 721 homo
2698 666 2861 721 habet
2899 667 3125 738 gloriam
3170 674 3295 723 ante
3332 684 3435 725 sa)-

203 752 309 825 ῑχει
344 751 522 820 δόξαν.
563 757 794 826 Χριστὸς
838 758 896 811 δὲ
936 758 1079 830 ἔχει’
1124 761 1225 815 οὐκ
1264 762 1373 832 ἄρα
1421 762 1704 833 ἄνθρωπος
1736 765 1766 817 6

202 843 449 915 Χριστός.
493 845 642 913 Ὀρθ.
672 847 859 913 Οὐδεὶς
895 848 1002 920 γὰρ
1035 849 1335 922 ἀνθρώπων
1364 853 1469 924 πρὸ
1495 852 1603 906 τῶν
1633 851 1765 908 αἰώ-

203 951 306 988 νων
329 933 495 988 ἐστίν.
520 936 755 1007 Χριστὸς
783 937 840 989 δὲ
864 938 1003 992 κατὰ
1023 938 1121 1010 τὴν
1143 939 1369 1011 θεότητα
1388 941 1494 1011 πρὸ
1513 939 1621 995 τῶν
1646 939 1768 994 αἰώ-

204 1044 325 1083 νων.
356 1025 483 1091 Υἱὸς
510 1026 585 1080 ὢν
632 1030 726 1082 καὶ
768 1030 901 1094 Θεὸς
947 1032 1042 1084 καὶ
1071 1032 1369 1103 Δεσπότης,
1412 1033 1633 1096 εἰκότως
1660 1031 1768 1104 πρὸ

188 1116 308 1170 »τῶν
347 1116 558 1170 αἰώνων
588 1118 700 1189 ἔχει
731 1120 885 1185 δόξαν
914 1138 930 1153 ο
965 1121 1169 1193 Κύριος
1196 1123 1353 1194 δόξης
1379 1123 1455 1176 ὢν
1485 1124 1626 1177 κατὰ
1666 1123 1769 1192 φύ-

206 1226 308 1272 σιν,
354 1211 585 1279 Χριστὸς
616 1211 673 1264 δὲ
700 1211 937 1283 κληθεὶς,
977 1214 1066 1267 διὰ
1095 1215 1156 1268 τὸ
1200 1215 1412 1286 μορφὴν
1456 1215 1640 1270 δούλου
1675 1216 1772 1269 λα-

205 1299 338 1353 ϐεῖν.
369 1300 427 1354 '0
455 1300 550 1353 νῦν
571 1299 664 1355 οὖν
693 1303 910 1373 κληθεὶς
938 1305 1192 1377 Χριστὸς,
1227 1308 1321 1360 καὶ
1349 1307 1515 1371 λίθος,
1537 1308 1632 1361 καὶ
1659 1324 1771 1360 ποι-

211 1391 333 1462 μὴν,
355 1394 450 1445 καὶ
478 1393 693 1458 κόκκος,
728 1397 820 1447 καὶ
841 1394 1000 1461 ἄνθος
1022 1397 1241 1467 ρἀδου,
1267 1398 1363 1452 καὶ
1403 1398 1767 1470 Ἐμμανουὴλ,

209 1483 300 1535 καὶ
335 1482 564 1552 Ἰησοῦς,
589 1485 682 1538 καὶ
701 1485 1001 1557 ἄνθρωπος,
1024 1488 1117 1540 καὶ
1146 1491 1273 1552 παῖς
1302 1488 1655 1560 δωδεκαετὴς,
1680 1490 1776 1542 καὶ

208 1577 627 1647 τριακονταετὴς
653 1576 760 1647 (88)
791 1578 1027 1647 γεγονὼς
1055 1579 1142 1633 διὰ
1170 1581 1267 1652 τὴν
1295 1581 1430 1651 πρὸς
1459 1579 1778 1653 ἀνθρώπους

207 1666 539 1735 οἰκονομίαν,
579 1668 674 1720 καὶ
708 1668 814 1739 πρὸ
838 1668 947 1722 τῶν
970 1670 1179 1725 αἰώνων
1204 1672 1357 1736 Θεὸς,
1390 1673 1483 1727 καὶ
1505 1673 1600 1728 νῦν
1641 1674 1779 1744 μετὰ

209 1756 268 1808 τὸ
298 1756 470 1810 ταῦτα
502 1758 755 1825 γενέσθαι
793 1759 990 1829 μένων,
1026 1761 1056 1813 ὃ
1093 1758 1183 1833 ἦν,
1212 1762 1323 1833 ἔχει
1353 1763 1508 1829 δόξαν
1539 1765 1644 1835 πρὸ
1670 1764 1778 1817 τῶν

209 1844 442 1909 αἰώνων,
468 1848 598 1912 Θεὸς
624 1847 699 1904 ὢν
728 1852 791 1904 ὲκ
817 1850 973 1905 Θεοῦ.

1864 759 1987 813 cula
2016 776 2033 813 :
2068 759 2230 813 habet
2257 765 2439 814 autem
2471 756 2742 813 Christus.
2777 756 2896 811 Non
2943 764 3027 812 est
3072 755 3234 827 igitur
3270 758 3435 813 homo

1865 849 2136 904 Christus.
2170 848 2321 903 Orth.
2346 848 2538 904 Nullus
2558 851 2702 904 enim
2731 848 2894 902 homo
2925 846 3027 901 fuit
3055 854 3180 902 ante
3213 849 3432 904 saecula.

1862 918 2121 994 Christus
2152 953 2301 999 vero.
2344 938 2490 1008 quod
2522 936 2591 991 ad
2641 936 2896 991 deitatem
2938 937 3165 999 attinet,
3208 953 3333 992 cum
3366 938 3438 992 sit

1868 1038 1997 1086 ante
2040 1029 2222 1084 omnia
2259 1029 2458 1084 saecula
2489 1026 2692 1091 Filius,
2739 1034 2796 1082 et
2829 1025 3005 1091 Deus,
3048 1036 3104 1082 ct
3149 1027 3435 1093 Dominus,

1869 1120 2067 1176 merito
2098 1120 2326 1190 gloriam
2357 1119 2545 1174 habuit
2575 1127 2701 1174 ante
2742 1119 2939 1174 smcula
2980 1137 2992 1173 :
3028 1118 3290 1173 Dominus
3324 1121 3440 1189 glo-

1868 1210 1965 1266 riae
2008 1210 2264 1264 nimirum
2309 1216 2526 1273 natura,
2574 1209 2829 1266 Christus
2860 1216 3037 1264 autem
3086 1217 3334 1272 vocatus,
3374 1223 3441 1263 eo
3491 1241 3501 1255 ε

1868 1300 2013 1373 quod
2045 1301 2187 1355 servi
2222 1298 2451 1354 formam
2485 1301 2772 1370 acceperit.
2801 1302 2987 1371 Itaque
3028 1300 3121 1370 qui
3158 1317 3306 1355 nunc
3340 1317 3439 1353 vo-

1870 1399 2028 1461 catur
2047 1390 2297 1447 Christus
2318 1399 2373 1445 et
2391 1389 2549 1460 lapis,
2567 1396 2621 1445 et
2642 1398 2851 1461 pastor,
2866 1398 2921 1445 et
2942 1405 3190 1460 granum,
3207 1400 3262 1447 et
3281 1389 3446 1462 5.33

1872 1481 1973 1536 llos
1997 1482 2184 1552 virgae,
2205 1486 2261 1537 et
2284 1479 2632 1544 Emmanuel,
2652 1487 2707 1534 et
2733 1475 2914 1545 Iesus,
2935 1486 2989 1534 et
3016 1480 3198 1542 homo.
3227 1489 3281 1535 et
3308 1481 3447 1535 duo-

1872 1572 2050 1629 decim
2075 1586 2344 1626 annorum
2372 1585 2528 1639 puer,
2553 1579 2610 1625 et
2639 1569 2869 1640 triginta
2897 1584 3166 1624 annorum
3195 1569 3288 1622 illa
3316 1584 3441 1640 qua

1872 1666 2124 1721 homines
2169 1662 2397 1733 respicit
2444 1662 2753 1718 oeconomia
2805 1659 3018 1727 factus,
3063 1666 3148 1716 est
3194 1666 3250 1714 et
3300 1659 3446 1715 Deus

1875 1764 2004 1812 ante
2030 1755 2268 1813 saecula:
2308 1761 2363 1810 et
2391 1769 2541 1809 nunc
2571 1761 2861 1825 postquam
2895 1753 2988 1806 illa
3034 1752 3219 1808 omnia
3240 1822 3247 1825 _
3268 1751 3447 1808 factus

1884 1853 1988 1907 est,
2023 1859 2348 1916 permanens
2378 1842 2624 1913 id‘quod
2658 1849 2809 1902 erat.
2854 1841 3017 1896 habet
3063 1840 3293 1909 gloriam
3329 1849 3457 1895 ante

1887 1939 2108 2001 saecula,
2138 1943 2325 2006 utpote
2353 1934 2498 1992 Deus
2522 1950 2586 1989 ea
2620 1933 2750 1989 Deo.

282 2018 333 2072 8.
374 2020 619 2074 Ἀπολλ.
654 2021 717 2074 Εἰ
749 2021 857 2092 (89)
883 2025 911 2075 6
939 2023 1070 2088 Θεὸς
1101 2026 1157 2078 ὲν
1191 2025 1384 2097 Ἰησοῦ,
1424 2027 1483 2081 οὑ
1513 2027 1580 2080 δι’
1610 2027 1773 2081 αὐτοῦ

1944 2027 1998 2081 8.
2041 2025 2217 2094 Apoll.
2268 2023 2327 2079 Si
2376 2023 2523 2079 Deus
2569 2030 2655 2079 est
2708 2026 2762 2077 in
2797 2021 2963 2084 Jesu,
3013 2036 3124 2075 non
3174 2029 3303 2076 sunt
3358 2037 3457 2091 per

212 2112 281 2164 τὰ
318 2111 515 2177 πάντα,
549 2111 686 2166 ἀλλὰ
716 2113 805 2166 διὰ
849 2114 940 2167 τόν
982 2116 1038 2166 ὲν
1077 2115 1244 2185 αὐτῷ.
1294 2118 1371 2168 Δι’
1407 2117 1570 2169 αὐτοῦ
1615 2118 1671 2171 δὲ
1711 2121 1781 2171 τὰ

215 2202 421 2256 πάντα·
466 2203 568 2256 οὐκ
610 2205 718 2275 ἄρα
771 2206 901 2269 Θεὸς
944 2207 1001 2267 ὲν
1043 2206 1237 2277 Ἰησοῦ,
1285 2208 1398 2261 ἀλλ’
1441 2210 1601 2272 αὐτὸς
1650 2210 1782 2274 Θεός

212 2294 381 2346 ἐστιν.
419 2294 572 2362 Ὀρθ.
617 2295 675 2348 '0
712 2295 840 2361 Θεὸς
887 2296 1078 2365 Λόγος.
1126 2299 1481 2364 ὲνυπόστατος
1521 2299 1596 2353 ὢν
1628 2301 1781 2364 Θεὸς,

216 2385 504 2455 μετασχὼν
554 2386 991 2459 ἀνθρωπότητος,
1033 2390 1237 2458 Ἰησοῦς
1277 2391 1497 2461 ἐκλήθη.
1551 2391 1642 2462 Μὴ
1692 2388 1784 2445 οὖν

213 2476 364 2545 λέγε,
393 2476 526 2540 Θεὸς
553 2473 621 2548 ἦν
661 2482 718 2532 ὲν
766 2478 958 2550 Ἰησοῦ,
988 2481 1101 2534 ἀλλ’
1143 2482 1302 2545 αὐτὸς
1348 2484 1376 2535 6
1413 2482 1545 2546 Θεὸς
1579 2483 1785 2553 Ἰησοῦς

213 2568 445 2639 ἐκλήθη.
470 2570 561 2622 Διὸ
583 2572 677 2624 καὶ
698 2572 857 2635 αὐτός
882 2574 1026 2626 ἐστιν
1064 2573 1289 2644 Ἰησοῦς,
1316 2574 1383 2627 δι’
1411 2567 1472 2627 οὗ
1496 2576 1565 2627 τὰ
1587 2576 1781 2629 πάντα.

229 2660 290 2713 ⁸0
330 2660 442 2731 γὰρ
482 2661 578 2713 νῦν
618 2661 839 2732 κληθεὶς
878 2662 1082 2735 Ἰησοῦς
1122 2664 1210 2717 διὰ
1236 2666 1335 2736 τὴν
1373 2666 1783 2737 ἀνθρωπότητα.

211 2750 352 2815 Θεὸς
399 2751 456 2804 δὲ
490 2752 603 2823 (90)
646 2754 816 2822 Λόγος
857 2752 932 2809 ὢν
976 2755 1070 2809 καὶ
1109 2756 1214 2827 πρὸ
1254 2757 1352 2827 τῆς
1389 2757 1484 2811 τοῦ
1529 2758 1789 2829 ὀνόματος

213 2844 486 2914 κλήσεως.
520 2845 616 2898 καὶ
656 2845 793 2915 μετὰ
822 2845 921 2917 τὴν
952 2846 1046 2900 τοῦ
1086 2848 1343 2918 ὀνόματος
1379 2849 1593 2919 κλῆσιν,
1629 2850 1789 2914 αὑτός

212 2938 369 2991 ἐστιν
402 2937 627 3008 Ἰησοῦς,
649 2938 714 2991 δι’
740 2935 800 2994 οὗ
825 2939 892 2993 τὰ
916 2939 1110 3002 πάντα,
1133 2939 1265 3004 Θεὸς
1284 2940 1358 2994 ὢν
1385 2942 1522 2996 κατὰ
1545 2940 1786 3011 Πνεῦμα,

209 3026 509 3097 ἄνθρωπος
531 3026 588 3080 δὲ
622 3027 707 3082 διὰ
730 3028 828 3099 τὴν
865 3028 958 3083 τοῦ
979 3030 1162 3083 δούλου
1189 3032 1427 3102 μορφήν·
1462 3030 1542 3084 διὸ
1572 3032 1667 3085 καὶ
1701 3032 1793 3084 αὑ-

210 3118 315 3183 τός
336 3118 485 3171 ἐστιν
518 3118 743 3189 Ἰησοῦς,
768 3120 833 3173 δι’
855 3114 915 3175 οὗ
935 3119 1002 3174 τὰ
1037 3121 1231 3175 πάντα.

291 3293 347 3348 9.
393 3294 641 3348 Ἀπολλ.
676 3294 736 3347 '0
779 3294 840 3360 ἐξ
882 3295 1155 3367 ἁμαρτίας
1203 3295 1391 3359 σώζων
1439 3296 1580 3368 ὑπὲρ
1610 3297 1791 3369 ἀμαρ-

1891 2117 2069 2187 ipsum
2118 2116 2336 2181 omnia,
2380 2115 2474 2170 sed
2514 2128 2612 2186 per
2655 2127 2817 2174 eum,
2865 2113 2958 2181 qui
3015 2113 3070 2166 in
3107 2112 3226 2181 ipso
3257 2119 3359 2167 est.
3392 2113 3462 2166 At

1890 2207 2074 2262 omnia
2124 2216 2254 2261 sunt
2296 2221 2398 2276 per
2436 2208 2612 2275 ipsum
2660 2224 2675 2260 :
2722 2220 2832 2259 non
2867 2212 2954 2259 est
3005 2202 3172 2272 igitur
3214 2201 3358 2258 Deus
3403 2204 3460 2257 in

1888 2297 2042 2361 Jesu,
2072 2297 2167 2352 sed
2199 2304 2286 2353 est
2318 2297 2434 2368 ipse
2463 2294 2626 2351 Deus.
2654 2294 2810 2352 Orth.
2835 2293 2978 2349 Deus
3011 2292 3248 2349 Verbum
3280 2294 3460 2363 reipsa

1893 2390 2202 2444 subsistens
2229 2387 2393 2451 Dens,
2419 2386 2703 2457 particeps,
2723 2385 2971 2440 humanae
2994 2391 3204 2438 natura:
3233 2383 3458 2446 laetum,

1896 2489 2123 2539 vocatus
2155 2490 2239 2536 est
2285 2478 2467 2535 Jesus.
2499 2477 2577 2537 Ne
2621 2478 2787 2547 igitur
2819 2476 3005 2543 dicito,
3055 2475 3198 2531 Deus
3237 2483 3356 2529 erat
3404 2475 3459 2528 in

1891 2571 2043 2634 Jesu,
2070 2572 2163 2627 sed
2193 2572 2309 2641 ipse
2342 2569 2485 2625 Deus
2509 2577 2738 2624 vocatus
2765 2576 2851 2624 est
2880 2566 3063 2629 Jesus,
3093 2566 3323 2635 ideoque
3346 2566 3463 2635 ipse

1894 2671 1978 2718 est
2010 2661 2171 2717 Jesus
2203 2676 2300 2732 per
2347 2674 2509 2731 quem
2549 2659 2752 2713 omnia.
2794 2656 2929 2711 Nam
2965 2657 3058 2726 qui
3105 2672 3251 2711 nunc
3302 2656 3466 2715 Jesus

1896 2762 2115 2823 propter
2138 2753 2431 2807 humanam
2456 2758 2707 2806 naturam
2733 2756 2979 2810 vocatur,
3004 2756 3089 2803 est
3114 2755 3294 2803 autem
3320 2746 3464 2809 Deus

1895 2843 2137 2899 Verbum
2183 2852 2237 2899 et
2283 2855 2407 2898 ante
2442 2848 2498 2897 et
2534 2849 2658 2911 post
2690 2839 2849 2899 istud
2888 2848 3335 2907 cognomentum,
3378 2848 3464 2894 est

1897 2937 2014 3005 ipse
2043 2934 2204 2990 Jesus
2241 2950 2337 3005 per
2371 2949 2531 3003 quem
2571 2933 2789 2993 omnia;
2825 2938 2883 2984 ut
2924 2933 3017 3001 qui
3058 2931 3127 2986 sit
3172 2938 3229 2991 et
3268 2945 3465 2987 secun-

1897 3027 2027 3082 dum
2079 3025 2344 3097 Spiritum
2412 3023 2590 3088 Deus,
2631 3033 2686 3078 et
2737 3029 2959 3093 propter
3020 3021 3168 3077 servi
3233 3020 3464 3077 formam

1900 3119 2096 3184 homo;
2129 3116 2483 3187 quamobrem
2512 3116 2676 3170 etiam
2708 3102 2825 3185 ipse
2854 3120 2938 3168 est
2964 3110 3147 3174 Iesus,
3182 3127 3278 3187 per
3304 3126 3464 3180 quem

1899 3211 2101 3267 omnia.
2712 3252 2717 3257 .

1967 3305 2022 3359 9.
2064 3302 2237 3370 Apoll.
2269 3298 2373 3367 Qui
2398 3306 2580 3356 servat
2611 3313 2642 3353 a
2675 3305 2920 3368 peccato,
2946 3295 3193 3365 superior
3220 3301 3309 3350 est
3339 3309 3465 3363 pec-

213 3384 343 3438 τὶαν
382 3383 549 3436 ἐστίν.
580 3384 686 3437 Καὶ
727 3383 888 3448 σώζει
926 3384 1178 3456 Χριστός.
1212 3386 1400 3448 Οὐδεὶς
1418 3386 1475 3439 δὲ
1497 3384 1788 3457 ἀνθρώπων

1900 3401 2042 3451 cato.
2072 3391 2266 3447 Servat
2301 3399 2483 3448 autem
2511 3390 2788 3451 Christus.
2813 3403 2868 3446 et
2897 3391 3087 3444 nullus
3114 3390 3282 3442 homo
3307 3402 3469 3454 supe-

217 3475 367 3545 ὑπὲρ
394 3472 702 3545 ἁμαρτίαν
740 3474 841 3527 οὐκ
864 3472 971 3545 ἄρα
995 3474 1276 3546 ἄνθρωπος
1298 3476 1327 3527 ό
1358 3475 1609 3546 Χριστός.
1645 3476 1788 3543 Ὁρθ.

211 3563 300 3617 οὐ
325 3561 440 3633 γὰρ
469 3562 753 3634 ἅνθρωπος
779 3562 931 3632 ψιλὸς
951 3565 979 3617 6
997 3563 1229 3633 Χριστός
1252 3582 1265 3593 ι
1292 3564 1412 3618 οὐδὲ
1439 3564 1546 3636 γὰρ
1578 3561 1645 3636 ἦν
1667 3564 1802 3636 Χρι-

218 3655 353 3719 στὸς
404 3655 576 3727 αἴρων
616 3654 715 3726 τὴν
748 3656 1020 3727 ἁμαρτίαν
1052 3655 1147 3710 τοῦ
1190 3657 1417 3727 κόσμου,
1450 3657 1499 3709 εἰ
1540 3655 1693 3725 ψιλὸς
1735 3652 1804 3728 ἦν

211 3748 537 3820 ἄνθρωπος.
570 3747 670 3801 Διά
707 3748 764 3801 δὲ
806 3747 961 3803 τοῦτο
1007 3752 1035 3803 6
1079 3750 1248 3822 αἴρων
1278 3749 1376 3819 τὴν
1414 3749 1685 3821 ἁμαρτίαν
1708 3746 1802 3802 τοῦ

213 3839 442 3909 κόσμου
476 3838 727 3909 Χριστὸς,
758 3838 946 3911 ἐπειδὴ
982 3841 1011 3893 6
1040 3839 1173 3903 Θεὸς
1220 3840 1410 3908 Λόγος,
1452 3840 1661 3910 μορφὴν
1686 3838 1806 3891 δού-

212 3930 318 3984 λου
348 3930 555 3994 λαόὼν,
582 3930 797 3999 ἐγένετο
820 3932 1049 4002 Χριστὸς
1075 3931 1375 4003 ἄνθρωπος.
1401 3933 1509 3985 Καὶ
1538 3930 1624 3984 διὰ
1652 3929 1809 3985 τοῦτο

208 4022 244 4074 6
295 4021 596 4093 προφήτης
641 4019 822 4089 λέγει’
874 4038 893 4071 ι
931 4021 1042 4074 Καὶ
1087 4019 1369 4091 ἄνθρωπός
1413 4019 1549 4081 ἐστι,
1597 4020 1689 4073 καὶ
1727 4019 1810 4082 τίς

211 4112 505 4181 γνώσεται
533 4111 693 4164 αὐτόν
717 4128 732 4177 ;
767 4130 786 4162 ι
825 4113 917 4164 καὶ
945 4111 1105 4175 αὐτὸς
1138 4114 1165 4165 6
1193 4112 1421 4182 Χριστός
1441 4127 1454 4140 ⁸
1488 4130 1504 4162 ι
1545 4110 1608 4162 Τί
1637 4127 1703 4181 με
1726 4109 1813 4180 ζη-

207 4208 375 4259 τεῖτε
418 4206 761 4267 ἀποκτεῖναι,
811 4204 1092 4276 ἄνθρωπον
1135 4202 1192 4268 ὃς
1236 4204 1335 4274 τὴν
1381 4203 1634 4274 ἀλήθειαν
1685 4203 1814 4272 ὑμῖν

207 4297 548 4365 λελάληκας
580 4314 598 4346 ι
631 4296 719 4349 ἵνα
746 4297 1025 4367 νοήσωμεν
1046 4295 1136 4349 τὸν
1165 4295 1398 4367 Χριστὸν
1424 4294 1705 4367 ἄνθρωπον
1727 4294 1815 4347 διὰ

202 4389 320 4461 τὴν
355 4388 783 4460 ἁνθρωπότητα,
813 4389 906 4440 καὶ
931 4387 1061 4442 Θεὸν
1090 4387 1179 4442 διὰ
1212 4389 1311 4459 τὴν
1334 4388 1561 4460 θεότητα
1581 4405 1594 4419 ·
1629 4389 1703 4452 ώς
1723 4388 1812 4441 τὸν

202 4483 528 4555 ἄνθρωπον
577 4479 805 4551 νοοῦμεν
847 4479 1063 4548 λογικὸν
1107 4480 1194 4535 διὰ
1239 4481 1300 4533 τὸ
1347 4480 1670 4549 λογιστικὸν,
1719 4480 1812 4535 καὶ

201 4572 372 4639 ζῶον
409 4570 503 4625 διὰ
532 4570 592 4624 τὸ
624 4569 867 4635 ζωτικόν.

1901 3486 2016 3537 rior
2047 3491 2132 3540 est
2182 3490 2430 3553 peccato.
2479 3480 2596 3536 Non
2646 3479 2933 3550 estigitur
2979 3479 3244 3535 Christus
3282 3480 3467 3532 lnuso.

1905 3574 2059 3630 Orth.
2102 3572 2223 3628 Non
2271 3579 2355 3629 est
2407 3587 2541 3629 sane
2595 3570 2851 3635 Christus
2897 3571 3075 3631 nudus
3117 3579 3172 3624 et
3208 3568 3471 3628 duntaxat

1902 3667 2085 3722 homo.
2128 3664 2315 3735 Neque
2341 3664 2488 3720 enim
2525 3663 2573 3718 si
2606 3663 2871 3725 duntaxat
2901 3663 3065 3716 homo
3093 3659 3304 3723 fuisset,
3349 3674 3473 3714 sus.

1906 3756 2120 3810 tulisset
2171 3766 2453 3825 peccatum
2491 3753 2700 3809 mundi.
2732 3751 2835 3806 Per
2865 3752 2968 3806 hoc
3004 3759 3184 3805 autem
3213 3747 3469 3802 Christus

1908 3846 2134 3902 sustulit
2168 3844 2357 3899 mundi
2403 3852 2718 3916 peceatum,
2761 3841 2905 3911 quod
2943 3840 3084 3895 Deus
3118 3838 3351 3894 Verbum
3384 3853 3476 3891 ac-

1909 3945 2067 4007 cepta
2101 3937 2247 3994 servi
2294 3936 2467 3991 forma
2508 3934 2684 3989 lactus
2723 3934 2795 4001 sit
2836 3932 3093 3991 Christus
3126 3933 3308 3986 homo.
3350 3930 3474 3984 Ideo

1910 4030 2046 4084 dicit
2093 4028 2356 4099 propheta
2395 4047 2408 4082 :
2470 4044 2489 4078 ι
2526 4026 2701 4079 Etiam
2752 4025 2916 4080 homo
2960 4031 3077 4087 est,
3123 4036 3176 4078 et
3219 4021 3344 4092 quis
3379 4036 3474 4075 co-

1912 4125 2138 4188 gnoscct
2171 4117 2427 4187 ipsum?»
2478 4116 2733 4172 Christus
2774 4117 2933 4187 ipse:
2970 4134 2991 4165 ι
3019 4113 3159 4181 Quid
3201 4128 3286 4167 me
3332 4127 3479 4180 quae—

1917 4211 2036 4264 ritis
2077 4209 2385 4264 interﬁcere
2420 4208 2697 4264 hominem
2735 4209 2829 4279 qui
2869 4208 3153 4263 veritatem
3197 4204 3355 4259 vobis
3403 4204 3482 4256 lo-

1914 4310 2078 4355 cutus
2103 4317 2222 4355 sum
2246 4301 2324 4353 ὀἳ
2365 4319 2384 4352 ι
2420 4308 2479 4353 ιιι
2524 4299 2802 4361 Christum
2832 4299 3147 4355 noverimus
3206 4296 3480 4351 hominem

1917 4401 2137 4463 propter
2186 4393 2476 4446 humanam
2534 4402 2806 4456 naturam,
2839 4402 2892 4446 et
2922 4389 3088 4446 Deum
3119 4396 3339 4459 pr0pter
3368 4388 3484 4442 dei-

1918 4491 2083 4537 tatem
2110 4500 2123 4535 :
2158 4482 2301 4536 sicut
2328 4480 2600 4537 hominem
2632 4482 2882 4536 novimus
2914 4480 3233 4536 rationalem
3265 4488 3484 4549 propter

1917 4576 2155 4628 animam
2188 4574 2631 4638 ratiocinantem,
2671 4581 2727 4630 et
2771 4572 2975 4628 animal
3022 4578 3242 4642 propter
3274 4570 3487 4626 anima-

1918 4666 2147 4721 litatem.

297 4754 396 4809 Α).
449 4752 692 4807 Ἀπολλ.
752 4753 865 4815 Πᾶς
911 4750 1193 4822 ἄνθρωπος
1224 4751 1498 4805 διάστασιν
1537 4753 1647 4824 ἔχει
1684 4772 1787 4826 σαρ

1990 4758 2078 4813 ll).
2117 4758 2291 4826 Apoll.
2334 4759 2390 4817 ln
2448 4758 2595 4813 omni
2670 4758 2889 4811 homine
2957 4754 3186 4810 dissidet
3249 4768 3403 4808 mens
3453 4768 3486 4805 a

202 4850 314 4912 κὸς
350 4847 504 4919 πρὸς
528 4844 682 4898 νοῦν·
711 4844 941 4916 Χριστὸς
973 4844 1028 4897 δὲ
1058 4844 1158 4898 οὐκ
1186 4844 1298 4915 ἔχει
1316 4862 1330 4875 ο
1356 4845 1455 4898 οὐκ
1476 4846 1583 4917 ἄρα
1609 4847 1788 4919 ἄνθρω

1918 4866 2084 4903 carne
2110 4869 2123 4903 :
2154 4853 2207 4903 in
2239 4850 2459 4911 Christo
2486 4864 2614 4900 vero
2644 4863 2752 4900 non
2785 4845 3033 4902 dissidet.
3059 4843 3177 4897 Non
3208 4851 3292 4898 est
3324 4844 3505 4912 igitur-

201 4960 322 5007 πος
373 4943 411 4995 ὁ
458 4938 715 5011 Χριστός.
754 4938 898 5006 Ὀρθ.
948 4938 1012 4990 Εἰ
1058 4938 1167 5000 πᾶς
1209 4937 1493 5009 ἄνθρωπος
1540 4937 1788 4993 διάστασι

1916 4943 2084 4995 homo
2127 4942 2401 4997 Christus.
2436 4939 2586 4995 Orllt.
2627 4938 2682 4993 Si
2718 4940 2775 4994 in
2828 4937 2975 4992 omni
3011 4936 3233 4989 homine
3262 4933 3489 4988 dissidet

197 5035 336 5107 ἔχει
396 5030 610 5102 σαρκὸς
652 5029 788 5099 πρὸς
838 5029 984 5095 νοῦν,
1029 5022 1111 5091 εἷς
1142 5027 1199 5082 δὲ
1240 5027 1349 5081 τῶν
1391 5027 1691 5100 ἀνθρώπων
1726 5047 1788 5083 κα

1922 5046 2076 5085 mens
2106 5046 2136 5083 a
2171 5046 2360 5093 carne,
2391 5045 2534 5084 unus
2568 5038 2750 5105 autem
2792 5028 3075 5082 hominum
3111 5032 3195 5080 est
3223 5024 3373 5078 Elias
3403 5021 3495 5075 ille

213 5125 440 5186 Ἠλίας
470 5124 501 5173 6
553 5118 903 5189 ἀναληφθεὶς,
948 5118 1040 5173 καὶ
1085 5119 1471 5190 πιστευόμενος
1514 5120 1643 5191 παρ’
1685 5122 1788 5191 ήμί

1923 5137 2141 5183 sursum
2192 5123 2470 5191 abreptus,
2518 5121 2610 5190 qui
2654 5135 2684 5173 a
2726 5119 2886 5174 nobis
2935 5115 3177 5171 creditur
3227 5116 3283 5168 iu
3332 5129 3499 5169 carne

202 5219 398 5290 μέχρι
436 5212 538 5265 τοῦ
583 5212 850 5283 παρόντος
893 5212 951 5264 ὲν
998 5211 1177 5281 σαρκὶ,
1215 5210 1581 5266 διαστασιάσει
1609 5211 1753 5283 αὑτῷ
1783 5230 1788 5240 ·

1925 5212 2187 5274 hactenus
2210 5228 2352 5278 esse,
2373 5213 2662 5267 dissidcbit
2694 5213 2858 5267 etiam
2890 5209 2945 5262 in
2967 5221 3035 5262 eo
3063 5222 3219 5261 mens
3246 5220 3277 5259 a
3308 5218 3496 5260 carne.

281 5462 335 5495 ὀ
384 5455 564 5513 Jnan.
603 5470 715 5520 vn,
748 5452 858 5519 20;
889 5467 1019 5523 vni,
1055 5453 1145 5509 ιο.

288 5662 426 5721 (88)
475 5651 911 5727 Τριακονταετὴς
937 5653 1028 5707 νῦν
1062 5669 1183 5725 γεγ,
1208 5671 1348 5711 tnss.

289 5662 426 5721 (88)
475 5651 911 5727 Τριακονταετὴς
937 5653 1028 5707 νῦν
1062 5669 1183 5725 rw.
1208 5671 1348 5711 mss.
2008 5655 2119 5726 (90)
2157 5653 2221 5707 Δέ
2249 5653 2402 5708 ahcst
2430 5666 2458 5703 a
2487 5648 2662 5703 Palat.

289 5730 429 5805 (89)
481 5727 546 5781 Εἰ
582 5727 738 5781 deest
771 5724 823 5777 in
852 5740 981 5780 mss.
