3982 6398
473 327 477 332 ’
550 348 687 408 ms

1668 344 1727 400 5.
1766 339 2226 398 ATHANASIUS.
2265 368 2337 381 —
2382 335 2653 393 SPCIIA.

548 483 638 531 est
693 474 834 528 Deus
881 478 935 526 et
982 470 1161 524 homo.
1216 468 1368 524 Orth.
1417 466 1673 523 Christus
1720 464 1940 535 quidem
1998 472 2160 523 non;

2261 461 2443 525 αὑτός.
2486 462 2643 527 Ὀρθ.
2689 455 2765 509 ού
2809 453 2965 526 μόνον
3000 452 3101 523 μὲν
3149 444 3434 520 ἄνθρωπος
3467 440 3545 535 ᾖν
3640 446 3758 535 Χρι-

553 573 764 621 tarttum
792 561 893 615 luit
923 560 1107 614 homo.
1125 557 1254 612 Nam
1286 571 1357 612 ne
1381 556 1635 612 Christus
1654 556 1875 626 quidem
1900 554 2113 616 fuisset,

553 657 600 712 si
635 661 844 709 tantum
882 651 1075 705 fuisset
1102 650 1286 704 homo.
1319 648 1613 704 Vivillcaus
1639 658 1824 703 tamen
1849 656 2116 706 mortuos.

557 748 783 801 minime
813 745 963 813 ipsos
987 742 1275 796 rivillcavit
1311 741 1541 797 seorsim
1570 756 1600 794 a
1624 739 1804 794 Patre.
1837 736 2121 805 Quomodo

555 836 701 893 enim
753 834 1023 897 dixisset,
1068 852 1086 885 ι
1124 832 1284 888 Pater
1315 833 1372 887 in
1422 847 1508 887 me
1547 846 1798 895 manens,
1842 830 1960 900 ipse
1992 827 2123 883 facit

557 941 724 997 Opera
748 927 831 991 ",
863 942 882 977 ι
917 925 963 980 si
1007 925 1237 982 seorsim
1271 939 1301 978 a
1345 924 1507 979 Patre
1542 922 1892 977 viviﬁcasset.
1938 920 2126 989 Itaque

557 1018 772 1072 etiamsi
813 1016 1002 1080 dicat,
1056 1034 1076 1066 ‹
1119 1014 1275 1070 Sicut
1311 1014 1472 1070 Pater
1520 1016 1726 1069 excitat
1778 1019 2025 1067 mortuos
2072 1021 2128 1067 et

561 1108 823 1171 viviﬁcat,
855 1107 929 1160 ita
966 1114 1023 1161 et
1055 1106 1253 1171 Filius,
1285 1121 1422 1176 quos
1454 1106 1573 1159 vult
1602 1105 1844 1159 viviﬁcat
1866 1103 1935 1168 “,
1964 1122 1983 1155 ι
2016 1119 2126 1158 non

559 1199 693 1254 dicit
727 1212 786 1254 se
818 1197 922 1252 hoc
965 1196 1145 1253 facere
1182 1197 1439 1267 quapiam
1473 1194 1711 1249 enicat-ia
1758 1194 2051 1265 separatim
2099 1209 2130 1247 a

563 1289 747 1352 Patre,
789 1288 886 1344 sed
926 1288 1001 1342 ita
1047 1288 1314 1358 loquitur,
1352 1299 1411 1341 ut
1451 1304 1554 1342 nos
1594 1287 1790 1342 doceat
1818 1301 1932 1342 suae
1959 1287 2129 1357 hypo-

565 1393 782 1435 staseos
811 1379 1202 1449 perfectionem
1230 1378 1285 1431 in
1322 1393 1444 1432 sese
1479 1378 1809 1431 absolutam.
1853 1376 1962 1430 Nec
1989 1377 2132 1431 enim

566 1470 707 1524 alios
739 1470 962 1539 quidem
1018 1477 1268 1523 mortuos
1302 1468 1507 1523 excitat
1536 1477 1592 1523 et
1646 1468 1887 1523 vivilicat
1934 1466 2133 1532 Pater,

567 1560 709 1614 alios
741 1573 872 1612 vero
904 1558 1096 1613 Filius.

641 1651 732 1704 ει.
768 1650 946 1718 Apoll.
984 1650 1157 1705 Homo
1185 1660 1341 1707 actus
1375 1664 1404 1703 a
1443 1649 1551 1704 Deo
1585 1663 1695 1703 non
1728 1656 1813 1704 est
1847 1649 2009 1713 Deus,
2042 1649 2136 1706 sed

2215 540 2368 615 πός’·
2396 550 2515 604 οὐδὲ
2550 547 2655 620 γὰρ
2696 546 2763 601 ἂν
2793 540 2862 616 ἦν
2895 541 3149 615 Χριστὸς,
3180 541 3228 592 εἰ
3274 539 3433 609 μόνον
3462 530 3534 605 ἦν
3572 533 3761 605 ἂνθρω-

2215 659 2343 705 πος’
2381 639 2660 706 ζωοποιῶν
2698 637 2755 691 δὲ
2801 637 2925 700 τοὺς
2962 635 3211 704 νεκροὺς,
3243 631 3343 684 οὐκ
3373 629 3478 698 ἰδία
3504 625 3659 697 παρὰ
3687 624 3763 678 τὸν

2218 733 2436 803 Πατέρα
2488 731 2759 797 ζωοποιεῖ.
2796 727 2922 791 Πῶς
2974 727 3082 799 γὰρ
3114 724 3325 791 ἔλεγεν,
3362 738 3384 771 ι
3432 720 3491 772 '0
3520 718 3706 788 Πατὴρ
3743 720 3768 769 6

2221 823 2280 874 ὲν
2313 822 2435 892 ἐμοὶ
2489 821 2665 892 μένων
2729 821 2874 873 ποιεῖ
2917 818 2986 870 τὰ
3011 815 3150 887 ἔργα
3184 812 3377 875 αὐτὸς,
3419 828 3440 862 ι
3482 808 3645 878 εἰπερ
3683 806 3770 876 ἰδίᾳ

2222 915 2373 984 παρὰ
2420 912 2513 965 τὸν
2573 911 2794 981 Πατέρα
2858 908 3139 973 (monetali;
3216 904 3322 958 κᾶν
3378 902 3561 956 τοίνυν
3625 897 3769 969 λέγῃ,

2229 1024 2248 1057 ι
2278 1005 2490 1075 Ὠσπερ
2515 1004 2544 1056 6
2561 1001 2749 1072 Πατὴρ
2777 1000 2977 1071 ἐγείρει
2998 998 3124 1060 τοὺς
3149 996 3375 1067 νεκροὺς
3394 995 3489 1048 καὶ
3518 995 3771 1061 ζωοποιεῖ,

2227 1094 2400 1158 οὕτως
2428 1092 2521 1146 καὶ
2548 1094 2577 1146 6
2614 1092 2764 1155 Υἱὸς,
2803 1090 2895 1154 οὓς
2923 1088 3064 1143 θέλει
3097 1086 3369 1152 ζωοποιεῖ,
3395 1107 3414 1138 ι
3458 1088 3523 1140 ού
3557 1104 3773 1158 κεχωριο

2229 1186 2440 1256 σμένως
2475 1185 2609 1254 (93‘)
2645 1183 2740 1236 τοῦ
2762 1182 2974 1252 Πατρὸς
2996 1184 3118 1234 κατ’
3143 1180 3421 1251 ἐνέργειαν
3442 1179 3604 1232 τοῦτο
3626 1182 3777 1231 ποιεῖν

2228 1277 2396 1345 λέγει,
2418 1276 2553 1329 ἀλλὰ
2580 1277 2640 1329 τὸ
2670 1273 2950 1335 αὐτοτελὲς
2974 1273 3074 1342 τῆς
3104 1272 3294 1326 ἑαυτοῦ
3334 1272 3686 1331 ὑποστάσεως
3713 1271 3779 1323 δι-

2228 1370 2441 1422 δάσκων
2478 1368 2644 1437 ἡμᾶς.
2678 1364 2753 1419 Οὐ
2803 1366 2911 1436 γὰρ
2943 1364 3137 1427 ἄλλους
3181 1362 3379 1431 ἐγείρει
3424 1362 3453 1413 6
3499 1360 3690 1431 Πατὴρ
3712 1377 3782 1411 νε-

2233 1462 2400 1534 κροὺς
2430 1463 2524 1514 καὶ
2555 1460 2824 1524 ζωοποιεῖ,
2849 1459 2942 1514 καὶ
2964 1457 3153 1522 ἄλλους
3179 1460 3209 1510 6
3241 1457 3367 1520 Υἱός

2305 1653 2397 1706 21.
2442 1652 2683 1715 Ἀπολλ.
2717 1653 3051 1724 Ἀνθρωπος,
3083 1649 3189 1703 ὑπὸ
3228 1648 3362 1703 Θεοῦ
3395 1649 3787 1720 ένεργούμενος,

570 1759 773 1812 corpus
806 1742 919 1798 Deo
957 1743 1316 1811 conjunctum
1346 1750 1433 1797 est
1464 1740 1626 1797 Deus.
1670 1741 1739 1795 At
1771 1740 2025 1796 Christus
2054 1749 2138 1796 est

2261 1746 2296 1797 .6
2325 1744 2475 1807 Θεός·
2497 1744 2651 1815 σῶμα
2671 1744 2728 1796 δὲ
2755 1742 3018 1811 συνασθὲν
3038 1742 3177 1812 Θεῷ,
3199 1741 3349 1804 Θεός’
3379 1740 3513 1803 Θεὸς
3538 1741 3596 1793 δὲ
3627 1742 3655 1792 6
3680 1738 3790 1810 Χρι-

577 1834 742 1889 Deus.
776 1833 891 1887 Non
920 1844 1004 1889 est
1028 1834 1195 1903 igitur
1222 1834 1387 1888 homo
1411 1842 1566 1887 actus
1589 1848 1619 1885 a
1654 1831 1786 1895 Deo,
1815 1832 1911 1888 sed
1939 1847 2139 1903 corpus

2261 1833 2393 1895 r16;°
2444 1833 2546 1885 οὐκ
2594 1833 2701 1902 ἄρα
2732 1832 2838 1885 ὑπὸ
2884 1829 3020 1884 Θεοῦ
3054 1830 3444 1903 ὲνεργούμενος
3494 1828 3788 1899 ἄνθρωπος,

578 1938 705 1977 cum
744 1923 852 1976 Deo
873 1923 1256 1991 compositum.
1286 1919 1438 1977 Orth.
1472 1917 1589 1973 Non
1616 1926 1701 1973 est
1730 1918 1950 1985 quidem
1979 1918 2139 1973 Chri-

581 2021 703 2071 stus
736 2012 899 2067 homo
927 2025 1080 2068 actus
1109 2028 1139 2065 a
1166 2011 1296 2077 Deo,
1329 2013 1422 2068 sed
1450 2012 1592 2066 Deus
1614 2010 1844 2075 homini,
1869 2018 1927 2063 ut
1948 2017 2005 2064 tu
2028 2011 2144 2080 ipse

581 2101 898 2164 nominasti,
929 2101 1278 2170 coniunctus.
1309 2102 1445 2156 Nam
1485 2103 1532 2157 si
1578 2108 1756 2173 potest
1788 2115 1992 2170 corpus
2040 2101 2146 2154 Deo

583 2192 863 2263 conjungi,
892 2199 1070 2263 potest
1097 2193 1257 2247 etiam
1280 2199 1431 2248 totus
1463 2193 1626 2247 homo
1650 2192 1761 2247 Deo
1789 2190 2071 2260 conjungi,
2095 2199 2149 2243 et

586 2285 728 2341 idem
755 2300 878 2340 esse
909 2286 1053 2340 Deus
1089 2292 1145 2339 et
1193 2285 1378 2349 homo,
1412 2285 1556 2339 sicut
1594 2299 1725 2337 caro
1751 2292 1805 2338 et
1854 2284 1996 2338 Deus
2036 2281 2150 2351 ipse

586 2383 691 2432 est.
721 2374 863 2441 Quid
893 2390 1058 2444 porro
1088 2376 1271 2430 dicere
1290 2374 1512 2429 voluisti
1532 2389 1656 2428 cum
1682 2372 1916 2435 diceres,
1948 2383 2152 2440 corpus

588 2464 700 2519 Deo
732 2463 1085 2533 coniunctum
1148 2466 1308 2528 Deus,
1344 2465 1553 2535 ignoro.
1570 2464 1784 2534 Corpus
1813 2463 1959 2518 enim
1991 2476 2153 2518 vocas

589 2558 782 2625 Deum,
803 2558 1035 2627 ideoque
1076 2572 1281 2627 corpus
1318 2572 1428 2612 non
1462 2564 1589 2612 est:
1621 2556 1705 2611 vel
1743 2556 1910 2611 Deum
1952 2569 2155 2625 corpus

590 2661 757 2703 vocas
792 2648 958 2704 Deum
989 2654 1212 2718 propter
1236 2645 1392 2713 illud,
1421 2645 1568 2717 quod
1597 2653 1685 2701 est
1709 2645 1760 2700 ei
1799 2643 2154 2713 coniunctum

593 2738 710 2793 sive
746 2739 1131 2807 compositum.
1163 2735 1450 2802 Quomodo
1491 2748 1622 2790 vero
1654 2732 1798 2788 Deus
1834 2732 1908 2788 sit
1937 2740 2156 2794 natura,

592 2828 690 2897 qui
738 2827 971 2897 alicujus
1011 2841 1182 2883 causa
1225 2827 1368 2882 Deus
1418 2825 1525 2881 sit?
1575 2824 1684 2880 Nos
1716 2838 1849 2879 vero
1880 2822 2158 2878 Christum

595 2934 708 2975 non
731 2917 967 2975 dicimus
995 2933 1119 2974 esse
1157 2916 1326 2973 Deum
1354 2917 1426 2972 ob
1453 2917 1598 2971 illam
1632 2930 1759 2971 cum
1791 2929 2020 2985 corpore
2049 2914 2162 2969 sive

596 3008 821 3063 homine
865 3008 1353 3077 conjunctionem:
1393 3005 1493 3081 sed
1535 3006 1703 3059 Deum
1742 3011 1966 3075 propter
2001 3013 2164 3059 natu.

2242 1924 2378 1978 ἀλλὰ
2400 1924 2557 1995 σῶμα
2593 1925 2728 1995 πρὸς
2751 1924 2883 1976 Θεὸν
2912 1924 3180 1977 συντεθέν.
3211 1925 3365 1991 Ὀρθ.
3384 1923 3499 1974 Οὐκ
3530 1921 3792 1993 ἄνθρωπος

2248 2016 2345 2085 μὲν
2375 2016 2479 2069 ὑπὸ
2508 2015 2642 2068 Θεοῦ
2693 2015 3082 2087 ἐνεργούμενος
3122 2016 3150 2067 6
3189 2013 3453 2085 Χριστὸς,
3504 2012 3644 2066 ἀλλὰ
3685 2013 3795 2075 Θεὸς

2246 2106 2534 2178 ἀνθρώπῳ,
2551 2107 2625 2169 ὼς
2657 2107 2819 2170 αὐτὸς
2847 2106 3153 2177 ὠνόμασας,
3190 2104 3485 2167 συντεθεὶς,
3515 2105 3682 2173 ἧγουν
3706 2102 3794 2172 (Μ)

2248 2199 2487 2263 ἑνωθείς.
2521 2200 2583 2253 Εἰ
2606 2199 2715 2270 γὰρ
2745 2199 2964 2253 δύναται
2996 2199 3153 2269 σῶμα
3183 2197 3302 2268 Θεῷ
3340 2198 3629 2267 ὲνωθῆναι,
3657 2198 3797 2266 ἤγουν

2251 2291 2567 2360 συντεθῆναι
2602 2290 2841 2353 δύναται,
2889 2290 2982 2343 καὶ
3032 2289 3149 2351 ὅλος
3188 2288 3472 2359 ἄνθρωπος
3505 2287 3800 2356 συντεθῆναι

2251 2378 2389 2450 Θεῷ,
2419 2380 2512 2432 καὶ
2544 2377 2682 2433 εἶναι
2704 2380 2850 2443 Θεὸς
2883 2381 2976 2432 καὶ
3004 2379 3287 2452 ἄνθρωπος
3316 2380 3345 2432 6
3377 2377 3566 2441 αὐτὸς,
3593 2375 3668 2439 ὼς
3691 2375 3815 2446 σὰρξ»

2253 2472 2346 2525 καὶ
2380 2471 2512 2534 Θεὸς
2536 2473 2565 2524 6
2608 2472 2788 2535 αὑτός.
2822 2471 2887 2524 Τί
2917 2471 2973 2524 δὲ
3005 2471 3096 2524 xui.
3124 2470 3300 2539 λέγειν
3329 2467 3630 2543 ἠθέλησας,
3671 2468 3804 2538 σῶμα

2254 2559 2375 2630 Θεῷ
2402 2560 2668 2630 συναφθὲν
2689 2560 2842 2625 Θεὸς,
2863 2559 3056 2628 λέγων,
3075 2557 3252 2627 ἀγνοῶ
3272 2558 3408 2627 (95).
3433 2556 3511 2609 Τὸ
3539 2557 3650 2628 γὰρ
3673 2556 3806 2627 σῶμα

2255 2651 2387 2706 Θεὸν
2415 2652 2614 2721 λέγεις,
2639 2653 2734 2706 καὶ
2759 2652 2857 2705 οὐκ
2882 2651 2998 2705 ἔστι
3023 2650 3180 2721 σῶμα
3197 2666 3211 2679 ο
3239 2648 3272 2720 ἢ
3295 2649 3388 2702 τὸν
3407 2648 3544 2703 Θεὸν
3562 2648 3650 2701 ὂιὲι
3674 2647 3809 2701 τοῦτο

2256 2743 2390 2798 Θεὸν
2415 2782 2431 2808 ,
2469 2743 2557 2798 διὰ
2603 2744 2664 2797 τὸ
2711 2742 2980 2813 συναφθὲν
3003 2784 3017 2807 ,
3050 2743 3218 2813 ἦγουν
3252 2739 3364 2811 (96)
3409 2739 3682 2793 συντεθέν.
3717 2738 3811 2790 Καὶ

2260 2833 2378 2898 πῶς
2407 2833 2565 2904 φύσει
2597 2834 2749 2897 Θεὸς,
2778 2834 2807 2885 6
2834 2833 2923 2886 διά
2949 2850 3002 2885 τι
3031 2831 3195 2895 Θεός;
3224 2832 3418 2902 Ἡμεῖς
3446 2831 3506 2885 δὲ
3532 2830 3595 2884 οὐ
3625 2828 3709 2882 διὰ
3730 2828 3811 2898 τὴν

2260 2925 2397 2997 πρὸς
2419 2926 2479 2979 τὸ
2513 2925 2671 2996 σῶμα
2698 2922 2947 2977 σύνθεσιν
2980 2923 3113 2976 Θεὸν
3150 2922 3407 2993 λέγομεν,
3447 2922 3574 2975 οὕτε
3610 2921 3697 2975 διὰ
3732 2920 3812 2989 τὴν

2263 3017 2400 3088 πρὸς
2430 3015 2713 3088 ἄνθρωπον
2737 3056 2751 3078 ,
2788 3014 2922 3069 ἀλλὰ
2966 3013 3097 3068 Θεὸν
3143 3013 3233 3066 διὰ
3276 3015 3379 3085 τὴν
3418 3013 3584 3083 φύσιν
3624 3013 3716 3083 τὴν
3762 3013 3813 3064 ἐκ

599 3114 741 3163 ram,
766 3114 929 3169 quam
958 3115 1028 3154 ex
1061 3100 1220 3155 Patre
1241 3097 1444 3153 habet:
1476 3095 1754 3152 Christum
1784 3110 1917 3151 vero
1944 3104 2160 3167 propter

2265 3108 2510 3179 Πατρός·
2564 3105 2798 3177 Χριστὸν
2845 3105 2901 3159 δὲ
2939 3104 3029 3159 διὰ
3073 3106 3171 3176 τὴν
3224 3104 3320 3158 τοῦ
3365 3104 3554 3158 δούλου
3605 3103 3814 3177 μορςιςὴν,

604 3191 750 3249 servi
779 3190 1031 3256 formam,
1058 3191 1338 3259 unionem,
1361 3190 1477 3246 sive
1514 3188 1991 3260 compositionem,
2022 3198 2083 3244 ut
2107 3195 2167 3244 tu

604 3280 725 3352 ipse
753 3282 1042 3353 appellasti

676 3374 767 3430 22.
797 3375 974 3444 Apoll.
1007 3375 1065 3430 Si
1110 3374 1211 3431 Dei
1247 3376 1507 3446 templum
1538 3382 1725 3430 natum
1763 3382 1850 3429 est
1889 3388 1954 3428 ex
1981 3372 2171 3439 Maria,

608 3482 1014 3539 supervacanea
1061 3476 1147 3524 est
1193 3482 1336 3523 nova
1377 3468 1469 3522 illa
1507 3467 1765 3523 nativitas
1815 3482 1885 3522 ex
1931 3466 2173 3537 Virgine,

609 3575 736 3616 cum
768 3560 977 3630 absque
1018 3559 1288 3629 ejusmodi
1340 3558 1628 3614 nativitate
1668 3557 1918 3613 homines
1958 3572 2178 3628 quoque

610 3652 725 3709 sint
750 3650 845 3707 Dei
873 3652 1094 3721 templa.
1128 3651 1282 3707 Orth.
1314 3650 1578 3722 Dppugna
1603 3665 1762 3708 sacra
1784 3649 2094 3720 Evangelia,
2121 3660 2181 3705 ut

610 3742 846 3799 audias:
897 3760 917 3793 ι
950 3743 1152 3797 Durum
1195 3753 1279 3800 est
1309 3744 1405 3799 tibi
1448 3750 1641 3799 contra
1689 3742 1972 3799 stimulum
2016 3744 2180 3797 calci-

612 3835 840 3890 trare".
864 3852 883 3885 ι
913 3832 1053 3888 Audi
1081 3833 1226 3889 enim
1257 3832 1547 3890 Dominum
1578 3833 1848 3888 dicentem
1875 3851 1889 3887 :
1930 3850 1950 3883 ι
1978 3834 2182 3888 Solvite

615 3926 878 3995 templum
907 3925 1031 3989 hoc,
1054 3933 1108 3980 et
1137 3928 1194 3981 in
1220 3928 1396 3983 tribus
1421 3926 1616 3982 diebus
1643 3926 1894 3981 excitabo
1920 3926 2055 3981 illud
2069 3926 2135 3981 ⁸⁸.
2160 3945 2178 3976 ι

616 4014 848 4070 Etiamsi
885 4030 1015 4071 vero
1040 4017 1286 4071 nouuulli
1309 4016 1554 4071 homines
1585 4017 1696 4073 sint
1717 4016 1941 4086 templa,
1961 4032 2069 4070 non
2101 4023 2187 4069 ta-

617 4120 743 4160 men
776 4105 850 4159 ita
881 4112 1011 4160 sunt
1042 4107 1240 4175 templa
1262 4145 1277 4169 ,
1312 4118 1568 4178 tanquam
1602 4108 1766 4162 etiam
1799 4108 2001 4163 Christi
2031 4125 2045 4161 :
2085 4122 2188 4162 nec

620 4195 913 4264 quisquam
947 4211 1138 4250 eorum
1170 4207 1245 4252 est
1280 4198 1530 4253 Christus
1558 4198 1892 4269 coujunctus
1918 4214 2042 4253 cum
2077 4198 2187 4253 Deo

623 4285 839 4353 Verbo;
891 4288 1019 4341 nolo
1057 4288 1201 4343 enim
1238 4288 1520 4346 discedere
1548 4305 1579 4343 a
1610 4299 1704 4346 tuo
1728 4290 2015 4354 vocabulo,
2052 4298 2110 4344 ut
2139 4300 2191 4345 te

623 4394 689 4432 ex
736 4387 831 4433 tuo
873 4378 1049 4449 ipsius
1096 4394 1193 4435 ore
1222 4378 1278 4434 in
1324 4380 1650 4436 sententiam
1680 4395 1857 4434 mcam
1901 4380 2187 4435 adducam.

2268 3198 2482 3284 ῑνωσιν,
2511 3198 2676 3269 ἤγουν
2712 3196 2979 3260 σύνθεσιν,
3012 3196 3089 3260 ὠς
3119 3195 3282 3259 αὐτὸς
3310 3196 3628 3266 ὠνόμασας.

2339 3378 2430 3433 22.
2475 3379 2716 3432 Ἀπολλ.
2750 3377 2813 3429 Ei
2850 3374 2983 3429 Θεοῦ
3027 3374 3155 3438 ναὸς
3190 3374 3454 3446 ἐγεννήθη
3495 3376 3561 3428 ἐκ
3602 3375 3696 3445 τῆς
3722 3374 3819 3427 Μα-

2275 3468 2427 3540 ρίας,
2477 3469 2704 3538 περιττὴ
2730 3468 2764 3536 ἡ
2797 3466 3051 3536 καινότης
3095 3464 3194 3534 τῆς
3230 3468 3294 3519 ὲκ
3335 3464 3622 3537 Παρθένου
3658 3466 3820 3532 γεννή-

2276 3571 2444 3621 σεως’
2498 3557 2617 3610 ναο)⁵
2648 3556 2757 3628 γὰρ
2796 3555 2932 3611 Θεοῦ
2990 3559 3085 3612 καὶ
3133 3558 3259 3613 ἄνευ
3292 3556 3502 3627 ταύτης
3547 3556 3820 3629 ἄνθρωποι.

2289 3651 2431 3719 Ὀρθ.
2463 3649 2655 3720 Μάχου
2695 3649 2808 3713 τοῖς
2849 3644 3012 3713 θείοις
3043 3648 3413 3718 Εὒαγγελίοις,
3451 3649 3540 3702 ἵνα
3575 3647 3821 3717 ἀκούσῃς·

2283 3762 2304 3796 ι
2327 3743 2569 3812 Σκληρόν
2618 3759 2701 3795 σοι
2736 3742 2871 3814 πρὸς
2901 3742 3101 3815 κέντρα
3145 3742 3439 3807 λακτίζειν.
3466 3762 3484 3794 ι
3530 3744 3642 3796 Καὶ
3687 3741 3826 3795 ἄκουε

2278 3836 2371 3889 τοῦ
2399 3836 2605 3907 Κυρίου
2632 3835 2882 3903 λέγοντος
2901 3851 2916 3866 ο
2946 3853 2967 3887 ι
2987 3833 3200 3889 Λύσατε
3226 3834 3318 3888 τὸν
3351 3836 3481 3889 ναὸν
3520 3835 3728 3895 τοῦτον,
3751 3832 3829 3885 καὶ

2282 3929 2340 3981 ὲν
2364 3928 2538 3999 τρισὶν
2557 3927 2793 3999 ἡμέραις
2814 3927 2989 3998 ἐγερῶ
3022 3928 3206 3981 αὐτόν.
3228 3947 3245 3979 ι
3280 3928 3345 3981 El
3377 3926 3435 3981 δέ
3466 3944 3612 3991 τινες
3642 3926 3829 3997 ἂνθρω-

2283 4036 2375 4073 ποι
2406 4023 2544 4088 ναοὶ,
2572 4020 2693 4074 ἀλλ*
2713 4019 2813 4089 οὐχ
2849 4018 3020 4080 οὕτω,
3068 4019 3143 4084 ὡς
3175 4020 3270 4075 καὶ
3296 4019 3525 4092 Χριστοί
3545 4037 3558 4047 ·
3600 4018 3761 4080 οὐδεὶς
3785 4016 3830 4068 δὲ

2285 4112 2461 4167 αὐτῶν
2501 4112 2774 4175 συντεθεὶς
2820 4112 2897 4183 τῷ
2929 4111 3045 4183 Θεῴ
3076 4112 3234 4182 Λόγῳ
3274 4113 3545 4183 Χριστός·
3589 4111 3687 4163 οὐκ
3725 4110 3833 4161 6v:-

2286 4203 2447 4275 χωρῶ
2496 4203 2602 4274 γὰρ
2645 4204 2744 4273 τῆς
2794 4203 2892 4274 σῆς
2936 4201 3246 4271 ὀνομασίας,
3285 4202 3373 4253 ἵνα
3418 4218 3476 4253 σε
3514 4203 3579 4254 ὲκ
3623 4199 3713 4252 τοῦ
3754 4195 3831 4250 σοῦ

2289 4296 2553 4365 στόματος
2598 4295 2801 4347 πείσωο
2857 4292 3088 4347 ἐνταῦθα
3126 4293 3184 4346 δὲ
3246 4293 3523 4355 συντεθεὶς
3559 4292 3683 4355 ναὸς
3734 4288 3835 4357 Θεῷ

2288 4386 2445 4456 Λόγῳ
2472 4385 2602 4457 (97),
2657 4383 2917 4456 ἐγεννήθη
2945 4381 3177 4456 Χριστὸς
3228 4382 3554 4454 θεοπρεπῶς
3602 4383 3667 4435 ἐκ
3710 4382 3835 4448 Παρ-

629 4467 726 4522 llic
755 4478 938 4523 autem
975 4470 1233 4541 templum
1282 4469 1640 4540 conjunctum
1677 4485 1801 4523 cum
1844 4468 1957 4525 Deo
1992 4472 2188 4534 Verho,
2224 4505 2267 4559 υ
2294 4477 2466 4531 θένου.

626 4561 882 4618 Christus
915 4562 1189 4627 videlicet,
1221 4573 1409 4618 natum
1438 4571 1523 4619 est
1552 4578 1622 4619 ex
1655 4562 1871 4634 Virgine
1909 4578 1976 4617 eo
2004 4562 2186 4629 modo,

627 4654 722 4723 qui
756 4654 922 4710 Deum
957 4653 1203 4710 decebat.

700 4745 791 4799 25.
822 4744 997 4814 Apoll.
1043 4744 1099 4799 Si
1130 4746 1258 4801 talis
1301 4752 1386 4801 est
1427 4751 1626 4800 natura
1672 4741 1901 4806 Christi,
1927 4742 2105 4812 qualis
2139 4750 2188 4797 et

634 4845 821 4892 ucstra
851 4844 935 4892 est
962 4854 978 4893 :
1009 4844 1166 4893 vetus
1195 4838 1358 4892 homo
1391 4845 1479 4894 est
1518 4836 1701 4891 anima
1750 4835 1961 4897 vivens,
1991 4842 2045 4890 et
2086 4849 2194 4889 non

636 4929 862 4998 spiritus
891 4928 1194 4992 viviﬁcans,
1229 4944 1331 4983 nec
1372 4929 1464 4999 qui
1502 4928 1627 4982 talis
1649 4933 1756 4990 est,
1784 4925 2100 4980 viviﬁcahit.
2130 4924 2201 4976 At

638 5019 893 5073 Christus
955 5020 1225 5084 viviﬁcat,
1260 5028 1455 5090 estque
1495 5019 1734 5089 Spiritus
1766 5018 2033 5071 viviﬁcus.
2080 5014 2197 5069 Non

640 5116 725 5163 est
752 5108 917 5176 igitur
947 5118 1149 5165 nostrae
1197 5121 1428 5165 naturas.
1475 5110 1626 5165 Orth.
1686 5107 1907 5173 Adhuc,
1952 5104 2093 5176 quid
2131 5108 2202 5160 sit

643 5200 897 5256 Christus
931 5201 1171 5269 ignoras.
1198 5202 1391 5258 Nescis
1429 5202 1576 5257 enim
1615 5201 1848 5256 duarum
1883 5206 2200 5254 naturarum

644 5306 767 5347 esse
800 5291 1077 5357 unionem,
1104 5300 1160 5348 et
1188 5308 1364 5364 neque
1392 5294 1569 5348 solum
1601 5293 1793 5357 Deum,
1825 5306 2001 5361 neque
2027 5290 2200 5346 solum

2371 4740 2461 4794 25.
2507 4740 2754 4794 Ἀπολλ.
2791 4739 2850 4792 El
2882 4741 2915 4809 ἡ
2941 4737 3074 4811 αὑτὴ
3101 4737 3262 4807 φύσις
3297 4737 3561 4811 Χριστοῦ,
3595 4740 3680 4793 οἵα
3708 4734 3837 4801 καὶὴ

2300 4831 2478 4903 ἡμῶν,
2506 4832 2536 4884 6
2565 4830 2792 4894 παλαιός
2823 4831 2972 4883 ἐστιν
3003 4829 3288 4900 ἄνθρωπος
3310 4829 3461 4901 ψυχὴ
3497 4830 3666 4895 ζῶσα,
3688 4826 3769 4881 καὶ
3791 4825 3838 4876 οὗ

2303 4924 2517 4994 πνεῦμα
2544 4922 2868 4987 ζωοποιοῦνο
2901 4923 2996 4976 καὶ
3024 4923 3053 4974 6
3084 4921 3326 4985 τοιοῦτος
3357 4922 3481 4975 οὐδὲ
3511 4921 3836 4990 ζωὸς-ποιήσει’

2304 5013 2557 5079 ζωοποιεῖ
2583 5012 2639 5065 δὲ
2685 5011 2937 5083 Χριστὸς,
2968 5011 3064 5064 καὶ
3093 5010 3318 5080 Πνεῦμα
3360 5009 3659 5074 ζωοποιοῦν
3689 5011 3839 5060 ἐστιν’

2306 5106 2405 5159 οὐκ
2443 5105 2551 5176 ἄρα
2596 5104 2695 5175 τῆς
2738 5103 3008 5175 ἡμετέρας
3055 5103 3170 5155 ἐστὶ
3202 5102 3437 5170 φύσεως.
3480 5103 3625 5171 Ὁρθ.
3659 5100 3767 5153 Ἔτι
3799 5092 3845 5144 τὸ

2308 5197 2543 5267 Χριστὸς
2579 5197 2640 5249 ού
2677 5197 2956 5264 νενόηκας.
2998 5196 3071 5247 Ού
3118 5194 3228 5265 γὰρ
3268 5194 3461 5262 ἔγνως,
3494 5196 3577 5249 ὅτι
3624 5193 3713 5247 δύο
3750 5185 3845 5240 ἐστὶ

2310 5288 2525 5359 φύσεων
2562 5288 2776 5350 ἓνωσις,
2810 5288 2906 5340 καὶ
2939 5286 3060 5341 οὔτε
3094 5287 3250 5357 μόνος
3281 5288 3310 5338 6
3346 5286 3482 5352 Θεὸς
3525 5284 3746 5358 Χριστὸς
3776 5276 3844 5331 λὲο

590 5408 595 5414 ’
628 5442 631 5445 -
719 5407 765 5441 ”
831 5406 987 5463 Joan.
1024 5424 1135 5471 xlv,
1169 5408 1253 5465 10.
1333 5409 1382 5443 ⁸⁵
1416 5407 1576 5465 Joan.
1607 5425 1659 5473 ν,
1695 5407 1780 5467 2|.
1858 5409 1904 5440 ’⁸
1944 5407 2063 5460 Act.
2101 5421 2150 5459 lx

2264 5446 2278 5460 .
2353 5406 2398 5438 "
2436 5402 2593 5457 Joan.
2631 5419 2705 5463 ll,
2741 5402 2805 5457 l9

716 5567 850 5639 (ᾖδ’)
874 5566 1073 5639 _Palat..
1108 5570 1505 5639 κεχωρισμένος

726 5637 839 5702 (94)
873 5637 1023 5699 Mss,
1057 5637 1354 5706 ﬁtowJIic
1388 5648 1439 5692 el
1470 5654 1615 5692 nmv.

727 5706 838 5784 (95)
870 5707 1018 5772 Mss.,
1046 5709 1177 5771 Θεὸς
1206 5707 1344 5761 ἑκὼν
1371 5709 1566 5777 ἀγνοῶ.

2394 5564 2505 5625 (illi)
2538 5562 2687 5624 Mss,
2726 5563 2904 5631 ἧτουν,
2942 5566 2993 5611 et
3024 5556 3164 5631 infra
3191 5558 3444 5613 similiter

2395 5633 2505 5701 (97)
2548 5628 2833 5702 Μεςηθεῴ
2865 5628 3103 5699 Χριστῷ.
