3982 6398
615 351 753 409 1179

1767 351 1828 405 S.
1867 349 2333 405 Ατιιλκλειῑδ.
2367 377 2436 388 -—
2468 349 2742 404 SPL’BIA.

3711 349 3827 404 I250

611 467 758 520 Deus
783 463 1019 519 Verbum
1069 463 1118 516 is
1145 470 1230 517 est
1273 462 1370 531 qui
1399 462 1542 516 servi
1582 461 1814 515 formam
1853 463 2174 534 assumpsit.

2289 463 2376 512 καὶ
2395 462 2680 530 χριόμενος
2699 463 2798 531 μὲν
2811 461 2886 523 t'u;
2901 461 3187 531 ἄνθρωπος
3207 461 3286 529 τῷ
3301 461 3438 514 [hci
3447 479 3576 530 ματι
3605 463 3682 532 τῷ

611 561 707 629 qui
730 558 978 611 Christus
1010 562 1380 623 nuncupatur,
1409 563 1516 614 est,
1546 562 1602 608 et
1633 555 1879 608 creditur
1917 575 1932 609 :
1975 565 2181 610 unctus

613 648 832 718 quidem
867 644 1072 710 Spiritu
1103 651 1320 703 sancto,
1361 653 1637 711 quatenus
1670 643 1833 697 homo
1878 655 1966 698 est
1997 661 2014 708 ;
2042 660 2181 715 qua—

612 747 774 791 tenus
811 746 992 789 autem
1023 733 1166 788 Deus
1192 742 1299 794 est,
1329 732 1578 787 eunidem
1605 734 1677 788 iis
1702 734 1798 802 qui
1845 733 2000 802 digni
2053 744 2182 789 sunt

614 833 834 902 prabet.
883 827 960 882 Ita
1014 829 1178 883 etiam
1227 827 1370 882 Deus
1417 829 1564 896 leges
1602 831 1775 898 ponit,
1811 837 1866 883 et
1908 837 2182 899 quatenus

612 927 778 980 homo
811 933 897 979 est
941 923 1000 976 lit
1024 923 1126 992 legi
1157 922 1446 976 obnoxius.
1474 920 1710 991 Ideoque
1731 937 1840 976 non
1869 922 2025 985 dicit,
2056 919 2182 976 [bc

611 1017 748 1070 dicit
775 1015 1061 1078 Dominus,
1095 1014 1355 1083 quoniam
1386 1014 1500 1082 ipse
1519 1029 1630 1066 non
1653 1021 1741 1068 est
1801 1013 1965 1067 homo
2013 1016 2183 1084 parti-

612 1125 742 1180 ceps
769 1108 1009 1171 deitatis,
1043 1105 1140 1161 sed
1173 1104 1316 1160 Deus
1337 1107 1612 1175 particeps
1660 1107 1846 1161 carnis
1872 1114 1926 1160 et
1960 1105 2184 1176 sangui-

610 1201 718 1264 nis,
745 1199 798 1253 id
825 1207 910 1254 est
940 1199 1190 1252 humane
1215 1206 1442 1253 natura.
1490 1195 1626 1250 Nam
1673 1196 1956 1267 Scriptura
2010 1197 2184 1250 homi-

611 1309 736 1347 nem
769 1298 932 1346 vocat
957 1306 1178 1346 carnem
1202 1297 1258 1344 et
1285 1292 1631 1360 sanguinem,
1657 1299 1857 1343 utcum
1886 1289 2019 1343 dicit
2041 1289 2184 1343 Pau-

610 1383 701 1437 lus
740 1399 755 1434 :
808 1402 827 1433 ι
866 1380 987 1436 Non
1024 1381 1231 1436 contuli
1267 1396 1392 1434 cum
1415 1395 1581 1434 carne
1608 1391 1661 1434 et
1687 1381 2017 1451 sanguine’.
2061 1399 2080 1432 ι
2118 1378 2184 1432 Et

610 1477 757 1530 sicut
791 1474 956 1528 homo
984 1489 1051 1528 es
1077 1473 1298 1526 animali
1324 1480 1378 1527 et
1403 1472 1660 1526 rationali
1687 1474 2045 1541 compositus.
2075 1486 2184 1526 una

612 1573 699 1620 est
730 1579 963 1634 persona
990 1582 1004 1618 :
1044 1565 1116 1617 ita
1147 1563 1312 1616 etiam
1343 1577 1450 1616 una
1472 1576 1706 1632 persona
1728 1560 1990 1616 exDeoet
2011 1561 2184 1616 forma

612 1653 760 1706 servi
794 1651 1013 1706 exsistit
1041 1669 1055 1703 :
1085 1649 1314 1720 ideoque
1348 1665 1456 1703 non
1490 1649 1623 1703 dicit
1654 1689 1671 1713 ,
1708 1667 1729 1699 ι
1770 1649 1894 1704 llaec
1923 1651 2056 1703 dicit
2079 1649 2184 1704 Do-

613 1744 824 1804 minus,
866 1761 886 1794 ι
924 1741 1018 1795 sed
1059 1760 1077 1793 ι
1109 1740 1222 1810 Ego
1261 1741 1386 1795 dico
1415 1742 1611 1795 vobis'
1642 1761 1656 1795 :
1697 1761 1716 1792 ι
1753 1750 1808 1794 et
1840 1758 1859 1792 ι
1899 1740 2011 1810 Ego
2059 1756 2180 1795 sunt

613 1833 726 1885 vita
755 1841 810 1887 et
830 1835 1033 1887 veritas
1054 1833 1097 1885 ⁸.
1135 1851 1155 1884 ν
1185 1831 1372 1902 Itaque
1398 1834 1565 1886 veluti
1588 1833 1634 1886 si
1667 1848 1793 1902 pars
1821 1834 2184 1888 rationalisin
2213 1811 2255 1865 Β

615 1924 781 1978 nobis
824 1924 990 1990 dicat,
1026 1923 1138 1994 Ego
1175 1939 1295 1978 sum
1329 1923 1396 1976 ad
1433 1924 1721 1994 imaginem
1757 1923 1848 1978 Dei
1880 1924 2078 1987 factus,
2107 1925 2181 1978 ita

615 2023 986 2084 comparatus,
1025 2023 1083 2068 ut
1135 2016 1356 2070 interire
1410 2033 1520 2070 non
1565 2017 1794 2086 possim,
1851 2033 2184 2088 rursumque

615 2118 746 2173 pars
770 2105 864 2159 illa
896 2106 1183 2161 rationalis
1210 2107 1377 2169 dicat,
1423 2105 1536 2177 Ego
1563 2123 1684 2161 sum
1730 2116 1876 2163 terra
1910 2117 1966 2164 et
2005 2110 2184 2177 cinis;

613 2213 724 2251 non
761 2197 1006 2268 loquitur
1032 2198 1193 2253 modo
1227 2198 1448 2260 animal,
1480 2199 1644 2253 modo
1673 2199 1726 2254 id
1770 2200 1918 2270 quod
1967 2202 2186 2257 ratiocir

613 2297 813 2352 natur;
849 2289 944 2344 sed
972 2290 1208 2359 idipsum
1240 2292 1529 2355 rationale,
1560 2291 1724 2347 modo
1745 2308 1869 2363 qua:
1918 2294 2031 2350 sibi
2053 2309 2184 2364 pro-

612 2381 732 2451 pria
764 2389 915 2445 sunt,
952 2382 1116 2437 modo
1155 2399 1277 2453 qua!
1313 2385 1538 2439 animali
1595 2386 1956 2450 conveniunt,
2008 2386 2186 2457 loqui-

610 2480 704 2548 tur
737 2491 752 2526 :
792 2473 864 2526 ita
894 2473 1062 2528 homo
1090 2482 1148 2529 et
1192 2473 1338 2529 Deus
1365 2473 1631 2540 Verbum,
1689 2477 1852 2531 unica
1900 2491 1996 2548 per
2027 2478 2186 2530 unio-

612 2544 740 2617 nem
789 2564 1062 2619 essistens
1092 2579 1345 2634 persona,
1397 2581 1521 2620 cum
1551 2567 1628 2620 ait
1660 2607 1682 2630 ,
1717 2585 1737 2618 ι
1767 2566 1871 2634 Qui
1901 2544 2049 2622 vvidit
2078 2583 2182 2632 me,

613 2652 749 2707 vidit
776 2652 990 2709 Patrem
1021 2674 1041 2706 ι
1073 2655 1119 2718 ³,
1173 2655 1443 2726 signiﬁcat
1469 2673 1584 2712 suae
1611 2657 1832 2714 deitatis
1851 2659 2192 2728 contempla-

613 2745 838 2800 tionem.
885 2744 996 2801 Nec
1046 2747 1192 2802 enim
1244 2749 1499 2819 quisquis
1524 2765 1745 2805 carnem
1775 2751 1932 2814 vidit,
1969 2751 2183 2806 Patrem

611 2835 785 2888 vidit:
811 2836 901 2890 sin
932 2837 1136 2903 minus,
1159 2845 1214 2891 et
1242 2837 1495 2904 Pontius,
1523 2849 1578 2895 et
1599 2839 1862 2906 llerodes,
1893 2849 1950 2896 et
1973 2843 2065 2912 qui
2095 2859 2192 2897 co-

611 2926 808 2996 laphos
835 2927 886 2980 ei
915 2927 1281 2999 impa'gerunt,
1316 2939 1370 2985 et
1399 2932 1491 3000 qui
1527 2933 1698 2988 clavis
1732 2937 1909 3003 ipsum
1947 2935 2187 2990 conlise-

615 3023 747 3068 ruut
767 3016 1079 3080 carniﬁces,
1136 3021 1575 3089 comperirentur
1609 3022 1827 3077 Patrem
1860 3023 2089 3078 vidisse.
2123 3023 2188 3078 Et

2279 554 2358 616 ὡς
2371 553 2427 605 δέ
2440 553 2594 616 Θεὸς,
2611 555 2866 624 παρέχων
2883 556 3042 618 αὐτὸς
3057 557 3177 617 10E;
3201 555 3390 619 ἀξίοις.
3407 555 3567 609 οὕτω
3577 557 3672 609 καὶ
3683 558 3830 621 ὁΘεος

2279 643 2582 710 νομοθετεῖ,
2607 648 2699 697 καὶ
2719 646 2796 708 ὡς
2827 645 3115 716 ἄνθρωπος
3137 647 3247 699 ὑπὸ
3287 648 3452 716 νόμον
3497 649 3727 715 γίνεται,
3752 652 3830 702 nl

2279 735 2371 788 διὰ
2396 736 2556 790 τοῦτο
2589 739 2652 790 οὗ
2689 739 2858 805 λέγει.
2894 738 3033 792 τάδε
3084 739 3239 806 λέγει
3274 741 3501 811 Ripae,
3539 741 3722 811 ἐπειδὴ
3749 743 3830 795 οὐκ

2281 826 2568 895 ἄνθρωπός
2606 830 2721 880 ἐστι
2763 828 3047 898 μετασχὼν
3067 829 3350 898 θεότητος,
3381 831 3520 883 ἀλλὰ
3539 832 3672 894 Θεὸς
3699 849 3832 901 μετσο

2281 918 2424 986 σχὼν
2440 919 2670 987 αἵματος
2693 921 2786 972 καὶ
2805 920 3028 989 σαρκὸς,
3043 921 3324 973 τουτέστιν
3341 921 3768 993 ἅνθρωπότητος.
3781 924 3831 976 Ἠ

2282 1008 2320 1060 Γ
2325 1010 2471 1078 paci;
2500 1011 2607 1079 γὰρ
2635 1007 2724 1062 τδν
2760 1009 3044 1081 ἄνθρωπον
3071 1013 3254 1083 σάρκα
3279 1013 3375 1065 καὶ
3399 1008 3541 1083 αἷμα
3577 1015 3745 1075 καλεῖ,
3771 1016 3832 1078 ὥς

2281 1101 2410 1153 ὅταν
2606 1102 2848 1165 Παῦλος·
2881 1121 2901 1153 ι
2942 1104 3018 1155 Οὐ
3047 1104 3462 1174 προσανεθέμην
3486 1107 3652 1176 σαρκὶ
3668 1109 3754 1160 καὶ
3765 1108 3833 1159 αῖ-

2285 1209 2444 1261 ματι·
2477 1211 2496 1242 ι
2523 1193 2616 1245 καὶ
2647 1192 2832 1266 (hmo
2865 1193 2925 1246 έν
2953 1196 3068 1248 ἐστι
3094 1195 3387 1263 πρόσωπον
3408 1198 3439 1248 ὀ
3459 1197 3757 1267 ἄνθρωπος,
3782 1201 3831 1250 ἐκ

2282 1282 2421 1345 (dies
2439 1285 2533 1336 καὶ
2548 1284 2765 1351 λογικοῦ
2799 1285 3156 1355 συγκείμενος
3171 1302 3186 1314 ο
3208 1285 3351 1338 οὕτω
3367 1287 3463 1338 καὶ
3481 1286 3542 1338 ἐν
3575 1288 3832 1357 πρόσωπον

2282 1380 2516 1449 Χριστὸς
2547 1382 2610 1432 ἐκ
2636 1379 2772 1433 Θεοῦ
2796 1381 2889 1432 καὶ
2931 1381 3150 1451 μορφῆς
3183 1381 3434 1451 δουλικῆς
3468 1382 3744 1451 ὑπάρχων,
3759 1381 3833 1433 καὶ

2281 1471 2370 1524 διὰ
2412 1471 2568 1524 τοῦτο
2610 1472 2671 1522 οῦ
2709 1471 2892 1537 λέγει,
2953 1489 2972 1520 ι
3031 1470 3172 1523 Τάδε
3213 1471 3362 1535 λέγει
3413 1471 3643 1542 Κύριος,
3669 1491 3688 1520 ι
3721 1470 3830 1530 ἀλλ’.

2289 1563 2460 1630 ιἙγὼ
2486 1563 2630 1629 λέγω
2661 1565 2822 1626 ὑμῖν·
2846 1581 2867 1615 ι
2886 1563 3031 1627 καὶ,‹
3055 1561 3203 1628 Ἐγώ
3219 1565 3336 1632 εἰμι
3353 1565 3387 1633 ή
3419 1563 3533 1633 ζωὴ
3554 1564 3651 1615 καὶ
3679 1567 3710 1633 ή
3731 1564 3834 1633 ili;-

2284 1654 2425 1707 θεια.
2465 1675 2483 1703 ι
2653 1649 2744 1706 οῦν
2799 1654 2874 1722 (3)
2900 1652 2995 1705 ἐὰν
3045 1652 3184 1721 λέγῃ
3223 1654 3286 1705 τὺ
3322 1657 3379 1706 ἐν
3420 1655 3554 1722 ἡμῖν
3601 1653 3828 1719 λογικόν·

2285 1745 2426 1813 ἐγὼ
2456 1747 2572 1812 εἰμι
2609 1745 2638 1796 ὁ
2661 1747 2780 1796 κατ’
2833 1745 3018 1797 εἰκόνα
3072 1743 3211 1796 Θεοῦ
3268 1744 3530 1812 γεγονὼς,
3587 1745 3832 1814 ἄφθαρτος

2282 1834 2782 1904 κατεσκευασμένος
2799 1849 2813 1862 ·
2854 1834 2948 1886 καὶ
2979 1833 3139 1886 πάλιν
3157 1833 3220 1887 τὸ
3259 1834 3393 1887 αὐτὸ
3427 1834 3648 1901 λογικόν
3664 1851 3677 1862 ’
3721 1835 3834 1902 Ἐγὼ

2284 1929 2400 1998 εἰμι
2427 1927 2500 1995 γῆ
2530 1926 2626 1978 καὶ
2658 1925 2869 1987 σποδός·
2899 1925 2959 1977 οῦ
2981 1925 3114 1977 ποτέ
3149 1925 3210 1976 τὸ
3239 1923 3376 1988 ζῶον
3407 1923 3580 1987 λαλεῖ,
3601 1925 3695 1977 καὶ
3731 1925 3834 1978 ποτὶ

2281 2013 2344 2066 τὸ
2375 2012 2611 2079 λογικόν·
2631 2011 2746 2064 ἀλλ’
2774 2012 2906 2063 αὐτὸ
2930 2012 2991 2064 τὸ
3020 2011 3260 2080 λογικὸν,
3290 2013 3421 2064 ποτὲ
3444 2012 3513 2064 τὰ
3535 2012 3727 2064 ἑαυτοῦ
3753 2013 3836 2064 ἴδια

2283 2100 2451 2170 λέγει,
2485 2102 2579 2154 καὶ
2611 2101 2743 2153 ποτὲ
2765 2101 2834 2153 τὰ
2872 2100 2966 2152 τοῦ
3001 2099 3174 2164 ζώουο
3204 2101 3382 2164 οὕτως
3417 2101 3477 2166 ἐξ
3532 2101 3769 2164 ἐνὼσεως
3791 2101 3834 2152 ἓν

2284 2194 2574 2264 πρόσωπον
2608 2191 2683 2244 ὢν
2711 2195 2740 2246 ὁ
2763 2193 3046 2262 ἄνθρωπος
3082 2195 3177 2246 καὶ
3198 2193 3332 2255 Θεὸς
3349 2194 3545 2260 Λόγος,
3575 2194 3665 2246 ὅτε
3696 2193 3832 2260 λέγει,

2287 2303 2307 2336 ι
2329 2285 2389 2338 Ὃ
2411 2283 2673 2355 ἑωρακὼς
2699 2285 2825 2354 ἐμὲ,
2856 2284 3068 2355 ἑώρακε
3107 2284 3200 2336 τὸν
3238 2283 3482 2355 Πατέρα,
3525 2301 3544 2335 ι
3577 2284 3679 2353 τὴν
3725 2283 3833 2336 θεω-

2285 2376 2407 2446 ρίαν
2429 2377 2527 2446 τῆς
2555 2375 2688 2438 ἰδίας
2708 2375 2960 2446 θεότητος
2990 2375 3158 2443 λέγει.
3187 2375 3264 2428 Ut)
3285 2373 3396 2445 γὰρ
3418 2376 3448 2426 ό
3477 2374 3736 2442 superni»;
3757 2375 3833 2442 τήν

2285 2467 2486 2537 σάρκα,
2521 2466 2732 2538 ἑώρακε
2765 2467 2855 2520 τὸν
2887 2466 3138 2538 Πατέρα·
3181 2468 3230 2519 ει
3262 2465 3319 2518 δὲ
3361 2465 3458 2536 μή,
3486 2467 3583 2519 καὶ
3622 2465 3832 2526 Πέντιςς.

2285 2559 2380 2611 καὶ
2412 2557 2678 2628 Ἡρώδης,
2707 2558 2800 2610 καὶ
2825 2558 2876 2610 οἱ
2905 2557 3256 2628 ραπίσαντες,
3282 2559 3375 2610 καὶ
3393 2559 3442 2609 οἱ
3475 2555 3837 2628 προσηλώσιν·

2281 2666 2376 2712 τες
2403 2649 2608 2719 δήμιοι,
2641 2648 3026 2720 εὑρεθήσονται
3048 2649 3354 2721 ἑωρακότες
3375 2648 3466 2700 τὸν
3488 2648 3726 2719 Πατέρα.
3751 2647 3839 2700 Καὶ

2283 2742 2411 2795 ὅταν
2431 2740 2585 2814 λέγῃ,
2617 2740 2753 2794 «Τὸν
2775 2740 2944 2794 νῶτόν
2979 2758 3078 2812 μου
3111 2740 3320 2794 δέδωκα
3341 2742 3422 2803 εἰς
3453 2741 3767 2810 μάστιγας.»
3791 2740 3838 2789 οὐ

2284 2833 2381 2902 τῆς
2436 2831 2690 2902 θεότητος
2746 2832 2895 2900 λέγει
2940 2832 3140 2884 νῶτον·
3196 2831 3304 2884 οὐδ’
3354 2832 3486 2884 ὅταν
3524 2829 3662 2903 λέγῃ
3688 2846 3701 2860 ·
3735 2829 3838 2890 Πῶς

2284 2922 2392 2993 γὰρ
2414 2923 2512 2993 τῆς
2543 2922 2794 2994 θεότητος
2823 2922 2999 2992 ἧψατό
3035 2939 3150 2988 τις;
3201 2922 3340 2976 ἀλλὰ
3392 2921 3489 2974 τοῦ
3542 2923 3782 2991 σώματος
3818 2923 3839 2970 ὁ

2288 3015 2566 3086 ἁψάμενος
2600 3016 2737 3085 μετὰ
2775 3015 3031 3078 πίστεως,
3088 3015 3182 3069 τοῦ
3225 3017 3643 3086 συναμφοτέρου
3673 3016 3837 3084 ἥψατο,

615 3122 739 3160 cum
760 3108 956 3177 inquit,
993 3127 1012 3159 ι
1045 3107 1277 3164 Dorsum
1303 3127 1483 3165 meum
1508 3111 1692 3182 ﬂagris
1725 3114 1990 3184 pnebui‘,
2030 3134 2050 3166 ι
2077 3130 2184 3169 non

2289 3111 2355 3178 τῇ
2393 3108 2489 3177 μὲν
2505 3107 2650 3179 χειρὶ
2672 3107 2749 3175 (Δ)
2767 3107 2861 3160 τοῦ
2888 3107 3156 3179 σώματος,
3186 3112 3254 3180 τῇ
3290 3108 3348 3161 δὲ
3381 3107 3568 3161 πίστει
3629 3109 3722 3178 τῆς
3747 3107 3840 3160 θεό-

616 3197 886 3266 signitlcat
912 3197 1133 3254 deitatis
1162 3200 1386 3255 dorsum
1418 3222 1432 3258 :
1459 3219 1633 3273 neque
1680 3219 1805 3257 cum
1841 3206 1958 3268 ait,
2006 3224 2025 3258 ι
2069 3207 2186 3259 Alio

616 3289 744 3357 quis
775 3304 859 3343 me
884 3290 1062 3360 tetigit
1085 3291 1106 3320 ⁷
1138 3330 1153 3354 ,
1200 3310 1219 3344 ι
1255 3291 1476 3349 deitatis
1504 3304 1817 3350 contactum
1870 3297 2023 3351 dicit.
2082 3296 2187 3362 Qui

618 3379 762 3434 enim
796 3379 1052 3436 deitatem
1075 3385 1368 3454 contigerit
1413 3385 1723 3456 quispiam?
1783 3386 1889 3442 Sed
1945 3388 2036 3458 qui
2086 3389 2189 3442 lide

617 3471 883 3540 pmditus
915 3488 1116 3544 corpus
1155 3474 1287 3530 illud
1333 3478 1607 3548 tetigerat,
1656 3488 1951 3548 utrumque
2000 3478 2191 3547 tetige-

619 3569 724 3626 rat,
752 3578 914 3619 manu
935 3566 1155 3634 quidem
1182 3583 1404 3638 corpus,
1441 3568 1544 3624 lidc
1561 3585 1694 3624 vero
1715 3571 1994 3630 deitatem.
2018 3585 2190 3638 quan-

617 3653 912 3724 doquidem
946 3664 1240 3729 utrumque
1279 3661 1438 3714 unica
1479 3671 1563 3716 est
1603 3676 1857 3731 persona,
1888 3661 2142 3717 Christus
2172 3703 2189 3727 ,

622 3764 644 3797 ι
681 3743 879 3801 Omnia
936 3747 1116 3805 factus
1167 3751 1443 3817 omnibus,
1504 3760 1562 3806 ut
1611 3752 1855 3806 omnium
1905 3751 2192 3806 miserere-

619 3844 709 3888 tur
737 3835 780 3890 ⁸.
824 3855 844 3888 ι
881 3835 1067 3907 Itaque
1093 3853 1203 3892 non
1237 3839 1480 3909 loquitur
1503 3838 1778 3893 interdum
1817 3839 1977 3897 Deus.
2019 3837 2191 3891 inter-

2293 3215 2472 3268 τητος,
2513 3198 2704 3268 ἐπειδὴ
2738 3199 2798 3250 τὸ
2847 3199 3252 3268 συναμφότερον
3277 3199 3336 3251 ἐν
3366 3200 3488 3252 ἐστι
3520 3201 3840 3271 πρόσωπονὸ

2294 3290 2546 3359 Χριστὴ,
2578 3309 2598 3340 ι
2631 3289 2659 3341 ό
2702 3289 2876 3343 πάντα
2904 3292 3036 3344 πᾶσι
3062 3290 3363 3361 γινόμενος,
3403 3292 3491 3344 ἵνα
3515 3294 3645 3354 τοὺς
3666 3291 3840 3351 πάντας

2294 3381 2510 3453 ἐλεήσῃ.
2559 3401 2577 3433 ι
2610 3384 2771 3435 Ὥστε
2806 3384 2867 3435 οὐ
2910 3385 3041 3436 ποτὲ
3088 3384 3186 3454 μὲν
3212 3384 3241 3436 ὀ
3273 3384 3408 3448 Θεὸς
3443 3385 3621 3448 λαλεῖ,
3655 3385 3771 3437 ποτὲ
3795 3383 3839 3435 δὲ

2294 3473 2578 3544 ἄνθρωπος
2596 3489 2608 3502 ·
2645 3474 2960 3546 ἐπειδήπερ,
2993 3475 3068 3538 ὡς
3091 3477 3437 3547 προείρηται,
3468 3478 3592 3530 οὐδὲ
3618 3479 3737 3531 ποτὲ
3762 3475 3840 3547 μὲν

2294 3564 2355 3616 τὸ
2381 3563 2520 3626 ζῶον
2541 3564 2690 3617 λαλεῖ
2725 3565 3126 3637 κεχωρισμένον
3149 3565 3243 3618 τοῦ
3271 3566 3520 3634 λογικοῦ,
3549 3569 3677 3621 ποτέ
3718 3567 3767 3621 δὲ
3794 3567 3842 3618 τὸ

2295 3653 2509 3722 λογικὸν
2531 3658 2936 3728 κεχωρισμένον
2963 3658 3056 3712 τοῦ
3083 3657 3222 3722 ζὼου
3244 3676 3258 3689 '
3297 3659 3435 3713 ἀλλὰ
3455 3661 3517 3714 τὸ
3553 3661 3758 3730 λογικὸν
3797 3660 3842 3712 ἐν

2295 3746 2375 3815 τῷ
2400 3746 2545 3817 ζώῳ,
2579 3750 2671 3801 καὶ
2701 3748 2790 3802 διὰ
2814 3749 2907 3802 τοῦ
2940 3749 3079 3814 {tim
3109 3751 3260 3804 λαλεῖ
3279 3766 3294 3780 ο
3321 3755 3387 3805 ἐκ
3419 3754 3757 3824 παραλλήλου
3796 3753 3842 3802 τὸ

2295 3839 2427 3892 αὐτὸ
2451 3838 2616 3907 λέγω,
2649 3841 2735 3894 ἵνα
2762 3842 3096 3912 πανταχόθεν
3115 3842 3258 3912 γνῷς
3272 3843 3370 3914 τήν
3397 3844 3616 3900 ἐνωσιν.
3651 3853 3660 3912 ί

617 3929 746 3983 dum
775 3929 940 3984 homo
971 3947 985 3983 :
1021 3947 1170 3999 nam,
1201 3940 1259 3985 ut
1295 3941 1452 3987 antea
1479 3933 1613 3998 dixi,
1640 3948 1706 3989 ne
1733 3931 1788 3986 id
1818 3931 2037 4002 quidem
2066 3929 2174 3985 dici
2215 3939 2413 4000 potest,
2437 3934 2602 3987 modo
2620 3933 2838 4003 quidem
2882 3934 3083 3988 animal
3116 3949 3146 3988 a
3182 3945 3338 4004 parte
3376 3937 3637 3990 rationali
3691 3935 3844 4002 sejun-

618 4030 800 4082 ctum,
836 4021 997 4076 modo
1057 4039 1187 4077 vero
1240 4024 1408 4096 470
1459 4034 1667 4096 partem
1725 4025 2048 4080 rationalem
2093 4026 2162 4079 ab
2210 4026 2434 4080 animali
2480 4034 2787 4097 separatam
2810 4028 2957 4098 loqui
2984 4045 2996 4080 :
3028 4028 3120 4082 sed
3160 4043 3291 4098 pars
3330 4030 3624 4085 rationalis
3659 4029 3710 4083 in
3750 4024 3848 4080 ani-

620 4117 746 4170 mali
776 4126 828 4170 et
855 4133 950 4186 per
970 4120 1172 4172 animal
1196 4120 1459 4190 loquitur.
1485 4121 1627 4176 Idem
1679 4121 1842 4175 ctiam
1873 4121 1998 4175 dico
2025 4119 2095 4174 de
2155 4135 2242 4184 eo,
2281 4120 2425 4191 quod
2466 4137 2590 4176 cum
2642 4121 2745 4176 hoc
2776 4122 3110 4191 comparavi,
3152 4131 3212 4176 ut
3270 4123 3640 4196 undequaque
3676 4122 3848 4178 unitio—

620 4222 743 4260 ncm
770 4208 940 4262 noris.

688 4301 778 4354 27.
814 4302 988 4371 Apoll.
1038 4301 1305 4356 Praeterea
1331 4319 1464 4357 vero
1487 4305 1569 4358 vel
1603 4306 1719 4374 ipse
1778 4307 2042 4377 prodigia
2079 4306 2186 4361 ede

621 4393 734 4455 bat,
759 4403 852 4447 aut
874 4410 981 4448 non
1015 4395 1227 4450 edebat.
1268 4394 1325 4450 Si
1356 4396 1574 4460 edebat,
1607 4414 1715 4452 non
1747 4408 1866 4454 erat
1897 4399 2063 4454 homo
2097 4417 2110 4454 :
2146 4399 2191 4454 si

626 4499 736 4538 non
770 4483 984 4548 edebat,
1023 4485 1301 4556 quomodo
1325 4486 1460 4540 dicit
1488 4501 1547 4542 se
1574 4485 1778 4542 cdere?
1815 4495 1868 4543 et
1918 4485 2194 4557 quomodo

623 4575 769 4631 idem
797 4590 922 4631 esse
953 4586 1130 4646 potest
1150 4586 1314 4647 atque
1342 4579 1389 4633 is
1421 4579 1514 4647 qui
1540 4579 1770 4634 edebat?
1830 4578 1986 4634 Orth.
2040 4577 2196 4631 Sicut

623 4682 751 4737 pars
785 4668 1072 4723 rationalis
1097 4684 1193 4722 sua
1219 4669 1393 4738 ipsius
1427 4684 1594 4739 Opera
1622 4670 1703 4726 sic
1728 4670 1839 4724 edit
1871 4671 1923 4723 in
1951 4669 2196 4730 animali,

623 4768 684 4811 ut
717 4774 825 4812 non
852 4759 925 4813 sit
965 4767 1220 4829 separata
1265 4761 1333 4815 ab
1381 4761 1603 4814 animali
1640 4776 1653 4811 :
1687 4761 1760 4814 ita
1810 4760 1902 4816 Dei
1956 4759 2193 4815 Verbum

623 4849 838 4904 unitum
865 4849 1228 4911 homini,cdit
1257 4850 1502 4921 prodigia
1529 4852 1753 4908 minime
1789 4861 2128 4922 segregatum
2168 4867 2198 4903 a

624 4951 824 4997 natura
854 4942 1113 5006 humana,
1140 4943 1284 5013 quod
1318 4944 1366 5000 ei
1409 4959 1507 5014 pro
1545 4961 1644 5000 sua
1695 4944 1896 5014 pietate
1936 4944 2203 5014 placuerit

624 5033 733 5086 vim
765 5049 920 5087 suam
944 5035 1182 5088 divinam
1213 5050 1310 5104 per
1337 5049 1480 5098 eam,
1509 5043 1564 5090 et
1617 5036 1672 5089 in
1723 5051 1808 5097 ea,
1865 5043 1921 5089 et
1962 5051 2087 5090 cum
2135 5050 2199 5089 ea

627 5125 867 5195 operari.
904 5124 970 5178 Et
1026 5127 1188 5181 veluti
1225 5126 1270 5182 si
1315 5125 1442 5197 quis
1485 5126 1820 5198 cogitatione
1867 5127 2202 5182 concesserit

627 5217 822 5279 solem,
851 5232 1106 5288 magnum
1145 5217 1291 5274 istud
1322 5217 1496 5281 sidus,
1520 5235 1616 5290 per
1644 5219 1924 5274 lucernam
1951 5226 2003 5274 et
2036 5221 2089 5272 in
2112 5218 2198 5272 lu-

628 5324 792 5364 cerna
832 5324 986 5364 suam
1020 5310 1196 5366 lucem
1230 5312 1513 5378 emittere;
1550 5327 1770 5367 rursum
1795 5313 1942 5380 enim
1966 5311 2109 5366 idem
2131 5326 2196 5366 ex

736 5469 755 5497 ’
795 5465 970 5521 Calai.
1005 5482 1044 5531 ι,
1090 5467 1176 5523 16.

1283 5469 1304 5501 ⁸
1344 5466 1531 5522 Matth.
1571 5485 1627 5536 v,
1678 5467 1777 5533 20,
1811 5467 1903 5521 2‘2.

631 5535 653 5564 ⁸
694 5534 710 5588 Ι
745 5537 873 5590 Cor.
913 5551 964 5589 In
987 5537 1125 5602 μετ.

707 5693 784 5756 (5)
821 5686 926 5743 05v
957 5692 1110 5755 abest
1136 5707 1164 5743 a
1194 5707 1327 5752 mss.
1352 5690 1526 5752 Paulo
1541 5698 1849 5756 magna“
1866 5687 2112 5754 ,γεγονὼς
2129 5689 2220 5745 ἄν-

640 5762 848 5832 θρωπος
881 5759 1171 5830 ἄφθαρτος.

2001 5472 2023 5504 ι
2060 5461 2218 5518 Joan.
2267 5480 2376 5528 xw,
2412 5465 2466 5520 6.
2540 5465 2563 5496 ⁸
2601 5462 2732 5519 ibid.
2768 5461 2822 5517 9.

2363 4300 2455 4354 27.
2505 4301 2874 4354 3810.11.11:
2891 4301 2946 4354 δέ
2967 4301 2997 4372 ἢ
3022 4302 3182 4366 αὐτὸς
3210 4303 3285 4373 (5)
3309 4304 3570 4359 ὲτέλειτα
3597 4308 3847 4380 τεράστια.

2299 4392 2442 4462 ῆοῦ.
2489 4393 2628 4446 Ἀλλ’
2658 4394 2709 4446 εἰ
2746 4394 2843 4464 μὲν
2880 4394 3072 4456 ἐτέλει,
3123 4395 3222 4448 οὐκ
3263 4391 3332 4466 ἦν
3361 4396 3686 4469 ἄνθρωπος·
3730 4402 3773 4453 εἰ
3808 4400 3850 4451 δὲ

2302 4484 2400 4556 μὴ,
2436 4483 2553 4549 πῶς
2579 4484 2728 4553 λέγει
2754 4485 2962 4547 τελεϊνς
2997 4486 3030 4556 ἢ
3067 4487 3184 4552 πῶς
3220 4488 3249 4539 ὁ
3286 4489 3452 4553 αὐτὸς
3480 4491 3562 4560 τῷ
3601 4491 3848 4550 τελοῦντα

2298 4577 2454 4644 Ὀρθ.
2476 4577 2688 4648 Ὠσπερ
2720 4578 2781 4630 τὸ
2802 4577 3016 4646 λογικὸν
3047 4579 3104 4630 ἐν
3133 4579 3210 4650 τῷ
3233 4579 3359 4651 ζὼῳ
3395 4583 3546 4638 τελεῖ
3573 4585 3640 4638 τὰ
3664 4582 3849 4642 tam-3,

2300 4667 2360 4718 οῦ
2389 4667 2796 4737 κεχωρισμένον
2818 4667 2876 4719 ὂν
2901 4666 2996 4720 τοῦ
3023 4666 3161 4732 ζῶον
3177 4685 3190 4698 ⁸
3213 4669 3356 4721 οὕτω
3383 4670 3518 4735 Θεὸς
3537 4674 3724 4741 Λόγος,
3747 4673 3850 4725 ἔνιο-

2304 4760 2416 4825 θεϊς
2451 4758 2743 4830 ἀνθρώπῳ,
2768 4761 2915 4812 τελεῖ
2940 4759 3007 4812 τὰ
3038 4761 3319 4830 τεράστια,
3368 4763 3430 4815 οὗ
3479 4763 3848 4837 κεχωρισμένος

2304 4853 2404 4924 τῆς
2428 4851 2870 4923 ἀνθρωπότητος,
2901 4850 2970 4905 δι’
2997 4852 3188 4921 αὐτῆς,
3218 4853 3314 4906 καὶ
3346 4855 3404 4906 ἐν
3437 4857 3600 4928 αὐτῇ,
3635 4857 3725 4908 καὶ
3757 4854 3848 4924 μετ’

2305 4947 2496 5016 αὐτῆς,
2529 4945 2827 5015 εὐδοκήσας
2853 4944 2950 5014 τὴν
2966 4943 3161 4997 ἑαυτοῦ
3193 4943 3345 4998 θείαν
3365 4945 3600 5018 δύναμιν
3623 4947 3847 5017 ἐνεργεῖν.

2305 5040 2416 5093 Καὶ
2439 5039 2628 5109 ὥσπερ
2663 5039 2710 5091 εἰ
2732 5036 2844 5107 δοΐη
2863 5054 2946 5100 τις
2976 5036 3053 5107 τῷ
3081 5037 3225 5106 λόγῳ
3245 5036 3424 5106 ήλιον,
3443 5039 3537 5092 τὸν
3564 5040 3730 5111 μέγαν
3755 5033 3850 5088 τοῦ·

2303 5144 2395 5180 τον
2428 5127 2655 5198 ἀστέρα,
2676 5125 2764 5179 διὰ
2797 5125 3012 5196 λύχνου,
3041 5126 3134 5178 καὶ
3164 5128 3222 5178 ἐν
3248 5125 3430 5197 λύχνῳ
3480 5129 3776 5201 ἐκπέμπειν
3805 5122 3848 5171 τὸ

2307 5219 2500 5272 ἑαυτοῦ
2556 5218 2707 5288 φῶς·
2760 5220 2825 5270 ἐκ
2878 5217 3219 5287 παραλλήλου
3276 5219 3389 5290 γὰρ
3446 5220 3611 5274 πάλιν
3649 5219 3708 5272 τὺ
3745 5211 3849 5268 αὐτὸ

2305 5310 2469 5364 ἄκουε
2489 5328 2504 5342 ο
2532 5311 2594 5363 οὐ
2615 5309 2707 5363 δύο
2738 5309 2891 5378 φῶτά
2919 5311 3075 5362 εἰσιν.
3108 5310 3182 5362 Οὐ
3203 5309 3310 5381 γὰρ
3335 5311 3518 5381 φαίνει
3548 5310 3731 5381 λύχνος
3746 5320 3847 5360 κατ-

2935 5461 2960 5490 ⁶
2995 5459 3096 5515 lsa.
3140 5478 3205 5526 ι,
3243 5463 3298 5518 6.
3397 5466 3419 5496 ⁷
3462 5463 3591 5522 Luc.
3629 5455 3846 5529 rm,“-

2399 5688 2474 5756 (il
2507 5687 2659 5753 Mss,
2683 5690 2746 5756 τῇ
2784 5688 2880 5756 μὲν
2910 5687 3107 5756 χάριτι.

2402 5759 2476 5828 (3)
2511 5757 2663 5823 Mss,
2700 5759 2816 5812 Ἔτι
2839 5757 2894 5811 δὲ
2934 5758 3024 5812 καὶ
3058 5759 3103 5809 εἰ
3127 5757 3304 5821 αὐτός.
