3982 6398
211 375 323 430 1281

1159 364 1246 420 DE
1283 362 1551 421 SANCTA
1593 362 1966 419 ΤΒΙΝΙΤΛΤΕ
2002 360 2352 423 ωιιοευε
2397 364 2461 422 ν.

3256 358 3263 385 ⁵
3274 362 3415 420 1182

206 490 366 542 ἔναντι
407 481 558 552 ἡλίου
587 497 600 511 ·
659 481 721 534 οὐ
743 479 852 552 γὰρ
882 478 1145 534 κωλύεται
1176 474 1316 533 εἶναι
1341 477 1532 550 λύχνος
1559 495 1573 510 ο
1613 478 1740 534 ἀλλά

1849 477 1954 531 alia
1984 477 2393 547 comparatione
2419 475 2612 531 audias
2642 475 2839 541 velim;
2875 487 2981 529 non
3011 479 3141 530 sunt
3164 472 3286 529 duc
3327 474 3415 529 lu-

209 578 342 650 μένει
364 573 457 645 μὲν
486 574 587 645 τὴν
622 573 760 627 ίδίαν
798 572 1080 643 ἐνέργειαν
1108 572 1205 625 καὶ
1240 572 1454 643 κίνησιν
1482 570 1620 643 ἔχων
1640 588 1654 602 ·
1684 571 1746 625 ού

205 668 364 739 φαίνει
383 665 436 719 δὲ
455 665 551 718 τοῦ
581 664 732 736 ἡλίου
760 664 837 735 (6)
868 666 927 717 ὲν
952 663 1210 735 αὐτῷκαὶ
1246 663 1314 717 δι’
1334 664 1500 718 αὐτοῦ
1527 663 1747 735 φαίνον-

201 776 301 823 cog,
327 757 414 812 καὶ
442 755 909 827 κατακρατοῦντος
930 755 1025 809 τοῦ
1062 755 1275 825 λύχνου,
1295 757 1390 808 καὶ
1424 754 1749 826 ἱδιοποιησα-

205 844 352 919 μένου
380 844 557 908 αὐτὸν,
612 844 687 906 ὼς
715 845 809 898 καὶ
858 844 1050 914 λύχνον
1093 844 1422 915 χρηματίσαι
1442 843 1533 897 τὸν
1564 844 1743 915 ἣλιον·

200 939 331 995 οὕτω
360 937 489 1000 Θεὸς
526 938 717 1005 Λόγος,
744 939 802 990 ἐν
840 935 1044 1006 λογικῷ
1082 937 1177 989 καὶ
1215 935 1303 990 διὰ
1351 934 1569 1003 λογικοῦ
1607 933 1746 1000 ζὼου

199 1037 289 1110 τὴν
310 1034 437 1088 ἰδίαν
467 1032 695 1103 δύναμιν
718 1032 975 1102 ἐνεργῶν,
1026 1031 1122 1087 καὶ¹
1150 1030 1291 1102 ὑπὲρ
1320 1029 1419 1101 τὴν
1451 1028 1613 1099 φύσιν
1643 1030 1746 1100 τὴν

202 1128 327 1184 ιδίαν
377 1125 629 1179 ἀποτελεῖ
672 1117 760 1178 τὸ⁶
782 1123 920 1189 ζῶον
975 1124 1191 1195 εὐδοκία
1213 1124 1281 1194 τῇ
1324 1121 1540 1189 ἑαυτοῦ,
1566 1122 1748 1176 καὶτὸ

198 1218 324 1283 ζῶον
350 1211 485 1269 εἶναι
505 1214 719 1281 λογικὸν
739 1214 841 1267 οὐκ
859 1211 1102 1266 ἐκώλυσε
1132 1229 1146 1245 ·
1174 1213 1271 1267 καὶ
1296 1214 1326 1266 ό
1353 1211 1516 1276 αὐτὸς
1540 1210 1749 1282 ἀνθρω-

195 1326 286 1372 quo;
323 1306 678 1378 χρηματίζειν
711 1306 774 1358 οὐ
803 1304 1127 1374 κατηξίωσε,
1164 1304 1257 1357 καὶ
1282 1303 1450 1357 τελῶν
1480 1302 1553 1357 τά
1584 1302 1748 1374 τερά-

196 1418 306 1456 στια
335 1401 395 1454 ού
423 1397 749 1471 κεχώρισται
796 1396 891 1451 τοῦ
921 1396 1230 1461 ὲνωθέντος,
1275 1396 1443 1465 ἤγουν
1486 1396 1745 1469 (7)1:poa-

190 1493 493 1565 ληφθέντος,
547 1490 661 1545 ἀλλ’
694 1491 771 1554 ὡς
802 1485 895 1543 οὖν
936 1488 1000 1542 τὸ
1047 1487 1255 1541 ἐκείνου
1285 1486 1502 1556 γεγονὸς
1536 1487 1749 1557 ἐνεργεῖ

188 1586 252 1639 τὰ
271 1584 475 1639 πάνταο
511 1585 607 1637 καὶ
634 1581 721 1636 διὰ
739 1581 917 1646 τοῦτο,
951 1599 969 1634 ι
1002 1580 1063 1634 '0
1085 1581 1258 1651 Λόγος
1282 1580 1419 1651 σὰρξ
1452 1579 1686 1649 ἐγένετο,
1719 1597 1739 1632 ι

185 1676 409 1747 εἴρηται,
456 1673 552 1727 καὶ
578 1674 679 1726 οὐκ
705 1676 764 1727 ὲν
808 1672 990 1745 σαρκὶ,
1022 1672 1112 1726 ῑνα
1143 1669 1361 1742 γνῶμεν
1384 1670 1485 1745 τὴν
1512 1668 1572 1735 ἐξ
1599 1670 1747 1723 εὐδο-

186 1766 298 1830 κίας
328 1764 542 1830 ἕνωσιν,
572 1766 667 1818 καὶ
705 1763 862 1817 τοῦτο
892 1762 1230 1834 διδαχθέντες
1262 1761 1496 1834 Χριστὸν
1523 1762 1618 1815 ἕνα
1651 1762 1744 1816 καὶ

180 1859 266 1912 τὸν
283 1858 443 1913 αὐτὸν
470 1855 829 1927 γνωρίζωμεν
849 1855 981 1909 Θεὸν
1002 1854 1101 1908 καὶ
1129 1854 1437 1926 ἄνθρωπον.

1852 586 1964 626 ces.
1994 570 2105 627 Nec
2134 570 2279 625 enim
2301 571 2524 627 lucerna
2556 570 2658 625 soli
2682 568 2933 640 opposita
2986 567 3265 638 splendet,
3310 583 3415 625 nec

1851 670 2030 716 tanien
2063 668 2245 717 cessat
2271 677 2395 718 esse
2434 661 2691 728 lucerna;
2749 660 2844 716 sed
2904 662 2961 716 in
2994 676 3092 717 sua
3135 669 3417 731 permanet

1849 753 2087 807 efﬁcacia
2120 761 2285 823 atque
2307 761 2456 808 motu
2496 764 2590 808 :at
2619 768 2731 809 non
2759 753 2999 823 splende-
3034 754 3151 810 sole
3193 754 3248 809 in
3295 755 3415 826 ipsa

1849 854 1904 900 et
1926 861 2022 916 per
2042 846 2216 916 ipsam
2245 846 2586 915 splendente,
2609 854 2662 902 et
2685 847 2788 917 ipsi
2812 846 3047 903 lucerna:
3072 846 3410 910 dominante,

1847 950 2079 1005 eamque
2108 944 2169 989 ut
2198 936 2303 991 sibi
2365 937 2643 1007 propriam
2693 937 3028 1000 vindicante,
3081 937 3219 993 adeo
3246 946 3305 993 ut
3332 939 3414 993 sol

1849 1027 2014 1080 etiam
2047 1026 2279 1095 accipiat
2299 1027 2470 1096 ipsius
2496 1027 2734 1081 lucernae
2757 1042 2957 1081 nomen
2986 1027 3094 1081 :ita
3121 1025 3261 1083 Deus
3284 1026 3418 1082 Ver-

1849 1113 1979 1169 bum
2007 1115 2117 1169 vim
2148 1130 2304 1171 suam
2324 1117 2380 1170 in
2415 1117 2688 1181 rationali,
2719 1126 2774 1172 et
2801 1132 2899 1188 per
2925 1118 3192 1173 rationale
3215 1118 3418 1172 animal

1849 1222 2132 1273 exercens,
2163 1208 2296 1262 facit
2321 1223 2422 1278 pro
2448 1223 2548 1265 sua
2579 1210 2720 1265 bona
2752 1211 3035 1266 voluntate
3081 1210 3282 1264 animal
3319 1225 3417 1264 su-

1850 1314 1947 1371 pra
1981 1315 2146 1370 quam
2182 1299 2319 1356 ferat
2366 1305 2585 1374 propria
2621 1304 2938 1358 animalium
2986 1313 3182 1359 natura
3239 1305 3418 1375 perfe-

1850 1400 2033 1458 ctum,
2080 1406 2259 1462 neque
2305 1400 2487 1448 tamen
2515 1395 2766 1465 prohibet
2792 1396 3089 1466 quominus
3112 1397 3183 1451 sit
3214 1398 3417 1451 animal

1848 1484 2062 1539 ratione
2117 1483 2405 1554 pneditum
2445 1503 2458 1540 :
2506 1487 2760 1556 idemque
2814 1503 2925 1549 non
2976 1486 3298 1558 dedignatus
3331 1498 3419 1545 est

1850 1576 2012 1630 homo
2026 1575 2237 1637 vocari.
2268 1590 2445 1647 neque
2473 1576 2603 1631 dum
2631 1576 2815 1632 ederet
2841 1577 3108 1648 prodigia.
3138 1579 3415 1649 sejunctus

1849 1664 1953 1721 fuit
1979 1666 2048 1719 ab
2077 1680 2164 1729 eo,
2204 1666 2428 1736 quicum
2477 1674 2563 1722 est
2596 1668 2804 1730 unitos,
2837 1669 2953 1722 sive
2988 1683 3147 1738 quem
3197 1683 3415 1724 assum-

1850 1758 1978 1828 psit,
2007 1757 2102 1812 sed
2137 1758 2299 1812 homo
2329 1756 2506 1813 factus
2540 1760 2725 1814 omnia
2759 1759 2921 1815 eﬂlcit
2960 1776 2973 1813 :
3004 1760 3235 1831 ideoque
3279 1760 3417 1815 dici-

1767 1841 1810 1897 Β
1839 1860 1969 1906 tur:
2006 1870 2025 1902 ι
2052 1848 2291 1907 Verbum
2332 1866 2463 1906 caro
2491 1850 2695 1906 factum
2725 1861 2810 1907 est
2842 1854 2888 1919 ’,
2932 1872 2951 1905 ι
2979 1870 3091 1908 non
3128 1866 3309 1908 autem
3357 1856 3413 1908 in

180 1963 356 2011 carne,
389 1955 450 2002 ut
477 1960 870 2020 cognoscamus
892 1944 1147 1999 unionem
1192 1957 1314 2012 quae
1357 1956 1425 1997 es
1471 1940 1813 2012 beneplacito
1858 1939 2003 1995 facta
2062 1949 2168 2004 est,
2213 1946 2270 1994 et
2297 1940 2380 1994 sic
2405 1939 2606 2006 edocti,
2644 1956 2811 1997 unum
2863 1942 3229 2015 eamdemque
3262 1937 3418 2000 Citri-

177 2053 314 2110 stmn
342 2050 399 2097 ut
433 2041 602 2097 Deum
631 2049 685 2097 et
711 2041 986 2095 hominem
1016 2052 1404 2110 agnoscamus.

238 2102 323 2193 ἐξ.
373 2140 627 2193 Ἀπολλ.
653 2102 1186 2210 Προσκυνεῖταινύπὸ
1213 2134 1457 2203 ἀγγέλων
1478 2135 1507 2187 ὁ
1537 2131 1747 2204 ἀνθρω-

175 2244 286 2291 πος,
322 2225 466 2299 ῆοῦ.
511 2224 652 2280 Ἀλλ’
699 2227 749 2279 εί
786 2226 882 2297 μὲν
914 2226 975 2279 ού
1019 2227 1424 2296 προσκυνεῖται,
1460 2223 1577 2287 πῶς
1600 2222 1743 2293 ἥνω-

169 2333 272 2379 ται,
306 2317 402 2371 καὶ
437 2316 759 2370 ἀποστέλλει
787 2318 817 2369 ὁ
849 2314 976 2379 Υἱὸς
1004 2317 1129 2378 τοὺς
1158 2313 1421 2383 ἀγγέλους
1451 2311 1649 2374 αὐτοῦς
1691 2312 1741 2363 εί

169 2406 221 2459 δὲ
244 2409 635 2479 προσκυνεῖται
655 2406 744 2461 διὰ
764 2406 826 2460 τὸ
852 2408 911 2460 ὲν
937 2404 1085 2476 αὐτῷ
1109 2404 1258 2458 θείαν
1288 2404 1564 2475 ἐνοικῆσαι
1584 2403 1748 2458 δύναο

171 2516 275 2567 μιν,
313 2501 434 2562 πῶς
467 2499 581 2553 ὑπὸ
606 2498 715 2552 τῶν
740 2498 827 2551 ἀεὶ
872 2496 1023 2550 θείαν
1069 2496 1300 2568 ἐχόντων
1330 2495 1559 2566 δύναμιν
1607 2496 1746 2548 Evot-

167 2587 396 2653 κοῦσαν;
434 2586 547 2642 Kal
579 2588 736 2658 ἡμεῖς
764 2586 822 2640 δὲ
851 2588 1296 2658 προσκυνήσομεν
1328 2584 1511 2657 (8)τὸν
1531 2583 1742 2655 ἄνθρω-

164 2680 324 2752 πον,ἢ
341 2680 430 2737 οῦ.
458 2679 605 2734 Ἀλλ’
618 2681 667 2732 εί
692 2679 790 2750 μὲν
808 2679 868 2732 οὐ
892 2680 1359 2751 προσκυνήσομεν,
1378 2676 1741 2748 πῶςήνῶσθαι

164 2771 458 2843 νομιοῦμεν
481 2771 671 2835 αὑτὸν,
710 2771 806 2824 καὶ
846 2769 961 2833 πῶς
984 2771 1066 2834 είς
1096 2769 1190 2823 τὸν
1222 2768 1446 2822 θάνατον
1462 2766 1624 2821 αὐτοῦ
1649 2765 1744 2837 βα-

160 2861 468 2933 πτιζόμεθα
494 2878 510 2928 ;
541 2863 592 2916 εί
626 2862 683 2915 δὲ
727 2861 1195 2934 προσκυνήσομεν,
1240 2859 1433 2932 ὥσπερ
1461 2860 1551 2914 τὸν
1582 2858 1738 2925 Θεὸν,

160 2950 298 3005 οὕτω
322 2954 421 3007 zal
456 2954 558 3006 τὸν
583 2952 886 3023 ἄνθρωπον,
914 2952 1253 3024 ἀσεϐήσομεν
1302 2953 1512 3024 κτίσμα
1548 2951 1741 3026 κτίστῃ

156 3041 213 3093 ἐν
237 3041 337 3114 ίσῳ
363 3042 642 3105 τιθέντες.
666 3042 774 3096 Kal
794 3045 842 3096 εί
880 3044 1071 3116 κριτὴν
1106 3044 1495 3116 προσδοκῶμεν
1538 3043 1631 3097 τὸν
1645 3043 1740 3098 ἀν-

158 3129 372 3201 θρωπον
409 3132 564 3204 μετά
610 3132 703 3186 τοῦ
733 3132 870 3186 Θεοῦ
918 3132 1219 3202 φωτίζοντα
1272 3132 1344 3187 τὰ
1399 3132 1615 3206 κρυπτὰ
1644 3132 1739 3186 τοῦ

153 3221 398 3287 σκότους,
434 3223 547 3295 τὴν
572 3221 667 3276 τοῦ
693 3222 827 3276 Θεοῦ
850 3222 1030 3294 κρίσιν
1054 3224 1398 3294 ἀναθήσομεν
1427 3222 1702 3295 ἀνθρώπῳ
1720 3239 1735 3254 ⁸

151 3312 197 3364 εί
218 3310 276 3364 δὲ
298 3314 400 3385 μὴ,
440 3313 570 3377 πῶς
612 3331 632 3365 ι
658 3313 854 3367 ἔδωκεν
869 3312 1016 3385 αύτῷ
1039 3316 1069 3367 ὁ
1093 3313 1281 3387 Πατὴρ
1302 3314 1547 3379 ἐξουσίαν
1562 3313 1739 3384 κρίσιν

1909 2125 1999 2182 28.
2029 2126 2201 2196 Apoll.
2232 2126 2315 2181 Ab
2349 2127 2560 2197 angelis
2589 2128 2671 2183 vel
2711 2128 2993 2194 aduratur,
3025 2132 3106 2186 vel
3140 2149 3248 2189 non
3278 2135 3412 2190 ado-

1840 2228 1994 2273 ratur
2039 2218 2222 2275 homo.
2254 2219 2323 2272 Λι
2350 2221 2397 2275 si
2428 2235 2538 2274 nou
2596 2222 2881 2285 adoratur,
2915 2226 3190 2290 qttomodo
3221 2227 3413 2282 unitus

1841 2305 2097 2371 fuerit,et
2124 2308 2291 2361 mittit
2320 2309 2547 2378 angelos
2568 2324 2700 2364 suos
2728 2307 2938 2364 Filius?
2978 2309 3074 2365 Sin
3104 2327 3233 2367 vero
3275 2314 3411 2369 ado-

1839 2407 1993 2452 rator
2020 2407 2240 2469 propter
2267 2398 2507 2453 divinam
2537 2404 2791 2455 virtutem
2819 2401 2874 2455 in
2905 2401 3025 2471 ipso
3047 2403 3408 2471 habitantem,

1840 2489 2113 2560 quomodo
2177 2488 2440 2543 adoratur
2490 2490 2559 2543 ab
2603 2490 2671 2544 iis
2717 2489 2810 2560 qui
2858 2493 3116 2547 virtutem
3171 2495 3407 2550 divinam

1839 2596 2056 2651 semper
2078 2581 2279 2636 habent
2299 2582 2353 2635 in
2388 2595 2510 2636 sese
2543 2580 2910 2637 habitantem?
2936 2583 3040 2640 Sed
3073 2594 3128 2641 et
3160 2602 3261 2641 nos
3285 2588 3412 2643 ado-

1839 2674 2084 2727 rahimus
2101 2672 2396 2736 hominem,
2413 2673 2499 2728 vel
2520 2688 2629 2727 non
2650 2674 3025 2732 adorabimus.
3048 2675 3206 2743 Quod
3226 2679 3272 2733 si
3298 2695 3409 2734 non

1838 2761 2210 2825 adorabimus,
2235 2761 2510 2832 quomodo
2540 2762 2718 2832 ipsum
2751 2764 2962 2819 unitum
2993 2780 3115 2821 esse
3155 2767 3409 2823 censebi-

1838 2868 1982 2916 mus,
2001 2861 2056 2907 et
2080 2853 2354 2923 quomodo
2382 2853 2436 2907 in
2468 2852 2640 2924 ipsius
2658 2864 2883 2910 mortem
2919 2858 3289 2928 baptizamur?
3312 2859 3409 2916 Sin

1839 2957 1971 2998 vero
1999 2943 2081 2998 sic
2108 2944 2384 3000 hominem
2421 2931 2713 3005 adoremus
2740 2961 2799 3004 ut
2823 2948 3014 3016 Deum,
3056 2954 3221 3025 impie
3245 2956 3411 3012 facie-

1839 3051 1981 3099 mus,
1997 3051 2111 3091 rem
2142 3047 2383 3092 creatam
2401 3050 2750 3111 exequantes
2774 3041 3042 3099 Creatori.
3063 3044 3330 3104 Praeterea
3362 3048 3409 3105 si

1838 3128 2112 3183 hominem
2143 3139 2522 3200 exspectemus
2553 3138 2613 3186 ut
2639 3133 2900 3202 judicem,
2923 3138 3017 3206 qui
3036 3136 3283 3207 adjutore
3298 3133 3412 3194 Deo

1838 3217 2103 3273 illuminet
2123 3218 2438 3274 abscondita
2457 3223 2822 3288 tenebrarum.
2842 3225 3131 3295 judicium,
3150 3228 3294 3300 quod
3316 3229 3411 3285 Dei

1839 3315 1942 3369 est,
1974 3309 2178 3363 homini
2210 3312 2533 3368 tribuemus.
2564 3311 2661 3369 Sin
2695 3316 3195 3388 minus:quomodo
3215 3338 3234 3373 ι
3262 3321 3412 3377 dedit

147 3407 340 3467 ποιεῖν,
376 3406 467 3458 ὅτι
495 3405 635 3469 Υίὸς
657 3405 942 3476 ἀνθρώπου
972 3407 1123 3475 ﬁeri;
1169 3425 1189 3459 ι
1234 3407 1327 3461 καὶ
1354 3408 1471 3471 πῶς
1532 3408 1738 3478 ἥνωται

1842 3401 1888 3455 ei
1914 3399 2074 3455 Pater
2094 3409 2416 3470 potestatem
2445 3403 2636 3474 judicii
2662 3405 2926 3463 faciendi:
2961 3410 3087 3481 quia
3117 3407 3288 3468 Filius
3314 3413 3412 3466 ho-

144 3491 221 3564 τῷ
245 3494 500 3565 κρίνοντι
531 3516 549 3562 ;
582 3496 737 3565 Ὀρθ.
764 3496 862 3551 Διά
886 3497 999 3570 γὰρ
1050 3496 1209 3552 τοῦτο
1245 3497 1402 3551 ἔλασε
1447 3498 1597 3570 παρά
1643 3497 1738 3551 τοῦ

142 3581 274 3636 Θεοῦ
304 3583 583 3650 ἐξουσίαν
608 3584 787 3655 κρίσιν
821 3588 1013 3648 ποιεῖν,
1058 3585 1260 3657 Κύριος
1309 3584 1386 3638 ὢν
1433 3585 1531 3656 τῆς
1581 3584 1740 3655 δόξης

141 3675 233 3725 καὶ
258 3675 454 3747 πάσης
483 3675 767 3742 ἐξουσίας,
792 3677 1006 3748 ἐπειδὴ,
1028 3675 1161 3741 Θεὸς
1194 3677 1365 3745 Λόγος
1399 3675 1495 3743 ὢν,
1524 3676 1741 3744 ἐγένετο

137 3764 456 3838 ἄνθρωπος,
487 3766 634 3837 ὃλην
653 3767 1045 3839 ἀνθρωπότητα
1077 3766 1272 3823 λαὸὡν.
1323 3768 1386 3820 Ἡ
1413 3766 1522 3838 γάρ
1558 3766 1739 3839 μορφὴ

133 3858 225 3911 τοῦ
255 3859 459 3912 δούλου
493 3860 607 3929 ὅλη
641 3860 787 3912 ἐστὶν
826 3859 1196 3932 ἀνθρωπότης,
1244 3858 1377 3930 ὼςή
1419 3859 1598 3930 μορφὴ
1642 3859 1737 3911 τοῦ

133 3948 266 4004 Θεοῦ
293 3950 396 4022 ὅλη
440 3950 675 4017 θεότης.
705 3950 816 4002 Kal
835 3951 994 4021 ἡμεῖς
1016 3950 1108 4003 καὶ
1139 3949 1361 4018 ἄγγελοι
1394 3948 1730 4020 προσκυνοῦ-

134 4055 231 4107 μεν
263 4041 427 4111 αὐτῷ
442 4039 534 4110 τῷ
560 4037 689 4109 Θεῷ
713 4039 887 4110 Λόγῳ,
920 4041 1131 4111 μορφὴν
1156 4039 1342 4093 δούλου
1377 4038 1615 4092 λαϐόντιυ
1647 4040 1740 4093 καὶ

130 4130 227 4183 οὐκ
247 4131 310 4182 ἐν
344 4130 527 4202 μέρει
570 4128 668 4182 τὸν
701 4128 832 4181 Θεὸν
878 4129 1307 4200 προσκυνοῦμεν,
1360 4129 1454 4182 καὶ
1482 4132 1540 4183 ὲν
1578 4131 1738 4201 μέρει

126 4221 217 4274 τὸν
245 4221 569 4294 ἄνθρωπον
602 4235 617 4248 ·
640 4217 760 4272 οὐδὲ
789 4220 992 4290 κτίσμα
1019 4222 1112 4274 καί⁹
1138 4220 1362 4291 κτίστην
1390 4223 1449 4275 ὲν
1477 4222 1576 4292 ῐσῳ
1593 4221 1738 4275 τιθέ-

129 4312 271 4383 μεθα
290 4331 306 4345 ⁸
336 4314 466 4368 ἀλλ’
484 4313 695 4383 ὥσπερ
718 4312 804 4373 σὺ,
834 4313 964 4381 εἴγε
994 4313 1273 4382 ὁμολογεῖς
1290 4311 1393 4367 κᾶν
1414 4313 1544 4382 γοῦν
1562 4314 1739 4386 σάρκα

122 4406 424 4474 ὁμοούσιον
479 4407 635 4476 ἡμῖν
685 4403 846 4456 αὐτὸν
902 4403 1131 4457 λαϐόντα
1177 4406 1243 4458 ἐκ
1299 4405 1397 4477 τῆς
1441 4405 1736 4476 Παρθένου,

124 4500 474 4566 προσκυνεῖς
507 4495 692 4550 αὑτὸν
716 4494 1063 4567 σαρκωθέντα
1094 4496 1231 4567 μεεά
1256 4498 1355 4568 τῆς
1384 4496 1605 4569 σαρκὸς,
1637 4498 1739 4551 οὐκ

119 4590 178 4641 ἐν
209 4592 315 4660 ῖσῳ
337 4588 535 4652 τιθεὶς
559 4586 672 4658 τὴν
701 4587 876 4656 σάρκα
905 4586 998 4639 καὶ
1026 4584 1123 4657 τὴν
1151 4586 1397 4657 θεότητα,
1431 4588 1550 4642 οὐδὲ
1569 4588 1733 4659 χωρί-

119 4679 228 4743 ζων
260 4684 371 4755 τὴν
431 4683 664 4753 σάρκα,
717 4679 810 4732 καὶ
865 4680 922 4732 ὲν
978 4678 1134 4750 μέρει
1177 4679 1495 4750 προσκυνῶν
1548 4678 1735 4750 αὐτὴν,

1844 3492 2009 3547 minis
2039 3503 2123 3547 est
2156 3494 2234 3547 “'2
2265 3514 2285 3546 ι
2318 3503 2371 3551 et
2407 3498 2678 3566 quomodo
2710 3508 2794 3553 est
2829 3500 2928 3570 ipsi
2981 3501 3155 3570 judici
3188 3503 3410 3557 unitus‘!

1848 3582 1999 3637 Orth.
2025 3583 2126 3651 Qui
2152 3585 2414 3643 Dominus
2436 3596 2520 3643 est
2544 3589 2731 3660 gloria:
2759 3593 3048 3662 omnisque
3099 3594 3407 3663 potestatis,

1841 3676 2047 3731 idcirco
2084 3679 2292 3746 accepit
2316 3678 2510 3748 judicii
2555 3684 2842 3737 exercendi
2887 3692 3231 3754 pctestatem,
3259 3676 3428 3756 quod’

1841 3786 1965 3824 cum
2004 3771 2143 3827 Deus
2173 3786 2318 3827 esset
2352 3772 2607 3835 Verbum,
2654 3773 2831 3829 factus
2883 3776 2955 3830 sit
2999 3776 3182 3837 homo.
3236 3783 3406 3831 totam

1841 3872 2091 3915 naturam
2137 3877 2424 3918 assumens
2466 3864 2778 3919 humanam.
2828 3862 3024 3919 Forma
3070 3866 3215 3920 enim
3261 3865 3406 3921 SGI‘Vi

1838 3965 1921 4009 est
1954 3963 2062 4008 tota
2088 3955 2327 4008 humana
2360 3964 2575 4019 natura,
2602 3965 2660 4010 ut
2697 3957 2866 4010 forma
2907 3955 2999 4011 Dei
3032 3965 3115 4013 est
3154 3965 3263 4011 tota
3290 3955 3408 4011 dei»

1838 4052 1941 4099 tas.
1972 4044 2037 4098 Et
2073 4058 2196 4111 nos,
2224 4057 2279 4101 et
2315 4046 2491 4118 angeli
2522 4046 2699 4117 ipsum
2744 4046 2911 4102 Deum
2942 4046 3180 4104 Verbum
3209 4047 3408 4103 adora-

1838 4151 1980 4200 mus,
2031 4136 2124 4207 qui
2156 4135 2384 4190 formam
2436 4137 2578 4192 servi
2610 4138 2949 4208 assumpsit:
2986 4153 3166 4209 neque
3196 4138 3397 4208 partim

1838 4228 2028 4294 Deum,
2049 4229 2247 4299 partim
2271 4230 2543 4286 hominem
2562 4230 2879 4295 adoramus,
2903 4246 3079 4301 neque
3107 4246 3221 4287 rem
3249 4245 3409 4286 crea-

1836 4329 1945 4375 tam
1974 4318 2221 4375 Creatori
2249 4323 2651 4392 mquiparamus
2677 4342 2689 4377 :
2727 4323 2818 4379 sed
2843 4330 2901 4377 ut
2934 4331 2989 4377 tu
3042 4321 3180 4392 ipse,
3210 4322 3254 4378 si
3284 4322 3408 4392 qui-

1838 4410 1959 4465 dem
1980 4425 2104 4465 eum
2131 4412 2411 4468 conﬁteris
2458 4427 2678 4468 carnem
2731 4414 2921 4468 saltem
2975 4413 3134 4468 nobis
3166 4414 3407 4469 consub-

1837 4503 2144 4558 stantialem
2169 4519 2236 4559 ex
2264 4503 2485 4575 Virgine
2522 4506 2823 4576 accepisse,
2845 4506 3041 4561 adoras
3092 4506 3269 4577 ipsum
3320 4506 3407 4560 in-

1837 4604 2119 4649 carnatum
2154 4611 2278 4650 cum
2307 4611 2494 4662 carne,
2523 4612 2700 4667 neque
2737 4609 2916 4652 tamen
2947 4612 3166 4652 carnem
3218 4596 3401 4651 deitati

1840 4701 2116 4757 exaequas,
2142 4703 2319 4757 neque
2340 4703 2559 4743 carnem
2581 4703 2856 4759 segregas,
2876 4697 2931 4741 et
2959 4697 3165 4759 partem
3185 4687 3400 4752 adoras,

113 4775 253 4829 ἀλλά
309 4745 423 4846 τὴν
493 4745 749 4842 θεάτητα
810 4770 946 4842 μεεά
981 4745 1097 4841 *τῆς
1131 4745 1333 4843 σαρκὸς
1385 4745 1735 4843 προσκυνεῖς·

1844 4778 1939 4833 sed
1970 4779 2226 4835 deitatem
2263 4794 2386 4835 cum
2418 4794 2582 4835 carne
2614 4745 2812 4835 adoras
2847 4800 2860 4836 :
2895 4782 2966 4835 ita
3018 4787 3071 4835 et
3104 4795 3205 4835 nos
3232 4779 3403 4834 deita-

111 4864 258 4919 οῦτω
275 4868 380 4921 καὶ
406 4868 605 4939 ἡμεῖς
638 4864 739 4935 τὴν
769 4863 997 4934 θεότητα
1055 4862 1548 4935 ὲνανθρωπήσασαν
1566 4878 1737 4934 προσ-

106 4961 425 5034 κυνοῦμεν,
474 4961 551 5015 οὐ
606 4957 937 5029 χωρίζοντες
962 4956 1129 5027 αὐτὴν
1168 4957 1269 5027 τῆς
1300 4956 1733 5028 ἀνθρωπότητος.

106 5052 221 5106 Kal
249 5053 510 5122 φωτίζει
538 5051 626 5104 τὰ
648 5049 867 5120 κρυπτὰ
882 5048 976 5103 τοῦ
1005 5047 1231 5113 σκότους
1258 5048 1515 5121 Χριστὸς,
1551 5044 1631 5112 εἷς
1658 5047 1737 5100 ὢν

103 5143 133 5194 ό
157 5144 331 5208 αὐτὸς
357 5143 514 5207 Θεὸς
538 5140 655 5195 καὶ
672 5139 975 5210 ἄνθρωπος,
1005 5138 1080 5202 ὡς
1105 5136 1217 5211 πῦρ
1265 5139 1324 5192 ὲν
1361 5136 1463 5210 ὕλῃ
1489 5136 1738 5207 φωτίζων

102 5238 234 5301 τοὺς
257 5235 647 5309 προσιόντας
661 5230 829 5285 αὑτοῦ
865 5231 944 5302 τῷ
969 5233 1129 5302 φωτὶ,
1150 5232 1212 5286 οὐ
1244 5228 1612 5303 χωριζόμενον
1637 5229 1738 5299 τῆς

100 5328 422 5401 ἑνωθείσης
450 5327 638 5396 ὕλης,
671 5322 792 5376 οὐδὲ
821 5322 1251 5395 ἀναλισκομένης
1282 5324 1380 5393 τῆς
1418 5321 1570 5393 ὕλης,
1602 5320 1736 5374 καθ-

99 5418 251 5492 άπερ
283 5420 423 5475 οὐδὲ
448 5422 490 5491 ἡ
533 5412 711 5484 παρὰ
729 5414 900 5484 Μωσῇ
924 5413 1104 5484 βάτος.

170 5578 194 5609 ⁸
232 5577 412 5633 Joan.
456 5591 479 5631 ι
502 5617 522 5641 ,
568 5570 679 5626 14.
756 5570 800 5602 ⁸⁸
831 5568 991 5628 Joan.
1025 5587 1081 5638 τ,
1114 5569 1182 5627 27

166 5735 249 5794 (ill
288 5736 394 5793 Sic
428 5747 590 5790 mss.
629 5726 783 5803 Editi
807 5745 956 5803 vero,
984 5730 1266 5786 κατέναντι
1288 5729 1457 5803 ἠλίοψ
1479 5728 1654 5801 φαίνει
1676 5728 1733 5783 δὲ

89 5808 190 5862 τοῦ
220 5809 346 5875 ᾐλ.,
383 5804 607 5861 multis
647 5799 895 5856 omissis.

1841 4877 1971 4937 tem,
1992 4885 2112 4940 quae
2147 4871 2384 4941 seipsam
2434 4871 2640 4925 homini
2678 4871 2872 4937 univit,
2935 4871 3247 4934 adoramus,
3303 4885 3401 4925 nec

1839 4974 1958 5015 eam
1975 4961 2044 5015 ab
2069 4961 2306 5016 humana
2337 4971 2531 5016 natura
2562 4962 2922 5032 sejungimus.
2951 4960 3204 5017 Christus
3238 4976 3403 5032 porro
3438 5032 3442 5039 ‘

1839 5051 2110 5106 illuminat
2138 5053 2451 5108 abscondita
2482 5054 2849 5120 tenebrarum,
2874 5040 3019 5125 quod
3039 5055 3111 5109 sit
3131 5056 3244 5124 ipse
3261 5052 3401 5109 Deus
3428 5062 3431 5065 ’

1840 5154 1896 5198 et
1953 5143 2138 5205 homo,
2184 5145 2639 5213 quemadmodum
2674 5145 2816 5215 ignis
2860 5146 2915 5201 in
2956 5145 3179 5200 materia
3222 5145 3399 5201 lucem

1842 5233 2091 5304 praebens
2147 5233 2215 5288 iis
2246 5231 2404 5306 571
2454 5235 2547 5305 qui
2587 5235 2652 5289 ad
2685 5236 2862 5290 lucem
2903 5234 3192 5299 accedunt,
3236 5235 3310 5290 ita
3340 5243 3401 5290 ut

1840 5340 2018 5396 neque
2052 5341 2085 5379 a
2128 5327 2351 5379 materia
2402 5334 2737 5396 segregetur,
2778 5326 2869 5381 cui
2903 5325 3090 5381 unitus
3142 5332 3247 5390 est,
3298 5340 3400 5380 nec

1845 5416 2072 5471 materia
2100 5415 2217 5486 ipsa
2241 5426 2618 5481 consumatur,
2644 5419 2787 5472 sicut
2818 5431 2917 5473 nec
2939 5416 3114 5472 rubus
3162 5415 3272 5481 ille,
3304 5431 3403 5471 cu-

1850 5504 1935 5575 ius
1960 5514 2046 5561 est
2084 5505 2225 5576 apud
2252 5504 2471 5577 Moysen
2498 5507 2721 5561 mentio.

1938 5732 1990 5800 7)
2022 5727 2174 5800 Μῦς..
2207 5729 2367 5800 ἤτουν

1938 5732 1990 5797 7)
2022 5732 2174 5791 Μῦς..
2207 5732 2367 5800 ἧτουν

1912 5732 1992 5867 ἓὸ)
2021 5798 2216 5866 Palat.,
2254 5800 2338 5856 hic
2368 5808 2421 5856 et
2455 5799 2616 5866 infra,
2651 5797 3128 5868 προσκυνήσωμεν.
