3982 6398
612 366 753 423 1185

1740 364 1798 420 S.
1834 362 2294 419 ATHANASIUS.
2336 394 2403 404 —
2446 362 2696 420 SPURIA

3709 367 3826 423 1284

680 486 772 542 29.
811 484 983 556 Apoll.
1020 483 1077 539 Si
1110 483 1274 539 homo
1299 482 1589 555 adjunctus
1617 490 1704 538 est
1730 482 1876 547 Deo,
1907 484 2048 537 alius
2075 491 2156 538 est

2327 481 2414 537 29.
2453 484 2697 538 Ἀπολλ.
2718 481 3036 553 Ἄνθρωπος
3070 481 3192 553 Θεῷ
3207 484 3635 555 παραζευχθεὶς,
3665 483 3829 556 ῑτερος

610 591 772 646 quam
816 575 977 639 Deus,
1005 575 1058 629 si
1090 582 1205 629 tum
1236 582 1419 629 motus
1444 573 1706 628 animales
1734 574 2018 645 respicias,
2045 581 2160 627 tum

608 664 978 727 rationabiles,
1021 672 1136 717 tum
1171 664 1464 733 patibiles;
1495 671 1548 717 et
1581 662 1815 733 patiens,
1864 662 2067 733 patitur
2104 669 2163 716 ut

607 757 767 821 alius,
802 764 857 810 et
886 756 1167 818 adoratus,
1199 756 1464 810 aduratur
1498 763 1558 809 ut
1585 755 1747 811 alius.
1784 755 1856 809 At
1887 755 1981 809 Dei
2008 770 2160 822 caro,

604 847 730 900 vitae
765 852 850 901 est
895 845 1317 900 instrumentum
1358 847 1431 900 ita
1474 846 1823 915 passionibus
1858 846 1973 901 suis
2015 860 2164 901 com-

604 941 840 1009 positum
862 978 878 1003 ,
913 947 973 993 ut
1003 939 1208 994 divinis
1245 940 1495 995 consiliis
1517 938 1770 1009 quadret,
1800 954 1983 1009 neque
2015 938 2164 1009 cogi-

604 1030 840 1084 tationes
869 1028 1095 1094 fuerint
1137 1030 1321 1085 carnis
1366 1033 1620 1099 propriae,
1667 1045 1843 1100 neque
1873 1032 2160 1094 actiones;

600 1130 657 1175 et
703 1135 832 1175 caro
884 1121 1004 1191 ipsa
1058 1121 1412 1192 passionibus
1479 1130 1641 1191 prout
1695 1122 1850 1175 carni
1905 1121 2164 1176 convenit

603 1214 870 1283 subjecta,
923 1215 1034 1268 illis
1089 1214 1338 1284 superior
1381 1214 1586 1276 evadit,
1634 1214 1893 1283 quoniam
1937 1222 2023 1269 est
2069 1213 2162 1268 Dei

601 1321 756 1369 caro,
788 1306 923 1362 adeo
948 1313 1009 1361 ut
1039 1306 1096 1360 in
1127 1306 1453 1375 corporibus
1486 1321 1594 1360 non
1629 1305 1881 1360 similiter
1906 1304 2151 1375 quidem,

598 1406 657 1452 at
696 1398 1025 1453 animalibus
1070 1405 1274 1459 tamen,
1304 1396 1383 1451 sit
1422 1396 1840 1466 impatibiiitatis
1876 1403 2066 1449 auctor
2098 1410 2162 1449 ac

598 1489 928 1559 principium
984 1506 998 1542 :
1049 1495 1104 1542 et
1152 1487 1414 1542 adoratur
1461 1496 1519 1540 ut
1567 1485 1660 1541 Dei
1704 1489 1870 1551 caro,’
1903 1487 2159 1555 quoniam

599 1579 705 1634 hac
731 1581 943 1634 ratione
973 1580 1019 1636 is
1051 1578 1143 1648 qui
1171 1578 1428 1635 adoratur
1454 1585 1540 1632 est
1570 1576 1734 1639 Deus,
1760 1586 1813 1632 et
1843 1577 2002 1632 nobis
2027 1592 2163 1631 con-

594 1672 934 1740 iunctionem
970 1685 1095 1724 cum
1136 1685 1201 1725 eo
1248 1670 1472 1740 praebet,
1504 1669 1663 1737 cujus
1696 1677 1779 1723 est
1814 1682 2014 1738 corpus
2059 1685 2073 1721 ι
2106 1674 2161 1721 et

597 1763 881 1828 aduratur,
907 1777 1018 1817 non
1050 1769 1230 1817 tamen
1261 1769 1318 1815 ut
1349 1776 1435 1817 res
1462 1769 1679 1822 creata,
1710 1761 1969 1829 quoniam
2021 1759 2159 1813 nihil

598 1854 744 1922 quod
774 1862 1015 1908 creatum
1056 1852 1126 1908 sit
1153 1860 1238 1908 est
1269 1851 1364 1906 Dei
1389 1852 1590 1920 portio.
1626 1849 1822 1921 itaque
1862 1851 1953 1921 qui
1990 1848 2156 1904 Deum
2188 1829 2233 1883 Β

593 1943 833 1998 credunt
876 1942 1245 2013 assumpsisse
1294 1957 1547 2005 carnem,
1594 1941 1720 2013 ejus
1771 1943 2155 1998 beneficiorum

598 2036 737 2090 fiunt
767 2046 1063 2105 compotes,
1098 2050 1200 2090 nec
1222 2050 1288 2089 eo
1319 2034 1666 2098 delabuntur,
1698 2043 1757 2088 ut
1783 2035 1948 2088 alium
1979 2035 2157 2107 ipsum

596 2129 783 2183 dicant
837 2146 849 2182 :
901 2128 1236 2181 contrarium
1296 2142 1425 2181 vero
1487 2126 1554 2182 iis
1596 2126 1795 2187 evenit,
1834 2126 1929 2195 qui
1968 2127 2159 2181 volunt

595 2217 870 2274 hominem
919 2215 1094 2273 fuisse
1137 2216 1247 2271 Deo
1295 2217 1672 2286 coniunctum.
1726 2215 1885 2271 Orth.
1944 2216 2159 2274 Disces-

594 2308 717 2363 sisti
755 2322 792 2362 a
835 2306 1119 2377 Scriptura
1177 2307 1441 2362 divinitus
1491 2308 1779 2377 inspirata,
1839 2307 2070 2379 ideoque
2125 2323 2154 2363 a

594 2399 767 2469 gratia
821 2398 1097 2463 excidisti,
1156 2407 1217 2453 ut
1263 2399 1357 2468 qui
1403 2412 1528 2453 cum
1594 2396 1878 2468 Scriptura
1930 2398 2079 2454 dicat
2137 2417 2153 2454 :

598 2509 619 2541 ι
642 2489 1007 2561 Αεςιιιιιρςίι,ι
1047 2499 1103 2545 et
1136 2509 1156 2541 ι
1188 2487 1411 2544 Factum
1457 2495 1563 2554 est,
1591 2508 1615 2541 ι
1642 2489 2155 2560 ἱειιιό,ηιιᾱίιιηοιυιιι

592 2591 698 2644 est,
735 2582 850 2651 ipse
890 2581 987 2635 tibi
1029 2580 1184 2651 quasi
1231 2581 1526 2635 cisternam
1571 2579 1908 2635 confractam
1952 2579 2152 2644 fecisti,

593 2688 716 2743 qua
752 2688 861 2728 non
900 2673 1081 2741 possit
1128 2686 1298 2742 aquas
1344 2671 1647 2725 continere.
1693 2670 1978 2737 Quomodo
2026 2687 2155 2727 vero

594 2783 704 2821 non
740 2766 821 2820 vis
864 2763 1098 2819 Verbum
1141 2764 1209 2818 ab
1242 2763 1484 2817 humana
1522 2772 1716 2818 natura
1752 2766 1867 2820 suis
1910 2764 2157 2819 animali-

592 2857 719 2921 bus,
775 2853 1201 2909 rationabilibus
1265 2858 1320 2906 et
1382 2852 1706 2923 patibilihus
1750 2853 1990 2908 motibus
2042 2870 2155 2910 non

593 2945 841 3005 secerni?
870 2944 1008 2999 Num
1033 2945 1179 2999 enim
1208 2944 1395 2998 divino
1424 2944 1660 3015 quodam
1692 2955 1843 2999 motu
1873 2959 2152 3011 crescens,

592 3053 624 3091 ιι
652 3045 857 3092 statura
889 3034 955 3088 ad
991 3042 1253 3089 staturam
1293 3033 1476 3088 divine
1495 3034 1772 3089 excrevit?
1797 3041 1852 3088 et
1887 3034 2154 3103 sapientia

2263 575 2415 646 παρὰ
2440 573 2530 628 τὸν
2561 574 2694 628 Θεόν
2714 575 2833 628 ἐστι
2858 578 2978 638 ταῖς
2998 574 3263 639 ζωτικαῖς
3304 577 3577 649 κινήσεσι,
3611 576 3828 643 λογιστι-

2262 670 2385 729 καῖς
2432 683 2491 720 τε
2536 666 2630 720 καὶ
2679 665 3038 735 παθητικαῖς⁹
3102 666 3196 719 καὶ
3252 665 3501 737 πάσχων,
3530 666 3614 729 ὡς
3665 667 3829 739 ἕτερος

2264 756 2482 826 πάσχει,
2512 756 2606 809 καὶ
2636 755 3129 827 προσκυνούμενος,
3172 755 3248 819 ὡς
3288 757 3489 827 ἔτερος
3521 759 3828 827 προσκυνεῖ-

2261 865 2370 904 ται.
2414 847 2559 921 seps
2588 848 2647 901 δὲ
2688 848 2823 903 Θεοῦ
2869 848 3015 918 ζωῆς
3047 848 3281 919 ὄργανον
3320 849 3703 919 ἁρμοζόμενον
3733 851 3832 911 τοῖς

2263 939 2458 995 πάθεσι
2508 939 2645 1010 πρὸς
2694 940 2792 1003 τὰς
2839 938 2988 1002 θείας
3035 938 3253 1010 βουλὰς,
3284 941 3377 993 καὶ
3416 941 3495 1011 (9)
3524 939 3651 993 οὔτε
3700 940 3830 1008 λόγοι

2263 1030 2463 1100 σαρκὸς
2491 1030 2633 1092 ἴδιοι,
2679 1027 2803 1082 οὔτε
2851 1030 3100 1101 πράξεις,
3154 1032 3397 1094 καὶτοῖς
3431 1031 3665 1085 πάθεσιν
3711 1033 3829 1085 ὑπο·-

2263 1119 2599 1191 6αλλομένη·
2650 1118 2791 1174 κατὰ
2833 1119 2893 1174 τὸ
2936 1121 3102 1189 σαρκὶ
3133 1120 3430 1192 προᾶῆκον,
3467 1120 3647 1192 ίσχύει
3691 1121 3819 1176 κατὰ

2261 1209 2367 1262 τῶν
2405 1209 2613 1273 παθῶν,
2641 1209 2730 1262 διὰ
2770 1210 2832 1262 τὺ
2861 1209 2995 1263 Θεοῦ
3037 1205 3178 1263 εῖναι
3218 1210 3376 1281 σὰρξ,
3400 1210 3547 1264 ὥστε
3581 1212 3676 1264 καὶ
3700 1227 3818 1265 κατ-

2261 1299 2419 1372 άρξαι
2467 1302 2565 1370 τῆς
2613 1299 2881 1363 ἀπαθείας
2909 1303 3019 1362 τοῖς
3045 1300 3148 1370 οὐχ
3187 1300 3389 1371 ὁμοίως
3423 1300 3546 1371 μὲν,
3580 1299 3827 1370 ὁμοζὼοις

2258 1392 2315 1446 δὲ
2364 1391 2576 1464 σώμασι
2606 1392 2718 1463 (10)
2738 1409 2754 1424 ·
2799 1394 2893 1446 καὶ
2937 1396 3323 1464 προσκυνεῖται
3364 1392 3442 1455 ὡς
3490 1392 3632 1446 Θεοῦ
3684 1390 3825 1463 σὰρξ,

2259 1484 2393 1538 Θεοῦ
2421 1485 2573 1549 ὄντος
2598 1484 2738 1537 οὕτω
2764 1483 2859 1536 τοῦ
2891 1482 3369 1556 προσκυνουμόνου
3386 1496 3402 1513 ³
3429 1483 3526 1537 καὶ
3546 1484 3828 1553 συνάφειαν

2260 1580 2391 1649 ἡμῖν
2426 1578 2659 1640 δίδωσιν,
2683 1568 2748 1628 οὗ
2792 1577 2909 1630 ἐστι
2938 1576 3127 1647 σῶμα·
3160 1577 3256 1630 καὶ
3286 1579 3705 1649 προσκυνεῖται,
3736 1577 3822 1647 οὔχ

2258 1668 2334 1733 ὡς
2367 1669 2589 1743 κτίσμα,
2625 1668 2707 1720 ὅτι
2747 1666 2910 1738 μηδὲν
2954 1666 3164 1737 κτίσμα
3198 1667 3363 1739 μέρος
3406 1666 3567 1721 Θεοῦ.
3618 1666 3684 1722 Οί
3728 1667 3824 1738 ἄρα

2263 1762 2440 1830 σάρκα
2472 1759 2656 1812 λαϐεῖν
2695 1759 2786 1812 τὸν
2810 1758 2941 1811 Θεὸν
2967 1758 3380 1823 πιστεύσαντες,
3408 1762 3507 1814 καὶ
3538 1759 3651 1813 τῶν
3677 1759 3824 1831 εὐερ-

2259 1851 2456 1921 γεσιῶν
2483 1851 2828 1921 τυγχάνουσι,
2867 1852 2963 1905 καὶ
3000 1851 3104 1904 ούκ
3134 1853 3215 1916 είς
3248 1851 3436 1922 ἕτερον
3468 1851 3825 1922 μεταπίπτου-

2261 1959 2374 1996 σιν⁶
2400 1937 2473 1998 ὧν
2498 1942 2567 1996 τὰ
2588 1942 2805 1998 ἐναντία
2829 1942 3042 2013 ἔχουσιν
3076 1944 3126 1995 oi
3158 1941 3446 2015 ἄνθρωπον
3466 1943 3823 2015 παρεζεῦχθαι

2257 2032 2502 2103 λέγοντες
2558 2033 2677 2104 Θεῷ
2727 2033 2861 2104 (11).
2925 2035 3078 2101 Ὀρθ.
3142 2031 3528 2105 Ἀνεχώρησας
3577 2035 3679 2106 τῆς
3718 2035 3822 2087 θεο-

2258 2124 2521 2178 πνεύστου
2553 2125 2794 2196 Γραφῆς,
2826 2124 2920 2178 καὶ
2948 2123 3034 2177 διὰ
3062 2123 3223 2178 τοῦτο
3248 2125 3349 2195 τῆς
3377 2125 3605 2195 χάριτος
3645 2125 3818 2192 ἐξέπε-

2259 2231 2369 2279 σες,
2386 2216 2483 2285 τῆς
2504 2214 2725 2285 Γραφῆς
2751 2212 3010 2286 λεγούσης
3036 2214 3120 2280 τὸ,
3144 2233 3164 2266 ι
3192 2213 3414 2279 Ἔλαϐε,
3440 2233 3460 2266 ι
3485 2215 3603 2280 καὶ,
3628 2233 3647 2266 ι
3688 2215 3821 2280 Ἑγέ-

2256 2323 2377 2360 νετο
2393 2323 2407 2337 ·
2439 2326 2458 2359 ι
2495 2307 2555 2361 τὸ
2582 2305 2945 2378 παρεζεῦχθαι
2970 2307 3156 2378 σαυτῷ
3176 2305 3394 2378 ὥρυξας
3421 2306 3681 2380 καθάπερ
3697 2307 3819 2361 λει-

2255 2416 2349 2454 κον
2393 2400 2866 2471 συντετριμμένον,
2924 2398 3000 2470 μὴ
3041 2399 3338 2470 δυνάμενον
3372 2398 3524 2473 ὕδωρ
3566 2401 3814 2472 συνέχειν.

2255 2490 2381 2555 Πῶς
2412 2490 2469 2544 δὲ
2508 2491 2571 2544 οὐ
2604 2492 2777 2556 θέλεις
2808 2495 2931 2556 ταῖς
2957 2490 3215 2556 ζωτικαῖς
3238 2491 3339 2545 καὶ
3371 2491 3712 2561 λογιστικαῖς
3737 2495 3817 2548 καὶ

2255 2582 2582 2653 παθητικαῖς
2610 2584 2854 2655 κινήσεσι
2884 2581 3216 2655 χωρίζεσθαι
3259 2583 3352 2638 τὸν
3402 2584 3579 2652 Λόγον
3607 2588 3706 2656 τῆς
3731 2586 3816 2639 ἀν-

2258 2670 2640 2743 θρωπότητοςς
2674 2669 2821 2744 Ἃρ...
2861 2672 2971 2744 γὰρ
3013 2672 3107 2726 καὶ
3132 2670 3401 2740 αὐξάνων,
3429 2672 3589 2746 θεῖκῇ
3616 2675 3815 2743 κινήσει

2252 2762 2362 2815 ἀπὸ
2383 2762 2600 2833 ἡλικίας
2640 2764 2718 2826 είς
2745 2762 2960 2834 ἡλικίαν
2988 2762 3187 2827 θεῖκῶς
3210 2761 3486 2833 ηὖξανενς
3518 2765 3633 2818 Καὶ
3671 2765 3817 2836 σοφίᾳ

2254 2851 2604 2921 προκόπτων,
2656 2850 2851 2915 θεῖκῶς
2897 2852 3300 2923 προσέκοπτενς
3336 2853 3448 2907 Καὶ
3494 2853 3817 2926 λυπούμενος

2254 2946 2348 2997 καὶ
2368 2943 2637 3013 ἀγωνιῶν,
2660 2943 2755 2997 καὶ
2784 2944 3200 3016 ταραττόμενος,
3232 2943 3431 3008 θεῖκῶς
3464 2932 3717 2999 ἐλυπεῖτο
3733 2942 3824 2999 καῖ

2253 3036 2477 3107 ἠγωνία,
2505 3035 2598 3090 καὶ
2619 3034 2959 3108 ἐταράττετο,
2983 3036 3076 3090 καὶ
3103 3034 3299 3090 εκοιτία
3326 3037 3421 3091 καὶ
3446 3035 3685 3109 ἔπασχεν
3704 3055 3719 3104 ;
3735 3036 3816 3091 Μὴ

592 3124 907 3194 proﬁciens,
949 3120 1188 3192 profecit
1227 3130 1287 3176 ut
1327 3120 1513 3176 Deus?
1560 3129 1614 3176 et
1658 3136 1783 3175 cum
1830 3123 2051 3177 tristitia
2098 3131 2153 3178 et

2256 3127 2488 3197 γένοιτοι
2525 3126 2663 3181 ’Λλλ’
2680 3125 2872 3199 ὥσπερ
2896 3126 2958 3180 τὸ
2993 3127 3156 3198 σιῖιμα
3180 3127 3241 3181 τὸ
3265 3129 3332 3182 ὲκ
3364 3128 3611 3200 Μαρίας,
3636 3129 3814 3185 ἑαυτοῦ

592 3228 796 3284 angore
849 3213 1015 3266 animi
1079 3210 1409 3275 afﬁceretur,
1448 3226 1571 3267 cum
1631 3211 1965 3276 turbaretur,
2020 3226 2151 3265 num

2257 3219 2417 3283 σῶμα
2454 3218 2638 3286 ιλεγεν
2677 3220 2706 3272 ό
2737 3216 2867 3281 Θεὸς
2897 3217 3087 3287 Λόγος,
3121 3217 3182 3271 ού
3211 3218 3313 3288 τῆς
3344 3219 3516 3289 αὐτῆς
3556 3220 3742 3283 οὐσίας
3764 3219 3815 3272 δν

591 3306 813 3360 tristitia
839 3311 893 3359 et
923 3318 1124 3375 angore
1167 3302 1533 3370 afficiebatur,
1571 3309 1626 3357 et
1661 3301 1983 3356 turbabatur
2028 3312 2152 3356 tan-

476 3425 493 3441 ι
590 3409 754 3465 quam
785 3395 929 3449 Deus
968 3402 1021 3448 et
1051 3394 1334 3448 laborabat
1366 3400 1420 3447 et
1458 3393 1803 3463 patiebatur?
1832 3391 2006 3447 Absit.
2041 3392 2152 3449 lino

590 3487 735 3541 sicut
780 3501 982 3556 corpus
1015 3501 1086 3539 ex
1128 3484 1297 3539 Maria
1338 3484 1707 3554 desumptum,
1742 3483 1883 3538 Deus
1916 3483 2153 3539 Verbum

589 3594 750 3633 suum
779 3593 902 3634 esse
930 3592 1135 3647 corpus
1166 3577 1325 3642 dixit,
1367 3576 1511 3646 quod
1541 3584 1722 3630 tamen
1756 3590 1865 3631 non
1897 3584 1983 3630 est
2006 3577 2154 3645 ejus-

588 3673 711 3725 dem
743 3679 904 3740 atque
932 3670 1107 3725 deitas
1131 3670 1246 3741 ipsa
1280 3678 1489 3724 natura:
1519 3687 1532 3722 :
1567 3668 1640 3722 ita
1667 3669 1832 3723 etiam
1864 3682 1995 3722 suas
2022 3667 2154 3721 dicit

591 3762 916 3831 passiones,
948 3769 1002 3815 et
1038 3768 1152 3815 tum
1190 3760 1476 3823 animalis,
1505 3767 1618 3813 tum
1656 3759 1828 3827 ipsius
1869 3759 2152 3812 rationalis

588 3851 868 3906 facultatis
921 3852 1338 3913 incrementum,
1395 3864 1734 3920 quaecunque
1785 3857 1998 3904 naturae
2051 3848 2153 3902 bu-

586 3959 764 3999 manaa
784 3955 910 4000 sunt
929 3953 985 3998 ut
1002 3945 1104 4000 sibi
1127 3945 1343 4014 propria
1363 3943 1666 4008 vindicans,
1686 3958 1783 4013 pro
1800 3942 1938 3997 bona
1962 3942 2151 4013 gratiae

586 4052 703 4091 suae
731 4038 1028 4092 voluntate.
1068 4034 1160 4090 Sic
1204 4037 1348 4090 enim
1396 4050 1552 4089 suam
1583 4034 1713 4090 dicit
1753 4048 1994 4097 carnem,
2030 4034 2155 4087 vita

588 4132 1035 4196 instrumentum,
1062 4130 1313 4184 idoneum
1335 4169 1349 4191 ,
1385 4137 1442 4183 ut
1466 4128 1667 4183 divinis
1699 4128 1947 4183 consiliis
1976 4142 2147 4197 conp-

588 4232 761 4278 tetur.
802 4220 937 4274 Nam
965 4230 1024 4274 ut
1064 4226 1303 4291 spueret,
1346 4235 1481 4274 usus
1523 4228 1609 4275 est
1652 4219 1899 4288 corporis
1943 4218 2150 4274 instru-

587 4322 794 4377 mento,
845 4312 1139 4380 itidemque
1186 4325 1445 4380 corpore,
1500 4320 1559 4364 ut
1599 4310 1943 4380 sepeliretur,
1989 4316 2045 4364 et
2095 4316 2155 4363 ut

587 4401 897 4456 voluntarie
928 4410 1156 4454 mortem
1194 4400 1441 4467 subiret;
1483 4415 1549 4454 ac
1591 4408 1649 4454 ut
1685 4400 1889 4454 inferos
1939 4399 2150 4469 praeda-

2253 3312 2317 3380 τῇ
2351 3309 2593 3379 θεότητι·
2630 3307 2772 3362 οὕτω
2801 3309 2896 3362 καὶ
2927 3308 2996 3362 τὰ
3028 3307 3173 3378 πάθη
3203 3309 3297 3362 καὶ
3324 3308 3425 3380 τὴν
3457 3303 3691 3382 αῦξησιν
3727 3310 3814 3380 τὴν

2253 3398 2486 3471 ζωτικὴν
2510 3402 2605 3453 καὶ
2635 3398 2943 3471 λογιστικὴν
2970 3399 3167 3453 ἑαυτοῦ
3200 3399 3370 3467 λέγει,
3406 3400 3813 3471 ίδιοποιούμενος

2253 3492 2431 3545 πάντα
2472 3491 2573 3561 τῆς
2617 3491 3029 3564 άνθρωπότητος
3075 3495 3142 3563 τῇ
3183 3491 3403 3564 εὐδοκία
3439 3492 3543 3563 τῆς
3575 3494 3810 3567 χάριτος’

2251 3581 2513 3646 ὡσαύτως
2544 3582 2639 3635 καὶ
2672 3582 2782 3651 (12)
2802 3584 2900 3653 τὴν
2936 3583 3114 3655 σάρκα
3152 3582 3301 3654 ζωῆς
3331 3584 3568 3655 ὄργανον
3596 3583 3814 3658 ἁρμοζό-

2255 3689 2413 3743 μενον
2441 3672 2577 3743 πρὸς
2604 3674 2701 3736 τὰς
2744 3671 2893 3737 θείας
2934 3672 3150 3743 βουλάς.
3188 3674 3302 3727 Ἵνα
3345 3674 3456 3746 γὰρ
3487 3675 3687 3748 πτύσῃ,
3718 3674 3812 3727 σώ-

2256 3779 2386 3835 ματι
2419 3763 2682 3835 κέχρηται
2721 3763 2968 3836 ὀργάνῳ⁶
3021 3765 3107 3817 ἵνα
3147 3766 3317 3835 ταφῇ,
3353 3766 3558 3835 ὁμοίως
3603 3766 3679 3836 τῷ
3718 3753 3811 3817 eo.

2255 3871 2385 3924 ματι
2404 3870 2418 3884 ⁸
2450 3855 2537 3908 ῖνα
2568 3855 2623 3908 δὲ
2656 3855 2803 3928 πάθῃ
2833 3857 3111 3920 ἑκουσίως,
3144 3858 3238 3910 καὶ
3283 3857 3370 3909 ἵνα
3407 3857 3500 3910 τὸν
3534 3857 3670 3928 ᾅδην
3699 3872 3813 3908 σκυ-

2250 3942 2438 4014 λεύσῃ,
2456 3946 2521 4015 τῇ
2541 3944 2709 4015 ψυχῇ,
2727 3944 2794 4014 ἣν
2824 3943 2975 4012 ἔλεγε
3005 3943 3209 3998 τιθέναι
3221 3945 3367 4017 ’ὑπὲρ
3388 3944 3499 3998 τῶν
3517 3944 3809 4016 προϐάτων.

2250 4031 2361 4086 Καὶ
2400 4030 2524 4084 οὔτε
2567 4030 2854 4104 ἀνθρώπου
2902 4032 3048 4100 λόγοι
3101 4032 3243 4098 ἴδιοι,
3296 4032 3423 4086 οὔτε
3468 4035 3529 4086 αῖ
3566 4033 3810 4106 πράξεις·

2251 4118 2390 4191 σὰρξ
2432 4120 2488 4174 δὲ
2529 4124 2641 4185 τοῖς
2689 4121 2916 4176 πάθεσιν
2953 4122 3086 4193 (15),
3122 4123 3538 4195 ὑποϐαλλομένη
3587 4126 3727 4178 κατὰ
3760 4120 3814 4174 τὸ

2249 4210 2519 4284 ἀνθρώπῳ
2549 4212 2845 4285 προσῆκον,
2874 4213 3051 4283 ίσχύει
3078 4213 3219 4267 κατὰ
3251 4214 3360 4267 τῶν
3388 4214 3577 4268 παθῶν
3609 4214 3696 4268 διὰ
3726 4213 3813 4284 τὴν

2251 4304 2387 4376 πρὸς
2417 4304 2508 4357 τὸν
2539 4304 2671 4357 Θεδν
2698 4304 2914 4359 ἕνωσιν.
2953 4323 2972 4355 ι
3017 4304 3319 4377 Ἀμαρτίαν
3352 4306 3462 4377 γὰρ
3500 4308 3602 4360 οὐκ
3643 4306 3813 4377 ἐποίη-

2252 4415 2365 4461 σεν,
2391 4397 2512 4451 οὐδὲ
2541 4396 2737 4468 εὑρέθη
2761 4397 2910 4461 δόλος
2938 4399 3000 4451 ὲν
3026 4399 3105 4467 τῷ
3136 4398 3365 4469 στόματι
3406 4398 3598 4461 αὑτοῦ,
3636 4417 3656 4450 ι
3687 4397 3812 4450 ὥστε

586 4503 761 4557 retur,
810 4492 1049 4545 animam
1097 4490 1366 4553 adhibuit,
1402 4505 1563 4559 quam
1604 4506 1724 4546 sese
1745 4491 1883 4544 dixit
1905 4506 2005 4559 pro
2034 4490 2149 4544 suis

2256 4488 2518 4559 κατάρξαι
2560 4489 2659 4558 τῆς
2691 4488 2955 4569 ἀπαθείας
2986 4491 3099 4552 τοῖς
3136 4489 3361 4559 ὁμοίοις.
3407 4509 3427 4540 ι
3473 4490 3758 4560 Ὠμοίωται
3790 4505 3808 4537 ι

587 4586 785 4639 ovibus
830 4583 1125 4653 deponere.
1177 4581 1362 4653 Neque
1411 4598 1694 4638 sermones
1739 4591 1869 4638 sunt
1914 4584 2152 4637 hominis

587 4677 816 4748 proprii,
857 4692 1034 4745 neque
1063 4675 1328 4730 actiones.
1360 4673 1502 4728 Caro
1541 4689 1692 4739 vero,
1738 4681 1899 4743 prout
1945 4673 2151 4727 homini

587 4767 864 4832 convenit,
925 4764 1379 4836 perpessionibus
1438 4765 1682 4836 subjecta
1735 4765 1985 4834 superior
2038 4764 2150 4819 illis

589 4855 770 4913 evadit
809 4863 1030 4926 propter
1070 4856 1215 4908 illam
1260 4870 1384 4909 cum
1421 4853 1527 4910 Deo
1574 4854 1897 4909 unitionem.
1939 4873 1957 4905 ι
2012 4853 2147 4911 Nam

587 4956 868 5021 peccaturo
909 4962 1016 5001 non
1056 4945 1203 5010 fecit,
1249 4962 1424 5017 neque
1456 4947 1509 5000 in
1543 4963 1639 5003 ore
1676 4948 1849 5019 ipsius
1894 4948 2149 5004 inventus

587 5050 673 5096 est
703 5040 860 5096 dolus
888 5040 954 5104 ³⁸,
984 5058 1008 5090 ι
1038 5046 1097 5092 ιιι
1118 5040 1188 5093 sit
1221 5038 1303 5094 sui
1329 5040 1595 5095 similibus
1624 5047 1817 5094 auctor
1846 5054 1911 5094 ac
1944 5041 2148 5110 princi-

587 5136 737 5205 pium
765 5132 1096 5189 indolentiae.
1134 5149 1151 5182 ι
1181 5129 1276 5185 Est
1310 5149 1330 5182 ι
1366 5131 1513 5186 enim
1554 5131 1695 5188 Deus
1725 5130 1958 5187 Verbum
1994 5151 2013 5184 ι
2050 5147 2148 5203 per

586 5224 771 5279 omnia
795 5223 1055 5279 fratribus
1070 5221 1192 5277 suis
1214 5221 1410 5277 similis
1432 5222 1610 5279 factus
1633 5225 1695 5289 ",
1735 5241 1754 5274 ι
1787 5238 1910 5277 cum
1935 5232 2148 5281 natura:

659 5375 701 5408 “
741 5377 846 5434 lsa.
882 5395 1008 5444 LIII,
1043 5378 1114 5446 9;
1149 5377 1168 5433 Ι
1200 5377 1344 5434 Petr.
1384 5394 1455 5443 ιι,
1488 5377 1578 5434 22.
1657 5378 1701 5409 η
1740 5375 1902 5433 Hebr.
1946 5390 2018 5443 ιι,
2059 5376 2144 5432 l7.

659 5533 739 5603 (9)
772 5537 865 5589 Sic
890 5551 1022 5592 mss.
1050 5535 1108 5591 In
1137 5536 1301 5593 editis
1324 5553 1473 5599 vero,
1506 5534 1600 5590 καί
1629 5533 1805 5589 deest.

799 5604 950 5667 Mss,
970 5610 1093 5679 τοῖς
1115 5608 1331 5679 ὁμοίως
1346 5609 1465 5679 μὲν,
1497 5606 1598 5676 οὐχ
1628 5603 1893 5676 όμοζώοις
1917 5603 1975 5658 δὲ
2009 5599 2152 5674 σώμ.

588 5667 712 5749 me;
729 5667 934 5749 rara».
954 5676 1027 5740 ὡς
1050 5667 1368 5749 esseteos.

662 5743 774 5815 (ll)
806 5747 998 5812 Palut.,
1035 5748 1082 5801 οί
1117 5740 1391 5818 ἄνθρωποι
1420 5745 1479 5801 τὸ
1504 5740 1872 5816 παρεζεῦχθαι
1903 5743 2154 5812 λέγοντες

2256 4580 2366 4652 γὰρ
2390 4599 2407 4631 ι
2437 4580 2578 4634 κατὰ
2609 4580 2783 4634 πάντα
2808 4583 2920 4644 τοῖς
2946 4580 3195 4649 ἀδελφοῖς
3222 4583 3250 4635 ό
3278 4579 3412 4643 Θεὸς
3432 4581 3627 4651 Λόγος,
3655 4602 3671 4632 ι
3696 4583 3814 4633 svm-

2258 4673 2370 4736 θεὶς
2411 4672 2807 4744 ἁνθρωπότητι,
2841 4673 2935 4726 καὶ
2966 4676 3353 4744 προσκυνεῖται
3387 4673 3521 4736 Θεὸς
3565 4673 3814 4743 ὲνανθρω-

2257 4768 2432 4838 ’πήσας
2453 4782 2467 4797 ·
2509 4767 2603 4820 zeal.
2635 4765 2928 4834 συνάφειαν
2952 4766 3083 4835 ἡμῖν
3114 4764 3252 4836 πρὸς
3284 4764 3448 4817 αὑτὸν
3488 4764 3691 4829 δίδωσι,
3726 4779 3810 4834 με·

2254 4857 2464 4928 τασχὼν
2489 4856 2717 4928 αἵματος
2749 4856 2843 4909 καὶ
2872 4855 3092 4927 σαρκὸς,
3128 4856 3222 4910 καὶ
3258 4859 3649 4927 προσκυνεῖται
3676 4856 3703 4907 ὁ
3728 4854 3812 4907 αύ-

2251 4951 2362 5016 τὸς,
2379 4949 2568 5003 ὲνὼσει
2592 4951 2658 5020 τῇ
2690 4949 2989 5021 πρὸςὴμᾶς
3012 4947 3089 5013 ὡς
3112 4947 3415 5020 ἄνθρωπος,
3451 4947 3613 5017 φύσει
3656 4945 3709 4998 δὲ
3731 4944 3809 4998 καὶ

2251 5042 2409 5113 οὐσίᾳ
2432 5040 2506 5093 ὢν
2521 5040 2672 5105 Θεός.
2688 5040 2825 5094 Tm
2850 5042 2945 5094 καὶ
2971 5039 3149 5110 λέγειν
3180 5039 3486 5111 ἐτόλμησας
3519 5040 3678 5111 μέρος
3691 5033 3808 5090 Θεοῦ

2252 5133 2347 5206 τὴν
2374 5132 2550 5204 σάρκα
2573 5132 2671 5203 τὴν
2686 5133 2750 5185 ὲκ
2766 5132 3078 5204 σπέρματος
3088 5131 3273 5197 Δαϐὶδ,
3288 5132 3390 5203 τὴν
3419 5135 3485 5187 ὲκ
3505 5126 3809 5203 Murder-ﬁ;

2252 5223 2530 5298 Παρθένου
2552 5265 2567 5290 ,
2591 5223 2689 5295 τὴν
2715 5224 2775 5277 ού
2802 5225 3070 5296 φαντασίᾳ
3104 5224 3305 5297 σάρκα,
3323 5224 3439 5279 ἀλλ’
3467 5222 3708 5294 ἀληθεία,
3727 5218 3807 5271 καὶ

2264 5526 2444 5669 θςῗῖἐ)
2474 5598 2585 5669 Καί
2617 5598 2772 5669 abest
2799 5614 2828 5653 a
2853 5582 3004 5655 mss.

2331 5663 2443 5741 (15)
2464 5668 2616 5741 Mss.,
2635 5667 2762 5741 οῦτε
2789 5671 2823 5740 ἡ
2852 5669 3050 5741 πρᾶξις
3074 5664 3186 5729 τοῖς
3222 5665 3471 5722 πάθεσιν.
3508 5666 3674 5724 Paulo
3695 5663 3802 5737 9οεῖ

2261 5738 2435 5807 mss,
2455 5739 2625 5810 ίσχύει
2657 5738 2713 5794 δι
2738 5738 2899 5796 κατὰ.
