3982 6398
184 354 305 414 1383

1153 351 1237 405 DE
1277 354 1545 412 SANCTA
1584 352 1951 409 TRlNlTATE
1989 352 2335 412 DIALOGUS
2378 355 2440 412 V.

3270 344 3409 402 1286

190 467 310 537 μετὰ
336 462 431 533 τὴν
460 463 750 518 ἀνάστασιν
773 470 1064 535 φανεῖσανς
1094 469 1442 539 Νομιζόντων
1473 472 1581 543 γὰρ
1626 470 1735 523 τῶν

1836 472 2086 524 humanm
2101 471 2368 531 uniretur,
2388 478 2442 524 et
2463 467 2720 523 aduratur
2736 466 2879 523 Deus
2895 467 3058 523 homo
3078 466 3275 531 iactus,
3292 467 3403 522 sui-

192 554 422 628 μαθητῶν
448 556 735 627 φάντασμα
751 554 908 622 εἶναι,
923 560 1127 613 ὅτιτῶν
1143 560 1319 632 θυρῶν
1336 562 1733 631 κεκλεισμένων

1834 576 1941 632 que
1958 562 2239 615 uobiscum
2256 574 2358 614 con
2360 560 2695 628 junctionem
2712 559 2871 615 nobis
2885 559 3106 629 praebet,
3129 560 3403 629 particeps

188 647 431 720 εἰσῆλθεν,
451 649 822 720 ὑπομνήσθητι
843 649 1008 704 αὐτοῦ
1030 650 1137 703 τῶν
1162 650 1353 720 λόγων,
1382 653 1469 706 ἵνα
1496 651 1736 721 ἀκούσῃς

187 737 268 791 τό·
307 756 323 787 t
353 735 719 808 Ψηλαφήσατέ
768 755 855 808 με,
891 741 986 793 καὶ
1013 740 1170 803 ἴδετε,
1202 741 1283 793 ὃτι
1321 742 1535 811 πνεῦμα
1561 742 1736 810 σάρκα

191 828 273 880 καὶ
298 826 454 880 ὀστέα
479 828 579 881 οὑκ
602 826 733 898 ἔχει,
754 828 933 893 καθὼς
952 830 1052 899 ἐμὲ
1074 831 1233 900 ὁρᾶτε
1270 830 1478 900 ἔχοντα.
1516 851 1532 878 ι
1551 830 1656 883 Τοῦ
1680 829 1737 882 δὲ

188 919 405 990 ἀμεροῦς
429 918 562 972 Θεοῦ
581 920 697 983 πῶς
714 917 822 974 οἷόν
836 922 896 974 τέ
912 923 1024 975 ἐστι
1044 923 1206 994 μέρος
1225 923 1436 992 νοῆσαι,
1456 924 1549 975 καὶ
1565 921 1753 983 ταῦτα,

192 1012 368 1083 σάρκα,
389 1012 488 1082 τῆς
503 1014 600 1082 σῆς
626 1014 740 1065 ἐστι
762 1012 948 1081 σοφίας
973 1013 1363 1084 ἐξηγήσασθαι.

1780 652 2019 719 ξῐοοιιιε
2050 652 2335 721 sanguinis
2364 659 2418 706 et
2454 651 2639 705 carnis
2685 670 2698 704 :
2744 650 2995 720 idemque
3027 649 3311 712 aduratur,
3339 656 3403 703 ut

1797 759 1810 804 ;
1840 747 1934 812 qui
1986 744 2150 798 homo
2188 744 2404 814 quidem
2450 744 2543 805 sit,
2591 744 2847 813 quoniam
2894 742 3056 797 nobis
3085 750 3167 797 est
3191 740 3402 803 unitas.

1809 860 1815 867 -
1842 843 2038 888 natura
2072 851 2205 889 vero
2247 845 2302 891 et
2335 836 2636 890 substantia
2668 835 2741 890 sit
2770 833 2932 889 Deus.
2960 832 3231 899 Quorsum
3272 845 3407 886 vero

1844 942 2014 982 ausus
2037 927 2199 981 etiam
2227 942 2287 982 es
2318 927 2503 982 dicere
2543 926 2845 995 portionem
2882 924 2976 978 Dei
3019 939 3145 979 esse
3184 936 3403 977 carnem

1747 1039 1763 1051 υ
1848 1016 1994 1069 illam
2045 1032 2166 1086 quite
2218 1032 2283 1070 ex
2338 1015 2549 1071 semine
2597 1014 2817 1069 Davidis
2857 1022 2964 1076 est,
3014 1022 3069 1067 et
3115 1028 3180 1068 ex
3235 1010 3434 1065 Maria.

191 1104 412 1174 Virgine,
463 1119 691 1174 quaeque
738 1120 860 1159 sese
932 1122 1036 1160 non
1086 1107 1407 1175 phantasia,
1477 1105 1572 1161 sed
1623 1107 1799 1176 reipsa
1837 1103 2244 1171 carnem‘esse,
2294 1116 2417 1177 post
2458 1107 2632 1176 ipsam
2677 1121 2896 1177 quoque
2937 1104 3402 1160 resurrectionem

191 1197 600 1253 demonstravit?
641 1196 778 1253 Cum
835 1198 980 1252 enim
1036 1200 1417 1253 existimarent
1470 1198 1728 1267 discipuli
1804 1200 2125 1270 phantasma
2177 1216 2339 1264 esse,
2383 1200 2603 1269 quando
2643 1200 2827 1269 januis
2878 1200 3083 1254 clausis
3125 1202 3406 1269 ingressus

190 1299 281 1349 est.
312 1299 575 1342 memento
621 1303 809 1343 eorum
857 1304 980 1358 quae
1010 1297 1122 1343 tum
1186 1292 1302 1360 ipse
1347 1291 1485 1344 dixit
1509 1330 1523 1351 ,
1562 1298 1621 1344 ut
1661 1292 1854 1346 audias
1887 1329 1902 1351 ,

1990 1310 2009 1342 ι
2062 1290 2283 1361 Palpate
2348 1307 2434 1346 me
2499 1301 2555 1347 et
2595 1292 2803 1357 videte,
2835 1294 2961 1362 quia
3010 1293 3238 1362 spiritus
3277 1290 3439 1367 car'f

194 1396 301 1435 nem
348 1386 402 1433 et
460 1393 588 1434 ossa
640 1395 748 1435 non
801 1380 1000 1446 habet,
1054 1382 1197 1441 sicut
1249 1398 1333 1435 me
1393 1383 1587 1436 videtis
1639 1382 1838 1439 habere
1864 1383 1928 1439 ¹³.
1966 1402 1984 1433 ι
2047 1384 2314 1438 Caeterum
2387 1397 2510 1437 cum
2568 1382 2707 1438 Deus
2771 1383 2844 1438 sit
2881 1384 3059 1438 omnis
3094 1382 3406 1453 partitionis

190 1488 385 1543 expers,
410 1472 683 1541 quomodo
712 1465 1065 1544 intelligatur,
1092 1482 1149 1528 ut
1179 1474 1362 1544 aliqua
1408 1476 1578 1544 ipsius
1609 1477 1809 1546 portio,
1841 1491 1906 1531 ac
1950 1475 2247 1546 praesertim
2290 1489 2410 1546 qua:
2466 1475 2537 1530 sit
2563 1489 2711 1540 caro,
2744 1484 2840 1529 tua
2904 1475 3079 1544 possit
3142 1474 3407 1544 sapientia
3514 1526 3529 1539 _

192 1563 456 1634 explicari.
525 1616 529 1621 .

250 1657 331 1711 ὅθ.
383 1658 627 1713 Ἀπολλ.
675 1658 738 1712 El
782 1657 936 1730 σὰρξ,
986 1657 1060 1722 ὡς
1120 1660 1612 1731 ἐπιστρατευομένη
1656 1660 1736 1732 τῷ

1917 1651 2078 1723 472
2123 1651 2210 1706 50.
2251 1650 2424 1720 Apoll.
2475 1649 2533 1704 Si
2579 1664 2709 1705 caro
2743 1656 2826 1703 est
2867 1648 3113 1717 sejuncta
3144 1664 3175 1703 a
3202 1659 3406 1716 mente,

190 1748 275 1818 νῷ,
305 1746 627 1818 κεχώρισται
659 1748 754 1801 τοῦ
783 1747 897 1811 νοῦ,
928 1749 1067 1802 κατὰ
1099 1749 1189 1803 τὸν
1228 1750 1566 1814 ’Δπόστολον,
1589 1753 1617 1803 ὁ
1640 1750 1739 1823 τὴν

191 1841 352 1911 σάρκα
375 1839 555 1892 λαϐὼν
580 1838 709 1904 Θεὸς
737 1839 843 1894 ἀπὸ
869 1840 1066 1910 ταύτης
1086 1840 1199 1912 ἔχει
1230 1841 1328 1905 τὰς
1359 1842 1740 1914 ἐπιστρατευο-

193 1932 342 2001 μένας
369 1931 465 1984 ἐπὶ
484 1929 610 1985 νοῦν
636 1932 897 2001 κινήσεις,
927 1931 1075 2002 αὑτῷ
1107 1931 1164 1985 δὲ
1192 1932 1266 2004 μὴ
1306 1934 1767 2004 ὑποταττομένας.

187 2021 254 2084 ὡς
282 2024 653 2093 ἀνταγωνιστῇ
693 2021 771 2093 τῷ
816 2021 911 2093 νῷ.
960 2023 1024 2076 Εἰ
1063 2022 1121 2077 δὲ
1157 2022 1332 2087 τοῦτο,
1363 2024 1462 2078 οὑκ
1508 2025 1670 2088 αὑτὸς
1716 2026 1744 2078 ὁ

189 2115 415 2183 πάσχων,
448 2112 584 2166 καθὸ
610 2113 762 2177 Θεύς.
811 2115 964 2183 Ὀρθ.
1006 2114 1123 2168 Τίνι
1160 2115 1266 2188 γὰρ
1294 2115 1401 2170 τῶν
1437 2117 1606 2185 ἁγίων
1648 2118 1745 2189 οὑχ

189 2204 527 2274 ὑπετάγησαν
569 2206 624 2257 αἱ
653 2204 1168 2276 ἐπιστρατευόμεναι
1193 2204 1269 2275 τῷ
1310 2204 1385 2276 νῷ
1409 2209 1682 2277 κινήσείςῖ
1709 2205 1743 2277 ἢ

188 2295 293 2358 πῶς
318 2296 480 2364 ἆγιοι,
513 2297 563 2347 εἰ
610 2294 686 2366 μὴ
713 2294 983 2359 ὑπέταξαν
1010 2295 1211 2360 αὑτάς;
1240 2296 1301 2348 Εἰ
1344 2296 1400 2349 δὲ
1425 2295 1500 2366 τῷ
1527 2295 1601 2366 νῷ
1636 2296 1745 2349 τῶν

189 2384 345 2452 ἁγίων
373 2384 725 2457 ὑπετάγησαν
755 2386 810 2438 αἱ
848 2386 1394 2457 ἅντιστρατευόμεναι
1432 2386 1508 2456 τῷ
1549 2386 1624 2456 νῷ
1664 2404 1749 2441 κιο

187 2477 374 2545 νήσεις,
411 2476 530 2540 πῶς
553 2474 674 2547 οὑχ).
709 2474 788 2547 τῷ
822 2475 939 2547 Θεῷ
962 2476 1119 2547 Λόγῳ
1142 2477 1251 2548 (Η)
1292 2478 1743 2548 ὑποταγήσονται,

189 2564 426 2619 ἔνωθέντι
650 2568 813 2639 νοερᾷ
844 2566 982 2638 μετὰ
1024 2569 1244 2640 σαρκὸς,
1277 2568 1362 2622 ἵνα
1392 2568 1530 2623 κατὰ
1569 2568 1749 2622 πάντα

187 2657 288 2718 τοῖς
313 2656 564 2726 ἀδελφοῖς
589 2646 1020 2729 ὀμοιωθῇάωρὶς
1058 2657 1350 2731 ἁμαρτίας,
1388 2660 1479 2713 καὶ
1587 2659 1749 2724 αὐτὸς

187 2740 307 2806 Θεὸς
349 2745 444 2798 καὶ
488 2743 813 2816 ἄνθρωπος;
852 2746 916 2800 Τί
962 2746 1020 2799 δὲ
1068 2742 1207 2801 εἶναι
1253 2746 1394 2800 θέλει
1435 2746 1527 2812 τὸ,
1578 2748 1642 2801 El
1691 2746 1749 2802 δὲ

186 2833 349 2899 τοῦτο,
382 2837 491 2889 οὐκ
516 2835 682 2901 αὑτὸς
724 2837 754 2890 ὀ
800 2838 1046 2909 πάσχων,
1076 2837 1211 2893 καθὸ
1257 2839 1409 2904 Θεὸς,
1449 2838 1598 2893 άλλοι
1624 2840 1750 2910 νοή-

1843 1754 2029 1814 utpote
2074 1744 2336 1798 adversus
2385 1751 2621 1797 mentem
2681 1741 2880 1795 bellum
2936 1755 3154 1811 gerens,
3214 1752 3273 1796 ut
3330 1744 3409 1797 ait

1844 1833 2159 1904 Apostolus,
2194 1831 2337 1888 Deus
2377 1842 2656 1902 assumpta
2698 1846 2890 1895 carne,
2920 1838 3102 1888 motus
3143 1832 3307 1887 etiam
3339 1835 3410 1887 ab

1843 1943 1908 1983 ea
1961 1926 2155 1996 recipit
2201 1924 2468 1980 adversus
2531 1934 2765 1979 mentem
2820 1923 3240 1995 belligerantes,
3303 1926 3411 1996 ipsi

1843 2036 1975 2076 vero
2006 2021 2194 2079 menti,
2228 2026 2287 2074 ut
2335 2019 2585 2089 Opposita
2631 2017 2974 2085 adversario,
3014 2018 3237 2073 minime
3279 2019 3413 2073 snbm

1841 2114 2036 2183 jectas.
2082 2111 2238 2178 Quod
2284 2113 2328 2167 si
2369 2112 2443 2165 ita
2492 2120 2597 2174 est,
2647 2126 2755 2165 non
2797 2111 2844 2166 is
2888 2119 2972 2165 est
3022 2111 3162 2180 ipse,
3199 2111 3291 2182 qui
3343 2111 3416 2165 sit

1844 2220 2062 2277 passus.
2125 2210 2395 2274 quatenus
2439 2209 2522 2257 est
2579 2200 2743 2256 Deus.
2798 2198 2954 2257 Orth.
3002 2199 3230 2255 Cuinatn
3283 2216 3413 2255 vero

1845 2303 2160 2352 sanctorum
2210 2304 2389 2348 motus
2424 2293 2501 2347 illi
2532 2292 2798 2348 adversus
2828 2302 3063 2349 mentem
3106 2298 3413 2364 pugnantes

1854 2404 1963 2441 non
1998 2386 2217 2441 luerunt
2245 2384 2489 2441 subditi?
2518 2392 2611 2438 aut
2631 2384 2901 2455 quomodo
2928 2386 3130 2449 sancti,
3164 2385 3270 2440 nisi
3306 2385 3413 2439 sibi

1848 2472 1974 2533 illus
2020 2476 2390 2546 subjecerinti
2429 2473 2585 2541 Quod
2630 2476 2679 2532 si
2725 2484 3043 2531 sanctorum
3078 2475 3244 2530 menti
3281 2475 3414 2530 sub-

1845 2569 1975 2638 jecti
2009 2567 2161 2621 fuere
2207 2566 2377 2621 animi
2405 2574 2608 2630 motus,
2647 2565 2920 2636 quomodo
2970 2565 3137 2637 igitur
3183 2564 3415 2635 subjecti

1847 2674 1958 2714 non
1984 2657 2182 2712 fuerint
2223 2657 2325 2727 ipsi
2354 2647 2465 2712 Deo
2499 2656 2695 2721 Verbo,
2732 2656 2925 2712 anima:
2953 2657 3275 2727 intelligentl
3304 2671 3415 2710 una

1856 2762 1980 2803 cum
2023 2763 2189 2803 carne
2221 2748 2391 2810 nnito,
2426 2754 2483 2801 ut
2529 2754 2755 2818 excepto
2803 2755 3028 2817 peccato
3077 2747 3260 2802 simile
3309 2761 3412 2816 per

1848 2840 2032 2895 omnia
2079 2839 2342 2895 fratribus
2375 2839 2465 2906 sit,
2503 2839 2755 2909 idemque
2800 2837 2943 2894 Deus
2994 2845 3048 2893 ct
3097 2838 3260 2893 homo
3306 2836 3417 2891 sit?

190 2937 378 2989 σουσιν,
401 2929 451 2980 οἱ
478 2928 912 3000 ἐπιγραφόμενοι
965 2946 1023 2982 σε
1058 2930 1396 2985 διδάσκαλον.

1845 2929 1989 2998 Quid
2023 2944 2187 3002 porro
2213 2929 2320 2986 sibi
2357 2931 2483 2986 velit
2510 2929 2678 2996 istud,
2712 2924 2866 2996 Quod
2895 2931 2943 2986 si
2975 2930 3052 2984 ita
3076 2938 3184 2996 est,
3216 2943 3326 2985 non
3366 2927 3416 2982 is

186 3024 263 3068 est
289 3019 378 3088 qui
412 3036 619 3090 passus
656 3029 761 3087 est,
795 3031 1063 3092 quatenus
1092 3022 1257 3090 Deus,
1282 3025 1372 3080 alii
1408 3025 1730 3098 intelligent,
1761 3026 1854 3082 uui
1886 3037 1938 3083 te
1968 3026 2289 3099 magistrum
2320 3024 2627 3081 inscribunt

250 3172 292 3203 ³³
318 3171 451 3228 an.
476 3190 632 3239 ιιιγ,
665 3173 753 3229 55.

245 3320 352 3400 (Ἠ)
395 3331 493 3408 5th
523 3342 657 3385 ηδε.
692 3329 770 3400 τῷ
808 3327 883 3400 νῷ
916 3331 1177 3402 κινήσεις,
1229 3330 1347 3393 πῶς
1391 3346 1482 3382 ουν
1510 3329 1630 3400 οὑχὶ
1663 3327 1740 3400 τῷ

1832 3327 1899 3399 εῷ
1924 3330 1987 3383 Λ.
2020 3329 2207 3386 multis
2238 3329 2479 3397 omissis,
2516 3330 2584 3384 δι’
2611 3329 3037 3401 ὀμοιοτέλευτον.

405 3645 538 3731 ΙΝ
617 3640 1525 3748 SUBSEQUENTIA
1608 3643 1786 3729 XX
1858 3639 2471 3732 OPUSCULA
2544 3640 3172 3732 MONITUM.

244 3844 281 3897 l.
321 3843 387 3897 In
431 3844 711 3915 sequentia
758 3841 1009 3911 opuscula
1052 3840 1163 3894 hcce
1199 3840 1582 3894 Felckmanmts
1618 3840 1781 3894 liabet
1821 3856 1841 3895 :
1879 3839 1955 3897 De
1987 3842 2075 3897 his
2108 3842 2255 3897 aliud
2286 3852 2508 3897 monere
2544 3857 2655 3898 non
2707 3842 2969 3898 habemus
3000 3855 3162 3911 quam
3198 3848 3416 3895 exstare

102 3962 103 3971 ι
177 3947 234 3988 ea
275 3936 328 3989 in
372 3936 503 3990 cod.
541 3935 654 3988 illis
691 3949 967 3990 manuscr.
1009 3931 1180 3987 Palat.
1223 3946 1354 3996 uno,
1388 3940 1443 3986 et
1471 3932 1701 4004 August.
1747 3933 1920 3988 altero
1956 3931 2211 4003 (quorum
2250 3935 2410 4004 paulo
2441 3941 2568 3989 ante
2612 3933 2839 4004 mentio)
2876 3933 2944 3987 ab
2976 3932 3164 3987 eodem
3198 3930 3415 3985 Andrea

140 4076 149 4084 ,
180 4022 454 4081 Dermario
502 4026 826 4097 Epidaurio.
863 4026 1038 4082 Tolcti
1071 4033 1124 4081 et
1151 4025 1387 4080 Venetiis
1421 4025 1661 4095 scriptis,
1689 4034 1744 4081 et
1774 4032 1835 4079 ut
1865 4027 2166 4083 verisimile
2194 4035 2300 4090 est,
2336 4043 2405 4082 ex
2448 4026 2640 4082 eodem
2680 4026 2888 4081 codice.
2929 4024 3079 4080 Unde
3114 4025 3277 4078 etiam
3306 4028 3414 4083 est.

177 4122 311 4188 quod
340 4124 452 4178 duo
497 4124 595 4179 isti
630 4124 854 4178 codices
888 4137 1014 4177 raro
1044 4120 1279 4184 variant,
1306 4128 1364 4175 ut
1397 4122 1451 4175 in
1483 4136 1772 4192 progressu
1808 4122 2102 4197 videbitur.
2135 4124 2340 4179 Auctor
2373 4139 2501 4178 vero
2532 4125 2722 4178 horum
2754 4122 2894 4177 idem
2922 4124 3146 4176 omnino
3178 4120 3416 4182 videtur,

177 4216 261 4284 qui
310 4226 365 4270 et
413 4214 884 4285 praecedentium.
937 4223 992 4267 et
1060 4212 1163 4266 nisi
1229 4227 1316 4267 me
1363 4212 1681 4281 conjectura
1733 4213 1907 4278 fallit,
1964 4214 2101 4268 vixit
2152 4223 2276 4284 post
2331 4225 2551 4271 exortas
2599 4204 2845 4270 Aliaereses
2909 4213 3302 4283 Eutychianam
3362 4223 3418 4268 et

175 4303 653 4362 Honotheleticani
715 4322 729 4359 :
776 4303 913 4358 adeo
973 4304 1179 4357 directe
1230 4316 1324 4358 eas
1377 4309 1711 4373 oppugnant.
1778 4302 1847 4356 At
1906 4312 2134 4373 uterque
2193 4302 2361 4358 codex
2413 4321 2535 4359 eum
2586 4306 2678 4375 qui
2737 4312 2821 4359 est
2869 4319 2923 4374 p.
2984 4303 3092 4358 223
3163 4303 3420 4375 (excepto

171 4401 307 4469 quod
359 4402 636 4455 omittunt
687 4400 906 4469 ἀρχιεπ.
978 4396 1174 4464 Ἀλεξ.)
1220 4397 1305 4452 bis
1340 4396 1621 4467 opusculis
1673 4396 1888 4450 titulum
1934 4397 2182 4468 przeiigit.
2234 4398 2362 4454 Hcce
2414 4394 2840 4462 Felckmannus,
2884 4398 3071 4468 quibus
3116 4399 3311 4467 liquet,
3361 4401 3420 4454 in

172 4495 553 4567 manuscriptis
605 4495 746 4548 unde
794 4484 919 4548 Iure
954 4493 1205 4563 opuscula
1250 4495 1512 4562 exscripta
1552 4503 1693 4555 sunt,
1748 4492 1912 4561 fuisse
1949 4494 2044 4546 illa
2079 4504 2447 4566 consequenter
2489 4496 2701 4564 posita,
2745 4495 3018 4563 prwmisso
3060 4492 3417 4563 capitulorum

172 4591 387 4657 syllaba,
438 4607 600 4661 quem
638 4588 757 4659 jam
805 4606 896 4643 nos
943 4587 1260 4642 exhibemus.
1307 4588 1459 4654 Quod
1494 4590 1739 4657 opinatur
1777 4599 1953 4642 autent
2000 4587 2385 4645 Felckmannus
2426 4592 2537 4645 lucc
2583 4591 2831 4660 opuscula
2874 4589 3105 4658 ejusdem
3146 4590 3418 4657 scriptoris

168 4694 269 4738 esse
296 4687 449 4754 cujus
480 4692 613 4740 sunt
641 4684 982 4754 prtccedentia
1007 4725 1022 4746 ,
1064 4683 1118 4735 id
1156 4699 1282 4736 sane
1313 4700 1413 4736 non
1455 4699 1743 4753 repugnare
1777 4682 1997 4748 videtur,
2027 4684 2151 4737 dum
2187 4685 2250 4737 de
2289 4684 2491 4737 duobus
2532 4692 2736 4738 tantum
2764 4685 2932 4754 primo
2974 4684 3156 4750 positis
3192 4682 3418 4752 dialogis

168 4776 607 4850 idintelligatur;
636 4794 760 4832 nam
792 4778 960 4831 multa
1004 4776 1087 4829 hic
1133 4785 1254 4830 sunt
1294 4792 1412 4847 quia
1459 4778 1512 4830 in
1559 4776 1771 4846 dialogo
1814 4777 2125 4843 prwcedemi
2175 4792 2293 4831 cum
2343 4776 2724 4834 Macedoniano
2768 4780 2953 4833 iisdem
3005 4778 3166 4848 ferme
3208 4776 3450 4853 vocibus.

168 4869 422 4941 leguntur.
472 4874 589 4930 Sed
633 4888 751 4943 qua
783 4879 899 4942 post
947 4870 1333 4941 subsequuntur
1377 4870 1446 4924 ad
1486 4869 1825 4925 Eustathium
1867 4881 2187 4940 nuncupata,
2233 4873 2382 4942 longe
2425 4874 2646 4927 acrioris
2689 4872 2882 4942 ingenii
2918 4885 3047 4935 opus
3086 4884 3216 4933 esse,
3254 4867 3417 4922 cuivis

165 4975 414 5021 entunctw
446 4966 607 5020 naris
641 4964 839 5017 homini
871 4962 1197 5017 videbantur.
1240 4961 1428 5015 Verum
1454 4963 1565 5017 lucc
1594 4963 1773 5015 omnia
1799 4961 1866 5015 ad
1892 4961 2241 5016 Athanasium
2273 4963 2479 5031 quidem
2510 4981 2611 5017 non
2638 4979 2789 5033 posse
2815 4963 3073 5032 pertinere
3110 4959 3417 5013 certissimis

167 5056 297 5109 notis
321 5055 643 5125 judicatur,
666 5066 733 5106 ea:
758 5053 894 5123 style
922 5066 1120 5120 nempe,
1148 5061 1199 5104 et
1227 5053 1351 5123 quia
1380 5051 1474 5105 hic
1498 5052 1719 5107 hwreses
1754 5052 2125 5120 impugnantur
2152 5052 2243 5105 diu
2270 5062 2387 5121 post
2432 5053 2784 5108 Athanasium
2811 5063 3029 5114 exortae,
3063 5051 3213 5118 cujus
3243 5057 3415 5101 autem

165 5151 431 5217 scriptoris
460 5151 601 5214 sint,
635 5164 739 5202 non
775 5144 985 5216 perinde
1020 5155 1189 5199 tutum
1219 5156 1296 5202 est
1323 5145 1558 5215 deﬁnire.
1590 5144 1730 5212 Quid
1772 5145 1869 5201 hac
1908 5144 1973 5200 de
2003 5144 2057 5199 re
2094 5148 2308 5217 quidam
2350 5152 2628 5217 scriptores
2672 5148 2985 5202 wstimarint
3014 5144 3096 5199 Itic
3136 5144 3346 5213 expend.
3364 5159 3420 5196 re

166 5256 324 5309 operte
352 5244 596 5314 pretium
626 5242 812 5312 fuerit.

230 5332 288 5385 ll.
320 5336 630 5390 Carnerius
682 5346 844 5402 supra
885 5332 1173 5399 laudatas,
1236 5334 1388 5389 Tom.
1446 5331 1486 5386 γ
1529 5347 1741 5401 operam
1779 5331 2092 5387 Theodoreti
2144 5332 2281 5405 (15).
2336 5333 2467 5389 duos
2516 5335 2718 5403 priores
2769 5332 3009 5404 dialogos
3056 5337 3255 5401 pugnat
3304 5342 3420 5381 esse

170 5417 472 5482 Theodoreti
513 5444 535 5482 :
576 5427 640 5481 1⁸
692 5427 815 5497 quia
861 5424 1214 5481 Theodoretus
1256 5429 1331 5481 ait
1375 5442 1430 5482 se
1477 5436 1581 5480 tres
1620 5428 1989 5495 conscripsisse
2029 5428 2188 5482 libros
2230 5428 2295 5482 de
2329 5428 2534 5497 Spiritu
2568 5438 2774 5492 sancto,
2822 5428 3072 5481 adversus
3098 5424 3276 5495 gratia
3305 5421 3420 5490 ejus

164 5515 432 5575 destitutas
464 5521 774 5578 hcreticos.
812 5519 977 5574 Porro
1003 5518 1288 5579 Garuerias
1305 5521 1494 5592 juncto
1515 5519 1826 5589 prwcedenti
1860 5521 2073 5593 dialogo
2108 5534 2293 5578 contra
2314 5521 2757 5578 lacedonianum
2788 5539 2905 5576 cum
2937 5521 3077 5575 hisce
3106 5517 3332 5580 duobus,
3364 5531 3422 5570 se

164 5617 261 5663 tres
284 5615 404 5671 illas
432 5615 759 5671 Theodoreti
787 5617 950 5672 libros
977 5633 1108 5683 esse,
1132 5619 1442 5689 comperisse
1475 5619 1756 5675 contendit.
1780 5618 1837 5672 2'
1878 5619 1960 5673 Ea:
2007 5621 2183 5675 multis
2211 5621 2516 5699 Theodoreti
2542 5621 2694 5685 locis,
2729 5626 2844 5690 qua:
2875 5634 2989 5672 cum
3023 5617 3143 5670 aliis
3176 5613 3422 5669 horumce

231 5767 336 5839 (l5)
373 5768 431 5822 ιι.
464 5788 497 5826 v
530 5771 738 5826 ".Pz'el.
773 5766 961 5827 Fabul.
998 5786 1047 5824 (ς.
1074 5772 1124 5825 5.
