3982 6398
570 368 712 425 1287
1718 355 1776 410 S.
1818 347 2279 407 ATHANASIUS.
2325 355 2389 390 —'—
2431 347 2701 404 SPURIA.
3665 343 3792 398 1238

563 483 902 554 dialogorum
945 477 1072 532 locis
1117 475 1338 529 multum
1409 473 1594 526 habent
1661 470 1931 540 aﬂinitatis
1987 469 2216 522 calidum
2255 485 2313 522 se
2359 484 2453 535 pro
2499 466 2818 520 Theodoreti)
2854 467 3222 534 argumentum
3261 459 3444 516 εῖδεῑέ
3491 459 3798 514 arbitratur.

579 579 789 637 Verum,
813 586 867 630 ut
891 573 1218 642 exploratum
1242 580 1340 634 est,
1373 568 1746 622 Theodoretum
1768 577 1872 618 tres
1898 564 2274 632 conscripsisse
2297 563 2466 616 libros
2490 563 2739 616 adversus
2769 558 3200 617 Hacedonianos.
3225 559 3300 610 ita
3341 557 3554 608 minime
3582 563 3798 616 constat,

569 671 680 724 ha'c
720 669 821 721 tria
858 664 1107 734 opuscula
1143 677 1228 716 eos
1273 661 1414 730 ipsos
1454 675 1566 713 esse
1607 657 1792 711 libros.
1828 654 2012 708 Primo
2047 655 2182 707 enim
2223 669 2255 705 a
2283 654 2438 706 veteri
2481 653 2684 706 nemine
2719 651 3039 706 Theodoreto
3092 648 3450 707 ascribuntur,
3485 662 3548 698 ac
3580 649 3635 698 in
3667 647 3801 700 nullo

568 761 705 826 quod
731 756 957 809 sciamus
988 751 1162 805 codice
1189 748 1493 804 Theodoreti
1520 747 1728 800 nomine
1757 756 2078 812 comparent.
2109 744 2165 796 5°
2198 740 2266 795 In
2300 742 2446 796 nullo
2487 743 2667 795 itidem
2707 740 2884 794 codice
2921 739 3023 792 duo
3062 738 3262 807 dialogi
3301 738 3668 805 subsequentes
3695 752 3802 788 cum

567 845 876 910 prcecedenti
911 845 1230 914 junguntur,
1274 857 1363 894 nec
1398 847 1604 894 constat
1635 836 1866 908 ejusdem
1899 852 2010 890 esse
2053 835 2346 902 scriptoris,
2383 835 2500 888 licet
2547 834 2601 886 id
2640 834 2852 886 minime
2881 839 3148 900 repugnet.
3179 828 3322 882 Nam
3356 828 3496 898 quod
3528 831 3712 882 attinet
3742 828 3803 879 ad

568 937 719 991 illam
747 938 981 990 locorum
1023 935 1327 1004 inﬁnitatem
1376 949 1408 985 a
1447 929 1706 984 Carnerio
1747 929 2075 984 observatam
2119 927 2256 996 (qua:
2295 935 2467 979 tamen
2505 926 2620 978 loca
2661 923 2929 978 breuitatis
2965 937 3136 976 causa
3174 920 3362 989 aﬂ‘erre
3395 919 3804 986 superscr/emus)

567 1031 703 1084 inter
735 1030 887 1083 hosce
913 1028 1152 1098 dialogos
1184 1035 1364 1081 mutuo
1383 1025 1636 1088 collatos,
1669 1025 1792 1078 item
1821 1023 2030 1077 eosdent
2058 1025 2215 1084 inter,
2235 1030 2288 1074 et
2316 1021 2429 1073 alia
2463 1019 2770 1073 Theodoreti
2797 1033 2974 1086 opera,
3003 1033 3106 1070 non
3129 1025 3206 1069 est
3239 1015 3336 1068 illa
3370 1015 3508 1066 tanti
3541 1015 3803 1076 momenti,

564 1136 623 1180 ut
657 1136 826 1179 tutum
858 1142 926 1181 ea:
957 1127 1051 1181 illa
1084 1128 1345 1196 judicium
1385 1126 1484 1178 hac
1527 1125 1584 1176 in
1609 1134 1758 1190 parte
1789 1123 1916 1193 ferri
1946 1123 2135 1192 possit.
2164 1119 2308 1172 Nam
2339 1120 2388 1172 si
2417 1120 2536 1188 quis
2578 1119 2906 1172 diversorum
2949 1114 3174 1168 Patrum
3223 1130 3402 1182 opera,
3435 1111 3501 1165 de
3544 1127 3604 1165 re
3637 1112 3806 1164 eadem

565 1229 617 1272 et
661 1218 912 1274 adversus
946 1219 1158 1273 eosdem
1198 1218 1468 1272 hwreticos
1501 1217 1825 1285 conscripta,
1874 1226 2056 1269 mutuo
2106 1211 2366 1281 conferat,
2399 1211 2444 1264 is
2475 1212 2644 1264 multa
2684 1208 2825 1262 haud
2863 1207 3019 1261 dubie
3065 1205 3264 1275 omnia,
3326 1203 3497 1256 multa
3537 1201 3805 1255 simillima

563 1320 873 1382 argumenta
930 1312 1293 1382 deprehendet.
1327 1310 1476 1366 'Sunt
1522 1312 1660 1364 enim
1711 1309 1950 1380 quaedam
2008 1325 2100 1362 ceu
2142 1307 2443 1361 communia
2493 1305 2642 1367 loca,
2685 1303 2877 1373 cuique
2915 1301 3110 1364 obuia,
3157 1315 3276 1370 qua:
3327 1314 3360 1351 a
3417 1296 3604 1348 multis
3663 1311 3807 1349 usur-

565 1418 779 1477 pantur,
829 1417 984 1480 atque
1017 1410 1215 1478 passim
1252 1417 1432 1461 nostro
1477 1421 1584 1460 aevo
1615 1405 1864 1469 videmus,
1889 1405 1977 1474 qui
2009 1402 2217 1458 easdem
2254 1409 2576 1472 pertractant
2606 1397 2939 1467 quastiones,
2970 1396 3152 1449 eadem
3193 1407 3450 1459 usurpare
3481 1398 3804 1459 argumenta,

566 1474 684 1553 licet
731 1502 800 1552 ab
853 1474 976 1551 aliis
1017 1474 1234 1550 minime
1286 1504 1548 1548 mutuata.
1605 1492 1752 1549 Unde
1808 1493 1948 1546 haud
2015 1495 2146 1548 satis
2223 1493 2379 1562 ﬁrma
2445 1489 2556 1543 hwc
2622 1487 2762 1541 ratio
2814 1493 2924 1548 est,
2963 1500 3082 1536 cum
3136 1482 3428 1551 praesertim
3484 1497 3548 1534 ne
3598 1474 3809 1533 minima

565 1589 774 1659 quidem
815 1597 1043 1640 ueterum
1087 1586 1349 1638 innitatur
1377 1583 1716 1637 auctoritate.
1749 1580 1849 1636 His
1899 1581 2143 1635 addimus
2192 1579 2475 1634 secundum
2512 1577 2799 1647 dialogum,
2831 1574 3114 1645 fragmenti
3145 1571 3388 1626 alicunde
3425 1571 3622 1625 divulsi
3649 1572 3809 1639 potius

555 1682 788 1751 speciem
824 1680 1105 1749 pra'ferre,
1136 1694 1293 1748 quam
1335 1675 1565 1731 absoluti
1603 1673 1876 1744 cujusdam
1914 1673 2104 1742 operis.
2137 1671 2314 1738 Quare
2347 1671 2512 1726 donec
2549 1671 2741 1725 certius
2774 1666 3044 1738 quidpiam
3078 1665 3370 1729 emerserit,
3411 1663 3509 1718 sub
3529 1663 3716 1732 judice
3752 1665 3807 1717 lis

569 1774 815 1846 pendeat.

635 1867 726 1922 ιιι.
769 1863 920 1933 Quod
957 1871 1153 1933 spectat
1191 1871 1365 1916 autem
1401 1860 1677 1932 epistolam
1715 1857 2107 1928 subsequentem
2155 1855 2222 1908 ad
2264 1855 2625 1920 Eustathiunt,
2673 1870 2765 1909 nec
2810 1869 2914 1907 non
2958 1851 3239 1922 adjunctus
3275 1852 3416 1906 alias
3454 1851 3807 1919 septemdecim

569 1959 882 2030 quaestiones
914 1957 1094 2025 aﬂ'ert,
1127 1953 1397 2010 Mercator
1424 1953 1565 2009 haud
1596 1952 1856 2006 modicum
1887 1952 2237 2022 fragmentum
2281 1950 2518 2004 Eutherii
2548 1949 2839 2020 Tyanensis
2867 1948 3094 2013 nomine,
3127 1947 3204 2001 sic
3231 1946 3428 2000 habens
3454 1962 3477 1999 :
3500 1945 3549 2000 0
3579 1947 3809 2000 inconsi-

571 2053 757 2106 derata
799 2048 1099 2119 sapientia!
1146 2063 1180 2102 ο
1236 2047 1440 2102 lusoria
1500 2047 1794 2116 disciplina
1843 2043 2119 2099 aediﬁcans
2168 2044 2335 2098 simul
2387 2051 2442 2098 et
2490 2042 2804 2104 destructis,
2853 2041 2997 2096 sicut
3041 2038 3276 2093 infantes
3308 2039 3500 2092 ludere
3547 2037 3603 2090 in
3659 2053 3809 2091 arens

567 2142 961 2212 conspicimus,
1013 2151 1118 2195 etc.
1179 2139 1330 2194 Unde
1386 2141 1754 2193 incunctanter
1806 2155 1895 2192 eas
1948 2138 2258 2208 quaestiones
2301 2135 2553 2190 Eutherio
2604 2136 2822 2190 ascribit
2861 2134 3148 2188 Carnerius
3190 2132 3495 2203 Tyanorunt
3542 2131 3806 2208 episcopo,

574 2235 910 2306 Nestoriique
947 2235 1182 2289 asseclte.
1220 2234 1290 2288 Et
1327 2252 1454 2290 sane
1495 2252 1598 2289 non
1646 2233 1879 2288 invalido
1912 2245 2085 2288 motus
2124 2242 2470 2304 argumento;
2513 2232 2630 2285 licet
2669 2233 2899 2300 fortasse
2936 2248 3038 2284 non
3074 2229 3401 2299 hnjusmodi,
3431 2239 3492 2281 ut
3527 2243 3733 2282 onmem
3763 2227 3808 2279 in

572 2331 842 2385 adversum
876 2332 1000 2385 levet
1028 2331 1394 2401 suspicionem.
1428 2330 1648 2384 Photius
1673 2345 1892 2400 namque
1918 2328 2096 2384 codice
2134 2344 2278 2392 xm,
2313 2328 2408 2381 hoc
2435 2343 2565 2395 opus
2603 2325 2922 2380 Theodoreto
2953 2324 3142 2378 diserte
3173 2323 3409 2377 ascribit.
3453 2319 3805 2389 Ἀνεγνὼσθη,

572 2425 678 2485 ait,
719 2423 1058 2495 Θεοδωρήτου
1096 2424 1396 2478 ἐπισκόπου
1430 2422 1613 2496 Κύρου
1653 2421 1801 2490 λόγοι
1841 2421 1945 2487 κζ’,
1986 2422 2119 2492 πρὸς
2157 2420 2447 2491 διαφόρους
2494 2417 2686 2481 θέσεις.
2727 2413 2827 2470 Ὧν
2860 2417 2887 2469 ὀ
2935 2416 3032 2487 μὲν
3062 2414 3275 2487 πρῶτος
3324 2413 3483 2481 λόγος
3524 2412 3661 2481 πρὸς
3698 2411 3809 2471 τοὺς

571 2513 847 2584 λέγοντας,
879 2525 978 2570 etc.
1010 2516 1095 2570 Ibi
1124 2517 1341 2586 septimo
1372 2517 1485 2570 loco
1515 2517 1660 2586 ponit
1693 2515 1991 2584 epistolam,
2022 2530 2137 2585 qua:
2167 2514 2252 2568 hic
2313 2515 2481 2583 primo
2511 2513 2765 2582 ponitur;
2807 2527 2868 2564 ac
2902 2508 3088 2564 deinde
3125 2509 3309 2564 ordine
3334 2514 3613 2561 enumerat
3649 2518 3807 2558 omnes

573 2610 945 2677 prapositiones
972 2625 1088 2680 qua:
1112 2609 1196 2662 hic
1229 2608 1592 2673 septemdecim
1623 2626 1836 2664 numero
1862 2608 2139 2675 habentur,
2167 2625 2385 2680 quaeque
2413 2606 2661 2661 desinunt
2685 2604 2757 2658 ad
2789 2605 3089 2659 vicesimum
3115 2611 3362 2674 quartum
3393 2599 3612 2654 titulum
3653 2597 3806 2652 Ther—

574 2696 764 2754 doreti.
797 2699 989 2755 Postea
1019 2703 1352 2774 subsequitur
1380 2708 1519 2772 apud
1550 2703 1819 2768 Photium,
1853 2704 1882 2756 ὀ
1927 2703 2146 2764 εἰκοστὸν

2232 2701 2467 2774 ιέμπτος,
2498 2699 2966 2770 ἀνακεφαλαίωσις
2993 2699 3100 2752 τῶν
3144 2697 3284 2752 κατὰ
3311 2697 3479 2768 μέρος
3527 2694 3804 2767 ῥηθέντων·

573 2791 604 2843 ὁ
643 2792 889 2857 εἰκοσκδς
924 2795 1081 2875 ξκτος
1126 2797 1254 2868 περὶ
1287 2797 1384 2867 τῆς
1435 2797 1658 2868 ὕστερον
1700 2795 2031 2868 μηνυθείσης
2085 2795 2406 2860 συνθέσεως,
2446 2795 2565 2867 ἦτοι
2607 2793 3046 2856 συνουσιώσεεως⁸
3081 2792 3110 2845 6
3147 2789 3389 2853 εἰκοστὸς
3429 2788 3659 2858 ἕϐδομος
3695 2785 3810 2854 περὶ

573 2885 667 2939 τοῦ
717 2888 856 2941 κατὰ
907 2884 997 2943 ’ἱὸν
1039 2875 1216 2944 κοινὸν
1268 2890 1552 2961 ἄνθρωπον
1600 2889 2016 2962 ὑποδείγματος.
2073 2889 2242 2961 Δῆλον
2278 2890 2336 2944 δὲ
2381 2892 2474 2945 καὶ
2510 2891 2575 2943 ἐκ
2615 2889 2782 2961 μόνης
2819 2887 2996 2944 αὐτῶν
3030 2886 3130 2958 τῆς
3165 2885 3501 2949 ὑποθέσεως,
3541 2885 3682 2935 ποῖοι
3715 2880 3810 2932 τῶν

577 2979 877 3050 εἰρημένων
911 2980 1082 3050 λόγων
1119 2981 1180 3035 τὸ
1217 2981 1493 3054 ὀρθόδοξον
1533 2983 1857 3054 κρατύνουσι
1897 2983 2148 3054 φρόνημα

2242 2983 2298 3036 αἱ
2345 2982 2487 3046 τινες
2522 2981 2882 3035 ἐκκλίνουσιν.
2919 2979 3046 3034 Ηαέ
3094 2979 3320 3033 Photius
3373 2976 3566 3048 quibus
3622 2973 3811 3042 reponit

578 3069 956 3142 Garnerius,p.
981 3073 1082 3129 687
1117 3093 1133 3132 :
1162 3061 1372 3133 Fefellit
1405 3075 1656 3131 Photium
1689 3092 1822 3132 suus
1853 3077 2025 3132 cndex
2063 3078 2241 3133 tribus
2264 3088 2530 3134 constans
2562 3077 2808 3148 partibus
2842 3094 2856 3132 :
2887 3091 3118 3146 quarum
3151 3075 3328 3146 prima
3360 3072 3812 3144 complectebatur

580 3182 675 3223 sex
706 3168 918 3239 priores
948 3170 1117 3226 libros
1147 3189 1162 3239 ;
1204 3173 1470 3238 secunda,
1517 3189 1684 3228 litium
1713 3181 1766 3227 et
1800 3174 1985 3245 viginti
2025 3189 2350 3240 sermones;
2386 3181 2682 3245 postrema,
2714 3172 3024 3233 Eranisten.
3061 3186 3160 3226 seu
3191 3169 3648 3241 Polymorphum.
3683 3163 3805 3218 Cum

576 3258 724 3313 enim
773 3261 948 3330 prima
989 3265 1236 3327 et,tertia
1285 3263 1352 3318 ad
1386 3263 1786 3321 Theodoretum
1828 3268 2018 3334 procul
2061 3267 2226 3323 dubio
2266 3270 2593 3340 pertineant,
2632 3268 2860 3324 Photius
2902 3268 3135 3323 mediam
3153 3279 3396 3337 --quoque
3434 3263 3540 3333 ipsi
3581 3260 3806 3314 tribuit:

579 3351 760 3422 reipsa
800 3362 981 3410 tamen
1031 3364 1116 3411 est
1159 3356 1407 3416 Eutherii
1439 3359 1742 3434 'l'yanensis
1779 3364 2042 3436 episcopi,
2069 3364 2213 3436 quod
2240 3363 2532 3419 nianil‘esta
2563 3364 2754 3436 probat
2783 3364 3082 3419 auctoritas
3112 3362 3264 3418 Marii
3302 3359 3650 3420 Mnesteris,
3682 3354 3809 3430 υεξιμ

580 3443 840 3500 Eutherio
870 3447 1390 3510 demonstrabimus.

647 3540 810 3614 473
846 3543 933 3600 ιγ.
971 3541 1101 3601 Hinc
1130 3546 1440 3615 Carnerius,
1475 3551 1685 3621 quicum
1735 3568 1831 3606 nos
1859 3553 2248 3618 existimamus,
2282 3567 2374 3607 sex
2403 3552 2606 3622 priores
2661 3551 2787 3606 illas
2834 3568 2867 3605 a
2926 3549 3120 3604 Photio
3157 3560 3478 3618 memoratas
3513 3544 3808 3604 Theodoreti

574 3637 912 3704 quwstiones,
937 3655 1040 3692 nou
1068 3657 1230 3695 unum
1260 3657 1387 3711 opus
1409 3659 1524 3696 cum
1549 3644 1774 3712 epistola
1805 3643 1872 3698 ad
1904 3643 2242 3698 Eustathium
2277 3655 2327 3699 et
2353 3643 2780 3716 subsequentibus
2823 3643 3272 3712 propositionibus
3304 3644 3586 3712 conﬁcere.
3625 3643 3802 3696 Palam

576 3728 719 3808 enim
762 3739 842 3784 est
871 3747 935 3785 ex
965 3731 1118 3787 modo
1143 3735 1312 3804 ipsius
1347 3735 1584 3806 epistola:
1616 3735 1903 3799 ordiendtc,
1927 3737 1995 3788 ibi
2021 3738 2228 3790 initium
2257 3737 2379 3791 duci
2413 3738 2570 3791 totius
2627 3739 2816 3806 operis.
2849 3742 2916 3791 At
2943 3735 3080 3806 quod
3131 3736 3204 3790 ait
3240 3736 3318 3790 vir
3349 3735 3542 3790 doctus
3598 3735 3809 3788 codicem

580 3813 743 3882 fuisse
767 3816 963 3872 Photio
997 3822 1192 3876 erroris
1225 3838 1469 3888 causam,
1495 3821 1547 3876 id
1583 3841 1710 3878 sane
1734 3842 1835 3878 non
1866 3835 2140 3893 conspecto
2176 3824 2356 3879 codice
2389 3827 2644 3896 αρε-ηιατὶ
2675 3829 2872 3897 nequit.
2913 3825 3039 3881 Non
3067 3835 3246 3895 peccat
3271 3828 3410 3880 enim
3447 3827 3637 3891 codex,
3689 3823 3808 3896 quod

580 3922 755 3960 rerum
773 3908 1174 3980 disparatarum
1202 3914 1384 3968 titulos
1414 3932 1751 3971 numerorum
1773 3919 1954 3971 ordine
1978 3916 2284 3987 conjungat,
2317 3934 2435 3970 cum
2473 3920 2517 3973 is
2547 3935 2656 3972 mos
2684 3921 2754 3973 sit
2787 3918 3092 3974 Grecorum
3141 3919 3512 3977 librariorum.
3543 3931 3602 3972 ut
3650 3934 3808 3973 omnes

582 4002 813 4056 auctoris
836 4003 1084 4074 cujusque
1110 4013 1370 4060 tractatus
1394 4011 1726 4079 quantumvis
1750 4009 1982 4065 diversos
2015 4011 2350 4081 consequenti
2378 4027 2716 4067 numerorum
2744 4013 2878 4067 serie
2906 4021 3107 4076 notent,
3136 4021 3194 4065 ut
3214 4028 3379 4081 supra
3415 4016 3479 4065 de
3502 4011 3808 4065 Athanasiu-

582 4099 665 4152 nis
706 4097 970 4153 codicibus
1005 4100 1266 4171 loquentes
1289 4104 1776 4160 animadvertimus.
1827 4106 1923 4160 Vix
1949 4106 2124 4177 itaque
2143 4107 2418 4162 credamus
2455 4108 2723 4167 Photium.
2763 4109 2820 4162 in
2867 4108 3132 4163 codicibus
3184 4110 3602 4179 pertractandis,
3633 4109 3679 4164 si
3707 4107 3806 4178 quis

581 4205 812 4260 unquam
852 4191 1014 4254 alius,
1054 4197 1490 4259 versutissimum,
1519 4197 1601 4251 hic
1633 4215 1810 4252 errore
1852 4198 2094 4267 lapsum:
2124 4199 2213 4253 sed
2251 4200 2365 4268 ejus
2407 4215 2584 4254 ret-era
2624 4200 2876 4264 codicem,
2931 4199 3253 4256 Theodoreto
3305 4201 3418 4254 ham
3463 4201 3804 4270 iuscripsisse,

583 4281 791 4346 addita,
815 4283 894 4368 uti
920 4283 1049 4338 solet
1081 4285 1215 4353 fieri,
1242 4303 1360 4340 voce
1389 4287 1482 4341 τοῦ
1505 4284 1669 4341 αὑτοῦ
1705 4299 1822 4357 post
1849 4291 2076 4357 priorem
2112 4300 2399 4344 tractatum
2424 4308 2442 4348 :
2467 4289 2606 4360 quod
2631 4293 2792 4345 etiam
2812 4291 2984 4346 videre
3011 4303 3088 4346 est
3121 4293 3174 4346 in
3198 4292 3467 4347 codicibus
3497 4295 3589 4364 qui
3612 4310 3671 4347 ea
3693 4307 3810 4360 opu-

583 4373 734 4427 scula
764 4374 1052 4429 Athanasio
1075 4379 1364 4435 ascribunt.
1401 4379 1528 4434 Haec
1547 4396 1705 4449 porro
1733 4399 1835 4435 non
1864 4398 1923 4436 eo
1972 4382 2196 4436 dicimus
2227 4382 2368 4453 quod
2417 4393 2614 4438 certum
2659 4393 2900 4452 putemus
2941 4401 3054 4439 esse
3097 4385 3193 4439 has
3237 4387 3556 4455 quaestiones
3601 4386 3810 4440 Theodo-

584 4464 717 4525 reti;
745 4463 963 4518 necdum
992 4467 1127 4519 enim
1161 4471 1239 4522 vel
1275 4467 1546 4535 Eutherio,
1583 4473 1658 4523 vel
1707 4469 2026 4526 Theodoreto
2076 4472 2236 4541 probe
2295 4472 2684 4540 adjudicandas
2741 4470 3099 4541 arbitramur;
3143 4475 3306 4529 donec
3365 4477 3496 4546 quid
3537 4477 3809 4532 euidentius

584 4563 910 4620 Compareat.

655 4645 914 4699 therum
977 4647 1115 4719 quod
1161 4651 1312 4703 aiunt
1354 4649 1594 4702 nonnulli
1647 4649 1783 4704 hunc
1830 4653 2141 4721 scriptorem
2185 4669 2298 4707 esse
2349 4651 2749 4718 Nestorianum,
2795 4653 2851 4708 id
2892 4671 2996 4709 non
3022 4654 3152 4708 mihi
3182 4655 3340 4725 plane
3363 4669 3686 4727 perspectum
3709 4672 3810 4712 esse

585 4739 774 4810 fateor.
813 4738 968 4794 Nihil
1013 4742 1150 4795 enim
1208 4742 1337 4796 mihi
1391 4741 1703 4798 Nestoriani
1750 4744 2015 4816 dogmatis
2062 4749 2146 4801 hic
2197 4762 2308 4801 esse
2359 4746 2585 4812 videtur,
2643 4763 2818 4801 verum
2864 4749 2980 4802 licet
3011 4749 3080 4802 sit
3111 4749 3373 4817 quasdam
3419 4749 3506 4806 hic
3533 4754 3808 4822 oppugnari

583 4832 963 4899 propositiones
992 4847 1108 4900 qua:
1132 4833 1178 4884 si
1213 4831 1370 4901 probe
1420 4834 1751 4901 accipiantur
1788 4835 2064 4892 catholica:
2106 4848 2250 4900 sunt,
2277 4846 2334 4890 ut
2367 4847 2444 4890 est
2500 4837 2634 4891 illud
2690 4856 2708 4892 :
2751 4837 2977 4895 Passum
2995 4838 3351 4916 est‘Verbum
3388 4845 3804 4916 impassibiliter.

585 4929 638 4976 et
683 4937 902 4990 passum
968 4931 1052 4978 est
1097 4921 1336 4978 Verbum
1371 4939 1558 4988 carne.
1615 4943 1729 4996 qua:
1789 4937 1921 4981 recte
1970 4930 2258 4998 explicanti
2309 4930 2605 4985 orthodoxa
2661 4931 2816 4998 plane
2861 4913 3194 4990 uidebuntur.
3232 4933 3425 4991 Verum
3465 4913 3558 4993 hic
3601 4945 3810 5007 scriptor

585 5015 659 5068 ita
683 5016 788 5071 lucc
826 5018 1068 5087 loquendi
1088 5036 1274 5089 genera
1309 5019 1568 5088 confutat,
1610 5029 1666 5074 ut
1697 5038 1797 5074 non
1840 5021 2082 5077 videatur
2119 5022 2499 5078 Nestorianam
2530 5025 2844 5078 sententiam
2895 5023 2977 5078 Itis
3009 5025 3165 5081 dictis
3201 5027 3478 5086 aduersam
3565 5035 3803 5092 ridicure.
