3982 6398
482 343 614 402 ιιενι

862 460 1106 518 SANCTI
1135 460 1386 516 PATRIS
1415 460 1670 517 NOSTBI

1075 550 1214 605 ATH
1236 551 1447 604 \NASII

475 643 634 698 Liber
657 643 830 712 {arma
855 641 1064 712 Dialogi
1089 644 1518 714 conscriptus,iin
1553 659 1653 708 qua
1676 645 2046 714 colloquuntur

561 714 897 769 litt/todoxus
918 723 967 766 et
989 712 1399 767 Macedonicum
1429 712 1960 770 Pneumatomaclms.

545 867 698 922 l'lunc
722 868 918 922 librum
948 867 1016 921 ad
1049 866 1395 936 prudentiam
1455 875 1608 922 tuam
1650 868 1923 930 misimus.
1985 877 2047 924 ut

473 973 540 1013 eo
569 959 828 1028 perlecto,
877 959 1148 1028 judicium
1199 959 1344 1014 ferre
1398 962 1579 1028 possis
1617 959 1686 1014 de
1716 960 1784 1014 iis
1815 975 1937 1030 qua:
1977 963 2047 1015 ab

470 1047 742 1105 han-cticis
773 1048 1081 1104 Macedonii
1117 1048 1372 1104 sectariis
1404 1048 1548 1102 ὤνια
1576 1057 1726 1112 sunt,
1764 1049 1940 1120 deque
1972 1050 2043 1103 iis

468 1157 591 1212 qua:
612 1158 714 1197 nos
747 1143 856 1198 illis
890 1142 1270 1212 opposuimus.
1309 1139 1436 1196 llaec
1463 1143 1631 1215 igitur
1671 1143 1727 1196 in
1783 1141 2044 1198 schedula

469 1234 547 1288 illi
580 1241 988 1304 proposuerunt
1027 1255 1041 1292 :

539 1329 592 1384 l.
621 1326 678 1382 Si
707 1311 944 1399 Spiritus
977 1337 1201 1387 sanctus
1223 1341 1308 1388 est
1327 1331 1495 1398 Deus,
1513 1341 1607 1386 aut
1633 1331 1796 1389 Pater
1819 1339 1926 1394 est,
1950 1337 2044 1384 aut

466 1418 642 1476 Filius
677 1435 691 1472 :
733 1421 780 1476 si
835 1432 1051 1486 neuter,
1086 1425 1276 1494 utique
1309 1441 1413 1479 nec
1463 1424 1629 1481 Deus.
1668 1423 1778 1478 Nos
1801 1431 1992 1478 contra
2024 1441 2038 1477 :

466 1510 524 1566 ιιι
565 1512 663 1566 tibi
694 1515 952 1573 assumis.
989 1514 1035 1569 si
1064 1513 1304 1585 Spiritus
1335 1523 1560 1571 sanctus
1611 1514 1756 1570 Deus
1780 1521 1887 1578 est,
1945 1520 2040 1567 aut

358 1619 365 1626 '
465 1601 629 1660 Pater
658 1613 764 1672 est,
783 1613 878 1660 aut
898 1603 1069 1660 Filius
1089 1623 1104 1674 ;
1123 1607 1351 1677 perinde
1374 1623 1440 1662 ac
1463 1609 1507 1662 si
1533 1607 1652 1662 ideo
1675 1606 1841 1662 Pater
1872 1605 2034 1670 Deus,

463 1697 594 1768 quia
625 1695 941 1752 Paterzvel
977 1695 1340 1758 Filius'Deus.
1387 1700 1518 1770 quia
1569 1698 1764 1755 Filius.
1825 1698 2032 1766 Quodsi

1595 347 1654 404 s.
1695 327 2158 403 nummus.
2199 375 2267 386 —
2308 344 2584 403 spuma.

2073 468 2122 523 Α

3584 351 3721 410 {23!

2408 462 2565 516 σἸὈΥ
2591 462 2682 515 ΕΝ
2710 462 2934 517 ΑῐΊΟιΣ
2966 462 3237 518 ΠΑΤΡΟΣ
3260 466 3457 520 ΗΜΩῙΨ

2744 555 3132 609 ΑΘΑΝΑΣΙΟΥ

2147 645 2337 716 Λόγος
2389 645 2460 697 ἐν
2502 645 2645 702 εῖδει
2676 645 2998 712 διαλέξεως
3042 714 3049 716 Α
3059 645 3210 714 μετὰ
3267 647 3718 703 laxatior-(arati

2668 714 3190 786 Πνευματομάχου.

2231 857 2655 944 Ἀπεστεοιαμεν
2686 877 2752 946 τῇ
2781 877 2848 946 σῇ
2887 880 3096 929 συνέσει
3131 876 3192 930 τὸ
3223 877 3398 948 παρὸν
3432 877 3717 950 σύνταγμα

2145 959 2286 1030 ὑπὲρ
2316 959 2408 1012 τοῦ
2443 961 2740 1029 ἀναγνόντα
2775 979 2831 1015 σε
2856 963 3146 1034 δοκιμάσαι
3179 967 3274 1018 καὶ
3305 966 3375 1020 τὰ
3426 967 3579 1038 παρὰ
3611 966 3716 1019 τῶν

2125 1052 2455 1126 “αἱρετικῶν,
2481 1054 2588 1108 τῶν
2615 1055 2682 1108 τὰ
2701 1055 3029 1110 Μακεδονίου
3059 1057 3400 1127 φρονούντων
3429 1058 3713 1130 εἰρημένα,

2143 1147 2236 1200 καὶ
2272 1145 2338 1200 τὰ
2371 1148 2500 1218 παρ’
2538 1148 2694 1219 ήμῶν
2756 1148 3122 1207 ἀντιτεθέντα.
3187 1149 3268 1204 Τά
3327 1153 3427 1221 μὲν
3475 1149 3572 1207 οὖν
3626 1154 3714 1207 ὑπ’

2142 1239 2364 1293 ἐκείνων
2397 1241 2638 1304 τεθέντα,
2662 1243 2718 1294 ὲν
2737 1241 2814 1312 τῷ
2851 1242 3117 1315 σχεδαρίῳ
3134 1243 3305 1299 ταῦτά
3334 1247 3500 1300 εἰσιν·

2218 1333 2268 1386 l.
2301 1333 2362 1386 Ei
2387 1332 2501 1386 ἔστι
2525 1333 2656 1398 Θεὸς
2676 1335 2735 1388 τὸ
2765 1335 2984 1406 Πνεῦμα
3009 1335 3072 1388 τὸ
3089 1337 3262 1405 ἆγιον,
3288 1339 3404 1390 ἐστι
3440 1338 3635 1412 Πατὴρ
3677 1339 3709 1411 ἢ

2143 1424 2291 1490 Υἱός·
2319 1425 2436 1478 εξδὲ
2463 1425 2558 1498 μὴ,
2580 1427 2638 1480 οὒ
2663 1425 2814 1491 Θεός.
2831 1429 2938 1480 Καὶ
2960 1429 3120 1499 ἡμεῖς
3147 1429 3281 1500 πρὸς
3302 1429 3487 1483 αὐτόν’
3515 1430 3712 1498 Ἐδέξω

2141 1518 2322 1590 σαυτῷ
2346 1519 2406 1572 τό
2427 1537 2440 1550 ·
2472 1519 2536 1572 Εἰ
2566 1519 2680 1573 ἐστι
2717 1519 2849 1584 Θεὸς
2888 1520 2949 1574 τὸ
2979 1519 3224 1592 Πνεῦμα,
3273 1522 3390 1575 ἔστι
3449 1523 3645 1594 Πατὴρ
3674 1523 3706 1596 ἢ

2139 1607 2284 1673 Υἱὸς,
2309 1609 2384 1672 ὡς
2407 1609 2501 1664 τοῦ
2553 1610 2766 1682 Πατρὸς
2816 1611 2903 1664 διὰ
2933 1611 3090 1664 τοῦτο
3126 1612 3282 1673 ὄντος
3326 1612 3487 1675 Θεοῦ,
3523 1614 3708 1686 ἐπειδὴ

2136 1700 2324 1772 Πατήρ
2357 1701 2494 1763 ἐστι,
2527 1701 2621 1754 καὶ
2645 1701 2720 1766 ὼς
2751 1701 2845 1756 τοῦ
2867 1701 2998 1756 Υἱοῦ
3021 1701 3108 1756 διὰ
3146 1703 3306 1756 τοῦτο
3355 1704 3510 1769 ὅντες
3550 1704 3705 1771 Θεοῦ,

463 1789 753 1860 propterea
781 1787 945 1844 Pater
965 1799 1049 1844 εει
1075 1786 1244 1852 Deus,
1279 1793 1408 1860 quia
1459 1789 1658 1858 Pater;
1710 1791 1884 1848 Filius
1934 1793 2023 1864 igi-

2138 1792 2322 1862 ἐπειδὴ
2353 1795 2381 1846 6
2405 1793 2531 1857 Υἱός
2567 1794 2732 1848 ἐστιν.
2777 1795 2840 1848 Εἰ
2881 1791 2973 1849 οὖν
3009 1794 3096 1849 διὰ
3134 1795 3294 1849 τοῦτο
3335 1795 3470 1860 Θεός
3497 1800 3645 1852 ἐστιν
3678 1799 3706 1851 6

464 1887 579 1942 tur,
610 1881 738 1952 quia
768 1879 926 1935 Pater
955 1896 1066 1935 non
1093 1888 1200 1946 est,
1226 1897 1328 1936 nec
1365 1881 1510 1938 Deus
1543 1885 1670 1938 erit.
1707 1883 1772 1936 Et
1809 1885 1853 1938 si
1901 1900 2033 1954 pro-

464 1980 650 2042 pterea
683 1971 854 2028 Filius
896 1981 980 2028 est
1008 1971 1174 2038 Deus,
1213 1975 1341 2044 quia
1396 1973 1570 2031 Filius
1616 1995 1628 2031 :
1662 1975 1841 2032 Pater.
1873 1977 2038 2047 igitur

463 2065 592 2134 quia
622 2063 790 2120 Filius
817 2080 926 2120 non
947 2072 1053 2128 cst,
1077 2080 1180 2120 nec
1202 2063 1346 2122 Deus
1375 2067 1502 2122 erit.
1562 2066 1909 2138 Quapropter
1971 2067 2038 2121 li-

461 2163 548 2210 cet
570 2153 714 2212 Deus
743 2156 812 2211 sit
841 2155 1105 2226 Spiritus,
1134 2175 1244 2214 non
1270 2160 1526 2230 protinus
1551 2159 1658 2214 erit
1708 2159 1792 2214 vel
1853 2158 2032 2224 Pater,

459 2248 544 2303 vel
576 2247 766 2304 Filius.
786 2247 1000 2305 Etenim
1023 2253 1372 2318 vocabulum,
1395 2272 1414 2304 ι
1441 2251 1604 2317 Deus,
1643 2270 1662 2304 ι
1684 2259 1933 2306 naturam
1955 2251 2032 2307 si-

369 2412 375 2420 .
455 2339 677 2410 gniﬁcat
699 2342 882 2396 omnia
911 2344 1364 2414 contemplantem
1379 2353 1472 2398 aut
1487 2342 2033 2414 pervadentem.lllud

457 2441 661 2496 autem,
695 2453 713 2485 ι
741 2434 918 2500 Pater,
947 2454 965 2486 ι
990 2436 1276 2491 relativum
1306 2445 1412 2502 est,
1435 2445 1497 2489 ut
1519 2433 1720 2490 etillud
1744 2453 1762 2486 ι
1790 2433 1980 2491 Filius.
2006 2453 2025 2486 ι

454 2524 526 2580 At
558 2543 659 2582 nec
687 2527 970 2582 relativum
1018 2542 1216 2583 nomen
1250 2535 1498 2581 naturam
1525 2526 1906 2596 pen-vadentem
1935 2535 2030 2580 aut

455 2619 913 2691 contemplantem
947 2619 1152 2691 aliquid
1199 2619 1450 2688 designat
1482 2635 1622 2675 :uec
1651 2621 2030 2690 contemplan-

452 2711 527 2766 tis
551 2719 600 2767 ct
638 2713 986 2782 pervadentis
1017 2711 1224 2782 aliquid
1257 2720 1470 2766 natura:
1501 2726 1721 2774 nomen,
1750 2711 1933 2766 Patris
1959 2711 2026 2766 ad

451 2800 651 2858 Filium
693 2804 1012 2858 relationem
1048 2803 1277 2857 inducit.
1316 2801 1455 2856 Tum
1507 2803 1810 2858 Ortliodnxi
1837 2819 2028 2874 perso-

453 2897 580 2952 nai'n
615 2909 902 2949 assumens
931 2893 1376 2956 Maevdonianus,
1424 2909 1546 2948 sese
1600 2894 1968 2964 interrogabat
2005 2912 2019 2949 :

450 2982 570 3039 Non
589 2985 902 3040 adorandus
929 3001 1058 3056 ergo
1083 2985 1346 3057 (Spiritus
1376 2985 1666 3056 sanctus)?
1691 2986 1756 3040 Et
1791 3001 2019 3058 respon-

2139 1883 2344 1956 Πατὴρ,
2372 1885 2556 1955 ἐπειδὴ
2597 1885 2805 1957 Πατὴρ,
2832 1887 2891 1939 οὐ
2918 1885 3088 1950 Θεὸςό
3105 1887 3250 1950 Υἱὸς,
3279 1887 3469 1959 ἐπειδὴ
3498 1889 3560 1942 οὐ
3597 1891 3704 1944 Πα-

2135 1978 2260 2050 τήρ.
2297 1977 2404 2031 Καὶ
2428 1979 2474 2030 ει
2501 1978 2588 2032 διὰ
2620 1979 2774 2032 τοῦτό
2799 1981 2914 2034 ἐστι
2937 1979 3069 2043 Θεὸς
3097 1981 3126 2032 6
3157 1979 3306 2044 Υἱὸς,
3336 1982 3526 2054 ἐπειδὴ
3561 1982 3704 2050 Υἱὸς,

2134 2069 2196 2122 οὐ
2222 2069 2350 2132 Θεὸς
2377 2072 2406 2124 6
2439 2069 2648 2143 Πατὴρ,
2678 2071 2864 2144 ἐπειδὴ
2895 2073 2992 2142 οὐχ
3023 2072 3150 2136 Υἱός
3179 2089 3192 2103 ⁶
3245 2075 3346 2127 οὐκ
3386 2075 3518 2146 ἄρα.
3544 2075 3641 2128 ἐὰν

2133 2160 2264 2226 Θεὸς
2299 2161 2362 2216 τὸ
2411 2162 2654 2234 Πνεῦμα,
2688 2164 2906 2228 πάντως
2966 2166 3082 2219 ἐστὶ
3121 2165 3331 2238 Πατὴρ,
3369 2166 3402 2238 ἥ
3436 2167 3589 2231 Υἱός.
3636 2167 3706 2220 Τὸ

2133 2255 2242 2328 γὰρ
2271 2273 2290 2306 ‹
2319 2255 2452 2320 Θεὸς
2477 2276 2495 2308 ι
2520 2257 2711 2329 ὄνομα,
2731 2257 2944 2328 φύσεώς
2966 2261 3081 2312 ἐστι
3111 2259 3516 2332 θεωρουμένης,
3534 2260 3705 2316 εἴτουν

2131 2347 2448 2420 διαθεούσης
2465 2347 2533 2403 τὰ
2551 2350 2724 2403 πάντα
2737 2351 3052 2422 δηλωτικόν·
3069 2351 3131 2405 τὸ
3147 2352 3202 2406 δὲ
3221 2374 3235 2403 ι
3260 2352 3452 2424 Πατὴρ
3485 2373 3503 2404 ι
3529 2369 3703 2424 σχετιο

2131 2439 2244 2502 κὸν,
2276 2439 2368 2492 καὶ
2395 2438 2456 2491 τὸ
2488 2459 2506 2490 ι
2535 2438 2662 2504 Υἱὸς
2699 2461 2715 2491 ι
2749 2441 2966 2512 ὁμοίως.
3000 2439 3135 2494 Οὔτε
3166 2441 3222 2495 δὲ
3243 2441 3304 2494 τὸ
3333 2445 3434 2513 τῆς
3469 2442 3702 2512 σχέσεως

2129 2532 2300 2603 ὄνομα
2320 2533 2416 2604 τὴν
2437 2533 2780 2596 διαθέουσαν,
2795 2533 2829 2604 ἥ
2844 2532 2941 2604 τὴν
2958 2533 3342 2606 θεωρουμένην
3359 2553 3412 2588 τι
3425 2534 3590 2604 φύσιν
3613 2551 3702 2605 ση-

2133 2626 2342 2696 μαίνει·
2385 2625 2506 2680 οὔτε
2556 2627 2616 2680 τὸ
2649 2627 2746 2698 τῆς
2788 2643 2842 2680 τι
2889 2626 3265 2698 θεωρουμένης
3307 2629 3340 2698 ἦ
3391 2626 3703 2697 διαθεούσης

2129 2719 2346 2789 φύσεως
2368 2719 2562 2792 ὄνομα,
2593 2720 2694 2789 τὴν
2723 2718 2856 2790 πρὸς
2888 2719 3014 2772 Υἱὸν
3046 2719 3229 2791 σχέσιν
3273 2721 3508 2789 εἰσάγει.
3565 2721 3706 2793 Πρὸς

2125 2813 2354 2877 τούτοις,
2433 2811 2939 2884 προσποιησάμενος
2997 2810 3312 2882 Ὀρθοδόξου
3389 2813 3699 2884 πρόσωπον,

2125 2904 2314 2959 ἑαυτὸν
2346 2903 2532 2976 ἠρώτα
2553 2921 2565 2934 ·
2595 2904 2670 2958 Οὔ
2697 2901 3068 2975 προσκυνητὸν
3093 2897 3217 2968 οὖνς
3252 2903 3348 2958 καί
3379 2903 3572 2958 ἔπειτα
3599 2902 3698 2956 πά-

2123 2995 2204 3051 λιν
2231 2997 2392 3060 αὐτὸς
2421 2995 2627 3066 ὲαυτῷο
2674 2993 3051 3048 ’Δπολείπεται
3091 2995 3211 3068 τῆς
3262 2998 3525 3066 τοιαύτης
3552 2995 3700 3063 ἀξίας

279 3127 287 3134 .
331 3138 336 3144 _
450 3074 586 3130 deus
612 3076 717 3132 sibi
749 3078 906 3147 ipse:
941 3075 1176 3147 Spiritus
1193 3085 1440 3142 sanctus,
1463 3077 1662 3148 inquit,
1685 3077 1844 3150 longe
1865 3078 2020 3133 abest

2125 3087 2183 3141 τὸ
2207 3087 2434 3158 Πνεῦμα
2455 3087 2516 3140 τὸ
2547 3086 2719 3154 ἅγιον.
2757 3084 2882 3148 Πῶς
2906 3084 3015 3157 γὰρ
3049 3102 3329 3158 προσκυνη
3339 3085 3458 3140 τὲον
3478 3086 3540 3140 τὸ
3567 3087 3696 3158 μήτε

451 3169 653 3224 ιώΙιεε
705 3169 988 3240 dignitate.
1047 3169 1334 3236 Quomodo
1383 3172 1530 3226 enim
1569 3171 1657 3227 ille
1686 3172 2017 3236 adorandus,

2125 3177 2334 3250 Πατὴρ,
2360 3155 2512 3248 ⁷μήτε
2542 3175 2669 3239 Υἱός
2689 3191 2704 3240 ;

447 3263 542 3332 qui
577 3279 678 3316 nec
706 3262 864 3318 Pater
897 3270 1002 3326 est,
1030 3279 1129 3318 nec
1152 3261 1324 3319 Filius
1353 3264 1372 3318 ξ

519 3354 576 3411 2.
629 3354 740 3411 Nos
799 3363 988 3410 contra
1019 3373 1033 3407 :
1068 3353 1127 3410 Si
1182 3357 1306 3412 ideo
1338 3356 1537 3413 adoras
1597 3355 1833 3422 Patrem,
1891 3357 2018 3428 quia

445 3447 610 3504 Pater
631 3457 714 3505 est
736 3490 751 3514 ,
780 3457 834 3504 et
863 3448 1084 3513 Filium,
1119 3451 1244 3520 quia
1275 3448 1448 3506 Filius
1481 3459 1564 3506 est
1591 3469 1604 3504 :
1631 3466 1822 3506 omnes
1856 3450 2022 3522 igitur

445 3551 651 3612 patres,
683 3558 876 3599 omnes
905 3543 1042 3597 [ilios
1068 3543 1284 3598 adoras.
1317 3543 1413 3598 Sin
1444 3560 1570 3600 vero
1597 3560 1706 3599 non
1735 3545 1859 3599 ideo
1887 3543 2021 3598 ado-

446 3636 655 3692 randus
688 3636 870 3702 Pater,
907 3638 1033 3708 quia
1066 3635 1267 3704 Pater;
1306 3653 1407 3694 nec
1437 3636 1777 3708 Filius,qnia
1808 3634 2016 3702 Filius;

445 3728 541 3782 sed
573 3737 795 3799 propter
841 3729 1011 3799 ipsam
1075 3736 1348 3793 naturam,
1409 3729 1786 3799 investiganda
1856 3725 2018 3780 nobis

446 3819 537 3872 illa
569 3831 768 3875 natura
793 3829 898 3876 est.
923 3823 1002 3877 Ac
1033 3821 1079 3876 si
1109 3829 1450 3892 compertum
1516 3819 1705 3886 fuerit,
1765 3818 2016 3889 ejusdem

445 3921 654 3966 natura:
673 3911 934 3982 Spiritum
956 3927 1174 3984 quoque
1193 3929 1314 3969 esse
1337 3923 1611 3976 sanctum,
1640 3913 1807 3966 adora
1829 3911 2013 3965 illum:

443 4000 531 4055 sin
563 4002 764 4066 minus,
803 4019 868 4058 ne
900 4003 1148 4058 adorato.
1187 4004 1372 4074 [\eque
1402 4005 1547 4058 enim
1603 4003 1890 4074 quaeritur,
1947 4016 2015 4054 an

443 4094 680 4167 Spiritus
714 4105 940 4152 sanctus
979 4099 1050 4152 sit
1096 4099 1180 4152 vel
1233 4095 1395 4153 Pater
1452 4097 1534 4152 vel
1569 4093 1781 4152 Filius:
1819 4094 1914 4150 sed
1946 4111 2015 4148 an

441 4187 687 4255 ejusdem
717 4202 783 4242 ac
807 4185 969 4242 Pater
999 4196 1052 4242 et
1079 4187 1255 4243 Filius
1279 4189 1352 4244 sit
1381 4195 1612 4243 naturai.
1638 4185 1738 4241 Hic
1773 4186 1864 4241 ille
1912 4185 2014 4240 sibi

437 4292 655 4334 rursum
688 4278 877 4348 objicit
911 4276 1210 4355 Oi-tbodosi
1240 4279 1502 4334 nomine:
1533 4281 1729 4333 Annon
1748 4278 2012 4347 scriptum

436 4380 520 4425 est
551 4388 564 4424 :
595 4387 614 4420 ι
650 4367 890 4440 Spiritus
945 4377 1032 4426 est
1063 4368 1209 4426 Deus
1249 4370 1334 4425 ’Ἴ
1379 4390 1396 4423 ι
1430 4370 1524 4426 Ille
1566 4383 1787 4425 rursum
1821 4383 1836 4420 :
1870 4366 2015 4423 Deus

434 4472 520 4518 est
547 4461 846 4558 Spiritus:
877 4471 933 4517 at
963 4479 1072 4519 non
1107 4464 1348 4535 Spiritus
1379 4463 1472 4519 ille
1499 4472 1584 4518 est
1617 4460 1762 4516 Deus
1798 4479 1810 4514 :
1849 4459 2006 4530 quid-
2042 4503 2086 4558 υ

430 4553 564 4624 quid
595 4556 740 4610 enim
791 4551 936 4611 Deus
983 4563 1086 4622 est,
1131 4557 1265 4612 illud
1312 4564 1398 4612 est
1441 4555 1728 4626 Spiritus:
1768 4561 1826 4606 at
1896 4568 2006 4608 non

434 4645 702 4719 quidquid
730 4655 816 4704 est
855 4648 1117 4720 Spiritus,
1150 4649 1283 4706 illud
1327 4657 1412 4706 est
1443 4647 1604 4704 Deus.
1636 4645 1738 4701 Cui
1765 4659 1866 4700 nos
1903 4663 1917 4699 :
1949 4643 2008 4698 Si

432 4741 604 4798 scires
626 4743 829 4798 donum
861 4740 977 4805 Dei,
1012 4751 1068 4799 et
1109 4741 1526 4813 Scripturarum
1563 4738 1882 4793 memoriam
1909 4736 2006 4790 lia-

429 4829 610 4894 iteres,
657 4832 713 4889 id
738 4833 924 4904 utique
980 4849 1090 4888 non
1115 4833 1350 4890 diceres.
1382 4831 1502 4888 Non
1534 4831 1682 4887 enim
1737 4828 2008 4900 quidquid

429 4933 513 4978 est
544 4921 708 4990 Deus,
743 4923 981 4996 Spiritus
1011 4935 1115 4982 est.
1147 4923 1285 4980 Nam
1313 4933 1368 4979 et
1427 4923 1644 4992 Moyses
1673 4921 1811 4978 deus
1841 4935 2006 4975 voca-
2045 4959 2048 4962 .

426 5023 518 5072 tus
545 5024 632 5070 est
663 5033 676 5070 :
703 5037 724 5070 ι
757 5015 900 5072 Ecce
930 5025 984 5072 te
1009 5017 1272 5073 constitui
1320 5015 1490 5080 deum,
1521 5014 1826 5068 Pharaonis
1854 5013 1898 5045 "
1927 5029 1942 5078 ;
1981 5031 2002 5062 ι

426 5109 521 5164 sed
562 5109 725 5164 etiam
759 5109 996 5164 Aaronis
1025 5108 1214 5164 fratris
1241 5107 1328 5164 sui
1356 5122 1370 5158 :
1397 5124 1417 5158 ι
1447 5105 1570 5161 Eris
1603 5105 1683 5159 illi
1717 5105 1773 5158 in
1819 5103 2006 5166 deum,

424 5208 480 5254 et
508 5199 675 5256 frater
701 5195 830 5258 tuus
851 5203 957 5257 erit
985 5199 1256 5272 prapbeta
1285 5207 1414 5254 tuus
1455 5198 1520 5252 “.
1562 5217 1580 5252 ι
1624 5197 1689 5251 Ει
1728 5194 1906 5252 Filius
1950 5195 2006 5250 in

425 5293 870 5366 Evangeliisait-
905 5293 976 5351 de
1023 5295 1236 5352 sanctis
1268 5311 1282 5348 :
1318 5311 1337 5344 ι
1382 5291 1441 5346 Si
1475 5291 1645 5361 igitur
1694 5291 1817 5344 illos
1866 5288 2006 5342 dixit

425 5385 557 5442 deos
579 5388 648 5442 ad
673 5402 814 5457 quos
867 5401 1052 5442 seruio
1105 5385 1199 5440 Dei
1233 5383 1412 5440 factus
1443 5392 1550 5445 est,
1582 5392 1637 5437 et
1667 5397 1778 5436 non
1827 5385 2005 5450 potest

425 5479 562 5534 solvi
601 5477 885 5548 Scriptura
926 5479 1006 5542 ";
1045 5496 1064 5529 ι
1097 5485 1173 5541 ει,
1211 5495 1230 5528 ι
1262 5475 1408 5531 Deus
1453 5475 1681 5530 deorum
1740 5470 2005 5526 Dominus

425 5573 640 5627 locutus
677 5580 782 5634 est,
809 5579 864 5626 et
894 5570 1110 5626 vocavit
1154 5578 1356 5625 terram
1389 5569 1455 5624 ".
1495 5587 1514 5620 ι
1556 5564 1622 5619 Et
1682 5564 1812 5619 alibi
1865 5563 2004 5618 scri-

495 5685 542 5720 ¹¹⁵
574 5684 731 5741 Joan.
769 5701 846 5749 tv,
881 5683 971 5740 24.

499 5778 636 5849 (ιε’)
664 5775 844 5844 Forte,
869 5777 1060 5848 αὐτῆς.
1097 5777 1254 5832 Enn.

2189 3359 2244 3413 2.
2287 3357 2476 3430 Ἡμεῖς
2507 3357 2564 3412 δὲ
2593 3357 2729 3427 τινὸς
2767 3356 2958 3412 αὐτόν’
2995 3358 3059 3414 Εἰ
3095 3355 3193 3429 μὲν
3221 3356 3310 3412 διὰ
3341 3355 3508 3412 τοῦτο
3533 3371 3698 3428 προσ-

2120 3455 2304 3513 κυνεῖς
2348 3451 2442 3505 τὸν
2494 3449 2750 3522 Πατέρα,
2803 3449 2990 3522 ἐπειδὴ
3053 3449 3245 3520 Πατήρ
3285 3449 3427 3511 ἐστι,
3471 3447 3568 3501 καὶ
3611 3445 3696 3500 τὸν

2121 3547 2269 3610 Υἱὸν,
2303 3544 2488 3616 ἐπειδὴ
2540 3543 2668 3606 Υἱός
2699 3545 2847 3596 ἐστι·
2876 3543 3201 3613 προσκυνεῖς
3231 3540 3320 3594 καὶ
3359 3541 3542 3594 πάντα
3595 3554 3696 3592 πα-

2117 3639 2274 3710 τέρα,
2307 3638 2400 3691 καὶ
2433 3636 2608 3689 πάντα
2645 3634 2761 3688 υἱόν
2787 3648 2802 3664 ·
2834 3633 2962 3687 εἰδὲ
2988 3633 3052 3686 οὐ
3075 3631 3165 3686 διὰ
3201 3631 3361 3685 τοῦτο
3391 3645 3698 3704 προσκυνηο

2118 3732 2208 3796 τὸς
2223 3734 2251 3785 6
2267 3730 2476 3802 Πατὴρ,
2504 3727 2691 3799 ἐπειδὴ
2717 3726 2926 3796 Πατὴρ.
2951 3725 3074 3778 οὐδὲ
3104 3725 3193 3779 διὰ
3211 3724 3374 3778 τοῦτο
3389 3737 3697 3797 προσκυνηο

2119 3826 2208 3890 τὸς
2238 3827 2268 3878 6
2306 3825 2455 3887 Υἱὸς,
2491 3821 2678 3893 ἐπειδὴ
2713 3821 2860 3885 Υἱὸς,
2896 3818 3034 3874 ἀλλὰ
3061 3818 3126 3872 δι’
3152 3819 3322 3890 αὐτὴν
3364 3819 3469 3888 τὴν
3493 3817 3652 3888 φύσιν
3678 3830 3693 3846 ⁸

2117 3917 2319 3988 ταύτην
2338 3916 2616 3988 ζητητέον.
2649 3917 2757 3968 Καὶ
2785 3915 2832 3966 εἰ
2869 3913 2968 3983 μὲν
2991 3910 3240 3982 εὑρεθείη
3269 3912 3366 3964 καὶ
3393 3911 3454 3964 τὸ
3481 3907 3695 3978 Πνεῦμα

2115 4008 2214 4079 τῆς
2227 4004 2394 4061 αὐτοῦ
2417 4004 2554 4076 (16⁸)
2579 4003 2814 4072 φύσεως.
2838 3997 3132 4073 προσκύνει
3149 4015 3161 4028 ·
3182 3997 3302 4050 εἰδὲ
3324 3996 3401 4068 μὴ
3426 3994 3690 4068 εὑρεθείη,

2115 4098 2302 4170 χωρίς.
2337 4099 2586 4169 Ζητεῖται
2605 4096 2714 4166 γὰρ
2737 4095 2877 4165 οὐχὶ,
2915 4096 2962 4148 εἰ
2991 4094 3184 4164 Πατήρ
3213 4095 3331 4146 ἐστι
3353 4093 3416 4146 τὸ
3453 4088 3690 4159 Πνεῦμα,

2115 4189 2222 4243 οὐδ’
2247 4191 2295 4242 ει
2327 4189 2454 4252 Υἱός
2478 4206 2493 4220 ο
2525 4186 2640 4241 ἀλλ’
2675 4188 2724 4240 εἰ
2751 4187 2850 4256 τῆς
2875 4185 3042 4256 αὐτῆς
3100 4183 3318 4254 φύσεώς
3373 4187 3492 4237 ἐστι
3529 4179 3692 4251 Πατρὶ

2115 4281 2210 4334 καὶ
2229 4278 2362 4350 Υἱῷ.
2397 4277 2543 4350 Πρὸς
2588 4276 2748 4330 τοῦτο
2789 4273 2950 4328 πάλιν
2997 4273 3177 4344 ἑαυτῷ
3219 4272 3582 4343 άντιτίθησιν,
3622 4269 3692 4330 ib;

2114 4369 2268 4443 παρὰ
2321 4367 2634 4442 Ὀρθοδόξου
2704 4367 3012 4441 εἰρημένονο
3077 4365 3151 4419 Οὐ
3211 4363 3556 4436 γέγραπται,
3615 4362 3690 4414 ὅτι

2120 4479 2140 4513 ι
2179 4461 2404 4532 Πνεῦμα
2458 4461 2488 4516 6
2541 4459 2706 4524 Θεός;
2751 4478 2769 4510 ι
2823 4455 2960 4512 Εἶτά
3002 4474 3169 4529 φησιν
3223 4456 3428 4519 αὐτὸς·
3477 4445 3687 4518 Πνεῦμά

2115 4553 2262 4606 ἐστιν
2288 4555 2317 4606 ὁ
2344 4551 2496 4616 Θεὸς,
2523 4551 2614 4605 καὶ
2667 4551 2787 4621 οὐχὶ
2827 4550 2889 4603 τὸ
2952 4549 3178 4620 Πνεῦμα
3216 4548 3372 4612 Θεός.
3423 4549 3538 4601 Πᾶν
3588 4537 3688 4608 γὰρ

2115 4644 2171 4698 εῐ
2205 4660 2259 4696 τι
2303 4642 2457 4706 Θεὸς,
2512 4641 2672 4694 τοῦτο
2703 4642 2796 4694 καὶ
2827 4639 3054 4710 Πνεῦμα
3078 4656 3091 4669 ·
3124 4639 3224 4692 οὐκ
3259 4638 3309 4690 εἰ
3365 4653 3417 4688 τι
3448 4631 3682 4699 Πνεῦμα,

2114 4733 2274 4788 τοῦτο
2313 4731 2378 4802 δὴ
2405 4731 2500 4784 καὶ
2527 4729 2680 4794 Θεός.
2725 4729 2916 4800 Ἡμεῖς
2943 4727 3002 4782 δὲ
3029 4727 3166 4800 πρὸς
3211 4727 3406 4781 αὑτὸν·
3443 4719 3506 4772 Εἰ
3547 4718 3682 4788 ᾔδεις

2114 4825 2215 4894 τὴν
2238 4819 2446 4892 δωρεὰν
2463 4817 2558 4874 τοῦ
2587 4815 2745 4882 Θεοῦ,
2785 4819 2879 4871 καὶ
2904 4816 3005 4888 τὴν
3035 4816 3143 4870 τῶν
3175 4808 3410 4881 ι’ραφῶν
3445 4811 3682 4877 κατεῖχες

2120 4917 2358 4986 μνήμην,
2408 4913 2508 4966 οὐκ
2552 4912 2618 4966 ἂν
2648 4911 2912 4981 ἀπεφήνω
2955 4904 3130 4959 τοῦτο.
3164 4903 3240 4955 Οὐ
3287 4903 3398 4954 πᾶν
3427 4903 3536 4972 γὰρ
3565 4901 3613 4952 εἰ
3634 4913 3680 4949 τι

2113 5009 2264 5072 Θεὸς,
2293 5005 2450 5060 τοῦτο
2475 5005 2569 5059 καὶ
2594 5005 2653 5058 τὸ
2697 5001 2943 5070 Πνεῦμα.
2981 4997 3094 5054 Καὶ
3124 4994 3231 5066 γὰρ
3269 4995 3298 5046 6
3331 4993 3538 5074 Μωσῆς
3571 4989 3682 5051 Θεὸς

2113 5095 2345 5168 ἐκλήθη·
2384 5115 2402 5147 ι
2447 5095 2578 5150 Ἰδοὺ
2625 5091 2737 5165 γὰρ
2780 5088 2974 5160 τίθημι
3009 5103 3068 5140 σε
3110 5085 3231 5139 θεὸν
3262 5083 3358 5137 τοῦ
3393 5080 3614 5154 Φαραώο
3655 5097 3673 5130 ι

2115 5187 2248 5241 ἀλλὰ
2279 5188 2373 5242 καὶ
2422 5184 2633 5257 Ἀαρὼν
2690 5181 2783 5236 τοῦ
2813 5177 3000 5264 ,αὐτοῦ
3058 5175 3332 5244 ἀδελφοῦ·
3367 5193 3386 5224 ι
3423 5175 3559 5246 Ἐσῃ
3581 5169 3676 5239 γὰρ

2113 5277 2281 5350 αὐτῷ,
2329 5279 2518 5349 φησιν,
2576 5277 2656 5338 εἰς
2701 5273 2838 5329 θεὸν,
2895 5269 2990 5324 καὶ
3039 5265 3304 5340 Ἀαρὼνὸ
3339 5265 3562 5334 ἁδελςός
3595 5278 3674 5316 σου

2114 5372 2266 5425 ἔσται
2295 5388 2377 5424 σοι
2400 5372 2480 5433 εἰς
2514 5369 2820 5440 προφήτην.
2860 5383 2878 5415 ι
2913 5363 3021 5416 Καὶ
3045 5365 3076 5416 6
3105 5361 3233 5424 Υιίὸς
3249 5362 3308 5414 ἐν
3325 5363 3437 5424 τοῖς
3455 5361 3675 5426 Εὑαγγε-

2110 5461 2244 5526 λίοις
2282 5461 2430 5531 λέγει
2476 5460 2604 5529 περὶ
2637 5457 2746 5510 τῶν
2775 5453 2945 5523 ἁγίων
2976 5469 2990 5482 ·
3027 5472 3045 5504 ι
3080 5453 3142 5506 ΕΞ
3171 5449 3266 5506 οὖν
3299 5451 3538 5514 ἐκείνους
3568 5441 3679 5526 εἷπε,

2112 5555 2287 5618 θεοὺς,
2348 5553 2484 5625 πρὸς
2535 5551 2630 5614 οὓς
2661 5549 2690 5602 6
2739 5547 2900 5615 λόγος
2924 5543 3019 5599 τοῦ
3051 5543 3188 5600 Θεοῦ
3221 5544 3474 5614 ἐγένετο,
3505 5539 3594 5594 καὶ
3615 5533 3673 5590 οὺ

1085 5687 1128 5718 ⁸⁸
1169 5685 1340 5740 Exod.
1377 5701 1476 5749 vn,
1517 5685 1567 5739 i.
1648 5685 1692 5717 ¹⁶
1729 5683 1863 5738 ibid.
1946 5682 1985 5715 ’τ

2127 5667 2275 5744 ιιξκ,
2313 5675 2401 5728 55,
2483 5672 2526 5704 ¹³
2564 5669 2708 5726 Psal.
2747 5681 2894 5730 xm,
2931 5665 2985 5719 ‘l.
