3982 6398
221 375 362 438 1293

1271 374 1552 431 CONTRA
1590 374 1941 433 MACEDON.
1981 372 2331 433 DIALOGUS
2361 375 2404 431 l.

3329 378 3467 437 ωι

218 494 443 553 δύναται
475 496 510 559 ἡ
534 494 723 567 Γραφὴ
766 494 995 568 λυθῆναι
1019 511 1034 526 ·
1060 515 1081 550 ι
1117 496 1236 557 καὶ,
1272 515 1291 571 ι
1334 496 1467 561 Θεὸς
1500 495 1639 549 θεῶν
1682 495 1790 549 Κύ-

1895 500 2046 563 ptum
2072 502 2158 552 est
2191 510 2206 546 :
2242 512 2262 546 ι
2293 493 2589 551 Videbitur
2626 493 2771 551 Deus
2802 493 3031 550 deorum
3059 494 3114 549 in
3146 492 3280 549 Sion
3314 497 3398 561 ι⁹;
3439 515 3460 549 υ

221 607 337 664 ριος
362 589 612 661 ὲλάλησε.
641 590 734 643 καὶ
756 589 981 643 ἐκάλεσε
1007 587 1105 659 τὴν
1143 588 1247 659 γῆν
1266 604 1282 620 ·
1316 607 1335 639 ι
1368 590 1462 641 καὶ
1483 589 1539 641 ὲν
1564 588 1787 659 ἑτέροις·

226 699 246 735 ι
281 681 605 753 Ὀφθήσεται
638 682 666 734 6
688 681 819 745 Θεὸς
843 679 951 734 τῶν
978 679 1114 733 θεῶν
1145 679 1305 750 (16”⁶)
1330 682 1387 732 ὲν
1407 678 1543 733 Σιών
1563 696 1577 710 ·
1618 698 1637 732 ι
1678 680 1793 739 καὶ,

225 793 247 827 ¢
283 776 343 828 ’0
366 775 497 838 Θεὸς
524 773 650 844 ἔστη
696 774 752 825 ἐν
786 774 1079 843 συναγωγῇ
1117 770 1279 834 Θεῶν,
1315 771 1410 824 καὶ
1440 772 1497 823 ὲν
1543 770 1692 841 μέσῳ
1737 770 1795 823 δὲ

220 865 374 927 θεοὺς
398 865 701 937 διακρινεῖ·
740 882 759 914 ι
800 863 917 927 καὶ,
950 882 968 910 σ
1001 862 1171 925 Θεοῦς
1215 863 1276 915 ού
1333 861 1739 932 κακολογήσεις,
1772 881 1789 911 ι

218 958 545 1030 γέγραπται.
582 954 739 1010 Κατὰ
781 953 910 1023 γοῦν
938 955 1037 1025 τὴν
1062 954 1160 1025 σὴν
1189 954 1399 1022 σοφίαν,
1423 954 1471 1006 εί
1502 955 1608 1006 πᾶν
1644 952 1697 1004 εἴ
1741 971 1795 1006 τι

219 1048 375 1112 Θεὸς,
408 1047 565 1100 τοῦτο
590 1047 682 1100 καὶ
710 1045 955 1115 Πνεῦμα,
988 1045 1187 1108 πάντες
1206 1045 1257 1096 ot
1281 1043 1667 1116 προειρημένοι
1705 1043 1798 1097 ἇν-

220 1137 426 1208 θρωποι
453 1138 547 1191 καὶ
576 1136 709 1198 Θεοὶ,
735 1136 1025 1207 Πνεῦματά
1048 1138 1205 1188 εἰσιν.
1225 1136 1288 1187 Εἰ
1326 1134 1383 1187 δὲ
1410 1134 1529 1197 Θεὸς
1568 1136 1791 1205 Μωσῆς,

220 1230 314 1284 καὶ
337 1228 566 1294 ἕκαστος
581 1229 689 1282 τῶν
716 1227 1148 1300 προειρημένων,
1171 1227 1265 1279 καὶ
1281 1226 1340 1279 ού
1363 1225 1672 1296 Πνεύματα,
1695 1227 1795 1279 οὐκ

221 1318 327 1390 ἄρα
357 1310 464 1372 πᾶν
497 1320 548 1372 εί
580 1337 633 1372 τι
665 1319 816 1382 Θεὸς,
848 1318 1006 1370 τοῦτο
1040 1319 1134 1370 καὶ
1174 1317 1400 1388 Πνεῦμα
1420 1334 1434 1347 ·
1464 1318 1583 1371 οὐδὲ
1613 1320 1720 1372 πᾶν
1746 1316 1799 1371 εί

220 1428 273 1466 τι
311 1410 561 1482 Πνεῦμα,
612 1408 769 1464 τοῦτο
812 1412 905 1465 καὶ
942 1409 1091 1475 Θεός.
1141 1411 1252 1463 Καὶ⁵
1284 1409 1391 1481 γὰρ
1433 1409 1501 1464 τὰ
1545 1409 1796 1479 δαιμόνια

221 1505 371 1577 ὑμῶν
412 1504 522 1558 τῶν
554 1503 843 1577 αἱρετικῶν
891 1503 1176 1575 πνεύματά
1235 1505 1342 1557 εἰσι
1363 1543 1379 1569 ,
1431 1503 1525 1557 καὶ
1556 1503 1657 1557 οὐκ
1689 1502 1796 1556 είσὶ

223 1592 353 1649 θεοί.

285 1685 340 1739 5.
375 1685 494 1739 Ἔτι
528 1685 814 1757 πρόσωπον
862 1684 1167 1754 είσαγαγὼν
1210 1681 1544 1755 Ὀρθοδόξου,
1584 1683 1793 1754 Δῶμεν,

218 1778 401 1849 φησὶν,
428 1777 503 1841 ὡς
535 1778 596 1830 οὐ
647 1776 973 1846 θεολογεῖται
1005 1778 1069 1831 τὸ
1099 1775 1343 1848 Πνεῦμα,
1375 1777 1524 1847 ὅμως
1552 1776 1794 1846 κυριολο-

1894 594 1980 650 ει,
2030 605 2047 639 ι
2093 585 2240 642 Deus
2273 587 2424 642 stetit
2457 588 2512 642 in
2561 602 2837 659 synagoga
2868 587 3119 653 deorum,
3180 587 3235 641 in
3283 586 3468 642 medio

1895 686 2074 733 autent
2130 681 2263 735 deos
2296 680 2563 749 dijudicat
2593 681 2676 748 ὐς
2710 699 2729 732 ι
2765 688 2842 746 ει,
2872 697 2892 731 ι
2936 679 3049 734 Diis
3094 694 3204 734 non
3240 679 3491 747 maledi-y

1893 787 1988 827 ccs
2008 774 2073 825 ἰ.
2098 792 2116 824 ι
2138 773 2301 845 475
2331 772 2387 827 Si
2418 788 2550 844 ergo
2574 773 2730 841 juxta
2766 771 3090 842 sapientiam
3120 772 3266 826 illam
3293 780 3467 828 tuam.

1900 865 2171 934 quidquid
2206 875 2291 919 est
2322 864 2485 931 Deus,
2508 865 2643 920 illud
2671 872 2753 919 est
2778 864 3042 935 Spiritus,
3064 879 3195 919 sane
3221 863 3468 936 praedicti

1894 956 1971 1009 illi
1993 956 2242 1010 homines
2274 972 2339 1010 ac
2370 957 2469 1018 dii,
2519 955 2759 1026 Spiritus
2781 964 2931 1011 sunt.
2960 954 3113 1021 Quod
3148 955 3193 1011 si
3222 956 3357 1010 deus
3385 963 3473 1009 est

1895 1045 2132 1119 Moyses,
2180 1062 2397 1102 necnon
2434 1040 2637 1117 singuli
2662 1063 2727 1102 ex
2767 1062 2934 1116 supra
2964 1047 3126 1102 dictis
3156 1046 3470 1101 hominibus

1896 1140 1993 1206 (dii
2023 1138 2170 1211 sunt)
2195 1150 2248 1193 et
2284 1154 2393 1193 non
2426 1137 2681 1210 Spiritus,
2707 1141 2893 1210 utique
2927 1156 3033 1194 non
3077 1137 3342 1209 quidquid
3386 1130 3470 1192 est

1895 1232 2060 1293 Deus,
2098 1230 2230 1285 illud
2251 1238 2335 1287 est
2361 1228 2625 1299 Spiritus,
2652 1246 2829 1301 neque
2851 1216 3117 1301 quidquid
3157 1239 3241 1286 est
3292 1228 3468 1299 Spiri-

1898 1334 2007 1387 tus,
2043 1324 2175 1377 illud
2211 1333 2297 1379 est
2332 1324 2492 1378 Deus.
2527 1322 2663 1377 Nam
2697 1324 2966 1379 da-monia
2997 1329 3236 1379 vestrum
3259 1322 3471 1379 haereti—

1895 1433 2085 1471 corum
2117 1417 2346 1488 spiritus
2379 1424 2527 1480 sunt,
2553 1432 2653 1471 nec
2685 1425 2864 1472 tamen
2898 1425 3025 1473 sunt
3054 1405 3149 1470 dii.

1965 1678 2020 1733 3.
2070 1660 2296 1730 inducta
2332 1675 2528 1730 iterum
2579 1672 2669 1730 ille
2702 1661 3002 1728 orthodoxi
3037 1689 3289 1744 persona,
3325 1660 3497 1728 Con?

1898 1768 2179 1830 cedamus,
2208 1768 2304 1831 ait,
2338 1765 2604 1835 Spiritum
2644 1773 2893 1820 sanctum
2925 1782 3034 1819 non
3064 1765 3245 1819 vocari
3277 1764 3467 1829 Deum,

217 1869 419 1934 γείται·
472 1867 778 1939 γέγραπται
811 1867 950 1939 γάρ·
988 1886 1006 1918 ι
1056 1868 1112 1922 Ὀ
1137 1867 1194 1919 δὲ
1228 1865 1431 1938 Κύριος
1470 1866 1528 1920 τὸ
1572 1865 1790 1936 Πνεῦμά

1895 1867 1948 1912 at
1993 1858 2253 1914 Dominus
2299 1860 2490 1913 saltem
2532 1865 2796 1923 vocatur;
2832 1857 3095 1927 scriptum
3148 1864 3233 1911 est
3273 1856 3416 1910 enim
3451 1876 3467 1912 :

217 1959 382 2012 ἐστιν.
420 1976 438 2009 ι
479 1959 600 2011 Ἔτι
652 1958 848 2028 φησίν·
908 1959 1041 2011 Εἰπὲ
1095 1959 1254 2021 αὐτὸς
1308 1958 1371 2012 τὸ
1424 1958 1787 2028 ἐπαγόμενον·

223 2068 241 2100 ι
273 2045 348 2105 Οῦ
381 2051 438 2103 δὲ
470 2050 530 2103 τὸ
576 2051 801 2121 Πνεῦμα
844 2050 1069 2123 Κυρίου,
1112 2052 1227 2104 ἐκεῖ
1270 2050 1572 2119 ἐλευθερία.
1607 2071 1625 2102 ι
1658 2051 1792 2122 Περὶ

215 2140 308 2194 τοῦ
356 2142 560 2213 Κυρίου
600 2142 769 2210 λέγει,
808 2144 990 2212 φησὶν,
1039 2144 1119 2196 ὃτι
1165 2145 1193 2196 6
1238 2142 1439 2214 Κύριος
1471 2144 1530 2197 τὸ
1571 2143 1793 2213 Πνεῦμά

216 2230 382 2284 ἔστιν.
428 2230 616 2302 Ἡμεῖς
644 2229 699 2283 δὲ
728 2232 864 2304 πρὸς
891 2231 1048 2284 αὐτόν
1070 2248 1083 2261 ·
1127 2230 1364 2302 Ἀληθῶς
1392 2232 1470 2295 τὸ,
1505 2251 1524 2284 ι
1556 2232 1821 2286 Φάσκοψ·

214 2338 303 2385 τες
334 2316 474 2376 εἷναι
505 2323 657 2392 σοφοὶ
690 2322 1105 2394 ἐμωράνθησαν,
1141 2343 1158 2375 ι
1199 2325 1327 2395 περὶ
1371 2324 1521 2394 ὑμῶν
1556 2325 1789 2397 εἴρηται.

216 2411 320 2465 Τοῦ
368 2413 479 2484 γὰρ
533 2413 869 2483 ἐπαγομένου
923 2413 1169 2485 φανερῶς
1228 2412 1552 2479 δεικνύντος,
1600 2416 1681 2467 ὅτι
1733 2414 1794 2467 τὸ

214 2500 615 2572 Πνεῦμὰὲστιν,
635 2500 812 2573 (16““)
830 2493 891 2555 οὗ
909 2502 1169 2572 εἴρηται,ι
1194 2502 1250 2556 Ὀ
1266 2502 1321 2554 δὲ
1339 2502 1537 2574 Κύριος
1552 2501 1613 2555 τὸ
1626 2502 1764 2556 Πνεῦ
1781 2530 1796 2541 -

217 2591 292 2662 μά
316 2592 489 2655 ἐστιν,
516 2610 534 2643 ι
554 2592 842 2662 ὴπάτησας
859 2592 1018 2656 αὐτὸς
1039 2582 1253 2655 ἑαυτὸν,
1275 2594 1361 2647 ἵνα
1386 2596 1451 2646 ὲκ
1478 2593 1571 2647 τοῦ
1592 2595 1764 2665 στόμα
1779 2624 1796 2634 -

213 2680 298 2742 τό,
330 2697 364 2733 σ
396 2699 425 2733 υ
454 2680 673 2751 ἐλεγχος
697 2680 934 2754 προέλθῃ
954 2721 969 2746 ,
997 2683 1091 2736 καί⁵
1115 2681 1377 2755 ἀκούσῃς,
1397 2684 1477 2738 ὅτι
1507 2702 1527 2735 ι
1570 2685 1665 2738 Ἐκ
1698 2683 1793 2738 τοῦ

215 2774 481 2844 στόματός
534 2790 625 2826 σου
678 2773 849 2846 κρινῶ
896 2791 990 2835 σε,
1054 2778 1257 2848 πονηρὲ
1300 2776 1472 2835 δοῦλε,
1519 2797 1537 2828 ι
1567 2778 1640 2830 Τὸ
1686 2777 1795 2850 γὰρ

212 2865 548 2937 ἐπαγόμενον
578 2868 757 2919 ἐστιν·
797 2885 815 2917 ι
857 2861 931 2921 Οῦ
958 2866 1014 2919 δὲ
1059 2867 1117 2920 τὸ
1153 2867 1374 2939 Πνεῦμα
1412 2869 1645 2941 Κυρίου,
1681 2872 1797 2923 ἐκεῖ

212 2955 514 3028 ἐλευθερία.
558 2976 576 3007 ι
614 2957 687 3009 Τὸ
724 2956 780 3010 δὲ
819 2955 878 3010 ὃν
922 2958 1146 3029 Πνεῦμα
1175 2960 1402 3032 Κυρίου,
1448 2962 1652 3034 Κυρίου
1679 2961 1796 3014 ἐστὶ

211 3047 459 3118 Πνεῦμα,
494 3049 631 3120 ὅπερ
664 3048 878 3120 εἴρηται
908 3049 1130 3124 Κύριος.
1171 3052 1257 3115 Ὠς
1285 3052 1394 3124 γὰρ
1425 3052 1553 3116 Υἱὸς
1590 3052 1794 3125 Κύριος

211 3137 301 3206 ὢν,
337 3140 541 3214 Κύριός
566 3144 739 3194 ὲστιν·
775 3141 945 3207 οὕτως
980 3144 1040 3196 τὸ
1067 3142 1307 3214 Πνεῦμα,
1340 3143 1540 3215 Κύριος
1565 3142 1645 3206 ὃν,
1680 3144 1795 3195 Κύ-

211 3233 324 3303 ριός
352 3235 524 3287 ἐστιν.

279 3411 329 3465 4.
365 3413 477 3466 Καὶ
511 3410 672 3466 πάλιν
705 3411 879 3482 ἐαυτῷ
909 3411 1196 3484 πρόσωπον
1239 3411 1628 3483 ποιησάμενος,
1666 3414 1791 3473 ἑαυ-

207 3501 295 3555 τὸν
325 3503 519 3575 ἠρώτα
541 3521 555 3534 ·
589 3504 723 3558 Οὐδὲ
773 3504 1145 3575 προσκυνητόν
1178 3505 1358 3569 tactv;
1400 3504 1589 3558 ἔπειτα
1630 3506 1789 3569 αὐτὸς

206 3594 386 3666 ἑαυτῷ
405 3612 419 3625 ·
457 3596 571 3648 Οὐκ
604 3596 750 3649 ἔστιν
771 3613 784 3627 ·
818 3595 937 3649 οὐδὲ
967 3595 1074 3667 γὰρ
1106 3594 1439 3668 γέγραπται.
1468 3592 1600 3651 Εἶτα
1629 3598 1789 3651 πάλιν

205 3684 386 3740 λαϐὼν
423 3686 736 3759 Ὀρθοδόξου
787 3690 1096 3760 πρόσωπον,
1144 3688 1318 3756 λέγει·
1372 3691 1435 3743 Et
1485 3690 1789 3762 ἀνθρώποις

203 3779 622 3851 προσεκύνησαν
671 3780 967 3853 ἄνθρωποι,
1014 3782 1146 3854 φέρε
1189 3784 1385 3846 εἰπεῖν,
1429 3784 1504 3847 ὡς
1548 3784 1734 3837 Ναϐὰν
1761 3788 1789 3839 6

205 3873 492 3944 προφήτης
546 3872 623 3944 τῷ
683 3874 874 3927 Δαὸίδ·
930 3874 1237 3945 γέγραπται
1293 3877 1437 3945 γάρ·
1486 3895 1503 3926 ι
1559 3877 1787 3948 ΕξσῆλΘε

203 3962 343 4015 κατὰ
390 3964 685 4035 πρόσωπον
724 3965 819 4018 τοῦ
862 3966 1123 4036 βασιλέως
1175 3966 1363 4020 Ναϐὰν
1406 3966 1434 4018 6
1483 3969 1786 4040 προφήτης,

200 4055 291 4107 καὶ
319 4057 735 4129 προσεκύνησεν
760 4060 919 4113 αὐτὸν
940 4060 1031 4113 ἐπὶ
1050 4060 1147 4131 τὴν
1177 4061 1278 4132 γῆν
1300 4077 1314 4091 ·
1351 4080 1370 4111 ι
1394 4060 1480 4114 διὰ
1510 4061 1560 4114 τί
1591 4061 1664 4131 μὴ
1696 4064 1789 4114 καὶ

198 4146 275 4218 τῷ
298 4149 585 4219 Πνεύματι
609 4154 1057 4223 προσκυνήσομεν
1084 4152 1191 4224 πρὸ
1215 4155 1429 4207 πάντων
1456 4151 1786 4224 ὰνθρὼπων;

199 4239 306 4295 Καὶ
352 4242 521 4306 αὐτὸς
573 4244 751 4316 ἐαυτῷ
798 4247 958 4300 πάλιν
1001 4248 1229 4315 ἐπάγει·
1268 4266 1285 4297 ι
1326 4246 1519 4317 Κυρίῳ
1545 4245 1621 4316 τῷ
1670 4245 1789 4316 Θεῷ

201 4344 290 4383 σου
345 4335 786 4405 προσκυνήσεις·
831 4354 848 4387 ι
892 4334 965 4405 μὴ
1031 4336 1125 4388 καὶ
1192 4333 1269 4404 τῷ
1342 4334 1651 4403 Πνεύματις
1718 4333 1791 4385 Τὸ

199 4421 425 4497 Πνεῦμα
485 4425 690 4499 Κύριος
739 4429 838 4481 οὐκ
901 4427 1079 4480 ἔστιν·
1133 4427 1245 4481 ἀλλ’
1294 4425 1420 4481 οὔτε
1472 4426 1638 4490 Θεός·
1674 4424 1789 4488 πῶς

195 4510 287 4568 οῦν
325 4517 491 4572 ἔσται
536 4518 926 4591 προσκυνητὸν,
964 4518 1037 4591 μὴ
1059 4517 1119 4572 ὃν
1162 4522 1219 4573 ὲν
1244 4518 1320 4590 τῷ
1346 4519 1444 4590 τῆς
1481 4517 1788 4590 προσκυνή“
1821 4552 1863 4605 ι)

201 4620 333 4671 σεως
379 4612 535 4683 ὂρῳ;
573 4628 593 4662 ι
630 4610 819 4675 υύδεὶς
884 4611 990 4683 γὰρ
1060 4611 1281 4666 δύναται
1348 4614 1518 4664 εἰπεῖν
1584 4609 1788 4681 Κύριον

211 4695 442 4768 Ἰησοῦν,
479 4704 525 4752 ει
563 4702 637 4773 μὴ
670 4704 727 4755 ὲν
762 4703 1037 4774 Πνεύματι
1072 4704 1231 4775 ἁγίῳ.
1273 4722 1296 4755 ι
1324 4705 1412 4757 Δεῖ
1436 4702 1544 4773 γὰρ
1570 4701 1786 4774 ἀληθῶς

198 4788 286 4841 τὸν
319 4788 737 4860 προσαγόμενον
762 4794 900 4866 Θεῷ,
923 4797 989 4849 δι’
1014 4795 1200 4867 ἐτέρου
1232 4794 1309 4867 τῷ
1341 4794 1482 4864 ἁγίῳ
1509 4792 1786 4864 Πνεύματι

199 4881 602 4952 προσάγεσθαι.
640 4882 701 4934 El
730 4888 1089 4958 προσκυνήσω
1120 4886 1306 4941 λοιπὸν
1341 4886 1419 4957 τῷ
1448 4886 1587 4956 ἁγίῳ
1615 4885 1784 4939 Πνεύ-

202 4990 352 5041 ματι,
400 4973 494 5026 διὰ
531 4973 681 5036 τίνος
721 4973 756 5046 ἢ
805 4977 862 5028 ἐν
906 4978 1010 5031 τίνι
1056 4980 1421 5052 προσκυνήσω
1460 4977 1788 5050 προσαχθεὶς-

197 5064 382 5137 aucti);
413 5066 482 5119 Τί
520 5060 617 5119 οὖν
659 5066 816 5135 ὑμεῖς
862 5070 997 5140 πρὸς
1031 5071 1239 5136 ταῦτα;
1286 5069 1576 5124 Δικάσεταί
1625 5086 1684 5122 σε
1726 5071 1784 5122 ὲν

197 5154 380 5229 ἡμέρᾳ
409 5146 652 5231 κρίσεως
684 5156 871 5212 Ναθὰν
903 5162 931 5213 6
973 5162 1277 5233 προφήτης,
1306 5159 1381 5225 ὡς
1411 5160 1471 5212 ού
1513 5158 1663 5230 παρὰ
1693 5160 1786 5213 τὸν

196 5246 360 5317 νόμον
385 5247 710 5320 πεποιηκὼς
750 5251 842 5303 καὶ
876 5255 1257 5325 προσκυνήσας
1283 5251 1359 5324 τῷ
1395 5251 1579 5306 Δαϐίδ.
1610 5254 1784 5322 Προσ-

196 5336 399 5409 ἤγαγες
423 5340 539 5412 γὰρ
562 5340 626 5394 τὸ
651 5340 834 5411 ῥητὸν,
859 5342 935 5408 ὡς
961 5345 1189 5413 ὀφείλων
1220 5345 1578 5399 καταδικασαι
1620 5342 1780 5397 αὐτὸν

268 5559 314 5592 ι’
356 5557 508 5617 Psal.
543 5574 785 5624 unm,
826 5558 879 5615 8.
983 5563 1031 5595 ³ο
1070 5561 1217 5620 Psal.
1250 5578 1450 5626 unt.
1488 5566 1540 5618 1.

265 5783 427 5858 (16“)
471 5782 567 5841 Sic
609 5782 780 5841 Palat.
813 5784 871 5841 ιι
908 5786 1061 5857 prius
1090 5789 1250 5845 editis
1278 5789 1522 5861 qua‘dam
1553 5789 1769 5847 desunt.

1652 5564 1698 5599 “
1737 5565 1913 5622 Exod.
1951 5582 2101 5635 xm.
2134 5565 2228 5619 28.

196 5627 241 5660 “
276 5633 413 5686 Luc.
452 5646 573 5697 xu,
607 5630 700 5685 21.
786 5631 833 5663 ⁸⁸
870 5630 937 5687 Ill
966 5630 1102 5704 Reg.
1137 5649 1191 5699 ι,
1225 5635 1317 5691 ει.
1411 5637 1456 5668 ⁸⁸
1494 5635 1686 5691 Matth.
1721 5652 1796 5703 tv,
1832 5639 1919 5694 ιθ.

1899 1969 1917 2001 ι
1963 1948 2221 2004 Dominus
2277 1956 2459 2002 autem
2517 1946 2757 2018 Spiritus
2806 1955 2913 2003 est.
2952 1967 2970 1996 ι
3006 1946 3145 2001 Τυηι
3182 1947 3472 2018 subsequi—

1890 2051 1983 2095 tur
2014 2061 2027 2095 :
2058 2026 2152 2096 Dic
2181 2041 2328 2110 quod
2358 2040 2630 2109 adjectum
2663 2047 2749 2094 est
2780 2059 2793 2093 :
2826 2058 2845 2090 ι
2881 2038 2982 2093 Ubi
3020 2051 3197 2096 autem
3231 2039 3470 2111 Spiritus

1893 2134 2130 2199 Domini,
2167 2133 2239 2188 ibi
2280 2132 2506 2187 libertas
2530 2133 2597 2186 ".
2636 2149 2654 2182 ι
2686 2129 2763 2186 De
2795 2131 3027 2185 Domino
3077 2132 3340 2202 loquitur,
3383 2132 3471 2187 in-

1892 2228 2041 2296 quit,
2091 2226 2217 2296 quia
2282 2223 2548 2279 Dominus
2596 2230 2680 2279 est
2736 2220 2996 2293 Spiritus.
3057 2222 3167 2278 Nos
3224 2226 3469 2281 contraf

1893 2313 2031 2371 Vere
2050 2318 2116 2371 de
2146 2315 2300 2370 vobis
2326 2314 2533 2368 dictum
2563 2322 2649 2367 est
2677 2332 2690 2367 :
2716 2331 2735 2364 ι
2764 2312 3014 2367 Dicentes
3032 2328 3089 2367 se
3113 2327 3235 2368 esse
3251 2312 3473 2382 sapiena

1897 2389 2199 2473 tes,.stu|ti
2236 2407 2365 2460 facti
2412 2413 2541 2462 sunt
2565 2402 2633 2461 ".
2670 2424 2689 2458 ›
2722 2403 2858 2458 Cum
2907 2404 3052 2459 enim
3082 2403 3469 2474 subsequentia

1895 2506 2081 2570 aperte
2110 2500 2352 2554 indicent
2380 2514 2503 2555 esse
2536 2496 2797 2568 Spiritum
2843 2514 2967 2553 eum
3013 2498 3080 2553 de
3117 2513 3225 2567 quo
3260 2497 3470 2552 dictum’

1894 2601 1999 2657 est,
2035 2612 2052 2644 ι
2090 2591 2352 2648 Dominus
2403 2598 2583 2645 autem
2637 2590 2875 2661 Spiritus
2912 2598 3017 2650 est,
3066 2610 3085 2643 ›
3140 2600 3198 2644 ιιι
3248 2599 3299 2645 ιε
3351 2589 3474 2659 ipsa

1894 2683 2177 2755 decepisti,
2207 2692 2266 2739 ut
2297 2701 2362 2740 ex
2394 2701 2491 2740 ore
2537 2692 2632 2738 tuo
2676 2690 2729 2738 te
2768 2684 2883 2752 ipse
2908 2697 3254 2753 coargueres,
3282 2689 3337 2736 et
3370 2696 3470 2735 au-

1895 2772 2080 2828 dires:
2117 2792 2135 2825 ι
2172 2771 2246 2828 De
2277 2789 2373 2828 ore
2403 2782 2497 2828 tuo
2538 2783 2589 2829 te
2614 2773 2825 2843 judico,
2860 2786 3014 2826 serve
3060 2787 3292 2842 nequam
3326 2770 3393 2827 ’⁸.
3444 2790 3467 2823 ν

1895 2863 2029 2919 Nam
2062 2865 2192 2919 illud
2233 2866 2629 2935 subsequitur:
2666 2884 2686 2914 ‹
2726 2863 2828 2919 Ubi
2870 2873 3051 2919 autem
3090 2862 3328 2934 Spiritus
3356 2862 3467 2918 Do-

1896 2956 2051 3020 mini,
2089 2956 2162 3010 ibi
2194 2957 2437 3011 libertas.
2483 2978 2501 3009 ι
2541 2958 2644 3025 Qui
2676 2972 2805 3013 vero
2839 2953 3077 3028 Spiritus
3107 2952 3319 3011 Domini
3359 2963 3469 3017 est,

1898 3041 1987 3097 ille
2020 3054 2103 3099 est
2141 3043 2352 3099 Domini
2407 3044 2666 3116 Spiritus,
2700 3048 2790 3118 qui
2840 3048 3019 3104 dictus
3064 3056 3150 3103 est
3181 3045 3467 3103 Dominus.

1897 3134 2363 3201 Quemadmodum
2403 3138 2546 3192 enim
2587 3122 2759 3197 Filius
2782 3154 2904 3195 cum
2950 3140 3021 3195 sit
3049 3138 3332 3203 Dominus,
3364 3140 3473 3193 Dn-a

1816 3208 1858 3264 (ἶ
1892 3230 2074 3284 minus
2100 3240 2221 3286 est:
2256 3234 2328 3285 ita
2355 3238 2408 3286 et
2444 3231 2680 3302 Spiritus
2706 3244 2831 3287 eum
2866 3236 2934 3290 sit
2972 3228 3257 3298 Dominus,
3286 3232 3472 3289 Domi-

1890 3334 1995 3373 ιιυε
2027 3328 2132 3376 εει.

1958 3408 2012 3463 4.
2043 3411 2110 3464 At
2143 3408 2233 3467 ille
2278 3414 2473 3467 iterum
2521 3421 2803 3483 assumpta
2839 3414 2942 3469 sibi
2978 3430 3234 3485 persona,
3267 3412 3469 3483 seipse

1890 3503 2259 3573 interrogabat
2286 3525 2301 3560 :
2334 3499 2531 3559 Annon
2559 3502 2911 3561 adorandus?
2955 3506 3071 3576 ipse
3106 3505 3210 3562 sibi
3240 3519 3469 3574 respon-

1889 3595 2005 3651 dit:
2043 3596 2436 3668 Nequaquam;
2486 3598 2539 3653 id
2578 3598 2721 3653 enim
2755 3599 3016 3668 scriptum
3058 3606 3166 3653 non
3194 3606 3297 3653 est.
3326 3596 3463 3652 Rur-

1890 3703 2010 3742 sum
2078 3700 2339 3759 usurpata
2398 3688 2699 3746 Orthodoxi
2758 3706 2991 3759 persona
3036 3709 3050 3744 :
3106 3685 3163 3743 Si
3218 3689 3468 3744 homines

1890 3777 2039 3847 ipsos
2083 3770 2384 3834 adorarunt
2442 3781 2711 3844 homines,
2763 3788 2891 3851 puta
2942 3776 3154 3835 Nathan
3204 3780 3468 3850 propheta

1890 3871 2145 3925 Davidem
2176 3888 2190 3937 ;
2222 3872 2486 3941 scriptum
2538 3872 2680 3926 enim
2710 3881 2835 3926 est:
2875 3877 2895 3923 ι
2930 3870 3177 3926 Introivit
3232 3871 3289 3925 in
3335 3884 3470 3925 con-

1890 3970 2135 4033 spectum
2184 3964 2329 4033 regis
2376 3961 2591 4017 Nathan
2645 3963 2927 4034 propheta,
2965 3971 3019 4018 et
3062 3961 3310 4016 adoravit
3342 3978 3469 4016 eum

1888 4071 2095 4126 pronus
2126 4057 2181 4110 in
2208 4064 2407 4112 terram
2428 4050 2472 4089 “
2498 4074 2511 4117 ;
2550 4076 2569 4110 ›
2603 4072 2772 4127 quare
2811 4072 2919 4111 non
2952 4070 3062 4127 pra:
3090 4054 3344 4110 omnibus
3366 4054 3474 4108 bo-

1889 4147 2127 4202 minibus
2152 4146 2416 4219 Spiritum
2450 4155 2700 4204 sanctum
2723 4148 3111 4204 adorahimus?
3129 4148 3251 4220 Ipse
3273 4147 3471 4204 iterum

1888 4236 1994 4297 Sibi
2021 4243 2237 4312 reponit
2266 4262 2279 4296 :
2318 4261 2338 4294 ι
2376 4241 2665 4297 Dominum
2691 4241 2858 4297 Deum
2887 4250 3040 4297 tuum
3072 4241 3330 4297 adorabis
3352 4240 3421 4305 ",
3448 4261 3466 4291 ι

1889 4342 1942 4389 ει
1976 4350 2084 4388 nou
2133 4333 2421 4403 Spiritum.
2461 4332 2698 4404 Spiritus
2751 4350 2859 4389 non
2914 4342 3000 4389 est
3043 4332 3331 4394 Dominus.
3376 4331 3473 4409 sed

1891 4440 2067 4495 neque
2101 4424 2283 4481 Deus:
2317 4425 2592 4494 quomodo
2642 4424 2807 4495 igitur
2856 4423 3172 4479 adorandus
3223 4424 3348 4487 erit,
3378 4423 3471 4493 qui

1891 4532 2001 4570 non
2054 4516 2196 4569 intra
2236 4514 2640 4569 adorandorum
2697 4515 2894 4571 limites
2944 4513 3480 4586 comprehendatur?

1893 4606 2052 4666 Nam.
2084 4627 2101 4654 σ
2138 4606 2310 4662 Nemo
2350 4614 2529 4678 potest
2561 4606 2742 4661 dicere
2787 4605 3076 4661 Dominum
3108 4606 3316 4669 Jesum,
3363 4605 3469 4659 nisi

1894 4701 1949 4755 in
2002 4699 2208 4771 Spiritu
2251 4700 2521 4755 sancto."
2551 4719 2570 4751 ›
2609 4699 2835 4769 Oportet
2882 4700 3027 4754 enim
3089 4713 3213 4753 eum
3258 4700 3350 4766 qui
3401 4696 3476 4751 ad

1892 4790 2062 4845 Deum
2111 4790 2343 4852 accedit,
2397 4805 2493 4860 per
2552 4789 2716 4843 alium
2778 4789 3040 4845 accedere
3085 4787 3153 4843 ad
3207 4786 3469 4857 Spiritum

1891 4892 2160 4939 sanctum.
2210 4879 2269 4935 Si
2320 4882 2486 4951 igitur
2536 4879 2798 4949 Spiritum
2845 4887 3094 4935 sanctum
3146 4877 3465 4932 adoravero.

1890 4991 1987 5045 per
2014 4990 2174 5044 quem
2214 4983 2269 5029 et
2296 4988 2328 5027 a
2360 4989 2471 5044 quo
2499 4975 2769 5028 adductus
2819 4973 3071 5027 accedam
3100 4970 3427 5026 adoraturus
3447 4968 3477 5022 τ

1890 5064 2029 5132 Quid
2062 5081 2158 5120 vos
2192 5065 2261 5119 ad
2302 5064 2458 5119 haec?
2500 5064 2559 5118 ln
2604 5064 2697 5132 jus
2746 5071 2799 5117 te
2843 5060 3057 5116 vocabit
3090 5058 3303 5114 Nathan
3342 5072 3472 5127 pro-

1887 5159 2050 5229 pheta
2080 5157 2132 5210 iu
2166 5157 2254 5212 die
2279 5156 2496 5227 judicii,
2539 5163 2597 5209 ut
2623 5154 2716 5225 qui
2750 5161 2943 5208 contra
2968 5152 3141 5223 legem
3182 5163 3296 5203 non
3326 5144 3473 5201 {ece-

1886 5248 1982 5311 rit,
2014 5262 2138 5302 cum
2168 5245 2428 5303 Davidem
2457 5245 2730 5303 adoraret.
2757 5243 2968 5300 Dictum
2992 5242 3136 5297 enim
3164 5239 3297 5294 illud
3326 5244 3475 5293 attu-

1887 5339 2020 5405 listi,
2054 5346 2112 5393 ut
2142 5339 2320 5409 ipsum
2351 5337 2573 5393 videare
2614 5329 3073 5406 transgressionis
3101 5345 3257 5388 reum
3288 5342 3470 5400 agere.

2350 5566 2396 5598 ”
2437 5565 2480 5618 11
2513 5565 2642 5620 Cor.
2682 5578 2776 5623 ιιι.
2818 5559 2901 5614 l7.
3010 5559 3057 5591 ³³
3097 5557 3257 5614 Rom.
3292 5572 3340 5620 ι.
3377 5553 3476 5616 εει

2015 5639 2057 5668 ³⁷
2100 5636 2116 5689 Ι
2151 5637 2277 5693 Cor.
2314 5650 2427 5699 xu,
2460 5635 2513 5690 5.

1957 5789 2137 5863 (ιε-υ)
2179 5788 2460 5846 Ercidisse
2485 5788 2702 5845 videtur
2730 5786 2877 5860 περί.
2910 5786 3074 5841 Eutr.
