3982 6398
521 391 660 449 1295

1620 388 1678 445 S.
1718 387 2181 445 ATHA‘NASIUS.
2225 417 2288 431 -
2330 386 2600 446 SPURIA.

3622 387 3736 450 £298

517 502 652 565 Nam
682 510 729 566 si
755 509 845 565 ille
871 507 1124 563 Davidem
1156 507 1480 571 adoraverit,
1513 521 1636 562 cum
1672 508 1940 579 scriptum
1974 509 2079 564 sit:

2186 511 2667 580 παρανομήσαντα.
2705 509 2766 564 El
2798 508 2907 580 γὰρ
2934 512 3141 574 ἐκεῖνος
3168 510 3246 582 τῷ
3285 510 3449 565 Δασὶδ
3493 512 3738 583 προσεκύ-

518 619 541 654 ς
576 600 867 657 Dominum
896 600 1063 655 Deum
1104 608 1255 654 tuum
1293 599 1567 663 adorabis,
1614 606 1668 655 et
1712 600 1789 655 illi
1829 601 1931 657 soli
1966 616 2082 657 ser—

517 692 632 748 vies
657 691 704 726 ¹⁸
733 710 746 747 :
785 711 805 744 ι
836 699 889 745 te
918 698 1209 746 accusante
1254 705 1381 745 reus
1413 698 1498 747 est
1534 691 1745 746 violata
1775 692 1929 761 legis.
1971 691 2081 749 Nos

515 797 679 854 porro
701 783 1018 854 prophetam
1073 782 1295 836 minime
1347 782 1684 848 incusamus,
1717 783 1889 837 absit!
1923 783 2084 854 quin-

512 876 625 930 imo
667 889 732 930 ea
779 874 1121 944 potissimum
1174 874 1241 928 de
1297 888 1463 928 causa
1514 874 1776 943 Spiritum
1836 882 2082 929 sanctum

513 964 748 1020 dicimus
773 963 1127 1019 adorandum.
1153 962 1337 1033 Neque
1385 963 1528 1018 enim
1566 962 1820 1018 Davidem
1853 961 2081 1018 adoras-

515 1065 597 1115 set
652 1060 933 1129 propheta,
989 1057 1035 1114 si
1081 1056 1286 1112 nudum
1330 1057 1607 1113 hominem
1657 1059 1986 1128 agnovisset.
2013 1059 2084 1113 At

511 1149 741 1208 edoctus
780 1153 931 1219 illum
977 1166 1100 1206 esse
1139 1149 1417 1206 Christum
1450 1150 1688 1216 Domini,
1728 1151 1851 1207 oleo
1890 1158 2083 1209 sancto

514 1243 797 1299 iaunctum
842 1241 1105 1297 adorabat
1154 1240 1305 1298 illum
1332 1281 1348 1309 ,
1393 1242 1463 1297 ob
1514 1241 1751 1315 Spiritus
1803 1244 1977 1300 sancti
2024 1244 2081 1299 in

512 1341 633 1399 oleo
661 1341 975 1398 efficaciam.

580 1519 635 1574 5.
679 1518 817 1586 Quid
858 1533 1023 1589 porro
1067 1532 1246 1574 eausaa
1284 1526 1368 1572 est
1412 1516 1577 1587 quod,
1627 1535 1646 1568 ι
1686 1516 1830 1572 sicut
1877 1514 2081 1585 aspidis

498 1610 692 1665 surda:
718 1617 773 1665 et
802 1609 1117 1664 obturantis
1156 1625 1318 1665 aures
1348 1624 1499 1673 snas,
1532 1623 1654 1678 qua:
1694 1602 1801 1661 non
1831 1607 2081 1662 exaudiet

511 1718 696 1757 vocem
749 1702 1144 1757 iucantantium
1183 1704 1248 1762 ”.
1314 1721 1335 1754 ι
1387 1717 1509 1756 cum
1573 1700 1809 1755 audieris
1886 1699 2018 1755 illud
2064 1716 2077 1753 :

518 1813 538 1845 ι
572 1793 863 1849 Dominum
895 1794 1060 1849 Deum
1091 1801 1242 1848 tuum
1268 1792 1559 1859 adorabis;
1599 1812 1617 1844 ι
1654 1792 1795 1863 quod
1839 1794 2080 1863 sequitur

2183 617 2310 671 νησε
2345 600 2671 671 (γέγραπται
2713 601 2770 655 δέ
2794 618 2808 633 ο
2841 621 2858 653 ι
2898 602 3087 675 Κυρίῳ
3114 602 3194 674 τῷ
3230 602 3351 674 Θεῷ
3392 620 3486 656 σου
3524 620 3737 676 προσκυυ

2188 694 2390 765 νήσεις,
2423 694 2518 747 καὶ
2548 694 2696 765 αὐτῷ
2732 694 2875 765 μόνῳ
2899 693 3219 766 λατρεύσεις
3258 698 3326 765 ι),
3362 694 3515 766 παρά
3544 695 3633 749 τὸν
3665 695 3738 748 v6-

2186 801 2283 855 μον
2322 785 2585 856 πεποίηκε
2615 785 2757 839 κατά
2789 787 2887 858 τὴν
2934 785 3031 858 σὴν
3079 786 3435 858 κατηγορίαν.
3471 788 3657 858 Ἡμεῖς
3691 787 3738 840 δι

2182 877 2242 929 οὐ
2289 877 2703 949 κατηγοροῦμεν
2745 878 2840 931 τοῦ
2889 881 3170 952 προφήτου
3194 898 3208 912 ·
3246 882 3320 953 μὴ
3354 881 3593 950 γένοιτοί
3624 880 3739 935 ἀλλὰ

2181 968 2269 1022 διὰ
2307 968 2463 1021 τοῦτο
2519 969 2751 1038 μάλιστα
2797 969 3028 1041 λέγομεν
3078 972 3454 1044 προσκυνητὺν
3493 973 3557 1026 τὸ
3602 974 3739 1041 ἅγιον

2182 1061 2424 1133 Πνεῦμα.
2449 1063 2561 1116 Ούκ
2591 1062 2658 1117 ἂν
2684 1062 2791 1136 γὰρ
2816 1064 2892 1134 τῷ
2934 1063 3098 1118 Δαδὶδ
3137 1064 3540 1136 προσεκύνησεν
3568 1067 3596 1118 ὁ
3621 1081 3739 1137 προ-

2183 1156 2377 1225 φήτης,
2406 1156 2454 1206 εί
2487 1154 2639 1223 ψιλὸν
2683 1152 2967 1226 ἄνθρωπον
2995 1155 3323 1224 ἐγίνωσκεν·
3354 1155 3490 1209 ἀλλά
3524 1156 3739 1228 Χριστὸν

2182 1246 2384 1316 Κυρίου
2426 1244 2690 1316 διδαχθεὶς
2737 1246 2896 1299 αὐτὸν
2944 1242 3103 1312 εἶναι,
3150 1250 3208 1301 ὲν
3257 1245 3421 1317 ἐλαίῳ
3458 1248 3599 1318 ἁγίῳ
3636 1265 3741 1318 χρι-

2184 1334 2396 1398 σθέντα,
2424 1334 2746 1406 προσεκύνει
2790 1336 2952 1390 αύτὸν
2991 1336 3079 1391 διὰ
3111 1336 3210 1408 τὴν
3242 1337 3300 1390 ὲν
3346 1337 3425 1408 τῷ
3465 1336 3630 1408 ἐλαίῳ
3657 1338 3738 1391 τοῦ

2183 1423 2321 1477 Πνεύ
2329 1441 2494 1494 ματος
2526 1425 2821 1495 ἐνέργειαν,

2249 1515 2302 1570 5.
2339 1516 2461 1579 Πῶς
2487 1516 2564 1580 δὲ,
2597 1535 2615 1567 ι
2655 1517 2784 1569 ὡσεὶ
2817 1517 3038 1581 ἀσπίδος
3061 1517 3255 1587 κωφῆς
3297 1518 3392 1571 καὶ
3421 1517 3653 1589 βυούσης
3681 1515 3737 1569 τὰ

2181 1603 2293 1663 ὦτα
2319 1610 2505 1680 αὐτῆς,
2528 1612 2648 1680 ἥτις
2668 1611 2766 1664 οὐκ
2788 1611 3163 1664 είσακούσεται
3184 1610 3367 1681 φωνῆς
3396 1610 3696 1681 ὲπᾴδοντος,
3719 1629 3733 1660 ι

2181 1701 2260 1764 τὸ,
2289 1721 2308 1753 ι
2339 1702 2529 1773 Κυρίῳ
2555 1702 2632 1774 τῷ
2679 1700 2798 1772 Θεῷ
2851 1719 2945 1755 σου
2985 1704 3410 1774 προσκυνήσεις,
3443 1723 3461 1754 ι
3494 1703 3737 1766 ἀκούσας,

2181 1794 2273 1847 τοῦ
2300 1793 2425 1865 ἑξῆς
2454 1795 2551 1848 οὐκ
2584 1796 2913 1866 ὲπήκουσας,
2944 1793 3057 1859 τοῦ,
3092 1814 3112 1846 ιι
3148 1796 3257 1849 Καὶ
3305 1795 3455 1865 αύτῷ
3492 1794 3635 1866 μόνῳ
3666 1794 3741 1848 λα-

512 1901 621 1942 non
674 1886 873 1941 audisti
913 1906 926 1942 :
963 1905 980 1937 ι
1032 1885 1095 1939 Et
1138 1884 1216 1939 illi
1267 1885 1367 1939 soli
1412 1884 1656 1939 servies?
1692 1904 1710 1937 ι
1744 1882 1803 1937 ld
1833 1884 2079 1937 nimirum

2187 1881 2468 1954 τρεύσεις;
2509 1902 2527 1935 ι
2557 1884 2725 1937 Τοῦτο
2776 1884 2833 1937 δὲ
2864 1887 3063 1949 ποιεῖς,
3122 1885 3208 1939 ῖνα
3252 1886 3328 1958 μὴ
3361 1886 3604 1958 ἀκούσῃς
3653 1887 3736 1951 τὸ,

514 1980 630 2049 agis
674 1987 733 2032 ut
779 1993 847 2033 ne
896 1976 1124 2032 audias:
1162 1996 1181 2028 ι
1221 1975 1332 2031 Soli
1376 1977 1599 2032 servies.
1634 1996 1653 2029 ι
1681 1975 1817 2031 Cui?
1864 1975 2080 2031 Patrine

512 2083 579 2121 an
608 2066 790 2121 Filio?
819 2064 997 2137 Ecqua
1042 2068 1252 2121 ratione
1296 2067 1398 2121 soli
1424 2066 1611 2122 dices?
1648 2064 1705 2119 Si
1736 2065 2079 2121 Christianus

510 2172 607 2220 es,
656 2156 770 2211 aies
824 2156 894 2211 ob
940 2164 1147 2211 natura:
1178 2156 1533 2213 identitatem.
1570 2156 1724 2223 Quod
1774 2158 1819 2213 si
1851 2157 2078 2212 demon-

510 2255 716 2305 stretur
771 2246 1031 2319 Spiritum
1086 2258 1333 2304 sanctum
1377 2250 1622 2319 ejusdem
1672 2264 1795 2304 esse
1848 2256 2076 2312 natum,

509 2341 643 2396 illud
692 2359 705 2395 :
759 2359 779 2391 ι
826 2340 1113 2396 Dominum
1159 2340 1326 2396 Deum
1376 2348 1527 2394 tuum
1577 2339 1854 2403 adorabis,
1902 2346 1955 2394 et
2000 2339 2076 2394 illi

509 2433 611 2487 soli
643 2432 872 2496 servies,
914 2451 932 2484 ι
967 2431 1033 2487 de
1061 2430 1244 2496 Patre,
1271 2430 1410 2486 Filio
1437 2439 1490 2486 et
1529 2430 1735 2501 Spiritu
1776 2441 1964 2486 sancto
1990 2429 2076 2486 di-

509 2526 672 2587 citur,
705 2523 776 2578 ob
820 2531 1029 2579 natura:
1064 2523 1422 2578 identitatem.
1458 2520 1554 2576 Sin
1602 2523 1805 2584 minus,
1842 2522 2075 2592 cogeris,

509 2632 634 2672 cum
660 2616 728 2673 de
760 2616 920 2672 unica
957 2632 1190 2689 persona
1235 2615 1369 2671 illud
1416 2615 1654 2686 accipias
1684 2634 1697 2670 :
1736 2634 1754 2667 ι
1791 2614 2075 2671 Dominum

509 2706 681 2763 Deum
717 2714 869 2762 tuum
899 2707 1188 2770 adorabis,
1218 2715 1273 2763 et
1305 2707 1383 2762 illi
1413 2707 1514 2763 soli
1540 2708 1784 2776 servies;
1821 2726 1841 2760 ι
1875 2717 1967 2763 aut
1990 2703 2079 2762 Fi-

510 2799 641 2852 lium
689 2799 977 2869 repudiare
1026 2806 1121 2852 aut
1173 2797 1391 2853 Patrem
1441 2813 1772 2869 expungere.
1834 2797 1891 2852 Si
1950 2813 2080 2870 ergo

508 2898 997 2946 comm-:nstratum
1030 2889 1212 2954 fuerit,
1246 2889 1509 2960 Spiritum
1531 2930 1546 2953 ,
1583 2890 1677 2960 qui
1700 2904 1763 2943 ex
1794 2888 1956 2944 Patre
1985 2906 2080 2961 per

511 2978 703 3034 Filium
727 2980 1040 3045 ell‘unditur,
1073 2981 1315 3051 ejusdem
1348 2996 1471 3036 esse
1501 2990 1714 3034 naturze
1762 2994 1825 3034 ac
1866 2979 2081 3035 deitatis

509 3084 671 3144 atque
700 3070 872 3144 Filius
907 3080 960 3127 et
992 3072 1168 3134 Pater,
1216 3086 1347 3127 sane
1374 3070 1688 3126 adorandus
1731 3085 1852 3126 esse
1891 3078 1956 3126 ac
1986 3087 2082 3126 co-

508 3164 705 3221 lendus
748 3164 1083 3219 ostendetur.
1133 3162 1298 3234 476
1340 3161 1595 3232 Ejusdem
1638 3176 1803 3232 porro
1846 3157 2079 3232 Spiritus

2187 1993 2204 2024 ι
2238 1975 2399 2046 Μόνῳ
2422 1975 2755 2048 λατρεύσεις.
2785 1996 2802 2026 ι
2832 1977 2949 2030 Τίνι
2971 1993 2985 2043 ;
3009 1976 3088 2046 τῷ
3110 1976 3356 2049 ﬂat-le
3385 1976 3462 2048 τῷ
3478 1977 3623 2048 Υἰῷ;
3644 1979 3742 2031 Καὶ

2180 2066 2322 2129 πῶς·
2337 2070 2505 2136 μόνῳ
2547 2069 2723 2138 ὲρεῖς;
2766 2068 2888 2121 Ἐὰν
2932 2064 2998 2143 ᾖς
3045 2068 3391 2140 Χριστιανὸς,
3438 2072 3522 2125 ὅτι
3562 2071 3649 2125 διὰ
3690 2071 3743 2124 τὸ

2178 2157 2373 2210 ταυτὸν
2404 2157 2504 2227 τῆς
2548 2157 2780 2227 φύσεως.
2823 2159 2948 2213 Ἐάν
2972 2160 3156 2231 δειχθῇ
3193 2155 3288 2213 οὖν
3318 2162 3415 2214 καὶ
3442 2162 3507 2214 τὸ
3534 2162 3743 2234 Πνεῦμα

2178 2249 2276 2319 τῆς
2320 2249 2488 2320 αὐτῆς
2532 2249 2763 2320 φύσεως,
2812 2253 2891 2319 τὸ,
2928 2272 2947 2304 ι
2985 2254 3176 2328 Κυρίῳ
3202 2254 3281 2325 τῷ
3311 2254 3431 2326 Θεῷ
3461 2272 3557 2309 σου
3587 2274 3743 2330 προσ-

2179 2342 2454 2412 κυνήσεις,
2477 2343 2571 2396 καὶ
2607 2344 2755 2415 αὐτῷ
2792 2344 2939 2417 μόνῳ
2964 2343 3302 2418 λατρεύσεις,
3345 2367 3363 2399 ι
3396 2348 3617 2421 Πατέρα
3663 2351 3745 2403 καὶ

2180 2431 2329 2510 Υίὸν,
2370 2434 2465 2486 καὶ
2504 2433 2653 2502 ἅγιον
2692 2435 2914 2508 Πνεῦμα
2960 2436 3129 2506 λέγει,
3170 2438 3258 2493 διὰ
3306 2439 3370 2493 τὸ
3416 2441 3620 2494 ταυτὸν
3658 2442 3745 2512 τῆς

2181 2520 2412 2590 φύσεως.
2445 2522 2507 2576 Εἰ
2538 2523 2593 2577 δὲ
2623 2524 2719 2596 μὴ,
2744 2527 3133 2601 ἀναγκασθήσῃ
3170 2531 3263 2583 ἐπὶ
3306 2529 3425 2595 ἑνὸς
3463 2530 3745 2604 προσώπου

2178 2613 2479 2686 δεχόμενος,
2497 2615 2601 2689 τῷ(
2615 2616 2694 2690 IT)
2718 2638 2735 2671 ι
2757 2619 2944 2692 Κυρίῳ
2972 2621 3051 2693 τῷ
3073 2622 3194 2693 Θεῷ
3218 2640 3310 2676 σου
3336 2626 3742 2695 προσκυνήσεις,

2179 2706 2272 2761 καὶ
2315 2708 2463 2780 αύτῷ
2510 2712 2654 2782 μόνῳ
2683 2712 3016 2785 λατρεύσεις,
3053 2734 3071 2766 ι
3108 2716 3162 2789 ἢ,
3190 2715 3278 2769 τὸν
3322 2716 3447 2769 Υἱόν
3484 2716 3749 2789 παρακού-

2181 2799 2396 2865 σασθαι,
2418 2802 2451 2872 ἢ
2476 2804 2566 2856 τὸν
2590 2805 2808 2876 Πατέρα
2849 2807 3334 2879 παραγράψασθαι.
3377 2809 3505 2865 Ἐὰν
3532 2796 3626 2864 οὖν
3655 2811 3749 2864 δει-

2179 2891 2280 2963 χθῇ
2320 2894 2417 2963 τῆς
2463 2895 2631 2966 αὐτῆς
2679 2890 2816 2950 εῖναι
2851 2896 3065 2966 φύσεως
3115 2901 3210 2953 καὶ
3245 2900 3501 2972 θεότητος
3535 2902 3613 2974 τῷ
3646 2903 3748 2974 Υῖῷ

2180 2983 2275 3037 καὶ
2304 2983 2383 3054 τῷ
2414 2985 2607 3056 Πατρὶ,
2641 2988 2734 3038 καὶ
2774 2986 2835 3039 τὸ
2866 2987 3088 3059 Πνεῦμα
3119 2989 3181 3042 τὸ
3221 2990 3276 3057 ἐξ
3320 2991 3488 3045 αὑτοῦ
3526 2992 3620 3046 τοῦ
3648 2994 3749 3047 Ila-

2178 3076 2306 3147 τρὸς
2341 3076 2429 3131 διὰ
2471 3076 2563 3131 τοῦ
2614 3078 2746 3131 Τίοῦ
2799 3079 3048 3149 ἐκχυθὲν,
3102 3082 3197 3136 καὶ
3247 3086 3632 3156 προσκυνητδν
3665 3084 3750 3138 καὶ

2180 3166 2469 3239 λατρευτὺν
2508 3169 2970 3242 ἀποδειχθήσεται.
3015 3173 3399 3245 Πειρασόμεθα
3441 3176 3502 3230 δὲ
3538 3178 3635 3229 σὺν
3678 3178 3751 3230 εὐ·

508 3257 705 3326 gratia,
737 3272 857 3322 eam
898 3258 1069 3325 ipsam
1107 3263 1356 3310 naturam
1409 3271 1477 3310 ex
1516 3253 1719 3310 divinis
1759 3254 2079 3309 conabimur

2184 3260 2371 3328 μενείᾳ
2432 3257 2594 3311 αὐτοῦ
2662 3257 2753 3312 τοῦ
2828 3260 3143 3332 Πνεύματος
3187 3262 3359 3329 δεῖξαι
3409 3265 3616 3337 ταυτὴν
3662 3267 3751 3337 τὴν

507 3348 747 3405 oraculis
788 3348 1086 3405 declarare.
1143 3347 1210 3402 Et
1260 3363 1385 3403 vero
1440 3346 1573 3402 illud
1615 3366 1629 3402 :
1667 3365 1701 3429 ε
1718 3345 1889 3402 Nemo
1935 3346 2081 3401 enim

460 3484 465 3491 .
507 3450 688 3514 potest
712 3441 892 3497 dicere
924 3440 1211 3495 Dominum
1242 3439 1449 3504 Iesum,
1486 3439 1591 3494 nisi
1623 3439 1676 3493 in
1718 3437 1924 3510 Spiritu
1954 3454 2081 3493 san-

505 3543 616 3597 cto,
667 3554 686 3586 ι
731 3533 866 3588 nihil
912 3533 1105 3604 probat
1163 3543 1354 3587 contra
1409 3532 1781 3588 adorationem
1843 3531 2081 3601 Spiritus

506 3625 705 3682 sancti.
747 3623 903 3679 Sicut
950 3624 1095 3679 enim
1147 3640 1271 3679 eum
1319 3626 1496 3695 ipsum
1551 3623 1717 3679 Deum
1768 3621 1983 3677 Patrem
2024 3622 2081 3675 in

506 3717 710 3789 Spiritu
741 3726 795 3772 et
824 3716 1053 3772 veritate
1083 3716 1397 3776 adoramus.
1428 3731 1534 3770 non
1575 3715 1917 3771 excludimus
1942 3715 2081 3769 veri-

504 3808 633 3862 tatis
689 3807 1100 3873 adoratiouem,
1164 3806 1258 3862 sed
1321 3808 1526 3863 scimus
1571 3808 1851 3862 veritatem
1903 3806 2078 3875 ipsum

503 3915 625 3954 esse
656 3898 872 3964 Filium,
905 3907 1067 3969 atque
1111 3900 1164 3953 in
1195 3897 1399 3970 Spiritu
1448 3908 1503 3953 et
1530 3898 1759 3954 veritate
1790 3897 2081 3952 adorantes

504 3989 696 4056 Deum,
731 3993 1022 4047 adoramus
1056 3992 1229 4062 ipsam
1271 3991 1554 4046 veritatem
1583 4008 1597 4059 ;
1640 3991 1713 4044 ita
1738 3998 1791 4046 et
1820 3988 2081 4060 Spiritum

502 4084 824 4151 adoramus,
874 4082 1332 4153 quemadmodum
1389 4088 1444 4138 et
1488 4082 1792 4137 veritatem.
1829 4080 1982 4148 Quod
2009 4081 2078 4145 si,

502 4179 760 4247 quoniam
788 4178 844 4230 in
869 4174 1075 4245 Spiritu
1099 4175 1413 4240 adoramus,
1445 4174 1567 4229 ideo
1594 4190 1704 4229 non
1732 4173 1930 4229 adoras
1964 4172 2082 4244 Spi-

505 4270 669 4323 ritum
690 4287 703 4323 :
722 4278 773 4324 et
806 4268 874 4329 si,
894 4267 1148 4337 quoniam
1168 4268 1222 4320 in
1249 4267 1477 4321 veritate
1498 4265 1809 4328 adoramus,
1828 4280 1936 4318 non
1953 4265 2084 4319 ado-

501 4375 594 4415 ras
620 4360 900 4416 veritatem
925 4401 940 4425 ,
983 4358 1375 4426 arbitrarisque
1418 4356 1586 4411 minui
1632 4354 1868 4426 Spiritus
1906 4356 2083 4411 sancti

502 4452 842 4523 dignitatem,
871 4449 1086 4521 quodin
1119 4449 1239 4519 ipso
1260 4447 1454 4501 Filium
1487 4447 1776 4502 Dominum
1810 4461 1935 4503 esse
1950 4462 2082 4502 con-

502 4545 777 4608 titeamur,
812 4543 1026 4598 minues
1055 4547 1204 4597 certe
1236 4547 1290 4594 et
1319 4538 1496 4596 Patris
1537 4538 1877 4607 dignitatem,
1910 4541 2081 4611 siqui-

501 4636 624 4691 dem
676 4655 694 4687 ι
740 4648 906 4690 nemo
960 4634 1108 4689 venit
1160 4631 1225 4688 ad
1279 4629 1510 4695 Filium,
1558 4629 1665 4686 nisi
1710 4645 1870 4701 quem
1917 4608 2079 4687 Pater
2113 4608 2153 4662 θ

500 4728 742 4784 cmlestis
767 4725 995 4781 traxerit
1026 4728 1095 4780 ad
1127 4725 1306 4796 ipsum
1336 4723 1403 4778 ³⁸.
1442 4742 1461 4775 ι
1492 4720 1609 4778 Hoc
1640 4722 1785 4777 enim
1822 4721 1877 4777 in
1913 4721 2081 4776 Evan-

501 4818 643 4888 gelio
672 4818 935 4887 scriptum
965 4826 1089 4871 est:
1122 4814 1528 4886 Apostolusque
1572 4812 1775 4867 clamat
1806 4832 1819 4867 :
1857 4831 1875 4864 ι
1917 4810 2078 4867 Fide-

502 4910 571 4971 lis
603 4907 768 4977 Deus,
799 4924 895 4981 per
946 4924 1108 4979 quem
1154 4906 1331 4963 vocati
1364 4907 1498 4962 estis
1544 4905 1611 4960 ad
1643 4905 2079 4961 communionem

500 4996 623 5054 Filii
651 5001 772 5069 ejus
800 5000 866 5056 “.
904 5020 925 5054 ι
960 4998 1024 5053 Et
1054 4998 1218 5055 Pater
1247 5000 1364 5069 ipse
1392 4998 1448 5053 in
1481 4997 1764 5069 prophetis
1798 4998 1867 5053 ad
1898 4997 2079 5068 ipsum

500 5092 634 5148 dicit
659 5091 905 5149 Filium:
948 5109 967 5145 ι
1005 5090 1146 5149 Ecce
1201 5090 1462 5163 proselyti
1509 5090 1576 5144 ad
1621 5099 1676 5145 te
1721 5090 1940 5146 venient
1984 5103 2081 5160 per

499 5199 586 5240 me
614 5185 681 5239 ⁸⁸.
718 5203 737 5236 ι
779 5184 935 5252 Quod
970 5185 1017 5239 si
1058 5200 1155 5255 per
1196 5182 1413 5237 Patrem
1457 5182 1523 5236 ad
1557 5179 1755 5236 Filium
1793 5196 2077 5248 vocamur,

500 5289 608 5328 non
642 5274 852 5330 idcirco
884 5274 1147 5345 dignitate
1193 5274 1373 5328 minor
1418 5280 1502 5328 est
1544 5270 1783 5343 Spiritus
1828 5283 2075 5330 sanctus.

499 5362 934 5429 lntroducimur,
989 5367 1111 5429 ais,
1171 5363 1377 5435 Spiritu
1414 5381 1427 5419 :
1467 5364 1581 5433 lege
1645 5362 1959 5435 Scripturas
2023 5373 2079 5421 et

498 5457 646 5512 disce
672 5459 839 5527 quod,
874 5458 1329 5528 quemadmodum
1360 5473 1456 5527 per
1497 5455 1712 5512 Patrem
1751 5456 1819 5511 ad
1852 5455 2073 5521 Filium,

498 5546 570 5600 ita
600 5562 695 5616 per
720 5545 913 5603 Filium
960 5548 1027 5603 ad
1065 5547 1302 5601 Patrem.
1341 5547 1481 5603 Sunt
1511 5549 1656 5603 enim
1699 5549 1834 5612 haec,
1864 5549 1944 5603 uti
1979 5565 2074 5603 su-

497 5649 592 5702 pra
623 5636 825 5691 dictum
879 5646 984 5702 est,
1024 5639 1323 5709 reciproca.
1378 5638 1848 5706 Quemadmodum
1887 5640 2075 5710 itaque

566 5747 612 5778 ¹⁸
651 5745 803 5802 Deut.
837 5765 927 5813 γι,
964 5751 1049 5804 15.

567 5860 675 5932 (ιτ)
698 5860 854 5916 Forte
874 5864 971 5933 leg.
992 5864 1276 5934 δεχόμενος
1294 5865 1401 5931 τδ,‹
1416 5865 1622 5935 Κυρίῳ,
1643 5874 1745 5922 etc.
1766 5866 1863 5922 En.
1886 5867 2064 5923 Pun.

1824 6060 1845 6089 δ

2182 3346 2341 3415 φύσιν
2366 3349 2431 3401 ἐκ
2453 3348 2559 3402 τῶν
2585 3349 2742 3404 θείων
2771 3350 2987 3420 λογίων.
3027 3355 3138 3408 Καὶ
3157 3354 3236 3418 τὸ,
3267 3375 3284 3406 ι
3326 3357 3518 3421 Οὐδεὶς
3543 3358 3651 3430 γὰρ
3672 3357 3754 3413 δύ-

2180 3459 2334 3495 ναται
2356 3443 2529 3496 εἰπεῖν
2556 3444 2755 3514 Κύριον
2771 3444 2977 3515 Ἰησοῦν
2997 3446 3046 3498 εί
3068 3446 3142 3518 μὴ
3166 3449 3222 3499 ὲν
3245 3448 3526 3520 Πνεύματι
3548 3450 3702 3519 ἁγίῳ,
3730 3467 3747 3498 ι

2179 3534 2238 3586 ού
2263 3534 2401 3587 κατά
2428 3534 2528 3604 τῆς
2554 3534 2648 3589 τοῦ
2672 3534 2986 3607 Πνεύματός
3021 3539 3134 3591 ἐστι
3185 3542 3634 3609 προσκυνήσεως.
3676 3540 3755 3601 '0;

2180 3624 2287 3695 γὰρ
2317 3624 2477 3677 αὐτὸν
2509 3626 2600 3677 τὸν
2652 3626 2782 3680 Θεὸν
2826 3627 3040 3699 Πατέρα
3069 3630 3126 3681 ὲν
3170 3629 3453 3700 Πνεύματι
3502 3632 3598 3684 καὶ
3628 3630 3753 3699 ἀλη-

2182 3714 2305 3787 θείᾳ.
2353 3716 2819 3787 προσκυνοῦντες,
2869 3718 2967 3772 οὐκ
3024 3719 3436 3791 ἀποστεροῦμεν
3486 3722 3589 3791 τῆς
3639 3721 3758 3791 ἁλη-

2181 3806 2330 3871 θείας
2357 3809 2453 3880 τὴν
2487 3809 2874 3882 προσκύνησιν,
2911 3808 3022 3863 ἀλλ’
3073 3811 3252 3880 ἴσμεν,
3300 3811 3381 3864 ὅτι
3418 3812 3584 3875 αὑτός
3618 3814 3757 3865 ἐστιν

2180 3902 2209 3953 ὁ
2242 3899 2366 3963 Υἱὸς
2411 3903 2442 3970 ἡ
2496 3901 2742 3972 ἀλήθεια,
2796 3902 2891 3956 καὶ
2943 3903 2998 3954 ὲν
3054 3900 3330 3972 Πνεύματι
3385 3906 3480 3965 καῖι
3539 3903 3759 3974 ἀληθείᾳ

2186 3990 2614 4063 προσκυνοῦντες
2635 3993 2724 4045 τὸν
2745 3992 2897 4054 Θεὸν,
2918 3991 3328 4064 προσκυνοῦμεν
3350 3993 3449 4067 τὴν
3473 3995 3753 4067 ἀλήθειαν⁸

2182 4081 2323 4136 οὕτω
2354 4082 2418 4152 δὴ
2451 4083 2544 4136 καὶ
2570 4083 2632 4136 τὸ
2663 4083 2884 4155 Πνεῦμα
2922 4081 3356 4154 προσκυνοῦμεν.
3398 4084 3476 4149 ὼς
3506 4086 3606 4158 τὴν
3634 4087 3759 4155 ἔλαθ’

2183 4174 2351 4229 θειαν.
2392 4174 2455 4227 Εἰ
2496 4173 2572 4237 δὲ,
2605 4175 2790 4246 ἐπειδὴ
2832 4177 2891 4229 ὲν
2919 4176 3197 4248 Πνεύματι
3228 4177 3666 4251 προσκυνοῦμεν,
3701 4177 3758 4230 οὐ

2183 4269 2507 4338 προσκυνεῖς
2531 4266 2593 4320 τὸ
2621 4266 2863 4337 Πνεῦμα,
2898 4268 2991 4321 καὶ
3022 4267 3211 4340 ἐπειδὴ
3238 4270 3294 4321 ὲν
3324 4268 3557 4342 ἀληθείᾳ
3584 4284 3760 4341 προσ-

2184 4357 2472 4429 κυνοῦμεν,
2507 4358 2568 4410 ού
2610 4361 2931 4430 προσκυνεῖς
2958 4358 3057 4431 τὴν
3084 4358 3361 4429 ἀλήθειαν,
3399 4362 3495 4414 καὶ
3525 4360 3761 4432 νομίζεις

2182 4451 2238 4504 δὲ
2270 4449 2618 4504 ἐλαττοῦσθαι
2656 4449 2754 4522 τὴν
2793 4450 2885 4505 τοῦ
2923 4452 3237 4524 Πνεύματος
3277 4452 3456 4519 ἀξίαν,
3493 4451 3680 4524 ἐπειδὴ
3707 4453 3761 4504 ἑν

2183 4540 2329 4612 αύτῷ
2355 4542 2446 4595 τὸν
2475 4540 2603 4594 Υἱδν
2630 4540 2832 4613 Κύριον
2859 4542 3231 4613 ὁμολογοῦμεν
3250 4561 3263 4573 ο
3298 4542 3629 4606 ἐλαττώσεις
3657 4542 3761 4611 ἄρα

2182 4635 2275 4688 καὶ
2300 4635 2397 4705 τὴν
2438 4635 2531 4689 τοῦ
2572 4634 2782 4706 Πατρὸς
2827 4634 3011 4701 ἀξίαν,
3056 4635 3243 4706 ἐπειδὴ
3278 4654 3296 4686 ι
3329 4636 3508 4701 οὐδεὶς
3550 4637 3758 4708 ἔρχεται

2182 4725 2319 4797 πρὸς
2351 4726 2441 4779 τὸν
2464 4726 2613 4790 Υίδν,
2640 4725 2736 4779 ἐὰν
2783 4726 2857 4797 μὴ
2899 4727 2927 4778 ὁ
2967 4724 3156 4799 Πατὴρ
3191 4726 3221 4777 ὁ
3266 4727 3517 4798 οὐράνιος
3560 4720 3760 4791 ἑλκύσῃ

2181 4816 2345 4871 αὐτὸν
2373 4817 2508 4888 πρὸς
2530 4817 2711 4871 αὐτόν.
2748 4835 2767 4869 ι
2801 4816 2972 4870 Τοῦτο
2995 4816 3106 4887 γὰρ
3131 4819 3189 4871 ἐν
3215 4816 3292 4884 τῷ
3320 4814 3642 4884 Εύαγγελίῳ
3668 4812 3757 4880 γέ-

2182 4923 2455 4977 γραπταιο
2505 4907 2602 4961 καὶ
2639 4910 2669 4961 ὁ
2721 4905 3037 4970 Ἀπόστολος
3090 4906 3214 4976 βοᾷ·
3260 4923 3279 4954 ι
3321 4903 3574 4968 Πιστδςὸ
3608 4903 3757 4964 Θεὸς.

2183 4998 2248 5052 δι’
2282 4993 2343 5054 οὗ
2373 4997 2636 5069 ἐκλήθητε
2668 4999 2747 5062 είς
2780 4996 3061 5052 κοινωνίαν
3087 4993 3180 5049 τοῦ
3212 4993 3344 5048 Υἱοῦ
3371 4994 3561 5049 αὑτοῦ.
3599 5016 3617 5047 ι
3655 4994 3761 5048 Καὶ

2180 5091 2343 5153 αὐτὸς
2370 5090 2398 5138 ὁ
2444 5089 2635 5161 Πατὴρ
2665 5090 2723 5142 ἐν
2764 5092 2879 5154 τοῖς
2924 5088 3252 5161 προφήταις,
3292 5086 3431 5159 πρὸς
3469 5086 3632 5142 αὐτὸν
3672 5083 3761 5138 τὸν

2181 5180 2308 5237 Υίὸν
2366 5182 2549 5251 λέγει’
2588 5201 2607 5235 ι
2659 5182 2788 5236 Ἰδοὺ
2854 5181 3185 5254 προσήλυτοι
3248 5178 3616 5233 διελεύσονταί
3681 5190 3758 5228 σοι

2176 5270 2245 5326 δι’
2273 5271 2430 5343 ἐμοῦ.
2469 5291 2488 5324 ι
2522 5272 2585 5326 Ei
2614 5272 2671 5327 δὲ
2704 5273 2797 5326 καὶ
2833 5272 2922 5327 διὰ
2966 5271 3061 5326 τοῦ
3094 5269 3308 5342 Πατρδς
3341 5270 3482 5341 πρὸς
3511 5269 3602 5323 τὸν
3634 5264 3758 5320 Υίὺν

2178 5364 2519 5434 καλούμεθα,
2559 5365 2658 5418 ούκ
2685 5364 3032 5418 ἐλαττοῦσθαι
3062 5361 3200 5434 (17⁸)
3226 5361 3337 5434 ἄρα
3364 5361 3554 5415 τούτου
3578 5359 3759 5411 ἕνεκεν

2174 5455 2274 5525 τῆς
2286 5455 2441 5522 ἀξίας
2456 5455 2517 5509 τὸ
2534 5454 3173 5527 Πνεῦμα.Προσαγόμεθα
3187 5454 3264 5526 τῷ
3279 5453 3578 5509 Πνεύματι.
3608 5446 3759 5503 ’Δνά-

2178 5546 2344 5614 γνωθι
2384 5547 2483 5610 τὰς
2531 5545 2753 5618 Γραφὰς
2797 5546 2894 5601 καὶ
2939 5547 3097 5618 μάθε,
3146 5548 3265 5609 ὅτι,
3305 5544 3501 5617 ὥσπερ
3537 5542 3627 5598 διὰ
3666 5536 3757 5591 τοῦ

2180 5639 2390 5712 Πατρὸς
2426 5638 2562 5709 πρὸς
2606 5638 2698 5693 τὸν
2737 5637 2886 5703 Υἱὸν,
2937 5639 3032 5692 καὶ
3057 5638 3147 5692 διὰ
3184 5634 3280 5690 τοῦ
3321 5634 3458 5689 Υίοῦ
3509 5634 3643 5706 πρὸς
3672 5627 3761 5683 τὸν

1126 5752 1171 5783 ⁸³
1209 5750 1355 5806 Psal.
1390 5767 1535 5817 LVII,
1571 5753 1638 5813 5,
1674 5752 1728 5807 6.
1803 5753 1849 5785 ⁸⁸
1887 5751 2045 5809 Joan.

2210 5754 2297 5809 Η.
2377 5752 2418 5783 ³¹
2460 5750 2637 5808 lCor.
2678 5769 2732 5818 ι,
2767 5751 2823 5808 9.
2901 5753 2947 5785 ³⁸
2989 5750 3094 5808 lsa.
3128 5766 3237 5813 Liv,
3278 5748 3364 5805 l3.

2242 5868 2376 5938 (17⁸)
2411 5868 2548 5939 Lege
2578 5867 2914 5923 ἐλαττοῦται.
2955 5866 3106 5922 Ιοπκ.
