3982 6398
237 395 359 453 1897

1268 403 1551 460 CONTRA
1590 403 1938 461 MACEDON.
1981 405 2330 463 DIALOGUS
2368 405 2410 463 1.

3326 404 3462 461 1293

233 519 457 591 Πατέρα.
502 521 864 592 Ἀντιστρὲφει
924 521 1053 593 γὰρ,
1106 524 1288 589 καθὼς
1346 526 1788 598 προαποδῶοται.

1894 543 1988 597 per
2011 527 2228 583 Patrem
2258 527 2325 583 ad
2352 526 2575 589 Filium,
2608 527 2682 581 ita
2719 541 2812 592 per
2847 523 3061 578 Patrem
3089 529 3143 577 et
3174 519 3368 576 Filium
3398 521 3466 574 ad

241 613 320 675 Ὦς
358 608 452 664 οὖν
495 611 581 666 διὰ
621 613 714 666 τοῦ
738 614 949 685 Πατρδς
1010 615 1146 687 πρὸς
1190 618 1282 672 τὸν
1326 617 1474 683 Υἰὸν,
1502 618 1673 682 οὕτως
1709 617 1798 672 διὰ

231 701 314 755 τοῦ
366 702 579 774 Πατρδς
643 704 735 757 καὶ
785 703 878 757 τοῦ
949 706 1078 760 Υίοῦ
1125 709 1260 778 πρὸς
1309 710 1372 764 τὸ
1424 710 1666 780 Πνεῦμα.
1717 709 1793 763 Οὐ

232 794 329 866 γὰρ
382 794 644 866 πρότερον
707 797 1083 868 ἐνοικήσαντος
1144 803 1256 864 τοῖς
1315 801 1633 864 ἀποστόλοις
1700 800 1794 854 τοῦ

232 884 449 956 Πατρδς,
484 884 724 957 ἐγνώσθη
754 889 781 942 ὁ
809 888 965 952 Υἱός·
997 890 1131 943 ἀλλὰ
1156 891 1416 962 πρότερον
1447 892 1623 945 αὐτῶν
1644 892 1798 960 γνόνο

231 993 327 1031 των
365 975 455 1031 τὸν
496 977 645 1043 Υἱὸν,
683 980 774 1033 καὶ
823 981 1282 1050 μαθητευθέντων,
1334 984 1427 1036 καὶ
1465 983 1794 1037 ἀποσταλέν-

231 1085 327 1123 των
370 1066 462 1121 δύο
502 1069 613 1135 δύο,
656 1070 731 1135 ὼς
773 1072 1096 1142 γέγραπται,
1125 1073 1218 1126 καὶ
1249 1074 1567 1145 γραφέντων
1615 1074 1792 1129 αὐτῶν

229 1163 327 1216 τῶν
355 1161 632 1231 ὀνομάτων
665 1163 723 1216 ὲν
775 1165 886 1228 τοῖς
918 1166 1181 1236 οὐρανοῖς,
1220 1166 1314 1219 καί
1350 1166 1791 1233 καταξιωθέντων

231 1252 319 1322 τῆς
358 1250 507 1316 θείας
554 1252 833 1317 θεοπτείας
881 1256 938 1307 ὲν
992 1258 1058 1328 τῇ
1110 1256 1344 1327 ὀπτασίᾳ
1397 1256 1499 1327 τῆς
1550 1258 1786 1312 ἀναστά-

231 1362 375 1408 σεως,
411 1343 535 1398 τότε
578 1344 785 1399 δέδοται
838 1347 1019 1410 αὐτοῖς
1058 1346 1120 1399 τὸ
1161 1347 1386 1419 Πνεῦμα
1416 1348 1477 1400 τὺ
1504 1348 1655 1418 ἆγιον
1679 1350 1786 1404 ἀπὸ

228 1435 311 1489 τοῦ
336 1434 490 1498 Θεοῦ,
521 1436 837 1504 όδηγοῦντος
876 1438 1070 1501 αὐτοὺς
1102 1438 1239 1511 πρὸς
1272 1439 1371 1512 τὴν
1402 1438 1495 1493 τοῦ
1535 1439 1785 1511 Πνεύμα-

225 1546 308 1593 τος
338 1529 512 1601 χάριν.
566 1530 676 1583 Καὶ
730 1530 916 1603 ὥσπερ
953 1531 1199 1600 λέγοντες
1223 1532 1424 1604 Κύριον
1465 1532 1688 1603 Ἰησοῦν,
1721 1536 1784 1589 ὲκ

224 1622 316 1692 τῆς
361 1621 581 1693 ὁδηγίας
628 1622 793 1676 αὑτοῦ
848 1622 943 1677 τοῦ
998 1623 1312 1695 Πνεύματος
1362 1625 1519 1679 τοῦτο
1569 1625 1787 1695 γνόντες

1904 616 2184 687 Spiritum.
2215 616 2402 689 Neque
2433 617 2578 672 enim
2618 617 2770 687 prius
2817 617 2874 670 in
2906 614 3168 685 apostolis
3204 612 3469 667 habitavit

1898 706 2060 762 Pater
2109 721 2271 777 quam
2324 706 2399 762 sit
2444 706 2662 776 agnitus
2707 703 3048 779 Filius;.sed
3092 718 3216 758 cum
3268 699 3467 756 Filium

1899 801 2050 870 prius
2078 799 2483 871 cognovissent,
2511 812 2635 853 cum
2667 796 2845 852 edocti
2886 809 2951 850 ac
2984 794 3098 849 bini
3140 793 3294 851 missi
3328 793 3468 848 fuis—

1900 898 2045 956 sent,
2069 890 2146 945 uti
2176 893 2444 959 scriptum
2466 896 2583 956 est;
2610 905 2734 943 cum
2758 902 2946 944 eorum
2978 886 3197 941 nomina
3228 886 3286 939 in
3312 885 3471 941 cmlis

1899 984 2104 1051 scripta
2138 980 2400 1046 fuissent;
2428 995 2553 1035 cum
2600 980 2657 1034 in
2698 978 2907 1035 visione
2944 976 3359 1034 resurrectionis
3380 976 3469 1030 di-

1897 1072 2024 1125 vino
2049 1080 2347 1142 conspectu
2371 1070 2521 1142 digni
2555 1070 2723 1125 habiti
2752 1070 3004 1132 fuissent,
3036 1076 3152 1123 tum
3176 1068 3337 1123 datus
3362 1067 3469 1121 illis

1896 1164 2001 1219 fuit
2039 1162 2278 1234 Spiritus
2320 1170 2544 1218 sanctus
2579 1178 2610 1217 a
2646 1162 2778 1222 Deo.
2821 1159 3201 1218 introducente
3244 1158 3368 1214 illos
3402 1158 3469 1211 ad

1897 1255 2137 1325 Spiritus
2169 1255 2421 1326 gratiam.
2455 1254 2523 1309 Et
2555 1252 3013 1325 quemadmodum
3056 1250 3340 1306 Dominum
3378 1246 3470 1303 Je-

1894 1365 2016 1405 sum
2044 1348 2312 1412 dicentes,
2348 1346 2589 1417 Spiritus
2627 1345 2801 1423 sancti
2831 1344 3020 1407 ductu,
3056 1341 3111 1396 id
3140 1342 3293 1413 gnari
3334 1340 3473 1395 dici—

1889 1456 2012 1495 mus
2033 1481 2050 1507 ,
2077 1440 2153 1495 ita
2181 1454 2213 1492 a
2252 1437 2389 1493 Filio
2411 1438 2478 1492 ad
2509 1437 2743 1508 Spiritus
2770 1436 3015 1491 notitiam
3048 1434 3266 1490 deducti
3296 1433 3472 1503 bapti-

1889 1533 1996 1587 zati
2013 1546 2204 1587 sumus
2227 1530 2281 1585 in
2298 1530 2514 1585 Patrem
2534 1540 2586 1585 et
2606 1527 2802 1584 Filium
2823 1538 2877 1584 et
2894 1526 3157 1598 Spiritum
3184 1536 3433 1583 sanctum
3454 1545 3470 1582 :

1893 1622 2166 1678 revelante
2191 1621 2403 1676 scilicet
2422 1617 2563 1674 Filio
2586 1618 2945 1673 initiationem
2968 1618 3034 1672 ad
3065 1615 3349 1687 Spiritum.

224 1714 542 1784 εἰρήκαμεν
603 1712 773 1774 οὕτως
820 1712 1169 1785 ὁδηγούμενοι
1216 1714 1364 1787 παρὰ
1411 1714 1504 1767 τοῦ
1537 1714 1666 1768 Υἱοῦ
1702 1716 1780 1778 εἰς
1803 1712 1902 1784 τὴν
1923 1711 2017 1766 τοῦ
2060 1709 2378 1782 Πνεύματος
2417 1707 2636 1779 γνῶσιν,
2679 1707 3085 1780 ἐϐαπτίσθημεν
3121 1707 3200 1771 εἰς
3234 1706 3472 1778 Πατέρα,

226 1809 309 1861 καὶ
336 1808 459 1860 Υἱὸν
503 1808 596 1861 καὶ
617 1806 770 1875 ἅγιον
802 1807 1057 1879 Πνεῦμαο
1091 1808 1330 1879 δηλονότι
1365 1809 1816 1880 άποκαλύψαντος
1845 1808 1941 1861 τοῦ
1967 1806 2097 1860 Υἱοῦ
2124 1806 2223 1877 τήν
2256 1807 2335 1869 εἰς
2365 1804 2426 1857 τὸ
2458 1804 2679 1876 Πνεῦμα
2716 1803 3127 1875 μυσταγωγίαν.

287 1897 337 1951 6.
367 1897 492 1960 Πῶς
526 1895 583 1949 δὲ
613 1899 674 1951 οὐ
715 1897 889 1962 θέλεις
917 1900 1333 1972 προσκυνεῖσθαι
1370 1901 1430 1955 τὸ
1473 1901 1696 1973 Πνεῦμα
1721 1902 1783 1955 τδ

1952 1899 2008 1955 6.
2035 1898 2147 1954 Cur
2185 1906 2367 1953 autem
2423 1897 2567 1951 nolis
2622 1896 2845 1951 adorari
2897 1893 3164 1966 Spiritum
3200 1901 3472 1956 sanctum,

223 1989 387 2057 ἅγιον,
442 1991 524 2054 εἰς
569 1989 599 2042 ὃ
640 1989 1008 2062 ὲὸαπτίσθης;
1060 1991 1124 2045 Τί
1151 1991 1259 2065 γὰρ
1286 1992 1393 2064 ἄρα
1428 1991 1608 2063 μεῖζόν
1644 1995 1781 2058 ἐστι,

223 2080 583 2151 προσκύνησις
609 2080 642 2152 ἢ
672 2079 988 2151 βάπτισμας
1016 2081 1141 2145 Πῶς
1170 2082 1227 2137 δὲ
1271 2084 1369 2153 οὐχ
1417 2082 1785 2155 ὁμολογούμε-

222 2170 304 2225 νόν
336 2175 506 2234 ἐστιν,
559 2173 642 2225 ὃτι
678 2173 774 2243 τῆς
815 2175 1234 2245 προσκυνήσεως
1271 2174 1331 2228 τὸ
1358 2175 1637 2246 βάπτισμα
1665 2178 1784 2247 μεῖ-

219 2262 325 2329 ζον,
357 2266 498 2345 ὅπου,
525 2281 589 2333 γε
623 2266 714 2318 καὶ
748 2265 1142 2338 κατηχούμενοι
1176 2267 1540 2338 προσκυνοῦσι
1571 2268 1789 2341 Πατέρα

220 2360 308 2413 καὶ
336 2358 481 2423 Υἰδν,
520 2360 619 2414 ούκ
656 2358 837 2430 ἔχουσι
883 2359 941 2412 δὲ
989 2359 1322 2430 τελειότητα,
1364 2359 1457 2412 ἐὰν
1488 2359 1562 2430 μὴ
1598 2360 1788 2431 βαπτι-

220 2450 411 2505 σθῶσιν
436 2454 520 2516 εἰς
551 2452 613 2506 τὸ
651 2452 822 2522 ὄνομα
847 2450 942 2505 τοῦ
975 2451 1209 2523 Πατρδς,
1247 2452 1338 2505 καὶ
1380 2451 1472 2505 τοῦ
1514 2451 1667 2517 Υίοῦ,
1697 2452 1791 2505 καὶ

219 2542 306 2596 τοῦ
333 2544 491 2613 ἁγίου
515 2543 863 2616 Πνεύματος;
890 2544 952 2597 Εἰ
978 2544 1035 2598 δὲ
1072 2544 1146 2615 μή
1177 2544 1282 2596 εἰσι
1309 2541 1502 2596 τέλειοι
1528 2544 1790 2615 Χριστια-

217 2637 293 2690 νοὶ
322 2638 371 2690 οἰ
404 2636 805 2709 κατηχούμενοι
856 2637 983 2708 πρὶν
1013 2635 1045 2707 ἢ
1087 2633 1444 2706 βαπτισθῶσι,
1476 2634 1793 2706 βαπτισθέν-

216 2741 304 2789 τες
332 2726 388 2779 δὲ
431 2726 797 2781 τελειοῦνταν
847 2726 908 2779 τὸ
957 2725 1237 2796 βάπτισμα
1283 2726 1390 2796 ἄρα
1440 2723 1622 2796 μεῖζόν
1677 2726 1794 2778 ἐστι

216 2813 310 2885 τῆς
356 2818 804 2888 προσκυνήσεως,
828 2816 856 2869 ὂ
884 2816 982 2887 τὴν
1025 2814 1339 2886 τελειότητα
1388 2815 1634 2887 παρέχει.
1684 2815 1794 2869 Kal

214 2904 365 2961 τοῦτό
398 2909 552 2961 ἐστιν
590 2927 608 2959 ι
650 2911 683 2979 ή
713 2907 905 2979 λογικὴ
935 2908 1028 2963 καὶ
1052 2907 1200 2971 ζῶσα
1222 2906 1442 2978 λατρεία
1475 2907 1651 2978 ήμῶν,
1678 2927 1695 2958 ι
1728 2908 1793 2976 ἦν

214 2994 243 3045 ὸ
269 2992 589 3059 ’Λπόστολος
620 2994 798 3063 λέγει·
839 3016 855 3047 ι
892 2996 1284 3066 Παραστήσατε
1299 2996 1368 3048 τὰ
1387 2996 1611 3066 σώματα
1642 2996 1794 3067 ὑμῶν

215 3082 398 3138 θυσίαν
423 3084 634 3151 ζῶσαν,
679 3086 861 3155 ἁγίαν,
891 3088 1181 3156 εὐάρεστον
1216 3087 1294 3158 τῷ
1331 3087 1470 3158 Θεῴ,
1509 3088 1606 3159 τήν
1645 3088 1795 3158 λογι-

213 3176 309 3247 κήν
366 3177 628 3252 λατρείαν
678 3180 852 3252 ὑμῶν.
894 3201 913 3233 ο
948 3183 1377 3255 Παρεστήσαμεν
1430 3183 1486 3236 δὲ
1536 3183 1607 3237 τὰ
1655 3182 1796 3241 αὐτὰ

1887 1993 1943 2048 in
1986 2007 2148 2063 quem
2198 1989 2511 2060 baptizatus
2567 1988 2666 2045 es?
2720 1986 2916 2043 Utrum
2956 1987 3103 2042 enim
3152 1986 3332 2056 majus
3364 1992 3474 2052 est,

1887 2082 2133 2138 adoratio
2158 2097 2227 2135 an
2255 2080 2600 2151 baptismus?
2619 2079 2817 2134 Annon
2856 2079 2913 2133 in
2947 2076 3201 2134 confesso
3231 2086 3340 2141 est,
3377 2074 3478 2129 ad-

1886 2173 2186 2229 orationem
2236 2187 2358 2227 esse
2400 2171 2676 2242 baptismo
2720 2168 3026 2240 majorem?
3068 2167 3349 2238 Siquidem
3381 2180 3477 2221 ca-

1887 2264 2199 2321 techumeni
2239 2265 2473 2320 adorant
2517 2263 2736 2319 Patrem
2790 2270 2844 2318 et
2899 2261 3119 2327 Filium,
3149 2275 3252 2315 nec
3288 2267 3473 2314 tamen

1889 2356 2115 2429 perfecti
2146 2362 2297 2421 sunt,
2328 2354 2434 2411 nisi
2481 2353 2745 2424 baptizati
2773 2352 2977 2408 fuerint
3012 2351 3066 2405 in
3116 2350 3341 2406 nomine
3367 2346 3473 2402 Pa-

1890 2450 2010 2508 tris.
2044 2455 2100 2504 et
2140 2445 2289 2511 Filii,
2316 2453 2371 2502 et
2423 2444 2660 2516 Spiritus
2690 2445 2887 2500 sancti.
2941 2442 3098 2512 Quod
3136 2444 3184 2497 si
3212 2440 3473 2497 catechu-

1891 2542 2038 2596 meni
2093 2556 2202 2597 non
2250 2546 2380 2597 sunt
2418 2538 2643 2610 perfecti
2690 2537 2990 2594 Christiani
3022 2536 3341 2607 priusquam
3373 2534 3473 2590 ba—

1892 2636 2203 2707 ptizentur,
2236 2634 2494 2705 haptizati
2545 2641 2726 2688 autem
2766 2632 3161 2702 perﬁciuntur:
3194 2631 3469 2701 baptisma

1893 2728 2080 2798 utique
2117 2727 2465 2798 prmstantius
2503 2732 2588 2780 est
2624 2723 2962 2787 adoratione,
2998 2724 3144 2794 quod
3175 2721 3468 2792 perfectio-

1893 2835 2017 2876 nem
2048 2820 2271 2874 tribuat.
2302 2818 2368 2874 Et
2399 2818 2502 2875 hoc
2523 2825 2606 2874 est
2629 2837 2648 2869 ι
2682 2817 3004 2873 rationabile
3024 2825 3075 2872 et
3097 2818 3285 2871 vivens
3310 2816 3474 2871 obse-

1894 2910 2081 2980 quium
2121 2918 2395 2970 nostrum,
2423 2929 2443 2961 »
2475 2909 2543 2965 de
2573 2925 2682 2980 quo
2726 2909 3061 2979 Apostolus:
3101 2926 3119 2958 ι
3158 2906 3473 2962 Exhibeatis

1894 3014 2127 3071 corpora
2150 3008 2330 3056 vestra
2354 3000 2587 3055 hostiam
2610 3000 2904 3065 viventem,
2930 3006 3196 3064 sanctam,
3222 2997 3332 3053 Deo
3352 3000 3471 3068 pla-

1894 3100 2132 3158 centem,
2180 3092 2504 3147 rationabile
2542 3091 2865 3162 obsequium
2898 3099 3141 3147 vestrum
3160 3090 3226 3144 ³³.
3268 3109 3288 3143 ι
3310 3090 3475 3146 Exhi-

1897 3181 2114 3236 buimus
2135 3197 2300 3252 porro
2314 3182 2637 3239 rationabile
2653 3183 2976 3254 obsequium
2991 3182 3295 3253 consepulti
3314 3182 3474 3237 Chri-

209 3266 426 3343 λογικήν
482 3272 767 3344 λατρείαν,
824 3274 1184 3344 συνταφέντες
1232 3273 1310 3345 τῷ
1355 3273 1576 3346 Χριστῷ
1612 3275 1670 3327 ὲν
1719 3274 1791 3346 τῷ

1899 3280 1985 3329 sto
2010 3273 2066 3327 in
2083 3274 2376 3344 baptismo.
2394 3274 2529 3329 Illud
2547 3291 2697 3346 ergo,
2733 3294 2753 3328 ι
2790 3274 3080 3330 Dominum
3122 3274 3290 3329 Deum
3317 3283 3472 3329 tuum

208 3358 576 3435 βαπτίσματι.
610 3364 683 3417 Τὸ
717 3365 847 3438 ἄρα,
882 3383 902 3416 ι
941 3366 1131 3437 Κυρίῳ
1163 3365 1242 3437 τῷ
1280 3364 1399 3437 Θεῷ
1431 3383 1521 3419 σου
1558 3382 1797 3437 προσκυ-

206 3456 406 3523 νήσεις,
428 3457 534 3510 καὶ
564 3456 715 3528 αὐτῷ
749 3458 894 3528 μόνῳ
920 3457 1255 3530 λατρεύσεις,
1295 3476 1312 3507 ι
1340 3457 1437 3529 τὴν
1475 3457 1568 3511 τοῦ
1603 3457 1797 3529 βαπτί-

211 3560 412 3615 σματος
465 3549 683 3617 εἰσάγει
735 3548 1099 3604 διδασκαλίαν.
1147 3549 1292 3622 Πρὸς
1349 3548 1559 3613 τούτοις
1617 3550 1794 3620 ἑαυτῷ

207 3638 513 3710 ἐπήγαγεν,
576 3640 655 3705 ὡς
708 3641 867 3713 ήμῶν
917 3642 1245 3714 εἰρηκότων⁵
1296 3641 1357 3694 Εἰ
1407 3641 1541 3712 μήτε
1589 3640 1794 3711 Κύριός

207 3732 340 3795 ἐστι,
381 3735 524 3805 μήτε
583 3732 736 3798 Θεὸς,
787 3736 922 3805 μήτε
961 3732 1364 3805 προσκυνητδς,
1425 3732 1542 3795 πῶς
1575 3749 1794 3803 συναρι-

204 3821 420 3891 θμεῖται
465 3827 536 3896 τῇ
566 3824 791 3896 Τριάδι,
834 3825 945 3883 Kal
978 3825 1100 3879 τότε
1131 3824 1192 3878 τὸ
1229 3821 1421 3877 ἑαυτοῦ
1449 3822 1656 3894 τίθησιο
1700 3824 1793 3895 Τῷ

201 3912 425 3986 ὀνόματι
490 3916 938 3988 συναριθμεῖται,
985 3917 1147 3986 φησὶ,
1195 3915 1274 3985 τῷ
1316 3914 1409 3968 τοῦ
1456 3915 1790 3987 Πνεύματος,

204 4004 277 4077 μή
308 4007 389 4078 τῷ
425 4006 526 4062 τοῦ
580 4008 817 4079 Πατρὸς,
872 4008 906 4079 ἢ
957 4006 1113 4071 Θεοῦ,
1143 4007 1176 4079 ἢ
1208 4003 1340 4060 Υίοῦ
1384 4006 1792 4078 συναριθμεῖται

197 4096 448 4169 ὀνόματι.
485 4096 684 4163 Οὕτως
713 4099 887 4165 κάλει,
931 4100 1068 4170 μήτε
1111 4097 1295 4151 πλεῖον
1325 4089 1386 4151 οὗ
1426 4095 1571 4167 ἔχει*
1608 4100 1793 4170 ἀρκεῖ-

198 4205 286 4242 ται
341 4191 449 4263 γάρ
497 4192 583 4263 τῷ
633 4192 819 4262 οἰκείῳ
871 4190 1160 4262 ἀξιώματι.
1213 4191 1331 4245 Κᾶν
1373 4209 1432 4244 τε
1473 4190 1581 4263 γὰρ
1633 4190 1792 4263 θέλῃς

198 4276 380 4333 πλεῖον
425 4273 492 4335 οὗ
538 4280 656 4352 ἔχει
701 4280 1031 4352 προσθεῖναι,
1088 4281 1182 4334 οὐκ
1234 4281 1473 4350 ἐφίεταιο
1505 4281 1565 4334 οὐ
1597 4278 1706 4351 γὰρ
1733 4279 1791 4346 ἐξ

194 4360 269 4423 ὧν
326 4371 394 4425 σὺ
440 4372 703 4437 δοξάζεις
748 4371 1224 4443 προσλαμϐάνεται
1274 4372 1349 4444 τῷ
1389 4374 1500 4445 ὅρῳ
1537 4373 1629 4427 τοῦ
1686 4372 1791 4444 πρὸ

195 4461 377 4534 πάσης
427 4463 673 4527 κτίσεως
714 4464 1060 4533 τιμήσαντος.
1108 4465 1299 4535 Ἡμεῖς
1335 4465 1392 4518 δὲ
1433 4465 1566 4537 πρὸς
1594 4466 1786 4519 αὐτόν’

192 4550 625 4625 Συναρίθμησον
669 4556 765 4608 καὶ
817 4555 1023 4619 πάντας
1068 4556 1333 4624 ἀγγέλους
1364 4556 1441 4626 τῷ
1478 4556 1653 4629 Πατρί
1695 4556 1789 4611 καὶ

193 4642 271 4712 τῷ
289 4623 717 4716 Υἰῷξάκούσας
750 4649 877 4716 παρ’
907 4647 1071 4700 αὐτοῦ
1089 4623 1178 4701 τοῦ
1209 4648 1342 4702 Θεοῦ
1365 4666 1378 4678 ·
1467 4623 1609 4716 Ἐγεο
1635 4646 1782 4702 εἶπαι
1819 4623 1863 4679 D

191 4732 314 4788 Θεοί
374 4739 542 4803 ἐστε,
611 4738 706 4791 καὶ
771 4738 876 4791 υἱοὶ
921 4737 1174 4807 Ὑψίστου
1235 4739 1453 4803 πάντες.
1503 4759 1521 4790 ι
1570 4741 1678 4794 Kal
1730 4740 1790 4793 τὸ

192 4824 419 4897 Πνεῦμα
452 4829 521 4883 τὺ
571 4829 729 4896 ᾰγιον
776 4829 869 4882 καὶ
914 4830 1115 4899 ἀγαθὸν
1149 4831 1210 4884 οὐ
1255 4830 1529 4895 καταξιοῖς
1566 4832 1667 4901 τῆς
1698 4831 1790 4885 τοῦ

188 4913 457 4987 ὀνόματος
487 4918 980 4991 συναριθμήσεως·
1023 4923 1150 4985 τοὺς
1196 4922 1254 4975 δὲ
1291 4922 1607 4993 ἀνθρώπους
1635 4924 1795 4992 ἀναγ-

190 5009 469 5081 κασθήσῃ,
516 5010 584 5075 ἐξ
623 5004 699 5064 ὧν
750 5012 1009 5077 δέδωκας,
1062 5016 1457 5086 συναριθμῆσαι
1510 5014 1589 5086 τῷ
1635 5017 1787 5087 Θεῷ,

198 5097 395 5172 Ἡμεῖς
431 5102 493 5156 δὲ
528 5103 596 5156 οὐ
632 5101 709 5172 τῷ
754 5103 974 5174 ὀνόματι
1007 5105 1444 5177 συναριθμοῦμεν
1475 5106 1643 5179 (οὐδὲν
1680 5107 1789 5178 γὰρ

185 5189 345 5247 τοῦτο
381 5193 583 5265 μέγα),
616 5194 733 5249 ἀλλ’
770 5196 908 5267 αὐτῇ
937 5200 1002 5267 τῇ
1039 5196 1215 5265 φύσει,
1246 5200 1321 5263 ὡς
1348 5197 1569 5271 ὕστερον
1584 5196 1792 5252 ἀποδείο

185 5278 370 5354 ξομεν,
406 5285 691 5358 πρότερον
720 5286 1035 5355 ὲλέγξαντες
1062 5288 1159 5349 τὴν
1191 5291 1249 5343 ὲν
1285 5290 1374 5360 τῷ·
1397 5291 1665 5362 σχεδαρίῳ
1691 5308 1786 5347 σου

187 5376 427 5440 ματαίαν
475 5376 828 5448 ἀδολεσχίαν.
867 5378 1104 5449 Ἀληθῶς
1152 5379 1230 5443 δὲ,
1266 5380 1449 5444 καθὼς
1500 5383 1594 5435 καὶ
1640 5385 1788 5439 ἄκων

180 5463 578 5539 ὡμολόγησας,
630 5468 739 5522 κᾶν
791 5470 950 5543 θέλῃς
996 5470 1144 5540 αὐτῷ
1182 5489 1234 5525 τι
1278 5473 1611 5542 προσθεῖναι,
1647 5475 1791 5544 λέγω

180 5557 246 5630 δὴ
273 5560 355 5630 τῷ
383 5560 536 5632 ἁγίῳ
562 5559 874 5630 Πνεύματι,
902 5562 1001 5616 οὐκ
1030 5562 1272 5632 ἐφίεται·
1312 5564 1415 5619 κᾶν
1436 5565 1669 5640 θελήσῃς
1698 5569 1795 5637 ὐφ-

180 5647 324 5704 εὶνῖῖν
343 5690 358 5714 ,
412 5650 661 5706 σεαυτὸν
715 5652 918 5717 ἀδικεῖς
939 5670 954 5685 °
1008 5655 1257 5724 ἀρκεῖται
1316 5655 1423 5727 γὰρ
1471 5655 1550 5729 τῷ
1604 5658 1791 5729 οἰκείῳ

261 5810 305 5843 ³³
348 5809 513 5865 Rom.
563 5823 644 5865 xu
677 5847 693 5872 ,
736 5809 779 5864 ί.
858 5809 901 5840 ³⁵
944 5808 1081 5867 Psal.
1119 5825 1319 5879 1.1m,
1354 5810 1403 5868 6.

1896 3362 2174 3430 adorabis,
2207 3372 2263 3420 et
2284 3366 2385 3443 ⁸ἰΙΙί
2414 3368 2516 3422 soli
2557 3369 2784 3430 servies,
2827 3389 2846 3420 ι
2879 3367 3135 3437 baptismi
3163 3366 3471 3421 doctrinam

1897 3455 2127 3512 inducit.
2169 3456 2249 3510 Ad
2298 3456 2414 3512 hac
2459 3466 2648 3514 nostro
2688 3459 2908 3513 nomine
2942 3459 3054 3513 sibi
3088 3458 3192 3529 ipsi
3224 3457 3470 3527 obiecit:

1898 3547 1954 3602 Si
1985 3564 2159 3619 neque
2190 3548 2453 3605 Dominus
2472 3559 2579 3613 est,
2607 3566 2784 3620 neque
2825 3549 2989 3614 Deus,
3013 3566 3191 3621 neque
3236 3550 3472 3604 adoran-

1894 3641 2032 3703 dus,
2079 3656 2185 3709 qua
2244 3642 2457 3697 ratione
2510 3641 2765 3696 Trinitati
2822 3642 3285 3697 connumeratur?
3331 3639 3469 3697 Tum

1894 3729 1999 3784 sibi
2027 3731 2238 3799 reponit
2267 3749 2280 3785 :
2309 3730 2752 3785 Connumeratur
2797 3731 3019 3786 nomine
3064 3731 3323 3800 Spiritus,
3360 3747 3470 3787 non

1893 3819 2093 3884 Patris,
2124 3836 2235 3875 non
2281 3820 2397 3886 Dei,
2448 3838 2556 3877 non
2590 3821 2736 3877 Filii.
2777 3821 2854 3877 Ita
2904 3831 2959 3879 et
3005 3834 3060 3877 tu
3104 3823 3338 3893 appella,
3368 3839 3471 3878 nee

1894 3912 2017 3981 plus
2074 3926 2234 3981 quam
2300 3911 2461 3966 habet
2517 3912 2747 3968 tribuas.
2809 3910 2918 3966 Sua
2985 3912 3077 3968 ille
3146 3909 3250 3967 sibi
3293 3912 3473 3982 digni-

1892 4012 2004 4060 tate
2031 4011 2324 4058 contentus
2366 4012 2470 4059 est.
2524 4002 2592 4058 Et
2627 4004 2879 4074 quamvis
2907 4003 3031 4073 plus
3070 4003 3307 4073 adjicere
3337 4004 3471 4058 velis

1892 4113 2053 4168 quam
2082 4097 2198 4168 ipse
2227 4096 2444 4162 habeat,
2476 4112 2583 4151 non
2634 4097 2687 4150 id
2732 4097 2822 4152 ille
2854 4094 3111 4151 admittit.
3160 4094 3278 4151 Non
3324 4097 3470 4151 enim

1891 4205 1959 4245 ex
2004 4189 2091 4253 iis,
2139 4188 2340 4259 quibus
2391 4197 2449 4243 tu
2492 4190 2786 4260 gloriﬁcas,
2831 4191 3037 4261 aliquid
3087 4190 3194 4246 sibi
3239 4191 3472 4246 assumit

1892 4289 2086 4349 prmter
2138 4280 2285 4335 illius
2329 4280 2747 4349 praescriptum,
2803 4282 2896 4351 qui
2955 4296 3018 4336 se
3060 4296 3171 4351 prae
3216 4280 3471 4335 omnibus

1891 4371 2161 4426 creaturis
2196 4370 2503 4425 honoravit.
2550 4370 2655 4425 Cui
2705 4385 2852 4427 nos:
2884 4371 3232 4426 Connumera
3282 4385 3472 4425 omnes

1892 4462 2019 4519 item
2068 4463 2293 4534 angelos
2335 4461 2487 4518 Patri
2537 4470 2703 4533 atque
2748 4461 2909 4527 Filio,
2945 4479 3068 4519 cum
3104 4462 3345 4518 audieris
3402 4464 3472 4515 ab

1893 4556 2012 4626 ipso
2055 4556 2204 4611 Deo:
2239 4572 2258 4606 ε
2292 4553 2404 4626 Ego
2451 4554 2563 4609 dixi
2605 4574 2619 4610 :
2661 4554 2745 4609 Dii
2789 4555 2964 4622 estis,
3005 4562 3059 4609 et
3111 4553 3205 4607 lilii
3259 4551 3472 4607 Excelci

1890 4662 2081 4703 omnes
2102 4648 2166 4702 ³⁵.
2201 4666 2220 4700 ι
2252 4646 2333 4701 An
2375 4646 2638 4716 Spiritqu
2675 4653 2926 4701 sanctum
2957 4656 3011 4699 et
3038 4646 3241 4699 bonum
3278 4643 3332 4698 in
3372 4658 3473 4697 no-

1891 4741 2054 4795 minis
2089 4740 2526 4794 communionem
2565 4752 2765 4792 vocare
2811 4753 2916 4791 nan
2957 4735 3230 4806 dignaris,
3266 4734 3357 4804 qui
3402 4749 3471 4789 ex

1890 4832 2172 4887 concessis
2203 4831 2453 4885 homines
2487 4829 2698 4899 cogeris
2743 4827 2853 4882 Deo
2879 4825 3320 4882 connumerare?
3358 4822 3469 4879 Nos

1892 4932 2073 4980 autem
2105 4938 2215 4977 non
2246 4921 2457 4976 nomini
2490 4935 2956 4976 connumeramus
2984 4937 2998 4973 :
3036 4918 3173 4973 nihil
3202 4917 3258 4972 id
3286 4917 3468 4987 magni

1890 5026 2056 5079 esset,
2090 5015 2186 5070 sed
2234 5016 2339 5085 ipsi
2383 5021 2616 5078 natum,
2660 5021 2720 5067 ut
2776 5013 3036 5081 deinceps
3094 5009 3466 5071 ostendemus,

1892 5113 2178 5177 postquam
2214 5105 2398 5160 [utiles
2431 5104 2704 5160 schedulae
2747 5113 2852 5158 tuae
2890 5119 3065 5171 nugas
3098 5102 3469 5156 confutaveri-

1892 5214 2032 5261 mus.
2049 5195 2187 5253 Vere
2215 5206 2275 5252 ut
2291 5198 2375 5253 vel
2399 5198 2602 5253 invitus
2621 5196 2906 5253 confessus
2924 5211 3003 5261 es,
3023 5196 3069 5251 si
3095 5195 3230 5249 velis
3264 5193 3470 5265 aliquid

1891 5290 2017 5362 ipsi,
2051 5291 2262 5346 scilicet
2297 5290 2524 5362 Spiritui
2565 5297 2790 5349 sancto.
2846 5288 3115 5357 adjicere,
3147 5286 3201 5341 id
3237 5282 3328 5340 ille
3360 5300 3471 5338 non

1894 5385 2168 5452 admittit;
2192 5385 2239 5441 si
2270 5385 2509 5446 demere,
2530 5393 2584 5439 te
2603 5382 2765 5455 477
2785 5382 2899 5450 ipse
2929 5380 3099 5436 laedis:
3132 5376 3243 5434 Sua
3270 5377 3472 5449 quippe

1895 5478 2158 5548 dignitate
2185 5482 2479 5533 contentus
2507 5482 2627 5541 est;
2650 5477 2697 5530 si
2724 5484 2909 5529 tamen
2941 5470 3220 5541 dignitatis
3250 5482 3469 5532 nomen,

1897 5585 2020 5626 cum
2071 5568 2139 5625 de
2186 5568 2394 5640 Spiritu
2444 5570 2754 5641 loquimur,
2805 5579 3071 5636 usurpare
3114 5563 3262 5619 licet.
3316 5557 3474 5626 Quod

1901 5661 2080 5731 ipsum
2114 5660 2181 5716 de
2222 5659 2382 5717 Patre
2429 5668 2485 5715 et
2536 5657 2674 5714 Filio
2713 5656 2819 5712 dici
2855 5664 3053 5727 potest.
3101 5652 3286 5721 .‘Zeque
3326 5649 3473 5705 enim
