3982 6398
515 393 649 450 1399

1635 392 1693 449 8.
1734 393 2197 451 ATHANASIUS.
2240 428 2310 439 —
2343 397 2615 456 SPURIA.

3622 408 3751 464 1330

512 511 658 567 Patri
692 518 785 566 aut
829 510 966 564 Filio
1017 508 1222 579 aliquid
1282 507 1484 563 addere
1522 515 1697 579 potes.
1735 518 1828 563 aut
1875 508 2079 579 aliquid

2195 509 2471 583 ὶξιὼματι,
2505 515 2659 586 εἰπερ
2681 514 2827 568 ἔστιν
2857 516 2947 568 ἐπὶ
2981 514 3302 588 Πνεύματος
3322 515 3540 587 ἀξίωμα
3560 516 3750 587 λέγειν.

514 604 647 672 ipsis
678 604 914 663 demere.
951 600 1053 656 etsi
1086 601 1307 655 demere
1338 601 1515 655 velis:
1552 608 1604 654 te
1647 601 1790 655 enim
1835 599 1952 670 ipse
1994 600 2084 654 lae-

511 697 619 751 dis.
647 693 837 750 Omnia
866 692 1133 762 siquidem
1180 691 1418 762 perfecta
1468 692 1522 745 in
1565 690 1727 745 Patre
1767 702 1822 746 et
1868 690 2003 746 Filio
2031 699 2084 745 et

514 785 717 856 Spiritu
750 778 964 848 sancto,
1000 783 1249 853 nihilque
1290 768 1691 853 imperfectum,
1723 794 1781 837 ut
1822 783 1951 853 quid
1990 798 2085 837 ex-

511 876 779 930 trinsecus
806 882 1156 939 assumatur;
1192 888 1256 927 ex
1289 874 1605 943 praescripto
1641 874 1787 927 enim
1832 874 1951 942 ejus
1991 874 2083 943 qui

508 962 636 1023 ante
662 982 854 1021 omnes
900 973 1183 1020 creaturas
1215 973 1299 1020 est
1329 966 1651 1029 honoratur,
1685 965 1903 1035 ut'ipse
1948 965 2084 1019 scri-

506 1060 685 1130 psisti,
739 1074 805 1113 eo
847 1059 1030 1112 animo
1079 1066 1139 1112 ut
1192 1058 1552 1128 signiﬁcares,
1592 1074 1699 1112 non
1736 1074 1858 1114 esse
1906 1058 2083 1127 ipsum

507 1149 628 1219 ejus
658 1147 919 1219 Spiritum
956 1149 1009 1202 in
1054 1148 1131 1204 rei
1175 1148 1425 1212 veritate,
1453 1148 1547 1203 sed
1576 1148 1787 1218 gratia;
1829 1147 2085 1216 quemad-

509 1241 728 1295 modum
758 1248 812 1295 et
853 1240 943 1294 alii
988 1255 1180 1295 omnes
1223 1240 1675 1295 administratorii
1719 1240 1959 1310 quidem,
1990 1241 2085 1293 sed

507 1349 618 1387 non
646 1342 862 1397 natura,
892 1333 1012 1403 ejus
1029 1333 1254 1409 spiritus
1286 1340 1436 1387 sunt.

580 1510 631 1565 7.
674 1509 806 1565 Post
834 1512 950 1565 hanc
982 1526 1200 1567 rursum
1246 1526 1348 1566 nos
1386 1527 1453 1566 ex
1485 1527 1545 1566 se
1591 1518 1898 1581 quaerentes
1932 1509 2087 1565 indu-

507 1603 584 1658 cit
610 1624 623 1657 :
656 1605 777 1659 Non
818 1614 902 1660 est
924 1620 1055 1675 ergo
1077 1605 1361 1675 aequaliter
1391 1605 1745 1660 honorandus
1773 1619 1895 1658 cum
1926 1602 2087 1658 Patre

506 1706 563 1751 et
592 1694 730 1750 Filio
747 1695 988 1766 Spiritus
1017 1697 1285 1751 sanctus?
1310 1695 1661 1765 Rursumque
1694 1695 1796 1751 sibi
1830 1695 2041 1764 reponit
2068 1712 2081 1746 :

509 1783 866 1855 Nequaquam
912 1795 1019 1840 est.
1068 1784 1255 1856 Neque
1306 1787 1451 1841 enim
1504 1787 1768 1855 scriptum
1832 1785 1935 1839 hoc
1979 1792 2081 1839 est.

508 1853 646 1930 Nam
684 1853 752 1932 de
789 1875 950 1933 Patre
991 1853 1212 1948 quidem
1245 1887 1299 1933 et
1327 1877 1469 1932 Filio
1512 1853 1778 1949 scriptum
1811 1885 1895 1933 est
1922 1897 1934 1932 ι
1963 1895 1980 1927 ι
2015 1875 2085 1930 Ut
2120 1853 2157 1906 Β

509 1968 881 2024 honorificent
910 1969 1129 2034 Filium,
1162 1971 1306 2027 sicut
1336 1971 1701 2026 honorificam
1731 1970 1945 2025 Patrem
1972 1970 2036 2021 ³⁸.
2060 1990 2080 2022 ι

511 2059 698 2130 Neque
737 2061 958 2122 dicitur,
1001 2069 1053 2114 et
1108 2061 1392 2131 Spiritum.
1431 2061 1571 2115 Tum
1623 2077 1724 2117 nos
1776 2061 1844 2115 ad
1886 2060 2081 2113 illum:

511 2148 692 2205 Beatae
726 2166 888 2205 aures
922 2167 1043 2219 qua:
1086 2167 1186 2206 vos
1225 2167 1334 2206 non
1373 2153 1615 2211 audiere.
1658 2164 1711 2207 et
1745 2152 1940 2206 anima:
1968 2166 2088 2220 quae

510 2258 542 2296 a
588 2243 785 2298 vestris
835 2244 1183 2299 sermonibus
1211 2246 1512 2300 vulnerata:
1544 2261 1653 2299 non
1701 2245 1871 2300 fuere.
1902 2243 2087 2315 Ecqua

507 2349 641 2389 vero
668 2336 903 2398 ratione,
936 2336 981 2390 si
1014 2352 1124 2390 non
1155 2338 1406 2392 eumdem
1444 2345 1605 2407 putas
1641 2337 1948 2392 habendum
1989 2336 2089 2389 ho-

510 2427 699 2483 norem
728 2428 957 2498 Spiritui
982 2437 1195 2493 sancto,
1224 2445 1386 2499 quem
1421 2429 1571 2485 Patri
1594 2439 1760 2500 atque
1780 2429 1943 2490 Filio.
1969 2430 2087 2499 pari

510 2535 637 2576 cum
662 2519 925 2592 (Spiritus
971 2524 1172 2593 sancti)
1210 2524 1440 2586 honore,
1487 2524 1542 2578 in
1580 2525 1731 2577 illum
1777 2524 2088 2593 baptizatus

508 2613 609 2668 es?
636 2612 830 2666 Annon
870 2612 968 2667 tibi
992 2611 1153 2667 Pater
1187 2622 1352 2683 atque
1377 2611 1550 2665 Filius
1583 2612 1929 2683 baptismatis
1956 2628 2091 2666 con-

512 2700 756 2759 fessione
783 2704 1040 2758 videntur
1065 2704 1363 2758 honorari?
1395 2703 1451 2758 Si
1491 2704 1665 2757 honor
1694 2719 1755 2758 ea
1794 2703 1849 2758 in
1878 2720 1938 2759 re
1967 2706 2091 2758 nul-

513 2795 621 2857 ius.
644 2810 907 2865 quorsum
935 2795 1316 2865 baptizamur?
1343 2795 1523 2860 Quare
1555 2794 1789 2864 singulis
1819 2794 1969 2849 horis
2001 2810 2092 2864 pe-

513 2885 840 2947 riclitamur.
875 2896 934 2939 ut
963 2886 1294 2954 baptismum
1343 2899 1626 2939 servemus
1659 2883 2087 2945 immaculatum,

514 2977 806 3032 adversum
834 2976 1039 3030 diaboli
1070 2975 1299 3030 insidias
1327 2973 1691 3028 dimicantes?
1718 2971 1829 3026 Cur
1862 2987 1967 3026 non
1996 2970 2090 3025 tibi

514 3067 730 3123 videtur
772 3082 1101 3137 quacunque
1140 3066 1320 3121 hostia
1365 3066 1714 3134 pnestantior
1755 3063 1846 3117 illa
1894 3078 2088 3132 corpo-

516 3174 638 3214 rum
687 3168 1006 3215 nostrorum
1057 3158 1344 3221 exltibitio,
1392 3157 1607 3211 dicente
1636 3154 1899 3226 Apostolo
1928 3174 1941 3209 :
1971 3171 1989 3205 ι
2024 3153 2092 3209 Ut

510 3253 821 3309 exhibeatis
867 3269 1099 3323 corpora
1142 3260 1322 3307 vestra
1354 3250 1588 3304 hostiam
1622 3249 1912 3313 viventem,
1960 3264 2090 3303 san—

513 3349 687 3403 rtarn.
729 3343 840 3397 Deo
894 3333 1195 3412 placentem
1213 3342 1292 3394 “‘1
1320 3360 1339 3392 ι
1378 3338 1569 3395 Omnis
1614 3355 1776 3409 porro
1816 3338 1996 3394 hostia
2039 3339 2093 3392 in

520 3435 614 3490 Dei
649 3435 911 3491 honorem
959 3435 1209 3490 offertur.
1241 3433 1394 3487 lianc
1438 3448 1568 3487 vero
1596 3431 1741 3486 Patri
1773 3439 1827 3486 et
1865 3429 2003 3485 Filio
2040 3440 2095 3486 et

519 3528 744 3599 Spiritui
790 3537 983 3585 sancto
1028 3529 1082 3582 in
1135 3528 1408 3597 baptismo
1439 3526 1603 3580 etiam
1650 3525 1949 3580 obtulimus
1995 3524 2094 3579 ho-

516 3622 705 3684 stiam,
735 3637 844 3676 non
881 3621 1102 3676 diverso
1134 3622 1275 3683 loco,
1313 3636 1423 3675 non
1456 3620 1568 3673 alio
1608 3620 1770 3675 modo
1802 3619 2096 3675 honoravi-

515 3730 641 3769 ntus
676 3713 893 3768 Patrem
921 3721 977 3769 et
1012 3712 1211 3767 Filium
1242 3722 1297 3768 et
1322 3713 1583 3783 Spiritum
1610 3721 1886 3767 sanctum.

587 3805 641 3861 8.
680 3804 913 3860 Perinde
959 3822 1090 3860 vero
1113 3820 1175 3859 ac
1201 3805 1248 3860 si
1279 3802 1473 3859 fuisset
1514 3820 1544 3857 a
1594 3804 1755 3859 nobis
1791 3805 2097 3874 interroga~

515 3908 626 3965 tus,
655 3912 715 3952 se
748 3898 864 3966 ipse
895 3896 1077 3952 denuo
1124 3896 1460 3966 interrogat:
1498 3894 1645 3962 Quid
1676 3894 1846 3963 ergo?
1875 3901 2100 3949 creatu-

518 4003 707 4044 ramne
737 3989 877 4044 dicis
906 3987 1171 4057 Spiritum
1196 3989 1491 4044 sanctum?
1520 3988 1639 4041 Erit
1671 3987 1837 4059 igitur
1866 3987 1957 4042 ille
1989 4001 2098 4041 una

515 4098 584 4136 ex
625 4081 937 4137 creaturis?
969 4080 1107 4135 Tum
1166 4082 1270 4135 sibi
1317 4081 1433 4151 ipse
1491 4078 1910 4151 respontlet:Si
1959 4079 2100 4145 scri-

520 4181 674 4245 ptum
721 4182 827 4235 est,
861 4174 1018 4236 dico;
1072 4174 1118 4229 si
1160 4190 1270 4228 non
1318 4182 1403 4229 est
1453 4175 1744 4244 scriptum,
1794 4188 1902 4227 non
1950 4173 2095 4227 dico.

522 4269 718 4321 lterum
772 4274 951 4320 autem
998 4268 1049 4321 id
1087 4268 1190 4323 sibi
1233 4268 1445 4337 objicit,
1477 4267 1637 4338 quasi
1690 4282 1719 4320 a
1761 4267 1920 4321 nobis
1966 4266 2100 4319 alla-

519 4367 638 4411 tum
674 4377 688 4412 :
720 4357 997 4427 Scriptum
1040 4367 1145 4422 est,
1186 4359 1382 4429 inquit,
1425 4379 1443 4409 ι
1478 4358 1535 4412 In
1574 4358 1695 4426 ipso
1737 4365 1923 4411 creata
1969 4362 2099 4411 sunt

519 4448 727 4501 omnia.
762 4466 780 4499 ι
832 4447 970 4501 Tum
1023 4450 1127 4503 sibi
1166 4450 1281 4519 ipse
1320 4448 1653 4519 respondet:
1688 4448 1756 4499 At
1801 4461 1908 4499 non
1948 4460 2100 4498 eom-
2132 4459 2138 4467 δ

520 4541 838 4596 tnunionem
885 4542 1046 4595 habet
1094 4558 1221 4597 cum
1262 4542 1521 4597 omnibus
1562 4538 1803 4608 Spiritus
1845 4545 2092 4598 sanctus,
2128 4535 2172 4588 D

521 4648 646 4687 cum
683 4632 756 4687 sit
792 4634 1009 4687 unicus.
1048 4632 1235 4703 Neque
1275 4633 1420 4687 enim
1457 4631 1741 4686 nominum
1766 4631 2099 4685 .communio

520 4728 962 4781 communionem
1010 4727 1169 4782 aﬂ‘ert
1209 4736 1572 4781 naturarum:
1615 4723 1859 4794 alioquin
1908 4737 2099 4777 omnes

522 4827 791 4875 creaturae
834 4818 1079 4890 ejusdem
1131 4826 1318 4875 essent
1360 4817 1667 4886 dignitatis.
1714 4816 1795 4870 Ad
1839 4816 1955 4869 haec
2000 4830 2101 4868 nos

526 4913 721 4969 iterum
752 4914 844 4970 :Si
878 4915 1130 4968 timorem
1162 4912 1255 4966 Dei
1288 4927 1385 4966 cor
1420 4921 1572 4964 tuum
1604 4910 1852 4971 haberet.
1894 4923 2102 4976 nequa-

524 5022 688 5077 quam
720 5008 1037 5077 scripsisset
1089 5004 1376 5065 malitiam,
1411 5002 1503 5057 sed
1548 5002 1764 5058 sincere
1793 4998 1926 5071 quid
1974 5014 2100 5055 sen-

524 5092 630 5154 tias
672 5099 902 5155 diceres.
952 5097 1071 5151 Non
1124 5095 1295 5152 audes
1339 5109 1505 5165 porro
1547 5094 1753 5158 dicere,
1802 5108 1911 5147 non
1957 5090 2102 5161 quod

523 5187 718 5253 Deum,
760 5190 852 5244 εοιΙ
898 5189 1043 5259 quod
1094 5189 1310 5243 turbam
1358 5199 1589 5245 metuas.
1644 5183 2101 5257 quemadmodum

527 5280 807 5341 Pharisaei.
842 5282 934 5350 qui
971 5280 1239 5349 baptisma
1259 5277 1491 5333 Joannis
1529 5278 1801 5343 undenam
1847 5284 1993 5331 esset
2021 5276 2105 5328 di—

526 5390 652 5429 cere
676 5389 784 5429 non
816 5373 1111 5428 audebant.
1138 5370 1218 5425 Tu
1252 5385 1382 5426 vero
1412 5380 1662 5425 metuens
1685 5385 1796 5423 non
1824 5369 1976 5429 siles.
2009 5368 2104 5423 sed

526 5468 733 5522 clamas
771 5467 884 5520 :ad
927 5480 1024 5520 eos
1072 5479 1237 5534 porro
1282 5462 1489 5517 clamas
1525 5462 1618 5531 qui
1666 5461 1835 5531 probe
1880 5466 2103 5524 norunt,

527 5558 662 5630 quid
714 5561 787 5615 sit
848 5578 869 5610 ι
930 5574 1200 5614 venenum
1272 5557 1524 5622 aspidum
1604 5558 1710 5613 sub
1768 5556 1929 5612 labiis
2008 5570 2106 5611 eo-

2185 600 2355 656 Τοῦτο
2377 604 2435 657 δὲ
2464 606 2558 658 καὶ
2590 606 2680 659 ἐπὶ
2715 606 2807 660 τοῦ
2839 608 3050 679 Πατρὸς
3078 609 3174 661 καὶ
3203 608 3294 661 ἐπὶ
3327 606 3421 660 τοῦ
3448 606 3602 661 Υίοῦ.
3625 607 3752 664 Οὔτε

2182 692 2290 766 γὰρ
2325 695 2635 765 προσθεῖναί
2667 714 2719 750 τι
2746 696 2878 769 δύνῃ
2902 697 2982 768 τῷ
3010 699 3186 768 Harp}.
3226 698 3320 751 καὶ
3369 697 3447 768 τῷ
3470 699 3606 770 Υίῴ,
3640 699 3752 756 οὔτε

2184 785 2398 853 ὑφελεῖν
2420 802 2494 847 τι,
2520 786 2625 840 κᾶν
2668 787 2828 859 θέλῃς
2853 788 3065 856 ὑφελεῖν
3086 805 3099 818 ·
3135 790 3359 843 σεαυτὸν
3385 789 3497 860 γὰρ
3523 790 3750 854 abusi;-

2185 876 2305 928 ἐπεὶ
2338 876 2513 930 πάντα
2542 879 2726 931 τέλεια
2756 880 2846 931 ἐπὶ
2875 880 3107 950 Πατρὺς,
3150 882 3243 933 καὶ
3271 880 3426 941 Υἱοῦ,
3463 882 3559 934 καὶ
3609 883 3753 951 ἁγίου

2185 965 2517 1037 Πνεύματος,
2554 970 2647 1022 καὶ
2677 970 2825 1023 οὐδὲν
2853 971 3059 1034 ἀτελὲς,
3107 972 3193 1025 ἵνα
3244 973 3338 1025 καὶ
3390 973 3755 1043 προσ-λάϐηται

2186 1055 2399 1121 ἔξωθεν.
2421 1059 2570 1129 ’Ὁρῳ
2597 1058 2704 1129 γὰρ
2725 1058 2819 1112 τοῦ
2854 1061 2958 1130 πρὸ
2986 1061 3168 1131 πάσης
3195 1063 3426 1125 κτίσεως
3449 1063 3751 1134 τετεμηται,

2184 1146 2260 1209 ὼς
2297 1147 2459 1210 αὐτὸς
2508 1150 2810 1220 γέγραφας,
2840 1150 2926 1204 διὰ
2976 1150 3165 1203 τούτου
3207 1154 3562 1223 παραστῆσαι
3597 1153 3753 1207 θέλων

2188 1239 2263 1310 μὴ
2290 1236 2425 1294 εἶναι
2471 1242 2600 1295 αὐτὸ
2648 1243 2813 1296 αὐτοῦ
2861 1243 3084 1313 Πνεῦμα
3122 1247 3188 1315 τῇ
3239 1244 3488 1316 ἀληθείᾳ,
3522 1245 3658 1298 ἀλλὰ
3691 1247 3752 1317 τῇ

2186 1332 2387 1404 χάριτι,
2426 1332 2672 1404 καθάπερ
2718 1336 2812 1387 καὶ
2864 1336 2933 1387 τὰ
2984 1334 3119 1390 ἄλλα
3171 1335 3351 1389 πάντα
3388 1335 3753 1408 λειτουργικὰ,

2187 1425 2279 1475 καὶ
2308 1424 2369 1475 ού
2401 1423 2562 1491 φύσει
2593 1425 2730 1477 εἰσὶν
2762 1423 2928 1478 αὐτοῦ
2952 1425 3256 1495 πνεύματα.

2256 1514 2307 1568 7.
2343 1515 2487 1583 Πρὸς
2506 1514 2712 1578 τούτοις
2746 1515 2905 1571 πάλιν
2946 1517 3122 1587 ἑαυτῷ
3163 1519 3465 1589 ἐπήγαγεν,
3502 1518 3582 1581 ὡς
3636 1518 3756 1588 παρ’

2186 1609 2343 1678 ἡμῶν
2380 1609 2527 1679 αὐτῷ
2568 1610 2884 1680 είρημένονο
2925 1612 3037 1664 Ούκ
3073 1611 3220 1663 ἔστιν
3266 1607 3360 1663 οῦν
3399 1611 3661 1681 ὁμότιμον
3688 1609 3757 1681 τῷ

2186 1700 2361 1771 Πατρὶ
2392 1702 2486 1754 καὶ
2511 1701 2588 1771 τῷ
2616 1701 2732 1771 Υἱῷ
2768 1702 2828 1754 τὸ
2861 1702 3080 1773 Πνεῦμα
3129 1702 3190 1756 τὸ
3224 1702 3413 1770 ἃγιον;
3449 1703 3562 1756 Καὶ
3605 1702 3756 1755 πάλιν

2187 1791 2362 1862 ἑαυτῷ
2382 1793 2771 1862 ἀποφαίνεται·
2796 1794 2909 1847 Οὐκ
2942 1793 3088 1847 ἐστιν
3108 1811 3121 1822 ·
3164 1795 3352 1865 ἐπειδὴ
3396 1795 3521 1847 οὐδὲ
3564 1794 3757 1864 γεγρα.

2189 1902 2337 1939 πται.
2372 1886 2507 1954 Περὶ
2536 1885 2634 1955 μὲν
2663 1885 2770 1956 γὰρ
2797 1884 2890 1938 τοῦ
2920 1887 3132 1956 Πατρός
3160 1887 3253 1940 καὶ
3283 1885 3378 1939 τοῦ
3408 1886 3542 1939 Υἰοῦ
3572 1888 3759 1956 γέγραο

2188 1992 2349 2029 πται·
2382 1996 2400 2026 t
2436 1978 2549 2029 Ἵνα
2600 1977 2799 2047 τιμῶσι
2852 1975 2943 2030 τὸν
2977 1976 3139 2037 Υἱὸν,
3183 1975 3367 2039 καθὼς
3428 1977 3632 2047 τιμῶσι
3673 1976 3756 2030 τὸν

2188 2068 2422 2139 Πατέρα.
2450 2088 2467 2118 ι
2488 2069 2577 2137 Μὴ
2600 2064 2741 2130 εἷπε,
2765 2067 2857 2121 καὶ
2886 2067 2947 2120 τὺ
2966 2067 3209 2137 Πνεῦμα.
3242 2068 3389 2139 Πρὸς
3410 2068 3588 2121 ταῦτα
3608 2069 3757 2139 ἡμεῖς

2188 2161 2323 2232 πρὸς
2343 2161 2502 2239 αὐτόν
2517 2177 2529 2190 ·
2559 2162 2818 2231 Μακάρια
2840 2160 2909 2214 τὰ
2930 2155 3042 2213 ὦτα
3063 2159 3132 2211 τὰ
3151 2158 3224 2230 μὴ
3253 2160 3566 2213 ἀκούσαντα
3592 2158 3757 2229 ὑμῶν,

2188 2254 2279 2306 καὶ
2305 2252 2474 2323 ψυχαὶ
2495 2254 2551 2307 αἱ
2574 2252 2931 2323 φυλαχθεῖσαι
2952 2254 3182 2323 ἄτρωτοι
3212 2252 3323 2305 ἀπο
3348 2252 3461 2305 τῶν
3488 2252 3758 2323 ὑμετέρων

2188 2345 2376 2414 λόγων.
2416 2346 2521 2399 Καὶ
2552 2346 2702 2410 πῶς,
2732 2346 2791 2398 οὐ
2840 2344 3187 2414 λογιζόμενος
3220 2344 3484 2414 ὁμότιμον
3521 2340 3662 2396 εἶναι
3704 2342 3759 2396 τὸ

2189 2438 2411 2507 Πνεῦμα
2442 2438 2518 2508 τῷ
2546 2438 2720 2508 Πατρὶ
2752 2438 2846 2491 καὶ
2880 2437 2958 2508 τῷ
3012 2436 3145 2506 Υἱῷ,
3199 2437 3479 2508 ὀμοτίμως
3525 2439 3609 2499 εἰς
3638 2434 3760 2489 αύτδ

2193 2531 2460 2604 βαπτίζῃς
2506 2532 2576 2584 Ἢ
2612 2531 2672 2584 ού
2710 2530 2857 2584 δοκεῖ
2886 2548 2966 2584 σοι
2998 2529 3260 2601 τιμᾶσθαι
3296 2530 3391 2583 τὸν
3420 2529 3646 2601 Πατέρα
3676 2527 3761 2583 xa‘t

2188 2623 2280 2678 τὸν
2306 2623 2432 2677 Υίὺν
2469 2627 2532 2695 τῇ
2576 2623 2669 2677 τοῦ
2711 2624 3082 2694 βαπτίσματος
3126 2621 3426 2693 ὁμολογία;
3455 2622 3569 2674 Καὶ
3603 2622 3652 2673 εί
3694 2620 3761 2691 μὴ

2190 2716 2345 2771 τοῦτό
2378 2719 2523 2770 ἑστιν
2573 2718 2604 2787 ἡ
2665 2715 2819 2787 τιμὴ,
2876 2714 2928 2768 τί
2977 2715 3071 2768 καὶ
3120 2713 3533 2785 βαπτιζόμεθας
3569 2713 3637 2765 τί
3679 2713 3765 2765 καὶ

2192 2807 2570 2879 κινδυνεύομεν
2612 2810 2790 2861 πᾶσαν
2817 2806 2965 2879 ὥραν
2992 2809 3084 2862 ἐπὶ
3112 2808 3190 2878 τῷ
3221 2807 3455 2876 φυλάξαι
3483 2806 3546 2861 τδ
3591 2808 3766 2878 βάπτι-

2194 2917 2304 2972 σμα
2335 2900 2591 2965 ἄσπιλον,
2620 2898 3007 2970 ἀγωνιζόμενοι
3044 2899 3182 2970 πρὸς
3221 2899 3325 2963 τὰς
3380 2899 3640 2971 μεθόδους
3679 2896 3761 2951 τοῦ

2191 2992 2467 3056 διαϐόλου;
2499 2991 2622 3055 Πῶς
2650 2992 2704 3045 δὲ
2734 2993 2795 3046 ού
2818 2993 2966 3046 δοκεῖ
2988 3010 3071 3045 σοι
3095 2992 3276 3062 πάσης
3300 2991 3496 3055 θυσίας
3525 2990 3765 3058 ἁνωτέρα

2194 3078 2388 3154 εἶναιῆ
2424 3085 2532 3137 τῶν
2560 3084 2826 3154 σωμάτων
2868 3084 3024 3154 ἡμῶν
3063 3084 3441 3155 παράστασις,
3478 3082 3573 3136 τοῦ
3619 3082 3768 3134 Ἀπο-

2119 3189 2160 3246 C
2196 3177 2379 3230 στόλου
2420 3176 2684 3245 λέγοντοςν
2725 3195 2743 3226 ‹
2795 3178 2981 3239 Ὅπως
3014 3177 3403 3247 παραστὴσητε
3436 3174 3506 3228 τὰ
3550 3173 3767 3244 σώματα

2197 3270 2349 3340 ὑμῶν
2385 3269 2574 3321 θυσίαν
2629 3268 2841 3334 ζῶσαν,
2872 3268 3060 3336 ἁγίαν.
3116 3268 3410 3338 εὐάρεστον
3456 3265 3535 3335 τῷ
3567 3264 3716 3335 Θεῷε
3742 3281 3761 3315 ι

2195 3357 2349 3413 Πᾶσα
2376 3359 2432 3412 δὲ
2480 3358 2636 3413 θυσία
2690 3362 2770 3421 είς
2813 3360 2977 3430 τιμὴν
3021 3357 3156 3412 Θεοῦ
3181 3358 3415 3427 γίνεται.
3454 3356 3671 3425 Ταύτην
3713 3352 3781 3406 δὲ’

2195 3449 2388 3524 Πατρὶ,
2422 3451 2515 3504 καὶ
2544 3450 2657 3520 Υἱῷ
2680 3491 2694 3513 ,
2728 3452 2822 3505 καὶ
2864 3450 3005 3521 ἁγίῳ
3031 3449 3308 3520 Πνεύματι
3351 3449 3765 3519 προσηγάγομεν

2195 3541 2296 3593 κάν
2324 3540 2402 3609 τῷ
2452 3539 2802 3609 βαπτίσματι,
2839 3539 2938 3592 οὐκ
2988 3539 3045 3590 ὲν
3080 3537 3324 3608 διαφόρῳ
3351 3538 3528 3605 τόπῳ,
3570 3535 3689 3590 οὐδὲ
3714 3533 3767 3586 ὲν

2195 3631 2339 3702 ἄλλῳ
2371 3631 2557 3704 τρόπῳ
2587 3632 2916 3702 τιμήσαντες
2936 3629 3175 3702 Πατέρα,
3194 3630 3291 3684 καὶ⁵
3320 3629 3475 3693 Υἰὸν,
3505 3628 3601 3682 καὶ
3628 3628 3768 3697 ἅγιον

2200 3723 2440 3795 Πνεῦμα.
3700 3731 3703 3733 “

2265 3815 2317 3871 8.
2352 3816 2459 3870 Kal.
2492 3815 2570 3869 ἔτι
2605 3815 2798 3870 ἑαυτὸν
2820 3816 3017 3887 ἐρωτᾷ,
3052 3814 3128 3879 ὡς
3159 3815 3290 3883 παρ’
3313 3812 3475 3884 ἡμῶν
3496 3807 3771 3883 ἐπερωτὼ-

2201 3925 2393 3979 μενοςο
2428 3909 2493 3961 Τί
2518 3906 2651 3974 οῦνς
2687 3908 2866 3977 λέγεις
2895 3907 2955 3960 τὸ
3000 3907 3224 3977 Πνεῦμα
3273 3907 3525 3976 κτίσμα;
3573 3899 3770 3957 Οὐκοῦν

2198 3995 2349 4049 ἔσται
2386 3996 2492 4050 τῶν
2522 3996 2833 4067 κτισμάτων
2874 3997 2951 4048 ἓν.
2986 3992 3121 4050 Εἶτα
3147 3996 3307 4059 αὐτὸς
3334 3994 3552 4064 ἑαυτῷ’
3600 3995 3660 4047 ΕΞ
3686 3990 3771 4059 γέ·

2197 4104 2478 4159 γραπται,
2512 4087 2652 4155 λέγω
2676 4105 2688 4118 ·
2740 4090 2787 4140 εί
2821 4086 2876 4140 δὲ
2909 4087 2968 4139 ού
3008 4087 3339 4157 γέγραπται,
3371 4087 3435 4139 οὐ
3464 4085 3627 4154 λέγω.
3671 4080 3771 4136 Καὶ

2200 4182 2359 4235 πάλιν
2384 4179 2561 4251 ἑαυτῷ
2590 4180 2972 4252 ἀνθυποφέρει,
3007 4180 3084 4241 ὡς
3115 4182 3247 4251 παρ’
3286 4179 3447 4250 ἡμῶν
3494 4174 3771 4246 ὲπενεχθὲν

2200 4275 2369 4345 αύτῷ,
2396 4275 2488 4327 καί
2510 4291 2642 4345 φησι
2662 4287 2677 4301 °
2709 4273 3045 4344 Γέγραπται,
3083 4272 3165 4324 ὅτι
3194 4291 3212 4321 t
3264 4272 3352 4323 'Ev
3386 4270 3539 4341 αύτῷ
3560 4266 3770 4337 ἐκτίσθη

2199 4369 2267 4421 τὰ
2300 4368 2495 4423 πάντα.
2540 4387 2558 4418 ι
2593 4367 2702 4419 Καὶ
2726 4366 2887 4429 αὐτὸς
2916 4364 3092 4434 ἑαυτῷ
3113 4382 3126 4395 ⁸
3153 4364 3292 4417 Ἀλλ’
3308 4364 3372 4416 οὐ
3401 4364 3773 4417 κοινοποιείται

2200 4460 2311 4521 τοῖς
2361 4459 2494 4510 πᾶσι
2525 4454 2805 4525 μοναδικδν
2836 4454 2894 4510 ὃν
2921 4454 2982 4509 τὸ
3012 4456 3167 4523 ἆγιον
3216 4454 3463 4524 Πνεῦμα.
3498 4454 3573 4506 Ού
3609 4451 3714 4522 γὰρ
3743 4451 3774 4518 ἡ

2202 4551 2448 4621 κοινότης
2475 4549 2581 4602 τῶν
2620 4549 2816 4615 λέξεων
2851 4550 3235 4602 κοινοποιείται
3262 4546 3365 4609 τὰς
3401 4545 3597 4614 φύσεις
3617 4562 3629 4573 ’
3663 4540 3776 4594 ἐπεὶ

2202 4645 2309 4713 ἄρα
2350 4641 2607 4713 ὁμοτιμία
2655 4644 2711 4693 ὲν
2755 4643 2867 4703 τοῖς
2923 4639 3236 4710 κτίσμασιν.
3291 4639 3486 4708 Ἡμεῖς
3537 4636 3594 4689 δὲ
3627 4632 3775 4686 πάλιν

2204 4735 2339 4807 πρὸς
2363 4734 2569 4787 ταῦτα’
2607 4733 2668 4785 Ei
2697 4731 2861 4800 φόϐον
2899 4729 3035 4782 Θεοῦ
3087 4725 3230 4800 εἶχεν
3263 4731 3296 4798 ἡ
3330 4727 3529 4797 καρδία
3570 4741 3693 4783 σου,
3716 4721 3772 4774 οὐ

2202 4828 2446 4897 γέγραφε
2469 4822 2752 4895 πονηρίαν,
2778 4821 2891 4876 ἀλλ’
2915 4820 2972 4887 ἐξ
2995 4820 3209 4882 εὐθείας
3231 4820 3437 4881 ἔλεγες,
3462 4817 3492 4871 ὃ
3516 4815 3767 4889 ἐφρόνεις.

2202 4918 2343 4987 Φοϐῇ
2374 4917 2429 4970 δὲ
2466 4917 2674 4976 εἰπεῖν,
2714 4915 2773 4967 οὐ
2812 4912 2904 4965 τὸν
2931 4911 3063 4966 Θεὸν
3105 4910 3467 4982 φοϐούμενος,
3513 4908 3647 4961 ἀλλὰ
3686 4904 3770 4957 τὸν

2204 5010 2380 5079 ὄχλον,
2414 5009 2489 5072 ὼς
2512 5010 2559 5060 οἱ
2582 5008 2861 5077 Φαρισαῖοι
2911 5005 2972 5057 τὸ
3002 5004 3284 5074 βάπτισμα
3326 5002 3580 5055 Ἰωάννου
3614 4996 3768 5069 φοϐη-

2206 5098 2390 5162 θέντες
2410 5100 2603 5160 είπεῖν,
2636 5096 2797 5149 πόθεν
2826 5091 2912 5164 ἦν.
2950 5094 3060 5146 Καὶ
3091 5093 3424 5163 φοϐούμενος
3460 5091 3522 5144 οὐ
3557 5089 3768 5157 σιωπᾷς.

2206 5191 2341 5245 ἀλλὰ
2379 5189 2532 5262 βοᾷς·
2571 5188 2699 5260 βοᾷς
2735 5189 2792 5241 δὲ
2819 5190 2931 5250 τοῖς
2955 5186 3141 5248 εἰδόσι,
3176 5185 3228 5238 τί
3247 5186 3417 5244 ἐστιν,
3454 5202 3474 5235 ι
3516 5182 3593 5245 ἰὸς
3623 5177 3771 5233 ἀσπί-

2206 5285 2312 5337 δων
2356 5282 2460 5335 ὑπὸ
2484 5281 2552 5334 τὰ
2576 5277 2728 5351 χείλη
2777 5277 2976 5332 αὐτῶν.
3022 5296 3039 5326 ι
3070 5276 3180 5328 Καὶ
3212 5274 3322 5346 γὰρ
3346 5273 3707 5341 διελογίσαντο
3728 5267 3775 5320 οἱ

2206 5376 2484 5445 Φαρισαῖοι
2508 5391 2520 5403 ·
2554 5393 2571 5422 ι
2617 5371 2740 5424 Ἐὰν
2768 5370 3032 5440 εἴπωμεν,
3050 5367 3141 5432 Ἐξ
3159 5364 3411 5439 ούρανοῦ,
3442 5360 3578 5435 ἐρεῖ·
3602 5360 3696 5415 Διὰ
3726 5355 3775 5410 τί

2208 5462 2301 5520 οῦν
2327 5464 2426 5518 οὐκ
2446 5462 2796 5517 ἐπιστεύσατε
2820 5459 2995 5529 αύτῷς
3023 5461 3117 5513 καὶ
3153 5459 3248 5511 ἐὰν
3289 5457 3554 5524 εἴπωμεν,
3583 5452 3669 5519 Ἐξ
3692 5451 3775 5502 ἀν-

2210 5556 2465 5630 θρώπων,
2489 5553 2798 5625 φοϐούμεθα
2818 5552 2910 5606 τὸν
2937 5550 3115 5622 ὄχλον.
3150 5571 3167 5602 ι
3190 5547 3361 5603 Τοῦτο
3380 5549 3477 5601 καὶ
3502 5543 3658 5606 αὐτὸς
3677 5542 3774 5593 δια·

531 5666 652 5709 rum
673 5649 740 5706 ⁸⁷.
773 5671 793 5705 ρ
833 5650 1091 5707 Pharisaei
1119 5658 1299 5705 autem
1331 5651 1415 5704 sic
1443 5649 1586 5720 apud
1621 5664 1681 5707 se
1702 5649 2094 5709 ratiocinabar»

2210 5646 2433 5723 λογίζῃ·
2480 5647 2604 5705 Ἐ’ὰν
2647 5645 2925 5718 εἴπωμεν,
2971 5644 3085 5697 Οὐκ
3135 5643 3252 5696 ἔστι
3293 5641 3529 5713 κτίσμα,
3566 5634 3768 5723 ἐροῦσι·

606 5805 649 5853 ξ’
685 5801 823 5877 {oga
881 5818 930 5869 γ,
964 5801 1054 5869 23.
1131 5798 1348 5853 “Rom.
1386 5817 1481 5864 xn,
1509 5801 1554 5854 Ι.
1634 5801 1679 5832 ⁸⁷
1716 5799 1870 5856 Psal.
1906 5802 2102 5869 xnt,5.
