3982 6398
190 5790 201 5799 υ
281 5756 508 5821 unt.

276 371 405 426 ιδοι

1327 366 1608 424 CONTRA
1647 355 2013 425 MACEDON.-
2036 366 2384 427 DIALOGUS
2420 370 2464 427 ι.

3399 378 3536 434 1302

270 488 369 543 Διά
387 488 441 542 τί
469 484 564 542 οὖν
590 488 651 541 ού
682 488 1005 558 προσκυνεῖς
1033 484 1218 556 αὐτῷς
1268 486 1389 541 Ἐἀν
1415 487 1577 552 ἐῐπω,
1604 487 1843 559 Κτίσμα,

1965 501 2042 541 Lur
2078 507 2091 542 :
2141 507 2159 540 ι
2190 485 2249 543 Si
2288 488 2612 553 dixerimus,
2646 488 2690 544 E
2734 491 2899 556 cmlo,
2926 492 3070 548 dicet
3120 493 3323 553 nobis:
3355 495 3538 561 Quare

270 582 543 654 φοϐοῦμαι
573 584 667 637 καὶ
706 584 795 636 τὸν
827 582 1002 654 ὄχλον.
1064 583 1121 637 Ὀ
1159 584 1268 655 γὰρ
1303 583 1430 650 λαὸς
1463 586 1607 651 ἄπας
1636 584 1845 639 λιθοϐο-

268 677 423 749 λησει
450 678 618 748 ἡμᾶς,
645 674 1052 746 ἀποταξάμενος
1079 679 1154 747 τῇ,
1176 676 1372 740 κτίσει,
1402 677 1498 731 καὶ
1518 676 1847 747 συνταξάμε-

271 784 359 830 νος
404 767 602 838 Πατρὶ,
630 767 724 820 καὶ
779 764 912 835 Υἱῴ.
961 766 1054 819 καὶ
1100 767 1242 837 ἁγίῳ
1298 767 1598 838 Πνεύματι.
1644 767 1709 821 Τί
1754 763 1845 821 οὖν

271 862 479 926 ποιεῖς;
514 860 729 931 Κτίσμα
761 859 934 926 λέγων
960 859 1222 931 κρύπτεις
1261 859 1349 911 τὸν
1375 859 1556 924 δόλον,
1587 861 1683 913 καὶ
1715 860 1847 913 αὐτὸ

270 950 701 1014 κατασκευάζεις
729 950 963 1021 εἰρηκώς
986 967 998 979 ·
1044 951 1181 1003 Ἀλλ’
1226 950 1287 1003 ού
1328 953 1704 1003 κοινοποιεῖται
1736 955 1847 1014 τοῖς

272 1044 427 1107 πᾶσι,
468 1042 751 1112 μοναδικδν
780 1041 860 1105 ὃν,
894 1042 955 1095 τὸ
980 1043 1133 1111 ἆγιον
1176 1040 1418 1113 Πνεῦμα.
1445 1042 1518 1095 Οὐ
1550 1042 1658 1114 γάρ
1681 1043 1713 1111 ἡ
1737 1060 1848 1097 κοι-

270 1135 434 1204 νότης
480 1133 586 1186 τῶν
635 1133 829 1197 λέξεων
874 1136 1259 1187 κοινοποιεῖται
1293 1134 1392 1197 τὰς
1432 1134 1639 1202 φύσεις.
1698 1134 1848 1187 Ἐπεὶ

272 1227 380 1298 ἄρα
402 1226 557 1279 ἔσται
584 1225 844 1297 ὁμοτιμία
865 1227 921 1283 ἐν
944 1228 1054 1289 τοῖς
1079 1226 1373 1295 κτίσμασιν
1390 1242 1403 1255 ο
1420 1226 1447 1277 ὃ
1474 1227 1607 1277 ἐστι·
1630 1226 1848 1296 Κτίσμα

277 1317 373 1388 μέν
405 1319 574 1380 ἐστιν,
606 1319 705 1371 οὐκ
741 1318 934 1371 ἔστιδὲ
967 1318 1225 1389 ὁμότιμον
1250 1320 1362 1379 τοῖς
1408 1318 1721 1388 κτίσμασιν.
1762 1319 1849 1382 Ὠς

273 1409 321 1462 εί
355 1407 509 1476 ἐλεγέ
530 1425 614 1470 τις
637 1425 649 1437 ·
692 1408 748 1460 '0
789 1407 939 1476 ἥλιος
977 1407 1259 1478 μοναδικόν
1297 1409 1442 1461 ἐστιν
1486 1410 1713 1479 ἄστρον,
1756 1410 1850 1463 καὶ

273 1501 372 1553 οὐκ
402 1500 547 1553 ἐστιν
586 1500 848 1571 ὁμότιμον
875 1503 986 1564 τοῖς
1014 1501 1268 1571 ἀστράσι.
1320 1500 1434 1553 Πᾶν
1471 1501 1665 1570 ἄστρον
1701 1500 1849 1554 ἐστὶν

272 1592 637 1663 ἡμεροφανὲς,
668 1592 767 1645 κᾶν
784 1593 858 1663 μὴ
878 1592 1250 1662 κοινοποιῆται
1270 1594 1380 1655 τοῖς
1408 1591 1586 1657 ἄλλοις
1608 1593 1846 1663 ἄστροις.

274 1684 384 1736 Καὶ
410 1683 464 1734 τί
496 1686 645 1737 ἐστιν
671 1683 1025 1756 ἀσεϐέστερον
1055 1685 1145 1737 τοῦ
1169 1686 1345 1738 εἰπεῖν
1367 1685 1573 1756 κτίσμα
1595 1685 1656 1739 τὸ
1681 1684 1850 1740 Πνεῦ-

279 1792 355 1841 μα
393 1774 455 1827 τὸ
505 1775 696 1844 ἅγιον,
736 1775 984 1845 λέγοντος
1028 1774 1122 1829 τοῦ
1160 1775 1319 1840 Υἱοῦ,
1364 1777 1445 1830 ὅτι
1507 1796 1526 1829 ι
1570 1778 1684 1832 Οὐκ
1726 1778 1849 1831 tua

1953 596 2082 651 ergo
2123 595 2234 635 non
2270 581 2587 637 credidistis
2619 583 2739 637 illi?
2774 581 2831 637 Si
2884 593 3064 640 autem
3099 584 3423 653 dixerimus,
3456 588 3533 644 Ex

1955 671 2303 726 hominibus:
2334 672 2591 728 timemus
2616 674 2834 729 turbam
2856 675 2924 729 ³⁸.
2952 695 2971 728 ι
3006 676 3081 731 lla
3097 693 3228 733 vero
3253 686 3369 734 tute
3390 679 3533 749 apud

1956 772 2008 816 te
2033 764 2380 819 ratiocinaris
2407 784 2420 817 :
2453 764 2509 819 Si
2537 765 2859 830 dixerimus,
2885 766 3002 822 No‘n
3026 780 3109 824 est
3145 778 3416 835 creatura,
3448 771 3534 824 dio

1955 853 2324 918 cent:Quare
2371 870 2501 926 ergo
2543 872 2651 910 non
2695 859 2896 915 adoras
2947 860 3143 914 illum?
3182 860 3277 916 Sin
3321 864 3532 927 dixero,

1957 944 2220 1001 Creatura
2249 957 2366 1011 est,
2386 950 2552 1004 timeo
2580 959 2636 1004 et
2665 965 2766 1021 ego
2800 951 3039 1008 turbam.
3078 951 3269 1010 Omnis
3298 971 3534 1026 namque

1958 1041 2192 1108 populus
2245 1040 2507 1109 lapidabit
2558 1057 2682 1107 nos,
2725 1045 2817 1112 qui
2861 1052 3126 1101 creaturae
3177 1050 3531 1116 renuntiavit,

1958 1131 2301 1200 adhaeretque
2322 1129 2492 1196 Patri,
2511 1129 2650 1188 Filio
2672 1146 2726 1189 et
2755 1133 2980 1204 Spiritui
3001 1146 3210 1194 sancto.
3236 1138 3376 1207 Quid
3401 1157 3533 1210 ergo

1958 1219 2133 1277 facis?
2173 1221 2493 1277 Creaturam
2537 1239 2661 1279 cum
2712 1226 2873 1289 dicis,
2925 1230 3108 1284 dolum
3154 1235 3420 1295 occultas,
3467 1233 3532 1286 il-

1958 1312 2160 1382 ludque
2186 1329 2419 1384 apparas
2453 1330 2578 1370 cum
2618 1316 2757 1372 dicis
2785 1337 2799 1373 :
2825 1319 2893 1372 At
2936 1337 3043 1375 non
3090 1326 3531 1379 communionem

1957 1401 2119 1459 habet
2144 1416 2270 1455 cum
2301 1404 2559 1458 omnibus
2599 1404 2837 1475 Spiritus
2866 1417 3113 1474 sanctus,
3154 1426 3276 1466 cum
3306 1414 3376 1468 sit
3406 1413 3533 1466 uni-

1958 1510 2079 1548 cus.
2107 1492 2295 1563 Neque
2335 1495 2482 1549 enim
2510 1498 2793 1552 nominum
2833 1502 3148 1556 communio
3199 1506 3532 1558 communio-

1957 1599 2081 1639 nem
2127 1583 2285 1639 atl‘ert
2328 1593 2668 1643 naturarum.
2712 1589 2865 1646 Alias
2902 1592 3103 1662 quippe
3138 1609 3329 1650 omnes
3372 1611 3530 1652 crea-

1958 1682 2094 1730 tura:
2132 1677 2411 1743 dignitatis
2458 1678 2705 1747 ejusdem
2754 1691 2942 1737 essent
2974 1703 2986 1739 :
3013 1685 3116 1740 hoc
3145 1694 3250 1751 est,
3280 1698 3533 1742 creatura

1956 1767 2174 1837 quidem
2198 1777 2317 1835 est,
2350 1786 2460 1824 non
2505 1778 2687 1826 autem
2717 1776 2944 1843 aequalis
2976 1786 3243 1833 creatura:
3272 1789 3398 1834 sunt
3433 1780 3531 1833 ho-

276 1865 436 1935 ὑμεῖς
459 1865 507 1917 οἱ
533 1863 840 1929 λαλοῦντες,
886 1865 1022 1919 ἀλλὰ
1045 1865 1104 1919 τὸ
1145 1866 1370 1938 Πνεῦμα
1419 1866 1512 1922 τοῦ
1548 1870 1759 1939 Πατρδς
1795 1869 1856 1923 τὸ

1965 1862 2130 1918 noris.
2177 1864 2253 1915 Ac
2318 1864 2364 1918 si
2421 1863 2626 1918 diceret
2689 1866 2935 1937 aliquis:
2969 1866 3063 1923 Sol
3120 1872 3395 1941 singulare
3448 1882 3532 1928 est

274 1954 473 2009 λαλοῦν
521 1958 578 2009 ὲν
634 1957 782 2026 ὑμῖν.
822 1976 840 2008 ι
880 1955 1052 2009 Αὑτοῦ
1098 1956 1349 2026 λέγοντος
1386 1957 1446 2012 τὸ
1494 1958 1718 2031 Πνεῦμα
1754 1958 1849 2017 τοῦ

277 2047 494 2119 Πατρός
522 2043 683 2110 εἶναι,
729 2046 793 2102 σὺ
846 2048 957 2111 πῶς
993 2048 1197 2118 κτίσμα
1226 2048 1354 2102 αὐτὸ
1378 2049 1588 2117 λέγεις;
1624 2051 1748 2115 Πῶς
1796 2051 1852 2106 δὲ

276 2139 380 2191 οὐκ
408 2138 628 2202 ἀκούεις
666 2138 760 2193 τοῦ
791 2139 1002 2211 Πατρὸς
1040 2139 1316 2207 λέγοντος*
1359 2160 1377 2192 ι
1414 2142 1505 2197 Ἐν
1537 2145 1656 2206 ταῖς
1695 2144 1855 2214 ἐσχά-

277 2249 399 2295 ταις
429 2231 664 2303 ἡμέραις
690 2230 863 2301 ὲκχεῶ
894 2231 1002 2287 ἀπὸ
1036 2232 1125 2286 τοῦ
1154 2232 1469 2304 Πνεύματός
1502 2252 1601 2305 μου
1631 2235 1723 2288 ἐπὶ
1751 2237 1856 2292 πᾶ-

281 2339 383 2376 σαν
421 2322 628 2394 σάρκα·
665 2342 684 2375 ι
713 2310 808 2375 καὶ
833 2321 914 2375 ἔτι
932 2339 946 2353 ·
984 2340 1002 2373 ι
1028 2321 1158 2376 Ἰδοὺ
1188 2324 1217 2376 6
1238 2324 1374 2388 Παῖς
1399 2342 1500 2395 μου
1520 2328 1549 2378 6
1580 2324 1852 2389 ἐκλεκτὸς,

279 2415 363 2476 είς
394 2411 455 2465 ὃν
494 2412 786 2483 εὐδόκησεν
814 2415 846 2484 ἡ
876 2412 1020 2483 ψυχή
1050 2430 1149 2483 μου
1172 2430 1185 2443 ⁸
1212 2412 1362 2485 θήσω
1394 2414 1455 2468 τὸ
1485 2414 1710 2486 Πνεῦμά
1752 2432 1853 2484 μου

279 2502 368 2555 ἐπ’
423 2502 620 2568 αύτόν;
660 2524 677 2554 ι
715 2503 825 2556 Καὶ
882 2503 1019 2575 πρὸς
1068 2503 1275 2568 τούτοις
1332 2506 1362 2557 6
1411 2504 1617 2576 Πέτρος
1670 2505 1850 2574 λέγει’

287 2612 308 2646 ι
330 2592 522 2663 Ὑμεῖς
550 2592 842 2647 ἐπίστασθε
868 2592 930 2646 τὸ
962 2593 1252 2665 γενόμενον
1281 2595 1429 2667 ῥῆμα
1457 2596 1576 2650 καθ’
1605 2596 1732 2667 ὅλης
1757 2597 1855 2667 τῆς

294 2684 593 2748 Ἰουδαίας·
630 2683 933 2757 ἀρξάμενον
986 2683 1095 2756 γάρ
1138 2684 1245 2738 ἀπὸ
1288 2685 1576 2750 Γαλιλαίας
1619 2687 1756 2757 μετά
1795 2688 1856 2740 τὸ

280 2777 587 2849 βάπτισμα,
614 2776 642 2830 ὃ
677 2777 937 2847 ἐκήρυξεν
963 2778 1234 2848 Ἰωάννης,
1269 2777 1473 2849 Ἰησοῦν
1501 2777 1591 2831 τὸν
1618 2778 1723 2832 ἀπὸ
1745 2779 1858 2831 Να-

279 2868 448 2941 ζαρὲτ
470 2912 485 2934 ,
522 2870 596 2933 ὡς
628 2868 841 2941 ἔχρισεν
874 2870 1033 2923 αὑτὸν
1057 2871 1086 2923 6
1114 2868 1244 2933 Θεὸς
1282 2870 1560 2940 Πνεύματι
1601 2870 1740 2940 ἁγίῳ
1762 2871 1858 2925 καὶ

278 2962 531 3032 δυνάμει.
568 2981 586 3013 ι
612 2957 758 3034 τΑρ.πι
784 2960 860 3033 τῷ
885 2960 1077 3015 ἑαυτοῦ
1106 2961 1363 3031 κτίσματι
1390 2963 1604 3033 χρίεται
1634 2963 1663 3015 6
1691 2962 1855 3029 Υἱόςς

276 3055 395 3107 Καὶ
425 3054 541 3117 πῶς
578 3054 680 3107 οὐκ
711 3052 935 3124 ἀνόητον
968 3054 1139 3105 εἰπεῖν
1175 3051 1365 3115 τοῦτο;
1395 3052 1503 3103 Καὶ
1542 3051 1703 3117 αὐτὸς
1735 3052 1791 3105 δὲ
1828 3052 1858 3106 6

279 3144 414 3210 Υἱὸς
443 3144 616 3213 λέγει·
637 3165 655 3197 ι
681 3143 904 3217 Πνεῦμα
917 3142 1119 3215 Κυρίου
1149 3142 1234 3195 ἐπ’
1265 3144 1384 3213 ἐμὲ,
1410 3136 1470 3195 οῦ
1502 3143 1685 3199 ἕνεκεν
1710 3143 1858 3215 ἔχρι-

1957 1960 2191 2018 astrum,
2224 1970 2326 2008 nec
2356 1969 2541 2024 parem
2572 1971 2695 2012 cum
2727 1974 2793 2012 eo
2826 1958 3141 2029 dignitatem
3170 1962 3373 2018 habent
3413 1964 3534 2019 alia:

1958 2046 2149 2101 stellae.
2184 2045 2355 2101 Omne
2387 2046 2541 2102 sidus
2584 2049 2641 2103 in
2674 2049 2763 2105 die
2787 2051 2952 2119 lucet,
2998 2055 3213 2109 etiamsi
3242 2070 3533 2113 commune

1959 2136 2097 2191 nihil
2124 2137 2321 2193 habeat
2353 2153 2479 2195 cum
2523 2140 2738 2195 caeteris
2777 2143 2964 2197 astris.
3010 2142 3193 2212 Ecqua
3226 2145 3400 2215 major
3429 2147 3534 2201 im-

1960 2227 2134 2297 pietas
2171 2245 2333 2299 quam
2364 2239 2672 2285 creaturam
2702 2232 2888 2288 dicere
2916 2233 3084 2306 478
3104 2233 3371 2306 Spiritum
3404 2251 3532 2290 san-

1960 2330 2129 2383 ctum,
2175 2337 2299 2375 cum
2329 2322 2475 2376 dicat
2503 2321 2676 2378 Filius
2702 2342 2717 2378 :
2748 2342 2766 2374 ι
2797 2324 2917 2393 Non
2959 2328 3105 2381 enim
3136 2343 3235 2382 vos
3270 2331 3404 2384 estis
3436 2331 3530 2399 qui

1960 2408 2269 2478 loquimini,
2315 2411 2410 2466 sed
2448 2408 2686 2482 Spiritus
2720 2412 2901 2471 Patris
2924 2417 3113 2480 vestri,
3154 2420 3246 2488 qui
3289 2420 3532 2490 loquitur

1962 2495 2017 2550 in
2044 2498 2199 2554 vobis
2217 2497 2281 2553 ”.
2316 2518 2336 2552 ι
2362 2499 2498 2556 Cum
2522 2501 2668 2557 dicat
2699 2503 2835 2573 ipse,
2860 2502 3121 2574 Spiritum
3146 2505 3323 2564 Patris
3352 2510 3528 2580 ipsum

1961 2603 2105 2656 esse,
2133 2605 2235 2644 cur
2263 2597 2320 2646 tu
2352 2602 2656 2648 creaturam
2688 2595 2882 2651 dicas?
2913 2596 3024 2651 Cur
3050 2596 3265 2655 Patrem
3298 2617 3405 2657 non
3440 2618 3532 2658 au-

1961 2679 2047 2736 dis
2078 2680 2345 2739 dicentem
2376 2704 2388 2740 τ
2422 2704 2440 2737 ι
2466 2687 2523 2740 ln
2570 2688 2889 2744 novissimis
2921 2690 3115 2746 diebus
3162 2692 3434 2747 effundam
3463 2696 3531 2751 de

1966 2773 2172 2836 Spiritu
2215 2792 2333 2831 meo
2382 2793 2546 2847 super
2577 2795 2795 2835 omnem
2841 2796 3061 2836 carnem
3088 2782 3167 2847 ⁸ο,
3200 2803 3218 2836 ι
3251 2785 3528 2854 itemque:

1968 2883 1988 2916 ι
2026 2863 2163 2919 Ecce
2187 2864 2327 2920 Puer
2349 2882 2503 2924 meus
2525 2869 2752 2931 elei-tus,
2792 2871 2845 2924 in
2876 2886 3034 2941 quem
3067 2874 3396 2929 complacuit
3425 2877 3532 2931 sibi

1964 2960 2142 3013 anima
2166 2977 2282 3016 mea
2313 2977 2542 3031 :ponam
2568 2963 2830 3033 Spiritum
2858 2980 3034 3018 meum
3065 2982 3230 3036 super
3253 2983 3375 3022 eum
3396 2968 3481 3023 “?
3506 2989 3525 3021 ι

1964 3052 2046 3107 Ad
2083 3054 2194 3108 luce
2241 3053 2436 3109 Petrus
2485 3056 2558 3110 ait
2590 3076 2602 3112 :
2634 3076 2651 3109 ι
2684 3056 2793 3111 Vos
2838 3058 2992 3113 scitis
3024 3059 3169 3129 quod
3200 3058 3401 3114 factum
3449 3071 3533 3117 est

1964 3146 2193 3200 verbum
2238 3162 2334 3217 per
2360 3148 2669 3205 universam
2701 3148 2942 3207 Judaaam
2968 3170 2982 3206 :
3013 3152 3284 3222 incipiens
3325 3154 3469 3207 enim
3501 3170 3532 3207 a

282 3238 342 3290 σέ
377 3253 465 3306 με.
496 3235 966 3305 Εὐαγγελίσασθαι
995 3236 1227 3304 πτωχοῖς
1256 3234 1563 3288 ἀπέσταλκε
1594 3252 1682 3306 με.
1709 3255 1728 3286 ι
1757 3236 1857 3288 Καὶ

1969 3236 2187 3295 Galilaea
2214 3250 2336 3310 post
2375 3242 2720 3312 baptismum
2741 3245 2887 3313 quod
2918 3244 3234 3314 praedicavit
3267 3244 3529 3310 Joannes,

278 3329 306 3380 6
342 3328 553 3400 Πέτρος
599 3327 656 3381 δὲ
692 3330 748 3380 ἐν
790 3330 909 3391 ταῖς
945 3325 1182 3395 Πράξεσι
1231 3326 1339 3378 τῶν
1366 3312 1675 3381 ἀποστόλων
1714 3326 1863 3396 λέγει

278 3418 491 3481 οὕτως·
535 3436 554 3472 ι
587 3419 666 3491 Τῇ
716 3416 863 3488 δεξιᾷ
912 3413 1003 3470 οῦν
1039 3415 1132 3469 τοῦ
1182 3415 1316 3469 Θεοῦ
1368 3416 1623 3486 ὑψωθεὶς,
1662 3417 1760 3490 τὴν
1807 3417 1864 3472 δὲ

280 3510 620 3579 ἐπαγγελίαν
660 3510 755 3564 τοῦ
804 3511 959 3578 ἁγίου
997 3508 1313 3580 Πνεύματος
1352 3508 1530 3563 λαϐὼν
1570 3510 1719 3583 παρά
1769 3511 1864 3567 τοῦ

280 3602 521 3673 Πατρὺς,
555 3600 736 3673 ἐξέχεε
767 3601 988 3669 τοῦτο,ὃ
1018 3601 1176 3672 ὑμεῖς
1197 3599 1421 3672 βλέπετε
1452 3603 1545 3655 καὶ
1564 3602 1807 3657 ἀκούετε.
1841 3623 1858 3657 ι

280 3688 434 3764 ’Λρα
465 3693 494 3746 ὅ
536 3693 699 3756 αὐτὸς
742 3692 942 3756 ἔκτισε,
974 3693 1241 3764 λαμϐάνει
1281 3693 1433 3765 παρά
1472 3692 1565 3748 τοῦ
1618 3693 1863 3766 Πατρός;

280 3784 377 3837 καὶ
410 3783 517 3836 οὐκ
542 3783 697 3853 ἔσχεν
732 3783 975 3849 ἐξουσίαν
1011 3782 1104 3836 τοῦ
1140 3783 1330 3837 ἑαυτοῦ
1366 3784 1695 3855 κτίσματος;
1726 3784 1866 3837 Ἀλλ’

281 3873 466 3946 ἐρεῖς·
499 3872 700 3938 Μεῖζον
721 3871 811 3929 οὖν
840 3877 954 3928 ἐστι
986 3874 1048 3927 τὸ
1068 3874 1293 3946 Πνεῦμα
1314 3875 1376 3929 τὸ
1401 3875 1551 3945 ἅγιον
1579 3875 1672 3929 τοῦ
1705 3877 1864 3942 Υίοῦ;

294 3966 738 4039 Ἀποκρινόμεθά
767 3984 847 4021 σοι
874 3967 1081 4020 τοίνυψ
1110 3968 1202 4039 Μὴ
1224 3970 1435 4035 γένοιτο
1460 3970 1472 4022 !
1500 3969 1682 4033 Οὐδεὶς
1712 3968 1868 4039 ἡμῶν

279 4057 446 4112 τοῦτο
478 4057 643 4127 λέγει.
673 4058 813 4111 Ἀλλ’
837 4059 942 4112 ἔδει
964 4059 1145 4124 αὐτὸν,
1168 4059 1352 4113 δούλου
1383 4060 1597 4133 μορφὴν
1616 4060 1866 4127 λαϐόντα,

281 4149 561 4222 χρίεσθαι,
588 4151 688 4203 ούκ
735 4150 814 4205 ἔτι
849 4151 1010 4222 ἐλαίῳ
1045 4152 1123 4223 τῷ
1154 4151 1294 4205 κατὰ
1330 4152 1390 4205 τὸ
1443 4152 1672 4206 παλαιὸν
1700 4170 1869 4206 κατα·-

284 4240 683 4312 σκευαζομένῳ
718 4243 1095 4314 προστάγματι
1147 4242 1304 4306 Θεοῦ,
1339 4243 1452 4297 ἀλλ’
1483 4244 1647 4314 ὲλαίῳ
1703 4242 1870 4313 ἀγαλ-

281 4330 525 4395 λιάσεως
561 4330 714 4402 παρά
757 4333 883 4395 τοὺς
919 4334 1195 4403 μετόχους.
1240 4351 1258 4383 ι
1282 4332 1380 4386 Διά
1405 4373 1420 4395 ,
1475 4333 1618 4404 γὰρ,
1672 4330 1828 4388 τοῦτο
1850 4370 1866 4397 ,

281 4424 457 4492 φησὶν
481 4424 509 4476 6
543 4422 727 4484 Δαϐὶδ,
780 4420 966 4494 ἕχρισέ
1008 4440 1066 4476 σε
1098 4427 1125 4477 6
1158 4423 1313 4487 Θεὸς.
1339 4426 1367 4478 6
1391 4424 1521 4488 Θεός
1544 4442 1659 4487 σου,
1692 4414 1869 4478 ἔλαιον

279 4513 666 4583 ἀγαλλιάσεως
689 4513 837 4585 παρά
852 4516 977 4578 τοὺς
997 4516 1254 4584 μετόχους
1273 4532 1482 4571 σου.›-
1502 4534 1519 4565 ι
1545 4516 1643 4571 Διά
1657 4516 1830 4575 τοῦτο,
1845 4535 1863 4566 ι

1963 3325 2148 3384 Jesmu
2189 3344 2219 3383 a
2271 3329 2518 3393 Nazaret,
2550 3334 2828 3401 quomodo
2865 3334 3022 3387 unxit
3064 3348 3187 3388 eum
3236 3331 3380 3388 Deus
3412 3331 3536 3402 Spi-

1964 3421 2071 3475 ritu
2113 3429 2304 3476 sancto
2349 3434 2403 3477 et
2447 3423 2653 3479 virtute
2676 3423 2744 3479 ”.
2770 3443 2815 3488 »_
2842 3422 3025 3479 Suane
3059 3423 3230 3495 igitur
3281 3432 3535 3479 creatura

1966 3513 2188 3583 ungitur
2241 3511 2450 3568 Filius?
2495 3514 2690 3570 Annon
2736 3515 2916 3571 insani
2970 3524 3054 3571 est
3103 3516 3239 3571 illud
3283 3515 3538 3572 effutire?

1966 3601 2085 3672 Ipse
2117 3611 2297 3658 autem
2332 3603 2503 3661 Filius
2530 3607 2641 3660 ait:
2673 3624 2691 3657 ι
2722 3603 2961 3677 Spiritus
2994 3606 3207 3661 Domini
3235 3622 3402 3677 super
3425 3621 3533 3671 me,

1966 3709 2032 3749 eo
2057 3695 2205 3764 quod
2234 3697 2452 3751 unxerit
2478 3696 3000 3767 me..Evangelizare
3023 3697 3355 3767 pauperibus
3385 3698 3538 3753 misit

1967 3801 2054 3840 me
2080 3785 2146 3841 ⁸⁸.
2179 3805 2198 3837 ι
2223 3784 2416 3844 Petrus
2455 3803 2585 3842 vero
2617 3787 2731 3863 haec
2772 3789 2850 3842 ait
2892 3789 2946 3842 in
2991 3788 3219 3843 Actibus
3260 3788 3538 3859 apostolo-

1969 3894 2089 3933 rum
2132 3897 2146 3937 :
2190 3898 2209 3931 ι
2243 3879 2471 3936 Dextera
2510 3882 2677 3949 igitur
2722 3881 2816 3936 Dei
2863 3882 3172 3937 exaltatus:
3204 3889 3258 3937 et
3300 3882 3538 3952 promis-

1969 3972 2124 4027 sione
2152 3970 2390 4041 Spiritus
2428 3974 2606 4028 sancti
2644 3981 2866 4043 accepta
2895 3988 2923 4026 a
2952 3972 3136 4037 Patre,
3172 3973 3362 4029 eﬂ‘udit
3390 3973 3540 4028 hunc

1968 4079 2129 4134 quem
2165 4078 2261 4118 vos
2289 4063 2487 4120 videtis
2519 4072 2572 4118 et
2604 4067 2802 4121 auditis
2828 4066 2894 4120 ⁸³.
2925 4086 2944 4119 ι
2983 4065 3197 4137 Ergone
3226 4080 3390 4136 quem
3423 4065 3543 4136 ipse

1968 4156 2233 4221 condidit,
2281 4157 2395 4227 ipse
2445 4171 2474 4209 a
2522 4155 2683 4213 Patre
2717 4158 2968 4228 accepit?
3008 4174 3185 4229 neque
3215 4165 3539 4228 potestatem

1970 4245 2159 4301 habuit
2208 4248 2262 4303 in
2312 4256 2620 4301 creaturam
2663 4248 2852 4303 suam?
2884 4249 2950 4303 At
2976 4247 3368 4318 diceszaiajor
3410 4262 3542 4317 ergo

1973 4334 2210 4403 Spiritus
2244 4337 2420 4392 Filio?
2457 4338 2874 4409 Respondemus
2902 4341 3001 4396 tibi
3026 4360 3038 4395 :
3064 4341 3250 4396 Absit!
3283 4339 3541 4395 Nostrum

1973 4445 2131 4485 nemo
2191 4431 2242 4485 id
2291 4431 2443 4488 dicit.
2492 4430 2599 4487 Sed
2645 4434 2888 4503 oportuit
2929 4449 3076 4498 eum,
3138 4450 3261 4490 cum
3312 4433 3543 4487 formam

1973 4523 2116 4576 servi
2152 4525 2473 4593 accepisset.
2508 4525 2638 4595 ungi
2683 4541 2791 4579 non
2828 4526 2921 4581 illo
2957 4526 3175 4595 quidem
3208 4525 3352 4585 oleo,
3381 4524 3545 4592 jussu

281 4609 479 4671 ποῖον;
507 4606 610 4665 ὅτι,
639 4604 771 4669 θεὸς
798 4606 872 4658 ὢν
898 4606 992 4659 καὶ¹
1020 4606 1164 4671 Υἱὸς,
1200 4606 1410 4677 μορφὴν
1442 4606 1627 4659 δούλου
1656 4608 1857 4661 ἐλαϐεν.

1974 4610 2064 4665 D.i
2098 4612 2224 4664 olim
2254 4624 2560 4682 praeparato
2583 4653 2598 4677 ,
2631 4613 2725 4668 sed
2767 4614 2888 4669 oleo
2918 4614 3112 4669 latitia:
3133 4630 3243 4684 prie
3274 4615 3545 4668 consorti-

281 4695 410 4751 bus.
464 4715 482 4747 ι
514 4695 804 4766 Propterea
844 4697 1008 4759 enim,
1047 4698 1178 4750 dicit
1210 4697 1395 4762 David,
1445 4699 1599 4752 unxit
1644 4709 1696 4754 te
1735 4699 1901 4762 Deus,
1958 4701 2099 4758 Deus
2148 4711 2297 4767 tuus,
2354 4706 2474 4759 oleo
2524 4706 2720 4760 laetitia:
2762 4720 2873 4775 pra:
2914 4708 3260 4761 consortibus
3278 4703 3536 4775 _tuis“.{b

278 4817 352 4829 —
378 4809 397 4840 ι
421 4788 734 4858 Propterea.
767 4808 784 4839 ι
807 4788 933 4859 quid
967 4789 1086 4842 est?
1111 4789 1237 4856 quia
1257 4788 1508 4842 nimirum
1535 4805 1657 4844 eum
1680 4791 1823 4849 Deus
1856 4801 1999 4848 esset
2030 4802 2084 4849 et
2114 4793 2307 4857 Filius,
2337 4794 2564 4849 formam
2596 4796 2738 4850 servi
2766 4799 2994 4865 accepit.

355 4886 411 4941 9.
445 4883 665 4955 Ἐπειδὴ
685 4884 739 4935 δὲ
764 4882 1313 4955 προεπηγγειλάμεθα
1331 4882 1599 4938 δεικνύναι
1624 4886 1684 4939 τὸ
1703 4886 1867 4939 Πνεῦ-

283 4995 364 5050 μα
399 4977 460 5031 τὸ
499 4975 653 5043 ἆγιον
697 4974 797 5045 τῆς
827 4976 996 5046 αὐτῆς
1044 4974 1256 5043 φύσεως
1291 4974 1349 5027 ὃν
1382 4976 1555 5046 Πατρὶ
1603 4978 1694 5030 καὶ
1727 4978 1863 5049 Υἰῴ,

279 5069 602 5133 ἀκολούθως
630 5068 871 5137 διάλογον
901 5070 964 5121 ὲκ
1000 5069 1093 5124 δύο
1124 5067 1427 5139 προσώπων
1454 5071 1863 5141 ἐνστησάμενοι,

280 5163 449 5216 τοῦτο
481 5161 654 5227 δεῖξαι
697 5161 1105 5231 σπουδάσωμεν,
1142 5163 1238 5214 σὺν
1278 5162 1536 5233 εὐμενείᾳ
1569 5163 1731 5216 αὑτοῦ
1770 5163 1864 5217 τοῦ

283 5252 628 5323 Πνεύματος.
648 5238 1002 5323 Συντυχόντες
1019 5254 1124 5305 τινὶ
1143 5252 1249 5315 τῶν
1272 5252 1340 5306 τὰ
1354 5253 1489 5306 αὑτά
1508 5254 1585 5325 τῷ
1602 5255 1871 5327 γράψαντι

281 5347 348 5398 τὸ
403 5343 689 5415 σχεδάριον
749 5343 1106 5415 φρονούντων,
1177 5343 1385 5415 ἔφημεν
1446 5345 1650 5408 οὕτως’
1694 5348 1870 5412 Μόνος

283 5436 434 5507 ἔχειν
470 5435 567 5507 τὴν
596 5435 891 5489 ἀθανασίαν
925 5435 1137 5505 εἴρηται
1161 5437 1189 5488 6
1237 5435 1368 5499 Θεὸς
1405 5437 1556 5511 παρὰ
1591 5438 1668 5509 τῷ
1706 5441 1867 5497 Ἀπο-

285 5527 496 5599 στόλῳ’
521 5547 540 5580 ι
579 5528 638 5581 '0
656 5527 813 5599 μόνος
845 5526 973 5597 γὰρ,
1006 5528 1187 5597 φησὶν,
1239 5528 1348 5599 ἔχει
1390 5529 1704 5596 ἀθανασίαν,
1750 5530 1865 5599 φῶς

363 5686 408 5717 ³⁸
452 5682 646 5739 Matth.
684 5701 810 5750 XXI,
845 5685 936 5739 26.
1009 5684 1055 5717 "
1092 5684 1281 5740 Matth.
1320 5701 1382 5745 ς,
1414 5684 1502 5740 20.

586 5755 631 5786 ”
672 5755 791 5810 Act.
830 5770 905 5821 tt,
944 5754 1030 5810 55.
1108 5756 1150 5787 ⁸⁸
1195 5752 1337 5809 Psal.
1381 5771 1523 5820 xciv,
1561 5756 1611 5809 9.

1611 5689 1654 5717 ⁵⁸
1690 5685 1805 5741 Jncl
1842 5704 1905 5752 3t,
1941 5687 2031 5742 ‘33.

2040 4891 2094 4947 9.
2137 4889 2587 4958 Quandoquidem
2615 4897 2795 4944 autem
2826 4888 3086 4960 Spiritum
3118 4896 3367 4943 sanctum
3388 4889 3543 4958 ejus-

1971 4981 2093 5035 dem
2127 4988 2290 5048 atque
2321 4978 2480 5033 Pater
2516 4987 2572 5036 et
2621 4980 2792 5034 Filius
2827 4996 2947 5035 esse
2988 4989 3196 5034 naturae
3230 4995 3395 5048 supra
3440 4995 3542 5037 nos

1973 5070 2446 5125 demonstraturus
2488 5070 2861 5139 promisimus,
2884 5076 3053 5125 restat
3081 5079 3138 5123 ut
3163 5069 3394 5124 duarum
3420 5086 3545 5141 per-

1974 5177 2233 5217 sonarum
2289 5162 2537 5217 instituto
2599 5161 2837 5232 dialogo,
2889 5162 3024 5216 illud
3066 5164 3268 5233 ipsum,
3328 5163 3543 5219 favente

1978 5254 2138 5308 nobis
2169 5253 2414 5323 ejusdem
2455 5254 2692 5324 Spiritus
2726 5257 2921 5326 gratia,
2950 5257 3238 5311 ostendere
3261 5256 3544 5327 aggredia-

1976 5361 2120 5399 mur.
2172 5343 2226 5397 Si
2260 5347 2385 5416 quis
2422 5347 2588 5415 igitur
2622 5347 2781 5401 nobis
2823 5364 2888 5402 ex
2934 5364 3122 5403 eorum
3156 5363 3383 5403 numero
3408 5348 3547 5404 forte

1974 5440 2300 5503 occurrerit,
2345 5439 2439 5508 qui
2474 5455 2597 5493 cum
2626 5441 2893 5509 scriptore
2917 5440 3084 5511 hujus
3116 5440 3389 5496 schedula:
3417 5457 3548 5497 sen-

1975 5532 2140 5598 tiunt,
2184 5531 2257 5586 ita
2292 5532 2446 5586 illum
2483 5535 2827 5602 alloquemur
2863 5552 2876 5588 :
2916 5534 3076 5591 Solus
3106 5533 3250 5591 Deus
3273 5534 3552 5590 immorta-

2129 5689 2176 5720 ‘"
2221 5685 2321 5742 lsa.
2366 5702 2504 5753 λιιι,
2549 5688 2599 5743 1.
2678 5692 2717 5721 ⁵¹
2756 5689 2877 5748 Act.
2912 5705 2981 5753 ι,
3016 5691 3115 5753 37,
3165 5690 3253 5744 58.
3359 5689 3403 5720 “
3445 5688 3549 5745 lsa.

2678 5692 2717 5721 "
2756 5689 2877 5748 Act.
2912 5705 2981 5755 Χ,
3016 5691 3115 5755 37,
3165 5690 3253 5744 58.
