3982 6398
469 362 607 420 1303

1589 357 1646 411 5.
1683 307 2144 412 ATHAHASIUS.
2184 386 2255 397 ——
2288 354 2556 412 SPURIA.

3579 353 3698 409 1306

468 479 673 534 litatem
700 478 899 534 habere
927 476 996 532 ab
1016 476 1280 546 Apostolo
1307 475 1545 532 dicitur:
1576 494 1595 528 ι
1623 474 1788 532 Solus
1816 476 1983 538 enim,
2008 495 2024 526 ι

2146 476 2298 529 ιίκῶν
2343 459 2656 548 ἀπρόσιτον.
2713 495 2732 526 ι
2772 473 2990 530 Μακεδ.
3027 473 3151 527 Ναί.
3189 473 3346 541 Ὄρθ.
3383 473 3610 543 Ἔχουσι
3652 472 3703 529 δὲ

469 572 684 642 inquit,
743 571 948 625 «habet
997 569 1488 634 immortalitatem,
1547 569 1722 624 lucem
1779 569 2031 623 habitans

469 659 984 719 inaccessibilem“.
1018 678 1037 711 ι
1099 658 1304 715 Maced.
1361 659 1557 714 Etiam.
1611 658 1767 714 Orth.
1824 657 2035 712 Habent

467 753 713 808 eamdem
746 759 802 806 et
832 752 1030 820 angeli,
1067 758 1122 804 et
1151 751 1516 820 principatus.
1547 758 1600 805 et
1631 757 1952 820 potestates,
1980 756 2036 803 et

469 847 686 909 throni,
738 853 799 900 et
847 844 1286 898 dominationes?
1325 843 1534 898 Maced.
1592 842 1824 897 Habent.
1879 841 2034 900 Orth.

469 936 750 1004 Quomodo
789 936 956 1005 igitur
990 936 1140 991 solus
1169 935 1310 990 Deus
1339 936 1808 988 immortalitatem
1839 933 2038 989 habet?

471 1026 676 1082 Haud.
720 1025 860 1092 Quia
906 1025 1048 1082 Deus
1092 1027 1208 1096 ipse
1252 1036 1338 1082 est
1383 1025 1806 1090 immortalitas;
1859 1026 2038 1096 angeli

470 1133 617 1184 vero,
637 1117 951 1188 archangeli
993 1124 1047 1171 et
1075 1116 1325 1170 caelestia
1366 1114 1572 1176 omnia,
1613 1114 2039 1168 immortalitatis

469 1205 908 1277 participatione,
940 1205 1266 1259 immortalia
1320 1211 1466 1258 sunt.
1517 1203 1670 1258 Ortlt.
1722 1203 1892 1258 Filius
1945 1203 2039 1259 Dei

469 1297 702 1354 habetne
725 1297 1224 1352 immortalitatem?
1245 1296 1453 1351 Maced.
1480 1295 1646 1350 Plane
1675 1296 1854 1350 habet.
1885 1295 2038 1350 Orth.

469 1387 723 1459 Nunquid
767 1397 826 1444 ut
857 1389 1038 1451 Pater,
1075 1405 1143 1442 an
1185 1397 1244 1441 ut
1273 1388 1556 1444 cmlestia?
1589 1387 1794 1442 Maced.
1834 1385 1903 1440 Ut
1938 1386 2043 1445 Pa-

471 1489 571 1540 ter.
607 1480 761 1537 Orth.
815 1481 1099 1547 Quomodo
1130 1481 1317 1551 igitur
1359 1481 1509 1535 solus
1553 1477 1714 1536 Pater
1747 1479 1907 1533 habet
1941 1480 2044 1532 im-

472 1573 898 1651 mortalitatem}
947 1571 1154 1628 Maced.
1207 1571 1348 1637 Quia
1398 1571 1701 1627 substantia
1736 1568 1856 1623 Filii
1908 1570 2041 1624 nihil

471 1679 696 1734 prorsus
748 1666 923 1720 variat
965 1679 993 1716 a
1048 1665 1359 1718 substantia
1407 1664 1604 1720 Patris.
1660 1662 1814 1718 Orth.
1871 1661 2042 1718 Filius

471 1769 624 1823 ergo,
658 1752 886 1823 perinde
919 1761 976 1806 ut
1010 1751 1191 1816 Pater,
1239 1753 1392 1807 solus
1425 1751 1565 1807 Deus
1599 1751 1799 1806 dicitur
1822 1761 2043 1822 propter

2136 568 2230 623 καὶ
2264 569 2312 622 oi
2343 566 2582 635 ἄγγελοι,
2628 567 2723 620 καὶ
2758 567 2942 638 ἀρχαὶ,
2975 565 3066 618 καὶ
3115 564 3373 628 ἐξουσίαι,
3415 564 3595 635 θρόνοι
3624 566 3705 618 καὶ

2137 659 2486 731 κυριότητες;
2509 659 2730 712 Μακεδ.
2757 659 2881 712 Ναί.
2909 661 3064 725 Ὀρθ.
3094 657 3217 720 Πῶς
3241 653 3331 710 οῦν
3351 655 3511 726 μόνος
3536 659 3565 708 6
3586 655 3705 721 Θεὲς

2137 754 2246 824 ἔχει
2281 753 2376 822 τὴν
2405 752 2702 806 ἀθανασίαν
2724 768 2738 816 ;
2770 751 2991 806 Μακεδ.
3033 752 3156 804 ’Ότι
3183 753 3212 803 6
3236 750 3369 813 Θεὸς
3390 751 3553 812 αὐτὸς
3572 751 3706 803 ἐστιν

2138 844 2500 916 ήάθανασίαο
2529 846 2577 898 oi
2619 845 2676 898 δὲ
2710 845 2927 913 ἄγγελοι
2983 846 3185 914 μετοχῇ
3235 845 3372 895 εἰσιν
3423 841 3709 904 ἀθανασέας

2136 937 2414 998 ἀθάνατοι,
2454 938 2547 989 καὶ
2583 939 2629 990 oi
2661 937 3008 1007 ἀρχάγγελοι,
3044 937 3140 989 καὶ
3176 935 3352 988 πάντα
3385 935 3456 986 τὰ
3485 934 3709 1004 ἐπουράφ

2137 1043 2246 1079 νια.
2271 1028 2428 1094 Ὀρθ.
2453 1027 2559 1079 Καὶ
2579 1028 2607 1078 6
2631 1027 2756 1090 Υἱὸς
2782 1027 2876 1079 τοῦ
2905 1026 3042 1079 Θεοῦ
3079 1027 3194 1096 ἔχει
3216 1025 3538 1085 ἀθανασίαν,
3573 1022 3708 1092 ἣοῦς

2137 1119 2360 1172 Μακεδ.
2399 1119 2506 1171 Καὶ
2539 1119 2712 1172 πάνυ.’
2738 1120 2891 1186 Ὀρθ.
2939 1117 3130 1178 Οῦτως
3169 1117 3242 1181 ὡς
3277 1119 3304 1169 6
3347 1117 3560 1186 Πατὴρ,
3588 1115 3620 1187 ἢ
3646 1115 3710 1178 ὼς

2137 1209 2205 1262 τὰ
2237 1209 2568 1280 ἐπουράνια;
2600 1209 2824 1264 Μακεδ.
2880 1211 2965 1273 Ὠς
2995 1213 3022 1264 6
3048 1211 3263 1281 Πατήρ.
3290 1211 3446 1277 Ὀρθ.
3480 1208 3606 1272 Πῶς
3631 1205 3711 1262 οὖν

2143 1302 2300 1372 μόνος
2327 1303 2356 1353 6
2387 1302 2574 1372 Πατὴρ
2614 1302 2724 1372 ἔχει
2764 1303 2860 1373 τὴν
2883 1301 3209 1365 ἀθανασίαν;
3235 1301 3458 1354 Μακεδ.
3493 1302 3618 1354 ὐτι
3667 1303 3716 1354 ἀ·

2139 1393 2516 1465 παράλλακτός
2539 1397 2652 1447 ἐστι
2684 1395 2803 1447 κατ’
2837 1395 3020 1447 οὐσίαν
3053 1395 3083 1444 6
3109 1393 3234 1456 Tib;
3254 1393 3330 1464 τῷ
3349 1393 3546 1464 Πατρί.
3567 1394 3712 1459 Ὀρθ.

2140 1486 2317 1548 Μόνος
2337 1482 2429 1538 οὖν
2455 1485 2586 1549 Θεὸς
2614 1489 2641 1538 6
2671 1486 2819 1548 Ti6;,
2845 1485 2922 1548 ὡς
2957 1485 3049 1538 καὶ
3093 1487 3120 1537 6
3147 1484 3356 1554 Πατὴρ,
3391 1485 3611 1552 λέγεται
3639 1482 3716 1536 διὰ

2138 1579 2201 1632 τὸ
2232 1579 2644 1650 ἀπαράλλακτον
2695 1578 2793 1647 τῆς
2823 1579 3043 1642 οὐσίας;
3097 1577 3321 1631 Μακεδ.
3353 1577 3542 1640 Οῦτως
3585 1577 3716 1646 ἔχειν

2139 1671 2239 1741 τὴν
2261 1669 2556 1722 ἀθανασίαν
2581 1670 2672 1723 τὸν
2701 1669 2828 1721 Υἰὺν
2856 1669 3056 1740 ὁμοίως
3081 1668 3158 1739 τῷ
3186 1669 3362 1739 Πατρὶ
3381 1668 3545 1736 λέγω.
3568 1669 3713 1734 Ὀρθ.

2147 1761 2300 1828 Ἔχει
2325 1776 2383 1814 τε
2415 1761 2503 1814 καὶ
2529 1761 2588 1812 τὸ
2619 1757 2838 1828 Πνεῦμα
2870 1759 2929 1810 τὸ
2957 1758 3113 1825 ἀτιον
3145 1759 3240 1811 καλ⁸
3263 1757 3361 1828 τὴν
3389 1757 3716 1821 ἀθανασίανς

471 1845 796 1898 invariatam
844 1845 1230 1901 substantiam.
1265 1842 1474 1898 Haced.
1503 1842 1703 1904 Eodem
1747 1844 1908 1899 modo
1948 1842 2038 1898 Fi-

2146 1852 2360 1906 Μακεδ.
2397 1853 2568 1923 Ἔχει.
2602 1853 2755 1919 Ὀρθ.
2802 1851 2986 1913 υῦτως
3011 1851 3125 1921 ἔχει
3167 1851 3240 1915 ῶς
3283 1853 3312 1904 6
3347 1849 3539 1921 Πατὴρ
3577 1848 3669 1901 καὶ
3692 1849 3718 1898 6

471 1935 603 1993 lium
644 1946 699 1994 et
725 1937 942 1993 Patrem
975 1937 1440 1992 immortalitatem
1467 1937 1670 1992 habere
1692 1937 1835 1991 dico.
1881 1937 2034 1992 Ortlt.

471 2027 714 2086 Habetne
745 2046 872 2084 vero
904 2038 957 2084 et
991 2028 1228 2100 Spiritus
1273 2038 1498 2085 sanctus
1539 2031 2040 2084 immortalitatem?

471 2119 680 2176 Maced.
711 2120 903 2176 Habet.
937 2122 1089 2176 Ortlz.
1127 2120 1344 2176 Siccine
1374 2121 1555 2187 habet,
1593 2133 1647 2175 ut
1680 2120 1839 2176 Pater
1873 2131 1924 2176 et
1952 2121 2041 2174 Fi-

471 2211 597 2273 lius,
625 2226 694 2264 an
725 2218 784 2264 ut
803 2212 980 2280 angeli
1012 2221 1065 2265 et
1108 2212 1448 2280 principatus
1481 2221 1534 2265 et
1566 2219 1880 2280 potestates,
1916 2227 2040 2280 par-

471 2300 784 2371 ticipatione
829 2309 883 2356 et
932 2302 1148 2371 gratia?
1183 2300 1391 2356 Maced.
1446 2301 1512 2355 Ut
1561 2301 1720 2356 Pater
1747 2311 1799 2356 et
1843 2301 2033 2358 Filius.

471 2391 623 2448 Orth.
670 2391 924 2462 Ejusdem
969 2409 1098 2463 ergo
1130 2410 1193 2446 ac
1220 2393 1381 2447 Pater
1421 2402 1475 2448 et
1505 2393 1678 2449 Filius
1711 2405 1916 2450 natura:
1953 2406 2036 2451 est

471 2484 706 2556 Spiritus
751 2489 1007 2542 sanctus?
1070 2487 1279 2542 Maced.
1321 2489 1510 2544 Absit!

2146 1944 2350 2015 Υἱὸς,ἢ
2381 1945 2456 2008 ὼς
2487 1944 2727 2012 ἄγγελοι,
2753 1944 2846 1996 καὶ
2874 1943 3060 2013 ἀρχαὶ,
3098 1944 3190 1997 καὶ
3225 1942 3489 2008 ἐξουσίαι,
3525 1942 3718 2012 μετοχῇ

2145 2037 2239 2089 καὶ
2275 2038 2488 2107 χάριτις
2523 2035 2740 2090 Μακεδ.
2786 2037 2869 2097 Ὠς
2895 2038 2923 2090 6
2965 2037 3176 2106 Πατὴρ,
3206 2036 3301 2088 καὶ
3327 2035 3355 2086 6
3385 2034 3536 2097 Ti6;.
3569 2033 3718 2099 '0p9.

2145 2125 2258 2194 Τῆς
2280 2126 2450 2195 αὐτῆς
2478 2126 2587 2195 ἄρα
2614 2124 2823 2193 φύσεώς
2849 2126 2962 2176 ἐστι
2998 2123 3172 2195 Πατρὶ
3206 2123 3298 2176 καὶ
3328 2121 3442 2191 Υἱῷ
3463 2122 3525 2174 τὸ
3574 2121 3720 2187 ἅγιον

2146 2216 2404 2287 Πνεῦμα;
2461 2216 2686 2270 Μακεδ.
2734 2215 2826 2286 Μὴ
2872 2215 3118 2283 γένοιτοῐ
3159 2215 3314 2282 Ὄρθ.
3351 2215 3467 2266 Οὐκ
3511 2212 3591 2264 ἔτι
3635 2207 3721 2264 οὖν

2146 2307 2303 2376 μόνος
2345 2310 2372 2361 6
2404 2307 2536 2371 Θεὸς
2585 2307 2696 2378 ἔχει
2740 2306 2838 2376 τὴν
2876 2305 3195 2359 ἀθανασίαν.
3231 2304 3446 2376 Εὑρέθη
3488 2303 3599 2373 γὰρ
3636 2305 3720 2355 καὶ

2142 2399 2275 2469 ἄλλη
2304 2399 2464 2468 φύσις
2495 2399 2668 2462 οὕτως
2690 2399 2858 2468 αὐτὴν
2886 2397 3106 2466 ἔχουσα,
3134 2396 3210 2460 ὠς
3238 2395 3403 2459 αὐτὸς
3431 2397 3461 2448 6
3484 2394 3618 2457 Θεός

1588 2487 1741 2544 Orth.
1785 2489 1902 2544 Non
1947 2492 2113 2562 igitur
2150 2495 2302 2549 solus
2358 2495 2501 2550 Deus
2536 2496 2695 2551 habet
2744 2493 3228 2548 immortalitatem.
3277 2491 3373 2546 Est
3401 2505 3638 2560 namque
3671 2496 3720 2544 et

469 2580 575 2634 alia
635 2582 851 2636 inventa
900 2589 1116 2644 natura,
1169 2583 1286 2652 pari
1339 2583 1512 2649 illam,
1564 2600 1672 2654 quo
1716 2582 1860 2639 Deus
1901 2586 2036 2655 ipse,
2077 2589 2239 2643 modo
2265 2590 2488 2645 habens.

545 2674 630 2731 10.
672 2673 874 2728 Haced.
913 2673 1151 2730 Rursum
1185 2676 1350 2746 igitur
1379 2676 1479 2729 tria
1510 2692 1676 2729 unum
1709 2675 1852 2731 dico.
1887 2677 2036 2731 Orth.

473 2765 890 2837 Hypostasibus,
944 2781 1052 2819 non
1093 2782 1287 2831 unum,
1343 2767 1439 2822 sed
1475 2766 1579 2818 tria
1632 2773 1782 2821 sunt.
1833 2765 2038 2822 Maced.

472 2858 757 2926 Quomodo
800 2857 968 2928 igitur
1002 2873 1164 2913 unam
1213 2858 1336 2913 dico
1381 2858 1673 2912 naturam?
1715 2858 1867 2912 Ortlt.
1905 2857 2042 2924 Quia

471 2951 654 3014 Pater,
669 2949 911 3020 etFilius
928 2959 982 3005 et
997 2950 1236 3020 Spiritus
1253 2959 1476 3004 sanctus
1492 2949 1681 3003 eodem
1702 2949 1861 3018 plane
1884 2951 2042 3004 modo

473 3043 939 3099 immortalitatem
995 3043 1170 3098 Patris
1231 3043 1450 3096 habent.
1494 3041 1669 3111 Atque
1707 3049 1766 3094 ut
1819 3041 2042 3104 Paulus,

2220 2685 2304 2739 10.
2336 2681 2554 2738 Μακεδ.
2581 2680 2747 2733 Πάλιν
2773 2675 2864 2733 οὖν
2893 2678 2961 2732 τά
2989 2677 3115 2749 τρία
3146 2677 3202 2731 ἓν
3225 2677 3390 2745 λέγω.
3412 2677 3572 2744 Ὀρθ.
3599 2677 3722 2739 Ταῖς

2147 2776 2506 2830 ὑποστάσεσιν
2563 2774 2658 2843 οὐχ
2695 2771 2773 2834 ἓν,
2823 2772 2957 2825 ἀλλά
3005 2771 3152 2844 τρία.
3192 2767 3412 2822 Μακεδ.
3465 2768 3592 2832 Πῶς
3636 2764 3721 2822 οῦν

2144 2869 2288 2935 λέγω
2337 2867 2465 2936 μίαν
2503 2864 2696 2934 φύσινς
2731 2866 2885 2930 Ὀρθ.
2918 2863 3038 2915 ’Ότι
3086 2861 3287 2930 ὁμοίως
3327 2861 3354 2912 6
3387 2859 3602 2930 Πατὴρ.
3635 2859 3720 2911 καὶ

2143 2960 2170 3010 6
2187 2957 2332 3018 Υἱὸς.
2351 2957 2444 3008 xal.
2464 2956 2524 3008 τὸ
2542 2953 2782 3024 Πνεῦμα,
2804 2952 2900 3022 τὴν
2926 2951 3017 3006 τοῦ
3041 2951 3251 3021 Πατρὸς
3268 2949 3572 3003 ἀθανασίαν
3592 2949 3717 3018 ἔχει.

2147 3050 2253 3102 Καὶ
2274 3048 2462 3118 ὥσπερ
2484 3045 2711 3107 Παῦλος,
2732 3045 2823 3096 καὶ
2847 3043 3072 3116 Πέτρος.
3092 3044 3185 3094 καὶ
3207 3041 3494 3111 Τιμόθεος,
3515 3040 3721 3108 φύσεως

472 3130 666 3188 Petrus
714 3147 779 3187 ac
825 3132 1146 3187 Timotheus
1190 3131 1352 3185 unius
1395 3137 1602 3186 natura:
1650 3139 1778 3186 sunt
1829 3141 1882 3184 et
1932 3139 2041 3187 tres

2149 3142 2276 3212 μιᾶς
2303 3142 2428 3204 εἱσι,
2457 3139 2550 3192 καὶ
2577 3139 2723 3207 τρεῖς
2748 3136 3093 3198 ὑποστάσεις*
3130 3134 3300 3195 οῦτως
3326 3131 3569 3202 Πατέρα,
3631 3130 3720 3182 καὶ

475 3229 798 3298 bypostases
829 3245 842 3280 :
878 3227 951 3280 ita
987 3225 1198 3279 Patrem
1230 3233 1284 3279 et
1316 3222 1511 3278 Filium
1541 3235 1594 3278 et
1627 3223 1890 3293 Spiritum
1916 3239 2045 3277 san-

475 3329 621 3374 ctum
656 3331 768 3376 tres
799 3319 1125 3390 hypostases
1152 3317 1297 3381 dico,
1334 3327 1387 3371 et
1416 3332 1577 3371 unam
1615 3326 1888 3371 naturam.
1926 3315 2045 3370 Ma-

475 3413 566 3466 ced
625 3411 728 3468 Sed
776 3421 903 3467 ante
943 3412 1194 3467 homines
1241 3411 1514 3466 exsistunt
1559 3411 1648 3463 alii
1688 3410 2047 3482 a79bomi-

477 3520 615 3559 nes:
651 3507 756 3558 alia
791 3505 956 3575 igitur
986 3512 1180 3557 natura
1233 3512 1360 3557 ante
1406 3501 1621 3556 Patrem
1668 3505 1830 3555 etiam
1872 3512 1925 3556 et
1959 3501 2046 3556 Fi-

478 3595 608 3648 lium
652 3603 706 3649 et
757 3594 1018 3665 Spiritum
1069 3603 1317 3650 sanctum
1367 3595 1602 3648 exsistit.
1660 3593 1812 3648 Ortlt.
1860 3595 2041 3649 Absit!

476 3684 687 3741 llaced.
751 3686 863 3741 Cur
916 3687 1080 3757 igitur
1136 3687 1276 3740 dicis
1324 3727 1337 3750 ρ
1385 3684 1587 3740 Eodem
1632 3702 1740 3754 quo
1801 3685 2046 3740 homines

477 3777 673 3831 modo?
700 3776 851 3832 Orth.
883 3779 1022 3832 Ante
1048 3778 1296 3836 homines
1328 3778 1568 3847 quidem,
1601 3776 1830 3831 Paulum
1865 3786 1916 3830 et
1949 3778 2048 3834 Pe-

477 3875 621 3928 trum
667 3878 721 3925 et
755 3870 1122 3934 Timotheum,
1169 3872 1447 3926 exsistunt
1500 3871 1770 3932 homines,
1825 3879 1876 3924 et
1923 3879 2049 3926 ante

477 3960 579 4015 hos
608 3976 826 4015 rursum
859 3961 986 4021 alii;
1020 3969 1146 4015 ante
1176 3961 1446 4014 Adamum
1481 3968 1662 4016 autem
1715 3974 1874 4014 nemo
1909 3959 2048 4015 alius

476 4052 712 4111 exsistit,
745 4051 840 4108 sed
877 4052 1018 4107 Dens
1051 4053 1186 4122 ipse.
1234 4053 1373 4106 Ante
1401 4050 1618 4106 Patrem
1651 4068 1802 4113 vero,
1851 4049 2046 4104 Filium

475 4150 531 4196 et
561 4140 825 4210 Spiritum
875 4153 1125 4197 sanctum
1179 4144 1314 4196 nihil
1349 4144 1602 4196 exsistit:
1637 4143 1732 4198 sed
1779 4158 1842 4197 ex
1888 4141 2050 4198 Patre

479 4231 648 4295 Filius
695 4244 856 4290 natus
886 4246 990 4298 est,
1015 4240 1084 4288 'et
1120 4234 1356 4303 Spiritus
1388 4233 1652 4302 procedit.
1689 4232 1894 4287 Maced.
1935 4232 2051 4303 Spi-

479 4323 616 4380 ritus
656 4323 819 4392 igitur
847 4339 952 4376 non
986 4331 1069 4378 est
1118 4323 1275 4378 Filii?
1331 4321 1483 4377 Ortlt.
1521 4323 1716 4376 Omnia
1762 4339 1882 4392 qum
1921 4330 2050 4377 sunt

478 4411 678 4478 Patris,
734 4421 862 4466 sunt
914 4414 1076 4466 etiam
1110 4412 1229 4486 Filii
1261 4432 1273 4466 :
1302 4430 1427 4467 nam
1482 4423 1712 4468 testatur
1755 4416 2048 4484 Apostolus

2147 3232 2296 3296 Υίὸν,
2329 3231 2422 3284 καὶ
2455 3231 2604 3297 ἅγιον
2631 3226 2871 3297 Πνεῦμα,
2894 3229 3042 3297 τρεῖς
3080 3225 3409 3285 ὑποστάσεις
3437 3223 3604 3288 λέγω,
3635 3221 3723 3272 καὶ

2147 3325 2274 3395 μίαν
2294 3322 2470 3393 φύσιν.
2489 3319 2706 3375 Μακεό.
2723 3317 2885 3371 Ἀλλά
2905 3317 3010 3371 τῶν
3030 3317 3126 3369 ἀνθ
3136 3316 3330 3386 ρώπων
3350 3314 3725 3385 πῳῦπαρχουο

2146 3433 2227 3468 σιν
2237 3415 2383 3469 ἄλλοι
2400 3413 2494 3469 ἄνθ
2504 3430 2690 3485 ρωποι·
2707 3412 2815 3483 ἄρα
2832 3410 2926 3464 καὶ
2940 3411 2982 3462 Π
2989 3426 3052 3462 ατ
3062 3408 3168 3478 ρὸς,
3187 3407 3280 3460 καὶ
3294 3407 3446 3468 Υἱοῦ,
3463 3407 3558 3459 καὶ
3574 3405 3722 3473 ἁγίου

2145 3509 2458 3580 Πνεῦμα-ξος
2475 3507 2816 3578 προῦπάρχει
2845 3504 2980 3572 ἄλλη
3005 3502 3183 3571 φύσις.
3203 3501 3350 3568 Ὀρθ.
3379 3498 3720 3569 Μὴγὲνοιτοί

2145 3600 2366 3656 Μακεδ.
2406 3600 2531 3662 Πῶς
2559 3595 2647 3652 οῦν
2677 3599 2882 3664 λέγεις·
2911 3594 3119 3656 Οῦτως,
3144 3593 3218 3656 ὡς
3253 3593 3346 3644 ἐπὶ
3391 3589 3723 3662 ἀνθρώπων;

2158 3693 2309 3760 Ὀρθ.
2343 3691 2463 3745 Τῶν
2490 3691 2586 3761 μὲν
2613 3687 2932 3760 ἀνθρώπων,
2962 3685 3196 3744 Παύλου,
3237 3685 3328 3736 καὶ
3370 3683 3607 3752 Πέτρου,
3636 3682 3725 3733 καὶ

2147 3784 2434 3855 Τιμοθέου,
2470 3780 2912 3854 προῡπάρχουσιν
2967 3777 3262 3848 ἄνθρωποι.
3316 3775 3412 3828 καὶ
3471 3774 3578 3825 τῶν
3627 3771 3726 3841 πρὸ

2147 3877 2326 3930 αὐτῶν
2377 3875 2557 3930 ἄλλοι·
2589 3872 2682 3925 τοῦ
2729 3873 2786 3924 δὲ
2841 3870 3011 3940 Ἀδὰμ
3047 3870 3107 3922 οὐ
3156 3867 3504 3939 προῦπάρχει
3550 3863 3724 3926 ἀλλος,

2149 3969 2260 4022 ἀλλ’
2305 3968 2466 4031 αὐτὸς
2517 3967 2544 4018 6
2596 3964 2742 4026 Θεός.
2785 3962 2994 4032 Πατρδς
3036 3961 3092 4014 δὲ
3147 3961 3240 4012 καὶ
3280 3957 3433 4020 Υἱοῦ,
3466 3955 3726 4022 καὶὰγίου

2149 4057 2460 4127 Πνεῦματος
2503 4053 2652 4106 οὐδὲν
2681 4053 3023 4122 προῦπάρχει
3041 4066 3054 4079 ·
3083 4048 3197 4101 ἀλλ’
3239 4048 3301 4099 ἐκ
3339 4045 3434 4098 τοῦ
3462 4044 3674 4116 Πατρὸς
3699 4044 3728 4095 6

2150 4150 2276 4212 Υἱὸς
2296 4147 2636 4218 γεγέννηται,
2661 4146 2752 4196 καὶ
2769 4145 2828 4195 τὸ
2855 4141 3074 4210 Πνεῦμα
3101 4139 3478 4210 ἐκπορεύεται.
3505 4133 3727 4191 Μακεό.

2149 4243 2263 4303 Οὐκ
2322 4241 2464 4294 ἐστιν
2512 4235 2603 4291 οῦν
2658 4236 2750 4290 τοῦ
2806 4234 2936 4288 Tim";
2963 4234 3021 4286 τὺ
3060 4232 3313 4302 Πνεῦμα;
3365 4229 3726 4298 Ὀρθ.Πάντα

2153 4333 2253 4404 μὲν
2302 4333 2371 4384 τὰ
2402 4331 2495 4384 τοῦ
2562 4329 2794 4400 Πατρὸς,
2835 4329 2941 4380 eisi.
2991 4326 3084 4377 καὶ
3112 4324 3204 4378 τοῦ
3232 4322 3382 4376 Υἱοῦ.
3421 4322 3533 4375 Καὶ
3571 4319 3727 4390 γάρὸ

2164 4424 2480 4485 Ἀπόστολος
2535 4422 2680 4488 λέγει
2740 4421 2831 4472 καὶ
2891 4417 2984 4470 τοῦ
3035 4416 3268 4488 Πατρδς,
3321 4414 3416 4467 καὶ
3452 4413 3546 4466 τοῦ
3601 4408 3726 4464 Υἱοῦ

478 4519 716 4575 quoque,
747 4503 1012 4574 Spiritum
1046 4485 1182 4558 esse
1207 4513 1260 4558 et
1288 4505 1468 4562 Patris
1494 4516 1548 4560 ct
1582 4505 1725 4560 Filii.
1774 4505 1866 4559 Sic
1901 4506 2041 4560 enim

2151 4514 2287 4570 εἶναι
2320 4516 2379 4569 τὸ
2412 4515 2653 4584 Πνεῦμα,
2685 4513 2855 4573 οὓτως
2879 4511 3076 4578 λέγων·
3120 4529 3137 4558 ι
3174 4509 3362 4577 Ὑμεῖς
3394 4505 3450 4558 δὲ
3479 4505 3579 4558 οῦκ
3611 4500 3727 4554 ἐστὲ

481 4599 756 4667 loquitur:
795 4617 814 4648 ι
849 4595 956 4652 Vos
987 4605 1166 4651 autem
1209 4598 1264 4651 in
1299 4614 1464 4653 carne
1515 4617 1624 4653 non
1676 4601 1834 4662 estis,
1863 4598 1957 4654 sed
1993 4599 2041 4652 in

2153 4612 2208 4662 ἐν
2236 4610 2418 4680 σαρκὶ,
2449 4607 2561 4662 ἀλλ’
2594 4609 2650 4658 ὲν
2677 4607 2964 4674 πνεύματι,
2992 4603 3148 4671 εἴπερ
3175 4600 3399 4669 Πνεῦμα
3433 4597 3570 4650 Θεοῦ
3595 4595 3730 4647 οἰκεῖ

477 4691 788 4759 spiritu;si
835 4697 1015 4746 tamen
1068 4688 1306 4761 Spiritus
1358 4689 1451 4746 Dei
1499 4692 1709 4746 habitat
1762 4693 1817 4746 in
1871 4692 2041 4746 vobis.

2153 4703 2209 4754 ὲν
2243 4702 2389 4770 ὑμῖν.
2420 4701 2482 4753 Εἰ
2539 4699 2596 4751 δέ
2626 4715 2710 4760 τις
2753 4695 2976 4765 Πνεῦμα
3020 4690 3254 4763 Χριστοῦ
3293 4691 3393 4742 οὐκ
3415 4689 3552 4756 ἔχει,
3583 4682 3728 4745 οὗτος

479 4783 633 4848 Quod
657 4784 703 4837 si
735 4783 858 4852 quis
901 4782 1161 4852 Spiritum
1213 4782 1416 4837 Christi
1482 4799 1590 4838 non
1641 4785 1822 4845 habet,
1861 4783 1908 4838 is
1942 4799 2041 4837 non

2152 4794 2252 4846 οὐκ
2275 4794 2418 4845 ἔστιν
2446 4791 2631 4846 αὑτοῦ.
2665 4791 2727 4842 Εἰ
2757 4785 3055 4858 δὲΧριστδς
3082 4787 3140 4836 ὲν
3171 4785 3318 4853 ὑμῖν,
3355 4782 3414 4832 τὺ
3448 4780 3546 4850 μὲν
3575 4778 3730 4845 σῶμα

479 4883 562 4927 est
603 4872 744 4941 ejus,
781 4873 837 4926 Si
868 4883 1049 4928 autem
1084 4874 1339 4929 Christus
1389 4875 1444 4928 in
1490 4875 1646 4929 vobis
1696 4882 1801 4937 est,
1849 4890 2041 4944 corpus

2153 4887 2343 4957 νεκρὸν
2371 4886 2436 4939 δι’
2475 4885 2767 4955 ἁμαρτίαν,
2824 4881 2884 4933 τὸ
2935 4879 2991 4932 δὲ
3032 4875 3248 4946 πνεῦμα
3281 4873 3394 4944 ζωὴ
3420 4873 3507 4925 διὰ
3535 4871 3730 4957 δικαιο-

483 4965 701 5040 quidem
741 4976 1017 5021 mortuum
1060 4975 1144 5021 est
1196 4977 1418 5036 propter
1466 4979 1770 5037 peccatum,
1825 4968 2041 5035 spiritus

2157 4955 2340 5048 mium.
2400 4978 2462 5028 Ei
2522 4975 2579 5028 δὲ
2633 4975 2694 5025 τὸ
2740 4971 2962 5041 Πνεῦμα
3007 4968 3100 5021 τοῦ
3140 4966 3441 5037 ἐγείροντος
3501 4955 3727 5033 Χριστὸν

485 5073 612 5112 vero
647 5057 777 5116 vivit
812 5065 1035 5128 propter
1066 5057 1536 5127 justiticationem.
1589 5059 1746 5124 Quod
1793 5059 1837 5113 si
1874 5057 2041 5128 Spiri-

2169 5065 2371 5136 Ἰησοῦν
2427 5066 2491 5117 ὲκ
2527 5062 2634 5114 τῶν
2687 5059 2892 5130 νεκρῶν
2943 5059 3083 5110 οἰκεῖ
3119 5055 3176 5105 ἐν
3221 5054 3380 5122 ὑμῖν,
3409 5049 3725 5116 ζωοποιήσει

487 5156 575 5204 tus
615 5149 735 5217 ejus
773 5151 867 5220 qui
903 5150 1191 5203 suscitavit
1218 5149 1404 5207 Jesum
1439 5150 1718 5204 Christum
1751 5164 1782 5202 a
1821 5148 2041 5203 mortui:

2157 5159 2248 5212 καὶ
2275 5157 2344 5210 τὰ
2359 5156 2528 5226 θνητὰ
2551 5153 2776 5224 σώματα
2800 5150 2951 5221 ὑμῶν
2979 5149 3068 5202 διὰ
3082 5148 3174 5200 τοῦ
3207 5142 3539 5204 ἐνοικοῦντος
3569 5134 3724 5192 αὑτοῦ

493 5240 699 5296 habitat
738 5245 794 5296 in
843 5243 1017 5307 vobis,
1053 5242 1352 5297 vivificabit
1410 5253 1462 5297 et
1513 5243 1765 5296 mortalia
1821 5255 2041 5312 corpora

2156 5251 2467 5321 Πνεῦματος
2501 5250 2558 5300 ἐν
2613 5247 2760 5316 ὑμῖν.
2791 5264 2808 5295 ι
2844 5244 2952 5296 Καὶ
2980 5242 3141 5303 αὐτὸς
3172 5239 3228 5294 δὲ
3255 5241 3284 5290 6
3314 5237 3442 5298 Υἱὸς
3469 5231 3608 5295 εἷπε,
3637 5227 3726 5282 τοῦ

488 5342 702 5398 vestra,
757 5349 855 5404 per
909 5335 1304 5388 inhabitantem
1370 5332 1634 5403 Spiritum
1684 5334 1805 5402 ejus
1860 5333 1915 5387 in
1961 5348 2041 5385 vo-

2159 5343 2371 5413 Πατρὸς
2397 5340 2558 5394 αὑτοῦ
2589 5335 2728 5392 εἶναι
2759 5338 2820 5390 τὸ
2847 5335 3091 5405 Πνεῦμα.
3117 5329 3338 5386 Μακδδ.
3365 5323 3529 5390 Πῶςς
3576 5323 3721 5413 ’θρίξ

487 5422 571 5478 bis
591 5424 657 5477 ".
693 5443 713 5476 ι
739 5423 804 5476 Ει
836 5423 1008 5480 Filius
1041 5426 1158 5494 ipse
1205 5425 1452 5478 nominat
1499 5439 1621 5478 cum
1655 5423 1921 5493 Spiritum
1955 5423 2041 5475 Pa-

2165 5452 2184 5484 ι
2218 5408 2296 5486 06
2313 5432 2420 5503 γάρ
2450 5433 2570 5482 ἐστε
2597 5430 2752 5498 ὑμεῖς
2769 5428 2817 5479 οἱ
2834 5424 3138 5485 λαλοῦντες,
3159 5419 3293 5473 ἀλλά
3319 5417 3378 5470 τὸ
3401 5415 3623 5503 Πνεῦμα
3637 5408 3724 5503 τοῦ

488 5513 588 5572 tris
619 5513 723 5567 sui.
760 5511 967 5568 Maced.
999 5493 1324 5580 Quomodo?
1358 5512 1514 5568 Ortlt.
1557 5533 1574 5564 ι
1607 5513 1723 5566 Non
1772 5513 1917 5566 enim
1959 5529 2041 5567 vo:

2159 5493 2370 5586 116.196;
2391 5493 2402 5503 ’
2425 5514 2485 5567 τὸ
2513 5493 2704 5565 λαλοῦν
2733 5513 2790 5562 ὲν
2823 5511 2968 5579 ὑμῖν.
3006 5527 3024 5558 ι
3056 5506 3165 5558 Καὶ
3202 5503 3364 5565 αὐτὸς
3401 5501 3458 5552 δὲ
3492 5501 3520 5550 6
3549 5493 3725 5563 Πατὴρ

488 5605 646 5666 estis.
676 5607 770 5675 qui
797 5607 1101 5678 loquimini,
1148 5609 1243 5663 sed
1275 5605 1518 5676 Spiritus
1549 5605 1731 5660 Patris
1763 5607 1855 5676 qui
1871 5606 2041 5695 .loqui-

2161 5604 2351 5660 ἑαυτοῦ
2383 5604 2532 5670 λέγει
2563 5601 2624 5654 τὸ
2655 5599 2876 5669 Πνεῦμα
2899 5597 2986 5650 διὰ
3011 5593 3104 5650 τοῦ
3141 5592 3421 5662 προφήτου
3445 5586 3685 5656 λέγοντος
3707 5593 3722 5606 ⁸

553 5760 602 5802 ιι
638 5759 827 5825 ιιι-ειη,
867 5778 947 5825 γι,
985 5762 1070 5817 ιδ,
1149 5761 1189 5790 ³⁷
1229 5760 1387 5814 Rom.
1429 5778 1556 5828 vni,
1593 5761 1744 5816 9-H.
