3982 6398
220 359 359 420 i305

1275 364 1554 422 CONTRA
1586 363 1940 422 MACEDON.
1981 363 2326 422 DIALOGUS
2359 365 2399 422 l.

3318 365 3454 423 1303

224 497 250 536 ε
289 481 376 534 Ἐν
394 483 514 544 ταῖς
540 481 795 552 ἐσχάταις
823 484 1056 556 ἡμέραις
1084 485 1257 555 ἐκχεῶ
1287 488 1396 542 ἀπὸ
1418 487 1512 542 τοῦ
1541 487 1784 558 Πνεῦμα-

1897 494 1986 540 ιιιι·
2007 489 2064 543 in
2099 487 2256 544 vobis
2279 489 2346 544 ".
2380 508 2398 542 ι
2440 486 2580 554 Quin
2607 485 2771 543 Pater
2801 488 2922 558 Ipse
2949 500 3106 543 suum
3136 497 3258 539 esse
3285 481 3458 554 Spiri-

218 571 311 634 τᾶς
344 588 447 642 μου
503 571 596 625 επὶ
650 575 826 628 πᾶσαν
853 575 1050 646 σάρκα.
1081 595 1100 629 ι
1138 575 1357 634 Haud.
1399 579 1458 633 '0
1489 579 1613 644 Υίός
1640 581 1784 633 ἐστιν

219 666 249 719 6
274 664 469 733 λέγων.

292 843 381 898 il.
409 846 564 912 Ὄρθ.
608 844 902 912 Ἀνάγνωθι
938 846 1027 899 τὸν
1068 847 1404 914 Ἀπόστολον,
1437 849 1524 902 ἵνα
1549 849 1787 922 ἀκούσῃς

221 935 403 990 αὑτοῦ.
435 937 592 1004 Λέγει
618 937 725 1006 γὰρ
745 935 934 1000 οὕτως,
957 938 1180 1008 γράφων
1207 938 1284 1008 τῷ
1312 939 1502 992 ἑαυτοῦ
1533 939 1744 1011 μαθητῇ
1766 957 1781 972 ο

225 1047 246 1082 ι
275 1029 404 1081 Ὅτε
435 1028 490 1081 δὲ
521 1029 816 1099 ὲπεφάνηή
847 1029 1004 1100 χάρις
1029 1029 1122 1082 τοῦ
1161 1030 1408 1100 Σωτῆρος
1445 1030 1600 1100 ἡμῶν
1625 1030 1780 1095 Θεοῦ,

219 1119 318 1174 οὐκ
363 1119 422 1184 ἐξ
461 1121 638 1190 ἔργων
690 1119 796 1173 τῶν
845 1123 901 1173 ὲν
965 1121 1302 1194 δικαιοσύνῃ,
1338 1115 1412 1175 ὧν
1453 1123 1785 1193 ἐποιήσαμεν

219 1215 402 1284 ἡμεῖς,
443 1211 578 1265 ἀλλὰ
619 1213 758 1266 κατά
795 1213 854 1266 τὸ
883 1213 1045 1266 αὐτοῦ
1081 1213 1226 1277 ἔλεος
1255 1213 1454 1267 ἔσωσεν
1493 1216 1657 1285 ἡμᾶς.
1697 1215 1784 1270 διά

221 1302 443 1374 λουτροῦ
470 1303 885 1371 παλιγγενεσίας
917 1304 1008 1356 καί
1034 1302 1445 1368 ἀνακαινώσεως
1471 1304 1784 1376 Πνεῦματος

220 1395 394 1464 ἁγίου,
420 1386 482 1448 οῦ
521 1395 729 1466 ἐξέχεεν
751 1397 832 1463 ἐφ’
856 1397 1002 1465 ἡμᾶς
1027 1395 1313 1458 πλουσίως,
1337 1394 1424 1449 διὰ
1456 1396 1628 1464 Ἰησοῦ
1653 1397 1785 1468 Χρι-

221 1484 344 1538 στοῦ
396 1485 490 1538 τοῦ
540 1484 741 1555 Κυρίου
800 1485 891 1538 καὶ
938 1485 1185 1554 Σωτῆρος
1245 1481 1423 1552 ἡμῶν.
1485 1501 1503 1534 ι
1558 1483 1780 1540 Μακεδ.

231 1577 420 1647 Ἡμεῖς
447 1577 506 1628 οὐ
536 1575 808 1646 δυνάμεθα
846 1575 1013 1628 εἰπεῖν
1052 1574 1179 1643 μίαν
1211 1574 1371 1642 φύσιν
1428 1575 1657 1646 Πατρὸς,
1689 1576 1782 1628 καὶ

221 1669 370 1734 Υξοῦ,
404 1669 502 1721 καὶ
549 1667 702 1736 ἁγίου
758 1666 1087 1736 Πνεῦματος.
1129 1667 1284 1735 Ὄρθ.
1329 1666 1640 1736 Ὀμολογεῖς
1689 1667 1784 1719 καὶ

218 1743 379 1822 αῦτδς
422 1759 512 1812 τὸν
554 1759 772 1828 Πατέρα
829 1753 964 1812 εἶναι
1019 1757 1193 1826 ἅγιον,
1256 1759 1384 1830 περὶ
1428 1754 1488 1813 οῦ
1535 1760 1780 1828 είρηταιυ

1889 585 2004 633 tum
2037 589 2270 635 testatur
2313 597 2408 650 per
2441 581 2762 651 prophetam
2791 581 3102 636 dicentem:
3132 597 3150 630 ι
3183 577 3240 631 ιιι
3273 579 3457 634 novis-

1885 671 2042 726 simis
2067 671 2260 727 diebus
2290 672 2564 727 eﬂ'undam
2589 672 2658 728 de
2683 673 2877 744 spiritu
2911 687 3032 727 meo
3057 685 3220 740 super
3241 683 3456 726 onmem

1884 776 2107 816 carnem
2128 763 2194 816 δ’.
2233 783 2252 814 ι
2284 763 2490 818 Haced.
2531 761 2704 819 Filius
2733 770 2819 818 est
2845 763 2939 833 qui
2974 763 3217 832 loquitur

1953 854 2041 908 il.
2090 854 2243 910 Orth.
2286 855 2605 924 Apostolum
2648 856 2784 926 lege,
2818 861 2878 908 ut
2916 855 3091 924 ipsum
3123 855 3332 910 audias.
3367 854 3458 911 Sic

1882 945 2027 1000 enim
2058 947 2146 1001 ille
2185 947 2251 1000 ad
2285 947 2612 1018 discipulum
2645 962 2802 1002 suam
2837 948 3086 1002 scribens
3110 947 3220 1000 ait:
3252 965 3271 998 ι
3302 946 3458 1002 Ροει-

1883 1053 2044 1108 quam
2077 1039 2328 1108 apparuit
2359 1040 2530 1109 gratia
2564 1039 2864 1094 Salvatoris
2893 1039 3065 1093 nostri
3099 1037 3214 1101 Dei,
3251 1053 3361 1094 non
3389 1054 3457 1094 ex

1883 1129 2140 1198 operibus
2170 1129 2414 1196 justitiae,
2447 1145 2568 1200 qua:
2597 1130 2822 1185 fecimus
2861 1143 2984 1193 nos,
3034 1129 3127 1183 sed
3155 1128 3452 1184 secundum

1884 1233 2040 1275 suam
2068 1217 2504 1274 misericordiam
2537 1221 2714 1276 salvos
2742 1235 2840 1274 nos
2874 1219 3020 1282 fecit,
3058 1235 3154 1289 per
3183 1220 3456 1275 lavacrum

1883 1307 2313 1377 regenerationis
2337 1318 2390 1363 et
2423 1311 2784 1366 renovationis
2811 1309 3047 1380 Spiritus
3070 1309 3266 1370 sancti,
3296 1325 3453 1379 quem

1881 1399 2072 1454 eﬁ‘udit
2113 1401 2165 1452 in
2215 1415 2315 1454 nos
2343 1401 2558 1456 abunde
2592 1417 2689 1470 per
2743 1399 2927 1456 Jesum
2961 1402 3236 1457 Christum
3270 1400 3454 1456 Domi-

1882 1505 2014 1544 num
2061 1489 2397 1546 Salvatorem
2445 1499 2691 1546 nostrum
2743 1492 2811 1546 ⁸ο.
2862 1511 2880 1543 ι
2939 1490 3144 1546 Maced.
3198 1490 3308 1545 Nos
3346 1505 3454 1544 non

1883 1598 2176 1652 possumus
2225 1598 2388 1638 unam
2432 1581 2611 1637 Patris
2651 1590 2706 1638 et
2748 1581 2869 1636 Filii
2915 1593 2970 1636 et
3004 1583 3238 1652 Spiritus
3279 1584 3452 1635 sancti

1883 1684 2135 1729 naturam
2162 1675 2424 1745 proﬁteri.
2462 1674 2612 1729 Ortli.
2645 1674 2807 1744 Atqui
2839 1673 3052 1727 Patrem
3085 1674 3200 1742 ipse
3239 1687 3456 1742 quoque

1883 1774 2132 1822 sanctum
2177 1767 2478 1829 conﬁteris,
2520 1766 2587 1820 de
2630 1781 2739 1836 quo
2768 1765 2970 1819 dictum
3000 1770 3121 1818 est:
3163 1781 3181 1814 ι
3223 1761 3457 1818 Sanctus

223 1873 239 1902 ι
284 1851 475 1918 Ἀγιος
502 1850 530 1902 6
554 1851 610 1902 ὲν
638 1849 810 1916 ἁγίοις
848 1849 1274 1919 ἀναπαυόμενος.
1326 1869 1344 1900 ι
1390 1849 1611 1903 Μακεδ.
1652 1849 1778 1904 Ναί.

1886 1865 1940 1912 ει
1968 1857 2021 1910 in
2050 1858 2254 1912 sanctis
2284 1859 2630 1928 requiescens
2652 1835 2721 1912 ⁵⁸.
2754 1877 2773 1909 ι
2806 1855 3016 1912 Maced.
3063 1855 3258 1910 Etiam.
3303 1853 3452 1911 om.

218 1943 369 2008 Ὀρθ.
409 1940 597 2003 Οὕτως
631 1939 808 2005 λέγεις
848 1939 1035 2008 ἁγίους
1077 1939 1203 2004 τοὺς
1241 1940 1522 2007 ἀγγέλους,
1573 1939 1648 2001 ὡς
1692 1939 1781 1992 τδν

217 2034 464 2105 Πατέρα;
495 2032 714 2088 Μακεδ.
742 2035 804 2086 Oi
833 2033 1048 2100 ἄγγελοι
1085 2035 1280 2102 μετοχῇ
1334 2031 1604 2102 ἁγιασμοῦ
1647 2035 1781 2085 εἰσιν

217 2125 360 2191 ano.
381 2140 396 2152 ·
425 2125 454 2176 6
477 2122 534 2175 δὲ
560 2123 748 2194 Πατὴρ
789 2121 946 2190 φύσει
983 2123 1131 2176 ἐστὶν
1162 2123 1330 2190 άγιος.
1368 2123 1520 2189 Ὀρθ.
1575 2121 1779 2186 Οὕτως,

215 2215 290 2277 ὠς
317 2217 366 2268 οἱ
393 2214 611 2282 ἄγγελοι
646 2215 839 2283 μετοχῇ
868 2215 1003 2266 εἰσιν
1025 2213 1188 2282 ειγιοι,
1209 2213 1360 2281 ἅγιος
1382 2215 1410 2266 6
1436 2213 1579 2276 Υἱὸς,
1609 2213 1640 2284 ἢ
1667 2215 1784 2276 ὡςὸ

217 2304 435 2376 Πατήρ;
465 2303 686 2358 Μακεδ.
715 2304 803 2366 Ὠς
835 2305 863 2356 6
884 2304 1072 2375 Πατήρ
1093 2321 1106 2334 ·
1133 2303 1272 2357 κατά
1299 2302 1473 2356 πάντα
1501 2303 1605 2374 γὰρ
1626 2304 1782 2357 αὑτὸν

214 2393 398 2462 ὅμοιον
431 2393 591 2461 λέγω.
611 2393 754 2460 Ὀρθ.
774 2393 845 2445 Τὸ
866 2392 1086 2463 Πνεῦμα
1110 2392 1170 2445 τδ
1208 2393 1358 2461 ἅγιον
1407 2392 1578 2456 οὕτως
1607 2394 1784 2462 λέγεις

216 2482 390 2549 ἅγιον,
429 2483 505 2546 ὡς
536 2483 660 2545 τοὺς
687 2483 970 2551 ἀγγέλους,
1002 2483 1034 2554 ἢ
1067 2484 1141 2547 ὡς
1178 2482 1266 2536 τὸν
1301 2483 1522 2554 Πατέρα
1561 2486 1651 2538 καὶ
1695 2485 1784 2538 τὸν

218 2576 378 2642 Υίόν;
408 2576 632 2631 Μακεὸ.
667 2576 753 2638 Ὠς
785 2576 874 2628 τὸν
900 2575 1116 2645 Πατέρα
1165 2576 1256 2628 καὶ
1305 2575 1393 2629 τὸν
1440 2577 1584 2631 Υίόν.
1628 2578 1781 2645 Ὀρθ.

215 2670 328 2739 Τῆς
349 2663 520 2739 αὐτῆς
539 2669 647 2739 ἄρα
681 2667 892 2738 φύσεώς
916 2670 1030 2721 ἐστι
1065 2669 1236 2738 Πατρὶ
1265 2669 1360 2721 καὶ
1391 2669 1535 2739 mp;
1562 2669 1782 2725 Μακεδ.

217 2761 325 2814 Καὶ
359 2760 407 2812 εί
433 2759 668 2830 άληθῶς,
701 2759 775 2819 ὡς
803 2759 1008 2825 λέγετε,
1039 2757 1135 2827 μία
1169 2757 1326 2826 φύσις
1368 2759 1481 2812 ἐστί
1505 2776 1518 2789 ο
1565 2759 1786 2824 καθέζε-

219 2871 304 2908 ται
322 2854 379 2907 δὲ
417 2857 446 2907 6
472 2854 598 2916 Υἱὸς
629 2855 692 2905 ὲκ
718 2851 904 2916 δεξιῶν
930 2851 1023 2904 τοῦ
1057 2852 1268 2922 Πατρός
1290 2869 1304 2882 ·
1355 2852 1456 2905 ποῦ
1499 2851 1785 2914 καθέζεται

218 2947 278 3000 τὸ
308 2946 535 3015 Πνεῦμα
553 2963 569 3011 ;
595 2948 747 3012 Ὀρθ.
777 2946 879 2998 Σὺν
893 2943 1040 3014 αὐτῷ
1054 2943 1130 3015 τῷ
1147 2941 1383 3014 Χριστῷ.
1405 2944 1464 2996 Ei
1480 2944 1584 3014 γὰρ
1603 2946 1783 3014 ἡμεῖς,

218 3039 292 3102 ὠς
317 3038 465 3106 λέγει
491 3037 723 3101 Παῦλος,
753 3034 1216 3106 συγκαθεζόμεθα,
1238 3035 1394 3106 δῆλον
1417 3037 1497 3088 ὅτι
1516 3036 1673 3104 (17⁸⁸)
1694 3036 1786 3089 καὶ

217 3131 276 3185 τὸ
293 3131 553 3201 Πνεῦμα*
585 3128 671 3182 διά
697 3129 803 3200 γάρ
824 3128 955 3182 αὐτὸ
983 3128 1077 3181 καὶ
1105 3129 1286 3198 ἡμεῖς.
1314 3125 1536 3181 Hand.
1564 3125 1670 3179 Ποῦ
1691 3127 1784 3195 γέ-

217 3240 479 3294 γραπται,
515 3223 597 3274 ὅτι
630 3223 721 3274 καὶ
769 3223 926 3291 ἡμεῖς
973 3217 1446 3289 συγκαθεζόμεθας
1490 3221 1642 3286 Ὀρθ.
1694 3220 1780 3271 Ἐν

215 3316 282 3384 τῇ
327 3313 466 3382 πρὸς
505 3312 782 3379 Ἐφεσίους
819 3310 1102 3380 Ἐπιστολῇ
1135 3309 1477 3380 γέγραπται·
1513 3327 1530 3360 ι
1556 3309 1780 3362 K1169-

213 3422 314 3468 τας
341 3406 491 3475 ἡμᾶς
515 3405 740 3474 νεκροὺς
765 3405 874 3466 τοῖς
899 3400 1325 3474 παραπτώμασι,
1353 3401 1780 3471 συνεζωοποίησε

212 3497 292 3567 τῷ
314 3496 554 3568 Χριστῷ,
595 3497 690 3549 καὶ
722 3497 1024 3568 συνήγειρε,
1055 3496 1147 3548 καὶ
1181 3492 1530 3548 συνεκάθισεν
1572 3495 1629 3546 έν
1671 3496 1782 3557 τοῖς

214 3590 482 3662 οὐρανοῖς.
510 3607 528 3639 ι
549 3587 830 3641 Ἀδύνατον
844 3588 899 3640 δὲ
917 3587 1236 3655 συγκαθίσαι
1250 3585 1369 3638 τινὰ
1381 3583 1458 3654 τῷ
1475 3586 1515 3638 Χ
1526 3583 1691 3655 ριστῴ
1709 3583 1783 3654 μὴ

211 3683 503 3754 γενόμενον
535 3681 660 3734 ναὸν
679 3678 771 3733 τοῦ
799 3679 1128 3750 Πνεῦματος.
1146 3679 1206 3730 El
1234 3677 1288 3729 δὲ
1318 3677 1346 3728 6
1373 3675 1500 3738 ναὸς
1522 3675 1785 3743 συγκαθέ-

217 3771 392 3838 ζεται.
427 3771 480 3825 τί
501 3771 568 3824 ἂν
597 3773 770 3832 εἴποις
796 3770 922 3840 περὶ
951 3769 1045 3824 τοῦ
1080 3767 1411 3830 ἐνοικοῦντος
1437 3765 1780 3837 Πνεῦματοςς

215 3865 438 3921 Mares.
480 3864 856 3918 Ἀποστολικὺν
871 3864 931 3916 τὸ
950 3861 1173 3931 Πνεῦμά
1197 3864 1342 3914 ἐστιν
1365 3877 1379 3891 ο
1404 3858 1783 3913 ἀποστέλλεται

212 3959 341 4030 γάρ.
379 3957 534 4025 ’0p0.
578 3958 635 4010 '0
661 3958 768 4028 γὰρ
811 3957 937 4020 Υἱὸς
977 3956 1075 4008 οὐκ
1107 3953 1520 4017 ἀποστέλλεται;
1561 3949 1780 4008 Μακεδ.

214 4050 344 4104 Ναί.
365 4051 518 4117 Ὀρθ.
538 4049 630 4119 Μὴ
655 4049 763 4102 ἀπὸ
775 4048 938 4101 τόπου
963 4049 1041 4110 εις
1061 4047 1223 4100 τόπον
1243 4043 1540 4113 ἀπεστάλης
1565 4043 1783 4097 Μακεό.

217 4139 316 4194 Οῦο
347 4141 623 4211 πανταχοῦ
658 4141 765 4212 γὰρ
795 4139 936 4207 λέγω
960 4133 1098 4192 εἶναι
1144 4141 1235 4191 τὸν
1262 4137 1388 4191 Υἱὸν
1409 4135 1502 4189 καὶ
1539 4135 1630 4188 τὸν
1673 4135 1788 4187 Πα-

213 4230 369 4302 τέρα.
399 4231 555 4297 ‘0p6.
590 4231 663 4282 Τὸ
685 4229 740 4282 δὲ
769 4229 991 4298 Πνεῦμα
1017 4228 1077 4280 τὸ
1102 4227 1255 4294 ἅγιον
1285 4226 1346 4278 οὐ
1387 4224 1662 4293 πανταχοῦ
1703 4222 1788 4275 λέ-

213 4339 371 4390 γεις;
409 4322 628 4376 Μακεδ.
665 4321 793 4376 Ναί.
823 4321 977 4387 Ὀρθ.
1011 4320 1074 4372 Ei
1129 4317 1401 4387 πανταχοῦ
1447 4319 1592 4369 ἐστιν
1625 4317 1652 4367 6
1679 4317 1790 4368 Πα-

211 4415 341 4485 τὴρ,
369 4416 464 4467 καὶ
490 4413 766 4484 πανταχοῦ
798 4415 944 4466 ἐστιν
975 4414 1004 4466 6
1057 4411 1184 4474 Υἱὸς
1206 4451 1221 4474 ,
1267 4411 1360 4464 καὶ
1408 4409 1681 4479 πανταχοῦ
1730 4407 1788 4460 τὸ

1883 1947 2099 2004 Siccine
2134 1959 2356 2003 sanctos
2397 1949 2534 2003 dicis
2581 1949 2822 2018 angelos,
2856 1947 3312 2016 quemadmodum
3355 1941 3460 1998 Pa-

1879 2037 2276 2093 tremHIaced.
2301 2039 2486 2108 Angeli
2505 2039 2806 2094 sanctitatis
2839 2038 3254 2107 participatione
3281 2035 3458 2090 sancti

1879 2136 2009 2184 sunt
2033 2149 2045 2184 :
2086 2129 2245 2184 Pater
2265 2139 2445 2184 autem
2464 2138 2660 2183 natura
2687 2137 2909 2183 sanctus
2929 2136 3032 2183 est.
3071 2126 3280 2200 ([‘i'l’“]
3301 2125 3456 2182 Orth.

1879 2220 2075 2274 Filium
2121 2236 2249 2276 vero
2297 2236 2404 2274 non
2455 2220 2596 2274 dicis
2637 2219 2935 2274 sanctum?
2978 2217 3186 2274 Μαρια.
3237 2217 3458 2286 Etiam.)

1883 2311 2039 2367 Orllt.
2068 2311 2301 2374 Siccine,
2331 2318 2390 2366 ut
2415 2311 2588 2381 angeli
2626 2310 2798 2364 sancti
2840 2321 2967 2365 sunt
3015 2308 3454 2378 participatione,

1882 2401 2048 2456 Filius
2078 2412 2301 2458 sanctus
2333 2409 2438 2464 est,
2469 2416 2537 2455 an
2585 2408 2644 2455 ut
2687 2399 2884 2454 Pater?
2916 2398 3122 2454 Maced.
3154 2399 3244 2459 ,Ut
3274 2397 3457 2458 Pater.

1882 2495 1972 2549 cui
2006 2511 2130 2548 eum
2159 2495 2213 2548 in
2257 2495 2514 2549 omnibus
2547 2493 2778 2548 similem
2823 2491 3101 2562 proﬁteor.
3139 2490 3292 2546 Orth.
3331 2489 3457 2560 Spi-

1882 2589 2045 2642 ritum
2089 2595 2338 2642 sanctum
2384 2587 2647 2641 eademne
2691 2583 2918 2649 ratione,
2959 2597 3067 2653 qua
3115 2582 3356 2651 angelos,
3390 2595 3458 2634 an

1881 2691 1990 2746 qua
2025 2675 2238 2732 Patrem
2275 2684 2331 2732 et
2363 2675 2582 2738 Filium,
2609 2682 2862 2728 sanctum
2904 2671 3218 2728 conﬁteris?
3247 2668 3456 2724 Haud.

1884 2765 2084 2822 Eadem
2118 2783 2225 2838 qua
2258 2766 2469 2822 Patrem
2511 2775 2564 2820 et
2597 2765 2814 2821 Filium.
2866 2764 3020 2822 Orth.
3064 2763 3318 2831 Ejusdem
3355 2762 3459 2831 igi-

1883 2867 1974 2914 tur
2001 2860 2158 2928 cujus
2182 2859 2338 2914 Pater
2361 2869 2413 2913 et
2445 2857 2612 2913 Filius
2641 2865 2726 2912 est
2758 2867 2966 2911 naturae
2991 2856 3014 2910 ?
3043 2853 3252 2909 Μαρια.
3284 2852 3339 2908 Si
3371 2869 3458 2908 re-

1883 2967 2033 3016 vera,
2075 2963 2131 3006 ιιι
2161 2950 2459 3015 alﬁrmatis,
2488 2964 2597 3003 una
2630 2957 2824 3002 natura
2855 2958 2976 3002 est:
3019 2956 3072 3001 et
3112 2960 3243 2999 vero
3287 2942 3460 2997 Filius

1887 3043 1954 3097 ad
1983 3045 2230 3098 dextram
2261 3041 2441 3096 Patris
2471 3040 2650 3097 sedet:
2679 3041 2768 3094 ubi
2817 3041 2967 3094 sedet
3002 3035 3271 3107 Spiritus?
3305 3033 3458 3090 Orth.

1886 3135 2040 3205 Apud
2085 3134 2361 3191 Christum
2385 3134 2585 3204 ipsum.
2618 3130 2673 3185 Si
2707 3131 2874 3192 enim,
2905 3137 2961 3183 ut
2997 3129 3072 3182 ait
3105 3125 3328 3188 Paulus,
3361 3140 3460 3178 nos

1884 3239 2099 3294 quoque
2123 3239 2312 3278 sumus
2339 3221 2650 3277 consessuri
2677 3240 2691 3275 :
2721 3236 2826 3276 non
2852 3219 3075 3273 dubittm
3097 3225 3181 3272 est
3203 3224 3256 3271 et
3288 3215 3461 3285 Spiri-

1881 3323 1996 3370 tum
2030 3322 2302 3377 sanctutn,
2329 3314 2531 3383 quippe
2560 3329 2654 3382 per
2684 3328 2846 3382 quem
2875 3320 2930 3366 et
2954 3325 3076 3365 nos.
3110 3307 3319 3363 Maced.
3354 3303 3459 3361 Ubi

1883 3407 2142 3476 scripturn
2187 3419 2292 3468 est,
2334 3419 2434 3460 nos
2477 3419 2694 3474 quoque
2738 3417 2845 3456 una
2894 3400 3190 3457 sessurus?
3221 3397 3373 3454 Orth.
3401 3396 3461 3452 ln

1885 3498 2128 3567 Epistula
2162 3496 2229 3550 ad
2263 3494 2526 3566 Ephesios
2550 3495 2810 3563 scriptum
2839 3503 2956 3548 est:
2994 3511 3012 3542 ι
3042 3492 3176 3546 Cum
3213 3505 3461 3546 essemus

1883 3588 2080 3643 mortui
2114 3588 2372 3657 peccatis,
2425 3585 2823 3640 convitiﬁcavit
2853 3599 2956 3640 nos
3005 3584 3061 3638 in
3111 3583 3353 3644 Christo,
3404 3590 3460 3637 et

1883 3679 2360 3742 conresuscitavit,
2387 3684 2442 3731 et
2467 3677 2522 3730 in
2542 3675 2857 3731 cmlestibus
2879 3675 3175 3729 consedere
3204 3672 3331 3726 fecit
3356 3671 3420 3726 ".
3436 3691 3457 3724 ι

1883 3771 2001 3826 Non
2029 3778 2206 3840 potest
2252 3769 2396 3824 enim
2443 3783 2550 3822 una
2578 3783 2702 3821 cum
2735 3763 2955 3821 Christo
2986 3766 3196 3826 sedere,
3231 3765 3336 3818 nisi
3367 3763 3458 3833 qui

1884 3864 2146 3932 templum
2193 3859 2432 3931 Spiritus
2466 3859 2645 3915 factus
2669 3871 2770 3914 est.
2807 3857 2961 3924 Quod
2992 3858 3038 3912 si
3067 3856 3324 3925 templum
3353 3871 3461 3909 una

1885 3955 2059 4018 sedet,
2092 3953 2222 4023 quid
2259 3953 2325 4008 de
2355 3951 2690 4006 inhabitante
2737 3939 2941 4020 Spiritu
2979 3948 3222 4003 dixeris?
3250 3947 3458 4003 Macati.

1887 4047 2124 4118 Spiritus
2165 4055 2248 4101 est
2295 4045 2540 4099 missus:
2591 4042 2829 4096 mittitur
2877 4041 3044 4096 enim.
3078 4039 3230 4096 Ortlt.
3267 4040 3461 4094 Annon

1886 4141 2121 4195 mittitur
2167 4147 2222 4194 et
2267 4137 2481 4192 Filius?
2523 4134 2732 4190 Maced.
2783 4133 2978 4188 Etiam.
3025 4132 3178 4190 Orth.
3223 4131 3363 4186 Num
3395 4131 3463 4188 do

1886 4233 2007 4288 loco
2039 4232 2092 4286 in
2123 4231 2304 4286 locum
2339 4231 2542 4286 missus
2571 4228 2690 4284 est?
2734 4225 2943 4281 Maced.
2978 4225 3229 4280 Minime:
3263 4222 3465 4278 Filium

1887 4325 2030 4379 enim
2064 4329 2118 4376 et
2151 4321 2368 4378 Patrem
2420 4321 2622 4391 ubique
2671 4336 2793 4375 esse
2838 4319 2981 4373 diro.
3015 4316 3168 4372 Orlh.
3202 4314 3464 4386 Spiritum

1887 4432 1997 4470 non
2027 4416 2165 4470 dicis
2194 4431 2318 4470 esse
2349 4414 2586 4485 ubique?
2617 4410 2823 4467 Μαι-ραι.
2856 4410 3052 4465 Etiam.
3087 4408 3238 4464 Orth.
3270 4407 3324 4461 Si
3355 4408 3470 4461 ubi-

215 4504 472 4574 Πνεῦμα·
503 4505 800 4574 τῆςαῦτῆς
827 4503 1040 4574 φύσεώς
1071 4506 1186 4556 ἐστι
1224 4502 1300 4573 τῷ
1346 4503 1522 4573 Πατρὶ
1568 4502 1662 4554 καὶ
1710 4499 1784 4570 τῷ

1890 4525 1994 4579 que
2025 4515 2110 4562 est
2144 4505 2326 4573 Pater,
2361 4516 2413 4562 et
2441 4507 2641 4576 ubique
2682 4515 2765 4560 est
2800 4502 2990 4566 Filius,
3021 4509 3075 4556 et
3103 4500 3304 4569 ubique
3337 4497 3469 4568 Sp'-

217 4596 334 4667 Υίῷ
364 4597 424 4649 τὸ
459 4597 702 4666 Πνεῦμα.
726 4595 945 4650 Μακεό.
978 4593 1193 4666 Ἐπειδὴ
1218 4596 1312 4647 καὶ
1336 4597 1364 4646 6
1390 4593 1631 4655 διάϐολος
1657 4608 1790 4645 παν-

211 4687 381 4759 ταχοῦ
404 4689 538 4750 ἐστι,
571 4689 668 4759 τῆς
690 4689 856 4758 αὐτῆς
883 4685 1095 4756 φύσεώς
1143 4688 1256 4738 ἐστι
1302 4685 1476 4756 Πατρὶ
1507 4684 1600 4737 καί
1633 4682 1746 4753 Υἱῷ
1771 4699 1785 4746 ;

212 4781 377 4849 ὀρθ.
405 4781 519 4833 Οὐκ
549 4780 664 4832 ἔστι
690 4778 964 4848 πανταχοῦ
1008 4780 1036 4831 ὁ
1081 4775 1323 4838 διάϐολος
1350 4793 1364 4807 ο
1409 4774 1532 4828 οὔτε
1575 4774 1684 4845 γάρ
1733 4776 1789 4826 έν

212 4872 295 4943 τῷ
321 4870 536 4942 οὐρανῷ
563 4873 733 4930 ἐστιν,
775 4869 899 4922 οῦτε
927 4871 982 4922 ὲν
1009 4869 1156 4938 πάσῃ
1197 4871 1261 4938 τῇ
1301 4870 1372 4938 γῇ
1393 4883 1407 4897 ο
1441 4866 1556 4920 ἀλλ’
1601 4866 1790 4936 ὥσπερ

211 4980 298 5025 τις
320 4960 583 5032 τύραννος
608 4962 662 5014 ἐν
690 4961 837 5030 τόπῳ
859 4961 964 5012 τινι⁵
991 4958 1085 5022 ὢν,
1114 4958 1200 5012 διὰ
1219 4959 1324 5010 τῶν
1357 4957 1788 5027 προσταγμάτων

213 5053 410 5107 ἑαυτοῦ
439 5051 783 5106 ἀποστέλλων
811 5052 1106 5122 ὑπηκόους,
1143 5049 1418 5119 πανταχοῦ
1453 5050 1674 5120 κρατεῖν
1701 5047 1790 5100 λέ-

213 5161 393 5213 γεται,
422 5145 550 5198 ἔνθα
577 5145 716 5198 εἰσιν
744 5145 800 5198 αί
850 5144 1286 5216 ὑπηρετούμεναι
1313 5141 1460 5213 αὐτῷ
1499 5141 1755 5211 δυνάμεις
1775 5157 1790 5172 ·

213 5238 308 5290 καὶ
334 5239 401 5307 τῇ
441 5236 540 5305 μὲν
569 5237 864 5290 ὑποστάσει
889 5238 945 5288 ἐν
971 5237 1050 5288 έν¹ι
1079 5235 1226 5305 τόπῳ
1265 5234 1380 5286 ἐστί
1400 5250 1415 5264 ο
1446 5236 1512 5304 τῇ
1549 5233 1605 5286 δὲ
1653 5235 1798 5304 ἐνερ-

214 5328 338 5401 γεία
361 5327 458 5383 τοῦ
485 5329 789 5400 θελήματος
818 5326 1091 5398 πανταχοῦ
1113 5344 1121 5355 '
1144 5329 1273 5380 ὅπου
1290 5325 1332 5378 ὁ⁴
1351 5325 1414 5379 ἂν
1440 5328 1635 5396 κρατῇ,
1659 5321 1796 5379 εἶναι

217 5417 434 5474 λέγεται
451 5437 465 5452 ο
494 5419 668 5482 οὕτως
693 5420 786 5471 καὶ
811 5421 840 5472 6
863 5417 1104 5479 διάϐολος
1121 5419 1186 5486 τῇ
1215 5415 1311 5486 μὲν
1334 5413 1626 5468 ὑποστάσει
1642 5431 1708 5466 πε
1717 5431 1798 5484 ριο

1879 4604 2030 4662 ritus
2061 4607 2325 4655 sanctus:
2375 4599 2620 4667 ejusdem
2657 4598 2820 4667 igitur
2869 4610 2934 4650 ac
2986 4593 3146 4646 Pater
3193 4599 3248 4646 et
3298 4590 3468 4645 Filius

1889 4703 2099 4748 natura:
2131 4700 2215 4748 est
2254 4690 2495 4761 Spiritus
2539 4696 2785 4744 sanctus.
2815 4684 3021 4738 Maced.
3066 4683 3200 4737 Cum
3243 4695 3369 4735 vero
3413 4687 3468 4733 et

1889 4781 2140 4838 diabolus
2168 4783 2370 4851 ubique
2401 4781 2494 4843 sit,
2526 4781 2630 4835 erit
2663 4787 2717 4834 et
2743 4780 2834 4833 ille
2858 4775 3102 4846 ejusdem
3133 4788 3195 4826 ac
3220 4769 3383 4824 Pater
3411 4778 3466 4825 et

1891 4873 2064 4929 Filius
2097 4874 2348 4928 naturae?
2383 4871 2535 4928 Orth.
2563 4869 2824 4924 Diabolus
2850 4883 2960 4922 non
2994 4865 3196 4932 ubique
3231 4867 3334 4915 est.
3365 4857 3469 4914 Ne-

1890 4979 1996 5032 que
2033 4963 2178 5018 enim
2223 4962 2278 5017 in
2333 4962 2476 5015 caelo
2509 4967 2616 5021 est,
2667 4973 2845 5026 neque
2880 4957 2936 5010 in
2983 4953 3242 5008 universa
3284 4955 3468 5013 terra;

1892 5051 1988 5108 sed
2023 5059 2084 5105 ut
2121 5062 2385 5122 tyrannus
2417 5049 2617 5119 aliquis
2646 5049 2699 5102 in
2731 5046 2967 5116 quodam
2993 5043 3112 5096 loco
3143 5038 3469 5100 consistens,

1895 5142 2179 5197 ministros
2220 5141 2492 5196 mandatis
2527 5141 2827 5193 instructos
2875 5135 3120 5194 mittens,
3161 5130 3474 5196 ubicunque

1897 5234 2150 5302 potentia:
2181 5249 2295 5288 suae
2326 5233 2610 5286 ministros
2643 5230 2828 5291 habet,
2857 5225 3060 5281 ibidem
3091 5219 3359 5278 dominari
3383 5219 3472 5272 di-

1895 5326 2080 5381 citur:
2128 5333 2184 5380 et
2219 5325 2496 5396 hypostasi
2551 5321 2770 5391 quidem
2802 5335 2924 5374 .uno
2962 5318 3018 5372 in
3070 5316 3191 5371 loco
3236 5318 3343 5376 est,
3377 5308 3475 5366 sed

1900 5417 2221 5487 operatione
2253 5415 2420 5488 480
2453 5414 2754 5470 voluntatis
2789 5411 3100 5479 ubicunque
3139 5403 3475 5466 dominatur,

285 5561 335 5595 “
369 5558 564 5616 Matth.
601 5575 671 5621 ι,
703 5557 796 5613 20.
870 5559 916 5591 ⁵⁸
952 5555 1068 5612 Joel
1103 5571 1164 5621 ιι,
1199 5553 1295 5610 28.
1372 5554 1419 5585 ³⁸
1453 5550 1562 5608 Tit.
1597 5567 1680 5618 ιιι,
1713 5551 1784 5606 4-1

1906 5553 1951 5585 ⁸³
1993 5552 2095 5609 lsa.
2131 5569 2274 5616 LVII,
2315 5553 2403 5608 l5.
2480 5551 2529 5582 "
2575 5549 2780 5620 Ephes.
2822 5562 2886 5611 ιι,
2919 5544 2983 5611 5,
3019 5545 3073 5597 6.

315 5700 452 5768 l7")
486 5697 674 5767 Vulg.,
708 5695 968 5766 δηλονότι.
1012 5693 1166 5748 Eutr.

284 5701 333 5844 ξι
351 5772 480 5840 7⁶’⁶)
510 5766 639 5822 Hac
671 5767 868 5821 desunt
899 5767 950 5820 in
995 5763 1166 5821 Graec

312 5755 480 5840 17⁸⁸³)
510 5755 639 5822 “ac
662 5755 868 5821 desunt
899 5767 950 5820 in
995 5763 1200 5821 (ἔτει-ο.
1229 5763 1322 5820 sed
1358 5765 1624 5820 habentur
1664 5760 1718 5815 in
1766 5776 1784 5815 ι

1888 5760 1928 5814 ri
1961 5759 2403 5829 interpretatione
2433 5755 2646 5811 Latina.
