3976 6388
587 357 727 417 1307

1706 368 1766 425 8.
1806 369 2271 427 ΑΤΗΑΝΑδιυε.
2307 401 2380 415 ——-
2416 372 2690 432 SPURIA.

3698 372 3819 433 ιεοι

587 475 791 532 ibidem
832 491 954 535 esse
985 477 1222 533 dicitur:
1271 481 1391 550 pari
1439 482 1601 537 modo
1652 482 1904 541 diabolus
1943 502 2153 557 quoque

2266 489 2487 563 έρχεται
2535 490 2644 544 ἀπὺ
2673 490 2841 543 τόπου
2881 491 2963 552 είς
3004 490 3193 555 τόπον,
3234 492 3301 560 τῇ
3342 490 3399 543 δὲ
3447 490 3699 562 ἐνεργείᾳ
3737 491 3816 545 τοῦ

588 569 867 639 bypnstasi
910 569 1130 639 quidem
1180 587 1282 627 sua
1331 572 1398 629 de
1438 575 1559 630 loco
1604 577 1659 630 in
1707 575 1886 632 locum
1924 581 2158 651 transit;

586 661 904 729 operatione
931 671 1110 716 autem
1158 664 1451 721 voluntatis
1497 667 1695 737 ubique
1740 681 2009 724 terrarum
2052 679 2158 735 est,

587 752 869 806 voluntate
915 753 1036 822 ejus
1075 763 1335 822 onerante
1384 757 1439 811 in
1490 777 1509 809 ι
1553 758 1677 815 ﬁliis
1714 761 2024 818 diﬂidentiaa
2066 780 2163 834 per

584 843 862 911 principes
893 854 949 897 ct
980 853 1301 914 potestates,
1331 856 1385 903 et
1417 852 1604 905 mundi
1639 860 1882 908 rectores
1912 856 2162 910 tenebra-

582 949 705 988 rum
734 935 802 989 ⁸³.
841 954 860 986 ι
902 934 1065 990 Pater
1093 950 1297 1004 autem,
1337 949 1391 994 et
1426 939 1598 996 Filius
1646 926 1988 1015 etSpiritus
2030 962 2160 1005 san-

579 1033 705 1080 ctus
734 1027 1060 1090 substantia,
1091 1032 1333 1098 potentia
1361 1039 1416 1085 et
1443 1033 1615 1101 gloria
1660 1036 1861 1106 ubique
1900 1039 1955 1092 in
1987 1041 2162 1094 omni-

579 1114 684 1170 bus
722 1123 774 1169 et
801 1131 894 1185 per
913 1118 1094 1171 omnia
1129 1126 1278 1174 stunt.
1324 1119 1479 1186 Quod
1508 1122 1554 1176 si
1590 1123 1665 1179 ita
1695 1136 1814 1180 est:
1853 1143 1960 1182 una
1995 1130 2161 1199 igitur

577 1215 664 1262 est
689 1205 890 1272 Patris,
923 1207 1043 1263 Filii
1087 1221 1140 1265 et
1181 1210 1420 1282 Spiritus
1454 1216 1631 1270 sancti
1673 1218 2002 1274 substantia.
2036 1221 2158 1276 Ma-

580 1298 693 1352 c‘ed.
740 1299 901 1355 Pater
942 1301 1162 1370 quidem
1204 1310 1258 1356 et
1290 1301 1461 1359 Filius
1506 1305 1818 1363 substantia
1868 1320 1922 1364 et
1966 1312 2157 1368 volun-

581 1398 694 1446 tate
744 1400 799 1447 et
842 1394 1084 1463 potentia
1126 1404 1181 1449 et
1221 1395 1393 1465 gloria
1425 1396 1628 1467 ubique
1668 1408 1724 1454 et
1763 1400 1816 1454 in
1854 1405 2151 1461 omnibus:

582 1480 821 1552 Spiritus
854 1496 1032 1540 autem
1063 1486 1138 1540 ibi
1167 1495 1272 1550 est,
1315 1504 1426 1558 quo
1459 1490 1714 1546 mittitur.
1748 1491 1897 1549 Orth.
1928 1496 2157 1562 Quando

578 1576 748 1644 igitur
783 1577 838 1630 in
886 1578 1230 1633 cmnaculum
1271 1581 1439 1644 venit,
1474 1582 1529 1635 in
1559 1598 1667 1652 quo
1698 1596 1853 1640 erant
1878 1587 2151 1658 discipuli,

498 1672 500 1675 ’
580 1667 830 1738 seditque
862 1685 1028 1740 supra
1079 1671 1325 1741 singulos
1376 1688 1587 1735 eorum.
1631 1692 1739 1731 non
1785 1686 1903 1734 erat
1937 1688 2049 1734 tum
2099 1682 2151 1735 iu

580 1760 721 1814 cmlo
750 1760 1004 1831 quoque?
1043 1759 1253 1817 Maced.
1292 1762 1515 1819 Gabriel
1553 1769 1770 1837 quando
1814 1771 1882 1825 ad
1927 1769 2149 1828 Mariam

580 1852 785 1908 missus
818 1860 922 1914 est,
949 1869 1055 1907 non
1097 1863 1215 1908 erat
1264 1863 1377 1909 tum
1416 1858 1470 1911 in
1515 1834 1655 1913 cmlo
1704 1865 1956 1933 quoque?
1992 1863 2143 1920 Ortlt.
2187 1834 2224 1886 υ

578 1940 700 1997 Non
748 1944 1074 2008 substantia,
1116 1947 1210 2001 sed
1251 1948 1602 2017 cogitatione.
1647 1950 1854 2011 Maccd.
1896 1956 2040 2010 ldem
2081 1958 2148 2012 de

581 2032 786 2104 Spiritu
819 2034 963 2093 dico.
1001 2034 1153 2091 Ortlt.
1184 2035 1243 2090 Et
1284 2040 1561 2108 quomodo
1594 2042 1751 2097 audis
1782 2059 1905 2098 eum
1939 2046 2032 2115 qui
2066 2047 2148 2100 di-

577 2124 698 2178 cit:
746 2143 767 2176 ι
803 2123 1039 2195 Spiritus
1089 2126 1305 2184 Domini
1352 2131 1580 2200 replevit
1615 2133 1802 2188 orbem
1844 2117 2144 2203 terrarum;

576 2218 764 2273 ethoc
813 2220 958 2290 quod
998 2226 1243 2278 continet
1288 2226 1470 2278 omnia
1522 2227 1807 2282 scientiam
1854 2228 2014 2285 habet
2054 2247 2149 2285 vo-

577 2311 660 2365 cis
683 2310 764 2364 "‘l
799 2330 818 2362 ι
854 2314 993 2378 Quid
1032 2325 1115 2369 est
1147 2325 1327 2369 autem
1371 2317 1540 2380 aliud,
1569 2319 1715 2387 quod
1752 2318 1846 2373 Dei
1879 2322 2147 2390 cognitio-

576 2413 699 2453 nem
722 2399 939 2462 habeat,
973 2417 1134 2472 quam
1164 2401 1425 2471 Spiritus,
1454 2404 1521 2459 de
1566 2420 1676 2474 quo
1720 2406 1942 2470 dicitur,
1979 2426 1998 2458 ι
2030 2407 2147 2476 Spi-

575 2492 716 2546 ritus
754 2493 996 2548 scientize
1024 2501 1080 2546 et
1127 2495 1343 2563 pietatis
1385 2496 1471 2549 ‘5?
1508 2516 1526 2547 ι
1576 2494 1785 2553 Maced.
1832 2496 2149 2554 Sanctiﬁca-

573 2583 742 2638 tionis
789 2583 1026 2653 Spiritus
1057 2585 1150 2640 ille
1190 2595 1295 2641 est.
1338 2585 1494 2642 Ortli.
1524 2589 1720 2644 Αηιιυιι
1752 2589 2053 2644 sanctiﬁcat
2094 2599 2150 2646 et

575 2673 774 2729 Pater?
798 2676 902 2729 Aut
930 2692 1037 2731 non
1064 2678 1327 2748 scriptum
1351 2687 1436 2733 est
1460 2682 1513 2733 in
1543 2680 1892 2750 Evangeliis:
1930 2681 2142 2742 «Pater.

574 2766 851 2821 sanetiiica
882 2768 1004 2822 illos
1031 2769 1084 2821 in
1120 2769 1351 2847 veritate
1383 2778 1475 2824 tua
1504 2771 1596 2825 “‘3
1630 2791 1647 2820 ι
1682 2770 1747 2824 ΕΙ.
1778 2786 1874 2840 per
1910 2774 2145 2842 prophe-

576 2863 685 2909 tam
738 2857 814 2912 ait
857 2875 871 2910 :
926 2876 945 2910 ι
986 2858 1099 2929 Ego
1158 2859 1419 2915 Dominus
1473 2863 1825 2917 sanctiﬁcans
1875 2863 1995 2918 illos
2021 2865 2087 2920 ⁵⁷.
2120 2885 2139 2916 ι

576 2947 784 3005 Haced.
830 2948 1145 3005 Sanctiﬁcat
1185 2954 1344 3023 plane
1373 2964 1428 3008 et
1470 2954 1631 3009 Pater
1668 2964 1722 3009 ct
1755 2954 1946 3012 Filius.
1990 2956 2141 3012 Ortlt.

577 3039 635 3094 Si
669 3043 969 3096 sanctiﬁcat
1000 3043 1177 3107 Pater,
1206 3044 1516 3099 sanctiﬁcat
1541 3052 1595 3099 et
1636 3044 1830 3108 Filius,
1856 3054 1910 3101 et
1938 3050 2147 3104 sancti-

2263 577 2565 649 θελήματος
2591 579 2864 650 πανταχοῦ
2888 580 3012 649 γῆς,
3048 580 3441 651 ὲνεργουμένου
3467 580 3565 635 τοῦ
3597 582 3817 653 Θελήμα-

2259 688 2349 734 τος
2374 670 2540 724 αὐτοῦ
2570 674 2627 724 ὲν
2665 691 2683 723 ι
2718 676 2831 736 τοῖς
2855 674 2989 734 υἱοῖς
3020 672 3123 743 τῆς
3151 672 3450 738 ἀπειθείας,
3487 673 3580 727 διὰ
3608 674 3714 728 τῶν
3736 677 3820 747 ἀρ-

2259 761 2368 831 χῶν
2392 762 2485 814 καὶ
2512 763 2620 815 τῶν
2644 762 2919 826 ἐξουσιῶν,
2955 763 3044 815 καὶ
3093 762 3204 814 τῶν
3245 763 3707 834 κοσμοκρατὸρων
3735 763 3816 818 τοῦ

2260 857 2504 912 σκότους.
2552 878 2571 911 ι
2603 858 2791 929 Πατὴρ
2817 858 2893 919 δὲ,
2930 860 3022 911 καὶ
3073 858 3223 922 Υίὸς,
3263 860 3358 913 καὶ
3382 859 3540 929 ἁγιον
3590 860 3816 932 Πνεῦμα,

2259 947 2437 1018 οὐσίᾳ,
2470 949 2561 1000 καὶ
2590 947 2833 1017 δυνάμει,
2869 948 2963 1000 καὶ
2990 947 3120 1019 δόξῃ
3149 948 3443 1018 πανταχοῦ,
3475 950 3572 1003 καὶ
3596 951 3654 1001 ἐν
3680 952 3815 1015 πᾶσι,

2259 1038 2354 1093 καὶ
2390 1037 2479 1090 διὰ
2509 1039 2724 1091 πάντων
2766 1039 2921 1091 εἰσίν.
2971 1039 3033 1091 Εἰ
3081 1038 3139 1090 δὲ
3174 1038 3352 1098 τοῦτο.
3390 1039 3489 1109 μία
3537 1040 3648 1111 ἄρα
3679 1040 3818 1093 οὐσία

2257 1130 2488 1199 Πατρὸς,
2522 1131 2615 1183 καὶ
2653 1130 2804 1192 Υίοῦ,
2858 1130 2954 1183 καὶ
2999 1130 3157 1198 ἁγίου
3208 1129 3548 1200 Πνεῦματος.
3608 1130 3813 1185 Mazaei.

2257 1222 2447 1292 Πατὴρ
2475 1221 2573 1291 μὲν
2595 1222 2689 1275 καὶ
2718 1222 2844 1285 Υἱὸς
2866 1222 3021 1291 οὐσίᾳ
3052 1221 3149 1275 καὶ
3182 1221 3342 1292 βουλῇ
3366 1223 3460 1275 καὶ
3493 1222 3719 1292 δυνάμει
3737 1224 3815 1277 καὶ

2254 1312 2380 1384 δόξῃ
2409 1311 2682 1382 πανταχοῦ
2711 1312 2805 1366 καὶ
2828 1314 2885 1365 ὲν
2921 1314 3053 1366 πᾶσι
3069 1329 3084 1347 ο
3118 1311 3179 1366 τὸ
3199 1312 3255 1365 δὲ
3273 1312 3502 1384 Πνεῦμα
3525 1316 3645 1368 ἐκεῖ
3663 1317 3811 1379 ἐστιν,

2256 1404 2383 1459 ἔνθα
2414 1404 2818 1459 ἀποστέλλεται.
2851 1406 3003 1472 Ὀρθ.
3040 1406 3170 1458 Ὅτε
3203 1401 3296 1459 οῦν
3333 1405 3608 1475 κατῆλθεν
3650 1409 3707 1460 ὲν
3746 1408 3814 1478 τῷ

2256 1496 2488 1568 ὑπερῴῳ
2515 1495 2641 1549 ἔνθα
2667 1491 2808 1565 ἦσαν
2832 1497 2880 1548 οἱ
2911 1494 3172 1565 μαθηταὶ,
3203 1496 3298 1549 καὶ
3326 1495 3584 1549 ἐκάθισεν
3614 1498 3699 1566 ἐφ’
3733 1497 3815 1551 ἕνα

2254 1589 2481 1641 ἕκαστον
2514 1587 2711 1653 αὐτῶν,
2744 1588 2843 1640 οὐκ
2874 1582 2942 1658 ἦν
2972 1588 3064 1640 καὶ
3097 1590 3156 1641 ὲν
3201 1587 3279 1658 τῷ
3328 1589 3576 1659 οὐρανῷ;
3609 1589 3812 1644 Hand.

2269 1681 2325 1732 ’0
2352 1679 2459 1751 γὰρ
2492 1678 2750 1750 Γαδριὴλ,
2793 1680 2881 1733 ὅτε
2919 1680 3198 1752 ἀπεστάλη
3250 1680 3389 1751 πρὸς
3438 1680 3540 1750 τὴν
3590 1682 3809 1752 Μαρίαν,

2255 1771 2353 1822 οὐκ
2377 1766 2443 1838 ἦν
2463 1770 2559 1822 καὶ
2583 1772 2641 1823 ὲν
2663 1768 2742 1839 τῷ
2768 1770 2982 1841 οὐρανῷ
3002 1788 3016 1837 ;
3060 1771 3213 1839 Ὀρθ.
3249 1770 3441 1842 Obuia,
3464 1770 3527 1823 οῦ
3550 1788 3567 1803 ο
3600 1771 3812 1843 διανοίᾳ,

2251 1862 2353 1915 ναί.
2385 1861 2602 1915 Μακεδ.
2629 1861 2784 1915 Οὕτω
2814 1862 2958 1930 λέγω
2995 1864 3094 1916 καὶ
3132 1862 3193 1916 τὸ
3224 1862 3471 1931 Πνεῦμα.
3514 1863 3670 1929 ’ορ6.
3720 1864 3813 1917 Καὶ

2251 1952 2369 2015 πῶς
2392 1950 2607 2016 ἀκούεις
2634 1951 2726 2006 τοῦ
2747 1951 3013 2020 λέγοντος,
3039 1952 3125 2004 ὅτι
3151 1970 3170 2003 ι
3205 1952 3430 2022 Πνεῦμα
3474 1951 3683 2022 Κυρίου
3727 1965 3812 2004 πε-

2252 2044 2356 2113 πλή
2366 2061 2507 2115 ρωκε
2526 2043 2624 2115 τὴν
2658 2043 2982 2115 οἰκουμένην
2997 2060 3012 2074 ·
3035 2044 3134 2098 καὶ
3154 2044 3217 2097 τὸ
3245 2044 3470 2113 συνέχον
3496 2045 3675 2097 πάντα
3698 2041 3814 2110 γνῶ-

2254 2152 2337 2188 σιν
2367 2135 2479 2205 ἔχει
2509 2134 2723 2204 φωνῆςς
2757 2154 2775 2186 ι
2813 2135 2876 2188 Τί
2902 2133 2962 2187 δέ
2996 2135 3116 2187 ἐστι
3145 2134 3206 2187 τὸ
3231 2134 3330 2205 τὴν
3350 2134 3446 2187 τοῦ
3472 2133 3610 2188 Θεοῦ
3635 2132 3813 2202 γνῶσιν

2254 2226 2396 2297 ἕχον,
2420 2226 2586 2297 ἀλλ’ἢ
2618 2227 2678 2280 τὸ
2721 2226 2967 2296 Πνεῦμα,
2996 2224 3128 2296 περί
3173 2220 3233 2279 οῦ
3267 2226 3514 2296 είρεηται⁸
3555 2245 3575 2277 ι
3610 2224 3812 2295 Πνεῦμα

2253 2318 2505 2387 γνώσεως
2530 2320 2624 2372 καὶ
2655 2318 2972 2383 εὐσεὸείαςς
3019 2336 3038 2368 ι
3075 2316 3295 2371 Μακεδ.
3337 2318 3684 2386 Ἀγιαστικὸν
3712 2319 3812 2370 ἐστι

2251 2411 2312 2465 τὸ
2344 2411 2587 2482 Πνεῦμα.
2630 2412 2782 2479 Ὀρθ.
2823 2413 2882 2463 '0
2904 2410 3013 2481 γὰρ
3041 2410 3235 2481 Πατὴρ
3262 2410 3359 2480 οὐχ
3394 2411 3643 2479 unum;
3679 2409 3810 2463 Ἦοῦ

2252 2504 2556 2575 γέγραπται
2593 2503 2649 2555 ὲν
2695 2504 2809 2565 τοϊς
2852 2501 3240 2569 Εὑαγγελίοις·
3278 2519 3296 2551 ι
3332 2503 3549 2572 Πάτερ,
3612 2502 3812 2570 ἁγίασον

2254 2592 2450 2655 αὐτοὺς
2470 2594 2528 2645 ἐν
2559 2594 2622 2661 τῇ
2652 2590 2874 2662 ἀληθείᾳ
2904 2608 3034 2656 om;
3092 2609 3111 2643 ι
3151 2591 3261 2644 Καὶ
3285 2591 3375 2646 διὰ
3418 2592 3517 2645 τοῦ
3553 2596 3811 2664 προφήτου

2249 2682 2431 2749 λέγει·
2472 2701 2490 2733 ι
2536 2680 2675 2751 Ἐγὼ
2718 2681 2923 2754 Κύριος
2969 2683 3208 2751 ἁγιάζων
3249 2683 3469 2746 αὐτούς.
3506 2682 3546 2734 ⁷»
3607 2681 3808 2737 Hand.

2250 2776 2377 2841 Ναὶ,
2402 2775 2612 2844 ἁγιάζει
2647 2776 2740 2828 καὶ
2766 2777 2795 2828 ὁ
2816 2776 3007 2849 Πατὴρ
3031 2779 3126 2830 καί
3156 2780 3185 2830 6
3214 2777 3366 2840 Υἱός.
3395 2778 3555 2844 Ὀρθ.
3588 2777 3650 2830 Εἰ
3676 2774 3813 2842 ἁγιά-

2251 2866 2335 2932 ζει
2367 2870 2396 2922 6
2414 2866 2601 2939 Πατὴρ
2652 2868 2747 2921 καὶ
2770 2869 2986 2936 ἁγιάζει
3015 2870 3112 2922 καὶ
3134 2871 3163 2922 6
3189 2869 3336 2932 Υἱὸς,
3365 2870 3464 2923 καὶ
3496 2867 3707 2937 ἁγιάζει
3730 2864 3812 2919 καὶ

2250 2958 2311 3012 τὸ
2350 2958 2590 3028 Πνεῦμα·
2625 2960 2727 3028 τῆς
2762 2961 2934 3030 αὐτῆς
2964 2961 3073 3033 ἄρα
3118 2961 3333 3031 φύσεώς
3378 2964 3497 3014 ἐστι
3534 2961 3708 3030 Ila-:91
3731 2954 3812 3011 καὶ

2254 3050 2365 3120 Υἱῷ
2389 3068 2401 3081 ·
2423 3044 2496 3103 ὧν
2528 3049 2692 3122 γὰρή
2722 3053 2861 3123 αὐτὴ
2893 3053 3163 3125 ἐνέργεια,
3194 3056 3288 3106 καὶ
3321 3054 3355 3120 ἡ
3390 3052 3532 3121 αὐτὴ
3566 3050 3741 3119 φύσις.

577 3132 701 3186 ﬁcat
726 3147 941 3201 quoque
976 3130 1215 3201 Spiritus
1241 3153 1254 3190 :
1279 3135 1521 3205 ejusdem
1551 3136 1714 3207 igitur
1769 3139 1857 3192 hic
1905 3149 1988 3194 est
2054 3156 2118 3194 ac
2149 3141 2305 3196 Pater
2364 3150 2419 3197 et
2448 3141 2618 3199 Filius
2652 3154 2898 3200 naturae:
2927 3160 3051 3199 nam
3078 3162 3309 3215 quorum
3336 3144 3531 3199 eadem
3562 3141 3809 3213 operatio,

572 3225 761 3280 eadem
801 3232 855 3278 et
882 3236 1095 3280 natura.

649 3318 734 3377 12.
769 3318 983 3377 Mucii.
1013 3321 1124 3381 Nos
1152 3316 1251 3378 viae
1283 3322 1475 3380 ducem
1511 3321 1772 3398 Spiritum
1798 3298 2043 3385 sanctum
2069 3330 2146 3386 di-

2321 3328 2402 3381 12.
2428 3326 2649 3381 Μακεδ.
2693 3328 2883 3398 Ἡμεῖς
2910 3324 3233 3397 ὁδηγητικὸν
3263 3323 3498 3395 λέγομεν
3524 3326 3587 3378 τὸ
3608 3325 3812 3395 Πνεῦμα

575 3412 768 3468 cimus.
806 3413 909 3480 Qui
938 3425 1117 3471 autem
1150 3418 1249 3472 via:
1290 3417 1401 3471 dux
1435 3428 1537 3483 est,
1570 3420 1614 3474 is
1652 3420 1720 3474 ad
1763 3423 1926 3475 alium
1976 3423 2145 3477 ducit.

579 3501 732 3559 Orth.
775 3504 966 3561 Nonne
1009 3509 1109 3562 viae
1150 3510 1262 3563 dux
1308 3521 1392 3565 est
1462 3520 1517 3565 et
1568 3511 1751 3568 Deus?
1796 3511 2002 3567 Maccd.
2049 3512 2149 3568 Ubi

576 3596 840 3665 scriptmn
869 3592 990 3653 est?
1026 3599 1178 3657 Orth.
1207 3602 1341 3667 Quis
1367 3611 1449 3657 est
1473 3604 1564 3674 qui
1591 3604 1743 3659 sedet
1766 3620 1930 3673 super
1959 3607 2153 3659 cheru-

578 3685 727 3739 bim?
769 3684 974 3742 Maced.
1021 3688 1184 3745 Deus.
1215 3690 1367 3747 Orth.
1412 3692 1551 3746 Audi
1587 3694 1750 3763 igitur
1783 3692 2039 3747 Dmidem
2069 3693 2153 3746 di-

577 3787 823 3835 centem:
862 3800 881 3832 ι
916 3781 1017 3847 Qui
1044 3785 1222 3853 pascis
1259 3785 1445 3846 Israel,
1490 3787 1709 3840 intende
1739 3804 1753 3840 :
1805 3786 1898 3856 qui
1923 3785 2153 3840 deducis

575 3869 721 3925 velut
748 3887 903 3926 ovem
933 3872 1156 3944 Joseplt.
1183 3876 1285 3942 Qui
1309 3877 1465 3932 sedes
1501 3893 1666 3947 super
1692 3878 2000 3941 cherubim,
2033 3890 2153 3932 ma-

575 3959 835 4016 nifestare
884 3965 953 4022 ⁸⁸.
993 3986 1012 4019 ι
1071 3969 1241 4023 Audis
1290 3969 1436 4039 quod
1486 3978 1541 4024 et
1592 3979 1780 4039 pascat
1820 3978 1876 4024 et
1920 3970 2153 4025 deducat

575 4050 754 4109 Deus?
781 4054 989 4112 Haced.
1023 4058 1225 4125 Pascit,
1263 4060 1456 4123 fateor,
1491 4071 1545 4116 et
1573 4060 1798 4115 deducit
1847 4059 2013 4123 Deus,
2056 4060 2152 4116 sed

575 4139 645 4194 ad
706 4146 945 4214 seipsum
1001 4148 1240 4205 deducit.
1297 4148 1537 4219 Spiritus
1585 4159 1763 4204 autem
1809 4165 1915 4203 non
1951 4149 2019 4204 ad
2066 4164 2155 4204 se-

576 4239 778 4309 ipsum,
803 4239 898 4294 sed
919 4241 982 4293 ad
1001 4236 1215 4295 omnem
1233 4245 1513 4297 veritatem
1529 4242 1766 4298 deducit.
1790 4240 1944 4297 Orth.
1963 4242 2154 4297 Nonne

571 4340 631 4385 et
661 4329 798 4386 Deus
829 4332 894 4383 ad
935 4347 1152 4386 onmem
1201 4334 1489 4388 veritatem
1532 4333 1800 4387 deducit?
1842 4331 2049 4387 Maced.
2083 4333 2154 4386 At

576 4419 695 4489 ipse
731 4436 916 4475 revera
947 4432 1030 4476 est
1061 4423 1241 4478 oumis
1278 4423 1501 4478 veritas.
1546 4420 1701 4478 Orth.
1734 4420 1991 4490 Ejusdem
2022 4436 2154 4491 ergo

574 4512 677 4566 vite
713 4512 822 4567 dux
877 4520 981 4578 est,
1025 4514 1184 4583 cujus
1229 4515 1339 4569 dux
1382 4522 1465 4570 est
1503 4522 1557 4569 et
1607 4514 1862 4583 Spiritus.
1911 4512 2153 4579 Quorum

577 4619 705 4659 vero
734 4605 921 4659 eadem
951 4615 1034 4661 est
1060 4608 1330 4677 operatio,
1357 4606 1545 4660 eadem
1578 4620 1797 4675 quoque
1825 4615 2018 4659 natura
2044 4614 2148 4661 est.

2250 3423 2308 3476 τὸ
2332 3421 2501 3491 ἅγιον.
2547 3420 2604 3475 ’0
2636 3422 2692 3475 δὲ
2724 3421 2932 3493 ὁδηγῶν
2956 3420 3092 3491 πρὸς
3124 3417 3279 3473 ἄλλον
3303 3417 3510 3488 ὁδηγεῖ.
3531 3419 3683 3486 Ὀρθ.
3712 3418 3810 3486 Οὐχ

2249 3516 2429 3585 ὁδηγεῖ
2476 3511 2568 3569 οῦν
2618 3515 2647 3567 ὁ
2693 3514 2858 3577 Θεὸς.
2892 3513 3113 3567 Μακεδ.
3147 3513 3258 3566 Ποῦ
3293 3514 3638 3584 γέγραπταις
3674 3513 3808 3579 Ὄρθ.
3917 3529 3926 3539 ’

2262 3608 2319 3659 ’0
2352 3606 2657 3679 καθήμενος
2690 3606 2783 3660 ἐπὶ
2825 3604 2934 3656 τῶν
2960 3604 3227 3675 χερουόὶμ
3278 3604 3363 3667 τίς
3393 3606 3571 3672 .ὲστι;
3609 3602 3808 3660 Μακεὸ.

2263 3699 2320 3751 '0
2355 3698 2506 3761 Θεός.
2559 3700 2712 3765 Ὄρθ.
2780 3698 2977 3750 Ἄκουε
3036 3692 3130 3748 οῦν
3179 3695 3274 3749 τοῦ
3327 3696 3497 3750 Δαϐὶδ
3545 3698 3809 3766 λὲγοντος⁹

2258 3813 2277 3844 ι
2322 3795 2379 3847 '0
2402 3793 2705 3863 ποιμαίνων
2736 3791 2828 3845 τὸν
2859 3789 3094 3863 Ἰσραὴλ,
3120 3790 3377 3861 πρόσχες·
3407 3792 3438 3843 ὁ
3472 3790 3681 3861 ὁδηγῶν
3700 3788 3813 3841 ὡσεὶ

2252 3884 2523 3958 πρόϐατον
2547 3883 2637 3938 τὸν
2665 3883 2883 3955 Ἰωσὴφ,
2901 3883 2928 3935 ὁ
2949 3880 3256 3951 καθήμενος
3283 3882 3375 3934 ἐπὶ
3408 3880 3519 3934 τῶν
3546 3879 3810 3951 χερουσὶμ.

2252 3977 2543 4049 ὲμφὰνηθι.
2580 3995 2598 4027 ι
2638 3975 2905 4039 Ἀκούεις,
2938 3976 3019 4028 ὅτι
3055 3974 3154 4028 καὶ
3196 3974 3478 4043 ποιμαίνει
3514 3974 3607 4025 καὶ
3647 3969 3812 4039 ὁδηγεῖ

2253 4069 2464 4131 ὁΘεὸς;
2488 4064 2708 4122 Μακεδ.
2740 4066 2868 4127 Ναὶ,
2898 4064 3174 4133 ποιμαίνει
3215 4063 3311 4115 καὶ
3349 4062 3536 4131 ὁδηγεῖ
3586 4062 3616 4113 ὁ
3666 4059 3809 4120 Θεὸς·

2256 4159 2391 4213 ἀλλὰ
2422 4158 2558 4229 πρὸς
2587 4155 2777 4212 ἑαυτὸν
2799 4157 3002 4227 ὁδηγεῖ.
3026 4153 3102 4207 Τὸ
3131 4154 3188 4207 δὲ
3217 4152 3444 4222 Πνεῦμα
3462 4152 3523 4205 οὐ
3547 4151 3682 4222 πρὸς
3703 4152 3815 4202 sane

2252 4254 2365 4317 τὸν,
2404 4251 2541 4305 ἁλλὰ
2587 4249 2723 4321 πρὸς
2767 4250 2948 4301 πᾶσαν
2986 4246 3084 4317 τὴν
3127 4246 3385 4317 ἀλήθειαν
3413 4244 3617 4314 ὁδηγεῖ.
3677 4241 3812 4307 Ὀρθ.

2266 4347 2323 4399 Ὀ
2347 4344 2455 4415 γὰρ
2475 4343 2605 4405 Θεὸς
2634 4343 2693 4394 οῦ
2714 4340 2851 4412 πρὸς
2879 4341 3058 4392 πᾶσαν
3085 4338 3341 4407 ἀλήθειαν
3365 4337 3585 4405 ὁδηγεῖ;
3611 4329 3810 4388 Μακεδ.

2268 4431 2407 4485 Ἀλλ’
2438 4431 2597 4492 αὑτός
2626 4429 2771 4481 ἐστιν
2800 4427 3014 4497 ἀληθῶς
3038 4430 3072 4497 ἡ
3104 4427 3257 4479 πᾶσα
3277 4425 3527 4494 ἀλήθεια.
3547 4425 3690 4491 Ὁρθ.
3719 4420 3814 4489 Τὴν

2257 4520 2425 4590 αὐτὴν
2448 4520 2554 4589 ἄρα
2577 4519 2760 4586 ὁδηγεῖ
2783 4517 3026 4587 ὁδηγίαν,
3051 4518 3117 4587 ἦν
3149 4515 3333 4585 ὁδηγεῖ
3353 4514 3413 4567 τὸ
3457 4512 3700 4582 Πνεῦμα.
3727 4504 3813 4560 Ὧν

2257 4611 2312 4665 δὲ
2354 4608 2555 4680 ήαὸτὴ
2581 4608 2847 4679 ἐνέργεια,
2893 4605 2987 4659 καὶ
3042 4606 3077 4674 ή
3122 4604 3259 4671 αὐτὴ
3300 4603 3484 4670 φύσις.
3537 4601 3673 4654 Οὐδὲ
3720 4597 3812 4666 γὰρ

578 4691 695 4747 Non
730 4702 884 4763 potes
923 4697 1067 4749 enim
1101 4696 1303 4760 dicere,
1355 4694 1618 4766 Spiritum
1660 4696 1819 4749 aliter
1851 4695 2150 4764 deducere;

2256 4702 2387 4774 δύνῃ
2412 4702 2608 4759 εἰπεῖν,
2637 4700 2718 4752 ὅτι
2749 4698 2810 4751 τὸ
2838 4697 2937 4767 μὲν
2963 4694 3189 4765 Πνεῦμα
3228 4694 3404 4756 ἄλλως
3454 4694 3656 4763 ὁδηγεῖ,
3700 4691 3728 4743 ὁ
3764 4686 3813 4739 δὲ

581 4784 747 4838 Deum
785 4796 962 4840 autem
1006 4787 1075 4841 ad
1111 4802 1327 4842 omnem
1361 4787 1642 4842 veritatem
1685 4786 1974 4860 deducere,
2027 4803 2150 4842 cum

582 4873 840 4931 Dominus
868 4874 1029 4933 Jesus
1069 4878 1289 4942 dixerit,
1323 4876 1582 4948 Spiritum
1618 4878 1684 4933 ad
1709 4894 1922 4933 omnem
1952 4880 2155 4934 verita-

577 4975 685 5023 tem
716 4984 816 5024 nos
845 4969 1134 5024 deducere.
1177 4968 1385 5024 Maced.
1417 4970 1485 5024 At
1524 4969 1658 5033 dixi,
1690 4969 1857 5026 Deum
1885 4987 2008 5028 esse
2036 4986 2155 5025 om-

582 5075 703 5113 nem
745 5061 1061 5123 veritatem,
1112 5062 1400 5131 ipsumque
1440 5061 1508 5116 ad
1556 5065 1792 5131 seipsum
1844 5062 2151 5118 deducere:

582 5149 844 5221 Spiritum
875 5170 1003 5208 vero
1032 5170 1140 5209 non
1172 5155 1240 5209 ad
1267 5157 1526 5225 seipsum,
1562 5156 1656 5210 sed
1679 5156 1747 5210 ad
1772 5170 1988 5211 omnem
2020 5156 2158 5211 veri-

583 5251 769 5308 tatem,
796 5244 902 5299 hoc
929 5256 1013 5301 est
1038 5247 1104 5301 ad
1136 5246 1323 5301 Deum.
1354 5247 1508 5303 Ortli.
1551 5246 1608 5302 Si
1640 5248 1781 5303 Deus
1820 5248 1889 5303 ad
1911 5249 2152 5319 seipsum

581 5335 823 5398 deducit,
855 5353 1116 5406 quorsum
1150 5338 1393 5409 Spiritus
1432 5340 1611 5394 sancti
1656 5340 1986 5396 deductione
2016 5356 2156 5411 opus

582 5428 704 5480 est?
725 5425 935 5482 Haced.
968 5430 1210 5483 Primum
1239 5430 1459 5485 deducit
1493 5429 1748 5501 Spiritus,
1774 5432 1969 5488 deinde
1990 5431 2155 5488 Deus.

587 5514 739 5571 Orth.
773 5517 829 5572 Si
854 5520 946 5588 qui
973 5521 1070 5575 viae
1097 5522 1207 5575 dux
1236 5529 1341 5586 est,
1370 5512 1635 5578 ad'alium
1669 5524 1960 5593 quemdam
1989 5509 2162 5581 dedu-

656 5670 702 5740 ’ξ
742 5668 938 5740 Ephes.
975 5688 1035 5734 v,
1075 5671 1145 5736 6;
1183 5688 1232 5725 vi
1260 5713 1271 5731 .
1319 5676 1397 5729 l2.

1513 5677 1558 5708 ⁸³
1601 5674 1729 5746 Sap.
1799 5691 1851 5745 t,
1914 5678 1963 5734 7.

591 5739 636 5771 ⁸⁸
669 5738 810 5795 Ρειιι.
847 5755 1039 5801 uxtx.
1084 5741 1102 5800 l
1133 5782 1148 5807 ,
1184 5742 1218 5799 2

2075 5681 2122 5714 "
2158 5679 2261 5736 lsa.
2316 5696 2401 5735 XI.
2461 5679 2510 5739 2.

2260 4795 2393 4857 Θεὸς
2424 4793 2559 4865 πρὸς
2592 4794 2772 4845 πᾶσαν
2812 4790 2912 4860 τὴν
2933 4788 3218 4859 ἀλήθειαν
3271 4787 3366 4840 τοῦ
3416 4787 3623 4857 Κυρίου
3660 4777 3809 4851 Ἰησοῦ

2260 4886 2559 4957 εἰρηκότος,
2591 4884 2672 4936 ὅτι
2709 4882 2841 4935 αὐτὸ
2874 4881 2935 4934 τὸ
2984 4879 3207 4948 Πνεῦμα
3260 4878 3447 4948 ὁδηγεῖ
3495 4878 3643 4948 ἡμᾶς
3694 4872 3809 4943 πρὶς

2264 4979 2442 5029 πᾶσαν
2473 4977 2570 5046 τὴν
2593 4973 2867 5045 ἀλήθειαν.
2903 4971 3123 5027 Μακεδ.
3165 4970 3302 5023 Ἀλλ’
3331 4966 3507 5027 εἷπον.
3535 4969 3615 5022 ὅτι
3640 4969 3668 5019 6
3696 4963 3809 5021 Θεός

2261 5068 2409 5118 ἐστιν
2438 5068 2472 5136 ἡ
2500 5066 2647 5117 πᾶσα
2670 5061 2916 5134 ἀλήθεια,
2942 5061 3037 5115 καὶ
3069 5061 3227 5123 αὐτὸς
3250 5060 3387 5131 πρὸς
3414 5059 3606 5111 ἑαυτὸν
3629 5055 3811 5124 ὁδηγεῖ.

2262 5156 2325 5209 τὸ
2348 5156 2403 5208 δὲ
2432 5154 2655 5224 Πνεῦμα
2682 5153 2742 5206 οὑ
2768 5152 2906 5223 πρὸς
2935 5150 3116 5212 ἑαυτὸ,
3167 5149 3304 5203 ἀλλὰ
3334 5149 3473 5219 πρὸς
3503 5149 3679 5200 πᾶσαν
3703 5142 3811 5209 6.1%-

2261 5249 2431 5311 θείαν,
2461 5248 2489 5300 ὅ
2526 5249 2640 5299 ἐστι
2678 5245 2815 5315 πρὸς
2847 5243 2940 5295 τὸν
2983 5241 3140 5294 Θεὸν.
3185 5242 3339 5308 Ὀρθ.
3381 5241 3493 5293 Καὶ
3527 5241 3575 5292 εἰ
3624 5239 3652 5288 6
3694 5232 3811 5293 Θεὸς

2263 5342 2400 5413 πρὸς
2424 5339 2613 5393 ἑαυτὸν
2641 5338 2842 5405 ὁδηγεῖ,
2874 5335 2959 5397 τίς
2987 5335 3021 5404 ἡ
3053 5334 3214 5405 χρεία
3244 5333 3345 5402 τῆς
3382 5333 3477 5385 τοῦ
3520 5329 3808 5397 Πνεύματος

2263 5432 2517 5501 ὀδηγίας;
2548 5426 2770 5484 Μακεδ.
2793 5425 3013 5496 Πρῶτον
3038 5425 3223 5492 ὁδηγεῖ
3237 5424 3297 5476 τὸ
3317 5423 3563 5493 Πνεῦμα,
3588 5419 3678 5474 καὶ
3700 5415 3808 5468 τότε

2263 5525 2292 5577 6
2313 5522 2462 5585 Θεὸς.
2509 5521 2661 5590 Ὀρθ.
2688 5520 2753 5573 Εἰ
2787 5519 2816 5570 6
2853 5514 3063 5587 ὁδηγῶν
3102 5515 3239 5586 πρὸς
3279 5514 3439 5569 ἄλλον
3470 5513 3589 5567 τινα
3624 5507 3807 5578 ὁδηγεῖν

2617 5678 2661 5708 ’⁸
2697 5672 2856 5729 Joan.
2894 5686 3002 5729 xvn
3036 5709 3050 5735 ,
3096 5670 3177 5727 l'l.
3284 5672 3327 5703 "
3370 5669 3564 5725 Ezech.
3597 5681 3693 5732 xx,
3728 5659 3806 5714 l2.
