3976 6388
206 380 346 436 .1309
1259 384 1544 444 CONTRA
1582 389 1786 446 MACEI

1886 388 1928 447 ί.
1969 388 2314 447 DIALOGUS
2354 389 2391 446 Ι.

227 493 395 563 ίίηγιί
418 491 472 545 δὲ
503 493 564 546 τὸ
591 493 812 568 Πνεῦμα
853 498 987 570 πρὸς
1010 500 1100 553 τὸν
1119 500 1252 555 Θεὸν
1269 519 1283 533 ·
1314 504 1409 556 καὶ
1437 505 1466 557 6
1487 504 1638 569 Θεὸς,
1667 505 1786 577 ὁδη-

1891 505 1986 569 εἰι,
2024 505 2245 561 deducit
2274 516 2451 560 autem
2487 504 2722 575 Spiritus
2752 508 2823 556 au
2842 490 3037 568 Deum;
3072 500 3212 556 Deus
3243 516 3458 572 quoque

227 584 349 654 γῶν,
389 584 522 655 πρὸς
568 586 724 640 ἄλλον
772 589 892 644 τινὰ
939 591 1137 664 ὁδηγεῖζ
1190 595 1414 653 Μακεδ.
1469 593 1655 659 Εἶπον,
1704 599 1783 652 δτι

1891 595 2188 661 deducens,
2251 594 2319 649 ad
2375 595 2541 649 alium
2598 592 2885 664 quemdam
2945 591 3180 646 deducit.
3247 589 3453 645 Maccd.

196 674 353 748 πρὸς
383 676 590 733 ἑαυτόν.
634 679 784 749 ὀρθ.
833 682 945 735 Οὐκ
987 683 1092 755 ἄρα
1130 686 1160 738 ὁ
1201 685 1432 756 ὁδηγῶν,
1467 688 1602 758 πρὸς
1630 687 1785 741 ἄλλον

1890 681 2033 746 Dixi,
2063 684 2203 755 quod
2239 683 2306 738 ad
2341 684 2602 753 seipsum.
2635 680 2787 738 Ortlt.
2831 679 2947 735 Non
2981 680 3144 747 igitur
3167 681 3256 749 qui
3288 678 3460 734 dedu-

3322 387 3456 443 lS‘lO

195 765 337 818 ατινὰ
371 764 572 835 ὁδηγεῖ,
606 768 743 822 ἀλλὰ
785 772 920 842 πρὸς
953 773 1164 826 ἑαυτόν.
1204 775 1267 828 Et
1306 775 1361 827 δὲ
1394 776 1572 839 τοῦτο,
1606 777 1699 830 καὶ
1726 778 1786 830 τὸ

227 854 435 924 Πνεῦμα
464 856 706 926 ὁδηγοῦν,
731 861 823 913 καὶ
849 862 983 932 πρὸς
1011 864 1169 916 ἑαυτὸ
1193 865 1395 935 ὁδηγεῖ,
1421 866 1514 918 καὶ
1537 866 1670 936 πρὸς
1694 866 1785 920 τὸν

226 943 451 1013 Πατέρα,
478 946 571 998 καὶ
606 948 741 1017 πρὸς
787 950 874 1003 τὸν
914 950 1058 1005 Υίὸν.
1113 952 1175 1005 Ἦ
1213 952 1322 1022 γὰρ
1367 955 1514 1007 πᾶσα
1540 954 1782 1025 ἀλήθεια,

224 1034 352 1103 πρὸς
390 1035 454 1106 ἣν
498 1036 871 1109 ὁδηγούμεθα,
910 1044 942 1112 ἡ
987 1044 1065 1106 είς
1102 1044 1321 1115 Πατέρα
1373 1045 1465 1097 καὶ
1522 1045 1648 1097 Υἱδν
1691 1048 1786 1100 καὶ

221 1125 367 1194 ἇγιον
414 1126 637 1200 Πνεῦμά
685 1132 829 1185 ἐστιν
872 1132 1092 1202 ὁδηγία·
1148 1133 1247 1188 κᾶν
1289 1135 1455 1206 ὁδηγῇ
1496 1137 1526 1187 ὁ
1574 1137 1782 1208 Πατὴρ,

228 1214 353 1285 πρὸς
388 1216 577 1271 ἑαυτὸν
627 1219 842 1289 ὁδηγεῖ’
882 1221 985 1274 -κᾶν
1025 1223 1190 1294 ὁδηγῇ
1247 1223 1309 1276 τὸ
1355 1224 1596 1295 Πνεῦμα,
1648 1227 1783 1298 πρὸς

225 1308 375 1360 ἑαυτὸ
401 1310 605 1381 ὁδηγεῖ.
637 1312 856 1366 Μακεδ.
896 1314 1032 1369 Ἀλλ’
1059 1312 1226 1379 εἷπον,
1253 1318 1334 1370 ὅτι
1366 1316 1578 1388 πρῶτον
1604 1318 1787 1390 ὁδηγεῖ

222 1398 284 1451 τὸ
314 1398 551 1469 Πνεῦμα,
584 1402 677 1454 καὶ
711 1403 829 1456 τότε
868 1406 897 1456 ὁ
923 1404 1071 1469 Θεὸς.
1116 1407 1269 1474 Ὀρθ.
1316 1408 1455 1460 Ἀλλ’
1483 1410 1532 1460 εί
1559 1410 1659 1481 τὴν
1683 1410 1784 1463 αὐ-

222 1489 315 1562 τὴν
342 1492 562 1562 ὁδηγίαν
598 1493 779 1564 ὁδηγεῖ
814 1498 890 1567 τῷ
919 1496 1036 1568 Θεῷ
1060 1499 1120 1551 τὸ
1149 1499 1371 1570 Πνεῦμα
1404 1500 1464 1554 τὸ
1495 1501 1666 1569 ἅγιον,
1710 1496 1786 1555 ὧν

218 1582 255 1652 η
285 1582 413 1652 αὐτὴ
440 1584 707 1654 ἐνέργεια,
736 1588 767 1656 ἡ
794 1587 928 1658 αὐτὴ
965 1589 1142 1657 φύσις.
1177 1591 1398 1646 Μακεδ.
1441 1592 1600 1645 Ἀλλὰ
1628 1592 1785 1647 τοῦτο

226 1672 477 1742 ζητεῖται,
518 1678 565 1728 εί
610 1677 821 1747 πρῶτον
865 1679 926 1732 τὸ
969 1681 1189 1752 Πνεῦμα
1227 1683 1428 1753 ὁδηγεῖ,
1464 1684 1558 1737 καὶ
1596 1684 1717 1737 τότε
1756 1686 1785 1737 6

222 1763 365 1827 Θεὸς.
408 1768 563 1835 Ὀρθ.
592 1765 775 1833 Εἶπον,
813 1770 892 1823 ὅτι
934 1772 1084 1826 οὐδὲν
1127 1777 1289 1835 ποιεῖ,
1330 1774 1433 1827 κᾶν
1465 1774 1680 1846 πρῶτον
1722 1774 1783 1828 τὸ

218 1857 441 1928 Πνεῦμα
488 1864 638 1931 ποιῇ,
685 1862 787 1916 κᾶν
839 1863 1052 1934 πρῶτον
1099 1867 1127 1918 ὁ
1165 1865 1316 1929 Θεὸς,
1360 1868 1496 1939 ὅπερ
1536 1868 1635 1920 οὐκ
1670 1866 1783 1920 ἔστι

223 1948 389 2000 κοινόν
426 1966 442 1979 ·
483 1950 682 2020 μᾶλλον
722 1955 831 2025 γὰρ
874 1954 1221 2025 εὑρεθήσεται
1269 1958 1326 2010 ὲν
1375 1959 1487 2021 τοῖς
1546 1958 1781 2010 πλείοσιν

219 2040 248 2091 ὁ
272 2037 400 2103 Θεὸς
446 2040 662 2112 πρῶτος
701 2042 910 2113 ὁδηγῶν
938 2044 1031 2097 τοῦ
1062 2045 1375 2116 Πνεύματος
1405 2047 1546 2101 κατὰ
1575 2049 1666 2101 τὸν
1691 2048 1782 2102 σὸν

222 2130 389 2199 λόγον.
431 2132 625 2202 Ἡμεῖς
663 2134 771 2204 γὰρ
796 2134 1024 2205 λέγομεν
1050 2135 1147 2207 τὴν
1175 2136 1342 2208 αὐτὴν
1373 2138 1466 2190 καὶ
1491 2138 1631 2191 κατὰ
1651 2155 1782 2192 ταυ-

221 2221 308 2276 τὸν
331 2217 467 2276 εἶναι
498 2223 718 2294 ὁδηγίαν
752 2225 982 2297 Πατρὸς,
1008 2228 1102 2280 και⁹
1134 2226 1283 2292 Υἰοῦ,
1314 2228 1408 2281 καὶ
1432 2229 1588 2298 ἁγίου
1615 2229 1785 2284 Πνεύ-

226 2330 405 2382 ματος.
464 2315 617 2369 Ἐπεὶ
649 2316 705 2369 δὲ
747 2320 811 2370 σὺ
875 2318 1115 2389 μεριζεις
1166 2319 1256 2374 τὸν
1306 2321 1493 2392 καιρὶν
1556 2324 1648 2375 καὶ
1687 2322 1784 2394 τὴν

221 2403 461 2476 ὁδηγίαν,
526 2410 644 2462 εἰπὲ
685 2411 834 2483 παρὰ
876 2411 1022 2474 τίνος
1067 2411 1558 2485 ὼδηγήθηπρώτου
1593 2414 1782 2484 Ἀδὰμ,

226 2497 392 2567 μένων
418 2500 478 2552 ἐν
512 2500 589 2570 τῷ
622 2503 932 2573 παραδείσῳ
964 2503 1070 2573 πρὸ
1103 2504 1201 2574 τῆς
1234 2503 1594 2575 παραϐάσεως
1621 2505 1787 2576 ἐργά-

223 2590 403 2653 ζεσθαι
451 2592 618 2646 αὐτὸν
668 2596 762 2647 καὶ
807 2595 1128 2665 φυλάττειν·
1164 2596 1313 2667 παρὰ
1341 2597 1433 2651 τοῦ
1485 2596 1785 2669 Πατρὸ;,ἢ

222 2679 364 2751 παρὰ
395 2679 489 2734 τοῦ
520 2681 721 2753 Υίοῦ,ἢ
751 2685 900 2756 παρὰ
918 2684 1007 2738 τοῦ
1021 2684 1175 2753 ἁγίου
1191 2685 1499 2756 Πνεύματος
1526 2702 1540 2751 ;
1563 2685 1784 2742 Μακεδ.

222 2770 370 2843 Παρὰ
397 2772 493 2826 τοῦ
524 2773 854 2845 Πνεῦματος.
895 2777 1045 2845 Ὀρθ.
1070 2775 1322 2844 Καίτοιγε
1345 2777 1560 2848 εἴρηται
1581 2792 1594 2805 ·
1628 2795 1646 2827 ι
1680 2777 1789 2830 Καὶ

219 2863 364 2917 ἔθετο
394 2865 560 2919 αὑτὸν
585 2869 613 2920 ὁ
647 2866 780 2930 Θεὸς
806 2869 864 2920 ἐν
893 2867 971 2938 τῷ
1005 2867 1314 2939 παραδείσῳ
1340 2866 1665 2938 ἐργάζεσθαι
1693 2866 1788 2920 καὶ

223 2953 530 3021 φυλάττειν.
565 2977 581 3006 ι
622 2956 829 3009 Οὐκοῦν
860 2958 954 3010 καὶ
999 2956 1147 3011 ἄκων
1183 2955 1461 3027 ὁμολογεῖς
1488 2955 1621 3009 Θεὸν
1648 2952 1789 3010 εἶναι

217 3044 275 3098 τὸ
290 3046 425 3099 Πνεῦ
434 3064 534 3118 μα’
554 3047 740 3119 ἐπειδὴ
763 3048 893 3102 αὐτὸ
905 3048 1115 3120 πρῶτον
1131 3047 1342 3120 ὁδηγεῖν
1357 3048 1553 3117 λέγεις.
1566 3048 1788 3103 Μακεδ.

232 3136 285 3191 '0
315 3139 444 3203 Θεὸς
479 3141 542 3192 ὲν
572 3140 649 3210 τῷ
677 3141 952 3227 Πνεῦματι
980 3142 1181 3211 ὁδηγεῖ.
1235 3143 1387 3212 Ὀρθ.
1418 3142 1527 3195 Καὶ
1556 3141 1672 3205 πῶς
1699 3141 1791 3210 γέ-

1890 774 1985 831 cit.
2019 776 2083 829 ad
2115 776 2279 829 alium
2329 776 2615 844 quemdam
2665 772 2905 834 deducit,
2944 772 3036 826 sed
3087 771 3151 824 ad
3195 772 3455 840 seipsum.

1891 865 2043 931 Quod
2085 868 2131 921 si
2182 868 2255 922 ita
2303 875 2408 929 est,
2457 866 2693 935 Spiritus
2733 879 2949 934 quoque
2993 863 3268 917 deducens
3305 872 3354 916 et
3387 862 3456 916 ad

1889 958 2127 1027 seipsum
2152 957 2392 1022 deducit,
2418 964 2472 1010 et
2494 956 2560 1010 ad
2590 955 2802 1009 Patrem
2832 962 2887 1007 et
2915 953 2980 1008 ad
3013 951 3227 1007 Filium.
3268 951 3457 1007 Omnis

1886 1049 2031 1103 enim
2077 1047 2167 1100 illa
2219 1048 2421 1101 veritas
2451 1047 2515 1100 ad
2545 1060 2705 1114 quam
2753 1042 3093 1103 deducimur.
3137 1043 3263 1097 nihil
3308 1042 3453 1095 aliud

1887 1146 1992 1203 est,
2025 1154 2187 1207 quam
2216 1142 2271 1192 in
2304 1136 2540 1199 Patrem,
2579 1135 2772 1190 Filium
2821 1145 2877 1189 et
2909 1133 3166 1204 Spiritum
3208 1146 3457 1189 sanctum
3536 1206 3539 1209 _

1887 1231 2183 1285 deductio:
2218 1238 2271 1284 et
2299 1229 2519 1298 quando
2551 1228 2769 1282 deducit
2789 1226 2971 1291 Pater,
3008 1227 3071 1279 ad
3100 1226 3337 1293 seipsum
3363 1223 3458 1278 de-

1886 1319 2067 1380 ducit;
2094 1324 2149 1373 et
2189 1318 2407 1387 quando
2435 1317 2653 1371 deducit
2702 1316 2960 1386 Spiritus,
3002 1313 3069 1368 ad
3101 1314 3336 1382 seipsum
3364 1313 3459 1367 de-

1886 1410 2056 1464 ducit.
2094 1408 2300 1463 Maced.
2336 1409 2406 1461 At
2443 1407 2575 1472 dixi,
2612 1407 2845 1476 primum
2877 1406 3140 1460 deducere
3171 1402 3455 1474 Sp3ritum,

1884 1508 1939 1557 et
1978 1509 2089 1554 tum
2133 1502 2350 1553 demum
2391 1497 2580 1553 Deum.
2616 1495 2769 1552 0rllt.
2806 1495 2864 1551 Si
2909 1510 3037 1551 vero
3076 1495 3315 1563 ejusdem
3359 1494 3459 1548 via:

1885 1594 1995 1647 dux
2025 1599 2108 1647 est
2134 1589 2390 1662 Spiritus,
2426 1590 2584 1659 cujus
2616 1596 2669 1644 et
2703 1588 2865 1652 Deus,
2899 1603 3127 1658 quorum
3157 1586 3343 1640 cadent
3374 1592 3459 1638 est

1883 1687 2148 1755 operatio,
2190 1698 2376 1739 eorum
2413 1681 2599 1735 eadem
2640 1687 2725 1735 εει
2763 1686 2816 1734 ει
2846 1687 3061 1732 natura.
3106 1674 3310 1730 Maced.
3349 1671 3459 1729 Sed

1886 1776 1988 1830 hoc
2016 1775 2309 1845 quaeritur:
2343 1780 2527 1825 utrum
2573 1770 2726 1841 prius
2768 1767 3026 1838 Spiritus,
3058 1780 3126 1819 an
3158 1779 3285 1818 vero
3316 1761 3461 1816 Deus

1814 1847 1857 1900 Β
1884 1867 2135 1922 deducat.
2163 1864 2314 1921 Orth.
2338 1863 2478 1927 Dixi,
2503 1861 2648 1931 quod
2677 1860 2810 1915 nihil
2836 1859 2902 1913 ad
2927 1872 3062 1919 rem,
3088 1856 3201 1912 sive
3223 1852 3460 1924 Spiritus

1883 1961 2117 2030 primum
2158 1956 2366 2019 fecerit,
2399 1954 2513 2010 sive
2542 1953 2685 2009 Deus
2712 1954 2967 2023 primum,
3000 1949 3143 2020 quod
3171 1959 3460 2001 commune

1881 2064 1991 2103 non
2018 2058 2119 2104 est.
2146 2049 2286 2115 Quin
2313 2049 2515 2119 potius.
2538 2046 2691 2117 juxta
2721 2054 2870 2099 tuum
2890 2057 3195 2100 sermonem
3222 2042 3274 2094 in
3295 2038 3461 2109 pluri-

1882 2141 1985 2196 bus
2013 2140 2171 2213 481
2198 2139 2340 2196 Deus
2366 2139 2568 2210 Spiritu
2601 2138 2749 2208 prior
2771 2137 3039 2191 deducere
3069 2133 3455 2202 comperietur.

1881 2230 1992 2286 Nos
2008 2234 2151 2286 enim
2171 2231 2425 2292 dicimus,
2445 2246 2607 2285 unam
2629 2237 2682 2283 et
2703 2227 2943 2282 eamdem
2963 2240 3087 2280 esse
3114 2223 3309 2283 Patris,
3332 2219 3457 2274 Filii

1882 2333 1936 2377 et
1964 2322 2196 2392 Spiritus
2223 2323 2397 2378 sancti
2428 2321 2829 2376 deductionem.
2883 2316 2963 2370 'l‘u
3011 2331 3140 2370 vero
3186 2312 3457 2383 siquidem

1882 2423 1939 2468 et
1972 2422 2188 2482 tempus
2220 2421 2274 2468 et
2307 2412 2687 2467 deductionem
2743 2409 2959 2471 dividis,
3022 2408 3108 2462 dic
3155 2421 3340 2476 quaeso
3367 2444 3384 2465 .
3424 2419 3458 2460 ι

1884 2520 1991 2575 quo
2024 2507 2200 2574 primo
2237 2505 2407 2559 Adam
2458 2504 2728 2558 deductus
2767 2500 2929 2555 fuerit
2958 2541 2971 2563 ,
3010 2498 3138 2553 dum
3190 2498 3244 2551 in
3298 2511 3460 2567 para-

1884 2597 2005 2650 diso
2060 2604 2186 2649 ante
2237 2596 2725 2662 transgressionem
2782 2590 2985 2643 mansit
3041 2587 3107 2641 ad
3167 2588 3459 2641 colendum

1883 2674 2008 2743 eum
2044 2697 2098 2741 et
2125 2684 2639 2741 custodiendutn‘la
2663 2682 2914 2745 Patrene,
2951 2696 3018 2734 an
3055 2697 3086 2736 a
3121 2678 3289 2742 Filio,
3317 2694 3386 2733 an
3426 2694 3461 2732 a

1888 2779 2091 2849 Spiritu
2122 2777 2354 2834 sancto?
2383 2775 2588 2830 Maced.
2632 2776 2676 2829 A
2709 2773 2936 2845 Spiritu.
2982 2772 3136 2829 Orth.
3172 2771 3337 2841 Atqui
3377 2769 3462 2824 di-

1886 2872 2066 2926 citur:
2105 2889 2124 2922 ι
2160 2870 2226 2924 Ει
2259 2870 2546 2926 collocavit
2589 2869 2769 2938 ipsum
2802 2867 2948 2922 Deus
2999 2867 3052 2921 in
3099 2863 3356 2936 paradiso
3388 2860 3460 2916 ad

1886 2963 2171 3018 colendum
2204 2978 2328 3018 eum
2361 2970 2415 3017 et
2445 2961 2867 3017 custodiendum
2897 2961 2965 3024 ",
2997 2979 3015 3013 ι
3054 2973 3236 3012 annon
3267 2956 3350 3010 vel
3379 2955 3462 3010 in-

1888 3053 2035 3108 vitus
2058 3052 2355 3123 proﬁteris,
2388 3051 2650 3123 Spiritum
2682 3067 2805 3107 esse
2863 3051 3030 3107 Deum
3065 3068 3079 3104 :
3115 3045 3463 3120 quandoqui-

1890 3143 2010 3199 dem
2072 3146 2304 3215 primum
2366 3145 2543 3215 ipsum
2600 3144 2867 3199 deducere
2904 3141 3186 3197 'allit'mas?
3247 3137 3457 3195 Haced.

217 3242 485 3298 γραπται·
540 3249 558 3281 ‹
609 3231 666 3283 ’0
705 3217 976 3303 ὁδηγήσας
1002 3232 1077 3296 ὡς
1121 3233 1365 3305 πρόϐατα
1409 3233 1498 3285 τὸν
1530 3233 1656 3286 λαόν
1691 3250 1785 3287 σου

1890 3234 2032 3291 Deus
2077 3237 2131 3290 in
2167 3234 2373 3306 Spiritu
2432 3235 2673 3291 deducit.
2740 3230 2894 3291 Orth.
2951 3232 3235 3303 Quomodo
3294 3232 3462 3300 igitur

218 3318 274 3371 ὲν
311 3322 452 3394 χειρὶ
496 3322 743 3386 Μωσέως
774 3325 867 3376 καὶ
903 3327 961 3377 ὲν
996 3325 1234 3395 βραχίονι
1274 3325 1512 3398 Ἀαρών;
1562 3344 1580 3375 ι
1618 3326 1707 3395 Μὴ
1752 3326 1784 3395 ἡ

217 3413 330 3485 χεὶρ
350 3414 597 3476 Μωσέως
611 3414 669 3467 τὸ
687 3416 905 3485 Πνεῦμα
925 3416 985 3469 τὸ
1011 3417 1161 3485 ἅγιόν
1186 3420 1328 3482 scr-rt;
1357 3418 1573 3474 Μακεδ.
1603 3419 1665 3471 El
1689 3418 1787 3488 μία

218 3503 369 3568 φύσις
400 3504 525 3557 ἐστὶ
551 3504 781 3575 Πατρὸς,
816 3506 908 3559 καὶ
938 3506 1088 3570 Υἱοῦ,
1124 3508 1215 3561 καὶ
1258 3509 1412 3575 ἁγίου
1451 3509 1784 3579 Πνεύματος,

212 3591 425 3650 δύναται
464 3597 568 3651 καὶ
601 3598 857 3666 γεννῆσαι
901 3598 994 3652 καὶ
1043 3600 1222 3652 κτίσαι
1260 3600 1320 3653 τὸ
1345 3600 1586 3669 Πνεῦμα.
1632 3602 1784 3668 Ὀρθ.

214 3684 351 3739 Μίαν
370 3688 495 3757 λέγε
507 3706 559 3752 ις
585 3689 744 3771 φῦσιν
760 3689 968 3761 Πατρὸς
982 3692 1074 3744 καὶ
1098 3691 1226 3745 Υἰοῦ
1253 3695 1344 3746 καὶ
1374 3694 1527 3762 ἁγίου
1546 3686 1788 3764 Πνεῦμαὲ

208 3791 297 3840 τος
321 3774 482 3843 εἶναι,
507 3778 544 3850 ἦ
571 3778 691 3832 οὐδὲ
714 3779 870 3833 τοῦτο
897 3780 1102 3849 λέγεις;
1130 3783 1350 3837 Μακεδ.
1374 3786 1518 3839 Μίαν
1537 3786 1598 3839 οὐ
1623 3785 1783 3854 λέγωο

205 3867 395 3936 ὁμοίαν
435 3872 497 3925 δὲ
548 3870 709 3939 λέγω.
757 3872 909 3941 Ὀρθ.
953 3874 1172 3944 Ὀμοίαν
1220 3875 1417 3944 λέγεις,
1465 3877 1540 3940 ὡς
1582 3876 1784 3947 χρυσοῦ

206 3957 302 4010 οιαὶ
335 3958 584 4029 χαλκοῦ;
610 3961 830 4014 Μακεδ.
863 3961 954 4033 Μὴ
969 3962 1211 4031 γένοιτοί
1252 3965 1405 4031 Ὀρθ.
1446 3966 1582 4018 Ἀλλ’
1606 3967 1681 4030 ὡς
1701 3967 1753 4020 τί
1764 3985 1779 4031 ς

210 4049 429 4106 Mazaces.
465 4054 556 4116 Ὡς
578 4052 782 4122 χρυσοῦ
812 4055 905 4107 καὶ
939 4054 1160 4126 χρυσοῦ.
1179 4056 1332 4126 Ὀρθ.
1360 4057 1528 4111 Τοῦτο
1544 4055 1636 4125 οῦν
1672 4061 1786 4113 ἐστι

211 4142 310 4210 μία
339 4145 523 4212 φύσις.
550 4145 727 4210 Ὄλως
748 4146 804 4200 δὲ
833 4147 1002 4211 οὕτως
1025 4149 1207 4220 ὅμοιον
1230 4150 1405 4219 λέγεις
1434 4152 1523 4205 τὸν
1553 4152 1678 4206 Υίδν
1708 4152 1787 4224 τῷ

212 4231 403 4307 Πατρὶ,
440 4237 521 4300 ὡς
563 4238 763 4307 χρυσὸν
795 4240 1010 4311 χρυσῷ;
1050 4241 1269 4298 Μακεδ.
1312 4242 1434 4297 Ναί.
1479 4245 1630 4314 '0p0.
1662 4246 1786 4300 Ἐὰν

208 4318 300 4377 οῦν
331 4326 538 4400 θελήσῃ
575 4331 604 4381 ὁ
629 4329 773 4393 Υἱὸς,
800 4331 899 4400 τῆς
931 4332 1098 4405 αὐτῆς
1129 4331 1204 4386 ὢν
1232 4334 1444 4403 φύσεως
1476 4338 1552 4407 τῷ
1589 4337 1783 4408 Πατρὶ,

208 4414 433 4472 δύναται
468 4421 730 4489 γεννῆσαι
767 4421 926 4486 Υἱὸν;
964 4422 1184 4478 Μακεδ.
1232 4425 1358 4487 Ναὶ,
1383 4426 1632 4479 δύναταν
1673 4426 1786 4480 ἀλλ’

212 4505 298 4561 ἵνα
330 4511 406 4582 μὴ
433 4510 715 4579 θεογονίαν
752 4512 1104 4585 διδαχθῶμεν,
1132 4515 1288 4569 τοῦτο
1315 4517 1374 4569 οῦ
1414 4520 1574 4570 ποιεῖ.
1628 4518 1782 4585 Ὀρθ.

208 4598 374 4652 Οὐδὲν
402 4603 517 4673 ἄρα
548 4601 745 4655 κωλύει
765 4605 862 4673 τῆς
880 4605 1046 4676 αὐτῆς
1072 4601 1210 4659 εἶναι
1239 4607 1451 4676 φύσεως
1481 4609 1541 4660 τὸ
1563 4608 1788 4679 Πνεῦμα

209 4690 272 4743 τδ
296 4690 455 4760 ἅγιον
495 4693 579 4764 τῷ
622 4695 795 4766 Πατρὶ
842 4698 934 4750 καὶ
975 4696 1053 4768 τῷ
1091 4698 1223 4770 Υίῷ,
1260 4700 1353 4753 καὶ
1400 4702 1533 4771 μήτε
1576 4703 1790 4772 γεννᾷν,

214 4784 349 4852 μήτε
372 4784 611 4851 κτίζειν,
646 4785 732 4839 ἴνα
755 4786 828 4857 μὴ
857 4786 1152 4856 θεογονίαν,
1179 4789 1254 4854 ὡς
1282 4791 1436 4861 ἔφης,
1465 4793 1601 4862 μήτε
1631 4791 1795 4846 πολυ-

106 4898 115 4909 σ
214 4870 363 4928 θεῖαν
390 4875 756 4946 διδαχθῶμεν.
791 4880 857 4929 Ἀ
888 4878 1133 4949 μέντοιγε
1163 4879 1304 4935 θέλει
1336 4883 1365 4934 ὁ
1392 4882 1598 4953 Πατὴρ,
1624 4882 1795 4946 κτίζει

211 4965 242 5016 6
273 4964 423 5032 Υἱὸς,
458 4966 679 5036 ἁγιάζει
703 4968 765 5022 τὸ
810 4968 1047 5035 Πνεῦμα.
1080 4972 1188 5024 Καὶ
1218 4972 1375 5026 τοῦτό
1406 4974 1520 5026 ἐστι
1544 4973 1624 5037 τὸ,
1658 4992 1677 5024 ι
1706 4972 1797 5044 Τῷ

210 5056 369 5129 Λόγῳ
395 5059 612 5132 Κυρίου
637 5062 687 5113 οί
713 5061 933 5132 οὐρανοὶ
952 5060 1379 5134 ἐστερεώθησαν,
1416 5064 1507 5117 καὶ
1526 5063 1606 5134 τῷ
1626 5063 1796 5116 Πνεύ-

212 5164 341 5216 pars
378 5150 478 5204 τοῦ
521 5151 787 5223 στόματος
822 5151 987 5206 αὑτοῦ
1019 5154 1167 5207 πᾶσα
1203 5156 1236 5225 ή
1267 5154 1493 5224 δύναμις
1532 5155 1729 5209 αὐτῶν.
1770 5176 1788 5208 ι

212 5238 346 5294 Οὔτε
365 5243 397 5294 ὁ
419 5243 638 5314 Πατὴρ,
666 5242 913 5314 βοηθείας
937 5244 1204 5315 δεόμενος,
1223 5245 1394 5309 κτίζει
1419 5247 1506 5300 διὰ
1525 5248 1618 5301 τοῦ
1640 5248 1791 5311 Υἱοῦ,

208 5332 331 5388 οὔτε
358 5335 389 5386 6
425 5334 584 5397 Υἱὸς,
621 5333 869 5405 βοηθείας
894 5336 1129 5407 χρῄζων,
1156 5338 1329 5402 κτίζει
1369 5338 1458 5392 διὰ
1490 5339 1582 5392 τοῦ
1627 5339 1797 5393 Πνεῦ-

213 5442 417 5494 ματος·
449 5425 574 5480 ἁλλ’
611 5428 698 5480 ἵνα
734 5428 798 5481 ὲκ
837 5428 943 5481 τῶν
982 5428 1315 5499 γιγνομένων
1356 5429 1539 5503 δειχθῇ
1583 5432 1798 5502 Πατρὸς

209 5516 305 5575 καὶ
336 5517 472 5572 Υίοῦ
514 5519 614 5572 καὶ
665 5518 822 5589 ἁγίου
855 5521 1169 5592 Πνεύματος
1203 5522 1237 5592 ἡ
1265 5522 1550 5593 ταυτότης.
1589 5525 1710 5577 Ὅτι
1739 5525 1796 5577 δὲ

211 5604 437 5676 δύναται
481 5606 671 5662 κτίσαι
709 5609 771 5662 τὸ
797 5608 1017 5680 Πνεῦμα
1061 5610 1122 5664 τὸ
1148 5610 1321 5679 ἅγιον,
1360 5610 1570 5685 ἐδείχθη
1606 5616 1668 5667 ἐκ
1696 5613 1790 5667 τοῦ

285 5764 333 5797 ι’
368 5762 576 5821 Genets.
612 5778 685 5832 It,
718 5766 802 5822 l5.
879 5768 925 5802 “
961 5766 1104 5825 Psal.
1141 5783 1339 5833 um,
1379 5767 1471 5827 ει.

1888 3328 2149 3398 scriptum
2174 3336 2258 3382 est
2288 3347 2302 3383 :
2341 3346 2359 3378 ι
2398 3326 2677 3383 Deduxisti
2698 3328 2840 3381 sicut
2864 3342 2993 3381 oves
3024 3325 3281 3396 populum
3306 3331 3461 3375 tuum

1887 3419 1942 3472 in
1978 3434 2140 3473 manu
2172 3418 2337 3473 Mosis
2378 3427 2431 3474 et
2480 3419 2532 3472 in
2587 3419 2814 3472 hrachio
2859 3417 3092 3472 Aaronis
3126 3417 3205 3469 ὀἳ
3238 3433 3256 3466 ι
3322 3413 3462 3471 Num

1890 3509 2054 3564 Musis
2097 3527 2289 3565 manus
2316 3519 2401 3564 est
2433 3509 2670 3580 Spiritus
2700 3510 2967 3565 sanctus?
2999 3506 3208 3562 Maced.
3262 3505 3318 3560 Si
3354 3518 3463 3558 una

1886 3601 2065 3657 Patris
2095 3613 2146 3657 et
2168 3601 2287 3656 Filii
2317 3611 2368 3657 et
2419 3601 2654 3673 Spiritus
2682 3604 2854 3656 sancti
2883 3610 3073 3655 natura
3098 3608 3201 3662 est,
3222 3596 3461 3667 Spiritus

1886 3705 1939 3750 et
1966 3696 2187 3766 gignere
2212 3694 2410 3764 poterit
2431 3704 2485 3748 et
2522 3708 2728 3748 creare.
2764 3691 2915 3748 Ortlt.
2945 3698 3052 3744 Aut
3087 3704 3246 3743 unam
3294 3686 3462 3745 conli-

1886 3789 2018 3843 teris
2044 3787 2219 3842 Patris
2256 3797 2309 3841 et
2343 3786 2460 3841 Filii
2489 3796 2542 3841 et
2572 3787 2812 3857 Spiritus
2841 3784 3015 3837 sancti
3042 3791 3291 3836 naturam
3315 3795 3458 3845 esse,

1887 3890 1980 3934 aut
2008 3878 2153 3933 non?
2186 3877 2391 3933 Μαι-σά.
2419 3876 2593 3933 Unam
2628 3893 2735 3932 non
2764 3875 3028 3931 conﬁteor
3059 3893 3071 3928 :
3103 3874 3331 3929 similem
3362 3886 3463 3936 ω-

1887 3979 1996 4025 tem
2028 3971 2175 4025 dico.
2221 3969 2373 4026 Ortlt.
2420 3969 2735 4024 Similemne
2764 3975 2820 4022 ιιι
2843 3981 3035 4020 aurum
3067 3966 3202 4020 atri?
3250 3962 3462 4018 Haced.

1888 4061 2041 4117 Absit
2071 4062 2085 4115 !
2140 4060 2293 4117 Orth.
2342 4059 2409 4116 Ut
2434 4060 2562 4131 quid
2595 4059 2764 4130 ergo?
2791 4056 2999 4112 Μαι-σά.
3033 4054 3100 4111 Ut
3130 4070 3323 4109 aurum
3360 4068 3462 4107 au-

1886 4169 1970 4209 ro.
2015 4151 2169 4208 Orth.
2228 4150 2345 4207 Una
2396 4160 2480 4208 est
2530 4153 2692 4223 igitur
2724 4151 2919 4204 horum
2951 4157 3166 4203 natura.
3223 4144 3303 4200 Tu
3332 4159 3465 4199 vero

1887 4244 2091 4301 siccine
2140 4246 2196 4299 in
2228 4244 2542 4299 universum
2596 4243 2829 4298 similem
2878 4238 3023 4296 Patri
3060 4239 3254 4294 Filium
3286 4238 3461 4300 dicis,

1889 4345 1946 4390 ut
1980 4352 2171 4389 aurum
2206 4337 2382 4391 auro?
2432 4335 2639 4390 Maced.
2686 4333 2882 4389 Etiam.
2928 4332 3079 4389 Orth.
3131 4331 3334 4399 Poterit
3364 4329 3468 4401 igi-

1888 4435 1977 4481 tur
2007 4426 2177 4483 Filius
2203 4468 2217 4492 ,
2269 4444 2392 4483 cum
2421 4428 2663 4494 ejusdem
2698 4442 2761 4480 ac
2792 4424 2954 4479 Pater
2987 4432 3195 4479 natura:
3228 4424 3333 4486 sit,
3379 4421 3464 4491 gi-

1888 4535 2053 4591 gnere
2082 4520 2299 4587 Filium,
2336 4524 2381 4577 si
2415 4522 2602 4576 volet?
2641 4518 2847 4574 Maced.
2897 4518 3071 4574 Etiam
3096 4526 3312 4589 potest:
3368 4516 3465 4572 sed

1891 4628 1999 4666 non
2030 4612 2161 4667 facit
2189 4613 2313 4676 hoc,
2340 4630 2408 4668 ne
2461 4613 2685 4668 deorum
2715 4613 3116 4684 generationem
3148 4609 3463 4663 doceamur.

1897 4702 2049 4759 Ortlt.
2088 4703 2234 4758 Nihil
2266 4705 2431 4775 igitur
2474 4704 2755 4775 prohibet,
2787 4703 3077 4773 quominus
3117 4698 3358 4768 ejusdem
3400 4710 3465 4749 ac

1895 4792 2056 4862 Pater
2089 4801 2142 4847 et
2172 4791 2344 4848 Filius
2398 4804 2605 4846 naturae
2655 4791 2725 4845 sit
2757 4789 2995 4859 Spiritus
3037 4796 3260 4843 sanctus
3282 4824 3297 4849 ,
3338 4785 3466 4839 licet

1896 4898 1997 4937 nec
2019 4883 2225 4953 gignat,
2256 4897 2358 4938 nec
2391 4891 2539 4936 creet
2567 4899 2581 4936 :
2614 4897 2682 4936 ne
2709 4881 2791 4935 vel
2820 4880 3246 4951 generationem,
3274 4883 3332 4931 ut
3358 4875 3461 4941 ais,

1895 4974 1979 5028 vel
2005 4974 2405 5028 multitudinem
2435 4972 2663 5028 deorum
2701 4973 3013 5029 doceamur.
3047 4969 3313 5024 Nimirum
3342 4980 3465 5039 qua

1894 5067 2012 5121 vult
2045 5065 2225 5131 Pater,
2259 5073 2412 5120 creat
2433 5063 2627 5129 Filius,
2661 5063 2968 5119 sanctiﬁcat
2997 5062 3254 5132 Spiritus.
3284 5054 3463 5129 Atque

1897 5158 2001 5211 hoc
2029 5166 2151 5213 est:
2205 5176 2223 5208 ι
2274 5155 2454 5211 Verbo
2506 5154 2719 5210 Domini
2771 5156 2897 5210 caeli
2945 5154 3142 5208 ﬁrmati
3201 5160 3358 5214 sunt,
3408 5157 3464 5206 et

1899 5248 2101 5317 Spiritu
2158 5248 2271 5301 oris
2301 5249 2421 5316 ejus
2451 5248 2629 5301 omnis
2662 5247 2838 5302 virtus
2882 5261 3069 5300 eorum
3105 5246 3171 5299 ⁸¹.
3212 5263 3230 5296 ι
3279 5242 3467 5312 Neque

1898 5344 2080 5405 Pater,
2113 5340 2257 5411 quod
2281 5341 2473 5396 auxnlii
2502 5339 2761 5410 indigeat,
2794 5350 2890 5408 per
2916 5336 3111 5391 Filium
3149 5343 3338 5391 creat:
3373 5351 3469 5392 ne-

1897 5449 2004 5504 que
2028 5431 2220 5498 Filius,
2249 5432 2396 5503 quod
2419 5429 2607 5486 auxilii
2630 5436 2803 5500 egeat,
2847 5444 2943 5500 per
2975 5427 3235 5498 Spiritum
3274 5432 3423 5480 creat
3450 5443 3467 5489 ι

1874 5510 1996 5582 ἐειι
2033 5536 2093 5580 ιιι
2118 5539 2184 5580 ex
2213 5525 2379 5580 rebus
2404 5509 2644 5579 conditis
2667 5519 2867 5587 Patris,
2893 5527 2946 5576 et
2970 5517 3115 5584 Filii,
3147 5525 3201 5574 et
3231 5516 3472 5588 Spiritus

1901 5617 2078 5672 sancti
2108 5615 2370 5673 identitas
2396 5615 2827 5672 demonstretur.
2864 5611 3135 5668 Caeterum
3159 5610 3303 5681 quod
3350 5605 3476 5690 Spi—

1549 5773 1587 5803 "
1633 5769 1776 5826 Psul.
1820 5788 2002 5839 χιιιιιδ
2040 5773 2093 5832 6.
