3976 6388
525 325 693 406 IIS“

1653 339 1709 396 ι.
1751 339 2214 400 ATHANASIUS.
2253 372 2324 386 --
2350 344 2620 400 εΡυιιιΑ.

3667 342 3787 396 1512

561 441 700 494 rltus
755 450 976 498 sanctus
1024 459 1210 501 creare
1261 449 1468 516 possit,
1523 449 1862 506 Dominicum
1923 470 2118 526 corpus

2223 457 2500 527 Κυριακοῦ
2528 456 2792 528 σώματος,
2817 457 2912 510 τοῦ
2939 456 3174 526 ἀγγέλου
3197 456 3510 526 είρηκότος⁸
3539 474 3562 505 ι
3597 454 3670 507 Τὸ
3693 456 3786 526 γὰρ

558 531 834 599 ostendit,
879 535 1070 604 angelo
1103 535 1356 594 dicente:
1399 557 1418 591 ι
1467 540 1620 606 Quod
1656 545 1796 596 enim
1845 545 1900 599 in
1933 563 1995 600 ea
2042 565 2130 602 na-

559 631 672 677 tum
711 632 812 689 est,
842 641 906 679 ex
933 627 1134 697 Spiritu
1172 640 1364 684 sancto
1395 643 1479 687 est
1519 635 1586 686 ".
1627 653 1646 686 ι
1700 633 1907 692 Maced.
1953 638 2126 695 Etiam

556 709 717 768 Pater
741 713 977 784 Spiritus
1011 727 1236 776 sanctus
1263 729 1346 776 est
1373 741 1386 776 :
1437 723 1563 777 item
1590 722 1758 781 Filius
1784 745 1798 782 :
1837 735 1892 782 et
1912 731 2128 798 quando

556 799 666 862 ait,
715 799 791 855 Ex
822 801 1025 871 Spiritu
1057 818 1247 862 sancto
1272 818 1377 875 est,
1431 810 1625 866 Filium
1663 815 1958 888 intelligit,
2018 836 2126 876 non

554 905 697 954 eum,
729 891 796 945 de
819 909 927 961 quo
955 911 1054 951 nos
1093 900 1386 969 loquimur,
1425 901 1708 971 Spiritum.

551 1164 662 1218 nict
687 1167 737 1218 in
763 1175 815 1219 te
841 1169 925 1221 "z
969 1188 987 1222 ι
1014 1174 1191 1239 qualis
1224 1175 1358 1229 ille?
1390 1177 1507 1232 isne
1533 1219 1548 1242 ,
1578 1179 1644 1234 de
1677 1197 1783 1250 quo
1819 1183 2120 1253 loquimur,

550 1270 620 1309 an
653 1253 867 1312 Filius?
904 1273 971 1313 an
1001 1261 1143 1316 alius
1167 1265 1290 1332 quis
1325 1265 1563 1335 Spiritus
1606 1273 1868 1326 sanctus?
1896 1272 2030 1327 Nam
2071 1283 2125 1330 et

549 1349 724 1415 angeli
763 1349 990 1419 spiritus
1021 1357 1198 1408 sancti
1243 1367 1389 1412 sunt.
1431 1358 1640 1418 Maced.
1679 1361 1940 1432 Spiritum
1998 1383 2121 1421 san~

549 1447 694 1492 ctum
717 1441 848 1496 dicit
877 1443 1025 1496 illum
1051 1447 1252 1515 ipsum,
1282 1449 1333 1502 in
1363 1467 1522 1520 quem
1554 1453 1918 1524 baptizamur.
1968 1457 2120 1514 Orth.

551 1525 628 1581 Ex
664 1529 766 1584 boc
797 1532 962 1599 igitur
984 1533 1188 1605 Spiritu
1217 1553 1416 1610 corpus
1439 1544 1980 1602 Dominieumnatum
2004 1568 2124 1607 esse

550 1616 626 1668 ait
661 1614 903 1672 Gabriel.
957 1621 1141 1693 Neque
1167 1630 1311 1682 enim
1343 1632 1484 1686 alius
1517 1634 1569 1686 in
1601 1650 1720 1689 eam
1770 1641 2083 1707 supervenit
2105 1680 2119 1702 ,

549 1706 692 1762 alius
731 1711 961 1778 gratiam
997 1727 1252 1783 cperatus
1283 1727 1400 1774 est:
1434 1722 1527 1775 sed
1554 1727 1695 1792 quod
1747 1727 1801 1780 in
1840 1706 1902 1782 ea
1934 1737 2119 1785 natum

549 1808 740 1861 est,cx
773 1799 978 1872 Spiritu
1025 1818 1218 1862 sancto
1269 1823 1372 1875 est,
1405 1829 1468 1868 ex
1502 1831 1567 1868 eo
1605 1817 1874 1881 videlicet,
1910 1822 2001 1889 qui
2032 1838 2124 1876 su-

551 1907 648 1961 per
689 1894 833 1948 illam
867 1899 1031 1954 venit.
1075 1899 1282 1956 Μαερά.
1317 1903 1600 1971 Quomodo
1632 1910 1798 1980 igitur
1819 1912 1931 1966 ait:
1970 1937 1986 1964 ι
2025 1914 2122 1968 Sa-

547 1986 750 2053 pientia
771 1989 1059 2045 mdificavit
1093 1996 1194 2049 sibi
1221 1996 1440 2052 domum
1474 2000 1562 2054 “?
1605 2021 1622 2052 ι
1658 2000 1813 2058 Ortli.
1841 2003 1952 2058 Hoc
1979 2006 2120 2059 enim

544 2087 650 2144 est,
684 2082 828 2150 quod
862 2099 962 2138 nos
993 2084 1266 2142 dicimus:
1327 2091 1509 2145 omnia
1556 2092 1736 2150 Patris
1789 2111 1953 2164 Opera
2000 2096 2120 2150 Filii

544 2185 698 2237 esse;
733 2181 787 2227 et
811 2172 933 2228 Filii
969 2192 1088 2246 qua:
1122 2187 1280 2244 sunt,
1319 2179 1556 2250 Spiritus
1591 2186 1719 2241 dici.
1752 2189 1959 2258 Itaque.
1988 2205 2122 2259 quo-

544 2263 690 2317 niam
723 2281 829 2320 una
879 2276 960 2322 est
995 2268 1170 2326 Patris
1221 2287 1284 2327 ac
1333 2274 1454 2330 Filii
1509 2281 1754 2346 potentia
1810 2282 1866 2335 in
1915 2280 2121 2352 Spiritu

544 2363 738 2412 sancto
769 2372 1026 2426 operans.
1060 2359 1262 2418 Paulus
1293 2364 1462 2421 dicit:
1518 2387 1536 2419 ι
1589 2369 1654 2422 ΕΙ.
1697 2372 1960 2441 quosdam
1995 2376 2120 2443 qui-

544 2444 667 2500 dem
705 2450 890 2516 posuit
930 2449 1071 2506 Deus
1131 2455 1183 2508 in
1215 2454 1479 2522 Ecclesia,
1514 2463 1748 2530 primum
1809 2466 2118 2533 apostolos.

543 2540 786 2592 secundo
817 2542 1133 2611 prophetas,
1167 2549 1326 2602 tcrtio
1377 2549 1630 2608 doctores
1683 2556 1749 2608 ".
1782 2575 1801 2607 ι
1841 2554 1902 2610 Et
1932 2572 2122 2612 rursus

543 2628 686 2683 idem
723 2650 736 2686 :
775 2649 792 2682 ι
831 2632 874 2685 Α
909 2632 1094 2690 Mileto
1123 2639 1345 2696 mittens
1391 2640 1662 2711 Ephesum
1701 2646 1914 2701 vocavit
1955 2647 2124 2715 majo-

543 2733 633 2774 res
664 2728 794 2775 natu
834 2723 1109 2792 Ecclesire,
1146 2747 1166 2780 ι
1197 2745 1397 2803 eosque
1417 2734 1497 2787 sic
1529 2735 1800 2791 allocutus
1825 2743 1946 2791 est:
1977 2755 1996 2788 ‹
2028 2739 2122 2791 At-

542 2813 747 2869 tendite
770 2815 943 2883 vobis,
973 2826 1026 2873 et
1063 2821 1318 2877 universo
1344 2825 1512 2894 gregi,
1535 2825 1588 2878 in
1616 2841 1725 2894 quo
1760 2841 1855 2880 vos
1887 2825 2121 2894 Spiritus

546 2915 772 2961 sanctus
803 2908 986 2975 posuit
1014 2910 1322 2981 episcopos,
1354 2930 1578 2983 pascere
1616 2914 1910 2970 Ecclesiam
1963 2918 2118 2971 Chri-

543 2993 613 3047 sti
646 2995 714 3048 “.
753 3014 772 3046 ι
815 2995 1000 3061 Vides,
1035 3015 1176 3069 quos
1195 3001 1334 3058 Deus
1363 3008 1674 3074 praeposuit,
1703 3008 1921 3063 eosdem
1948 3008 2120 3079 Spiri-

543 3089 656 3136 tum
704 3097 953 3140 sanctuin
989 3105 1206 3159 quoque
1229 3095 1610 3162 praeposuisse,
1631 3103 1685 3150 et
1720 3112 1857 3166 quos
1887 3097 2122 3167 Spiritus

2229 549 2286 600 ἐν
2308 549 2442 618 αὐτῇ
2471 548 2726 620 γεννηθὲν
2743 550 2805 601 ἐκ
2821 547 3136 618 Πνεύματός
3164 548 3309 599 ἐστιν
3347 546 3526 614 ἁγίου.
3554 547 3783 600 »Μακεᾷ

2227 641 2339 697 Καὶ
2367 642 2394 693 6
2437 641 2627 710 Πατὴρ
2661 638 2884 710 Πνεῦμα
2926 639 3080 708 ἆγιόν
3127 639 3262 699 ἐστι,
3315 636 3409 691 καὶ
3451 639 3482 690 ὁ
3517 636 3673 699 Υἱός·
3707 638 3787 690 καὶ

2224 735 2354 791 ὅταν
2393 734 2562 802 λέγει,
2592 735 2688 788 Ἐκ
2714 732 3023 803 Πνεύματός
3047 733 3195 783 ἐστιν
3222 727 3399 796 ἁγίου,
3434 725 3532 780 τοῦ
3562 727 3692 780 Υίοῦ
3711 724 3787 780 λέ·

2226 843 2333 895 γει,
2369 827 2488 896 οὐχὶ¹
2519 826 2576 880 δὲ
2610 825 2704 879 τοῦ
2737 825 3070 896 Πνεύματος,
3105 821 3232 891 περὶ
3261 815 3321 875 οὗ
3349 823 3378 874 6
3411 820 3596 889 λόγος.

2277 1005 2384 1060 J3.
2430 1006 2584 1072 Ὀρθ.
2618 1003 2912 1072 ’Λνάγνωθι
2957 1001 3048 1058 τὸν
3083 1001 3244 1054 τόπον
3288 999 3382 1054 τοῦ
3438 997 3786 1066 Εύαγγελίου,

2052 1111 2124 1148 re-
2226 1097 2291 1151 ἶν’
2314 1096 2549 1168 ἀκούσῃς
2573 1095 2664 1149 τοῦ
2686 1095 2912 1164 ἀγγέλου
2940 1093 3190 1162 λέγοντος
3209 1095 3274 1164 τῇ
3310 1092 3520 1163 Μαρίᾳ·
3535 1110 3554 1142 ι
3579 1090 3786 1160 Πνεῦμα

2226 1185 2377 1254 ἅγιον
2410 1183 2756 1238 ἐπελεύσεται
2787 1183 2878 1236 ἐπὶ
2912 1183 2970 1237 σέ
2990 1200 3003 1213 ο
3037 1200 3056 1233 ι
3094 1184 3276 1246 ποῖον;
3309 1182 3437 1251 περὶ
3469 1175 3532 1235 οὗ
3562 1183 3592 1233 6
3629 1179 3783 1248 λόγος,

2225 1279 2257 1350 ἢ
2281 1281 2408 1346 περί
2427 1278 2576 1341 Υἱοῦ,
2601 1279 2633 1348 ἢ
2659 1279 2748 1331 καὶ
2773 1277 2899 1350 περὶ
2923 1276 3084 1330 ἄλλου
3108 1275 3250 1338 τινὸς
3273 1275 3413 1330 Πνεύ
3422 1292 3594 1346 ματος
3620 1275 3782 1342 ἁγίους

2225 1371 2335 1424 Καὶ
2361 1370 2470 1441 γὰρ
2503 1372 2552 1422 οἱ
2587 1369 2730 1437 ἆγιοι
2761 1367 2976 1437 ἄγγελοι
3005 1366 3289 1436 πνεύματά
3326 1369 3464 1420 εἰσιν
3495 1367 3651 1434 ἆγια.
3680 1369 3785 1418 Ma-

2224 1459 2349 1513 κεδ.
2381 1457 2603 1529 Πνεῦμα
2643 1458 2793 1526 ἅγιον
2826 1457 2970 1525 λέγει
3002 1455 3135 1509 αὐτὸ
3170 1455 3231 1508 τὸ
3261 1455 3509 1525 Πνεῦμα,
3543 1457 3626 1518 εἰς
3655 1453 3783 1524 ὃβα-

2224 1549 2543 1621 πτιζόμεθα.
2571 1552 2724 1620 Ὀρθ.
2746 1550 2842 1601 Ἐκ
2869 1548 3058 1601 τούτου
3097 1547 3205 1620 ἄρα
3248 1547 3342 1601 τοῦ
3387 1547 3707 1618 Πνεύματος
3735 1547 3785 1599 τὸ

2223 1643 2497 1714 Κυριακὸν
2522 1641 2678 1712 σῶμα
2707 1641 2852 1709 λέγει
2879 1643 2906 1694 6
2923 1640 3160 1711 Γαϐριὴλ
3186 1639 3565 1708 γεγεννῆσθαι.
3595 1638 3671 1691 Οὐ
3693 1636 3784 1707 γὰρ

2222 1735 2349 1789 ἄλλο
2377 1736 2512 1805 αὐτῇ
2567 1733 2784 1804 ἐπῆλθε,
2829 1735 2924 1787 καὶ
2955 1731 3081 1785 ἄλλο
3123 1731 3220 1801 τὴν
3261 1731 3420 1801 χάριν
3468 1730 3782 1799 εἰργάσατο·

2160 1819 2198 1871 Β
2225 1826 2360 1880 ἀλλὰ
2392 1826 2451 1878 τὸ
2483 1827 2539 1877 ἐν
2573 1826 2706 1895 αύτῇ
2743 1823 2997 1893 γεννηθὲν
3019 1824 3084 1875 ἐκ
3117 1822 3432 1891 Πνεύματος
3478 1822 3638 1888 ἁγίου
3663 1821 3782 1884 ἐστὶ,

2223 1916 2462 1987 δηλονότι
2491 1913 2582 1968 τοῦ
2616 1913 2928 1975 ἐπελθόντος
2957 1913 3114 1983 αὐτῇ.
3158 1911 3380 1964 Μακεδ.
3419 1911 3530 1963 Καὶ
3573 1911 3685 1973 πῶς
3709 1911 3782 1963 λέ-

2222 2027 2327 2078 γει⁵
2359 2027 2376 2059 ι
2424 2010 2486 2060 Ἡ
2532 2007 2700 2076 Σοφία
2748 2005 3093 2078 ᾠκοδόμησεν
3144 2005 3310 2074 ἑαυτῇ
3349 1999 3541 2067 οἷκον;
3589 2022 3608 2055 ›
3643 2003 3779 2072 Ὀρϐ.

2224 2100 2393 2154 Τοῦτο
2419 2099 2528 2169 γάρ
2559 2100 2727 2161 ἐστιν,
2757 2096 2784 2149 6
2817 2097 3046 2165 λέγομεν
3079 2097 3261 2166 ἡμεῖς,
3290 2095 3372 2147 ὅτι
3398 2094 3587 2150 Πάντα
3613 2093 3678 2146 τὰ
3702 2093 3782 2146 τοῦ

2223 2190 2432 2262 Πατρὸς
2460 2189 2615 2260 ἔργα,
2644 2189 2747 2242 εἰσὶ⁸
2761 2187 2851 2240 τοῦ
2875 2185 3024 2246 Υἰοῦ,
3053 2187 3149 2239 καὶ
3173 2186 3242 2240 τὰ
3267 2185 3362 2239 τοῦ
3389 2187 3522 2239 Υίοῦ
3552 2186 3782 2254 λέγονται

2222 2277 2359 2336 εἶναι
2387 2280 2480 2334 τοῦ
2518 2280 2861 2351 Πνεύματος·
2905 2277 3092 2348 ἐπειδὴ
3142 2278 3239 2347 μία
3273 2279 3389 2330 ἐστὶ
3431 2277 3667 2348 δύναμις
3702 2278 3782 2330 τοῦ

2222 2373 2434 2444 Πατρός
2462 2371 2557 2425 καὶ
2579 2370 2671 2423 τοῦ
2698 2371 2825 2423 Υἱοῦ
2851 2372 2908 2422 ἐν
2939 2368 3216 2439 Πνεύματι
3239 2368 3379 2440 ἁγίῳ
3404 2370 3780 2441 ἐνεργουμένη.

2235 2465 2450 2535 Ἀμέλει
2481 2463 2689 2526 Παῦλος
2738 2462 2918 2531 λέγει·
2959 2481 2978 2513 ι
3023 2461 3248 2525 Ἀλλους
3287 2461 3578 2531 μένέθετο
3609 2464 3638 2514 6
3669 2461 3782 2522 656.;

2223 2559 2278 2610 ἐν
2304 2560 2370 2628 τῇ
2411 2555 2720 2626 Ἐκκλησίᾳ,
2756 2553 2968 2626 πρῶτον
3003 2553 3353 2616 ἀποστόλους,
3379 2552 3636 2622 δεύτερον
3671 2569 3784 2622 προ-

2223 2651 2417 2720 φήτας,
2470 2649 2649 2720 τρίτον
2697 2646 3078 2710 διδασκάλους·
3121 2665 3140 2697 ι
3173 2647 3268 2699 καὶ
3314 2644 3477 2698 πάλιν
3527 2645 3558 2696 6
3605 2644 3780 2706 αὐτός·

2227 2763 2245 2796 ι
2288 2743 2513 2814 Πέμψας
2561 2740 2667 2798 ἀπὸ
2706 2739 2806 2808 τῆς
2834 2738 3072 2808 Μιλήτου
3116 2739 3194 2800 είς
3225 2737 3324 2805 τὴν
3361 2737 3629 2803 Ἔφεσον,
3671 2750 3784 2806 μετο

2220 2834 2492 2888 εστείλατο
2516 2833 2640 2894 τοὺς
2686 2829 3082 2901 πρεσϐυτέρους
3117 2826 3216 2896 τῆς
3261 2826 3614 2902 Ἐκκλησίας,
3652 2845 3670 2878 ι
3701 2827 3782 2878 καὶ

2221 2922 2365 2989 λέγει
2383 2922 2560 2983 αὺτοῖς
2577 2936 2591 2950 ·
2629 2941 2646 2969 ι
2674 2918 2971 2990 Προσέχετε
3001 2919 3230 2980 ἑαυτοῖς,
3254 2917 3348 2970 καὶ
3381 2916 3552 2970 παντὶ
3578 2916 3655 2987 τῷ
3676 2933 3780 2970 ποι-

2225 3014 2382 3084 μνίῳ,
2405 3014 2461 3064 ἐν
2493 3006 2538 3080 ᾧ
2582 3012 2725 3081 ὑμᾶς
2762 3009 2913 3062 ἑθετο
2948 3009 3007 3061 τὸ
3037 3007 3257 3078 Πνεῦμα
3285 3009 3349 3060 τὸ
3388 3009 3546 3076 ἅγιον
3576 3007 3782 3062 ἑπισκόο

2222 3123 2377 3169 πους,
2437 3103 2741 3173 ποιμαίνειν
2789 3101 2887 3172 τὴν
2940 3101 3262 3170 Ἐκκλησίαν
3312 3099 3409 3152 τοῦ
3475 3101 3732 3172 Χριστοῦ.
3763 3121 3779 3152 ι

542 3176 859 3244 praeposuit.
879 3180 1098 3234 eosdem
1119 3180 1284 3236 Deum
1314 3187 1674 3254 praeposuisse
1697 3205 1709 3242 :
1739 3202 1836 3242 nec
1853 3172 1989 3243 alios
2006 3187 2118 3259 Spi-

2241 3197 2422 3269 Ὁρᾷς,
2451 3172 2551 3256 ὅτι,
2586 3192 2677 3257 οὒς
2727 3192 2875 3244 ἔθετο
2917 3193 2945 3243 6
2986 3191 3138 3255 Θεὸς,
3170 3183 3318 3243 ἔθετο
3369 3192 3430 3244 τὸ
3473 3193 3697 3262 Πνεῦμα
3732 3193 3784 3245 τὸ

541 3267 728 3328 ritum,
777 3269 912 3325 alios
969 3270 1158 3336 Deum,
1202 3275 1299 3328 sed
1346 3276 1468 3331 illos
1517 3278 1702 3345 ipsos,
1736 3295 1874 3350 quos
1909 3297 2118 3354 praepo-

541 3355 649 3410 suit
678 3355 840 3421 Deus,
868 3362 1158 3429 pra-posuit
1180 3372 1231 3418 et
1250 3363 1503 3435 Spiritus.
1531 3367 1734 3434 Quodsi
1769 3369 2006 3440 Spiritus
2024 3390 2116 3429 eos

542 3448 858 3518 pmposuit,
881 3464 1018 3519 quos
1043 3454 1334 3521 praeposuit
1361 3453 1524 3518 Deus,
1554 3457 1679 3512 hinc
1706 3459 1957 3528 sequitur
1978 3476 2119 3514 eam-

541 3537 664 3593 dem
698 3537 788 3594 Dei
815 3549 867 3594 et
893 3540 1127 3612 Spiritus
1155 3559 1273 3599 esse
1305 3548 1692 3615 operationem.
1716 3549 1956 3616 Quorum
1990 3569 2116 3607 vero

539 3627 728 3684 eadem
743 3637 828 3684 cst
847 3635 1111 3701 Operatio,
1140 3649 1326 3688 eorum
1351 3637 1538 3691 eadem
1565 3653 1780 3708 quoque
1796 3648 1878 3695 est
1897 3649 2112 3697 natura.

537 3718 704 3791 482
737 3719 943 3776 Maced.
972 3723 1135 3794 Atqui
1167 3724 1309 3782 Deus
1359 3735 1444 3781 est
1489 3729 1583 3798 qui
1632 3732 1814 3785 omnia
1853 3732 1906 3785 in
1939 3735 2115 3786 omni-

539 3811 644 3867 bus
697 3823 976 3884 operatur.
1031 3819 1302 3887 Seriptum
1363 3830 1448 3874 est
1497 3823 1693 3879 enim:
1754 3841 1774 3876 ι
1811 3823 2114 3880 Divisiones

540 3889 836 3973 gratiarum
869 3915 1017 3972 sunt,
1040 3909 1180 3963 idem
1214 3918 1396 3966 autem
1426 3912 1700 3984 Spiritus:
1728 3926 1783 3971 et
1815 3917 2114 3973 divisiones

539 3998 1004 4054 ministrationum
1060 4010 1224 4068 sunt,
1281 4004 1424 4060 idem
1487 4017 1665 4062 autem
1715 4007 2021 4066 Dominus:
2060 4018 2114 4064 et

539 4087 836 4144 divisiones
869 4093 1246 4161 operationum
1275 4105 1423 4160 sunt,
1457 4097 1598 4154 idem
1630 4115 1758 4154 vero
1799 4099 1976 4164 Deus,
2018 4103 2112 4172 qui

541 4187 801 4245 opt-ratur
831 4182 1013 4235 omnia
1054 4183 1107 4236 in
1139 4188 1391 4242 omnibus
1421 4189 1485 4241 ⁸⁷.
1527 4207 1545 4240 ι
1590 4188 1742 4246 ΟνιΙι.
1779 4190 1965 4246 Recita
1993 4209 2113 4263 qua:

541 4280 884 4338 sequuntur,
936 4282 994 4327 ut
1047 4274 1278 4330 audias:
1319 4296 1337 4328 ι
1380 4276 1684 4350 Unicuique
1741 4291 1921 4338 autem
1952 4285 2114 4340 datur

541 4359 909 4414 manifestatio
940 4362 1176 4432 Spiritus
1238 4368 1306 4422 ad
1365 4370 1676 4427 utilitatem.
1736 4374 1843 4429 Alii
1893 4379 2108 4447 quidem

541 4449 704 4505 datur
750 4469 847 4523 per
903 4453 1166 4524 Spiritum
1227 4475 1407 4516 sermo
1463 4465 1773 4534 sapientiae;
1831 4467 1924 4522 alii
1982 4486 2111 4525 vero

537 4556 721 4596 sermo
769 4545 1011 4600 scientiae
1061 4552 1361 4604 secundum
1409 4554 1658 4609 eumdem
1707 4557 2000 4628 Spiritum;
2039 4563 2116 4614 al-

537 4633 640 4688 teri
668 4634 796 4690 lides
829 4637 882 4690 in
913 4638 1100 4694 eodem
1134 4639 1338 4710 Spiritu
1368 4659 1382 4708 ;
1441 4646 1532 4699 alii
1581 4649 1753 4717 gratia
1815 4654 2111 4707 sanitatum

539 4722 596 4777 in
623 4723 811 4780 eodem
838 4727 1045 4798 Spiritu
1072 4748 1086 4797 ;
1117 4732 1206 4787 alii
1234 4737 1481 4800 operatio
1511 4739 1772 4795 virtutum
1793 4784 1808 4805 ,
1850 4743 1938 4796 alii
1983 4761 2112 4809 pro-

540 4813 742 4885 phetia,
773 4819 864 4872 alii
892 4821 1151 4878 discretio
1181 4825 1492 4895 spirituum,
1530 4831 1622 4884 alii
1654 4848 1853 4902 genera
1903 4835 2110 4906 linguao

541 4921 684 4962 rum.
720 4908 844 4965 Haec
870 4925 1048 4968 autem
1087 4919 1266 4971 omnia
1299 4930 1556 4989 operatur
1579 4939 1721 4978 unus
1757 4933 1919 4994 atque
1969 4927 2108 4982 idem

541 4993 801 5066 Spiritus,
827 5001 1073 5062 dividens
1107 5007 1334 5079 singulis
1372 5021 1534 5081 prout
1570 5016 1681 5069 vult
1715 5017 1780 5068 ⁸³.
1818 4993 1847 5068 »ί
1871 5016 1996 5072 Vult
2019 5035 2110 5074 au-

540 5102 649 5147 tem
715 5097 936 5163 eadem,
979 5116 1098 5170 quae
1153 5104 1340 5158 volunt
1395 5104 1555 5161 Pater
1607 5115 1661 5161 et
1723 5107 1916 5174 Filius,
1948 5119 2110 5180 atque

540 5183 663 5240 ideo
698 5188 1027 5244 voluntatem
1055 5207 1244 5246 eorum
1269 5210 1431 5249 unam
1465 5197 1720 5253 dicimus.
1753 5198 1994 5264 Quorum
2017 5217 2112 5256 au-

539 5286 650 5334 tem
679 5283 930 5337 voluntas
950 5284 1138 5340 eadem
1161 5296 1265 5357 est,
1287 5290 1585 5363 eademque
1617 5294 1882 5365 operatio,
1914 5304 2107 5349 natura

539 5367 668 5428 item
697 5382 780 5428 est
810 5375 1018 5430 eadem.

611 5463 695 5517 14.
738 5463 943 5521 Maced.
991 5467 1244 5539 Nunquid
1295 5472 1464 5544 igitur
1511 5475 1750 5547 Spiritus
1797 5489 1879 5533 est
1924 5476 2108 5534 Deus?

625 5640 662 5670 "
703 5641 1099 5719 blattli.‘_i,__9_-Q.
1141 5646 1222 5719 _“_
1248 5647 1392 5719 ALuc.
1433 5669 1481 5718 ι,
1521 5654 1608 5708 '65.
1688 5655 1731 5686 “
1770 5652 1929 5709 Prov.
1972 5669 2056 5719 Ix,
2097 5654 2148 5714 l.

544 5722 660 5774 ιη,
692 5709 807 5772 4-6.
884 5711 928 5745 ⁸⁸
967 5713 1100 5767 ibid.
1141 5714 1288 5770 7-H.

2223 3289 2394 3357 ἅγιον,
2429 3288 2522 3340 καὶ
2561 3285 2654 3347 οὒς
2697 3285 2847 3338 έθετο
2879 3284 2939 3336 τὸ
2969 3283 3211 3352 Πνεῦμα,
3251 3283 3406 3337 ἔθετο
3434 3287 3465 3338 ὁ
3505 3285 3670 3348 Θεός·
3704 3286 3783 3338 καὶ

2221 3381 2320 3434 οὐκ
2345 3379 2533 3442 ἄλλους
2570 3379 2628 3431 τὸ
2662 3375 2904 3445 Πνεῦμα,
2936 3375 3032 3428 καὶ
3073 3376 3264 3439 ἄλλους
3291 3379 3319 3429 6
3363 3376 3518 3440 Θεὸς,
3553 3377 3668 3430 ἀλλ’
3699 3379 3783 3430 αὑ-

2221 3471 2346 3535 τοὺς
2372 3469 2465 3534 οὓς
2501 3469 2650 3524 ἔθετο
2691 3471 2721 3523 6
2767 3469 2918 3533 Θεὸς,
2947 3469 3096 3522 έϐετο
3137 3469 3198 3521 τὸ
3223 3467 3486 3539 Πνεῦμα;
3520 3468 3584 3522 Εἰ
3619 3469 3674 3521 δέ
3701 3467 3784 3530 οὓς

2221 3561 2371 3615 ἔθετο
2393 3563 2421 3614 6
2445 3560 2594 3624 Θεὸς,
2622 3559 2770 3612 ἔθετο
2794 3560 2853 3615 τὸ
2891 3559 3133 3631 Πνεῦμα,
3165 3561 3198 3630 ἡ
3238 3560 3376 3631 αὑτὴ
3411 3561 3522 3631 ἄρα
3549 3560 3783 3631 ἐνέργεια

2220 3651 2312 3706 τοῦ
2335 3651 2466 3705 Θεοῦ
2493 3653 2585 3704 καὶ
2612 3650 2702 3703 τοῦ
2727 3651 3060 3721 Πνεύματος.
3083 3645 3183 3704 Ὦν
3213 3650 3269 3704 δέ
3287 3653 3320 3720 ἠ
3345 3651 3486 3723 αὑτὴ
3517 3652 3780 3723 ἐνέργεια.

2220 3749 2254 3818 ἡ
2287 3746 2420 3818 αὐτὴ
2463 3745 2556 3799 καὶ
2600 3745 2776 3813 φύσις.
2807 3743 3026 3798 Μακεὸ.
3061 3745 3320 3812 Καίτοιγε
3345 3746 3375 3797 6
3414 3745 3550 3807 Θεός
3591 3747 3731 3797 ἐστιν
3757 3745 3782 3796 6

2220 3839 2454 3913 ἐνεργῶν
2481 3837 2550 3891 τὰ
2577 3837 2750 3890 πάντα
2776 3837 2834 3890 ἐν
2865 3839 3017 3892 πᾶσι.
3047 3837 3358 3908 Γέγραπται
3404 3837 3515 3908 γάρ
3535 3855 3550 3868 ·
3589 3856 3608 3888 ι
3645 3840 3781 3889 Διαι-

2221 3930 2397 4002 ρέσεις
2427 3928 2774 4000 χαρισμάτων
2799 3929 2923 3989 εἰσὶ,
2947 3926 3008 3979 τὸ
3034 3927 3088 3979 δὲ
3111 3927 3242 3979 αύτὸ
3263 3925 3488 3997 Πνεῦμα
3505 3944 3520 3957 ·
3544 3927 3638 3980 καὶ
3656 3926 3782 3978 διαι-

2223 4017 2400 4088 ρέσεις
2438 4015 2720 4082 διακονιῶν
2750 4017 2906 4076 εἰσιν,
2942 4017 2971 4068 6
2997 4014 3052 4067 δὲ
3075 4015 3235 4078 αὐτὸς
3257 4014 3464 4086 Κύριος
3482 4033 3497 4047 ·
3527 4016 3624 4069 καὶ
3652 4016 3781 4069 διαι-

2223 4108 2398 4179 ρέσεις
2437 4107 2820 4176 ἐνεργημάτων
2859 4107 3013 4171 εἰσὶν,
3052 4108 3080 4160 6
3107 4106 3165 4160 δέ
3205 4107 3365 4170 αὐτὸς
3392 4107 3529 4170 Θεός
3570 4107 3779 4168 ἐστιν,ὸ

2221 4198 2454 4269 ἐνεργῶν
2491 4199 2556 4251 τὰ
2585 4200 2762 4252 πάντα
2802 4200 2859 4251 ἐν
2885 4201 3068 4252 πᾶσιν.
3111 4217 3130 4250 ι
3180 4199 3333 4267 Ὀρθ.
3376 4199 3513 4252 Εἰπὲ
3540 4199 3609 4253 τὰ
3642 4199 3777 4268 ἑξῆς,

2223 4292 2307 4344 ἵνα
2351 4289 2622 4362 ἀκούσῃς·
2659 4310 2677 4340 ι
2722 4290 2965 4361 Ἐκάστῳ
2996 4290 3053 4344 δὲ
3077 4289 3277 4344 δίδοται
3308 4291 3340 4361 ἠ
3372 4292 3676 4363 φανέρωσις
3695 4291 3780 4344 τοῦ

2218 4384 2356 4437 Πνεύ
2366 4400 2529 4453 ματος
2556 4383 2691 4452 πρὸς
2715 4382 2774 4434 τὸ
2801 4381 3097 4452 συμφέρον.
3122 4376 3192 4450 ’ᾯ
3219 4382 3316 4450 μὲν
3346 4381 3456 4454 γὰρ
3485 4382 3684 4435 δίδοται
3703 4382 3780 4434 διὰ

2217 4473 2309 4527 τοῦ
2354 4473 2663 4543 Πνεύματος
2705 4473 2860 4540 λόγος
2914 4472 3105 4540 σοφίας
3128 4489 3139 4502 ·
3175 4471 3318 4542 ἄλλῳ
3362 4473 3418 4525 δὲ
3459 4473 3616 4542 λόγος
3648 4472 3779 4542 γνώ-

2151 4547 2190 4599 θ
2221 4583 2356 4628 σεως
2381 4565 2521 4619 κατὰ
2550 4565 2612 4618 τὸ
2653 4565 2783 4618 αὐτὸ
2820 4563 3072 4633 Πνεῦμα·
3105 4563 3275 4634 ἑτέρῳ
3311 4563 3368 4616 δὲ
3403 4565 3589 4628 πίστις
3612 4567 3668 4617 ἐν
3709 4563 3779 4633 τῷ

2215 4657 2364 4728 αύτῷ
2401 4657 2675 4727 Πνεύματι
2693 4674 2707 4687 ο
2744 4656 2886 4727 ἄλλῳ
2917 4657 2974 4710 δὲ
3002 4656 3313 4727 χαρίσματα
3351 4655 3600 4726 ίαμάτων
3623 4659 3680 4710 ἐν
3709 4655 3778 4725 τῷ

2215 4748 2364 4819 αὐτῷ
2388 4749 2692 4819 Πνεύματι*
2719 4748 2861 4818 ἄλλῳ
2885 4749 2940 4802 δὲ
2966 4749 3314 4819 ἐνεργήματα
3335 4765 3348 4778 ο
3381 4749 3556 4821 ἑτέρῳ
3585 4749 3640 4802 δέ
3663 4765 3778 4820 προ·

2216 4843 2438 4912 φητεία’
2472 4841 2615 4911 ἄλλῳ
2657 4841 2713 4895 δὲ
2763 4840 3058 4912 διακρίσεις
3109 4841 3470 4910 πνευμάτων·
3511 4841 3685 4912 ἑτέρῳ
3725 4840 3775 4892 δὲ
3835 4865 3850 4880 ο

2213 4933 2343 5005 γένη
2373 4934 2652 5001 γλωσσῶν.
2695 4935 2876 4987 Πάντα
2899 4933 2954 4986 δὲ
2978 4932 3150 4986 ταῦτα
3181 4934 3394 5003 ἐνεργεῖ
3429 4933 3491 4986 τὸ
3522 4933 3582 4986 ἓν
3610 4934 3699 4988 καί
3720 4932 3774 4983 τὸ

2218 5024 2348 5076 αὐτὸ
2376 5024 2618 5094 Πνεῦμα,
2640 5025 2880 5094 διαιροῦν
2911 5023 3015 5093 ἰδίᾳ
3036 5023 3248 5092 ἑκάστῳ
3280 5023 3462 5088 καθὼς
3487 5024 3766 5095 βούλεται.ι

2217 5114 2470 5167 Βούλεται
2498 5115 2553 5167 δέ
2587 5114 2622 5168 ἃ
2655 5114 2898 5184 βούλεται
2925 5116 2953 5166 6
2985 5113 3171 5184 Πατὴρ
3200 5113 3294 5166 καί¹
3324 5117 3353 5167 6
3382 5115 3543 5178 Υἱός·
3570 5117 3661 5168 καὶ
3693 5113 3772 5167 διὰ

2214 5206 2387 5280 τοῦτοΔ
2413 5207 2638 5278 λέγομεν
2673 5207 2864 5278 βουλὴν
2905 5208 3050 5278 μίαν.
3077 5203 3176 5260 Ὦν
3204 5208 3260 5260 δέ
3293 5207 3352 5261 τὸ
3381 5210 3514 5263 αὐτὸ
3542 5210 3770 5280 βούλημα

2216 5299 2310 5350 καὶ
2329 5272 2871 5370 ήοαύτὴνένέργειαξή
2898 5272 3034 5369 αὐτὴ
3060 5299 3154 5352 καὶ
3184 5301 3217 5369 ἡ
3249 5299 3428 5368 φύσις.

2285 5479 2368 5533 14.
2394 5478 2612 5532 Μακεδ.
2639 5481 2843 5532 υύκοῦν
2861 5480 2954 5532 καὶ
2973 5480 3105 5543 Θεός
3129 5482 3244 5533 ἐστι
3261 5481 3320 5533 τὸ
3342 5481 3599 5537 Πνεῦιιαξ
3623 5477 3761 5544 Ὀρθ.

2222 5654 2265 5688 ⁸³
2307 5652 2324 5708 l
2356 5653 2483 5708 Cor.
2521 5669 2615 5720 xu,
2653 5651 2741 5708 28.
2821 5655 2865 5686 ⁸⁸
2903 5652 3022 5709 Act.
3061 5669 3161 5718 xx,
3203 5651 3302 5718 17,
3338 5653 3433 5708 28.
3509 5653 3552 5684 ⁸⁷
3590 5647 3757 5706 ιεοτ.
