3976 6388
182 319 303 374 LBIS

1222 321 1502 378 CONTRA
1544 319 1889 377 MACEDON.
1936 319 2278 377 DlALOGUS
2308 321 2346 378 I.

3253 325 3392 381 {5H

181 433 331 488 Τοῦτο
347 433 434 486 καὶ
453 434 611 497 αὐτὸς
631 434 688 500 ἐξ
713 436 880 504 αὐτῆς
895 437 990 506 τῆς
1008 437 1324 501 ἀκολουθίας
1350 439 1721 508 ὡμολόγησας.

1832 437 1979 492 Orlh.
2010 436 2120 493 Hoc
2161 445 2276 494 tute
2309 454 2375 493 ex
2406 438 2525 509 ipsa
2553 439 2820 494 dictorum
2855 439 3242 508 consequentia
3271 454 3396 510 pro-

190 524 376 578 Ἑκεῖνο
410 523 466 576 δὲ
495 524 744 593 γίνωσκε,
776 528 854 579 ὅτι
883 528 942 580 τὸ
973 528 1104 581 Θεὸν
1149 526 1288 583 εἶναι
1323 530 1570 602 δεύτερόν
1605 533 1721 583 ἐστι

181 621 265 688 τῆς
303 604 536 686 φύσεωςί
562 618 670 672 Καὶ
702 619 810 688 γὰρ
839 621 1016 690 ἡμεῖς,
1051 621 1145 674 ἐὰν
1174 622 1406 692 μιμηταὶ
1437 621 1720 692 γενώμεθα

181 710 262 763 τοῦ
295 707 446 773 Θεοῦ,
487 709 628 762 κατὰ
668 709 758 761 τὸν
787 710 993 762 Παῦλον
1022 710 1134 764 θεοὶ
1165 713 1261 782 μὲν
1303 713 1587 782 γινόμεθα·
1624 713 1724 782 τῆς

181 806 230 858 δὲ
257 803 416 871 αὐτῆς
441 802 652 870 φύσεως
679 801 927 870 γενέσθαι
952 804 1011 855 ού
1045 803 1338 874 δυνάμεθα.
1364 803 1584 857 Mazaca.
1615 805 1722 857 Καὶ

182 897 297 949 αὐτὸ
330 890 418 947 οὖν
443 893 505 946 τὸ
542 893 762 963 Πνεῦμα
797 894 936 946 κατὰ
981 893 1206 966 μίμησιν
1240 895 1334 948 καὶ
1355 895 1514 966 χάριν
1546 895 1724 963 λέγεις

183 987 303 1042 εἶναι
327 987 483 1051 Θεόνς
514 989 663 1055 Ὀρθ.
699 987 791 1057 Μὴ
812 987 1019 1055 γένοιτό
1046 1006 1132 1058 μοι
1161 989 1449 1058 ἐπίκτητον
1470 1007 1524 1042 τι
1554 991 1722 1042 εἰπεῖν

182 1081 263 1132 ἐπὶ
287 1077 737 1148 τοῦΠνεύματοςῐ
767 1077 887 1130 οῦτε
918 1079 1026 1149 γὰρ
1049 1079 1110 1131 τὸ
1145 1081 1320 1147 ἆγιον,
1350 1079 1473 1132 οὔτε
1504 1080 1562 1132 τὸ
1589 1079 1722 1133 ἀθά-

181 1189 341 1232 νατον,
371 1168 490 1223 οῦτε
533 1171 593 1223 τὸ
626 1170 844 1238 ἀγαθὸν,
888 1170 1008 1224 οὔτε
1048 1171 1173 1225 ἄλλο
1213 1190 1264 1225 τι
1306 1172 1414 1224 τῶν
1459 1173 1585 1243 περὶ
1629 1175 1722 1226 τὸν

181 1261 296 1313 Θεὸν
350 1259 733 1331 θεωρουμένων
779 1260 920 1329 λέγω
953 1256 1088 1316 εἶναι
1136 1261 1426 1332 ἐπίκτητον
1466 1263 1543 1333 τῷ
1586 1264 1723 1333 ἁγίῳ

183 1351 469 1422 Πνεύματι·
513 1351 645 1403 ἀλλὰ
693 1351 848 1418 φύσει
894 1351 1064 1420 ἆγιον,
1109 1352 1264 1422 φύσει
1305 1353 1723 1423 ἀγαθὸν,,φύσει

181 1441 456 1511 ἄφθαρτον,
489 1439 646 1508 φύσει
682 1441 962 1503 ἀθάνατον,
993 1441 1067 1504 ὡς
1115 1442 1335 1514 Πνεῦμα
1371 1444 1504 1496 Θεοῦ
1533 1445 1622 1498 καὶ
1663 1445 1722 1512 ἐξ

182 1530 327 1584 αὑτοῦ
365 1530 647 1600 πηγάζον,
695 1531 811 1600 ἦτοι
860 1531 1303 1603 ἐκπορευόμενον.
1343 1534 1561 1587 Μακεδ.
1614 1535 1724 1588 Ἀεὶ

180 1620 261 1675 οὖν
283 1621 632 1691 ἐκπορεύεται
664 1622 789 1691 παρ’
821 1622 1012 1686 αὐτοῦς
1057 1623 1208 1692 Ὀρθ.
1234 1625 1348 1676 Ἵνα
1375 1624 1449 1694 μὴ
1476 1625 1721 1696 νομίσῃς,

180 1717 250 1769 ὅτι
275 1716 470 1785 ἤρξατο
491 1713 583 1767 τοῦ
609 1713 995 1785 ἐκπορεύεσθαι
1017 1715 1108 1767 καὶ
1135 1716 1422 1777 πέπαυται,
1452 1715 1539 1770 διὰ
1569 1715 1725 1770 τοῦτο

1824 530 2002 584 fessus
2028 545 2105 584 es.
2146 528 2342 584 Verum
2378 531 2507 585 illud
2539 538 2593 585 te
2621 545 2784 586 nosse
2815 530 2998 594 velim,
3030 529 3197 585 Deum
3228 546 3351 588 esse
3371 573 3391 598 ,

1823 622 2091 690 posterius
2119 636 2240 676 esse
2269 631 2484 678 natura.
2504 621 2638 676 Nam
2665 629 2718 676 et
2741 637 2862 686 nos,
2896 621 2941 677 si
2973 623 3274 678 imitatores
3298 623 3392 679 Dei

1824 715 2028 779 simus,
2063 715 2359 770 secundum
2381 715 2608 771 Paulum
2641 715 2718 770 dii
2751 715 3052 772 eliicimur:
3083 731 3183 770 nec
3209 726 3386 772 tamen

1822 810 2031 858 natura;
2059 803 2302 872 ejusdem
2336 804 2450 859 lleri
2474 821 2789 876 possumus.
2808 804 3016 861 Maced.
3044 805 3254 876 Ergone
3274 805 3396 878 Spl-

1822 893 1986 948 ritum
2016 895 2190 964 ipsum
2215 897 2516 950 imitatione
2542 905 2593 951 et
2616 898 2789 968 gratia
2824 896 2991 952 Deum
3035 912 3162 953 esse
3213 896 3398 954 dicis?

1826 985 1974 1041 Orth.
2009 986 2194 1050 Absit,
2251 993 2310 1040 ut
2362 987 2564 1058 aliquid
2612 987 2964 1042 adventitium
3020 986 3246 1058 Spiritui
3289 991 3393 1043 tri-

1823 1078 2022 1131 buam!
2052 1077 2188 1131 Nam
2220 1093 2393 1149 neque
2421 1080 2784 1146 sanctitatem,
2812 1095 2912 1134 nec
2960 1081 3389 1151 incorruptibili-

1823 1176 2020 1230 tatem,
2077 1184 2176 1222 nec
2228 1169 2713 1235 immortalitatem,
2766 1185 2866 1226 nec
2909 1171 3228 1232 bonitatem.
3291 1187 3393 1226 nec

1821 1257 1966 1310 aliud
2000 1271 2187 1311 eorum
2221 1272 2341 1328 quae
2369 1258 2425 1313 in
2485 1258 2595 1315 Deo
2629 1259 2966 1315 considerari
3000 1261 3207 1323 solent.
3233 1263 3394 1332 quid—

1821 1363 1985 1418 quam
2017 1347 2242 1418 Spiritui
2289 1360 2480 1405 sancto
2513 1351 2867 1406 adventitium
2919 1367 3044 1407 esse
3087 1353 3254 1408 dico:
3295 1353 3388 1409 sed

1823 1445 2017 1491 natura
2041 1446 2316 1502 sanctum,
2346 1448 2543 1493 natura
2574 1440 2799 1504 bonum,
2828 1448 3024 1494 natura
3064 1442 3394 1512 incorrupti-

1823 1531 2005 1596 bilem,
2059 1541 2252 1589 natura
2311 1535 2703 1601 immortalem,
2757 1543 2946 1605 utpote
2979 1536 3242 1606 Spiritum
3295 1535 3394 1589 Dei

1823 1631 1876 1676 et
1905 1639 1969 1677 ex
2003 1640 2068 1679 eo
2098 1633 2508 1694 promanantem
2565 1627 2679 1680 sive
2735 1627 3137 1697 procedentem.
3179 1624 3387 1680 Haud.

1827 1715 2052 1785 Semper
2080 1716 2242 1786 igitur
2267 1731 2331 1770 ex
2361 1716 2454 1769 illo
2508 1715 2790 1784 procedit?
2819 1713 2969 1770 Orth.
3003 1713 3068 1769 Ut
3102 1731 3170 1770 ne
3202 1716 3394 1773 existi-

181 1811 371 1880 εἴρηται
392 1823 404 1836 ’
432 1809 497 1860 Ὃ
528 1807 676 1878 παρὰ
697 1807 788 1858 τοῦ
821 1807 1029 1878 Πατρὸς
1051 1807 1401 1877 ἐκπορεύεται
1420 1825 1432 1837 ·
1464 1808 1548 1860 ἵνα
1588 1810 1723 1880 μήτε

1832 1822 2006 1861 mares
2036 1808 2441 1877 processionem
2472 1811 2556 1863 vel
2601 1808 2834 1879 coepisse
2869 1809 2955 1864 vel
2987 1807 3216 1864 desiisse
3242 1849 3256 1870 ,
3309 1809 3394 1863 id-

181 1900 367 1970 ἀρχὴν,
422 1903 558 1970 μήτε
600 1898 748 1962 τέλος
793 1899 1123 1971 ἐπιζητήσῃς
1171 1898 1270 1963 τῆς
1329 1900 1721 1970 ὲκπορεύσεως.

182 1991 333 2044 Τοῦτο
359 1991 449 2043 καὶ
481 1990 607 2061 περὶ¹
647 1990 744 2061 τῆς
771 1991 1072 2059 γεννήσεως
1113 1989 1204 2042 τοῦ
1235 1989 1362 2044 Υίοῦ
1400 1991 1726 2062 σημαινόμε-

180 2101 258 2136 νον
284 2085 552 2155 εὐρήσεις.
585 2085 656 2136 Οῦ
686 2083 794 2154 γὰρ
838 2080 978 2145 εἷπε,
1014 2083 1125 2154 Πρὸ
1145 2083 1200 2134 δὲ
1235 2084 1447 2136 πάντων
1472 2083 1726 2154 ἐγέννησέ

183 2193 260 2246 με,
294 2175 424 2229 ἀλλὰ
452 2177 623 2247 Γεννᾷ
662 2193 727 2244 με
749 2191 761 2204 ·
791 2175 876 2227 ἵνα
898 2175 1031 2245 μήτε
1068 2174 1240 2246 ἀρχὴν
1273 2175 1372 2245 τῆς
1405 2178 1724 2246 γεννήσεως,

183 2269 305 2338 μήτε
329 2269 482 2328 τέλος
523 2267 874 2340 ἐπιζητήσῃς.
903 2265 1123 2321 Mam-:6.
1154 2266 1257 2320 Δύο
1283 2262 1374 2320 οῦν
1411 2268 1544 2319 εἰσιν
1575 2267 1724 2332 Υἱοί;

191 2359 328 2428 ’ορθ.
363 2360 450 2431 Μὴ
484 2360 726 2429 γένοιτοί
757 2359 976 2414 Μακεδ.
1011 2359 1072 2412 Εἰ
1102 2358 1314 2429 ἀληθῶς
1343 2359 1434 2412 καὶ
1455 2361 1482 2411 ὁ
1508 2359 1634 2423 Υἱὸς
1664 2361 1726 2414 ὲκ

179 2452 258 2504 τοῦ
279 2453 487 2522 Πατρὸς
528 2453 619 2505 καλ.
658 2452 718 2505 τὸ
752 2452 992 2522 Πνεῦμα,
1022 2450 1113 2503 δύο
1140 2453 1273 2503 εἰσιν
1296 2449 1526 2520 ἀδελφοί.
1573 2452 1723 2518 Ὀρθ.

190 2542 314 2594 Ἀλλ’
342 2545 369 2596 ὁ
401 2545 501 2614 μὲν
528 2544 653 2607 Υἱὸς
679 2544 1010 2614 γενέννηται,
1035 2544 1095 2596 τὸ
1115 2543 1169 2597 δὲ
1197 2542 1416 2613 Πνεῦμα
1434 2543 1725 2612 ἐκπορεύε-

179 2652 273 2688 ται.
313 2636 537 2692 Μακεδ.
567 2637 675 2690 Καὶ
719 2636 800 2699 τίς
837 2636 1120 2708 ήὸιαξορὰ
1167 2640 1264 2704 τῆς
1297 2638 1599 2706 γεννήσεως
1634 2637 1728 2689 καὶ

179 2728 263 2797 τῆς
288 2729 690 2800 ὲκπηρεύσεω;;
727 2731 876 2797 Ὁρθ.
907 2731 1016 2800 Τὴν
1040 2730 1300 2803 διαφορὰν
1337 2729 1410 2800 μὴ
1437 2731 1729 2801 περιεργάο

179 2821 260 2882 ζου
281 2838 294 2850 ·
319 2823 376 2874 οὗ
395 2823 505 2893 γὰρ
532 2821 867 2893 καταληπτὴ,
904 2823 1014 2876 ἀλλ’
1043 2821 1078 2876 ἃ
1110 2823 1416 2895 προσετάγη
1435 2838 1537 2885 σοι,
1557 2821 1727 2874 ταῦτα

178 2911 500 2977 διανοοῦ,κα“ι
527 2915 830 2986 περαιτέρω
845 2913 1044 2968 τούτων
1061 2916 1132 2986 μὴ
1159 2915 1396 2979 ἐξέταζε.
1413 2914 1726 2985 Προσετάγη

176 2999 227 3053 δέ
281 3019 354 3054 σοι
381 3003 442 3056 τὸ
504 3004 798 3068 πιστεύειν,
845 3004 926 3056 ὅτι
972 3005 1001 3056 ὁ
1054 3003 1177 3066 Υἱὸς
1224 3004 1498 3072 γεννᾶται,
1534 3005 1627 3056 καὶ
1668 3007 1729 3056 τὸ

178 3091 384 3164 Πνεῦμα
438 3094 829 3165 ἐκπορεύεται·
872 3093 942 3146 τὰ
978 3093 1034 3146 δὲ
1075 3093 1208 3148 ἄλλα
1254 3095 1450 3156 πάντα,
1479 3094 1724 3166 οὐρανὸς,

1824 1895 1972 1950 circo
1999 1897 2164 1951 dicit:
2195 1897 2296 1962 Qui
2327 1912 2356 1950 a
2386 1895 2547 1951 Patre
2581 1896 2858 1966 procedit;
2897 1905 2955 1951 ut
2994 1913 3095 1952 nec
3124 1897 3340 1952 initium
3372 1936 3388 1961 ,

1824 2003 1923 2042 nec
1945 1986 2103 2042 linem
2129 1987 2497 2058 processionis
2528 1988 2813 2058 requiras:
2848 1988 2950 2042 hoc
2983 1988 3122 2042 idem
3152 1989 3221 2042 de
3269 1987 3390 2042 Filii

1823 2079 2169 2149 generatione
2204 2078 2568 2149 signiﬁcatqu
2601 2079 2863 2149 reperies.
2899 2077 3084 2149 Neque
3113 2080 3256 2134 enim
3292 2079 3391 2147 ait,

1823 2169 2020 2225 Genuit
2060 2187 2145 2226 me
2175 2184 2298 2226 ante
2350 2171 2572 2236 omnia,
2617 2170 2712 2225 sed
2756 2169 2936 2242 Gignit
2984 2188 3118 2239 me;
3173 2178 3232 2226 ut
3290 2187 3392 2227 nec

1825 2263 2059 2327 initium,
2104 2279 2204 2318 nec
2235 2263 2394 2317 linem
2435 2264 2800 2333 generationis
2851 2264 3120 2333 requiras.
3180 2262 3388 2318 Haced.

1825 2354 1940 2411 Duo
1969 2355 2128 2426 igitur
2168 2353 2284 2410 Filii
2312 2356 2484 2410 sunt?
2519 2355 2669 2411 Ortlt.
2701 2356 2884 2412 Absit!
2919 2355 3127 2412 Haud.
3187 2356 3244 2412 Si
3279 2365 3390 2411 tam

1823 2445 1996 2503 Filius
2022 2463 2184 2518 quam
2232 2446 2471 2518 Spiritus
2521 2457 2744 2504 sanctus
2796 2466 2924 2504 vere
2953 2467 3018 2506 ex
3073 2449 3235 2506 Patre
3263 2458 3389 2513 est,

1826 2547 1952 2594 sunt
1987 2540 2096 2594 duo
2127 2539 2341 2594 fratres.
2405 2538 2558 2593 Orth.
2621 2538 2728 2594 Sed
2787 2540 2958 2596 Filius
3012 2545 3226 2612 genitus
3281 2553 3391 2601 est.

1829 2629 2064 2702 Spiritus
2086 2647 2216 2686 vero
2238 2634 2504 2702 procedit.
2547 2631 2756 2688 Μαρια.
2803 2632 2869 2686 Ει
2897 2634 3027 2704 quid
3059 2633 3396 2688 discriminis

1825 2730 1910 2778 est
1963 2723 2106 2777 inter
2163 2723 2566 2793 generationem
2627 2739 2692 2779 ac
2742 2725 3190 2795 processionem?
3238 2723 3392 2782 Orth.

1829 2813 2131 2869 Discrimen
2161 2831 2228 2870 ne
2258 2815 2476 2870 curiose
2505 2816 2769 2886 iuquirito
2796 2835 2811 2872 :
2844 2833 3020 2886 neque
3054 2818 3198 2873 enim
3247 2833 3396 2873 com-

1829 2907 2087 2979 prehendi
2120 2914 2332 2978 potest;
2377 2908 2471 2964 sed
2517 2924 2638 2979 qua:
2665 2908 2762 2964 tibi
2796 2918 3062 2979 praecepta
3097 2917 3224 2964 sunt
3247 2948 3263 2972 ,
3304 2909 3393 2964 illa

1829 2999 2027 3069 cegita,
2057 3006 2109 3052 ct
2144 2999 2282 3053 ultra
2331 2998 2444 3053 haec
2473 2999 2547 3053 nil
2577 2999 2868 3069 exquirito.
2926 2997 3021 3055 Est
3071 3009 3247 3055 auzem
3296 2997 3396 3052 tibi

1831 3098 2180 3159 praeceptum,
2213 3101 2272 3144 ut
2300 3092 2492 3147 credas
2540 3091 2733 3146 Filium
2770 3091 2938 3161 gigni,
2982 3089 3241 3161 Spiritum
3272 3104 3398 3160 pro-

178 3184 258 3253 γῆ,
292 3185 557 3247 θάλασσα,
605 3186 700 3238 καὶ
731 3187 798 3238 τὰ
836 3188 893 3238 ἐν
943 3186 1123 3248 αὐτοῖς
1174 3185 1365 3253 λογικὰ
1397 3187 1490 3238 καὶ
1535 3186 1722 3253 ἄλογα,

1832 3183 2041 3237 cedere.
2066 3179 2293 3252 Reliqua
2317 3199 2445 3237 vero
2472 3185 2673 3248 omnia,
2705 3185 2902 3239 coelum
2924 3225 2940 3252 ,
2991 3195 3133 3238 terra
3152 3221 3167 3245 ,
3201 3198 3352 3238 mare
3377 3221 3394 3246 ,

178 3275 432 3346 κτίσματά
463 3281 593 3339 εἰσι,
623 3277 740 3329 κατ’
772 3276 987 3347 ἐντολὴν
1017 3277 1180 3330 αὑτοῦ
1209 3275 1300 3328 τοῦ
1325 3274 1457 3328 Θεοῦ
1491 3275 1731 3328 κτισθέν-

175 3379 260 3415 ταο
296 3384 313 3415 ι
349 3367 524 3430 Αὐτὸς
558 3365 665 3436 γὰρ
703 3363 842 3429 εἷπε,
887 3365 978 3418 καὶ
1012 3364 1407 3435 ἐγεννήθησανο
1440 3364 1599 3426 αὐτὸς
1650 3367 1734 3417 ἐν-

177 3455 418 3522 ιτείλατο,
450 3458 551 3512 καὶ
583 3457 925 3525 ἐκτίσθησαν.
959 3477 976 3510 ι
1009 3456 1228 3511 Mazaeo.
1266 3456 1399 3510 Οὐδὲ
1427 3455 1536 3524 ἐγὼ
1569 3455 1730 3522 λέγω,

176 3546 330 3601 ὅτιτὸ
370 3551 602 3620 Πνεῦμα
635 3549 836 3619 κτίσμα
868 3548 1013 3600 ἐστίν
1033 3565 1046 3579 ο
1080 3547 1192 3602 ἀλλ’
1232 3545 1324 3600 οῦν
1355 3547 1415 3600 ού
1441 3545 1572 3599 Θεὸν
1604 3546 1732 3600 αὐτὸ

176 3636 320 3706 λέγω.
340 3644 493 3711 Ὀρθ.
525 3643 620 3694 ’Ἑν
645 3642 734 3694 ἔσο
755 3641 1052 3711 γινώσκων,
1086 3641 1166 3694 ὅτι
1192 3641 1279 3695 διὰ
1293 3641 1448 3695 τοῦτο
1474 3643 1535 3694 σὺ
1572 3639 1732 3702 αὐτὸς

173 3729 260 3784 οῦκ
279 3728 328 3784 εἷ
344 3733 476 3798 Θεὸς
505 3738 577 3806 τῇ
609 3733 784 3802 φύσει,
815 3734 999 3804 ἐπειδὴ
1041 3732 1246 3805 κτίσμα
1281 3732 1434 3798 Θεοῦ,
1467 3733 1542 3796 ὠς
1573 3735 1620 3785 εἰ
1659 3730 1732 3802 μὴ

172 3813 231 3887 ἧς
260 3823 480 3894 κτίσμα,
509 3823 647 3887 Θεὸς
675 3824 740 3876 ἂν
765 3819 832 3894 ἧς
863 3826 927 3894 τῇ
963 3822 1138 3893 φύσει.

238 4084 318 4139 15.
348 4086 575 4141 Mazaeo.
624 4086 762 4138 Ἀλλ’
812 4085 1047 4156 οὐδαμοῦ
1085 4086 1424 4156 γέγραπται,
1474 4087 1555 4139 ὅτι
1602 4084 1732 4149 Θεός

172 4176 277 4230 ἐστι
307 4179 366 4231 τὸ
408 4180 658 4249 Πνεῦμα.
701 4179 843 4246 Ὀρθ.
875 4177 1083 4248 Δῶμεν,
1109 4179 1190 4231 ὅτι
1233 4181 1292 4232 οῦ
1327 4179 1628 4249 γέγραπται
1674 4177 1734 4231 τὸ

179 4281 196 4314 t
226 4265 370 4332 Θεός.
407 4287 425 4320 ι
461 4269 535 4320 Σὺ
568 4269 626 4320 δὲ
654 4266 752 4337 τὴν
796 4265 953 4336 φύσιν
986 4266 1256 4336 ὁμολόγει,
1292 4267 1385 4321 καὶ
1415 4267 1512 4330 τὰς
1550 4265 1734 4329 θεῖκὰς

173 4357 457 4428 ἐνεργείας,
490 4359 589 4414 καὶ
617 4359 776 4430 ἀρκεῖ
800 4375 888 4428 μοι
916 4357 1050 4430 πρὸς
1063 4359 1159 4425 τὴν
1185 4358 1468 4429 ὁμολογίαν
1497 4361 1594 4430 τῆς
1621 4357 1734 4410 θεόο

171 4463 340 4518 τητος.
373 4451 603 4505 Μακεδ.
655 4450 754 4502 Διὰ
801 4449 852 4501 τί
895 4449 924 4502 ὃ
953 4451 1012 4502 οῦ
1070 4450 1392 4520 γέγραπται,
1421 4451 1483 4504 σὺ
1515 4450 1730 4518 λέγεις;

1832 3282 1884 3329 et
1911 3290 2032 3345 qua:
2059 3275 2114 3330 in
2146 3276 2254 3331 illis
2296 3279 2409 3331 sive
2440 3279 2724 3331 rationalia
2776 3277 2890 3333 sive
2928 3292 3057 3332 vero
3109 3277 3397 3331 irrationa~

1831 3365 1922 3431 lia,
1946 3375 2207 3422 creaturae
2226 3375 2375 3426 sunt.
2401 3370 2700 3423 secundum
2739 3368 2833 3423 Dei
2882 3369 3056 3440 ipsius
3086 3369 3398 3425 mandatum

1831 3467 2065 3512 creatae:
2103 3477 2121 3508 ι
2159 3457 2292 3511 Nam
2315 3459 2428 3528 ipse
2453 3459 2611 3524 dixit,
2635 3466 2688 3514 et
2722 3459 2865 3514 facta
2901 3469 3071 3515 sunt:
3107 3461 3222 3528 ipse
3243 3474 3400 3513 mau-

1831 3549 1998 3612 davit,
2030 3562 2084 3606 et
2112 3559 2290 3605 creata
2321 3559 2448 3606 sunt
2498 3553 2563 3604 “.
2609 3569 2628 3603 ι
2688 3549 2896 3606 Maced.
2959 3549 3069 3606 Nec
3119 3565 3219 3621 ego
3270 3549 3402 3606 dico

1834 3639 2092 3710 Spiritum
2123 3650 2429 3696 creaturam
2469 3656 2628 3696 esse:
2677 3641 2771 3696 sed
2812 3651 2993 3698 tamen
3041 3641 3210 3696 Deum
3248 3642 3398 3695 illum

1831 3747 1941 3785 non
1975 3731 2116 3786 dico.
2166 3730 2317 3786 Orth.
2359 3730 2534 3786 Unum
2569 3746 2766 3786 noscas
2819 3732 3000 3796 velim,
3033 3731 3264 3802 teipsum
3319 3732 3400 3786 id-

1831 3823 1980 3878 circo
2008 3823 2176 3878 Deum
2212 3841 2318 3879 non
2371 3839 2493 3879 esse
2527 3837 2741 3886 natura,
2776 3821 2920 3893 quod
2978 3823 3054 3878 sis
3111 3831 3359 3877 creatura
3381 3862 3396 3883 .

1833 3915 2100 3984 adeoque,
2154 3917 2258 3972 nisi
2310 3915 2478 3970 fueris
2517 3924 2805 3980 creatura,
2831 3913 2998 3970 Deum
3059 3924 3111 3970 te
3145 3914 3398 3969 futurum

1831 4011 2047 4056 natura.

1905 4093 1992 4148 15.
2036 4093 2243 4149 Maced.
2281 4093 2389 4150 Sed
2417 4109 2688 4166 nusquam
2711 4095 2974 4166 scriptum
3005 4101 3111 4160 est,
3137 4094 3400 4165 Spiritum

1833 4203 1954 4244 esse
1986 4189 2174 4245 Deum.
2197 4188 2350 4245 Orth.
2385 4190 2586 4246 Demus
2605 4191 2926 4246 vocabulum
2952 4209 2974 4242 ι
3007 4190 3100 4246 Dei
3128 4211 3146 4244 ι
3175 4193 3230 4246 in
3250 4189 3400 4246 Scri-

1833 4289 1992 4350 ptura
2026 4279 2252 4350 Spiritui
2303 4297 2410 4337 non
2454 4283 2640 4338 tribui.
2673 4282 2742 4336 At
2774 4288 2832 4337 tu
2878 4289 3128 4336 naturam
3167 4282 3406 4354 itemque

1835 4373 2176 4441 operationes
2229 4373 2443 4429 divinas
2501 4374 2567 4430 de
2617 4389 2684 4430 eo
2736 4374 3032 4429 conﬁtere:
3079 4373 3225 4445 quod
3273 4374 3405 4429 mihi

1835 4464 2052 4532 quidem
2080 4466 2216 4521 satis
2244 4474 2329 4522 est
2358 4465 2425 4519 ad
2465 4465 2684 4522 deitatis
2713 4465 3139 4522 confessionem.
3194 4463 3402 4519 Haud.

183 4539 318 4608 Ὀρθ.
351 4543 671 4614 Γέγραπται
703 4541 822 4612 μὲν,
856 4543 920 4594 σὺ
945 4541 1001 4594 δὲ
1027 4541 1121 4612 τὴν
1150 4542 1308 4610 φύσιν
1334 4542 1609 4613 ὁμολόγειο
1643 4544 1729 4597 καὶ

1841 4552 1958 4618 Qua
1989 4553 2056 4609 de
2099 4569 2266 4610 causa
2297 4554 2349 4609 id
2377 4555 2553 4619 dicis,
2605 4555 2748 4624 quod
2809 4555 3072 4624 scriptum
3131 4568 3238 4607 non
3281 4550 3408 4606 est?

173 4631 216 4682 εί
242 4631 313 4702 μὴ
360 4633 696 4705 γέγραπται,
728 4632 864 4704 αὐτὴ
900 4636 933 4704 ἡ
985 4632 1144 4701 φύσις
1174 4634 1234 4686 τὸ
1269 4634 1434 4703 ὄνομα
1474 4635 1736 4706 ἑπόμενον

171 4720 302 4791 ἔχει·
337 4723 413 4788 ὡς
448 4725 564 4796 γὰρ
606 4723 701 4777 ἐὰν
743 4723 1045 4795 ὁμολογηθῇ
1089 4723 1310 4795 Πνεῦμα
1355 4726 1734 4790 ἐνυπόστατον,

114 4876 128 4890 .
174 4811 504 4882 ἁγιαστικὸν,
533 4817 807 4876 ἄκτιστον,
837 4814 967 4878 Θεός
999 4815 1134 4876 ἐστι,
1163 4813 1266 4867 κᾶν
1301 4815 1374 4886 μὴ
1408 4815 1584 4887 θέλῃς.
1617 4818 1738 4868 Μα-

171 4904 285 4959 κεὸ.
339 4907 451 4960 Ποῦ
504 4908 836 4979 γέγραπται,
874 4906 953 4959 ὅτι
995 4905 1126 4968 Θεὸς
1169 4904 1229 4958 τὸ
1275 4907 1500 4976 Πνεῦμά
1551 4908 1735 4973 ἐστινς

185 4995 326 5064 ’ορ9.
362 4999 538 5054 Ἔνθα
581 4999 884 5072 γέγραπται
916 4999 977 5052 τὸ
1006 4999 1187 5070 ὅμοιον
1231 5001 1348 5053 κατ’
1381 4999 1584 5053 οὐσίαν.
1619 5003 1741 5053 Μα-

165 5088 288 5143 κεδ.
337 5092 481 5145 Ἀλλ’
512 5095 565 5146 οἱ
614 5095 850 5164 Πατέρες
885 5093 1040 5162 ἡμῶν
1077 5093 1137 5146 τὸ
1175 5093 1454 5162 ὁμοούσιον
1501 5093 1621 5147 κατ’
1647 5093 1740 5146 οὺ-

175 5180 286 5234 σίαν
332 5181 489 5237 εἷπον
531 5185 662 5256 περὶ
705 5185 801 5238 τοῦ
838 5184 988 5237 Υίοῦ.
1033 5185 1182 5253 Ὀρθ.
1231 5186 1363 5238 Ἀπὸ
1393 5187 1492 5257 τῆς
1531 5187 1738 5252 ἐννοίας

170 5271 264 5342 τῆς
298 5275 528 5348 Γραφῆς
558 5276 885 5348 κινούμενοι,
918 5277 951 5348 ἢ
983 5277 1089 5330 ἀπὸ
1120 5277 1254 5340 ἰδίας
1284 5276 1566 5342 αὐθειτίας
1597 5279 1740 5349 εἰρή-

119 5389 128 5402 ~
173 5377 292 5416 κασι
319 5367 380 5418 τὸ
411 5369 490 5437 μὴ
527 5369 941 5439 γεγραμμένον;
972 5369 1192 5422 Μακεδ.
1237 5369 1367 5422 Ἀπὸ
1405 5371 1500 5440 τῆς
1533 5371 1740 5433 ἐννοίας

172 5452 263 5525 τῆς
285 5457 512 5531 Γραφῆς
533 5461 861 5530 κινούμενοι.
894 5462 1028 5527 Ὀρθ
1071 5461 1180 5514 Καὶ
1209 5462 1242 5532 ἡ
1275 5461 1449 5514 ἔννοια
1479 5461 1576 5532 τῆς
1602 5462 1742 5533 Γρα-

175 5561 274 5614 φῦς
298 5550 544 5607 διδάσκει
591 5553 652 5607 τὸ
691 5556 943 5609 ἄκτιστον
971 5554 1195 5626 Πνεῦμα
1229 5555 1293 5608 ἐκ
1340 5553 1473 5609 Θεοῦ
1518 5553 1598 5619 ὸν,
1649 5557 1742 5608 και

242 5704 281 5733 ⁶⁹
319 5701 459 5757 Psal.
499 5717 742 5768 cuum,
777 5705 829 5760 5.

1845 4642 1998 4698 Ortlt.
2037 4641 2310 4712 Scriptum
2342 4658 2474 4699 sane
2517 4651 2622 4699 est.
2673 4641 2754 4697 Tu
2784 4659 2913 4699 vero
2947 4651 3199 4697 naturam
3237 4640 3408 4696 conli-

1841 4741 1977 4797 tere.
2009 4732 2236 4788 Etiamsi
2268 4749 2399 4790 vero
2431 4735 2694 4803 scriptum
2739 4749 2850 4788 non
2871 4741 3036 4796 esset,
3061 4743 3255 4787 natura
3289 4732 3407 4800 ipsa

1842 4823 1946 4877 hoc
1973 4824 2079 4877 sibi
2116 4838 2314 4878 nomen
2342 4823 2604 4877 vindicat.
2636 4821 2694 4877 Si
2736 4823 2882 4879 enim
2914 4825 2968 4878 in
2993 4821 3248 4878 confesso
3286 4821 3406 4875 fue-

1842 4913 1932 4975 rit,
1970 4911 2232 4982 Spiritum
2266 4915 2318 4968 in
2350 4928 2409 4968 se
2435 4913 2756 4976 subsistere,
2793 4914 3160 4976 sanctiﬁcare,
3193 4913 3407 4968 increa-

1844 5014 1959 5061 tum
1993 5021 2144 5062 esse:
2181 5005 2323 5061 Deus
2351 5006 2475 5072 erit,
2499 5006 2632 5062 velis
2658 5007 2819 5061 nolis.
2874 5003 3081 5060 Maced.
3133 5003 3230 5058 Ubi
3281 5002 3411 5058 scri-

1846 5107 1996 5168 ptum
2019 5105 2124 5162 est,
2155 5095 2418 5167 Spiritum
2448 5113 2571 5153 esse
2605 5096 2770 5152 Deum
2793 5097 2816 5151 ?
2839 5096 2992 5153 Orth.
3019 5095 3121 5152 Ubi
3147 5096 3408 5164 scriptum

1845 5198 1949 5257 est,
1989 5191 2219 5247 similem
2251 5208 2374 5249 esse
2418 5193 2719 5248 secundum
2766 5192 3151 5248 substantiam.
3198 5187 3409 5244 Haced.
3443 5207 3448 5210 ·

1843 5282 2007 5351 Atqui
2029 5280 2219 5338 Patres
2235 5285 2404 5339 nostri
2435 5285 3058 5340 consubstantialitatem
3082 5282 3149 5338 de
3173 5280 3309 5336 Filio
3325 5279 3410 5334 di-

1847 5381 2064 5428 xerunt.
2105 5372 2257 5430 Ortli.
2296 5375 2344 5428 A
2373 5376 2712 5431 sententiane
2746 5373 3062 5445 Scriptum,
3089 5390 3156 5428 an
3191 5372 3410 5443 proprio

1849 5473 1997 5520 motu
2017 5463 2147 5520 illud
2163 5467 2371 5532 dixero,
2393 5468 2539 5538 quod
2563 5484 2670 5524 non
2695 5475 2841 5525 esset
2867 5465 3175 5538 scriptum?
3200 5460 3405 5520 Haud.

1850 5555 2014 5613 Movit
2047 5559 2168 5614 illos
2191 5559 2488 5633 Scriptura:
2511 5561 2799 5646 sententia.
2828 5557 2976 5614 ΟνιΙιΔ
3019 5559 3087 5616 At
3119 5556 3411 5628 Scriptura
