3930 6542
58 367 265 426 ίειτ

1186 374 1467 433 CONTRA
1506 374 1848 432 MACEDON.
1882 373 2229 432 DIALOGUS
2266 374 2307 430 1.

3235 381 3373 439 1518

52 484 249 540 Θεοῦ
283 486 365 559 μὴ
398 487 607 553 γένοιτο
627 489 828 543 εἰπεῖνε
862 488 1086 544 Mam.
1130 489 1289 543 Ἀλλὰ
1313 489 1429 553 πῶς
1451 488 1551 542 οὐκ
1576 488 1666 558 ἔχε

1792 487 1859 543 de
1892 486 2028 542 Filio
2058 503 2277 558 quoque
2319 485 2460 542 idem
2500 485 2711 549 dictum,
2759 496 2845 544 est
2877 504 2891 543 ι
2926 489 3365 562 quandoquidem

57 574 332 648 Θέλημα
358 578 520 642 εδιον;
560 580 711 646 Ὀρθ.
738 581 811 633 Tb
859 579 953 633 τοῦ
983 580 1117 634 Θεοῦ
1137 580 1349 651 θέλημα
1378 578 1472 633 τοῦ
1522 579 1690 633 Πνεῦ-

64 670 287 738 ματός
318 673 435 724 ἐστι
464 670 693 740 θέλημα.
723 672 799 723 Οὐ
815 670 921 742 γὰρ
944 672 1129 739 ἀγνοεῖ
1148 671 1208 725 τὸ
1240 670 1331 724 τοῦ
1370 669 1503 723 Θεοῦ
1534 669 1689 739 θέλη-

70 778 209 830 μαο
244 763 369 817 ἀλλ’
388 763 417 817 6
447 763 587 817 θέλει
609 765 638 816 6
659 762 869 833 Πατὴρ,
891 763 1047 815 τοῦτο
1071 762 1213 816 θέλει
1239 763 1412 817 καὶτὸ
1438 762 1681 833 Πνεῦμα’

64 852 294 906 πάντα
331 852 440 924 γὰρ
469 848 577 906 οἶδε
601 853 671 907 τὰ
693 853 785 906 τοῦ
817 852 974 916 Θεοῦ,
1024 852 1099 916 ὡς
1126 853 1187 905 τὸ
1219 852 1433 924 πνεῦμα
1472 851 1565 904 τοῦ
1594 853 1687 905 ἀν-

66 945 341 1018 Θρώπου
368 948 437 1002 τά
467 947 559 1001 τοῦ
581 947 884 1020 ἀνθρώπου.
917 948 1140 1003 Mam-26‘.
1198 948 1455 1017 Καίτοιγε
1505 948 1599 1001 καὶ
1656 949 1687 1001 6

64 1036 241 1102 Υἱὸς
273 1038 458 1109 λέγει·
502 1058 521 1090 ι
557 1040 670 1093 Οὐκ
709 1035 872 1110 ἦλθον
900 1041 1118 1110 ποιῆσαι
1152 1040 1214 1093 τὸ
1246 1038 1397 1109 ἐμὸν,
1445 1037 1578 1092 ἀλλά
1624 1037 1685 1091 rb

72 1127 330 1201 θέλημα
358 1130 453 1183 τοῦ
478 1130 790 1199 πέμψαντός
819 1148 902 1201 με.
941 1150 958 1180 ι
999 1132 1150 1201 Ὀρθ.
1174 1130 1237 1184 Τί
1261 1131 1315 1184 δὲ
1345 1127 1411 1202 ἦν
1442 1130 1504 1184 τὸ
1537 1129 1686 1200 θέλη-

75 1238 181 1289 μα
209 1221 311 1274 τοῦ
344 1220 656 1290 πέμψαντος
685 1222 877 1286 αὐτὸν,
908 1223 937 1275 ὃ
966 1218 1094 1293 ἦλθε
1146 1223 1401 1293 ποιῆσαις
1457 1220 1679 1275 Μακεδ.

86 1310 175 1363 Ἠ
210 1310 460 1381 σωτηρία
481 1310 575 1364 τοῦ
621 1312 847 1383 κόσμου.
892 1315 1045 1382 Ὀρθ.
1076 1315 1246 1368 Τοῦτο
1290 1315 1382 1368 καὶ
1413 1312 1582 1367 ποιῶν
1618 1314 1679 1367 οὐ

72 1403 253 1452 ποιεῖ
276 1399 546 1454 τὸέαυτοῦ
580 1401 812 1474 θέλημα,
837 1403 972 1457 ἀλλά
998 1404 1058 1457 τὸ
1085 1403 1292 1475 θέλημα
1314 1403 1407 1457 τοῦ
1437 1403 1682 1473 πέμψαν-

68 1504 194 1553 τος
241 1491 429 1545 αὐτόν.
486 1493 709 1548 Μακεδ.
780 1495 949 1558 Αὐτὸς
1001 1494 1166 1564 λέγει,
1231 1498 1311 1549 ὅτι
1360 1496 1474 1548 Οὐκ
1518 1491 1680 1566 ἦλθον

77 1581 338 1651 ποιῆσαι
395 1582 459 1635 τὸ
495 1584 704 1653 θέλημα
749 1585 810 1638 τὸ
862 1586 1014 1656 ἐμὸν,
1046 1586 1179 1639 ἀλλά
1234 1585 1294 1639 τὸ
1340 1585 1550 1656 θέλημα
1587 1584 1677 1639 τοῦ

77 1672 427 1742 πέμψαντός
460 1692 550 1745 με.
611 1677 762 1745 Ὀρθ.
806 1678 1041 1750 Ἀνάγκη
1087 1676 1179 1733 οὖν
1235 1681 1383 1732 πᾶσα
1439 1680 1678 1733 ἐναντίον

80 1758 246 1816 εἶναι
308 1763 519 1836 θέλημα
570 1768 628 1819 ὲν
676 1767 861 1838 αὐτῷ,
913 1768 942 1821 ὃ
980 1768 1271 1833 ἐκώλυσεν,
1330 1768 1416 1823 ἴνα
1467 1770 1528 1824 τὸ
1581 1769 1675 1825 τοῦ

1794 594 1905 633 non
1940 578 2045 632 alia
2092 579 2171 631 illi
2218 577 2364 633 inest
2393 576 2670 644 voluntas,
2729 594 2851 647 qute
2898 577 3077 637 Patris
3112 598 3222 636 non
3270 584 3362 639 sit.

1795 667 2004 722 Μαρια.
2047 666 2167 722 Νοη
2216 668 2377 722 habet
2427 666 2593 737 igitur
2636 666 2876 739 Spiritus
2911 678 3138 728 sanctus
3172 671 3367 726 volun-

1793 766 1959 811 tatem
1996 758 2308 828 propriam?
2348 758 2501 810 ()rth.
2534 757 2717 823 Absit,
2761 765 2820 812 ut
2852 758 2996 828 quod
3025 775 3054 813 a
3088 760 3196 815 Deo
3236 761 3370 817 alie-

1792 864 1921 902 num
1954 856 2074 912 est,
2115 847 2314 902 dicam.
2351 846 2563 903 Hac-ed.
2600 849 2705 905 Sed
2747 854 3023 919 quomodo
3057 867 3164 905 non
3204 850 3367 907 habet

1790 941 2122 996 voluntatem
2153 941 2467 1011 prapriam?
2511 940 2659 995 Ortlz.
2686 939 2953 995 Voluntas
2988 940 3080 995 Dei
3103 943 3365 998 ’vulnntas

1793 1031 2033 1103 Spiritus
2068 1040 2176 1088 est.
2204 1032 2390 1103 Neque
2428 1033 2571 1088 enim
2614 1034 2826 1101 ignorat
2858 1036 3186 1089 voluntatem
3220 1033 3312 1090 Dei
3348 1055 3360 1089 :

1790 1123 1883 1179 sed
1927 1123 2073 1194 quod
2105 1125 2217 1178 vult
2249 1124 2433 1189 Pater,
2465 1124 2603 1180 idem
2634 1127 2748 1180 vult
2781 1134 2834 1180 ct
2877 1125 3152 1196 Spiritus;
3180 1128 3361 1182 omnia

1788 1217 1931 1271 enim
1979 1216 2128 1271 novit
2156 1232 2277 1287 qua:
2310 1226 2438 1271 sunt
2499 1217 2613 1281 Dei,
2663 1224 2722 1271 ut
2756 1218 2980 1287 spiritus
3021 1218 3255 1274 hominis
3295 1234 3362 1275 ea

1787 1320 1907 1378 qua:
1954 1321 2083 1363 sunt
2132 1309 2389 1365 hominis.
2439 1308 2647 1363 Maced.
2697 1311 2860 1380 Atqui
2903 1322 2954 1366 et
2993 1309 3166 1366 Filius
3214 1312 3291 1365 ait
3341 1325 3355 1362 :

1797 1419 1814 1450 ι
1856 1398 1974 1453 Non
2008 1401 2132 1455 veni
2166 1408 2226 1454 ut
2268 1400 2463 1455 faciam
2499 1402 2835 1456 voluntatem
2870 1420 3069 1468 meam,
3115 1403 3209 1459 sed
3262 1419 3360 1457 vo-

1786 1492 2049 1546 luntatem
2099 1492 2219 1563 ejus
2265 1493 2356 1564 qui
2409 1493 2557 1547 misit
2601 1494 2778 1548 nte".
2827 1513 2847 1546 ι
2901 1494 3052 1550 ΟτιΙι.
3100 1496 3356 1563 Quantam

1783 1599 1912 1639 vero
1965 1583 2066 1637 fuit
2121 1585 2374 1639 voluntas
2418 1584 2538 1651 ejus
2586 1585 2678 1656 qui
2730 1586 2879 1642 misit
2930 1588 3143 1658 ipsum,
3200 1590 3358 1658 cujus

1786 1675 2043 1730 facienda:
2060 1677 2233 1747 gratia
2252 1678 2425 1732 venit?
2444 1675 2650 1732 Maced.
2669 1675 2827 1733 Salus
2844 1680 3049 1737 nmndi.
3075 1679 3225 1735 Orth.
3249 1682 3358 1736 lfoc

1786 1782 1909 1821 cum
1937 1768 2085 1831 facit,
2108 1784 2214 1821 non
2249 1767 2378 1822 facit
2399 1785 2550 1824 suam
2579 1770 2750 1840 ipsius
2776 1772 3129 1833 voluntatem,
3150 1771 3242 1826 sed
3264 1787 3358 1827 vo-

82 1856 425 1925 πέμψαντος
472 1860 692 1930 ποιήσῃ.
731 1860 955 1914 Μακεδ.
1018 1862 1109 1931 Μὴ
1151 1862 1388 1931 γένοιτοῐ
1434 1864 1495 1916 οὐ
1531 1862 1669 1930 λέγω

1776 1860 2032 1914 luntatem
2049 1859 2168 1928 ejus
2183 1860 2273 1929 qui
2296 1859 2470 1929 ipsum
2491 1858 2655 1915 misit.
2673 1860 2730 1915 Μ
2736 1863 2880 1917 acad.
2905 1863 2993 1916 Ait
3016 1863 3151 1932 ipse,
3173 1878 3231 1918 se
3248 1878 3354 1917 non

79 1947 353 1999 ἐναντίον
368 1943 506 2002 εἶναι
531 1939 740 2019 θέλημα
760 1950 852 2003 τοῦ
884 1950 1014 2004 Υῐοῦ
1041 1951 1118 2022 τῷ
1165 1953 1425 2025 θελήματι
1449 1952 1542 2006 τοῦ
1564 1954 1679 2007 Πα-

75 2037 252 2107 τρός.
297 2040 449 2104 Ὀρθ.
500 2041 707 2094 Οὐκοῦν
759 2043 821 2096 τὸ
877 2044 1007 2096 αὐτὸ
1067 2044 1273 2115 θέλημα
1328 2046 1539 2118 Πατρὸς
1588 2047 1679 2100 καὶ

78 2126 256 2179 Υἰοῦ.
290 2129 404 2181 Καὶ
425 2128 531 2200 γὰρ
558 2131 586 2182 6
624 2129 750 2194 Tib;
792 2131 936 2184 θέλει
967 2131 1137 2185 σῶσαι
1180 2133 1269 2187 διά
1299 2135 1531 2207 σταυροῦ
1584 2135 1678 2188 καί

78 2217 340 2271 θανάτου
366 2220 427 2272 τὸ
478 2221 630 2289 γένος
680 2221 854 2292 ἡμῶν,
890 2223 981 2277 καὶ
1030 2224 1059 2276 ὁ
1097 2224 1282 2297 Πατὴρ
1320 2226 1476 2279 τοῦτο
1517 2225 1674 2280 θέλει.

92 2309 240 2362 Ἐὰν
271 2309 331 2362 δὲ
360 2309 512 2382 λέγῃ,
566 2330 584 2362 ι
625 2313 737 2365 Οὐκ
786 2309 948 2384 ἦλθον
1004 2315 1223 2386 ποιῆσαι
1272 2315 1333 2368 τὸ
1379 2315 1586 2386 θέλημα
1618 2314 1679 2367 τὸ

80 2401 258 2470 ὲμδν.
289 2400 425 2455 ἀλλά
454 2403 513 2456 τὸ
560 2403 766 2475 θέλημα
800 2404 893 2459 τοῦ
949 2404 1260 2478 πέμψαντός
1296 2424 1385 2479 με,
1434 2426 1452 2458 ι
1486 2408 1562 2471 ὡς
1598 2410 1677 2471 si;

78 2492 324 2563 Πατέρα
364 2491 433 2545 τὰ
476 2494 574 2546 ὅλα
607 2495 827 2564 ἀνάγειο
878 2496 979 2550 κᾶν
1011 2497 1162 2569 λέγῃ,
1204 2518 1222 2549 ι
1263 2499 1320 2551 '0
1358 2498 1576 2568 πέμψας
1608 2517 1675 2570 με

77 2586 112 2635 ὁ
151 2584 356 2655 Πατὴρ
389 2585 604 2657 ἐντολήν
637 2605 723 2656 μοι
769 2588 988 2652 δέδωκε,
1020 2588 1072 2642 τί
1105 2589 1260 2653 εἴπω,
1296 2591 1389 2643 καὶ
1420 2590 1473 2642 τί
1517 2590 1677 2661 λαλή-

83 2691 215 2740 σω;
253 2694 273 2727 ι
312 2676 487 2747 τιμῶν
510 2678 599 2729 τὸν
633 2679 846 2751 Πατέρα
865 2680 940 2744 ὡς
966 2681 1183 2754 Πατέρα
1206 2681 1372 2751 λέγει.
1394 2682 1455 2735 Ei
1487 2681 1543 2734 δὲ
1576 2682 1671 2754 μὴ,
1702 2742 1705 2753 Α

82 2766 218 2830 πῶς
241 2769 273 2820 6
300 2768 445 2832 Υἱὸς,
475 2770 533 2822 ὲν
554 2763 597 2837 ᾧ
624 2772 940 2825 ἀπόκεινται
976 2772 1173 2837 πάντες
1201 2774 1249 2826 oi
1276 2772 1537 2845 θησαυροὶ
1575 2773 1674 2842 τῆς

85 2863 318 2930 σοφίας,
343 2864 445 2917 οὐκ
471 2859 579 2918 οἶδε
603 2864 655 2917 τί
687 2864 939 2937 λαλήσει;
976 2867 1197 2922 Μακεδ.
1223 2867 1393 2920 Τοῦτο
1424 2867 1669 2940 δέχομαι,

80 2952 176 3005 ὅτι
204 2955 234 3007 6
271 2954 402 3018 Tib;
432 2955 507 3019 ὡς
539 2956 663 3021 Tib;
687 2956 743 3010 ἒν
772 2956 982 3028 θέλημα
1020 2957 1131 3029 ἔχει
1177 2957 1273 3011 τοῦ
1309 2958 1538 3029 Πατρός.
1598 2958 1671 3011 Τὸ

81 3043 144 3097 δὲ
176 3045 430 3116 Πνεῦμα,
485 3046 579 3100 ἐὰν
615 3048 688 3119 μὴ
734 3048 942 3123 ἀκούσῃ
987 3050 1080 3103 καὶ
1133 3048 1294 3123 λάϐῃ.
1317 3051 1377 3103 οὐ
1402 3047 1553 3103 λαλεῖ
1575 3049 1670 3117 ἀφ’

81 3134 317 3191 ἑαυτοῦ.
353 3136 494 3203 Ὀρθ.
532 3138 740 3210 Ὥσπερ
786 3134 878 3193 οὖν
914 3140 945 3192 6
975 3139 1099 3202 Tib;
1134 3139 1307 3193 πάντα
1338 3139 1474 3210 ἔχων
1509 3140 1565 3192 ἐν
1598 3141 1664 3211 τῇ

82 3222 281 3291 φύσει,
312 3226 387 3289 ὡς
404 3224 529 3289 Υἱὸς
552 3227 719 3297 λέγει,
753 3247 770 3279 ι
795 3229 962 3281 Οὐδὲν
993 3230 1127 3282 ποιῶ
1153 3230 1245 3283 ἀπ’
1266 3229 1553 3303 tuamet?”
1584 3231 1670 3284 ἵνα
1697 3215 1739 3275 C

80 3318 200 3369 τῶν
232 3317 459 3386 ἀγαθῶν
481 3320 578 3385 τὴν
605 3322 779 3393 ἀρχὴν
833 3323 926 3375 ἐπὶ
987 3323 1077 3375 τὸν
1133 3322 1352 3393 Πατέρα
1384 3323 1663 3394 ἀναγάγῃ³

81 3409 271 3471 οὕτως
300 3412 545 3483 καὶπερὶ
591 3412 685 3464 τοῦ
734 3412 947 3484 Πατρὸς
984 3412 1146 3467 ἄκουε
1178 3413 1340 3467 αὑτοῦ
1392 3412 1665 3483 λέγοντος·

83 3501 278 3554 πάντα
312 3501 420 3572 γὰρ
448 3502 659 3571 ἔχοντος
691 3505 748 3556 ὲν
770 3507 835 3575 τῇ
864 3502 1027 3557 αὐτοῦ
1065 3502 1223 3574 φύσει
1256 3504 1330 3567 ὡς
1355 3504 1670 3573 Πνεῦματος

83 3590 256 3652 Θεοῦ,
290 3593 381 3644 ἐπὶ
420 3592 510 3645 τὸν
542 3596 708 3647 αἴτιον
762 3596 952 3663 ἀνάγει
1002 3594 1174 3665 λέγων
1197 3612 1210 3625 ·
1272 3613 1291 3645 ι
1330 3596 1404 3648 Οὐ
1445 3595 1669 3666 λαλήσει

84 3682 185 3748 ἀφ’
226 3680 447 3745 ἑαυτοῦ,
483 3682 717 3737 ἀλλ’ὃσα
756 3684 983 3756 ἀκούσῃ,
1032 3686 1273 3758 λαλήσει,
1328 3687 1421 3739 καὶ
1451 3687 1532 3740 ⁷τά
1579 3688 1669 3756 ἐρ-

82 3771 304 3842 χόμενα
335 3772 619 3840 ἀναγγελεῖ
650 3775 805 3843 ὑμῖν·
840 3794 857 3824 ι
887 3776 978 3828 καὶ
1005 3775 1084 3835 τὸ,
1132 3794 1150 3826 ι
1195 3776 1429 3839 Ἐκεῖνος
1461 3777 1523 3830 ἐκ
1572 3776 1665 3830 τοῦ

84 3861 231 3933 ἐμοῦ
290 3862 540 3932 λήψεται,
576 3883 594 3913 ι
646 3863 887 3934 δηλονότι
929 3867 994 3918 ὲκ
1028 3864 1118 3918 τοῦ
1169 3866 1401 3938 Πατρός.
1442 3866 1666 3936 Ἐπάγει

82 3956 222 4023 γάρ’
262 3969 279 4001 ι
307 3950 491 4004 Πάντα
516 3954 616 4006 ὅσα
646 3952 802 4025 ἔχειὸ
828 3953 1036 4025 Πατὴρ,
1068 3954 1177 4023 ἐμόι
1202 3956 1317 4007 ἐστι
1343 3971 1356 3985 ·
1390 3955 1476 4008 διὰ
1508 3955 1666 4009 τοῦτο

83 4038 269 4104 εἷπον,
300 4042 381 4095 ὅτι
406 4045 469 4095 ὲκ
492 4042 585 4096 τοῦ
603 4043 736 4114 ἐμοῦ
770 4044 1031 4115 λαμϐάνει
1060 4046 1151 4097 καὶ
1178 4045 1463 4114 ἀναγγελεῖ
1483 4047 1627 4117 ὑμῖν.
1644 4065 1662 4097 ι

16 4172 17 4175 η
85 4134 411 4205 Λαμδάνειν
443 4136 500 4189 δὲ
529 4136 657 4190 αὐτὸ
679 4133 853 4201 εἶπεν,
871 4137 968 4208 οὐχ
988 4136 1061 4201 ὡς
1084 4136 1328 4205 ἀγνοοῦν,
1353 4137 1466 4190 ἀλλ’
1485 4137 1559 4201 ὡς
1576 4138 1668 4191 ἐπὶ

85 4225 182 4278 τὸν
210 4226 384 4279 αἴτιον
406 4228 621 4295 ἀνάγων
640 4228 735 4299 τὴν
754 4228 844 4281 τοῦ
860 4229 996 4281 Πνεύ
1006 4245 1172 4299 ματος
1200 4229 1284 4281 ὲνέ
1293 4228 1476 4299 ργειάν
1496 4247 1553 4283 τε
1572 4229 1667 4283 καὶ

87 4317 277 4388 χάριν.
301 4318 523 4373 Μακεδ.
555 4320 679 4373 Ἐὰν
710 4320 900 4384 οὕτως,
921 4320 1098 4385 καλῶς
1132 4323 1225 4375 καὶ
1252 4322 1406 4375 τοῦτο
1421 4322 1664 4393 δέχομαι·

83 4408 332 4462 διακονεί
356 4409 463 4481 γὰρ
488 4411 617 4480 ἡμῖν
644 4411 740 4481 τὴν
767 4410 858 4464 τοῦ
888 4409 1021 4463 Θεοῦ
1055 4413 1213 4483 χάριν
1238 4412 1296 4466 τὸ
1321 4412 1561 4483 Πνεῦμα.

1782 1950 1997 2005 venisse
2047 1959 2106 2004 ut
2142 1948 2349 2005 faceret
2393 1952 2725 2007 voluntatem
2782 1969 2974 2016 suam,
3024 1953 3116 2009 sed
3164 1956 3357 2011 volun-

1780 2048 1942 2095 tatem
1976 2042 2096 2111 ejus
2129 2041 2219 2112 qui
2249 2058 2307 2097 se
2334 2043 2503 2098 misit.
2540 2042 2691 2099 Ortli.
2726 2042 2818 2098 Est
2853 2046 3017 2116 igitur
3044 2047 3357 2101 necessario

1778 2131 2052 2184 contraria
2083 2131 2136 2185 in
2164 2147 2229 2186 eo
2260 2133 2514 2188 voluntas
2551 2134 2859 2195 statuenda,
2890 2150 3051 2203 quam
3086 2137 3350 2200 coercuit,

1780 2231 1837 2274 ιιι
1884 2221 2086 2276 faceret
2143 2224 2474 2279 voluntatem
2520 2224 2659 2294 ejus,
2704 2240 2733 2277 a
2779 2242 2888 2296 quo
2934 2230 3136 2283 missus
3184 2236 3350 2283 esset.

1777 2311 1986 2368 Haced.
2032 2313 2187 2369 Absit
2230 2321 2289 2368 ut
2338 2315 2673 2368 voluntatem
2707 2313 2828 2369 Filii
2873 2318 3141 2372 voluntati
3173 2316 3352 2373 Patris

1774 2405 1952 2459 dicam
1992 2421 2115 2461 esse
2153 2407 2509 2461 contrariam.
2554 2406 2711 2461 Orth.
2752 2406 2896 2478 Ergo
2932 2409 3121 2464 cadent
3174 2408 3353 2465 Patris

1773 2507 1827 2549 et
1866 2494 1987 2548 Filii
2017 2505 2100 2550 est
2126 2498 2403 2552 voluntas.
2439 2496 2606 2570 484
2637 2497 2848 2552 Etenim
2882 2497 3054 2555 Filius
3088 2516 3183 2570 per
3220 2516 3351 2555 cru-

1773 2602 1888 2642 cem
1913 2595 1965 2642 et
1992 2595 2221 2644 mortem
2265 2605 2486 2645 servare
2524 2592 2640 2644 vult
2685 2606 2857 2661 genus
2899 2600 3171 2656 nostrum,
3211 2592 3353 2647 vult-

1771 2694 1876 2747 que
1914 2678 2024 2732 hoc
2072 2676 2253 2733 Pater.
2296 2677 2430 2732 Cum
2488 2690 2669 2735 autem
2731 2681 2828 2747 ait,
2872 2700 2891 2733 ι
2944 2680 3065 2737 Νοη
3114 2682 3239 2737 veni
3292 2689 3354 2737 ut

1771 2768 1966 2823 faciam
1996 2771 2330 2825 voluntatem
2377 2786 2574 2837 meam,
2610 2772 2704 2827 sed
2739 2772 3071 2829 voluntatem
3103 2774 3223 2843 ejus
3254 2773 3349 2844 qui

1769 2857 1920 2914 misit
1966 2875 2074 2925 me,
2125 2879 2143 2913 ι
2180 2862 2234 2915 in
2275 2859 2491 2917 Patrem
2536 2863 2752 2919 videtur
2797 2864 3050 2920 conferre
3101 2862 3285 2917 omnia
3332 2854 3359 2918 ι’

1767 2965 1891 3005 eum
1946 2955 2044 3019 ait,
2081 2971 2100 3005 ι
2143 2951 2305 3008 Pater
2333 2954 2424 3024 qui
2453 2955 2598 3010 misit
2639 2972 2745 3021 me,
2778 2956 3034 3026 praecepit
3063 2953 3351 3025 mihiquid

1766 3043 1943 3097 dicam
1975 3052 2030 3098 et
2063 3046 2194 3115 quid
2236 3046 2451 3118 l0quar,
2491 3065 2509 3098 ι
2555 3045 2660 3101 hoc
2706 3048 2827 3117 ipso
2855 3047 3005 3102 dicto
3041 3045 3256 3100 Patrem
3292 3055 3351 3100 ut

1765 3132 1979 3189 Patrem
2028 3137 2277 3192 honorat.
2335 3138 2493 3204 Quod
2547 3137 2592 3192 si
2646 3153 2705 3194 se
2747 3153 2835 3193 res
2881 3139 2954 3192 ita
3003 3152 3112 3192 non
3160 3137 3346 3199 habet,

1771 3227 2042 3298 quomodo
2078 3226 2272 3292 Filius,
2317 3230 2373 3284 in
2407 3246 2519 3300 quo
2553 3244 2743 3285 omnes
2782 3230 3063 3301 sapientiae
3101 3230 3346 3284 thesauri

1773 3319 2041 3374 reconditi
2071 3330 2230 3383 sunt,
2270 3336 2379 3375 non
2410 3320 2560 3375 novit
2589 3321 2719 3390 quid
2754 3321 3112 3389 loqueretur?
3136 3318 3343 3374 Maced.

1771 3410 2015 3465 Admitto
2066 3411 2221 3484 illud,
2266 3411 2490 3481 Filium,
2528 3422 2800 3484 quatenus
2827 3411 3000 3468 Filius
3044 3419 3150 3476 est,
3184 3427 3345 3467 unam

1770 3500 1951 3558 Patris
1990 3482 2323 3558 voluntatem
2354 3482 2575 3560 habere.
2612 3506 2680 3558 At
2708 3504 2945 3573 Spiritus
2979 3504 3084 3559 nisi
3112 3502 3348 3558 audierit

1771 3603 1824 3648 et
1861 3594 2151 3664 acceperit,
2193 3610 2224 3648 a
2262 3595 2441 3664 seipso
2488 3611 2595 3650 non
2638 3596 2899 3666 loquitur.
2956 3595 3106 3651 Ortlt.
3145 3593 3347 3661 Quem-

1773 3685 2063 3740 admodum
2120 3685 2285 3756 igitur
2350 3684 2522 3742 Filius
2586 3688 2770 3741 omnia
2842 3686 3048 3741 habens
3117 3696 3342 3748 natura,

1773 3787 1832 3831 ut
1881 3775 2050 3831 Filius
2100 3777 2215 3839 ait,
2253 3793 2273 3827 ι
2308 3775 2450 3829 Nihil
2502 3776 2641 3831 facio
2691 3793 2719 3830 a
2768 3794 2855 3832 me
2909 3778 3028 3848 ipso
3069 3777 3149 3841 τ’,
3204 3796 3224 3829 ι
3283 3785 3344 3831 ut

1772 3866 2041 3920 bonorum
2102 3864 2432 3936 principium
2494 3864 2641 3920 Patri
2703 3867 2971 3930 ascribat,
3026 3866 3101 3919 ita
3157 3872 3211 3919 et
3276 3865 3344 3919 de

1774 3956 1980 4027 Spiritu
2032 3957 2211 4027 ipsum
2252 3956 2376 4011 audi
2421 3957 2753 4028 loquentem.
2793 3956 2927 4013 Cum
2969 3957 3115 4011 enim
3159 3956 3340 4010 omnia

1771 4050 1861 4104 ille
1894 4050 1947 4103 in
1987 4065 2085 4104 sua
2128 4057 2324 4103 natura
2368 4048 2587 4113 habeat.
2612 4057 2672 4104 ut
2714 4048 2951 4119 Spiritus
2990 4047 3106 4109 Dei,
3157 4063 3220 4103 ea
3273 4049 3340 4101 ad

1770 4127 1971 4194 fontem
2013 4141 2190 4210 ipsum
2236 4139 2401 4195 refert
2450 4141 2704 4211 inquiens
2755 4158 2769 4195 :
2810 4158 2829 4191 ι
2873 4138 2991 4193 Νοιι
3036 4139 3341 4206 loquetura

1770 4230 2061 4298 semetipso
2116 4246 2128 4281 :
2170 4230 2264 4285 sed
2320 4246 2660 4301 quacunque
2716 4230 2923 4294 audiet,
2962 4231 3237 4299 loquetur,
3286 4239 3342 4283 et

1772 4320 1953 4374 futura
1999 4322 2347 4375 annuntiabit
2377 4324 2532 4378 vobis
2561 4322 2632 4376 ³⁰.
2677 4341 2695 4374 ι
2737 4321 2866 4377 Item
2899 4341 2913 4377 :
2953 4340 2971 4373 ι
3004 4320 3095 4375 Ille
3119 4319 3186 4375 de
3220 4334 3340 4373 meo

1771 4413 2024 4483 accipiet,
2065 4432 2083 4466 ι
2112 4429 2328 4484 nempe,
2360 4415 2428 4469 de
2458 4414 2637 4470 Patre.
2673 4415 2801 4469 Haec
2832 4414 2976 4468 enim
3015 4412 3295 4483 subjungit
3324 4428 3338 4464 :

94 4524 117 4556 ε
155 4503 354 4559 Omnia
385 4521 506 4575 qua:
529 4504 708 4561 Patris
734 4513 881 4562 sunt.
932 4522 1049 4562 mea
1092 4518 1221 4563 sunt
1253 4528 1265 4562 :
1297 4517 1581 4578 propterea
1610 4507 1744 4571 dixi,
1780 4507 1925 4576 quod
1976 4506 2042 4561 de
2085 4523 2204 4563 meo
2238 4511 2468 4579 accipiet
2517 4519 2571 4565 et
2619 4509 2965 4564 annuntiabit
3002 4510 3156 4563 vobis
3193 4508 3261 4561 “.
3315 4526 3335 4559 ι

84 4599 355 4666 Accipere
396 4607 578 4653 autem
631 4599 783 4652 illum
828 4599 960 4652 dixit
987 4641 1001 4664 ,
1052 4615 1159 4653 non
1204 4617 1267 4655 ex
1298 4600 1625 4670 ignorantia,
1657 4597 1753 4653 sed
1793 4596 1936 4667 quod
1966 4595 2203 4666 Spiritus
2232 4602 2601 4669 operationem
2630 4607 2684 4653 et
2712 4601 2939 4669 gratiam
2971 4600 3037 4654 ad
3063 4608 3338 4653 auctorem

82 4693 312 4749 referat.
347 4691 554 4747 Maced.
588 4692 643 4747 Si
674 4709 760 4747 res
788 4695 857 4747 ita
888 4708 946 4746 se
981 4694 1162 4755 habet,
1196 4701 1247 4749 et
1273 4694 1378 4748 hoc
1410 4693 1640 4760 accipio.
1679 4690 1949 4745 Ministrat
1971 4692 2113 4747 enim
2138 4693 2300 4747 nobis
2333 4693 2572 4762 Spiritus
2598 4694 2825 4762 gratiam
2857 4692 2969 4746 Dei.

158 4788 250 4842 17.
295 4789 448 4855 Ὀρθ.
478 4788 644 4841 Πάλιν
679 4788 952 4841 διακονίαν
1000 4787 1197 4856 λέγεις,
1248 4788 1322 4850 ὡς
1362 4786 1661 4857 παραιτού-

1836 4785 1923 4841 17.
1969 4785 2119 4840 Orth.
2171 4783 2411 4840 Rursum
2464 4787 2714 4853 nominas
2746 4784 3148 4845 ministerium,
3180 4782 3339 4853 quasi

86 4896 250 4951 μενος
279 4880 453 4932 εἰπεῖν
486 4880 741 4951 συνεργὸν
764 4880 857 4933 τοῦ
892 4878 1025 4932 Θεοῦ
1051 4880 1110 4932 τὸ
1141 4879 1363 4949 Πνεῦμα
1388 4895 1402 4942 ;
1436 4879 1659 4931 Μακεδ.

83 4971 161 5024 οὐ
196 4969 275 5040 μὴ
305 4968 501 5042 πείσῃς
537 4970 601 5040 μέ
642 4986 771 5024 ποτε
804 4971 975 5023 εἰπεῖν
1012 4969 1271 5042 συνεργὸν
1320 4968 1410 5023 τοῦ
1440 4968 1573 5023 Θεοῦ
1602 4970 1661 5023 τὸ

81 5058 332 5129 Πνεῦμα.
377 5059 528 5125 ὀρθ.
556 5059 763 5125 Παῦλος
788 5062 817 5113 6
850 5061 1145 5125 ἀπόστολος
1184 5061 1476 5132 συνεργοὺς
1532 5061 1659 5124 τοὺς

82 5148 421 5211 ἀποστόλους
447 5147 591 5216 λέγει
613 5148 706 5202 τοῦ
738 5149 896 5214 Θεοῦ,
927 5151 1021 5203 καὶ
1056 5152 1119 5203 σὺ
1151 5151 1211 5203 τὸ
1240 5149 1463 5221 Πνεῦμα
1491 5149 1656 5203 αὑτοῦ

82 5239 351 5310 συνεργὸν
385 5237 522 5310 φοϐῇ
549 5241 756 5305 εἰπεῖν;
800 5239 980 5306 Ἀξιον
1009 5241 1094 5295 ἴνα
1123 5241 1361 5314 ἀκούσῃς
1384 5258 1396 5271 ⁸
1435 5261 1453 5292 ι
1514 5241 1662 5294 Ἐκεῖ

79 5328 434 5402 ἐφοϐήθησαν
450 5328 631 5397 φόὸον,
664 5323 725 5383 οῦ
756 5333 855 5385 οὐκ
881 5328 948 5405 ἦν
983 5332 1162 5401 φόϐος.
1200 5354 1217 5383 ι
1256 5333 1477 5388 Μακεδ.
1538 5332 1657 5387 Κᾶν

76 5424 220 5477 εἴπω
255 5420 515 5494 συνεργὸν
538 5421 599 5474 τὸ
628 5421 849 5493 Πνεῦμα
874 5422 950 5493 τῷ
969 5423 1105 5495 Θεῷ,
1137 5425 1248 5477 ἀλλ’
1276 5426 1336 5478 οὐ
1357 5424 1658 5493 συνδοξὰζω

75 5512 214 5569 αὐτὸ
231 5509 315 5583 τῷ
340 5509 477 5582 Θεῷ.
508 5511 660 5580 Ὀρθ.
706 5511 829 5565 Ἐὰν
856 5508 948 5565 οὖν
976 5512 1106 5586 λέγῃ
1138 5513 1347 5579 Παῦλος
1376 5516 1501 5587 περὶ
1545 5514 1653 5569 τῶν

1767 4890 1991 4936 renuas.
2027 4875 2292 4945 Spiritum
2342 4873 2847 4943 Dci‘cooperarium
2888 4874 3091 4928 dicere.
3127 4870 3334 4927 Hac-ed.

1768 4965 2058 5039 Nunquam
2107 4967 2236 5020 mihi
2264 4966 2602 5037 persuaseris
2626 4975 2681 5020 ut
2713 4965 2972 5036 Spiritum
3004 4964 3097 5020 Dei
3150 4980 3319 5036 coepe

1766 5064 1973 5113 rarium
2021 5058 2223 5112 dicam.
2278 5057 2431 5114 Ortlt.
2462 5057 2761 5128 Apostolus
2814 5056 3012 5112 Paulus
3061 5056 3335 5127 apostolos

1766 5147 1863 5204 Dei
1896 5150 2249 5219 000perarios
2281 5158 2439 5204 vocat
2484 5168 2498 5205 :
2540 5158 2594 5205 et
2630 5159 2688 5204 tu
2726 5149 2985 5220 Spiritum
3027 5147 3202 5218 ipsius
3239 5161 3335 5201 co-

1768 5242 2078 5311 operarium
2104 5241 2285 5297 dicere
2312 5242 2519 5298 vereris
2535 5243 2560 5296 ?
2577 5241 2605 5297 J
2613 5258 2708 5296 ure
2730 5242 2783 5296 in
2807 5249 2860 5297 te
2880 5241 3011 5296 illud
3036 5239 3294 5309 competit
3316 5256 3332 5293 :

1773 5350 1790 5382 ι
1829 5330 1943 5385 Illic
1969 5332 2377 5402 trepidaverunt
2399 5334 2617 5397 timore,
2638 5334 2729 5388 ubi
2754 5348 2862 5389 non
2884 5342 3001 5387 erat
3026 5332 3192 5386 timor
3211 5329 3277 5383 ⁸⁸.
3309 5345 3330 5379 ι

1767 5423 1976 5480 Haced.
2007 5422 2124 5479 Etsi
2156 5427 2345 5481 dixero
2369 5424 2633 5498 Spiritum
2663 5423 2771 5480 Deo
2798 5423 3195 5495 cooperarium,
3227 5436 3331 5475 non

1766 5522 1951 5571 tamen
1997 5515 2187 5571 eodem
2221 5515 2375 5569 illum
2425 5531 2537 5586 quo
2578 5514 2747 5569 Deum
2793 5515 2954 5569 modo
2977 5510 3331 5587 ,εισι-ἰθεῖα».

143 5753 197 5786 ⁷⁸
236 5749 395 5809 Joan.
434 5768 507 5818 vr,
539 5752 625 5807 58.
706 5755 749 5786 ⁷⁸
786 5753 941 5808 Joan.
980 5771 1109 5817 ml,
1146 5755 1235 5811 9.8.
1315 5756 1356 5787 “
1395 5753 1549 5812 .loan.
1594 5773 1712 5823 xw,
1756 5760 1838 5815 13.
1930 5759 1971 5792 ⁸¹
2018 5761 2149 5817 ihid.
2198 5762 2278 5818 l5.
2353 5763 2398 5794 "
2442 5760 2587 5818 Psal.
2627 5776 2723 5816 xm
2751 5802 2763 5825 ,
2799 5760 2852 5815 ὅ.
