3976 6388
614 349 754 408 1519

1742 341 1799 394 S.
1845 335 2307 396 ATHANASIUS.
2351 365 2417 376 --
2457 335 2729 391 SPUHIA.

3709 337 3726 390 l
3735 334 3831 394 520

611 467 764 518 Urm.
799 460 935 516 Gum
969 459 1134 530 igitur
1173 455 1376 512 Paulus
1412 453 1480 511 de
1529 453 1778 510 ﬁdelibus
1825 455 1900 508 ait
1933 474 1947 509 :
1993 471 2013 506 ι
2054 451 2167 507 Non

2277 451 2698 510 πιστευσάντων.
2724 451 2807 502 ὅτι
2847 468 2864 500 ι
2897 449 3008 502 Οὐκ
3034 448 3108 500 ἑτι
3147 444 3196 501 εἴ
3236 446 3439 511 δοῦλος,
3469 447 3584 501 ἀλλ’
3619 449 3761 514 υῑός’
3789 456 3831 508 si

608 555 840 625 amplius
875 567 934 608 es
981 565 1192 612 servus,
1240 547 1335 602 sed
1382 545 1570 611 Filius,
1603 546 1746 617 quod
1791 547 1837 599 si
1872 544 2063 608 Filius,
2123 552 2178 598 et

609 646 782 700 hares
823 643 1040 714 quidem
1090 639 1207 703 Dei,
1257 639 1459 694 Christi
1505 647 1687 692 autem
1723 639 1967 692 conteres
2002 635 2095 689 "z
2154 653 2172 686 ι

609 739 918 806 teipsumne
969 731 1194 801 dignum
1233 729 1541 793 existimas,
1594 727 1687 797 qui
1738 727 1791 780 in
1843 725 2177 780 haereditatis

608 828 922 881 societatem
954 821 1308 885 adscisearis,
1340 817 1604 890 Spiritum
1639 833 1747 873 non
1790 817 1960 873 item?
1986 815 2053 870 Et
2081 832 2177 870 au-

606 917 692 972 dis
726 923 783 970 ιιι
815 913 1034 985 quidem
1069 931 1082 967 :
1123 931 1142 964 ι
1183 912 1238 967 Si
1267 921 1448 966 tamen
1473 911 1854 980 compatimur,
1887 918 1944 964 ut
1967 917 2020 964 et
2047 923 2178 963 con-

603 1007 970 1080 glorilicemur
1002 1005 1048 1037 “
1083 1023 1097 1060 :
1141 1025 1160 1057 ι
1201 1003 1440 1074 Spiritus
1475 1017 1585 1057 non
1646 1000 1809 1056 item?
1850 1019 1869 1052 ι
1914 998 1972 1054 Si
2011 1000 2175 1055 simul

603 1101 804 1154 mortui
831 1113 1041 1160 sumus,
1076 1097 1241 1151 simul
1265 1095 1428 1149 etiam
1456 1093 1808 1164 regnabimus
1847 1093 1891 1124 ⁸⁸
1929 1110 1941 1145 :
1988 1111 2008 1144 ι
2048 1091 2174 1162 Spi-

600 1189 744 1244 ritus
773 1203 883 1242 non
924 1187 1099 1242 item?
1127 1183 1339 1239 Maced.
1378 1185 1628 1239 Etiamne
1666 1181 1927 1253 Spiritum
1959 1197 2175 1252 quoque

602 1296 787 1352 regem
854 1279 1177 1350 nuncupas?
1222 1277 1373 1333 Orth.
1422 1295 1442 1328 ι
1503 1275 1562 1330 Si
1616 1290 1764 1331 mors
1805 1277 2051 1346 regnavit
2105 1276 2174 1330 ab

599 1371 811 1428 Adamo
839 1388 1012 1442 usque
1036 1371 1104 1426 ad
1129 1370 1372 1442 Moysen,
1397 1370 1559 1424 etiam
1587 1369 1641 1423 in
1664 1383 1759 1424 eos
1783 1371 1876 1440 qui
1905 1385 2014 1423 non
2047 1383 2174 1438 pec-

600 1475 860 1521 caverant
887 1465 956 1528 ⁸⁸,
990 1485 1008 1516 ι
1037 1467 1129 1534 qui
1162 1479 1268 1517 non
1303 1462 1540 1533 Spiritus
1569 1464 1692 1516 vita:
1722 1462 1775 1516 in
1802 1461 1960 1516 nobis
1987 1472 2175 1528 regna-

603 1559 722 1612 ret?
755 1557 964 1612 Maced.
1001 1555 1112 1611 Nos
1147 1555 1362 1611 Patrem
1397 1555 1618 1626 quidem
1648 1561 1702 1609 et
1731 1553 1928 1608 Filium
1963 1568 2167 1623 regem,

603 1649 868 1721 Spiritum
903 1657 1154 1706 sanetum
1197 1665 1327 1704 vero
1372 1649 1684 1704 ministrum
1713 1647 1973 1702 dicimus.
2011 1645 2167 1701 Orth.

599 1740 777 1798 Tuam
822 1743 996 1813 ipsius
1028 1741 1260 1796 hmresin
1289 1740 1530 1796 nondum
1569 1740 1700 1794 satis
1729 1738 2007 1808 intelligis.
2048 1735 2171 1790 Ete-

2277 545 2334 598 δὲ
2365 545 2498 608 υίὸς,
2533 545 2624 597 καὶ
2655 543 2984 614 κληρονόμος
3020 543 3116 612 μὲν
3141 541 3296 607 Θεοῦ,
3322 542 3756 613 συγκληρονόμος
3783 545 3832 600 δὲ

2279 635 2510 708 Χριστοῦ
2536 653 2548 666 ·
2593 655 2611 687 ι
2648 637 2754 706 ἄρα
2785 634 2978 687 σαυτὸν
3033 634 3130 704 μὲν
3153 634 3300 700 ἄξιον
3333 634 3433 704 τῆς
3488 634 3832 705 συγκληρονο-

2281 730 2408 799 μίας
2440 729 2568 799 ἡγῇ,
2593 728 2654 780 τὸ
2682 728 2738 780 δὲ
2766 727 2989 798 Πνεῦμα
3016 726 3112 791 οῦ;
3159 728 3270 781 Καὶ
3315 727 3380 780 σὺ
3424 727 3522 798 μὲν
3584 727 3793 792 ἀκούεις
3819 745 3830 758 ·

2283 839 2301 871 ι
2326 821 2495 892 Εἴπερ
2530 820 2942 892 συμπάσχομεν,
2975 821 3060 873 ἵνα
3085 821 3178 873 καὶ
3209 819 3688 890 συνδοξασθῶμεν·
3733 840 3750 872 ι
3781 821 3831 872 τὸ

2275 912 2332 966 δὲ
2362 912 2583 983 Πνεῦμα
2609 913 2697 975 οῦς
2737 931 2754 962 ι
2803 913 2864 966 Εἰ
2912 910 3372 981 συναπεθάνομεν,
3430 911 3526 964 καὶ
3580 910 3830 981 συμϐασι-

2275 1003 2536 1074 λεύσομεν
2557 1021 2570 1034 °
2599 1024 2617 1056 ι
2640 1005 2700 1056 τὸ
2714 1004 2769 1056 δὲ
2788 1003 3009 1074 Πνεῦμα
3023 1001 3082 1056 οὔ
3108 1020 3122 1067 ;
3148 1003 3369 1056 Μακεδ.
3399 1005 3509 1055 Καὶ
3534 1003 3598 1054 τὸ
3630 1003 3829 1074 Πνεῦμα

2277 1095 2498 1166 βασιλέα
2537 1096 2752 1165 λέγειςς
2797 1097 2949 1164 Ὀρθ.
3003 1114 3022 1145 ι
3060 1094 3123 1147 Εί
3162 1097 3190 1147 6
3224 1095 3447 1157 θάνατος
3496 1094 3830 1149 ὲῦασίλευσεν

2273 1188 2380 1240 ἀπὸ
2418 1188 2588 1258 Ἀδὰμ
2633 1189 2726 1241 καὶ
2765 1188 2924 1260 μέχρι
2979 1187 3253 1250 Μωσέως,
3300 1188 3395 1239 καὶ
3452 1186 3547 1238 ἐπὶ
3606 1188 3729 1249 τοὺς
3766 1188 3826 1257 μὴ

2275 1281 2716 1352 ἁμαρτήσαντας,
2743 1299 2760 1331 ι
2797 1281 2912 1343 πῶς
2940 1281 3060 1350 οὐχὶ
3079 1281 3139 1332 τὸ
3165 1279 3386 1348 Πνεῦμα
3404 1279 3502 1347 τῆς
3528 1277 3678 1346 ζωῆς
3699 1278 3828 1347 βασι-

2272 1371 2414 1424 λεύει
2464 1373 2620 1442 ἡμῖν;
2657 1369 2878 1426 Μακεδ.
2916 1371 3105 1440 Ἡμεῖς
3153 1370 3403 1439 λέγομεν,
3459 1370 3542 1422 ὅτι
3592 1371 3623 1422 ὁ
3661 1370 3828 1441 Πατήρ

2271 1464 2387 1516 ὲστι
2418 1464 2688 1534 βασιλεὺς,
2713 1463 2806 1516 καὶ
2833 1466 2862 1516 6
2895 1463 3050 1525 Υἱός·
3092 1463 3153 1514 τὸ
3185 1462 3240 1514 δὲ
3275 1461 3502 1531 Πνεῦμα
3541 1462 3824 1532 ὑπηρέτης.

2284 1558 2423 1625 Ὀρθ.
2461 1557 2594 1610 Οὐδὲ
2619 1553 2763 1618 οἶδας
2795 1555 2988 1609 σαυτοῦ
3025 1557 3121 1626 τὴν
3150 1555 3376 1626 αἰρεσιν.
3429 1557 3472 1607 Ο
3504 1554 3618 1624 γὰρ
3640 1557 3825 1624 ὑπηρέ-

2269 1666 2386 1719 της,
2418 1649 2520 1702 κᾶν
2732 1648 3000 1717 βασιλεὺς,
3041 1647 3139 1716 τῆς
3181 1647 3349 1716 αὐτῆς
3378 1647 3496 1697 ἐστι
3525 1645 3606 1716 τῷ
3643 1645 3828 1716 βασιλεῖ

2268 1741 2476 1804 οὐσίας.
2510 1742 2702 1809 Λέγεις
2724 1736 2816 1793 οῦν
2835 1740 2928 1792 καὶ
2950 1738 3108 1802 αὐτὸς
3134 1740 3233 1809 τῆς
3257 1740 3423 1810 αὐτῆς
3459 1740 3654 1803 οὐσίας
3704 1735 3824 1791 εἴναι

601 1834 713 1888 nim
738 1833 990 1888 minister
1021 1833 1146 1887 licet
1165 1847 1256 1886 rex
1279 1846 1385 1886 non
1414 1831 1506 1894 sit,
1542 1830 1785 1900 ejusdem
1816 1838 1994 1883 tamen
2015 1827 2167 1896 cujus

2273 1833 2349 1904 τῷ
2374 1833 2494 1904 Θεῷ
2521 1835 2582 1886 τὸ
2607 1833 2849 1904 Πνεῦμα.
2907 1832 3128 1888 Μακεδ.
3155 1831 3250 1885 Οὐ.
3291 1834 3444 1900 Ὀρθ.
3473 1834 3548 1885 Τὸ
3574 1833 3632 1886 δὲ
3685 1832 3752 1904 μὴ
3776 1831 3824 1884 ὂν

603 1938 698 1978 rex
728 1931 812 1978 est
845 1923 1166 1978 substantiae
1199 1943 1212 1977 :
1248 1923 1434 1976 fateris
1475 1923 1642 1990 igitur
1673 1922 1898 1992 ipsemet
1925 1919 2167 1989 ejusdem

600 2029 724 2069 cum
779 2013 889 2070 Deo
938 2015 1259 2070 substantia:
1314 2030 1435 2070 esse
1485 2013 1769 2084 Spiritum.
1807 2011 2016 2067 Maced.
2071 2011 2169 2065 Hi-

600 2107 766 2161 nime.
797 2104 951 2161 Orth.
981 2106 1086 2162 Sed
1121 2107 1267 2177 quod
1295 2107 1544 2177 ejusdem
1576 2107 1897 2162 substantias
1923 2119 2027 2158 nou
2058 2111 2163 2168 est,

599 2206 848 2252 creatura
879 2206 984 2264 est,
1023 2200 1300 2254 mutabilis
1331 2208 1386 2254 et
1411 2200 1712 2254 variabilis.
1755 2196 2046 2252 Professus
2070 2211 2167 2250 au-

599 2297 707 2344 tem
746 2306 806 2345 es
838 2291 1000 2361 paulo
1029 2298 1175 2352 ante,
1213 2292 1605 2344 immutabilem
1636 2289 1899 2360 Spiritum
1933 2299 1986 2344 et
2018 2289 2168 2341 inva-

598 2380 872 2446 riabilem,
899 2391 952 2436 et
983 2381 1281 2436 increatum
1319 2397 1462 2437 esse.
1499 2381 1739 2452 Spiritus
1764 2397 1893 2448 ergo
1920 2379 2163 2449 ejusdem

597 2488 664 2528 ac
695 2473 837 2528 Deus
865 2481 918 2528 et
950 2471 1119 2528 Filius
1147 2473 1268 2542 ejus
1295 2482 1376 2528 est
1407 2475 1742 2529 substantiae.
1772 2473 1979 2527 Maced.
2015 2470 2167 2527 Unus

599 2566 766 2635 igitur
790 2573 874 2620 est
901 2567 1122 2635 ipseque
1152 2565 1330 2630 Pater,
1367 2575 1421 2622 et
1460 2565 1653 2630 Filius,
1683 2576 1737 2622 et
1777 2568 2015 2637 Spiritus
2048 2582 2169 2620 sau-

600 2657 760 2713 etus?
786 2658 937 2714 Ortlt.
964 2660 1119 2714 Absit
1147 2670 1204 2714 ut
1232 2661 1333 2716 hoc
1361 2660 1556 2714 dicam.
1581 2660 1808 2724 Etenim,
1836 2663 1880 2714 si
1913 2675 2053 2714 unus
2080 2675 2168 2713 es-

2274 1927 2369 1996 τῆς
2421 1927 2588 1996 αὐτῆς
2645 1926 2831 1988 οὐσίας
2879 1925 3084 1996 κτίσμα
3145 1925 3260 1976 ἐστὶ
3311 1926 3404 1978 καὶ
3452 1925 3708 1996 τρεπτὸν,
3746 1926 3825 1977 καὶ

2274 2016 2586 2068 ἀλλοιωτόνο
2630 2015 2765 2070 ἀλλὰ
2793 2015 3239 2088 προωμολόγηται
3265 2014 3534 2086 ἄτρεπτον
3561 2015 3656 2067 καὶ
3687 2014 3826 2066 ἀναλ-

2273 2107 2492 2161 λοίωτον
2516 2109 2608 2162 καὶ
2633 2109 2883 2162 ἄκτιστον
2925 2104 3098 2160 εἶναι’
3135 2107 3234 2177 τῆς
3282 2107 3452 2176 αὐτῆς
3504 2107 3617 2177 ἄρα
3663 2107 3826 2168 οὐσίας

2270 2199 2346 2270 τῷ
2389 2199 2508 2270 Θεῷ
2553 2199 2646 2252 καὶ
2691 2199 2767 2269 τῷ
2824 2197 2934 2268 Υίῷ
2971 2198 3135 2252 αὐτοῦ
3184 2200 3320 2252 ἐστι.
3365 2199 3596 2252 Μακεδ.
3630 2193 3720 2260 Εἷς
3749 2193 3826 2250 οὐν

2268 2291 2384 2343 ἐστι
2412 2292 2505 2344 καὶ
2535 2294 2563 2344 6
2593 2291 2753 2354 αὐτὸς
2783 2291 2993 2360 Πατὴρ,
3029 2289 3123 2342 καὶ
3153 2289 3298 2353 Υἱὸς,
3343 2289 3439 2342 καὶ
3480 2290 3636 2357 ἅγιον
3676 2289 3825 2342 Πνεῦ-

2271 2398 2380 2452 μας
2423 2383 2565 2449 Ὀρθ.
2592 2381 2683 2452 Μὴ
2709 2381 2916 2448 γένοιτο
2944 2381 3119 2432 εἰπεῖν
3143 2379 3327 2433 τοῦτοί
3354 2383 3401 2432 εί
3427 2381 3538 2452 γὰρ
3560 2376 3630 2451 ἦν
3654 2375 3729 2443 εἷς
3748 2381 3826 2432 καὶ

2271 2476 2301 2526 6
2335 2474 2494 2536 αὐτὸς
2522 2474 2730 2546 Πατὴρ,
2759 2475 2852 2526 καὶ
2885 2474 3027 2536 Υἱὸς,
3054 2475 3146 2525 καὶ
3173 2473 3325 2541 ἆγιον
3357 2473 3612 2543 Πνεῦμα,
3634 2477 3730 2526 οὐκ
3773 2472 3826 2526 ἂν

2272 2566 2457 2637 εἴρητο
2487 2565 2615 2637 παρ’
2645 2567 2798 2636 ἡμῶν
2829 2568 2926 2636 τῆς
2955 2567 3123 2637 αὐτῆς
3156 2561 3298 2618 εἶναι
3325 2566 3533 2630 οὐσίας.
3566 2566 3697 2619 Οὐδὲ
3736 2567 3825 2636 γὰρ

2271 2659 2433 2721 αὐτὸς
2457 2657 2632 2728 ἑαυτῷ
2664 2660 2762 2729 τῆς
2796 2660 2964 2730 αὐτῆς
2987 2659 3173 2723 οὐσίας
3209 2655 3349 2714 εἶναι
3379 2659 3622 2728 λέγεται.

597 2764 682 2810 set
704 2762 758 2807 et
790 2754 927 2810 idem
950 2753 1126 2819 Pater,
1170 2754 1335 2811 Filius
1365 2763 1418 2810 et
1459 2754 1697 2825 Spiritus
1730 2766 1974 2819 sanctus,
2029 2769 2136 2808 nan
2177 2753 2491 2810 dicerentur
2518 2754 2759 2822 ejusdem
2794 2770 2914 2809 esse
2945 2755 3284 2810 substantiae.
3309 2753 3500 2825 Neque
3520 2756 3666 2810 enim
3695 2755 3824 2825 ejus-

537 2846 542 2850 ’
594 2844 716 2900 dem
741 2860 806 2898 ac
839 2846 1062 2916 ipsemet
1090 2847 1408 2902 substantia:
1441 2862 1563 2902 esse
1598 2847 1817 2901 dicitur.

668 2939 754 2996 18.
813 2940 1020 2996 Maced.
1096 2940 1197 2996 Ubi
1263 2945 1524 3012 scriptum
1581 2953 1665 2998 est
1727 2941 1989 3013 Spiritum
2037 2959 2158 2998 esse

594 3024 800 3080 Deum?
835 3027 987 3083 Orth.
1031 3028 1260 3094 Quando
1306 3033 1570 3100 propheta
1626 3031 1701 3084 ait
1742 3049 1756 3084 :
1818 3049 1837 3082 ι
1892 3031 1956 3086 Et
2001 3042 2161 3088 erunt

595 3130 784 3170 omnes
855 3131 882 3168 τι
962 3117 1072 3172 Deo
1133 3119 1278 3172 docti
1351 3120 1432 3182 ⁸⁷,
1499 3139 1518 3172 ο
1578 3118 1644 3174 de
1709 3135 1818 3188 quo
1877 3119 2166 3190 loquitur?

595 3205 804 3261 Haced.
867 3207 942 3264 Dc
1013 3207 1174 3265 Filio.
1256 3208 1408 3265 Orth.
1479 3211 1639 3280 Atqui
1713 3209 1882 3266 Filius
1953 3212 2084 3266 dicit
2147 3231 2158 3266 :

601 3319 621 3351 ι
702 3298 879 3355 Nolite
951 3303 1194 3371 cogitare
1267 3304 1538 3374 quomodo
1605 3312 1698 3358 aut
1774 3306 1904 3374 quid
1977 3307 2166 3377 loqua-

597 3391 776 3445 mini:
825 3394 940 3462 ipse
991 3394 1136 3446 mum
1198 3393 1436 3464 Spiritus
1487 3397 1701 3452 docebit
1752 3414 1846 3452 res
1905 3398 2035 3468 quid
2088 3399 2166 3452 fa-

596 3492 687 3538 cto
728 3500 865 3553 opus
904 3487 975 3541 sit
1006 3487 1071 3538 “.
1105 3506 1122 3537 ι
1154 3487 1306 3553 Quod
1349 3490 1393 3543 si
1427 3492 1517 3559 qui
1562 3506 1592 3544 a
1635 3490 1838 3562 Spiritu
1878 3493 2164 3557 docentur,

596 3591 627 3628 a
671 3575 777 3630 Deo
821 3577 965 3632 docti
1016 3578 1296 3643 dicuntur,
1346 3581 1475 3649 quid
1519 3581 1662 3636 aliud
1710 3582 1870 3638 fuerit
1903 3581 2162 3653 Spiritus,

592 3665 757 3738 485
788 3683 853 3722 ex
884 3676 936 3722 te
968 3670 1085 3740 ipso
1114 3687 1315 3739 quaere.
1358 3669 1563 3728 Μαρια.
1612 3674 1714 3740 Qui
1761 3691 1791 3728 a
1829 3673 2034 3744 Spiritu
2068 3674 2166 3728 do-

593 3769 807 3822 ceutur,
843 3763 986 3816 docti
1021 3779 1049 3816 a
1088 3762 1197 3818 Deo
1239 3765 1498 3820 dicuntur
1531 3766 1670 3828 ideo,
1715 3767 1842 3837 quia
1887 3767 2027 3823 Deus
2069 3782 2167 3837 per

595 3852 856 3922 Spiritqu
881 3856 1028 3924 ipsos
1050 3854 1230 3911 docet.
1255 3855 1408 3913 Ortlt.
1433 3856 1548 3914 Non
1571 3860 1705 3914 dixit
1730 3879 1744 3914 :
1778 3859 1948 3913 Erunt
1973 3875 2165 3914 omnes

594 3959 624 3997 a
655 3945 762 4000 Deo
793 3949 914 4016 ipso
944 3948 1113 4011 docti,
1156 3949 1251 4005 Sed
1299 3951 1418 4006 sine
1463 3954 1714 4007 articulo.
1763 3951 1970 4008 Maced.
2022 3952 2165 4023 Ergo

594 4047 703 4094 tres
738 4039 816 4093 Dii
842 4041 1006 4094 sunt?
1051 4040 1208 4097 ΟνιΙι.
1246 4043 1439 4099 Absit!
1496 4043 1644 4100 Unus
1677 4053 1760 4100 est
1807 4044 1949 4100 Deus
1978 4045 2160 4110 Pater,

594 4144 736 4183 unus
785 4129 926 4185 Deus
977 4130 1170 4192 Filius.
1228 4150 1370 4188 unus
1425 4133 1565 4190 Deus
1620 4137 1858 4206 Spiritus
1917 4145 2161 4194 sanctus.

2336 2944 2422 2999 18.
2442 2944 2659 2999 Manu-:6.
2681 2943 2791 2999 Ποῦ
2817 2945 3124 3018 γέγραπται
3149 2945 3284 3009 Θεὸς
3311 2945 3371 2998 τὸ
3405 2945 3674 3018 Πνεῦμας
3700 2946 3822 3015 Ὅρα.

2269 3038 2437 3090 Ὅταν
2461 3037 2608 3106 λέγει
2636 3041 2663 3092 6
2698 3040 3005 3110 προφήτης,
3044 3056 3062 3089 ι
3099 3039 3209 3092 Καὶ
3239 3037 3452 3092 ἔσονται
3482 3042 3682 3102 πάντες
3707 3039 3826 3092 διδτο

2270 3131 2386 3182 κτοὶ
2409 3129 2565 3196 Θεοῦ,
2583 3149 2598 3180 ι
2636 3132 2763 3201 περὶ
2798 3133 2942 3195 τίνος
2971 3131 3142 3200 λέγεις
3168 3131 3393 3186 Μακεδ.
3423 3133 3564 3204 Περὶ
3585 3133 3676 3185 τοῦ
3696 3129 3822 3184 Υίοῦ.

2282 3222 2426 3290 Ὸρθ.
2446 3223 2704 3291 Καίτοιγε
2723 3222 2752 3274 ὁ
2772 3223 2896 3286 Υἱὸς
2916 3224 3063 3292 λέγει
3079 3241 3091 3254 ·
3122 3244 3140 3275 ι
3165 3224 3256 3295 Μὴ
3282 3227 3661 3296 μεριμνήσητε

2267 3315 2318 3368 τί
2352 3315 2641 3387 λαλήσετεο
2673 3317 2802 3370 αὐτὸ
2853 3318 2960 3389 γὰρ
2999 3318 3058 3371 τὸ
3095 3318 3316 3388 Πνεῦμα
3357 3317 3563 3382 διδάξει
3605 3314 3825 3386 ὐμᾰς,τί

2264 3407 2345 3462 δεῖ
2371 3414 2558 3462 ποιεῖν.
2591 3430 2608 3460 ι
2636 3411 2699 3463 Et
2725 3411 2780 3463 δὲ
2811 3412 2860 3462 οἱ
2902 3412 3005 3464 ὑπὸ
3034 3411 3126 3463 τοῦ
3159 3409 3480 3479 Ιῐνεύματος
3529 3409 3826 3479 δ.δασκόμι-

2266 3517 2347 3552 νοι
2373 3499 2609 3553 διδακτοὶ
2639 3501 2770 3554 Θεοῦ
2802 3501 3080 3563 ἀκούουσι,
3101 3503 3149 3554 τί
3173 3503 3300 3556 ἄλλο
3321 3505 3386 3556 ἂν
3406 3504 3493 3575 εἴη
3521 3505 3586 3557 τὸ
3607 3505 3825 3575 Πνεῦμα,

2269 3590 2462 3642 σαυτὸν
2493 3589 2689 3661 ἐρώτα.
2733 3589 2957 3645 Μακεδ.
2995 3589 3242 3642 Διδακτοὶ
3283 3591 3420 3644 Θεοῦ
3473 3591 3754 3645 ἀκούουσιν
3787 3591 3828 3642 οἱ

2266 3681 2372 3734 ὑπὸ
2400 3680 2491 3734 τοῦ
2523 3680 2834 3751 Πνεύματος
2876 3680 3270 3752 διδασκόμενοι,
3303 3682 3497 3754 ἐπειδὴ
3542 3685 3572 3736 6
3609 3683 3733 3744 Θεὸς
3756 3681 3828 3734 διὰ

2263 3772 2357 3826 τοῦ
2396 3773 2710 3843 Πνεύματος
2757 3774 2951 3837 αὐτοὺς
2995 3773 3254 3826 διδάσκει.
3317 3774 3465 3841 Ὀρθ.
3516 3776 3635 3828 Οὐκ
3679 3771 3824 3826 εἶπεν·

2269 3866 2523 3920 Ἔσονται
2557 3866 2753 3929 πάντες
2772 3865 3009 3918 διδακτοὶ
3029 3865 3120 3918 τοῦ
3147 3865 3307 3930 Θεοῦ,
3333 3867 3448 3919 ἀλλ’
3481 3866 3612 3918 ἄνευ
3637 3865 3722 3918 τοῦ
3743 3866 3824 3934 ἆρ-

2266 3956 2418 4030 θρου.
2453 3957 2673 4012 Μακεδ.
2697 3957 2856 4028 Τρεῖς
2876 3953 2966 4011 οὖν
2987 3960 3091 4010 είσι
3117 3958 3239 4010 Θεοί
3265 3974 3278 4023 ;
3320 3959 3468 4026 Ὀρθ.
3488 3959 3582 4028 Μὴ
3609 3957 3824 4024 revoco!

2265 4047 2358 4114 Εἷς
2381 4049 2512 4112 Θεὸς
2535 4053 2564 4103 6
2593 4049 2800 4120 Πατὴρ,
2832 4051 2925 4102 καὶ
2949 4044 3027 4112 εἷς
3050 4049 3181 4112 Θεὸς
3199 4053 3226 4103 6
3250 4049 3395 4114 Υἱὸς,
3428 4051 3523 4103 καὶ
3543 4045 3623 4111 εἷς
3641 4050 3763 4110 Θεὸς
3780 4047 3829 4099 τὸ

2266 4143 2418 4212 ἇγιον
2433 4143 2674 4214 Πνεῦμα.
2693 4141 2912 4196 Μακεδ.
2929 4143 3090 4212 Τρεῖς
3105 4137 3327 4195 οῦνΘεοί
3343 4159 3358 4206 ς
3376 4143 3521 4210 Ὀρθ.
3543 4140 3826 4211 Ὀμολογεῖς

593 4219 800 4278 Macati.
831 4221 966 4278 Tres
995 4225 1158 4291 igitur
1182 4224 1300 4280 Dii?
1325 4226 1476 4282 Orth.
1505 4228 1792 4286 Conliteris
1814 4230 1927 4300 ipse
1949 4231 2162 4287 Patrem

2271 4235 2362 4287 καὶ
2383 4234 2540 4296 αὐτὸς
2568 4233 2700 4286 Θεὸν
2723 4230 2858 4286 εἶναι
2877 4233 2966 4285 τὸν
2985 4233 3222 4303 Πατέρα,
3249 4234 3342 4285 καὶ
3367 4232 3500 4284 Θεὸν
3525 4232 3617 4284 τὸν
3647 4226 3826 4296 Υἱὸν,ἢ

596 4310 762 4365 Deum
795 4328 940 4379 esse,
967 4322 1021 4367 et
1050 4312 1246 4369 Filium
1291 4315 1479 4380 Deum,
1527 4326 1619 4372 aut
1665 4335 1733 4374 ne
1775 4319 1877 4374 hoc
1906 4321 2166 4391 quidem?

2271 4324 2384 4378 οὐδὲ(⁹
2398 4323 2552 4378 τοῦτο
2571 4341 2584 4386 ;
2601 4323 2820 4377 Μακεδ.
2837 4324 2894 4377 '0
2902 4323 3108 4393 μολογῶ
3129 4323 3261 4376 Θεὸν
3281 4324 3371 4376 τὸν
3387 4324 3634 4394 Πατέρα,
3653 4320 3828 4374 καὶτὸν

595 4400 803 4456 Μαεεά.
847 4402 1122 4459 Coutitcor
1175 4405 1340 4461 Deum
1386 4405 1624 4472 Patrem,
1676 4407 1843 4464 Deum
1906 4412 2035 4467 item
2074 4411 2163 4467 Fi-

2271 4410 2414 4465 Υἱόν.
2457 4412 2603 4480 ’0,οθ.
2629 4411 2730 4464 Δύο
2753 4407 2845 4466 οῦν
2871 4411 3037 4476 Θεοὺς
3059 4412 3270 4482 λέγειςς
3297 4412 3523 4465 Μακεδ.
3555 4413 3648 4482 Μὴ
3675 4411 3830 4478 γένοιο

593 4494 750 4550 Ιίιιιιι.
784 4493 936 4550 Orth.
976 4494 1124 4551 Duos
1153 4498 1318 4568 igitur
1350 4497 1488 4555 Deos
1515 4499 1690 4555 dicis?
1715 4498 1924 4556 Haced.
1961 4504 2160 4560 Absitl

2271 4505 2361 4558 τοί
2407 4506 2549 4574 Ὀρθ.
2587 4506 2794 4576 Ὥσπερ
2837 4500 2928 4557 οῦν
2973 4503 3104 4557 Θεὸν
3149 4503 3324 4572 λέγων
3357 4503 3450 4555 τὸν
3489 4503 3710 4574 Πατέρα
3751 4500 3829 4551 καὶ

597 4583 747 4639 Orth.
779 4582 1248 4651 Quemadmodum
1293 4587 1457 4658 igitur
1482 4605 1606 4644 cum
1637 4591 1854 4647 Patrem
1883 4593 2076 4658 Deum,
2111 4604 2165 4649 et

2271 4593 2396 4646 Θεὸν
2423 4595 2510 4646 τὸν
2537 4593 2683 4656 Υίὸν,
2715 4594 2776 4646 οὐ
2804 4593 2896 4646 δύο
2931 4592 3095 4656 Θεοὺς
3125 4593 3320 4661 λέγεις·
3356 4591 3533 4655 οὕτως
3571 4589 3828 4662 ὁμολογῶν

593 4673 790 4731 Filium
833 4675 1002 4732 Deum
1053 4679 1354 4745 conﬁteris,
1396 4698 1504 4738 non
1546 4683 1687 4740 duos
1735 4683 1874 4739 Deos
1920 4687 2163 4742 asseris:

594 4768 692 4831 ita,
729 4768 968 4840 Spiritus
1005 4770 1263 4830 deitatem
1311 4774 1603 4838 conﬁtens,
1651 4791 1719 4831 ne
1768 4786 1880 4834 tres
1916 4777 2056 4833 Deos
2083 4778 2170 4832 di-

593 4860 723 4916 cito.
763 4879 782 4912 ι
802 4861 940 4917 Audi
963 4901 978 4929 ,
1012 4863 1182 4928 enim,
1202 4863 1370 4920 Israel
1398 4885 1412 4921 :
1435 4865 1694 4923 Dominus
1720 4867 1866 4923 Deus
1889 4876 2040 4932 tuus,
2063 4867 2169 4924 Do-

593 4954 779 5010 minus
817 4970 963 5011 unus
997 4965 1084 5012 est
1103 4957 1170 5011 “.
1203 4976 1224 5010 ι
1259 4957 1467 5014 Haud.
1502 4957 1656 5015 Unus
1681 4960 1846 5030 igitur
1878 4959 2023 5018 Deus
2059 4960 2166 5014 Pa-

594 5055 700 5117 ter,
734 5047 907 5105 Filius
949 5058 1006 5105 et
1055 5047 1292 5120 Spiritus
1323 5061 1570 5108 sanctus.
1613 5050 1764 5109 Orth.
1815 5051 1967 5108 Unus
1997 5053 2165 5119 Deus,

593 5154 704 5195 non
731 5140 952 5212 quidem
977 5149 1036 5197 ut
1067 5144 1400 5208 trinominis,
1427 5145 1528 5200 sed
1563 5151 1626 5198 ut
1659 5145 1718 5207 ii,
1747 5145 1841 5215 qui
1872 5146 1927 5200 in
1948 5143 2168 5202 Christo

595 5229 822 5298 perfecti
861 5239 1012 5297 sunt,
1063 5249 1206 5290 unus
1253 5250 1530 5291 consensu
1585 5245 1639 5290 et
1688 5243 1904 5292 natura.
1954 5235 2164 5291 Μαρια.

597 5320 776 5378 Unum
806 5340 1137 5382 consensum
1165 5335 1218 5382 et
1239 5342 1339 5398 ego
1360 5328 1504 5382 dico.
1533 5326 1687 5384 Orth.
1714 5327 1810 5382 Dic
1832 5339 1887 5383 et
1913 5339 2164 5383 naturam

597 5430 833 5488 quoque,
884 5428 942 5474 ut
977 5419 1056 5475 sis
1087 5420 1295 5476 beatus.
1337 5417 1542 5475 Macati.
1578 5419 1696 5475 Non
1730 5434 1952 5490 possum
1985 5419 2168 5474 dicere

600 5521 762 5564 unam
791 5518 1064 5566 naturam.
1105 5510 1258 5566 Orth.
1287 5511 1382 5567 Dic
1412 5513 1577 5583 igitur
1601 5527 1699 5568 eos
1728 5511 2014 5567 dissimilis
2042 5526 2167 5567 esse

670 5659 719 5734 9
743 5659 909 5734 Bom.
943 5681 1072 5726 \lll,
1107 5666 1212 5734 l7;
1249 5665 1425 5721 Galat.
1461 5682 1535 5731 tv,
1567 5667 1624 5722 7.

606 5728 706 5800 13;
734 5731 891 5788 Joan.
928 5750 1020 5800 rt,
1056 5736 1144 5790 45.

2267 4689 2361 4740 καὶ
2380 4687 2479 4760 τὴν
2503 4685 2596 4740 τοῦ
2625 4684 2762 4739 Πνεύ
2772 4703 2937 4756 ματος
2956 4684 3206 4751 Θεότητα,
3233 4684 3306 4755 μὴ
3325 4687 3474 4756 τρεῖς
3505 4684 3631 4753 λέγε
3659 4681 3824 4740 Θεούς·

2274 4799 2292 4830 ι
2339 4780 2559 4843 Ἄκουε,
2585 4778 2713 4850 γὰρ,
2745 4777 2978 4848 Ἰσραήλ·
3015 4776 3218 4847 Κύριος
3256 4779 3286 4829 ὁ
3315 4778 3448 4840 Θεός
3491 4793 3609 4840 σου,
3645 4776 3827 4846 Κύριος

2270 4863 2350 4932 εἷς
2381 4872 2518 4923 ἐστι.
2559 4889 2576 4921 ι
2620 4868 2838 4924 Μακεδ.
2883 4864 2980 4932 Εἷς
3026 4866 3120 4921 οὖν
3159 4870 3274 4921 ἐστι
3307 4867 3463 4932 Θεὸς,
3502 4869 3714 4938 Πατὴρ,
3752 4867 3827 4918 καὶ

2273 4960 2420 5027 Υἱὸς,
2446 4963 2539 5014 καί
2567 4961 2717 5029 ἆγιον
2747 4961 2986 5031 Πνεῦμα.
3023 4961 3169 5029 Ὀρθ.
3197 4956 3292 5024 Εἷς
3315 4961 3470 5025 Θεὸς,
3508 4963 3609 5032 οὐχ
3640 4963 3711 5023 ὡς
3731 4976 3827 5029 τρι-

2245 5053 2506 5125 ”ώνυμος,
2540 5054 2652 5107 ἀλλ’
2686 5054 2761 5117 ὡς
2789 5055 2837 5108 οἱ
2863 5057 2920 5107 ἐν
2942 5053 3160 5125 Χριστῷ
3184 5055 3634 5125 κατηρτισμένοι,
3668 5048 3743 5116 εἷς
3763 5048 3824 5115 τῷ

2274 5144 2415 5216 λόγῳ
2441 5146 2540 5214 τῆς
2573 5146 2888 5215 συμφωνίας
2919 5144 3132 5216 καὶτῆς
3161 5145 3397 5214 φύσεως.
3428 5145 3654 5200 Μακεδ.
3677 5139 3824 5208 Κάγὼ

2273 5236 2416 5305 λέγω
2454 5237 2580 5307 μίαν
2623 5236 2960 5307 συμφωνίαν.
3024 5236 3169 5305 Ὀρθ.
3209 5236 3344 5290 Εἰπὲ
3391 5237 3486 5290 καὶ
3533 5236 3712 5306 φύσιν,
3754 5232 3820 5284 ἵνα

2278 5327 2544 5400 μακάριος
2577 5329 2727 5400 γένῃ.
2761 5327 2979 5384 Μακεδ.
3013 5330 3088 5383 Οὐ
3114 5329 3350 5400 δύναμαι
3382 5332 3560 5384 εἰπεῖν
3595 5329 3716 5401 μίαν
3737 5324 3818 5395 9'3-

2275 5437 2377 5473 σιν.
2416 5420 2560 5486 Ὀρθ.
2583 5419 2789 5474 Οὐκοῦν
2814 5421 2932 5473 εἰπὲ
2953 5419 3258 5490 ἀνομοίους.
3285 5420 3512 5476 Mazaca.
3539 5421 3670 5476 Οὐδὲ
3689 5415 3820 5473 τοῦτο

2273 5510 2436 5579 λέγω.
2478 5511 2622 5579 Ὀρθ,
2652 5509 2789 5564 Οὔτε
2819 5507 2911 5565 οῦν
2941 5511 3145 5582 ψυχρὸς
3168 5507 3241 5576 εἴ,
3283 5512 3424 5566 κατὰ
3448 5512 3512 5566 τὸ
3532 5505 3820 5583 γεγραμμέ-

1729 5667 1776 5700 ⁸⁸
1814 5666 1970 5721 Rom.
2009 5681 2101 5719 rm
2124 5703 2138 5729 ,

2333 5666 2377 5698 "
2419 5664 2457 5720 ll
2495 5663 2634 5721 Tim.
2672 5679 2751 5734 ιι,
2788 5665 2872 5722 19..
2961 5667 3006 5700 ⁸⁸
3046 5666 3202 5722 Rom.
3239 5684 3306 5734 γ,
3345 5667 3431 5724 μ.
3510 5669 3554 5702 ⁸⁷
3590 5681 3693 5726 isa.
3726 5672 3815 5722 ων

1218 5736 1265 5769 ⁸³
1303 5735 1492 5791 Matth.
1525 5753 1580 5801 ι,
1623 5737 1705 5791 l9.
1781 5737 1825 5772 ⁸³
1859 5738 2015 5792 Detrt.
2051 5751 2140 5802 γι,
2179 5736 2231 5792 4.
