3930 6532
135 368 289 430 1321

1211 367 1492 424 CONTRA
1524 366 1874 425 MACEDON.
1916 365 2266 424 DIALOGUS
2298 365 2345 420 Ι.

3269 373 3413 431 1528

130 505 261 556 νον,
295 486 422 543 οὕτε
454 485 688 561 θερμός·
717 486 770 540 εί
806 484 917 559 γὰρ
954 480 1024 558 ἦς
1065 486 1292 558 ψυχρὸς,
1343 485 1627 558 ἀνομοίως
1665 485 1730 541 ἂν

1834 495 2063 542 naturae.
2100 484 2310 541 Mat-ed.
2345 482 2534 556 Neque
2551 483 2658 539 hoc
2679 481 2826 540 dico.
2857 481 3011 541 Oﬂlt.
3039 483 3155 541 Nec
3179 484 3412 559 frigidus

130 580 309 648 εἶπες
329 582 429 648 τὰς
458 581 667 653 φύσεις·
690 582 739 635 εί
763 576 831 652 ἧς
861 579 1081 652 θερμὸς,
1112 580 1583 653 ἀπαραλλάκτους.
1612 582 1735 634 Μα-

131 673 277 730 κεδ.
325 673 767 745 ’Δπαράλλακτον
797 671 940 742 λέγω
971 671 1132 742 φύσιν
1154 672 1246 725 τὸν
1280 671 1427 725 Υίόν.
1465 671 1609 740 Ὀρθ.
1631 670 1735 723 Φὺ-

135 784 239 833 σις
262 767 326 821 δὲ
336 766 564 847 ⁸φύσεως
582 763 1002 838 ἀπαράλλακτος
1018 759 1173 826 οὖσα,
1196 765 1229 834 ἡ
1252 763 1388 835 αὑτή
1414 764 1529 816 ἐστι
1552 760 1732 831 φύσις.

148 861 403 932 Ὁμοίως
440 858 550 931 γάρ
592 859 741 910 ἐστιν
775 855 1059 919 ἀθάνατος,
1102 854 1302 925 ὁμοίως
1333 853 1509 922 ἅγιος,
1536 852 1735 922 ὁμοίως

134 954 454 1028 ἄφθαρτος,
485 951 687 1023 ὁμοίως
720 950 1003 1022 ἄτρεπτος.
1040 948 1230 1019 Πατήρ
1262 946 1320 1000 δὲ
1353 946 1450 1001 καὶ
1479 946 1607 1009 Υἱὸς
1640 945 1736 999 καὶ

134 1049 315 1117 ᾶγιον
340 1044 565 1116 Πνεῦμα
596 1043 799 1114 ὁμοίως
832 1042 940 1096 sici.
973 1039 1043 1095 τὰ
1065 1038 1454 1113 προειρημένα.
1487 1039 1603 1093 Μία
1628 1038 1736 1110 ἄρα

135 1139 323 1210 φύσις
362 1136 479 1190 ἐστὶ
520 1132 599 1206 τῷ
632 1131 778 1202 λόγῳ
814 1132 911 1202 τῆς
936 1130 1281 1201 ταυτότητος.
1315 1127 1535 1183 Μακεδ.
1576 1127 1737 1181 Ἀλλά

135 1220 558 1279 ὑποτάσσεσθαι
580 1220 726 1290 λέγω
742 1219 820 1291 τῷ
841 1218 1017 1292 Πατρὶ
1037 1218 1128 1273 τὸν
1152 1218 1300 1281 Υἰὺν,
1326 1217 1420 1272 καὶ
1443 1216 1559 1282 πῶς
1577 1216 1738 1272 δύνα-

142 1335 254 1389 μαι
286 1318 462 1371 εἰπεῖν
494 1314 624 1385 μίαν
654 1312 816 1383 φύσιν
835 1328 851 1377 ;
868 1313 1013 1382 Ὀρθ.
1038 1310 1149 1383 Τὴν
1170 1310 1280 1383 γὰρ
1307 1309 1609 1382 ὑποταγὴν,
1633 1310 1737 1382 τῆς

138 1410 375 1479 φύσεως
424 1404 702 1476 ὑποταγὴν
750 1400 891 1459 εἶναι
935 1404 1134 1473 λέγεις,
1170 1403 1204 1475 ἢ
1250 1406 1349 1476 τῆς
1394 1404 1733 1476 οίκονομίας;

138 1499 383 1557 Μακεὸ.
413 1500 525 1571 Τῆς
556 1497 789 1568 φύσεως.
844 1498 989 1566 Ὀρθ.
1023 1497 1231 1551 Οὑκοῦν
1274 1497 1523 1568 ἀνόμοιον
1559 1498 1737 1567 λέγεις

137 1593 251 1666 τὴν
300 1592 501 1663 φύσιν;
539 1589 760 1645 Μακεδ.
808 1589 902 1662 Μὴ
939 1589 1179 1659 γένοιτοῑ
1235 1590 1382 1658 ’ορθ.
1412 1590 1577 1644 Ὅταν
1603 1591 1735 1663 λέγῃ

134 1687 179 1738 ὁ
203 1685 525 1758 Προφήτης·
567 1702 588 1738 ι
624 1681 809 1737 Πάντα
844 1680 1118 1747 ὑπέταξας
1144 1681 1400 1735 ὑποκάτω
1430 1681 1539 1737 τῶν
1562 1682 1737 1737 ποδῶν

134 1777 348 1844 αὑτοῦ,
372 1776 615 1849 πρόϐατα
643 1777 737 1829 καὶ
762 1772 890 1847 βόας
916 1774 1153 1839 ἁπάσας.
1175 1774 1257 1828 ἔτι
1282 1774 1339 1828 δὲ
1361 1774 1539 1829 καὶτὰ
1564 1776 1733 1848 κτήνη

138 1871 247 1924 τοῦ
298 1869 503 1936 πεδίου,
540 1889 560 1923 ι
588 1868 687 1941 τήν
718 1867 881 1938 φύσιν
921 1866 1031 1922 τῶν
1072 1867 1283 1937 ἀλόγων
1323 1870 1390 1940 τῇ
1430 1868 1592 1939 φύσει
1627 1869 1734 1925 τῶν

140 1961 460 2035 ἀνθρώπων
490 1961 889 2017 ὑποτάσσεσθαι
931 1960 1107 2030 λέγεις
1153 1961 1372 2017 Mazaeo.
1422 1962 1551 2016 Ναί.
1588 1964 1732 2031 ’ορ0.

153 2056 449 2128 ’Δνόμοιος
468 2056 525 2111 δὲ
550 2059 583 2128 ή
614 2055 775 2126 φύσις
797 2055 906 2108 τῶν
933 2055 1145 2126 κτηνῶν
1166 2059 1234 2128 τῇ
1256 2055 1415 2126 φύσει
1436 2058 1502 2126 τῇ
1527 2054 1737 2128 ἀνθρω-

136 2148 329 2221 «Evn;
362 2146 587 2202 Μακεδ.
641 2147 770 2202 Ναί.
823 2147 968 2216 Ὀρθ.
1029 2146 1155 2200 Ἐἀν
1199 2146 1354 2217 λέγῃ.
1401 2166 1422 2198 ι
1471 2146 1735 2214 ’Υπέταξε

133 2239 321 2296 λαοὺς
347 2240 481 2310 ήμῖν
512 2238 606 2291 καὶ
633 2236 760 2309 ἔθνη
794 2237 901 2290 ὑπὸ
924 2237 1051 2301 τοὺς
1085 2236 1252 2301 πόδας
1279 2236 1455 2309 ἡμῶν,
1488 2257 1508 2290 ι
1549 2238 1611 2291 οὑ
1637 2237 1735 2311 τήν

138 2334 320 2405 φύσιν
337 2337 402 2406 τῇ
428 2334 589 2406 φύσει
615 2334 784 2404 λέγει,
808 2332 945 2388 ἀλλά
963 2334 1063 2405 τὴν
1077 2334 1176 2405 τῆς
1201 2332 1474 2405 ἁμαρτίας
1493 2333 1735 2388 δουλείαν

135 2429 215 2498 τῇ
242 2426 529 2499 ἐλευθερίᾳ
558 2425 660 2497 τῆς
693 2426 963 2492 πίστεως;
991 2425 1214 2481 Μακεδ.
1248 2426 1374 2479 Ναί.
1420 2427 1566 2495 Ὀρθ.
1604 2426 1733 2481 Ἀλ-

134 2519 262 2579 λως
291 2511 386 2574 οὗν
411 2521 546 2591 ήμῖν
587 2507 656 2573 τά
685 2520 856 2592 κτήνη
891 2518 1276 2584 ὑποτάσσεται,
1324 2518 1417 2573 καὶ
1447 2518 1624 2584 ἄλλως
1666 2519 1737 2574 τά

138 2612 281 2684 εθνη
311 2631 325 2677 ;
353 2612 574 2668 Μακεδ.
607 2612 735 2668 Ναί.
791 2613 938 2681 Ὀρθ.
977 2611 1101 2665 Ἐὰν
1140 2611 1273 2683 λέγῃ
1302 2613 1336 2683 ή
1366 2612 1406 2665 Γ
1409 2613 1579 2686 ραφὴ,
1613 2632 1633 2665 ι
1672 2615 1735 2668 Οἱ

138 2706 330 2760 δοῦλοι
371 2706 799 2778 ὑποτασσόμενοι
840 2707 953 2769 τοῖς
998 2705 1141 2759 κατά
1185 2707 1365 2777 σάρκα
1405 2706 1634 2778 κυρίοις,
1672 2708 1734 2761 οὑ

144 2797 320 2870 μόνον
355 2802 471 2864 τοῖς
514 2798 740 2868 ἀγαθοῖς
807 2799 903 2853 καὶ
944 2798 1265 2865 ἐπιεικέσιν,
1314 2797 1453 2852 ἀλλὰ
1489 2800 1584 2853 καὶ
1621 2802 1737 2863 τοῖς

144 2890 412 2955 σκολιοῖς,
444 2910 464 2943 ι
497 2890 672 2955 άλλως
710 2890 779 2945 τὰ
804 2891 998 2963 κτήνη,
1032 2890 1128 2946 καὶ
1165 2890 1340 2954 άλλως
1367 2890 1436 2945 τά
1462 2890 1610 2963 ἔθνη,
1640 2892 1737 2945 καὶ

139 2983 333 3047 ἄλλως
362 2986 411 3039 οί
446 2983 642 3038 δοῦλοι·
672 2982 742 3038 τὰ
770 2982 880 3056 γὰρ
910 2984 1081 3054 κτήνη
1116 2986 1183 3056 τῇ
1211 2984 1395 3053 φύσει,
1421 2983 1490 3038 τά
1518 2983 1648 3055 ἔθνη
1665 2986 1733 3056 τῇ

145 3077 362 3140 πίστει,
385 3079 433 3131 οἱ
459 3076 633 3131 δοῦλοι
655 3077 733 3149 τῷ
752 3075 922 3149 νόμῳ.
957 3078 1220 3150 Ἐγχωρεῖ
1244 3076 1353 3150 γάρ
1372 3079 1498 3141 τοὺς
1516 3076 1735 3141 δούλους

1835 580 2022 651 igitur,
2053 595 2156 636 nec
2201 577 2415 635 calidus
2460 593 2543 645 es,
2599 587 2660 632 ut
2716 574 3002 648 Scriptura
3054 579 3411 650 loquitur:si

1834 672 1979 726 enim
2007 670 2239 743 frigidus
2266 684 2443 733 esses,
2478 678 2706 725 naturas
2749 654 3049 725 dissimiles
3093 671 3284 742 utique
3321 673 3409 728 di-

1835 778 2024 828 ceres;
2076 763 2162 819 sin
2205 778 2338 819 vero
2386 762 2620 827 calidus,
2668 776 2764 817 eas
2810 778 2905 832 per
2948 765 3134 818 omnia
3180 764 3407 822 similes.

1836 854 2046 912 Haud.
2073 855 2198 910 Filii
2226 855 2350 911 dico
2375 857 2689 913 nullatenus
2720 856 3057 912 dill‘erentem
3093 873 3217 913 esse
3248 865 3407 912 natu-

1835 960 1976 1002 ram.
2019 944 2173 1003 Orth.
2196 944 2403 1002 Natura
2432 963 2561 1003 vero
2590 962 2621 1001 a
2651 956 2848 1003 natura
2879 948 3016 1005 nihil
3048 965 3276 1021 prorsus
3297 949 3405 1004 dif-

1838 1038 2020 1095 ferens
2045 1039 2234 1096 eadem
2261 1046 2347 1096 est
2378 1041 2617 1096 natura?
2644 1038 3017 1098 Consimiliter
3036 1042 3180 1098 enim
3201 1051 3286 1098 est
3307 1043 3405 1097 im~

1837 1130 2108 1193 mortalis.
2138 1132 2500 1188 consimiliter
2526 1140 2611 1187 est
2642 1140 2890 1199 sanctus,
2936 1135 3299 1191 consimiliter
3324 1145 3407 1192 est

1836 1222 2294 1293 incorruptibilis,
2324 1224 2689 1279 consimiliter
2712 1233 2798 1280 est
2829 1225 3211 1281 immutabilis.
3245 1222 3408 1281 Pater

1837 1326 2041 1378 autem,
2068 1313 2109 1367 F
2113 1314 2243 1370 llius
2292 1320 2348 1370 et
2377 1312 2616 1384 Spiritus
2640 1321 2865 1370 sanctus
2892 1322 3024 1370 sunt
3046 1316 3408 1371 consimiliter

1835 1422 1900 1463 ea
1925 1423 2047 1479 quae
2078 1408 2224 1463 dicta
2258 1416 2407 1464 sunt.
2445 1406 2563 1463 Una
2604 1409 2792 1479 igitur,
2831 1409 3049 1466 ratione
3081 1409 3403 1473 identitatis.

1835 1511 1920 1557 est
1949 1509 2167 1556 natura.
2212 1499 2424 1557 Haud.
2452 1500 2522 1555 At
2550 1499 2747 1557 Filium
2775 1500 2923 1557 Patri
2952 1503 3258 1573 subjectum
3284 1520 3407 1562 esse

1836 1593 2300 1665 dico:quomodo
2343 1594 2512 1665 igitur
2554 1610 2719 1650 unam
2764 1602 3019 1650 naturam
3061 1611 3287 1667 possum
3318 1597 3404 1652 di-

1836 1689 1999 1744 cere?
2037 1686 2194 1744 Orth.
2224 1686 2635 1758 Subjectionem
2661 1694 2875 1743 naturae
2897 1687 3059 1754 dicis,
3089 1703 3161 1744 an
3185 1704 3406 1746 (econo-

1841 1779 1965 1835 mia:
2009 1789 2065 1836 et
2100 1780 2511 1851 dispositionis?
2552 1778 2761 1837 Maced.
2807 1779 3048 1837 Naturae.
3082 1781 3236 1836 Orth.
3263 1780 3407 1851 Ergo

1834 1872 2158 1929 dissimilem
2211 1872 2352 1930 dicis
2402 1873 2694 1928 naturam?
2746 1871 2956 1929 Maced.
3017 1873 3211 1929 Absit!
3250 1873 3405 1929 Orllt.

1837 1961 2068 2028 Quando
2106 1960 2377 2033 Propheta
2419 1965 2496 2020 ait
2533 1984 2546 2019 :
2588 1982 2607 2017 ι
2638 1962 2832 2020 Omnia
2863 1965 3146 2035 subjecisti
3180 1967 3283 2021 sub
3313 1982 3407 2037 pe-

1834 2056 1993 2112 dibus
2023 2054 2166 2126 ejus,
2198 2071 2328 2111 oves
2355 2065 2410 2112 et
2435 2057 2603 2113 boves
2642 2057 2949 2123 universas,
2981 2058 3208 2130 insuper
3233 2067 3287 2114 et
3313 2074 3407 2129 pe-

1833 2162 1963 2202 cora
1993 2148 2174 2218 campi
2196 2148 2244 2181 ”
2277 2166 2291 2203 :
2324 2167 2344 2201 ι
2374 2164 2560 2206 nonne
2584 2158 2838 2205 naturam
2883 2151 3171 2207 brutorum
3198 2162 3405 2206 natura:

1835 2238 2118 2296 hominum
2164 2257 2287 2299 esse
2327 2242 2629 2313 subiectam
2669 2243 2782 2298 ait?
2822 2242 3031 2299 Maced.
3070 2243 3204 2299 lmo.
3247 2242 3403 2300 Ortli.

1837 2334 1944 2392 Sed
1974 2345 2171 2392 natura
2186 2352 2442 2409 pecorum
2474 2344 2685 2392 naturai
2708 2335 2960 2392 humana:
2981 2343 3065 2421 est
3085 2335 3409 2392 dissimilis?

1834 2426 2044 2482 Maced.
2075 2427 2270 2484 Etiam.
2310 2426 2463 2485 om.
2496 2427 2730 2495 Quando
2781 2427 2878 2493 ait,
2911 2445 2931 2479 ι
2959 2425 3204 2497 Snbjecit
3230 2443 3406 2499 popu-

1834 2520 1919 2577 los
1957 2520 2144 2586 nobis,
2170 2528 2225 2577 et
2264 2529 2456 2593 gentes
2499 2521 2603 2577 sub
2646 2520 2879 2592 pedibus
2907 2522 3204 2584 nostris",
3237 2542 3258 2574 ι
3294 2539 3404 2577 non

1835 2621 2088 2669 naturam
2136 2623 2369 2679 natura,
2411 2614 2507 2670 sed
2546 2614 2865 2670 servitutem
2895 2616 3128 2686 peccati,
3168 2615 3405 2670 libet-tazi

1837 2705 1962 2761 ﬁdei
1993 2706 2295 2778 subjectam
2327 2705 2764 2763 docet?Maced.
2810 2706 3009 2764 Etiam.
3044 2705 3197 2763 Orth.
3233 2707 3407 2761 Aliter

1835 2798 2003 2870 igitur
2046 2814 2268 2870 pecora,
2305 2799 2464 2855 aliter
2496 2808 2685 2872 gentes
2730 2801 2890 2858 nobis
2930 2799 3192 2870 subjectae
3239 2799 3406 2856 sunt?

1836 2890 2045 2947 Maced.
2076 2891 2272 2949 Etiam.
2307 2891 2459 2949 Orth.
2483 2892 2713 2961 Quando
2737 2892 3024 2965 Scriptura
3052 2893 3127 2948 ait
3156 2912 3170 2948 :
3204 2911 3226 2943 ι
3251 2891 3403 2947 Servi

1837 2983 2069 3053 subjecti
2096 2983 2209 3040 sint
2235 2983 2476 3041 dominis
2499 2985 2800 3041 secundum
2831 3001 3072 3051 carnem,
3095 2999 3204 3039 non
3225 2983 3405 3038 solum

1837 3075 1996 3131 bonis
2019 3084 2073 3131 et
2090 3076 2379 3141 modestis,
2412 3077 2509 3133 sed
2538 3077 2703 3133 etiam
2731 3077 2953 3133 discolis
2976 3079 3021 3109 "
3047 3095 3059 3130 :
3089 3097 3109 3130 ι
3128 3076 3288 3132 aliter
3313 3090 3407 3146 pe-

144 3170 476 3241 κρείττονας
522 3165 658 3223 εἶναι
700 3172 767 3242 τῆ
807 3170 976 3243 ἀρετῇ
1017 3170 1127 3225 τῶν
1165 3169 1457 3226 δεσποτῶν.
1507 3170 1730 3226 Μακεδ.

1835 3182 1987 3234 cora,
2025 3167 2187 3223 aliter
2213 3177 2426 3242 gentes,
2458 3169 2619 3224 aliter
2645 3184 2838 3225 servos
2872 3168 3151 3239 subjectos
3176 3167 3358 3223 innuit
3387 3185 3400 3220 :

153 3262 640 3335 Ὅμολογουμὲνως
685 3262 858 3327 ἄλλως
910 3263 1004 3318 καλ⁵
1053 3262 1227 3328 ἄλλως
1275 3264 1540 3335 ὑποταγή.
1580 3264 1727 3332 Ὀρθ.

156 3355 329 3409 Ἀλλά
377 3355 472 3408 καὶ
511 3357 675 3427 ἡμεῖς
726 3354 975 3429 ἀλλήλοις
1026 3356 1454 3427 ὑποτασσόμενοι
1497 3355 1587 3411 διὰ
1633 3357 1730 3429 τὴν

142 3450 399 3521 ἀγάπην,
427 3448 529 3519 οὑχ
554 3449 631 3512 ὡς
658 3448 728 3501 τά
754 3450 927 3521 κτήνη
956 3449 1221 3519 φυσικῶς,
1254 3448 1369 3503 οὗθ’
1415 3449 1490 3514 ὡς
1512 3449 1580 3504 τά
1602 3449 1730 3521 ἔθνη

140 3543 213 3612 τῇ
248 3540 457 3602 πίστει,
483 3538 596 3591 οὔθ’
627 3539 710 3602 ὡς
732 3537 905 3593 δοῦλοι
931 3537 1008 3610 τῷ
1033 3538 1202 3610 νόμῳ.
1236 3537 1458 3594 Μακεδ.
1492 3537 1629 3593 Οὔτε
1655 3538 1732 3603 ὡς

143 3634 346 3703 κτήνη,
383 3629 506 3685 οὔτε
533 3631 608 3694 ὡς
628 3629 779 3702 ἔθνη,
805 3631 929 3684 οὗτε
949 3630 1027 3696 ὡς
1048 3632 1099 3686 oi
1128 3631 1324 3696 δοῦλοι,
1351 3629 1488 3685 ἀλλὰ
1516 3630 1605 3685 διὰ
1630 3630 1731 3702 τὴν

140 3723 242 3777 τοῦ
270 3722 481 3794 Κυρίου
508 3722 753 3793 ἀγάπην.
801 3722 948 3790 Ὀρθ.
989 3722 1046 3776 ’0
1070 3723 1249 3777 τοίνυν
1277 3723 1404 3787 Υἱὸς
1434 3721 1733 3777 ὑποτασσό-

146 3833 315 3888 μενος
344 3815 422 3888 τῷ
454 3816 651 3887 Πατρὶ,
676 3815 753 3879 ὡς
779 3813 847 3868 τά
874 3816 1046 3887 κτήνη
1089 3814 1178 3869 διὰ
1206 3815 1298 3888 τὴν
1321 3815 1482 3885 φύσιν
1507 3818 1620 3879 τοῖς
1640 3817 1732 3870 ἀν-

141 3908 394 3981 θρώποις
416 3909 801 3972 ὑποτάσσεται,
824 3908 858 3981 ἦ
880 3908 956 3972 ὡς
974 3908 1147 3963 δοῦλοι
1170 3908 1257 3963 διὰ
1282 3909 1371 3963 τὸν
1390 3909 1574 3980 νόμον,
1598 3908 1632 3981 ἢ
1655 3908 1731 3974 ὡς

142 4000 477 4074 ἁμαρτωλὸς
496 4002 583 4056 διά
606 4001 703 4074 τὴν
731 4002 935 4063 πίστιν,
956 4000 989 4073 ἢ
1013 4001 1088 4065 ὡς
1110 4001 1237 4065 Υίὺς
1259 4001 1347 4055 διὰ
1366 4002 1465 4074 τὴν
1486 4002 1727 4074 ἀγάπην.

146 4092 279 4157 Υἱὸς
311 4092 369 4146 δὲ
398 4088 573 4166 Πατρὶ
604 4094 703 4166 τὴν
730 4094 901 4166 αὐτὴν
934 4092 1045 4164 ἔχει
1075 4092 1235 4162 φύσιν
1270 4092 1727 4165 ὑποτασσόμενος,

142 4181 270 4252 οὑχὶ
300 4181 461 4252 φύσει
493 4183 592 4255 τῆς
619 4182 892 4256 θεότητος,
920 4183 1055 4239 ἀλλά
1084 4187 1151 4256 τῇ
1186 4185 1470 4256 οἰκονομίᾳ
1503 4184 1604 4257 τῆς
1631 4187 1729 4239 ἀν-

146 4273 521 4346 Θρωπότητος.
561 4276 619 4331 '0
651 4276 759 4347 γὰρ
792 4277 1230 4349 ὑποτασσόμενος
1262 4276 1376 4349 ἔχει
1410 4295 1465 4332 τι
1494 4277 1728 4351 θέλημα,

142 4365 174 4418 δ
203 4365 445 4431 κολάζει,
470 4367 555 4421 ἵνα
580 4367 642 4420 τδ
673 4367 768 4422 τοῦ
801 4367 1235 4439 προστάσσοντος
1264 4371 1485 4443 ποιήσῐγ
1517 4371 1731 4444 Πατρδς

142 4458 202 4512 δὲ
235 4460 333 4513 καὶ
357 4458 487 4513 Υἰοῢ
510 4459 569 4513 ἓν
602 4461 720 4513 ἐστι
746 4458 957 4532 θέλημα
981 4459 1058 4531 τῷ
1087 4459 1232 4532 λόγῳ
1257 4461 1357 4533 τῆς
1388 4461 1656 4533 θεότητος.

1830 3273 2031 3330 pecora
2051 3259 2273 3330 quidem
2304 3270 2525 3324 natura,
2554 3268 2747 3333 gentes
2782 3258 2905 3327 fide,
2940 3260 3083 3317 servi
3106 3261 3245 3331 lege.
3269 3258 3407 3318 Pos-

1832 3359 1963 3407 sunt
1993 3352 2141 3408 enim
2174 3353 2321 3408 servi
2352 3353 2591 3409 dominis
2636 3355 2769 3425 ipsis
2811 3354 3015 3409 virtute
3057 3352 3402 3408 antecellere.

1832 3444 2039 3500 Maced.
2084 3444 2180 3502 Est
2208 3445 2265 3501 in
2289 3444 2544 3503 confesso
2593 3447 2732 3502 alios
2762 3454 2925 3518 atque
2954 3446 3092 3502 alios
3119 3460 3245 3501 esse
3273 3443 3405 3500 sub-

1826 3537 2086 3608 jeetionis
2115 3537 2329 3595 modos.
2366 3536 2519 3594 Orth.
2550 3537 2697 3606 Quin
2735 3551 2790 3595 et
2823 3553 2925 3594 nos
2964 3539 3107 3594 alius
3145 3538 3237 3593 alii
3273 3536 3405 3592 sub-

1825 3628 1959 3697 jecti
1993 3644 2186 3684 sumus
2217 3644 2317 3700 per
2337 3628 2685 3693 charitatem,
2716 3644 2826 3684 non
2857 3638 2917 3684 ut
2948 3643 3146 3700 pecora
3178 3636 3405 3681 natura-

1831 3719 1978 3781 liter.
2033 3736 2208 3792 neque
2261 3730 2321 3776 ut
2352 3731 2542 3794 gentes
2593 3721 2721 3785 fide,
2771 3736 2948 3791 neque
2987 3728 3047 3775 ut
3084 3720 3228 3775 servi
3267 3718 3400 3787 lege.

1832 3812 2041 3869 Haud.
2072 3812 2258 3885 Neque
2280 3823 2339 3869 ut
2365 3828 2587 3885 pecora,
2618 3828 2795 3883 neque
2822 3823 2881 3867 ut
2906 3819 3117 3883 gentes,
3143 3824 3321 3879 neque
3347 3817 3406 3861 ut

1832 3909 1997 3973 servi,
2031 3907 2127 3962 sed
2157 3922 2254 3977 per
2286 3905 2502 3961 Domini
2531 3904 2900 3961 dilectionem.
2935 3902 3088 3959 Orth.
3132 3900 3267 3957 Cum
3306 3901 3407 3972 igi-

1832 4009 1923 4054 tur
1948 3997 2122 4055 Filius
2149 3997 2299 4055 Patri
2331 3999 2612 4071 subjectus
2642 3998 2736 4063 sit,
2772 3996 3062 4067 subjicitur
3090 3995 3168 4051 illi
3200 3994 3283 4049 vel
3311 3984 3407 4064 per

1832 4099 2107 4156 naturam,
2140 4098 2198 4146 ut
2237 4107 2435 4163 pecora
2463 4090 2779 4147 hominibus
2805 4090 2928 4145 :vel
2974 4103 3072 4160 per
3113 4087 3308 4157 legem,
3347 4093 3404 4137 ut

1832 4184 1980 4240 servi
2012 4202 2027 4239 :
2056 4185 2143 4240 vel
2171 4180 2268 4255 per
2299 4184 2482 4250 ﬁdem,
2512 4190 2572 4240 ut
2595 4189 2851 4256 peccator
2877 4200 2891 4236 :
2921 4182 3006 4236 vel
3038 4195 3133 4252 per
3160 4177 3407 4233 dilectio-

1831 4292 1981 4342 nem,
2015 4285 2075 4332 ut
2107 4276 2301 4334 Filius.
2343 4276 2517 4334 Filius
2559 4284 2744 4332 autem
2770 4274 3018 4331 eamdem
3051 4288 3215 4344 quam
3247 4270 3407 4325 Pater

1832 4370 1997 4426 habet
2033 4381 2313 4437 naturam,
2353 4371 2636 4442 subjectus
2663 4383 2775 4425 non
2804 4378 3005 4424 natura
3033 4363 3273 4428 ileitatis,
3311 4362 3407 4417 sed

1832 4465 2141 4520 oeconomia
2191 4465 2573 4521 humanitatis.
2620 4463 2726 4531 Qui
2759 4462 2907 4519 enim
2953 4459 3268 4529 subjicitur,
3310 4468 3409 4508 vo-

147 4551 421 4606 luntatem
466 4550 703 4619 aliquam
747 4551 931 4616 habet,
962 4567 1126 4623 quam
1166 4554 1479 4624 comprimit
1535 4556 1962 4619 ntvoluntatem
1998 4559 2368 4632 praecipientis
2423 4570 2770 4630 exsequatur.
2805 4557 2876 4611 At
2947 4551 3127 4609 Patris
3194 4560 3249 4605 et
3314 4546 3409 4602 Fi-

146 4648 208 4704 lii
238 4649 497 4704 voluntas
522 4659 607 4704 est
641 4664 771 4715 una,
803 4650 1021 4706 ratione
1053 4650 1297 4707 deitatis.

221 4745 309 4799 I9.
350 4744 572 4800 Μακεδ.
603 4746 729 4808 Πῶς
743 4740 838 4800 οὖν
857 4745 1187 4818 γέγραπταιο
1219 4766 1238 4800 ι
1278 4747 1549 4820 ’Υπήκοος
1572 4748 1724 4817 γενόο

1900 4746 1988 4802 i9.
2034 4745 2246 4801 Maced.
2281 4745 2569 4812 Quomodo
2598 4743 2766 4814 igitur
2797 4742 3063 4810 scriptum
3096 4747 3220 4796 est:
3251 4756 3270 4789 ι
3301 4735 3409 4792 Fa~

150 4851 315 4908 μενος
353 4835 512 4908 μέχρι
546 4835 798 4892 θανάτου’
832 4858 851 4892 ι
898 4839 1012 4906 καὶ,
1053 4858 1073 4891 ι
1114 4840 1282 4894 Ὅταν
1309 4839 1366 4893 δὲ
1403 4839 1553 4911 αὑτῷ
1594 4841 1728 4894 ὑπο-

144 4930 291 5000 ταγῇ
323 4929 521 4997 πάντα,
553 4930 675 4984 τότε
700 4932 795 4986 καὶ
824 4931 984 4996 αὑτὸς
1010 4933 1038 4986 ὀ
1063 4931 1190 4997 Υἱὸς
1214 4933 1620 5005 ὑποταγήσεται
1651 4932 1730 5003 τῷ

148 5020 480 5087 ὑποτάξαντι
509 5022 657 5096 αὑτῷ
676 5024 747 5079 τά
774 5025 970 5091 πάντα,
996 5021 1138 5100 ἵναῇ
1168 5026 1196 5079 ό
1218 5025 1349 5089 Θεδς
1376 5025 1443 5079 τὰ
1470 5026 1647 5080 πάντα
1672 5028 1729 5079 ἐν

148 5114 357 5179 tactv;
393 5132 415 5166 ι
461 5114 607 5183 Ὀρθ.
637 5114 867 5187 Μορφὴν
899 5114 1007 5188 γὰρ
1030 5115 1217 5170 δούλου
1247 5114 1426 5169 λαϐὼν
1459 5115 1517 5168 ὲν
1549 5117 1729 5187 μορφῇ

149 5205 288 5261 Θεοῦ
334 5207 615 5279 ὑπάρχων,
678 5209 974 5278 ἀναγκαῖον
1026 5210 1119 5263 καὶ
1162 5208 1260 5281 τὴν
1302 5210 1581 5281 ὑποταγὴν
1628 5213 1725 5281 τῆς

147 5297 405 5369 δουλικῆς
433 5299 646 5371 μορφῆς
674 5298 995 5370 ἀνειληφὼς,
1020 5300 1160 5372 ὑπὲρ
1183 5302 1215 5373 ἡ
1224 5300 1339 5372 μῶν
1362 5301 1725 5355 ὑποτάσσεται

149 5387 229 5459 τῷ
272 5386 467 5441 ἑαυτοῦ
502 5389 698 5460 Πατρὶ,
746 5391 807 5443 οὑ
848 5389 1006 5460 φύσει
1052 5389 1324 5462 θεότητος,
1371 5391 1486 5446 ἀλλ’
1535 5392 1726 5447 ἑνὼσει

151 5481 375 5554 μορφῆς
412 5481 682 5555 δουλικῆε,
716 5477 785 5556 ἧς
827 5483 1008 5538 ἔλαϐε.
1043 5484 1108 5538 Τί
1151 5484 1208 5538 δὲ
1247 5485 1341 5540 καὶ
1375 5485 1727 5540 ἐλαττοῦσθαι

144 5571 251 5643 τήν
268 5571 365 5626 τοῦ
395 5572 522 5628 Υἱοῦ
544 5574 703 5644 φύσιν
728 5574 969 5647 νομίζεις
998 5576 1086 5630 διὰ
1116 5576 1179 5631 τὸ
1208 5577 1607 5633 ὑποτάσσεσθαι
1627 5577 1726 5631 αὑ-

145 5664 242 5720 τὸν
267 5665 349 5738 τῷ
376 5666 580 5739 Πατρί;
624 5667 748 5723 Ἐάν
769 5665 861 5723 οὖν
893 5670 1151 5744 ἀκούσῃς,
1183 5672 1265 5725 ὄτι
1293 5672 1387 5725 καὶ
1419 5671 1727 5743 ἀνθρώποις

1835 4851 1959 4895 etus
2007 4839 2270 4895 obediens
2330 4853 2503 4908 usque
2551 4836 2623 4891 ad
2670 4846 2900 4889 mortem
2930 4834 2998 4896 ",
3038 4850 3058 4883 ι
3088 4840 3143 4886 et
3174 4850 3188 4887 :
3220 4849 3240 4882 ι
3270 4828 3405 4884 Cum

1838 4938 2019 4985 autem
2049 4929 2099 4983 ei
2127 4928 2375 4998 subjecta
2400 4926 2605 4983 fuerint
2635 4926 2819 4981 omnia
2840 4965 2856 4986 ,
2883 4933 3016 4978 tunc
3046 4924 3163 4994 ipse
3187 4937 3407 4992 quoque

1839 5021 2012 5076 Filius
2039 5020 2324 5090 subjectus
2360 5020 2467 5074 erit
2488 5018 2539 5075 ei
2582 5017 2677 5088 qui
2710 5016 2944 5085 subjecit
2984 5014 3091 5071 sibi
3119 5014 3302 5067 omnia
3350 5012 3406 5066 in

1838 5114 2096 5169 omnibus
2115 5114 2206 5168 ³δῖ
2251 5133 2270 5165 ι
2308 5112 2463 5169 Orth.
2522 5112 2812 5176 Nimirum,
2855 5110 3031 5166 forma
3074 5106 3220 5163 servi
3253 5121 3410 5161 acce-

1833 5216 1947 5278 pta,
1975 5222 2099 5262 cum
2135 5208 2191 5261 in
2222 5206 2396 5261 forma
2431 5204 2525 5262 Dei
2563 5211 2731 5273 esset,
2764 5202 3079 5260 necessario
3109 5199 3410 5270 subjectio-

1839 5315 1963 5356 nem
1992 5314 2212 5371 quoque
2256 5299 2473 5355 servilis
2522 5298 2710 5354 formae
2752 5311 3063 5365 assumens,
3115 5292 3407 5364 subjicitur

1836 5407 1935 5463 pro
1958 5391 2118 5446 nobis
2145 5406 2248 5447 suo
2275 5391 2451 5461 ipsius
2479 5388 2653 5454 Patri,
2682 5405 2791 5445 non
2815 5401 3014 5443 natura
3042 5388 3285 5448 deitotis,
3310 5382 3407 5439 sed

1835 5486 2024 5541 forma:
2060 5484 2301 5548 servilis,
2352 5500 2517 5556 quam
2567 5484 2737 5558 486
2781 5483 3037 5552 sumpsit,
3088 5487 3308 5547 unione.
3343 5478 3409 5529 Et

1834 5578 1966 5650 quid
1989 5585 2095 5640 est,
2117 5593 2218 5633 cur
2244 5576 2367 5632 Filii
2401 5586 2654 5631 naturam
2680 5576 2932 5631 imminui
2962 5587 3192 5629 censeas
3234 5587 3299 5626 ex
3326 5587 3409 5625 σου

1834 5671 1980 5743 quod
2011 5671 2338 5741 subjiciatur
2359 5669 2550 5725 Patri?
2585 5668 2840 5739 Nunquid
2879 5668 2926 5722 si
2961 5666 3131 5722 Deum
3170 5664 3405 5721 Verbum

224 5820 275 5855 ⁵⁸
316 5818 463 5878 Psal.
502 5838 626 5886 vni,
662 5824 716 5879 8.
792 5826 835 5857 "
879 5823 1025 5881 Psal.
1062 5842 1222 5893 τινι,
1254 5826 1307 5883 ι.
1381 5827 1427 5858 ’⁸
1469 5827 1487 5882 ι
1521 5825 1664 5882 Petr.
1707 5841 1719 5879 ι

1834 5824 1908 5881 18.
1986 5827 2031 5859 ’³
2069 5826 2304 5913 Philipp.
2346 5841 2421 5893 ιι,
2459 5825 2513 5881 8.
2590 5825 2637 5857 ’δ
2674 5823 2695 5878 I
2729 5823 2855 5879 Cor.
2895 5840 2981 5885 xv,

447 5914 719 5978 ΡΔτιιοι..
759 5917 876 5979 Gn.
911 5918 966 5978 Χ
982 5918 1205 5979 XVIII.

3017 5910 3094 5972 ὑὶ
