3976 6388
549 320 689 377 ιδιδ

1732 312 1789 367 S.
1830 308 2293 368 ATHANASIUS.
2333 343 2403 356 -
2436 311 2667 373 DUBIA.

3658 325 3778 385 1324

546 437 741 495 audias
757 435 1081 492 horninibus
1107 446 1327 507 quoque
1355 432 1661 502 subjectum
1698 427 1893 492 fuisse,
1927 430 2095 485 h‘omi-

2220 432 2466 504 ὑπετάγη
2492 434 2521 486 ό
2544 432 2678 498 Θεὸς
2706 434 2899 504 Λόγος,
2926 431 3036 508 ἄρα
3057 436 3153 492 καὶ
3179 436 3289 493 τῶν
3314 437 3616 511 ἀνθρώπων
3643 441 3776 497 ὲλάτο

546 545 679 583 num
718 536 914 583 natura
948 525 1264 582 inferiorem
1299 524 1452 579 illum
1493 520 1982 578 statues?.Maced.
2012 520 2116 577 Ubi

545 623 815 693 scriptum
870 629 975 685 est,
1018 619 1165 690 quod
1211 615 1527 672 hominibus
1577 630 1796 686 quoque
1834 615 2118 685 subjectus

544 714 746 770 fuerit?
775 711 927 769 Orth.
962 710 1138 765 Homo
1164 715 1283 766 erat
1317 706 1511 772 Maria,
1546 715 1667 762 erat
1702 717 1755 763 et
1781 705 2004 779 Joseph,
2034 716 2118 761 at-

541 823 649 880 que
680 807 771 871 iis,
807 813 866 859 ut
906 804 965 861 in
1010 802 1321 874 Evangeliis
1346 800 1629 870 scriptum
1680 808 1787 866 est,
1833 801 2115 871 subjectus

541 900 664 953 fuit.
714 896 853 951 Cum
902 895 1048 950 enim
1092 892 1431 949 invenissent
1472 891 1626 946 illum
1670 891 1725 945 in
1771 892 1994 962 templo,
2038 892 2116 946 ait

538 987 894 1059 evangelista,
922 985 1213 1041 dixerunt:
1244 1000 1263 1033 ι
1294 980 1419 1047 Fili,
1441 981 1573 1052 qttid
1605 980 1784 1036 fecisti
1814 982 1974 1037 nobis
1996 982 2114 1038 sic?

537 1081 680 1138 Ecce
709 1090 865 1151 pater
898 1086 1028 1134 tuus
1052 1085 1109 1133 et
1130 1090 1231 1147 ego
1256 1074 1506 1131 dolentes
1536 1074 1916 1144 quaerebamus
1947 1079 2019 1127 te.
2047 1070 2114 1125 Et

539 1175 613 1230 ait
636 1173 703 1228 atl
734 1172 858 1228 illos
886 1190 899 1225 :
934 1169 1076 1238 Quid
1108 1175 1194 1224 est
1215 1166 1362 1238 quod
1392 1181 1478 1221 me
1498 1164 1868 1236 quaerebatis?
1897 1164 2113 1219 Nescie-

534 1268 683 1321 batis
718 1265 846 1335 quia
876 1264 931 1318 in
959 1263 1123 1318 domo
1157 1260 1340 1315 Patris
1372 1259 1478 1314 mei
1505 1266 1722 1329 oportet
1752 1272 1838 1312 me
1870 1255 2030 1312 esse?
2055 1262 2111 1310 et

532 1360 682 1415 venit
711 1354 1071 1420 Nazareth,et
1085 1360 1204 1409 erat
1234 1350 1488 1409 subditus
1517 1349 1728 1406 illis"?
1756 1367 1775 1400 ι
1811 1347 1907 1403 Ille
1946 1347 2112 1418 igitur

534 1447 862 1521 Uuigenitus
890 1444 1010 1512 Dei,
1046 1444 1137 1499 ille
1163 1441 1416 1497 Salvator
1435 1439 1625 1495 mundi
1646 1437 1879 1493 inferior
1900 1438 2111 1493 scilicet

531 1550 651 1598 erat
679 1540 919 1611 Josepho
953 1545 1007 1593 et
1039 1534 1259 1591 Mariae?
1284 1533 1493 1588 Maced.
1521 1531 1896 1603 Nequaquam,
1925 1531 2104 1586 absit!

536 1634 693 1692 Orth.
719 1631 1005 1690 Consimili
1048 1628 1212 1685 modo
1244 1627 1347 1683 etsi
1384 1625 1531 1680 Patri
1562 1624 1845 1695 subjectus
1879 1638 2002 1680 esse
2028 1624 2107 1679 le-

531 1736 713 1800 gatur,
748 1734 1074 1809 non‘tamen
1106 1722 1434 1794 deprimitur
1462 1720 1763 1777 secundum
1799 1729 2053 1775 naturam
2087 1739 2100 1775 :

2219 539 2347 576 τονα
2376 521 2563 594 θήσεις
2590 527 2654 595 τῇ
2702 525 2895 595 φύσεις
2936 527 3165 582 Μακεδ.
3210 528 3320 584 Ποῦ
3361 530 3779 602 γέγραπται,ὃτι

2218 616 2314 671 καὶ
2340 615 2646 689 ἀνθρώποις
2670 618 2943 691 ὑπετάγη;
2988 622 3134 688 Ὀρθ.
3168 621 3490 695 Ἀνθρωπος
3517 620 3587 696 ἦν
3618 626 3651 696 η
3676 626 3780 679 Ma-

2220 709 2311 782 ρία
2332 711 2428 764 καὶ
2443 712 2471 762 6
2506 710 2726 783 Ἰωσὴφ,
2750 711 2843 765 καὶ
2870 712 3118 784 ὑπετάγη
3150 714 3356 779 αὐτοῖς,
3384 714 3460 778 ὡς
3483 716 3542 768 ὲν
3562 716 3779 785 Εὑαγγε-

2215 802 2349 866 λίοις
2379 802 2706 874 γέγραπται.
2743 804 3007 876 Εὑρόντες
3036 804 3148 876 γὰρ
3185 806 3368 868 αὑτὸν,
3406 808 3593 878 φησὶν,
3625 810 3682 861 ἐν
3709 806 3778 879 τῷ

2216 895 2366 968 ἱερῷ,
2412 896 2597 967 ἔλεγον
2635 896 2802 968 αὐτῷ’
2845 915 2863 948 ι
2898 898 3119 961 Τέκνον,
3159 897 3212 950 τί
3245 899 3509 969 ἐποίησας
3542 901 3672 971 ἡμῖν
3698 899 3778 953 οὔ·

2212 1004 2353 1054 τως;
2400 987 2528 1042 Ἰδοὺ
2555 989 2667 1058 ἐγὼ
2694 988 2789 1042 καὶ
2813 989 2842 1041 6
2866 989 3051 1060 πατήρ
3080 1005 3176 1041 σου
3208 987 3511 1060 ἐζητοῦμέν
3546 1007 3628 1044 σε.
3666 991 3780 1045 Ὀδὲ

2212 1076 2352 1135 εἶπεν
2386 1081 2452 1134 Τί
2480 1082 2560 1135 ὅτι
2586 1081 2828 1154 ἐζητεῖτέ
2856 1098 2958 1153 με;
2993 1081 3111 1136 Οὑκ
3139 1080 3338 1152 ᾔδειτε,
3362 1083 3446 1135 ὅτι
3474 1083 3538 1135 ὲν
3560 1082 3640 1153 τῷ
3663 1081 3779 1154 οἴκῳ

2209 1170 2305 1224 τοῦ
2338 1171 2552 1242 Πατρός
2590 1189 2689 1243 μου
2724 1171 2805 1225 δεῖ
2837 1188 2904 1243 με
2938 1168 3112 1237 εἷναι;
3150 1171 3243 1224 κοιλ⁸
3271 1172 3543 1242 κατῆλθεν
3573 1175 3656 1235 είς
3682 1174 3779 1226 Να-

2211 1264 2397 1337 ζαρὲτ,
2426 1267 2521 1319 καὶ
2551 1261 2620 1337 ἦν
2650 1265 3086 1337 ὑποτασσόμενος
3115 1267 3319 1332 αὐτοῖς.
3353 1286 3372 1319 ι
3397 1262 3548 1340 *Αρα
3578 1269 3673 1322 καὶ
3696 1265 3777 1321 τοῦ

2223 1354 2419 1427 Ἰωσὴφ
2448 1358 2545 1409 καὶ
2576 1356 2676 1427 τῆς
2712 1355 2933 1427 Μαρίας
2967 1354 3355 1427 ὑποδεέστερος
3384 1352 3455 1427 ἦν
3493 1359 3523 1410 6
3553 1360 3778 1427 Μονογε-

2207 1446 2305 1520 νὴς
2335 1446 2428 1500 τοῦ
2462 1446 2620 1512 Θεοῦ,
2662 1447 2692 1499 6
2727 1447 2917 1520 Σωτὴρ
2953 1447 3047 1501 τοῦ
3087 1448 3334 1519 κόσμου;
3376 1452 3606 1506 Μακεδ.
3639 1450 3775 1522 Οὐχὶ,

2210 1537 2286 1610 μὴ
2316 1539 2560 1607 γένοιτοί
2593 1539 2738 1607 Ὀρθ.
2775 1537 2951 1602 Οὖτω,
2984 1538 3089 1592 κᾶν
3122 1538 3531 1592 ὑποτάσσεσθαι
3570 1538 3779 1610 λέγηται

2206 1631 2285 1703 τῷ
2321 1631 2519 1703 Πατρὶ,
2559 1630 2660 1684 οὑκ
2691 1629 3003 1683 ἐλαττοῦται
3034 1628 3136 1700 τὴν
3182 1628 3364 1699 φύσιν
3407 1629 3527 1684 ἀλλ’
3556 1628 3636 1694 ὡς
3668 1629 3778 1693 Υἱὸς

2210 1725 2422 1797 μορφὴν
2449 1723 2634 1778 δούλου
2675 1724 2973 1795 εὐδοκήσας
3004 1721 3211 1788 λαϐεῖν,
3249 1724 3345 1777 καὶ
3377 1723 3478 1795 τὴν
3511 1722 3776 1794 ὑποταγὴν

532 1821 629 1877 sed
679 1826 740 1874 ut
787 1817 981 1880 Filius,
1022 1816 1110 1872 cui
1152 1814 1302 1871 servi
1354 1814 1582 1869 formam
1621 1827 1838 1867 sumere
1874 1812 2095 1883 placuit,

2203 1817 2361 1872 ἔλαϐε
2380 1818 2477 1885 τῆς
2499 1816 2749 1886 δουλικῆς
2776 1809 3008 1887 μορφῆς.
3026 1815 3117 1867 Ἐν
3145 1815 3253 1887 γὰρ
3274 1815 3449 1888 ταύτῃ
3474 1814 3577 1882 ὢν,
3608 1816 3699 1868 καὶ
3715 1817 3775 1886 τῇ

531 1910 931 1983 subjectionem
961 1922 1179 1979 quoque
1207 1906 1424 1961 servilis
1461 1905 1649 1960 formae
1675 1904 1942 1975 sumpsit;
1973 1918 2102 1958 nam

529 2004 587 2058 in
617 2002 720 2058 hac
745 2015 869 2056 cum
898 2007 1068 2063 esset,
1096 1997 1283 2052 Maria:
1309 1996 1411 2051 fuit
1444 1996 1747 2067 subjectus.
1795 1994 2006 2050 Maced.
2033 1992 2103 2048 At

528 2097 647 2167 ipse
679 2093 898 2149 Patrem
928 2091 1143 2148 vocavit
1182 2090 1352 2145 Deum
1387 2105 1570 2144 suum.
1615 2088 1901 2155 Quomodo
1936 2088 2103 2159 igitur

525 2197 709 2261 potest
741 2202 847 2242 una
875 2200 997 2243 esse
1031 2184 1320 2254 utriusque
1353 2182 1588 2237 natura?
1616 2181 1770 2237 Orth.
1803 2180 1975 2237 Filius
2004 2180 2100 2237 Dei

522 2298 658 2338 num
688 2279 833 2337 Deus
861 2285 1057 2334 natura
1087 2285 1139 2333 et
1171 2276 1334 2331 homo
1363 2290 1459 2346 per
1508 2274 1938 2344 assumptionem
1971 2287 2098 2327 car-

523 2375 615 2433 nis
656 2384 761 2442 est,
798 2370 1005 2428 necne?
1038 2368 1247 2423 Maced.
1299 2367 1415 2424 Est.
1463 2366 1615 2422 Orth.
1671 2363 1840 2435 Igitur
1887 2364 2099 2418 ratione

523 2466 746 2522 deitatis
775 2462 919 2520 Deus
943 2463 1119 2533 ipsius
1140 2460 1301 2516 Pater
1320 2467 1426 2523 est,
1457 2459 1669 2513 ratione
1692 2472 1820 2512 vero
1845 2455 2099 2510 humani-

523 2555 676 2619 tatis,
721 2551 887 2608 Deus.
934 2549 1147 2605 Jlaced.
1198 2549 1310 2620 Ego
1354 2549 1643 2618 utriusque
1676 2556 1884 2601 natura:
1929 2546 2097 2601 Deum

522 2647 707 2717 ipsum
735 2645 879 2700 dico.
916 2642 1072 2700 Orth.
1106 2641 1376 2697 Memento
1402 2640 1551 2695 illius
1579 2638 1752 2694 dicti:
1791 2655 1811 2689 ι
1842 2636 1996 2692 Vado
2028 2638 2095 2691 ad

520 2733 741 2791 Patrem
766 2749 946 2790 meum
977 2741 1033 2789 et
1058 2733 1272 2787 Patrem
1302 2740 1563 2794 vestrum,
1608 2728 1777 2783 Deum
1827 2744 2008 2783 meum
2042 2735 2098 2783 et

522 2827 694 2883 Deum
723 2835 966 2883 vestrum
990 2825 1059 2880 “.
1089 2844 1108 2877 ι
1138 2823 1330 2878 Nonne
1364 2822 1480 2877 hinc
1506 2821 1582 2875 ita
1615 2836 1675 2877 se
1709 2820 1947 2877 habent?
1973 2818 2098 2875 Ma-

520 2921 632 2977 ced.
664 2920 743 2975 Ita
773 2935 925 2977 sane.
961 2918 1116 2974 Orth.
1154 2915 1246 2971 Sic
1276 2916 1440 2987 igitur
1462 2913 1633 2970 Pater
1653 2914 1773 2985 ejus
1792 2924 1876 2969 est
1904 2930 2097 2985 quem-

520 3014 814 3069 admodum
841 3019 896 3067 et
924 3009 1153 3066 noster?
1177 3007 1384 3063 Maced.
1417 3007 1558 3063 Non.
1590 3005 1745 3065 Orth.
1778 3005 1883 3062 Sed
1915 3007 2091 3078 ipsius

518 3103 742 3174 quidem
784 3110 1021 3157 natura:
1065 3108 1254 3156 noster
1292 3115 1422 3155 vero
1462 3100 1658 3172 gratia.
1705 3099 1910 3154 Christi
1947 3100 2092 3155 enim

518 3196 817 3266 participes
859 3194 1010 3258 facti,
1043 3194 1252 3250 inventi
1299 3208 1490 3248 sumus
1537 3206 1725 3263 prope,
1770 3191 1862 3262 qui
1904 3193 2093 3263 procul

519 3289 811 3344 aberamus
838 3297 1056 3352 natura,
1097 3286 1233 3341 adeo
1263 3293 1323 3340 ut
1356 3284 1501 3340 Deus
1532 3284 1693 3339 Pater
1726 3294 1912 3339 noster
1947 3284 2095 3339 dica-

518 3389 628 3435 tur.
675 3378 885 3434 Maced.
939 3378 1031 3434 Sic
1081 3388 1185 3435 est.
1240 3378 1394 3435 Orth.
1427 3376 1896 3445 Quemadmodum
1930 3377 2095 3448 igitur

514 3491 618 3531 nos
636 3473 842 3531 Christi
867 3474 1163 3545 participes
1186 3472 1335 3536 facti,
1359 3470 1576 3526 Patrem
1601 3471 1867 3527 habemus
1888 3470 2088 3526 Deum:

510 3569 592 3622 ita
623 3564 798 3621 Filius
836 3579 1056 3635 quoque
1086 3562 1329 3618 Verbum
1364 3570 1419 3617 et
1443 3561 1608 3627 Deus,
1644 3576 1768 3617 cum
1806 3560 2091 3633 sanguinis

510 3668 570 3713 et
593 3658 776 3713 carnis
811 3665 1014 3713 nostra:
1042 3655 1221 3711 factus
1250 3656 1323 3711 sit
1348 3656 1642 3726 particeps,
1674 3652 1890 3708 Patrem
1928 3654 2091 3708 habet

514 3748 710 3817 Deum,
751 3748 825 3803 ita
852 3755 914 3803 ut
936 3747 1141 3803 dixerit
1167 3764 1182 3800 :
1212 3765 1231 3796 ι
1263 3745 1338 3801 De
1361 3754 1549 3800 ventre
1577 3746 1769 3799 matris
1792 3760 1925 3799 mete
1947 3745 2090 3799 Deus

512 3858 670 3901 meus
700 3858 762 3899 es
786 3849 848 3897 tu
871 3842 939 3898 ".
981 3860 1001 3893 ι
1053 3840 1129 3896 De
1148 3850 1340 3896 ventre
1392 3848 1573 3894 autem
1617 3839 1806 3894 matris
1852 3835 2087 3892 Verbum

513 3935 719 3991 factum
754 3945 858 3999 est,
885 3935 1105 4006 quando
1135 3932 1300 4005 Virgo
1327 3934 1580 4004 concepit
1620 3940 1676 3988 et
1714 3933 1925 4004 peperit
1959 3930 2089 3986 Em-

511 4028 819 4083 manuelem
853 4046 867 4082 :
898 4036 1071 4097 atque
1107 4026 1212 4081 hoc
1241 4024 1403 4081 modo
1426 4026 1721 4095 subjicitur
1742 4023 1916 4079 forma
1942 4024 2085 4079 servi

509 4126 756 4189 accepta.
792 4116 1001 4172 Maced.
1038 4117 1161 4189 Ipse
1200 4119 1277 4172 ait
1307 4137 1321 4173 :
1354 4137 1374 4169 ι
1405 4117 1564 4173 Pater
1594 4118 1761 4173 meus
1785 4117 1963 4187 major
1999 4132 2086 4172 me

507 4220 594 4267 est
613 4210 682 4264 “.
722 4227 741 4260 ι
773 4208 927 4265 Orth.
946 4208 1289 4264 Vocabulum
1334 4230 1355 4263 ‹
1399 4210 1574 4279 maior
1599 4230 1619 4262 ι
1647 4210 1988 4265 multimodis
2028 4210 2084 4264 in

510 4303 795 4373 Scriptura
824 4301 1010 4357 divina
1045 4302 1337 4372 accipitur.
1367 4301 1575 4356 Maced.
1599 4301 1852 4357 Etiamne
1878 4301 1946 4356 ad
1969 4316 2084 4356 car-

505 4411 632 4453 nem
671 4394 815 4449 hanc
842 4408 1032 4449 vocem
1071 4410 1090 4444 ι
1134 4395 1308 4463 major
1340 4413 1358 4445 ι
1384 4392 1592 4449 refers?
1612 4392 1766 4448 Orth.
1784 4391 2082 4448 Videamus

2203 1909 2395 1981 Μαρίᾳ
2428 1908 2693 1979 ὑπετάγη.
2730 1907 2952 1962 Μακεδ.
2976 1906 3149 1970 Αὐτὸς
3174 1902 3297 1961 εἷπε
3324 1907 3460 1962 Θεὸν
3480 1907 3678 1961 ἑαυτοῦ
3696 1907 3775 1960 τὸν

2202 2001 2440 2072 Πατέρα.
2469 2001 2581 2053 Καὶ
2608 1998 2725 2063 πῶς
2753 1999 2972 2054 δύναται.
3006 2000 3039 2072 ὴ
3063 2000 3200 2072 αὑτὴ
3229 1999 3393 2069 φύσις
3422 1997 3604 2066 εἷναις
3640 1999 3772 2067 Ὀρθ.

2212 2093 2271 2147 '0
2301 2092 2430 2156 Υἱὸς
2460 2091 2555 2145 τοῦ
2576 2091 2712 2145 Θεοῦ
2742 2092 2836 2146 καὶ
2858 2093 2991 2157 Θεός
3012 2096 3129 2147 ἐστι
3152 2096 3219 2166 τῇ
3246 2091 3430 2163 φύσει,
3452 2093 3551 2145 καὶ
3575 2091 3774 2164 ἄνθρω-

2202 2201 2303 2249 πος
2331 2186 2398 2255 τῇ
2431 2182 2734 2257 προσλήψει
2778 2186 2877 2255 τῆς
2922 2184 3146 2256 σαρκὸς,
3177 2185 3211 2256 ἢ
3244 2184 3344 2250 ob;
3389 2183 3623 2239 Μακεδ.
3658 2183 3771 2239 Ναί.

2212 2276 2359 2343 Ὀρθ.
2397 2274 2606 2329 Οὐκοῦν
2646 2278 2713 2346 τῇ
2759 2275 2857 2347 μὲν
2889 2274 3102 2348 θεότητι
3149 2276 3339 2348 Πατὴρ
3381 2275 3552 2330 αὑτοῦ
3586 2276 3726 2328 ἔστιν
3748 2277 3773 2327 6

2198 2366 2351 2430 Θεὸς,
2366 2369 2433 2439 τῇ
2448 2367 2505 2420 δὲ
2522 2367 3304 2441 ἀνθρωπότητι,Θεός.Μακεδ.
3324 2370 3467 2439 Ἐγὼ
3480 2370 3578 2424 τοῦ
3598 2385 3775 2440 συναμ-

2199 2461 2327 2530 φοτέ
2335 2478 2428 2531 pou
2445 2460 2605 2515 αὑτὸν
2620 2461 2750 2515 Θεὸν
2765 2461 3492 2534 λέγω.’ορθ.Ἀναμνήσοητι
3511 2463 3608 2517 τοῦ
3624 2462 3772 2534 ῥητοῦ

2196 2554 2290 2608 τοῦ
2321 2554 2570 2624 λέγοντος
2598 2554 2790 2618 οὓτωςο
2829 2574 2847 2606 ι
2884 2555 3195 2629 Πορεὺομαι
3242 2557 3380 2627 πρὸς
3423 2556 3518 2610 τὸν
3567 2555 3771 2626 Πατέρα

2201 2663 2299 2718 μου
2353 2646 2446 2700 καὶ
2490 2646 2710 2717 Πατέρα
2760 2645 2934 2716 ὑμῶν,
2997 2646 3093 2700 καὶ
3149 2646 3281 2701 Θεόν
3333 2663 3435 2717 μου
3508 2647 3609 2700 καὶ
3654 2645 3772 2699 Θεὸν

2197 2737 2371 2810 ὑμῶν.
2400 2756 2427 2789 ιι
2461 2739 2534 2792 Ἦ
2576 2739 2674 2809 οὐχ
2725 2736 2929 2805 οὑτως;
2971 2738 3196 2793 Μακεδ.
3240 2737 3452 2802 Οὕτως.
3509 2734 3774 2806 Ὀρθ.οὑ-

2195 2850 2303 2897 τως
2343 2827 2434 2887 οῦν
2476 2834 2625 2886 ἐστιν
2663 2831 2828 2887 αὑτοῦ
2867 2833 3057 2905 Πατὴρ
3093 2832 3169 2897 ὡς
3202 2832 3295 2886 καὶ
3325 2832 3522 2903 ήμῶν;
3558 2831 3768 2885 Μακεδ.

2197 2923 2330 2979 Οὔκ.
2376 2925 2522 2993 Ὀρθ.
2570 2924 2709 2978 Ἀλλ’
2738 2923 3039 3000 αὑτοῦομὲν
3065 2924 3244 2994 φύσει,
3280 2924 3444 2996 ἡμῶν
3473 2924 3531 2976 δὲ
3570 2923 3769 2994 χάριτι;

2196 3016 2429 3087 Μέτοχοι
2450 3015 2561 3087 γὰρ
2579 3015 2861 3086 γενόμενοι
2883 3015 2977 3069 τοῦ
3001 3015 3257 3087 Χριστοῦ,
3281 3014 3597 3087 εὑρέθημεν
3620 3015 3772 3083 ἐγγὺς

2196 3110 2244 3161 οἱ
2269 3107 2482 3180 μακρὰν
2503 3110 2567 3180 τῇ
2592 3107 2772 3176 φύσει,
2800 3107 2942 3161 ὥστε
2968 3106 3327 3180 χρηματίζειν
3353 3108 3516 3179 ἡμῶν
3539 3106 3631 3160 τὸν
3652 3105 3770 3159 Θεὸν

2120 3163 2162 3218 C
2197 3163 2433 3273 Πάτέρα.
2477 3163 2699 3254 Μάθίεδ.
2742 3163 3156 3269 Θῦτως.“ἱοἓθ.
3207 3163 3421 3272 ’ῖΩσπέρ
3467 3195 3562 3253 οῦν
3603 3200 3771 3270 ἡμεῖς,

2199 3289 2416 3360 μέτοχοι
2438 3287 2532 3340 τοῦ
2559 3288 2796 3358 Χριστοῦ
2821 3290 3121 3361 γενόμενοι,
3150 3288 3347 3360 ἔχομεν
3376 3290 3470 3342 τὸν
3509 3288 3644 3341 Θεὸν
3672 3288 3774 3342 Πι-

2192 3382 2349 3453 τέρα,
2385 3380 2528 3434 οὔτω
2558 3380 2652 3433 καὶ
2671 3382 2699 3433 6
2723 3381 2851 3445 Υἱὸς
2884 3382 3056 3450 Λόγος
3086 3378 3163 3433 ὢν
3187 3381 3282 3433 καὶ
3306 3378 3465 3443 Θεὸς,
3494 3376 3771 3450 μετασχὼν

2194 3474 2419 3546 αἵματος
2463 3472 2557 3526 καὶ
2601 3472 2824 3545 σαρκὸς,
2859 3472 2983 3543 ἔσχε
3034 3471 3125 3526 τὸν
3169 3470 3391 3542 Πατέρα
3440 3470 3595 3523 Θεόν·
3640 3468 3770 3522 ὥστε

2192 3566 2369 3636 λέγειν
2402 3565 2584 3618 αὐτόν·
2624 3582 2642 3616 ι
2695 3564 2789 3617 Ἐκ
2821 3562 3028 3626 κοιλίας
3065 3562 3269 3635 μητρός
3296 3578 3399 3632 μου
3432 3560 3568 3623 Θεὸς
3602 3574 3703 3629 μοι)
3725 3550 3771 3610 εἴ

2194 3658 2280 3713 σύ,
2317 3677 2336 3710 ι
2377 3659 2472 3711 Ἐκ
2513 3655 2719 3719 κοιλίας
2754 3655 2810 3708 δὲ
2853 3654 3056 3727 μητρὸς
3092 3656 3120 3707 6
3142 3654 3316 3723 Λόγος
3346 3654 3589 3745 ἐγένετο,
3626 3651 3769 3720 ὅτεή

2192 3749 2466 3818 Παρθένος
2489 3748 2545 3801 ὲν
2573 3748 2771 3819 γαστρὶ
2794 3747 2953 3802 ἔλαϐε
2980 3748 3074 3800 καὶ
3096 3747 3250 3800 ἔτεκε
3274 3742 3769 3818 τὸν”Εμμανοὺὴλ,

2192 3845 2286 3898 καὶ
2322 3844 2492 3922 οὕτως
2527 3842 2888 3896 ὑποτάσσεται
2930 3841 3140 3913 μορφὴν
3180 3841 3371 3896 δούλου
3417 3839 3622 3894 λαϐὼν.
3656 3841 3772 3893 Ma-

2190 3936 2314 3991 κεδ.
2338 3937 2508 4000 Αὐτὸς
2528 3936 2697 4005 λέγει·
2720 3954 2741 3987 t
2784 3936 2840 3988 Ὀ
2868 3936 3058 4008 Πατήρ
3089 3952 3188 4006 μου
3212 3935 3417 4006 μείζων
3447 3951 3553 4005 μου
3575 3931 3765 3985 ἐστίν.)

2201 4031 2347 4099 Ὀρθ.
2372 4029 2486 4084 Καὶ
2511 4029 2571 4083 τὸ
2594 4048 2613 4081 ι
2629 4027 2858 4101 μείζων»
2879 4026 2987 4081 τῶν
3016 4027 3300 4100 πολλαχῶς
3321 4030 3443 4082 ἐστι
3467 4025 3771 4097 λεγομένοιν

2187 4122 2247 4176 ὲν
2277 4124 2344 4193 τῇ
2378 4120 2497 4193 θεία
2533 4121 2744 4193 ΙῘραφῇ.
2763 4118 2983 4174 Mazaca.
3017 4119 3129 4172 Καὶ
3153 4119 3213 4169 τὸ
3236 4139 3255 4171 ι
3282 4117 3486 4190 μείζων
3516 4137 3536 4169 ι
3565 4115 3651 4171 διὰ
3679 4114 3769 4185 τὴν

2189 4214 2369 4285 σάρκα
2401 4213 2611 4282 λέγεις;
2663 4213 2808 4281 Ὀρθ.
2860 4211 3088 4281 Ἴδωμεν
3129 4211 3269 4282 μετὰ
3298 4210 3469 4281 φόϐου
3509 4208 3644 4263 Θεοῦ
3683 4206 3770 4261 τὸν

2186 4306 2310 4361 νοῦν
2332 4305 2431 4377 τῆς
2446 4305 2686 4379 Γραφῆς,
2704 4303 2956 4375 ποσαχῶς
2968 4302 3116 4372 λέγει
3137 4302 3199 4355 τὸ
3220 4321 3239 4352 ι
3257 4302 3490 4373 μείζων.
3518 4321 3537 4353 ι
3554 4297 3768 4356 Μσκεδ.

2191 4397 2439 4467 Ἵδωμεν.
2491 4395 2636 4464 Ὀρθ.
2683 4396 2844 4465 Λέγει
2890 4398 2918 4449 6
2959 4396 3085 4460 Υἱὸς
3125 4396 3184 4448 ὲν
3233 4394 3613 4463 Εὑαγγελίοις·
3654 4410 3675 4445 ι
3711 4389 3771 4442 '0

503 4500 631 4541 cum
663 4485 862 4540 timore
887 4481 1008 4549 Dei,
1055 4498 1177 4554 quae
1216 4482 1415 4540 divinae
1454 4480 1754 4552 Scriptum
1794 4496 1950 4537 mens
1985 4481 2079 4545 sit,

2199 4486 2399 4557 Πατὴρ,
2432 4487 2492 4551 ὃς
2528 4485 2731 4539 δέδωκέ
2768 4502 2878 4555 μοι,
2910 4483 3110 4555 μείζων
3140 4482 3361 4538 πάντων
3391 4483 3535 4546 ἐστὶ,
3560 4482 3656 4536 καὶ
3680 4479 3768 4532 οὑ-

501 4586 637 4650 quot
664 4578 846 4635 modis
876 4592 1062 4634 vocem
1099 4596 1119 4629 ι
1150 4576 1327 4645 major
1350 4594 1369 4627 ι
1397 4583 1646 4646 usurpet.
1668 4572 1873 4629 Maced.
1892 4573 2085 4629 Videa-

501 4686 646 4727 mus.
688 4668 853 4726 -0rth.
893 4670 954 4725 In
994 4666 1291 4740 Evangelia
1340 4665 1516 4723 Filius
1562 4668 1639 4722 ait
1660 4687 1680 4722 σε
1712 4685 1731 4720 ι
1761 4664 1942 4730 Pater,
1986 4668 2081 4736 qui

499 4764 652 4819 dedit
677 4763 833 4828 mihi,
864 4761 1042 4831 major
1065 4761 1324 4816 omnibus
1349 4768 1459 4827 est,
1489 4768 1545 4817 et
1578 4774 1741 4815 nemo
1780 4767 1961 4829 potest
1992 4774 2081 4814 ra-

503 4873 630 4929 pere
665 4856 734 4913 de
774 4871 940 4911 mauu
968 4854 1152 4911 Patris
1191 4854 1319 4909 mei.
1355 4854 1470 4925 Ego
1505 4861 1561 4909 et
1594 4853 1757 4908 Pater
1783 4869 1952 4909 unum
1981 4869 2081 4909 su-

501 4962 625 5003 mus
644 4946 713 4999 ".
743 4965 764 4999 ι
791 4944 859 5000 Et
885 4946 954 5002 de
982 4944 1126 5002 Esau
1160 4946 1367 5001 dictum
1394 4952 1480 5002 cst
1508 4964 1555 5000 :t
1585 4944 1724 5011 Quia
1757 4946 1933 5015 major
1962 4961 2080 5000 ser-

501 5037 608 5092 viet
637 5036 836 5091 minori
857 5038 897 5090 ¹.
930 5055 949 5088 ι
976 5034 1044 5090 Ει
1074 5054 1089 5090 :
1131 5055 1150 5087 ι
1187 5034 1359 5104 Major
1390 5045 1509 5090 erat
1540 5033 1673 5088 Saul
1701 5033 1957 5088 onmibus
1979 5032 2079 5088 ιω.

501 5127 741 5182 minibus
758 5129 803 5183 ¹.
837 5146 857 5178 ι
894 5125 962 5180 Et
993 5146 1007 5182 :
1040 5146 1061 5178 ι
1094 5125 1270 5198 Major
1306 5127 1564 5183 omnibus
1595 5135 1681 5183 est
1706 5126 1952 5182 charitas
1976 5125 2019 5180 ³.
2051 5144 2071 5177 ι

498 5217 563 5272 Et
589 5237 603 5274 :
633 5237 652 5270 ι
683 5217 926 5275 Granum
956 5218 1136 5289 sinapi
1164 5234 1294 5273 cum
1317 5219 1554 5275 creverit
1578 5218 1755 5287 majus
1783 5228 1867 5275 est
1897 5218 2075 5274 omni—

498 5310 600 5364 bus
624 5309 927 5365 oleribus‘.
961 5328 981 5361 ι
1021 5307 1237 5380 Scripta
1270 5321 1397 5367 sunt
1434 5311 1571 5375 haec,
1620 5311 1833 5368 necne?
1863 5310 2076 5369 Maced.

496 5401 714 5471 Scripta
754 5410 904 5457 sunt.
952 5400 1108 5457 Ortlt.
1146 5400 1366 5459 Siccine
1390 5417 1522 5474 ergo
1547 5403 1691 5459 Esau
1716 5402 1928 5460 Iacobo
1957 5417 2078 5457 ma-

487 5493 668 5562 jorem
719 5492 899 5560 dicis,
957 5494 1417 5564 quemadmodum
1463 5496 1680 5551 Saulem
1726 5494 1851 5569 aliis
1891 5495 2075 5550 homi-

565 5675 613 5709 "
645 5673 778 5730 Luc.
820 5690 891 5736 ιι,
926 5673 1115 5731 48-51.
1219 5676 1266 5708 ⁸⁸
1302 5673 1465 5732 Joan.
1501 5692 1573 5731 xx
1598 5716 1614 5734 .
1654 5676 1741 5729 l7.

492 5748 514 5780 ⁸
545 5743 681 5800 Gen.
717 5761 845 5810 xxv,
870 5745 962 5801 2'5.

1852 5677 1898 5708 "
1940 5675 2091 5731 Psal.
2128 5690 2220 5731 ιιι
2247 5713 2262 5735 ,
2302 5673 2391 5727 lt.

1038 5748 1061 5777 ²
1099 5743 1288 5818 lReg.
1325 5763 1395 5810 ι,
1425 5747 1517 5804 25.
1596 5747 1616 5779 ³
1657 5747 1675 5801 Ι
1706 5747 1834 5801 Cor.
1872 5762 2007 5817 χιιι,
2040 5747 2130 5804 15.

2188 4577 2300 4641 δεὶς
2330 4576 2550 4630 δύναται
2581 4575 2826 4647 ἁρπάσαι
2852 4577 2916 4628 ἐκ
2942 4575 3041 4645 τῆς
3064 4574 3247 4647 χειρὸς
3278 4570 3374 4627 τοῦ
3405 4573 3621 4646 Πατρός
3650 4586 3768 4640 μου.

2201 4666 2344 4737 Ἐγὼ
2370 4667 2463 4721 κα)⁸
2494 4668 2523 4720 6
2558 4664 2749 4736 Πατὴρ
2778 4664 2835 4717 ἓν
2871 4665 3057 4733 ἐσμεν.
3099 4682 3117 4715 ι
3152 4663 3263 4715 Καὶ
3301 4661 3434 4733 περὶ
3468 4660 3563 4714 τοῦ
3602 4656 3766 4712 Ἠσαῦ

2189 4759 2424 4831 εἴρηται·
2453 4777 2472 4809 ι
2501 4759 2622 4811 Ὅτι
2641 4759 2669 4811 6
2692 4756 2890 4829 μείζων
2907 4753 3182 4809 δουλεύσει
3200 4753 3280 4825 τῷ
3306 4753 3574 4807 ἐλάττονι·
3605 4771 3625 4803 ι
3651 4749 3763 4810 καὶ,

2196 4869 2215 4902 ι
2246 4848 2462 4915 Μείζων
2492 4844 2560 4920 ἦν
2588 4849 2617 4902 6
2642 4846 2815 4901 Σαοὺλ
2841 4845 2950 4899 τῶν
2979 4845 3198 4899 πάντων
3233 4841 3563 4916 ἀνθρώπων·
3599 4860 3621 4894 ι
3649 4836 3759 4899 καὶ,

2193 4961 2212 4994 ι
2259 4942 2323 4995 Ἡ
2349 4942 2535 5012 ἀγάπη
2574 4938 2776 5011 μείζων
2806 4937 3022 4991 πάντων
3050 4936 3185 4990 ἐστί·
3218 4955 3237 4988 ι
3268 4935 3386 4997 καὶ,
3419 4952 3439 4985 ι
3486 4934 3545 4987 '0
3573 4931 3764 4992 κόκκος

2184 5033 2277 5091 τοῦ
2302 5033 2594 5097 σινάπεως,
2625 5032 2754 5086 ὅταν
2779 5029 3011 5103 αὐξηθῇ,
3053 5027 3255 5101 μείζων
3286 5027 3509 5081 πάντων
3542 5024 3650 5078 τῶν
3672 5022 3765 5074 λα-

2186 5126 2364 5197 χάνων
2392 5124 2623 5194 γίνεται.
2666 5141 2684 5173 ι
2731 5121 3045 5194 Γέγραπται
3089 5119 3284 5181 ταῦτα,
3321 5118 3355 5189 ἢ
3395 5116 3495 5183 οὓς
3541 5110 3761 5170 Haud.

2183 5217 2518 5287 Γέγραπται.
2565 5216 2708 5282 Ὀρθ.
2755 5211 2942 5276 υῦτως
2972 5207 3065 5265 οὖν
3101 5208 3282 5280 λέγεις
3318 5209 3415 5263 τὸν
3464 5206 3635 5261 Ἡσαῦ
3667 5200 3760 5256 τοῦ

2193 5306 2387 5363 Ἰακὼϐ
2422 5305 2663 5377 μείζονα,
2688 5305 2764 5367 ὡς
2791 5302 2882 5356 τὸν
2907 5300 3079 5355 Σαοὺλ
3101 5300 3210 5354 τῶν
3237 5298 3415 5355 ἄλλων
3438 5296 3760 5368 ἀνθρώπων.

2176 5400 2253 5462 ὡς
2275 5397 2371 5469 τὴν
2399 5398 2619 5469 ἀγάπην
2638 5398 2739 5468 τῆς
2759 5394 2969 5458 ἐλπίδος
2992 5394 3085 5449 καὶ
3111 5394 3376 5460 πίστεωςς
3403 5388 3628 5446 Μαχεδ.
3652 5383 3757 5439 οὔ.

2191 5491 2338 5558 Ὀρθ.
2366 5484 2441 5541 Εὖ
2462 5488 2661 5556 λέγεις.
2712 5489 2768 5543 '0
2799 5487 2907 5559 γὰρ
2937 5486 3108 5541 Σαοὺλ
3136 5484 3358 5557 μεγέθει
3382 5484 3479 5539 τοῦ
3507 5481 3758 5548 adigam

2515 5672 2562 5706 "
2606 5670 2763 5727 loan.
2800 5688 2914 5740 xlv,
2943 5672 3035 5727 28.
3143 5670 3188 5704 "
3230 5668 3392 5726 Joan.
3429 5686 3462 5723 κ
3485 5709 3500 5733 ,
3533 5666 3625 5729 ‘19,
3657 5661 3752 5716 50-

2208 5748 2230 5776 ⁸
2267 5742 2402 5798 Luc.
2442 5757 2579 5814 ιιιιε,
2615 5742 2703 5801 l9.
