3930 6548
166 412 326 468 1335
1213 405 1496 466 CONTRA
1536 407 1892 465 MACEDON.
1936 405 2290 464 DIALOGUS
2332 405 2373 460 Ι.
3329 395 3470 452 13:26

160 529 388 596 μείζων
429 525 620 600 ἐλέχθη
649 525 759 580 τῶν
807 526 983 582 ἄλλων
1013 527 1334 601 ἀνθρώπων·
1399 531 1432 601 ἡ
1477 529 1535 582 δὲ
1579 528 1765 602 ἀγάπη

1873 527 2059 586 nibus.
2088 519 2549 596 quemadmodum
2584 519 2936 576 dilectionem
2970 532 3067 590 spe
3096 523 3151 572 et
3181 514 3317 572 ﬁde?
3340 513 3455 570 Ma-

153 623 277 692 τῆς
309 619 523 684 ἐλπίδος
556 619 652 672 καὶ
678 619 780 689 τῆς
817 619 1058 683 πίστεως
1087 619 1289 690 μείζων
1319 619 1535 690 ἐλέχθη,
1568 620 1643 683 ὡς
1671 619 1765 690 τῆς

1873 616 1986 673 red.
2021 617 2163 672 Non.
2191 614 2347 671 Orth.
2374 613 2543 671 Recte
2572 613 2733 667 dicis.
2763 609 2896 666 Saul
2922 611 3068 664 enim
3099 616 3311 664 statura
3335 625 3464 666 cor--

151 716 289 769 τῶν
334 714 510 772 ἄλλων
557 712 768 784 ἀρετῶν
808 712 1103 777 ἐπιδόσεως
1151 712 1300 765 αἰτία
1342 709 1500 765 οὖσαο
1550 713 1765 782 ἀγαπή-

1873 712 2022 782 poris
2074 709 2199 764 aliis
2245 706 2569 762 hominibus
2618 705 2797 774 major
2842 702 3028 760 dictus
3068 701 3466 758 fuitulilectio

158 823 374 868 σαντες
398 805 506 875 γὰρ
545 802 874 874 πιστεύομεν
900 842 914 866 ,
949 801 1337 866 πιστεύσαντες
1365 802 1422 855 δὲ
1457 800 1765 872 ἐλπίζομεν.

1873 818 2002 858 vero
2051 802 2154 856 ﬁde
2201 809 2256 856 et
2295 816 2393 870 spe
2440 798 2618 867 major
2664 797 2813 852 dicta
2858 807 2978 859 est,
3026 807 3085 852 ut
3127 812 3250 867 quae
3284 796 3464 853 incre-

1872 895 2044 950 menti
2075 893 2307 948 aliarum
2350 891 2616 946 virtutum
2650 905 2821 945 causa
2854 890 2927 944 sit
2957 907 2971 943 :
3005 904 3131 942 cum
3161 889 3305 943 enim
3337 888 3464 942 dili-

1871 986 2078 1055 gimus,
2112 985 2420 1051 credimus;
2455 997 2582 1037 cum
2629 981 2938 1044 credimus,
2984 995 3292 1050 speramus.
3339 979 3462 1035 Μα-

1870 1077 1991 1131 red.
2047 1076 2113 1131 Et
2156 1077 2257 1131 hoc
2289 1076 2544 1129 admitto.
2595 1072 2750 1128 Orth.
2784 1072 3002 1128 Siccine
3044 1073 3212 1143 igitur
3245 1071 3462 1128 Patrem

1871 1171 2132 1240 majorem
2158 1170 2418 1225 omnibus
2440 1167 2603 1233 dicis,
2627 1168 3090 1239 quemadmodum
3117 1167 3463 1222 dilectionem

1869 1279 1989 1333 spe,
2021 1261 2288 1332 qualitate
2330 1281 2344 1317 :
2385 1269 2481 1315 aut
2527 1259 2990 1332 quemadmodum
3042 1259 3189 1316 Esau
3235 1259 3462 1324 Jacobo,

1871 1360 2118 1424 tempore
2146 1371 2160 1407 :
2193 1359 2288 1406 aut
2318 1351 2786 1422 quemadmodum
2820 1351 3042 1406 Saulem
3073 1339 3199 1407 aliis
3227 1351 3465 1406 homini-

1872 1448 1998 1510 bus,
2034 1444 2285 1501 statura?
2317 1443 2528 1499 Maced.
2567 1441 2708 1498 Non.
2736 1442 2950 1498 Etenim
2989 1441 3152 1498 Pater
3183 1444 3465 1515 incompa-

1871 1540 2032 1595 rabili
2059 1539 2384 1595 excellentia
2407 1537 2669 1593 omnibus
2695 1535 2875 1606 major
2895 1541 3000 1590 est.
3035 1533 3188 1590 Orth.
3215 1533 3271 1590 Si
3299 1537 3466 1607 igitur

154 895 402 951 Μακεδ.
437 896 544 949 Καὶ
575 894 734 948 τοῦτο
765 894 1013 965 δέχομαι.
1057 894 1202 962 Ὀρθ.
1245 892 1432 956 Οὕτως
1462 889 1556 945 οὖν
1590 891 1772 960 λέγεις

153 988 268 1040 τὸν
301 989 519 1058 Πατέρα
554 987 776 1058 μείζονα
803 986 1042 1048 πάντων,
1077 986 1153 1048 ὡς
1184 985 1282 1056 τὴν
1305 984 1528 1054 ἀγάπην
1555 984 1653 1054 τῆς
1685 982 1772 1036 ex-

157 1079 336 1144 πίδος
392 1083 458 1152 τῇ
492 1079 760 1150 ποιότητι.
796 1079 829 1149 ἢ
867 1078 939 1142 ὡς
971 1078 1060 1130 τὸν
1100 1076 1271 1130 Ἠσαῦ
1303 1076 1396 1130 τοῦ
1443 1075 1637 1130 Ἰακὼό
1691 1075 1771 1147 τῷ

154 1173 380 1244 χρόνῳ,
417 1173 448 1242 ἢ
481 1173 557 1234 ῶς
601 1171 692 1224 τὸν
740 1170 914 1224 Σαοὺλ
955 1169 1064 1221 τῶν
1124 1168 1299 1223 ἄλλων
1347 1167 1649 1240 ἀνθρώπων
1692 1168 1770 1240 τῷ

160 1263 436 1334 μεγέθεις
485 1261 709 1317 Mam-x3.
761 1259 860 1315 Οὔ.
926 1261 983 1314 ’0
1041 1259 1150 1331 γὰρ
1207 1258 1397 1332 Πατὴρ
1457 1259 1771 1330 ἀσυγκρίτῳ

156 1356 422 1426 ὑπεροχῇ
484 1354 684 1425 μείζων
741 1353 959 1406 πάντων
1015 1352 1183 1405 ἐστίν.
1255 1353 1402 1420 Ὀρθ.
1449 1351 1679 1416 Οὐκοῦν,
1721 1353 1770 1404 εί

153 1448 501 1520 ἀσυγκρξτῳ
536 1447 776 1518 ὑπεροχῇ
820 1444 1018 1516 μείζων
1051 1445 1271 1499 πάντων
1307 1446 1454 1498 ἐστὶν
1487 1447 1516 1498 ὁ
1550 1445 1760 1516 Πατὴρ,

155 1539 299 1594 οὔτε
327 1540 402 1603 ὡς
439 1538 610 1593 Ἡσαῦ
634 1537 728 1592 τοῦ
764 1537 957 1591 Ἰακὼὸ
982 1536 1058 1608 τῷ
1080 1538 1276 1609 χρόνῳ,
1299 1536 1421 1590 οὔτε
1452 1537 1528 1602 ὡς
1552 1539 1580 1590 ὁ
1602 1537 1771 1590 Σαοὺλ

152 1631 284 1682 τῶν
319 1629 496 1682 ἄλλων
538 1627 842 1700 ἀνθρώπων
872 1627 950 1698 τῷ
983 1629 1224 1700 μεγέθει,
1259 1626 1383 1680 οὔτε
1412 1627 1546 1698 ῶςὴ
1582 1626 1765 1698 ἀγάπη

1873 1633 2294 1704 incomparabili
2317 1631 2644 1688 excellentia
2672 1629 2852 1699 major
2868 1629 3127 1684 omnibus
3153 1637 3238 1684 est
3263 1628 3458 1685 Pater:

153 1721 277 1791 τῆς
324 1720 562 1784 πίστεως
607 1721 702 1774 καὶ
733 1720 946 1783 ἐλπίδος
977 1723 1042 1790 τῇ
1080 1719 1348 1778 ποιότητι.
1388 1718 1610 1772 Mazaca.
1648 1719 1771 1782 Πῶς

1872 1742 2050 1798 neque
2086 1735 2354 1796 tempore,
2387 1732 2447 1778 ut
2482 1723 2624 1780 Esau
2652 1721 2883 1787 Iacobo,
2924 1737 3102 1792 neque
3138 1729 3374 1785 statura,
3403 1729 3464 1775 ut

155 1812 265 1880 es;
318 1814 466 1882 Ὀρθ.
497 1813 619 1866 Ὅτι
649 1815 678 1865 ὁ
707 1814 806 1866 ἀσυ
820 1812 1021 1884 γκρίτῳ
1051 1813 1294 1883 ὑπεροχῇ
1327 1811 1530 1882 μείζων
1551 1811 1765 1864 πάντων

1875 1817 2008 1873 Saul
2041 1819 2164 1874 aliis
2217 1818 2554 1885 hominibus,
2600 1832 2778 1887 neque
2830 1817 3118 1888 qualitate,
3150 1823 3211 1869 ut
3243 1817 3464 1870 dilectio

1023 1901 1073 1940 Ix"

154 1904 275 1966 ὢν.
308 1906 512 1976 ὁμοίως
539 1906 633 1958 καὶ¹
651 1894 922 1968 ’ὡσαύτως
947 1901 1150 1972 μείζων
1169 1905 1386 1956 πάντων
1420 1904 1555 1969 ἐστὶ,
1589 1904 1683 1956 καὶ
1707 1905 1765 1956 ού

1874 1911 1978 1966 lide
2007 1918 2060 1966 et
2094 1927 2191 1982 spe
2241 1930 2260 1964 ο
2292 1911 2472 1980 major
2515 1910 2777 1964 omnibus
2832 1917 2938 1965 est.
2972 1928 2991 1960 ι
3040 1907 3206 1980 487
3251 1908 3459 1962 Maced.

154 1997 270 2054 τοῦ
307 2000 404 2071 μὲν
432 1999 634 2062 πλεῖον,
665 1997 760 2051 τοῦ
788 1997 843 2050 δὲ
870 1997 1114 2052 ἔλαττον.
1147 1995 1372 2051 Μακεδ.
1417 1994 1658 2065 Ἀληθῶς
1681 1995 1765 2047 λέ-

1873 2003 2159 2072 Quomodo
2183 2005 2352 2076 ergo?
2379 2004 2532 2060 Orlh.
2559 2003 2693 2058 Nam
2721 2004 2814 2075 qui
2846 2002 3262 2072 incomparabili
3289 2002 3466 2056 excel-

153 2111 316 2164 γεις.
359 2094 507 2160 Ὀρθ.
556 2091 828 2156 Ὡσαύτως
861 2087 956 2144 οὖν
997 2091 1177 2160 λέγεις
1227 2089 1450 2162 μείζονα
1497 2088 1592 2142 τοῦ
1636 2088 1765 2142 Υίοῦ

1873 2100 2042 2154 lentia
2084 2101 2345 2154 omnibus
2389 2098 2567 2168 major
2613 2107 2718 2162 est,
2747 2097 2930 2153 'simili
2969 2096 3270 2166 eodemque
3305 2097 3467 2166 plane

154 2186 263 2239 τὸν
299 2185 519 2256 Πατέρα
557 2185 652 2238 καὶ
705 2184 814 2236 τῶν
870 2184 1075 2246 ἵππων,
1129 2184 1225 2236 καὶ
1277 2180 1386 2236 τῶν
1435 2181 1634 2244 κυνῶν,
1676 2181 1765 2234 καὶ

1873 2191 2037 2246 modo
2076 2192 2336 2246 omnibus
2382 2199 2466 2246 est
2511 2190 2707 2261 major,
2754 2205 2856 2246 nec
2900 2189 3078 2259 magis
3120 2190 3234 2247 illo.
3282 2189 3465 2242 minus

157 2279 398 2332 πάντων
445 2277 656 2345 ἀλόγων
714 2275 889 2340 ζώων,
949 2277 1043 2330 καὶ
1090 2277 1190 2347 τῆς
1238 2275 1567 2346 ἀναισθήτου
1601 2273 1765 2346 ὖ).ης;

1874 2285 2002 2337 alio.
2038 2282 2246 2337 Maced.
2275 2281 2417 2339 Vere
2444 2283 2606 2338 dicis.
2643 2281 2800 2337 Orth.
2836 2280 3114 2336 Eodemne
3147 2281 3316 2351 igitur
3344 2294 3462 2334 mo-

157 2370 401 2426 Μακεδ.
444 2369 602 2440 Οὐχὶ,
658 2367 732 2440 μὴ
770 2367 1014 2438 γένοιτοί
1063 2369 1211 2436 Ὀρθ.
1256 2368 1370 2420 Οὐκ
1409 2366 1517 2438 ἄρα
1551 2366 1765 2419 πάντων

1873 2375 1944 2429 do
1996 2375 2140 2430 dicis
2186 2375 2402 2428 Patrem
2445 2374 2708 2443 majorem
2749 2388 2874 2427 esse
2922 2369 3081 2434 Filio,
3128 2384 3237 2439 quo
3281 2367 3462 2438 equis,

156 2461 492 2534 ἀσυγκρίτῳ
541 2461 783 2532 ὑπεροχῇ
837 2459 1036 2530 μείζων
1073 2459 1211 2513 ἐστί.
1255 2458 1362 2512 Τοῦ
1390 2457 1500 2528 γὰρ
1530 2458 1660 2511 Υἰοῦ
1695 2458 1765 2522 ὡς

1875 2482 1984 2538 quo
2044 2468 2311 2532 canibus,
2380 2481 2491 2537 quo
2552 2465 2808 2520 omnibus
2866 2463 3046 2518 brutis
3109 2461 3463 2520 animalibus.

157 2557 368 2626 Πατὴρ
401 2552 553 2608 Υἱοῦ.
583 2551 806 2607 Μακεὸ.
843 2553 1161 2624 Σύγκρὶτως
1180 2551 1311 2622 ἄρα.
1329 2553 1478 2620 Ὀρθ.
1501 2547 1668 2604 Εἶπον
1695 2551 1765 2615 ὡς

1874 2575 1986 2630 quo
2060 2561 2298 2631 denique
2377 2559 2686 2615 insensibili
2753 2556 3022 2613 materia?
3094 2554 3304 2609 Maced.
3357 2553 3464 2610 Ne-

159 2651 369 2720 Πατὴρ
404 2647 556 2702 Υἱοῦ.
605 2645 924 2717 ’Υπερέχων
958 2646 1067 2716 γὰρ
1100 2645 1206 2699 τῶν
1245 2644 1421 2698 ἄλλων
1451 2644 1765 2716 ἀσυγκρίτῳ

1874 2668 2174 2724 quaquam,
2221 2654 2364 2708 ahsit
2405 2653 2542 2706 hoc!
2604 2651 2759 2707 Orth.
2815 2649 2936 2704 Non
2986 2649 3156 2719 igitur
3209 2647 3464 2702 omnibus

159 2743 444 2813 ὑπεροχῇ,
476 2741 538 2793 οὗ
571 2739 666 2793 τοῦ
696 2739 826 2792 Υἱοῦ
858 2739 1058 2809 μείζων
1089 2739 1236 2791 ἐστὶν
1261 2736 1581 2809 ἀσυγκρίτῳ
1604 2738 1765 2808 ὑπερ-

1875 2745 2294 2815 incomparabili
2342 2745 2669 2799 excellentia
2726 2742 2910 2812 major
2965 2748 3071 2797 est.
3125 2740 3263 2796 Filio
3313 2740 3461 2796 enim

155 2839 294 2908 οχῇ,
339 2834 455 2888 ἀλλ’
509 2834 584 2898 ὡς
642 2833 834 2904 Πατὴρ
882 2831 1034 2886 Υἱοῦ.
1072 2833 1134 2884 Et
1189 2831 1246 2884 δὲ
1299 2831 1402 2884 οὐκ
1454 2831 1765 2902 ἀσυγκρίτῳ

1876 2838 2053 2908 major
2082 2847 2165 2892 est
2204 2846 2262 2890 ut
2294 2837 2454 2890 Ρειιυι·
2491 2835 2636 2890 Filii.
2692 2834 2902 2890 Maced.
2944 2833 3331 2904 Comparative
3359 2831 3464 2903 igi-

158 2929 416 2998 ὑπεροχῇ
446 2926 646 2997 μείζων
672 2924 838 2979 αὑτοῦ
862 2926 1031 2989 ἐστιν,
1057 2924 1117 2977 ού
1145 2923 1306 2993 φύσει
1334 2923 1553 2995 μείζων*
1579 2925 1640 2977 οὐ
1664 2923 1765 2995 γὰρ

1876 2939 1987 2985 tur.
2023 2930 2177 2985 0rlli.
2213 2929 2361 2990 Dixi.
2395 2941 2457 2985 ut
2498 2928 2662 2983 Pater
2699 2927 2843 2982 Filii.
2879 2928 3017 2983 Cum
3049 2927 3196 2980 enim
3224 2925 3361 2980 alios
3382 2925 3463 2979 in-

158 3019 526 3090 ἀσύγκριτος.
543 3019 606 3071 Εἰ
622 3019 678 3070 δὲ
695 3019 754 3071 οὒ
773 3020 838 3089 τῇ
858 3017 1018 3087 φύσει
1043 3017 1266 3088 μείζων,
1289 3017 1411 3070 οὐδὲ
1426 3016 1505 3087 τῷ
1525 3017 1765 3088 μεγέθει·

1875 3023 2234 3092 comparabili
2273 3023 2596 3077 excellentia
2640 3030 2902 3091 superet,
2943 3034 3056 3074 non
3097 3027 3279 3073 tamen
3325 3016 3464 3070 Filio

159 3112 463 3185 ἀμεγέθης
491 3112 619 3183 γάρ’
656 3109 778 3163 οὐδὲ
812 3109 889 3180 τῷ
923 3110 1120 3182 χρόνῳ·
1154 3110 1381 3181 ἆχρονος
1403 3109 1532 3182 γάρ·
1562 3109 1682 3162 οὐδὲ
1703 3111 1765 3181 τῇ

1882 3115 2056 3184 major
2094 3123 2180 3168 est
2223 3115 2552 3170 excellentia
2598 3113 3042 3184 incomparabili,
3085 3111 3180 3166 sed
3214 3120 3272 3164 ut
3304 3107 3462 3164 Pater

158 3206 442 3277 ποιότητι·
492 3204 681 3268 ἄποιος
727 3203 857 3275 γάρ.
906 3203 1021 3256 Ούκ
1066 3202 1174 3270 ἄρα
1217 3201 1360 3271 ἄλλῳ
1398 3203 1508 3255 τινὶ
1551 3202 1765 3273 μείζονα

1881 3206 2023 3261 Filii.
2063 3205 2218 3273 Quod
2253 3207 2300 3262 si
2345 3208 2669 3263 excellentia
2713 3206 3135 3278 incomparabili
3183 3205 3359 3274 major
3400 3218 3463 3258 en

158 3296 369 3352 ἑαυτοῦ
415 3296 506 3350 τὸν
554 3296 775 3367 Πατέρα
831 3295 998 3363 λέγει,
1056 3294 1170 3348 ἀλλ’
1202 3293 1234 3365 ἢ
1269 3294 1345 3358 ὡς
1391 3295 1514 3356 Υἱὸς
1556 3294 1769 3368 μορφὴν

155 3389 362 3443 δούλου
389 3386 571 3440 λαϐὼν
605 3387 702 3440 καὶ
729 3385 906 3458 τιμῶν
935 3386 1026 3440 τὸν
1049 3385 1243 3440 ἑαυτοῦ
1271 3387 1516 3460 Πατέρα.
1541 3385 1766 3440 Μακεδ.

159 3481 347 3534 Τοῦτο
371 3480 620 3551 δέχομαι.
659 3480 806 3547 Ὀρθ.
844 3479 907 3532 Ἦ
933 3479 1071 3550 αὑτὴ
1098 3479 1206 3552 ἄρα
1230 3478 1392 3549 φύσις
1417 3481 1532 3533 ἐστὶ
1554 3480 1770 3550 Πατρός

161 3576 268 3629 καὶ
288 3573 441 3628 Υἱοῦο
461 3574 648 3645 ἐπειδὴ
669 3574 743 3644 μὴ
762 3574 1082 3646 ἀσυγκρίτῳ
1101 3574 1344 3646 ὑπεροχῇ
1377 3573 1548 3645 μείζω
1572 3572 1767 3628 ἑαυτοῦ

159 3671 264 3724 τὸν
296 3669 520 3740 Πατέρα
547 3667 716 3735 λέγει.
751 3666 886 3719 Οὐδὲ
911 3669 1021 3738 γὰρ
1050 3666 1116 3720 ἂν
1155 3665 1240 3738 εἴη
1278 3667 1406 3729 Υἱὸς
1439 3667 1516 3737 μὴ
1547 3667 1645 3738 τὴν
1667 3667 1768 3720 αὑ-

160 3763 272 3834 τὴν
307 3762 470 3832 φύσιν
504 3761 663 3832 ἔχων.
696 3763 759 3814 Εἰ
786 3760 842 3813 δὲ
870 3759 1047 3822 τοῦτο,
1079 3760 1180 3812 ούκ
1209 3759 1318 3830 ἄρα
1345 3762 1412 3831 τῇ
1445 3759 1606 3829 φύσει
1633 3759 1769 3813 ὑπο-

158 3858 453 3918 τάσσεται,
479 3855 592 3910 ἀλλ’
615 3855 690 3918 ὡς
720 3853 847 3917 Υἱὸς
876 3854 1090 3924 μορᾷὴν
1121 3851 1308 3905 δούλου
1331 3851 1534 3908 λαϐών.

1879 3318 1988 3356 non
2021 3311 2127 3367 est,
2159 3316 2268 3356 non
2299 3309 2384 3356 est
2414 3301 2590 3370 major
2611 3308 2808 3354 natura
2837 3318 2850 3355 :
2880 3315 2990 3354 non
3021 3299 3168 3354 enim
3199 3312 3294 3368 per
3316 3309 3438 3350 com

1878 3394 2242 3464 parationem.
2288 3392 2345 3448 Si
2398 3408 2529 3448 vero
2575 3410 2684 3448 non
2729 3393 2907 3461 major
2939 3401 3160 3456 natura,
3204 3404 3336 3460 ergo
3364 3381 3463 3443 nec

1877 3486 2296 3557 magnitudine,
2333 3500 2528 3554 expers
2567 3487 2714 3540 enim
2755 3494 2839 3540 est
2870 3483 3301 3555 magnitudinis;
3363 3493 3462 3534 nec

1876 3588 2156 3649 tempore.
2186 3589 2432 3648 tempore
2459 3579 2604 3633 enim
2638 3579 2790 3632 nullo
2818 3577 3304 3646 comprehenditur
3329 3588 3344 3638 ;
3368 3571 3460 3626 de-

1874 3670 2042 3739 nique
2096 3684 2196 3724 nec
2236 3669 2537 3738 qualitate,
2583 3682 2780 3737 expers
2827 3667 2974 3721 enim
3023 3672 3109 3720 est
3155 3662 3460 3736 qualitatis.

1873 3762 2058 3828 Quare
2084 3762 2231 3816 nulla
2256 3760 2362 3813 alia
2391 3760 2446 3814 in
2470 3776 2528 3814 re
2554 3760 2818 3829 majorem
2851 3759 3034 3828 seipso
3057 3756 3273 3810 Patrem
3305 3753 3460 3814 dicit,

1874 3869 2039 3925 quam
2078 3853 2225 3925 quod
2255 3852 2429 3907 Filius
2467 3853 2584 3923 ipse
2614 3853 2710 3916 sit,
2741 3852 2834 3922 qui
2867 3851 3101 3906 formam
3133 3847 3276 3904 servi
3311 3861 3460 3902 sum-

160 3957 302 4025 psit,
331 3962 384 4007 ct
416 3968 576 4008 suum
618 3953 791 4024 ipsius
832 3951 1050 4006 Patrem
1095 3951 1351 4004 honorat.
1391 3949 1600 4006 Meced.
1645 3949 1761 4007 Hoc
1821 3953 2075 4009 admitto.
2118 3952 2272 4008 Orth.
2307 3952 2509 4007 Eadem
2545 3950 2713 4022 igitur
2738 3957 2824 4004 est
2853 3947 3035 4001 Patris
3077 3953 3132 4001 et
3183 3943 3306 3997 Filii
3365 3957 3459 3997 na-

161 4064 338 4106 tura:
375 4047 823 4118 quandoquidem
855 4063 966 4102 non
1018 4047 1437 4116 incomparabili
1494 4048 1818 4103 excellentia
1863 4048 2079 4105 Patrem
2139 4050 2407 4119 majorem
2457 4048 2640 4119 seipso
2685 4047 2842 4102 dicit.
2886 4043 3073 4115 Neque
3109 4041 3256 4098 enim
3291 4036 3460 4095 Filius

161 4146 341 4201 esset,
389 4137 499 4193 nisi
545 4146 801 4192 naturain
853 4138 1079 4193 haberet
1112 4138 1384 4194 eamdem.
1419 4137 1576 4204 Quod
1609 4140 1654 4194 si
1683 4139 1760 4195 ita
1790 4148 1897 4206 est,
1929 4158 2042 4197 non
2074 4141 2244 4213 igitur
2303 4148 2503 4196 natura
2545 4138 2866 4210 subjicitur,
2903 4137 2997 4193 sed
3031 4143 3089 4190 ut
3141 4133 3315 4188 Filius
3352 4131 3460 4184 for-

163 4247 258 4285 ma
292 4231 441 4286 servi
469 4238 772 4301 assumpta.

234 4321 335 4378 20.
370 4321 593 4376 Μακεδ.
624 4322 758 4394 Περὶ
785 4322 883 4393 μὲν
911 4321 1005 4376 τοῦ
1031 4321 1162 4375 Υίοῦ
1185 4322 1365 4388 καλῶς
1386 4321 1567 4394 λέγεις
1587 4341 1599 4354 ·
1635 4324 1766 4395 περὶ

160 4414 219 4469 δὲ
257 4413 354 4468 τοῦ
388 4413 703 4481 Πνεύματος
735 4415 797 4466 ού
830 4415 1036 4480 καλῶς.
1071 4414 1187 4470 Κάν
1224 4415 1334 4488 γὰρ
1372 4413 1506 4490 μὴῇ
1545 4418 1764 4471 κτιστὸν

1945 4321 2036 4377 90.
2075 4320 2285 4377 Maccd.
2333 4321 2600 4378 Prmclare
2642 4329 2700 4375 tu
2745 4317 2964 4390 quidem
3006 4317 3074 4372 de
3127 4313 3265 4370 Filio
3296 4315 3459 4371 disse~

1883 4415 1998 4470 ris:
2035 4415 2130 4471 sed
2173 4415 2240 4470 de
2275 4415 2482 4486 Spiritu
2526 4429 2636 4470 non
2678 4413 2830 4468 item.
2871 4409 2985 4466 Etsi
3032 4409 3179 4466 enim
3223 4408 3461 4480 Spiritus

161 4507 226 4561 τὸ
263 4506 513 4576 Πνεῦμα,
546 4505 682 4559 ἀλλά
730 4507 957 4576 γενητόν
990 4509 1126 4561 ἐστι.
1175 4509 1359 4562 Πάντα
1391 4509 1501 4580 γὰρ
1548 4509 1637 4563 διὰ
1667 4509 1764 4563 τοῦ

1873 4518 2091 4566 creatus
2128 4527 2238 4565 non.
2271 4509 2456 4572 fuerit,
2491 4508 2670 4564 factus
2703 4516 2885 4562 tamen
2938 4504 3060 4559 luit.
3095 4502 3289 4558 Otnnia
3315 4503 3459 4558 enim

163 4597 302 4652 Υἱοῦ
330 4598 596 4666 ἐγένοντο.
624 4598 685 4650 Εἰ
706 4597 763 4650 δὲ
795 4598 992 4662 πάντα,
1026 4599 1268 4669 δηλονότι
1300 4601 1396 4653 καὶ
1424 4601 1484 4654 τὸ
1513 4602 1760 4672 Πνεῦμα.

173 4693 336 4759 Ὀρθ.
369 4692 433 4744 Ei
463 4690 688 4762 γενητόν
728 4693 866 4750 ἐστι.
894 4691 989 4745 καὶ
1027 4693 1244 4746 κτιστύν
1270 4694 1438 4747 ἐστιν.
1473 4694 1536 4745 Ei
1565 4694 1675 4766 γὰρ
1707 4694 1768 4748 τὸ

161 4785 396 4857 γενητὸν
429 4785 529 4837 οὐκ
573 4783 688 4838 ἔστι
723 4785 964 4845 κτιστδν,
1015 4785 1196 4840 πάντα
1239 4785 1296 4839 δὲ
1341 4786 1410 4839 δι’
1435 4787 1600 4840 αὑτοῦ
1645 4787 1768 4856 ἐγέ-

163 4895 287 4932 νετο
311 4894 327 4907 ·
353 4878 474 4931 οὐδὲ
495 4879 565 4931 τὰ
587 4879 764 4933 πάντα
792 4879 1005 4934 κτιστά.
1032 4880 1095 4933 Ei
1122 4879 1180 4933 δὲ
1207 4878 1386 4942 τοῦτο,
1417 4879 1535 4943 πῶς
1559 4881 1768 4950 νοήσω-

167 4989 268 5041 μεν
300 4969 364 5023 τὸ
398 4970 548 5042 παρά
582 4971 658 5042 τῷ
699 4971 898 5042 Παύλῳ
930 4971 1252 5043 εἰρημένον·
1307 4989 1325 5022 ι
1365 4972 1446 5025 Τὰ
1489 4971 1669 5026 πάντα
1709 4974 1765 5025 ὲν

163 5061 319 5133 αὖτῷ
354 5062 635 5127 ἔκτισταις
673 5082 692 5114 ›
731 5063 953 5118 Μακεδ.
1002 5062 1140 5115 Ἀλλ’
1182 5063 1244 5116 οὐ
1292 5063 1470 5117 πάντα
1520 5063 1764 5135 ὁμότιμά

163 5157 326 5210 εἰσιν.
373 5156 528 5224 Ὀρθ.
571 5155 693 5210 Κᾶν
741 5155 815 5228 μὴ
857 5149 990 5209 ὦσιν
1032 5155 1296 5228 ὁμότιμα,
1340 5155 1454 5210 ἀλλ’
1497 5158 1648 5228 ὅμως
1693 5158 1760 5209 τά

165 5247 350 5301 πάντα
397 5245 676 5317 κτίσματά
713 5248 838 5301 εισι.
890 5246 1116 5317 Κτίσμα
1158 5245 1214 5299 δὲ
1257 5246 1558 5317 κτίσματος
1609 5249 1761 5300 οὐδὲν

162 5337 436 5410 διαφέρει,
553 5338 760 5408 κτίσμα
788 5338 925 5393 ἐστί.
961 5339 1184 5392 Μακεδ.
1233 5340 1398 5394 Οὐδὲν
1441 5341 1690 5410 διαφέρει
1733 5343 1762 5392 ὁ

165 5431 407 5503 Γαϐριὴλ
435 5431 528 5484 τοῦ
561 5430 752 5495 ἵππου,
795 5430 828 5501 ἢ
856 5432 951 5484 καὶ
984 5431 1171 5502 ἐτέρου
1200 5432 1346 5495 τινὸς
1384 5432 1489 5487 τῶν
1514 5433 1758 5502 ἀλόγωνι

183 5523 332 5590 Ὀρθ.
360 5515 436 5594 ’ᾙ
466 5523 670 5594 κτίσμα
692 5524 858 5583 ἐστὶν,
884 5523 1038 5577 οὐδὲν
1059 5523 1332 5596 διαφέρειο
1417 5525 1474 5580 δὲ
1505 5525 1754 5594 ἄγγελος,

165 5615 383 5684 πνεῦμα
411 5613 804 5686 λειτουργικὺν,
837 5616 917 5678 εἰς
945 5614 1221 5670 διακονίαν
1265 5616 1753 5688 ἀποστελλόμενον,

163 5707 222 5760 οὗ
248 5708 356 5760 τῶν
384 5708 596 5776 ἀλόγων
624 5708 804 5777 μόνον,
830 5707 964 5762 ἀλλὰ
995 5710 1090 5763 καὶ
1110 5709 1269 5781 ἡμῶν
1289 5709 1398 5762 τῶν
1427 5709 1523 5764 ἀνθ
1533 5709 1752 5782 ρώπων,

235 5867 257 5897 ⁸
296 5863 511 5921 Coloss.
550 5881 604 5930 ι,
645 5864 727 5920 l6.

1867 4618 1964 4673 per
2000 4602 2194 4658 Filium
2245 4603 2387 4658 facta
2427 4610 2579 4658 sunt.
2627 4602 2685 4656 Si
2721 4612 2902 4656 autem
2949 4599 3154 4657 omnia,
3195 4595 3384 4664 utique
3407 4601 3458 4648 ct

1873 4693 2133 4766 Spiritus.
2173 4695 2324 4752 Orth.
2362 4695 2418 4751 Si
2468 4697 2645 4751 factus
2679 4703 2786 4756 est,
2833 4699 3054 4747 creatus
3102 4703 3320 4759 quoque
3352 4693 3455 4742 est.

1872 4785 1931 4842 Si
1981 4790 2127 4843 enim
2161 4789 2309 4858 quod
2356 4788 2586 4854 factum,
2618 4793 2865 4840 creatum
2902 4798 3013 4838 non
3043 4789 3150 4845 est,
3191 4788 3245 4834 et
3276 4779 3459 4832 omnia

1869 4893 1967 4948 per
1997 4879 2177 4948 ipsum
2214 4877 2358 4930 facta
2386 4884 2537 4938 sunt,
2572 4890 2706 4930 sane
2739 4880 2924 4927 creata
2950 4870 3134 4924 omnia
3171 4884 3281 4921 non
3310 4873 3453 4920 sunt.

1870 4970 2027 5038 Quod
2057 4974 2103 5025 si
2137 4971 2210 5024 ita
2240 4977 2346 5032 est,
2374 4967 2652 5040 quomodo
2679 4967 3052 5036 intelligemus
3076 4963 3280 5016 dictum
3325 4957 3457 5013 illml

1867 5061 2024 5117 Pauli
2055 5082 2067 5116 :
2099 5079 2117 5112 ι
2155 5061 2350 5114 Omnia
2378 5061 2429 5114 in
2462 5075 2581 5130 ipso
2613 5066 2799 5114 creata
2825 5054 3030 5110 sunt"?
3059 5073 3077 5106 ι
3108 5049 3317 5106 Maced.
3347 5046 3456 5104 Sed

1869 5173 1980 5212 non
2010 5155 2193 5210 omnia
2221 5154 2338 5225 pari
2364 5153 2420 5208 in
2446 5153 2655 5208 honore
2678 5151 2976 5207 habentur.
3011 5147 3175 5228 Orth.
3200 5145 3314 5200 Etsi
3347 5158 3456 5198 non

1867 5248 1986 5316 pari
2019 5247 2324 5301 habeantur
2363 5246 2602 5309 honore,
2635 5243 2817 5297 omnia
2853 5249 3039 5294 tamen
3075 5243 3256 5294 creata
3305 5243 3455 5290 sunt.

1867 5336 2134 5390 Creatura
2180 5343 2361 5390 autem
2396 5349 2425 5386 a
2473 5343 2724 5388 creatura
2769 5331 2908 5386 nihil
2939 5328 3138 5389 dill‘erl,
3185 5333 3460 5396 quatenus

1863 5437 2121 5483 creatura
2156 5437 2262 5484 est.
2302 5426 2512 5482 Maced.
2543 5427 2689 5481 Nihil
2720 5427 2888 5496 igitur
2913 5422 3096 5478 dill‘ert
3135 5418 3361 5476 Gabriel
3387 5420 3459 5474 ab

1865 5539 2035 5595 equo,
2083 5533 2178 5580 aut
2211 5524 2281 5578 ab
2315 5524 2425 5578 alio
2466 5521 2703 5593 quodam
2737 5523 2900 5574 bruto
2946 5517 3262 5574 animante?
3302 5517 3453 5573 Orth.

1865 5617 2154 5684 Quatenus
2181 5625 2437 5672 creatura
2467 5625 2573 5681 est,
2607 5616 2742 5670 nihil
2781 5614 2995 5679 differt;
3027 5625 3301 5684 quatenus
3330 5627 3458 5665 vero

1865 5712 2120 5784 angelus,
2161 5713 2393 5782 spiritus
2436 5709 2944 5767 administratorius
2983 5709 3047 5762 ad
3083 5706 3458 5762 ministerium
