3976 6388
519 347 658 408 1527

1726 343 1787 398 S.
1828 337 2292 398 ATIIANASIUS.
2322 371 2391 382 -—
2430 338 2658 397 DUBIA.

3663 339 3778 396 1328

521 470 747 533 missus,
787 482 894 522 non
943 469 1117 522 solum
1152 482 1182 521 ιι
1222 466 1420 533 brutis,
1457 465 1552 521 sed
1599 478 1630 517 a
1674 462 1837 519 nobis
1884 475 2100 534 quoque

2205 461 2303 514 καὶ⁵
2332 461 2443 515 τῶν
2487 461 2753 530 ἀγγέλων,
2801 460 3144 533 ἀρχάγγελος
3181 459 3278 517 ὦν.
3311 460 3421 514 Καὶ
3449 459 3558 530 γὰρ
3599 459 3782 529 ὀφθαλ-

520 559 858 623 homin-ibus,
911 566 965 614 et
1018 559 1087 613 ab
1134 559 1365 629 angelis.
1418 571 1542 612 cum
1595 557 1667 611 sit
1721 554 2105 626 archangelns.

522 647 736 704 Etenim
799 649 1014 715 oculus,
1068 659 1345 719 quatenus
1395 650 1614 711 oculus,
1677 646 1802 702 aliis
1858 650 2109 715 corporis

522 741 781 797 membris
827 742 1145 798 honoratior
1190 750 1306 808 est;
1356 754 1556 810 corpus
1605 747 1790 795 tamen
1838 756 1948 795 non
1998 751 2105 797 est.

522 833 754 906 (Corpus
795 835 939 890 enim
977 836 1109 890 nihil
1157 834 1339 890 diﬂ‘ert
1371 848 1401 887 a
1446 848 1696 903 corpore,
1727 849 1833 904 qua
1864 842 1949 890 est
1978 850 2106 889 cor-

518 928 667 995 pus.)
684 925 894 983 Haced.
913 925 1023 984 Nos
1045 927 1301 993 dicimus,
1324 925 1585 997 Spiritum
1617 942 1647 981 a
1676 926 1787 982 Deo
1802 943 1897 998 per
1914 925 2106 983 Filium

518 1031 641 1073 esse
678 1033 838 1074 suum
871 1018 1085 1075 habere.
1130 1017 1285 1075 Orth.
1331 1018 1530 1073 Annon
1565 1025 1784 1083 caetera,
1820 1033 1942 1089 quae
1984 1034 2109 1074 esse

518 1124 677 1165 suum
709 1125 739 1164 a
770 1109 882 1167 Deo
913 1128 1009 1183 per
1032 1111 1231 1167 Filium
1258 1128 1368 1167 non
1399 1113 1624 1177 habent,
1654 1120 1919 1167 creaturae
1945 1112 2109 1167 sunt?

516 1201 724 1259 Maced.
743 1203 1335 1263 Sunt.0rth.Creatura
1350 1207 1516 1277 igitur
1530 1216 1614 1262 est
1628 1204 2103 1277 Spiritusﬂaced.

516 1292 636 1349 Non
668 1310 805 1352 voco
843 1305 1179 1362 creaturam,
1206 1297 1654 1370 quandoquidem
1685 1297 1952 1367 scriptum
1997 1312 2105 1351 non

518 1398 620 1445 est.
667 1388 822 1447 Ortli.
859 1389 968 1447 Nec
1000 1390 1204 1446 factum
1249 1390 1444 1456 dicito,
1486 1388 1929 1461 quandoquidem
1962 1387 2104 1444 idem

517 1498 748 1551 prorsus
813 1483 1110 1555 significat.
1170 1482 1380 1539 Maced.
1453 1481 1559 1539 Sed
1627 1482 1893 1553 scriptum
1959 1492 2101 1537 est:

514 1594 540 1626 ς
571 1572 765 1630 Omnia
810 1591 911 1647 per
960 1575 1140 1647 ipsum
1185 1575 1328 1633 facta
1376 1588 1555 1631 sunt:
1604 1595 1623 1629 ι
1684 1576 2100 1646 scriptumque:

523 1685 539 1716 ι
582 1665 788 1724 Omnes
822 1668 967 1723 servi
999 1668 1079 1723 tui
1111 1668 1151 1721 ⁸.
1194 1685 1213 1719 ι
1252 1666 1406 1724 Ortlt.
1457 1666 1687 1723 Servum
1739 1667 1909 1738 igitur
1938 1680 2103 1721 vocas

519 1756 826 1829 Spiritum?
852 1758 1062 1815 Maced.
1099 1759 1287 1815 Absit!
1322 1757 1477 1815 Orth.
1522 1756 1642 1812 Non
1680 1772 1814 1829 ergo
1845 1754 2103 1812 omnibus

519 1850 640 1907 istis
674 1863 1083 1907 annumeratur.
1110 1849 1319 1905 Maced.
1349 1848 1476 1905 Tria
1506 1850 1671 1921 igitur
1702 1865 1812 1904 non
1844 1847 1987 1904 facta
2021 1848 2099 1902 di-

517 1943 638 1999 cis?
667 1943 821 2001 Orth.
855 1944 959 2001 Sed
1008 1960 1129 2017 quae
1160 1960 1260 2001 nec
1299 1960 1466 2001 causa
1506 1959 1606 2000 nec
1651 1951 1805 2013 patre
1849 1949 2092 1999 careant.

518 2032 637 2090 Etsi
665 2034 810 2090 enim
871 2033 1109 2105 Spiritus
1156 2034 1340 2089 {actus
1386 2050 1497 2089 non
1547 2040 1653 2099 est,
1694 2047 1864 2087 causa
1912 2040 2096 2087 tamen

517 2126 747 2197 originis
777 2140 888 2181 non
918 2134 1089 2183 caret.
1123 2126 1360 2182 Causam
1405 2126 1549 2181 enim
1583 2125 1747 2180 habet
1778 2124 1971 2187 Deum,
1999 2139 2099 2178 cu-

508 2217 604 2288 jus
632 2215 870 2287 Spiritus
899 2227 1002 2275 est.
1036 2218 1103 2273 Et
1147 2220 1271 2275 licet
1299 2217 1472 2276 Filius
1515 2218 1692 2274 factus
1718 2233 1827 2273 non
1868 2217 1961 2281 sit,
1988 2233 2098 2273 non

514 2317 698 2365 tamen
729 2316 815 2365 est
858 2310 979 2367 sine
1019 2307 1227 2365 Patre:
1271 2310 1432 2365 habet
1463 2310 1611 2365 enim
1650 2307 1868 2364 Patrem
1902 2308 2095 2377 Deum,

508 2416 583 2456 ex
609 2417 718 2472 quo
742 2410 799 2457 et
829 2402 1047 2473 genitus
1076 2408 1182 2457 est.
1207 2400 1373 2457 Pater
1400 2417 1532 2457 vero
1563 2413 1617 2456 et
1646 2416 1756 2456 non
1783 2400 1963 2457 factus
1988 2408 2095 2467 est,

515 2501 570 2548 et
607 2509 708 2549 nec
731 2507 979 2559 causam,
1009 2507 1112 2548 nec
1148 2491 1364 2548 Patrem
1394 2492 1575 2547 habet.
1609 2491 1822 2547 Maced.
1854 2490 1975 2546 Non
2004 2491 2101 2563 igi-

514 2592 608 2640 tur
639 2584 819 2643 factus
859 2592 945 2641 est
988 2584 1228 2655 Spiritus
1279 2599 1374 2655 per
1412 2582 1651 2639 Filium?
1697 2584 1853 2640 Orth.
1900 2586 2094 2641 Absit!

512 2676 801 2746 Quomodo
838 2679 984 2733 enim
1031 2675 1195 2731 Pater
1236 2677 1389 2730 illum
1439 2693 1605 2747 super
1645 2674 1846 2731 Filium
1894 2692 2099 2749 ponere

514 2772 669 2838 dicit,
720 2772 766 2828 si
824 2786 919 2841 per
975 2771 1155 2842 ipsum
1206 2766 1406 2826 Filium
1459 2770 1700 2842 Spiritus
1750 2772 1928 2833 factus
1976 2774 2099 2829 est?

514 2861 725 2919 Haced.
754 2860 857 2918 Ubi
886 2863 1152 2932 scriptum
1179 2868 1287 2924 est,
1326 2860 1544 2917 Patrem
1579 2877 1744 2933 super
1771 2861 1970 2917 Filium
2000 2880 2100 2934 po-

515 2970 647 3011 nere
683 2952 992 3025 Spiritum?
1020 2950 1175 3007 Orth.
1216 2970 1236 3004 ι
1277 2950 1419 3007 Ecce
1457 2966 1595 3021 puer
1638 2966 1793 3007 meus
1838 2951 2096 3020 dilectus,

514 3046 573 3102 in
603 3061 765 3117 quem
798 3044 1131 3116 complacuit
1156 3044 1263 3099 sibi
1291 3044 1473 3097 anima
1503 3058 1624 3098 mea
1651 3062 1665 3098 :
1699 3059 1898 3114 ponam
1935 3060 2101 3117 super

2211 555 2312 626 μὸς
2337 554 2443 607 τῶν
2474 554 2648 609 ἄλλων
2682 553 2859 626 μελῶν
2879 553 2973 608 τοῦ
3004 553 3258 624 σώματος
3282 552 3605 625 τιμιώτερὸς
3629 554 3780 619 ἐστιν,

2209 640 2551 719 ᾗόςρθαλμός
2597 649 2779 701 ἐστιν·
2833 646 2948 701 ἀλλ’
2997 646 3120 717 οὐχὶ
3172 646 3330 718 σῶμά
3378 647 3514 699 ἐστι.
3568 646 3778 702 Μακεδ.

2219 743 2411 812 Ἡμεῖς
2431 741 2681 814 λέγομεν,
2709 743 2790 796 ὅτι
2825 743 2890 795 έκ
2921 741 3015 796 τοῦ
3052 741 3191 795 Θεοῦ
3214 741 3302 795 διὰ
3321 740 3418 795 τοῦ
3446 740 3579 794 Υἱοῦ
3607 741 3782 810 έχειτὺ

2207 827 2367 887 εἶναι.
2416 834 2567 903 Ὀρθ.
2603 835 2683 887 Τὰ
2704 834 2811 906 γάρ
2841 833 2996 897 ἄλλα,
3042 833 3146 887 οὐκ
3187 834 3252 888 έκ
3280 832 3375 886 τοῦ
3406 832 3542 887 Θεοῦ
3583 833 3674 886 διὰ
3700 834 3780 887 τοῦ

2209 925 2339 980 Υἱοῦ
2375 925 2560 997 ἔχοντα
2603 926 2664 980 τὸ
2708 923 2871 986 εἶναι,
2916 927 3194 998 κτίσματά
3239 928 3375 992 aiat;
3410 924 3639 981 Μακεδ.
3670 926 3779 981 Ναί.

2221 1018 2375 1087 Ὀρθ.
2407 1019 2629 1090 Κτισμα
2655 1018 2765 1092 ἄρα
2790 1019 2889 1072 καὶ
2911 1018 2973 1072 τό
3010 1019 3258 1090 Πνεῦμα.
3284 1018 3512 1073 Μακεό.
3540 1019 3617 1071 06
3657 1018 3782 1087 λέγω

2207 1112 2432 1184 κτίσμα,
2486 1112 2672 1185 ἐπειδὴ
2720 1114 2783 1166 οὐ
2827 1112 3159 1183 γέγραπται.
3216 1113 3371 1180 Ὀρθ.
3424 1111 3519 1182 Μὴ
3572 1111 3781 1181 γενητὸν

2207 1201 2355 1271 λέγε,
2388 1202 2573 1274 ἐπειδὴ
2603 1205 2667 1256 ὲκ
2699 1201 3047 1275 παραλλήλου
3075 1202 3208 1257 αὐτὸ
3231 1202 3634 1273 σημαινόμενὸν
3660 1204 3779 1257 ἐστι.

2205 1292 2429 1347 Μακεδ.
2471 1293 2654 1357 Ἀλλὰ,
2693 1312 2712 1345 ι
2752 1294 2936 1348 Πάντα
2963 1293 3028 1346 δι’
3058 1293 3223 1348 αὑτοῦ
3254 1294 3494 1363 ἐγένετο,
3536 1313 3559 1346 ιι
3597 1295 3780 1367 γέγραι

2207 1402 2338 1439 πται
2364 1401 2378 1416 ·
2425 1386 2536 1449 καὶ,
2575 1403 2595 1437 ι
2633 1384 2715 1440 Τὰ
2747 1385 3037 1456 σύμπαντα
3072 1385 3235 1440 δοῦλα
3267 1385 3356 1451 σὰ,
3398 1405 3418 1438 ›
3460 1387 3779 1457 γέγραπται.

2219 1478 2372 1546 Ὀρθ.
2402 1478 2596 1531 Δοῦλον
2624 1473 2718 1532 οὖν
2746 1477 2924 1548 λέγεις
2944 1481 3005 1533 τὺ
3033 1479 3259 1551 Πνεῦμα
3282 1495 3297 1545 ;
3323 1479 3555 1535 Μακεδ.
3587 1481 3680 1552 Μὴ
3706 1480 3785 1551 γέ-

2203 1568 2374 1622 νοιτοε
2422 1568 2578 1636 Ὀρθ.
2607 1569 2721 1623 Οὐκ
2751 1570 2859 1641 ἆρα
2893 1569 3031 1641 μετά
3059 1569 3168 1624 τῶν
3192 1570 3411 1625 πάντων
3443 1572 3786 1643 συναριθμεῖ-

2204 1676 2313 1712 ται.
2340 1656 2561 1712 Μακεδ.
2579 1658 2719 1732 Τρία
2734 1655 2828 1714 οὖν
2844 1661 3087 1733 ἀγένητα
3102 1661 3285 1732 λέγεις
3305 1680 3321 1729 ;
3339 1663 3498 1731 Ὀρθ.
3516 1662 3660 1716 Ἀλλ’
3686 1664 3775 1718 οὐκ

2203 1751 2440 1815 ἀναίτια,
2466 1751 2590 1806 οὔτε
2615 1754 2688 1825 μὴ
2704 1753 2844 1826 (ιτ)
2868 1754 3141 1827 ἀπάτορα.
3173 1755 3286 1810 Καὶ
3315 1755 3427 1827 γάρ
3453 1757 3502 1810 εἰ
3530 1755 3782 1828 ἀγένητον

2132 1812 2175 1868 Β
2201 1844 2262 1898 τὸ
2290 1812 2535 1915 Πνεῦμα,
2578 1812 2838 1900 ἀλλζῖοὺκΙ
2859 1812 3131 1901 ἀναίτιονο
3180 1846 3293 1918 ἔχει
3327 1812 3450 1921 ’γάρ
3494 1812 3784 1903 αττ-ιοντδν

2201 1936 2352 2003 Θεὸν,
2403 1929 2464 1989 οὗ
2495 1937 2720 2009 Πνεῦμά
2752 1940 2887 1992 ἐστι.
2942 1938 3062 1993 Κᾶν
3099 1941 3363 2013 ἀγένητος
3408 1944 3438 1996 6
3482 1941 3638 2006 Υἱὸς,
3681 1937 3783 1995 ἀλλ’

2199 2029 2301 2081 οὐκ
2335 2028 2597 2100 ἀπάτωρ*
2634 2028 2748 2100 ἔχει
2789 2028 2900 2101 γάρ
2946 2031 3167 2106 Πατέρα
3198 2032 3289 2086 τὸν
3335 2033 3493 2098 Θεὸν,
3526 2031 3590 2099 ἐξ
3616 2028 3678 2087 οὗ
3703 2036 3783 2088 καὶ

2198 2118 2542 2191 γεγέννηται.
2586 2120 2643 2174 '0
2680 2119 2738 2173 δὲ
2774 2120 2967 2193 Πατὴρ
2997 2122 3091 2176 καὶ
3125 2123 3391 2194 ἀγένητος
3425 2125 3523 2179 καὶ
3559 2124 3783 2191 ἀναίτιος

2198 2210 2292 2263 καὶ
2319 2211 2571 2282 ἀπάτωρ.
2599 2209 2823 2266 Μακεδ.
2859 2213 2973 2266 Οὐκ
3003 2213 3220 2282 ἐγένετο
3246 2211 3340 2269 οῦν
3367 2216 3429 2269 τὸ
3458 2217 3687 2288 Πνεῦμα
3708 2215 3782 2271 διὰ

2197 2303 2292 2357 τοῦ
2322 2303 2490 2370 Υἱοῦ;
2533 2305 2688 2373 Ὀρθ.
2722 2305 2813 2377 Μὴ
2845 2304 3081 2374 γένοιτοῑ
3114 2307 3240 2371 Πῶς
3271 2307 3382 2380 γὰρ
3414 2311 3444 2363 6
3477 2310 3674 2381 Πατὴρ
3704 2309 3781 2362 λέ-

2198 2414 2285 2466 γει
2314 2397 2521 2453 τιθέναι
2560 2400 2692 2454 αὐτὸ
2724 2401 2817 2456 ἐπὶ
2859 2401 2952 2456 τὸν
2986 2401 3134 2468 Υἱὸν,
3182 2401 3341 2473 εἴπερ
3376 2402 3443 2456 δι’
3478 2402 3649 2457 αὐτοῦ
3677 2403 3783 2472 ἐγέ-

2199 2507 2359 2557 νετο;
2395 2492 2619 2548 Μακεδ.
2662 2492 2770 2547 Ποῦ
2813 2494 3142 2566 γέγραπται,
3177 2495 3259 2549 ὅτι
3298 2495 3328 2548 6
3356 2496 3554 2568 Πατὴρ
3583 2497 3674 2549 ἐπὶ
3701 2497 3783 2548 τὸν

2201 2581 2328 2637 Υἱὸν
2352 2583 2532 2654 τίθησι
2570 2584 2632 2637 τὸ
2672 2584 2927 2656 Πνεῦμα;
2964 2585 3119 2654 Ὀρθ.
3165 2604 3183 2636 ι
3228 2585 3357 2639 Ἰδοὺ
3396 2588 3425 2640 6
3453 2587 3598 2651 Παῖς
3630 2604 3724 2658 μου
3758 2587 3783 2638 6

2200 2676 2503 2747 ἀγαπητὸς,
2552 2676 2631 2739 εἰς
2676 2674 2735 2730 ὃν
2777 2676 3067 2748 εὐδόκησεν
3109 2678 3142 2748 ἡ
3186 2676 3333 2749 ψυχή
3367 2693 3507 2748 pou‘
3557 2679 3704 2750 θήσω
3731 2676 3784 2731 τὸ

2202 2766 2429 2837 Πνεῦμά
2461 2784 2561 2838 μου
2596 2768 2681 2819 ἐπ’
2711 2766 2891 2821 αὐτόν.
2929 2786 2949 2821 ι
2999 2767 3221 2822 Μακεδ.
3256 2768 3332 2822 ()6
3363 2768 3528 2823 τοῦτο
3560 2769 3707 2838 λέγει
3730 2769 3785 2822 τὸ

2202 2857 2448 2927 Πνεῦμα.
2495 2859 2651 2926 Ὀρθ.
2688 2858 2843 2911 Ἐστι
2867 2858 2975 2929 γὰρ
3005 2858 3132 2912 ἀλλο
3157 2858 3386 2931 Πνεῦμα
3416 2862 3515 2913 τοῦ
3550 2861 3781 2931 Πατρό;;

2200 2951 2426 3007 Μακεδ.
2468 2953 2581 3006 Καὶ
2619 2950 2782 3015 αὐτὸς
2806 2953 2836 3004 6
2873 2952 3061 3025 Πατὴρ
3098 2953 3326 3025 Πνεῦμά
3358 2958 3479 3010 ἐστι
3503 2973 3519 2988 ο
3550 2957 3646 3009 καὶ
3668 2957 3783 3008 ὅταν

2202 3041 2372 3111 λέγει,
2410 3061 2429 3093 ι
2465 3043 2627 3115 Θήσω
2665 3043 2727 3097 τὸ
2756 3043 2979 3115 Πνεῦμά
3014 3061 3116 3115 μου
3156 3045 3242 3098 ἐπ’
3285 3046 3475 3110 αὑτὸν,
3514 3066 3536 3099 ι
3569 3046 3784 3117 δύναμιν

516 3151 643 3191 eum
684 3135 950 3209 Spiritum
1001 3151 1183 3191 meum
1216 3136 1260 3190 ".
1300 3154 1319 3187 ι
1353 3132 1565 3189 Μασεά.
1618 3132 1741 3190 Non
1790 3135 1935 3192 hunc
1969 3138 2100 3192 dicit

2205 3135 2369 3189 αὐτοῦ
2404 3133 2572 3204 λέγει.
2593 3137 2922 3205 Ὀρθ.”υταν
2952 3132 3044 3191 οὖν
3061 3137 3209 3207 λέγει
3228 3180 3243 3204 ,
3285 3157 3305 3191 ι
3347 3139 3467 3208 Ἐφ’
3498 3140 3562 3192 ὃν
3592 3138 3655 3193 ἂν
3684 3138 3783 3208 ἱδῃς

520 3227 806 3300 Spiritum.
852 3227 1006 3283 Orth.
1051 3226 1220 3283 Estne
1262 3242 1394 3282 vero
1438 3227 1579 3283 alius
1604 3225 1786 3284 Patris
1827 3227 2100 3304 Spiritus?

515 3316 729 3375 laceri.
760 3318 923 3374 Pater
953 3318 1071 3389 ipse
1100 3316 1341 3389 Spiritus
1366 3326 1468 3386 est,
1496 3327 1550 3375 et
1576 3321 1796 3390 quando
1825 3322 1935 3387 ait,
1965 3340 1984 3373 ι
2003 3306 2102 3378 Po-

515 3424 643 3463 nant
672 3406 939 3478 Spiritum
981 3422 1159 3462 meum
1194 3422 1362 3477 super
1398 3422 1545 3472 eum,
1582 3426 1602 3460 ι
1638 3409 1894 3465 virtutem
1941 3425 2098 3466 suam

514 3500 794 3570 intelligit.
825 3497 981 3555 Orth.
1009 3497 1147 3552 Cum
1181 3513 1313 3569 ergo
1341 3498 1513 3564 dicit,
1549 3518 1568 3551 ι
1602 3497 1778 3571 Super
1814 3517 1977 3571 quem
2006 3502 2103 3557 de-

517 3589 872 3646 scendentem
921 3597 976 3646 et
1018 3597 1327 3645 manentem
1367 3588 1536 3662 ἥδε
1582 3591 1786 3647 videris
1832 3594 2098 3663 Spiritum

515 3697 684 3753 super
707 3698 833 3740 eum
862 3683 907 3748 ⁸,
945 3702 965 3736 ι
995 3684 1255 3739 virtutem
1288 3683 1466 3754 ipsius
1498 3683 1669 3739 dicit?
1706 3683 1916 3743 Maccd.
1955 3686 2097 3755 Non,

516 3779 612 3831 sed
654 3773 919 3846 Spiritum
947 3776 1128 3847 ipsum
1157 3779 1491 3847 paracletum
1520 3778 1674 3834 dicit.
1709 3778 1862 3836 Ortlt.
1896 3779 1970 3836 De
1991 3781 2100 3834 alio

515 3868 685 3938 igitur
713 3868 996 3939 prophetae
1039 3869 1256 3925 locutus
1295 3878 1402 3936 est,
1439 3886 1601 3939 quem
1647 3887 1812 3943 super
1848 3889 1973 3927 eum
2004 3889 2101 3943 po-

515 3957 724 4014 siturus
747 3969 915 4022 esset.
942 3959 1010 4015 de
1033 3960 1141 4014 alio
1166 3958 1388 4016 Joanni.
1418 3959 1628 4017 Maced.
1655 3962 1828 4029 Quem
1855 3964 1922 4018 ad
1943 3963 2102 4019 Joan-

513 4066 642 4106 nem
691 4052 829 4107 dirit
868 4068 927 4108 se
972 4054 1279 4123 positurum
1332 4071 1499 4125 super
1541 4073 1691 4122 eum,
1729 4058 1777 4113 is
1818 4066 1903 4114 est
1934 4057 2101 4114 Para-

516 4143 732 4197 ci’etus:
765 4143 813 4197 is
842 4158 975 4198 vero
1024 4144 1091 4199 de
1120 4160 1230 4214 quo
1275 4145 1342 4200 ad
1372 4146 1690 4216 prophetam
1734 4148 1951 4205 locutus
1990 4158 2095 4216 est,

515 4239 675 4288 s‘uam
702 4233 876 4303 ipsius
909 4234 1166 4290 virtutem
1211 4237 1366 4293 dicit.
1404 4236 1560 4292 Orth.
1597 4237 1816 4294 Duosne
1857 4239 2098 4311 Spiritus

515 4322 681 4377 habet
706 4322 890 4379 Deus?
917 4322 1126 4382 Maced.
1169 4325 1313 4382 Deus
1341 4328 1458 4399 ipse
1487 4329 1725 4398 Spiritus
1756 4340 1862 4387 est.
1902 4333 2009 4388 Sed
2044 4344 2098 4390 et

517 4410 693 4466 virtus
725 4411 845 4482 ejus
885 4410 1123 4483 Spiritus
1160 4415 1381 4471 dicitur.
1434 4416 1588 4471 Orth.
1616 4464 1619 4467 .
1644 4417 1830 4476 Virtus
1863 4423 1978 4477 haec
2013 4433 2098 4481 est

2204 3228 2266 3281 τὸ
2298 3226 2524 3299 Πνεῦμα
2563 3228 2884 3284 καταϐαῖνον
2924 3234 3019 3284 καὶ
3071 3230 3231 3301 μένον
3275 3232 3367 3285 ἐπ’
3415 3233 3605 3297 αὑτὸν,
3647 3252 3667 3284 ι
3701 3232 3784 3301 τὴν

2204 3322 2431 3393 δύναμιν
2481 3322 2645 3377 αὑτοῦ
2696 3322 2883 3393 λέγεις
2942 3324 3164 3379 Μακεδ.
3197 3323 3331 3390 Οὔκ,
3393 3325 3513 3380 ἀλλ’
3563 3326 3692 3381 αὐτὸ
3732 3325 3786 3378 τὸ

2206 3414 2434 3485 Πνεῦμα
2457 3415 2549 3470 τὸν
2576 3414 2932 3487 Παράκλητον
2956 3416 3127 3486 λέγει.
3172 3420 3328 3486 Ὅρθ.
3358 3417 3527 3473 Ἀλλο
3560 3414 3653 3472 οῦν
3678 3413 3784 3470 εἷπε

2204 3507 2285 3579 τῷ
2309 3510 2560 3579 προφήτῃ
2582 3507 2790 3563 τιθέναι
2814 3510 2901 3561 ἐπ’
2928 3508 3110 3573 αὐτὸν,
3145 3512 3238 3564 καὶ
3271 3510 3402 3565 ἄλλο
3435 3510 3517 3582 τῷ
3554 3511 3782 3581 Ἰωάννῃ.

2207 3600 2431 3655 Marci-:6.
2461 3602 2526 3656 Ὃ
2559 3596 2680 3654 εἷπε
2713 3600 2791 3672 τῷ
2822 3602 3043 3674 Ἰωάννη
3070 3602 3276 3657 τιθέναι
3304 3604 3396 3657 ἐπ’
3432 3605 3623 3669 αὐτὸν,
3653 3604 3785 3658 ἔστιν

2207 3691 2236 3742 6
2267 3691 2626 3763 Παράκλητος
2646 3708 2660 3723 ⁶
2696 3691 2725 3745 6
2758 3691 2814 3745 δὲ
2842 3689 2965 3745 εἷπε
2992 3692 3081 3746 διὰ
3107 3693 3201 3747 τοῦ
3231 3697 3546 3767 προφήτου,
3581 3698 3678 3768 τὴν
3707 3696 3787 3750 δύ-

2206 3800 2368 3854 ναμιν
2404 3784 2503 3854 τὴν
2544 3783 2737 3838 ἑαυτοῦ
2767 3784 2933 3853 λέγει.
2974 3784 3124 3852 Ὀρθ.
3157 3787 3263 3841 Δύο
3296 3787 3603 3859 Πνεύματα
3630 3789 3735 3860 ἔχει
3758 3788 3784 3838 6

2206 3876 2338 3939 Θεός
2361 3892 2376 3941 ;
2400 3876 2623 3931 Μακεδ.
2646 3874 2815 3938 Αὐτὸς
2836 3876 2865 3928 6
2893 3875 3023 3939 Θεὸς
3046 3875 3273 3948 Πνεῦμά
3304 3880 3425 3932 ἐστι
3450 3896 3464 3909 ·
3499 3880 3711 3948 λέγεται
3735 3877 3784 3930 δὲ

2207 3970 2301 4020 καί
2326 3969 2359 4036 ἡ
2387 3966 2616 4037 δύναμις
2645 3966 2810 4021 αὐτοῦ
2832 3967 3078 4039 Πνεῦμα.
3122 3968 3267 4037 Ὀρθ.
3309 3969 3376 4023 Ἠ
3399 3970 3633 4042 δύναμις
3657 3970 3782 4039 αὕτη

2207 4058 2433 4129 Πνεῦμα
2458 4058 2839 4111 ὲνυπόστατον.
2868 4059 3090 4113 Μακεδ.
3131 4059 3530 4114 Ἐνυπόστατον
3555 4062 3607 4114 τί
3627 4064 3783 4121 ἐστιν,

2206 4149 2266 4202 οὐ
2301 4147 2404 4201 νοῶ
2426 4164 2440 4178 ⁸
2471 4149 2571 4220 τὴν
2615 4146 2843 4219 δύναμιν
2870 4147 3035 4201 αὐτοῦ
3074 4144 3194 4202 εἶπε
3223 4149 3455 4206 τιθέναι.
3501 4153 3655 4221 Ὄρο.
3684 4150 3785 4221 Τὴν

2204 4240 2434 4313 δύναμιν
2471 4239 2658 4306 αὐτοῦ,
2692 4241 2759 4312 ἣν
2798 4237 2919 4294 εἷπε
2956 4240 3185 4304 τιθέναι,
3222 4242 3592 4307 ένυπόστατός
3626 4246 3781 4297 ἐστιν.

2206 4334 2428 4390 Μακεδ.
2455 4333 2596 4386 Αὐτό
2629 4334 2773 4386 ἐστιν
2803 4334 2832 4385 ὁ
2863 4331 3015 4395 Θεός.
3068 4333 3223 4400 Ὀρθ.
3254 4335 3522 4404 Καίτοιγε
3563 4331 3787 4407 εἰρηκὼς

2204 4426 2281 4499 τῷ
2318 4425 2538 4498 Ἰωάννῃ
2561 4442 2575 4455 ·
2614 4445 2633 4477 t
2686 4426 2801 4494 Ἐφ’
2840 4423 2900 4478 ὃν
2934 4423 3048 4498 ἴδῃς
3094 4425 3156 4477 τὸ
3192 4425 3423 4497 Πνεῦμα
3468 4427 3786 4482 καταϐαῖνον

520 4502 761 4576 Spiritus
801 4504 1132 4563 subsistens.
1163 4504 1373 4562 Haced.
1402 4507 1523 4563 Non
1569 4511 1818 4583 intelligo
1868 4516 1999 4585 quid
2028 4518 2099 4572 sit

2205 4519 2337 4572 ὡσεὶ
2378 4516 2727 4590 περιστερὰν,
2763 4515 2859 4569 καὶ
2912 4514 3075 4586 μένον
3130 4514 3217 4568 ἐπ’
3259 4516 3462 4568 αὐτόν’
3498 4535 3518 4568 ι
3568 4516 3661 4568 καὶ
3697 4511 3784 4565 τοῦ

517 4597 831 4654 subsistens
873 4618 888 4655 :
938 4599 1195 4657 virtutem
1247 4617 1403 4657 suam
1461 4618 1521 4657 se
1581 4604 1886 4673 positurum
1936 4608 2095 4664 dixit.

520 4688 674 4745 Orth.
724 4688 910 4747 Virtus
946 4692 1089 4762 ejus,
1120 4708 1284 4764 quam
1315 4710 1374 4750 se
1403 4696 1709 4766 positurum
1745 4698 1902 4763 dixit,
1939 4701 1995 4754 in
2039 4718 2099 4757 se

518 4783 793 4839 subsistit.
823 4782 1037 4841 Haced.
1079 4785 1225 4842 Deus
1260 4786 1377 4857 ipse
1405 4797 1510 4843 est.
1547 4788 1700 4845 Orth.
1744 4790 1931 4863 Atqui,
1973 4809 2099 4848 cum

517 4874 716 4931 Joanni
758 4878 1032 4934 dixisset:
1087 4896 1106 4930 ι
1161 4878 1337 4950 Super
1386 4897 1547 4952 quem
1587 4883 1790 4938 videris
1838 4885 2099 4956 Spiritum

519 4970 962 5038 descendentem,
992 4973 1140 5027 velut
1184 4973 1516 5040 columbam,
1558 4986 1614 5031 et
1652 4987 1969 5033 manentem
2003 4994 2098 5033 su-

520 5080 618 5136 per
649 5079 774 5120 eum
802 5068 848 5129 '.
888 5085 908 5119 ι
946 5081 1181 5137 eumque
1222 5064 1464 5126 Joannes
1508 5085 1636 5125 cum
1671 5071 1919 5151 vidisset,
1971 5074 2104 5128 sub-

517 5156 702 5225 junxit
733 5171 765 5211 a
807 5158 1071 5228 propheta
1116 5160 1484 5231 signiﬁcatam
1528 5178 1718 5219 vocem
1752 5184 1764 5219 :
1818 5183 1838 5217 ι
1877 5165 1978 5220 Hic
2017 5176 2103 5221 est

522 5247 695 5305 Filius
748 5266 903 5307 meus
959 5251 1229 5320 dilectus,
1283 5255 1340 5311 in
1392 5272 1555 5327 quem
1608 5259 1714 5314 sibi
1772 5261 2104 5331 complacuit

521 5343 705 5397 anima
745 5358 885 5400 mea.
928 5363 948 5397 ι
1000 5343 1189 5410 Vides,
1233 5355 1294 5402 ut
1343 5349 1545 5404 eaedem
1598 5349 1889 5420 utrobique
1937 5368 2100 5408 voces

525 5445 831 5505 ponantur:
869 5453 937 5492 ne
965 5438 1287 5509 cogitemus,
1327 5441 1493 5494 alium
1527 5439 1792 5511 Spiritum
1826 5458 1921 5511 per
1966 5458 2097 5513 pro-

526 5531 763 5602 phetam,
809 5532 975 5585 alium
1023 5531 1221 5588 «ἰοειηηὶ
1273 5533 1442 5589 fuisse
1492 5535 1722 5589 dictum.
1774 5533 1980 5590 Deinde
2032 5552 2101 5592 ex

524 5619 671 5675 Luca
710 5621 861 5677 disce
899 5624 1042 5692 quod
1083 5626 1348 5695 scriptum
1397 5634 1499 5683 est.
1557 5624 1921 5696 Posteaquam
1951 5627 2098 5683 enim

595 5714 618 5748 ⁸
652 5711 811 5769 Joan.
846 5731 900 5778 ι,
936 5717 990 5771 5.

604 5804 742 5872 (17⁸)
767 5805 915 5875 Lege
950 5812 1077 5880 μήν,
1107 5816 1165 5863 ut
1199 5810 1307 5865 col.
1336 5809 1492 5865 1552.
1529 5810 1690 5865 Enn.

2216 4610 2465 4663 Ἰωάννου
2499 4607 2858 4679 θεασαμένου,
2902 4605 3151 4675 ἐπήγαγε
3190 4605 3291 4676 τὴν
3336 4605 3494 4676 παρὰ
3537 4605 3615 4676 τῷ
3663 4620 3786 4674 προ-

2204 4703 2348 4778 φήτῃ
2393 4700 2797 4774 σημαινομένην
2846 4702 3065 4771 φωνήνσ
3108 4717 3127 4749 t
3169 4692 3341 4763 Οὗτός
3388 4700 3543 4752 ἐστιν
3591 4699 3620 4751 6
3665 4696 3785 4757 Υἱός

2208 4813 2308 4867 μου
2350 4797 2380 4848 6
2430 4793 2731 4864 ἀγαπητὸς,
2777 4791 2859 4855 εἰς
2903 4787 2960 4843 ὃν
3001 4789 3293 4860 εὐδόκησεν
3343 4789 3378 4859 ἡ
3420 4787 3569 4858 ψυχή
3611 4801 3729 4857 μου.
3761 4802 3781 4834 ι

2218 4890 2401 4960 Ὁρᾷς,
2427 4888 2508 4941 ὃτι
2543 4887 2601 4940 αἱ
2638 4885 2799 4939 αὐταὶ
2825 4882 3000 4953 φωνώ⁸
3038 4884 3247 4936 κεῖνται
3266 4898 3280 4911 ο
3315 4881 3407 4934 ἵνα
3448 4879 3527 4951 μὴ
3555 4878 3680 4933 ἄλλο
3702 4874 3783 4929 διὰ

2203 4980 2297 5034 τοῦ
2325 4982 2602 5052 προφήτου
2634 4976 2876 5047 Πνεῦμα,
2912 4976 3006 5029 καὶ
3052 4972 3178 5026 ἄλλο
3207 4971 3285 5043 τῷ
3320 4973 3547 5046 Ἰωάννῃ
3569 4967 3781 5043 εἰρημέ-

2205 5090 2295 5126 νον
2328 5071 2893 5143 νοήσωμενιἜπειτα
2923 5068 3062 5139 μάθε
3093 5068 3188 5120 καὶ
3217 5064 3371 5136 παρὰ
3401 5064 3482 5137 τῷ
3510 5064 3707 5133 Aoum},
3731 5059 3780 5113 τε

2205 5165 2536 5234 γέγραπται.
2564 5163 2708 5221 Ὅτι.
2730 5159 3083 5221 κατελθόντος
3102 5157 3195 5211 τοῦ
3221 5157 3364 5211 Πνεύ
3372 5175 3544 5227 ματος
3567 5156 3656 5210 καὶ
3677 5151 3775 5224 psi

2206 5271 2395 5318 ναντος
2428 5253 2513 5307 ἐπ’
2553 5252 2736 5314 αὑτὸν,
2782 5251 2877 5304 καὶ¹
2907 5253 3009 5321 τῆς
3048 5248 3230 5318 φωνῆς
3258 5246 3584 5318 λεγομένης,
3608 5245 3778 5312 λέγει·

2213 5365 2232 5398 ι
2277 5330 2481 5418 Ἰησοῦς
2506 5344 2584 5409 δὲ,
2631 5342 2944 5412 Πνεύματος
2973 5340 3130 5409 ἁγίου
3177 5338 3417 5409 πλήρης,
3454 5332 3778 5406 ὑπέστρεψεν

2206 5440 2316 5494 ἀπὸ
2338 5437 2433 5492 τοῦ
2471 5437 2760 5511 Ἰορδάνου,
2789 5435 2886 5489 καὶ
2913 5433 3079 5504 ἧγετο
3100 5435 3157 5486 έν
3181 5432 3259 5503 τῷ
3283 5431 3566 5502 Πνεύματι
3590 5429 3662 5489 εἰς
3683 5420 3777 5491 τὴν

2207 5533 2413 5604 έρημον
2440 5530 2801 5603 πειρασθῆναι
2835 5526 2938 5581 ὑπὸ
2966 5524 3063 5580 τοῦ
3101 5522 3374 5578 διαϐόλου.
3415 5542 3434 5575 ι
3463 5516 3679 5576 Μακεδ.

2207 5602 2434 5698 Πνεῦμα
2478 5602 2665 5679 οὖντὸ
2705 5623 2859 5693 ἅγιον
2897 5616 3179 5692 πλήρωσις
3222 5618 3341 5673 ἐστι
3384 5615 3478 5670 τοῦ
3512 5602 3771 5686 Χριστοῦς

1064 5717 1084 5747 '
1122 5715 1228 5773 lsa.
1267 5732 1412 5775 ml.
1450 5719 1500 5772 l.
1577 5717 1599 5750 ⁸
1636 5718 1795 5773 Joan.
1831 5735 1880 5786 ιι,
1915 5719 2004 5775 55.
2082 5720 2103 5755 ⁸
2143 5718 2281 5777 ibid.
