3930 6526
129 387 275 445 1329

1179 391 1456 449 CONTRA
1499 392 1847 448 MACEDON.
1891 390 2234 447 DlALOGUS
2273 391 2338 446 ll.

3247 393 3385 450 £530

139 509 301 575 Ὀρθ.
344 507 402 559 '0
435 506 824 578 εὐαγγελιστὴς
853 506 1017 576 λέγει,
1048 508 1132 560 ὅτι
1167 506 1366 578 Ἰησοῦς
1399 503 1466 578 ἦν
1499 505 1712 578 πλήρης

1830 504 2054 576 Spiritus
2085 505 2369 560 descendit
2400 511 2454 557 et
2481 502 2683 558 mansit
2713 517 2878 573 super
2905 518 3052 567 eum,
3079 508 3133 558 et
3155 520 3260 559 vox
3289 522 3384 562 su-

126 598 453 669 Πνεύματος
517 599 694 666 ἁγίου.
761 598 980 652 Μακεδ.
1040 597 1238 660 Μεῖζον
1298 594 1390 651 οὖν
1443 597 1589 666 λέγει
1651 597 1713 650 τὸ

129 689 363 759 Πνεῦμα
408 689 502 741 τοῦ
552 689 704 741 Υίοῦ.
753 689 904 756 Ὀρθ.
952 690 1042 758 Μὴ
1088 689 1332 756 γένοιτοί
1381 688 1603 743 Mazaca.
1651 689 1713 740 Εί

129 781 455 851 ἐπλήρωσεν
487 780 617 832 αὐτὸ
654 780 744 832 τὸν
782 779 929 842 rm,
977 781 1024 832 εί
1062 779 1120 830 ὲν
1161 779 1237 850 τῷ
1264 777 1542 848 Πνεύματι
1588 779 1716 846 ἀγε-

127 890 246 937 ται,
285 871 466 942 μεῖζον
494 870 658 924 αὐτοῦ
689 873 854 924 ἐστιν.
902 871 1051 938 Ὀρθ.
1093 872 1202 924 Καὶ
1242 871 1402 924 πάλιν
1435 870 1595 939 λέγω,
1639 870 1714 941 μὴ

128 966 346 1034 γένοιτο
377 964 533 1018 τοῦτο
567 966 768 1016 είπεῖνῑ
801 963 916 1016 ἀλλ’
952 963 1140 1034 ὥσπερ
1171 964 1264 1016 ἐὰν
1291 963 1548 1035 ἀκούσῃς,
1579 964 1658 1016 ὅτι
1687 965 1715 1015 ὁ

131 1055 268 1118 Υἱὸς
316 1057 379 1108 ὲκ
425 1053 612 1118 δεξιῶν
664 1052 897 1124 κάθηται
947 1053 1039 1106 τοῦ
1089 1054 1322 1124 Πατρὸς,
1367 1053 1491 1106 οὔτε
1549 1055 1713 1107 τόπον

129 1151 277 1212 νοεῖς
313 1147 406 1200 ἐπὶ
435 1147 590 1211 θεὸν,
623 1145 746 1199 οὔτε
792 1146 1012 1216 μείζονα
1047 1147 1137 1200 τὸν
1169 1146 1294 1200 Υίὸν
1329 1150 1460 1218 ἡγῇ,
1501 1147 1613 1200 ἀλλ’
1650 1151 1715 1202 ὲκ

127 1238 231 1308 τῆς
283 1235 729 1308 ὑπερϐαλλούσης
775 1237 939 1307 τιμῆς
985 1236 1045 1289 τὸ
1096 1237 1291 1291 ταυτὸν
1348 1238 1449 1308 τῆς
1499 1237 1715 1306 φύσεως

128 1333 310 1395 νοεῖς·
361 1330 552 1394 οὕτως,
611 1331 706 1384 ἐὰν
749 1329 1008 1401 ἀκούσῃς,
1053 1331 1134 1383 ὅτι
1188 1333 1216 1383 ὁ
1256 1329 1463 1402 Ἰησοῦς
1504 1330 1716 1401 πλήρης

132 1422 455 1492 Πνεύματος
500 1421 679 1490 ἁγίου,
723 1419 797 1491 μὴ
837 1415 1124 1490 ἐλλείψεως
1153 1421 1428 1492 πλήρωσιν
1466 1420 1714 1492 νομίσῃς,

134 1516 278 1587 μήτε
324 1517 507 1587 μεῖζον
544 1515 605 1568 τὸ
645 1515 870 1586 Πνεῦμα
903 1515 1045 1586 ἡγῇ·
1071 1514 1184 1568 ἀλλ’
1214 1517 1276 1568 ὲκ
1305 1516 1405 1586 τῆς
1439 1514 1716 1587 ὑπερϐαλ-

129 1607 337 1679 λούσης
367 1610 531 1680 τιμῆς
558 1609 652 1661 καὶ
682 1607 928 1672 ὲνὼσεως
953 1609 1014 1662 τὸ
1039 1608 1200 1663 αὐτὸν
1229 1608 1328 1678 τῆς
1365 1607 1577 1677 φύσεως
1608 1607 1720 1661 νόει

131 1702 188 1752 ὲν
230 1699 382 1772 τρισὶ
410 1699 642 1764 τελείαις
667 1692 1053 1754 ὑποστάσεσιῖδ.
1085 1702 1206 1754 Ὅτι
1247 1700 1303 1753 δὲ
1331 1701 1416 1754 ἐπ’
1443 1699 1605 1754 αὐτὸν
1629 1698 1719 1753 τδν

133 1792 266 1844 Υίὸν
300 1793 420 1844 ἐστι
445 1792 506 1846 τὸ
540 1792 787 1863 Πνεῦμα,
817 1791 982 1846 ἄκουε
1009 1794 1103 1846 καὶ
1139 1792 1301 1846 αὑτοῦ
1332 1791 1579 1862 λέγοντος
1605 1796 1720 1856 τοῖς

144 1883 458 1948 Ἰουδαίοις·
507 1903 526 1936 ‹
582 1883 804 1955 Πνεῦμα
858 1884 1063 1956 Κυρίου
1119 1885 1206 1938 ἐπ’
1255 1884 1374 1955 ἐμὲ,
1415 1877 1475 1937 οὗ
1535 1885 1720 1938 ἕνεκεν

129 1975 324 2046 ἔχρισὲ
362 1994 462 2046 με·
502 1996 521 2028 ›
562 1978 654 2030 καὶ
684 1977 778 2030 τοῦ
816 1979 1028 2047 Πέτρου
1050 1993 1062 2006 ’
1102 1996 1120 2028 ι
1153 1978 1275 2030 Ὅτι
1307 1977 1522 2049 ἔχρισεν
1555 1976 1720 2033 αὑτὸν

128 2070 158 2121 ὁ
191 2067 331 2132 Θεὸς
361 2068 638 2140 Πνεύματι
686 2070 826 2141 ἁγίῳ
867 2071 961 2124 καὶ⁵
985 2070 1233 2141 δυνάμει.
1273 2090 1292 2123 ι
1321 2070 1541 2126 Μακεδ.
1580 2070 1720 2140 Ἐγὼ

130 2159 364 2231 ἀμαθής
391 2160 527 2231 είμι,
561 2161 678 2230 ἄγω
709 2161 802 2215 τὸν
840 2161 1157 2216 διδάσκαλόν
1200 2179 1323 2233 μου,
1357 2162 1447 2216 καὶ
1474 2162 1720 2232 διαλέγε-

127 2253 222 2305 ταί
253 2270 356 2307 σοι.
396 2255 547 2322 Ὀρθ.
575 2254 786 2308 Γὲνοιτό
811 2272 892 2307 σοι
915 2254 1008 2309 τὸν
1034 2255 1233 2326 εὐσεϐῆ
1261 2254 1517 2325 λογισμὸν
1540 2255 1722 2309 λαϐεῖν

130 2345 488 2400 διδάσκαλονί
531 2347 615 2400 ἵνα
664 2347 738 2418 μὴ
783 2345 1090 2418 ἀνθρώποις
1129 2345 1196 2418 ᾖς
1233 2347 1562 2412 ἀκολουθῶν,
1588 2345 1724 2402 ἀλλά

130 2437 213 2506 τῷ
252 2438 374 2510 Θεῷ
415 2437 496 2510 τῷ
536 2439 780 2510 εἰρηκότι
804 2457 818 2470 °
871 2459 889 2492 ι
923 2439 1301 2512 Πορευθέντες,
1349 2439 1724 2511 μαθητεύσατε

133 2529 319 2583 πάντα
355 2528 426 2583 τὰ
459 2529 607 2601 ἔθνη,
642 2530 991 2600 βαπτίζοντες
1024 2531 1218 2594 αὐτοὺς
1243 2533 1321 2594 εἰς
1343 2531 1403 2584 τὸ
1433 2531 1602 2602 ὄνομα
1628 2529 1722 2584 τοῦ

133 2617 376 2689 Πατρὺς,
407 2619 499 2673 καὶ
530 2618 624 2672 τοῦ
666 2619 820 2685 Υίοῦ,
861 2619 955 2674 καὶ
996 2619 1089 2673 τοῦ
1131 2619 1285 2688 ἁγίου
1330 2619 1665 2691 Πνεύματος.
1698 2639 1718 2672 ›

145 2709 205 2762 Ἀ
215 2711 346 2780 μήν.

133 2804 287 2873 piam
351 2803 759 2859 meditationem
794 2824 833 2862 .:

1816 614 1912 668 pra
1947 597 2092 652 dicta
2131 595 2319 650 audita
2363 579 2468 656 est,
2504 591 2820 663 subjungit:
2875 610 2893 643 ι
2925 590 3085 648 Jesus
3115 609 3242 649 vero
3271 596 3390 666 ple-

1815 708 1920 748 nus
1950 690 2155 761 Spiritu
2187 697 2401 750 sancto,
2438 701 2720 758 regressus
2746 695 2830 742 est
2859 701 2886 740 a
2918 684 3172 749 Iordane,
3207 695 3262 742 et
3290 688 3390 742 du-

1815 793 1936 839 ctus
1967 791 2050 838 est
2090 783 2142 836 in
2175 781 2452 836 desertum
2483 794 2513 832 a
2551 778 2782 848 Spiritu,
2819 787 2876 833 ut
2905 794 2934 832 a
2959 779 3176 834 diabolo
3215 787 3390 834 tenta-

1817 885 1967 932 retur
1995 877 2060 933 ‘°.
2096 896 2115 928 ι
2153 873 2361 929 Maced.
2390 872 2627 943 Spiritus
2653 879 2877 927 sanctus
2917 871 3082 942 igitur
3113 871 3388 926 Christum

1815 969 2002 1039 implet
2055 983 2118 1022 ac
2169 965 2431 1038 perficit?
2463 964 2616 1020 Orth.
2668 964 3012 1034 Evangelista
3063 963 3159 1027 ait,
3207 963 3390 1018 .Iesum

1819 1059 2025 1130 Spiritu
2055 1067 2247 1114 sancto
2283 1059 2498 1128 plenum
2530 1057 2719 1110 fuisse.
2752 1054 2958 1111 Maced.
2991 1055 3248 1126 Majorem
3289 1055 3393 1126 igi-

1817 1161 1907 1206 tur
1948 1150 2088 1205 Filio
2120 1150 2384 1222 Spiritum
2433 1149 2588 1203 dicit.
2643 1147 2796 1203 Orlh.
2828 1147 3016 1202 Absit!
3074 1146 3281 1201 Maced.
3337 1147 3395 1202 Si

1818 1243 1908 1297 ille
1944 1240 2140 1296 Filium
2195 1242 2459 1311 implevit,
2523 1241 2568 1295 si
2625 1256 2656 1293 a
2716 1239 2922 1308 Spiritu
2975 1239 3148 1296 Filius
3192 1242 3396 1311 agitur,

1818 1335 1991 1404 major
2016 1334 2136 1404 ipso
2165 1344 2248 1388 est
2275 1333 2534 1403 Spiritus.
2572 1331 2722 1388 Orth.
2754 1331 2950 1387 lterum
2977 1333 3089 1397 aio,
3123 1333 3306 1388 absit!
3339 1342 3401 1388 ut

1816 1428 1921 1482 hoc
1949 1428 2126 1483 dicam
2162 1428 2174 1480 !
2206 1426 2314 1481 Sed
2348 1424 2829 1495 quemadmodum,
2865 1440 2987 1478 cum
3015 1425 3170 1479 audis
3203 1423 3398 1497 Filium

1819 1518 2008 1575 sedere
2029 1517 2096 1571 ad
2118 1516 2395 1571 dexteram
2421 1514 2622 1576 Patris,
2652 1532 2828 1584 neque
2855 1516 3033 1569 locum
3057 1516 3200 1585 apud
3230 1515 3399 1570 Deum

1819 1612 2003 1666 animo
2033 1609 2302 1679 concipis,
2337 1624 2438 1664 nec
2475 1608 2737 1678 majorem
2775 1607 2970 1662 Filium
3004 1609 3306 1676 ducis,.sed
3333 1625 3406 1664 ex.

1821 1702 2096 1758 eminente
2123 1703 2334 1757 honore
2364 1708 2576 1756 naturae
2611 1701 2953 1756 identitatem
2983 1702 3247 1772 intelligis
3274 1722 3286 1757 :
3318 1704 3400 1757 sic

1822 1795 2050 1851 audiens
2083 1793 2270 1850 Iesum
2309 1795 2529 1864 plenum
2583 1793 2801 1864 Spiritu.
2845 1800 3057 1856 sancto,
3095 1809 3202 1847 non
3248 1792 3400 1848 defe-

1821 1895 1945 1943 ctus
1976 1885 2434 1958 complementum
2486 1895 2664 1955 putes,
2702 1901 2804 1941 nec
2843 1885 3104 1954 majorem
3140 1883 3402 1954 Spiritum

1823 1979 2127 2045 existimes,
2161 1979 2256 2036 sed
2283 1994 2351 2035 ex
2383 1979 2658 2034 eminente
2687 1979 2896 2034 honore
2916 1985 2980 2034 et
3004 1978 3226 2040 unione,
3254 1977 3403 2032 iden—

1826 2073 2035 2128 titatem
2083 2079 2294 2128 natura:
2331 2073 2514 2126 animo
2567 2073 2782 2141 collige,
2830 2072 2885 2126 in
2928 2071 3106 2126 tribus
3143 2069 3405 2140 perfectis

1828 2165 2236 2236 bypostasibus.
2269 2163 2427 2230 Quod
2469 2179 2600 2218 vero
2630 2178 2797 2232 super
2837 2162 3016 2232 ipsum
3045 2160 3242 2215 Filium
3279 2159 3405 2230 Spi-

1826 2256 1968 2312 ritus
1998 2257 2092 2321 sit,
2124 2257 2253 2311 audi
2285 2266 2338 2312 et
2378 2257 2558 2326 ipsum
2585 2253 2791 2310 Iudaeis
2826 2255 3136 2325 loquentem
3165 2272 3178 2308 :
3226 2271 3244 2305 ι
3277 2250 3406 2324 Spi-

1825 2344 1967 2400 ritus
1998 2343 2211 2399 Domini
2254 2360 2418 2415 super
2456 2359 2564 2408 me,
2599 2359 2664 2400 eo
2702 2344 2846 2414 quod
2883 2343 3100 2398 nnxerit
3142 2359 3229 2399 me
3260 2343 3338 2410 “;
3381 2362 3414 2396 »ι

1826 2442 1880 2490 et
1915 2435 2134 2492 Petrum
2164 2452 2175 2486 :
2212 2453 2230 2487 ι
2265 2435 2405 2501 Quia
2437 2436 2594 2489 unxit
2627 2435 2808 2505 ipsum
2848 2433 2992 2490 Deus
3019 2433 3226 2504 Spiritu
3273 2447 3403 2489 san-

1824 2535 1913 2582 cto
1935 2536 1992 2582 et
2015 2528 2217 2583 virtute
2239 2529 2327 2584 η’.
2353 2546 2372 2579 ›
2409 2526 2618 2583 Maced.
2650 2527 2762 2600 Ego
2795 2527 3097 2582 litterarum
3139 2541 3259 2581 sum
3302 2524 3406 2578 im-

1825 2619 2068 2690 peritus,
2127 2622 2448 2692 magistrum
2499 2635 2679 2675 meum
2729 2619 3019 2682 adducam,
3074 2617 3167 2688 qui
3227 2625 3405 2672 tecum

1825 2710 2089 2781 disputet.
2144 2710 2300 2768 Orth.
2355 2711 2575 2767 Utinam
2629 2712 2951 2782 magistrum
3007 2710 3104 2766 tibi
3155 2723 3408 2765 accersas

887 2820 956 2859 ne
1005 2804 1254 2860 homines
1308 2805 1578 2875 sequaris,
1633 2803 1730 2860 sed
1785 2802 1978 2873 Deum,
2046 2806 2141 2877 qui
2185 2806 2364 2861 dixit:
2397 2825 2416 2858 ‹
2462 2805 2670 2862 Euntes
2718 2805 2907 2860 docete
2945 2818 3137 2859 omnes
3179 2810 3390 2873 gentes,

136 2899 490 2970 baptizantes
517 2915 633 2967 eos,
667 2901 723 2955 in
762 2901 984 2956 nomine
1016 2900 1218 2962 Patris,
1245 2909 1299 2957 et
1332 2901 1478 2966 Filii,
1511 2909 1568 2957 et
1600 2899 1838 2972 Spiritus
1867 2903 2125 2959 sancti".
2170 2923 2190 2957 ι
2221 2905 2415 2960 Amen.

511 3016 649 3070 ΤΟΥ
695 3017 929 3071 ΑΥΤΟΥ
975 3017 1368 3072 ΑΘΑΝΑΣΙΟΥ

145 3125 358 3193 Ἑτέρα
397 3127 664 3194 διάλεξις
706 3129 856 3197 πρὸς
898 3129 1380 3197 Μακεδονιανὸν,
1424 3130 1558 3197 περὶ
1591 3129 1723 3194 τοῦ,

2258 3017 2328 3073 EJ
2340 3016 2567 3073 USDEM
2615 3013 2986 3071 ATHANASII

1835 3133 2132 3203 Disputalio
2184 3134 2295 3188 alia
2345 3134 2594 3187 adversus
2645 3129 3106 3203 Macedoniauum,
3157 3126 3221 3180 de
3266 3143 3409 3196 qua:-

204 3199 266 3250 ει
317 3199 572 3266 ὲφόρεσε
621 3198 793 3269 σῶμα
837 3199 1118 3270 ἔμψυχον
1170 3204 1203 3255 ὀ
1255 3200 1361 3255 τοῦ
1419 3200 1568 3255 Θεοῦ
1616 3203 1725 3256 Λό-

1903 3198 2092 3285 εζίοῃο,
2143 3221 2213 3258 an
2264 3203 2363 3258 Dei
2415 3203 2640 3258 Verbum
2679 3217 2866 3264 corpus
2911 3202 3205 3252 animatum
3236 3206 3410 3268 gesta-

206 3307 321 3358 τος
351 3293 483 3364 (13)-

657 3409 1220 3463 ΜΑΚΕΔΟΝῙΑΝΟΣ.

211 3521 294 3574 Οὐ
331 3521 490 3592 μόνον
521 3522 819 3592 σφάλλεσθε
848 3524 1119 3592 λέγοντες,
1151 3526 1231 3577 ὅτι
1263 3523 1544 3593 ὀμοούσιός
1585 3525 1732 3578 ἐστιν

134 3613 166 3664 ὀ
205 3610 346 3676 Υἱὸς
368 3611 447 3683 τῷ
472 3613 666 3684 ﬂat-cpi,
697 3612 812 3666 ἀλλ’
849 3613 929 3667 ὅτι
958 3614 1051 3666 καὶ
1081 3613 1258 3684 ψυχὴν
1286 3608 1397 3683 εἶχε
1430 3613 1731 3684 σαρκωθεῖς

134 3707 168 3758 ὁ
211 3703 444 3776 Κύριος.
505 3705 910 3759 ΟΡΘΟΔΟΞΟΣ.
959 3705 1032 3758 Οὐ
1071 3705 1230 3776 μόνον
1272 3704 1601 3776 εὑσεϐοὖμεν
1646 3704 1733 3758 λέ-

136 3810 359 3862 τοντες,
397 3795 478 3848 ὅτι
520 3793 802 3866 ὁμοούσιός
847 3795 994 3848 ἐστιν
1033 3797 1061 3848 ὁ
1103 3795 1230 3858 Υἱὸς
1267 3794 1345 3865 τῷ
1389 3795 1582 3865 Πατρὶ,
1618 3793 1731 3847 ἀλλ’

135 3887 226 3939 ὅτι
265 3886 363 3940 καὶ
396 3885 573 3956 ψυχὴν
594 3883 705 3958 εἶχε
747 3886 1068 3959 σαρκωθείς.
1104 3886 1266 3940 Οὐδὲν
1296 3885 1352 3939 δὲ
1389 3885 1531 3956 μέγα
1560 3889 1733 3949 ποιεῖς

137 3978 484 4049 ἀρνούμενος
509 3978 571 4031 τὸ
597 3979 899 4050 ὀμοούσιον,
929 3983 976 4034 ei
996 3980 1172 4050 ψυχὴν
1211 3979 1372 4034 αὑτὸν
1398 3979 1540 4050 ἔχειν
1573 3979 1729 4051 ἀρνῇ.

138 4066 322 4120 Τοῦτο
352 4067 460 4138 γάρ
493 4069 636 4122 ἐστιν
670 4068 799 4122 ἴδιον
835 4068 943 4122 τῶν
978 4069 1039 4122 τὸ
1071 4068 1377 4140 ἑτερούσιον
1415 4067 1510 4122 καὶ
1537 4067 1598 4120 τὸ
1643 4068 1734 4120 ἀν-

137 4159 337 4230 όμοιον
366 4157 650 4226 λεγόντων.
690 4161 809 4213 Ἵνα
850 4160 958 4230 γὰρ
996 4159 1246 4232 παθητὴν
1293 4160 1391 4232 τὴν
1424 4159 1612 4213 οὐσίαν
1637 4159 1732 4214 τοῦ

137 4247 493 4316 Μονογενοῦς
528 4249 774 4311 εἴπωσιν,
807 4249 1012 4321 ἄψυχον
1039 4249 1279 4318 λέγουσι,
1318 4251 1413 4303 καὶ
1449 4251 1513 4303 ὲκ
1543 4250 1733 4304 τούτου

139 4339 621 4404 κατασκευάζουσι
642 4341 703 4394 τὺ
732 4342 1002 4413 ἀνόμοιον.
1030 4344 1249 4397 Μαικεδ.
1285 4342 1424 4395 Ἀλλ’
1456 4344 1616 4413 ἡμεῖς
1650 4344 1736 4396 ἀν-

134 4435 337 4505 όμοιον
364 4433 463 4504 μὲν
491 4433 550 4487 οὐ
569 4434 818 4506 λέγομεν,
840 4434 1044 4505 ἄψυχον
1070 4435 1124 4489 δὲ
1138 4436 1386 4506 λέγομεν.
1407 4435 1561 4503 Ὀρθ.
1578 4437 1736 4506 Ὁμο-

135 4526 353 4594 λογεῖς,
400 4527 482 4580 ὅτι
527 4527 676 4598 παρά
715 4526 791 4597 τῷ
833 4526 1048 4598 θανάτῳ
1089 4527 1289 4598 ἤρξατο
1327 4527 1609 4580 λυπεῖσθαι
1642 4529 1736 4580 καὶ

1907 3275 1977 3328 rit
1998 3275 2022 3328 ?

2349 3383 2905 3442 MACEDONIANUS.

1906 3498 2025 3553 Non
2069 3501 2269 3556 erratis
2310 3509 2545 3568 tantum,
2577 3497 2724 3569 quod
2759 3495 3282 3552 consubstantialem
3310 3493 3414 3547 Pa-

1836 3591 1906 3645 tri
1935 3590 2127 3646 Filium
2157 3607 2280 3648 esse
2320 3591 2558 3646 dicatis:
2599 3589 2694 3645 sed
2740 3590 2904 3645 etiam
2934 3589 3081 3658 quod
3120 3587 3411 3642 Dominum

1838 3683 2186 3737 incarnatum
2246 3682 2482 3736 animam
2527 3696 2743 3752 quoque
2794 3677 3055 3733 habuisse
3113 3675 3408 3730 aliirmetis.

1839 3775 2329 3831 ORTHODOXUS.
2367 3773 2488 3834 Non
2513 3773 2675 3830 modo
2697 3771 2950 3842 religiose
2976 3769 3264 3830 sentimus,
3287 3782 3410 3821 cum

1839 3864 1985 3919 Patri
2035 3865 2556 3921 consubstantialem
2603 3877 2724 3918 esse
2766 3859 3003 3914 Filium:
3057 3856 3151 3913 sed
3193 3863 3247 3911 et
3289 3870 3413 3908 cum

1839 3973 1963 4012 eum
2002 3957 2348 4012 incarnatum
2381 3956 2617 4010 animam
2647 3951 2906 4008 habuisse
2939 3948 3282 4005 confitemur.
3308 3944 3416 4002 Nc-

1841 4066 1946 4120 que
1993 4065 2123 4104 vero
2162 4049 2342 4120 magni
2374 4048 2505 4119 quid
2554 4047 2750 4103 feceris
2788 4042 3412 4101 consubstantialitatem

1841 4157 2068 4212 negans,
2093 4142 2139 4196 si
2161 4142 2394 4195 animam
2426 4154 2549 4194 eum
2578 4137 2776 4192 habere
2798 4135 3103 4207 negaveris.
3130 4131 3244 4186 Hoc
3269 4130 3415 4185 enim

1840 4251 2030 4291 eorum
2073 4243 2157 4290 est
2196 4232 2498 4305 proprium,
2546 4231 2638 4301 qui
2685 4229 3007 4287 substantia:
3042 4225 3414 4282 diversitatem

1841 4335 1895 4382 et
1921 4325 2420 4381 dissimilitudinem
2456 4331 2726 4379 asserunt.
2759 4321 2835 4377 Ut
2876 4322 3021 4378 enim
3053 4318 3416 4376 substantiam

1843 4419 2114 4492 Unigeniti
2138 4420 2322 4476 dicant
2345 4433 2468 4474 esse
2492 4417 2790 4488 patibilem,
2813 4412 3166 4469 inanimatam
3193 4425 3311 4465 eam
3337 4407 3419 4488 dij-

1842 4520 1992 4578 cunt,
2022 4519 2186 4582 atque
2217 4511 2344 4565 inde
2369 4507 2871 4564 dissimilitudinem
2909 4504 3232 4560 substantize
3265 4495 3421 4556 comi

135 4593 465 4688 ἀδημονεῖν,
507 4619 582 4683 ὼς
610 4593 680 4674 ’ὲν
711 4593 790 4690 τῷ
823 4620 964 4672 κατὰ
997 4593 1271 4672 Ιίίατθαῖον
1302 4619 1616 4689 Εὐαγγελίῳ
1649 4619 1725 4687 γέ-

1844 4605 2230 4659 miniscuntur.
2258 4600 2467 4656 Maced.
2492 4599 2603 4655 Nos
2623 4616 2752 4655 vero
2774 4595 3274 4654 dissimilitudinem
3297 4593 3420 4650 sub-

136 4724 423 4779 γραπται,
460 4708 554 4762 καὶ
597 4711 655 4762 ὲν
685 4708 766 4780 τῷ
802 4709 942 4763 κατά
967 4708 1211 4778 Μάρκον,
1245 4707 1484 4780 Ἤρξατο
1516 4707 1715 4778 θαμϐεῖ

139 4802 279 4855 σθαι
337 4801 432 4854 καὶ
489 4801 823 4871 ἀδημονεῖνς
874 4800 1094 4854 Μακεδ.
1153 4799 1279 4852 Ναί.
1360 4800 1507 4866 Ὀρθ.
1586 4801 1739 4872 Ἄδη-

141 4893 310 4962 μονεῖ
359 4890 415 4942 δὲ
454 4891 549 4943 καὶ
579 4889 935 4960 ὲκθαμὸεἰται
975 4889 1165 4960 θεότης
1204 4889 1294 4942 τὸν
1334 4889 1642 4962 θάνατον,ἢ
1676 4893 1737 4944 τὸ

139 4988 363 5057 ἄψυχον
393 4984 588 5057 σῶμα;
618 4985 839 5040 Μακεδ.
868 4973 1118 5057 Δηλονότι
1151 4987 1184 5056 ἡ
1227 4983 1416 5055 θεότης
1459 5000 1736 5055 σεσαρκω-

143 5079 317 5150 μένη.
363 5077 505 5145 Ὀρθ.
570 5076 842 5148 Ἀνόμοιος
898 5076 1004 5148 ἄρα
1045 5078 1079 5147 ἡ
1143 5073 1233 5128 τοῦ
1270 5074 1401 5127 Υἱοῦ
1437 5073 1624 5145 θεότης
1666 5077 1733 5146 τῇ

139 5170 248 5227 τοῦ
301 5169 516 5242 Πατρὸς
559 5168 806 5241 θεὸτητι;
862 5168 1085 5224 Μακεδ.
1137 5169 1229 5240 Μὴ
1275 5167 1516 5236 γένοιτοῑ
1589 5167 1733 5235 Ὀρθ.

144 5263 218 5316 Εἰ
277 5262 538 5333 ἀδημονεῖ
592 5263 686 5316 καὶ
743 5261 1095 5333 ὲκθαμὸεῖται
1151 5260 1242 5313 τὸν
1313 5259 1565 5324 θάνατον,
1621 5258 1738 5323 πῶς

141 5354 383 5409 δύναται
433 5355 614 5425 ὅμοιος
669 5349 806 5408 εἶναι
857 5355 950 5408 καὶ⁵
1002 5352 1417 5426 ἀπαράλλακτος
1466 5350 1544 5422 τῷ
1606 5353 1740 5423 μήτε

145 5446 540 5518 ἀδημονοῦντι,
579 5449 716 5519 μήτε
741 5445 1083 5516 λυπουμένῳ,
1111 5445 1249 5516 μήτε
1276 5442 1738 5514 ὲκθαμόουμένῳ;

143 5539 389 5596 Mazaei.
425 5541 644 5610 Ἐπειδὴ
677 5540 836 5611 σῶμα
878 5537 1214 5610 ἀνθρώπινον
1256 5537 1433 5609 ἔσχεν,
1468 5536 1743 5608 ἀδημονεῖ.

1840 4697 2057 4753 stantia;
2072 4713 2178 4751 non
2195 4697 2450 4759 dicimus,
2465 4693 2560 4748 sed
2579 4693 2760 4746 anima
2776 4705 2964 4746 carere
2979 4689 3231 4744 dicimus.
3262 4684 3415 4740 Orta.

1839 4791 2122 4847 Faterisne
2152 4790 2434 4846 Christum
2460 4788 2512 4840 in
2533 4785 2725 4840 mortis
2750 4798 2922 4853 agone
2948 4781 3182 4850 cmpisse
3213 4777 3421 4832 contri—

1839 4885 1973 4940 stari
1991 4882 2158 4955 489
2172 4890 2225 4937 et
2248 4888 2476 4935 maestus
2502 4894 2649 4940 esse,
2668 4885 2728 4932 ut
2746 4876 2801 4930 in
2825 4873 3116 4944 Evangelio
3136 4870 3419 4925 Matthaeus

1837 4977 2021 5037 habet,
2059 4974 2236 5044 Coepit
2271 4971 2584 5028 contristari
2641 4979 2693 5025 et
2761 4979 2991 5021 moestus
3044 4979 3190 5031 esse,
3243 4969 3298 5016 et
3361 4969 3420 5014 ut

1839 5066 2079 5129 Marcus,
2113 5065 2291 5135 Coepit
2338 5079 2536 5134 pavere
2595 5069 2649 5117 et
2701 5057 2933 5127 trederef?
2963 5055 3175 5113 Maced.
3218 5051 3416 5107 Etiam.

1844 5159 1996 5216 Orth.
2032 5157 2227 5213 Utrum
2257 5163 2452 5211 mmsta
2474 5162 2558 5210 est
2590 5162 2642 5208 et
2668 5164 2897 5209 mortem
2941 5156 3102 5223 pavet
3131 5144 3415 5204 divinitas,

1827 5269 1913 5306 ὀη
1947 5267 2145 5322 corpus
2175 5247 2734 5304 animatum?Maced.
2759 5245 3025 5301 Divinitas
3054 5250 3202 5296 certe
3231 5238 3424 5330 incaro‘

1845 5356 1994 5403 nata.
2031 5345 2182 5402 Orth.
2213 5344 2337 5398 Filii
2371 5343 2537 5413 igitur
2567 5339 2828 5394 divinitas
2867 5332 3154 5392 dissimilis
3183 5336 3266 5386 est
3298 5327 3418 5382 dei;

1846 5440 1941 5495 tati
1974 5438 2188 5493 Patris?
2228 5434 2435 5489 Maced.
2475 5430 2666 5487 Absit!
2703 5429 2855 5486 Ortla.
2913 5426 2973 5481 Si
3014 5429 3208 5479 mmsta
3246 5425 3331 5476 est
3363 5423 3420 5472 et

1791 5555 1800 5565 ο
1850 5541 2009 5604 pavet
2040 5538 2293 5593 mortem,
2326 5527 2608 5600 quomodo
2633 5524 2829 5581 similis
2861 5536 2957 5593 per
2999 5518 3180 5576 omnia
3215 5513 3319 5570 erit
3366 5508 3420 5565 el

231 5698 282 5732 ¹⁶
325 5696 458 5751 Luc.
492 5712 568 5763 tv,
602 5696 669 5760 ι,
700 5695 755 5749 2.
838 5695 878 5726 ¹¹
920 5693 1053 5750 Luc.
1086 5710 1160 5757 ιν,
1192 5693 1282 5750 18.
1361 5694 1429 5725 ¹¹⁶
1447 5690 1570 5746 Act.
1602 5707 1656 5756 x,
1685 5690 1725 5746 5:

1853 5689 1896 5720 "
1937 5687 2126 5743 Matth.
2164 5701 2359 5752 xxvut,
2394 5683 2483 5739 l9.

239 5853 355 5927 (18)
401 5853 460 5909 In
501 5855 658 5911 titulo
704 5850 922 5920 Dialogl'
959 5851 1138 5908 Palat.
1182 5850 1366 5916 habet,
1418 5848 1711 5920 κεφάλαιον

1836 5859 2013 5917 τερον.
