3976 6388
238 353 375 409 I353

1318 350 1593 407 CONTRA
1635 352 1986 411 MACEDON.
2030 354 2377 412 DIALOGUS
2414 354 2478 410 ll.

3347 349 3480 406 1534

231 467 352 536 νην.
397 463 535 518 υῦτε
580 463 687 536 γὰρ
733 462 909 535 ψυχὴν
954 463 1093 534 ἔχων
1137 465 1166 516 6
1209 465 1399 538 Πατὴρ
1448 467 1626 536 λέγει’
1669 486 1687 519 ι
1719 468 1802 530 Et;

1917 476 2054 526 trem
2081 471 2182 527 ista
2217 471 2460 526 locutum
2494 469 2664 525 fuisse
2682 471 2934 525 dicimus.
2967 468 3150 538 Neque
3167 467 3311 524 enim
3333 454 3480 536 quod

229 556 290 611 ὃν
333 557 633 628 ηὑδότησεν
662 559 695 628 η
729 557 873 627 ψυχή
910 574 1007 626 μου
1028 574 1040 587 ⁸
1065 576 1083 608 ι
1125 556 1272 621 οὔτε,
1315 558 1390 622 ὡς
1423 560 1488 613 σὺ
1522 559 1804 629 νενόηκας,

229 647 363 719 περὶ
394 649 493 719 τῆς
533 646 642 700 τῶν
682 645 980 716 ἀνθρώπων
1007 645 1183 716 ψυχῆς
1215 647 1380 717 λέγει.
1421 649 1564 716 Ὀρθ.
1589 648 1805 719 Δῶμεν,

229 739 313 792 ὅτι
357 737 805 810 καταχρηστικῶς
860 736 1073 808 εἴρηται
1121 738 1372 810 περὶτοῦ
1413 739 1652 811 Πατρός’
1698 736 1807 810 ἆρα

230 829 328 882 καὶ
360 830 487 902 περὶ
513 829 606 882 τοῦ
641 828 768 881 Υἱοῦ
812 831 1262 900 καταχρηστικῶς
1301 831 1547 903 εῖρηταις
1583 831 1803 886 Μακεδ.

231 919 360 974 Ναί.
403 920 556 988 Ὀρθ.
595 919 718 972 Ἐὰν
775 915 868 972 οὖν
901 921 995 973 καὶ
1059 920 1343 993 ἄνθρωπος
1373 922 1596 995 λέγηται
1629 925 1657 976 6
1698 925 1809 977 Πα-

227 1013 358 1086 τὴρ,
399 1013 849 1086 καταχρηστικῶς
879 1013 1129 1086 εῐρηταιο
1165 1015 1259 1068 καὶ
1304 1019 1352 1069 εί
1387 1018 1514 1088 περὶ
1553 1016 1648 1070 τοῦ
1691 1019 1806 1070 Πα-

230 1106 376 1176 τρὸς,
416 1103 524 1177 ἄρα
576 1105 670 1158 καὶ⁵
715 1107 806 1160 τὸν
845 1106 970 1159 Υίὸν
1021 1108 1475 1178 καταχρηστικῶς
1521 1108 1804 1181 ἄνθρωπον

227 1196 485 1269 λέξομεν;
529 1197 746 1253 Μακεὸ.
794 1198 903 1252 Ποῦ
940 1199 1249 1270 γέγραπται
1294 1201 1748 1271 καταχρηστικῶς
1780 1204 1808 1255 6

231 1290 422 1361 Πατὴρ
494 1289 810 1360 ἄνθρωπος;
884 1292 1038 1359 Ὀρθ,
1112 1293 1283 1356 Αὐτὸς
1333 1294 1362 1345 6
1399 1291 1527 1354 Υἱὸς
1580 1293 1638 1346 ὲν
1694 1297 1808 1358 τοῖς

231 1381 582 1450 Εὑαγγελίοις
627 1382 774 1451 λέγει
821 1383 980 1436 αὐτὸν
1033 1383 1336 1455 ἄνθρωπον.
1381 1387 1602 1439 Μακεό.
1651 1386 1809 1442 Ἀνά-

229 1473 398 1542 γνωθί
441 1491 531 1545 μοι
571 1474 670 1528 ποῦ
704 1475 866 1529 αὑτὸν
905 1475 1050 1546 λέγει
1094 1477 1402 1550 ἄνθρωπον.
1444 1479 1600 1548 Ὀρθ.
1639 1481 1808 1534 Ὅταν

227 1565 382 1637 λέγῃ,
421 1585 442 1616 ι
475 1564 792 1638 ’Ἄνθρωπός
823 1584 905 1631 τις
957 1568 1178 1640 ἐποίησε
1215 1571 1427 1640 γάμους
1461 1571 1538 1642 τῷ
1576 1572 1676 1643 υίῷ
1712 1574 1808 1626 αὐ-

229 1657 344 1721 τοῦ,
366 1675 385 1708 ι
420 1658 569 1710 ποῖον
595 1657 740 1727 λέγει
773 1659 1090 1732 ἀνθρωπον;
1125 1662 1236 1715 Καὶ
1264 1662 1392 1715 ὅταν
1419 1662 1551 1734 λέγῃ
1571 1680 1585 1694 ·
1627 1681 1646 1715 ι
1680 1665 1805 1717 "Av-

227 1747 450 1819 θρωπός
476 1765 560 1812 τις
587 1749 885 1818 ἐφύτευσεν
917 1751 1236 1822 ἀμπελῶνα,
1277 1755 1370 1806 καὶ
1402 1754 1610 1821 ἐξέδοτο
1645 1756 1805 1810 αὐτὸν

1911 561 2147 615 animam
2209 561 2428 625 habeat,
2476 559 2646 616 dicit:
2687 579 2705 612 ι
2734 558 2794 614 In
2837 575 2946 630 quo
2991 559 3097 613 sibi
3155 554 3482 626 complacuit

1910 652 2089 707 anima
2119 669 2278 709 mea:
2316 671 2335 704 ι
2361 669 2538 722 neque
2571 653 2637 709 de
2680 653 2860 706 anima
2903 651 3183 706 hominum
3217 649 3478 717 loquitur,

1911 755 2048 801 uttu
2099 747 2317 817 quidem
2364 746 2667 802 existimas.
2708 743 2862 801 Orth.
2903 743 3200 815 lmpropric
3242 741 3482 796 animam

1908 837 2056 892 Patri
2091 838 2258 893 tribui
2302 838 2694 898 concedamus,
2728 836 2974 906 nunquid
3003 836 3152 890 etde
3191 832 3330 889 Filio
3375 832 3480 886 im-

1908 929 2168 1000 proprie?
2197 927 2406 983 Maced.
2431 928 2631 982 Etiam.
2663 926 2817 983 Orth.
2850 925 2991 992 Quid
3014 927 3059 981 si
3096 934 3276 980 autem
3318 922 3482 978 Patcr

1908 1023 2072 1076 homo
2093 1022 2330 1085 dicatur,
2365 1029 2420 1076 et
2443 1022 2486 1076 si
2519 1021 2814 1091 improprie
2834 1019 2996 1074 Pater
3023 1019 3246 1081 dicitur,
3266 1033 3395 1072 num
3425 1023 3481 1070 et

1907 1109 2079 1166 Filius
2101 1111 2399 1180 improprie
2441 1111 2606 1164 homo
2653 1109 2909 1164 dicetur?
2935 1107 3144 1162 Maced.
3183 1108 3290 1164 Ubi
3339 1106 3478 1162 scri-

1908 1214 2058 1272 ptum
2084 1211 2168 1255 est
2201 1199 2420 1254 Patrem
2464 1200 2763 1270 imprOprie
2802 1215 2925 1254 esse
2971 1199 3279 1253 hominem?
3321 1196 3478 1253 Orth.

1907 1289 2262 1362 MFilius
2286 1292 2401 1359 ipse
2434 1291 2488 1344 in
2523 1289 2838 1360 Evangeliis
2871 1290 3149 1344 hominem
3177 1291 3356 1359 ipsum
3390 1303 3481 1342 vo-

1906 1388 2016 1434 cat.
2041 1379 2250 1434 Maced.
2292 1379 2498 1434 Locum
2539 1380 2677 1449 lege,
2711 1394 2820 1450 quo
2853 1379 3029 1450 ipsum
3072 1379 3344 1434 hominem
3388 1395 3480 1432 vo-

1906 1480 2015 1528 cat.
2050 1472 2200 1530 Orth.
2225 1473 2458 1540 Quando
2511 1472 2665 1538 dicit,
2704 1490 2723 1523 ι
2764 1471 2938 1528 Homo
2966 1472 3185 1543 quidam
3213 1471 3344 1526 fecit
3373 1488 3480 1527 nu-

1906 1567 2049 1637 ptias
2081 1565 2188 1620 filio
2218 1566 2389 1629 suo“,
2420 1583 2438 1616 ι
2460 1565 2677 1635 qualem
2714 1564 2989 1619 hominem
3016 1562 3184 1618 dicit?
3216 1562 3282 1616 Et
3305 1577 3481 1633 quan-

1905 1659 1977 1713 do
2033 1660 2184 1724 dicit,
2220 1675 2239 1706 ι
2270 1658 2445 1713 Ilomo
2467 1659 2693 1728 quidam
2728 1658 2995 1729 plantavit
3034 1659 3269 1720 vineam,
3302 1665 3354 1710 et
3399 1655 3481 1709 lo-

1906 1752 2184 1805 caviteam
2205 1752 2531 1822 agricolis“,
2565 1770 2583 1802 ι
2616 1751 2830 1822 qualem
2872 1750 3130 1818 intelligis
3163 1747 3484 1804 hominem?

229 1845 493 1912 γεωργοῖς
512 1881 526 1906 ,
565 1861 583 1893 ι
642 1848 792 1898 ποῖον
853 1848 991 1910 νοεῖς
1062 1845 1384 1918 ἄνθρωπον;
1444 1847 1664 1902 Μακεδ.
1717 1849 1802 1902 Ἐν

1905 1839 2116 1897 Μαεεά,
2159 1842 2220 1897 ln
2266 1843 2528 1913 parabola
2559 1841 2805 1896 Patrem.
2837 1840 2990 1897 Orth.
3035 1841 3247 1910 Ergone
3293 1841 3479 1912 igitur,

227 1933 513 2004 παραϐολῇ
549 1935 640 1988 τὸν
678 1937 929 2008 Πατέρα.
995 1939 1149 2006 Ὀρθ.
1206 1934 1356 2010 Ἀρα
1383 1934 1497 2005 οὖν,
1530 1939 1715 2012 ἐπειδὴ
1745 1941 1803 1995 ὲν

226 2027 564 2098 παρασολαῖς
619 2028 708 2082 τὸν
759 2031 981 2101 Πατέρα
1037 2032 1186 2100 λέγει
1239 2033 1544 2105 ἄνθρωπον,
1599 2033 1694 2087 καὶ
1747 2035 1804 2088 ἐν

223 2118 364 2190 αὐτῇ
412 2122 478 2190 τῇ
531 2120 812 2193 παραϐολῇ
866 2124 961 2176 καὶ
1004 2125 1194 2178 ἑαυτὸν
1245 2126 1478 2196 Χριστὸν
1523 2125 1805 2194 ἄνθρωπον

230 2207 370 2277 μετά
415 2209 542 2273 τοὺς
573 2209 796 2275 δούλους
828 2213 1258 2284 ἀπεσταλμένον,
1307 2215 1554 2286 εἴποιμεν
1602 2215 1670 2270 ἂν
1711 2219 1806 2269 καὶ

225 2297 388 2350 αὑτὸν
436 2299 528 2353 τὸν
587 2301 714 2356 Υίὸν
765 2305 1220 2375 καταχρηστικῶς
1289 2306 1803 2378 ὲνηνθρωπηκέναι;

226 2387 448 2441 Mazaca.
502 2391 593 2461 Μὴ
645 2391 886 2460 γένοιτοί
958 2395 1112 2462 Ὀρθ.
1191 2397 1317 2450 Ἐὰν
1377 2397 1432 2450 δὲ
1481 2397 1805 2470 ἀκούσωμεν

225 2479 520 2550 πρόσωπον
545 2483 773 2556 Πατρὸς,
799 2485 826 2538 ὃ
860 2485 1147 2556 βλέπουσιν
1172 2489 1390 2557 ἄγγελοι
1418 2489 1525 2543 τῶν
1559 2493 1804 2557 παιδίων,

225 2572 299 2636 ὡς
349 2575 408 2626 ὲν
442 2575 798 2644 Εὑαγγελίοις
843 2580 1186 2652 γέγραπταιο
1238 2583 1558 2654 ἀκούσωμεν
1599 2585 1656 2637 δὲ
1712 2587 1806 2639 καὶ

227 2665 524 2720 πρόσωπον
562 2669 713 2732 Υἱοῦ,
760 2669 788 2722 ὃ
821 2671 1058 2742 ἔλαμψεν
1100 2675 1158 2727 ἐν
1208 2673 1285 2746 τῷ
1327 2675 1470 2746 ὄρει,
1503 2677 1597 2730 καὶ
1641 2679 1806 2749 esse-

225 2776 381 2812 τ.ισεν
417 2763 446 2814 6
473 2762 787 2835 ὑπηρέτης·
817 2764 991 2830 οὕτως
1037 2766 1340 2839 ἀκούσομεν
1385 2769 1494 2822 τῶν
1541 2787 1806 2841 σημαινο-

229 2851 440 2918 μένωνς
469 2851 504 2923 ἢ
540 2853 602 2906 τὸ
636 2855 735 2924 μὲν
781 2854 1028 2926 σώματος
1078 2857 1400 2927 πρόσωπον,
1433 2859 1494 2912 τὸ
1531 2861 1587 2913 δὲ
1632 2877 1804 2913 κατα-

225 2943 537 3012 χρηστικῶς
557 2946 892 3018 ὀνομάσομεν
916 2948 1222 3018 πρόσωπον,
1250 2951 1278 3004 ὅ
1304 2952 1451 3004 ἐστιν
1473 2952 1768 3018 ὑπόστασις
1788 2971 1803 3020 ;

225 3029 448 3083 Μακεὸ.
485 3031 960 3105 Ὀμολογουμένως
987 3036 1161 3102 ἄλλως
1191 3040 1282 3092 ἐπὶ
1314 3040 1407 3093 τοῦ
1439 3043 1674 3114 Πατρὸς,
1711 3046 1804 3098 καὶ

224 3119 398 3184 ἄλλως
445 3124 538 3176 ἐπὶ
571 3123 664 3176 τοῦ
699 3124 851 3184 Υἱοῦ.
896 3128 1046 3195 Ὀρθ.
1093 3129 1206 3183 Οὐκ
1257 3130 1385 3203 ἄρα,
1419 3134 1513 3186 καὶ
1558 3137 1606 3188 εί
1673 3137 1802 3209 περὶ

224 3211 316 3264 τοῦ
355 3214 569 3285 Πατρὸς
611 3219 1062 3289 καταχρηστικῶς
1113 3222 1325 3292 εἴρηται
1375 3223 1554 3295 ψυχὴ,
1587 3226 1802 3294 πάντως

223 3303 316 3355 καὶ
352 3304 480 3374 περὶ
521 3305 617 3359 τοῦ
667 3308 828 3362 Υίοῦο
872 3311 1186 3382 Μανιχαίων
1218 3314 1327 3388 γὰρ
1357 3316 1498 3389 αὕτη
1529 3320 1562 3390 η
1605 3320 1799 3391 μανία,

224 3394 282 3446 τὸ
312 3393 491 3462 λέγειν
524 3395 599 3467 μὴ
651 3398 1130 3472 ὲνηνθρωπηκέναι
1182 3402 1274 3456 τὸν
1328 3405 1458 3460 Υἱὸν
1500 3406 1593 3460 τοῦ
1644 3408 1798 3463 Θεοῦ.

224 3487 447 3543 Μακεδ.
485 3489 993 3564 Ἐνηνθρωπηκέναι
1032 3493 1291 3565 λέγομεν·
1325 3497 1439 3550 ἀλλ’
1466 3500 1586 3570 οὐχὶ
1623 3501 1800 3574 ψυχὴν

226 3577 523 3649 εἰληφέναι.
565 3581 718 3648 Ὀρθ.
768 3583 859 3655 Μὴ
899 3583 1024 3654 λέγε
1085 3587 1564 3660 ὲνηνθρωπηκέναι
1619 3594 1798 3664 μόνον,

223 3670 360 3724 ἀλλὰ
400 3673 496 3726 καὶ
530 3675 920 3746 σεσαρκῶσθαι.
960 3679 1023 3732 Εἰ
1055 3679 1162 3749 γὰρ
1193 3682 1292 3734 οὑκ
1322 3683 1513 3738 ἐλαϐεν
1561 3685 1799 3758 ἔμψυχον

227 3762 406 3833 σῶμα,
441 3765 564 3818 οὐδὲ
609 3766 1014 3839 ὲνηνθρώπησε.
1063 3772 1286 3826 Mazaca.
1343 3774 1443 3827 Διά
1479 3775 1567 3842 τί;
1643 3778 1796 3846 Ὀρθ.

227 3851 346 3904 Ὅτι
380 3852 539 3924 σῶμα
568 3853 794 3924 ἄψυχον,
821 3857 880 3910 τὸ
915 3858 990 3928 μὴ
1023 3862 1354 3932 κοινωνῆσαν
1396 3862 1540 3934 ψυχῇ
1586 3864 1797 3938 λογικῇ,

223 3941 322 3994 οὐκ
365 3942 511 3996 ἐστιν
551 3944 885 4016 ἀνθρώπινον
924 3949 1100 4019 σῶμα.
1142 3951 1266 4016 Πῶς
1313 3952 1369 4005 δὲ
1419 3953 1496 4017 ὼς
1531 3973 1549 4005 ι
1577 3957 1802 4021 ἀσπίδος

223 4035 415 4106 κωφῆς
459 4037 552 4089 καὶ
597 4037 830 4110 βυούσης
875 4039 945 4093 τά
991 4037 1104 4096 ὦτα
1154 4044 1344 4113 αὐτῆς,
1387 4046 1509 4116 ἥτις
1538 4049 1638 4101 οὐκ
1687 4051 1800 4102 είσς-

223 4125 522 4181 ακούσεται
554 4130 736 4200 φωνῆς
783 4131 1095 4202 ἐπᾴδοντος,
1142 4153 1160 4186 ι
1207 4135 1379 4200 οὕτως
1424 4137 1650 4192 ἀκούετε
1707 4139 1798 4192 τοῦ

223 4217 437 4287 Πέτρου
467 4218 714 4288 λέγοντος
735 4224 792 4274 ἐν
815 4227 933 4287 ταῖς
949 4225 1185 4296 Πράξεσι
1209 4227 1318 4280 τῶν
1351 4229 1682 4291 ἀποστόλων.
1719 4232 1800 4284 ὅτι

229 4329 246 4359 ι
266 4307 450 4381 Οῦτεή
466 4310 613 4382 ψυχὴ
635 4313 800 4366 αὐτοῦ
833 4316 1158 4389 κατελείφθη
1186 4319 1266 4382 είς
1291 4319 1439 4390 ᾅδου,
1467 4321 1588 4375 οὔτε
1615 4323 1800 4394 ὴσὰρξ

222 4397 561 4458 αὐτοῦὀῖδε
619 4405 949 4478 διαφθοράν;
1007 4411 1115 4464 Καὶ
1172 4413 1200 4464 ὁ
1252 4417 1535 4486 προφήτης
1577 4417 1802 4482 Ἡσαΐας

1905 1947 2030 1988 cum
2068 1934 2123 1988 in
2159 1936 2436 2005 parabolis
2464 1934 2684 1989 Patrem
2729 1933 2877 1988 dicat
2906 1933 3279 1997 hominem,et
3311 1935 3365 1987 in
3401 1949 3486 1988 ea-

1905 2026 2030 2081 dem
2061 2027 2150 2081 illa
2182 2029 2440 2098 parabola
2476 2029 2714 2100 seipsum
2749 2029 2896 2084 dicat
2921 2027 3192 2082 hominem
3223 2035 3342 2096 post
3367 2042 3485 2082 ser-

1905 2131 2005 2172 vos
2027 2119 2276 2184 missum,
2303 2117 2704 2190 Filiumipsum
2743 2119 3042 2190 improprie
3083 2119 3357 2172 hominem
3405 2117 3485 2172 fa-

1906 2218 2058 2265 ctum
2113 2211 2284 2266 fuisse
2343 2209 2684 2266 dixerimus?
2724 2210 2934 2266 Maced.
2998 2210 3172 2265 Absit.
3221 2209 3373 2265 Orth.
3426 2210 3486 2264 Si

1906 2318 2036 2375 ergo
2059 2303 2394 2359 audierimus
2414 2304 2605 2360 faciem
2635 2303 2837 2369 Patris,
2865 2319 3032 2374 quam
3059 2319 3351 2374 puerorum
3369 2318 3474 2355 an-

1905 2396 2010 2466 geli
2043 2397 2334 2452 videntzsi
2368 2398 2498 2452 item
2543 2397 2884 2452 audierimus
2925 2397 3120 2452 faciem
3169 2395 3314 2459 Filii,
3364 2413 3486 2466 qua:

1906 2490 1964 2543 in
1990 2497 2174 2544 monte
2194 2489 2556 2559 resplendnit,
2595 2499 2650 2545 et
2687 2505 2854 2559 quam
2898 2489 3150 2545 minister
3195 2488 3481 2544 Pontificis

1909 2580 2184 2650 percussit
2209 2599 2221 2634 :
2256 2582 2403 2635 itane
2426 2580 2647 2650 propria
2681 2580 2972 2650 utrobique
2992 2581 3385 2651 signiﬁcatione
3404 2580 3484 2634 fa-

1907 2671 2044 2726 ciem
2073 2672 2425 2742 accipiemus,
2456 2683 2550 2728 aut
2570 2673 2710 2728 hanc
2729 2672 2952 2742 quidem
2977 2673 3228 2742 corporis
3261 2671 3480 2734 faciem,

1907 2764 2054 2818 illam
2086 2765 2379 2835 improprie
2407 2765 2802 2835 appellabimus
2835 2763 3051 2826 faciem,
3071 2780 3192 2834 qua:
3209 2773 3292 2818 est
3309 2764 3482 2834 hypo-

1908 2857 2117 2914 stasis?
2152 2857 2360 2912 Maced.
2387 2855 2644 2912 Omnium
2679 2871 2954 2912 consensu
2980 2856 3139 2911 aliter
3160 2855 3328 2918 Patri,
3373 2855 3481 2908 ali-

1907 2954 1990 3003 ter
2034 2947 2174 3002 Filio
2218 2949 2499 3004 tribuitur.
2556 2947 2708 3003 Orth.
2743 2947 2860 3000 Non
2915 2962 3048 3016 ergo
3084 2947 3130 3002 si
3178 2946 3482 3016 improprie

1907 3041 2086 3095 anima
2116 3041 2287 3105 Patri,
2320 3042 2584 3096 continuo
2607 3051 2660 3096 et
2682 3040 2819 3094 Filio
2849 3039 3149 3110 impmprie
3193 3039 3476 3093 tribuitur.

1907 3132 2004 3188 Est
2032 3135 2146 3188 [nec
2164 3132 2588 3190 Manichaeorum
2623 3133 2840 3189 insania
2873 3173 2887 3196 ,
2920 3133 3118 3188 docere
3140 3131 3341 3186 Filium
3380 3130 3477 3185 Dci

1904 3241 2014 3281 non
2045 3225 2214 3281 fuisse
2237 3227 2515 3282 hominem
2546 3225 2774 3281 factum.
2804 3224 3014 3280 Maced.
3048 3225 3337 3280 Hominem
3353 3239 3478 3279 eum

1903 3315 2107 3371 factum
2131 3316 2501 3382 confitemur;
2535 3318 2633 3373 sed
2669 3319 2910 3372 animam
2957 3315 3330 3386 assumpsisse
3369 3329 3479 3368 non

1903 3408 2054 3462 item.
2093 3407 2246 3462 Orth.
2291 3407 2410 3462 Non
2464 3407 2741 3463 hominem
2774 3409 2950 3464 solum
2997 3407 3108 3471 dic,
3148 3406 3243 3461 sed
3275 3412 3331 3459 et
3359 3418 3484 3458 car-

1902 3514 2027 3556 nem
2049 3499 2278 3556 factum.
2306 3499 2494 3570 Neque
2523 3501 2674 3556 enim
2715 3502 2880 3556 homo
2920 3499 3102 3554 factus
3133 3505 3237 3560 est,
3269 3495 3318 3551 si
3355 3509 3482 3550 cors-

1902 3608 2004 3663 pus
2055 3593 2358 3646 animatum
2397 3608 2510 3647 non
2555 3593 2878 3664 assumpsit.
2920 3590 3130 3645 Maced.
3187 3588 3328 3655 Quid
3366 3588 3440 3640 ita
3457 3585 3502 3640 ἲ·

1905 3685 2058 3742 Orth.
2080 3685 2218 3751 Quia
2251 3699 2454 3754 corpus
2488 3687 2761 3749 exanime,
2792 3684 2937 3755 quod
2967 3685 3037 3737 ab
3069 3683 3264 3736 anima:
3305 3680 3482 3733 ratio-

1901 3777 2043 3832 nalis
2071 3775 2458 3830 communione
2503 3775 2814 3844 scjunctum
2849 3782 2954 3839 est,
2999 3789 3112 3827 non
3143 3779 3231 3826 est
3275 3783 3480 3838 corpus

1899 3868 2219 3932 humanum.
2252 3866 2365 3921 Cur
2381 3875 2560 3921 autem
2580 3867 2755 3922 instar
2783 3884 2802 3917 ι
2828 3865 3033 3936 aspidis
3046 3862 3227 3918 surdae
3244 3870 3295 3916 et
3316 3859 3475 3913 obtu-

1900 3960 2077 4015 rantis
2097 3975 2258 4016 aures
2291 3975 2443 4026 suas,
2475 3974 2595 4031 qua:
2623 3973 2734 4012 non
2769 3956 3033 4022 exaudiet
3055 3969 3243 4010 vocem
3284 3953 3477 4006 incan-

1903 4053 2141 4116 tantis”,
2164 4073 2182 4104 ι
2219 4053 2294 4107 ita
2319 4068 2418 4108 vos
2449 4059 2503 4108 et
2528 4050 2749 4107 Petrum
2791 4049 3016 4111 auditis,
3057 4048 3113 4102 in
3147 4047 3301 4100 Actis
3347 4059 3478 4113 εροι

1902 4145 2167 4199 stolorum
2195 4129 2467 4200 dicentem
2490 4164 2503 4200 :
2531 4163 2548 4196 ι
2577 4143 2694 4198 Νοη
2726 4143 3045 4198 derelictam
3071 4156 3194 4196 esse
3223 4138 3365 4209 apud
3392 4139 3478 4192 in-

1902 4239 2047 4294 feros
2075 4239 2309 4294 animam
2342 4239 2482 4309 ejus,
2509 4253 2686 4308 neque
2706 4251 2927 4292 carnem
2953 4235 3075 4305 ejus
3099 4232 3343 4288 sensisse
3365 4245 3484 4284 cor—

1901 4331 2296 4401 ruptionem“?
2329 4351 2346 4382 ι
2388 4340 2443 4387 ει
2488 4331 2685 4386 lsaiam
2711 4330 3044 4384 clamantem
3076 4345 3089 4380 :
3132 4346 3148 4376 ι
3184 4325 3242 4380 Si
3276 4323 3484 4378 dabitis

1902 4438 2002 4492 pro
2036 4431 2261 4492 peccato
2289 4423 2527 4476 animam
2562 4431 2820 4484 vestram,
2842 4418 3099 4474 videbitis
3135 4432 3328 4472 semen
3357 4415 3481 4468 lon-

222 4492 374 4586 βοᾷί
401 4513 419 4545 ι
460 4495 586 4548 Ἐὰν
627 4495 760 4549 δῶτε
793 4500 924 4570 περὶ
959 4501 1230 4573 ἁμαρτίας
1267 4503 1366 4574 τὴν
1404 4504 1579 4577 ψυχὴν
1623 4507 1796 4578 ὑμῶν,

1904 4531 2135 4586 gaevum.
2169 4515 2235 4568 Et
2265 4516 2380 4569 vult
2405 4514 2670 4570 Dominus
2702 4515 2756 4568 in
2786 4528 2950 4567 manu
2975 4511 3096 4580 ejus
3117 4509 3336 4563 auferre
3386 4508 3481 4562 do-

215 4583 414 4653 δψεσθε
447 4587 664 4657 σπέρμα
695 4589 1040 4660 μακρόϐιον.)
1077 4594 1186 4646 Καὶ
1212 4595 1557 4665 βουλεύσεται
1593 4599 1799 4669 Κύριος

216 4677 276 4728 ἐν
309 4678 454 4749 χειρὶ
497 4679 660 4732 αὑτοῦ
695 4681 912 4749 ἀφελεῖν
952 4684 1045 4737 τοῦ
1079 4685 1242 4738 πόνου
1275 4687 1374 4758 τῆς
1405 4688 1583 4759 ψυχῆς
1612 4691 1797 4754 αὑτοῦ,

213 4769 388 4835 δεῖξαι
416 4769 564 4840 αὐτῷ
595 4771 729 4840 φῶς,
766 4774 859 4826 καὶ
891 4775 1092 4829 πλάσαι
1139 4780 1205 4848 τῇ
1251 4779 1480 4844 συνέσει,
1511 4780 1798 4838 δικαιῶσαι

213 4859 426 4913 δίκαιον
459 4857 518 4914 εὖ
569 4861 883 4919 δουλεύοντα
939 4867 1188 4932 πολλοῖςο
1242 4873 1336 4924 καὶ
1379 4872 1478 4934 τὰς
1525 4873 1800 4945 ἁμαρτίας

214 4950 394 5004 αὐτῶν
428 4953 589 5017 αὐτὸς
633 4955 856 5010 ἀνοίσει.
891 4959 989 5012 Διά
1015 4960 1171 5014 τοῦτο
1198 4962 1358 5025 αὐτὸς
1402 4963 1798 5036 κληρονομήσει

212 5043 480 5108 πολλοὺς,
527 5046 622 5099 καὶ
666 5047 775 5101 τῶν
827 5051 1059 5122 ἰσχυρῶν
1098 5056 1276 5124 μεριεί
1327 5054 1518 5107 σκῦλα.
1558 5056 1696 5109 ’Λνθ’
1725 5050 1800 5110 ὧν

216 5135 490 5207 παρεδόθη
536 5139 618 5200 είς
669 5138 898 5194 θάνατον
951 5145 984 5214 ή
1037 5143 1182 5215 ψυχὴ
1238 5146 1424 5209 αὑτοῦ,
1455 5148 1549 5200 καὶ
1598 5149 1656 5200 ἐν
1686 5152 1799 5212 τοῖς

210 5223 437 5294 ἀνόμοις
483 5226 767 5300 ἐλογίσθη,
805 5233 898 5284 καὶ
941 5234 1101 5296 αὐτὸς
1134 5237 1404 5307 ἁμαρτίας
1449 5238 1674 5303 πολλῶνί
1701 5241 1796 5294 ἀν-

210 5317 432 5386 ήνεγκε,
482 5319 578 5372 καὶ
635 5320 723 5375 διά
774 5323 873 5395 τὴς
922 5326 1150 5396 ἀνομίας
1208 5329 1384 5382 αὐτῶν
1451 5331 1742 5404 παρεδόθη.
1771 5353 1788 5384 ι

209 5407 435 5462 Μακεδ.
475 5411 589 5463 Καὶ
621 5413 784 5482 ἡμεῖς
819 5415 996 5485 ἴσμεν,
1043 5417 1122 5470 ὅτι
1166 5418 1430 5491 πολλαχοῦ
1477 5424 1692 5494 εἴρηται
1739 5425 1796 5475 ἐν

207 5503 274 5570 τῇ
321 5501 537 5573 Γραφῇ,
590 5503 674 5556 ὅτι
721 5503 897 5580 ψυχὴν
944 5506 1117 5580 εἶχεν⁸
1151 5509 1288 5565 ἀλλά
1340 5514 1795 5588 καταχρηστικῶς

277 5685 318 5716 ¹¹
361 5684 557 5767 {gitti}.
595 5689 813 5753 “11,2.
890 5696 934 5726 ²¹
975 5694 1160 5751 Matth.
1201 5714 1290 5752 ut
1321 5739 1335 5765 ,
1370 5700 1458 5756 '55.
1537 5701 1585 5734 ’³
1629 5699 1773 5758 Psal.
1813 5718 1952 5767 Lvn,
1994 5704 2025 5758 5
2097 5702 2150 5758 6.

205 5769 298 5812 LI"
315 5794 334 5824 ,
370 5755 552 5811 10-12.

1901 4607 2072 4662 lorem
2104 4608 2299 4662 animae
2328 4607 2468 4677 ejus,
2499 4605 2791 4662 ostendere
2823 4605 2871 4658 ei
2906 4605 3106 4664 lucem,
3145 4607 3198 4654 et
3239 4599 3480 4653 formare

1901 4677 2338 4768 intelligentiam,
2382 4698 2730 4750 innocentem
2797 4694 3011 4749 edicere
3061 4691 3294 4759 justum,
3342 4686 3483 4739 bene

1903 4787 2230 4842 servientem
2261 4787 2488 4852 multis;
2521 4793 2576 4840 et
2607 4792 2831 4854 peccata
2852 4796 3040 4836 eorum
3066 4780 3182 4848 ipsc
3215 4775 3479 4846 portabit.

1903 4877 2248 4948 Quapropter
2276 4878 2394 4946 ipse
2425 4876 2727 4947 possidebit
2758 4874 2982 4935 multos,
3031 4881 3085 4926 et
3121 4870 3345 4923 fortium
3392 4867 3481 4922 di-

1902 4972 2052 5026 videt
2087 4971 2284 5042 spolia.
2320 4970 2428 5024 Pro
2447 4986 2514 5024 eo
2543 4977 2725 5024 autem
2758 4967 2903 5036 quod
2928 4966 3130 5020 tradita
3151 4963 3308 5017 estin
3332 4976 3482 5015 mor-

1901 5073 2010 5118 tem
2037 5064 2218 5116 anima
2261 5061 2406 5132 ejus.
2439 5071 2494 5116 et
2526 5063 2670 5116 inter
2710 5061 2931 5130 iniquos
2971 5064 3258 5127 reputatus
3297 5063 3400 5121 est,
3426 5065 3482 5110 et

1901 5153 2016 5222 ipse
2039 5160 2263 5222 peccata
2296 5154 2594 5206 multorum
2627 5151 2774 5213 tulit,
2811 5158 2866 5204 et
2901 5157 3127 5219 propter
3157 5145 3480 5217 iniquitates

1897 5263 2086 5302 eorum
2139 5245 2372 5300 traditus
2416 5247 2570 5300 est".
2603 5264 2622 5297 ι
2671 5242 2882 5297 Maced.
2945 5241 3164 5296 Scimus
3217 5253 3362 5310 saepe
3421 5239 3479 5294 in

1905 5340 2190 5409 Scriptura
2220 5338 2353 5402 dici,
2387 5339 2566 5408 ipsum
2600 5337 2802 5391 habere
2829 5336 3096 5400 animam,
3131 5332 3225 5390 sed
3273 5333 3479 5402 impro-

1903 5435 2042 5505 prie,
2117 5447 2227 5487 non
2290 5447 2441 5497 vere,
2494 5429 2698 5484 dictum
2748 5439 2853 5486 est.
2919 5427 3072 5485 Orth.
3127 5426 3479 5494 Quaecunque

1905 5528 2076 5598 igitur
2103 5525 2341 5579 humana
2370 5521 2437 5578 de
2468 5522 2588 5592 ipso
2623 5530 2754 5577 sunt
2783 5523 2952 5586 dicta,
2998 5520 3182 5592 qualia
3214 5525 3344 5574 sunt
3379 5529 3480 5571 au-

2253 5702 2297 5734 “
2339 5701 2456 5754 Art.
2499 5716 2566 5765 ll,
2603 5699 2714 5767 3|;
2758 5698 2902 5755 Psal.
2942 5712 3031 5764 xv,
3095 5699 3177 5753 -|0.
3285 5691 3478 5752 "'k-‘fa
