3976 6388
569 361 708 422 Ιὶὅὸ

1649 366 1704 420 S.
1746 365 2208 421 ATHA‘NASlUS.
2253 395 2321 405 —
2361 362 2587 421 DUBIA.

3652 356 3781 416 i356

570 480 744 545 ditus,
772 481 944 545 visus,
975 479 1231 543 oll‘actus,
1261 495 1390 544 vox,
1417 491 1632 551 gustus,
1659 479 2099 551 concupiscentia

2231 476 2464 548 εἴρηται,
2528 478 2621 532 καὶ
2666 478 2766 533 οὐκ
2809 477 3059 549 ἀληθείᾳ.
3123 479 3279 547 Ὀρθ.
3324 475 3507 530 Πάντα
3551 470 3646 528 οὖν
3691 475 3782 528 ὅσα

567 573 742 638 uolor,
778 582 988 643 stupor,
1019 573 1285 635 anxietas,
1317 573 1704 636 obambulatio,
1734 572 1980 638 ﬁgurate,
2015 587 2124 627 non

567 665 804 735 proprie,
848 664 992 719 dicta
1028 663 1275 718 fuerint?
1301 663 1508 718 Maced.
1556 663 1668 718 lmo
1711 679 1773 718 ea
1802 680 1924 734 qua:
1965 665 2124 718 modo

565 758 836 812 recensita
868 765 1016 821 sunt,
1051 757 1235 810 omnia
1266 758 1484 827 proprie
1508 757 1612 827 ipsi
1638 766 1952 828 competunt
1986 775 2000 812 :
2026 759 2122 811 sed

564 857 745 908 anima
767 855 1084 924 improprie.
1118 853 1270 908 Orth.
1305 853 1573 907 Nimirum
1597 853 1689 922 qui
1718 853 1792 906 illi
1829 852 2118 917 laboranti,

562 957 736 1010 exque
787 941 1030 1005 ossibus,
1112 940 1319 1002 nervis,
1379 940 1555 1001 venis,
1610 939 1826 992 arteriis
1893 937 2122 1005 aliisque

559 1029 820 1083 membris
863 1036 918 1084 et
979 1027 1232 1098 partibus
1277 1035 1563 1096 compacto
1607 1025 1825 1094 corpori
1859 1040 1918 1079 se
1966 1025 2121 1078 unire

556 1121 815 1191 dignatus
840 1130 949 1183 est,
984 1121 1030 1174 is
1050 1121 1288 1174 animam
1315 1134 1423 1173 non
1451 1117 1684 1172 habuit?
1711 1116 1916 1172 Maced.
1943 1117 2120 1182 Quor-

555 1228 676 1268 sum
695 1212 815 1266 Vita
841 1227 979 1283 opus
999 1212 1188 1266 habuit
1204 1212 1424 1265 anima?
1454 1210 1605 1266 Orth.
1625 1209 1690 1264 Et
1711 1210 1840 1280 quid
1863 1208 2117 1264 carneilli

553 1319 693 1372 opus
722 1303 842 1364 fuit,
867 1302 960 1372 qui
1001 1302 1248 1372 patribus
1288 1302 1496 1356 nostris
1518 1302 1678 1355 etiam
1707 1301 1914 1370 absque
1951 1315 2118 1354 carne

554 1397 706 1449 visus
737 1394 856 1449 est?
882 1392 1092 1448 Maced.
1123 1392 1303 1448 Carne
1344 1408 1481 1469 opus
1519 1393 1731 1456 habuit,
1777 1399 1836 1446 ut
1869 1390 2115 1460 cruciﬁgi

551 1494 760 1554 posset.
795 1484 949 1541 Orth.
1001 1483 1092 1538 Sic
1135 1486 1316 1538 anima
1357 1500 1496 1555 opus
1545 1485 1758 1548 habuit,
1804 1492 1863 1538 ut
1909 1483 2112 1549 dolere,

551 1579 889 1643 contristari,
925 1583 984 1630 ut
1009 1592 1394 1646 expavescere,
1450 1586 1509 1631 ut
1546 1575 1690 1645 apud
1732 1574 1940 1631 inferos
1989 1589 2113 1628 esse

553 1677 756 1738 posset.
796 1667 909 1724 Hoc
937 1675 1021 1724 est
1043 1669 1210 1732 enim,
1248 1669 1479 1737 formam
1511 1668 1642 1722 servi
1677 1667 1959 1736 accipiens,
2002 1682 2111 1720 non

552 1763 605 1815 in
640 1776 871 1830 corpore
899 1761 1161 1815 duntaxat
1184 1775 1444 1830 apparere
1465 1800 1479 1821 ,
1511 1760 1604 1814 sed
1636 1759 1916 1815 servitutis
1945 1758 2106 1812 etiam

2226 569 2436 640 εἴρηται
2479 570 2603 639 περὶ
2633 568 2796 623 αὐτοῦ
2837 569 3164 640 ἀνθρώπινα,
3191 564 3306 622 οἷον
3349 567 3525 638 ἀκοὴ,
3577 569 3780 638 ὅρασις,

2223 659 2507 730 ὄσφρησις,
2536 661 2706 732 φωνὴ,
2723 660 2928 728 γεῦσις,
2941 660 3218 731 ἐπιθυμία,
3233 661 3398 732 λύπη,
3415 659 3642 730 θάμϐος,
3671 662 3786 731 ἀδηο

2227 751 2400 821 μονία,
2442 752 2760 822 περίπατος,
2800 752 3250 824 καταχρηστικῶς
3284 752 3535 823 εἴρηται,
3568 753 3664 804 καὶ
3693 754 3783 804 οὐκ

2222 839 2473 911 ἀληθείᾳ;
2509 843 2726 896 Μακεδ.
2763 843 2949 898 Πάντα
2977 843 3149 896 ταῦτα
3172 843 3242 895 τά
3269 843 3640 914 προειρημένα
3670 843 3785 910 ἁλη-

2222 932 2328 993 Θῶς
2360 933 2589 1005 εἴρηται,
2615 933 2756 1006 ψυχὴ
2787 936 2844 989 δὲ
2879 933 3347 1007 καταχρηστικῶς.
3403 936 3557 1002 ’ορ6.
3611 935 3718 987 Καὶ
3757 935 3782 986 ὁ

2220 1022 2557 1088 καταξιώσας
2583 1026 2841 1079 κοπιῶντι
2867 1027 2942 1097 τῷ
2976 1025 3206 1098 σώματι,
3232 1028 3326 1080 καὶ
3351 1025 3409 1092 ἐξ
3442 1026 3667 1088 ὀστέων,
3700 1029 3784 1080 καὶ

2220 1115 2445 1186 νεύρων,
2473 1118 2568 1170 καὶ
2601 1116 2834 1186 φλεϐῶν,
2859 1119 2952 1172 καὶ
2969 1118 3260 1189 ἀρτηριῶν,
3282 1118 3376 1170 καὶ
3414 1117 3591 1172 ἄλλων
3619 1116 3783 1186 μελῶν

2217 1205 2310 1259 τοῦ
2332 1207 2575 1278 σώματος
2595 1209 2684 1261 κοιλ⁴
2707 1226 2769 1278 με
2779 1209 2882 1279 ρῶν
2904 1227 2966 1261 συ
2975 1209 3239 1280 μπαγέντι
3260 1208 3546 1278 ὲνωθῆναι,
3565 1210 3664 1261 οὐκ
3679 1204 3784 1279 εἶχε

2215 1298 2422 1368 ψυχήν;
2457 1299 2672 1352 Mazaca.
2697 1301 2760 1352 Τί
2792 1300 2978 1371 χρείαν
3013 1297 3122 1371 εἶχε
3153 1300 3330 1370 ψυχῆς
3359 1302 3392 1371 ἡ
3426 1302 3548 1369 Ζωή
3574 1317 3588 1364 ;
3635 1301 3780 1366 Ὄρθ.

2216 1390 2279 1442 Τί
2304 1391 2359 1444 δὲ
2378 1391 2563 1463 χρείαν
2602 1387 2714 1462 εἶχε
2757 1393 2854 1464 τῆς
2884 1392 3102 1464 σαρκὸς,
3145 1394 3173 1445 ὁ
3205 1393 3334 1445 ἀνευ
3370 1390 3575 1463 σαρκὸς
3606 1391 3784 1458 ὀφθεὶς

2214 1484 2351 1556 πρὸς
2393 1487 2519 1549 τοὺς
2551 1485 2790 1556 πατέρας
2818 1483 3010 1555 ἡμῶν;
3049 1482 3268 1537 Μακεδ.
3314 1483 3408 1545 Είς
3451 1481 3514 1534 τὸ
3548 1498 3786 1553 σταυρω-

2213 1576 2369 1647 Θῆναι
2393 1577 2580 1648 χρείαν
2619 1572 2731 1647 εἶχε
2765 1575 2986 1648 σαρκός.
3048 1576 3202 1642 Ὀρθ.
3255 1575 3364 1628 Καὶ
3397 1575 3476 1637 εἰς
3506 1572 3568 1625 τὸ
3621 1573 3786 1638 λυπ-

2213 1673 2390 1744 θῆναι,
2427 1673 2520 1726 καὶ
2569 1670 2924 1743 ἀδημονῆσαι,
2971 1669 3066 1723 καὶ⁸
3120 1665 3558 1738 ἐκθαμὸηθῆναι,
3593 1666 3687 1718 καὶ
3732 1667 3785 1716 ὲν

2212 1763 2339 1833 ᾇδου
2383 1762 2652 1833 γενέσθαι,
2685 1762 2870 1833 χρείαν
2912 1757 3026 1831 εἶχε
3056 1759 3256 1831 ψυχῆς.
3306 1759 3477 1812 Τοῦτο
3513 1759 3626 1829 γάρ
3676 1759 3784 1810 ἐστι

549 1856 836 1924 passiones
867 1868 1167 1908 assumere.
1197 1852 1402 1907 Maced.
1443 1850 1694 1906 Formam
1723 1851 1863 1906 servi
1897 1865 2099 1905 assum

2217 1825 2283 1908 τὸ
2317 1825 2561 1925 μορφὴν
2574 1825 2796 1909 δούλου
2820 1825 3042 1919 λαϐῶιρ,
3071 1825 3230 1906 ὸῡῖέδ
3262 1854 3320 1906 ὲν
3357 1825 3573 1922 σώματι
3594 1825 3783 1919 -φανῆ-

553 1947 680 2016 psit,
717 1945 934 2016 quando
958 1960 1177 2000 carnem
1217 1945 1536 2014 assumpsit.
1577 1942 1730 2000 Ortli.
1771 1941 1967 1996 Forma
2019 1943 2110 1996 Dei

549 2046 706 2092 estne
732 2037 968 2106 perfecta
985 2036 1077 2092 Dei
1096 2036 1309 2090 forma?
1341 2034 1762 2091 Maced.Etiam.
1796 2034 1948 2091 Ortk.
1971 2033 2110 2104 Ergo

545 2138 599 2184 et
625 2129 794 2184 l‘orma
835 2133 996 2194 servi,
1013 2129 1250 2200 perlecta
1267 2129 1410 2186 servi
1429 2128 1599 2184 forma
1614 2137 1720 2182 est.
1735 2127 1873 2182 Hinc
1889 2127 2032 2182 enim
2056 2133 2109 2181 et

545 2227 737 2291 stupor
749 2227 802 2276 et
816 2220 970 2276 dolor
984 2230 1037 2274 et
1055 2236 1245 2291 angor,
1261 2220 1406 2291 quod
1421 2219 1591 2274 forma
1605 2219 1746 2274 servi
1761 2217 1998 2289 perfecta
2013 2217 2104 2272 sit.

538 2314 718 2385 Atque
735 2315 848 2370 haec
863 2323 947 2370 est
963 2315 1082 2371 ovis
1100 2315 1190 2368 illa
1206 2329 1370 2384 quam
1384 2314 1476 2384 qui
1489 2314 1682 2383 quaerit
1702 2321 1756 2367 et
1777 2311 2002 2377 invenit,
2022 2326 2108 2365 su-

540 2421 637 2475 per
654 2406 910 2460 bumeros
929 2405 1051 2466 fert,
1066 2421 1176 2460 non
1197 2414 1254 2459 ut
1271 2421 1383 2462 rem
1402 2406 1639 2468 inanem,
1659 2404 1752 2460 sed
1768 2404 1965 2458 animal
1988 2403 2106 2457 ani-

539 2503 766 2558 matum,
788 2497 1108 2567 permittens
1123 2499 1199 2552 illi
1235 2505 1292 2552 ut
1319 2498 1601 2568 passiones
1615 2497 1835 2561 habeat,
1850 2511 1960 2550 non
1984 2495 2105 2549 illas

535 2589 754 2657 quidem
768 2591 999 2659 peccati,
1019 2590 1115 2645 sed
1136 2601 1367 2644 naturae:
1393 2606 1461 2644 ne
1480 2589 1762 2659 phantasia
1783 2603 1906 2644 esse
1921 2588 2106 2642 existi-

535 2689 734 2743 inetur,
762 2680 1070 2735 etinsaniat
1092 2680 1444 2736 Manichacus.
1478 2678 1686 2734 Maced.
1725 2677 2103 2733 Concedamus

532 2768 693 2841 491
724 2769 792 2826 de
819 2771 999 2825 anima
1022 2771 1246 2840 pulchre
1268 2777 1321 2826 te
1349 2769 1655 2836 disserere;
1688 2767 1785 2824 sed
1813 2766 1943 2838 quid
1972 2781 2104 2820 cau-

534 2878 608 2917 sa:
636 2870 720 2918 est
769 2878 870 2917 cur
890 2862 1412 2918 consubstantialem
1459 2859 1653 2914 Filium
1684 2858 1834 2913 Patri
1865 2857 2102 2913 dicatis?

536 2953 686 3010 Ortli.
716 2955 856 3022 Quia
884 2970 1048 3026 quam
1079 2954 1282 3009 dixeris
1323 2968 1445 3008 esse
1487 2951 1754 3006 rationem
1785 2948 2102 3006 substantia:

529 3043 725 3110 Patris,
765 3062 884 3102 eam
939 3049 1110 3116 ipsam
1143 3052 1199 3100 et
1249 3044 1566 3100 substantia:
1595 3043 1716 3097 Filii
1748 3057 1870 3098 esse
1908 3043 2101 3098 statui-

533 3156 672 3194 mus.
702 3138 908 3193 Maced.
946 3139 1052 3194 Sed
1085 3139 1214 3193 illud
1239 3153 1346 3192 non
1366 3147 1449 3194 est
1481 3135 1966 3198 consubstantiale,
2003 3135 2096 3190 sed

2211 1965 2296 2000 ναι
2327 1948 2504 2018 μόνον,
2532 1945 2666 2001 ἀλλά
2691 1946 2786 1999 καὶ
2808 1944 2868 1998 τὸ
2909 1944 2978 1998 τὰ
3002 1943 3148 2016 πάθη
3175 1945 3273 2014 τῆς
3299 1941 3546 2008 δουλείας
3575 1943 3775 1996 λαϐεῖν.

2209 2040 2430 2094 Μακεδ.
2474 2038 2705 2109 Μορφὴν
2735 2036 2917 2090 δούλου
2941 2035 3119 2100 ἔλαϐε,
3165 2036 3343 2106 σάρκα
3394 2033 3599 2089 λαϐὼν.
3636 2035 3780 2102 Ὀρϐ.

2219 2132 2283 2183 Ἦ
2308 2131 2492 2202 μορφὴ
2517 2130 2610 2183 τοῦ
2633 2129 2767 2183 Θεοῦ
2795 2129 2972 2183 τελεία
3005 2131 3119 2182 ἐστὶ
3143 2130 3325 2201 μορφὴ
3357 2128 3491 2181 Θεοῦ
3515 2145 3531 2194 ;
3565 2127 3782 2182 Μακεᾶ

2216 2224 2344 2277 Ναί.
2404 2225 2556 2291 Ὀρθ.
2606 2222 2716 2276 Καὶ
2763 2225 2797 2294 ἡ
2865 2223 3046 2294 μορφὴ
3094 2220 3200 2292 ἄρα
3250 2220 3344 2274 τοῦ
3377 2219 3565 2274 δούλου
3615 2220 3784 2272 τελεία

2210 2314 2390 2386 μορφὴ
2415 2314 2510 2366 τοῦ
2543 2313 2727 2368 δούλου
2767 2313 2902 2366 ὲστί.
2934 2313 3032 2365 Διά
3077 2311 3236 2364 τοῦτο
3273 2310 3383 2383 γὰρ
3411 2311 3510 2364 καὶ
3561 2309 3781 2380 Θάμϐος.

2208 2406 2301 2460 καὶ
2348 2405 2526 2476 λύπη,
2575 2406 2668 2459 καὶ
2710 2404 3005 2475 ἀδημονία,
3045 2403 3134 2458 διὰ
3174 2404 3235 2457 τὺ
3272 2404 3482 2457 τελείαν
3523 2400 3664 2456 εἶναι
3693 2403 3783 2473 τὴν

2204 2496 2296 2550 τοῦ
2341 2496 2524 2550 δούλου
2563 2497 2794 2568 μορφήν.
2842 2495 2951 2548 Καὶ
3003 2494 3162 2548 τοῦτὸ
3212 2497 3326 2547 ὲστι
3375 2495 3437 2548 τὸ
3491 2495 3778 2568 πρόϐατον,

2203 2590 2231 2643 ὃ
2277 2590 2514 2662 ζητήσας
2563 2591 2657 2644 καὶ
2713 2588 2909 2661 εὑρὼν,
2956 2589 3049 2643 ἐπὶ
3099 2589 3207 2642 τῶν
3238 2589 3403 2660 ῶμων
3455 2590 3646 2660 φέρει,
3689 2588 3781 2640 οὐκ

2202 2683 2368 2736 ἀσκὸν
2397 2681 2620 2753 ἄψυχον,
2649 2681 2762 2736 ἀλλ’
2808 2681 3050 2752 ἔμψυχον
3083 2681 3239 2748 ζῶον,
3291 2681 3593 2753 συγχωρῶν
3641 2679 3778 2749 αὗτῷ

2203 2773 2345 2843 ἔχειν
2385 2773 2454 2827 τὰ
2485 2773 2666 2843 πάθη,
2707 2772 2768 2825 ού
2801 2772 2870 2825 τὰ
2915 2771 3016 2841 τῆς
3062 2773 3365 2844 ἁμαρτίας,
3414 2771 3552 2826 ἀλλά
3582 2771 3651 2824 τά
3689 2770 3778 2840 τῆς

2202 2865 2453 2934 φύσεωςο
2507 2865 2596 2919 ἵνα
2654 2864 2730 2936 μὴ
2796 2864 3064 2935 φαντασία
3127 2864 3392 2935 νομισθῇ,
3441 2865 3539 2918 καὶ
3609 2865 3775 2918 Μανι-

2201 2958 2352 3025 χαῐος
2409 2957 2573 3025 μανῇ.
2603 2954 2825 3008 Μακεδ.
2855 2954 3062 3024 Δῶμεν,
3091 2955 3172 3007 ὅτι
3204 2955 3333 3026 περὶ
3375 2953 3558 3025 ψυχῆς
3603 2952 3775 3013 καλῶς

2199 3047 2410 3116 λέγεις,
2465 3046 2552 3099 διὰ
2588 3046 2641 3098 τί
2683 3047 2778 3098 καὶ
2825 3045 3104 3117 ὁμοούσιον
3149 3046 3336 3114 λέγετε
3385 3048 3478 3098 τὸν
3531 3046 3654 3098 Υἱὸν
3705 3044 3776 3112 τῷ

2205 3138 2410 3209 Πατρί;
2478 3138 2630 3205 Ὀρθ.
2693 3137 2814 3190 Ὅτι
2850 3137 2907 3190 ὃν
2939 3137 3034 3191 ὲάν
3059 3138 3217 3208 εἴπῃς
3249 3137 3407 3206 λόγον
3452 3138 3556 3208 τῆς
3598 3137 3775 3198 οὐσίας

530 3231 833 3287 substantia
877 3233 1074 3287 simile.
1128 3230 1281 3287 Orth.
1351 3229 1539 3286 Simile
1570 3231 1874 3286 substantia
1902 3237 2008 3295 est,
2042 3236 2099 3283 ut

2203 3229 2296 3282 τοῦ
2330 3227 2561 3299 Πατρὸς.
2594 3229 2782 3281 τοῦτον
2824 3228 2990 3283 αὐτὸν
3011 3229 3121 3282 ’τὸν
3163 3229 3317 3298 λόγον
3351 3225 3493 3282 εἶναι
3526 3229 3774 3300 τιθέμεθα

530 3324 607 3380 ita
636 3324 837 3387 dicam,
901 3325 1133 3395 agrestis
1183 3324 1496 3396 sapientia:
1543 3332 1602 3378 ut
1636 3325 1684 3380 si
1712 3325 1838 3394 quis
1882 3323 2100 3390 dixerit,

530 3411 678 3482 quod
705 3412 846 3468 idem
877 3413 950 3469 sit
979 3413 1140 3470 unius
1172 3415 1340 3470 moris
1385 3421 1438 3469 et
1472 3413 1664 3470 similis
1688 3414 1880 3479 moris,
1931 3414 2102 3468 idem-

531 3517 636 3571 que
664 3501 828 3556 unius
862 3503 1078 3574 generis
1108 3513 1161 3558 et
1187 3504 1382 3560 similis
1431 3504 1666 3575 generis,
1721 3506 1884 3561 unius
1915 3506 2100 3576 gloriae

525 3601 581 3647 et
609 3595 805 3650 similis
834 3596 1041 3666 gloriae,
1079 3597 1242 3652 unius
1285 3597 1569 3654 sententia:
1623 3608 1676 3654 et
1728 3598 1921 3654 similis
1971 3614 2097 3654 sen-

525 3689 726 3743 tentiae.
759 3687 968 3745 Maced.
988 3688 1361 3761 Nequaquam,
1380 3689 1475 3746 sed
1493 3689 1794 3745 substantia
1825 3690 2001 3745 simile
2031 3688 2098 3746 de

525 3778 884 3849 incorporeis,
915 3781 1365 3838 consubstantiale
1405 3784 1472 3840 de
1512 3783 1836 3854 corporibus
1869 3782 2092 3838 dicitur.

526 3868 679 3922 Orth.
710 3869 830 3924 Dixi
851 3879 1118 3940 agrestem
1149 3887 1272 3926 esse
1301 3873 1622 3942 sapientiam
1648 3891 1663 3928 :
1694 3871 1877 3942 potius
1895 3872 2096 3942 quippe

521 3961 704 4016 dicere
737 3979 833 4017 vos
862 3965 1102 4032 Oportuit
1131 3963 1430 4018 substantia
1469 3965 1642 4018 simile
1681 3965 1750 4019 de
1772 3964 2094 4034 corporibus

525 4055 578 4106 in
625 4072 745 4123 qua:
795 4057 942 4110 cadit
987 4056 1310 4123 similitudo,
1360 4055 1812 4112 consubstantiale
1859 4073 1987 4112 vero
2024 4056 2092 4112 de

521 4147 854 4217 iucorporeis
884 4148 1012 4208 dici,
1059 4149 1114 4202 in
1149 4163 1270 4218 quae
1311 4149 1456 4202 cadit
1487 4143 1740 4203 identita’s
1774 4166 1788 4200 :
1818 4162 1940 4202 nam
1963 4163 2091 4200 con—

520 4236 872 4293 substantiale
887 4247 971 4294 est
999 4239 1234 4309 ejusdem
1262 4241 1596 4295 substantiis.
1627 4240 1685 4294 Μ
1689 4241 1834 4295 aced.
1858 4242 1925 4294 At
1955 4257 2090 4295 con-

521 4330 902 4384 substantialia
974 4333 1354 4400 prmjacentem
1419 4333 1623 4388 habent
1701 4335 2082 4389 substantiam.

523 4419 674 4473 Orth.
709 4420 1060 4492 Nequaquam
1095 4439 1223 4478 vere
1253 4424 1390 4480 dicis
1430 4445 1443 4479 :
1477 4440 1602 4478 nam
1645 4427 2087 4481 consubstantia-

2203 3319 2296 3371 καὶ
2353 3319 2450 3388 τῆς
2502 3317 2596 3371 τοῦ
2666 3317 2795 3371 Υίοῦ
2862 3318 3064 3383 οὐσίας.
3122 3319 3347 3373 Μακεδ.
3406 3319 3570 3373 Ἀλλά
3629 3318 3772 3372 τοῦτο

2201 3412 2302 3466 οὐκ
2355 3409 2501 3465 ἔστιν
2561 3409 2874 3481 ὁμοούσιον,
2920 3410 3056 3464 ἀλλά
3107 3411 3466 3482 ὁμοιοούσιον.
3511 3413 3666 3480 Ὀρθ.
3707 3410 3772 3463 To

2201 3503 2554 3577 ὁμοιοούσιον,
2601 3505 2665 3558 ἵν’
2701 3503 2872 3568 οὕτως
2904 3504 3058 3568 εἴπω,
3091 3504 3349 3574 ἄγροικος
3397 3503 3560 3572 σοφία
3604 3501 3766 3554 ἐστίν·

2197 3597 2273 3660 ὡς
2316 3598 2408 3651 ὲάν
2436 3597 2568 3669 λέγῃ
2597 3615 2681 3660 τις
2724 3597 2815 3650 τὸν
2862 3597 3164 3667 ὁμότροπον
3195 3596 3576 3667 ὁμοιότροπον,
3627 3595 3658 3664 ῆ
3689 3593 3768 3646 τὸν

2197 3689 2430 3760 ὁμογενῆ
2468 3690 2778 3761 ὁμοιογενῆ,
2808 3688 2840 3760 ἢ
2870 3689 2959 3742 τὸν
2987 3687 3241 3759 ὁμόδοξον
3269 3688 3605 3758 ὁμοιὸδοξον,
3634 3685 3768 3758 τὸν

2195 3783 2472 3854 ὁμόφρονα
2504 3783 2853 3854 ὁμοιὸφρονα.
2871 3780 3091 3835 Μακεὸ.
3114 3780 3248 3834 Οὔκ’
3268 3781 3406 3834 ἀλλά
3446 3781 3508 3834 τὸ
3523 3780 3766 3851 c'yoicctitl

2195 3893 2334 3929 σιον
2365 3875 2458 3928 ἐπὶ
2508 3875 2618 3930 τῶν
2648 3875 2980 3946 ἀσωμάτων*
3012 3873 3073 3926 τὸ
3103 3873 3158 3927 δὲ
3193 3874 3522 3944 όμοούσιον
3555 3874 3646 3926 ὲπί
3673 3873 3767 3925 τῶν

2196 3965 2482 4035 σωμάτων.
2502 3966 2645 4034 Ὀρθ.
2665 3963 2849 4037 Εἶπον,
2869 3966 2948 4019 ὅτι
2965 3966 3221 4037 ἄγροικος
3244 3967 3407 4036 σοφία
3424 3967 3561 4018 ἐστί·
3583 3965 3767 4037 μᾶλλον

2193 4058 2301 4130 γὰρ
2332 4057 2392 4111 τὸ
2418 4059 2795 4127 όμοιοούσιον
2810 4033 2914 4111 ἔδει
2945 4058 3201 4126 λέγεσθαι
3229 4059 3359 4130 παρ’
3387 4057 3542 4127 ὑμῶν
3565 4058 3656 4110 ἐπὶ
3670 4057 3765 4110 τῶν

2191 4151 2479 4222 σωμάτων,
2511 4152 2595 4220 ἐφ’
2627 4144 2702 4204 ὧν
2743 4152 2834 4204 καὶ
2856 4150 3127 4222 ὁμοιότης,
3145 4151 3208 4204 τὸ
3236 4150 3292 4202 δὲ
3320 4151 3651 4219 ὁμοούσιον
3681 4148 3764 4200 ἐπὶ

2189 4245 2295 4297 τῶν
2323 4243 2746 4314 ἀσωμάτι·›ν,ὲφ’
2768 4236 2841 4296 ὧν
2869 4245 2901 4315 ἡ
2931 4243 3222 4313 ταυτότης·
3241 4242 3427 4314 τὸγὰρ
3456 4240 3765 4312 όμοούσιόγ

2188 4335 2306 4386 ἐστι
2351 4335 2411 4387 τὸ
2465 4336 2874 4389 ταυτοούσιον.
2922 4334 3143 4389 Μακεδ.
3193 4333 3352 4388 Ἀλλά
3398 4334 3470 4388 τὰ
3519 4335 3763 4405 apostasia

2187 4425 2366 4496 ἔχουσι
2403 4427 2869 4498 προῦποκειμένην
2913 4427 3118 4481 οὐσίαν.
3180 4427 3335 4495 Ὀρθ.
3397 4429 3515 4480 Οὐκ
3562 4424 3767 4496 ἀληθῶς

522 4513 588 4566 lis
627 4523 711 4569 est
741 4512 852 4568 Eva
880 4515 1110 4580 Adamo,
1141 4532 1316 4588 neque
1346 4525 1526 4572 tamen
1561 4519 1762 4572 habent
1795 4517 2093 4587 praejacen-

2202 4517 2402 4587 λέγειςξο
2428 4520 2522 4572 καὶ
2553 4519 2660 4590 γάρ
2681 4519 2958 4590 ὁμοούσιός
2989 4521 3137 4572 ἐστιν
3162 4521 3196 4591 ἡ
3232 4517 3346 4572 Εὔα
3374 4519 3658 4590 τῷἈδάμ,
3677 4518 3766 4570 καὶ

517 4612 622 4658 tem
640 4606 918 4662 hominum
935 4609 1529 4666 substantiamJIaced.
1549 4610 1653 4666 Sed
1673 4620 1872 4667 terram
1892 4611 2089 4666 habent

515 4699 916 4769 pmjacentem.
953 4699 1106 4756 Ortli.
1143 4698 1253 4756 Nec
1283 4709 1463 4756 tamen
1515 4702 1640 4757 ideo
1685 4710 1813 4757 sunt
1851 4701 2088 4756 consub-

513 4793 818 4852 stantiales.
839 4793 965 4864 quia
990 4810 1055 4850 ex
1089 4801 1232 4848 terra
1257 4801 1404 4858 sunt,
1434 4793 1527 4848 sed
1563 4795 1690 4864 quia
1714 4794 1958 4850 eamdem
1987 4795 2083 4847 ad-

513 4881 735 4935 mittunt
759 4883 1079 4938 substantiae
1112 4885 1399 4939 rationem.
1424 4882 1634 4941 Maced.
1666 4885 1864 4940 Verum
1885 4901 1986 4956 ego
2005 4885 2086 4939 id-

509 4973 658 5027 circo
705 4977 1202 5032 consubstantiales
1257 4993 1379 5032 esse
1415 4979 1558 5042 dico,
1612 4979 1739 5048 quia
1775 4994 1843 5033 ex
1893 4978 2080 5034 eadem

513 5064 670 5131 plane
691 5073 819 5119 sunt
848 5067 1174 5133 substantia,
1205 5084 1268 5122 ex
1299 5078 1440 5123 terra
1472 5085 1684 5140 nempe.
1709 5069 1804 5124 Dic
1837 5069 2002 5140 igitur
2030 5077 2084 5124 et

510 5170 696 5220 canes,
721 5165 775 5210 et
804 5168 1086 5227 serpentes
1114 5168 1166 5214 et
1198 5169 1394 5215 cuncta
1428 5169 1620 5217 caetera
1654 5163 1950 5216 animantia
1980 5162 2080 5214 ho-

512 5246 750 5302 minibus
777 5264 897 5304 esse
939 5251 1456 5316 consubstantialia,
1501 5270 1676 5324 neque
1705 5255 1880 5310 solum
1923 5255 2079 5309 bruta

510 5338 809 5393 animantia
826 5380 840 5403 ,
864 5342 955 5396 sed
985 5345 1143 5396 etiam
1176 5344 1386 5411 plantas
1403 5354 1456 5399 et
1473 5345 1519 5400 si
1541 5346 1668 5415 quid
1687 5346 1832 5399 aliud
1851 5362 1917 5400 ex
1935 5354 2078 5398 terra

508 5437 689 5482 ortum
737 5431 916 5486 habet.
951 5431 1072 5488 Uno
1104 5435 1306 5503 quippe
1347 5437 1567 5491 nomine
1627 5438 1809 5491 omnia
1862 5445 2078 5491 terrena

507 5531 796 5587 vocantur,
847 5525 942 5578 sed
995 5541 1102 5580 non
1143 5526 1387 5580 eamdem
1419 5527 1711 5583 admittunt
1760 5528 2079 5584 substantiae

507 5611 794 5666 rationem.
825 5613 1033 5670 Maced.
1069 5615 1180 5686 Ego
1214 5632 1320 5670 non
1339 5634 1458 5672 sum
1487 5626 1723 5673 sectator
1745 5620 2072 5675 Aristotelis.

507 5697 665 5757 Orth.
684 5702 868 5775 Neque
885 5723 1006 5778 ego.
1026 5707 1235 5763 Maced.
1271 5708 1376 5764 Sed
1401 5712 1722 5767 Aristoteles
1749 5713 1943 5783 inquit,
1976 5713 2074 5768 ho-

509 5812 908 5868 mouymorum,
946 5817 1040 5857 seu
1075 5818 1304 5873 quorum
1331 5819 1619 5860 commune
1640 5820 1860 5871 nomen,
1892 5805 2072 5862 diver-

2197 4610 2297 4663 οὐκ
2313 4609 2492 4680 ἔχουσι
2508 4615 2645 4682 προῦ
2653 4628 2806 4664 ποκει
2813 4610 2978 4682 μένην
2995 4610 3184 4664 οὐσίαν
3202 4611 3298 4664 ἀνθ
3309 4609 3530 4682 ρώπων.
3549 4607 3764 4665 Μακεὸ.

2207 4701 2366 4755 Ἀλλά
2389 4702 2486 4773 τὴν
2517 4703 2619 4773 γῆν
2658 4701 2835 4774 ἔχουσι
2854 4703 3348 4774 προῦποκειμένην.
3368 4703 3524 4771 Ὀρθ.
3550 4702 3685 4754 Ἀλλ’
3704 4699 3766 4752 οὐ

2191 4795 2281 4851 διὰ
2325 4797 2481 4850 τοῦτό
2519 4797 2653 4850 εἰσιν
2683 4795 2975 4868 ὁμοούσιοι,
3023 4795 3212 4868 ἐπειδὴ
3244 4797 3308 4850 ἐκ
3345 4797 3442 4867 τῆς
3472 4796 3579 4866 γῆς
3609 4796 3764 4852 εἰσιν,

2191 4889 2304 4943 ἀλλ’
2335 4890 2418 4943 ὅτι
2449 4889 2539 4942 τὸν
2590 4888 2748 4942 αὐτὸν
2795 4888 3132 4958 ἐπιδέχονται
3193 4888 3349 4957 λόγον
3405 4888 3510 4958 τῆς
3560 4887 3765 4949 οὐσίας.

2191 4983 2413 5039 Μακεδ.
2453 4982 2593 5053 Ἐγὼ
2639 4984 2694 5037 δὲ
2723 4983 2809 5037 διά
2831 4983 2986 5037 τοῦτο
3021 4984 3165 5052 λέγω
3189 4983 3531 5054 ὁμοουσίους,
3582 4980 3764 5050 ἐπειδὴ

2190 5079 2254 5129 ὲκ
2277 5076 2376 5146 τῆς
2404 5077 2572 5145 αὐτῆς
2593 5077 2727 5129 εἰσιν
2753 5076 2958 5139 οὐσίας,
2978 5076 3041 5128 ἐκ
3065 5076 3162 5146 τῆς
3188 5075 3311 5144 γῆς.
3331 5075 3487 5142 Ὀρθ.
3517 5071 3649 5127 Eine
3670 5068 3767 5124 οὖν

2191 5168 2284 5221 καὶ
2309 5171 2434 5230 τοὺς
2466 5167 2654 5231 κύνας,
2711 5167 2805 5221 καὶ
2832 5169 2956 5230 τοὺς
2985 5167 3154 5236 ὄφεις,
3206 5168 3300 5220 καὶ
3332 5167 3512 5220 πάντα
3539 5166 3606 5219 τά
3631 5165 3766 5217 ἄλλα

2189 5259 2324 5324 ζῶα,
2353 5259 2610 5329 ὁμοούσια
2629 5262 2740 5323 τοῖς
2771 5258 3098 5330 ἀνθρώποις·
3132 5258 3226 5311 καὶ
3250 5259 3310 5311 ού
3349 5259 3513 5328 μόνον
3543 5257 3613 5310 τά
3636 5257 3766 5311 ἄλο-

2186 5367 2257 5419 γα
2291 5349 2424 5414 ζῶα,
2453 5349 2588 5403 ἀλλά
2619 5352 2712 5404 καὶ
2744 5350 2810 5403 τὰ
2839 5349 3000 5421 φυτὰ,
3018 5349 3112 5402 καὶ
3145 5349 3200 5402 εἴ
3229 5367 3282 5403 τι
3311 5349 3498 5420 ἕτερόν
3532 5354 3680 5402 ἐστιν
3703 5350 3767 5400 ἐκ

2183 5442 2284 5506 τῆς
2314 5441 2434 5511 γῆς.
2482 5442 2812 5512 Ὀμωνύμως
2861 5441 2966 5512 γάρ
3012 5440 3189 5494 πάντα
3219 5443 3384 5510 γήϊνα
3432 5439 3729 5494 καλοῦνται
3751 5457 3764 5469 ⁸

2185 5533 2297 5586 ἀλλ’
2333 5533 2393 5585 οὐ
2445 5531 2537 5587 τὸν
2593 5533 2752 5586 αὑτὸν
2804 5533 3138 5603 ἐπιδέχονται
3187 5531 3346 5599 λόγον
3397 5533 3496 5603 τῆς
3551 5532 3766 5594 οὐσίας.

2184 5621 2403 5676 Μακεδ.
2434 5621 2577 5690 Ἐγὼ
2596 5623 2696 5676 οὐκ
2718 5622 2991 5676 ἀκολουθῶ
3033 5622 3412 5691 Ἀριστοτέλει.
3445 5625 3598 5690 Ὀρθ.
3624 5621 3768 5675 Οὐδὲ

2187 5714 2294 5785 γάρ
2325 5713 2453 5782 ἐγώ.
2479 5713 2700 5768 Μακεδ.
2739 5714 2898 5768 Ἀλλὰ
2930 5713 3306 5784 Ἀριστοτέλης
3351 5711 3472 5766 εἷπε
3505 5714 3611 5767 τῶν
3662 5716 3766 5783 ὀμ-

2181 5806 2411 5878 ωνύμων
2441 5806 2531 5861 τὸν
2561 5805 2718 5875 λόγον
2749 5808 2845 5878 τῆς
2881 5806 3066 5869 οὐσίας
3105 5804 3290 5876 ἕτερον
3317 5824 3475 5864 cavat.
3496 5808 3651 5873 Ὀρθ.
3693 5806 3766 5857 Σὺ
