3930 6548
206 387 358 448 «ΙὸἷἹ

990 390 1574 453 CONFUTATIONES
1612 393 2056 462 QUARUMDAM
2102 395 2692 459 PROPOSITIONUM.

3335 402 3472 460 1533

202 503 271 557 δὲ
298 501 396 559 τὸν
420 502 584 557 αὐτὸν
609 500 746 559 εἶναι
778 503 935 574 λόγον
953 505 1133 575 λέγεις
1158 507 1257 579 τῆς
1277 508 1465 572 οὐσίας
1490 508 1767 580 ἀνθρώπω*

1894 522 2012 563 sam
2056 523 2179 564 esse
2231 511 2551 568 substantia:
2609 511 2895 568 rationem.
2948 512 3102 570 Ortli.
3140 514 3210 570 At
3246 523 3303 571 tu
3332 515 3472 573 dicis

207 595 314 651 καὶ
343 595 503 661 δνων,
558 597 653 651 καὶ
690 594 850 667 βοιῖιν.
908 598 1003 652 καὶ
1049 599 1252 662 ἵππων,
1312 600 1407 654 καὶ
1454 600 1564 653 τῶν
1618 599 1791 654 ἀλλων

204 685 407 754 ζώωνς
445 686 665 743 Μακεδ.
678 687 806 742 Ναί.
824 689 977 758 Ὀρθ.
1011 689 1112 745 Τὸν
1135 690 1297 745 αὐτὸν
1326 691 1433 764 ἀρα
1459 691 1614 762 λόγον
1648 692 1792 763 ἔχεις

204 777 313 848 τῆς
331 776 518 841 οὐσίας
528 781 641 842 τοῖς
666 778 882 849 ἀλόγοις
906 779 1157 845 ςεΜακεδ.
1174 781 1303 837 Ναί.
1322 782 1416 836 Ἐκ
1442 782 1541 854 τῆς
1560 783 1662 855 γῆς
1682 782 1791 857 γάρ

204 868 515 941 ἐγενόμεθα
553 870 770 935 πάντες.
814 871 959 939 Ὀρθ.
997 871 1138 942 Ἐγὼ
1172 873 1269 943 μὲν
1294 873 1393 928 οὐκ
1436 872 1791 947 Ἀριστοτέλει

200 963 543 1028 ἀκολουθῶν,
582 963 695 1018 ἀλλ’
737 964 875 1035 αὐτῇ
911 967 978 1036 τῇ
1034 964 1281 1038 ἀληθείᾳ,
1315 966 1421 1020 τῶν
1479 966 1785 1038 ὁμωνύμων

192 1056 300 1111 τὸν
320 1056 479 1125 λόγον
509 1057 611 1128 τῆς
636 1056 824 1121 οὐσίας
855 1057 914 1110 ού
949 1057 1041 1111 τὸν
1068 1057 1229 1112 αὐτὸν
1257 1058 1401 1128 λέγω
1419 1099 1434 1123 ,
1469 1059 1589 1113 οὐδὲ
1612 1059 1786 1114 ταυτά

196 1150 321 1212 τοῖς
347 1148 564 1218 ἀλόγοις
607 1148 678 1202 τά
721 1148 931 1218 λογικά.
963 1150 1078 1213 Πᾶς
1108 1149 1165 1203 δὲ
1216 1150 1490 1222 αἱρετικδς
1543 1170 1562 1202 ι
1602 1168 1785 1222 παρα-

200 1236 514 1310 συνεϐλήθη
547 1240 660 1301 τοῖς
694 1242 915 1310 κτήνεσι
952 1243 1063 1305 τοῖς
1097 1241 1363 1311 ἀνοήτοις,
1408 1240 1501 1294 καὶ
1528 1239 1781 1311 ὡμοιώθη

1888 599 2135 657 eamdem
2175 617 2297 659 esse
2337 605 2604 662 rationem
2655 608 2980 664 substantia!
3026 609 3328 672 hominum,
3363 611 3474 666 asi-

1889 709 2106 763 norum,
2166 696 2356 764 boum,
2391 715 2656 771 equorum
2695 712 2749 759 et
2796 704 3028 760 aliorum
3049 704 3473 762 «animantium?

1891 786 2099 845 Haced.
2134 788 2332 847 Etiam.
2362 791 2514 848 Ortli.
2536 792 2792 850 Eamdem
2812 811 2941 867 ergo
2958 797 3271 853 substantia
3304 799 3436 854 ratic
3452 827 3474 840 -

1888 895 2012 935 nem
2071 881 2241 938 babes
2270 899 2434 955 quam
2461 885 2621 942 bruta
2650 888 2975 945 animantia.
3030 888 3236 945 Maced.
3268 889 3467 948 Etiam.

1892 970 2045 1029 Orth.
2081 973 2196 1046 Ego
2225 976 2445 1048 quidem
2477 996 2587 1035 non
2621 980 2992 1047 Aristotelem,
3041 983 3137 1038 sed
3183 984 3467 1040 veritatem

1888 1074 2262 1133 consectatus,
2282 1085 2391 1125 non
2420 1070 2545 1126 dico
2570 1086 2759 1128 eorum
2786 1089 3018 1143 quorum
3050 1090 3342 1131 commune
3366 1092 3469 1131 no-

1887 1164 2035 1217 men,
2055 1155 2302 1211 eamdem
2328 1173 2452 1215 esse
2483 1160 2804 1216 substantiae
2835 1164 3126 1227 rationem,
3170 1182 3346 1235 neque
3376 1180 3471 1220 ea-
3525 1227 3539 1238 θ

1886 1243 2009 1298 dem
2050 1262 2176 1303 esse
2222 1249 2621 1308 irrationabilia
2678 1270 2801 1324 quae
2851 1258 3218 1313 rationabilia.
3276 1256 3469 1315 Omnis

197 1329 411 1392 αὐτοῖς.
438 1348 456 1380 ι
477 1328 698 1385 Μακεδ.
722 1329 815 1401 Μὴ
850 1328 1035 1403 ὕϐριζε
1060 1329 1457 1401 διαλεγόμενος.
1474 1332 1628 1398 Ὀρθ.
1646 1327 1767 1398 Ἐγιὶ

1879 1343 2067 1395 ςιυιειη
2105 1339 2395 1398 haereticus
2429 1362 2447 1394 ι
2481 1355 2832 1415 comparatus
2877 1357 2964 1404 est
3012 1350 3278 1419 jumentis
3333 1350 3470 1405 insi-

191 1419 304 1491 οὐχ
327 1420 535 1492 ύϐρίζω
553 1438 567 1452 ·
594 1420 709 1476 ἀλλ’
748 1424 782 1493 ἠ
813 1420 880 1493 σὴ
910 1421 1062 1495 φωνὴ
1092 1421 1250 1476 τοῦτο
1285 1422 1575 1494 συνήγαγε.

1884 1429 2184 1499 pientibus,
2206 1440 2262 1487 et
2291 1433 2490 1491 similis
2521 1434 2700 1493 factus
2716 1447 2801 1494 est
2833 1440 2941 1497 illis
2963 1444 3027 1494 ".
3054 1461 3073 1494 ι
3093 1441 3303 1497 Maced.
3330 1442 3470 1497 Abs-

193 1518 318 1573 tine
357 1532 390 1571 a
428 1517 778 1574 contumeliis
817 1519 961 1574 inter
1011 1518 1422 1590 disputandum.
1457 1516 1609 1573 Ortlt.
1647 1516 1761 1591 Ego
1804 1526 2195 1583 contumeliose
2239 1543 2347 1583 non
2386 1544 2510 1601 ago,
2550 1532 2648 1589 sed
2678 1533 2813 1589 illud
2848 1550 2916 1590 ex
2953 1535 3114 1592 dictis
3168 1536 3277 1592 tuis
3335 1551 3469 1592 con-

193 1614 479 1685 sequitur.

199 1735 318 1792 Τοῦ
348 1735 537 1792 αὐτοῦ
570 1735 885 1805 ἐπιστολὴ,
918 1738 1227 1807 προοιμίου
1247 1736 1503 1807 δύναμιν
1524 1735 1778 1807 ἔχουσα,

268 1808 374 1861 καὶ
403 1807 734 1877 τραγῳδίαν
753 1808 864 1877 τῆς
880 1808 997 1862 τῶν
1020 1807 1395 1876 Ἐκκλησιῶν
1419 1807 1703 1882 ταραχῆς.

279 1919 603 1993 Ἑθαύμασά
633 1939 724 1976 σου
763 1922 853 1977 τὸν
894 1922 1173 1993 φιλόλογον
1216 1924 1308 1977 καί
1348 1922 1613 1994 φιλαλήθη
1649 1937 1777 1975 σκο-

187 2013 323 2078 πὸν,
357 2008 404 2067 ὧ
432 2015 721 2069 πιστότατε
753 2016 905 2069 δοῦλε
936 2015 1171 2089 Χριστοῦ
1211 2015 1285 2086 (τί
1317 2015 1427 2088 γάρ
1460 2015 1526 2070 ἂν
1559 2014 1777 2086 εὕροιμι

184 2102 300 2174 τῆς
356 2102 514 2171 ἀξίας
558 2104 760 2175 ταύτης
814 2103 998 2174 ἰσον;)
1045 2103 1337 2157 Εὑστάθιεο
1376 2103 1468 2157 καὶ
1521 2099 1778 2156 τοσοῦτον

183 2196 509 2267 ἐθαύμασα,
535 2195 788 2249 τοσοῦτον
808 2196 1070 2268 ἡττήθην,
1092 2194 1168 2259 ὼς
1200 2194 1398 2249 αὐτίκα
1424 2194 1776 2265 διαναστῆναι

183 2288 335 2363 πρὸς
361 2289 462 2362 τὴν
484 2283 560 2344 ὧν
582 2289 875 2354 ἐκέλευσας
892 2288 1190 2354 διακονίαν,
1215 2287 1538 2359 εἰσφέροντα
1567 2287 1775 2361 προθύ-

187 2402 315 2457 μως
341 2385 405 2438 τὸ
452 2384 756 2456 βούλεσθαι,
798 2387 846 2439 εί
883 2384 979 2438 καὶ
1017 2382 1195 2438 λείπει
1226 2382 1286 2437 τὸ
1333 2382 1612 2437 δύνασθαι.
1649 2382 1776 2448 Πῶς

180 2478 303 2551 γάρ
331 2476 400 2532 ἃν
431 2477 720 2550 δυνηθείην
746 2477 779 2549 ἢ
810 2477 887 2549 τῷ
914 2475 1100 2549 θερμῷ
1123 2492 1218 2529 σου
1243 2474 1390 2547 ζήλῳ
1419 2474 1773 2541 ωνεξισῶσαι

178 2569 387 2639 λόγον,
438 2568 567 2641 ἢτὺ
614 2568 1056 2642 χρεωστούμενον
1105 2571 1171 2641 τῇ
1215 2567 1443 2641 ἀληθείᾳ
1487 2567 1771 2640 πληρῶσαι

183 2657 469 2729 μέτρον,ἢ
491 2658 586 2713 τοῦ
610 2657 705 2711 νῦν
730 2658 1014 2730 ὀχλοῦντος
1034 2658 1262 2729 ψεύδους
1289 2658 1637 2731 παραστῆσαι
1660 2658 1770 2730 (19)

177 2747 281 2802 τὸν
307 2747 508 2818 δγκον;
538 2748 803 2817 Λέγονται
835 2749 1015 2820 πάσης
1038 2748 1260 2819 ἀλογίας
1281 2750 1376 2804 καὶ
1401 2748 1658 2812 ἀπονοίας
1670 2749 1772 2818 γέ-

181 2857 366 2912 μοντα
400 2841 651 2913 mpm:-
688 2840 783 2895 καὶ
821 2840 1070 2910 λέγονται
1103 2841 1243 2914 μετά
1278 2841 1458 2913 πάσης
1498 2840 1771 2905 ἀναιδείας

177 2930 284 2984 καὶ
309 2929 619 2995 αὐθεντίας,
649 2930 725 2995 ὼς
770 2933 835 2985 ὲκ
861 2930 1051 2984 τούτου
1087 2932 1217 3003 ῥᾷον
1252 2931 1551 3003 τολμᾶσθαι
1585 2931 1653 2985 τὰ
1695 2930 1770 3003 μὴ

173 3022 453 3094 πρότερον
470 3022 829 3095 τολμηθέντα,
847 3024 941 3078 καὶ
964 3024 1065 3096 τὴν
1088 3025 1371 3097 αἰρετικὴν
1399 3025 1599 3079 κακίαν
1630 3042 1771 3096 μηκ-

172 3116 267 3171 έτι
328 3116 504 3189 λάθρα
528 3118 785 3172 καὶκατὰ
816 3118 1012 3189 μικρὸν
1037 3117 1405 3171 ἐπιϐουλεύειν
1427 3122 1538 3183 τοῖς
1569 3118 1768 3172 ἀπλού-

1889 1731 2142 1805 Ejusdem
2169 1738 2418 1805 epistola,
2475 1741 2813 1818 prtefationis
2858 1743 2974 1797 loco
3014 1745 3236 1818 scripta,
3275 1746 3330 1800 in
3361 1761 3467 1818 qua

2144 1818 2380 1863 motuum
2402 1811 2882 1868 ecclesiasticarum
2911 1811 3190 1886 tragaedia.

1952 1916 2283 1975 Litterarum
2315 1922 2559 1977 studium
2591 1930 2770 1988 tuum,
2805 1926 3164 1997 veritatisque
3193 1928 3465 1999 indagan-

1877 2005 1961 2062 daa
2004 2023 2256 2078 scopum,
2309 2010 2612 2067 admiratus
2649 2029 2794 2079 sum,
2832 2029 2866 2069 ο
2894 2014 3213 2072 fidelissime
3257 2018 3464 2074 Christi

1877 2116 2033 2158 serve
2080 2107 2211 2172 (quo
2252 2111 2303 2158 te
2328 2103 2474 2159 enim
2511 2103 2747 2175 digniori
2809 2108 3130 2178 compellem
3174 2110 3464 2182 nomine?)

1875 2192 2131 2250 Eustatbi
2166 2214 2179 2250 :
2212 2205 2267 2251 et
2319 2204 2610 2268 tantopere
2650 2198 2904 2262 miratus,
2957 2208 3241 2272 tantopere
3285 2202 3465 2260 victus

1877 2301 2023 2352 sum,
2077 2298 2136 2341 ut
2168 2287 2460 2344 confestim
2502 2290 2722 2360 jussum
2769 2291 2906 2346 mibi
2953 2307 2985 2347 a
3014 2302 3066 2348 te
3095 2293 3461 2349 ministerium

1874 2393 2168 2449 aggressus
2205 2380 2331 2445 sim,
2373 2390 2682 2453 promptam
2716 2399 2930 2439 mecum
2958 2386 3194 2441 afl‘erens
3214 2387 3464 2441 volunta-

1872 2474 2007 2529 tem,
2044 2467 2147 2524 etsi
2176 2469 2325 2525 vires
2354 2485 2441 2526 me
2470 2471 2750 2529 deﬁciant.
2793 2473 2898 2540 Qui
2931 2475 3076 2530 enim
3109 2492 3325 2546 possem
3353 2476 3463 2532 fer-

1871 2556 2002 2611 vido
2051 2559 2236 2614 studio
2270 2569 2368 2616 tuo
2416 2577 2637 2633 aequare
2685 2579 3028 2634 sermonem,
3080 2576 3175 2622 aut
3220 2569 3461 2623 debitam

1874 2654 2091 2709 veritati
2127 2656 2353 2729 implere
2392 2674 2734 2726 mensuram,
2768 2672 2864 2717 aut
2900 2664 3172 2719 mendacii
3192 2666 3305 2731 jam
3343 2673 3463 2720 tur-

1870 2741 1971 2799 bas
2001 2745 2215 2816 agentis
2244 2753 2684 2818 exsuperantiam
2720 2751 3038 2808 declarare?
3064 2751 3242 2809 Verba
3276 2755 3462 2825 profe-

1870 2844 2069 2891 runtur
2100 2838 2352 2894 amentiae
2391 2846 2555 2910 atque
2592 2841 2926 2912 insipientia:
2979 2845 3135 2915 plena
3163 2848 3462 2902 :dicuntur

1869 2935 2052 2983 autem
2090 2944 2305 2985 summa
2339 2945 2464 2986 cum
2516 2933 2857 3004 impudentia
2909 2948 2964 2991 et
3013 2940 3363 3010 arrogantia:
3400 2950 3461 2995 ut

1870 3021 2073 3076 exhinc
2096 3022 2283 3078 ausint
2309 3038 2432 3094 quae
2462 3040 2573 3080 non
2612 3037 2741 3082 sunt
2792 3028 3059 3085 hactenus
3092 3031 3253 3097 ausi,
3286 3032 3458 3086 luere-

1870 3111 2088 3182 ticaque
2119 3112 2444 3183 improbitas
2476 3131 2584 3171 non
2616 3116 2757 3171 clam
2806 3118 3039 3175 ulterius
3087 3131 3141 3175 et
3194 3122 3456 3190 paulatim

174 3209 439 3282 στέροις,
484 3208 602 3263 ἀλλ’
649 3208 725 3274 ὡς
757 3209 1015 3266 ἁπάντων
1061 3208 1289 3281 ἔχουσαν
1343 3207 1592 3275 ἐξουσίαν
1646 3226 1767 3263 νεα-

1871 3202 2300 3273 simplicioribus
2329 3203 2641 3270 insidietur,
2675 3206 2772 3262 sed
2803 3210 2963 3279 quasi
2994 3217 3155 3263 nacta
3184 3210 3238 3264 in
3262 3224 3457 3266 omnes

170 3297 482 3363 νιεύεσθαι,
511 3301 605 3354 καὶ
639 3299 782 3355 κατὰ
813 3300 1032 3354 πάντων
1066 3299 1401 3364 ἐπιτάσσειν,
1432 3298 1764 3371 νομοθετεῖν,

168 3391 366 3445 ἕλκειν
396 3392 533 3463 πρὸς
559 3392 620 3445 τὸ
648 3390 860 3458 δοκοῦν,
894 3393 1148 3447 ἀπαιτεῖν
1189 3391 1438 3465 ὑπακοὴν
1467 3392 1765 3464 ἀνυπέρθε-

166 3504 293 3551 τον,
310 3485 763 3557 καταγινώσκειν,
780 3486 937 3551 δίκας
965 3485 1383 3558 εἰσπράττεσθαι
1404 3486 1503 3558 τῆς
1522 3488 1650 3557 περὶ
1666 3486 1765 3560 τὴν

168 3579 467 3634 εὐσέϐειαν
493 3577 810 3651 ἀκριϐείαςο
834 3579 928 3634 καὶ
958 3579 1049 3633 τὸν
1072 3579 1172 3651 μὲν
1189 3579 1377 3652 ὕϐρεσι
1399 3578 1762 3652 περιϐάλλειν,

164 3669 273 3724 τὸν
291 3669 352 3723 δὲ
371 3670 630 3743 πατρίδος
654 3669 898 3724 ἐλαύνειν
917 3687 931 3701 ’
952 3669 1123 3740 τούτῳ
1147 3669 1374 3743 βρόχους
1405 3669 1764 3741 ἐγκλημάτων

168 3761 444 3827 πλέκειν,
488 3764 695 3817 ἐκεῖνον
746 3761 986 3834 γυμνοῦν
1042 3763 1141 3835 τῆς
1209 3761 1518 3834 προσούσης
1573 3759 1757 3827 ditur

163 3852 341 3908 ἄλλον
383 3852 738 3908 καταϐάλλειν
777 3852 855 3924 τῷ
894 3851 1122 3924 θράσει,
1153 3850 1340 3923 ἕτερον
1394 3850 1763 3923 συναρπάζειν

163 3944 259 4018 τῷ
291 3945 511 4017 κόμπῳ.
548 3945 745 4000 Σιωπῶ
790 3944 859 4000 τά
889 3943 1100 4016 δεσμὰ,
1132 3944 1201 3999 τὰ
1246 3943 1616 4016 δεσμωτήρια,
1660 3941 1761 4007 τὰς

164 4036 405 4109 ζημίας,
440 4038 538 4101 τὰς
581 4036 824 4109 ἀτιμίας,
854 4036 953 4100 τὰς
987 4035 1279 4107 μάστιγας,
1312 4032 1382 4087 τά
1422 4033 1530 4087 τῶν
1582 4033 1760 4103 φόνων

164 4128 388 4183 ἐλεεινά
411 4128 679 4200 θεάματα,
698 4129 792 4182 καὶ
815 4127 954 4200 μετά
978 4127 1077 4200 τὴν
1102 4129 1298 4200 πεῖραν
1320 4126 1490 4197 αὐτὴν
1505 4126 1573 4179 δι’
1597 4126 1698 4179 ύπε
1708 4144 1762 4198 ρ-

164 4221 341 4292 ϐολὴν
368 4221 763 4295 ἀπιστούμενα.
787 4220 898 4275 Καὶ
923 4220 1096 4275 ταῦτα
1119 4219 1524 4293 δραματουργεῖ
1540 4219 1651 4290 (20)
1673 4219 1759 4274 διὰ

160 4313 389 4370 πολλῶν
428 4315 635 4387 ἱερέων.
667 4314 731 4366 Ὢ
756 4314 857 4384 τῆς
888 4314 1103 4385 ἀνιέρου
1136 4312 1371 4385 τόλμηςί
1408 4313 1471 4365 Ὢ
1498 4312 1598 4384 τῆς
1626 4313 1759 4381 ἀφο-

162 4409 345 4484 ρήτου
373 4408 556 4478 δίκηςί
581 4403 683 4461 Ὠν
728 4406 1011 4479 προοίμιον
1046 4405 1357 4479 ἱερουργίας
1388 4422 1447 4459 τε
1471 4406 1565 4460 καὶ
1608 4405 1756 4458 διδα-

1867 3300 2219 3365 potestatem,
2252 3294 2515 3353 ferociter
2545 3305 2690 3367 agat,
2732 3300 2988 3355 omnibus
3025 3300 3277 3370 imperet,
3308 3301 3459 3374 leges

1866 3388 2213 3458 praescribat,
2250 3387 2318 3443 ad
2349 3389 2550 3460 placita
2584 3405 2681 3446 sua
2713 3391 3019 3461 pertrabat,
3040 3392 3456 3462 obsequentiam

1864 3478 2127 3549 postulet,
2173 3477 2382 3548 absque
2439 3492 2592 3532 mora
2648 3479 2891 3544 damnet,
2943 3496 3135 3552 poenas
3173 3489 3353 3537 sumat
3386 3483 3457 3539 dc

1865 3568 2215 3627 studentibus
2245 3571 2348 3643 pie
2381 3571 2682 3643 religioni:
2716 3580 2771 3628 et
2813 3572 2962 3627 bunc
2991 3573 3211 3645 quidem
3256 3582 3457 3631 contu-

1864 3666 2043 3722 meliis
2074 3675 2309 3731 oneret,
2347 3665 2502 3721 illum
2547 3666 2723 3737 patria
2770 3668 2975 3737 pellat,
3023 3667 3114 3721 alii
3145 3667 3475 3723 accusatio-.

1863 3772 1995 3812 num
2020 3758 2246 3829 laqueos
2262 3766 2556 3814 connectat
2572 3800 2587 3824 ,
2614 3759 2767 3814 illum
2792 3759 3057 3832 dignitate
3085 3760 3281 3830 spoliet
3314 3775 3412 3815 sua
3432 3801 3452 3827 ,

1863 3851 2031 3905 alium
2080 3851 2308 3906 audacia
2339 3866 2439 3907 sua
2489 3850 2713 3921 dejiciat
2743 3893 2758 3919 ,
2819 3852 2987 3906 alium
3038 3850 3181 3905 fastu
3234 3866 3337 3907 suo
3381 3851 3451 3907 ad

1862 3959 1994 4001 suas
2027 3953 2212 4016 partes
2242 3944 2498 4015 abripiat.
2531 3942 2710 3998 Taceo
2733 3943 2967 4008 vincula,
2999 3957 3273 4008 carceres,
3307 3941 3452 3996 mul-

1862 4043 2005 4100 ctas,
2031 4035 2351 4107 opprobria,
2376 4034 2608 4106 flagella,
2659 4034 2822 4107 492
2875 4033 3183 4089 miseranda
3218 4033 3451 4087 caedium

1860 4129 2196 4199 spectacula,
2252 4142 2375 4198 qua:
2420 4128 2505 4183 vel
2558 4136 2682 4198 post
2728 4128 2902 4197 ipsam
2952 4125 3346 4195 experientiam
3378 4123 3455 4178 ob

1858 4221 2202 4276 atrocitatem
2237 4221 2460 4276 nimiam
2492 4221 2584 4276 vix
2635 4219 2955 4275 creduntur.
2986 4218 3112 4273 llaec
3142 4232 3305 4289 porro
3335 4227 3452 4271 tra-

1858 4318 2037 4389 gmdia
2068 4317 2270 4372 multos
2310 4316 2629 4373 sacerdotes
2676 4322 2933 4370 auctores
2973 4315 3161 4370 habet.
3216 4311 3261 4369 Ο
3290 4329 3448 4369 exse-

1857 4409 2116 4464 crandam
2162 4408 2485 4464 audaciam!
2549 4407 2593 4463 0
2633 4407 2977 4462 intoleranda
3025 4407 3179 4478 jura!
3247 4404 3449 4477 quibus

161 4501 404 4566 σκαλίας
448 4501 508 4555 τὸ
556 4499 888 4570 γλυκύτατον
934 4502 1140 4554 ἐκεῖνο·
1196 4499 1404 4572 Εἰρήνη
1450 4501 1649 4553 πᾶσιν·
1681 4491 1756 4552 ὧν

1871 4503 2145 4556 exordium
2173 4501 2467 4558 sacerdotii
2501 4515 2565 4554 ac
2595 4500 2897 4572 magisterii
2924 4499 3027 4554 fuit
3062 4498 3447 4554 dulcissimum

158 4594 338 4667 ἔργον
358 4592 671 4665 περιφέρειν
688 4592 749 4645 τὸ
772 4593 1054 4664 κήρυγμα,
1069 4591 1130 4646 τὸ
1153 4590 1324 4646 πολλά
1353 4590 1752 4664 παραγγέλλειν

1871 4594 1986 4648 ηΙΙυιί
2010 4593 2217 4649 dictum
2246 4612 2260 4649 :
2286 4592 2399 4649 Pax
2428 4594 2686 4649 omnibus
2714 4611 2728 4647 :
2761 4608 2992 4664 quorum
3025 4607 3164 4663 opus
3195 4598 3276 4645 est
3307 4604 3448 4660 pra-

159 4683 304 4757 περὶ
331 4684 654 4755 πραότητος,
688 4684 836 4746 ὅπως
863 4681 1174 4753 φυλάσσωσι
1195 4680 1287 4747 τὸ,
1320 4700 1340 4733 ι
1377 4682 1455 4753 Τῇ
1487 4682 1752 4753 πραότητι

158 4777 449 4833 παιδεύειν
502 4779 628 4842 τοὺς
676 4776 1243 4848 ἀντιδιατιθεμένους,
1291 4797 1310 4830 ι
1369 4777 1550 4841 καλῶς
1614 4794 1751 4849 πρε-

160 4871 427 4927 σϐεύουσι
452 4872 545 4925 τό·
582 4892 600 4924 ι
633 4872 823 4943 Ἡμεῖς
852 4874 901 4926 οἰ
941 4871 1155 4926 δυνατοί
1192 4871 1478 4943 ὀφείλομεν
1502 4870 1569 4924 τά
1594 4869 1753 4923 ἀσθε-

156 4966 390 5037 νήματα
419 4963 527 5019 τῶν
562 4964 838 5019 ἀδυνάτων
881 4963 1190 5034 βαστάζειν·
1218 4984 1237 5015 ι
1267 4964 1407 5018 πάνυ
1447 4963 1556 5035 γὰρ
1587 4962 1751 5028 ὁσίως

155 5056 399 5129 τηροῦσι
428 5058 553 5120 τοὺς
597 5058 795 5127 σοφοὺς
830 5056 1041 5110 Παύλου
1085 5057 1307 5127 λόγους·
1344 5076 1362 5109 ι
1390 5057 1485 5121 Τίς
1513 5057 1750 5121 ἀσθενεῖ,

159 5150 265 5204 καὶ
296 5149 398 5202 ούκ
447 5149 691 5217 ἀσθενῶ;
730 5151 827 5215 Τίς
870 5148 1310 5214 σκανδαλίζεται,
1347 5148 1441 5203 καὶ
1487 5150 1588 5202 οὐκ
1639 5147 1750 5217 ἐγὼ

160 5239 485 5312 πυροῦμαις
520 5261 538 5293 ι
572 5241 666 5295 καί
684 5261 698 5273 ο
729 5262 747 5294 ι
787 5242 1121 5296 Πᾶσιπάντα
1147 5241 1367 5311 γέγονα,
1401 5241 1487 5295 ἵνα
1541 5241 1748 5305 πάντας

158 5328 438 5400 κερδανῶ.
469 5350 487 5382 ι
539 5330 649 5384 Ποῦ
696 5331 790 5386 νῦν
836 5332 932 5385 τό·
980 5351 998 5384 ι
1029 5332 1120 5405 Μὴ
1161 5336 1365 5404 μισεῖτε
1408 5332 1486 5397 ὡς
1530 5333 1745 5405 ἐχθρὸν,

155 5420 308 5479 ἀλλά
351 5422 648 5478 νουθετεῖτε
690 5424 766 5490 ὡς
811 5424 1076 5496 άδελφόν;
1112 5446 1129 5480 ι
1160 5425 1271 5480 Ποῦ
1296 5426 1390 5482 νῦν
1412 5444 1425 5458 ·
1483 5444 1502 5478 ι
1543 5428 1659 5481 Ἵνα
1687 5425 1749 5479 τὸ

238 5575 474 5648 ",Psal.
511 5595 715 5645 vaut,
757 5582 842 5636 l3.
978 5581 1023 5615 ³⁷
1064 5580 1172 5637 Tit,
1213 5598 1286 5648 ιι,
1324 5583 1414 5639 15,

153 5646 379 5713 13,22.

235 5810 351 5880 (19)
388 5810 481 5868 Sic
518 5810 767 5870 Vatican.
799 5811 943 5871 Editi
972 5830 1124 5881 vero,
1167 5816 1532 5886 παραστῆναι.

1543 5582 1589 5615 ³⁸
1627 5581 1745 5638 Gal.
1780 5599 1869 5649 vr,
1902 5583 1927 5635 1
1961 5600 1976 5649 ;
2018 5581 2219 5653 Epltes.
2255 5597 2329 5647 tv,
2362 5581 2421 5640 2.

1853 4686 2191 4742 dicationem
2229 4686 2661 4755 circumquaque
2689 4683 2851 4749 ferre,
2871 4684 3057 4736 multis
3085 4681 3263 4736 verbis
3289 4695 3447 4734 man-

1853 4778 2204 4833 suetudinem
2262 4777 2686 4839 commendare,
2746 4782 2808 4829 ut
2869 4775 3248 4844 obtemperent
3313 4771 3439 4838 illi,

1858 4889 1877 4921 ι
1904 4871 2038 4926 Cum
2071 4869 2492 4925 mansuetudine
2518 4869 2738 4923 erudire
2763 4867 3109 4923 adversarios
3131 4868 3198 4928 ",
3224 4886 3242 4916 ι
3271 4865 3443 4935 probe

1854 4961 2185 5016 attnuntiant
2220 4961 2353 5015 illud
2387 4979 2401 5014 :
2433 4979 2451 5010 ι
2483 4957 2595 5014 Nos
2625 4960 2717 5030 qui
2754 4957 2923 5014 fortes
2949 4972 3160 5017 sumus,
3179 4955 3443 5010 debemus

1857 5057 2208 5113 infirmitates
2264 5052 2601 5109 infirmorum
2655 5062 2876 5125 portare
2928 5052 2994 5105 ⁸⁸.
3048 5071 3067 5104 ι
3131 5049 3441 5104 Admodum

1857 5149 2003 5205 enim
2034 5155 2224 5203 sancte
2245 5147 2539 5202 observant
2561 5147 2675 5202 haec
2704 5147 2981 5217 sapienter
3002 5160 3031 5199 a
3060 5143 3229 5198 Paulo
3251 5143 3396 5197 dicta
3421 5159 3437 5196 :

1863 5260 1882 5293 ι
1920 5242 2056 5307 Quis
2093 5240 2423 5305 infirmatur,
2459 5247 2513 5294 et
2536 5256 2638 5310 ego
2670 5256 2779 5294 non
2807 5239 3095 5293 infirmor?
3119 5236 3253 5304 Quis
3275 5251 3442 5292 scan.

1856 5334 2147 5396 dalizatur,
2190 5339 2246 5387 et
2297 5346 2399 5401 ego
2458 5346 2567 5386 non
2623 5347 2754 5385 uror
2790 5331 2874 5384 "‘l
2904 5351 2923 5384 ι
2977 5340 3032 5386 et
3066 5348 3080 5384 :
3115 5347 3134 5381 ι
3170 5326 3446 5384 Omnibus

1855 5426 2041 5484 omnia
2094 5423 2272 5480 factus
2303 5440 2448 5491 sum,
2488 5434 2545 5480 ut
2582 5439 2773 5480 omnes
2806 5422 3145 5479 lucrifaciam
3168 5421 3236 5476 ”.
3272 5440 3291 5473 ι
3330 5417 3437 5475 Ubi

2526 5585 2572 5615 ”
2610 5580 2652 5636 Il
2687 5582 2814 5640 Cor.
2851 5599 2940 5645 ιι.
2973 5583 3065 5640 29.
3173 5582 3219 5617 ³⁸
3253 5583 3273 5638 l
3304 5578 3436 5639 Cor.

1926 5817 2036 5886 (ΞΟ)
2066 5815 2318 5874 Vatican.
2352 5813 2904 5891 δραματουργεῖσθαι.
