  <div class='ocr_page' id='page_1' title='image "/cluster/home/n/w/nwhite01/storage/ocr_20150623/28/hvd.32044019207737/687.png"; bbox 0 0 3976 6388; ppageno 0'>
   <div class='ocr_carea' id='block_1_1' title="bbox 523 362 666 423">
    <p class='ocr_par' dir='ltr' id='par_1_1' title="bbox 523 362 666 423">
     <span class='ocr_line' id='line_1_1' title="bbox 523 362 666 423; baseline 0.014 -2"><span class='ocrx_word' id='word_1_1' title='bbox 523 362 666 423; x_wconf 70' lang='grc' dir='ltr'>ιεῖθ</span> 
     </span>
    </p>
   </div>
   <div class='ocr_carea' id='block_1_2' title="bbox 1653 365 2606 424">
    <p class='ocr_par' dir='ltr' id='par_1_2' title="bbox 1653 365 2606 424">
     <span class='ocr_line' id='line_1_2' title="bbox 1653 365 2606 424; baseline 0.002 -2"><span class='ocrx_word' id='word_1_2' title='bbox 1653 365 1710 422; x_wconf 90' lang='lat' dir='ltr'><strong>S:</strong></span> <span class='ocrx_word' id='word_1_3' title='bbox 1754 366 2224 423; x_wconf 71' lang='lat' dir='ltr'><strong>ATHANASIIZS.</strong></span> <span class='ocrx_word' id='word_1_4' title='bbox 2267 400 2335 411; x_wconf 87' lang='lat'><strong>—-</strong></span> <span class='ocrx_word' id='word_1_5' title='bbox 2378 367 2606 424; x_wconf 76' lang='lat' dir='ltr'><strong>DUBIA.</strong></span> 
     </span>
    </p>
   </div>
   <div class='ocr_carea' id='block_1_3' title="bbox 3640 362 3763 419">
    <p class='ocr_par' dir='ltr' id='par_1_3' title="bbox 3640 362 3763 419">
     <span class='ocr_line' id='line_1_3' title="bbox 3640 362 3763 419; baseline 0 0"><span class='ocrx_word' id='word_1_6' title='bbox 3640 362 3763 419; x_wconf 70' lang='grc'><strong>1540</strong></span> 
     </span>
    </p>
   </div>
   <div class='ocr_carea' id='block_1_4' title="bbox 522 477 2097 555">
    <p class='ocr_par' dir='ltr' id='par_1_4' title="bbox 522 477 2088 545">
     <span class='ocr_line' id='line_1_4' title="bbox 522 477 2088 545; baseline 0.001 -11"><span class='ocrx_word' id='word_1_7' title='bbox 522 495 675 536; x_wconf 88' lang='lat' dir='ltr'><strong>nunc</strong></span> <span class='ocrx_word' id='word_1_8' title='bbox 714 480 846 535; x_wconf 90' lang='lat' dir='ltr'><strong>i-llud</strong></span> <span class='ocrx_word' id='word_1_9' title='bbox 881 499 896 536; x_wconf 91' lang='lat'><strong>:</strong></span> <span class='ocrx_word' id='word_1_10' title='bbox 927 499 947 532; x_wconf 76' lang='grc' dir='ltr'><strong>ι</strong></span> <span class='ocrx_word' id='word_1_11' title='bbox 982 477 1059 534; x_wconf 86' lang='lat' dir='ltr'><strong>Ne</strong></span> <span class='ocrx_word' id='word_1_12' title='bbox 1104 479 1228 534; x_wconf 89' lang='lat' dir='ltr'><strong>odio</strong></span> <span class='ocrx_word' id='word_1_13' title='bbox 1256 480 1501 536; x_wconf 85' lang='lat' dir='ltr'><strong>habeatis</strong></span> <span class='ocrx_word' id='word_1_14' title='bbox 1551 492 1604 537; x_wconf 94' lang='lat' dir='ltr'><strong>ut</strong></span> <span class='ocrx_word' id='word_1_15' title='bbox 1653 483 1954 545; x_wconf 88' lang='lat' dir='ltr'><strong>inimicum,</strong></span> <span class='ocrx_word' id='word_1_16' title='bbox 1994 483 2088 538; x_wconf 88' lang='lat' dir='ltr'><strong>sed</strong></span> 
     </span>
    </p>
   </div>
   <div class='ocr_carea' id='block_1_5' title="bbox 2198 477 3762 555">
    <p class='ocr_par' dir='ltr' id='par_1_5' title="bbox 2198 477 3762 555">
     <span class='ocr_line' id='line_1_5' title="bbox 2198 477 3762 555; baseline -0.001 -18"><span class='ocrx_word' id='word_1_17' title='bbox 2198 483 2363 555; x_wconf 82' lang='grc' dir='ltr'>χωλὸν</span> <span class='ocrx_word' id='word_1_18' title='bbox 2401 482 2477 555; x_wconf 77' lang='grc' dir='ltr'>μὴ</span> <span class='ocrx_word' id='word_1_19' title='bbox 2504 483 2743 555; x_wconf 78' lang='grc' dir='ltr'><strong>ἐντραπῇ</strong></span> <span class='ocrx_word' id='word_1_20' title='bbox 2773 478 2908 553; x_wconf 71' lang='grc'><strong>(21),</strong></span> <span class='ocrx_word' id='word_1_21' title='bbox 2945 479 3065 552; x_wconf 79' lang='grc' dir='ltr'>ίαθῇ</span> <span class='ocrx_word' id='word_1_22' title='bbox 3098 479 3155 533; x_wconf 80' lang='grc' dir='ltr'><strong>δέ</strong></span> <span class='ocrx_word' id='word_1_23' title='bbox 3206 477 3445 550; x_wconf 74' lang='grc' dir='ltr'>μᾶλλον;</span> <span class='ocrx_word' id='word_1_24' title='bbox 3480 496 3499 530; x_wconf 79' lang='grc' dir='ltr'><strong>ι</strong></span> <span class='ocrx_word' id='word_1_25' title='bbox 3535 477 3645 531; x_wconf 83' lang='grc' dir='ltr'>Ποῦ</span> <span class='ocrx_word' id='word_1_26' title='bbox 3674 478 3762 536; x_wconf 87' lang='grc' dir='ltr'>τό.</span> 
     </span>
    </p>
   </div>
   <div class='ocr_carea' id='block_1_6' title="bbox 522 571 2098 630">
    <p class='ocr_par' dir='ltr' id='par_1_6' title="bbox 522 571 2098 630">
     <span class='ocr_line' id='line_1_6' title="bbox 522 571 2098 630; baseline 0.001 -4"><span class='ocrx_word' id='word_1_27' title='bbox 522 572 811 628; x_wconf 76' lang='lat' dir='ltr'><strong>admonete</strong></span> <span class='ocrx_word' id='word_1_28' title='bbox 833 581 892 628; x_wconf 92' lang='lat' dir='ltr'><strong>ut</strong></span> <span class='ocrx_word' id='word_1_29' title='bbox 917 571 1140 627; x_wconf 81' lang='lat' dir='ltr'><strong>fratrem</strong></span> <span class='ocrx_word' id='word_1_30' title='bbox 1163 572 1206 603; x_wconf 83' lang='grc'><strong>³¹</strong></span> <span class='ocrx_word' id='word_1_31' title='bbox 1224 572 1248 626; x_wconf 75' lang='grc' dir='ltr'><em>Ὶ</em></span> <span class='ocrx_word' id='word_1_32' title='bbox 1268 593 1288 621; x_wconf 78' lang='grc' dir='ltr'><strong>ι</strong></span> <span class='ocrx_word' id='word_1_33' title='bbox 1316 571 1417 627; x_wconf 89' lang='lat' dir='ltr'><strong>Ubi</strong></span> <span class='ocrx_word' id='word_1_34' title='bbox 1447 574 1579 628; x_wconf 90' lang='lat' dir='ltr'><strong>illud</strong></span> <span class='ocrx_word' id='word_1_35' title='bbox 1612 591 1627 629; x_wconf 90' lang='lat'><strong>:</strong></span> <span class='ocrx_word' id='word_1_36' title='bbox 1658 592 1677 625; x_wconf 76' lang='grc' dir='ltr'><strong>ι</strong></span> <span class='ocrx_word' id='word_1_37' title='bbox 1718 572 1788 629; x_wconf 88' lang='lat' dir='ltr'><strong>Ut</strong></span> <span class='ocrx_word' id='word_1_38' title='bbox 1811 590 1921 629; x_wconf 91' lang='lat' dir='ltr'><strong>non</strong></span> <span class='ocrx_word' id='word_1_39' title='bbox 1948 575 2098 630; x_wconf 83' lang='lat' dir='ltr'><strong>clau-</strong></span> 
     </span>
    </p>
   </div>
   <div class='ocr_carea' id='block_1_7' title="bbox 2204 570 3765 645">
    <p class='ocr_par' dir='ltr' id='par_1_7' title="bbox 2204 570 3765 645">
     <span class='ocr_line' id='line_1_7' title="bbox 2204 570 3765 645; baseline -0.002 -18"><span class='ocrx_word' id='word_1_40' title='bbox 2204 596 2221 627; x_wconf 76' lang='grc' dir='ltr'><strong>ι</strong></span> <span class='ocrx_word' id='word_1_41' title='bbox 2255 573 2535 643; x_wconf 81' lang='grc' dir='ltr'>Ἕλεγξον,</span> <span class='ocrx_word' id='word_1_42' title='bbox 2578 573 2937 644; x_wconf 87' lang='grc' dir='ltr'>ἐπιτίμησον,</span> <span class='ocrx_word' id='word_1_43' title='bbox 2983 570 3363 645; x_wconf 81' lang='grc' dir='ltr'><strong>παρακάλεσον</strong></span> <span class='ocrx_word' id='word_1_44' title='bbox 3401 572 3460 623; x_wconf 86' lang='grc' dir='ltr'><strong>ἐν</strong></span> <span class='ocrx_word' id='word_1_45' title='bbox 3485 570 3633 641; x_wconf 77' lang='grc' dir='ltr'>πάσῃ</span> <span class='ocrx_word' id='word_1_46' title='bbox 3676 588 3765 641; x_wconf 81' lang='grc' dir='ltr'>μα-</span> 
     </span>
    </p>
   </div>
   <div class='ocr_carea' id='block_1_8' title="bbox 522 664 2097 741">
    <p class='ocr_par' dir='ltr' id='par_1_8' title="bbox 522 666 2095 736">
     <span class='ocr_line' id='line_1_8' title="bbox 522 666 2095 736; baseline 0.001 -17"><span class='ocrx_word' id='word_1_47' title='bbox 522 666 718 722; x_wconf 86' lang='lat' dir='ltr'><strong>dicans</strong></span> <span class='ocrx_word' id='word_1_48' title='bbox 749 666 872 736; x_wconf 82' lang='lat' dir='ltr'><strong>quis</strong></span> <span class='ocrx_word' id='word_1_49' title='bbox 915 672 1080 729; x_wconf 85' lang='lat' dir='ltr'><strong>erret,</strong></span> <span class='ocrx_word' id='word_1_50' title='bbox 1131 666 1307 736; x_wconf 79' lang='lat' dir='ltr'><strong>magis</strong></span> <span class='ocrx_word' id='word_1_51' title='bbox 1340 673 1523 721; x_wconf 89' lang='lat' dir='ltr'><strong>autem</strong></span> <span class='ocrx_word' id='word_1_52' title='bbox 1566 667 1897 721; x_wconf 82' lang='lat' dir='ltr'><strong>sanetur“?</strong></span> <span class='ocrx_word' id='word_1_53' title='bbox 1923 685 1942 718; x_wconf 78' lang='grc' dir='ltr'><strong>ι</strong></span> <span class='ocrx_word' id='word_1_54' title='bbox 1993 666 2095 722; x_wconf 83' lang='lat' dir='ltr'><strong>Ubi</strong></span> 
     </span>
    </p>
   </div>
   <div class='ocr_carea' id='block_1_9' title="bbox 2198 664 3762 741">
    <p class='ocr_par' dir='ltr' id='par_1_9' title="bbox 2198 664 3762 741">
     <span class='ocr_line' id='line_1_9' title="bbox 2198 664 3762 741; baseline -0.004 -19"><span class='ocrx_word' id='word_1_55' title='bbox 2198 668 2474 741; x_wconf 71' lang='grc' dir='ltr'>κροθυμίᾳ</span> <span class='ocrx_word' id='word_1_56' title='bbox 2520 668 2614 722; x_wconf 75' lang='grc' dir='ltr'><strong>καὶ</strong></span> <span class='ocrx_word' id='word_1_57' title='bbox 2666 667 2890 738; x_wconf 76' lang='grc' dir='ltr'>διδαχῇ;</span> <span class='ocrx_word' id='word_1_58' title='bbox 2923 685 2945 720; x_wconf 77' lang='grc' dir='ltr'><strong>ι</strong></span> <span class='ocrx_word' id='word_1_59' title='bbox 2995 666 3179 737; x_wconf 74' lang='grc' dir='ltr'>Χωρὶς</span> <span class='ocrx_word' id='word_1_60' title='bbox 3208 664 3448 736; x_wconf 90' lang='grc' dir='ltr'>κρίσεως</span> <span class='ocrx_word' id='word_1_61' title='bbox 3477 664 3762 735; x_wconf 79' lang='grc' dir='ltr'>καταδίκη·</span> 
     </span>
    </p>
   </div>
   <div class='ocr_carea' id='block_1_10' title="bbox 524 756 2099 828">
    <p class='ocr_par' dir='ltr' id='par_1_10' title="bbox 524 756 2099 828">
     <span class='ocr_line' id='line_1_10' title="bbox 524 756 2099 828; baseline 0.001 -17"><span class='ocrx_word' id='word_1_62' title='bbox 524 756 657 811; x_wconf 80' lang='lat' dir='ltr'><strong>Illud</strong></span> <span class='ocrx_word' id='word_1_63' title='bbox 691 775 706 813; x_wconf 85' lang='lat'><strong>:</strong></span> <span class='ocrx_word' id='word_1_64' title='bbox 745 774 764 809; x_wconf 78' lang='grc' dir='ltr'><strong>ι</strong></span> <span class='ocrx_word' id='word_1_65' title='bbox 800 757 1000 827; x_wconf 81' lang='lat' dir='ltr'><strong>Argue,</strong></span> <span class='ocrx_word' id='word_1_66' title='bbox 1051 757 1301 821; x_wconf 89' lang='lat' dir='ltr'><strong>obsecra,</strong></span> <span class='ocrx_word' id='word_1_67' title='bbox 1354 756 1596 828; x_wconf 87' lang='lat' dir='ltr'><strong>increpa,</strong></span> <span class='ocrx_word' id='word_1_68' title='bbox 1649 773 1773 813; x_wconf 91' lang='lat' dir='ltr'><strong>cum</strong></span> <span class='ocrx_word' id='word_1_69' title='bbox 1804 757 1950 813; x_wconf 92' lang='lat' dir='ltr'><strong>omni</strong></span> <span class='ocrx_word' id='word_1_70' title='bbox 2003 773 2099 828; x_wconf 90' lang='lat' dir='ltr'><strong>pa-</strong></span> 
     </span>
    </p>
   </div>
   <div class='ocr_carea' id='block_1_11' title="bbox 521 846 2095 916">
    <p class='ocr_par' dir='ltr' id='par_1_11' title="bbox 521 846 2095 916">
     <span class='ocr_line' id='line_1_11' title="bbox 521 846 2095 916; baseline 0.001 -14"><span class='ocrx_word' id='word_1_71' title='bbox 521 848 711 903; x_wconf 83' lang='lat' dir='ltr'><strong>tientia</strong></span> <span class='ocrx_word' id='word_1_72' title='bbox 738 858 791 903; x_wconf 93' lang='lat' dir='ltr'><strong>et</strong></span> <span class='ocrx_word' id='word_1_73' title='bbox 810 848 1169 904; x_wconf 77' lang='lat' dir='ltr'><strong>doctrina&quot;?</strong></span> <span class='ocrx_word' id='word_1_74' title='bbox 1200 868 1219 901; x_wconf 71' lang='grc' dir='ltr'><strong>ι</strong></span> <span class='ocrx_word' id='word_1_75' title='bbox 1242 846 1448 903; x_wconf 83' lang='lat' dir='ltr'><strong>indicta</strong></span> <span class='ocrx_word' id='word_1_76' title='bbox 1481 864 1647 905; x_wconf 85' lang='lat' dir='ltr'><strong>causa</strong></span> <span class='ocrx_word' id='word_1_77' title='bbox 1676 849 2058 905; x_wconf 86' lang='lat' dir='ltr'><strong>condemnatio</strong></span> <span class='ocrx_word' id='word_1_78' title='bbox 2079 891 2095 916; x_wconf 95' lang='lat'><strong>,</strong></span> 
     </span>
    </p>
   </div>
   <div class='ocr_carea' id='block_1_12' title="bbox 523 938 2098 1014">
    <p class='ocr_par' dir='ltr' id='par_1_12' title="bbox 523 938 2098 1014">
     <span class='ocr_line' id='line_1_12' title="bbox 523 938 2098 1014; baseline 0.002 -24"><span class='ocrx_word' id='word_1_79' title='bbox 523 939 732 1010; x_wconf 83' lang='lat' dir='ltr'><strong>absque</strong></span> <span class='ocrx_word' id='word_1_80' title='bbox 754 939 1097 993; x_wconf 89' lang='lat' dir='ltr'><strong>convictione</strong></span> <span class='ocrx_word' id='word_1_81' title='bbox 1128 940 1415 1014; x_wconf 86' lang='lat' dir='ltr'><strong>sententia.</strong></span> <span class='ocrx_word' id='word_1_82' title='bbox 1478 939 1721 995; x_wconf 85' lang='lat' dir='ltr'><strong>Audacia</strong></span> <span class='ocrx_word' id='word_1_83' title='bbox 1749 955 1847 1011; x_wconf 89' lang='lat' dir='ltr'><strong>pro</strong></span> <span class='ocrx_word' id='word_1_84' title='bbox 1879 938 2098 994; x_wconf 83' lang='lat' dir='ltr'><strong>fortitu-</strong></span> 
     </span>
    </p>
   </div>
   <div class='ocr_carea' id='block_1_13' title="bbox 2197 754 3768 835">
    <p class='ocr_par' dir='ltr' id='par_1_13' title="bbox 2197 754 3768 835">
     <span class='ocr_line' id='line_1_13' title="bbox 2197 754 3768 835; baseline -0.006 -19"><span class='ocrx_word' id='word_1_85' title='bbox 2197 764 2369 835; x_wconf 69' lang='grc' dir='ltr'>χωρὶς</span> <span class='ocrx_word' id='word_1_86' title='bbox 2402 760 2636 832; x_wconf 80' lang='grc' dir='ltr'><strong>ἐλέγχων</strong></span> <span class='ocrx_word' id='word_1_87' title='bbox 2664 759 2954 829; x_wconf 71' lang='grc' dir='ltr'>ἀπόφασις.</span> <span class='ocrx_word' id='word_1_88' title='bbox 2995 758 3057 811; x_wconf 83' lang='grc' dir='ltr'><em>Ἢ</em></span> <span class='ocrx_word' id='word_1_89' title='bbox 3079 756 3357 829; x_wconf 84' lang='grc' dir='ltr'><strong>θρασύτης</strong></span> <span class='ocrx_word' id='word_1_90' title='bbox 3382 754 3606 826; x_wconf 85' lang='grc' dir='ltr'>ἀνδρεία</span> <span class='ocrx_word' id='word_1_91' title='bbox 3636 754 3768 807; x_wconf 85' lang='grc' dir='ltr'>νενό-</span> 
     </span>
    </p>
   </div>
   <div class='ocr_carea' id='block_1_14' title="bbox 2201 844 3764 925">
    <p class='ocr_par' dir='ltr' id='par_1_14' title="bbox 2201 844 3764 925">
     <span class='ocr_line' id='line_1_14' title="bbox 2201 844 3764 925; baseline -0.006 -18"><span class='ocrx_word' id='word_1_92' title='bbox 2201 869 2416 925; x_wconf 90' lang='grc' dir='ltr'>μισται·</span> <span class='ocrx_word' id='word_1_93' title='bbox 2446 853 2479 923; x_wconf 82' lang='grc' dir='ltr'>ἡ</span> <span class='ocrx_word' id='word_1_94' title='bbox 2533 850 2753 921; x_wconf 81' lang='grc' dir='ltr'><strong>ὠμότης</strong></span> <span class='ocrx_word' id='word_1_95' title='bbox 2780 846 2940 921; x_wconf 79' lang='grc' dir='ltr'>ζῆλος</span> <span class='ocrx_word' id='word_1_96' title='bbox 2984 847 3299 919; x_wconf 84' lang='grc' dir='ltr'>ὠνόμασται</span> <span class='ocrx_word' id='word_1_97' title='bbox 3319 863 3333 876; x_wconf 94' lang='grc'><strong>·</strong></span> <span class='ocrx_word' id='word_1_98' title='bbox 3369 847 3398 901; x_wconf 86' lang='grc' dir='ltr'><strong>ὁ</strong></span> <span class='ocrx_word' id='word_1_99' title='bbox 3437 844 3593 908; x_wconf 88' lang='grc' dir='ltr'>δόλος</span> <span class='ocrx_word' id='word_1_100' title='bbox 3619 846 3764 911; x_wconf 73' lang='grc' dir='ltr'>σοφία</span> 
     </span>
    </p>
   </div>
   <div class='ocr_carea' id='block_1_15' title="bbox 2197 933 3764 1015">
    <p class='ocr_par' dir='ltr' id='par_1_15' title="bbox 2197 933 3764 1015">
     <span class='ocr_line' id='line_1_15' title="bbox 2197 933 3764 1015; baseline -0.01 -15"><span class='ocrx_word' id='word_1_101' title='bbox 2197 946 2523 1015; x_wconf 88' lang='grc' dir='ltr'>λελόγισται.</span> <span class='ocrx_word' id='word_1_102' title='bbox 2540 941 2674 996; x_wconf 87' lang='grc' dir='ltr'>Ποία</span> <span class='ocrx_word' id='word_1_103' title='bbox 2700 939 3075 1013; x_wconf 72' lang='grc' dir='ltr'><strong>μεγαλόφωνος</strong></span> <span class='ocrx_word' id='word_1_104' title='bbox 3089 936 3370 1011; x_wconf 75' lang='grc' dir='ltr'><strong>τραγῳδία</strong></span> <span class='ocrx_word' id='word_1_105' title='bbox 3390 934 3600 988; x_wconf 86' lang='grc' dir='ltr'>τούτων</span> <span class='ocrx_word' id='word_1_106' title='bbox 3622 933 3764 1000; x_wconf 70' lang='grc' dir='ltr'>ἀξίας</span> 
     </span>
    </p>
   </div>
   <div class='ocr_carea' id='block_1_16' title="bbox 521 1023 2097 1110">
    <p class='ocr_par' dir='ltr' id='par_1_16' title="bbox 521 1030 2097 1101">
     <span class='ocr_line' id='line_1_16' title="bbox 521 1030 2097 1101; baseline 0.002 -16"><span class='ocrx_word' id='word_1_107' title='bbox 521 1030 650 1086; x_wconf 92' lang='lat' dir='ltr'><strong>dine</strong></span> <span class='ocrx_word' id='word_1_108' title='bbox 679 1039 960 1101; x_wconf 92' lang='lat' dir='ltr'><strong>reputatur</strong></span> <span class='ocrx_word' id='word_1_109' title='bbox 978 1070 994 1096; x_wconf 90' lang='lat'><strong>,</strong></span> <span class='ocrx_word' id='word_1_110' title='bbox 1026 1031 1327 1087; x_wconf 82' lang='lat' dir='ltr'><strong>crudelitas</strong></span> <span class='ocrx_word' id='word_1_111' title='bbox 1352 1034 1503 1088; x_wconf 88' lang='lat' dir='ltr'><strong>zelus</strong></span> <span class='ocrx_word' id='word_1_112' title='bbox 1525 1043 1781 1099; x_wconf 81' lang='lat' dir='ltr'><strong>vocatur,</strong></span> <span class='ocrx_word' id='word_1_113' title='bbox 1817 1032 1977 1089; x_wconf 87' lang='lat' dir='ltr'><strong>dolus</strong></span> <span class='ocrx_word' id='word_1_114' title='bbox 2000 1048 2097 1096; x_wconf 87' lang='lat' dir='ltr'><strong>pro</strong></span> 
     </span>
    </p>
   </div>
   <div class='ocr_carea' id='block_1_17' title="bbox 2198 1023 3767 1110">
    <p class='ocr_par' dir='ltr' id='par_1_17' title="bbox 2198 1023 3767 1110">
     <span class='ocr_line' id='line_1_17' title="bbox 2198 1023 3767 1110; baseline -0.011 -18"><span class='ocrx_word' id='word_1_115' title='bbox 2198 1038 2406 1110; x_wconf 82' lang='grc' dir='ltr'>Μικρὸν</span> <span class='ocrx_word' id='word_1_116' title='bbox 2439 1034 2700 1106; x_wconf 86' lang='grc' dir='ltr'>Ἱερεμίου</span> <span class='ocrx_word' id='word_1_117' title='bbox 2731 1031 2926 1104; x_wconf 84' lang='grc' dir='ltr'>θρῆνος</span> <span class='ocrx_word' id='word_1_118' title='bbox 2958 1029 3094 1102; x_wconf 80' lang='grc' dir='ltr'>πρὸς</span> <span class='ocrx_word' id='word_1_119' title='bbox 3115 1026 3390 1081; x_wconf 82' lang='grc' dir='ltr'><strong>τοσούτων</strong></span> <span class='ocrx_word' id='word_1_120' title='bbox 3420 1024 3610 1079; x_wconf 81' lang='grc' dir='ltr'>κακῶν</span> <span class='ocrx_word' id='word_1_121' title='bbox 3644 1023 3767 1093; x_wconf 80' lang='grc' dir='ltr'>πλῆ-</span> 
     </span>
    </p>
   </div>
   <div class='ocr_carea' id='block_1_18' title="bbox 519 1123 2099 1196">
    <p class='ocr_par' dir='ltr' id='par_1_18' title="bbox 519 1123 2099 1196">
     <span class='ocr_line' id='line_1_18' title="bbox 519 1123 2099 1196; baseline 0.001 -17"><span class='ocrx_word' id='word_1_122' title='bbox 519 1123 787 1193; x_wconf 83' lang='lat' dir='ltr'><strong>sapientia</strong></span> <span class='ocrx_word' id='word_1_123' title='bbox 819 1124 1067 1179; x_wconf 89' lang='lat' dir='ltr'><strong>habetur.</strong></span> <span class='ocrx_word' id='word_1_124' title='bbox 1101 1125 1360 1191; x_wconf 62' lang='lat' dir='ltr'><strong>Quaenam</strong></span> <span class='ocrx_word' id='word_1_125' title='bbox 1394 1126 1659 1196; x_wconf 70' lang='lat' dir='ltr'><strong>tragmdia</strong></span> <span class='ocrx_word' id='word_1_126' title='bbox 1679 1126 1965 1196; x_wconf 87' lang='lat' dir='ltr'><strong>quibusvis</strong></span> <span class='ocrx_word' id='word_1_127' title='bbox 1986 1127 2099 1181; x_wconf 88' lang='lat' dir='ltr'><strong>cla-</strong></span> 
     </span>
    </p>
   </div>
   <div class='ocr_carea' id='block_1_19' title="bbox 519 1215 2095 1291">
    <p class='ocr_par' dir='ltr' id='par_1_19' title="bbox 519 1215 2095 1291">
     <span class='ocr_line' id='line_1_19' title="bbox 519 1215 2095 1291; baseline 0.004 -23"><span class='ocrx_word' id='word_1_128' title='bbox 519 1215 767 1272; x_wconf 90' lang='lat' dir='ltr'><strong>moribus</strong></span> <span class='ocrx_word' id='word_1_129' title='bbox 789 1232 888 1272; x_wconf 87' lang='lat' dir='ltr'><strong>usa</strong></span> <span class='ocrx_word' id='word_1_130' title='bbox 938 1216 1090 1272; x_wconf 86' lang='lat' dir='ltr'><strong>hisce</strong></span> <span class='ocrx_word' id='word_1_131' title='bbox 1129 1219 1298 1288; x_wconf 86' lang='lat' dir='ltr'><strong>gestis</strong></span> <span class='ocrx_word' id='word_1_132' title='bbox 1349 1233 1445 1287; x_wconf 89' lang='lat' dir='ltr'><strong>par</strong></span> <span class='ocrx_word' id='word_1_133' title='bbox 1478 1218 1676 1273; x_wconf 82' lang='lat' dir='ltr'><strong>fuerit?</strong></span> <span class='ocrx_word' id='word_1_134' title='bbox 1704 1217 1911 1291; x_wconf 81' lang='lat' dir='ltr'><strong>Exigua</strong></span> <span class='ocrx_word' id='word_1_135' title='bbox 1948 1217 2095 1275; x_wconf 79' lang='lat' dir='ltr'><strong>Jere-</strong></span> 
     </span>
    </p>
   </div>
   <div class='ocr_carea' id='block_1_20' title="bbox 2198 1116 3768 1200">
    <p class='ocr_par' dir='ltr' id='par_1_20' title="bbox 2198 1116 3768 1200">
     <span class='ocr_line' id='line_1_20' title="bbox 2198 1116 3768 1200; baseline -0.009 -16"><span class='ocrx_word' id='word_1_136' title='bbox 2198 1128 2290 1194; x_wconf 92' lang='grc' dir='ltr'><strong>θος</strong></span> <span class='ocrx_word' id='word_1_137' title='bbox 2315 1129 2410 1182; x_wconf 73' lang='grc' dir='ltr'>καὶ</span> <span class='ocrx_word' id='word_1_138' title='bbox 2441 1127 2688 1200; x_wconf 86' lang='grc' dir='ltr'>μέγεθος.</span> <span class='ocrx_word' id='word_1_139' title='bbox 2739 1124 2881 1179; x_wconf 82' lang='grc' dir='ltr'>Ἀλλ’</span> <span class='ocrx_word' id='word_1_140' title='bbox 2923 1123 3010 1176; x_wconf 79' lang='grc' dir='ltr'>ἵνα</span> <span class='ocrx_word' id='word_1_141' title='bbox 3045 1119 3118 1193; x_wconf 76' lang='grc' dir='ltr'>μὴ</span> <span class='ocrx_word' id='word_1_142' title='bbox 3162 1119 3406 1190; x_wconf 81' lang='grc' dir='ltr'><strong>δόξωμεν</strong></span> <span class='ocrx_word' id='word_1_143' title='bbox 3446 1117 3515 1170; x_wconf 75' lang='grc' dir='ltr'>δι’</span> <span class='ocrx_word' id='word_1_144' title='bbox 3549 1116 3768 1188; x_wconf 76' lang='grc' dir='ltr'>ἀπορίαν</span> 
     </span>
    </p>
   </div>
   <div class='ocr_carea' id='block_1_21' title="bbox 2195 1207 3767 1287">
    <p class='ocr_par' dir='ltr' id='par_1_21' title="bbox 2195 1207 3767 1287">
     <span class='ocr_line' id='line_1_21' title="bbox 2195 1207 3767 1287; baseline -0.009 -13"><span class='ocrx_word' id='word_1_145' title='bbox 2195 1220 2304 1274; x_wconf 88' lang='grc' dir='ltr'><strong>τῶν</strong></span> <span class='ocrx_word' id='word_1_146' title='bbox 2347 1218 2674 1284; x_wconf 81' lang='grc' dir='ltr'>ἀποδείξεων</span> <span class='ocrx_word' id='word_1_147' title='bbox 2725 1213 3080 1287; x_wconf 82' lang='grc' dir='ltr'>ἐνδιατρίϐειν</span> <span class='ocrx_word' id='word_1_148' title='bbox 3124 1214 3245 1275; x_wconf 87' lang='grc' dir='ltr'>ταῖς</span> <span class='ocrx_word' id='word_1_149' title='bbox 3294 1212 3602 1281; x_wconf 76' lang='grc' dir='ltr'>οἰμωγαῖς,</span> <span class='ocrx_word' id='word_1_150' title='bbox 3650 1207 3767 1279; x_wconf 72' lang='grc' dir='ltr'>φέρε</span> 
     </span>
    </p>
   </div>
   <div class='ocr_carea' id='block_1_22' title="bbox 519 1298 2097 1386">
    <p class='ocr_par' dir='ltr' id='par_1_22' title="bbox 519 1308 2096 1382">
     <span class='ocr_line' id='line_1_22' title="bbox 519 1308 2096 1382; baseline 0.004 -21"><span class='ocrx_word' id='word_1_151' title='bbox 519 1308 646 1363; x_wconf 64' lang='lat' dir='ltr'><strong>mia:</strong></span> <span class='ocrx_word' id='word_1_152' title='bbox 683 1310 997 1365; x_wconf 85' lang='lat' dir='ltr'><strong>lamentatio</strong></span> <span class='ocrx_word' id='word_1_153' title='bbox 1034 1319 1117 1365; x_wconf 89' lang='lat' dir='ltr'><strong>est</strong></span> <span class='ocrx_word' id='word_1_154' title='bbox 1163 1310 1230 1365; x_wconf 91' lang='lat' dir='ltr'><strong>ad</strong></span> <span class='ocrx_word' id='word_1_155' title='bbox 1279 1318 1355 1364; x_wconf 89' lang='lat' dir='ltr'><strong>tot</strong></span> <span class='ocrx_word' id='word_1_156' title='bbox 1390 1317 1780 1382; x_wconf 86' lang='lat' dir='ltr'><strong>tantorumque</strong></span> <span class='ocrx_word' id='word_1_157' title='bbox 1827 1313 2096 1367; x_wconf 88' lang='lat' dir='ltr'><strong>malorum</strong></span> 
     </span>
    </p>
   </div>
   <div class='ocr_carea' id='block_1_23' title="bbox 2198 1298 3770 1386">
    <p class='ocr_par' dir='ltr' id='par_1_23' title="bbox 2198 1298 3770 1386">
     <span class='ocr_line' id='line_1_23' title="bbox 2198 1298 3770 1386; baseline -0.011 -19"><span class='ocrx_word' id='word_1_158' title='bbox 2198 1314 2333 1386; x_wconf 82' lang='grc' dir='ltr'>πρὸς</span> <span class='ocrx_word' id='word_1_159' title='bbox 2353 1312 2602 1376; x_wconf 79' lang='grc' dir='ltr'>ἕκαστον,</span> <span class='ocrx_word' id='word_1_160' title='bbox 2616 1302 2689 1363; x_wconf 83' lang='grc' dir='ltr'>ὧν</span> <span class='ocrx_word' id='word_1_161' title='bbox 2709 1306 3122 1380; x_wconf 90' lang='grc' dir='ltr'>προϐάλλονται,</span> <span class='ocrx_word' id='word_1_162' title='bbox 3144 1301 3282 1375; x_wconf 88' lang='grc' dir='ltr'><strong>μετά</strong></span> <span class='ocrx_word' id='word_1_163' title='bbox 3303 1299 3570 1373; x_wconf 82' lang='grc' dir='ltr'><strong>ἀληθείας</strong></span> <span class='ocrx_word' id='word_1_164' title='bbox 3599 1298 3770 1363; x_wconf 81' lang='grc' dir='ltr'>ἁπλῶς</span> 
     </span>
    </p>
   </div>
   <div class='ocr_carea' id='block_1_24' title="bbox 520 1402 2099 1474">
    <p class='ocr_par' dir='ltr' id='par_1_24' title="bbox 520 1402 2099 1474">
     <span class='ocr_line' id='line_1_24' title="bbox 520 1402 2099 1474; baseline 0.003 -19"><span class='ocrx_word' id='word_1_165' title='bbox 520 1402 846 1470; x_wconf 79' lang='lat' dir='ltr'><strong>gravitatem</strong></span> <span class='ocrx_word' id='word_1_166' title='bbox 876 1412 929 1458; x_wconf 91' lang='lat' dir='ltr'><strong>et</strong></span> <span class='ocrx_word' id='word_1_167' title='bbox 973 1403 1424 1474; x_wconf 82' lang='lat' dir='ltr'><strong>magnitudinem.</strong></span> <span class='ocrx_word' id='word_1_168' title='bbox 1475 1403 1543 1458; x_wconf 81' lang='lat' dir='ltr'><strong>At</strong></span> <span class='ocrx_word' id='word_1_169' title='bbox 1587 1420 1655 1459; x_wconf 88' lang='lat' dir='ltr'><strong>ne</strong></span> <span class='ocrx_word' id='word_1_170' title='bbox 1706 1405 1990 1459; x_wconf 80' lang='lat' dir='ltr'><strong>videamur</strong></span> <span class='ocrx_word' id='word_1_171' title='bbox 2027 1406 2099 1460; x_wconf 75' lang='lat' dir='ltr'><strong>ob“</strong></span> 
     </span>
    </p>
   </div>
   <div class='ocr_carea' id='block_1_25' title="bbox 518 1491 2095 1565">
    <p class='ocr_par' dir='ltr' id='par_1_25' title="bbox 518 1491 2095 1565">
     <span class='ocr_line' id='line_1_25' title="bbox 518 1491 2095 1565; baseline 0.003 -19"><span class='ocrx_word' id='word_1_172' title='bbox 518 1491 1049 1548; x_wconf 86' lang='lat' dir='ltr'><strong>demonstrationum</strong></span> <span class='ocrx_word' id='word_1_173' title='bbox 1091 1493 1377 1564; x_wconf 84' lang='lat' dir='ltr'><strong>penuriam</strong></span> <span class='ocrx_word' id='word_1_174' title='bbox 1418 1495 1729 1565; x_wconf 88' lang='lat' dir='ltr'><strong>planctibus</strong></span> <span class='ocrx_word' id='word_1_175' title='bbox 1777 1496 2095 1561; x_wconf 85' lang='lat' dir='ltr'><strong>immorari,</strong></span> 
     </span>
    </p>
   </div>
   <div class='ocr_carea' id='block_1_26' title="bbox 520 1586 2098 1658">
    <p class='ocr_par' dir='ltr' id='par_1_26' title="bbox 520 1586 2098 1658">
     <span class='ocr_line' id='line_1_26' title="bbox 520 1586 2098 1658; baseline 0.002 -20"><span class='ocrx_word' id='word_1_176' title='bbox 520 1598 620 1656; x_wconf 79' lang='lat' dir='ltr'><strong>age</strong></span> <span class='ocrx_word' id='word_1_177' title='bbox 647 1586 715 1642; x_wconf 88' lang='lat' dir='ltr'><strong>ad</strong></span> <span class='ocrx_word' id='word_1_178' title='bbox 752 1588 965 1658; x_wconf 82' lang='lat' dir='ltr'><strong>singula</strong></span> <span class='ocrx_word' id='word_1_179' title='bbox 1005 1603 1125 1658; x_wconf 64' lang='lat' dir='ltr'><strong>qua:</strong></span> <span class='ocrx_word' id='word_1_180' title='bbox 1153 1587 1438 1657; x_wconf 83' lang='lat' dir='ltr'><strong>objiciunt,</strong></span> <span class='ocrx_word' id='word_1_181' title='bbox 1477 1603 1598 1642; x_wconf 90' lang='lat' dir='ltr'><strong>cum</strong></span> <span class='ocrx_word' id='word_1_182' title='bbox 1632 1588 1861 1644; x_wconf 79' lang='lat' dir='ltr'><strong>veritate</strong></span> <span class='ocrx_word' id='word_1_183' title='bbox 1888 1588 2098 1657; x_wconf 91' lang='lat' dir='ltr'><strong>simpli-</strong></span> 
     </span>
    </p>
   </div>
   <div class='ocr_carea' id='block_1_27' title="bbox 520 1675 2099 1749">
    <p class='ocr_par' dir='ltr' id='par_1_27' title="bbox 520 1675 2099 1749">
     <span class='ocr_line' id='line_1_27' title="bbox 520 1675 2099 1749; baseline 0.003 -19"><span class='ocrx_word' id='word_1_184' title='bbox 520 1675 658 1732; x_wconf 89' lang='lat' dir='ltr'><strong>citer</strong></span> <span class='ocrx_word' id='word_1_185' title='bbox 695 1693 1073 1733; x_wconf 86' lang='lat' dir='ltr'><strong>occurramus.</strong></span> <span class='ocrx_word' id='word_1_186' title='bbox 1109 1676 1349 1733; x_wconf 85' lang='lat' dir='ltr'><strong>Tametsi</strong></span> <span class='ocrx_word' id='word_1_187' title='bbox 1404 1678 1561 1732; x_wconf 81' lang='lat' dir='ltr'><strong>factis</strong></span> <span class='ocrx_word' id='word_1_188' title='bbox 1606 1678 1684 1731; x_wconf 92' lang='lat' dir='ltr'><strong>illi</strong></span> <span class='ocrx_word' id='word_1_189' title='bbox 1719 1680 1856 1744; x_wconf 87' lang='lat' dir='ltr'><strong>suis,</strong></span> <span class='ocrx_word' id='word_1_190' title='bbox 1914 1678 2099 1749; x_wconf 86' lang='lat' dir='ltr'><strong>prius-</strong></span> 
     </span>
    </p>
   </div>
   <div class='ocr_carea' id='block_1_28' title="bbox 2199 1392 3771 1476">
    <p class='ocr_par' dir='ltr' id='par_1_28' title="bbox 2199 1392 3771 1476">
     <span class='ocr_line' id='line_1_28' title="bbox 2199 1392 3771 1476; baseline -0.011 -16"><span class='ocrx_word' id='word_1_191' title='bbox 2199 1406 2637 1476; x_wconf 88' lang='grc' dir='ltr'>άπαντήσωμεν,</span> <span class='ocrx_word' id='word_1_192' title='bbox 2691 1400 2934 1468; x_wconf 86' lang='grc' dir='ltr'>καίτοιγε</span> <span class='ocrx_word' id='word_1_193' title='bbox 2985 1398 3079 1451; x_wconf 76' lang='grc' dir='ltr'>καὶ</span> <span class='ocrx_word' id='word_1_194' title='bbox 3128 1396 3236 1469; x_wconf 78' lang='grc' dir='ltr'><strong>πρὸ</strong></span> <span class='ocrx_word' id='word_1_195' title='bbox 3280 1394 3393 1448; x_wconf 89' lang='grc' dir='ltr'><strong>τῶν</strong></span> <span class='ocrx_word' id='word_1_196' title='bbox 3443 1392 3623 1461; x_wconf 81' lang='grc' dir='ltr'>λόγων</span> <span class='ocrx_word' id='word_1_197' title='bbox 3668 1394 3771 1455; x_wconf 84' lang='grc' dir='ltr'>τοῖς</span> 
     </span>
    </p>
   </div>
   <div class='ocr_carea' id='block_1_29' title="bbox 2197 1485 3769 1573">
    <p class='ocr_par' dir='ltr' id='par_1_29' title="bbox 2197 1485 3769 1573">
     <span class='ocr_line' id='line_1_29' title="bbox 2197 1485 3769 1573; baseline -0.012 -19"><span class='ocrx_word' id='word_1_198' title='bbox 2197 1501 2383 1573; x_wconf 75' lang='grc' dir='ltr'>ἔργοις</span> <span class='ocrx_word' id='word_1_199' title='bbox 2413 1495 2762 1570; x_wconf 84' lang='grc' dir='ltr'>ἐληλεγμένοι</span> <span class='ocrx_word' id='word_1_200' title='bbox 2788 1493 3134 1566; x_wconf 87' lang='grc' dir='ltr'>τυγχάνουσι,</span> <span class='ocrx_word' id='word_1_201' title='bbox 3150 1488 3294 1544; x_wconf 87' lang='grc' dir='ltr'><strong>κατά</strong></span> <span class='ocrx_word' id='word_1_202' title='bbox 3321 1487 3423 1559; x_wconf 83' lang='grc' dir='ltr'><strong>τὴν</strong></span> <span class='ocrx_word' id='word_1_203' title='bbox 3444 1485 3599 1539; x_wconf 82' lang='grc' dir='ltr'>θείαν</span> <span class='ocrx_word' id='word_1_204' title='bbox 3623 1500 3769 1555; x_wconf 78' lang='grc' dir='ltr'>νομοο</span> 
     </span>
    </p>
   </div>
   <div class='ocr_carea' id='block_1_30' title="bbox 2197 1576 3770 1661">
    <p class='ocr_par' dir='ltr' id='par_1_30' title="bbox 2197 1576 3770 1661">
     <span class='ocr_line' id='line_1_30' title="bbox 2197 1576 3770 1661; baseline -0.013 -15"><span class='ocrx_word' id='word_1_205' title='bbox 2197 1592 2382 1646; x_wconf 91' lang='grc' dir='ltr'>θεσίαν</span> <span class='ocrx_word' id='word_1_206' title='bbox 2410 1589 2508 1661; x_wconf 80' lang='grc' dir='ltr'>τὴν</span> <span class='ocrx_word' id='word_1_207' title='bbox 2539 1588 2802 1657; x_wconf 81' lang='grc' dir='ltr'>λέγουσαν</span> <span class='ocrx_word' id='word_1_208' title='bbox 2822 1603 2836 1617; x_wconf 88' lang='grc'><strong>·</strong></span> <span class='ocrx_word' id='word_1_209' title='bbox 2870 1604 2889 1637; x_wconf 78' lang='grc' dir='ltr'><strong>ι</strong></span> <span class='ocrx_word' id='word_1_210' title='bbox 2922 1586 3018 1639; x_wconf 86' lang='grc' dir='ltr'>Ἐκ</span> <span class='ocrx_word' id='word_1_211' title='bbox 3051 1582 3160 1637; x_wconf 90' lang='grc' dir='ltr'><strong>τῶν</strong></span> <span class='ocrx_word' id='word_1_212' title='bbox 3191 1579 3425 1653; x_wconf 85' lang='grc' dir='ltr'>καρπῶν</span> <span class='ocrx_word' id='word_1_213' title='bbox 3453 1576 3639 1631; x_wconf 82' lang='grc' dir='ltr'>αὐτῶν</span> <span class='ocrx_word' id='word_1_214' title='bbox 3664 1577 3770 1627; x_wconf 81' lang='grc' dir='ltr'>ἐπι-</span> 
     </span>
    </p>
   </div>
   <div class='ocr_carea' id='block_1_31' title="bbox 2196 1667 3767 1752">
    <p class='ocr_par' dir='ltr' id='par_1_31' title="bbox 2196 1667 3767 1752">
     <span class='ocr_line' id='line_1_31' title="bbox 2196 1667 3767 1752; baseline -0.01 -17"><span class='ocrx_word' id='word_1_215' title='bbox 2196 1679 2472 1752; x_wconf 79' lang='grc' dir='ltr'>γνώσεσθε</span> <span class='ocrx_word' id='word_1_216' title='bbox 2499 1677 2716 1741; x_wconf 84' lang='grc' dir='ltr'>αύτούς.</span> <span class='ocrx_word' id='word_1_217' title='bbox 2757 1676 2979 1751; x_wconf 75' lang='grc' dir='ltr'>Καρποὶ</span> <span class='ocrx_word' id='word_1_218' title='bbox 3014 1674 3073 1728; x_wconf 77' lang='grc' dir='ltr'><strong>δὲ</strong></span> <span class='ocrx_word' id='word_1_219' title='bbox 3099 1673 3206 1727; x_wconf 89' lang='grc' dir='ltr'><strong>τῶν</strong></span> <span class='ocrx_word' id='word_1_220' title='bbox 3247 1673 3375 1744; x_wconf 83' lang='grc' dir='ltr'>ἄρτι</span> <span class='ocrx_word' id='word_1_221' title='bbox 3407 1667 3767 1738; x_wconf 79' lang='grc' dir='ltr'>πονουμένων,</span> 
     </span>
    </p>
   </div>
   <div class='ocr_carea' id='block_1_32' title="bbox 518 1757 2097 1843">
    <p class='ocr_par' dir='ltr' id='par_1_32' title="bbox 518 1771 2094 1843">
     <span class='ocr_line' id='line_1_32' title="bbox 518 1771 2094 1843; baseline 0.003 -22"><span class='ocrx_word' id='word_1_222' title='bbox 518 1783 683 1839; x_wconf 87' lang='lat' dir='ltr'><strong>quam</strong></span> <span class='ocrx_word' id='word_1_223' title='bbox 715 1771 894 1825; x_wconf 88' lang='lat' dir='ltr'><strong>verbis</strong></span> <span class='ocrx_word' id='word_1_224' title='bbox 925 1773 1156 1826; x_wconf 89' lang='lat' dir='ltr'><strong>convicti</strong></span> <span class='ocrx_word' id='word_1_225' title='bbox 1197 1782 1345 1837; x_wconf 89' lang='lat' dir='ltr'><strong>sunt,</strong></span> <span class='ocrx_word' id='word_1_226' title='bbox 1391 1772 1547 1843; x_wconf 78' lang='lat' dir='ltr'><strong>juxta</strong></span> <span class='ocrx_word' id='word_1_227' title='bbox 1579 1771 1711 1826; x_wconf 91' lang='lat' dir='ltr'><strong>illud</strong></span> <span class='ocrx_word' id='word_1_228' title='bbox 1737 1772 1934 1827; x_wconf 73' lang='lat' dir='ltr'><strong>divina:</strong></span> <span class='ocrx_word' id='word_1_229' title='bbox 1960 1772 2094 1843; x_wconf 88' lang='lat' dir='ltr'><strong>legis</strong></span> 
     </span>
    </p>
   </div>
   <div class='ocr_carea' id='block_1_33' title="bbox 2198 1757 3767 1843">
    <p class='ocr_par' dir='ltr' id='par_1_33' title="bbox 2198 1757 3767 1843">
     <span class='ocr_line' id='line_1_33' title="bbox 2198 1757 3767 1843; baseline -0.009 -19"><span class='ocrx_word' id='word_1_230' title='bbox 2198 1770 2271 1835; x_wconf 80' lang='grc' dir='ltr'><strong>ὡς</strong></span> <span class='ocrx_word' id='word_1_231' title='bbox 2298 1769 2464 1833; x_wconf 71' lang='grc' dir='ltr'>ἔοικε,</span> <span class='ocrx_word' id='word_1_232' title='bbox 2494 1768 2556 1821; x_wconf 78' lang='grc' dir='ltr'><strong>τὸ</strong></span> <span class='ocrx_word' id='word_1_233' title='bbox 2583 1765 2919 1839; x_wconf 77' lang='grc' dir='ltr'>σκορπίζειν,</span> <span class='ocrx_word' id='word_1_234' title='bbox 2953 1766 3016 1819; x_wconf 83' lang='grc' dir='ltr'>οὐ</span> <span class='ocrx_word' id='word_1_235' title='bbox 3047 1764 3110 1817; x_wconf 81' lang='grc' dir='ltr'>τὸ</span> <span class='ocrx_word' id='word_1_236' title='bbox 3138 1762 3394 1831; x_wconf 84' lang='grc' dir='ltr'>συνάγειν</span> <span class='ocrx_word' id='word_1_237' title='bbox 3413 1778 3427 1792; x_wconf 95' lang='grc'><strong>·</strong></span> <span class='ocrx_word' id='word_1_238' title='bbox 3454 1760 3520 1813; x_wconf 74' lang='grc' dir='ltr'>τὸ</span> <span class='ocrx_word' id='word_1_239' title='bbox 3542 1757 3767 1843; x_wconf 55' lang='grc' dir='ltr'>διώκειιε,</span> 
     </span>
    </p>
   </div>
   <div class='ocr_carea' id='block_1_34' title="bbox 518 1822 2097 1935">
    <p class='ocr_par' dir='ltr' id='par_1_34' title="bbox 518 1822 2091 1935">
     <span class='ocr_line' id='line_1_34' title="bbox 538 1822 2087 1843; baseline 0.001 -7"><span class='ocrx_word' id='word_1_240' title='bbox 538 1822 553 1839; x_wconf 93' lang='grc'>.</span> <span class='ocrx_word' id='word_1_241' title='bbox 636 1822 683 1823; x_wconf 37' lang='grc' dir='ltr'>γε</span> <span class='ocrx_word' id='word_1_242' title='bbox 1197 1822 1345 1837; x_wconf 76' lang='grc'><strong><em>-----.</em></strong></span> <span class='ocrx_word' id='word_1_243' title='bbox 1391 1822 1547 1843; x_wconf 37' lang='grc' dir='ltr'><strong>..πθ-</strong></span> <span class='ocrx_word' id='word_1_244' title='bbox 1582 1822 1711 1826; x_wconf 51' lang='grc' dir='ltr'><strong><em>--η-</em></strong></span> <span class='ocrx_word' id='word_1_245' title='bbox 1743 1822 1932 1827; x_wconf 38' lang='lat' dir='ltr'><strong>“nm-</strong></span> 
     </span>
     <span class='ocr_line' id='line_1_35' title="bbox 518 1861 2091 1935; baseline 0.001 -22"><span class='ocrx_word' id='word_1_246' title='bbox 518 1861 727 1914; x_wconf 86' lang='lat' dir='ltr'><strong>dictum</strong></span> <span class='ocrx_word' id='word_1_247' title='bbox 757 1881 770 1917; x_wconf 91' lang='lat'>:</span> <span class='ocrx_word' id='word_1_248' title='bbox 800 1881 818 1915; x_wconf 77' lang='grc' dir='ltr'><strong>ι</strong></span> <span class='ocrx_word' id='word_1_249' title='bbox 861 1862 934 1917; x_wconf 78' lang='lat' dir='ltr'><strong>Ex</strong></span> <span class='ocrx_word' id='word_1_250' title='bbox 960 1863 1229 1920; x_wconf 81' lang='lat' dir='ltr'><strong>fructibus</strong></span> <span class='ocrx_word' id='word_1_251' title='bbox 1261 1877 1449 1919; x_wconf 93' lang='lat' dir='ltr'><strong>eorum</strong></span> <span class='ocrx_word' id='word_1_252' title='bbox 1477 1864 1823 1935; x_wconf 80' lang='lat' dir='ltr'><strong>cognoscetis</strong></span> <span class='ocrx_word' id='word_1_253' title='bbox 1855 1878 1950 1919; x_wconf 91' lang='lat' dir='ltr'><strong>eos</strong></span> <span class='ocrx_word' id='word_1_254' title='bbox 1968 1863 2032 1918; x_wconf 73' lang='lat'><strong>“.</strong></span> <span class='ocrx_word' id='word_1_255' title='bbox 2071 1883 2091 1915; x_wconf 78' lang='grc' dir='ltr'><strong>ι</strong></span> 
     </span>
    </p>
   </div>
   <div class='ocr_carea' id='block_1_35' title="bbox 2198 1822 3768 1935">
    <p class='ocr_par' dir='ltr' id='par_1_35' title="bbox 2198 1822 3768 1928">
     <span class='ocr_line' id='line_1_36' title="bbox 2198 1822 3768 1928; baseline -0.009 -13"><span class='ocrx_word' id='word_1_256' title='bbox 2198 1822 2344 1915; x_wconf 43' lang='lat' dir='ltr'><strong>trito</strong></span> <span class='ocrx_word' id='word_1_257' title='bbox 2379 1822 2706 1928; x_wconf 62' lang='grc' dir='ltr'><strong>ἐπανάγεινἱ</strong></span> <span class='ocrx_word' id='word_1_258' title='bbox 2735 1822 3210 1919; x_wconf 37' lang='grc' dir='ltr'>τδνκαταϐάλλειν,</span> <span class='ocrx_word' id='word_1_259' title='bbox 3238 1822 3298 1906; x_wconf 78' lang='grc' dir='ltr'><strong>ού</strong></span> <span class='ocrx_word' id='word_1_260' title='bbox 3329 1852 3394 1905; x_wconf 77' lang='grc' dir='ltr'>τὸ</span> <span class='ocrx_word' id='word_1_261' title='bbox 3422 1851 3689 1923; x_wconf 81' lang='grc' dir='ltr'>ἐγείρειν·</span> <span class='ocrx_word' id='word_1_262' title='bbox 3714 1822 3768 1901; x_wconf 49' lang='grc' dir='ltr'><strong>τό</strong></span> 
     </span>
    </p>
   </div>
   <div class='ocr_carea' id='block_1_36' title="bbox 519 1940 2097 2025">
    <p class='ocr_par' dir='ltr' id='par_1_36' title="bbox 519 1948 2097 2025">
     <span class='ocr_line' id='line_1_37' title="bbox 519 1948 2097 2025; baseline 0.005 -20"><span class='ocrx_word' id='word_1_263' title='bbox 519 1948 758 2007; x_wconf 77' lang='lat' dir='ltr'><strong>Fructus</strong></span> <span class='ocrx_word' id='word_1_264' title='bbox 816 1968 977 2022; x_wconf 77' lang='lat' dir='ltr'><strong>porro</strong></span> <span class='ocrx_word' id='word_1_265' title='bbox 1025 1956 1399 2025; x_wconf 87' lang='lat' dir='ltr'><strong>operariorum</strong></span> <span class='ocrx_word' id='word_1_266' title='bbox 1456 1954 1773 2025; x_wconf 89' lang='lat' dir='ltr'><strong>hujusmodi</strong></span> <span class='ocrx_word' id='word_1_267' title='bbox 1833 1954 2097 2013; x_wconf 81' lang='lat' dir='ltr'><strong>hactenus</strong></span> 
     </span>
    </p>
   </div>
   <div class='ocr_carea' id='block_1_37' title="bbox 2198 1940 3768 2025">
    <p class='ocr_par' dir='ltr' id='par_1_37' title="bbox 2198 1940 3768 2025">
     <span class='ocr_line' id='line_1_38' title="bbox 2198 1940 3768 2025; baseline -0.01 -18"><span class='ocrx_word' id='word_1_268' title='bbox 2198 1949 2614 2025; x_wconf 80' lang='grc' dir='ltr'>τραυματίζειν,</span> <span class='ocrx_word' id='word_1_269' title='bbox 2656 1950 2717 2003; x_wconf 80' lang='grc' dir='ltr'>ού</span> <span class='ocrx_word' id='word_1_270' title='bbox 2749 1950 2813 2003; x_wconf 78' lang='grc' dir='ltr'>τὸ</span> <span class='ocrx_word' id='word_1_271' title='bbox 2859 1946 3215 2020; x_wconf 89' lang='grc' dir='ltr'>θεραπεύειν·</span> <span class='ocrx_word' id='word_1_272' title='bbox 3254 1944 3316 1999; x_wconf 84' lang='grc' dir='ltr'><strong>τὸ</strong></span> <span class='ocrx_word' id='word_1_273' title='bbox 3370 1946 3553 2015; x_wconf 83' lang='grc' dir='ltr'>μισεῖν</span> <span class='ocrx_word' id='word_1_274' title='bbox 3602 1940 3671 1994; x_wconf 82' lang='grc' dir='ltr'>τὰ</span> <span class='ocrx_word' id='word_1_275' title='bbox 3702 1940 3768 2010; x_wconf 78' lang='grc' dir='ltr'>μὴ</span> 
     </span>
    </p>
   </div>
   <div class='ocr_carea' id='block_1_38' title="bbox 520 2042 2092 2118">
    <p class='ocr_par' dir='ltr' id='par_1_38' title="bbox 520 2042 2092 2118">
     <span class='ocr_line' id='line_1_39' title="bbox 520 2042 2092 2118; baseline 0.003 -22"><span class='ocrx_word' id='word_1_276' title='bbox 520 2042 645 2105; x_wconf 81' lang='lat' dir='ltr'><strong>fuit,</strong></span> <span class='ocrx_word' id='word_1_277' title='bbox 672 2043 962 2115; x_wconf 84' lang='lat' dir='ltr'><strong>dissipare,</strong></span> <span class='ocrx_word' id='word_1_278' title='bbox 995 2064 1102 2102; x_wconf 91' lang='lat' dir='ltr'><strong>non</strong></span> <span class='ocrx_word' id='word_1_279' title='bbox 1132 2048 1431 2118; x_wconf 89' lang='lat' dir='ltr'><strong>colligere;</strong></span> <span class='ocrx_word' id='word_1_280' title='bbox 1479 2048 1756 2118; x_wconf 87' lang='lat' dir='ltr'><strong>persequi,</strong></span> <span class='ocrx_word' id='word_1_281' title='bbox 1788 2063 1898 2102; x_wconf 93' lang='lat' dir='ltr'><strong>non</strong></span> <span class='ocrx_word' id='word_1_282' title='bbox 1932 2047 2092 2103; x_wconf 81' lang='lat' dir='ltr'><strong>redu-</strong></span> 
     </span>
    </p>
   </div>
   <div class='ocr_carea' id='block_1_39' title="bbox 518 2134 2099 2205">
    <p class='ocr_par' dir='ltr' id='par_1_39' title="bbox 518 2134 2099 2205">
     <span class='ocr_line' id='line_1_40' title="bbox 518 2134 2099 2205; baseline 0.003 -18"><span class='ocrx_word' id='word_1_283' title='bbox 518 2147 678 2199; x_wconf 89' lang='lat' dir='ltr'><strong>cere;</strong></span> <span class='ocrx_word' id='word_1_284' title='bbox 709 2134 966 2203; x_wconf 82' lang='lat' dir='ltr'><strong>dejicere.</strong></span> <span class='ocrx_word' id='word_1_285' title='bbox 1003 2153 1111 2193; x_wconf 91' lang='lat' dir='ltr'><strong>non</strong></span> <span class='ocrx_word' id='word_1_286' title='bbox 1137 2139 1408 2205; x_wconf 76' lang='lat' dir='ltr'><strong>excitare;</strong></span> <span class='ocrx_word' id='word_1_287' title='bbox 1452 2138 1766 2203; x_wconf 88' lang='lat' dir='ltr'><strong>vulnerare,</strong></span> <span class='ocrx_word' id='word_1_288' title='bbox 1794 2153 1900 2192; x_wconf 93' lang='lat' dir='ltr'><strong>non</strong></span> <span class='ocrx_word' id='word_1_289' title='bbox 1934 2151 2099 2193; x_wconf 88' lang='lat' dir='ltr'><strong>sana-</strong></span> 
     </span>
    </p>
   </div>
   <div class='ocr_carea' id='block_1_40' title="bbox 517 2225 2093 2299">
    <p class='ocr_par' dir='ltr' id='par_1_40' title="bbox 517 2225 2093 2299">
     <span class='ocr_line' id='line_1_41' title="bbox 517 2225 2093 2299; baseline 0.003 -21"><span class='ocrx_word' id='word_1_290' title='bbox 517 2239 621 2291; x_wconf 88' lang='lat' dir='ltr'><strong>re;</strong></span> <span class='ocrx_word' id='word_1_291' title='bbox 680 2225 865 2282; x_wconf 91' lang='lat' dir='ltr'><strong>odisse</strong></span> <span class='ocrx_word' id='word_1_292' title='bbox 903 2243 1011 2282; x_wconf 88' lang='lat' dir='ltr'><strong>nou</strong></span> <span class='ocrx_word' id='word_1_293' title='bbox 1064 2236 1335 2290; x_wconf 87' lang='lat' dir='ltr'><strong>errantes,</strong></span> <span class='ocrx_word' id='word_1_294' title='bbox 1394 2243 1504 2282; x_wconf 93' lang='lat' dir='ltr'><strong>non</strong></span> <span class='ocrx_word' id='word_1_295' title='bbox 1555 2244 1800 2299; x_wconf 70' lang='lat' dir='ltr'><strong>quaerere</strong></span> <span class='ocrx_word' id='word_1_296' title='bbox 1827 2238 2093 2284; x_wconf 90' lang='lat' dir='ltr'><strong>errantes.</strong></span> 
     </span>
    </p>
   </div>
   <div class='ocr_carea' id='block_1_41' title="bbox 517 2317 2099 2394">
    <p class='ocr_par' dir='ltr' id='par_1_41' title="bbox 517 2317 2099 2394">
     <span class='ocr_line' id='line_1_42' title="bbox 517 2317 2099 2394; baseline 0.003 -21"><span class='ocrx_word' id='word_1_297' title='bbox 517 2317 673 2385; x_wconf 86' lang='lat' dir='ltr'><strong>Quod</strong></span> <span class='ocrx_word' id='word_1_298' title='bbox 702 2322 868 2390; x_wconf 85' lang='lat' dir='ltr'><strong>igitur</strong></span> <span class='ocrx_word' id='word_1_299' title='bbox 896 2324 1101 2394; x_wconf 79' lang='lat' dir='ltr'><strong>absque</strong></span> <span class='ocrx_word' id='word_1_300' title='bbox 1129 2322 1417 2378; x_wconf 87' lang='lat' dir='ltr'><strong>mendacio</strong></span> <span class='ocrx_word' id='word_1_301' title='bbox 1448 2324 1711 2394; x_wconf 87' lang='lat' dir='ltr'><strong>scriptum</strong></span> <span class='ocrx_word' id='word_1_302' title='bbox 1741 2324 1860 2387; x_wconf 84' lang='lat' dir='ltr'><strong>fuit,</strong></span> <span class='ocrx_word' id='word_1_303' title='bbox 1903 2324 1958 2378; x_wconf 93' lang='lat' dir='ltr'><strong>id</strong></span> <span class='ocrx_word' id='word_1_304' title='bbox 1981 2338 2099 2377; x_wconf 89' lang='lat' dir='ltr'><strong>ma-</strong></span> 
     </span>
    </p>
   </div>
   <div class='ocr_carea' id='block_1_42' title="bbox 516 2411 2098 2487">
    <p class='ocr_par' dir='ltr' id='par_1_42' title="bbox 516 2411 2098 2487">
     <span class='ocr_line' id='line_1_43' title="bbox 516 2411 2098 2487; baseline 0.003 -21"><span class='ocrx_word' id='word_1_305' title='bbox 516 2411 712 2468; x_wconf 80' lang='lat' dir='ltr'><strong>nifeste</strong></span> <span class='ocrx_word' id='word_1_306' title='bbox 744 2415 1024 2484; x_wconf 91' lang='lat' dir='ltr'><strong>impletum</strong></span> <span class='ocrx_word' id='word_1_307' title='bbox 1064 2424 1150 2471; x_wconf 82' lang='lat' dir='ltr'><strong>est</strong></span> <span class='ocrx_word' id='word_1_308' title='bbox 1178 2436 1192 2471; x_wconf 92' lang='lat'><strong>:</strong></span> <span class='ocrx_word' id='word_1_309' title='bbox 1218 2435 1237 2467; x_wconf 78' lang='grc' dir='ltr'><strong>ι</strong></span> <span class='ocrx_word' id='word_1_310' title='bbox 1281 2414 1484 2472; x_wconf 86' lang='lat' dir='ltr'><strong>Omnes</strong></span> <span class='ocrx_word' id='word_1_311' title='bbox 1518 2417 1610 2487; x_wconf 88' lang='lat' dir='ltr'><strong>qui</strong></span> <span class='ocrx_word' id='word_1_312' title='bbox 1651 2418 1739 2487; x_wconf 91' lang='lat' dir='ltr'><strong>pie</strong></span> <span class='ocrx_word' id='word_1_313' title='bbox 1775 2418 1959 2472; x_wconf 87' lang='lat' dir='ltr'><strong>volent</strong></span> <span class='ocrx_word' id='word_1_314' title='bbox 2014 2419 2098 2471; x_wconf 90' lang='lat' dir='ltr'><strong>vi-</strong></span> 
     </span>
    </p>
   </div>
   <div class='ocr_carea' id='block_1_43' title="bbox 515 2505 2096 2579">
    <p class='ocr_par' dir='ltr' id='par_1_43' title="bbox 515 2505 2096 2579">
     <span class='ocr_line' id='line_1_44' title="bbox 515 2505 2096 2579; baseline 0.005 -23"><span class='ocrx_word' id='word_1_315' title='bbox 515 2519 640 2557; x_wconf 81' lang='lat' dir='ltr'><strong>vere</strong></span> <span class='ocrx_word' id='word_1_316' title='bbox 668 2505 721 2559; x_wconf 92' lang='lat' dir='ltr'><strong>in</strong></span> <span class='ocrx_word' id='word_1_317' title='bbox 753 2505 972 2561; x_wconf 85' lang='lat' dir='ltr'><strong>Christo</strong></span> <span class='ocrx_word' id='word_1_318' title='bbox 1000 2506 1129 2563; x_wconf 83' lang='lat' dir='ltr'><strong>Jesn</strong></span> <span class='ocrx_word' id='word_1_319' title='bbox 1158 2510 1594 2579; x_wconf 87' lang='lat' dir='ltr'><strong>persecutionem</strong></span> <span class='ocrx_word' id='word_1_320' title='bbox 1628 2510 1941 2579; x_wconf 87' lang='lat' dir='ltr'><strong>patientur;</strong></span> <span class='ocrx_word' id='word_1_321' title='bbox 1966 2510 2096 2564; x_wconf 91' lang='lat' dir='ltr'><strong>mali</strong></span> 
     </span>
    </p>
   </div>
   <div class='ocr_carea' id='block_1_44' title="bbox 515 2596 2093 2671">
    <p class='ocr_par' dir='ltr' id='par_1_44' title="bbox 515 2596 2093 2671">
     <span class='ocr_line' id='line_1_45' title="bbox 515 2596 2093 2671; baseline 0.004 -23"><span class='ocrx_word' id='word_1_322' title='bbox 515 2606 696 2650; x_wconf 85' lang='lat' dir='ltr'><strong>autem</strong></span> <span class='ocrx_word' id='word_1_323' title='bbox 727 2596 978 2654; x_wconf 88' lang='lat' dir='ltr'><strong>homines</strong></span> <span class='ocrx_word' id='word_1_324' title='bbox 1006 2608 1061 2655; x_wconf 91' lang='lat' dir='ltr'><strong>et</strong></span> <span class='ocrx_word' id='word_1_325' title='bbox 1115 2600 1437 2656; x_wconf 86' lang='lat' dir='ltr'><strong>seductores</strong></span> <span class='ocrx_word' id='word_1_326' title='bbox 1492 2600 1780 2671; x_wconf 84' lang='lat' dir='ltr'><strong>proﬁcient</strong></span> <span class='ocrx_word' id='word_1_327' title='bbox 1824 2601 1878 2654; x_wconf 91' lang='lat' dir='ltr'><strong>in</strong></span> <span class='ocrx_word' id='word_1_328' title='bbox 1914 2600 2093 2671; x_wconf 86' lang='lat' dir='ltr'><strong>pejus,</strong></span> 
     </span>
    </p>
   </div>
   <div class='ocr_carea' id='block_1_45' title="bbox 2197 2029 3756 2116">
    <p class='ocr_par' dir='ltr' id='par_1_45' title="bbox 2197 2029 3756 2116">
     <span class='ocr_line' id='line_1_46' title="bbox 2197 2029 3756 2116; baseline -0.009 -17"><span class='ocrx_word' id='word_1_329' title='bbox 2197 2045 2545 2116; x_wconf 86' lang='grc' dir='ltr'>πλανώμενα,</span> <span class='ocrx_word' id='word_1_330' title='bbox 2575 2044 2637 2097; x_wconf 83' lang='grc' dir='ltr'><strong>ού</strong></span> <span class='ocrx_word' id='word_1_331' title='bbox 2663 2042 2725 2096; x_wconf 83' lang='grc' dir='ltr'><strong>τὸ</strong></span> <span class='ocrx_word' id='word_1_332' title='bbox 2765 2041 2945 2113; x_wconf 78' lang='grc' dir='ltr'>ζητεῖν</span> <span class='ocrx_word' id='word_1_333' title='bbox 2970 2039 3041 2094; x_wconf 84' lang='grc' dir='ltr'>τὰ</span> <span class='ocrx_word' id='word_1_334' title='bbox 3066 2036 3421 2109; x_wconf 85' lang='grc' dir='ltr'>πλανώμενα.</span> <span class='ocrx_word' id='word_1_335' title='bbox 3446 2035 3524 2089; x_wconf 79' lang='grc' dir='ltr'>Τὸ</span> <span class='ocrx_word' id='word_1_336' title='bbox 3557 2035 3654 2107; x_wconf 77' lang='grc' dir='ltr'><strong>μὲν</strong></span> <span class='ocrx_word' id='word_1_337' title='bbox 3675 2029 3756 2087; x_wconf 77' lang='grc' dir='ltr'>οὖν</span> 
     </span>
    </p>
   </div>
   <div class='ocr_carea' id='block_1_46' title="bbox 2198 2126 3769 2208">
    <p class='ocr_par' dir='ltr' id='par_1_46' title="bbox 2198 2126 3769 2208">
     <span class='ocr_line' id='line_1_47' title="bbox 2198 2126 3769 2208; baseline -0.009 -15"><span class='ocrx_word' id='word_1_338' title='bbox 2198 2137 2447 2208; x_wconf 67' lang='grc' dir='ltr'>ἀψευδῶς</span> <span class='ocrx_word' id='word_1_339' title='bbox 2500 2134 2885 2206; x_wconf 80' lang='grc' dir='ltr'>γεγραμμένον</span> <span class='ocrx_word' id='word_1_340' title='bbox 2940 2131 3222 2204; x_wconf 78' lang='grc' dir='ltr'>προδήλως</span> <span class='ocrx_word' id='word_1_341' title='bbox 3268 2129 3669 2201; x_wconf 79' lang='grc' dir='ltr'>πεπλήρωται.</span> <span class='ocrx_word' id='word_1_342' title='bbox 3695 2126 3769 2180; x_wconf 82' lang='grc' dir='ltr'>ὅτι</span> 
     </span>
    </p>
   </div>
   <div class='ocr_carea' id='block_1_47' title="bbox 2202 2217 3767 2297">
    <p class='ocr_par' dir='ltr' id='par_1_47' title="bbox 2202 2217 3767 2297">
     <span class='ocr_line' id='line_1_48' title="bbox 2202 2217 3767 2297; baseline -0.006 -14"><span class='ocrx_word' id='word_1_343' title='bbox 2202 2252 2220 2283; x_wconf 78' lang='grc' dir='ltr'><strong>ι</strong></span> <span class='ocrx_word' id='word_1_344' title='bbox 2242 2232 2452 2294; x_wconf 84' lang='grc' dir='ltr'>Πάντες</span> <span class='ocrx_word' id='word_1_345' title='bbox 2482 2232 2531 2283; x_wconf 82' lang='grc' dir='ltr'><strong>οἱ</strong></span> <span class='ocrx_word' id='word_1_346' title='bbox 2565 2228 2805 2291; x_wconf 83' lang='grc' dir='ltr'>θέλοντες</span> <span class='ocrx_word' id='word_1_347' title='bbox 2848 2226 2947 2297; x_wconf 76' lang='grc' dir='ltr'><strong>ζῇν</strong></span> <span class='ocrx_word' id='word_1_348' title='bbox 2979 2225 3220 2289; x_wconf 82' lang='grc' dir='ltr'>εὐσεϐῶς</span> <span class='ocrx_word' id='word_1_349' title='bbox 3255 2226 3313 2278; x_wconf 78' lang='grc' dir='ltr'><strong>ἐν</strong></span> <span class='ocrx_word' id='word_1_350' title='bbox 3344 2220 3573 2296; x_wconf 80' lang='grc' dir='ltr'>Χριστῷ</span> <span class='ocrx_word' id='word_1_351' title='bbox 3608 2217 3767 2289; x_wconf 72' lang='grc' dir='ltr'>Ἰησο]</span> 
     </span>
    </p>
   </div>
   <div class='ocr_carea' id='block_1_48' title="bbox 2194 2314 3767 2395">
    <p class='ocr_par' dir='ltr' id='par_1_48' title="bbox 2194 2314 3767 2395">
     <span class='ocr_line' id='line_1_49' title="bbox 2194 2314 3767 2395; baseline -0.01 -17"><span class='ocrx_word' id='word_1_352' title='bbox 2194 2323 2605 2395; x_wconf 86' lang='grc' dir='ltr'>διωχθήσονται·</span> <span class='ocrx_word' id='word_1_353' title='bbox 2641 2321 2869 2392; x_wconf 70' lang='grc' dir='ltr'>πονηροὶ</span> <span class='ocrx_word' id='word_1_354' title='bbox 2896 2319 2953 2372; x_wconf 83' lang='grc' dir='ltr'>δὲ</span> <span class='ocrx_word' id='word_1_355' title='bbox 2987 2318 3266 2391; x_wconf 82' lang='grc' dir='ltr'>ἄνθρωποι</span> <span class='ocrx_word' id='word_1_356' title='bbox 3292 2317 3391 2370; x_wconf 75' lang='grc' dir='ltr'>καὶ</span> <span class='ocrx_word' id='word_1_357' title='bbox 3419 2314 3616 2385; x_wconf 84' lang='grc' dir='ltr'>γόητες</span> <span class='ocrx_word' id='word_1_358' title='bbox 3652 2328 3767 2383; x_wconf 63' lang='lat' dir='ltr'><strong>tgo-</strong></span> 
     </span>
    </p>
   </div>
   <div class='ocr_carea' id='block_1_49' title="bbox 2197 2404 3763 2486">
    <p class='ocr_par' dir='ltr' id='par_1_49' title="bbox 2197 2404 3763 2486">
     <span class='ocr_line' id='line_1_50' title="bbox 2197 2404 3763 2486; baseline -0.011 -15"><span class='ocrx_word' id='word_1_359' title='bbox 2197 2416 2455 2486; x_wconf 71' lang='grc' dir='ltr'>κόψουσιν</span> <span class='ocrx_word' id='word_1_360' title='bbox 2487 2414 2581 2468; x_wconf 78' lang='grc' dir='ltr'><strong>ἐπὶ</strong></span> <span class='ocrx_word' id='word_1_361' title='bbox 2622 2416 2823 2486; x_wconf 87' lang='grc' dir='ltr'>χεῖρον,</span> <span class='ocrx_word' id='word_1_362' title='bbox 2859 2410 3172 2474; x_wconf 84' lang='grc' dir='ltr'>πλανῶντες</span> <span class='ocrx_word' id='word_1_363' title='bbox 3214 2410 3312 2463; x_wconf 73' lang='grc' dir='ltr'><strong>καὶ</strong></span> <span class='ocrx_word' id='word_1_364' title='bbox 3362 2404 3718 2476; x_wconf 79' lang='grc' dir='ltr'>πλανώμενοι.</span> <span class='ocrx_word' id='word_1_365' title='bbox 3746 2422 3763 2453; x_wconf 74' lang='grc' dir='ltr'><strong>ι</strong></span> 
     </span>
    </p>
   </div>
   <div class='ocr_carea' id='block_1_50' title="bbox 2198 2501 3769 2581">
    <p class='ocr_par' dir='ltr' id='par_1_50' title="bbox 2198 2501 3769 2581">
     <span class='ocr_line' id='line_1_51' title="bbox 2198 2501 3769 2581; baseline -0.006 -19"><span class='ocrx_word' id='word_1_366' title='bbox 2198 2508 2279 2563; x_wconf 83' lang='grc' dir='ltr'><strong>Τὰ</strong></span> <span class='ocrx_word' id='word_1_367' title='bbox 2310 2509 2367 2562; x_wconf 78' lang='grc' dir='ltr'>δὲ</span> <span class='ocrx_word' id='word_1_368' title='bbox 2405 2508 2544 2581; x_wconf 87' lang='grc' dir='ltr'>μέρη</span> <span class='ocrx_word' id='word_1_369' title='bbox 2573 2509 2670 2579; x_wconf 86' lang='grc' dir='ltr'>τῆς</span> <span class='ocrx_word' id='word_1_370' title='bbox 2702 2508 2833 2579; x_wconf 77' lang='grc' dir='ltr'>παρ’</span> <span class='ocrx_word' id='word_1_371' title='bbox 2874 2507 3029 2579; x_wconf 80' lang='grc' dir='ltr'>ἡμῶν</span> <span class='ocrx_word' id='word_1_372' title='bbox 3058 2505 3372 2576; x_wconf 79' lang='grc' dir='ltr'>ἀντιλογίας</span> <span class='ocrx_word' id='word_1_373' title='bbox 3394 2501 3769 2562; x_wconf 79' lang='grc' dir='ltr'>ὑποτέτακται,</span> 
     </span>
    </p>
   </div>
   <div class='ocr_carea' id='block_1_51' title="bbox 2198 2600 3196 2674">
    <p class='ocr_par' dir='ltr' id='par_1_51' title="bbox 2198 2600 3196 2674">
     <span class='ocr_line' id='line_1_52' title="bbox 2198 2600 3196 2674; baseline -0.001 -18"><span class='ocrx_word' id='word_1_374' title='bbox 2198 2602 2293 2656; x_wconf 74' lang='grc' dir='ltr'>καὶ</span> <span class='ocrx_word' id='word_1_375' title='bbox 2323 2602 2495 2667; x_wconf 74' lang='grc' dir='ltr'>οὕτως</span> <span class='ocrx_word' id='word_1_376' title='bbox 2523 2601 2663 2655; x_wconf 79' lang='grc' dir='ltr'>κατὰ</span> <span class='ocrx_word' id='word_1_377' title='bbox 2681 2601 2835 2668; x_wconf 81' lang='grc' dir='ltr'>τάξιν</span> <span class='ocrx_word' id='word_1_378' title='bbox 2871 2600 3196 2674; x_wconf 81' lang='grc' dir='ltr'>διῃρημένα.</span> 
     </span>
    </p>
   </div>
   <div class='ocr_carea' id='block_1_52' title="bbox 514 2685 3769 2768">
    <p class='ocr_par' dir='ltr' id='par_1_52' title="bbox 514 2685 3769 2768">
     <span class='ocr_line' id='line_1_53' title="bbox 514 2685 3769 2768; baseline -0 -25"><span class='ocrx_word' id='word_1_379' title='bbox 514 2699 766 2748; x_wconf 84' lang='lat' dir='ltr'><strong>errantes</strong></span> <span class='ocrx_word' id='word_1_380' title='bbox 786 2702 840 2748; x_wconf 90' lang='lat' dir='ltr'><strong>et</strong></span> <span class='ocrx_word' id='word_1_381' title='bbox 867 2695 920 2749; x_wconf 94' lang='lat' dir='ltr'><strong>in</strong></span> <span class='ocrx_word' id='word_1_382' title='bbox 946 2711 1191 2752; x_wconf 90' lang='lat' dir='ltr'><strong>errorem</strong></span> <span class='ocrx_word' id='word_1_383' title='bbox 1223 2696 1505 2753; x_wconf 88' lang='lat' dir='ltr'><strong>mittentes</strong></span> <span class='ocrx_word' id='word_1_384' title='bbox 1560 2696 1627 2751; x_wconf 81' lang='grc'><strong>³³.</strong></span> <span class='ocrx_word' id='word_1_385' title='bbox 1671 2716 1690 2750; x_wconf 74' lang='grc' dir='ltr'><strong>ι</strong></span> <span class='ocrx_word' id='word_1_386' title='bbox 1740 2694 2010 2752; x_wconf 66' lang='lat' dir='ltr'><strong>Caeterum</strong></span> <span class='ocrx_word' id='word_1_387' title='bbox 2055 2696 2453 2754; x_wconf 83' lang='lat' dir='ltr'><strong>confutationis</strong></span> <span class='ocrx_word' id='word_1_388' title='bbox 2483 2708 2686 2753; x_wconf 75' lang='lat' dir='ltr'><strong>nostra:</strong></span> <span class='ocrx_word' id='word_1_389' title='bbox 2726 2704 2910 2768; x_wconf 91' lang='lat' dir='ltr'><strong>partes</strong></span> <span class='ocrx_word' id='word_1_390' title='bbox 2945 2695 3345 2766; x_wconf 86' lang='lat' dir='ltr'><strong>subjiciuntur,</strong></span> <span class='ocrx_word' id='word_1_391' title='bbox 3382 2698 3554 2762; x_wconf 88' lang='lat' dir='ltr'><strong>atque</strong></span> <span class='ocrx_word' id='word_1_392' title='bbox 3594 2685 3769 2744; x_wconf 79' lang='lat' dir='ltr'><strong>ordino</strong></span> 
     </span>
    </p>
   </div>
   <div class='ocr_carea' id='block_1_53' title="bbox 514 2779 947 2854">
    <p class='ocr_par' dir='ltr' id='par_1_53' title="bbox 514 2779 947 2854">
     <span class='ocr_line' id='line_1_54' title="bbox 514 2779 947 2854; baseline 0.018 -21"><span class='ocrx_word' id='word_1_393' title='bbox 514 2779 947 2854; x_wconf 81' lang='lat' dir='ltr'><strong>distinguuntur.</strong></span> 
     </span>
    </p>
   </div>
   <div class='ocr_carea' id='block_1_54' title="bbox 1291 2898 1335 2955">
    <p class='ocr_par' dir='ltr' id='par_1_54' title="bbox 1291 2898 1335 2955">
     <span class='ocr_line' id='line_1_55' title="bbox 1291 2898 1335 2955; baseline 0.023 -1"><span class='ocrx_word' id='word_1_394' title='bbox 1291 2898 1335 2955; x_wconf 83' lang='grc' dir='ltr'><strong>Ι.</strong></span> 
     </span>
    </p>
   </div>
   <div class='ocr_carea' id='block_1_55' title="bbox 585 3013 2022 3138">
    <p class='ocr_par' dir='ltr' id='par_1_55' title="bbox 585 3013 2022 3138">
     <span class='ocr_line' id='line_1_56' title="bbox 585 3013 2022 3138; baseline 0.001 -71"><span class='ocrx_word' id='word_1_395' title='bbox 585 3013 849 3069; x_wconf 71' lang='lat' dir='ltr'><strong>Adversus</strong></span> <span class='ocrx_word' id='word_1_396' title='bbox 878 3032 965 3071; x_wconf 82' lang='lat' dir='ltr'><strong>eos</strong></span> <span class='ocrx_word' id='word_1_397' title='bbox 994 3016 1084 3086; x_wconf 82' lang='lat' dir='ltr'><strong>qui</strong></span> <span class='ocrx_word' id='word_1_398' title='bbox 1121 3016 1337 3138; x_wconf 48' lang='lat' dir='ltr'><strong>eiso‘lla</strong></span> <span class='ocrx_word' id='word_1_399' title='bbox 1377 3014 1714 3072; x_wconf 79' lang='lat' dir='ltr'><strong>multitudine</strong></span> <span class='ocrx_word' id='word_1_400' title='bbox 1750 3017 2022 3072; x_wconf 72' lang='lat' dir='ltr'><strong>ceritatem</strong></span> 
     </span>
     <span class='ocr_line' id='line_1_57' title="bbox 1200 3096 1479 3138; baseline 0 0"><span class='ocrx_word' id='word_1_401' title='bbox 1200 3103 1275 3138; x_wconf 80' lang='lat' dir='ltr'><strong>nu</strong></span> <span class='ocrx_word' id='word_1_402' title='bbox 1316 3096 1479 3138; x_wconf 80' lang='lat' dir='ltr'><strong>want.</strong></span> 
     </span>
    </p>
   </div>
   <div class='ocr_carea' id='block_1_56' title="bbox 1200 3096 1479 3156">
    <p class='ocr_par' dir='ltr' id='par_1_56' title="bbox 1200 3096 1479 3156">
     <span class='ocr_line' id='line_1_58' title="bbox 1200 3096 1479 3156; baseline 0.014 -19"><span class='ocrx_word' id='word_1_403' title='bbox 1200 3096 1479 3156; x_wconf 62' lang='lat' dir='ltr'><strong>quamam.</strong></span> 
     </span>
    </p>
   </div>
   <div class='ocr_carea' id='block_1_57' title="bbox 2908 2863 3006 2944">
    <p class='ocr_par' dir='ltr' id='par_1_57' title="bbox 2908 2863 3006 2944">
     <span class='ocr_line' id='line_1_59' title="bbox 2908 2863 3006 2944; baseline 0.01 -1"><span class='ocrx_word' id='word_1_404' title='bbox 2908 2863 3006 2944; x_wconf 43' lang='lat'><strong>&#39;1.</strong></span> 
     </span>
    </p>
   </div>
   <div class='ocr_carea' id='block_1_58' title="bbox 2197 3005 3772 3131">
    <p class='ocr_par' dir='ltr' id='par_1_58' title="bbox 2197 3005 3772 3131">
     <span class='ocr_line' id='line_1_60' title="bbox 2197 3005 3772 3131; baseline -0.011 -65"><span class='ocrx_word' id='word_1_405' title='bbox 2197 3011 2355 3080; x_wconf 73' lang='grc' dir='ltr'>Πρὸς</span> <span class='ocrx_word' id='word_1_406' title='bbox 2412 3008 2554 3074; x_wconf 80' lang='grc' dir='ltr'>τοὺς</span> <span class='ocrx_word' id='word_1_407' title='bbox 2606 3006 2821 3072; x_wconf 62' lang='grc' dir='ltr'>πλῆθει</span> <span class='ocrx_word' id='word_1_408' title='bbox 2866 3009 3049 3131; x_wconf 52' lang='lat'><strong>’52:;</strong></span> <span class='ocrx_word' id='word_1_409' title='bbox 3094 3006 3422 3074; x_wconf 70' lang='grc' dir='ltr'>κρίνοντας</span> <span class='ocrx_word' id='word_1_410' title='bbox 3473 3005 3590 3075; x_wconf 79' lang='grc' dir='ltr'><strong>τὴν</strong></span> <span class='ocrx_word' id='word_1_411' title='bbox 3640 3006 3772 3072; x_wconf 51' lang='lat' dir='ltr'><strong>cui}-</strong></span> 
     </span>
    </p>
   </div>
   <div class='ocr_carea' id='block_1_59' title="bbox 583 3186 2097 3271">
    <p class='ocr_par' dir='ltr' id='par_1_59' title="bbox 583 3192 2097 3266">
     <span class='ocr_line' id='line_1_61' title="bbox 583 3192 2097 3266; baseline 0.003 -19"><span class='ocrx_word' id='word_1_412' title='bbox 583 3192 891 3247; x_wconf 85' lang='lat' dir='ltr'><strong>Certamina</strong></span> <span class='ocrx_word' id='word_1_413' title='bbox 919 3193 1104 3265; x_wconf 84' lang='lat' dir='ltr'><strong>igitur,</strong></span> <span class='ocrx_word' id='word_1_414' title='bbox 1136 3193 1246 3250; x_wconf 89' lang='lat' dir='ltr'><strong>Deo</strong></span> <span class='ocrx_word' id='word_1_415' title='bbox 1275 3196 1520 3266; x_wconf 91' lang='lat' dir='ltr'><strong>auspice,</strong></span> <span class='ocrx_word' id='word_1_416' title='bbox 1569 3195 1835 3253; x_wconf 88' lang='lat' dir='ltr'><strong>adversus</strong></span> <span class='ocrx_word' id='word_1_417' title='bbox 1878 3197 2097 3252; x_wconf 89' lang='lat' dir='ltr'><strong>menda-</strong></span> 
     </span>
    </p>
   </div>
   <div class='ocr_carea' id='block_1_60' title="bbox 2198 3186 3773 3271">
    <p class='ocr_par' dir='ltr' id='par_1_60' title="bbox 2269 3186 3773 3262">
     <span class='ocr_line' id='line_1_62' title="bbox 2269 3186 3773 3262; baseline -0.005 -13"><span class='ocrx_word' id='word_1_418' title='bbox 2269 3194 2570 3257; x_wconf 80' lang='grc' dir='ltr'>Μέλλοντες</span> <span class='ocrx_word' id='word_1_419' title='bbox 2592 3193 2649 3246; x_wconf 78' lang='grc' dir='ltr'>δὲ</span> <span class='ocrx_word' id='word_1_420' title='bbox 2676 3194 2772 3246; x_wconf 79' lang='grc' dir='ltr'><strong>σὺν</strong></span> <span class='ocrx_word' id='word_1_421' title='bbox 2801 3189 2918 3262; x_wconf 83' lang='grc' dir='ltr'><strong>Θεῷ</strong></span> <span class='ocrx_word' id='word_1_422' title='bbox 2950 3188 3059 3243; x_wconf 89' lang='grc' dir='ltr'><strong>τῶν</strong></span> <span class='ocrx_word' id='word_1_423' title='bbox 3088 3186 3233 3243; x_wconf 89' lang='grc' dir='ltr'><strong>κατά</strong></span> <span class='ocrx_word' id='word_1_424' title='bbox 3261 3188 3357 3241; x_wconf 81' lang='grc' dir='ltr'>τοῦ</span> <span class='ocrx_word' id='word_1_425' title='bbox 3386 3188 3619 3258; x_wconf 77' lang='grc' dir='ltr'>ψεύδους</span> <span class='ocrx_word' id='word_1_426' title='bbox 3644 3187 3773 3255; x_wconf 79' lang='grc' dir='ltr'>ἀγώ-</span> 
     </span>
    </p>
   </div>
   <div class='ocr_carea' id='block_1_61' title="bbox 515 3285 2098 3358">
    <p class='ocr_par' dir='ltr' id='par_1_61' title="bbox 515 3285 2098 3358">
     <span class='ocr_line' id='line_1_63' title="bbox 515 3285 2098 3358; baseline 0.006 -21"><span class='ocrx_word' id='word_1_427' title='bbox 515 3285 661 3339; x_wconf 85' lang='lat' dir='ltr'><strong>cium</strong></span> <span class='ocrx_word' id='word_1_428' title='bbox 703 3286 909 3351; x_wconf 86' lang='lat' dir='ltr'><strong>inituri,</strong></span> <span class='ocrx_word' id='word_1_429' title='bbox 972 3286 1167 3342; x_wconf 87' lang='lat' dir='ltr'><strong>ducem</strong></span> <span class='ocrx_word' id='word_1_430' title='bbox 1222 3297 1277 3343; x_wconf 92' lang='lat' dir='ltr'><strong>et</strong></span> <span class='ocrx_word' id='word_1_431' title='bbox 1336 3289 1659 3358; x_wconf 87' lang='lat' dir='ltr'><strong>magistrum</strong></span> <span class='ocrx_word' id='word_1_432' title='bbox 1722 3290 2098 3347; x_wconf 90' lang='lat' dir='ltr'><strong>invocabimus</strong></span> 
     </span>
    </p>
   </div>
   <div class='ocr_carea' id='block_1_62' title="bbox 514 3373 2098 3450">
    <p class='ocr_par' dir='ltr' id='par_1_62' title="bbox 514 3373 2098 3450">
     <span class='ocr_line' id='line_1_64' title="bbox 514 3373 2098 3450; baseline 0.006 -23"><span class='ocrx_word' id='word_1_433' title='bbox 514 3373 684 3429; x_wconf 87' lang='lat' dir='ltr'><strong>Deum</strong></span> <span class='ocrx_word' id='word_1_434' title='bbox 718 3376 981 3433; x_wconf 85' lang='lat' dir='ltr'><strong>veritatis.</strong></span> <span class='ocrx_word' id='word_1_435' title='bbox 1045 3376 1165 3447; x_wconf 82' lang='lat' dir='ltr'><strong>Ipse</strong></span> <span class='ocrx_word' id='word_1_436' title='bbox 1193 3378 1341 3433; x_wconf 91' lang='lat' dir='ltr'><strong>enim</strong></span> <span class='ocrx_word' id='word_1_437' title='bbox 1385 3388 1491 3444; x_wconf 88' lang='lat' dir='ltr'><strong>est,</strong></span> <span class='ocrx_word' id='word_1_438' title='bbox 1514 3380 1608 3450; x_wconf 90' lang='lat' dir='ltr'><strong>qni</strong></span> <span class='ocrx_word' id='word_1_439' title='bbox 1649 3396 1679 3435; x_wconf 90' lang='lat' dir='ltr'><strong>a</strong></span> <span class='ocrx_word' id='word_1_440' title='bbox 1714 3382 1971 3437; x_wconf 87' lang='lat' dir='ltr'><strong>vanitatis</strong></span> <span class='ocrx_word' id='word_1_441' title='bbox 1999 3397 2098 3436; x_wconf 90' lang='lat' dir='ltr'><strong>nos</strong></span> 
     </span>
    </p>
   </div>
   <div class='ocr_carea' id='block_1_63' title="bbox 515 3463 2099 3542">
    <p class='ocr_par' dir='ltr' id='par_1_63' title="bbox 515 3463 2099 3542">
     <span class='ocr_line' id='line_1_65' title="bbox 515 3463 2099 3542; baseline 0.008 -27"><span class='ocrx_word' id='word_1_442' title='bbox 515 3463 818 3520; x_wconf 89' lang='lat' dir='ltr'><strong>mendaciis</strong></span> <span class='ocrx_word' id='word_1_443' title='bbox 846 3468 1116 3533; x_wconf 89' lang='lat' dir='ltr'><strong>liberavit,</strong></span> <span class='ocrx_word' id='word_1_444' title='bbox 1168 3484 1317 3524; x_wconf 91' lang='lat' dir='ltr'><strong>nunc</strong></span> <span class='ocrx_word' id='word_1_445' title='bbox 1352 3470 1569 3540; x_wconf 88' lang='lat' dir='ltr'><strong>quidem</strong></span> <span class='ocrx_word' id='word_1_446' title='bbox 1605 3472 1851 3528; x_wconf 87' lang='lat' dir='ltr'><strong>clamans</strong></span> <span class='ocrx_word' id='word_1_447' title='bbox 1883 3491 1895 3526; x_wconf 89' lang='lat'>:</span> <span class='ocrx_word' id='word_1_448' title='bbox 1935 3491 1953 3523; x_wconf 78' lang='grc' dir='ltr'><strong>ι</strong></span> <span class='ocrx_word' id='word_1_449' title='bbox 1990 3471 2099 3542; x_wconf 82' lang='lat' dir='ltr'><strong>Ego</strong></span> 
     </span>
    </p>
   </div>
   <div class='ocr_carea' id='block_1_64' title="bbox 516 3558 2096 3629">
    <p class='ocr_par' dir='ltr' id='par_1_64' title="bbox 516 3558 2096 3629">
     <span class='ocr_line' id='line_1_66' title="bbox 516 3558 2096 3629; baseline 0.005 -18"><span class='ocrx_word' id='word_1_450' title='bbox 516 3570 639 3611; x_wconf 82' lang='lat' dir='ltr'><strong>sum</strong></span> <span class='ocrx_word' id='word_1_451' title='bbox 664 3558 866 3613; x_wconf 88' lang='lat' dir='ltr'><strong>veritas</strong></span> <span class='ocrx_word' id='word_1_452' title='bbox 883 3559 929 3592; x_wconf 80' lang='grc'>³⁸</span> <span class='ocrx_word' id='word_1_453' title='bbox 954 3578 968 3624; x_wconf 88' lang='lat'><strong>;</strong></span> <span class='ocrx_word' id='word_1_454' title='bbox 1004 3581 1023 3612; x_wconf 74' lang='grc' dir='ltr'><strong>ι</strong></span> <span class='ocrx_word' id='word_1_455' title='bbox 1053 3577 1201 3617; x_wconf 90' lang='lat' dir='ltr'><strong>nunc</strong></span> <span class='ocrx_word' id='word_1_456' title='bbox 1230 3578 1360 3617; x_wconf 89' lang='lat' dir='ltr'><strong>vero</strong></span> <span class='ocrx_word' id='word_1_457' title='bbox 1391 3563 1722 3620; x_wconf 88' lang='lat' dir='ltr'><strong>cobortans:</strong></span> <span class='ocrx_word' id='word_1_458' title='bbox 1750 3582 1769 3615; x_wconf 78' lang='grc' dir='ltr'><strong>ι</strong></span> <span class='ocrx_word' id='word_1_459' title='bbox 1805 3564 2096 3629; x_wconf 85' lang='lat' dir='ltr'><strong>Conlidite,</strong></span> 
     </span>
    </p>
   </div>
   <div class='ocr_carea' id='block_1_65' title="bbox 513 3649 2099 3727">
    <p class='ocr_par' dir='ltr' id='par_1_65' title="bbox 513 3649 2099 3727">
     <span class='ocr_line' id='line_1_67' title="bbox 513 3649 2099 3727; baseline 0.008 -27"><span class='ocrx_word' id='word_1_460' title='bbox 513 3662 615 3719; x_wconf 81' lang='lat' dir='ltr'><strong>ego</strong></span> <span class='ocrx_word' id='word_1_461' title='bbox 664 3649 769 3705; x_wconf 83' lang='lat' dir='ltr'><strong>vici</strong></span> <span class='ocrx_word' id='word_1_462' title='bbox 806 3652 1065 3706; x_wconf 91' lang='lat' dir='ltr'><strong>mundum</strong></span> <span class='ocrx_word' id='word_1_463' title='bbox 1085 3653 1151 3707; x_wconf 87' lang='grc'><strong>³⁷.</strong></span> <span class='ocrx_word' id='word_1_464' title='bbox 1193 3674 1212 3705; x_wconf 74' lang='grc' dir='ltr'><strong>ι</strong></span> <span class='ocrx_word' id='word_1_465' title='bbox 1248 3653 1535 3723; x_wconf 82' lang='lat' dir='ltr'><strong>Quomodo</strong></span> <span class='ocrx_word' id='word_1_466' title='bbox 1582 3656 1750 3727; x_wconf 84' lang='lat' dir='ltr'><strong>igitur</strong></span> <span class='ocrx_word' id='word_1_467' title='bbox 1795 3672 1905 3711; x_wconf 91' lang='lat' dir='ltr'><strong>non</strong></span> <span class='ocrx_word' id='word_1_468' title='bbox 1938 3656 2099 3711; x_wconf 88' lang='lat' dir='ltr'><strong>mise-</strong></span> 
     </span>
    </p>
   </div>
   <div class='ocr_carea' id='block_1_66' title="bbox 514 3740 2099 3817">
    <p class='ocr_par' dir='ltr' id='par_1_66' title="bbox 514 3740 2099 3817">
     <span class='ocr_line' id='line_1_68' title="bbox 514 3740 2099 3817; baseline 0.006 -23"><span class='ocrx_word' id='word_1_469' title='bbox 514 3740 673 3795; x_wconf 87' lang='lat' dir='ltr'><strong>randi</strong></span> <span class='ocrx_word' id='word_1_470' title='bbox 701 3742 775 3794; x_wconf 88' lang='lat' dir='ltr'><strong>illi</strong></span> <span class='ocrx_word' id='word_1_471' title='bbox 805 3784 821 3808; x_wconf 94' lang='lat'><strong>,</strong></span> <span class='ocrx_word' id='word_1_472' title='bbox 869 3743 964 3814; x_wconf 89' lang='lat' dir='ltr'><strong>qui</strong></span> <span class='ocrx_word' id='word_1_473' title='bbox 1003 3745 1109 3799; x_wconf 90' lang='lat' dir='ltr'><strong>vim</strong></span> <span class='ocrx_word' id='word_1_474' title='bbox 1149 3746 1647 3817; x_wconf 88' lang='lat' dir='ltr'><strong>auctoritatemque</strong></span> <span class='ocrx_word' id='word_1_475' title='bbox 1672 3747 1956 3814; x_wconf 73' lang='lat' dir='ltr'><strong>doctrinae,</strong></span> <span class='ocrx_word' id='word_1_476' title='bbox 1980 3748 2099 3803; x_wconf 89' lang='lat' dir='ltr'><strong>sola</strong></span> 
     </span>
    </p>
   </div>
   <div class='ocr_carea' id='block_1_67' title="bbox 513 3834 2097 3896">
    <p class='ocr_par' dir='ltr' id='par_1_67' title="bbox 513 3834 2097 3896">
     <span class='ocr_line' id='line_1_69' title="bbox 513 3834 2097 3896; baseline 0.006 -11"><span class='ocrx_word' id='word_1_477' title='bbox 513 3834 865 3890; x_wconf 83' lang='lat' dir='ltr'><strong>multitudine</strong></span> <span class='ocrx_word' id='word_1_478' title='bbox 896 3838 1197 3891; x_wconf 89' lang='lat' dir='ltr'><strong>metiuntur</strong></span> <span class='ocrx_word' id='word_1_479' title='bbox 1226 3858 1240 3893; x_wconf 89' lang='lat'><strong>:</strong></span> <span class='ocrx_word' id='word_1_480' title='bbox 1266 3854 1367 3894; x_wconf 90' lang='lat' dir='ltr'><strong>nec</strong></span> <span class='ocrx_word' id='word_1_481' title='bbox 1397 3839 1750 3896; x_wconf 87' lang='lat' dir='ltr'><strong>considerant</strong></span> <span class='ocrx_word' id='word_1_482' title='bbox 1807 3840 2097 3895; x_wconf 90' lang='lat' dir='ltr'><strong>Dominum</strong></span> 
     </span>
    </p>
   </div>
   <div class='ocr_carea' id='block_1_68' title="bbox 514 3924 2095 4002">
    <p class='ocr_par' dir='ltr' id='par_1_68' title="bbox 514 3924 2095 4002">
     <span class='ocr_line' id='line_1_70' title="bbox 514 3924 2095 4002; baseline 0.008 -27"><span class='ocrx_word' id='word_1_483' title='bbox 514 3932 764 3978; x_wconf 83' lang='lat' dir='ltr'><strong>nostrqu</strong></span> <span class='ocrx_word' id='word_1_484' title='bbox 791 3924 1068 3981; x_wconf 82' lang='lat' dir='ltr'><strong>Christum</strong></span> <span class='ocrx_word' id='word_1_485' title='bbox 1105 3927 1395 3988; x_wconf 85' lang='lat' dir='ltr'><strong>duodecim</strong></span> <span class='ocrx_word' id='word_1_486' title='bbox 1422 3930 1748 4002; x_wconf 83' lang='lat' dir='ltr'><strong>discipulos.</strong></span> <span class='ocrx_word' id='word_1_487' title='bbox 1796 3931 2095 4002; x_wconf 85' lang='lat' dir='ltr'><strong>simplices,</strong></span> 
     </span>
    </p>
   </div>
   <div class='ocr_carea' id='block_1_69' title="bbox 515 4014 2097 4093">
    <p class='ocr_par' dir='ltr' id='par_1_69' title="bbox 515 4014 2097 4093">
     <span class='ocr_line' id='line_1_71' title="bbox 515 4014 2097 4093; baseline 0.008 -24"><span class='ocrx_word' id='word_1_488' title='bbox 515 4014 865 4084; x_wconf 75' lang='lat' dir='ltr'><strong>illitteratos,</strong></span> <span class='ocrx_word' id='word_1_489' title='bbox 921 4035 1227 4091; x_wconf 89' lang='lat' dir='ltr'><strong>pauperes,</strong></span> <span class='ocrx_word' id='word_1_490' title='bbox 1264 4022 1521 4093; x_wconf 87' lang='lat' dir='ltr'><strong>ignaros,</strong></span> <span class='ocrx_word' id='word_1_491' title='bbox 1581 4024 1778 4079; x_wconf 75' lang='lat' dir='ltr'><strong>fiducia</strong></span> <span class='ocrx_word' id='word_1_492' title='bbox 1832 4025 2097 4082; x_wconf 88' lang='lat' dir='ltr'><strong>adversus</strong></span> 
     </span>
    </p>
   </div>
   <div class='ocr_carea' id='block_1_70' title="bbox 515 4107 2097 4181">
    <p class='ocr_par' dir='ltr' id='par_1_70' title="bbox 515 4107 2097 4181">
     <span class='ocr_line' id='line_1_72' title="bbox 515 4107 2097 4181; baseline 0.009 -24"><span class='ocrx_word' id='word_1_493' title='bbox 515 4107 779 4162; x_wconf 86' lang='lat' dir='ltr'><strong>mundum</strong></span> <span class='ocrx_word' id='word_1_494' title='bbox 841 4118 1010 4164; x_wconf 90' lang='lat' dir='ltr'><strong>totum</strong></span> <span class='ocrx_word' id='word_1_495' title='bbox 1071 4112 1240 4181; x_wconf 85' lang='lat' dir='ltr'><strong>gratis</strong></span> <span class='ocrx_word' id='word_1_496' title='bbox 1297 4114 1634 4170; x_wconf 83' lang='lat' dir='ltr'><strong>munivisse?</strong></span> <span class='ocrx_word' id='word_1_497' title='bbox 1693 4114 1785 4172; x_wconf 92' lang='lat' dir='ltr'><strong>Sic</strong></span> <span class='ocrx_word' id='word_1_498' title='bbox 1831 4116 1954 4172; x_wconf 89' lang='lat' dir='ltr'><strong>illos</strong></span> <span class='ocrx_word' id='word_1_499' title='bbox 2010 4119 2097 4172; x_wconf 89' lang='lat' dir='ltr'><strong>in-</strong></span> 
     </span>
    </p>
   </div>
   <div class='ocr_carea' id='block_1_71' title="bbox 517 4202 2098 4280">
    <p class='ocr_par' dir='ltr' id='par_1_71' title="bbox 517 4202 2098 4280">
     <span class='ocr_line' id='line_1_73' title="bbox 517 4202 2098 4280; baseline 0.009 -29"><span class='ocrx_word' id='word_1_500' title='bbox 517 4202 740 4254; x_wconf 85' lang='lat' dir='ltr'><strong>struens</strong></span> <span class='ocrx_word' id='word_1_501' title='bbox 798 4215 905 4254; x_wconf 93' lang='lat' dir='ltr'><strong>non</strong></span> <span class='ocrx_word' id='word_1_502' title='bbox 958 4210 1018 4254; x_wconf 94' lang='lat' dir='ltr'><strong>ut</strong></span> <span class='ocrx_word' id='word_1_503' title='bbox 1068 4203 1354 4258; x_wconf 88' lang='lat' dir='ltr'><strong>duodecim</strong></span> <span class='ocrx_word' id='word_1_504' title='bbox 1386 4248 1402 4272; x_wconf 96' lang='lat'><strong>,</strong></span> <span class='ocrx_word' id='word_1_505' title='bbox 1479 4208 1755 4279; x_wconf 87' lang='lat' dir='ltr'><strong>myriades</strong></span> <span class='ocrx_word' id='word_1_506' title='bbox 1801 4225 2098 4280; x_wconf 85' lang='lat' dir='ltr'><strong>sequeren-</strong></span> 
     </span>
    </p>
   </div>
   <div class='ocr_carea' id='block_1_72' title="bbox 518 4287 2100 4372">
    <p class='ocr_par' dir='ltr' id='par_1_72' title="bbox 518 4287 2100 4372">
     <span class='ocr_line' id='line_1_74' title="bbox 518 4287 2100 4372; baseline 0.009 -33"><span class='ocrx_word' id='word_1_507' title='bbox 518 4294 630 4351; x_wconf 88' lang='lat' dir='ltr'><strong>tur,</strong></span> <span class='ocrx_word' id='word_1_508' title='bbox 664 4287 756 4342; x_wconf 86' lang='lat' dir='ltr'><strong>sed</strong></span> <span class='ocrx_word' id='word_1_509' title='bbox 798 4289 1092 4360; x_wconf 89' lang='lat' dir='ltr'><strong>myriades,</strong></span> <span class='ocrx_word' id='word_1_510' title='bbox 1144 4292 1432 4347; x_wconf 85' lang='lat' dir='ltr'><strong>duodecim</strong></span> <span class='ocrx_word' id='word_1_511' title='bbox 1477 4296 1602 4372; x_wconf 83' lang='lat' dir='ltr'><strong>illos</strong></span> <span class='ocrx_word' id='word_1_512' title='bbox 1652 4298 1808 4366; x_wconf 89' lang='lat' dir='ltr'><strong>sequi</strong></span> <span class='ocrx_word' id='word_1_513' title='bbox 1855 4299 2100 4353; x_wconf 78' lang='lat' dir='ltr'><strong>vellent?</strong></span> 
     </span>
    </p>
   </div>
   <div class='ocr_carea' id='block_1_73' title="bbox 2198 3282 3771 3356">
    <p class='ocr_par' dir='ltr' id='par_1_73' title="bbox 2198 3282 3771 3356">
     <span class='ocr_line' id='line_1_75' title="bbox 2198 3282 3771 3356; baseline -0.006 -12"><span class='ocrx_word' id='word_1_514' title='bbox 2198 3307 2307 3344; x_wconf 86' lang='grc' dir='ltr'><strong>νων</strong></span> <span class='ocrx_word' id='word_1_515' title='bbox 2332 3286 2622 3351; x_wconf 77' lang='grc' dir='ltr'>ἅπτεσθαι,</span> <span class='ocrx_word' id='word_1_516' title='bbox 2651 3284 2972 3356; x_wconf 81' lang='grc' dir='ltr'>καλέσωμεν</span> <span class='ocrx_word' id='word_1_517' title='bbox 3004 3284 3084 3347; x_wconf 84' lang='grc' dir='ltr'><strong>είς</strong></span> <span class='ocrx_word' id='word_1_518' title='bbox 3113 3283 3376 3353; x_wconf 78' lang='grc' dir='ltr'>όδήγησιν</span> <span class='ocrx_word' id='word_1_519' title='bbox 3406 3283 3503 3337; x_wconf 79' lang='grc' dir='ltr'><strong>τὸν</strong></span> <span class='ocrx_word' id='word_1_520' title='bbox 3534 3282 3663 3337; x_wconf 74' lang='grc' dir='ltr'>Θεὸν</span> <span class='ocrx_word' id='word_1_521' title='bbox 3684 3283 3771 3350; x_wconf 69' lang='grc' dir='ltr'>τῆς</span> 
     </span>
    </p>
   </div>
   <div class='ocr_carea' id='block_1_74' title="bbox 2199 3372 3772 3451">
    <p class='ocr_par' dir='ltr' id='par_1_74' title="bbox 2199 3372 3772 3451">
     <span class='ocr_line' id='line_1_76' title="bbox 2199 3372 3772 3451; baseline -0.005 -17"><span class='ocrx_word' id='word_1_522' title='bbox 2199 3379 2479 3451; x_wconf 86' lang='grc' dir='ltr'>ἀληθείας.</span> <span class='ocrx_word' id='word_1_523' title='bbox 2521 3376 2693 3441; x_wconf 76' lang='grc' dir='ltr'>Αὐτός</span> <span class='ocrx_word' id='word_1_524' title='bbox 2724 3375 2831 3448; x_wconf 84' lang='grc' dir='ltr'>γὰρ</span> <span class='ocrx_word' id='word_1_525' title='bbox 2874 3376 3024 3447; x_wconf 76' lang='grc' dir='ltr'>ἡμᾶς</span> <span class='ocrx_word' id='word_1_526' title='bbox 3058 3375 3125 3428; x_wconf 88' lang='grc' dir='ltr'><strong>ἐκ</strong></span> <span class='ocrx_word' id='word_1_527' title='bbox 3162 3373 3258 3427; x_wconf 80' lang='grc' dir='ltr'>τοῦ</span> <span class='ocrx_word' id='word_1_528' title='bbox 3292 3372 3528 3443; x_wconf 78' lang='grc' dir='ltr'>ψεύδους</span> <span class='ocrx_word' id='word_1_529' title='bbox 3551 3375 3647 3444; x_wconf 75' lang='grc' dir='ltr'>τῆς</span> <span class='ocrx_word' id='word_1_530' title='bbox 3682 3391 3772 3445; x_wconf 84' lang='grc' dir='ltr'>μα-</span> 
     </span>
    </p>
   </div>
   <div class='ocr_carea' id='block_1_75' title="bbox 2197 3461 3768 3541">
    <p class='ocr_par' dir='ltr' id='par_1_75' title="bbox 2197 3461 3768 3541">
     <span class='ocr_line' id='line_1_77' title="bbox 2197 3461 3768 3541; baseline -0.003 -18"><span class='ocrx_word' id='word_1_531' title='bbox 2197 3472 2482 3541; x_wconf 86' lang='grc' dir='ltr'>ταιότητος</span> <span class='ocrx_word' id='word_1_532' title='bbox 2513 3466 2885 3539; x_wconf 84' lang='grc' dir='ltr'>ἐλυτρώσατο·</span> <span class='ocrx_word' id='word_1_533' title='bbox 2927 3464 3022 3519; x_wconf 78' lang='grc' dir='ltr'>νῦν</span> <span class='ocrx_word' id='word_1_534' title='bbox 3072 3464 3171 3536; x_wconf 88' lang='grc' dir='ltr'><strong>μέν</strong></span> <span class='ocrx_word' id='word_1_535' title='bbox 3208 3461 3388 3535; x_wconf 85' lang='grc' dir='ltr'>βοῶν·</span> <span class='ocrx_word' id='word_1_536' title='bbox 3436 3483 3456 3516; x_wconf 77' lang='grc' dir='ltr'><strong>ι</strong></span> <span class='ocrx_word' id='word_1_537' title='bbox 3501 3463 3641 3533; x_wconf 83' lang='grc' dir='ltr'><strong>Ἐγώ</strong></span> <span class='ocrx_word' id='word_1_538' title='bbox 3670 3466 3768 3535; x_wconf 81' lang='grc' dir='ltr'>είμι</span> 
     </span>
    </p>
   </div>
   <div class='ocr_carea' id='block_1_76' title="bbox 2196 3554 3771 3635">
    <p class='ocr_par' dir='ltr' id='par_1_76' title="bbox 2196 3554 3771 3635">
     <span class='ocr_line' id='line_1_78' title="bbox 2196 3554 3771 3635; baseline -0.006 -19"><span class='ocrx_word' id='word_1_539' title='bbox 2196 3566 2230 3635; x_wconf 81' lang='grc' dir='ltr'>ὴ</span> <span class='ocrx_word' id='word_1_540' title='bbox 2278 3562 2536 3633; x_wconf 79' lang='grc' dir='ltr'>ἀλήθεια·</span> <span class='ocrx_word' id='word_1_541' title='bbox 2570 3580 2590 3612; x_wconf 77' lang='grc' dir='ltr'><strong>ι</strong></span> <span class='ocrx_word' id='word_1_542' title='bbox 2638 3559 2732 3612; x_wconf 77' lang='grc' dir='ltr'>νῦν</span> <span class='ocrx_word' id='word_1_543' title='bbox 2762 3558 2823 3611; x_wconf 84' lang='grc' dir='ltr'>δὲ</span> <span class='ocrx_word' id='word_1_544' title='bbox 2870 3556 3233 3630; x_wconf 82' lang='grc' dir='ltr'>παρεγγυῶν·</span> <span class='ocrx_word' id='word_1_545' title='bbox 3280 3575 3299 3608; x_wconf 79' lang='grc' dir='ltr'><strong>ι</strong></span> <span class='ocrx_word' id='word_1_546' title='bbox 3328 3555 3628 3628; x_wconf 82' lang='grc' dir='ltr'>Θαρσεῖτε,</span> <span class='ocrx_word' id='word_1_547' title='bbox 3674 3554 3771 3624; x_wconf 76' lang='grc' dir='ltr'>ἐγὼ</span> 
     </span>
    </p>
   </div>
   <div class='ocr_carea' id='block_1_77' title="bbox 2198 3643 3773 3724">
    <p class='ocr_par' dir='ltr' id='par_1_77' title="bbox 2198 3643 3773 3724">
     <span class='ocr_line' id='line_1_79' title="bbox 2198 3643 3773 3724; baseline -0.006 -16"><span class='ocrx_word' id='word_1_548' title='bbox 2198 3654 2457 3724; x_wconf 82' lang='grc' dir='ltr'>νενίκηκα</span> <span class='ocrx_word' id='word_1_549' title='bbox 2485 3652 2575 3706; x_wconf 79' lang='grc' dir='ltr'><strong>τὸν</strong></span> <span class='ocrx_word' id='word_1_550' title='bbox 2595 3652 2820 3722; x_wconf 86' lang='grc' dir='ltr'>κόσμον.</span> <span class='ocrx_word' id='word_1_551' title='bbox 2845 3669 2865 3703; x_wconf 73' lang='grc' dir='ltr'><strong>ι</strong></span> <span class='ocrx_word' id='word_1_552' title='bbox 2893 3648 3018 3713; x_wconf 88' lang='grc' dir='ltr'>Πῶς</span> <span class='ocrx_word' id='word_1_553' title='bbox 3040 3643 3132 3702; x_wconf 79' lang='grc' dir='ltr'><strong>οὖν</strong></span> <span class='ocrx_word' id='word_1_554' title='bbox 3152 3648 3255 3702; x_wconf 75' lang='grc' dir='ltr'>οὐκ</span> <span class='ocrx_word' id='word_1_555' title='bbox 3275 3647 3506 3702; x_wconf 58' lang='grc' dir='ltr'>ἐλεεινοί</span> <span class='ocrx_word' id='word_1_556' title='bbox 3524 3650 3574 3702; x_wconf 90' lang='grc' dir='ltr'><strong>οἱ</strong></span> <span class='ocrx_word' id='word_1_557' title='bbox 3598 3647 3773 3723; x_wconf 71' lang='grc' dir='ltr'>πλῄθει</span> 
     </span>
    </p>
   </div>
   <div class='ocr_carea' id='block_1_78' title="bbox 2203 3741 3769 3819">
    <p class='ocr_par' dir='ltr' id='par_1_78' title="bbox 2203 3741 3769 3819">
     <span class='ocr_line' id='line_1_80' title="bbox 2203 3741 3769 3819; baseline -0.007 -18"><span class='ocrx_word' id='word_1_558' title='bbox 2203 3747 2349 3819; x_wconf 79' lang='grc' dir='ltr'>μόνῳ</span> <span class='ocrx_word' id='word_1_559' title='bbox 2380 3743 2474 3799; x_wconf 84' lang='grc' dir='ltr'>τοῦ</span> <span class='ocrx_word' id='word_1_560' title='bbox 2509 3744 2670 3815; x_wconf 88' lang='grc' dir='ltr'>λόγου</span> <span class='ocrx_word' id='word_1_561' title='bbox 2693 3743 2791 3815; x_wconf 80' lang='grc' dir='ltr'><strong>τὴν</strong></span> <span class='ocrx_word' id='word_1_562' title='bbox 2827 3743 2982 3814; x_wconf 78' lang='grc' dir='ltr'>ἰσχὺν</span> <span class='ocrx_word' id='word_1_563' title='bbox 3010 3741 3406 3812; x_wconf 86' lang='grc' dir='ltr'>ἀπονέμοντες,</span> <span class='ocrx_word' id='word_1_564' title='bbox 3439 3743 3539 3796; x_wconf 72' lang='grc' dir='ltr'><strong>καὶ</strong></span> <span class='ocrx_word' id='word_1_565' title='bbox 3571 3743 3631 3796; x_wconf 84' lang='grc' dir='ltr'><strong>ού</strong></span> <span class='ocrx_word' id='word_1_566' title='bbox 3657 3758 3769 3793; x_wconf 81' lang='grc' dir='ltr'>συν·-</span> 
     </span>
    </p>
   </div>
   <div class='ocr_carea' id='block_1_79' title="bbox 2201 3835 3771 3914">
    <p class='ocr_par' dir='ltr' id='par_1_79' title="bbox 2201 3835 3771 3914">
     <span class='ocr_line' id='line_1_81' title="bbox 2201 3835 3771 3914; baseline -0.003 -21"><span class='ocrx_word' id='word_1_567' title='bbox 2201 3842 2389 3905; x_wconf 90' lang='grc' dir='ltr'>ιέντες,</span> <span class='ocrx_word' id='word_1_568' title='bbox 2419 3840 2611 3911; x_wconf 84' lang='grc' dir='ltr'>ὅτιπερ</span> <span class='ocrx_word' id='word_1_569' title='bbox 2647 3839 2979 3910; x_wconf 75' lang='grc' dir='ltr'>όΔεσπότης</span> <span class='ocrx_word' id='word_1_570' title='bbox 3002 3837 3241 3914; x_wconf 61' lang='grc' dir='ltr'>Χριστὸς</span> <span class='ocrx_word' id='word_1_571' title='bbox 3278 3835 3492 3891; x_wconf 78' lang='grc' dir='ltr'>δώδεκα</span> <span class='ocrx_word' id='word_1_572' title='bbox 3523 3836 3771 3909; x_wconf 79' lang='grc' dir='ltr'>μαθηταῖς</span> 
     </span>
    </p>
   </div>
   <div class='ocr_carea' id='block_1_80' title="bbox 2198 3926 3770 4004">
    <p class='ocr_par' dir='ltr' id='par_1_80' title="bbox 2198 3926 3770 4004">
     <span class='ocr_line' id='line_1_82' title="bbox 2198 3926 3770 4004; baseline -0.004 -18"><span class='ocrx_word' id='word_1_573' title='bbox 2198 3932 2393 3996; x_wconf 85' lang='grc' dir='ltr'>ἁπλοῖς</span> <span class='ocrx_word' id='word_1_574' title='bbox 2412 3972 2428 3996; x_wconf 90' lang='grc'><strong>,</strong></span> <span class='ocrx_word' id='word_1_575' title='bbox 2452 3930 2843 4004; x_wconf 83' lang='grc' dir='ltr'>ἀγραμμάτοις</span> <span class='ocrx_word' id='word_1_576' title='bbox 2862 3970 2877 3995; x_wconf 92' lang='grc'><strong>,</strong></span> <span class='ocrx_word' id='word_1_577' title='bbox 2904 3930 3135 4001; x_wconf 87' lang='grc' dir='ltr'>πένησιν</span> <span class='ocrx_word' id='word_1_578' title='bbox 3155 3969 3170 3993; x_wconf 94' lang='grc'><strong>,</strong></span> <span class='ocrx_word' id='word_1_579' title='bbox 3205 3927 3504 3994; x_wconf 82' lang='grc' dir='ltr'>εὐαλώτοις</span> <span class='ocrx_word' id='word_1_580' title='bbox 3522 3968 3538 3996; x_wconf 92' lang='grc'><strong>,</strong></span> <span class='ocrx_word' id='word_1_581' title='bbox 3565 3930 3625 3983; x_wconf 79' lang='grc' dir='ltr'><strong>τὸ</strong></span> <span class='ocrx_word' id='word_1_582' title='bbox 3647 3926 3770 3982; x_wconf 79' lang='grc' dir='ltr'><strong>κατά</strong></span> 
     </span>
    </p>
   </div>
   <div class='ocr_carea' id='block_1_81' title="bbox 2199 4008 3781 4095">
    <p class='ocr_par' dir='ltr' id='par_1_81' title="bbox 2199 4008 3781 4095">
     <span class='ocr_line' id='line_1_83' title="bbox 2199 4008 3781 4095; baseline -0.005 -16"><span class='ocrx_word' id='word_1_583' title='bbox 2199 4025 2401 4089; x_wconf 85' lang='grc' dir='ltr'>παντὸς</span> <span class='ocrx_word' id='word_1_584' title='bbox 2430 4023 2525 4078; x_wconf 79' lang='grc' dir='ltr'>τοῦ</span> <span class='ocrx_word' id='word_1_585' title='bbox 2551 4023 2755 4095; x_wconf 88' lang='grc' dir='ltr'>κόσμου</span> <span class='ocrx_word' id='word_1_586' title='bbox 2779 4008 2979 4095; x_wconf 80' lang='grc' dir='ltr'>θά’ρσος</span> <span class='ocrx_word' id='word_1_587' title='bbox 3008 4020 3332 4094; x_wconf 82' lang='grc' dir='ltr'>δεδώρηται,</span> <span class='ocrx_word' id='word_1_588' title='bbox 3358 4020 3781 4093; x_wconf 84' lang='grc' dir='ltr'>παρασκευάσας·</span> 
     </span>
    </p>
   </div>
   <div class='ocr_carea' id='block_1_82' title="bbox 2198 4110 3773 4187">
    <p class='ocr_par' dir='ltr' id='par_1_82' title="bbox 2198 4110 3773 4187">
     <span class='ocr_line' id='line_1_84' title="bbox 2198 4110 3773 4187; baseline -0.005 -15"><span class='ocrx_word' id='word_1_589' title='bbox 2198 4118 2396 4183; x_wconf 81' lang='grc' dir='ltr'>αὐτοὺς</span> <span class='ocrx_word' id='word_1_590' title='bbox 2423 4119 2484 4171; x_wconf 86' lang='grc' dir='ltr'><strong>ού</strong></span> <span class='ocrx_word' id='word_1_591' title='bbox 2534 4120 2654 4181; x_wconf 86' lang='grc' dir='ltr'>ταῖς</span> <span class='ocrx_word' id='word_1_592' title='bbox 2687 4115 2895 4169; x_wconf 81' lang='grc' dir='ltr'>δώδεκα</span> <span class='ocrx_word' id='word_1_593' title='bbox 2933 4115 3190 4187; x_wconf 86' lang='grc' dir='ltr'>μυριάσιν</span> <span class='ocrx_word' id='word_1_594' title='bbox 3219 4112 3623 4185; x_wconf 84' lang='grc' dir='ltr'>ἀκολουθῆσαι,</span> <span class='ocrx_word' id='word_1_595' title='bbox 3649 4110 3773 4167; x_wconf 65' lang='grc' dir='ltr'>ἀλλὰ</span> 
     </span>
    </p>
   </div>
   <div class='ocr_carea' id='block_1_83' title="bbox 2198 4202 3771 4282">
    <p class='ocr_par' dir='ltr' id='par_1_83' title="bbox 2198 4202 3771 4282">
     <span class='ocr_line' id='line_1_85' title="bbox 2198 4202 3771 4282; baseline -0.003 -18"><span class='ocrx_word' id='word_1_596' title='bbox 2198 4210 2299 4275; x_wconf 82' lang='grc' dir='ltr'>τὰς</span> <span class='ocrx_word' id='word_1_597' title='bbox 2341 4209 2607 4282; x_wconf 84' lang='grc' dir='ltr'>μυριάδας</span> <span class='ocrx_word' id='word_1_598' title='bbox 2632 4206 2920 4261; x_wconf 75' lang='grc' dir='ltr'>συνθέσθαι</span> <span class='ocrx_word' id='word_1_599' title='bbox 2947 4208 3060 4269; x_wconf 87' lang='grc' dir='ltr'>τοῖς</span> <span class='ocrx_word' id='word_1_600' title='bbox 3084 4204 3329 4271; x_wconf 77' lang='grc' dir='ltr'>δὼδεκας</span> <span class='ocrx_word' id='word_1_601' title='bbox 3365 4204 3559 4270; x_wconf 79' lang='grc' dir='ltr'>Οὕτως</span> <span class='ocrx_word' id='word_1_602' title='bbox 3577 4205 3663 4260; x_wconf 75' lang='grc' dir='ltr'>ἀεὶ</span> <span class='ocrx_word' id='word_1_603' title='bbox 3682 4202 3771 4273; x_wconf 80' lang='grc' dir='ltr'>τῆς</span> 
     </span>
    </p>
   </div>
   <div class='ocr_carea' id='block_1_84' title="bbox 2198 4291 3772 4374">
    <p class='ocr_par' dir='ltr' id='par_1_84' title="bbox 2198 4291 3772 4374">
     <span class='ocr_line' id='line_1_86' title="bbox 2198 4291 3772 4374; baseline -0.007 -18"><span class='ocrx_word' id='word_1_604' title='bbox 2198 4300 2458 4374; x_wconf 81' lang='grc' dir='ltr'>ἀληθείας</span> <span class='ocrx_word' id='word_1_605' title='bbox 2496 4299 2557 4353; x_wconf 76' lang='grc' dir='ltr'>τὸ</span> <span class='ocrx_word' id='word_1_606' title='bbox 2596 4297 2796 4371; x_wconf 84' lang='grc' dir='ltr'>κράτος</span> <span class='ocrx_word' id='word_1_607' title='bbox 2819 4338 2834 4362; x_wconf 94' lang='grc'><strong>,</strong></span> <span class='ocrx_word' id='word_1_608' title='bbox 2869 4296 2971 4350; x_wconf 79' lang='grc' dir='ltr'>κᾶν</span> <span class='ocrx_word' id='word_1_609' title='bbox 3015 4296 3146 4369; x_wconf 82' lang='grc' dir='ltr'>παρ’</span> <span class='ocrx_word' id='word_1_610' title='bbox 3193 4295 3401 4365; x_wconf 85' lang='grc' dir='ltr'>ὀλίγοις</span> <span class='ocrx_word' id='word_1_611' title='bbox 3458 4296 3598 4360; x_wconf 85' lang='grc' dir='ltr'>τέως</span> <span class='ocrx_word' id='word_1_612' title='bbox 3639 4291 3772 4364; x_wconf 81' lang='grc' dir='ltr'>εὑρί-</span> 
     </span>
    </p>
   </div>
   <div class='ocr_carea' id='block_1_85' title="bbox 517 4372 2097 4463">
    <p class='ocr_par' dir='ltr' id='par_1_85' title="bbox 517 4372 2097 4459">
     <span class='ocr_line' id='line_1_87' title="bbox 517 4372 2097 4459; baseline 0.011 -30"><span class='ocrx_word' id='word_1_613' title='bbox 517 4372 600 4429; x_wconf 88' lang='lat' dir='ltr'><strong>lta</strong></span> <span class='ocrx_word' id='word_1_614' title='bbox 634 4392 850 4447; x_wconf 83' lang='lat' dir='ltr'><strong>semper</strong></span> <span class='ocrx_word' id='word_1_615' title='bbox 880 4380 1051 4434; x_wconf 81' lang='lat' dir='ltr'><strong>vincit</strong></span> <span class='ocrx_word' id='word_1_616' title='bbox 1089 4383 1310 4445; x_wconf 88' lang='lat' dir='ltr'><strong>veritas,</strong></span> <span class='ocrx_word' id='word_1_617' title='bbox 1333 4387 1687 4451; x_wconf 86' lang='lat' dir='ltr'><strong>quantumvis</strong></span> <span class='ocrx_word' id='word_1_618' title='bbox 1720 4387 1865 4459; x_wconf 91' lang='lat' dir='ltr'><strong>apud</strong></span> <span class='ocrx_word' id='word_1_619' title='bbox 1891 4404 2097 4459; x_wconf 90' lang='lat' dir='ltr'><strong>paucos</strong></span> 
     </span>
    </p>
   </div>
   <div class='ocr_carea' id='block_1_86' title="bbox 2198 4372 3775 4463">
    <p class='ocr_par' dir='ltr' id='par_1_86' title="bbox 2201 4372 3775 4463">
     <span class='ocr_line' id='line_1_88' title="bbox 2201 4372 3775 4463; baseline -0.008 -16"><span class='ocrx_word' id='word_1_620' title='bbox 2201 4372 2418 4463; x_wconf 78' lang='grc' dir='ltr'>σκηται.</span> <span class='ocrx_word' id='word_1_621' title='bbox 2478 4391 2538 4444; x_wconf 88' lang='lat'>&#39;0</span> <span class='ocrx_word' id='word_1_622' title='bbox 2575 4389 2634 4443; x_wconf 87' lang='grc' dir='ltr'><strong>δέ</strong></span> <span class='ocrx_word' id='word_1_623' title='bbox 2692 4387 2767 4462; x_wconf 85' lang='grc' dir='ltr'>μὴ</span> <span class='ocrx_word' id='word_1_624' title='bbox 2817 4387 3028 4460; x_wconf 89' lang='grc' dir='ltr'>τολμῶν</span> <span class='ocrx_word' id='word_1_625' title='bbox 3065 4387 3247 4441; x_wconf 80' lang='grc' dir='ltr'>δοῦναι</span> <span class='ocrx_word' id='word_1_626' title='bbox 3286 4385 3449 4456; x_wconf 91' lang='grc' dir='ltr'>λόγον</span> <span class='ocrx_word' id='word_1_627' title='bbox 3514 4386 3617 4456; x_wconf 76' lang='grc' dir='ltr'>τῆς</span> <span class='ocrx_word' id='word_1_628' title='bbox 3654 4400 3775 4455; x_wconf 81' lang='grc' dir='ltr'>προ-</span> 
     </span>
    </p>
   </div>
   <div class='ocr_carea' id='block_1_87' title="bbox 518 4466 2097 4554">
    <p class='ocr_par' dir='ltr' id='par_1_87' title="bbox 518 4466 2093 4546">
     <span class='ocr_line' id='line_1_89' title="bbox 518 4466 2093 4546; baseline 0.011 -27"><span class='ocrx_word' id='word_1_629' title='bbox 518 4466 849 4533; x_wconf 88' lang='lat' dir='ltr'><strong>inveniatur;</strong></span> <span class='ocrx_word' id='word_1_630' title='bbox 869 4471 960 4538; x_wconf 87' lang='lat' dir='ltr'><strong>qui</strong></span> <span class='ocrx_word' id='word_1_631' title='bbox 979 4477 1157 4524; x_wconf 92' lang='lat' dir='ltr'><strong>autem</strong></span> <span class='ocrx_word' id='word_1_632' title='bbox 1177 4473 1493 4540; x_wconf 72' lang='lat' dir='ltr'><strong>quaestionis</strong></span> <span class='ocrx_word' id='word_1_633' title='bbox 1516 4477 1808 4546; x_wconf 63' lang='lat' dir='ltr'><strong>proposita!</strong></span> <span class='ocrx_word' id='word_1_634' title='bbox 1828 4482 2093 4536; x_wconf 89' lang='lat' dir='ltr'><strong>rationem</strong></span> 
     </span>
    </p>
   </div>
   <div class='ocr_carea' id='block_1_88' title="bbox 2198 4466 3770 4554">
    <p class='ocr_par' dir='ltr' id='par_1_88' title="bbox 2198 4476 3770 4554">
     <span class='ocr_line' id='line_1_90' title="bbox 2198 4476 3770 4554; baseline -0.008 -17"><span class='ocrx_word' id='word_1_635' title='bbox 2198 4482 2460 4554; x_wconf 85' lang='grc' dir='ltr'>κειμένης</span> <span class='ocrx_word' id='word_1_636' title='bbox 2519 4481 2834 4552; x_wconf 79' lang='grc' dir='ltr'>ζητήσεως,</span> <span class='ocrx_word' id='word_1_637' title='bbox 2913 4479 3037 4550; x_wconf 81' lang='grc' dir='ltr'>μήτ’</span> <span class='ocrx_word' id='word_1_638' title='bbox 3105 4477 3356 4549; x_wconf 82' lang='grc' dir='ltr'>εὐπορῶν</span> <span class='ocrx_word' id='word_1_639' title='bbox 3436 4476 3770 4542; x_wconf 84' lang='grc' dir='ltr'>ἀποδείξεων,</span> 
     </span>
    </p>
   </div>
   <div class='ocr_carea' id='block_1_89' title="bbox 516 4558 2097 4639">
    <p class='ocr_par' dir='ltr' id='par_1_89' title="bbox 516 4558 2094 4629">
     <span class='ocr_line' id='line_1_91' title="bbox 516 4558 2094 4629; baseline 0.009 -15"><span class='ocrx_word' id='word_1_640' title='bbox 516 4558 651 4615; x_wconf 88' lang='lat' dir='ltr'><strong>dare</strong></span> <span class='ocrx_word' id='word_1_641' title='bbox 692 4575 801 4615; x_wconf 92' lang='lat' dir='ltr'><strong>non</strong></span> <span class='ocrx_word' id='word_1_642' title='bbox 833 4561 1017 4629; x_wconf 87' lang='lat' dir='ltr'><strong>audet,</strong></span> <span class='ocrx_word' id='word_1_643' title='bbox 1059 4578 1161 4617; x_wconf 88' lang='lat' dir='ltr'><strong>nec</strong></span> <span class='ocrx_word' id='word_1_644' title='bbox 1194 4564 1758 4623; x_wconf 82' lang='lat' dir='ltr'><strong>demonstrationibus</strong></span> <span class='ocrx_word' id='word_1_645' title='bbox 1792 4569 2094 4628; x_wconf 90' lang='lat' dir='ltr'><strong>instructus</strong></span> 
     </span>
    </p>
   </div>
   <div class='ocr_carea' id='block_1_90' title="bbox 2198 4558 3775 4639">
    <p class='ocr_par' dir='ltr' id='par_1_90' title="bbox 2198 4565 3775 4639">
     <span class='ocr_line' id='line_1_92' title="bbox 2198 4565 3775 4639; baseline -0.006 -12"><span class='ocrx_word' id='word_1_646' title='bbox 2198 4574 2292 4628; x_wconf 72' lang='grc' dir='ltr'><strong>καὶ</strong></span> <span class='ocrx_word' id='word_1_647' title='bbox 2343 4573 2431 4626; x_wconf 74' lang='grc' dir='ltr'>διὰ</span> <span class='ocrx_word' id='word_1_648' title='bbox 2483 4570 2639 4625; x_wconf 80' lang='grc' dir='ltr'>τοῦτο</span> <span class='ocrx_word' id='word_1_649' title='bbox 2689 4568 3049 4639; x_wconf 81' lang='grc' dir='ltr'>καταφεύγων</span> <span class='ocrx_word' id='word_1_650' title='bbox 3106 4570 3188 4632; x_wconf 85' lang='grc' dir='ltr'><strong>είς</strong></span> <span class='ocrx_word' id='word_1_651' title='bbox 3241 4567 3471 4638; x_wconf 82' lang='grc' dir='ltr'>πλῆθος,</span> <span class='ocrx_word' id='word_1_652' title='bbox 3536 4565 3775 4638; x_wconf 71' lang='grc' dir='ltr'>ὁμολογεί</span> 
     </span>
    </p>
   </div>
   <div class='ocr_carea' id='block_1_91' title="bbox 515 4656 2097 4740">
    <p class='ocr_par' dir='ltr' id='par_1_91' title="bbox 515 4656 2094 4734">
     <span class='ocr_line' id='line_1_93' title="bbox 515 4656 2094 4734; baseline 0.008 -28"><span class='ocrx_word' id='word_1_653' title='bbox 515 4661 621 4717; x_wconf 89' lang='lat' dir='ltr'><strong>est,</strong></span> <span class='ocrx_word' id='word_1_654' title='bbox 674 4662 840 4725; x_wconf 90' lang='lat' dir='ltr'><strong>atque</strong></span> <span class='ocrx_word' id='word_1_655' title='bbox 888 4656 1095 4711; x_wconf 88' lang='lat' dir='ltr'><strong>idcirco</strong></span> <span class='ocrx_word' id='word_1_656' title='bbox 1133 4656 1203 4711; x_wconf 92' lang='lat' dir='ltr'><strong>ad</strong></span> <span class='ocrx_word' id='word_1_657' title='bbox 1245 4658 1609 4715; x_wconf 86' lang='lat' dir='ltr'><strong>multitudinis</strong></span> <span class='ocrx_word' id='word_1_658' title='bbox 1654 4660 1902 4734; x_wconf 81' lang='lat' dir='ltr'><strong>confugit</strong></span> <span class='ocrx_word' id='word_1_659' title='bbox 1954 4680 2094 4734; x_wconf 65' lang='lat' dir='ltr'><strong>pra:-</strong></span> 
     </span>
    </p>
   </div>
   <div class='ocr_carea' id='block_1_92' title="bbox 2198 4656 3774 4740">
    <p class='ocr_par' dir='ltr' id='par_1_92' title="bbox 2198 4656 3774 4740">
     <span class='ocr_line' id='line_1_94' title="bbox 2198 4656 3774 4740; baseline -0.007 -19"><span class='ocrx_word' id='word_1_660' title='bbox 2198 4667 2293 4739; x_wconf 84' lang='grc' dir='ltr'>τὴν</span> <span class='ocrx_word' id='word_1_661' title='bbox 2337 4662 2529 4740; x_wconf 76' lang='grc' dir='ltr'>ἧτταν,</span> <span class='ocrx_word' id='word_1_662' title='bbox 2572 4664 2648 4727; x_wconf 85' lang='grc' dir='ltr'><strong>ὡς</strong></span> <span class='ocrx_word' id='word_1_663' title='bbox 2679 4664 2832 4718; x_wconf 80' lang='grc' dir='ltr'>οὐδὲν</span> <span class='ocrx_word' id='word_1_664' title='bbox 2878 4663 3016 4733; x_wconf 82' lang='grc' dir='ltr'>ἔχων</span> <span class='ocrx_word' id='word_1_665' title='bbox 3065 4660 3379 4733; x_wconf 77' lang='grc' dir='ltr'>παρρησίας</span> <span class='ocrx_word' id='word_1_666' title='bbox 3433 4659 3663 4731; x_wconf 80' lang='grc' dir='ltr'>ἐφόδιον.</span> <span class='ocrx_word' id='word_1_667' title='bbox 3707 4656 3774 4711; x_wconf 67' lang='lat' dir='ltr'><strong>To</strong></span> 
     </span>
    </p>
   </div>
   <div class='ocr_carea' id='block_1_93' title="bbox 516 4745 2097 4827">
    <p class='ocr_par' dir='ltr' id='par_1_93' title="bbox 516 4745 2094 4825">
     <span class='ocr_line' id='line_1_95' title="bbox 516 4745 2094 4825; baseline 0.006 -25"><span class='ocrx_word' id='word_1_668' title='bbox 516 4745 755 4801; x_wconf 87' lang='lat' dir='ltr'><strong>sidium:</strong></span> <span class='ocrx_word' id='word_1_669' title='bbox 795 4746 842 4802; x_wconf 86' lang='lat' dir='ltr'><strong>is</strong></span> <span class='ocrx_word' id='word_1_670' title='bbox 872 4746 977 4802; x_wconf 88' lang='lat' dir='ltr'><strong>hoc</strong></span> <span class='ocrx_word' id='word_1_671' title='bbox 1028 4747 1149 4817; x_wconf 90' lang='lat' dir='ltr'><strong>ipso</strong></span> <span class='ocrx_word' id='word_1_672' title='bbox 1192 4765 1253 4805; x_wconf 84' lang='lat' dir='ltr'><strong>se</strong></span> <span class='ocrx_word' id='word_1_673' title='bbox 1286 4748 1492 4804; x_wconf 89' lang='lat' dir='ltr'><strong>victum</strong></span> <span class='ocrx_word' id='word_1_674' title='bbox 1543 4751 1846 4822; x_wconf 83' lang='lat' dir='ltr'><strong>proﬁtetur,</strong></span> <span class='ocrx_word' id='word_1_675' title='bbox 1891 4763 1951 4809; x_wconf 91' lang='lat' dir='ltr'><strong>ut</strong></span> <span class='ocrx_word' id='word_1_676' title='bbox 1999 4756 2094 4825; x_wconf 88' lang='lat' dir='ltr'><strong>qui</strong></span> 
     </span>
    </p>
   </div>
   <div class='ocr_carea' id='block_1_94' title="bbox 2198 4745 3772 4827">
    <p class='ocr_par' dir='ltr' id='par_1_94' title="bbox 2198 4750 3772 4827">
     <span class='ocr_line' id='line_1_96' title="bbox 2198 4750 3772 4827; baseline -0.005 -17"><span class='ocrx_word' id='word_1_677' title='bbox 2198 4756 2402 4827; x_wconf 84' lang='grc' dir='ltr'>πλῆθος</span> <span class='ocrx_word' id='word_1_678' title='bbox 2435 4757 2569 4826; x_wconf 82' lang='grc' dir='ltr'>ἡμῖν</span> <span class='ocrx_word' id='word_1_679' title='bbox 2593 4753 2873 4818; x_wconf 83' lang='grc' dir='ltr'>ἐπισείεις,</span> <span class='ocrx_word' id='word_1_680' title='bbox 2906 4752 3092 4822; x_wconf 86' lang='grc' dir='ltr'>ῶσπερ</span> <span class='ocrx_word' id='word_1_681' title='bbox 3117 4750 3357 4805; x_wconf 84' lang='grc' dir='ltr'>ἀπειλῶν</span> <span class='ocrx_word' id='word_1_682' title='bbox 3383 4751 3463 4822; x_wconf 87' lang='grc' dir='ltr'><strong>τῷ</strong></span> <span class='ocrx_word' id='word_1_683' title='bbox 3495 4750 3617 4822; x_wconf 87' lang='grc' dir='ltr'>Θεῷ</span> <span class='ocrx_word' id='word_1_684' title='bbox 3642 4766 3772 4819; x_wconf 83' lang='grc' dir='ltr'>πυρ-</span> 
     </span>
    </p>
   </div>
   <div class='ocr_carea' id='block_1_95' title="bbox 515 4839 2097 4918">
    <p class='ocr_par' dir='ltr' id='par_1_95' title="bbox 515 4839 2096 4914">
     <span class='ocr_line' id='line_1_97' title="bbox 515 4839 2096 4914; baseline 0.008 -23"><span class='ocrx_word' id='word_1_685' title='bbox 515 4839 723 4892; x_wconf 87' lang='lat' dir='ltr'><strong>nullum</strong></span> <span class='ocrx_word' id='word_1_686' title='bbox 759 4840 927 4894; x_wconf 90' lang='lat' dir='ltr'><strong>alium</strong></span> <span class='ocrx_word' id='word_1_687' title='bbox 965 4840 1312 4898; x_wconf 70' lang='lat' dir='ltr'><strong>conﬁdentia:</strong></span> <span class='ocrx_word' id='word_1_688' title='bbox 1333 4842 1530 4898; x_wconf 86' lang='lat' dir='ltr'><strong>habeat</strong></span> <span class='ocrx_word' id='word_1_689' title='bbox 1564 4845 1923 4914; x_wconf 87' lang='lat' dir='ltr'><strong>locum.Quid</strong></span> <span class='ocrx_word' id='word_1_690' title='bbox 1953 4849 2096 4903; x_wconf 85' lang='lat' dir='ltr'><strong>mul-</strong></span> 
     </span>
    </p>
   </div>
   <div class='ocr_carea' id='block_1_96' title="bbox 2198 4839 3774 4918">
    <p class='ocr_par' dir='ltr' id='par_1_96' title="bbox 2198 4843 3774 4918">
     <span class='ocr_line' id='line_1_98' title="bbox 2198 4843 3774 4918; baseline -0.005 -16"><span class='ocrx_word' id='word_1_691' title='bbox 2198 4848 2451 4918; x_wconf 84' lang='grc' dir='ltr'>γοποιίαν</span> <span class='ocrx_word' id='word_1_692' title='bbox 2481 4846 2763 4917; x_wconf 87' lang='grc' dir='ltr'>δευτέραν,</span> <span class='ocrx_word' id='word_1_693' title='bbox 2812 4844 2954 4898; x_wconf 90' lang='grc' dir='ltr'><strong>κατά</strong></span> <span class='ocrx_word' id='word_1_694' title='bbox 2990 4845 3223 4915; x_wconf 88' lang='grc' dir='ltr'>μίμησιν</span> <span class='ocrx_word' id='word_1_695' title='bbox 3268 4843 3621 4914; x_wconf 82' lang='grc' dir='ltr'>πολυχειρίας</span> <span class='ocrx_word' id='word_1_696' title='bbox 3652 4856 3774 4912; x_wconf 68' lang='grc' dir='ltr'>φρει</span> 
     </span>
    </p>
   </div>
   <div class='ocr_carea' id='block_1_97' title="bbox 517 4930 2097 5009">
    <p class='ocr_par' dir='ltr' id='par_1_97' title="bbox 517 4930 2097 5006">
     <span class='ocr_line' id='line_1_99' title="bbox 517 4930 2097 5006; baseline 0.007 -22"><span class='ocrx_word' id='word_1_697' title='bbox 517 4930 805 4985; x_wconf 89' lang='lat' dir='ltr'><strong>titudinem</strong></span> <span class='ocrx_word' id='word_1_698' title='bbox 835 4932 997 4986; x_wconf 86' lang='lat' dir='ltr'><strong>nobis</strong></span> <span class='ocrx_word' id='word_1_699' title='bbox 1039 4933 1267 5005; x_wconf 85' lang='lat' dir='ltr'><strong>ingeris,</strong></span> <span class='ocrx_word' id='word_1_700' title='bbox 1316 4937 1477 5006; x_wconf 87' lang='lat' dir='ltr'><strong>quasi</strong></span> <span class='ocrx_word' id='word_1_701' title='bbox 1525 4936 1751 4992; x_wconf 86' lang='lat' dir='ltr'><strong>alteram</strong></span> <span class='ocrx_word' id='word_1_702' title='bbox 1792 4940 1961 4995; x_wconf 89' lang='lat' dir='ltr'><strong>turris</strong></span> <span class='ocrx_word' id='word_1_703' title='bbox 1998 4955 2097 4995; x_wconf 81' lang='lat' dir='ltr'><strong>ex-</strong></span> 
     </span>
    </p>
   </div>
   <div class='ocr_carea' id='block_1_98' title="bbox 2198 4930 3771 5009">
    <p class='ocr_par' dir='ltr' id='par_1_98' title="bbox 2198 4932 3771 5009">
     <span class='ocr_line' id='line_1_100' title="bbox 2198 4932 3771 5009; baseline -0.006 -14"><span class='ocrx_word' id='word_1_704' title='bbox 2198 4940 2516 5003; x_wconf 84' lang='grc' dir='ltr'>νοϐλαϐοῦς.</span> <span class='ocrx_word' id='word_1_705' title='bbox 2548 4939 2789 5005; x_wconf 82' lang='grc' dir='ltr'>Δειξάτω</span> <span class='ocrx_word' id='word_1_706' title='bbox 2817 4954 2907 5009; x_wconf 86' lang='grc' dir='ltr'><strong>μοι</strong></span> <span class='ocrx_word' id='word_1_707' title='bbox 2940 4937 3137 5000; x_wconf 86' lang='grc' dir='ltr'>κάλλος</span> <span class='ocrx_word' id='word_1_708' title='bbox 3181 4935 3465 5007; x_wconf 88' lang='grc' dir='ltr'>ἀληθείας,</span> <span class='ocrx_word' id='word_1_709' title='bbox 3513 4937 3608 4990; x_wconf 79' lang='grc' dir='ltr'>καὶ</span> <span class='ocrx_word' id='word_1_710' title='bbox 3656 4932 3771 4986; x_wconf 79' lang='grc' dir='ltr'><strong>σύν⁹</strong></span> 
     </span>
    </p>
   </div>
   <div class='ocr_carea' id='block_1_99' title="bbox 515 5021 2097 5105">
    <p class='ocr_par' dir='ltr' id='par_1_99' title="bbox 515 5021 2093 5099">
     <span class='ocr_line' id='line_1_101' title="bbox 515 5021 2093 5099; baseline 0.008 -25"><span class='ocrx_word' id='word_1_711' title='bbox 515 5021 870 5077; x_wconf 88' lang='lat' dir='ltr'><strong>structionem</strong></span> <span class='ocrx_word' id='word_1_712' title='bbox 920 5021 1029 5078; x_wconf 89' lang='lat' dir='ltr'><strong>Deo</strong></span> <span class='ocrx_word' id='word_1_713' title='bbox 1064 5026 1348 5089; x_wconf 88' lang='lat' dir='ltr'><strong>minitans,</strong></span> <span class='ocrx_word' id='word_1_714' title='bbox 1391 5027 1461 5082; x_wconf 88' lang='lat' dir='ltr'><strong>ad</strong></span> <span class='ocrx_word' id='word_1_715' title='bbox 1509 5029 1716 5086; x_wconf 67' lang='lat' dir='ltr'><strong>insanae</strong></span> <span class='ocrx_word' id='word_1_716' title='bbox 1754 5030 1920 5099; x_wconf 72' lang='lat' dir='ltr'><strong>illius}</strong></span> <span class='ocrx_word' id='word_1_717' title='bbox 1958 5033 2093 5087; x_wconf 90' lang='lat' dir='ltr'><strong>mul-</strong></span> 
     </span>
    </p>
   </div>
   <div class='ocr_carea' id='block_1_100' title="bbox 2198 5021 3771 5105">
    <p class='ocr_par' dir='ltr' id='par_1_100' title="bbox 2198 5024 3771 5105">
     <span class='ocr_line' id='line_1_102' title="bbox 2198 5024 3771 5105; baseline -0.008 -17"><span class='ocrx_word' id='word_1_718' title='bbox 2198 5051 2362 5105; x_wconf 91' lang='grc' dir='ltr'>τομος</span> <span class='ocrx_word' id='word_1_719' title='bbox 2405 5033 2569 5096; x_wconf 81' lang='grc' dir='ltr'>εὐθὺς</span> <span class='ocrx_word' id='word_1_720' title='bbox 2610 5035 2643 5104; x_wconf 84' lang='grc' dir='ltr'>ὴ</span> <span class='ocrx_word' id='word_1_721' title='bbox 2686 5029 2878 5085; x_wconf 83' lang='grc' dir='ltr'>πειθώ.</span> <span class='ocrx_word' id='word_1_722' title='bbox 2914 5028 3125 5101; x_wconf 81' lang='grc' dir='ltr'>Πλῆθος</span> <span class='ocrx_word' id='word_1_723' title='bbox 3149 5026 3206 5081; x_wconf 91' lang='grc' dir='ltr'>δὲ</span> <span class='ocrx_word' id='word_1_724' title='bbox 3249 5028 3420 5098; x_wconf 73' lang='grc' dir='ltr'>χωρὶς</span> <span class='ocrx_word' id='word_1_725' title='bbox 3454 5024 3771 5088; x_wconf 75' lang='grc' dir='ltr'>ἀποδείξεων</span> 
     </span>
    </p>
   </div>
   <div class='ocr_carea' id='block_1_101' title="bbox 515 5111 2097 5196">
    <p class='ocr_par' dir='ltr' id='par_1_101' title="bbox 515 5111 2090 5185">
     <span class='ocr_line' id='line_1_103' title="bbox 515 5111 2090 5185; baseline 0.01 -20"><span class='ocrx_word' id='word_1_726' title='bbox 515 5111 765 5168; x_wconf 86' lang='lat' dir='ltr'><strong>titudinis</strong></span> <span class='ocrx_word' id='word_1_727' title='bbox 806 5115 1159 5185; x_wconf 81' lang='lat' dir='ltr'><strong>exemplum?</strong></span> <span class='ocrx_word' id='word_1_728' title='bbox 1212 5117 1477 5174; x_wconf 82' lang='lat' dir='ltr'><strong>OSIendat</strong></span> <span class='ocrx_word' id='word_1_729' title='bbox 1513 5121 1649 5176; x_wconf 88' lang='lat' dir='ltr'><strong>mibi</strong></span> <span class='ocrx_word' id='word_1_730' title='bbox 1700 5122 1791 5177; x_wconf 90' lang='lat' dir='ltr'><strong>illa</strong></span> <span class='ocrx_word' id='word_1_731' title='bbox 1843 5125 2090 5181; x_wconf 85' lang='lat' dir='ltr'><strong>veritatis</strong></span> 
     </span>
    </p>
   </div>
   <div class='ocr_carea' id='block_1_102' title="bbox 2198 5111 3764 5196">
    <p class='ocr_par' dir='ltr' id='par_1_102' title="bbox 2198 5115 3764 5196">
     <span class='ocr_line' id='line_1_104' title="bbox 2198 5115 3764 5196; baseline -0.007 -17"><span class='ocrx_word' id='word_1_732' title='bbox 2198 5125 2512 5190; x_wconf 80' lang='grc' dir='ltr'>αύθεντοῦν,</span> <span class='ocrx_word' id='word_1_733' title='bbox 2545 5126 2780 5196; x_wconf 80' lang='grc' dir='ltr'>φοϐῆσαι</span> <span class='ocrx_word' id='word_1_734' title='bbox 2819 5123 2918 5196; x_wconf 85' lang='grc' dir='ltr'><strong>μὲν</strong></span> <span class='ocrx_word' id='word_1_735' title='bbox 2951 5122 3154 5189; x_wconf 81' lang='grc' dir='ltr'>ἱκανὸν,</span> <span class='ocrx_word' id='word_1_736' title='bbox 3188 5123 3374 5173; x_wconf 88' lang='grc' dir='ltr'>πεῖσαι</span> <span class='ocrx_word' id='word_1_737' title='bbox 3400 5119 3460 5173; x_wconf 86' lang='grc' dir='ltr'>δὲ</span> <span class='ocrx_word' id='word_1_738' title='bbox 3506 5115 3764 5187; x_wconf 77' lang='grc' dir='ltr'>οὐδαμῶς.</span> 
     </span>
    </p>
   </div>
   <div class='ocr_carea' id='block_1_103' title="bbox 514 5203 2097 5288">
    <p class='ocr_par' dir='ltr' id='par_1_103' title="bbox 514 5203 2089 5282">
     <span class='ocr_line' id='line_1_105' title="bbox 514 5203 2089 5282; baseline 0.008 -26"><span class='ocrx_word' id='word_1_739' title='bbox 514 5203 701 5266; x_wconf 90' lang='lat' dir='ltr'><strong>decus,</strong></span> <span class='ocrx_word' id='word_1_740' title='bbox 728 5205 973 5274; x_wconf 80' lang='lat' dir='ltr'><strong>proxima</strong></span> <span class='ocrx_word' id='word_1_741' title='bbox 996 5207 1112 5262; x_wconf 78' lang='lat' dir='ltr'><strong>bzec</strong></span> <span class='ocrx_word' id='word_1_742' title='bbox 1132 5210 1218 5263; x_wconf 89' lang='lat' dir='ltr'><strong>via</strong></span> <span class='ocrx_word' id='word_1_743' title='bbox 1244 5210 1350 5266; x_wconf 89' lang='lat' dir='ltr'><strong>erit</strong></span> <span class='ocrx_word' id='word_1_744' title='bbox 1371 5211 1437 5265; x_wconf 92' lang='lat' dir='ltr'><strong>ad</strong></span> <span class='ocrx_word' id='word_1_745' title='bbox 1470 5213 1932 5282; x_wconf 83' lang='lat' dir='ltr'><strong>persuadendum.</strong></span> <span class='ocrx_word' id='word_1_746' title='bbox 1953 5214 2089 5269; x_wconf 88' lang='lat' dir='ltr'><strong>Mul-</strong></span> 
     </span>
    </p>
   </div>
   <div class='ocr_carea' id='block_1_104' title="bbox 2198 5203 3771 5288">
    <p class='ocr_par' dir='ltr' id='par_1_104' title="bbox 2202 5208 3771 5288">
     <span class='ocr_line' id='line_1_106' title="bbox 2202 5208 3771 5288; baseline -0.008 -18"><span class='ocrx_word' id='word_1_747' title='bbox 2202 5218 2273 5269; x_wconf 85' lang='grc' dir='ltr'>Ἢ</span> <span class='ocrx_word' id='word_1_748' title='bbox 2298 5216 2460 5269; x_wconf 89' lang='grc' dir='ltr'>πόσαι</span> <span class='ocrx_word' id='word_1_749' title='bbox 2493 5215 2751 5288; x_wconf 88' lang='grc' dir='ltr'>μυριάδες</span> <span class='ocrx_word' id='word_1_750' title='bbox 2778 5212 3023 5267; x_wconf 86' lang='grc' dir='ltr'>πείσουσί</span> <span class='ocrx_word' id='word_1_751' title='bbox 3049 5228 3116 5282; x_wconf 91' lang='grc' dir='ltr'><strong>με</strong></span> <span class='ocrx_word' id='word_1_752' title='bbox 3141 5211 3240 5281; x_wconf 80' lang='grc' dir='ltr'>τὴν</span> <span class='ocrx_word' id='word_1_753' title='bbox 3262 5210 3478 5281; x_wconf 81' lang='grc' dir='ltr'>ἡμέραν</span> <span class='ocrx_word' id='word_1_754' title='bbox 3500 5208 3670 5261; x_wconf 86' lang='grc' dir='ltr'>νύκτα</span> <span class='ocrx_word' id='word_1_755' title='bbox 3687 5221 3771 5256; x_wconf 82' lang='lat' dir='ltr'><strong>vo-</strong></span> 
     </span>
    </p>
   </div>
   <div class='ocr_carea' id='block_1_105' title="bbox 514 5294 2097 5379">
    <p class='ocr_par' dir='ltr' id='par_1_105' title="bbox 514 5294 2094 5364">
     <span class='ocr_line' id='line_1_107' title="bbox 514 5294 2094 5364; baseline 0.011 -17"><span class='ocrx_word' id='word_1_756' title='bbox 514 5294 690 5349; x_wconf 86' lang='lat' dir='ltr'><strong>titudo</strong></span> <span class='ocrx_word' id='word_1_757' title='bbox 713 5304 892 5352; x_wconf 90' lang='lat' dir='ltr'><strong>autem</strong></span> <span class='ocrx_word' id='word_1_758' title='bbox 918 5314 1016 5354; x_wconf 86' lang='lat' dir='ltr'><strong>sua</strong></span> <span class='ocrx_word' id='word_1_759' title='bbox 1043 5302 1371 5358; x_wconf 89' lang='lat' dir='ltr'><strong>auctoritate</strong></span> <span class='ocrx_word' id='word_1_760' title='bbox 1391 5303 1511 5359; x_wconf 88' lang='lat' dir='ltr'><strong>sine</strong></span> <span class='ocrx_word' id='word_1_761' title='bbox 1532 5304 2094 5364; x_wconf 86' lang='lat' dir='ltr'><strong>demonstrationibus</strong></span> 
     </span>
    </p>
   </div>
   <div class='ocr_carea' id='block_1_106' title="bbox 2198 5294 3767 5379">
    <p class='ocr_par' dir='ltr' id='par_1_106' title="bbox 2204 5294 3767 5379">
     <span class='ocr_line' id='line_1_108' title="bbox 2204 5294 3767 5379; baseline -0.007 -18"><span class='ocrx_word' id='word_1_762' title='bbox 2204 5308 2392 5379; x_wconf 85' lang='grc' dir='ltr'>μίσαι;</span> <span class='ocrx_word' id='word_1_763' title='bbox 2423 5309 2456 5379; x_wconf 83' lang='grc' dir='ltr'>ἢ</span> <span class='ocrx_word' id='word_1_764' title='bbox 2488 5308 2549 5361; x_wconf 81' lang='grc' dir='ltr'><strong>τὸ</strong></span> <span class='ocrx_word' id='word_1_765' title='bbox 2572 5306 2806 5378; x_wconf 82' lang='grc' dir='ltr'>χαλκοῦν</span> <span class='ocrx_word' id='word_1_766' title='bbox 2833 5306 3076 5377; x_wconf 89' lang='grc' dir='ltr'>νόμισμα</span> <span class='ocrx_word' id='word_1_767' title='bbox 3095 5303 3171 5367; x_wconf 85' lang='grc' dir='ltr'><strong>ὡς</strong></span> <span class='ocrx_word' id='word_1_768' title='bbox 3189 5301 3425 5374; x_wconf 76' lang='grc' dir='ltr'>χρυσοῦν</span> <span class='ocrx_word' id='word_1_769' title='bbox 3452 5300 3666 5363; x_wconf 77' lang='grc' dir='ltr'>εἰδέναι,</span> <span class='ocrx_word' id='word_1_770' title='bbox 3683 5294 3767 5350; x_wconf 74' lang='grc' dir='ltr'>καὶ</span> 
     </span>
    </p>
   </div>
   <div class='ocr_carea' id='block_1_107' title="bbox 515 5389 2097 5474">
    <p class='ocr_par' dir='ltr' id='par_1_107' title="bbox 515 5389 2093 5466">
     <span class='ocr_line' id='line_1_109' title="bbox 515 5389 2093 5466; baseline 0.008 -24"><span class='ocrx_word' id='word_1_771' title='bbox 515 5389 897 5460; x_wconf 82' lang='lat' dir='ltr'><strong>comprobans,</strong></span> <span class='ocrx_word' id='word_1_772' title='bbox 918 5401 1004 5447; x_wconf 90' lang='lat' dir='ltr'><strong>est</strong></span> <span class='ocrx_word' id='word_1_773' title='bbox 1034 5392 1125 5447; x_wconf 90' lang='lat' dir='ltr'><strong>illa</strong></span> <span class='ocrx_word' id='word_1_774' title='bbox 1146 5395 1365 5466; x_wconf 88' lang='lat' dir='ltr'><strong>quidem</strong></span> <span class='ocrx_word' id='word_1_775' title='bbox 1395 5395 1591 5452; x_wconf 89' lang='lat' dir='ltr'><strong>idonea</strong></span> <span class='ocrx_word' id='word_1_776' title='bbox 1619 5397 1688 5451; x_wconf 91' lang='lat' dir='ltr'><strong>ad</strong></span> <span class='ocrx_word' id='word_1_777' title='bbox 1715 5398 2093 5456; x_wconf 90' lang='lat' dir='ltr'><strong>incutiendum</strong></span> 
     </span>
    </p>
   </div>
   <div class='ocr_carea' id='block_1_108' title="bbox 2198 5389 3767 5474">
    <p class='ocr_par' dir='ltr' id='par_1_108' title="bbox 2199 5390 3767 5474">
     <span class='ocr_line' id='line_1_110' title="bbox 2199 5390 3767 5474; baseline -0.004 -19"><span class='ocrx_word' id='word_1_778' title='bbox 2199 5401 2342 5456; x_wconf 80' lang='grc' dir='ltr'>οὕτω</span> <span class='ocrx_word' id='word_1_779' title='bbox 2383 5401 2665 5474; x_wconf 87' lang='grc' dir='ltr'>δέχεσθαι;</span> <span class='ocrx_word' id='word_1_780' title='bbox 2700 5400 2736 5471; x_wconf 79' lang='grc' dir='ltr'>ἢ</span> <span class='ocrx_word' id='word_1_781' title='bbox 2783 5398 3105 5473; x_wconf 88' lang='grc' dir='ltr'>προσίεσθαι</span> <span class='ocrx_word' id='word_1_782' title='bbox 3157 5396 3487 5469; x_wconf 79' lang='grc' dir='ltr'>δηλητήριον</span> <span class='ocrx_word' id='word_1_783' title='bbox 3519 5390 3767 5466; x_wconf 70' lang='grc' dir='ltr'>πρόδηλον</span> 
     </span>
    </p>
   </div>
   <div class='ocr_carea' id='block_1_109' title="bbox 585 5540 2097 5622">
    <p class='ocr_par' dir='ltr' id='par_1_109' title="bbox 585 5543 2096 5622">
     <span class='ocr_line' id='line_1_111' title="bbox 585 5543 2096 5622; baseline 0.015 -34"><span class='ocrx_word' id='word_1_784' title='bbox 585 5543 630 5622; x_wconf 57' lang='grc' dir='ltr'>εξ</span> <span class='ocrx_word' id='word_1_785' title='bbox 669 5544 710 5598; x_wconf 87' lang='lat' dir='ltr'><strong>Il</strong></span> <span class='ocrx_word' id='word_1_786' title='bbox 740 5545 930 5605; x_wconf 76' lang='lat' dir='ltr'><strong>Thess,</strong></span> <span class='ocrx_word' id='word_1_787' title='bbox 955 5550 1192 5622; x_wconf 7' lang='lat' dir='ltr'><strong>_m,g15_.</strong></span> <span class='ocrx_word' id='word_1_788' title='bbox 1265 5551 1311 5584; x_wconf 85' lang='grc'><strong><em>³²</em></strong></span> <span class='ocrx_word' id='word_1_789' title='bbox 1352 5550 1514 5607; x_wconf 86' lang='lat' dir='ltr'><strong>Hebr.</strong></span> <span class='ocrx_word' id='word_1_790' title='bbox 1550 5568 1667 5619; x_wconf 84' lang='lat' dir='ltr'><strong>xu,</strong></span> <span class='ocrx_word' id='word_1_791' title='bbox 1702 5554 1791 5609; x_wconf 80' lang='grc'><strong>15.</strong></span> <span class='ocrx_word' id='word_1_792' title='bbox 1867 5556 1913 5589; x_wconf 83' lang='grc'>³³</span> <span class='ocrx_word' id='word_1_793' title='bbox 1952 5555 1997 5610; x_wconf 87' lang='lat' dir='ltr'><strong>ll</strong></span> <span class='ocrx_word' id='word_1_794' title='bbox 2031 5555 2096 5611; x_wconf 89' lang='lat' dir='ltr'><strong>Ti</strong></span> 
     </span>
    </p>
   </div>
   <div class='ocr_carea' id='block_1_110' title="bbox 2198 5540 3762 5622">
    <p class='ocr_par' dir='ltr' id='par_1_110' title="bbox 2214 5540 3762 5622">
     <span class='ocr_line' id='line_1_112' title="bbox 2214 5540 3762 5622; baseline -0.009 -11"><span class='ocrx_word' id='word_1_795' title='bbox 2214 5573 2288 5619; x_wconf 83' lang='grc' dir='ltr'><strong>ιν,</strong></span> <span class='ocrx_word' id='word_1_796' title='bbox 2323 5558 2378 5612; x_wconf 71' lang='grc' dir='ltr'><strong>Ξ.</strong></span> <span class='ocrx_word' id='word_1_797' title='bbox 2457 5558 2504 5590; x_wconf 71' lang='grc'>³⁸</span> <span class='ocrx_word' id='word_1_798' title='bbox 2539 5557 2733 5612; x_wconf 80' lang='lat' dir='ltr'><strong>Matth.</strong></span> <span class='ocrx_word' id='word_1_799' title='bbox 2770 5571 2878 5622; x_wconf 81' lang='lat' dir='ltr'><strong>vti,</strong></span> <span class='ocrx_word' id='word_1_800' title='bbox 2911 5554 3002 5611; x_wconf 73' lang='lat'><strong>20.</strong></span> <span class='ocrx_word' id='word_1_801' title='bbox 3081 5552 3130 5586; x_wconf 84' lang='grc'><strong>⁸⁵</strong></span> <span class='ocrx_word' id='word_1_802' title='bbox 3168 5548 3212 5605; x_wconf 79' lang='lat' dir='ltr'><strong>ll</strong></span> <span class='ocrx_word' id='word_1_803' title='bbox 3247 5550 3392 5606; x_wconf 87' lang='lat' dir='ltr'><strong>Tim.</strong></span> <span class='ocrx_word' id='word_1_804' title='bbox 3428 5565 3527 5615; x_wconf 86' lang='grc' dir='ltr'>ιιι,</span> <span class='ocrx_word' id='word_1_805' title='bbox 3560 5544 3646 5610; x_wconf 71' lang='grc'><strong>12,</strong></span> <span class='ocrx_word' id='word_1_806' title='bbox 3681 5540 3762 5597; x_wconf 70' lang='grc' dir='ltr'><strong>ιδ.</strong></span> 
     </span>
    </p>
   </div>
   <div class='ocr_carea' id='block_1_111' title="bbox 514 5610 1599 5689">
    <p class='ocr_par' dir='ltr' id='par_1_111' title="bbox 514 5610 1599 5689">
     <span class='ocr_line' id='line_1_113' title="bbox 514 5610 1599 5689; baseline 0.008 -20"><span class='ocrx_word' id='word_1_807' title='bbox 514 5610 563 5647; x_wconf 81' lang='grc'><strong>³⁸</strong></span> <span class='ocrx_word' id='word_1_808' title='bbox 597 5611 757 5672; x_wconf 73' lang='lat' dir='ltr'><strong>Joan.</strong></span> <span class='ocrx_word' id='word_1_809' title='bbox 792 5636 912 5689; x_wconf 67' lang='lat' dir='ltr'><strong>xiv,</strong></span> <span class='ocrx_word' id='word_1_810' title='bbox 944 5620 1000 5678; x_wconf 85' lang='lat'><strong>6.</strong></span> <span class='ocrx_word' id='word_1_811' title='bbox 1054 5610 1118 5654; x_wconf 61' lang='grc'><strong>’³⁷</strong></span> <span class='ocrx_word' id='word_1_812' title='bbox 1158 5620 1317 5676; x_wconf 80' lang='lat' dir='ltr'><strong>Joan.</strong></span> <span class='ocrx_word' id='word_1_813' title='bbox 1353 5637 1479 5687; x_wconf 76' lang='lat' dir='ltr'><strong>XVI,</strong></span> <span class='ocrx_word' id='word_1_814' title='bbox 1510 5624 1599 5678; x_wconf 78' lang='lat'><strong>53.</strong></span> 
     </span>
    </p>
   </div>
   <div class='ocr_carea' id='block_1_112' title="bbox 590 5772 2097 5863">
    <p class='ocr_par' dir='ltr' id='par_1_112' title="bbox 590 5772 2093 5863">
     <span class='ocr_line' id='line_1_114' title="bbox 590 5772 2093 5863; baseline 0.009 -38"><span class='ocrx_word' id='word_1_815' title='bbox 590 5772 702 5843; x_wconf 75' lang='lat' dir='ltr'><strong>(2i)</strong></span> <span class='ocrx_word' id='word_1_816' title='bbox 737 5772 830 5828; x_wconf 83' lang='lat' dir='ltr'><strong>Sic</strong></span> <span class='ocrx_word' id='word_1_817' title='bbox 861 5789 994 5832; x_wconf 90' lang='lat' dir='ltr'><strong>mss.</strong></span> <span class='ocrx_word' id='word_1_818' title='bbox 1025 5774 1166 5833; x_wconf 60' lang='lat' dir='ltr'><strong>l‘lditi</strong></span> <span class='ocrx_word' id='word_1_819' title='bbox 1196 5794 1350 5863; x_wconf 65' lang='lat' dir='ltr'><strong>vero,</strong></span> <span class='ocrx_word' id='word_1_820' title='bbox 1397 5781 1458 5835; x_wconf 83' lang='grc' dir='ltr'><strong>τὸ</strong></span> <span class='ocrx_word' id='word_1_821' title='bbox 1483 5781 1653 5853; x_wconf 73' lang='grc' dir='ltr'>χωλὸν</span> <span class='ocrx_word' id='word_1_822' title='bbox 1695 5785 1741 5837; x_wconf 87' lang='grc' dir='ltr'><strong>εί</strong></span> <span class='ocrx_word' id='word_1_823' title='bbox 1776 5782 1983 5852; x_wconf 76' lang='grc' dir='ltr'>τραπῇ,</span> <span class='ocrx_word' id='word_1_824' title='bbox 2042 5781 2093 5834; x_wconf 80' lang='grc' dir='ltr'>ἰα</span> 
     </span>
    </p>
   </div>
   <div class='ocr_carea' id='block_1_113' title="bbox 2198 5772 2784 5863">
    <p class='ocr_par' dir='ltr' id='par_1_113' title="bbox 2198 5778 2784 5851">
     <span class='ocr_line' id='line_1_115' title="bbox 2198 5778 2784 5851; baseline -0.002 -17"><span class='ocrx_word' id='word_1_825' title='bbox 2198 5778 2275 5851; x_wconf 80' lang='grc' dir='ltr'>μὴ</span> <span class='ocrx_word' id='word_1_826' title='bbox 2310 5780 2367 5835; x_wconf 74' lang='grc' dir='ltr'>δὲ</span> <span class='ocrx_word' id='word_1_827' title='bbox 2395 5779 2629 5850; x_wconf 87' lang='grc' dir='ltr'>μαλλῶν.</span> <span class='ocrx_word' id='word_1_828' title='bbox 2748 5791 2784 5825; x_wconf 50' lang='grc' dir='ltr'><strong>’ἢ</strong></span> 
     </span>
    </p>
   </div>
  </div>
