3976 6388
192 380 328 437 53M

968 376 1544 436 CONFUTATIONES
1582 378 2022 447 QUARUMDAM
2059 379 2638 438 PROPOSITIONUM.

3315 379 3459 435 134!

191 493 316 550 ἀντὶ
336 490 675 563 καταλλήλου
695 491 903 562 τροφῆς
919 506 935 555 ;
953 488 1085 544 Elea
1110 493 1314 563 γηΐνων
1341 493 1439 564 μὲν
1457 493 1619 547 ἕνεκα
1642 509 1777 565 πρα-

1878 506 2113 565 metum;
2153 498 2250 552 sed
2281 497 2348 553 ad
2381 496 2845 568 persuadendum,
2895 493 3048 550 nullo
3079 494 3260 549 modo.
3307 495 3452 562 Quo:

192 582 421 655 γμάτων
445 580 544 634 οὐκ
570 578 946 651 αἰσθησόμεθα
968 579 1168 651 πλῆθος
1186 580 1426 651 ψευδωνύ
1435 599 1549 653 μων
1568 599 1582 613 ·
1607 584 1770 654 ούρα-

192 675 323 729 νίων
344 672 402 726 δὲ
441 672 599 742 χάριν
619 670 903 741 δογμάτων
932 672 1191 742 νεύμασιν
1220 673 1626 738 ἀναποδείκτοις
1641 676 1773 728 ἁκο-

191 765 463 836 λουθήσω,
488 764 597 818 τῶν
620 764 784 818 πάλαι
823 764 931 816 καὶ.
949 764 1221 835 πρόπαλαι
1257 765 1394 836 μετὰ
1412 765 1611 835 πολλῆς
1634 782 1696 818 συ
1705 783 1770 835 μ-

194 858 423 929 φωνίας,
453 856 674 935 καὶτῆς
705 855 814 908 τῶν
847 855 1080 927 Γραφῶν
1114 857 1416 928 μαρτυρίας
1448 856 1776 928 παραδοθέν-

193 967 305 1004 των
332 950 733 1035 ἀναχωρήσας
764 949 879 1001 υύκ
904 947 1218 1020 ἠκούσαμεν
1246 949 1338 1003 τοῦ
1360 952 1560 1020 Κυρίου
1590 949 1774 1018 λέγον-

191 1057 316 1104 τος·
362 1058 382 1091 ι
441 1039 635 1093 Πολλοὶ
680 1038 891 1109 κλητοὶ,
946 1037 1117 1105 ὀλίγοι
1167 1038 1224 1091 δὲ
1276 1038 1553 1104 ὲκλεκτοί;
1613 1058 1632 1089 ι
1681 1037 1776 1090 καὶ

192 1131 393 1186 πάλιν·
432 1150 453 1183 ι
491 1129 659 1200 Στενὴ
689 1131 782 1183 καὶ
808 1129 1142 1200 τεθλιμμένη
1183 1131 1216 1199 ἡ
1256 1129 1376 1193 ὁδὸς
1414 1132 1448 1200 ὴ
1489 1129 1775 1198 ἀπάγουσα

194 1228 275 1288 είς
293 1225 394 1295 τὴν
416 1221 584 1295 ζωὴν,
607 1223 701 1276 καὶ
723 1222 893 1290 ὀλίγοι
918 1224 1055 1275 εἰσὶν
1075 1224 1124 1274 οἱ
1152 1221 1495 1292 εὑρίσκοντες
1515 1225 1718 1294 αὑτήνς
1750 1243 1769 1275 ι

193 1314 292 1381 Τίς
325 1311 418 1368 οὖν
451 1310 511 1367 εὖ
545 1312 754 1383 φρονῶν
779 1312 878 1365 οὐκ
908 1311 1127 1381 εὔχεται
1154 1312 1261 1364 τῶν
1288 1312 1483 1382 ὀλίγων
1512 1308 1776 1368 εἶναιτῶν

193 1408 282 1462 διὰ
307 1407 410 1477 τῆς
443 1407 633 1476 στενῆς
670 1405 945 1458 εἰσιόντων
979 1406 1059 1467 εἰς
1107 1405 1405 1476 σωτηρίαν,
1439 1406 1472 1476 ἢ
1506 1405 1618 1460 τῶν
1647 1407 1776 1461 πολ-

193 1499 322 1561 λῶν,
347 1498 456 1552 τῶν
476 1497 565 1550 διὰ
591 1497 692 1567 τῆς
718 1495 979 1559 πλατείας
1008 1499 1089 1559 είς
1120 1495 1393 1550 ἀπώλειαν
1416 1496 1772 1568 ὼθουμένων;

193 1591 293 1655 Τίς
326 1591 385 1644 δὲ
413 1591 516 1643 οὐκ
547 1589 613 1643 ἂν
642 1587 990 1658 ὲπιθυμήσοι,
1025 1589 1074 1640 εί
1115 1588 1257 1641 κατὰ
1283 1588 1373 1641 τὸν
1404 1590 1594 1660 καιρὸν
1631 1592 1774 1643 ἐκεῖ·

195 1700 287 1739 νον
313 1681 502 1752 ἔτυχεν
527 1678 602 1733 ὢν
626 1680 725 1750 τῆς
754 1679 1034 1750 ἀθλήσεως
1056 1677 1151 1731 τοῦ
1183 1680 1450 1752 μακαρίου
1479 1682 1774 1749 Στεφάνου,

193 1776 293 1847 τῆς
332 1776 542 1829 ἐκείνου
577 1773 791 1844 μερίδος
829 1770 1106 1840 γενέσθαι,
1130 1769 1223 1823 τοῦ
1258 1772 1419 1842 μόνου
1467 1776 1579 1836 τοῖς
1607 1773 1774 1836 λίθοις

196 1843 553 1938 βαλλομένου,
581 1843 691 1918 τοῦ
730 1864 894 1916 πᾶσιν
937 1863 1017 1927 εἰς
1063 1861 1275 1931 γέλωτα
1326 1865 1707 1937 προκειμένου,
1739 1864 1772 1936 ἢ
1804 1843 1847 1896 Β

193 1958 307 2013 τῶν
329 1959 504 2030 ὄχλων
533 1957 644 2011 τῶν
676 1956 935 2026 οἰομένων
957 1955 1018 2008 τὸ
1045 1955 1356 2022 ἀξιόπιστον
1380 1960 1445 2010 ὲκ
1470 1959 1568 2029 τῆς
1601 1958 1777 2028 κακῆς

193 2051 485 2114 αύθεντίας
508 2067 524 2114 ;
556 2044 651 2111 Εἷς
673 2047 976 2118 εὐδοκιμῶν
1001 2048 1389 2120 προτιμότερος
1418 2048 1558 2120 ὑπὲρ
1583 2048 1779 2120 μυριά-

193 2144 294 2207 δας
314 2140 578 2211 αὐθαδείᾳ
608 2138 1031 2210 σεμνυνομένας,
1054 2137 1129 2202 ὡς
1159 2139 1251 2192 καὶ
1287 2140 1379 2192 ἐπὶ
1408 2139 1504 2210 τῆς
1537 2139 1777 2203 Παλαιᾶς

193 2230 472 2302 Διαθήκης
498 2229 827 2301 εὑρίσκομεν
845 2244 859 2257 ’
896 2229 954 2280 ὲν
1039 2227 1275 2298 χιλιάδες
1311 2227 1410 2298 μὲν
1433 2227 1655 2281 ἔπιπτον
1681 2226 1774 2280 τοῦ

193 2322 326 2377 λαοῦ
372 2320 618 2393 θεηλάτῳ
652 2320 854 2390 πληγῇ,
893 2318 1051 2389 μόνος
1098 2318 1156 2372 δὲ
1206 2320 1234 2372 ὁ
1278 2319 1462 2382 Φινεὲς
1508 2318 1660 2390 ἔστη,
1683 2319 1778 2372 καὶ

202 2412 511 2478 ὲξιλάσατο,
562 2410 659 2464 καὶ
711 2409 980 2463 ἐκόπασεν
1027 2410 1061 2479 ή
1112 2407 1358 2479 θραῦσις.
1410 2410 1471 2461 Et
1517 2410 1575 2463 δὲ
1625 2405 1777 2463 εἶπεν

194 2505 406 2566 ἐκεῖνος
424 2518 438 2533 ⁸
472 2503 598 2565 Πῶς
620 2500 880 2572 τολμήσει
905 2498 1039 2573 [τις]
1072 2501 1209 2572 πρὸς
1245 2501 1313 2555 τὰ
1343 2500 1645 2571 συμφώνως
1672 2502 1778 2555 ὑπὸ

198 2594 477 2649 τοσούτων
522 2594 820 2665 γενόμενα;
848 2593 965 2658 πῶς
1013 2594 1262 2648 ἐναντίαν
1306 2594 1579 2665 ὲπιθῶμαι
1603 2594 1778 2664 ψῆφον

195 2685 309 2740 τῶν
330 2683 476 2739 οὕτω
522 2685 823 2756 κρινάντων
853 2686 986 2755 ζῇν;
1016 2682 1127 2738 οὔτ’
1156 2684 1221 2739 ἂν
1253 2683 1415 2749 αὐτὸς
1437 2684 1775 2757 ἠρίστευσεν,

196 2775 314 2831 οὔτ’
345 2777 413 2831 ἂν
458 2776 521 2830 τὸ
562 2776 734 2831 κακὸν
773 2776 999 2848 ἔστησεν
1022 2794 1036 2808 ο
1069 2776 1181 2831 οὔτ’
1217 2777 1283 2831 ἂν
1309 2779 1359 2831 οί
1389 2777 1565 2831 λοιποὶ
1594 2776 1781 2831 διεσώ-

199 2869 395 2941 θησαν,
426 2868 540 2922 οὖτ’
568 2869 634 2923 ἂν
663 2869 794 2933 Θεὸς
820 2870 919 2940 τὴν
949 2869 1232 2940 εὐμένειαν
1258 2870 1565 2941 ἐχαρίσατο.
1600 2868 1778 2923 Καλὸν

199 2956 317 3026 οὖν,
348 2960 514 3014 καλὸν
546 2960 642 3013 καὶ
673 2960 736 3013 τὸ
778 2960 875 3013 ἕνα
907 2960 1113 3013 δίκαιον
1150 2961 1638 3033 παρρησιάζεσθαι,
1683 2961 1779 3014 καὶ⁸

199 3054 264 3109 τὸ
297 3052 509 3107 πολλῶν
536 3051 854 3124 συμφωνίαν
881 3051 1065 3107 ἄδικον
1092 3052 1334 3107 λύεσθαι.
1382 3052 1540 3106 Ἀλλὰ
1578 3053 1642 3107 σὺ
1680 3053 1778 3124 μὲν

1869 588 2013 643 enim
2048 588 2319 660 myriades
2347 588 2480 643 mihi
2509 587 2885 659 persuaserint
2947 596 3003 641 ut
3047 586 3191 641 diem
3231 595 3450 643 noctem

1870 695 1992 736 esse
2016 679 2292 735 statuam?
2325 688 2384 733 ut
2412 695 2615 734 aereum
2647 677 2921 733 numisma
2952 692 3049 746 pro
3083 691 3250 732 aureo
3278 694 3450 748 agno-

1872 784 2021 825 scam
2049 777 2104 824 et
2137 769 2446 839 accipiam?
2475 776 2533 823 ut
2582 777 2828 838 apertum
2859 771 3011 824 virus
3060 785 3160 839 pro
3202 784 3451 841 congruo

1872 854 2472 918 nulrimentosumam‘!
2486 860 2689 917 Deinde
2709 877 2889 916 rerum
2906 863 3245 917 terrestrium
3269 863 3443 932 gratia

1871 970 1979 1008 non
2026 968 2287 1008 curamus
2327 953 2729 1008 multitudinem
2755 952 2893 1008 falso
2922 954 3347 1017 nominatornm,
3387 962 3445 1008 et

1870 1043 2030 1116 5,93
2060 1044 2115 1097 in
2161 1043 2476 1099 coelestibus
2519 1042 2865 1113 dogmatibus
2916 1044 3063 1097 nulla
3106 1043 3444 1099 demonstra.

1873 1135 2020 1188 tione
2053 1133 2249 1189 fultum
2280 1149 2478 1205 sequar
2511 1144 2728 1199 nutum,
2761 1135 2829 1190 ab
2873 1135 2941 1191 iis
2987 1135 3197 1191 scilicet
3230 1136 3443 1192 disces-

1874 1243 2057 1291 surus,
2091 1242 2212 1296 quae
2255 1242 2452 1297 magno
2481 1242 2773 1291 consensu,
2808 1228 3103 1298 multisque
3133 1227 3447 1299 Scriptura-

1872 1333 1993 1372 rum
2024 1318 2350 1373 testimoniis
2390 1318 2502 1385 jam
2543 1317 2670 1372 inde
2702 1318 2769 1372 ab
2800 1318 3198 1387 antiquissimis
3235 1327 3445 1387 tempo-

1872 1409 2025 1465 ribus
2081 1419 2207 1465 sunt
2263 1408 2502 1463 tradita?
2544 1408 2737 1462 Annon
2790 1408 3097 1463 audivimus
3152 1407 3445 1463 Dominum

1872 1501 2145 1557 dicentem
2168 1519 2180 1555 :
2206 1518 2225 1551 ι
2257 1501 2409 1555 Multi
2435 1508 2561 1555 sunt
2584 1501 2783 1565 vocati,
2802 1501 2959 1571 pauci
2984 1517 3110 1555 vero
3137 1502 3293 1555 electi
3313 1501 3355 1532 ³⁸
3372 1501 3396 1555 ?
3416 1520 3439 1552 ι

1873 1600 1927 1647 ει
1957 1591 2153 1646 iterum
2185 1610 2198 1647 :
2243 1610 2263 1643 ι
2304 1592 2546 1662 Angusta
2573 1601 2674 1656 est,
2705 1600 2759 1646 et
2788 1593 2977 1647 stricta
3004 1594 3110 1657 via,
3146 1609 3267 1662 qua:
3294 1592 3442 1647 ducit

1875 1685 1942 1739 ad
1962 1684 2147 1747 vitam,
2169 1692 2223 1738 et
2252 1684 2409 1753 pauci
2427 1692 2555 1739 sunt
2583 1685 2677 1754 qui
2708 1685 2990 1738 inveniunt
3018 1700 3136 1739 eam
3160 1684 3242 1738 ”?
3265 1706 3282 1736 ι
3306 1682 3450 1750 Quis

1877 1776 2039 1845 igitur
2067 1790 2198 1829 sana
2234 1784 2412 1829 tuente
2440 1775 2700 1844 praeditus
2727 1791 2833 1829 non
2867 1775 3015 1829 malit
3058 1775 3112 1829 in
3142 1791 3444 1845 paucorum

1874 1881 1998 1921 esse
2033 1880 2282 1930 numero,
2318 1880 2412 1935 per
2458 1874 2745 1937 angustam
2776 1866 2840 1919 ad
2872 1867 3099 1921 salutem
3134 1866 3443 1935 ingredien-

1874 1955 2031 2018 tium,
2059 1971 2221 2024 quam
2247 1957 2541 2009 multorum
2572 1970 2666 2023 per
2692 1956 2854 2008 latam
2885 1955 2950 2008 ad
2976 1955 3250 2010 interitum
3285 1970 3450 2008 ruen-

1874 2048 2046 2101 tium?
2071 2046 2204 2113 Quis
2240 2062 2394 2112 vero,
2422 2047 2466 2101 si
2497 2054 2629 2101 tetas
2658 2062 2755 2102 sua
2788 2049 2841 2101 in
2883 2057 3097 2117 tempus
3127 2047 3450 2101 certaminis

1876 2141 2050 2196 sancti
2080 2139 2340 2210 Stephani
2371 2141 2672 2203 incidisset,
2696 2155 2805 2193 non
2832 2139 2901 2193 ab
2922 2140 3068 2195 illius
3092 2139 3276 2209 potius
3298 2147 3445 2194 stare

1874 2231 2123 2301 partibus
2170 2238 2498 2299 ex0ptas5et,
2540 2230 2633 2300 qui
2681 2230 2834 2285 solus
2866 2229 3137 2300 lapidibus
3192 2229 3444 2292 obrutus,

1876 2324 2028 2380 solus
2060 2322 2315 2378 omnibus
2358 2321 2689 2377 deridendus
2721 2322 2821 2377 fuit
2853 2323 3188 2392 propositus,
3224 2336 3387 2391 quam
3413 2336 3446 2375 a

1876 2423 2028 2487 parte
2050 2416 2195 2486 vulgi
2226 2430 2293 2469 ex
2330 2430 2495 2485 prava
2530 2415 2703 2471 turbae
2735 2415 3055 2470 auctoritate
3082 2429 3264 2468 veram
3287 2411 3445 2466 ﬁdem

1874 2508 2238 2564 aestimantis?
2283 2507 2455 2577 Major
2497 2508 2680 2564 honos
2723 2507 3007 2563 habendus
3056 2515 3170 2570 est,
3224 2509 3307 2579 vel
3352 2505 3447 2560 uni

1875 2600 2115 2669 probatae
2145 2598 2267 2653 lidei
2296 2599 2434 2662 viro,
2492 2613 2656 2667 quam
2698 2599 2883 2654 decem
2915 2599 3146 2652 aliorum
3178 2597 3446 2657 millibus,

1877 2693 1967 2762 qui
1997 2708 2055 2748 se
2085 2691 2408 2747 insolentius
2432 2691 2704 2760 jactitant.
2737 2691 2908 2759 Cujus
2937 2689 3014 2744 rei
3044 2689 3352 2758 exemplum
3387 2688 3447 2742 in

1876 2782 2059 2838 Veteri
2112 2797 2330 2852 Quoque
2379 2782 2731 2837 Testamento
2765 2781 3009 2835 invenire
3059 2787 3175 2843 est,
3224 2778 3313 2832 ubi
3349 2779 3449 2831 ali-

1876 2882 2009 2943 quot
2038 2872 2315 2928 hominum
2340 2872 2580 2939 millibus
2606 2872 2758 2928 clade
2779 2871 3039 2926 divinitus
3073 2870 3317 2924 immissa
3347 2883 3444 2922 oc-

1878 2963 2280 3023 cumbentibus,
2315 2963 2463 3018 solus
2494 2962 2725 3018 Phinees
2774 2963 2926 3016 Stetit
2959 2971 3012 3016 et
3063 2960 3228 3014 Deum
3264 2959 3451 3029 placa-

1877 3055 1977 3120 vit,
2010 3054 2355 3123 cohibitaque
2393 3061 2477 3109 est
2519 3054 2722 3110 clades.
2763 3053 2919 3120 Quod
2949 3052 2993 3108 si
3041 3051 3267 3106 dixisset
3312 3050 3444 3104 ille:

201 3146 567 3218 προτίμησον,
606 3146 656 3198 εί
687 3145 852 3209 δοκεῖ,
900 3144 995 3198 τοῦ
1028 3145 1336 3216 σωζομένου
1384 3145 1508 3199 Νῶε
1546 3146 1608 3199 τὸ
1643 3145 1776 3199 ὐπο-

1879 3145 2019 3213 Quid
2045 3147 2167 3218 quis
2199 3146 2463 3202 adversus
2486 3153 2687 3201 tantam
2719 3146 2931 3217 sibique
2963 3144 3066 3214 ipsi
3097 3142 3450 3198 consentien-

203 3236 429 3309 ϐρύχιον
466 3236 703 3308 πλῆθος·
739 3237 862 3307 ἐμοὶ
900 3236 957 3289 δὲ
1002 3236 1355 3328 συγχώρησον
1402 3240 1468 3309 τῇ
1504 3239 1631 3300 τοὺς
1670 3236 1779 3290 ὀλί-

201 3345 335 3398 γους
367 3328 565 3401 ἐχούσῃ
599 3328 815 3401 κιϐωτῷ
845 3329 1236 3401 προσδραμεῖν.
1285 3329 1395 3383 Καὶ
1443 3330 1508 3382 σὺ
1560 3329 1677 3400 μὲν,
1729 3330 1778 3381 εί

204 3420 406 3491 βούλει,
460 3420 623 3485 τάξον
675 3423 901 3476 σεαυτὸν
956 3421 1097 3492 μετὰ
1148 3420 1357 3475 πολλῶν
1402 3422 1460 3474 ὲν
1489 3421 1740 3491 Σοδόμοις
1759 3438 1773 3451 ·

201 3510 315 3581 ἐγὼ
338 3511 399 3565 δὲ
441 3510 744 3566 συνοδεύσω
788 3510 867 3582 τῷ
894 3512 1017 3565 Λὼτ
1036 3551 1051 3575 ,
1100 3510 1203 3566 κᾶν
1251 3511 1409 3582 μόνος
1447 3511 1557 3565 τῶν
1608 3511 1778 3582 ὄχλων

202 3601 595 3672 συμφερόντως
639 3601 962 3673 χωρίσηται.
997 3601 1143 3672 Πλὴν
1175 3602 1299 3673 ἐμοὶ
1339 3602 1432 3655 καὶ
1464 3600 1666 3671 πλῆθος
1691 3604 1777 3654 αξ-

200 3690 459 3763 δέσιμον,
513 3693 575 3746 ού
615 3692 677 3745 τὸ
711 3691 911 3762 φεῦγον
957 3692 1221 3759 ἐξέτασιν,
1268 3692 1405 3746 ἀλλὰ
1444 3693 1505 3747 τὸ
1546 3693 1780 3765 παρέχον

205 3782 515 3849 ἀπόδειξιν·
547 3782 607 3835 οὐ
641 3781 702 3835 τὸ
743 3781 955 3854 πικρῶς
1001 3782 1357 3853 ἀμυνόμενον,
1394 3781 1528 3835 ἀλλὰ
1575 3782 1637 3835 τὸ
1670 3800 1779 3835 πα-

204 3873 407 3948 τρικῶς
430 3872 811 3945 διορθούμενον
833 3891 847 3905 ·
881 3875 941 3927 οὐ
971 3873 1034 3927 τὺ
1061 3877 1248 3946 χαῖρον
1280 3874 1618 3946 καινοτομίᾳ,
1646 3872 1782 3927 ἀλλὰ

202 3967 263 4021 τὺ
294 3966 564 4036 φυλάττον
592 3965 850 4039 πατρῴαν
875 3967 1257 4039 κληρονομίαν.
1295 3968 1454 4020 Ποῖον
1474 3966 1530 4019 δέ
1569 3984 1659 4037 μοι
1686 3967 1782 4020 καὶ

204 4059 407 4131 πλῆθος
436 4059 655 4129 λέγεις;
691 4060 766 4113 Τὸ
803 4060 1073 4132 μισθωθὲν
1117 4040 1380 4132 κολακείᾳ
1426 4062 1519 4113 καί⁸
1550 4059 1778 4131 δώροις,

202 4152 262 4206 τὺ
288 4151 497 4206 κλαπὲν
519 4151 762 4223 ἀμαθείᾳ
787 4168 848 4205 τε
874 4154 968 4206 καὶ
991 4153 1202 4224 ἀγνοίᾳ,
1227 4152 1289 4205 τὸ
1305 4150 1592 4215 πεπτωκὸς
1612 4150 1784 4222 δειλία

203 4258 263 4296 τε
293 4244 391 4298 καὶ¹
422 4243 598 4314 φόϐῳ,
654 4243 716 4296 τὸ
752 4245 1100 4315 προτιμῆσαν
1135 4245 1466 4317 πρόσκαιρον
1508 4243 1784 4317 ἁμαρτίας

207 4335 504 4389 ἀπόλαυσιν
536 4334 639 4405 τῆς
686 4334 905 4389 αἰωνίου
935 4334 1109 4407 ζωῆς,
1142 4336 1285 4408 ἆπερ
1330 4335 1514 4389 πολλοὶ
1538 4334 1785 4407 φανερῶς

1879 3248 1989 3294 tem
2033 3239 2176 3293 ausit
2215 3237 2659 3292 multitudinem?
2701 3238 2795 3307 qui
2838 3235 3051 3290 calculo
3097 3248 3218 3289 meo
3247 3233 3453 3302 impro-

1879 3331 2019 3386 babo
2042 3346 2203 3401 quam
2233 3331 2311 3386 illi
2330 3331 2578 3401 delegere
2599 3329 2763 3383 vitam
2781 3329 2805 3383 ?
2826 3343 2934 3383 non
2962 3342 3093 3383 sane
3120 3333 3213 3379 aut
3239 3323 3456 3377 fortiter

1878 3438 1938 3478 se
1985 3423 2245 3493 gessisset
2293 3430 2387 3476 aut
2435 3421 2787 3493 repressisset
2832 3419 3035 3473 malum
3073 3437 3085 3472 :
3118 3433 3225 3471 non
3256 3412 3451 3484 reliqui

1878 3515 2013 3570 salvi
2050 3513 2299 3578 fuissent,
2330 3530 2438 3568 non
2470 3529 2567 3568 sua
2595 3529 2691 3568 eos
2720 3512 3097 3567 benevolentia
3134 3511 3273 3564 Deus
3313 3508 3448 3562 luis-

1880 3613 1961 3661 set
1986 3605 2260 3674 dignatus.
2285 3604 2475 3676 Opera:
2502 3605 2667 3675 igitur
2689 3606 2923 3675 pretium
2953 3610 3057 3664 est,
3081 3609 3140 3654 ut
3167 3602 3281 3655 sive
3304 3613 3450 3653 unus

1877 3699 1963 3752 vir
2010 3697 2217 3769 probus
2260 3698 2431 3752 libere
2463 3706 2587 3768 agat
2639 3705 2692 3752 et
2749 3697 3025 3767 loquatur,
3078 3695 3194 3749 sive
3248 3707 3451 3761 pravus

1880 3790 2175 3845 multorum
2216 3804 2520 3845 consensus
2550 3790 2813 3844 solvatur.
2850 3787 2919 3841 At
2949 3797 3028 3850 tu,
3059 3786 3107 3840 si
3138 3785 3308 3849 lubet,
3335 3781 3452 3836 Noe

1881 3889 2095 3935 servato
2123 3879 2428 3935 demersam
2453 3879 2855 3933 multitudinem
2880 3884 3179 3945 antepone:
3206 3872 3453 3941 mihique

1880 3972 2119 4028 concede
2171 3981 2231 4026 ut
2259 3973 2326 4027 ad
2358 3988 2542 4027 arcam
2578 3987 2880 4043 paucorum
2910 3967 3316 4039 receptaculum
3360 3978 3454 4018 ac-

1879 4082 2118 4123 curram.
2139 4066 2242 4134 Tu,
2279 4070 2324 4123 si
2360 4069 2560 4139 placet,
2592 4083 2716 4122 cum
2738 4067 2896 4121 turba
2926 4063 3178 4120 Sodomis
3209 4059 3450 4118 sociare.

1881 4174 1981 4229 ego
2008 4157 2181 4213 Lotho
2208 4174 2395 4215 comes
2440 4175 2535 4214 ero
2563 4158 2698 4223 vite,
2735 4158 2949 4213 etiamsi
3001 4156 3152 4210 solus
3194 4153 3311 4222 ipse
3354 4163 3454 4219 pro

1883 4253 2059 4306 salute
2097 4266 2195 4306 sua
2240 4266 2360 4307 sese
2398 4267 2428 4305 a
2471 4252 2629 4307 turba
2661 4250 2978 4322 segregarit.
3012 4246 3281 4302 Caeterum
3320 4240 3453 4295 mihi

1884 4343 2241 4399 nihilominus
2294 4343 2602 4399 veneranda
2654 4342 2969 4403 multitudo,
3022 4354 3134 4394 non
3185 4335 3278 4390 illa
3332 4347 3456 4402 qua:

204 4425 596 4498 ὡμολόγησανς
627 4426 827 4498 Πλήθει
872 4426 933 4480 τὸ
985 4426 1179 4498 ψεῦδος
1214 4427 1541 4501 κρατύνεις;
1576 4426 1777 4494 ἔδειξας

1883 4434 2319 4506 disquisitionem
2355 4435 2514 4507 fugit,
2548 4436 2643 4491 sed
2675 4450 2797 4506 quae
2842 4433 3219 4505 probationem
3252 4427 3410 4482 affert
3439 4442 3453 4477 :

200 4517 294 4574 τοῦ
342 4518 521 4575 δεινοῦ
564 4519 663 4590 τὴν
707 4518 958 4573 ἐπίτασιν
983 4532 999 4548 ⁶
1051 4521 1162 4591 ὅσῳ
1196 4519 1305 4593 γὰρ
1350 4520 1569 4585 πλείους
1601 4523 1659 4574 ὲν
1701 4520 1777 4592 τῷ

1881 4542 1991 4582 non
2018 4543 2139 4597 qua:
2164 4528 2361 4583 acerbe
2398 4537 2623 4599 pugnat,
2655 4527 2748 4584 sed
2784 4542 2906 4597 qua:
2929 4534 3151 4596 paterne
3188 4516 3414 4586 corrigit
3440 4531 3456 4566 :

203 4610 379 4684 κακῷ,
408 4611 648 4682 τοσούτῳ
679 4610 877 4682 μείζων
911 4614 944 4683 ἡ
972 4613 1243 4684 συμφορά.

1885 4633 1995 4672 non
2025 4633 2159 4688 quae.
2179 4617 2377 4689 gaudet
2406 4617 2662 4680 novitate,
2700 4616 2797 4673 sed
2822 4632 2943 4687 quae
2969 4620 3247 4684 paternam
3277 4606 3459 4659 servat

202 4701 598 4758 hatreditatem.
642 4701 724 4757 Tu
767 4717 896 4758 vero
937 4704 1153 4774 qualem
1197 4703 1329 4758 mihi
1355 4703 1761 4761 multitudinem
1790 4710 2079 4765 nominas?
2110 4709 2241 4765 Eam
2272 4710 2555 4773 nimirum,
2619 4724 2740 4779 qua!
2795 4707 3111 4762 adulatione
3160 4709 3213 4758 et
3269 4711 3459 4754 mune-

203 4796 358 4851 ribus
391 4794 667 4850 conducta
693 4803 775 4850 est
805 4812 819 4849 :
848 4809 991 4858 eam,
1024 4810 1149 4865 quae
1178 4794 1451 4866 imperitia
1479 4804 1531 4850 et
1559 4796 1779 4851 inscitia
1806 4799 2026 4870 abrepta
2052 4807 2137 4856 est
2162 4839 2178 4865 ,
2253 4815 2395 4868 eam,
2448 4814 2568 4870 quae
2622 4800 2774 4869 lapsa
2841 4797 3131 4851 timiditate
3177 4802 3230 4847 et
3260 4798 3405 4845 metu
3435 4827 3453 4851 ρ

200 4900 345 4952 eam,
381 4901 505 4956 qua:
553 4894 1001 4943 momentaneam-
1042 4889 1252 4958 peccati
1282 4890 1618 4958 voluptatem
1662 4891 1790 4945 vita:
1825 4892 2045 4962 praefert
2082 4898 2302 4948 aeterna:
2366 4912 2381 4946 :
2443 4892 2499 4947 id
2531 4892 2675 4962 quod
2728 4891 2883 4945 multi
2925 4890 3098 4960 palam
3146 4890 3274 4940 sunt
3322 4895 3457 4935 con-

203 4980 356 5035 fessi.
396 4977 747 5033 Multitudine
778 4979 1124 5036 mendacium
1157 4970 1427 5037 roboras?
1465 4980 1593 5035 mali
1622 4981 2021 5038 vehementiam
2074 4984 2275 5039 innuis.
2298 4982 2413 5038 Hoc
2431 4985 2576 5038 enim
2623 4983 2799 5052 major
2842 4992 2926 5037 est
2972 4978 3288 5042 calamitas,
3348 4986 3457 5044 quo

202 5077 392 5147 plures
420 5070 568 5125 malo
599 5078 730 5126 sunt
758 5072 1041 5142 implicati.

961 5184 1028 5236 ll.
2636 5179 2704 5236 ll.

204 5302 363 5369 Πρὸς
401 5297 548 5363 τοὺς
579 5297 938 5369 κελεύοντας
975 5296 1061 5364 μὴ
1085 5294 1212 5369 δεῖν
1248 5294 1369 5369 dm:
1401 5294 1656 5369 Γραφῶν
1692 5294 1785 5369 τη-

278 5364 402 5494 te}?
454 5369 494 5436 ἢ
541 5366 789 5432 λαλεῖν,
835 5366 1244 5436 ἀρκουμένους
1294 5364 1369 5433 τῇ
1406 5367 1540 5434 παρ’
1578 5366 1783 5434 αἰτεῖς

277 5457 321 5493 π
350 5456 506 5495 στει.

276 5532 354 5586 Τὸ
386 5531 486 5602 μὲν
528 5524 623 5582 οὖν
655 5528 817 5598 μηδὲν
862 5525 998 5582 εἶναι
1042 5526 1140 5599 τὴν
1186 5528 1405 5600 ἄκριτον
1431 5527 1540 5581 τῶν
1568 5526 1777 5583 πολλῶν

1955 5525 2173 5582 διιιιίιιε
2198 5539 2328 5595 ergo
2348 5523 2507 5595 pretii
2531 5537 2653 5579 esse
2682 5520 3140 5578 inconsideratum
3165 5518 3458 5573 multorum

210 5622 557 5695 συμφωνίαν,
588 5616 739 5690 οἶμαι
772 5620 907 5692 μηδὲ
931 5620 1058 5683 τοὺς
1106 5616 1359 5683 ἐναντίως
1388 5620 1520 5690 ἡμῖν
1560 5618 1777 5691 ἔχοντας

1887 5634 2240 5686 consensum,
2278 5633 2345 5675 ne
2379 5616 2724 5676 adversarios
2753 5617 2972 5689 quidem
3004 5614 3340 5670 inticiatnros
3370 5626 3462 5668 ar-

1887 5299 2152 5354 Adversus
2185 5313 2271 5351 eos
2302 5298 2392 5365 qui
2431 5312 2522 5350 nec
2550 5294 2889 5365 quwrendum
2929 5308 3023 5365 nec
3052 5288 3365 5365 loquendum
3394 5303 3463 5343 ea:

2022 5361 2667 5438 Scriptura—praemium,
2698 5382 2796 5419 sua
2823 5365 2921 5433 ipsi
2949 5361 3053 5433 ﬁde
3080 5361 3330 5417 contenti.

295 5783 342 5818 ³³
380 5781 576 5838 Matth.
616 5779 860 5845 ιςιι,14.
934 5778 979 5811 ³⁸
1012 5778 1203 5837 Matth.
1241 5793 1347 5844 ru,
1391 5776 1469 5831 ιι.
