3976 6388
506 299 646 353 15ίῦ

1665 303 1723 359 ε.
1767 303 2231 360 ΑτιιΑΝΑδιυδ.
2270 331 2340 345 --
2378 303 2600 362 DL'BIA.

3610 318 3738 376 13η

505 405 700 462 bitror.
730 406 884 464 Nunc
912 409 978 464 ad
1025 411 1232 481 reliqua
1263 414 1419 470 nobis
1453 416 1909 486 progrediendum
1958 427 2064 483 est,

2171 417 2351 473 λοιπὸν
2384 419 2662 491 ἀντερεῖν·
2692 397 2824 493 ἡμῖν
2836 423 2893 476 δὲ
2919 424 3054 479 ίτέον
3083 425 3220 497 πρὸς
3234 428 3302 482 τὰ
3335 430 3479 502 ἑξῆς,
3539 434 3637 488 καὶ
3664 436 3742 501 ἐξ·

502 500 945 572 confutaudaqne
969 519 1154 558 eorum
1189 507 1417 560 audacia
1472 510 1565 578 qui
1595 524 1755 565 omne
1787 525 2066 566 sacrarum

510 590 810 646 litterarum
871 593 1111 648 studium
1167 611 1629 666 supervacaneum
1679 616 1803 656 esse
1847 612 2073 673 conten-

507 684 664 746 dum,
731 692 844 738 tum
902 686 1048 756 quod
1099 688 1318 757 propria
1379 689 1580 760 cuique
1631 689 1763 748 ﬁdes
1805 692 2071 762 suﬂiciat,

505 783 619 827 tum
671 777 812 846 quod
861 778 1140 849 inquisitio
1192 780 1543 838 obscuriores
1596 784 1754 841 nobis
1802 801 1892 843 res
1926 788 2074 857 ipsas

507 865 713 919 reddat.
756 868 1072 937 Agnoscunt
1141 872 1349 928 scilicet
1396 874 1486 929 isti
1524 876 1628 945 ipsi
1660 878 1747 932 sui
1799 878 2073 949 dogmatis

506 958 896 1016 inﬁrmitatem.
927 960 1038 1017 Nos
1070 979 1200 1020 vero
1240 974 1293 1021 et
1326 971 1566 1039 mysterii
1594 971 1811 1026 veritati
1855 984 1909 1029 et
1951 975 2074 1043 ejus

504 1049 596 1115 qui
626 1049 911 1106 verissime
939 1051 1112 1118 dixit,
1143 1075 1160 1105 ι
1186 1054 1377 1114 Omnis
1396 1060 1488 1129 qui
1522 1062 1714 1130 quaerit
1746 1062 2067 1129 invenit“,i

502 1140 705 1194 auxilio
733 1144 1090 1207 conlidentes,
1121 1153 1175 1203 et
1205 1149 1502 1218 quaerimus
1532 1161 1592 1207 ut
1623 1162 1857 1224 oportet,
1887 1163 1941 1211 et
1986 1158 2068 1211 in-

501 1230 753 1285 venimus
812 1248 934 1302 qua:
969 1243 1203 1305 oportet,
1229 1247 1284 1292 et
1310 1238 1750 1301 demonstramus
1784 1261 1904 1315 qua:
1932 1246 2070 1302 dici-

505 1336 650 1384 mus,
678 1330 733 1376 et
762 1323 828 1377 ad
858 1340 1042 1379 verum
1068 1342 1291 1397 scopum
1323 1333 1593 1388 sermonis
1617 1336 1983 1391 attendimus:
2015 1344 2073 1391 ut

500 1420 557 1466 et
594 1411 910 1469 domesticis
942 1417 1390 1485 persuadeamus,
1438 1427 1494 1475 et
1536 1420 1878 1480 adversarios
1908 1425 2072 1480 refel-

505 1502 702 1566 lamus,
737 1512 789 1558 et
815 1506 1179 1576 nosmetipsos
1206 1525 1303 1579 per
1329 1511 1734 1581 inquisitionem
1764 1515 2074 1571 lucrifacia-

506 1608 662 1657 mus,
697 1605 758 1648 ut
800 1594 1035 1667 denique
1064 1614 1172 1653 non
1212 1601 1530 1659 inconstans
1561 1604 1754 1676 dogma
1802 1622 2075 1677 prepona-

2172 510 2450 580 ελεγκτέον
2467 513 2566 585 τὴν
2593 513 2793 583 τόλμαν
2815 515 2923 568 τῶν
2942 518 3201 590 περιττὴν
3227 515 3367 575 εἶναι
3391 524 3490 593 τὴν
3502 527 3632 597 περὶ
3649 528 3739 593 τὰς

2173 602 2335 671 άγίας
2378 604 2601 676 Γραφάς
2635 606 3088 678 ἀποφαινομένων
3112 609 3412 686 διατριϐὴν,
3435 616 3512 680 ὼς
3543 620 3736 689 ἀρκού-

2175 710 2274 765 σης
2314 692 2530 766 ἑκάστῳ
2568 696 2667 764 τῆς
2710 698 2914 763 οἰκείας
2941 698 3196 766 πίστεως,
3230 705 3324 758 καὶ
3368 707 3568 777 μᾶλλον
3614 711 3742 764 ἀσά-

2173 802 2331 855 φειαν
2357 786 2689 859 ἐμποιούσης
2716 790 2847 860 ⁴ἡμῖν
2886 794 2984 863 τῆς
3023 790 3324 864 ζητήσεως.
3353 797 3541 851 Ταῦτα
3564 799 3621 852 δὲ
3650 819 3742 854 κα-

2171 881 2616 946 ταγινωσκόντων
2662 884 2809 937 ἐστὶν
2855 884 2928 948 ὡς
2983 886 3291 941 ἀσυστάτου
3329 889 3425 943 τοῦ
3455 892 3739 963 δόγματος.

2184 966 2320 1020 Ἀλλ’
2368 970 2528 1038 ἡμεῖς
2568 970 2893 1043 Θαρροῦντες
2932 978 2997 1046 τῇ
3042 976 3273 1051 ἀληθεία
3306 980 3402 1034 τοῦ
3447 986 3741 1055 μυστηρίου

2172 1059 2266 1111 καὶ
2292 1062 2356 1131 τῇ
2392 1059 2611 1133 βοηθείᾳ
2634 1063 2729 1116 τοῦ
2762 1065 3045 1135 ἀψευδοῦς,
3078 1069 3347 1137 είπόντος,
3392 1090 3413 1124 ι
3446 1074 3564 1139 Πᾶς
3591 1078 3620 1129 ὸ
3652 1077 3741 1148 ζη-

2170 1149 2279 1202 τῶν
2306 1151 2569 1222 εὑρίσκει,
2602 1172 2623 1206 ι
2657 1155 2753 1208 καὶ
2774 1154 3043 1228 ζητοῦμεν
3072 1158 3150 1224 ὡς
3175 1160 3272 1227 δεῖ,
3298 1164 3394 1216 καὶ
3421 1165 3742 1237 εὑρίσκομεν

2170 1240 2207 1295 ἀ
2238 1242 2339 1306 δεῖ,
2375 1244 2469 1296 καὶ
2505 1244 2643 1314 μετά
2667 1247 2990 1313 ἀποδείξεως
3029 1250 3283 1322 λέγομεν,
3314 1254 3408 1308 καὶ
3436 1258 3577 1326 μετά
3621 1277 3742 1330 προ-

2171 1333 2372 1398 θέσεως
2395 1336 2623 1407 γνησίας
2645 1337 2935 1410 ἀκούομεν,
2967 1341 3044 1405 ὡς
3078 1344 3322 1409 καὶτοὺς
3358 1348 3600 1413 οἰκείους
3631 1353 3742 1421 πεί-

2171 1423 2303 1487 θειν,
2343 1427 2438 1480 καὶ
2470 1429 2594 1492 τοὺς
2619 1431 2893 1495 ἐναντίους
2928 1431 3193 1504 ἐλέγχειν,
3224 1438 3319 1492 καὶ
3352 1440 3504 1510 ἡμᾶς
3548 1443 3742 1508 αὐτοὺς

2169 1516 2256 1571 διά
2289 1519 2390 1589 τῆς
2421 1520 2649 1593 ἐρεύνης
2672 1524 3000 1595 κερδαίνειν,
3027 1526 3121 1581 καὶ
3154 1528 3229 1600 μὴ
3268 1530 3576 1586 ἀσύστατον
3611 1538 3742 1607 πρᾶ-

2169 1625 2289 1680 γμα
2310 1610 2594 1667 δεικνύειν.
2630 1613 2914 1686 Ἀμελήσω
2938 1618 3203 1690 Γραφῶν;
3227 1620 3392 1675 πόθεν
3419 1618 3514 1678 οὖν
3546 1627 3581 1696 ἡ
3609 1626 3741 1694 γνῶο

507 1700 648 1740 mus.
700 1684 1013 1759 Scripturas
1061 1691 1370 1762 negligam?
1416 1694 1561 1750 unde
1618 1712 1748 1766 ergo
1799 1699 2071 1769 cognitio?

2174 1719 2291 1768 σις;
2363 1684 3182 1777 Καταλείψωίγνῶσινίπδθεν
3249 1684 3736 1783 ἡπίστιςίΠαῦ-

505 1777 885 1848 Cognitionem
938 1783 1277 1852 relinquam?
1313 1784 1455 1841 unde
1492 1785 1665 1843 ﬁdes?
1708 1789 1906 1844 clamat
1933 1789 2071 1845 Pau-

2171 1794 2259 1858 λος
2296 1794 2426 1866 βοᾷ’
2468 1813 2486 1847 ι
2527 1775 2651 1860 Πῶς
2684 1798 3083 1863 πιστεύσουσιν,
3121 1802 3215 1855 ἐάν
3368 1775 3679 1872 ἀκούσωσις
3716 1830 3734 1861 ι

507 1868 591 1924 ius
614 1888 626 1923 :
651 1887 669 1920 ι
695 1868 978 1936 Quomodo
997 1876 1220 1929 credent
1247 1874 1411 1948 494
1439 1877 1486 1933 si
1508 1893 1615 1933 non
1648 1880 1920 1937 audierint
1941 1882 1981 1915 “
2002 1884 2025 1938 ?
2048 1904 2068 1937 ι

511 1969 565 2015 ct
597 1964 788 2016 iterum
824 1983 836 2018 :
875 1983 895 2016 ι
943 1963 1101 2023 Fides
1149 1983 1212 2022 ex
1255 1969 1441 2023 auditu
1479 1990 1493 2024 :
1530 1971 1751 2027 auditus
1803 1989 1931 2029 vero
1976 1991 2075 2047 per

505 2054 729 2108 verbum
770 2055 956 2115 Dci'“.
995 2077 1015 2111 ι
1053 2056 1223 2128 Igitur
1252 2061 1343 2130 qui
1382 2063 1599 2118 verbum
1635 2066 1877 2133 cohibet,
1914 2070 2074 2124 audi-

502 2153 618 2198 tum
654 2147 910 2212 obstruit,
934 2156 988 2203 et
1013 2149 1167 2204 ﬁdem
1195 2152 1434 2222 expellit.
1470 2152 1745 2213 Romanas
1775 2159 1920 2229 leges
1952 2160 2075 2216 sine

504 2238 747 2306 periculo
792 2253 951 2293 nemo
981 2240 1327 2311 ignoraverit.
1366 2243 1514 2310 Quas
1553 2262 1682 2316 ergo
1716 2257 1906 2316 parant
1937 2249 2075 2304 insi-

503 2329 622 2383 dias
672 2329 765 2400 qui
823 2345 1017 2401 magna
1065 2335 1307 2391 caelestis
1359 2337 1502 2408 regis
1550 2340 1768 2393 oracula
1821 2342 2073 2396 meditari

503 2430 664 2489 atque
689 2420 931 2476 ediscere
970 2425 1299 2493 prohibent?
1332 2426 1614 2499 Scriptura
1641 2441 1725 2486 est
1761 2434 1956 2487 annuae
1986 2433 2069 2488 cio

500 2511 626 2570 bus.
659 2513 856 2570 Desine
884 2531 1037 2588 ergo,
1062 2534 1095 2575 ο
1124 2520 1308 2585 homo,
1330 2522 1470 2578 fame
1494 2524 1767 2579 internum
1798 2526 2069 2583 hominem

502 2623 722 2678 necare,
767 2610 1073 2680 diramque.
1120 2628 1231 2666 non
1280 2615 1439 2684 panis
1504 2624 1559 2670 et
1599 2631 1785 2683 aquae,
1830 2619 1927 2674 sed
1972 2634 2073 2674 au-

502 2699 683 2755 rlicndi
714 2701 935 2756 verbum
981 2702 1215 2766 Domini,
1250 2702 1450 2760 fainem
1495 2707 1788 2764 attrahere.
1837 2707 1935 2763 Est
1978 2710 2071 2781 qui

504 2790 709 2861 inliigat
740 2792 985 2861 vulnera,
1021 2802 1075 2849 et
1102 2808 1156 2849 tu
1189 2796 1513 2852 medicinam
1544 2814 1650 2869 npn
1680 2801 1761 2855 vis
1785 2800 2073 2857 adhiberi?

505 2879 699 2937 Desine
728 2886 935 2940 variam
970 2887 1370 2944 inedicinalium
1406 2890 1709 2946 libellorum
1744 2893 2067 2963 sapientiam

498 2973 756 3028 vanitatis
784 2976 1003 3030 nomine
1037 2979 1308 3049 cvulgare.
1352 2983 1618 3038 Reverere
1652 2985 1969 3041 eunuchum
2002 2988 2070 3041 il-

2172 1886 2267 1938 καὶ
2316 1885 2513 1941 πάλιν
2552 1905 2570 1938 ς
2612 1888 2777 1942 Ὥστε
2810 1891 2844 1959 ὴ
2891 1890 3075 1955 πίστις
3119 1890 3180 1957 ἐξ
3222 1892 3424 1965 ἀκοῆςσ
3456 1898 3491 1968 ή
3526 1898 3585 1950 δὲ
3612 1900 3740 1969 ἀκοὴ

2169 1974 2257 2029 διὰ
2283 1978 2526 2047 ῥήματος
2556 1977 2712 2033 Θεοῦ.
2758 1999 2777 2032 ι
2815 1981 2874 2035 '0
2889 1980 3067 2036 τοίνυν
3094 1983 3157 2036 τὸ
3194 1985 3345 2056 ῥῆμα
3375 1986 3625 2055 κωλύων,
3652 1989 3740 2061 τὴν

2170 2068 2339 2141 ἀκοὴν
2372 2070 2692 2140 ἐμφράττει,
2724 2071 2823 2142 τὴν
2857 2073 3038 2128 πίστιν
3080 2075 3349 2131 ἐκϐάλλει.
3395 2080 3509 2133 Καὶ
3553 2081 3741 2151 νόμους

2173 2160 2271 2230 μὲν
2310 2161 2593 2233 Ῥωμαίων
2638 2164 2851 2233 ἀγνοεῖν
2892 2166 3174 2221 ἀκίνδυνον
3201 2169 3413 2224 οὐδενίο
3460 2172 3532 2225 τά
3560 2174 3617 2226 δὲ
3654 2192 3740 2243 με⁹

2171 2251 2313 2319 γάλα
2338 2253 2684 2324 θεσπίσματα
2715 2255 2808 2310 τοῦ
2844 2256 3107 2328 βασιλέως
3134 2260 3244 2314 τῶν
3275 2262 3524 2336 οὐρανῶν
3555 2267 3605 2319 οί
3644 2283 3742 2321 κω-

2169 2339 2390 2405 λύοντες
2425 2342 2653 2416 μελετᾷν
2682 2346 2777 2400 καὶ
2822 2347 3110 2418 μανθάνειν
3138 2351 3296 2405 ποίαν
3322 2353 3619 2427 ἐπιϐουλὴν
3648 2357 3739 2410 οἰκ

2170 2434 2523 2505 ἐργάζονταις
2557 2438 2744 2510 Τροφὴ
2770 2438 2946 2512 ψυχῆς
2973 2442 3006 2512 ὴ
3038 2442 3249 2515 Γραφή.
3294 2445 3514 2502 Παῦσαι
3545 2445 3639 2502 οὖν
3666 2449 3739 2503 λι-

2173 2527 2445 2597 μοκτονῶν
2475 2529 2567 2583 τὸν
2604 2529 2713 2585 ἔσω
2756 2531 3059 2606 ἄνθρωπον,
3115 2535 3391 2607 ἄνθρωπε,
3442 2541 3540 2595 καὶ
3594 2541 3738 2613 λιμὸν

2170 2616 2360 2688 ἄγριον
2387 2619 2853 2691 ἐπισπασάμενος,
2879 2624 2978 2679 οὐκ
3018 2626 3181 2697 ἄρτου
3221 2628 3316 2682 καὶ¹
3362 2628 3582 2696 ὓδατος,
3614 2632 3737 2687 ἀλλά

2169 2706 2263 2761 τοῦ
2293 2708 2522 2764 ἀκοῦσαι
2554 2710 2712 2780 λόγον
2740 2715 2965 2786 Κυρίου.
3003 2717 3193 2782 ’Ἄλλος
3218 2722 3475 2795 ἐπιφέρει
3501 2724 3573 2777 τά
3591 2724 3738 2796 τραύ-

2174 2815 2339 2870 ματα,
2377 2800 2470 2853 καὶ
2500 2802 2564 2854 σὺ
2592 2802 2820 2867 κωλύεις
2850 2805 3079 2875 ὑπάγειν
3105 2808 3175 2862 τά
3199 2809 3505 2881 φάρμακα;
3534 2813 3734 2869 Παῦσαι

2174 2889 2410 2957 ματαίαν
2444 2890 2762 2960 ἀποφαίνων
2793 2894 2890 2967 τὴν
2937 2897 3188 2968 ποικίλην
3213 2900 3322 2952 τῶν
3374 2902 3637 2974 ἰατρικῶν
3664 2905 3737 2976 βι-

2170 2978 2333 3033 ϐλίων
2361 2982 2585 3051 σοφίαν·
2616 2985 2892 3058 αίδέσθητι
2933 2988 3024 3042 τὸν
3072 2990 3353 3061 φιλόλογον
3402 2997 3615 3049 ἐκεῖνον
3655 2999 3738 3050 εύο

502 3065 614 3118 lum
660 3066 908 3123 lectionis
954 3069 1285 3136 studiosum,
1318 3074 1587 3131 universis
1632 3077 1833 3148 regina:
1872 3081 2068 3150 opibus

2171 3068 2379 3139 νοῦχον,
2405 3071 2464 3134 ὃς
2495 3067 2564 3145 ἦν
2592 3074 2686 3127 ἐπὶ
2722 3075 2902 3145 πάσης
2927 3078 3025 3149 τῆς
3057 3080 3229 3152 γάζης
3268 3082 3372 3154 τῆς
3404 3083 3734 3157 βασιλίσσης.

501 3156 872 3225 praqiositum,
916 3160 1009 3229 qui
1064 3176 1132 3215 ne
1178 3162 1232 3216 in
1277 3163 1470 3221 itinere
1508 3168 1727 3236 quidem
1778 3170 2065 3226 lectionem

2174 3162 2300 3232 μήτ’
2327 3164 2384 3216 ἐν
2408 3163 2513 3235 ὀδῷ
2539 3166 3015 3239 καταλιμπάνοντα
3047 3171 3147 3243 τὴν
3182 3173 3517 3243 ἀνάγνωσιν·
3557 3174 3619 3233 οὗ
3646 3156 3736 3249 τὴν

501 3246 912 3311 intermittebat,
951 3251 1109 3319 cujus
1139 3254 1477 3324 propositum
1525 3260 1837 3329 approbatis
1883 3261 2066 3318 Domi-

500 3351 626 3399 nus.
666 3339 849 3392 statim
887 3340 963 3394 illi
999 3342 1275 3401 doctorem
1318 3347 1488 3413 misit,
1520 3350 1616 3420 qui
1653 3352 1872 3407 lectioni
1902 3356 2072 3410 inter-

501 3429 857 3497 pretationem
882 3432 1128 3501 adderet,
1158 3445 1213 3492 et
1237 3435 1533 3511 Scriptura:
1561 3443 1716 3499 illum
1745 3449 2070 3504 auctoritate

499 3518 568 3573 ad
595 3519 927 3577 Salvatorem
953 3526 1275 3595 perduceret
1301 3529 1367 3585 “.
1402 3530 1764 3599 Quamobrem
1800 3537 1915 3608 ipse
1935 3555 2073 3611 prte-

497 3609 659 3679 cepit,
700 3629 719 3663 ι
764 3609 1096 3669 Scrutamini
1144 3616 1457 3689 Scripturas
1504 3621 1572 3686 “,
1615 3643 1637 3677 ι
1679 3609 2069 3682 scrutationem

498 3712 701 3755 vocans
734 3701 1047 3772 diligentem
1078 3715 1452 3780 attentamque
1474 3713 1811 3769 occultorum
1839 3716 2073 3786 inquisi-

499 3791 722 3847 tionem.
773 3791 852 3848 Ex
900 3794 1200 3867 Seripturis
1235 3803 1438 3857 sanctis
1482 3813 1569 3859 est
1613 3808 1951 3862 occultorum
1981 3807 2073 3863 de-

498 3877 745 3949 claratio,
768 3886 883 3956 spei
917 3888 1339 3955 ﬁrmamentum,
1370 3896 1795 3965 promissionum
1821 3906 2069 3964 eventus,

497 3972 800 4033 Salvatoris
852 3980 1093 4037 inventio
1126 4003 1138 4038 :
1171 4004 1190 4038 ι
1245 3984 1552 4045 Invenimus
1603 3991 1791 4055 illum,
1844 3991 1911 4047 de
1961 4007 2071 4062 quo

496 4068 719 4137 scripsit
763 4069 937 4127 Moses
990 4083 1044 4127 ct
1092 4078 1368 4148 prephetze
1410 4080 1477 4136 ".
1534 4101 1553 4134 ι
1595 4081 1691 4138 His
1733 4083 1961 4140 vocibus
2018 4096 2073 4141 et

495 4156 698 4212 Paulus
740 4159 808 4212 ad
850 4163 1232 4220 stabiliendam
1274 4170 1560 4225 veritatem
1609 4189 1743 4230 usus
1774 4182 1878 4232 est.
1913 4174 2070 4242 Quod

498 4252 545 4307 si
582 4253 783 4308 Paulus
811 4254 904 4322 qui
935 4256 1142 4310 audivit
1170 4273 1369 4313 arcana
1392 4262 1579 4326 verba,
1615 4279 1940 4324 arcanorum
1983 4273 2072 4329 ille

498 4351 694 4412 mysta,
725 4343 819 4413 qui
847 4342 1124 4398 Christum
1156 4346 1209 4400 in
1256 4364 1315 4402 se
1355 4348 1548 4405 habuit
1590 4352 1920 4422 loquentem,
1958 4362 2073 4430 pri-

2171 3252 2427 3325 πρόθεσιν
2465 3256 2861 3328 ἀποδεξάμενος
2905 3260 2934 3312 ὀ
2964 3262 3260 3334 Δεσπότης,
3295 3265 3546 3337 ἔπεμψεν
3590 3268 3739 3331 εὐθὺς

2170 3345 2318 3416 αὐτῷ
2342 3346 2431 3400 τὸν
2455 3348 2791 3416 διδάσκαλον,
2817 3353 3172 3423 προστιθέντα
3199 3357 3264 3426 τῇ
3305 3358 3614 3425 ἀναγνώσει
3647 3358 3737 3429 τὴν

2170 3435 2391 3503 γνῶσιν,
2426 3438 2536 3491 ἀπὸ
2571 3438 2679 3492 τῶν
2719 3441 2948 3513 Γραφῶν
2976 3459 3036 3496 τε
3078 3443 3243 3497 αὑτὸν
3290 3447 3640 3517 προσάγοντα
3665 3448 3735 3519 τῷ

2171 3527 2399 3600 Σωτῆρι.
2435 3527 2526 3583 Διὸ
2559 3529 2652 3583 καὶ
2692 3529 2853 3594 αύτδς
2892 3530 3206 3599 ἐκέλευσεν,
3244 3552 3264 3585 ι
3315 3535 3607 3606 Ἐρευνᾶτε
3645 3537 3737 3601 τὰς

2171 3620 2412 3691 Γραφάς,
2454 3641 2475 3675 ι
2513 3624 2737 3695 ἐρευνᾷν
2773 3622 2940 3677 εἰπὼν
2968 3616 3073 3695 ’τὴν
3104 3624 3336 3697 ἐπιμελῆ
3362 3628 3463 3680 καὶ
3487 3630 3739 3698 νηφάλιοι»

2169 3711 2278 3766 τῶν
2311 3713 2707 3785 κεκρυμμένων
2738 3714 3002 3781 ἐξέτασιν.
3042 3716 3143 3769 Ἐκ
3156 3715 3264 3769 τῶν
3290 3717 3470 3786 ἀγίων
3488 3720 3733 3793 Γραφῶν,

2172 3801 2334 3872 ήτῶν
2366 3803 2578 3873 ἀδήλων
2606 3804 2930 3875 φανέρωσις,
2954 3806 2987 3876 ὴ
3011 3804 3121 3858 τῶν
3152 3804 3391 3860 ἐλπίδων
3432 3806 3736 3879 βεϐαίωσις,

2171 3895 2205 3965 ἡ
2240 3894 2346 3948 τῶν
2376 3896 2719 3966 ὑποσχέσεων
2741 3896 2981 3960 ἔκϐασις,
3000 3900 3034 3969 ἡ
3078 3896 3172 3951 τοῦ
3197 3898 3454 3971 Σωτῆρος
3495 3900 3731 3972 εὕρεσις·

2179 4004 2198 4038 ι
2242 3989 2337 4041 Ὃν
2358 3986 2559 4059 ἔγραψε
2581 3988 2782 4059 Μωσῆς
2812 3984 2915 4051 Δκαὶ
2933 3989 2982 4041 οί
3020 3992 3297 4059 προφῆται
3333 3991 3668 4062 εὑρήκαμεν.
3707 4009 3727 4042 ι

2171 4079 2407 4143 Ταύταις
2450 4080 2712 4150 κέχρηται
2738 4082 2857 4144 ταῖς
2902 4084 3104 4149 φωναῖς
3154 4080 3293 4152 πρὸς
3341 4082 3607 4136 σύστασιν
3632 4082 3731 4151 ’τῆς

2171 4170 2424 4242 ἀληθείας
2454 4174 2483 4225 ὁ
2512 4170 2739 4235 Παῦλος.
2764 4172 2827 4225 Et
2846 4172 2904 4225 δὲ
2936 4171 3145 4235 Παῦλος
3175 4174 3206 4225 ὁ
3224 4171 3337 4225 τῶν
3363 4174 3621 4245 ἀρρήτων
3643 4176 3733 4245 ρη-

2175 4264 2356 4333 μάτων
2400 4263 2691 4336 ἀκροατὴς,
2729 4262 2760 4315 ὁ
2797 4263 2904 4316 τῶν
2943 4265 3268 4336 ἀπορρήτων
3317 4263 3555 4337 μύστης,
3587 4268 3615 4318 ὁ
3646 4264 3729 4317 τὸν

2171 4356 2400 4427 Χριστὸν
2424 4357 2560 4428 ἔχων
2583 4358 2639 4409 ἐν
2668 4355 2844 4427 ἐαυτῷ
2872 4356 3153 4420 λαλοῦντα,
3176 4357 3237 4410 ού
3267 4357 3536 4429 κέχρηται
3557 4357 3729 4420 ἁπλῶς

497 4442 624 4487 vala
676 4435 1024 4499 auctoritate,
1068 4438 1207 4490 citra
1253 4453 1537 4496 sacrarum
1570 4443 1873 4502 litterarum
1920 4453 2071 4507 testi-

2171 4447 2423 4519 αύθεντίᾳ
2437 4447 2561 4518 δίχα
2579 4448 2677 4518 τῆς
2695 4447 2804 4501 τῶν
2834 4446 3064 4519 Γραφῶν
3087 4448 3395 4519 μαρτυρίας
3413 4464 3429 4479 ο
3456 4449 3573 4514 πῶς
3598 4450 3732 4502 ἀκίν-

498 4524 763 4588 monium,
792 4541 925 4581 usus
953 4541 1062 4581 non
1094 4538 1213 4583 est:
1252 4531 1346 4601 qui
1381 4546 1487 4585 non
1523 4535 1888 4602 periculosum
1918 4557 2066 4599 nunc

2171 4538 2321 4591 δυνον
2344 4536 2439 4591 νῦν
2472 4537 2692 4607 ἀμελεῖν
2727 4538 2825 4608 μὲν
2858 4540 2957 4608 τῆς
3003 4538 3150 4602 θείας
3178 4539 3531 4609 νομοθεσίας,
3563 4540 3729 4594 λαλεῖν

500 4613 663 4671 fuerit
694 4632 882 4673 curam
917 4617 1114 4674 divina:
1142 4621 1277 4693 legis
1304 4617 1564 4693 abjicere,
1601 4635 1656 4681 et
1673 4630 1858 4688 cordis
1889 4636 2062 4691 nostri

2171 4626 2226 4681 δὲ
2254 4626 2322 4681 τά
2370 4626 2629 4682 δοκοῦντα
2666 4629 2776 4682 ἀπὸ
2820 4629 3079 4700 καρδίας;
3138 4630 3280 4683 Ἀλλ’
3321 4630 3442 4685 ἐστι
3491 4631 3613 4685 τινά
3638 4633 3730 4702 τὴν

498 4709 784 4777 opiniones
814 4711 1096 4780 proferre?
1122 4715 1229 4769 Sed
1256 4725 1386 4796 sunt
1415 4719 1677 4773 nonnulla
1702 4736 1824 4791 quae
1843 4736 2061 4795 captum

2171 4720 2439 4792 ἡμετέραν
2500 4719 2802 4790 κατάληψιν
2856 4721 3249 4794 ὑπερϐαίνοντα
3268 4740 3282 4754 ο
3350 4727 3497 4796 φημὶ
3564 4724 3729 4793 κάγὼ.

500 4809 746 4863 nostrum
799 4811 1080 4871 superant.
1133 4790 1279 4886 [diem
1321 4813 1374 4861 et
1403 4822 1505 4878 ego
1549 4808 1744 4877 fateor,
1779 4823 1833 4870 et
1863 4790 1966 4872 hoc
1994 4835 2062 4874 ex

2171 4813 2279 4866 Καὶ
2307 4790 2468 4866 τοῦτο
2511 4809 2604 4866 οὖν
2636 4812 2741 4866 ἀπὸ
2774 4790 3001 4884 Γραφῶν
3044 4790 3518 4886 διδαχθῶμενξῶς
3548 4790 3727 4870 εἰδέναι

500 4889 782 4963 Scriptura
814 4880 1193 4960 addiscamus,
1221 4905 1281 4952 ut
1313 4899 1552 4956 sciamus
1583 4907 1875 4974 quaerenda
1921 4925 2065 4979 qua:-

2171 4903 2289 4957 τινά
2322 4905 2420 4974 μὲν
2454 4903 2713 4975 ζητητέον
2745 4880 3063 4974 ὠς-ἐφικτά.
3109 4880 3247 4960 Οῦτε
3282 4880 3393 4979 γὰρ
3427 4908 3491 4960 τὸ
3521 4910 3727 4962 πάντων

498 4985 623 5039 dam
654 5001 795 5050 esse,
829 4997 887 5041 ut
917 5003 1037 5057 qua:
1065 4991 1394 5068 apprehendi
1427 4996 1663 5062 possint.
1697 4995 1767 5051 Ut
1793 4999 1936 5053 enim
1969 5017 2062 5056 au-

2171 4993 2507 5065 κατατολμᾷν
2539 4993 2776 5057 εὐσεϐὲς,
2801 4994 2924 5047 οῦτε
2949 4995 3010 5049 τὺ
3046 4996 3264 5050 πάντων
3295 4998 3623 5069 καταμελεῖν
3643 4998 3723 5050 εύο

500 5076 686 5131 dacter
709 5079 890 5132 omnia
922 5083 1253 5149 perscrutari
1282 5085 1431 5153 pium
1456 5101 1563 5140 non
1586 5097 1708 5153 est,
1734 5089 1809 5142 ita
1841 5106 2057 5146 onmem

2171 5088 2312 5157 αγές.
2355 5089 2420 5142 Τί
2450 5084 2543 5142 οῦν
2587 5086 3016 5159 προσκυνοῦμεν,
3048 5086 3246 5140 εἰδέναι
3288 5088 3491 5152 πάντες
3525 5088 3721 5157 ὀφείλο-

500 5181 725 5235 prorsus
756 5169 1161 5238 inquisitionem
1206 5177 1478 5246 negligere
1511 5193 1621 5231 non
1665 5187 1751 5233 est
1780 5191 2054 5236 sanctum.

2171 5198 2286 5251 μεν,
2321 5180 2461 5235 κατὰ
2487 5180 2549 5235 τὸ
2575 5180 2989 5251 γεγραμμένον
3028 5197 3046 5230 ι
3091 5178 3286 5249 Ἡμεῖς
3321 5179 3723 5252 προσκυνοῦμεν

501 5254 640 5321 Quid
668 5272 829 5327 porro
859 5259 1149 5319 adoremus
1177 5280 1340 5321 nosse
1367 5282 1558 5322 omnes
1590 5277 1821 5338 oportet,
1854 5285 2054 5325 secun-

2171 5273 2190 5325 ὃ
2232 5273 2472 5344 οἴδαμεν.
2521 5291 2540 5323 ι
2587 5272 2660 5325 Τὸ
2689 5271 2745 5324 δὲ
2787 5270 2990 5341 ἡλίκον,
3032 5269 3066 5341 ἢ
3115 5266 3248 5334 οἷον,
3284 5271 3317 5341 ἢ
3354 5271 3557 5341 πῶς,ἢ
3603 5267 3716 5327 ποῦ,

502 5343 630 5401 dum
668 5347 722 5402 id
751 5350 895 5419 quod
926 5352 1189 5421 scriptum
1220 5364 1304 5411 est
1337 5376 1349 5410 :
1389 5377 1407 5409 ι
1439 5356 1549 5413 Nos
1588 5358 1883 5417 adoramus
1911 5361 2060 5431 quod

2171 5365 2504 5436 μαινομένων
2548 5364 2747 5435 ζητεῖν.
2796 5361 2934 5415 Ἀλλ’
2964 5362 3012 5414 οἱ
3060 5359 3371 5430 βουλόμενοι
3401 5359 3471 5414 τά
3527 5359 3719 5414 ἐαυτῶν

504 5436 708 5493 scimus
756 5441 821 5494 “.
880 5460 899 5494 ι
937 5442 1195 5509 Querere
1236 5455 1414 5503 autem
1465 5458 1760 5521 quantum,
1803 5454 2059 5524 qualiter,

2171 5454 2395 5526 κρίνειν,
2451 5451 2773 5525 ἀπείργουσι
2823 5451 2931 5506 τῶν
2989 5449 3241 5523 Γραφῶν,
3298 5451 3568 5523 προφάσει
3627 5448 3719 5521 μὲν

564 5591 608 5622 ⁸⁸
648 5590 835 5649 Matth.
866 5611 963 5660 vn,
1000 5598 1054 5652 8.
1128 5599 1172 5632 δι
1213 5599 1371 5658 Rom.
1409 5621 1463 5672 ι,
1505 5606 1587 5662 Η.
1665 5607 1709 5639 δ’
1750 5607 1884 5663 ibid.
1925 5610 2010 5665 i7.

508 5658 553 5691 “
589 5658 744 5715 Joan.
779 5679 849 5727 iv,
881 5665 971 5723 22.

2173 5610 2297 5665 Act.
2334 5627 2452 5679 vni,
2491 5609 2683 5666 27-59.
2763 5609 2807 5641 “
2842 5605 3001 5664 Joan.
3028 5622 3083 5673 ν,
3114 5606 3201 5663 59.
3285 5606 3327 5639 “
3376 5604 3525 5663 loan.
3559 5620 3599 5672 ι,
3629 5603 3712 5659 ιε.
