  <div class='ocr_page' id='page_1' title='image "/cluster/home/n/w/nwhite01/storage/ocr_20150623/28/hvd.32044019207737/690.png"; bbox 0 0 3976 6388; ppageno 0'>
   <div class='ocr_carea' id='block_1_1' title="bbox 242 308 378 363">
    <p class='ocr_par' dir='ltr' id='par_1_1' title="bbox 242 308 378 363">
     <span class='ocr_line' id='line_1_1' title="bbox 242 308 378 363; baseline -0.007 0"><span class='ocrx_word' id='word_1_1' title='bbox 242 308 378 363; x_wconf 66' lang='grc' dir='ltr'><strong>ίῧῖῖιῖὶ</strong></span> 
     </span>
    </p>
   </div>
   <div class='ocr_carea' id='block_1_2' title="bbox 1049 301 2721 372">
    <p class='ocr_par' dir='ltr' id='par_1_2' title="bbox 1049 301 2721 372">
     <span class='ocr_line' id='line_1_2' title="bbox 1049 301 2721 372; baseline 0.001 -12"><span class='ocrx_word' id='word_1_2' title='bbox 1049 301 1622 362; x_wconf 71' lang='lat' dir='ltr'><strong>CONFUTATIONES</strong></span> <span class='ocrx_word' id='word_1_3' title='bbox 1662 304 2105 372; x_wconf 69' lang='lat' dir='ltr'><strong>QUARUMDAM</strong></span> <span class='ocrx_word' id='word_1_4' title='bbox 2136 303 2721 362; x_wconf 74' lang='lat' dir='ltr'><strong>PllOPOSlTIONUM.</strong></span> 
     </span>
    </p>
   </div>
   <div class='ocr_carea' id='block_1_3' title="bbox 3327 303 3471 362">
    <p class='ocr_par' dir='ltr' id='par_1_3' title="bbox 3327 303 3471 362">
     <span class='ocr_line' id='line_1_3' title="bbox 3327 303 3471 362; baseline 0.007 -3"><span class='ocrx_word' id='word_1_5' title='bbox 3327 303 3471 362; x_wconf 70' lang='grc' dir='ltr'><strong>13ἰὸ</strong></span> 
     </span>
    </p>
   </div>
   <div class='ocr_carea' id='block_1_4' title="bbox 238 419 1803 497">
    <p class='ocr_par' dir='ltr' id='par_1_4' title="bbox 238 419 1803 497">
     <span class='ocr_line' id='line_1_4' title="bbox 238 419 1803 497; baseline -0.001 -20"><span class='ocrx_word' id='word_1_6' title='bbox 238 423 333 478; x_wconf 77' lang='grc' dir='ltr'><strong>τοῦ</strong></span> <span class='ocrx_word' id='word_1_7' title='bbox 383 424 457 496; x_wconf 73' lang='grc' dir='ltr'>μὴ</span> <span class='ocrx_word' id='word_1_8' title='bbox 490 426 857 497; x_wconf 71' lang='grc' dir='ltr'>κατατολμᾷν,</span> <span class='ocrx_word' id='word_1_9' title='bbox 896 425 970 489; x_wconf 84' lang='grc' dir='ltr'>ὡς</span> <span class='ocrx_word' id='word_1_10' title='bbox 1005 419 1335 495; x_wconf 79' lang='grc' dir='ltr'>ἀπροσίτων,</span> <span class='ocrx_word' id='word_1_11' title='bbox 1384 427 1450 495; x_wconf 83' lang='grc' dir='ltr'>τῇ</span> <span class='ocrx_word' id='word_1_12' title='bbox 1484 423 1541 477; x_wconf 74' lang='grc' dir='ltr'>δὲ</span> <span class='ocrx_word' id='word_1_13' title='bbox 1577 423 1803 496; x_wconf 76' lang='grc' dir='ltr'><strong>ἀληθείᾳ</strong></span> 
     </span>
    </p>
   </div>
   <div class='ocr_carea' id='block_1_5' title="bbox 1905 419 3473 497">
    <p class='ocr_par' dir='ltr' id='par_1_5' title="bbox 1905 422 3473 495">
     <span class='ocr_line' id='line_1_5' title="bbox 1905 422 3473 495; baseline -0.001 -18"><span class='ocrx_word' id='word_1_14' title='bbox 1905 424 2201 495; x_wconf 86' lang='lat' dir='ltr'><strong>quomodo,</strong></span> <span class='ocrx_word' id='word_1_15' title='bbox 2236 424 2372 483; x_wconf 90' lang='lat' dir='ltr'><strong>ubi.</strong></span> <span class='ocrx_word' id='word_1_16' title='bbox 2425 423 2811 480; x_wconf 84' lang='lat' dir='ltr'><strong>insanientium</strong></span> <span class='ocrx_word' id='word_1_17' title='bbox 2838 430 2948 478; x_wconf 84' lang='lat' dir='ltr'><strong>est.</strong></span> <span class='ocrx_word' id='word_1_18' title='bbox 3004 422 3198 479; x_wconf 81' lang='lat' dir='ltr'><strong>Verum</strong></span> <span class='ocrx_word' id='word_1_19' title='bbox 3234 422 3327 491; x_wconf 86' lang='lat' dir='ltr'><strong>qui</strong></span> <span class='ocrx_word' id='word_1_20' title='bbox 3371 425 3473 491; x_wconf 82' lang='lat' dir='ltr'><strong>ipsi</strong></span> 
     </span>
    </p>
   </div>
   <div class='ocr_carea' id='block_1_6' title="bbox 240 516 1809 588">
    <p class='ocr_par' dir='ltr' id='par_1_6' title="bbox 240 516 1809 588">
     <span class='ocr_line' id='line_1_6' title="bbox 240 516 1809 588; baseline -0.001 -17"><span class='ocrx_word' id='word_1_21' title='bbox 240 517 379 588; x_wconf 81' lang='grc' dir='ltr'>ὑπὲρ</span> <span class='ocrx_word' id='word_1_22' title='bbox 409 516 503 571; x_wconf 85' lang='grc' dir='ltr'><strong>τοῦ</strong></span> <span class='ocrx_word' id='word_1_23' title='bbox 537 518 759 587; x_wconf 80' lang='grc' dir='ltr'><strong>φεύγειν</strong></span> <span class='ocrx_word' id='word_1_24' title='bbox 787 518 877 572; x_wconf 76' lang='grc' dir='ltr'>τὸν</span> <span class='ocrx_word' id='word_1_25' title='bbox 915 517 972 584; x_wconf 79' lang='grc' dir='ltr'>ἐξ</span> <span class='ocrx_word' id='word_1_26' title='bbox 1010 517 1189 570; x_wconf 79' lang='grc' dir='ltr'>αὐτῶν</span> <span class='ocrx_word' id='word_1_27' title='bbox 1218 516 1436 587; x_wconf 73' lang='grc' dir='ltr'>ἔλεγχον</span> <span class='ocrx_word' id='word_1_28' title='bbox 1466 516 1568 585; x_wconf 81' lang='grc' dir='ltr'><strong>τῆς</strong></span> <span class='ocrx_word' id='word_1_29' title='bbox 1599 517 1809 580; x_wconf 92' lang='grc' dir='ltr'>οἰκείας</span> 
     </span>
    </p>
   </div>
   <div class='ocr_carea' id='block_1_7' title="bbox 238 607 1808 685">
    <p class='ocr_par' dir='ltr' id='par_1_7' title="bbox 238 607 1808 685">
     <span class='ocr_line' id='line_1_7' title="bbox 238 607 1808 685; baseline -0.003 -21"><span class='ocrx_word' id='word_1_30' title='bbox 238 609 577 685; x_wconf 77' lang='grc' dir='ltr'>κακοδοξίας.</span> <span class='ocrx_word' id='word_1_31' title='bbox 607 611 714 663; x_wconf 78' lang='grc' dir='ltr'><strong>Καὶ</strong></span> <span class='ocrx_word' id='word_1_32' title='bbox 759 610 888 663; x_wconf 84' lang='grc' dir='ltr'>ὅταν</span> <span class='ocrx_word' id='word_1_33' title='bbox 925 610 1072 662; x_wconf 80' lang='grc' dir='ltr'>ἴδωσι</span> <span class='ocrx_word' id='word_1_34' title='bbox 1104 609 1203 678; x_wconf 85' lang='grc' dir='ltr'>μὲν</span> <span class='ocrx_word' id='word_1_35' title='bbox 1228 609 1437 661; x_wconf 84' lang='grc' dir='ltr'>ἐαυτων</span> <span class='ocrx_word' id='word_1_36' title='bbox 1465 607 1808 677; x_wconf 79' lang='grc' dir='ltr'>κακοφροσύ-</span> 
     </span>
    </p>
   </div>
   <div class='ocr_carea' id='block_1_8' title="bbox 237 698 1810 772">
    <p class='ocr_par' dir='ltr' id='par_1_8' title="bbox 237 698 1810 772">
     <span class='ocr_line' id='line_1_8' title="bbox 237 698 1810 772; baseline 0.001 -21"><span class='ocrx_word' id='word_1_37' title='bbox 237 716 336 771; x_wconf 85' lang='grc' dir='ltr'><strong>νην</strong></span> <span class='ocrx_word' id='word_1_38' title='bbox 398 700 872 772; x_wconf 79' lang='grc' dir='ltr'>συμποδιζομένην</span> <span class='ocrx_word' id='word_1_39' title='bbox 921 699 1028 754; x_wconf 86' lang='grc' dir='ltr'>ἀπὸ</span> <span class='ocrx_word' id='word_1_40' title='bbox 1081 700 1179 770; x_wconf 81' lang='grc' dir='ltr'>τῆς</span> <span class='ocrx_word' id='word_1_41' title='bbox 1238 699 1344 752; x_wconf 87' lang='grc' dir='ltr'>τῶν</span> <span class='ocrx_word' id='word_1_42' title='bbox 1393 698 1623 770; x_wconf 84' lang='grc' dir='ltr'>Γραφῶν</span> <span class='ocrx_word' id='word_1_43' title='bbox 1672 699 1810 752; x_wconf 85' lang='grc' dir='ltr'>ἀπο-</span> 
     </span>
    </p>
   </div>
   <div class='ocr_carea' id='block_1_9' title="bbox 236 790 1805 864">
    <p class='ocr_par' dir='ltr' id='par_1_9' title="bbox 236 790 1805 864">
     <span class='ocr_line' id='line_1_9' title="bbox 236 790 1805 864; baseline -0.001 -17"><span class='ocrx_word' id='word_1_44' title='bbox 236 792 481 860; x_wconf 81' lang='grc' dir='ltr'>δείξεως,</span> <span class='ocrx_word' id='word_1_45' title='bbox 514 793 986 864; x_wconf 67' lang='grc' dir='ltr'>παραγράφονται</span> <span class='ocrx_word' id='word_1_46' title='bbox 1033 793 1142 845; x_wconf 85' lang='grc' dir='ltr'>τῶν</span> <span class='ocrx_word' id='word_1_47' title='bbox 1192 790 1420 864; x_wconf 82' lang='grc' dir='ltr'>Γραφῶν</span> <span class='ocrx_word' id='word_1_48' title='bbox 1469 792 1561 845; x_wconf 83' lang='grc' dir='ltr'>τὸν</span> <span class='ocrx_word' id='word_1_49' title='bbox 1605 792 1805 845; x_wconf 81' lang='grc' dir='ltr'>σκοπὸν</span> 
     </span>
    </p>
   </div>
   <div class='ocr_carea' id='block_1_10' title="bbox 238 882 1805 958">
    <p class='ocr_par' dir='ltr' id='par_1_10' title="bbox 238 882 1805 958">
     <span class='ocr_line' id='line_1_10' title="bbox 238 882 1805 958; baseline -0.002 -20"><span class='ocrx_word' id='word_1_50' title='bbox 238 886 330 938; x_wconf 78' lang='grc' dir='ltr'>καὶ</span> <span class='ocrx_word' id='word_1_51' title='bbox 352 884 451 956; x_wconf 80' lang='grc' dir='ltr'><strong>τὴν</strong></span> <span class='ocrx_word' id='word_1_52' title='bbox 484 884 671 958; x_wconf 86' lang='grc' dir='ltr'>χρείαν</span> <span class='ocrx_word' id='word_1_53' title='bbox 695 901 706 913; x_wconf 83' lang='grc'><em>’</em></span> <span class='ocrx_word' id='word_1_54' title='bbox 746 885 874 937; x_wconf 83' lang='grc' dir='ltr'>ὅταν</span> <span class='ocrx_word' id='word_1_55' title='bbox 910 883 967 938; x_wconf 85' lang='grc' dir='ltr'>δὲ</span> <span class='ocrx_word' id='word_1_56' title='bbox 1012 884 1275 954; x_wconf 89' lang='grc' dir='ltr'>νομίσωσι</span> <span class='ocrx_word' id='word_1_57' title='bbox 1311 882 1583 937; x_wconf 77' lang='grc' dir='ltr'><strong>συντελεῖν</strong></span> <span class='ocrx_word' id='word_1_58' title='bbox 1622 883 1805 947; x_wconf 80' lang='grc' dir='ltr'>αὐτοῖς</span> 
     </span>
    </p>
   </div>
   <div class='ocr_carea' id='block_1_11' title="bbox 238 973 1803 1047">
    <p class='ocr_par' dir='ltr' id='par_1_11' title="bbox 238 973 1803 1047">
     <span class='ocr_line' id='line_1_11' title="bbox 238 973 1803 1047; baseline -0.013 -4"><span class='ocrx_word' id='word_1_59' title='bbox 238 975 442 1047; x_wconf 79' lang='grc' dir='ltr'>γυμνόν</span> <span class='ocrx_word' id='word_1_60' title='bbox 465 992 519 1028; x_wconf 85' lang='grc' dir='ltr'><strong>τι</strong></span> <span class='ocrx_word' id='word_1_61' title='bbox 554 974 714 1046; x_wconf 77' lang='grc' dir='ltr'>ῥητὸν</span> <span class='ocrx_word' id='word_1_62' title='bbox 743 974 879 1046; x_wconf 85' lang='grc' dir='ltr'>πρὸς</span> <span class='ocrx_word' id='word_1_63' title='bbox 909 974 1006 1046; x_wconf 81' lang='grc' dir='ltr'>τὴν</span> <span class='ocrx_word' id='word_1_64' title='bbox 1050 974 1186 1028; x_wconf 86' lang='grc' dir='ltr'>ἰδίαν</span> <span class='ocrx_word' id='word_1_65' title='bbox 1213 974 1524 1045; x_wconf 77' lang='grc' dir='ltr'>ἐγχείρησιν</span> <span class='ocrx_word' id='word_1_66' title='bbox 1550 973 1803 1043; x_wconf 83' lang='grc' dir='ltr'>ἀποτμη-</span> 
     </span>
    </p>
   </div>
   <div class='ocr_carea' id='block_1_12' title="bbox 239 1062 1806 1136">
    <p class='ocr_par' dir='ltr' id='par_1_12' title="bbox 239 1062 1806 1136">
     <span class='ocr_line' id='line_1_12' title="bbox 239 1062 1806 1136; baseline -0.003 -17"><span class='ocrx_word' id='word_1_67' title='bbox 239 1066 328 1121; x_wconf 80' lang='grc' dir='ltr'>θὲν</span> <span class='ocrx_word' id='word_1_68' title='bbox 375 1066 477 1136; x_wconf 76' lang='grc' dir='ltr'>τῆς</span> <span class='ocrx_word' id='word_1_69' title='bbox 526 1065 732 1130; x_wconf 88' lang='grc' dir='ltr'>οἰκείας</span> <span class='ocrx_word' id='word_1_70' title='bbox 766 1065 1114 1128; x_wconf 81' lang='grc' dir='ltr'>ἀκολουθίας,</span> <span class='ocrx_word' id='word_1_71' title='bbox 1168 1065 1417 1118; x_wconf 71' lang='grc' dir='ltr'>ἕλκουσιν</span> <span class='ocrx_word' id='word_1_72' title='bbox 1467 1062 1620 1116; x_wconf 75' lang='grc' dir='ltr'>αὐτοὶ</span> <span class='ocrx_word' id='word_1_73' title='bbox 1665 1062 1806 1134; x_wconf 76' lang='grc' dir='ltr'>πρὸς</span> 
     </span>
    </p>
   </div>
   <div class='ocr_carea' id='block_1_13' title="bbox 238 1153 1807 1230">
    <p class='ocr_par' dir='ltr' id='par_1_13' title="bbox 238 1153 1807 1230">
     <span class='ocr_line' id='line_1_13' title="bbox 238 1153 1807 1230; baseline -0.004 -19"><span class='ocrx_word' id='word_1_74' title='bbox 238 1159 334 1230; x_wconf 78' lang='grc' dir='ltr'>τὴν</span> <span class='ocrx_word' id='word_1_75' title='bbox 367 1158 502 1212; x_wconf 90' lang='grc' dir='ltr'>ἰδίαν</span> <span class='ocrx_word' id='word_1_76' title='bbox 531 1157 894 1228; x_wconf 82' lang='grc' dir='ltr'>κατασκευὴν,</span> <span class='ocrx_word' id='word_1_77' title='bbox 926 1157 988 1210; x_wconf 72' lang='grc' dir='ltr'>οὐ</span> <span class='ocrx_word' id='word_1_78' title='bbox 1017 1158 1083 1227; x_wconf 77' lang='grc' dir='ltr'><strong>τῇ</strong></span> <span class='ocrx_word' id='word_1_79' title='bbox 1120 1154 1421 1225; x_wconf 75' lang='grc' dir='ltr'>δηλουμένη</span> <span class='ocrx_word' id='word_1_80' title='bbox 1452 1153 1661 1224; x_wconf 73' lang='grc' dir='ltr'>διανοίᾳ</span> <span class='ocrx_word' id='word_1_81' title='bbox 1687 1153 1807 1206; x_wconf 77' lang='grc' dir='ltr'>δουο</span> 
     </span>
    </p>
   </div>
   <div class='ocr_carea' id='block_1_14' title="bbox 240 1243 1807 1320">
    <p class='ocr_par' dir='ltr' id='par_1_14' title="bbox 240 1243 1807 1320">
     <span class='ocr_line' id='line_1_14' title="bbox 240 1243 1807 1320; baseline -0.004 -17"><span class='ocrx_word' id='word_1_82' title='bbox 240 1249 504 1314; x_wconf 86' lang='grc' dir='ltr'>λεύοντες,</span> <span class='ocrx_word' id='word_1_83' title='bbox 561 1249 698 1303; x_wconf 80' lang='grc' dir='ltr'>ἀλλὰ</span> <span class='ocrx_word' id='word_1_84' title='bbox 742 1250 877 1320; x_wconf 71' lang='grc' dir='ltr'>πρὸς</span> <span class='ocrx_word' id='word_1_85' title='bbox 921 1247 1018 1319; x_wconf 82' lang='grc' dir='ltr'>τὴν</span> <span class='ocrx_word' id='word_1_86' title='bbox 1052 1247 1258 1301; x_wconf 79' lang='grc' dir='ltr'>οἰκείαν</span> <span class='ocrx_word' id='word_1_87' title='bbox 1297 1245 1652 1316; x_wconf 85' lang='grc' dir='ltr'>κακοτεχνίαν</span> <span class='ocrx_word' id='word_1_88' title='bbox 1707 1243 1807 1308; x_wconf 85' lang='grc' dir='ltr'><strong>τὰς</strong></span> 
     </span>
    </p>
   </div>
   <div class='ocr_carea' id='block_1_15' title="bbox 242 1334 1801 1411">
    <p class='ocr_par' dir='ltr' id='par_1_15' title="bbox 242 1334 1801 1411">
     <span class='ocr_line' id='line_1_15' title="bbox 242 1334 1801 1411; baseline -0.003 -17"><span class='ocrx_word' id='word_1_89' title='bbox 242 1340 505 1404; x_wconf 77' lang='grc' dir='ltr'>συλλαϐὰς</span> <span class='ocrx_word' id='word_1_90' title='bbox 536 1339 861 1411; x_wconf 77' lang='grc' dir='ltr'>βιαζόμενοι,</span> <span class='ocrx_word' id='word_1_91' title='bbox 891 1338 1080 1410; x_wconf 80' lang='grc' dir='ltr'>ὥσπερ</span> <span class='ocrx_word' id='word_1_92' title='bbox 1111 1337 1352 1392; x_wconf 86' lang='grc' dir='ltr'>ποιοῦσιν</span> <span class='ocrx_word' id='word_1_93' title='bbox 1392 1338 1487 1392; x_wconf 81' lang='grc' dir='ltr'>ἐπὶ</span> <span class='ocrx_word' id='word_1_94' title='bbox 1528 1334 1646 1399; x_wconf 85' lang='grc' dir='ltr'>τοῦ,</span> <span class='ocrx_word' id='word_1_95' title='bbox 1676 1354 1695 1388; x_wconf 80' lang='grc' dir='ltr'><strong>ι</strong></span> <span class='ocrx_word' id='word_1_96' title='bbox 1742 1337 1801 1390; x_wconf 86' lang='grc'><strong>’0</strong></span> 
     </span>
    </p>
   </div>
   <div class='ocr_carea' id='block_1_16' title="bbox 238 1432 898 1504">
    <p class='ocr_par' dir='ltr' id='par_1_16' title="bbox 238 1432 898 1504">
     <span class='ocr_line' id='line_1_16' title="bbox 238 1432 898 1504; baseline -0.005 -18"><span class='ocrx_word' id='word_1_97' title='bbox 238 1433 408 1501; x_wconf 84' lang='grc' dir='ltr'>Λόγος</span> <span class='ocrx_word' id='word_1_98' title='bbox 442 1432 577 1504; x_wconf 80' lang='grc' dir='ltr'>σάρξ</span> <span class='ocrx_word' id='word_1_99' title='bbox 602 1432 835 1501; x_wconf 79' lang='grc' dir='ltr'>ἐγένετο.</span> <span class='ocrx_word' id='word_1_100' title='bbox 878 1450 898 1483; x_wconf 76' lang='grc' dir='ltr'><strong>ι</strong></span> 
     </span>
    </p>
   </div>
   <div class='ocr_carea' id='block_1_17' title="bbox 239 1523 2931 1606">
    <p class='ocr_par' dir='ltr' id='par_1_17' title="bbox 239 1523 2931 1606">
     <span class='ocr_line' id='line_1_17' title="bbox 239 1523 2931 1606; baseline -0.001 -25"><span class='ocrx_word' id='word_1_101' title='bbox 239 1526 331 1581; x_wconf 83' lang='lat' dir='ltr'><strong>sed</strong></span> <span class='ocrx_word' id='word_1_102' title='bbox 363 1527 414 1581; x_wconf 89' lang='lat' dir='ltr'><strong>vi</strong></span> <span class='ocrx_word' id='word_1_103' title='bbox 443 1527 682 1606; x_wconf 83' lang='lat' dir='ltr'><strong>syllabas</strong></span> <span class='ocrx_word' id='word_1_104' title='bbox 717 1528 784 1583; x_wconf 89' lang='lat' dir='ltr'><strong>ad</strong></span> <span class='ocrx_word' id='word_1_105' title='bbox 810 1527 1246 1600; x_wconf 84' lang='lat' dir='ltr'><strong>perversissimas</strong></span> <span class='ocrx_word' id='word_1_106' title='bbox 1301 1541 1430 1583; x_wconf 89' lang='lat' dir='ltr'><strong>suas</strong></span> <span class='ocrx_word' id='word_1_107' title='bbox 1458 1533 1605 1580; x_wconf 88' lang='lat' dir='ltr'><strong>artes</strong></span> <span class='ocrx_word' id='word_1_108' title='bbox 1631 1523 2039 1593; x_wconf 82' lang='lat' dir='ltr'><strong>detorquentes,</strong></span> <span class='ocrx_word' id='word_1_109' title='bbox 2069 1524 2212 1594; x_wconf 89' lang='lat' dir='ltr'><strong>quod</strong></span> <span class='ocrx_word' id='word_1_110' title='bbox 2240 1524 2401 1579; x_wconf 87' lang='lat' dir='ltr'><strong>etiam</strong></span> <span class='ocrx_word' id='word_1_111' title='bbox 2432 1526 2634 1579; x_wconf 78' lang='lat' dir='ltr'><strong>faciunt</strong></span> <span class='ocrx_word' id='word_1_112' title='bbox 2672 1526 2725 1578; x_wconf 87' lang='lat' dir='ltr'><strong>in</strong></span> <span class='ocrx_word' id='word_1_113' title='bbox 2778 1524 2871 1579; x_wconf 90' lang='lat' dir='ltr'><strong>illo</strong></span> <span class='ocrx_word' id='word_1_114' title='bbox 2916 1542 2931 1578; x_wconf 86' lang='lat'><strong>:</strong></span> 
     </span>
    </p>
   </div>
   <div class='ocr_carea' id='block_1_18' title="bbox 241 1618 720 1678">
    <p class='ocr_par' dir='ltr' id='par_1_18' title="bbox 241 1618 720 1678">
     <span class='ocr_line' id='line_1_18' title="bbox 241 1618 720 1678; baseline 0.008 -5"><span class='ocrx_word' id='word_1_115' title='bbox 241 1618 441 1676; x_wconf 80' lang='lat' dir='ltr'><strong>factum</strong></span> <span class='ocrx_word' id='word_1_116' title='bbox 478 1631 563 1678; x_wconf 87' lang='lat' dir='ltr'><strong>est</strong></span> <span class='ocrx_word' id='word_1_117' title='bbox 588 1622 657 1678; x_wconf 68' lang='grc'><strong>⁸⁷.</strong></span> <span class='ocrx_word' id='word_1_118' title='bbox 700 1642 720 1677; x_wconf 77' lang='grc' dir='ltr'><strong>ι</strong></span> 
     </span>
    </p>
   </div>
   <div class='ocr_carea' id='block_1_19' title="bbox 981 1743 1077 1798">
    <p class='ocr_par' dir='ltr' id='par_1_19' title="bbox 981 1743 1077 1798">
     <span class='ocr_line' id='line_1_19' title="bbox 981 1743 1077 1798; baseline 0.031 -3"><span class='ocrx_word' id='word_1_119' title='bbox 981 1743 1077 1798; x_wconf 85' lang='lat' dir='ltr'><strong>III.</strong></span> 
     </span>
    </p>
   </div>
   <div class='ocr_carea' id='block_1_20' title="bbox 237 1849 1806 1924">
    <p class='ocr_par' dir='ltr' id='par_1_20' title="bbox 237 1849 1806 1924">
     <span class='ocr_line' id='line_1_20' title="bbox 237 1849 1806 1924; baseline -0.006 -15"><span class='ocrx_word' id='word_1_120' title='bbox 237 1853 392 1924; x_wconf 74' lang='grc' dir='ltr'>Πρὸς</span> <span class='ocrx_word' id='word_1_121' title='bbox 434 1854 575 1920; x_wconf 85' lang='grc' dir='ltr'>τοὺς</span> <span class='ocrx_word' id='word_1_122' title='bbox 623 1853 1152 1924; x_wconf 10' lang='grc' dir='ltr'>προϐαλλομένους,</span> <span class='ocrx_word' id='word_1_123' title='bbox 1188 1856 1495 1918; x_wconf 77' lang='grc' dir='ltr'>κακοήθως</span> <span class='ocrx_word' id='word_1_124' title='bbox 1540 1849 1630 1914; x_wconf 85' lang='grc' dir='ltr'>τὸ,</span> <span class='ocrx_word' id='word_1_125' title='bbox 1676 1868 1694 1901; x_wconf 83' lang='grc' dir='ltr'><strong>ι</strong></span> <span class='ocrx_word' id='word_1_126' title='bbox 1740 1849 1806 1901; x_wconf 88' lang='lat'><strong>&#39;0</strong></span> 
     </span>
    </p>
   </div>
   <div class='ocr_carea' id='block_1_21' title="bbox 649 1923 1384 1995">
    <p class='ocr_par' dir='ltr' id='par_1_21' title="bbox 649 1923 1384 1995">
     <span class='ocr_line' id='line_1_21' title="bbox 649 1923 1384 1995; baseline -0.008 -14"><span class='ocrx_word' id='word_1_127' title='bbox 649 1926 839 1995; x_wconf 78' lang='grc' dir='ltr'>Λόγος</span> <span class='ocrx_word' id='word_1_128' title='bbox 874 1925 1030 1993; x_wconf 80' lang='grc' dir='ltr'><strong>σὰρξ</strong></span> <span class='ocrx_word' id='word_1_129' title='bbox 1059 1923 1316 1994; x_wconf 77' lang='grc' dir='ltr'>ἐγένετο.</span> <span class='ocrx_word' id='word_1_130' title='bbox 1366 1944 1384 1975; x_wconf 77' lang='grc' dir='ltr'><strong>ι</strong></span> 
     </span>
    </p>
   </div>
   <div class='ocr_carea' id='block_1_22' title="bbox 306 2033 1804 2110">
    <p class='ocr_par' dir='ltr' id='par_1_22' title="bbox 306 2033 1804 2110">
     <span class='ocr_line' id='line_1_22' title="bbox 306 2033 1804 2110; baseline -0.001 -21"><span class='ocrx_word' id='word_1_131' title='bbox 306 2035 483 2091; x_wconf 83' lang='grc' dir='ltr'>Πολλά</span> <span class='ocrx_word' id='word_1_132' title='bbox 540 2036 638 2110; x_wconf 68' lang='grc' dir='ltr'>μξν</span> <span class='ocrx_word' id='word_1_133' title='bbox 665 2042 777 2102; x_wconf 87' lang='grc' dir='ltr'>τοῖς</span> <span class='ocrx_word' id='word_1_134' title='bbox 824 2034 1113 2091; x_wconf 76' lang='grc' dir='ltr'>ἐκπεσοῦσι</span> <span class='ocrx_word' id='word_1_135' title='bbox 1140 2037 1241 2106; x_wconf 85' lang='grc' dir='ltr'>τῆς</span> <span class='ocrx_word' id='word_1_136' title='bbox 1285 2034 1564 2106; x_wconf 82' lang='grc' dir='ltr'>ἀληθείας,</span> <span class='ocrx_word' id='word_1_137' title='bbox 1597 2034 1705 2088; x_wconf 75' lang='grc' dir='ltr'>εἴτε</span> <span class='ocrx_word' id='word_1_138' title='bbox 1738 2033 1804 2089; x_wconf 87' lang='grc' dir='ltr'><strong>δι’</strong></span> 
     </span>
    </p>
   </div>
   <div class='ocr_carea' id='block_1_23' title="bbox 237 2126 1806 2202">
    <p class='ocr_par' dir='ltr' id='par_1_23' title="bbox 237 2126 1806 2202">
     <span class='ocr_line' id='line_1_23' title="bbox 237 2126 1806 2202; baseline 0.001 -24"><span class='ocrx_word' id='word_1_139' title='bbox 237 2127 372 2198; x_wconf 71' lang='grc' dir='ltr'>ἔριν,</span> <span class='ocrx_word' id='word_1_140' title='bbox 409 2130 519 2182; x_wconf 73' lang='grc' dir='ltr'>εἴτε</span> <span class='ocrx_word' id='word_1_141' title='bbox 562 2129 629 2182; x_wconf 84' lang='grc' dir='ltr'><strong>δι’</strong></span> <span class='ocrx_word' id='word_1_142' title='bbox 653 2128 893 2198; x_wconf 79' lang='grc' dir='ltr'>ἄγνοιαν,</span> <span class='ocrx_word' id='word_1_143' title='bbox 916 2129 1051 2202; x_wconf 80' lang='grc' dir='ltr'>πρὸς</span> <span class='ocrx_word' id='word_1_144' title='bbox 1076 2129 1291 2200; x_wconf 84' lang='grc' dir='ltr'>ἀπάτην</span> <span class='ocrx_word' id='word_1_145' title='bbox 1332 2128 1709 2200; x_wconf 84' lang='grc' dir='ltr'>ἐπινενόηται·</span> <span class='ocrx_word' id='word_1_146' title='bbox 1743 2126 1806 2180; x_wconf 80' lang='grc' dir='ltr'>τὸ</span> 
     </span>
    </p>
   </div>
   <div class='ocr_carea' id='block_1_24' title="bbox 236 2218 1806 2292">
    <p class='ocr_par' dir='ltr' id='par_1_24' title="bbox 236 2218 1806 2292">
     <span class='ocr_line' id='line_1_24' title="bbox 236 2218 1806 2292; baseline 0.002 -21"><span class='ocrx_word' id='word_1_147' title='bbox 236 2218 312 2280; x_wconf 78' lang='grc' dir='ltr'>δὲ,</span> <span class='ocrx_word' id='word_1_148' title='bbox 373 2238 393 2271; x_wconf 81' lang='grc' dir='ltr'><strong>ι</strong></span> <span class='ocrx_word' id='word_1_149' title='bbox 465 2220 522 2273; x_wconf 85' lang='grc'><strong>’0</strong></span> <span class='ocrx_word' id='word_1_150' title='bbox 573 2220 744 2288; x_wconf 84' lang='grc' dir='ltr'>Λόγος</span> <span class='ocrx_word' id='word_1_151' title='bbox 778 2222 992 2289; x_wconf 88' lang='grc' dir='ltr'>ἐγένετο</span> <span class='ocrx_word' id='word_1_152' title='bbox 1025 2220 1181 2292; x_wconf 78' lang='grc' dir='ltr'>σὰρξ,</span> <span class='ocrx_word' id='word_1_153' title='bbox 1240 2240 1259 2273; x_wconf 76' lang='grc' dir='ltr'><strong>ι</strong></span> <span class='ocrx_word' id='word_1_154' title='bbox 1310 2220 1598 2292; x_wconf 81' lang='grc' dir='ltr'>εἰρημένον</span> <span class='ocrx_word' id='word_1_155' title='bbox 1638 2221 1806 2291; x_wconf 83' lang='grc' dir='ltr'>ὑπερ-</span> 
     </span>
    </p>
   </div>
   <div class='ocr_carea' id='block_1_25' title="bbox 237 2311 1805 2385">
    <p class='ocr_par' dir='ltr' id='par_1_25' title="bbox 237 2311 1805 2385">
     <span class='ocr_line' id='line_1_25' title="bbox 237 2311 1805 2385; baseline 0.001 -19"><span class='ocrx_word' id='word_1_156' title='bbox 237 2311 387 2381; x_wconf 80' lang='grc' dir='ltr'>φυῶς</span> <span class='ocrx_word' id='word_1_157' title='bbox 435 2329 495 2365; x_wconf 88' lang='grc' dir='ltr'><strong>τε</strong></span> <span class='ocrx_word' id='word_1_158' title='bbox 534 2312 627 2365; x_wconf 80' lang='grc' dir='ltr'>καὶ</span> <span class='ocrx_word' id='word_1_159' title='bbox 660 2313 798 2385; x_wconf 81' lang='grc' dir='ltr'>ὑπὲρ</span> <span class='ocrx_word' id='word_1_160' title='bbox 834 2313 1073 2375; x_wconf 71' lang='grc' dir='ltr'>ἔπαινον,</span> <span class='ocrx_word' id='word_1_161' title='bbox 1124 2312 1432 2378; x_wconf 79' lang='grc' dir='ltr'>ἐξελέξαντο</span> <span class='ocrx_word' id='word_1_162' title='bbox 1466 2312 1558 2365; x_wconf 70' lang='grc' dir='ltr'><strong>καί⁵</strong></span> <span class='ocrx_word' id='word_1_163' title='bbox 1611 2313 1660 2366; x_wconf 89' lang='grc' dir='ltr'><strong>οἰ</strong></span> <span class='ocrx_word' id='word_1_164' title='bbox 1698 2313 1805 2367; x_wconf 90' lang='grc' dir='ltr'>πά-</span> 
     </span>
    </p>
   </div>
   <div class='ocr_carea' id='block_1_26' title="bbox 236 2402 1806 2475">
    <p class='ocr_par' dir='ltr' id='par_1_26' title="bbox 236 2402 1806 2475">
     <span class='ocr_line' id='line_1_26' title="bbox 236 2402 1806 2475; baseline 0.001 -20"><span class='ocrx_word' id='word_1_165' title='bbox 236 2403 324 2456; x_wconf 84' lang='grc' dir='ltr'><strong>λαι</strong></span> <span class='ocrx_word' id='word_1_166' title='bbox 374 2403 520 2456; x_wconf 83' lang='grc' dir='ltr'>κατὰ</span> <span class='ocrx_word' id='word_1_167' title='bbox 564 2403 663 2467; x_wconf 77' lang='grc' dir='ltr'><strong>τάς</strong></span> <span class='ocrx_word' id='word_1_168' title='bbox 714 2404 951 2474; x_wconf 78' lang='grc' dir='ltr'>αἱρέσεις</span> <span class='ocrx_word' id='word_1_169' title='bbox 989 2404 1258 2475; x_wconf 82' lang='grc' dir='ltr'>πολέμιοι,</span> <span class='ocrx_word' id='word_1_170' title='bbox 1292 2403 1388 2457; x_wconf 77' lang='grc' dir='ltr'>καὶ</span> <span class='ocrx_word' id='word_1_171' title='bbox 1429 2405 1478 2456; x_wconf 91' lang='grc' dir='ltr'>οἱ</span> <span class='ocrx_word' id='word_1_172' title='bbox 1517 2402 1609 2458; x_wconf 91' lang='grc' dir='ltr'><strong>νῦν</strong></span> <span class='ocrx_word' id='word_1_173' title='bbox 1659 2404 1806 2457; x_wconf 83' lang='grc' dir='ltr'>ἀντί-</span> 
     </span>
    </p>
   </div>
   <div class='ocr_carea' id='block_1_27' title="bbox 235 2489 1807 2564">
    <p class='ocr_par' dir='ltr' id='par_1_27' title="bbox 235 2489 1807 2564">
     <span class='ocr_line' id='line_1_27' title="bbox 235 2489 1807 2564; baseline -0.002 -19"><span class='ocrx_word' id='word_1_174' title='bbox 235 2492 399 2559; x_wconf 88' lang='grc' dir='ltr'>δικοι,</span> <span class='ocrx_word' id='word_1_175' title='bbox 446 2492 698 2562; x_wconf 87' lang='grc' dir='ltr'>καθάπερ</span> <span class='ocrx_word' id='word_1_176' title='bbox 745 2492 820 2555; x_wconf 88' lang='grc' dir='ltr'>ὼς</span> <span class='ocrx_word' id='word_1_177' title='bbox 872 2493 1167 2564; x_wconf 87' lang='grc' dir='ltr'>μυστήριον</span> <span class='ocrx_word' id='word_1_178' title='bbox 1220 2491 1451 2561; x_wconf 84' lang='grc' dir='ltr'>ἄμαχον,</span> <span class='ocrx_word' id='word_1_179' title='bbox 1506 2489 1582 2553; x_wconf 85' lang='grc' dir='ltr'>ὡς</span> <span class='ocrx_word' id='word_1_180' title='bbox 1626 2490 1807 2561; x_wconf 83' lang='grc' dir='ltr'>ἐνόμι-</span> 
     </span>
    </p>
   </div>
   <div class='ocr_carea' id='block_1_28' title="bbox 238 2579 1806 2653">
    <p class='ocr_par' dir='ltr' id='par_1_28' title="bbox 238 2579 1806 2653">
     <span class='ocr_line' id='line_1_28' title="bbox 238 2579 1806 2653; baseline 0 -21"><span class='ocrx_word' id='word_1_181' title='bbox 238 2596 340 2635; x_wconf 89' lang='grc' dir='ltr'><strong>σαν</strong></span> <span class='ocrx_word' id='word_1_182' title='bbox 354 2617 388 2645; x_wconf 87' lang='grc'>,.</span> <span class='ocrx_word' id='word_1_183' title='bbox 429 2584 560 2653; x_wconf 82' lang='grc' dir='ltr'>ἡμῖν</span> <span class='ocrx_word' id='word_1_184' title='bbox 612 2582 951 2651; x_wconf 83' lang='grc' dir='ltr'>ἐπετείχισαν</span> <span class='ocrx_word' id='word_1_185' title='bbox 1019 2580 1372 2652; x_wconf 77' lang='grc' dir='ltr'>κατατρέχειν</span> <span class='ocrx_word' id='word_1_186' title='bbox 1432 2581 1639 2634; x_wconf 78' lang='grc' dir='ltr'>ἐκεῖθεν</span> <span class='ocrx_word' id='word_1_187' title='bbox 1711 2579 1806 2633; x_wconf 77' lang='grc' dir='ltr'>καὶ</span> 
     </span>
    </p>
   </div>
   <div class='ocr_carea' id='block_1_29' title="bbox 238 2671 1802 2745">
    <p class='ocr_par' dir='ltr' id='par_1_29' title="bbox 238 2671 1802 2745">
     <span class='ocr_line' id='line_1_29' title="bbox 238 2671 1802 2745; baseline -0.001 -18"><span class='ocrx_word' id='word_1_188' title='bbox 238 2671 454 2741; x_wconf 83' lang='grc' dir='ltr'>βάλλειν</span> <span class='ocrx_word' id='word_1_189' title='bbox 485 2672 593 2725; x_wconf 85' lang='grc' dir='ltr'><strong>τῶν</strong></span> <span class='ocrx_word' id='word_1_190' title='bbox 636 2671 925 2743; x_wconf 79' lang='grc' dir='ltr'>ὀρθοδόξων</span> <span class='ocrx_word' id='word_1_191' title='bbox 968 2673 1066 2744; x_wconf 78' lang='grc' dir='ltr'>τὴν</span> <span class='ocrx_word' id='word_1_192' title='bbox 1101 2672 1356 2743; x_wconf 79' lang='grc' dir='ltr'>φάλαγγα</span> <span class='ocrx_word' id='word_1_193' title='bbox 1403 2672 1802 2745; x_wconf 83' lang='grc' dir='ltr'>μηχανώμενοι,</span> 
     </span>
    </p>
   </div>
   <div class='ocr_carea' id='block_1_30' title="bbox 236 2762 1805 2836">
    <p class='ocr_par' dir='ltr' id='par_1_30' title="bbox 236 2762 1805 2836">
     <span class='ocr_line' id='line_1_30' title="bbox 236 2762 1805 2836; baseline 0.001 -21"><span class='ocrx_word' id='word_1_194' title='bbox 236 2762 467 2826; x_wconf 75' lang='grc' dir='ltr'>πολλούς</span> <span class='ocrx_word' id='word_1_195' title='bbox 498 2780 557 2816; x_wconf 90' lang='grc' dir='ltr'><strong>τε</strong></span> <span class='ocrx_word' id='word_1_196' title='bbox 601 2762 818 2832; x_wconf 88' lang='grc' dir='ltr'>δεσμεῖν</span> <span class='ocrx_word' id='word_1_197' title='bbox 849 2766 916 2835; x_wconf 79' lang='grc' dir='ltr'>τῇ</span> <span class='ocrx_word' id='word_1_198' title='bbox 963 2762 1134 2836; x_wconf 81' lang='grc' dir='ltr'>πλοκῇ</span> <span class='ocrx_word' id='word_1_199' title='bbox 1181 2763 1275 2816; x_wconf 87' lang='grc' dir='ltr'><strong>τοῦ</strong></span> <span class='ocrx_word' id='word_1_200' title='bbox 1314 2763 1640 2835; x_wconf 80' lang='grc' dir='ltr'>ζητήματος.</span> <span class='ocrx_word' id='word_1_201' title='bbox 1678 2782 1697 2815; x_wconf 84' lang='grc' dir='ltr'><strong>ι</strong></span> <span class='ocrx_word' id='word_1_202' title='bbox 1747 2764 1805 2817; x_wconf 86' lang='lat'><strong>&#39;0</strong></span> 
     </span>
    </p>
   </div>
   <div class='ocr_carea' id='block_1_31' title="bbox 234 2853 1807 2927">
    <p class='ocr_par' dir='ltr' id='par_1_31' title="bbox 234 2853 1807 2927">
     <span class='ocr_line' id='line_1_31' title="bbox 234 2853 1807 2927; baseline 0 -19"><span class='ocrx_word' id='word_1_203' title='bbox 234 2854 412 2927; x_wconf 81' lang='grc' dir='ltr'>Λόγος</span> <span class='ocrx_word' id='word_1_204' title='bbox 442 2853 580 2926; x_wconf 79' lang='grc' dir='ltr'>σὰρξ</span> <span class='ocrx_word' id='word_1_205' title='bbox 634 2854 868 2924; x_wconf 84' lang='grc' dir='ltr'>ἐγένετο,</span> <span class='ocrx_word' id='word_1_206' title='bbox 913 2873 932 2906; x_wconf 76' lang='grc' dir='ltr'><strong>ι</strong></span> <span class='ocrx_word' id='word_1_207' title='bbox 964 2854 1127 2918; x_wconf 76' lang='grc' dir='ltr'>αὐτὸς</span> <span class='ocrx_word' id='word_1_208' title='bbox 1171 2857 1200 2909; x_wconf 86' lang='grc' dir='ltr'><strong>ό</strong></span> <span class='ocrx_word' id='word_1_209' title='bbox 1234 2854 1371 2926; x_wconf 79' lang='grc' dir='ltr'>σὰρξ</span> <span class='ocrx_word' id='word_1_210' title='bbox 1401 2855 1709 2927; x_wconf 87' lang='grc' dir='ltr'>γενόμενος,</span> <span class='ocrx_word' id='word_1_211' title='bbox 1744 2856 1807 2909; x_wconf 77' lang='grc' dir='ltr'>τὸ</span> 
     </span>
    </p>
   </div>
   <div class='ocr_carea' id='block_1_32' title="bbox 235 2925 1806 3017">
    <p class='ocr_par' dir='ltr' id='par_1_32' title="bbox 235 2925 1806 3017">
     <span class='ocr_line' id='line_1_32' title="bbox 235 2925 1806 3017; baseline 0.001 -20"><span class='ocrx_word' id='word_1_212' title='bbox 235 2925 411 3006; x_wconf 67' lang='grc' dir='ltr'>τῖάθος</span> <span class='ocrx_word' id='word_1_213' title='bbox 443 2925 679 3011; x_wconf 80' lang='grc' dir='ltr'>ἐδέξατο.</span> <span class='ocrx_word' id='word_1_214' title='bbox 710 2943 807 3007; x_wconf 86' lang='grc' dir='ltr'>Τίς</span> <span class='ocrx_word' id='word_1_215' title='bbox 853 2944 913 2998; x_wconf 79' lang='grc' dir='ltr'>οὐ</span> <span class='ocrx_word' id='word_1_216' title='bbox 961 2944 1171 3015; x_wconf 80' lang='grc' dir='ltr'>φρίττει</span> <span class='ocrx_word' id='word_1_217' title='bbox 1351 2945 1458 2999; x_wconf 84' lang='grc' dir='ltr'><strong>τῶν</strong></span> <span class='ocrx_word' id='word_1_218' title='bbox 1502 2925 1806 3017; x_wconf 82' lang='grc' dir='ltr'>εἰρημένων</span> 
     </span>
    </p>
   </div>
   <div class='ocr_carea' id='block_1_33' title="bbox 234 3033 1805 3109">
    <p class='ocr_par' dir='ltr' id='par_1_33' title="bbox 234 3033 1805 3109">
     <span class='ocr_line' id='line_1_33' title="bbox 234 3033 1805 3109; baseline 0.001 -21"><span class='ocrx_word' id='word_1_219' title='bbox 234 3037 530 3101; x_wconf 85' lang='grc' dir='ltr'>ἀπόνοιαν;</span> <span class='ocrx_word' id='word_1_220' title='bbox 582 3036 655 3089; x_wconf 85' lang='grc' dir='ltr'><strong>Τὸ</strong></span> <span class='ocrx_word' id='word_1_221' title='bbox 687 3035 1065 3109; x_wconf 83' lang='grc' dir='ltr'>γεγραμμένον</span> <span class='ocrx_word' id='word_1_222' title='bbox 1109 3036 1501 3106; x_wconf 71' lang='grc' dir='ltr'>ἀποκόψαντες,</span> <span class='ocrx_word' id='word_1_223' title='bbox 1537 3033 1709 3099; x_wconf 78' lang='grc' dir='ltr'>εἷπον,</span> <span class='ocrx_word' id='word_1_224' title='bbox 1744 3037 1805 3091; x_wconf 83' lang='grc' dir='ltr'>τὸ</span> 
     </span>
    </p>
   </div>
   <div class='ocr_carea' id='block_1_34' title="bbox 235 3127 1798 3199">
    <p class='ocr_par' dir='ltr' id='par_1_34' title="bbox 235 3127 1798 3199">
     <span class='ocr_line' id='line_1_34' title="bbox 235 3127 1798 3199; baseline 0 -18"><span class='ocrx_word' id='word_1_225' title='bbox 235 3127 316 3199; x_wconf 74' lang='grc' dir='ltr'>μὴ</span> <span class='ocrx_word' id='word_1_226' title='bbox 345 3127 401 3181; x_wconf 77' lang='grc' dir='ltr'>δὲ</span> <span class='ocrx_word' id='word_1_227' title='bbox 423 3127 806 3199; x_wconf 80' lang='grc' dir='ltr'>γεγραμμένον</span> <span class='ocrx_word' id='word_1_228' title='bbox 834 3127 1278 3199; x_wconf 80' lang='grc' dir='ltr'>ἐκαινοτόμησαν.</span> <span class='ocrx_word' id='word_1_229' title='bbox 1312 3128 1369 3181; x_wconf 90' lang='lat'><strong>&#39;0</strong></span> <span class='ocrx_word' id='word_1_230' title='bbox 1388 3127 1497 3199; x_wconf 85' lang='grc' dir='ltr'><strong>γὰρ</strong></span> <span class='ocrx_word' id='word_1_231' title='bbox 1520 3127 1689 3182; x_wconf 86' lang='grc' dir='ltr'>εἰπὼν</span> <span class='ocrx_word' id='word_1_232' title='bbox 1718 3127 1798 3195; x_wconf 82' lang='grc' dir='ltr'>τὸ,</span> 
     </span>
    </p>
   </div>
   <div class='ocr_carea' id='block_1_35' title="bbox 236 3216 1802 3291">
    <p class='ocr_par' dir='ltr' id='par_1_35' title="bbox 236 3216 1802 3291">
     <span class='ocr_line' id='line_1_35' title="bbox 236 3216 1802 3291; baseline -0.001 -18"><span class='ocrx_word' id='word_1_233' title='bbox 236 3238 257 3273; x_wconf 80' lang='grc' dir='ltr'><strong>ι</strong></span> <span class='ocrx_word' id='word_1_234' title='bbox 292 3221 353 3273; x_wconf 92' lang='lat'><strong>&#39;0</strong></span> <span class='ocrx_word' id='word_1_235' title='bbox 368 3218 542 3287; x_wconf 83' lang='grc' dir='ltr'>Λόγος</span> <span class='ocrx_word' id='word_1_236' title='bbox 560 3216 694 3289; x_wconf 78' lang='grc' dir='ltr'>σάρξ</span> <span class='ocrx_word' id='word_1_237' title='bbox 720 3217 983 3285; x_wconf 80' lang='grc' dir='ltr'>ἐγένετο,ι</span> <span class='ocrx_word' id='word_1_238' title='bbox 1006 3217 1308 3289; x_wconf 83' lang='grc' dir='ltr'>προσέθηκε</span> <span class='ocrx_word' id='word_1_239' title='bbox 1336 3219 1430 3272; x_wconf 82' lang='grc' dir='ltr'>καὶ</span> <span class='ocrx_word' id='word_1_240' title='bbox 1456 3218 1537 3283; x_wconf 82' lang='grc' dir='ltr'>τὸ,</span> <span class='ocrx_word' id='word_1_241' title='bbox 1556 3236 1576 3269; x_wconf 80' lang='grc' dir='ltr'><strong>ι</strong></span> <span class='ocrx_word' id='word_1_242' title='bbox 1605 3219 1802 3291; x_wconf 79' lang='grc' dir='ltr'>Ἐσκη-</span> 
     </span>
    </p>
   </div>
   <div class='ocr_carea' id='block_1_36' title="bbox 230 3307 1801 3382">
    <p class='ocr_par' dir='ltr' id='par_1_36' title="bbox 230 3307 1801 3382">
     <span class='ocr_line' id='line_1_36' title="bbox 230 3307 1801 3382; baseline -0.004 -15"><span class='ocrx_word' id='word_1_243' title='bbox 230 3328 407 3367; x_wconf 88' lang='grc' dir='ltr'>νωσεν</span> <span class='ocrx_word' id='word_1_244' title='bbox 430 3312 489 3364; x_wconf 85' lang='grc' dir='ltr'><strong>ἐν</strong></span> <span class='ocrx_word' id='word_1_245' title='bbox 510 3312 643 3382; x_wconf 77' lang='grc' dir='ltr'>ἡμῖν</span> <span class='ocrx_word' id='word_1_246' title='bbox 661 3326 676 3339; x_wconf 80' lang='lat'><strong>&#39;</strong></span> <span class='ocrx_word' id='word_1_247' title='bbox 713 3328 733 3362; x_wconf 73' lang='grc' dir='ltr'><strong>ι</strong></span> <span class='ocrx_word' id='word_1_248' title='bbox 758 3309 844 3362; x_wconf 86' lang='grc' dir='ltr'>ἶνα</span> <span class='ocrx_word' id='word_1_249' title='bbox 880 3308 1041 3363; x_wconf 81' lang='grc' dir='ltr'>διπλᾶ</span> <span class='ocrx_word' id='word_1_250' title='bbox 1073 3309 1350 3380; x_wconf 77' lang='grc' dir='ltr'>νοήσωμεν</span> <span class='ocrx_word' id='word_1_251' title='bbox 1379 3307 1581 3371; x_wconf 82' lang='grc' dir='ltr'>εὐθέως</span> <span class='ocrx_word' id='word_1_252' title='bbox 1608 3307 1677 3361; x_wconf 84' lang='grc' dir='ltr'>τὰ</span> <span class='ocrx_word' id='word_1_253' title='bbox 1701 3324 1801 3379; x_wconf 80' lang='grc' dir='ltr'>ση-</span> 
     </span>
    </p>
   </div>
   <div class='ocr_carea' id='block_1_37' title="bbox 233 3399 1802 3477">
    <p class='ocr_par' dir='ltr' id='par_1_37' title="bbox 233 3399 1802 3477">
     <span class='ocr_line' id='line_1_37' title="bbox 233 3399 1802 3477; baseline -0.004 -18"><span class='ocrx_word' id='word_1_254' title='bbox 233 3405 562 3477; x_wconf 87' lang='grc' dir='ltr'>μαινόμενα,</span> <span class='ocrx_word' id='word_1_255' title='bbox 602 3402 694 3457; x_wconf 86' lang='grc' dir='ltr'><strong>τδν</strong></span> <span class='ocrx_word' id='word_1_256' title='bbox 746 3404 939 3472; x_wconf 89' lang='grc' dir='ltr'>Λόγον,</span> <span class='ocrx_word' id='word_1_257' title='bbox 981 3403 1080 3473; x_wconf 82' lang='grc' dir='ltr'>τὴν</span> <span class='ocrx_word' id='word_1_258' title='bbox 1122 3402 1320 3474; x_wconf 82' lang='grc' dir='ltr'>σάρκα,</span> <span class='ocrx_word' id='word_1_259' title='bbox 1355 3401 1418 3455; x_wconf 83' lang='grc' dir='ltr'><strong>τὸ</strong></span> <span class='ocrx_word' id='word_1_260' title='bbox 1451 3400 1703 3473; x_wconf 78' lang='grc' dir='ltr'>σκηνοῦν,</span> <span class='ocrx_word' id='word_1_261' title='bbox 1741 3399 1802 3454; x_wconf 85' lang='grc' dir='ltr'>τὸ</span> 
     </span>
    </p>
   </div>
   <div class='ocr_carea' id='block_1_38' title="bbox 231 3495 1801 3571">
    <p class='ocr_par' dir='ltr' id='par_1_38' title="bbox 231 3495 1801 3571">
     <span class='ocr_line' id='line_1_38' title="bbox 231 3495 1801 3571; baseline -0.003 -19"><span class='ocrx_word' id='word_1_262' title='bbox 231 3498 606 3571; x_wconf 64' lang='grc' dir='ltr'>ηηνούμενον</span> <span class='ocrx_word' id='word_1_263' title='bbox 623 3513 637 3527; x_wconf 76' lang='grc'><strong><em>⁸</em></strong></span> <span class='ocrx_word' id='word_1_264' title='bbox 657 3497 752 3550; x_wconf 75' lang='grc' dir='ltr'>καὶ</span> <span class='ocrx_word' id='word_1_265' title='bbox 771 3498 905 3568; x_wconf 82' lang='grc' dir='ltr'>μήτε</span> <span class='ocrx_word' id='word_1_266' title='bbox 920 3497 1151 3567; x_wconf 86' lang='grc' dir='ltr'>τροπὴν,</span> <span class='ocrx_word' id='word_1_267' title='bbox 1173 3496 1313 3566; x_wconf 86' lang='grc' dir='ltr'>μήτε</span> <span class='ocrx_word' id='word_1_268' title='bbox 1342 3495 1646 3557; x_wconf 85' lang='grc' dir='ltr'>ἀλλοίωσιν,</span> <span class='ocrx_word' id='word_1_269' title='bbox 1663 3496 1801 3565; x_wconf 77' lang='grc' dir='ltr'>μήτε</span> 
     </span>
    </p>
   </div>
   <div class='ocr_carea' id='block_1_39' title="bbox 225 3586 1801 3659">
    <p class='ocr_par' dir='ltr' id='par_1_39' title="bbox 225 3586 1801 3659">
     <span class='ocr_line' id='line_1_39' title="bbox 225 3586 1801 3659; baseline -0.002 -16"><span class='ocrx_word' id='word_1_270' title='bbox 225 3608 281 3643; x_wconf 87' lang='grc' dir='ltr'><strong>τι</strong></span> <span class='ocrx_word' id='word_1_271' title='bbox 308 3590 519 3643; x_wconf 80' lang='grc' dir='ltr'>τοιοῦτο</span> <span class='ocrx_word' id='word_1_272' title='bbox 570 3588 661 3642; x_wconf 81' lang='grc' dir='ltr'>ἐπὶ</span> <span class='ocrx_word' id='word_1_273' title='bbox 699 3587 796 3659; x_wconf 86' lang='grc' dir='ltr'>τῆς</span> <span class='ocrx_word' id='word_1_274' title='bbox 832 3588 1099 3659; x_wconf 85' lang='grc' dir='ltr'>ἀτρέπτου</span> <span class='ocrx_word' id='word_1_275' title='bbox 1131 3586 1317 3650; x_wconf 76' lang='grc' dir='ltr'>οὐσίας</span> <span class='ocrx_word' id='word_1_276' title='bbox 1359 3587 1698 3658; x_wconf 84' lang='grc' dir='ltr'>ἐκλάϐωμεν.</span> <span class='ocrx_word' id='word_1_277' title='bbox 1733 3587 1801 3640; x_wconf 87' lang='grc' dir='ltr'><strong>Ἢ</strong></span> 
     </span>
    </p>
   </div>
   <div class='ocr_carea' id='block_1_40' title="bbox 225 3677 1803 3755">
    <p class='ocr_par' dir='ltr' id='par_1_40' title="bbox 225 3677 1803 3755">
     <span class='ocr_line' id='line_1_40' title="bbox 225 3677 1803 3755; baseline -0.003 -19"><span class='ocrx_word' id='word_1_278' title='bbox 225 3682 342 3755; x_wconf 63' lang='grc' dir='ltr'>γὰρ</span> <span class='ocrx_word' id='word_1_279' title='bbox 371 3683 435 3736; x_wconf 83' lang='grc' dir='ltr'>ἂν</span> <span class='ocrx_word' id='word_1_280' title='bbox 464 3677 609 3742; x_wconf 83' lang='grc' dir='ltr'>εἶπε,</span> <span class='ocrx_word' id='word_1_281' title='bbox 636 3681 905 3750; x_wconf 90' lang='grc' dir='ltr'>Σκήνωμα</span> <span class='ocrx_word' id='word_1_282' title='bbox 935 3680 1167 3748; x_wconf 80' lang='grc' dir='ltr'>ἐγένετο,</span> <span class='ocrx_word' id='word_1_283' title='bbox 1200 3678 1299 3731; x_wconf 80' lang='grc' dir='ltr'>οὐκ</span> <span class='ocrx_word' id='word_1_284' title='bbox 1336 3697 1355 3729; x_wconf 86' lang='grc' dir='ltr'><strong>ι</strong></span> <span class='ocrx_word' id='word_1_285' title='bbox 1383 3678 1718 3749; x_wconf 84' lang='grc' dir='ltr'>Ἑσκήνωσεν</span> <span class='ocrx_word' id='word_1_286' title='bbox 1744 3679 1803 3731; x_wconf 89' lang='grc' dir='ltr'><strong>ἐν</strong></span> 
     </span>
    </p>
   </div>
   <div class='ocr_carea' id='block_1_41' title="bbox 225 3765 1801 3844">
    <p class='ocr_par' dir='ltr' id='par_1_41' title="bbox 225 3765 1801 3844">
     <span class='ocr_line' id='line_1_41' title="bbox 225 3765 1801 3844; baseline -0.01 -19"><span class='ocrx_word' id='word_1_287' title='bbox 225 3770 586 3844; x_wconf 59' lang='grc' dir='ltr'>ὴμῖνμεῖπερ</span> <span class='ocrx_word' id='word_1_288' title='bbox 616 3769 753 3840; x_wconf 81' lang='grc' dir='ltr'>αὑτὴ</span> <span class='ocrx_word' id='word_1_289' title='bbox 792 3769 824 3838; x_wconf 85' lang='grc' dir='ltr'><strong>ἡ</strong></span> <span class='ocrx_word' id='word_1_290' title='bbox 857 3767 949 3820; x_wconf 88' lang='grc' dir='ltr'><strong>τοῦ</strong></span> <span class='ocrx_word' id='word_1_291' title='bbox 983 3767 1156 3836; x_wconf 83' lang='grc' dir='ltr'>Λόγου</span> <span class='ocrx_word' id='word_1_292' title='bbox 1178 3766 1337 3836; x_wconf 84' lang='grc' dir='ltr'>φύσις</span> <span class='ocrx_word' id='word_1_293' title='bbox 1370 3768 1450 3831; x_wconf 89' lang='grc' dir='ltr'><strong>εἰς</strong></span> <span class='ocrx_word' id='word_1_294' title='bbox 1469 3767 1670 3839; x_wconf 81' lang='grc' dir='ltr'>σαρκὸς</span> <span class='ocrx_word' id='word_1_295' title='bbox 1698 3765 1801 3837; x_wconf 59' lang='lat' dir='ltr'><strong>(pd.</strong></span> 
     </span>
    </p>
   </div>
   <div class='ocr_carea' id='block_1_42' title="bbox 228 3855 1801 3935">
    <p class='ocr_par' dir='ltr' id='par_1_42' title="bbox 228 3855 1801 3935">
     <span class='ocr_line' id='line_1_42' title="bbox 228 3855 1801 3935; baseline -0.003 -17"><span class='ocrx_word' id='word_1_296' title='bbox 228 3881 318 3918; x_wconf 87' lang='grc' dir='ltr'><strong>σιν</strong></span> <span class='ocrx_word' id='word_1_297' title='bbox 367 3863 621 3935; x_wconf 85' lang='grc' dir='ltr'>μετέστη.</span> <span class='ocrx_word' id='word_1_298' title='bbox 666 3860 805 3914; x_wconf 83' lang='grc' dir='ltr'>’Λλλ’</span> <span class='ocrx_word' id='word_1_299' title='bbox 846 3862 945 3932; x_wconf 80' lang='grc' dir='ltr'>οὐχ</span> <span class='ocrx_word' id='word_1_300' title='bbox 985 3855 1095 3914; x_wconf 76' lang='grc' dir='ltr'>οἷόν</span> <span class='ocrx_word' id='word_1_301' title='bbox 1122 3877 1182 3913; x_wconf 89' lang='grc' dir='ltr'><strong>τε</strong></span> <span class='ocrx_word' id='word_1_302' title='bbox 1211 3859 1529 3929; x_wconf 85' lang='grc' dir='ltr'>λογίσασθαι</span> <span class='ocrx_word' id='word_1_303' title='bbox 1558 3859 1801 3932; x_wconf 74' lang='grc' dir='ltr'>περὶτοῦ</span> 
     </span>
    </p>
   </div>
   <div class='ocr_carea' id='block_1_43' title="bbox 223 3952 1802 4028">
    <p class='ocr_par' dir='ltr' id='par_1_43' title="bbox 223 3952 1802 4028">
     <span class='ocr_line' id='line_1_43' title="bbox 223 3952 1802 4028; baseline -0.003 -16"><span class='ocrx_word' id='word_1_304' title='bbox 223 3959 476 4028; x_wconf 83' lang='grc' dir='ltr'>λέγοντος</span> <span class='ocrx_word' id='word_1_305' title='bbox 499 3974 512 3987; x_wconf 91' lang='grc'>·</span> <span class='ocrx_word' id='word_1_306' title='bbox 550 3975 570 4008; x_wconf 78' lang='grc' dir='ltr'><strong>ι</strong></span> <span class='ocrx_word' id='word_1_307' title='bbox 610 3955 797 4019; x_wconf 82' lang='grc' dir='ltr'>Ἴδετε,</span> <span class='ocrx_word' id='word_1_308' title='bbox 836 3955 995 4016; x_wconf 82' lang='grc' dir='ltr'>ἴδετε,</span> <span class='ocrx_word' id='word_1_309' title='bbox 1023 3955 1106 4008; x_wconf 81' lang='grc' dir='ltr'>ὅτι</span> <span class='ocrx_word' id='word_1_310' title='bbox 1144 3952 1256 4023; x_wconf 79' lang='grc' dir='ltr'><strong>ἐγώ</strong></span> <span class='ocrx_word' id='word_1_311' title='bbox 1292 3956 1427 4024; x_wconf 85' lang='grc' dir='ltr'>εἰμι,</span> <span class='ocrx_word' id='word_1_312' title='bbox 1450 3955 1544 4007; x_wconf 75' lang='grc' dir='ltr'><strong>καὶ</strong></span> <span class='ocrx_word' id='word_1_313' title='bbox 1576 3955 1676 4007; x_wconf 81' lang='grc' dir='ltr'>οὐκ</span> <span class='ocrx_word' id='word_1_314' title='bbox 1704 3953 1802 4025; x_wconf 79' lang='grc' dir='ltr'><strong>ὴλ-</strong></span> 
     </span>
    </p>
   </div>
   <div class='ocr_carea' id='block_1_44' title="bbox 223 4044 1804 4122">
    <p class='ocr_par' dir='ltr' id='par_1_44' title="bbox 223 4044 1804 4122">
     <span class='ocr_line' id='line_1_44' title="bbox 223 4044 1804 4122; baseline -0.001 -19"><span class='ocrx_word' id='word_1_315' title='bbox 223 4052 485 4122; x_wconf 76' lang='grc' dir='ltr'>λοῖωμαι.</span> <span class='ocrx_word' id='word_1_316' title='bbox 519 4069 537 4100; x_wconf 80' lang='grc' dir='ltr'><strong>ι</strong></span> <span class='ocrx_word' id='word_1_317' title='bbox 566 4048 689 4112; x_wconf 81' lang='grc' dir='ltr'><strong>Πῶς</strong></span> <span class='ocrx_word' id='word_1_318' title='bbox 704 4044 795 4103; x_wconf 79' lang='grc' dir='ltr'><strong>οῦν</strong></span> <span class='ocrx_word' id='word_1_319' title='bbox 822 4048 917 4101; x_wconf 73' lang='grc' dir='ltr'>καὶ</span> <span class='ocrx_word' id='word_1_320' title='bbox 940 4047 1154 4117; x_wconf 85' lang='grc' dir='ltr'>ἐγένετο</span> <span class='ocrx_word' id='word_1_321' title='bbox 1175 4046 1331 4120; x_wconf 78' lang='grc' dir='ltr'>σὰρξ,</span> <span class='ocrx_word' id='word_1_322' title='bbox 1355 4048 1449 4101; x_wconf 74' lang='grc' dir='ltr'>καὶ</span> <span class='ocrx_word' id='word_1_323' title='bbox 1462 4048 1562 4101; x_wconf 88' lang='grc' dir='ltr'>οὐκ</span> <span class='ocrx_word' id='word_1_324' title='bbox 1580 4046 1804 4117; x_wconf 70' lang='grc' dir='ltr'>ἠλλοίω-</span> 
     </span>
    </p>
   </div>
   <div class='ocr_carea' id='block_1_45' title="bbox 223 4138 1802 4213">
    <p class='ocr_par' dir='ltr' id='par_1_45' title="bbox 223 4138 1802 4213">
     <span class='ocr_line' id='line_1_45' title="bbox 223 4138 1802 4213; baseline -0.001 -18"><span class='ocrx_word' id='word_1_325' title='bbox 223 4159 353 4209; x_wconf 74' lang='grc' dir='ltr'>ταις</span> <span class='ocrx_word' id='word_1_326' title='bbox 388 4142 467 4213; x_wconf 83' lang='grc' dir='ltr'>τῷ</span> <span class='ocrx_word' id='word_1_327' title='bbox 489 4138 756 4209; x_wconf 82' lang='grc' dir='ltr'>ἐνωθῆναι</span> <span class='ocrx_word' id='word_1_328' title='bbox 810 4139 993 4209; x_wconf 77' lang='grc' dir='ltr'>σαρκὶ,</span> <span class='ocrx_word' id='word_1_329' title='bbox 1042 4138 1103 4191; x_wconf 86' lang='grc' dir='ltr'>οὐ</span> <span class='ocrx_word' id='word_1_330' title='bbox 1151 4138 1229 4208; x_wconf 84' lang='grc' dir='ltr'>τῷ</span> <span class='ocrx_word' id='word_1_331' title='bbox 1267 4138 1689 4210; x_wconf 82' lang='grc' dir='ltr'>μεταποιηθῆναι</span> <span class='ocrx_word' id='word_1_332' title='bbox 1722 4140 1802 4202; x_wconf 87' lang='grc' dir='ltr'><strong>εἰς</strong></span> 
     </span>
    </p>
   </div>
   <div class='ocr_carea' id='block_1_46' title="bbox 224 4228 1803 4305">
    <p class='ocr_par' dir='ltr' id='par_1_46' title="bbox 224 4228 1803 4305">
     <span class='ocr_line' id='line_1_46' title="bbox 224 4228 1803 4305; baseline -0.002 -19"><span class='ocrx_word' id='word_1_333' title='bbox 224 4236 428 4305; x_wconf 80' lang='grc' dir='ltr'>σάρκα.</span> <span class='ocrx_word' id='word_1_334' title='bbox 453 4232 546 4284; x_wconf 80' lang='grc' dir='ltr'><strong>Διὸ</strong></span> <span class='ocrx_word' id='word_1_335' title='bbox 576 4232 670 4285; x_wconf 72' lang='grc' dir='ltr'>καὶ</span> <span class='ocrx_word' id='word_1_336' title='bbox 690 4231 933 4299; x_wconf 84' lang='grc' dir='ltr'>λέγεται,</span> <span class='ocrx_word' id='word_1_337' title='bbox 975 4247 994 4280; x_wconf 83' lang='grc' dir='ltr'><strong>ι</strong></span> <span class='ocrx_word' id='word_1_338' title='bbox 1040 4228 1382 4303; x_wconf 83' lang='grc' dir='ltr'>Ἐφανερώθη</span> <span class='ocrx_word' id='word_1_339' title='bbox 1411 4229 1594 4300; x_wconf 74' lang='grc' dir='ltr'>σαρκὶ,</span> <span class='ocrx_word' id='word_1_340' title='bbox 1649 4247 1669 4281; x_wconf 76' lang='grc' dir='ltr'><strong>ι</strong></span> <span class='ocrx_word' id='word_1_341' title='bbox 1704 4229 1803 4283; x_wconf 81' lang='grc' dir='ltr'>οὐκ</span> 
     </span>
    </p>
   </div>
   <div class='ocr_carea' id='block_1_47' title="bbox 234 4321 1794 4396">
    <p class='ocr_par' dir='ltr' id='par_1_47' title="bbox 234 4321 1794 4396">
     <span class='ocr_line' id='line_1_47' title="bbox 234 4321 1794 4396; baseline -0.003 -18"><span class='ocrx_word' id='word_1_342' title='bbox 234 4323 595 4396; x_wconf 81' lang='grc' dir='ltr'>Ἑφανερὼθη</span> <span class='ocrx_word' id='word_1_343' title='bbox 621 4325 654 4394; x_wconf 82' lang='grc' dir='ltr'>ἡ</span> <span class='ocrx_word' id='word_1_344' title='bbox 682 4321 847 4394; x_wconf 55' lang='lat' dir='ltr'><strong>ccipe“</strong></span> <span class='ocrx_word' id='word_1_345' title='bbox 894 4323 1009 4387; x_wconf 72' lang='grc' dir='ltr'>καὶ,</span> <span class='ocrx_word' id='word_1_346' title='bbox 1044 4340 1065 4375; x_wconf 78' lang='grc' dir='ltr'><strong>ι</strong></span> <span class='ocrx_word' id='word_1_347' title='bbox 1111 4322 1429 4392; x_wconf 83' lang='grc' dir='ltr'>Σπέρματος</span> <span class='ocrx_word' id='word_1_348' title='bbox 1466 4322 1734 4393; x_wconf 82' lang='grc' dir='ltr'>Ἀϐραὰμ,</span> <span class='ocrx_word' id='word_1_349' title='bbox 1775 4339 1794 4373; x_wconf 76' lang='grc' dir='ltr'><strong>ι</strong></span> 
     </span>
    </p>
   </div>
   <div class='ocr_carea' id='block_1_48' title="bbox 1906 512 3476 584">
    <p class='ocr_par' dir='ltr' id='par_1_48' title="bbox 1906 512 3476 584">
     <span class='ocr_line' id='line_1_48' title="bbox 1906 512 3476 584; baseline -0.004 -12"><span class='ocrx_word' id='word_1_350' title='bbox 1906 517 1974 572; x_wconf 91' lang='lat' dir='ltr'><strong>de</strong></span> <span class='ocrx_word' id='word_1_351' title='bbox 2000 516 2116 571; x_wconf 82' lang='lat' dir='ltr'><strong>suis</strong></span> <span class='ocrx_word' id='word_1_352' title='bbox 2149 516 2496 583; x_wconf 73' lang='lat' dir='ltr'><strong>dogmatibus</strong></span> <span class='ocrx_word' id='word_1_353' title='bbox 2540 517 2896 584; x_wconf 83' lang='lat' dir='ltr'><strong>pronuntiare</strong></span> <span class='ocrx_word' id='word_1_354' title='bbox 2919 515 3131 575; x_wconf 88' lang='lat' dir='ltr'><strong>volunt,</strong></span> <span class='ocrx_word' id='word_1_355' title='bbox 3166 530 3194 566; x_wconf 84' lang='lat' dir='ltr'><strong>a</strong></span> <span class='ocrx_word' id='word_1_356' title='bbox 3227 512 3476 582; x_wconf 80' lang='lat' dir='ltr'><strong>Scriptu-</strong></span> 
     </span>
    </p>
   </div>
   <div class='ocr_carea' id='block_1_49' title="bbox 1904 606 3478 677">
    <p class='ocr_par' dir='ltr' id='par_1_49' title="bbox 1904 606 3478 677">
     <span class='ocr_line' id='line_1_49' title="bbox 1904 606 3478 677; baseline -0.001 -16"><span class='ocrx_word' id='word_1_357' title='bbox 1904 606 1982 661; x_wconf 82' lang='lat' dir='ltr'><strong>ris</strong></span> <span class='ocrx_word' id='word_1_358' title='bbox 2010 607 2147 662; x_wconf 89' lang='lat' dir='ltr'><strong>alios</strong></span> <span class='ocrx_word' id='word_1_359' title='bbox 2176 607 2475 670; x_wconf 88' lang='lat' dir='ltr'><strong>deterrent,</strong></span> <span class='ocrx_word' id='word_1_360' title='bbox 2508 608 2610 662; x_wconf 91' lang='lat' dir='ltr'><strong>hoc</strong></span> <span class='ocrx_word' id='word_1_361' title='bbox 2635 607 2854 677; x_wconf 85' lang='lat' dir='ltr'><strong>quidem</strong></span> <span class='ocrx_word' id='word_1_362' title='bbox 2881 607 3130 670; x_wconf 84' lang='lat' dir='ltr'><strong>obtentu,</strong></span> <span class='ocrx_word' id='word_1_363' title='bbox 3162 621 3230 660; x_wconf 91' lang='lat' dir='ltr'><strong>ne</strong></span> <span class='ocrx_word' id='word_1_364' title='bbox 3269 614 3478 660; x_wconf 76' lang='lat' dir='ltr'><strong>temere</strong></span> 
     </span>
    </p>
   </div>
   <div class='ocr_carea' id='block_1_50' title="bbox 1905 697 3473 766">
    <p class='ocr_par' dir='ltr' id='par_1_50' title="bbox 1905 697 3473 766">
     <span class='ocr_line' id='line_1_50' title="bbox 1905 697 3473 766; baseline 0.001 -17"><span class='ocrx_word' id='word_1_365' title='bbox 1905 698 1971 750; x_wconf 90' lang='lat' dir='ltr'><strong>ad</strong></span> <span class='ocrx_word' id='word_1_366' title='bbox 1997 697 2275 752; x_wconf 83' lang='lat' dir='ltr'><strong>inaccessa</strong></span> <span class='ocrx_word' id='word_1_367' title='bbox 2312 697 2593 752; x_wconf 81' lang='lat' dir='ltr'><strong>videamur</strong></span> <span class='ocrx_word' id='word_1_368' title='bbox 2640 697 2781 751; x_wconf 84' lang='lat' dir='ltr'><strong>velle</strong></span> <span class='ocrx_word' id='word_1_369' title='bbox 2824 705 3147 766; x_wconf 87' lang='lat' dir='ltr'><strong>penetrare,</strong></span> <span class='ocrx_word' id='word_1_370' title='bbox 3190 711 3250 750; x_wconf 86' lang='lat' dir='ltr'><strong>re</strong></span> <span class='ocrx_word' id='word_1_371' title='bbox 3291 706 3473 751; x_wconf 88' lang='lat' dir='ltr'><strong>autem</strong></span> 
     </span>
    </p>
   </div>
   <div class='ocr_carea' id='block_1_51' title="bbox 1904 786 3477 857">
    <p class='ocr_par' dir='ltr' id='par_1_51' title="bbox 1904 786 3477 857">
     <span class='ocr_line' id='line_1_51' title="bbox 1904 786 3477 857; baseline 0.001 -18"><span class='ocrx_word' id='word_1_372' title='bbox 1904 801 2051 851; x_wconf 85' lang='lat' dir='ltr'><strong>vera,</strong></span> <span class='ocrx_word' id='word_1_373' title='bbox 2086 802 2154 841; x_wconf 89' lang='lat' dir='ltr'><strong>ne</strong></span> <span class='ocrx_word' id='word_1_374' title='bbox 2193 786 2446 842; x_wconf 61' lang='lat' dir='ltr'><strong>haretica</strong></span> <span class='ocrx_word' id='word_1_375' title='bbox 2477 804 2575 843; x_wconf 91' lang='lat' dir='ltr'><strong>sua</strong></span> <span class='ocrx_word' id='word_1_376' title='bbox 2611 787 2864 857; x_wconf 77' lang='lat' dir='ltr'><strong>dogmata</strong></span> <span class='ocrx_word' id='word_1_377' title='bbox 2894 786 3149 843; x_wconf 80' lang='lat' dir='ltr'><strong>falsitatis</strong></span> <span class='ocrx_word' id='word_1_378' title='bbox 3182 804 3248 841; x_wconf 82' lang='lat' dir='ltr'><strong>ex</strong></span> <span class='ocrx_word' id='word_1_379' title='bbox 3282 787 3477 841; x_wconf 83' lang='lat' dir='ltr'><strong>iisdem</strong></span> 
     </span>
    </p>
   </div>
   <div class='ocr_carea' id='block_1_52' title="bbox 1904 876 3478 949">
    <p class='ocr_par' dir='ltr' id='par_1_52' title="bbox 1904 876 3478 949">
     <span class='ocr_line' id='line_1_52' title="bbox 1904 876 3478 949; baseline -0.001 -17"><span class='ocrx_word' id='word_1_380' title='bbox 1904 878 2318 934; x_wconf 83' lang='lat' dir='ltr'><strong>convincantur.</strong></span> <span class='ocrx_word' id='word_1_381' title='bbox 2366 878 2522 945; x_wconf 85' lang='lat' dir='ltr'><strong>Quod</strong></span> <span class='ocrx_word' id='word_1_382' title='bbox 2556 880 2602 935; x_wconf 88' lang='lat' dir='ltr'><strong>si</strong></span> <span class='ocrx_word' id='word_1_383' title='bbox 2631 878 2873 941; x_wconf 81' lang='lat' dir='ltr'><strong>videant,</strong></span> <span class='ocrx_word' id='word_1_384' title='bbox 2901 879 3086 949; x_wconf 90' lang='lat' dir='ltr'><strong>petitis</strong></span> <span class='ocrx_word' id='word_1_385' title='bbox 3117 895 3147 932; x_wconf 88' lang='lat' dir='ltr'><strong>e</strong></span> <span class='ocrx_word' id='word_1_386' title='bbox 3192 876 3478 949; x_wconf 82' lang='lat' dir='ltr'><strong>Scriptura</strong></span> 
     </span>
    </p>
   </div>
   <div class='ocr_carea' id='block_1_53' title="bbox 1904 970 3474 1039">
    <p class='ocr_par' dir='ltr' id='par_1_53' title="bbox 1904 970 3474 1039">
     <span class='ocr_line' id='line_1_53' title="bbox 1904 970 3474 1039; baseline -0.001 -16"><span class='ocrx_word' id='word_1_387' title='bbox 1904 970 2460 1026; x_wconf 73' lang='lat' dir='ltr'><strong>tlemonstralionihus</strong></span> <span class='ocrx_word' id='word_1_388' title='bbox 2507 972 2791 1027; x_wconf 81' lang='lat' dir='ltr'><strong>stultitiam</strong></span> <span class='ocrx_word' id='word_1_389' title='bbox 2825 986 2979 1024; x_wconf 88' lang='lat' dir='ltr'><strong>suam</strong></span> <span class='ocrx_word' id='word_1_390' title='bbox 3012 970 3262 1039; x_wconf 90' lang='lat' dir='ltr'><strong>impediri</strong></span> <span class='ocrx_word' id='word_1_391' title='bbox 3290 1008 3308 1035; x_wconf 93' lang='lat'><strong>,</strong></span> <span class='ocrx_word' id='word_1_392' title='bbox 3358 977 3474 1022; x_wconf 91' lang='lat' dir='ltr'><strong>tum</strong></span> 
     </span>
    </p>
   </div>
   <div class='ocr_carea' id='block_1_54' title="bbox 1907 1058 3474 1133">
    <p class='ocr_par' dir='ltr' id='par_1_54' title="bbox 1907 1058 3474 1133">
     <span class='ocr_line' id='line_1_54' title="bbox 1907 1058 3474 1133; baseline -0.001 -18"><span class='ocrx_word' id='word_1_393' title='bbox 1907 1058 2316 1131; x_wconf 87' lang='lat' dir='ltr'><strong>Scripturarum</strong></span> <span class='ocrx_word' id='word_1_394' title='bbox 2363 1078 2589 1133; x_wconf 88' lang='lat' dir='ltr'><strong>scopum</strong></span> <span class='ocrx_word' id='word_1_395' title='bbox 2639 1065 2842 1132; x_wconf 87' lang='lat' dir='ltr'><strong>pariter</strong></span> <span class='ocrx_word' id='word_1_396' title='bbox 2893 1068 2948 1116; x_wconf 87' lang='lat' dir='ltr'><strong>et</strong></span> <span class='ocrx_word' id='word_1_397' title='bbox 3001 1061 3257 1130; x_wconf 79' lang='lat' dir='ltr'><strong>loquendi</strong></span> <span class='ocrx_word' id='word_1_398' title='bbox 3315 1074 3474 1114; x_wconf 76' lang='lat' dir='ltr'><strong>usum</strong></span> 
     </span>
    </p>
   </div>
   <div class='ocr_carea' id='block_1_55' title="bbox 1907 1151 3468 1224">
    <p class='ocr_par' dir='ltr' id='par_1_55' title="bbox 1907 1151 3468 1224">
     <span class='ocr_line' id='line_1_55' title="bbox 1907 1151 3468 1224; baseline 0.001 -18"><span class='ocrx_word' id='word_1_399' title='bbox 1907 1153 2214 1207; x_wconf 88' lang='lat' dir='ltr'><strong>invertunt:</strong></span> <span class='ocrx_word' id='word_1_400' title='bbox 2238 1154 2322 1207; x_wconf 83' lang='lat' dir='ltr'><strong>sin</strong></span> <span class='ocrx_word' id='word_1_401' title='bbox 2346 1155 2566 1209; x_wconf 83' lang='lat' dir='ltr'><strong>verbum</strong></span> <span class='ocrx_word' id='word_1_402' title='bbox 2597 1153 2815 1224; x_wconf 85' lang='lat' dir='ltr'><strong>aliquod</strong></span> <span class='ocrx_word' id='word_1_403' title='bbox 2845 1154 3049 1208; x_wconf 88' lang='lat' dir='ltr'><strong>nudum</strong></span> <span class='ocrx_word' id='word_1_404' title='bbox 3080 1168 3181 1208; x_wconf 88' lang='lat' dir='ltr'><strong>suo</strong></span> <span class='ocrx_word' id='word_1_405' title='bbox 3206 1151 3468 1223; x_wconf 80' lang='lat' dir='ltr'><strong>prodesse</strong></span> 
     </span>
    </p>
   </div>
   <div class='ocr_carea' id='block_1_56' title="bbox 1907 1242 3477 1316">
    <p class='ocr_par' dir='ltr' id='par_1_56' title="bbox 1907 1242 3477 1316">
     <span class='ocr_line' id='line_1_56' title="bbox 1907 1242 3477 1316; baseline -0.001 -20"><span class='ocrx_word' id='word_1_406' title='bbox 1907 1242 2162 1298; x_wconf 90' lang='lat' dir='ltr'><strong>instituto</strong></span> <span class='ocrx_word' id='word_1_407' title='bbox 2206 1244 2535 1315; x_wconf 79' lang='lat' dir='ltr'><strong>intelligant,</strong></span> <span class='ocrx_word' id='word_1_408' title='bbox 2580 1244 2632 1298; x_wconf 89' lang='lat' dir='ltr'><strong>id</strong></span> <span class='ocrx_word' id='word_1_409' title='bbox 2668 1245 2846 1314; x_wconf 89' lang='lat' dir='ltr'><strong>ipsum</strong></span> <span class='ocrx_word' id='word_1_410' title='bbox 2880 1261 2911 1299; x_wconf 90' lang='lat' dir='ltr'><strong>a</strong></span> <span class='ocrx_word' id='word_1_411' title='bbox 2944 1245 3177 1316; x_wconf 81' lang='lat' dir='ltr'><strong>genuina</strong></span> <span class='ocrx_word' id='word_1_412' title='bbox 3210 1244 3477 1298; x_wconf 83' lang='lat' dir='ltr'><strong>orationis</strong></span> 
     </span>
    </p>
   </div>
   <div class='ocr_carea' id='block_1_57' title="bbox 1906 1337 3478 1408">
    <p class='ocr_par' dir='ltr' id='par_1_57' title="bbox 1906 1337 3478 1408">
     <span class='ocr_line' id='line_1_57' title="bbox 1906 1337 3478 1408; baseline -0.001 -18"><span class='ocrx_word' id='word_1_413' title='bbox 1906 1337 2046 1391; x_wconf 88' lang='lat' dir='ltr'><strong>serie</strong></span> <span class='ocrx_word' id='word_1_414' title='bbox 2074 1340 2366 1392; x_wconf 80' lang='lat' dir='ltr'><strong>rescissum</strong></span> <span class='ocrx_word' id='word_1_415' title='bbox 2408 1337 2473 1391; x_wconf 89' lang='lat' dir='ltr'><strong>ad</strong></span> <span class='ocrx_word' id='word_1_416' title='bbox 2506 1337 2752 1408; x_wconf 89' lang='lat' dir='ltr'><strong>proprias</strong></span> <span class='ocrx_word' id='word_1_417' title='bbox 2779 1353 2960 1393; x_wconf 63' lang='lat' dir='ltr'><strong>causa:</strong></span> <span class='ocrx_word' id='word_1_418' title='bbox 2998 1353 3109 1393; x_wconf 62' lang='lat' dir='ltr'><strong>suae</strong></span> <span class='ocrx_word' id='word_1_419' title='bbox 3133 1338 3478 1391; x_wconf 78' lang='lat' dir='ltr'><strong>demonstra-</strong></span> 
     </span>
    </p>
   </div>
   <div class='ocr_carea' id='block_1_58' title="bbox 1904 1427 3474 1498">
    <p class='ocr_par' dir='ltr' id='par_1_58' title="bbox 1904 1427 3474 1498">
     <span class='ocr_line' id='line_1_58' title="bbox 1904 1427 3474 1498; baseline -0.001 -17"><span class='ocrx_word' id='word_1_420' title='bbox 1904 1427 2082 1483; x_wconf 85' lang='lat' dir='ltr'><strong>tiones</strong></span> <span class='ocrx_word' id='word_1_421' title='bbox 2129 1428 2450 1497; x_wconf 83' lang='lat' dir='ltr'><strong>pertrahunt</strong></span> <span class='ocrx_word' id='word_1_422' title='bbox 2497 1447 2510 1482; x_wconf 92' lang='lat'><strong>:</strong></span> <span class='ocrx_word' id='word_1_423' title='bbox 2547 1444 2654 1482; x_wconf 89' lang='lat' dir='ltr'><strong>non</strong></span> <span class='ocrx_word' id='word_1_424' title='bbox 2703 1437 2827 1498; x_wconf 89' lang='lat' dir='ltr'><strong>apto</strong></span> <span class='ocrx_word' id='word_1_425' title='bbox 2874 1428 3058 1483; x_wconf 89' lang='lat' dir='ltr'><strong>sensui</strong></span> <span class='ocrx_word' id='word_1_426' title='bbox 3101 1428 3474 1489; x_wconf 84' lang='lat' dir='ltr'><strong>attendentes,</strong></span> 
     </span>
    </p>
   </div>
   <div class='ocr_carea' id='block_1_59' title="bbox 2996 1523 3477 1579">
    <p class='ocr_par' dir='ltr' id='par_1_59' title="bbox 2996 1523 3477 1579">
     <span class='ocr_line' id='line_1_59' title="bbox 2996 1523 3477 1579; baseline -0.006 -3"><span class='ocrx_word' id='word_1_427' title='bbox 2996 1543 3015 1576; x_wconf 84' lang='grc' dir='ltr'><strong>ι</strong></span> <span class='ocrx_word' id='word_1_428' title='bbox 3079 1523 3319 1579; x_wconf 80' lang='lat' dir='ltr'><strong>Verbum</strong></span> <span class='ocrx_word' id='word_1_429' title='bbox 3347 1534 3477 1578; x_wconf 88' lang='lat' dir='ltr'><strong>caro</strong></span> 
     </span>
    </p>
   </div>
   <div class='ocr_carea' id='block_1_60' title="bbox 2638 1724 2727 1779">
    <p class='ocr_par' dir='ltr' id='par_1_60' title="bbox 2638 1724 2727 1779">
     <span class='ocr_line' id='line_1_60' title="bbox 2638 1724 2727 1779; baseline -0.011 0"><span class='ocrx_word' id='word_1_430' title='bbox 2638 1724 2727 1779; x_wconf 79' lang='lat' dir='ltr'><strong>Ill.</strong></span> 
     </span>
    </p>
   </div>
   <div class='ocr_carea' id='block_1_61' title="bbox 1905 1839 3477 1914">
    <p class='ocr_par' dir='ltr' id='par_1_61' title="bbox 1905 1839 3477 1914">
     <span class='ocr_line' id='line_1_61' title="bbox 1905 1839 3477 1914; baseline 0.003 -19"><span class='ocrx_word' id='word_1_431' title='bbox 1905 1841 2166 1896; x_wconf 78' lang='lat' dir='ltr'><strong>Adversus</strong></span> <span class='ocrx_word' id='word_1_432' title='bbox 2216 1856 2341 1904; x_wconf 76' lang='lat' dir='ltr'><strong>eos,</strong></span> <span class='ocrx_word' id='word_1_433' title='bbox 2390 1840 2480 1910; x_wconf 82' lang='lat' dir='ltr'><strong>qui</strong></span> <span class='ocrx_word' id='word_1_434' title='bbox 2521 1839 2746 1914; x_wconf 84' lang='lat' dir='ltr'><strong>maligne</strong></span> <span class='ocrx_word' id='word_1_435' title='bbox 2794 1839 2943 1894; x_wconf 74' lang='lat' dir='ltr'><strong>nobis</strong></span> <span class='ocrx_word' id='word_1_436' title='bbox 2994 1840 3251 1910; x_wconf 79' lang='lat' dir='ltr'><strong>objiciunt</strong></span> <span class='ocrx_word' id='word_1_437' title='bbox 3305 1840 3477 1899; x_wconf 80' lang='lat' dir='ltr'><strong>illud:</strong></span> 
     </span>
    </p>
   </div>
   <div class='ocr_carea' id='block_1_62' title="bbox 2234 1926 3124 1997">
    <p class='ocr_par' dir='ltr' id='par_1_62' title="bbox 2234 1926 3124 1997">
     <span class='ocr_line' id='line_1_62' title="bbox 2234 1926 3124 1997; baseline 0.003 -17"><span class='ocrx_word' id='word_1_438' title='bbox 2234 1947 2253 1980; x_wconf 81' lang='grc' dir='ltr'><strong>ι</strong></span> <span class='ocrx_word' id='word_1_439' title='bbox 2310 1926 2533 1982; x_wconf 80' lang='lat' dir='ltr'><strong>Verbum</strong></span> <span class='ocrx_word' id='word_1_440' title='bbox 2563 1944 2688 1982; x_wconf 83' lang='lat' dir='ltr'><strong>caro</strong></span> <span class='ocrx_word' id='word_1_441' title='bbox 2721 1928 2925 1997; x_wconf 78' lang='lat' dir='ltr'><strong>factum</strong></span> <span class='ocrx_word' id='word_1_442' title='bbox 2957 1938 3052 1983; x_wconf 76' lang='lat' dir='ltr'><strong>est.</strong></span> <span class='ocrx_word' id='word_1_443' title='bbox 3105 1950 3124 1983; x_wconf 76' lang='grc' dir='ltr'><strong>ι</strong></span> 
     </span>
    </p>
   </div>
   <div class='ocr_carea' id='block_1_63' title="bbox 1975 2038 3475 2111">
    <p class='ocr_par' dir='ltr' id='par_1_63' title="bbox 1975 2038 3475 2111">
     <span class='ocr_line' id='line_1_63' title="bbox 1975 2038 3475 2111; baseline 0.001 -17"><span class='ocrx_word' id='word_1_444' title='bbox 1975 2038 2141 2094; x_wconf 80' lang='lat' dir='ltr'><strong>Multa</strong></span> <span class='ocrx_word' id='word_1_445' title='bbox 2174 2039 2240 2095; x_wconf 91' lang='lat' dir='ltr'><strong>ab</strong></span> <span class='ocrx_word' id='word_1_446' title='bbox 2274 2040 2341 2094; x_wconf 92' lang='lat' dir='ltr'><strong>iis</strong></span> <span class='ocrx_word' id='word_1_447' title='bbox 2368 2039 2508 2107; x_wconf 91' lang='lat' dir='ltr'><strong>quia</strong></span> <span class='ocrx_word' id='word_1_448' title='bbox 2530 2040 2778 2102; x_wconf 84' lang='lat' dir='ltr'><strong>veritate,</strong></span> <span class='ocrx_word' id='word_1_449' title='bbox 2798 2041 2909 2094; x_wconf 84' lang='lat' dir='ltr'><strong>sive</strong></span> <span class='ocrx_word' id='word_1_450' title='bbox 2931 2056 3028 2111; x_wconf 90' lang='lat' dir='ltr'><strong>per</strong></span> <span class='ocrx_word' id='word_1_451' title='bbox 3047 2042 3475 2110; x_wconf 83' lang='lat' dir='ltr'><strong>contentionem,</strong></span> 
     </span>
    </p>
   </div>
   <div class='ocr_carea' id='block_1_64' title="bbox 1905 2130 3475 2204">
    <p class='ocr_par' dir='ltr' id='par_1_64' title="bbox 1905 2130 3475 2204">
     <span class='ocr_line' id='line_1_64' title="bbox 1905 2130 3475 2204; baseline 0.001 -18"><span class='ocrx_word' id='word_1_452' title='bbox 1905 2130 2021 2186; x_wconf 87' lang='lat' dir='ltr'><strong>sive</strong></span> <span class='ocrx_word' id='word_1_453' title='bbox 2078 2146 2175 2204; x_wconf 81' lang='lat' dir='ltr'><strong>per</strong></span> <span class='ocrx_word' id='word_1_454' title='bbox 2232 2130 2593 2204; x_wconf 79' lang='lat' dir='ltr'><strong>ignorantiam</strong></span> <span class='ocrx_word' id='word_1_455' title='bbox 2638 2132 2993 2196; x_wconf 81' lang='lat' dir='ltr'><strong>exciderunt,</strong></span> <span class='ocrx_word' id='word_1_456' title='bbox 3064 2132 3131 2187; x_wconf 92' lang='lat' dir='ltr'><strong>ad</strong></span> <span class='ocrx_word' id='word_1_457' title='bbox 3181 2134 3475 2189; x_wconf 77' lang='lat' dir='ltr'><strong>fallendum</strong></span> 
     </span>
    </p>
   </div>
   <div class='ocr_carea' id='block_1_65' title="bbox 1905 2222 3475 2297">
    <p class='ocr_par' dir='ltr' id='par_1_65' title="bbox 1905 2222 3475 2297">
     <span class='ocr_line' id='line_1_65' title="bbox 1905 2222 3475 2297; baseline 0.003 -20"><span class='ocrx_word' id='word_1_458' title='bbox 1905 2222 2207 2290; x_wconf 77' lang='lat' dir='ltr'><strong>excogitata</strong></span> <span class='ocrx_word' id='word_1_459' title='bbox 2257 2228 2385 2277; x_wconf 90' lang='lat' dir='ltr'><strong>sunt</strong></span> <span class='ocrx_word' id='word_1_460' title='bbox 2417 2241 2429 2276; x_wconf 94' lang='lat'><strong>:</strong></span> <span class='ocrx_word' id='word_1_461' title='bbox 2465 2222 2597 2276; x_wconf 89' lang='lat' dir='ltr'><strong>illud</strong></span> <span class='ocrx_word' id='word_1_462' title='bbox 2646 2230 2824 2276; x_wconf 90' lang='lat' dir='ltr'><strong>autem</strong></span> <span class='ocrx_word' id='word_1_463' title='bbox 2870 2222 3078 2277; x_wconf 88' lang='lat' dir='ltr'><strong>dictum</strong></span> <span class='ocrx_word' id='word_1_464' title='bbox 3112 2226 3257 2295; x_wconf 88' lang='lat' dir='ltr'><strong>quod</strong></span> <span class='ocrx_word' id='word_1_465' title='bbox 3308 2241 3475 2297; x_wconf 86' lang='lat' dir='ltr'><strong>supra</strong></span> 
     </span>
    </p>
   </div>
   <div class='ocr_carea' id='block_1_66' title="bbox 1905 2312 3474 2379">
    <p class='ocr_par' dir='ltr' id='par_1_66' title="bbox 1905 2312 3474 2379">
     <span class='ocr_line' id='line_1_66' title="bbox 1905 2312 3474 2379; baseline 0.004 -12"><span class='ocrx_word' id='word_1_466' title='bbox 1905 2321 2115 2367; x_wconf 68' lang='lat' dir='ltr'><strong>natura:</strong></span> <span class='ocrx_word' id='word_1_467' title='bbox 2159 2312 2340 2376; x_wconf 83' lang='lat' dir='ltr'><strong>ﬁdem,</strong></span> <span class='ocrx_word' id='word_1_468' title='bbox 2373 2329 2472 2367; x_wconf 92' lang='lat' dir='ltr'><strong>nec</strong></span> <span class='ocrx_word' id='word_1_469' title='bbox 2499 2313 2632 2369; x_wconf 82' lang='lat' dir='ltr'><strong>satis</strong></span> <span class='ocrx_word' id='word_1_470' title='bbox 2675 2313 3004 2369; x_wconf 83' lang='lat' dir='ltr'><strong>laudandum</strong></span> <span class='ocrx_word' id='word_1_471' title='bbox 3036 2326 3142 2379; x_wconf 85' lang='lat' dir='ltr'><strong>est,</strong></span> <span class='ocrx_word' id='word_1_472' title='bbox 3180 2336 3199 2369; x_wconf 79' lang='grc' dir='ltr'><strong>ι</strong></span> <span class='ocrx_word' id='word_1_473' title='bbox 3236 2316 3474 2373; x_wconf 80' lang='lat' dir='ltr'><strong>Verbum</strong></span> 
     </span>
    </p>
   </div>
   <div class='ocr_carea' id='block_1_67' title="bbox 1904 2403 3478 2481">
    <p class='ocr_par' dir='ltr' id='par_1_67' title="bbox 1904 2403 3478 2481">
     <span class='ocr_line' id='line_1_67' title="bbox 1904 2403 3478 2481; baseline 0.005 -24"><span class='ocrx_word' id='word_1_474' title='bbox 1904 2419 2034 2459; x_wconf 89' lang='lat' dir='ltr'><strong>caro</strong></span> <span class='ocrx_word' id='word_1_475' title='bbox 2073 2403 2277 2458; x_wconf 81' lang='lat' dir='ltr'><strong>factum</strong></span> <span class='ocrx_word' id='word_1_476' title='bbox 2312 2413 2417 2468; x_wconf 89' lang='lat' dir='ltr'><strong>est,</strong></span> <span class='ocrx_word' id='word_1_477' title='bbox 2461 2424 2479 2456; x_wconf 76' lang='grc' dir='ltr'><strong>ι</strong></span> <span class='ocrx_word' id='word_1_478' title='bbox 2521 2412 2575 2459; x_wconf 83' lang='grc' dir='ltr'><strong>ει</strong></span> <span class='ocrx_word' id='word_1_479' title='bbox 2613 2414 2824 2461; x_wconf 77' lang='lat' dir='ltr'><strong>veteres</strong></span> <span class='ocrx_word' id='word_1_480' title='bbox 2866 2407 3133 2464; x_wconf 74' lang='lat' dir='ltr'><strong>htercsum</strong></span> <span class='ocrx_word' id='word_1_481' title='bbox 3168 2426 3478 2481; x_wconf 81' lang='lat' dir='ltr'><strong>propugna-</strong></span> 
     </span>
    </p>
   </div>
   <div class='ocr_carea' id='block_1_68' title="bbox 1905 2492 3476 2568">
    <p class='ocr_par' dir='ltr' id='par_1_68' title="bbox 1905 2492 3476 2568">
     <span class='ocr_line' id='line_1_68' title="bbox 1905 2492 3476 2568; baseline 0.007 -23"><span class='ocrx_word' id='word_1_482' title='bbox 1905 2499 2052 2547; x_wconf 81' lang='lat' dir='ltr'><strong>tores</strong></span> <span class='ocrx_word' id='word_1_483' title='bbox 2079 2492 2415 2562; x_wconf 80' lang='lat' dir='ltr'><strong>selegerunt,</strong></span> <span class='ocrx_word' id='word_1_484' title='bbox 2455 2506 2508 2547; x_wconf 87' lang='lat' dir='ltr'><strong>et</strong></span> <span class='ocrx_word' id='word_1_485' title='bbox 2541 2495 2717 2548; x_wconf 90' lang='lat' dir='ltr'><strong>nostri</strong></span> <span class='ocrx_word' id='word_1_486' title='bbox 2749 2494 2908 2550; x_wconf 91' lang='lat' dir='ltr'><strong>hodie</strong></span> <span class='ocrx_word' id='word_1_487' title='bbox 2954 2500 3327 2568; x_wconf 70' lang='lat' dir='ltr'><strong>antagnnistae,</strong></span> <span class='ocrx_word' id='word_1_488' title='bbox 3356 2510 3476 2555; x_wconf 84' lang='lat' dir='ltr'><strong>tau-</strong></span> 
     </span>
    </p>
   </div>
   <div class='ocr_carea' id='block_1_69' title="bbox 1905 2583 3467 2662">
    <p class='ocr_par' dir='ltr' id='par_1_69' title="bbox 1905 2583 3467 2662">
     <span class='ocr_line' id='line_1_69' title="bbox 1905 2583 3467 2662; baseline 0.008 -27"><span class='ocrx_word' id='word_1_489' title='bbox 1905 2598 2066 2653; x_wconf 85' lang='lat' dir='ltr'><strong>quam</strong></span> <span class='ocrx_word' id='word_1_490' title='bbox 2098 2583 2533 2654; x_wconf 83' lang='lat' dir='ltr'><strong>iuexpugnabile,</strong></span> <span class='ocrx_word' id='word_1_491' title='bbox 2578 2594 2636 2639; x_wconf 90' lang='lat' dir='ltr'><strong>ut</strong></span> <span class='ocrx_word' id='word_1_492' title='bbox 2668 2586 2770 2656; x_wconf 90' lang='lat' dir='ltr'><strong>ipsi</strong></span> <span class='ocrx_word' id='word_1_493' title='bbox 2817 2588 3036 2658; x_wconf 86' lang='lat' dir='ltr'><strong>quidem</strong></span> <span class='ocrx_word' id='word_1_494' title='bbox 3086 2599 3300 2661; x_wconf 88' lang='lat' dir='ltr'><strong>putant,</strong></span> <span class='ocrx_word' id='word_1_495' title='bbox 3340 2608 3467 2662; x_wconf 83' lang='lat' dir='ltr'><strong>pro-</strong></span> 
     </span>
    </p>
   </div>
   <div class='ocr_carea' id='block_1_70' title="bbox 1905 2676 3477 2747">
    <p class='ocr_par' dir='ltr' id='par_1_70' title="bbox 1905 2676 3477 2747">
     <span class='ocr_line' id='line_1_70' title="bbox 1905 2676 3477 2747; baseline 0.006 -19"><span class='ocrx_word' id='word_1_496' title='bbox 1905 2676 2269 2746; x_wconf 76' lang='lat' dir='ltr'><strong>pugnaculum</strong></span> <span class='ocrx_word' id='word_1_497' title='bbox 2300 2678 2458 2732; x_wconf 88' lang='lat' dir='ltr'><strong>nobis</strong></span> <span class='ocrx_word' id='word_1_498' title='bbox 2487 2676 2839 2747; x_wconf 87' lang='lat' dir='ltr'><strong>objecerunt:</strong></span> <span class='ocrx_word' id='word_1_499' title='bbox 2873 2679 2975 2734; x_wconf 82' lang='lat' dir='ltr'><strong>hoc</strong></span> <span class='ocrx_word' id='word_1_500' title='bbox 3010 2683 3216 2737; x_wconf 86' lang='lat' dir='ltr'><strong>scilicet</strong></span> <span class='ocrx_word' id='word_1_501' title='bbox 3248 2686 3477 2739; x_wconf 86' lang='lat' dir='ltr'><strong>molien-</strong></span> 
     </span>
    </p>
   </div>
   <div class='ocr_carea' id='block_1_71' title="bbox 1905 2766 3468 2844">
    <p class='ocr_par' dir='ltr' id='par_1_71' title="bbox 1905 2766 3468 2844">
     <span class='ocr_line' id='line_1_71' title="bbox 1905 2766 3468 2844; baseline 0.006 -23"><span class='ocrx_word' id='word_1_502' title='bbox 1905 2773 2012 2830; x_wconf 88' lang='lat' dir='ltr'><strong>tes,</strong></span> <span class='ocrx_word' id='word_1_503' title='bbox 2039 2777 2097 2821; x_wconf 91' lang='lat' dir='ltr'><strong>ut</strong></span> <span class='ocrx_word' id='word_1_504' title='bbox 2129 2766 2253 2821; x_wconf 88' lang='lat' dir='ltr'><strong>inde</strong></span> <span class='ocrx_word' id='word_1_505' title='bbox 2283 2768 2337 2822; x_wconf 90' lang='lat' dir='ltr'><strong>in</strong></span> <span class='ocrx_word' id='word_1_506' title='bbox 2362 2769 2695 2825; x_wconf 81' lang='lat' dir='ltr'><strong>orthodoxos</strong></span> <span class='ocrx_word' id='word_1_507' title='bbox 2724 2771 3024 2839; x_wconf 68' lang='lat' dir='ltr'><strong>incurrere,</strong></span> <span class='ocrx_word' id='word_1_508' title='bbox 3058 2790 3246 2829; x_wconf 84' lang='lat' dir='ltr'><strong>omnes</strong></span> <span class='ocrx_word' id='word_1_509' title='bbox 3278 2790 3468 2844; x_wconf 74' lang='lat' dir='ltr'><strong>eorum</strong></span> 
     </span>
    </p>
   </div>
   <div class='ocr_carea' id='block_1_72' title="bbox 1907 2858 3478 2938">
    <p class='ocr_par' dir='ltr' id='par_1_72' title="bbox 1907 2858 3478 2938">
     <span class='ocr_line' id='line_1_72' title="bbox 1907 2858 3478 2938; baseline 0.008 -26"><span class='ocrx_word' id='word_1_510' title='bbox 1907 2858 2143 2928; x_wconf 87' lang='lat' dir='ltr'><strong>impetus</strong></span> <span class='ocrx_word' id='word_1_511' title='bbox 2183 2861 2539 2930; x_wconf 79' lang='lat' dir='ltr'><strong>prapulsare,</strong></span> <span class='ocrx_word' id='word_1_512' title='bbox 2591 2871 2644 2916; x_wconf 90' lang='grc' dir='ltr'><strong>ει</strong></span> <span class='ocrx_word' id='word_1_513' title='bbox 2693 2863 3012 2932; x_wconf 69' lang='lat' dir='ltr'><strong>quaestionis</strong></span> <span class='ocrx_word' id='word_1_514' title='bbox 3052 2865 3215 2935; x_wconf 89' lang='lat' dir='ltr'><strong>hujus</strong></span> <span class='ocrx_word' id='word_1_515' title='bbox 3264 2867 3478 2938; x_wconf 68' lang='lat' dir='ltr'><strong>laqueis</strong></span> 
     </span>
    </p>
   </div>
   <div class='ocr_carea' id='block_1_73' title="bbox 1905 2951 3476 3022">
    <p class='ocr_par' dir='ltr' id='par_1_73' title="bbox 1905 2951 3476 3022">
     <span class='ocr_line' id='line_1_73' title="bbox 1905 2951 3476 3022; baseline 0.007 -19"><span class='ocrx_word' id='word_1_516' title='bbox 1905 2952 2107 3007; x_wconf 89' lang='lat' dir='ltr'><strong>multos</strong></span> <span class='ocrx_word' id='word_1_517' title='bbox 2152 2951 2365 3007; x_wconf 87' lang='lat' dir='ltr'><strong>irretire</strong></span> <span class='ocrx_word' id='word_1_518' title='bbox 2416 2953 2645 3022; x_wconf 89' lang='lat' dir='ltr'><strong>possint.</strong></span> <span class='ocrx_word' id='word_1_519' title='bbox 2681 2951 2839 3018; x_wconf 86' lang='lat' dir='ltr'><strong>Nam,</strong></span> <span class='ocrx_word' id='word_1_520' title='bbox 2891 2974 2909 3006; x_wconf 82' lang='grc' dir='ltr'><strong>ι</strong></span> <span class='ocrx_word' id='word_1_521' title='bbox 2949 2954 3185 3011; x_wconf 78' lang='lat' dir='ltr'><strong>Verbum</strong></span> <span class='ocrx_word' id='word_1_522' title='bbox 3226 2975 3354 3014; x_wconf 87' lang='lat' dir='ltr'><strong>caro</strong></span> <span class='ocrx_word' id='word_1_523' title='bbox 3397 2959 3476 3014; x_wconf 83' lang='lat' dir='ltr'><strong>fa-</strong></span> 
     </span>
    </p>
   </div>
   <div class='ocr_carea' id='block_1_74' title="bbox 1906 3036 3479 3115">
    <p class='ocr_par' dir='ltr' id='par_1_74' title="bbox 1906 3036 3479 3115">
     <span class='ocr_line' id='line_1_74' title="bbox 1906 3036 3479 3115; baseline 0.007 -20"><span class='ocrx_word' id='word_1_524' title='bbox 1906 3049 2058 3095; x_wconf 91' lang='lat' dir='ltr'><strong>ctum</strong></span> <span class='ocrx_word' id='word_1_525' title='bbox 2087 3050 2193 3107; x_wconf 89' lang='lat' dir='ltr'><strong>est,</strong></span> <span class='ocrx_word' id='word_1_526' title='bbox 2236 3062 2255 3095; x_wconf 76' lang='grc' dir='ltr'><strong>ι</strong></span> <span class='ocrx_word' id='word_1_527' title='bbox 2289 3043 2737 3115; x_wconf 85' lang='lat' dir='ltr'><strong>interpretantur,</strong></span> <span class='ocrx_word' id='word_1_528' title='bbox 2758 3044 2994 3101; x_wconf 81' lang='lat' dir='ltr'><strong>Verbum</strong></span> <span class='ocrx_word' id='word_1_529' title='bbox 3024 3049 3079 3103; x_wconf 85' lang='lat' dir='ltr'><strong>in</strong></span> <span class='ocrx_word' id='word_1_530' title='bbox 3112 3064 3331 3105; x_wconf 87' lang='lat' dir='ltr'><strong>carnem</strong></span> <span class='ocrx_word' id='word_1_531' title='bbox 3350 3036 3479 3106; x_wconf 83' lang='lat' dir='ltr'><strong>cou-</strong></span> 
     </span>
    </p>
   </div>
   <div class='ocr_carea' id='block_1_75' title="bbox 1903 3136 3477 3207">
    <p class='ocr_par' dir='ltr' id='par_1_75' title="bbox 1903 3136 3477 3207">
     <span class='ocr_line' id='line_1_75' title="bbox 1903 3136 3477 3207; baseline 0.007 -20"><span class='ocrx_word' id='word_1_532' title='bbox 1903 3148 2121 3190; x_wconf 88' lang='lat' dir='ltr'><strong>versum</strong></span> <span class='ocrx_word' id='word_1_533' title='bbox 2168 3136 2410 3207; x_wconf 86' lang='lat' dir='ltr'><strong>suscepit</strong></span> <span class='ocrx_word' id='word_1_534' title='bbox 2464 3137 2796 3207; x_wconf 88' lang='lat' dir='ltr'><strong>passionem.</strong></span> <span class='ocrx_word' id='word_1_535' title='bbox 2844 3138 2978 3204; x_wconf 83' lang='lat' dir='ltr'><strong>Quis</strong></span> <span class='ocrx_word' id='word_1_536' title='bbox 3011 3157 3119 3195; x_wconf 92' lang='lat' dir='ltr'><strong>non</strong></span> <span class='ocrx_word' id='word_1_537' title='bbox 3163 3144 3323 3197; x_wconf 89' lang='lat' dir='ltr'><strong>istam</strong></span> <span class='ocrx_word' id='word_1_538' title='bbox 3354 3160 3477 3200; x_wconf 87' lang='lat' dir='ltr'><strong>ver-</strong></span> 
     </span>
    </p>
   </div>
   <div class='ocr_carea' id='block_1_76' title="bbox 1902 3225 3477 3305">
    <p class='ocr_par' dir='ltr' id='par_1_76' title="bbox 1902 3225 3477 3305">
     <span class='ocr_line' id='line_1_76' title="bbox 1902 3225 3477 3305; baseline 0.007 -23"><span class='ocrx_word' id='word_1_539' title='bbox 1902 3225 2095 3282; x_wconf 86' lang='lat' dir='ltr'><strong>borum</strong></span> <span class='ocrx_word' id='word_1_540' title='bbox 2121 3226 2342 3284; x_wconf 88' lang='lat' dir='ltr'><strong>horreat</strong></span> <span class='ocrx_word' id='word_1_541' title='bbox 2360 3230 2635 3285; x_wconf 88' lang='lat' dir='ltr'><strong>vesaniam</strong></span> <span class='ocrx_word' id='word_1_542' title='bbox 2653 3231 2676 3285; x_wconf 87' lang='lat'><strong>?</strong></span> <span class='ocrx_word' id='word_1_543' title='bbox 2693 3230 2823 3298; x_wconf 63' lang='lat' dir='ltr'><strong>Quae</strong></span> <span class='ocrx_word' id='word_1_544' title='bbox 2847 3230 3050 3304; x_wconf 87' lang='lat' dir='ltr'><strong>scripta</strong></span> <span class='ocrx_word' id='word_1_545' title='bbox 3073 3243 3308 3305; x_wconf 46' lang='lat' dir='ltr'><strong>suntqca</strong></span> <span class='ocrx_word' id='word_1_546' title='bbox 3330 3251 3477 3293; x_wconf 79' lang='lat' dir='ltr'><strong>rese-</strong></span> 
     </span>
    </p>
   </div>
   <div class='ocr_carea' id='block_1_77' title="bbox 1902 3320 3473 3392">
    <p class='ocr_par' dir='ltr' id='par_1_77' title="bbox 1902 3320 3473 3392">
     <span class='ocr_line' id='line_1_77' title="bbox 1902 3320 3473 3392; baseline 0.008 -22"><span class='ocrx_word' id='word_1_547' title='bbox 1902 3326 2052 3380; x_wconf 87' lang='lat' dir='ltr'><strong>cant,</strong></span> <span class='ocrx_word' id='word_1_548' title='bbox 2078 3333 2199 3388; x_wconf 67' lang='lat' dir='ltr'><strong>quae</strong></span> <span class='ocrx_word' id='word_1_549' title='bbox 2228 3334 2359 3374; x_wconf 85' lang='lat' dir='ltr'><strong>vero</strong></span> <span class='ocrx_word' id='word_1_550' title='bbox 2380 3320 2581 3392; x_wconf 85' lang='lat' dir='ltr'><strong>scripta</strong></span> <span class='ocrx_word' id='word_1_551' title='bbox 2608 3338 2714 3377; x_wconf 92' lang='lat' dir='ltr'><strong>non</strong></span> <span class='ocrx_word' id='word_1_552' title='bbox 2751 3332 2899 3385; x_wconf 90' lang='lat' dir='ltr'><strong>sunt,</strong></span> <span class='ocrx_word' id='word_1_553' title='bbox 2932 3325 3288 3381; x_wconf 88' lang='lat' dir='ltr'><strong>inuovarunt.</strong></span> <span class='ocrx_word' id='word_1_554' title='bbox 3327 3324 3473 3383; x_wconf 86' lang='lat' dir='ltr'><strong>Idem</strong></span> 
     </span>
    </p>
   </div>
   <div class='ocr_carea' id='block_1_78' title="bbox 1900 3405 3469 3481">
    <p class='ocr_par' dir='ltr' id='par_1_78' title="bbox 1900 3405 3469 3481">
     <span class='ocr_line' id='line_1_78' title="bbox 1900 3405 3469 3481; baseline 0.004 -18"><span class='ocrx_word' id='word_1_555' title='bbox 1900 3405 2065 3479; x_wconf 56' lang='lat'><strong>595</strong></span> <span class='ocrx_word' id='word_1_556' title='bbox 2102 3410 2246 3464; x_wconf 89' lang='lat' dir='ltr'><strong>enim</strong></span> <span class='ocrx_word' id='word_1_557' title='bbox 2279 3411 2372 3479; x_wconf 89' lang='lat' dir='ltr'><strong>qui</strong></span> <span class='ocrx_word' id='word_1_558' title='bbox 2403 3411 2538 3465; x_wconf 83' lang='lat' dir='ltr'><strong>dixit</strong></span> <span class='ocrx_word' id='word_1_559' title='bbox 2567 3427 2581 3463; x_wconf 90' lang='lat'><strong>:</strong></span> <span class='ocrx_word' id='word_1_560' title='bbox 2622 3430 2641 3463; x_wconf 85' lang='grc' dir='ltr'><strong>ι</strong></span> <span class='ocrx_word' id='word_1_561' title='bbox 2675 3411 2908 3468; x_wconf 84' lang='lat' dir='ltr'><strong>Verbum</strong></span> <span class='ocrx_word' id='word_1_562' title='bbox 2938 3428 3067 3469; x_wconf 88' lang='lat' dir='ltr'><strong>caro</strong></span> <span class='ocrx_word' id='word_1_563' title='bbox 3105 3416 3301 3469; x_wconf 79' lang='lat' dir='ltr'><strong>factum</strong></span> <span class='ocrx_word' id='word_1_564' title='bbox 3318 3428 3420 3481; x_wconf 92' lang='lat' dir='ltr'><strong>est,</strong></span> <span class='ocrx_word' id='word_1_565' title='bbox 3450 3438 3469 3470; x_wconf 80' lang='grc' dir='ltr'><strong>ι</strong></span> 
     </span>
    </p>
   </div>
   <div class='ocr_carea' id='block_1_79' title="bbox 1904 3498 3475 3579">
    <p class='ocr_par' dir='ltr' id='par_1_79' title="bbox 1904 3498 3475 3579">
     <span class='ocr_line' id='line_1_79' title="bbox 1904 3498 3475 3579; baseline 0.008 -28"><span class='ocrx_word' id='word_1_566' title='bbox 1904 3498 2188 3567; x_wconf 80' lang='lat' dir='ltr'><strong>subjunxit</strong></span> <span class='ocrx_word' id='word_1_567' title='bbox 2218 3510 2272 3555; x_wconf 90' lang='lat' dir='ltr'><strong>et</strong></span> <span class='ocrx_word' id='word_1_568' title='bbox 2301 3500 2454 3565; x_wconf 89' lang='lat' dir='ltr'><strong>illud,</strong></span> <span class='ocrx_word' id='word_1_569' title='bbox 2489 3519 2507 3553; x_wconf 84' lang='grc' dir='ltr'><strong>ι</strong></span> <span class='ocrx_word' id='word_1_570' title='bbox 2552 3501 2828 3557; x_wconf 84' lang='lat' dir='ltr'><strong>Habitavit</strong></span> <span class='ocrx_word' id='word_1_571' title='bbox 2857 3505 2909 3558; x_wconf 94' lang='lat' dir='ltr'><strong>in</strong></span> <span class='ocrx_word' id='word_1_572' title='bbox 2937 3505 3116 3570; x_wconf 85' lang='lat' dir='ltr'><strong>nobis,</strong></span> <span class='ocrx_word' id='word_1_573' title='bbox 3160 3525 3181 3559; x_wconf 73' lang='grc' dir='ltr'><strong>ι</strong></span> <span class='ocrx_word' id='word_1_574' title='bbox 3211 3514 3269 3565; x_wconf 66' lang='lat' dir='ltr'><strong>ut</strong></span> <span class='ocrx_word' id='word_1_575' title='bbox 3294 3509 3475 3579; x_wconf 85' lang='lat' dir='ltr'><strong>dupli-</strong></span> 
     </span>
    </p>
   </div>
   <div class='ocr_carea' id='block_1_80' title="bbox 1903 3585 3477 3661">
    <p class='ocr_par' dir='ltr' id='par_1_80' title="bbox 1903 3585 3477 3661">
     <span class='ocr_line' id='line_1_80' title="bbox 1903 3585 3477 3661; baseline 0.01 -23"><span class='ocrx_word' id='word_1_576' title='bbox 1903 3585 1987 3638; x_wconf 92' lang='lat' dir='ltr'><strong>cia</strong></span> <span class='ocrx_word' id='word_1_577' title='bbox 2014 3585 2197 3640; x_wconf 85' lang='lat' dir='ltr'><strong>statim</strong></span> <span class='ocrx_word' id='word_1_578' title='bbox 2234 3602 2595 3658; x_wconf 84' lang='lat' dir='ltr'><strong>agnoscamus</strong></span> <span class='ocrx_word' id='word_1_579' title='bbox 2627 3591 2954 3661; x_wconf 85' lang='lat' dir='ltr'><strong>siguilicata,</strong></span> <span class='ocrx_word' id='word_1_580' title='bbox 2996 3591 3233 3650; x_wconf 85' lang='lat' dir='ltr'><strong>Verbum</strong></span> <span class='ocrx_word' id='word_1_581' title='bbox 3271 3592 3333 3648; x_wconf 84' lang='lat' dir='ltr'><strong>et</strong></span> <span class='ocrx_word' id='word_1_582' title='bbox 3354 3613 3477 3652; x_wconf 88' lang='lat' dir='ltr'><strong>car-</strong></span> 
     </span>
    </p>
   </div>
   <div class='ocr_carea' id='block_1_81' title="bbox 1903 3677 3475 3754">
    <p class='ocr_par' dir='ltr' id='par_1_81' title="bbox 1903 3677 3475 3754">
     <span class='ocr_line' id='line_1_81' title="bbox 1903 3677 3475 3754; baseline 0.007 -24"><span class='ocrx_word' id='word_1_583' title='bbox 1903 3691 2064 3733; x_wconf 88' lang='lat' dir='ltr'><strong>uem:</strong></span> <span class='ocrx_word' id='word_1_584' title='bbox 2095 3677 2227 3731; x_wconf 89' lang='lat' dir='ltr'><strong>illud</strong></span> <span class='ocrx_word' id='word_1_585' title='bbox 2257 3680 2400 3749; x_wconf 91' lang='lat' dir='ltr'><strong>quod</strong></span> <span class='ocrx_word' id='word_1_586' title='bbox 2423 3681 2651 3745; x_wconf 87' lang='lat' dir='ltr'><strong>habitat,</strong></span> <span class='ocrx_word' id='word_1_587' title='bbox 2682 3691 2736 3737; x_wconf 89' lang='lat' dir='ltr'><strong>et</strong></span> <span class='ocrx_word' id='word_1_588' title='bbox 2768 3683 2900 3736; x_wconf 90' lang='lat' dir='ltr'><strong>illud</strong></span> <span class='ocrx_word' id='word_1_589' title='bbox 2931 3684 2985 3737; x_wconf 89' lang='lat' dir='ltr'><strong>in</strong></span> <span class='ocrx_word' id='word_1_590' title='bbox 3017 3699 3127 3754; x_wconf 91' lang='lat' dir='ltr'><strong>quo</strong></span> <span class='ocrx_word' id='word_1_591' title='bbox 3168 3686 3475 3754; x_wconf 85' lang='lat' dir='ltr'><strong>habitatur,</strong></span> 
     </span>
    </p>
   </div>
   <div class='ocr_carea' id='block_1_82' title="bbox 1902 3768 3480 3840">
    <p class='ocr_par' dir='ltr' id='par_1_82' title="bbox 1902 3768 3480 3840">
     <span class='ocr_line' id='line_1_82' title="bbox 1902 3768 3480 3840; baseline 0.006 -17"><span class='ocrx_word' id='word_1_592' title='bbox 1902 3775 1958 3823; x_wconf 87' lang='lat' dir='ltr'><strong>et</strong></span> <span class='ocrx_word' id='word_1_593' title='bbox 1987 3768 2310 3824; x_wconf 89' lang='lat' dir='ltr'><strong>immutabili</strong></span> <span class='ocrx_word' id='word_1_594' title='bbox 2360 3771 2685 3828; x_wconf 70' lang='lat' dir='ltr'><strong>substantize</strong></span> <span class='ocrx_word' id='word_1_595' title='bbox 2722 3789 2824 3828; x_wconf 91' lang='lat' dir='ltr'><strong>nec</strong></span> <span class='ocrx_word' id='word_1_596' title='bbox 2852 3776 3231 3840; x_wconf 87' lang='lat' dir='ltr'><strong>mutationem,</strong></span> <span class='ocrx_word' id='word_1_597' title='bbox 3267 3794 3367 3833; x_wconf 87' lang='lat' dir='ltr'><strong>nec</strong></span> <span class='ocrx_word' id='word_1_598' title='bbox 3391 3776 3480 3832; x_wconf 70' lang='grc' dir='ltr'>ιιι-ἔ</span> 
     </span>
    </p>
   </div>
   <div class='ocr_carea' id='block_1_83' title="bbox 1902 3861 3474 3940">
    <p class='ocr_par' dir='ltr' id='par_1_83' title="bbox 1902 3861 3474 3940">
     <span class='ocr_line' id='line_1_83' title="bbox 1902 3861 3474 3940; baseline 0.007 -27"><span class='ocrx_word' id='word_1_599' title='bbox 1902 3861 2247 3923; x_wconf 86' lang='lat' dir='ltr'><strong>terationem.</strong></span> <span class='ocrx_word' id='word_1_600' title='bbox 2298 3876 2401 3917; x_wconf 87' lang='lat' dir='ltr'><strong>nec</strong></span> <span class='ocrx_word' id='word_1_601' title='bbox 2447 3863 2622 3920; x_wconf 79' lang='lat' dir='ltr'><strong>simile</strong></span> <span class='ocrx_word' id='word_1_602' title='bbox 2663 3865 2795 3935; x_wconf 86' lang='lat' dir='ltr'><strong>quid</strong></span> <span class='ocrx_word' id='word_1_603' title='bbox 2846 3868 3206 3936; x_wconf 83' lang='lat' dir='ltr'><strong>assignemus.</strong></span> <span class='ocrx_word' id='word_1_604' title='bbox 3256 3869 3474 3940; x_wconf 85' lang='lat' dir='ltr'><strong>Alioqui</strong></span> 
     </span>
    </p>
   </div>
   <div class='ocr_carea' id='block_1_84' title="bbox 1901 3951 3468 4022">
    <p class='ocr_par' dir='ltr' id='par_1_84' title="bbox 1901 3951 3468 4022">
     <span class='ocr_line' id='line_1_84' title="bbox 1901 3951 3468 4022; baseline 0.006 -16"><span class='ocrx_word' id='word_1_605' title='bbox 1901 3951 2046 4006; x_wconf 85' lang='lat' dir='ltr'><strong>enim</strong></span> <span class='ocrx_word' id='word_1_606' title='bbox 2081 3951 2330 4011; x_wconf 79' lang='lat' dir='ltr'><strong>dixisset.</strong></span> <span class='ocrx_word' id='word_1_607' title='bbox 2350 3953 2729 4010; x_wconf 82' lang='lat' dir='ltr'><strong>Hahitaculutn</strong></span> <span class='ocrx_word' id='word_1_608' title='bbox 2760 3955 2959 4011; x_wconf 78' lang='lat' dir='ltr'><strong>factum</strong></span> <span class='ocrx_word' id='word_1_609' title='bbox 2976 3968 3081 4022; x_wconf 88' lang='lat' dir='ltr'><strong>est,</strong></span> <span class='ocrx_word' id='word_1_610' title='bbox 3112 3974 3221 4013; x_wconf 86' lang='lat' dir='ltr'><strong>non</strong></span> <span class='ocrx_word' id='word_1_611' title='bbox 3254 3977 3273 4011; x_wconf 83' lang='grc' dir='ltr'><strong>ι</strong></span> <span class='ocrx_word' id='word_1_612' title='bbox 3306 3961 3468 4015; x_wconf 82' lang='lat' dir='ltr'><strong>Habi-</strong></span> 
     </span>
    </p>
   </div>
   <div class='ocr_carea' id='block_1_85' title="bbox 1905 4046 3471 4119">
    <p class='ocr_par' dir='ltr' id='par_1_85' title="bbox 1905 4046 3471 4119">
     <span class='ocr_line' id='line_1_85' title="bbox 1905 4046 3471 4119; baseline 0.006 -20"><span class='ocrx_word' id='word_1_613' title='bbox 1905 4047 2037 4100; x_wconf 89' lang='lat' dir='ltr'><strong>tavit</strong></span> <span class='ocrx_word' id='word_1_614' title='bbox 2064 4046 2116 4100; x_wconf 92' lang='lat' dir='ltr'><strong>in</strong></span> <span class='ocrx_word' id='word_1_615' title='bbox 2138 4048 2298 4103; x_wconf 88' lang='lat' dir='ltr'><strong>nobis</strong></span> <span class='ocrx_word' id='word_1_616' title='bbox 2327 4067 2341 4102; x_wconf 86' lang='lat'><strong><em>:</em></strong></span> <span class='ocrx_word' id='word_1_617' title='bbox 2374 4068 2392 4100; x_wconf 79' lang='grc' dir='ltr'><strong>ι</strong></span> <span class='ocrx_word' id='word_1_618' title='bbox 2418 4049 2685 4119; x_wconf 80' lang='lat' dir='ltr'><strong>siquidem</strong></span> <span class='ocrx_word' id='word_1_619' title='bbox 2716 4058 2912 4105; x_wconf 85' lang='lat' dir='ltr'><strong>natura</strong></span> <span class='ocrx_word' id='word_1_620' title='bbox 2947 4049 3110 4107; x_wconf 82' lang='lat' dir='ltr'><strong>Verbi</strong></span> <span class='ocrx_word' id='word_1_621' title='bbox 3135 4053 3188 4107; x_wconf 92' lang='lat' dir='ltr'><strong>in</strong></span> <span class='ocrx_word' id='word_1_622' title='bbox 3221 4062 3471 4109; x_wconf 85' lang='lat' dir='ltr'><strong>naturam</strong></span> 
     </span>
    </p>
   </div>
   <div class='ocr_carea' id='block_1_86' title="bbox 1902 4136 3478 4217">
    <p class='ocr_par' dir='ltr' id='par_1_86' title="bbox 1902 4136 3478 4217">
     <span class='ocr_line' id='line_1_86' title="bbox 1902 4136 3478 4217; baseline 0.007 -26"><span class='ocrx_word' id='word_1_623' title='bbox 1902 4139 2085 4192; x_wconf 89' lang='lat' dir='ltr'><strong>carnis</strong></span> <span class='ocrx_word' id='word_1_624' title='bbox 2117 4136 2308 4194; x_wconf 80' lang='lat' dir='ltr'><strong>fuisset</strong></span> <span class='ocrx_word' id='word_1_625' title='bbox 2339 4148 2563 4195; x_wconf 89' lang='lat' dir='ltr'><strong>mutata.</strong></span> <span class='ocrx_word' id='word_1_626' title='bbox 2609 4142 2673 4197; x_wconf 86' lang='lat' dir='ltr'><strong>At</strong></span> <span class='ocrx_word' id='word_1_627' title='bbox 2699 4144 3050 4200; x_wconf 88' lang='lat' dir='ltr'><strong>mutationem</strong></span> <span class='ocrx_word' id='word_1_628' title='bbox 3101 4146 3335 4217; x_wconf 87' lang='lat' dir='ltr'><strong>aliquam</strong></span> <span class='ocrx_word' id='word_1_629' title='bbox 3390 4146 3478 4202; x_wconf 82' lang='lat' dir='ltr'><strong>fa-</strong></span> 
     </span>
    </p>
   </div>
   <div class='ocr_carea' id='block_1_87' title="bbox 1902 4232 3476 4311">
    <p class='ocr_par' dir='ltr' id='par_1_87' title="bbox 1902 4232 3476 4311">
     <span class='ocr_line' id='line_1_87' title="bbox 1902 4232 3476 4311; baseline 0.008 -28"><span class='ocrx_word' id='word_1_630' title='bbox 1902 4238 2045 4284; x_wconf 83' lang='lat' dir='ltr'><strong>ctam</strong></span> <span class='ocrx_word' id='word_1_631' title='bbox 2076 4232 2270 4286; x_wconf 85' lang='lat' dir='ltr'><strong>essein</strong></span> <span class='ocrx_word' id='word_1_632' title='bbox 2302 4248 2369 4287; x_wconf 91' lang='lat' dir='ltr'><strong>eo</strong></span> <span class='ocrx_word' id='word_1_633' title='bbox 2400 4234 2492 4303; x_wconf 91' lang='lat' dir='ltr'><strong>qui</strong></span> <span class='ocrx_word' id='word_1_634' title='bbox 2524 4233 2679 4299; x_wconf 91' lang='lat' dir='ltr'><strong>dicit,</strong></span> <span class='ocrx_word' id='word_1_635' title='bbox 2714 4254 2733 4287; x_wconf 82' lang='grc' dir='ltr'><strong>ι</strong></span> <span class='ocrx_word' id='word_1_636' title='bbox 2781 4235 2989 4301; x_wconf 85' lang='lat' dir='ltr'><strong>Videte,</strong></span> <span class='ocrx_word' id='word_1_637' title='bbox 3017 4239 3356 4310; x_wconf 82' lang='lat' dir='ltr'><strong>videte,quia</strong></span> <span class='ocrx_word' id='word_1_638' title='bbox 3375 4256 3476 4311; x_wconf 87' lang='lat' dir='ltr'><strong>ego</strong></span> 
     </span>
    </p>
   </div>
   <div class='ocr_carea' id='block_1_88' title="bbox 1904 4327 3478 4403">
    <p class='ocr_par' dir='ltr' id='par_1_88' title="bbox 1904 4327 3478 4403">
     <span class='ocr_line' id='line_1_88' title="bbox 1904 4327 3478 4403; baseline 0.006 -26"><span class='ocrx_word' id='word_1_639' title='bbox 1904 4338 2046 4388; x_wconf 90' lang='lat' dir='ltr'><strong>sum,</strong></span> <span class='ocrx_word' id='word_1_640' title='bbox 2087 4332 2141 4379; x_wconf 92' lang='lat' dir='ltr'><strong>et</strong></span> <span class='ocrx_word' id='word_1_641' title='bbox 2162 4340 2267 4379; x_wconf 86' lang='lat' dir='ltr'><strong>non</strong></span> <span class='ocrx_word' id='word_1_642' title='bbox 2301 4337 2481 4380; x_wconf 88' lang='lat' dir='ltr'><strong>mutor</strong></span> <span class='ocrx_word' id='word_1_643' title='bbox 2512 4327 2583 4393; x_wconf 79' lang='lat'><strong>&quot;&#39;,</strong></span> <span class='ocrx_word' id='word_1_644' title='bbox 2625 4349 2643 4380; x_wconf 79' lang='grc' dir='ltr'><strong>ι</strong></span> <span class='ocrx_word' id='word_1_645' title='bbox 2678 4330 2846 4386; x_wconf 90' lang='lat' dir='ltr'><strong>nullis</strong></span> <span class='ocrx_word' id='word_1_646' title='bbox 2890 4332 3145 4403; x_wconf 82' lang='lat' dir='ltr'><strong>colligere</strong></span> <span class='ocrx_word' id='word_1_647' title='bbox 3173 4333 3478 4387; x_wconf 85' lang='lat' dir='ltr'><strong>rationibus</strong></span> 
     </span>
    </p>
   </div>
   <div class='ocr_carea' id='block_1_89' title="bbox 222 4412 1803 4491">
    <p class='ocr_par' dir='ltr' id='par_1_89' title="bbox 222 4412 1797 4491">
     <span class='ocr_line' id='line_1_89' title="bbox 222 4412 1797 4491; baseline -0.003 -19"><span class='ocrx_word' id='word_1_648' title='bbox 222 4419 417 4491; x_wconf 78' lang='grc' dir='ltr'>φησὶν,</span> <span class='ocrx_word' id='word_1_649' title='bbox 456 4437 474 4469; x_wconf 80' lang='grc' dir='ltr'><strong>ι</strong></span> <span class='ocrx_word' id='word_1_650' title='bbox 496 4415 789 4470; x_wconf 80' lang='grc' dir='ltr'>ἐπελάϐετο</span> <span class='ocrx_word' id='word_1_651' title='bbox 808 4432 821 4445; x_wconf 89' lang='grc'><strong>·</strong></span> <span class='ocrx_word' id='word_1_652' title='bbox 850 4434 868 4466; x_wconf 80' lang='grc' dir='ltr'><strong>ι</strong></span> <span class='ocrx_word' id='word_1_653' title='bbox 890 4416 949 4468; x_wconf 82' lang='grc' dir='ltr'>οὐ</span> <span class='ocrx_word' id='word_1_654' title='bbox 978 4414 1204 4485; x_wconf 82' lang='grc' dir='ltr'>Σπέρμα</span> <span class='ocrx_word' id='word_1_655' title='bbox 1232 4414 1481 4484; x_wconf 80' lang='grc' dir='ltr'>Ἀϐραάμ</span> <span class='ocrx_word' id='word_1_656' title='bbox 1509 4412 1797 4467; x_wconf 80' lang='grc' dir='ltr'>ἀλλοιωθὲν</span> 
     </span>
    </p>
   </div>
   <div class='ocr_carea' id='block_1_90' title="bbox 1905 4412 3475 4491">
    <p class='ocr_par' dir='ltr' id='par_1_90' title="bbox 1905 4414 3475 4490">
     <span class='ocr_line' id='line_1_90' title="bbox 1905 4414 3475 4490; baseline 0.006 -22"><span class='ocrx_word' id='word_1_657' title='bbox 1905 4430 2217 4486; x_wconf 89' lang='lat' dir='ltr'><strong>possumus.</strong></span> <span class='ocrx_word' id='word_1_658' title='bbox 2260 4414 2543 4483; x_wconf 85' lang='lat' dir='ltr'><strong>Quomodo</strong></span> <span class='ocrx_word' id='word_1_659' title='bbox 2587 4420 2752 4490; x_wconf 84' lang='lat' dir='ltr'><strong>igitur</strong></span> <span class='ocrx_word' id='word_1_660' title='bbox 2791 4438 2921 4477; x_wconf 90' lang='lat' dir='ltr'><strong>caro</strong></span> <span class='ocrx_word' id='word_1_661' title='bbox 2976 4422 3187 4487; x_wconf 84' lang='lat' dir='ltr'><strong>factus,</strong></span> <span class='ocrx_word' id='word_1_662' title='bbox 3234 4432 3475 4478; x_wconf 87' lang='lat' dir='ltr'><strong>mutatus</strong></span> 
     </span>
    </p>
   </div>
   <div class='ocr_carea' id='block_1_91' title="bbox 219 4504 1798 4580">
    <p class='ocr_par' dir='ltr' id='par_1_91' title="bbox 219 4504 1798 4580">
     <span class='ocr_line' id='line_1_91' title="bbox 219 4504 1798 4580; baseline -0.005 -16"><span class='ocrx_word' id='word_1_663' title='bbox 219 4511 477 4580; x_wconf 76' lang='grc' dir='ltr'>ἐγένετο·</span> <span class='ocrx_word' id='word_1_664' title='bbox 530 4507 646 4570; x_wconf 74' lang='grc' dir='ltr'>καὶ,</span> <span class='ocrx_word' id='word_1_665' title='bbox 670 4525 687 4556; x_wconf 87' lang='grc' dir='ltr'><strong>ι</strong></span> <span class='ocrx_word' id='word_1_666' title='bbox 712 4506 855 4559; x_wconf 78' lang='grc' dir='ltr'>Ναὸν</span> <span class='ocrx_word' id='word_1_667' title='bbox 883 4505 1005 4576; x_wconf 83' lang='grc' dir='ltr'>ἐσχε</span> <span class='ocrx_word' id='word_1_668' title='bbox 1038 4505 1098 4558; x_wconf 84' lang='grc' dir='ltr'><strong>τὺ</strong></span> <span class='ocrx_word' id='word_1_669' title='bbox 1133 4504 1310 4575; x_wconf 84' lang='grc' dir='ltr'>σῶμα,</span> <span class='ocrx_word' id='word_1_670' title='bbox 1339 4524 1358 4557; x_wconf 73' lang='grc' dir='ltr'><strong>ι</strong></span> <span class='ocrx_word' id='word_1_671' title='bbox 1403 4505 1503 4557; x_wconf 83' lang='grc' dir='ltr'>οὐκ</span> <span class='ocrx_word' id='word_1_672' title='bbox 1547 4505 1639 4566; x_wconf 86' lang='grc' dir='ltr'><strong>Εἰς</strong></span> <span class='ocrx_word' id='word_1_673' title='bbox 1672 4508 1798 4558; x_wconf 77' lang='grc' dir='ltr'>ναὸν</span> 
     </span>
    </p>
   </div>
   <div class='ocr_carea' id='block_1_92' title="bbox 223 4594 1798 4675">
    <p class='ocr_par' dir='ltr' id='par_1_92' title="bbox 223 4594 1798 4675">
     <span class='ocr_line' id='line_1_92' title="bbox 223 4594 1798 4675; baseline -0.004 -20"><span class='ocrx_word' id='word_1_674' title='bbox 223 4601 667 4675; x_wconf 81' lang='grc' dir='ltr'>μεταϐέϐληται·</span> <span class='ocrx_word' id='word_1_675' title='bbox 719 4598 832 4661; x_wconf 78' lang='grc' dir='ltr'>καὶ,</span> <span class='ocrx_word' id='word_1_676' title='bbox 864 4596 964 4649; x_wconf 76' lang='grc' dir='ltr'><strong>(Ὀ</strong></span> <span class='ocrx_word' id='word_1_677' title='bbox 1002 4599 1060 4650; x_wconf 86' lang='grc' dir='ltr'><strong>ἐν</strong></span> <span class='ocrx_word' id='word_1_678' title='bbox 1110 4598 1292 4667; x_wconf 81' lang='grc' dir='ltr'>μορφῇ</span> <span class='ocrx_word' id='word_1_679' title='bbox 1347 4594 1484 4648; x_wconf 84' lang='grc' dir='ltr'>Θεοῦ</span> <span class='ocrx_word' id='word_1_680' title='bbox 1533 4595 1798 4668; x_wconf 80' lang='grc' dir='ltr'>ὑπάρχων</span> 
     </span>
    </p>
   </div>
   <div class='ocr_carea' id='block_1_93' title="bbox 223 4686 1800 4768">
    <p class='ocr_par' dir='ltr' id='par_1_93' title="bbox 223 4686 1800 4768">
     <span class='ocr_line' id='line_1_93' title="bbox 223 4686 1800 4768; baseline -0.006 -19"><span class='ocrx_word' id='word_1_681' title='bbox 223 4695 447 4768; x_wconf 82' lang='grc' dir='ltr'>μορφὴν</span> <span class='ocrx_word' id='word_1_682' title='bbox 467 4692 654 4747; x_wconf 69' lang='grc' dir='ltr'>δούλου</span> <span class='ocrx_word' id='word_1_683' title='bbox 672 4690 880 4755; x_wconf 75' lang='grc' dir='ltr'>ἔλαϐεν,</span> <span class='ocrx_word' id='word_1_684' title='bbox 910 4689 997 4741; x_wconf 78' lang='grc' dir='ltr'><strong>»οὐ</strong></span> <span class='ocrx_word' id='word_1_685' title='bbox 1024 4688 1220 4759; x_wconf 83' lang='grc' dir='ltr'>Μορφὴ</span> <span class='ocrx_word' id='word_1_686' title='bbox 1257 4687 1441 4741; x_wconf 73' lang='grc' dir='ltr'>δούλου</span> <span class='ocrx_word' id='word_1_687' title='bbox 1459 4686 1696 4756; x_wconf 87' lang='grc' dir='ltr'>γέγονεν.</span> <span class='ocrx_word' id='word_1_688' title='bbox 1739 4687 1800 4739; x_wconf 83' lang='grc' dir='ltr'>Εἰ</span> 
     </span>
    </p>
   </div>
   <div class='ocr_carea' id='block_1_94' title="bbox 218 4778 1803 4857">
    <p class='ocr_par' dir='ltr' id='par_1_94' title="bbox 218 4778 1803 4857">
     <span class='ocr_line' id='line_1_94' title="bbox 218 4778 1803 4857; baseline -0.008 -14"><span class='ocrx_word' id='word_1_689' title='bbox 218 4791 277 4843; x_wconf 86' lang='grc' dir='ltr'><strong>δέ</strong></span> <span class='ocrx_word' id='word_1_690' title='bbox 297 4806 388 4853; x_wconf 84' lang='grc' dir='ltr'><strong>τις</strong></span> <span class='ocrx_word' id='word_1_691' title='bbox 418 4783 737 4857; x_wconf 86' lang='grc' dir='ltr'>φιλονεικῶν</span> <span class='ocrx_word' id='word_1_692' title='bbox 759 4784 818 4837; x_wconf 82' lang='grc' dir='ltr'>οὐ</span> <span class='ocrx_word' id='word_1_693' title='bbox 853 4780 1095 4853; x_wconf 80' lang='grc' dir='ltr'>βούλεται</span> <span class='ocrx_word' id='word_1_694' title='bbox 1110 4781 1171 4833; x_wconf 81' lang='grc' dir='ltr'>τὸ</span> <span class='ocrx_word' id='word_1_695' title='bbox 1203 4778 1279 4849; x_wconf 84' lang='grc' dir='ltr'>τῷ</span> <span class='ocrx_word' id='word_1_696' title='bbox 1298 4779 1415 4850; x_wconf 87' lang='grc' dir='ltr'><strong>Θεῷ</strong></span> <span class='ocrx_word' id='word_1_697' title='bbox 1440 4780 1648 4851; x_wconf 87' lang='grc' dir='ltr'>πρέπον</span> <span class='ocrx_word' id='word_1_698' title='bbox 1678 4794 1803 4831; x_wconf 85' lang='grc' dir='ltr'>σκο-</span> 
     </span>
    </p>
   </div>
   <div class='ocr_carea' id='block_1_95' title="bbox 218 4870 1801 4946">
    <p class='ocr_par' dir='ltr' id='par_1_95' title="bbox 218 4870 1801 4946">
     <span class='ocr_line' id='line_1_95' title="bbox 218 4870 1801 4946; baseline -0.009 -10"><span class='ocrx_word' id='word_1_699' title='bbox 218 4887 370 4946; x_wconf 76' lang='grc' dir='ltr'>πεῖν,</span> <span class='ocrx_word' id='word_1_700' title='bbox 406 4877 543 4933; x_wconf 85' lang='grc' dir='ltr'><strong>ἀλλά</strong></span> <span class='ocrx_word' id='word_1_701' title='bbox 582 4875 851 4931; x_wconf 79' lang='grc' dir='ltr'>δουλεύειν</span> <span class='ocrx_word' id='word_1_702' title='bbox 891 4876 1010 4938; x_wconf 87' lang='grc' dir='ltr'>ταῖς</span> <span class='ocrx_word' id='word_1_703' title='bbox 1068 4871 1358 4935; x_wconf 84' lang='grc' dir='ltr'>συλλαϐαῖς</span> <span class='ocrx_word' id='word_1_704' title='bbox 1399 4872 1527 4925; x_wconf 75' lang='grc' dir='ltr'>ἄνευ</span> <span class='ocrx_word' id='word_1_705' title='bbox 1565 4870 1801 4934; x_wconf 85' lang='grc' dir='ltr'>διανοίας</span> 
     </span>
    </p>
   </div>
   <div class='ocr_carea' id='block_1_96' title="bbox 218 4961 1802 5034">
    <p class='ocr_par' dir='ltr' id='par_1_96' title="bbox 218 4961 1802 5034">
     <span class='ocr_line' id='line_1_96' title="bbox 218 4961 1802 5034; baseline -0.009 -7"><span class='ocrx_word' id='word_1_706' title='bbox 218 4971 509 5034; x_wconf 78' lang='grc' dir='ltr'>εὐσεϐοῦς,</span> <span class='ocrx_word' id='word_1_707' title='bbox 568 4968 786 5023; x_wconf 74' lang='grc' dir='ltr'>ἅπαντά</span> <span class='ocrx_word' id='word_1_708' title='bbox 814 4984 873 5019; x_wconf 90' lang='grc' dir='ltr'><strong>τε</strong></span> <span class='ocrx_word' id='word_1_709' title='bbox 926 4967 1177 5019; x_wconf 86' lang='grc' dir='ltr'>ἀπαιτεῖν</span> <span class='ocrx_word' id='word_1_710' title='bbox 1204 4962 1272 5017; x_wconf 84' lang='grc' dir='ltr'><strong>τά</strong></span> <span class='ocrx_word' id='word_1_711' title='bbox 1304 4962 1378 5034; x_wconf 83' lang='grc' dir='ltr'>μὴ</span> <span class='ocrx_word' id='word_1_712' title='bbox 1401 4961 1614 5015; x_wconf 84' lang='grc' dir='ltr'>δέοντα·</span> <span class='ocrx_word' id='word_1_713' title='bbox 1641 4977 1802 5029; x_wconf 87' lang='grc' dir='ltr'>γινω-</span> 
     </span>
    </p>
   </div>
   <div class='ocr_carea' id='block_1_97' title="bbox 220 5044 1828 5133">
    <p class='ocr_par' dir='ltr' id='par_1_97' title="bbox 220 5044 1828 5133">
     <span class='ocr_line' id='line_1_97' title="bbox 220 5044 1828 5133; baseline -0.011 -11"><span class='ocrx_word' id='word_1_714' title='bbox 220 5067 407 5121; x_wconf 81' lang='grc' dir='ltr'>σκέτω</span> <span class='ocrx_word' id='word_1_715' title='bbox 430 5060 739 5133; x_wconf 83' lang='grc' dir='ltr'>σοφώτερον</span> <span class='ocrx_word' id='word_1_716' title='bbox 771 5059 959 5114; x_wconf 75' lang='grc' dir='ltr'>ἑαυτὸν</span> <span class='ocrx_word' id='word_1_717' title='bbox 974 5059 1072 5129; x_wconf 82' lang='grc' dir='ltr'>τῆς</span> <span class='ocrx_word' id='word_1_718' title='bbox 1086 5057 1304 5129; x_wconf 86' lang='grc' dir='ltr'>χάριτος</span> <span class='ocrx_word' id='word_1_719' title='bbox 1328 5055 1421 5108; x_wconf 89' lang='grc' dir='ltr'><strong>τοῦ</strong></span> <span class='ocrx_word' id='word_1_720' title='bbox 1443 5055 1597 5122; x_wconf 82' lang='grc' dir='ltr'>ἁγίου</span> <span class='ocrx_word' id='word_1_721' title='bbox 1630 5053 1800 5107; x_wconf 85' lang='grc' dir='ltr'>Πνεύ-</span> <span class='ocrx_word' id='word_1_722' title='bbox 1818 5044 1828 5067; x_wconf 67' lang='grc'><strong>³</strong></span> 
     </span>
    </p>
   </div>
   <div class='ocr_carea' id='block_1_98' title="bbox 221 5144 1801 5229">
    <p class='ocr_par' dir='ltr' id='par_1_98' title="bbox 221 5144 1801 5229">
     <span class='ocr_line' id='line_1_98' title="bbox 221 5144 1801 5229; baseline -0.01 -17"><span class='ocrx_word' id='word_1_723' title='bbox 221 5174 401 5229; x_wconf 83' lang='grc' dir='ltr'>ματος</span> <span class='ocrx_word' id='word_1_724' title='bbox 432 5152 769 5222; x_wconf 86' lang='grc' dir='ltr'>ἀποφαίνων,</span> <span class='ocrx_word' id='word_1_725' title='bbox 798 5151 891 5204; x_wconf 81' lang='grc' dir='ltr'>καὶ</span> <span class='ocrx_word' id='word_1_726' title='bbox 926 5150 999 5222; x_wconf 82' lang='grc' dir='ltr'>μὴ</span> <span class='ocrx_word' id='word_1_727' title='bbox 1042 5149 1325 5219; x_wconf 88' lang='grc' dir='ltr'>δεχόμενος</span> <span class='ocrx_word' id='word_1_728' title='bbox 1344 5146 1442 5217; x_wconf 78' lang='grc' dir='ltr'>τὴν</span> <span class='ocrx_word' id='word_1_729' title='bbox 1471 5144 1680 5198; x_wconf 80' lang='grc' dir='ltr'>ἐκεῖθεν</span> <span class='ocrx_word' id='word_1_730' title='bbox 1723 5161 1801 5197; x_wconf 84' lang='grc' dir='ltr'><strong>νο⁹</strong></span> 
     </span>
    </p>
   </div>
   <div class='ocr_carea' id='block_1_99' title="bbox 221 5237 1800 5324">
    <p class='ocr_par' dir='ltr' id='par_1_99' title="bbox 221 5237 1800 5324">
     <span class='ocr_line' id='line_1_99' title="bbox 221 5237 1800 5324; baseline -0.013 -15"><span class='ocrx_word' id='word_1_731' title='bbox 221 5249 512 5324; x_wconf 85' lang='grc' dir='ltr'>μοθεσίαν,</span> <span class='ocrx_word' id='word_1_732' title='bbox 540 5246 640 5317; x_wconf 79' lang='grc' dir='ltr'>τὴν</span> <span class='ocrx_word' id='word_1_733' title='bbox 677 5245 765 5300; x_wconf 83' lang='grc' dir='ltr'>διὰ</span> <span class='ocrx_word' id='word_1_734' title='bbox 819 5243 1029 5297; x_wconf 83' lang='grc' dir='ltr'>πολλῶν</span> <span class='ocrx_word' id='word_1_735' title='bbox 1070 5241 1261 5312; x_wconf 83' lang='grc' dir='ltr'>φωνῶν</span> <span class='ocrx_word' id='word_1_736' title='bbox 1287 5237 1465 5310; x_wconf 78' lang='grc' dir='ltr'>ἱερῶν,</span> <span class='ocrx_word' id='word_1_737' title='bbox 1504 5238 1580 5302; x_wconf 84' lang='grc' dir='ltr'>ὡς</span> <span class='ocrx_word' id='word_1_738' title='bbox 1612 5237 1800 5309; x_wconf 83' lang='grc' dir='ltr'>προεί-</span> 
     </span>
    </p>
   </div>
   <div class='ocr_carea' id='block_1_100' title="bbox 219 5330 1798 5418">
    <p class='ocr_par' dir='ltr' id='par_1_100' title="bbox 219 5330 1798 5418">
     <span class='ocr_line' id='line_1_100' title="bbox 219 5330 1798 5418; baseline -0.011 -19"><span class='ocrx_word' id='word_1_739' title='bbox 219 5362 412 5418; x_wconf 84' lang='grc' dir='ltr'>ρηται,</span> <span class='ocrx_word' id='word_1_740' title='bbox 460 5340 836 5409; x_wconf 83' lang='grc' dir='ltr'>σαφηνίσασαν</span> <span class='ocrx_word' id='word_1_741' title='bbox 874 5339 1004 5408; x_wconf 78' lang='grc' dir='ltr'>ἡμῖν</span> <span class='ocrx_word' id='word_1_742' title='bbox 1031 5334 1124 5388; x_wconf 86' lang='grc' dir='ltr'><strong>τοῦ</strong></span> <span class='ocrx_word' id='word_1_743' title='bbox 1157 5330 1321 5407; x_wconf 76' lang='grc' dir='ltr'>ῥητοῦ</span> <span class='ocrx_word' id='word_1_744' title='bbox 1359 5331 1457 5402; x_wconf 80' lang='grc' dir='ltr'>τὴν</span> <span class='ocrx_word' id='word_1_745' title='bbox 1480 5330 1727 5400; x_wconf 87' lang='grc' dir='ltr'>δύναμιν,</span> <span class='ocrx_word' id='word_1_746' title='bbox 1765 5330 1798 5402; x_wconf 84' lang='grc' dir='ltr'>ἢ</span> 
     </span>
    </p>
   </div>
   <div class='ocr_carea' id='block_1_101' title="bbox 213 5419 1804 5508">
    <p class='ocr_par' dir='ltr' id='par_1_101' title="bbox 213 5419 1804 5508">
     <span class='ocr_line' id='line_1_101' title="bbox 213 5419 1804 5508; baseline -0.014 -14"><span class='ocrx_word' id='word_1_747' title='bbox 213 5439 284 5493; x_wconf 64' lang='grc' dir='ltr'>οὗ</span> <span class='ocrx_word' id='word_1_748' title='bbox 308 5436 441 5508; x_wconf 82' lang='grc' dir='ltr'>δίχα</span> <span class='ocrx_word' id='word_1_749' title='bbox 469 5433 787 5503; x_wconf 81' lang='grc' dir='ltr'>τολμήσεως</span> <span class='ocrx_word' id='word_1_750' title='bbox 822 5431 914 5484; x_wconf 76' lang='grc' dir='ltr'>καὶ</span> <span class='ocrx_word' id='word_1_751' title='bbox 949 5427 1127 5499; x_wconf 86' lang='grc' dir='ltr'>μάχην</span> <span class='ocrx_word' id='word_1_752' title='bbox 1165 5422 1475 5492; x_wconf 85' lang='grc' dir='ltr'>ἐπεισάγειν</span> <span class='ocrx_word' id='word_1_753' title='bbox 1507 5425 1618 5485; x_wconf 86' lang='grc' dir='ltr'>τοῖς</span> <span class='ocrx_word' id='word_1_754' title='bbox 1639 5419 1804 5483; x_wconf 86' lang='grc' dir='ltr'>θείοις</span> 
     </span>
    </p>
   </div>
   <div class='ocr_carea' id='block_1_102' title="bbox 213 5512 1805 5600">
    <p class='ocr_par' dir='ltr' id='par_1_102' title="bbox 213 5512 1805 5600">
     <span class='ocr_line' id='line_1_102' title="bbox 213 5512 1805 5600; baseline -0.013 -14"><span class='ocrx_word' id='word_1_755' title='bbox 213 5531 425 5600; x_wconf 78' lang='grc' dir='ltr'>λόγοις,</span> <span class='ocrx_word' id='word_1_756' title='bbox 458 5527 558 5582; x_wconf 71' lang='grc' dir='ltr'>καὶ</span> <span class='ocrx_word' id='word_1_757' title='bbox 582 5521 691 5578; x_wconf 79' lang='grc' dir='ltr'><strong>τῶν</strong></span> <span class='ocrx_word' id='word_1_758' title='bbox 719 5521 886 5593; x_wconf 84' lang='grc' dir='ltr'>άγίων</span> <span class='ocrx_word' id='word_1_759' title='bbox 925 5521 1227 5591; x_wconf 88' lang='grc' dir='ltr'>δογμάτων,</span> <span class='ocrx_word' id='word_1_760' title='bbox 1250 5517 1327 5581; x_wconf 86' lang='grc' dir='ltr'><strong>ὡς</strong></span> <span class='ocrx_word' id='word_1_761' title='bbox 1355 5514 1609 5570; x_wconf 87' lang='grc' dir='ltr'>ἐναντίων</span> <span class='ocrx_word' id='word_1_762' title='bbox 1644 5512 1805 5583; x_wconf 85' lang='grc' dir='ltr'>ἀλλή-</span> 
     </span>
    </p>
   </div>
   <div class='ocr_carea' id='block_1_103' title="bbox 195 5605 1802 5687">
    <p class='ocr_par' dir='ltr' id='par_1_103' title="bbox 195 5605 1802 5687">
     <span class='ocr_line' id='line_1_103' title="bbox 195 5605 1802 5687; baseline -0.014 -8"><span class='ocrx_word' id='word_1_763' title='bbox 195 5623 358 5685; x_wconf 74' lang='grc' dir='ltr'>λοις,</span> <span class='ocrx_word' id='word_1_764' title='bbox 388 5614 868 5687; x_wconf 73' lang='grc' dir='ltr'>καταψηφίζεσθαι</span> <span class='ocrx_word' id='word_1_765' title='bbox 890 5631 906 5647; x_wconf 81' lang='grc' dir='ltr'><strong><em>ο</em></strong></span> <span class='ocrx_word' id='word_1_766' title='bbox 928 5614 1086 5683; x_wconf 78' lang='grc' dir='ltr'>εἰπερ</span> <span class='ocrx_word' id='word_1_767' title='bbox 1112 5608 1353 5664; x_wconf 86' lang='grc' dir='ltr'>ἐναντίον</span> <span class='ocrx_word' id='word_1_768' title='bbox 1373 5607 1454 5672; x_wconf 78' lang='grc' dir='ltr'>τὸ,</span> <span class='ocrx_word' id='word_1_769' title='bbox 1491 5625 1510 5658; x_wconf 83' lang='grc' dir='ltr'><strong>ι</strong></span> <span class='ocrx_word' id='word_1_770' title='bbox 1557 5605 1802 5675; x_wconf 85' lang='grc' dir='ltr'>Ἐγένετο</span> 
     </span>
    </p>
   </div>
   <div class='ocr_carea' id='block_1_104' title="bbox 1905 4510 3478 4571">
    <p class='ocr_par' dir='ltr' id='par_1_104' title="bbox 1905 4510 3478 4571">
     <span class='ocr_line' id='line_1_104' title="bbox 1905 4510 3478 4571; baseline 0.004 -9"><span class='ocrx_word' id='word_1_771' title='bbox 1905 4516 2082 4563; x_wconf 90' lang='lat' dir='ltr'><strong>autem</strong></span> <span class='ocrx_word' id='word_1_772' title='bbox 2102 4524 2209 4563; x_wconf 87' lang='lat' dir='ltr'><strong>non</strong></span> <span class='ocrx_word' id='word_1_773' title='bbox 2231 4519 2315 4564; x_wconf 90' lang='lat' dir='ltr'><strong>est</strong></span> <span class='ocrx_word' id='word_1_774' title='bbox 2330 4511 2353 4564; x_wconf 85' lang='lat'><strong>?</strong></span> <span class='ocrx_word' id='word_1_775' title='bbox 2366 4510 2528 4566; x_wconf 78' lang='lat' dir='ltr'><strong>Carui</strong></span> <span class='ocrx_word' id='word_1_776' title='bbox 2548 4513 2687 4567; x_wconf 91' lang='lat' dir='ltr'><strong>uniri</strong></span> <span class='ocrx_word' id='word_1_777' title='bbox 2708 4530 2813 4568; x_wconf 86' lang='lat' dir='ltr'><strong>non</strong></span> <span class='ocrx_word' id='word_1_778' title='bbox 2826 4524 2910 4570; x_wconf 80' lang='lat' dir='ltr'><strong>est</strong></span> <span class='ocrx_word' id='word_1_779' title='bbox 2927 4516 2979 4569; x_wconf 88' lang='lat' dir='ltr'><strong>in</strong></span> <span class='ocrx_word' id='word_1_780' title='bbox 3000 4531 3215 4571; x_wconf 86' lang='lat' dir='ltr'><strong>carnem</strong></span> <span class='ocrx_word' id='word_1_781' title='bbox 3238 4530 3478 4571; x_wconf 83' lang='lat' dir='ltr'><strong>commu-</strong></span> 
     </span>
    </p>
   </div>
   <div class='ocr_carea' id='block_1_105' title="bbox 1906 4604 3477 4672">
    <p class='ocr_par' dir='ltr' id='par_1_105' title="bbox 1906 4604 3477 4672">
     <span class='ocr_line' id='line_1_105' title="bbox 1906 4604 3477 4672; baseline 0.002 -16"><span class='ocrx_word' id='word_1_782' title='bbox 1906 4605 2031 4658; x_wconf 90' lang='lat' dir='ltr'><strong>tari.</strong></span> <span class='ocrx_word' id='word_1_783' title='bbox 2051 4604 2180 4671; x_wconf 82' lang='lat' dir='ltr'><strong>Quae</strong></span> <span class='ocrx_word' id='word_1_784' title='bbox 2192 4610 2247 4657; x_wconf 90' lang='lat' dir='ltr'><strong>et</strong></span> <span class='ocrx_word' id='word_1_785' title='bbox 2264 4619 2429 4659; x_wconf 88' lang='lat' dir='ltr'><strong>causa</strong></span> <span class='ocrx_word' id='word_1_786' title='bbox 2446 4614 2529 4661; x_wconf 84' lang='lat' dir='ltr'><strong>est</strong></span> <span class='ocrx_word' id='word_1_787' title='bbox 2553 4623 2652 4661; x_wconf 89' lang='lat' dir='ltr'><strong>cur</strong></span> <span class='ocrx_word' id='word_1_788' title='bbox 2678 4607 2910 4672; x_wconf 91' lang='lat' dir='ltr'><strong>dicatur,</strong></span> <span class='ocrx_word' id='word_1_789' title='bbox 2953 4626 2971 4658; x_wconf 80' lang='grc' dir='ltr'><strong>ι</strong></span> <span class='ocrx_word' id='word_1_790' title='bbox 2993 4606 3367 4661; x_wconf 74' lang='lat' dir='ltr'><strong>Manifestatus</strong></span> <span class='ocrx_word' id='word_1_791' title='bbox 3391 4615 3477 4661; x_wconf 83' lang='lat' dir='ltr'><strong>est</strong></span> 
     </span>
    </p>
   </div>
   <div class='ocr_carea' id='block_1_106' title="bbox 1908 4694 3474 4763">
    <p class='ocr_par' dir='ltr' id='par_1_106' title="bbox 1908 4694 3474 4763">
     <span class='ocr_line' id='line_1_106' title="bbox 1908 4694 3474 4763; baseline 0.002 -15"><span class='ocrx_word' id='word_1_792' title='bbox 1908 4694 1964 4749; x_wconf 92' lang='lat' dir='ltr'><strong>in</strong></span> <span class='ocrx_word' id='word_1_793' title='bbox 1995 4712 2159 4752; x_wconf 90' lang='lat' dir='ltr'><strong>carne</strong></span> <span class='ocrx_word' id='word_1_794' title='bbox 2188 4698 2256 4763; x_wconf 66' lang='grc' dir='ltr'><strong>δ’,</strong></span> <span class='ocrx_word' id='word_1_795' title='bbox 2282 4718 2302 4751; x_wconf 77' lang='grc' dir='ltr'><strong>ι</strong></span> <span class='ocrx_word' id='word_1_796' title='bbox 2322 4714 2429 4753; x_wconf 89' lang='lat' dir='ltr'><strong>non</strong></span> <span class='ocrx_word' id='word_1_797' title='bbox 2450 4698 2790 4753; x_wconf 80' lang='lat' dir='ltr'><strong>Mauifestata</strong></span> <span class='ocrx_word' id='word_1_798' title='bbox 2806 4706 2890 4753; x_wconf 89' lang='lat' dir='ltr'><strong>est</strong></span> <span class='ocrx_word' id='word_1_799' title='bbox 2921 4712 3070 4752; x_wconf 86' lang='lat' dir='ltr'><strong>caro.</strong></span> <span class='ocrx_word' id='word_1_800' title='bbox 3113 4697 3193 4760; x_wconf 88' lang='lat' dir='ltr'><strong>Et,</strong></span> <span class='ocrx_word' id='word_1_801' title='bbox 3218 4716 3236 4746; x_wconf 85' lang='grc' dir='ltr'><strong>ι</strong></span> <span class='ocrx_word' id='word_1_802' title='bbox 3277 4696 3474 4752; x_wconf 89' lang='lat' dir='ltr'><strong>Semen</strong></span> 
     </span>
    </p>
   </div>
   <div class='ocr_carea' id='block_1_107' title="bbox 1907 4784 3473 4858">
    <p class='ocr_par' dir='ltr' id='par_1_107' title="bbox 1907 4784 3473 4858">
     <span class='ocr_line' id='line_1_107' title="bbox 1907 4784 3473 4858; baseline 0.002 -19"><span class='ocrx_word' id='word_1_803' title='bbox 1907 4786 2138 4841; x_wconf 76' lang='lat' dir='ltr'><strong>Abrahae</strong></span> <span class='ocrx_word' id='word_1_804' title='bbox 2163 4789 2479 4857; x_wconf 87' lang='lat' dir='ltr'><strong>assumpsit,</strong></span> <span class='ocrx_word' id='word_1_805' title='bbox 2505 4807 2524 4839; x_wconf 76' lang='grc' dir='ltr'><strong>ι</strong></span> <span class='ocrx_word' id='word_1_806' title='bbox 2562 4787 2737 4858; x_wconf 85' lang='lat' dir='ltr'><strong>inquit</strong></span> <span class='ocrx_word' id='word_1_807' title='bbox 2768 4787 3062 4857; x_wconf 83' lang='lat' dir='ltr'><strong>Apostolus</strong></span> <span class='ocrx_word' id='word_1_808' title='bbox 3084 4788 3169 4842; x_wconf 76' lang='lat'><strong>‘°:</strong></span> <span class='ocrx_word' id='word_1_809' title='bbox 3203 4802 3335 4851; x_wconf 92' lang='lat' dir='ltr'><strong>non,</strong></span> <span class='ocrx_word' id='word_1_810' title='bbox 3372 4784 3473 4842; x_wconf 82' lang='lat' dir='ltr'><strong>Se-</strong></span> 
     </span>
    </p>
   </div>
   <div class='ocr_carea' id='block_1_108' title="bbox 1903 4877 3472 4948">
    <p class='ocr_par' dir='ltr' id='par_1_108' title="bbox 1903 4877 3472 4948">
     <span class='ocr_line' id='line_1_108' title="bbox 1903 4877 3472 4948; baseline 0 -17"><span class='ocrx_word' id='word_1_811' title='bbox 1903 4893 2028 4931; x_wconf 87' lang='lat' dir='ltr'><strong>men</strong></span> <span class='ocrx_word' id='word_1_812' title='bbox 2057 4877 2287 4932; x_wconf 72' lang='lat' dir='ltr'><strong>Abraha:</strong></span> <span class='ocrx_word' id='word_1_813' title='bbox 2315 4878 2635 4933; x_wconf 89' lang='lat' dir='ltr'><strong>immutatus</strong></span> <span class='ocrx_word' id='word_1_814' title='bbox 2668 4877 2846 4932; x_wconf 82' lang='lat' dir='ltr'><strong>factus</strong></span> <span class='ocrx_word' id='word_1_815' title='bbox 2869 4886 2971 4933; x_wconf 89' lang='lat' dir='ltr'><strong>est.</strong></span> <span class='ocrx_word' id='word_1_816' title='bbox 3007 4877 3093 4942; x_wconf 87' lang='lat' dir='ltr'><strong>Et,</strong></span> <span class='ocrx_word' id='word_1_817' title='bbox 3131 4896 3151 4930; x_wconf 79' lang='grc' dir='ltr'><strong>ι</strong></span> <span class='ocrx_word' id='word_1_818' title='bbox 3189 4877 3472 4948; x_wconf 87' lang='lat' dir='ltr'><strong>Templum</strong></span> 
     </span>
    </p>
   </div>
   <div class='ocr_carea' id='block_1_109' title="bbox 1901 4968 3469 5039">
    <p class='ocr_par' dir='ltr' id='par_1_109' title="bbox 1901 4968 3469 5039">
     <span class='ocr_line' id='line_1_109' title="bbox 1901 4968 3469 5039; baseline -0.001 -17"><span class='ocrx_word' id='word_1_819' title='bbox 1901 4969 2091 5022; x_wconf 85' lang='lat' dir='ltr'><strong>habuit</strong></span> <span class='ocrx_word' id='word_1_820' title='bbox 2134 4984 2355 5038; x_wconf 82' lang='lat' dir='ltr'><strong>corpus,</strong></span> <span class='ocrx_word' id='word_1_821' title='bbox 2387 4988 2406 5022; x_wconf 75' lang='grc' dir='ltr'><strong>ι</strong></span> <span class='ocrx_word' id='word_1_822' title='bbox 2446 4983 2581 5033; x_wconf 87' lang='grc' dir='ltr'>ιιοη,</span> <span class='ocrx_word' id='word_1_823' title='bbox 2619 4968 2674 5022; x_wconf 94' lang='lat' dir='ltr'><strong>In</strong></span> <span class='ocrx_word' id='word_1_824' title='bbox 2707 4969 2965 5039; x_wconf 88' lang='lat' dir='ltr'><strong>templum</strong></span> <span class='ocrx_word' id='word_1_825' title='bbox 3019 4984 3317 5023; x_wconf 88' lang='lat' dir='ltr'><strong>conversus</strong></span> <span class='ocrx_word' id='word_1_826' title='bbox 3365 4975 3469 5022; x_wconf 89' lang='lat' dir='ltr'><strong>est.</strong></span> 
     </span>
    </p>
   </div>
   <div class='ocr_carea' id='block_1_110' title="bbox 1901 5055 3473 5120">
    <p class='ocr_par' dir='ltr' id='par_1_110' title="bbox 1901 5055 3473 5120">
     <span class='ocr_line' id='line_1_110' title="bbox 1901 5055 3473 5120; baseline -0.001 -10"><span class='ocrx_word' id='word_1_827' title='bbox 1901 5056 1990 5119; x_wconf 86' lang='lat' dir='ltr'><strong>Et,</strong></span> <span class='ocrx_word' id='word_1_828' title='bbox 2022 5075 2039 5107; x_wconf 84' lang='grc' dir='ltr'><strong>ι</strong></span> <span class='ocrx_word' id='word_1_829' title='bbox 2071 5056 2207 5112; x_wconf 87' lang='lat' dir='ltr'><strong>Cum</strong></span> <span class='ocrx_word' id='word_1_830' title='bbox 2234 5058 2287 5112; x_wconf 91' lang='lat' dir='ltr'><strong>in</strong></span> <span class='ocrx_word' id='word_1_831' title='bbox 2316 5059 2491 5113; x_wconf 81' lang='lat' dir='ltr'><strong>forma</strong></span> <span class='ocrx_word' id='word_1_832' title='bbox 2520 5055 2612 5113; x_wconf 89' lang='lat' dir='ltr'><strong>Dei</strong></span> <span class='ocrx_word' id='word_1_833' title='bbox 2634 5064 2801 5120; x_wconf 88' lang='lat' dir='ltr'><strong>esset,</strong></span> <span class='ocrx_word' id='word_1_834' title='bbox 2827 5057 3054 5111; x_wconf 78' lang='lat' dir='ltr'><strong>formam</strong></span> <span class='ocrx_word' id='word_1_835' title='bbox 3086 5058 3228 5112; x_wconf 85' lang='lat' dir='ltr'><strong>servi</strong></span> <span class='ocrx_word' id='word_1_836' title='bbox 3256 5072 3473 5112; x_wconf 83' lang='lat' dir='ltr'><strong>assum-</strong></span> 
     </span>
    </p>
   </div>
   <div class='ocr_carea' id='block_1_111' title="bbox 1903 5146 3474 5218">
    <p class='ocr_par' dir='ltr' id='par_1_111' title="bbox 1903 5146 3474 5218">
     <span class='ocr_line' id='line_1_111' title="bbox 1903 5146 3474 5218; baseline -0.001 -16"><span class='ocrx_word' id='word_1_837' title='bbox 1903 5149 2012 5218; x_wconf 92' lang='lat' dir='ltr'><strong>psit</strong></span> <span class='ocrx_word' id='word_1_838' title='bbox 2032 5149 2101 5209; x_wconf 81' lang='lat'><strong>&quot;.</strong></span> <span class='ocrx_word' id='word_1_839' title='bbox 2124 5168 2143 5200; x_wconf 80' lang='grc' dir='ltr'><strong>ι</strong></span> <span class='ocrx_word' id='word_1_840' title='bbox 2165 5164 2296 5213; x_wconf 84' lang='grc' dir='ltr'>ιιοιι,</span> <span class='ocrx_word' id='word_1_841' title='bbox 2323 5147 2515 5204; x_wconf 85' lang='lat' dir='ltr'><strong>Forma</strong></span> <span class='ocrx_word' id='word_1_842' title='bbox 2564 5147 2706 5204; x_wconf 87' lang='lat' dir='ltr'><strong>servi</strong></span> <span class='ocrx_word' id='word_1_843' title='bbox 2742 5146 2918 5202; x_wconf 73' lang='lat' dir='ltr'><strong>factus</strong></span> <span class='ocrx_word' id='word_1_844' title='bbox 2953 5157 3055 5202; x_wconf 91' lang='lat' dir='ltr'><strong>est.</strong></span> <span class='ocrx_word' id='word_1_845' title='bbox 3100 5147 3254 5212; x_wconf 89' lang='lat' dir='ltr'><strong>Quod</strong></span> <span class='ocrx_word' id='word_1_846' title='bbox 3276 5146 3322 5200; x_wconf 91' lang='lat' dir='ltr'><strong>si</strong></span> <span class='ocrx_word' id='word_1_847' title='bbox 3350 5146 3474 5216; x_wconf 90' lang='lat' dir='ltr'><strong>quis</strong></span> 
     </span>
    </p>
   </div>
   <div class='ocr_carea' id='block_1_112' title="bbox 1901 5235 3469 5309">
    <p class='ocr_par' dir='ltr' id='par_1_112' title="bbox 1901 5235 3469 5309">
     <span class='ocr_line' id='line_1_112' title="bbox 1901 5235 3469 5309; baseline -0.001 -18"><span class='ocrx_word' id='word_1_848' title='bbox 1901 5239 2301 5302; x_wconf 88' lang='lat' dir='ltr'><strong>contentiosus,</strong></span> <span class='ocrx_word' id='word_1_849' title='bbox 2334 5237 2469 5293; x_wconf 88' lang='lat' dir='ltr'><strong>nolit</strong></span> <span class='ocrx_word' id='word_1_850' title='bbox 2489 5254 2609 5309; x_wconf 76' lang='lat' dir='ltr'><strong>quze</strong></span> <span class='ocrx_word' id='word_1_851' title='bbox 2638 5237 2807 5293; x_wconf 87' lang='lat' dir='ltr'><strong>Deum</strong></span> <span class='ocrx_word' id='word_1_852' title='bbox 2843 5236 3312 5306; x_wconf 59' lang='lat' dir='ltr'><strong>derentcogitare,</strong></span> <span class='ocrx_word' id='word_1_853' title='bbox 3347 5235 3469 5301; x_wconf 71' lang='lat' dir='ltr'><strong>sed,</strong></span> 
     </span>
    </p>
   </div>
   <div class='ocr_carea' id='block_1_113' title="bbox 1902 5328 3470 5403">
    <p class='ocr_par' dir='ltr' id='par_1_113' title="bbox 1902 5328 3470 5403">
     <span class='ocr_line' id='line_1_113' title="bbox 1902 5328 3470 5403; baseline -0.003 -19"><span class='ocrx_word' id='word_1_854' title='bbox 1902 5333 1992 5403; x_wconf 90' lang='lat' dir='ltr'><strong>pia</strong></span> <span class='ocrx_word' id='word_1_855' title='bbox 2027 5329 2231 5399; x_wconf 78' lang='lat' dir='ltr'><strong>reiecta</strong></span> <span class='ocrx_word' id='word_1_856' title='bbox 2257 5337 2463 5395; x_wconf 89' lang='lat' dir='ltr'><strong>mente,</strong></span> <span class='ocrx_word' id='word_1_857' title='bbox 2482 5331 2710 5402; x_wconf 85' lang='lat' dir='ltr'><strong>syllabis</strong></span> <span class='ocrx_word' id='word_1_858' title='bbox 2740 5328 3026 5390; x_wconf 85' lang='lat' dir='ltr'><strong>inservire.</strong></span> <span class='ocrx_word' id='word_1_859' title='bbox 3061 5328 3349 5396; x_wconf 76' lang='lat' dir='ltr'><strong>omniaque</strong></span> <span class='ocrx_word' id='word_1_860' title='bbox 3373 5343 3470 5398; x_wconf 81' lang='lat' dir='ltr'><strong>pe-</strong></span> 
     </span>
    </p>
   </div>
   <div class='ocr_carea' id='block_1_114' title="bbox 1901 5418 3468 5492">
    <p class='ocr_par' dir='ltr' id='par_1_114' title="bbox 1901 5418 3468 5492">
     <span class='ocr_line' id='line_1_114' title="bbox 1901 5418 3468 5492; baseline -0.003 -14"><span class='ocrx_word' id='word_1_861' title='bbox 1901 5434 2018 5480; x_wconf 87' lang='lat' dir='ltr'><strong>tere</strong></span> <span class='ocrx_word' id='word_1_862' title='bbox 2048 5437 2170 5492; x_wconf 69' lang='lat' dir='ltr'><strong>qua:</strong></span> <span class='ocrx_word' id='word_1_863' title='bbox 2198 5422 2428 5490; x_wconf 87' lang='lat' dir='ltr'><strong>petenda</strong></span> <span class='ocrx_word' id='word_1_864' title='bbox 2454 5422 2679 5477; x_wconf 88' lang='lat' dir='ltr'><strong>minime</strong></span> <span class='ocrx_word' id='word_1_865' title='bbox 2706 5428 2921 5492; x_wconf 90' lang='lat' dir='ltr'><strong>oportet</strong></span> <span class='ocrx_word' id='word_1_866' title='bbox 2954 5439 2968 5474; x_wconf 91' lang='lat'><strong>:</strong></span> <span class='ocrx_word' id='word_1_867' title='bbox 2993 5418 3203 5474; x_wconf 88' lang='lat' dir='ltr'><strong>noverit</strong></span> <span class='ocrx_word' id='word_1_868' title='bbox 3231 5418 3341 5482; x_wconf 83' lang='lat' dir='ltr'><strong>ille,</strong></span> <span class='ocrx_word' id='word_1_869' title='bbox 3386 5433 3468 5480; x_wconf 82' lang='lat' dir='ltr'><strong>se,</strong></span> 
     </span>
    </p>
   </div>
   <div class='ocr_carea' id='block_1_115' title="bbox 1904 5505 3470 5582">
    <p class='ocr_par' dir='ltr' id='par_1_115' title="bbox 1904 5505 3470 5582">
     <span class='ocr_line' id='line_1_115' title="bbox 1904 5505 3470 5582; baseline -0.004 -15"><span class='ocrx_word' id='word_1_870' title='bbox 1904 5522 1999 5568; x_wconf 88' lang='lat' dir='ltr'><strong>aut</strong></span> <span class='ocrx_word' id='word_1_871' title='bbox 2036 5513 2207 5567; x_wconf 89' lang='lat' dir='ltr'><strong>multo</strong></span> <span class='ocrx_word' id='word_1_872' title='bbox 2255 5512 2642 5582; x_wconf 83' lang='lat' dir='ltr'><strong>sapientiorem</strong></span> <span class='ocrx_word' id='word_1_873' title='bbox 2679 5526 2822 5577; x_wconf 88' lang='lat' dir='ltr'><strong>esse,</strong></span> <span class='ocrx_word' id='word_1_874' title='bbox 2855 5524 2956 5566; x_wconf 89' lang='lat' dir='ltr'><strong>suo</strong></span> <span class='ocrx_word' id='word_1_875' title='bbox 2979 5507 3206 5579; x_wconf 85' lang='lat' dir='ltr'><strong>judicio,</strong></span> <span class='ocrx_word' id='word_1_876' title='bbox 3232 5505 3470 5578; x_wconf 86' lang='lat' dir='ltr'><strong>Spiritus</strong></span> 
     </span>
    </p>
   </div>
   <div class='ocr_carea' id='block_1_116' title="bbox 1890 5598 3470 5675">
    <p class='ocr_par' dir='ltr' id='par_1_116' title="bbox 1890 5598 3470 5675">
     <span class='ocr_line' id='line_1_116' title="bbox 1890 5598 3470 5675; baseline -0.002 -20"><span class='ocrx_word' id='word_1_877' title='bbox 1890 5604 2083 5662; x_wconf 87' lang='lat' dir='ltr'><strong>.sancti</strong></span> <span class='ocrx_word' id='word_1_878' title='bbox 2137 5605 2333 5675; x_wconf 87' lang='lat' dir='ltr'><strong>gratia,</strong></span> <span class='ocrx_word' id='word_1_879' title='bbox 2378 5618 2480 5658; x_wconf 87' lang='lat' dir='ltr'><strong>nec</strong></span> <span class='ocrx_word' id='word_1_880' title='bbox 2523 5602 2809 5665; x_wconf 84' lang='lat' dir='ltr'><strong>admittere</strong></span> <span class='ocrx_word' id='word_1_881' title='bbox 2832 5600 3130 5671; x_wconf 76' lang='lat' dir='ltr'><strong>profectam</strong></span> <span class='ocrx_word' id='word_1_882' title='bbox 3179 5599 3305 5655; x_wconf 88' lang='lat' dir='ltr'><strong>inde</strong></span> <span class='ocrx_word' id='word_1_883' title='bbox 3332 5598 3470 5671; x_wconf 85' lang='lat' dir='ltr'><strong>legis</strong></span> 
     </span>
    </p>
   </div>
   <div class='ocr_carea' id='block_1_117' title="bbox 293 5754 1803 5836">
    <p class='ocr_par' dir='ltr' id='par_1_117' title="bbox 293 5757 1795 5836">
     <span class='ocr_line' id='line_1_117' title="bbox 293 5757 1795 5836; baseline -0.012 -6"><span class='ocrx_word' id='word_1_884' title='bbox 293 5778 339 5808; x_wconf 77' lang='grc'><strong>⁸⁷</strong></span> <span class='ocrx_word' id='word_1_885' title='bbox 381 5772 542 5829; x_wconf 82' lang='lat' dir='ltr'><strong>Joan.</strong></span> <span class='ocrx_word' id='word_1_886' title='bbox 583 5787 636 5836; x_wconf 88' lang='lat' dir='ltr'><strong>I,</strong></span> <span class='ocrx_word' id='word_1_887' title='bbox 675 5769 761 5825; x_wconf 77' lang='lat' dir='ltr'><strong>M.</strong></span> <span class='ocrx_word' id='word_1_888' title='bbox 838 5768 881 5800; x_wconf 75' lang='lat'>“</span> <span class='ocrx_word' id='word_1_889' title='bbox 918 5765 1142 5821; x_wconf 65' lang='lat' dir='ltr'><strong>Malah.</strong></span> <span class='ocrx_word' id='word_1_890' title='bbox 1179 5779 1272 5831; x_wconf 88' lang='grc' dir='ltr'>ιιι,</span> <span class='ocrx_word' id='word_1_891' title='bbox 1309 5762 1362 5818; x_wconf 90' lang='grc'><strong>6.</strong></span> <span class='ocrx_word' id='word_1_892' title='bbox 1438 5762 1481 5794; x_wconf 70' lang='grc' dir='ltr'><strong>δ’</strong></span> <span class='ocrx_word' id='word_1_893' title='bbox 1522 5759 1541 5812; x_wconf 88' lang='lat' dir='ltr'><strong>I</strong></span> <span class='ocrx_word' id='word_1_894' title='bbox 1577 5757 1719 5814; x_wconf 87' lang='lat' dir='ltr'><strong>Tim.</strong></span> <span class='ocrx_word' id='word_1_895' title='bbox 1759 5774 1795 5813; x_wconf 88' lang='grc' dir='ltr'><strong>ιι</strong></span> 
     </span>
    </p>
   </div>
   <div class='ocr_carea' id='block_1_118' title="bbox 1905 5754 3251 5836">
    <p class='ocr_par' dir='ltr' id='par_1_118' title="bbox 1905 5754 3251 5828">
     <span class='ocr_line' id='line_1_118' title="bbox 1905 5754 3251 5828; baseline -0.003 -14"><span class='ocrx_word' id='word_1_896' title='bbox 1905 5760 1981 5815; x_wconf 85' lang='lat' dir='ltr'><strong>l6.</strong></span> <span class='ocrx_word' id='word_1_897' title='bbox 2059 5759 2102 5791; x_wconf 87' lang='lat'><strong>&#39;°</strong></span> <span class='ocrx_word' id='word_1_898' title='bbox 2146 5756 2309 5815; x_wconf 76' lang='lat' dir='ltr'><strong>Hebr.</strong></span> <span class='ocrx_word' id='word_1_899' title='bbox 2348 5774 2422 5823; x_wconf 88' lang='grc' dir='ltr'><strong>ιι,</strong></span> <span class='ocrx_word' id='word_1_900' title='bbox 2462 5757 2549 5817; x_wconf 73' lang='grc'><strong>16.</strong></span> <span class='ocrx_word' id='word_1_901' title='bbox 2625 5759 2666 5791; x_wconf 87' lang='grc'><strong>⁸¹</strong></span> <span class='ocrx_word' id='word_1_902' title='bbox 2706 5755 2939 5828; x_wconf 84' lang='lat' dir='ltr'><strong>Philipp.</strong></span> <span class='ocrx_word' id='word_1_903' title='bbox 2978 5771 3055 5823; x_wconf 84' lang='lat' dir='ltr'><strong>tt,</strong></span> <span class='ocrx_word' id='word_1_904' title='bbox 3093 5754 3160 5820; x_wconf 82' lang='lat'><strong>6,</strong></span> <span class='ocrx_word' id='word_1_905' title='bbox 3199 5756 3251 5810; x_wconf 79' lang='grc'><strong>7.</strong></span> 
     </span>
    </p>
   </div>
  </div>
