  <div class='ocr_page' id='page_1' title='image "/cluster/home/n/w/nwhite01/storage/ocr_20150623/28/hvd.32044019207737/691.png"; bbox 0 0 3976 6388; ppageno 0'>
   <div class='ocr_carea' id='block_1_1' title="bbox 529 333 670 392">
    <p class='ocr_par' dir='ltr' id='par_1_1' title="bbox 529 333 670 392">
     <span class='ocr_line' id='line_1_1' title="bbox 529 333 670 392; baseline -0.007 -1"><span class='ocrx_word' id='word_1_1' title='bbox 529 333 670 392; x_wconf 58' lang='grc'><strong>1337</strong></span> 
     </span>
    </p>
   </div>
   <div class='ocr_carea' id='block_1_2' title="bbox 1685 328 2622 393">
    <p class='ocr_par' dir='ltr' id='par_1_2' title="bbox 1685 328 2622 393">
     <span class='ocr_line' id='line_1_2' title="bbox 1685 328 2622 393; baseline -0.004 -2"><span class='ocrx_word' id='word_1_2' title='bbox 1685 337 1744 393; x_wconf 89' lang='lat' dir='ltr'><strong>S.</strong></span> <span class='ocrx_word' id='word_1_3' title='bbox 1784 330 2245 390; x_wconf 73' lang='lat' dir='ltr'><strong>ATBANASIUS.</strong></span> <span class='ocrx_word' id='word_1_4' title='bbox 2286 361 2355 374; x_wconf 89' lang='lat'><strong>--</strong></span> <span class='ocrx_word' id='word_1_5' title='bbox 2398 328 2622 388; x_wconf 75' lang='lat' dir='ltr'><strong>DUBIA.</strong></span> 
     </span>
    </p>
   </div>
   <div class='ocr_carea' id='block_1_3' title="bbox 3677 324 3805 388">
    <p class='ocr_par' dir='ltr' id='par_1_3' title="bbox 3677 324 3805 388">
     <span class='ocr_line' id='line_1_3' title="bbox 3677 324 3805 388; baseline 0.016 -1"><span class='ocrx_word' id='word_1_6' title='bbox 3677 324 3805 388; x_wconf 66' lang='grc' dir='ltr'><strong>17)ιὸ</strong></span> 
     </span>
    </p>
   </div>
   <div class='ocr_carea' id='block_1_4' title="bbox 528 440 2111 522">
    <p class='ocr_par' dir='ltr' id='par_1_4' title="bbox 528 448 2101 522">
     <span class='ocr_line' id='line_1_4' title="bbox 528 448 2101 522; baseline -0.003 -17"><span class='ocrx_word' id='word_1_7' title='bbox 528 449 892 517; x_wconf 74' lang='lat' dir='ltr'><strong>sanctionem,</strong></span> <span class='ocrx_word' id='word_1_8' title='bbox 942 463 1063 520; x_wconf 68' lang='lat' dir='ltr'><strong>quae</strong></span> <span class='ocrx_word' id='word_1_9' title='bbox 1099 455 1181 503; x_wconf 93' lang='lat' dir='ltr'><strong>tot</strong></span> <span class='ocrx_word' id='word_1_10' title='bbox 1213 448 1411 514; x_wconf 83' lang='lat' dir='ltr'><strong>sacris,</strong></span> <span class='ocrx_word' id='word_1_11' title='bbox 1452 465 1573 520; x_wconf 59' lang='lat' dir='ltr'><strong>qua</strong></span> <span class='ocrx_word' id='word_1_12' title='bbox 1611 451 1773 522; x_wconf 83' lang='lat' dir='ltr'><strong>paulo</strong></span> <span class='ocrx_word' id='word_1_13' title='bbox 1797 458 1925 504; x_wconf 81' lang='lat' dir='ltr'><strong>ante</strong></span> <span class='ocrx_word' id='word_1_14' title='bbox 1953 462 2101 502; x_wconf 83' lang='lat' dir='ltr'><strong>com-</strong></span> 
     </span>
    </p>
   </div>
   <div class='ocr_carea' id='block_1_5' title="bbox 2216 440 3801 522">
    <p class='ocr_par' dir='ltr' id='par_1_5' title="bbox 2216 440 3801 516">
     <span class='ocr_line' id='line_1_5' title="bbox 2216 440 3801 516; baseline 0.001 -18"><span class='ocrx_word' id='word_1_15' title='bbox 2216 444 2366 515; x_wconf 78' lang='grc' dir='ltr'>σὰρξ,</span> <span class='ocrx_word' id='word_1_16' title='bbox 2405 463 2425 497; x_wconf 72' lang='grc' dir='ltr'><strong>ι</strong></span> <span class='ocrx_word' id='word_1_17' title='bbox 2475 444 2571 499; x_wconf 79' lang='grc' dir='ltr'>τοῦ</span> <span class='ocrx_word' id='word_1_18' title='bbox 2632 440 2864 516; x_wconf 69' lang='grc' dir='ltr'>Μοριρὴν</span> <span class='ocrx_word' id='word_1_19' title='bbox 2890 443 3079 499; x_wconf 86' lang='grc' dir='ltr'>δούλου</span> <span class='ocrx_word' id='word_1_20' title='bbox 3134 444 3346 500; x_wconf 82' lang='grc' dir='ltr'>λαϐεῖν.</span> <span class='ocrx_word' id='word_1_21' title='bbox 3409 443 3551 501; x_wconf 79' lang='grc' dir='ltr'>Ἀλλ’</span> <span class='ocrx_word' id='word_1_22' title='bbox 3606 444 3801 515; x_wconf 77' lang='grc' dir='ltr'>ἄπαγε,</span> 
     </span>
    </p>
   </div>
   <div class='ocr_carea' id='block_1_6' title="bbox 530 534 2111 613">
    <p class='ocr_par' dir='ltr' id='par_1_6' title="bbox 530 539 2103 610">
     <span class='ocr_line' id='line_1_6' title="bbox 530 539 2103 610; baseline -0.002 -13"><span class='ocrx_word' id='word_1_23' title='bbox 530 550 848 597; x_wconf 69' lang='lat' dir='ltr'><strong>memoratae</strong></span> <span class='ocrx_word' id='word_1_24' title='bbox 900 548 1051 601; x_wconf 90' lang='lat' dir='ltr'><strong>sunt,</strong></span> <span class='ocrx_word' id='word_1_25' title='bbox 1081 541 1329 606; x_wconf 84' lang='lat' dir='ltr'><strong>vocibus,</strong></span> <span class='ocrx_word' id='word_1_26' title='bbox 1358 542 1510 598; x_wconf 83' lang='lat' dir='ltr'><strong>verbi</strong></span> <span class='ocrx_word' id='word_1_27' title='bbox 1550 542 1713 598; x_wconf 88' lang='lat' dir='ltr'><strong>nobis</strong></span> <span class='ocrx_word' id='word_1_28' title='bbox 1747 542 1860 595; x_wconf 98' lang='lat' dir='ltr'><strong>vim</strong></span> <span class='ocrx_word' id='word_1_29' title='bbox 1892 539 2103 610; x_wconf 76' lang='lat' dir='ltr'><strong>liquido</strong></span> 
     </span>
    </p>
   </div>
   <div class='ocr_carea' id='block_1_7' title="bbox 2216 534 3801 613">
    <p class='ocr_par' dir='ltr' id='par_1_7' title="bbox 2216 534 3801 613">
     <span class='ocr_line' id='line_1_7' title="bbox 2216 534 3801 613; baseline 0 -23"><span class='ocrx_word' id='word_1_30' title='bbox 2216 536 2434 590; x_wconf 72' lang='grc' dir='ltr'>δείλαιε·</span> <span class='ocrx_word' id='word_1_31' title='bbox 2458 535 2582 591; x_wconf 76' lang='grc' dir='ltr'>οὕτε</span> <span class='ocrx_word' id='word_1_32' title='bbox 2615 536 2677 590; x_wconf 81' lang='grc' dir='ltr'>τὸ</span> <span class='ocrx_word' id='word_1_33' title='bbox 2712 534 2854 589; x_wconf 87' lang='grc' dir='ltr'>θεῖον</span> <span class='ocrx_word' id='word_1_34' title='bbox 2906 536 3187 608; x_wconf 85' lang='grc' dir='ltr'>τρέπεται,</span> <span class='ocrx_word' id='word_1_35' title='bbox 3221 536 3347 592; x_wconf 75' lang='grc' dir='ltr'>οὔτε</span> <span class='ocrx_word' id='word_1_36' title='bbox 3380 539 3414 610; x_wconf 79' lang='grc' dir='ltr'><strong>ἡ</strong></span> <span class='ocrx_word' id='word_1_37' title='bbox 3450 538 3586 606; x_wconf 88' lang='grc' dir='ltr'>ἀγία</span> <span class='ocrx_word' id='word_1_38' title='bbox 3619 537 3801 613; x_wconf 63' lang='grc' dir='ltr'>Γραφῇ</span> 
     </span>
    </p>
   </div>
   <div class='ocr_carea' id='block_1_8' title="bbox 526 632 2102 703">
    <p class='ocr_par' dir='ltr' id='par_1_8' title="bbox 526 632 2102 703">
     <span class='ocr_line' id='line_1_8' title="bbox 526 632 2102 703; baseline -0.001 -15"><span class='ocrx_word' id='word_1_39' title='bbox 526 633 803 703; x_wconf 76' lang='lat' dir='ltr'><strong>explanat.</strong></span> <span class='ocrx_word' id='word_1_40' title='bbox 828 640 923 686; x_wconf 91' lang='lat' dir='ltr'><strong>aut</strong></span> <span class='ocrx_word' id='word_1_41' title='bbox 967 632 1226 688; x_wconf 76' lang='lat' dir='ltr'><strong>audacter</strong></span> <span class='ocrx_word' id='word_1_42' title='bbox 1267 634 1468 687; x_wconf 88' lang='lat' dir='ltr'><strong>bellum</strong></span> <span class='ocrx_word' id='word_1_43' title='bbox 1508 635 1681 689; x_wconf 85' lang='lat' dir='ltr'><strong>sacris</strong></span> <span class='ocrx_word' id='word_1_44' title='bbox 1703 634 1948 688; x_wconf 73' lang='lat' dir='ltr'><strong>oraculis</strong></span> <span class='ocrx_word' id='word_1_45' title='bbox 1981 647 2102 686; x_wconf 90' lang='lat' dir='ltr'><strong>mo-</strong></span> 
     </span>
    </p>
   </div>
   <div class='ocr_carea' id='block_1_9' title="bbox 532 722 2101 794">
    <p class='ocr_par' dir='ltr' id='par_1_9' title="bbox 532 722 2101 794">
     <span class='ocr_line' id='line_1_9' title="bbox 532 722 2101 794; baseline -0.001 -18"><span class='ocrx_word' id='word_1_46' title='bbox 532 738 683 784; x_wconf 86' lang='lat' dir='ltr'><strong>vere,</strong></span> <span class='ocrx_word' id='word_1_47' title='bbox 742 732 797 778; x_wconf 82' lang='lat' dir='ltr'><strong>et</strong></span> <span class='ocrx_word' id='word_1_48' title='bbox 844 722 1094 793; x_wconf 89' lang='lat' dir='ltr'><strong>dogmata</strong></span> <span class='ocrx_word' id='word_1_49' title='bbox 1144 731 1354 789; x_wconf 87' lang='lat' dir='ltr'><strong>sancta,</strong></span> <span class='ocrx_word' id='word_1_50' title='bbox 1385 732 1446 777; x_wconf 93' lang='lat' dir='ltr'><strong>ut</strong></span> <span class='ocrx_word' id='word_1_51' title='bbox 1476 725 1580 779; x_wconf 83' lang='lat' dir='ltr'><strong>sibi</strong></span> <span class='ocrx_word' id='word_1_52' title='bbox 1634 725 1769 794; x_wconf 85' lang='lat' dir='ltr'><strong>ipsis</strong></span> <span class='ocrx_word' id='word_1_53' title='bbox 1819 723 2101 794; x_wconf 86' lang='lat' dir='ltr'><strong>opposita,</strong></span> 
     </span>
    </p>
   </div>
   <div class='ocr_carea' id='block_1_10' title="bbox 534 812 2101 883">
    <p class='ocr_par' dir='ltr' id='par_1_10' title="bbox 534 812 2101 883">
     <span class='ocr_line' id='line_1_10' title="bbox 534 812 2101 883; baseline -0.003 -14"><span class='ocrx_word' id='word_1_54' title='bbox 534 814 903 869; x_wconf 82' lang='lat' dir='ltr'><strong>condemnare</strong></span> <span class='ocrx_word' id='word_1_55' title='bbox 934 832 948 867; x_wconf 88' lang='lat'><strong>:</strong></span> <span class='ocrx_word' id='word_1_56' title='bbox 982 814 1028 868; x_wconf 91' lang='lat' dir='ltr'><strong>si</strong></span> <span class='ocrx_word' id='word_1_57' title='bbox 1061 812 1224 867; x_wconf 90' lang='lat' dir='ltr'><strong>modo</strong></span> <span class='ocrx_word' id='word_1_58' title='bbox 1255 813 1402 867; x_wconf 91' lang='lat' dir='ltr'><strong>dicta</strong></span> <span class='ocrx_word' id='word_1_59' title='bbox 1435 814 1542 869; x_wconf 90' lang='lat' dir='ltr'><strong>ista</strong></span> <span class='ocrx_word' id='word_1_60' title='bbox 1566 815 1710 869; x_wconf 89' lang='lat' dir='ltr'><strong>inter</strong></span> <span class='ocrx_word' id='word_1_61' title='bbox 1729 828 1789 867; x_wconf 89' lang='lat' dir='ltr'><strong>se</strong></span> <span class='ocrx_word' id='word_1_62' title='bbox 1820 819 2101 883; x_wconf 77' lang='lat' dir='ltr'><strong>pugnant:</strong></span> 
     </span>
    </p>
   </div>
   <div class='ocr_carea' id='block_1_11' title="bbox 537 904 2104 969">
    <p class='ocr_par' dir='ltr' id='par_1_11' title="bbox 537 904 2104 969">
     <span class='ocr_line' id='line_1_11' title="bbox 537 904 2104 969; baseline -0.001 -13"><span class='ocrx_word' id='word_1_63' title='bbox 537 923 560 956; x_wconf 71' lang='grc' dir='ltr'><strong>ι</strong></span> <span class='ocrx_word' id='word_1_64' title='bbox 599 904 741 960; x_wconf 84' lang='lat' dir='ltr'><strong>Caro</strong></span> <span class='ocrx_word' id='word_1_65' title='bbox 766 904 968 959; x_wconf 80' lang='lat' dir='ltr'><strong>factum</strong></span> <span class='ocrx_word' id='word_1_66' title='bbox 1018 912 1123 969; x_wconf 89' lang='lat' dir='ltr'><strong>est,</strong></span> <span class='ocrx_word' id='word_1_67' title='bbox 1185 923 1204 955; x_wconf 75' lang='grc' dir='ltr'><strong>ι</strong></span> <span class='ocrx_word' id='word_1_68' title='bbox 1234 911 1307 968; x_wconf 90' lang='grc' dir='ltr'><strong>ει,</strong></span> <span class='ocrx_word' id='word_1_69' title='bbox 1356 923 1374 956; x_wconf 78' lang='grc' dir='ltr'><strong>ι</strong></span> <span class='ocrx_word' id='word_1_70' title='bbox 1415 904 1666 959; x_wconf 84' lang='lat' dir='ltr'><strong>Formam</strong></span> <span class='ocrx_word' id='word_1_71' title='bbox 1702 904 1845 958; x_wconf 80' lang='lat' dir='ltr'><strong>servi</strong></span> <span class='ocrx_word' id='word_1_72' title='bbox 1887 917 2104 958; x_wconf 86' lang='lat' dir='ltr'><strong>assum-</strong></span> 
     </span>
    </p>
   </div>
   <div class='ocr_carea' id='block_1_12' title="bbox 531 994 2108 1066">
    <p class='ocr_par' dir='ltr' id='par_1_12' title="bbox 531 994 2108 1066">
     <span class='ocr_line' id='line_1_12' title="bbox 531 994 2108 1066; baseline -0.003 -16"><span class='ocrx_word' id='word_1_73' title='bbox 531 996 663 1065; x_wconf 88' lang='lat' dir='ltr'><strong>psit.</strong></span> <span class='ocrx_word' id='word_1_74' title='bbox 686 1016 704 1047; x_wconf 75' lang='grc' dir='ltr'><strong>ι</strong></span> <span class='ocrx_word' id='word_1_75' title='bbox 728 994 831 1050; x_wconf 89' lang='lat' dir='ltr'><strong>Sed</strong></span> <span class='ocrx_word' id='word_1_76' title='bbox 858 1011 1027 1066; x_wconf 88' lang='lat' dir='ltr'><strong>apage</strong></span> <span class='ocrx_word' id='word_1_77' title='bbox 1054 1011 1308 1066; x_wconf 84' lang='lat' dir='ltr'><strong>perverse</strong></span> <span class='ocrx_word' id='word_1_78' title='bbox 1340 997 1523 1051; x_wconf 91' lang='lat' dir='ltr'><strong>homo.</strong></span> <span class='ocrx_word' id='word_1_79' title='bbox 1545 996 1654 1051; x_wconf 83' lang='lat' dir='ltr'><strong>Nec</strong></span> <span class='ocrx_word' id='word_1_80' title='bbox 1691 996 1838 1051; x_wconf 86' lang='lat' dir='ltr'><strong>enim</strong></span> <span class='ocrx_word' id='word_1_81' title='bbox 1864 1002 2108 1049; x_wconf 90' lang='lat' dir='ltr'><strong>mutatur</strong></span> 
     </span>
    </p>
   </div>
   <div class='ocr_carea' id='block_1_13' title="bbox 526 1084 2110 1159">
    <p class='ocr_par' dir='ltr' id='par_1_13' title="bbox 526 1084 2110 1159">
     <span class='ocr_line' id='line_1_13' title="bbox 526 1084 2110 1159; baseline -0.001 -20"><span class='ocrx_word' id='word_1_82' title='bbox 526 1086 813 1147; x_wconf 78' lang='lat' dir='ltr'><strong>divinitas,</strong></span> <span class='ocrx_word' id='word_1_83' title='bbox 841 1103 944 1142; x_wconf 88' lang='lat' dir='ltr'><strong>nec</strong></span> <span class='ocrx_word' id='word_1_84' title='bbox 972 1103 1159 1143; x_wconf 89' lang='lat' dir='ltr'><strong>secum</strong></span> <span class='ocrx_word' id='word_1_85' title='bbox 1218 1096 1423 1159; x_wconf 91' lang='lat' dir='ltr'><strong>pugnat</strong></span> <span class='ocrx_word' id='word_1_86' title='bbox 1452 1086 1733 1158; x_wconf 82' lang='lat' dir='ltr'><strong>Scriptura</strong></span> <span class='ocrx_word' id='word_1_87' title='bbox 1774 1101 1951 1141; x_wconf 89' lang='lat' dir='ltr'><strong>sacra.</strong></span> <span class='ocrx_word' id='word_1_88' title='bbox 1985 1084 2110 1138; x_wconf 63' lang='lat' dir='ltr'><strong>llaec</strong></span> 
     </span>
    </p>
   </div>
   <div class='ocr_carea' id='block_1_14' title="bbox 531 1178 2111 1250">
    <p class='ocr_par' dir='ltr' id='par_1_14' title="bbox 531 1178 2111 1250">
     <span class='ocr_line' id='line_1_14' title="bbox 531 1178 2111 1250; baseline -0.004 -14"><span class='ocrx_word' id='word_1_89' title='bbox 531 1181 680 1236; x_wconf 86' lang='lat' dir='ltr'><strong>enim</strong></span> <span class='ocrx_word' id='word_1_90' title='bbox 736 1179 968 1234; x_wconf 85' lang='lat' dir='ltr'><strong>auditori</strong></span> <span class='ocrx_word' id='word_1_91' title='bbox 1027 1180 1278 1234; x_wconf 84' lang='lat' dir='ltr'><strong>veritatis</strong></span> <span class='ocrx_word' id='word_1_92' title='bbox 1323 1180 1522 1250; x_wconf 90' lang='lat' dir='ltr'><strong>cupido</strong></span> <span class='ocrx_word' id='word_1_93' title='bbox 1551 1180 1899 1248; x_wconf 89' lang='lat' dir='ltr'><strong>semetipsam</strong></span> <span class='ocrx_word' id='word_1_94' title='bbox 1943 1178 2111 1230; x_wconf 87' lang='lat' dir='ltr'><strong>inter-</strong></span> 
     </span>
    </p>
   </div>
   <div class='ocr_carea' id='block_1_15' title="bbox 530 1265 2109 1342">
    <p class='ocr_par' dir='ltr' id='par_1_15' title="bbox 530 1265 2109 1342">
     <span class='ocr_line' id='line_1_15' title="bbox 530 1265 2109 1342; baseline -0.003 -19"><span class='ocrx_word' id='word_1_95' title='bbox 530 1278 785 1342; x_wconf 79' lang='lat' dir='ltr'><strong>pretatur</strong></span> <span class='ocrx_word' id='word_1_96' title='bbox 817 1284 830 1321; x_wconf 90' lang='lat'><strong>:</strong></span> <span class='ocrx_word' id='word_1_97' title='bbox 870 1278 1019 1325; x_wconf 87' lang='lat' dir='ltr'><strong>recte</strong></span> <span class='ocrx_word' id='word_1_98' title='bbox 1062 1270 1290 1340; x_wconf 81' lang='lat' dir='ltr'><strong>intelligi</strong></span> <span class='ocrx_word' id='word_1_99' title='bbox 1333 1269 1490 1324; x_wconf 79' lang='lat' dir='ltr'><strong>facile</strong></span> <span class='ocrx_word' id='word_1_100' title='bbox 1523 1278 1721 1340; x_wconf 88' lang='lat' dir='ltr'><strong>potest.</strong></span> <span class='ocrx_word' id='word_1_101' title='bbox 1755 1268 1969 1337; x_wconf 86' lang='lat' dir='ltr'><strong>sibique</strong></span> <span class='ocrx_word' id='word_1_102' title='bbox 2003 1265 2109 1335; x_wconf 83' lang='lat' dir='ltr'><strong>ipsi</strong></span> 
     </span>
    </p>
   </div>
   <div class='ocr_carea' id='block_1_16' title="bbox 533 1359 2112 1432">
    <p class='ocr_par' dir='ltr' id='par_1_16' title="bbox 533 1359 2112 1432">
     <span class='ocr_line' id='line_1_16' title="bbox 533 1359 2112 1432; baseline -0.003 -15"><span class='ocrx_word' id='word_1_103' title='bbox 533 1361 831 1417; x_wconf 84' lang='lat' dir='ltr'><strong>consentit.</strong></span> <span class='ocrx_word' id='word_1_104' title='bbox 868 1359 1020 1415; x_wconf 84' lang='lat' dir='ltr'><strong>Hanc</strong></span> <span class='ocrx_word' id='word_1_105' title='bbox 1042 1362 1229 1432; x_wconf 89' lang='lat' dir='ltr'><strong>itaque</strong></span> <span class='ocrx_word' id='word_1_106' title='bbox 1256 1362 1399 1431; x_wconf 87' lang='lat' dir='ltr'><strong>piam</strong></span> <span class='ocrx_word' id='word_1_107' title='bbox 1444 1362 1791 1419; x_wconf 83' lang='lat' dir='ltr'><strong>sententiam,</strong></span> <span class='ocrx_word' id='word_1_108' title='bbox 1817 1360 1982 1413; x_wconf 82' lang='lat' dir='ltr'><strong>divini</strong></span> <span class='ocrx_word' id='word_1_109' title='bbox 2010 1374 2112 1413; x_wconf 87' lang='lat' dir='ltr'><strong>no-</strong></span> 
     </span>
    </p>
   </div>
   <div class='ocr_carea' id='block_1_17' title="bbox 530 1451 2106 1514">
    <p class='ocr_par' dir='ltr' id='par_1_17' title="bbox 530 1451 2106 1514">
     <span class='ocr_line' id='line_1_17' title="bbox 530 1451 2106 1514; baseline -0.004 -5"><span class='ocrx_word' id='word_1_110' title='bbox 530 1455 622 1509; x_wconf 68' lang='lat' dir='ltr'><strong>bis</strong></span> <span class='ocrx_word' id='word_1_111' title='bbox 675 1454 800 1509; x_wconf 80' lang='lat' dir='ltr'><strong>libri</strong></span> <span class='ocrx_word' id='word_1_112' title='bbox 850 1454 1218 1509; x_wconf 84' lang='lat' dir='ltr'><strong>tradiderunt.</strong></span> <span class='ocrx_word' id='word_1_113' title='bbox 1250 1452 1366 1508; x_wconf 79' lang='lat' dir='ltr'><strong>Vox</strong></span> <span class='ocrx_word' id='word_1_114' title='bbox 1427 1463 1606 1508; x_wconf 83' lang='lat' dir='ltr'><strong>autem</strong></span> <span class='ocrx_word' id='word_1_115' title='bbox 1645 1472 1662 1503; x_wconf 85' lang='grc' dir='ltr'><strong>ι</strong></span> <span class='ocrx_word' id='word_1_116' title='bbox 1698 1451 1922 1507; x_wconf 84' lang='lat' dir='ltr'><strong>Factqu</strong></span> <span class='ocrx_word' id='word_1_117' title='bbox 1944 1459 2051 1514; x_wconf 80' lang='lat' dir='ltr'><strong>est,</strong></span> <span class='ocrx_word' id='word_1_118' title='bbox 2086 1470 2106 1503; x_wconf 76' lang='grc' dir='ltr'><strong>ι</strong></span> 
     </span>
    </p>
   </div>
   <div class='ocr_carea' id='block_1_18' title="bbox 536 1543 2109 1615">
    <p class='ocr_par' dir='ltr' id='par_1_18' title="bbox 536 1543 2109 1615">
     <span class='ocr_line' id='line_1_18' title="bbox 536 1543 2109 1615; baseline -0.003 -15"><span class='ocrx_word' id='word_1_119' title='bbox 536 1544 661 1600; x_wconf 82' lang='lat' dir='ltr'><strong>ideo</strong></span> <span class='ocrx_word' id='word_1_120' title='bbox 691 1546 890 1615; x_wconf 81' lang='lat' dir='ltr'><strong>scripta</strong></span> <span class='ocrx_word' id='word_1_121' title='bbox 913 1552 1032 1607; x_wconf 91' lang='lat' dir='ltr'><strong>est,</strong></span> <span class='ocrx_word' id='word_1_122' title='bbox 1065 1561 1175 1599; x_wconf 89' lang='lat' dir='ltr'><strong>non</strong></span> <span class='ocrx_word' id='word_1_123' title='bbox 1208 1556 1267 1599; x_wconf 89' lang='lat' dir='ltr'><strong>ut</strong></span> <span class='ocrx_word' id='word_1_124' title='bbox 1290 1543 1454 1600; x_wconf 89' lang='lat' dir='ltr'><strong>Verbi</strong></span> <span class='ocrx_word' id='word_1_125' title='bbox 1490 1545 1659 1599; x_wconf 90' lang='lat' dir='ltr'><strong>divini</strong></span> <span class='ocrx_word' id='word_1_126' title='bbox 1695 1543 2109 1599; x_wconf 88' lang='lat' dir='ltr'><strong>conversionem</strong></span> 
     </span>
    </p>
   </div>
   <div class='ocr_carea' id='block_1_19' title="bbox 535 1636 2113 1706">
    <p class='ocr_par' dir='ltr' id='par_1_19' title="bbox 535 1636 2113 1706">
     <span class='ocr_line' id='line_1_19' title="bbox 535 1636 2113 1706; baseline -0.003 -15"><span class='ocrx_word' id='word_1_127' title='bbox 535 1638 929 1706; x_wconf 78' lang='lat' dir='ltr'><strong>cogitaremus,</strong></span> <span class='ocrx_word' id='word_1_128' title='bbox 993 1636 1088 1691; x_wconf 89' lang='lat' dir='ltr'><strong>sed</strong></span> <span class='ocrx_word' id='word_1_129' title='bbox 1120 1644 1177 1689; x_wconf 88' lang='lat' dir='ltr'><strong>ut</strong></span> <span class='ocrx_word' id='word_1_130' title='bbox 1212 1651 1479 1691; x_wconf 88' lang='lat' dir='ltr'><strong>summam</strong></span> <span class='ocrx_word' id='word_1_131' title='bbox 1504 1637 1583 1691; x_wconf 90' lang='lat' dir='ltr'><strong>sic</strong></span> <span class='ocrx_word' id='word_1_132' title='bbox 1617 1636 1872 1690; x_wconf 89' lang='lat' dir='ltr'><strong>unionem</strong></span> <span class='ocrx_word' id='word_1_133' title='bbox 1912 1649 2113 1703; x_wconf 80' lang='lat' dir='ltr'><strong>cogno-</strong></span> 
     </span>
    </p>
   </div>
   <div class='ocr_carea' id='block_1_20' title="bbox 536 1727 2109 1799">
    <p class='ocr_par' dir='ltr' id='par_1_20' title="bbox 536 1727 2109 1799">
     <span class='ocr_line' id='line_1_20' title="bbox 536 1727 2109 1799; baseline -0.004 -14"><span class='ocrx_word' id='word_1_134' title='bbox 536 1745 820 1796; x_wconf 80' lang='lat' dir='ltr'><strong>sceremus</strong></span> <span class='ocrx_word' id='word_1_135' title='bbox 843 1770 858 1793; x_wconf 93' lang='lat'><strong>,</strong></span> <span class='ocrx_word' id='word_1_136' title='bbox 886 1729 1324 1799; x_wconf 83' lang='lat' dir='ltr'><strong>quandoquidem</strong></span> <span class='ocrx_word' id='word_1_137' title='bbox 1355 1736 1409 1783; x_wconf 91' lang='lat' dir='ltr'><strong>et</strong></span> <span class='ocrx_word' id='word_1_138' title='bbox 1438 1735 1720 1799; x_wconf 77' lang='lat' dir='ltr'><strong>peccatum</strong></span> <span class='ocrx_word' id='word_1_139' title='bbox 1750 1744 1857 1782; x_wconf 90' lang='lat' dir='ltr'><strong>non</strong></span> <span class='ocrx_word' id='word_1_140' title='bbox 1891 1727 2109 1796; x_wconf 87' lang='lat' dir='ltr'><strong>quidem</strong></span> 
     </span>
    </p>
   </div>
   <div class='ocr_carea' id='block_1_21' title="bbox 2210 626 3800 703">
    <p class='ocr_par' dir='ltr' id='par_1_21' title="bbox 2210 626 3800 703">
     <span class='ocr_line' id='line_1_21' title="bbox 2210 626 3800 703; baseline 0.003 -23"><span class='ocrx_word' id='word_1_141' title='bbox 2210 628 2347 699; x_wconf 83' lang='grc' dir='ltr'>πρὸς</span> <span class='ocrx_word' id='word_1_142' title='bbox 2370 627 2565 698; x_wconf 79' lang='grc' dir='ltr'>ἑαυτὴν</span> <span class='ocrx_word' id='word_1_143' title='bbox 2591 626 2935 698; x_wconf 86' lang='grc' dir='ltr'>διαμάχεται,</span> <span class='ocrx_word' id='word_1_144' title='bbox 2956 630 3476 702; x_wconf 73' lang='grc' dir='ltr'>ἑρμηνεύουσατοῖς</span> <span class='ocrx_word' id='word_1_145' title='bbox 3497 631 3800 703; x_wconf 77' lang='grc' dir='ltr'>φιλαλήθως</span> 
     </span>
    </p>
   </div>
   <div class='ocr_carea' id='block_1_22' title="bbox 2210 718 3797 794">
    <p class='ocr_par' dir='ltr' id='par_1_22' title="bbox 2210 718 3797 794">
     <span class='ocr_line' id='line_1_22' title="bbox 2210 718 3797 794; baseline 0.003 -21"><span class='ocrx_word' id='word_1_146' title='bbox 2210 718 2498 773; x_wconf 87' lang='grc' dir='ltr'>ἀκούουσιν</span> <span class='ocrx_word' id='word_1_147' title='bbox 2523 735 2538 750; x_wconf 75' lang='grc' dir='ltr'><strong><em>ο</em></strong></span> <span class='ocrx_word' id='word_1_148' title='bbox 2579 718 2982 791; x_wconf 80' lang='grc' dir='ltr'>εὐπαράδεκτός</span> <span class='ocrx_word' id='word_1_149' title='bbox 3032 722 3180 776; x_wconf 72' lang='grc' dir='ltr'>ἐστιν</span> <span class='ocrx_word' id='word_1_150' title='bbox 3209 721 3308 793; x_wconf 84' lang='grc' dir='ltr'>ὅλη</span> <span class='ocrx_word' id='word_1_151' title='bbox 3352 723 3449 776; x_wconf 80' lang='grc' dir='ltr'>καὶ</span> <span class='ocrx_word' id='word_1_152' title='bbox 3494 722 3797 794; x_wconf 76' lang='grc' dir='ltr'>σύμφωνος.</span> 
     </span>
    </p>
   </div>
   <div class='ocr_carea' id='block_1_23' title="bbox 2212 804 3798 884">
    <p class='ocr_par' dir='ltr' id='par_1_23' title="bbox 2212 804 3798 884">
     <span class='ocr_line' id='line_1_23' title="bbox 2212 804 3798 884; baseline 0.003 -22"><span class='ocrx_word' id='word_1_153' title='bbox 2212 809 2323 879; x_wconf 85' lang='grc' dir='ltr'><strong>Τὴν</strong></span> <span class='ocrx_word' id='word_1_154' title='bbox 2358 809 2458 880; x_wconf 82' lang='grc' dir='ltr'>μὲν</span> <span class='ocrx_word' id='word_1_155' title='bbox 2507 804 2601 863; x_wconf 83' lang='grc' dir='ltr'><strong>οὖν</strong></span> <span class='ocrx_word' id='word_1_156' title='bbox 2633 809 2831 881; x_wconf 77' lang='grc' dir='ltr'>εὐσεϐῆ</span> <span class='ocrx_word' id='word_1_157' title='bbox 2876 809 3113 864; x_wconf 85' lang='grc' dir='ltr'>διάνοιαν</span> <span class='ocrx_word' id='word_1_158' title='bbox 3134 812 3342 884; x_wconf 85' lang='grc' dir='ltr'>ταύτην</span> <span class='ocrx_word' id='word_1_159' title='bbox 3368 816 3506 884; x_wconf 80' lang='grc' dir='ltr'>ἡμῖν</span> <span class='ocrx_word' id='word_1_160' title='bbox 3552 814 3613 866; x_wconf 79' lang='lat' dir='ltr'><strong>ai.</strong></span> <span class='ocrx_word' id='word_1_161' title='bbox 3670 812 3798 867; x_wconf 89' lang='grc' dir='ltr'>θεῖαι</span> 
     </span>
    </p>
   </div>
   <div class='ocr_carea' id='block_1_24' title="bbox 2211 899 3794 977">
    <p class='ocr_par' dir='ltr' id='par_1_24' title="bbox 2211 899 3794 977">
     <span class='ocr_line' id='line_1_24' title="bbox 2211 899 3794 977; baseline 0.003 -24"><span class='ocrx_word' id='word_1_162' title='bbox 2211 899 2398 953; x_wconf 88' lang='grc' dir='ltr'>Βίϐλοι</span> <span class='ocrx_word' id='word_1_163' title='bbox 2430 899 2783 971; x_wconf 80' lang='grc' dir='ltr'><strong>παραδιδόασι</strong></span> <span class='ocrx_word' id='word_1_164' title='bbox 2804 916 2817 929; x_wconf 81' lang='lat'><strong><em>°</em></strong></span> <span class='ocrx_word' id='word_1_165' title='bbox 2850 901 2912 954; x_wconf 81' lang='grc' dir='ltr'>τὸ</span> <span class='ocrx_word' id='word_1_166' title='bbox 2934 900 3011 967; x_wconf 83' lang='grc' dir='ltr'>δὲ,</span> <span class='ocrx_word' id='word_1_167' title='bbox 3042 920 3063 953; x_wconf 81' lang='grc' dir='ltr'><strong>ι</strong></span> <span class='ocrx_word' id='word_1_168' title='bbox 3108 901 3378 972; x_wconf 81' lang='grc' dir='ltr'><strong>Ἐγένετο,</strong></span> <span class='ocrx_word' id='word_1_169' title='bbox 3417 923 3436 955; x_wconf 73' lang='grc' dir='ltr'><strong>ι</strong></span> <span class='ocrx_word' id='word_1_170' title='bbox 3468 905 3794 977; x_wconf 81' lang='grc' dir='ltr'>γέγραπται,</span> 
     </span>
    </p>
   </div>
   <div class='ocr_carea' id='block_1_25' title="bbox 2210 990 3796 1066">
    <p class='ocr_par' dir='ltr' id='par_1_25' title="bbox 2210 990 3796 1066">
     <span class='ocr_line' id='line_1_25' title="bbox 2210 990 3796 1066; baseline 0.004 -22"><span class='ocrx_word' id='word_1_171' title='bbox 2210 992 2311 1062; x_wconf 84' lang='grc' dir='ltr'><strong>οὐχ</strong></span> <span class='ocrx_word' id='word_1_172' title='bbox 2344 991 2431 1045; x_wconf 84' lang='grc' dir='ltr'><strong>ἵνα</strong></span> <span class='ocrx_word' id='word_1_173' title='bbox 2458 991 2553 1044; x_wconf 81' lang='grc' dir='ltr'>τοῦ</span> <span class='ocrx_word' id='word_1_174' title='bbox 2583 990 2719 1045; x_wconf 78' lang='grc' dir='ltr'>Θεοῦ</span> <span class='ocrx_word' id='word_1_175' title='bbox 2778 992 2952 1061; x_wconf 85' lang='grc' dir='ltr'>Λόγου</span> <span class='ocrx_word' id='word_1_176' title='bbox 3000 992 3210 1065; x_wconf 81' lang='grc' dir='ltr'>τροπὴν</span> <span class='ocrx_word' id='word_1_177' title='bbox 3262 995 3639 1066; x_wconf 74' lang='grc' dir='ltr'>ἐννοήσωμεν,</span> <span class='ocrx_word' id='word_1_178' title='bbox 3688 996 3796 1050; x_wconf 85' lang='grc' dir='ltr'>ἀλλ’</span> 
     </span>
    </p>
   </div>
   <div class='ocr_carea' id='block_1_26' title="bbox 2215 1081 3797 1157">
    <p class='ocr_par' dir='ltr' id='par_1_26' title="bbox 2215 1081 3797 1157">
     <span class='ocr_line' id='line_1_26' title="bbox 2215 1081 3797 1157; baseline 0.006 -23"><span class='ocrx_word' id='word_1_179' title='bbox 2215 1081 2302 1137; x_wconf 79' lang='grc' dir='ltr'>ἴνα</span> <span class='ocrx_word' id='word_1_180' title='bbox 2333 1082 2431 1153; x_wconf 81' lang='grc' dir='ltr'><strong>τὴν</strong></span> <span class='ocrx_word' id='word_1_181' title='bbox 2485 1083 2662 1152; x_wconf 78' lang='grc' dir='ltr'>ἄκραν</span> <span class='ocrx_word' id='word_1_182' title='bbox 2715 1083 2908 1136; x_wconf 74' lang='grc' dir='ltr'>ἕνωσιν</span> <span class='ocrx_word' id='word_1_183' title='bbox 2963 1082 3107 1137; x_wconf 74' lang='grc' dir='ltr'>οὕτω</span> <span class='ocrx_word' id='word_1_184' title='bbox 3165 1087 3639 1157; x_wconf 77' lang='grc' dir='ltr'>κατανοήσωμενο</span> <span class='ocrx_word' id='word_1_185' title='bbox 3689 1089 3797 1143; x_wconf 71' lang='grc' dir='ltr'>ἐπεὶ</span> 
     </span>
    </p>
   </div>
   <div class='ocr_carea' id='block_1_27' title="bbox 2214 1173 3789 1250">
    <p class='ocr_par' dir='ltr' id='par_1_27' title="bbox 2214 1173 3789 1250">
     <span class='ocr_line' id='line_1_27' title="bbox 2214 1173 3789 1250; baseline 0.003 -20"><span class='ocrx_word' id='word_1_186' title='bbox 2214 1175 2489 1246; x_wconf 81' lang='grc' dir='ltr'><strong>ἁμαρτίαν</strong></span> <span class='ocrx_word' id='word_1_187' title='bbox 2516 1176 2578 1228; x_wconf 83' lang='grc' dir='ltr'><strong>οὐ</strong></span> <span class='ocrx_word' id='word_1_188' title='bbox 2608 1173 2823 1244; x_wconf 82' lang='grc' dir='ltr'>λέγεται</span> <span class='ocrx_word' id='word_1_189' title='bbox 2856 1175 3237 1247; x_wconf 81' lang='grc' dir='ltr'><strong>πεποιηκέναι,</strong></span> <span class='ocrx_word' id='word_1_190' title='bbox 3274 1177 3411 1231; x_wconf 86' lang='grc' dir='ltr'><strong>ἀλλά</strong></span> <span class='ocrx_word' id='word_1_191' title='bbox 3446 1179 3789 1250; x_wconf 81' lang='grc' dir='ltr'>πεποιῆσθαι·</span> 
     </span>
    </p>
   </div>
   <div class='ocr_carea' id='block_1_28' title="bbox 2219 1266 3795 1344">
    <p class='ocr_par' dir='ltr' id='par_1_28' title="bbox 2219 1266 3795 1344">
     <span class='ocr_line' id='line_1_28' title="bbox 2219 1266 3795 1344; baseline 0.005 -26"><span class='ocrx_word' id='word_1_192' title='bbox 2219 1284 2241 1317; x_wconf 78' lang='grc' dir='ltr'><strong>ι</strong></span> <span class='ocrx_word' id='word_1_193' title='bbox 2268 1267 2372 1319; x_wconf 82' lang='grc' dir='ltr'><strong>Τὸν</strong></span> <span class='ocrx_word' id='word_1_194' title='bbox 2402 1266 2511 1339; x_wconf 81' lang='grc' dir='ltr'>γὰρ</span> <span class='ocrx_word' id='word_1_195' title='bbox 2570 1268 2644 1339; x_wconf 81' lang='grc' dir='ltr'>μὴ</span> <span class='ocrx_word' id='word_1_196' title='bbox 2698 1267 2927 1336; x_wconf 90' lang='grc' dir='ltr'>γνόντα,</span> <span class='ocrx_word' id='word_1_197' title='bbox 2960 1286 2979 1320; x_wconf 74' lang='grc' dir='ltr'><strong>ι</strong></span> <span class='ocrx_word' id='word_1_198' title='bbox 3016 1268 3202 1341; x_wconf 71' lang='grc' dir='ltr'>φησιν,</span> <span class='ocrx_word' id='word_1_199' title='bbox 3260 1288 3280 1321; x_wconf 78' lang='grc' dir='ltr'><strong>ι</strong></span> <span class='ocrx_word' id='word_1_200' title='bbox 3316 1270 3624 1342; x_wconf 79' lang='grc' dir='ltr'>ἁμαρτίαν,</span> <span class='ocrx_word' id='word_1_201' title='bbox 3669 1272 3795 1344; x_wconf 77' lang='grc' dir='ltr'>ὑπὲρ</span> 
     </span>
    </p>
   </div>
   <div class='ocr_carea' id='block_1_29' title="bbox 2214 1358 3794 1436">
    <p class='ocr_par' dir='ltr' id='par_1_29' title="bbox 2214 1358 3794 1436">
     <span class='ocr_line' id='line_1_29' title="bbox 2214 1358 3794 1436; baseline 0.005 -26"><span class='ocrx_word' id='word_1_202' title='bbox 2214 1358 2372 1429; x_wconf 81' lang='grc' dir='ltr'>ἡμῶν</span> <span class='ocrx_word' id='word_1_203' title='bbox 2419 1359 2689 1431; x_wconf 77' lang='grc' dir='ltr'>ἁμαρτίαν</span> <span class='ocrx_word' id='word_1_204' title='bbox 2729 1359 3040 1429; x_wconf 82' lang='grc' dir='ltr'>ὲποίησεν,,</span> <span class='ocrx_word' id='word_1_205' title='bbox 3062 1379 3081 1412; x_wconf 73' lang='grc' dir='ltr'><strong>ι</strong></span> <span class='ocrx_word' id='word_1_206' title='bbox 3113 1363 3174 1415; x_wconf 84' lang='grc' dir='ltr'><strong>οὐ</strong></span> <span class='ocrx_word' id='word_1_207' title='bbox 3230 1361 3311 1433; x_wconf 81' lang='grc' dir='ltr'>τῷ</span> <span class='ocrx_word' id='word_1_208' title='bbox 3370 1363 3794 1436; x_wconf 64' lang='grc' dir='ltr'>μεταποιηθῖνιαι</span> 
     </span>
    </p>
   </div>
   <div class='ocr_carea' id='block_1_30' title="bbox 2215 1450 3794 1527">
    <p class='ocr_par' dir='ltr' id='par_1_30' title="bbox 2215 1450 3794 1527">
     <span class='ocr_line' id='line_1_30' title="bbox 2215 1450 3794 1527; baseline 0.003 -24"><span class='ocrx_word' id='word_1_209' title='bbox 2215 1452 2305 1503; x_wconf 82' lang='grc' dir='ltr'><strong>τὸν</strong></span> <span class='ocrx_word' id='word_1_210' title='bbox 2352 1450 2522 1517; x_wconf 80' lang='grc' dir='ltr'>Λόγον</span> <span class='ocrx_word' id='word_1_211' title='bbox 2562 1453 2642 1515; x_wconf 89' lang='grc' dir='ltr'><strong>είς</strong></span> <span class='ocrx_word' id='word_1_212' title='bbox 2694 1450 2967 1523; x_wconf 84' lang='grc' dir='ltr'>ἁμαρτίας</span> <span class='ocrx_word' id='word_1_213' title='bbox 3024 1452 3329 1524; x_wconf 77' lang='grc' dir='ltr'><strong>ἐνέργημα,</strong></span> <span class='ocrx_word' id='word_1_214' title='bbox 3374 1454 3407 1526; x_wconf 70' lang='grc' dir='ltr'>ἢ</span> <span class='ocrx_word' id='word_1_215' title='bbox 3448 1456 3794 1527; x_wconf 81' lang='grc' dir='ltr'><strong>πεποιηκέναι</strong></span> 
     </span>
    </p>
   </div>
   <div class='ocr_carea' id='block_1_31' title="bbox 2217 1541 3794 1617">
    <p class='ocr_par' dir='ltr' id='par_1_31' title="bbox 2217 1541 3794 1617">
     <span class='ocr_line' id='line_1_31' title="bbox 2217 1541 3794 1617; baseline 0.001 -21"><span class='ocrx_word' id='word_1_216' title='bbox 2217 1543 2490 1614; x_wconf 74' lang='grc' dir='ltr'>ἁμαρτίαν</span> <span class='ocrx_word' id='word_1_217' title='bbox 2514 1561 2528 1574; x_wconf 75' lang='grc' dir='ltr'><strong><em>ο</em></strong></span> <span class='ocrx_word' id='word_1_218' title='bbox 2575 1542 2710 1597; x_wconf 89' lang='grc' dir='ltr'><strong>ἀλλά</strong></span> <span class='ocrx_word' id='word_1_219' title='bbox 2736 1542 2812 1612; x_wconf 81' lang='grc' dir='ltr'>τῷ</span> <span class='ocrx_word' id='word_1_220' title='bbox 2844 1541 3031 1596; x_wconf 88' lang='grc' dir='ltr'>λαϐεῖν</span> <span class='ocrx_word' id='word_1_221' title='bbox 3059 1544 3159 1614; x_wconf 76' lang='grc' dir='ltr'><strong>τὴν</strong></span> <span class='ocrx_word' id='word_1_222' title='bbox 3198 1544 3481 1616; x_wconf 79' lang='grc' dir='ltr'>ἡμετέραν</span> <span class='ocrx_word' id='word_1_223' title='bbox 3509 1546 3794 1617; x_wconf 79' lang='grc' dir='ltr'>ἁμαρτίαν,</span> 
     </span>
    </p>
   </div>
   <div class='ocr_carea' id='block_1_32' title="bbox 2217 1636 3796 1709">
    <p class='ocr_par' dir='ltr' id='par_1_32' title="bbox 2217 1636 3796 1709">
     <span class='ocr_line' id='line_1_32' title="bbox 2217 1636 3796 1709; baseline -0.002 -16"><span class='ocrx_word' id='word_1_224' title='bbox 2217 1642 2312 1695; x_wconf 76' lang='grc' dir='ltr'><strong>καὶ</strong></span> <span class='ocrx_word' id='word_1_225' title='bbox 2354 1637 2613 1707; x_wconf 77' lang='grc' dir='ltr'>ἀφανίσαι</span> <span class='ocrx_word' id='word_1_226' title='bbox 2658 1638 2851 1708; x_wconf 80' lang='grc' dir='ltr'>αὐτὴν,</span> <span class='ocrx_word' id='word_1_227' title='bbox 2880 1636 3022 1690; x_wconf 89' lang='grc' dir='ltr'><strong>κατά</strong></span> <span class='ocrx_word' id='word_1_228' title='bbox 3041 1636 3103 1690; x_wconf 82' lang='grc' dir='ltr'><strong>τὸ</strong></span> <span class='ocrx_word' id='word_1_229' title='bbox 3126 1638 3519 1709; x_wconf 82' lang='grc' dir='ltr'>γεγραμμένον</span> <span class='ocrx_word' id='word_1_230' title='bbox 3544 1656 3560 1669; x_wconf 89' lang='grc'><strong>·</strong></span> <span class='ocrx_word' id='word_1_231' title='bbox 3591 1657 3612 1690; x_wconf 79' lang='grc' dir='ltr'><strong>ι</strong></span> <span class='ocrx_word' id='word_1_232' title='bbox 3640 1639 3796 1702; x_wconf 71' lang='grc' dir='ltr'>Αὐτὸς</span> 
     </span>
    </p>
   </div>
   <div class='ocr_carea' id='block_1_33' title="bbox 2216 1726 3797 1811">
    <p class='ocr_par' dir='ltr' id='par_1_33' title="bbox 2216 1726 3797 1811">
     <span class='ocr_line' id='line_1_33' title="bbox 2216 1726 3797 1811; baseline 0 -25"><span class='ocrx_word' id='word_1_233' title='bbox 2216 1732 2317 1794; x_wconf 82' lang='grc' dir='ltr'>τὰς</span> <span class='ocrx_word' id='word_1_234' title='bbox 2362 1729 2636 1801; x_wconf 82' lang='grc' dir='ltr'>ἁμαρτίας</span> <span class='ocrx_word' id='word_1_235' title='bbox 2684 1728 2842 1800; x_wconf 82' lang='grc' dir='ltr'>ἡμῶν</span> <span class='ocrx_word' id='word_1_236' title='bbox 2888 1728 3057 1800; x_wconf 78' lang='grc' dir='ltr'>αἴρει.</span> <span class='ocrx_word' id='word_1_237' title='bbox 3104 1730 3374 1811; x_wconf 37' lang='grc' dir='ltr'>[Ὥσπερ</span> <span class='ocrx_word' id='word_1_238' title='bbox 3434 1726 3532 1785; x_wconf 80' lang='grc' dir='ltr'><strong>οὖν</strong></span> <span class='ocrx_word' id='word_1_239' title='bbox 3568 1730 3797 1803; x_wconf 75' lang='grc' dir='ltr'>ἁμαρτία</span> 
     </span>
    </p>
   </div>
   <div class='ocr_carea' id='block_1_34' title="bbox 540 1819 2111 1895">
    <p class='ocr_par' dir='ltr' id='par_1_34' title="bbox 540 1819 2111 1892">
     <span class='ocr_line' id='line_1_34' title="bbox 540 1819 2111 1892; baseline -0.001 -16"><span class='ocrx_word' id='word_1_240' title='bbox 540 1820 760 1883; x_wconf 78' lang='lat' dir='ltr'><strong>fecisse,</strong></span> <span class='ocrx_word' id='word_1_241' title='bbox 790 1820 885 1875; x_wconf 86' lang='lat' dir='ltr'><strong>sed</strong></span> <span class='ocrx_word' id='word_1_242' title='bbox 912 1820 1093 1876; x_wconf 72' lang='lat' dir='ltr'><strong>lactus</strong></span> <span class='ocrx_word' id='word_1_243' title='bbox 1122 1820 1290 1876; x_wconf 77' lang='lat' dir='ltr'><strong>fuisse</strong></span> <span class='ocrx_word' id='word_1_244' title='bbox 1318 1821 1561 1875; x_wconf 89' lang='lat' dir='ltr'><strong>dicitur:</strong></span> <span class='ocrx_word' id='word_1_245' title='bbox 1596 1840 1615 1871; x_wconf 80' lang='grc' dir='ltr'><strong>ι</strong></span> <span class='ocrx_word' id='word_1_246' title='bbox 1653 1819 1788 1877; x_wconf 89' lang='lat' dir='ltr'><strong>Eum</strong></span> <span class='ocrx_word' id='word_1_247' title='bbox 1820 1824 1987 1890; x_wconf 89' lang='lat' dir='ltr'><strong>enim,</strong></span> <span class='ocrx_word' id='word_1_248' title='bbox 2019 1822 2111 1892; x_wconf 91' lang='lat' dir='ltr'><strong>qui</strong></span> 
     </span>
    </p>
   </div>
   <div class='ocr_carea' id='block_1_35' title="bbox 2216 1819 3790 1895">
    <p class='ocr_par' dir='ltr' id='par_1_35' title="bbox 2219 1820 3790 1895">
     <span class='ocr_line' id='line_1_35' title="bbox 2219 1820 3790 1895; baseline 0 -19"><span class='ocrx_word' id='word_1_249' title='bbox 2219 1823 2509 1893; x_wconf 80' lang='grc' dir='ltr'>πεποίηται</span> <span class='ocrx_word' id='word_1_250' title='bbox 2536 1820 2629 1874; x_wconf 73' lang='grc' dir='ltr'><strong>καὶ</strong></span> <span class='ocrx_word' id='word_1_251' title='bbox 2656 1820 2871 1892; x_wconf 84' lang='grc' dir='ltr'>κατάρα</span> <span class='ocrx_word' id='word_1_252' title='bbox 2900 1820 3219 1889; x_wconf 86' lang='grc' dir='ltr'>γέγονεν,ού</span> <span class='ocrx_word' id='word_1_253' title='bbox 3247 1820 3327 1893; x_wconf 80' lang='grc' dir='ltr'>τῷ</span> <span class='ocrx_word' id='word_1_254' title='bbox 3351 1826 3790 1895; x_wconf 80' lang='grc' dir='ltr'>μετατραπῆναι·</span> 
     </span>
    </p>
   </div>
   <div class='ocr_carea' id='block_1_36' title="bbox 539 1910 2113 1983">
    <p class='ocr_par' dir='ltr' id='par_1_36' title="bbox 539 1910 2113 1983">
     <span class='ocr_line' id='line_1_36' title="bbox 539 1910 2113 1983; baseline 0.001 -17"><span class='ocrx_word' id='word_1_255' title='bbox 539 1927 651 1966; x_wconf 85' lang='lat' dir='ltr'><strong>non</strong></span> <span class='ocrx_word' id='word_1_256' title='bbox 709 1913 860 1965; x_wconf 88' lang='lat' dir='ltr'><strong>novit</strong></span> <span class='ocrx_word' id='word_1_257' title='bbox 898 1922 1201 1982; x_wconf 88' lang='lat' dir='ltr'><strong>peccatum,</strong></span> <span class='ocrx_word' id='word_1_258' title='bbox 1241 1930 1261 1963; x_wconf 74' lang='grc' dir='ltr'><strong>ι</strong></span> <span class='ocrx_word' id='word_1_259' title='bbox 1300 1912 1375 1963; x_wconf 86' lang='lat' dir='ltr'><strong>ait</strong></span> <span class='ocrx_word' id='word_1_260' title='bbox 1409 1910 1719 1981; x_wconf 65' lang='lat' dir='ltr'><strong>Scriptura,</strong></span> <span class='ocrx_word' id='word_1_261' title='bbox 1751 1931 1770 1963; x_wconf 82' lang='grc' dir='ltr'><strong>ι</strong></span> <span class='ocrx_word' id='word_1_262' title='bbox 1813 1928 1912 1983; x_wconf 88' lang='lat' dir='ltr'><strong>pro</strong></span> <span class='ocrx_word' id='word_1_263' title='bbox 1956 1912 2113 1967; x_wconf 84' lang='lat' dir='ltr'><strong>nobis</strong></span> 
     </span>
    </p>
   </div>
   <div class='ocr_carea' id='block_1_37' title="bbox 540 2001 2115 2072">
    <p class='ocr_par' dir='ltr' id='par_1_37' title="bbox 540 2001 2115 2072">
     <span class='ocr_line' id='line_1_37' title="bbox 540 2001 2115 2072; baseline 0.001 -16"><span class='ocrx_word' id='word_1_264' title='bbox 540 2009 822 2072; x_wconf 86' lang='lat' dir='ltr'><strong>peccatum</strong></span> <span class='ocrx_word' id='word_1_265' title='bbox 861 2001 988 2056; x_wconf 82' lang='lat' dir='ltr'><strong>fecit</strong></span> <span class='ocrx_word' id='word_1_266' title='bbox 1016 2003 1095 2067; x_wconf 82' lang='lat'><strong>&quot;;</strong></span> <span class='ocrx_word' id='word_1_267' title='bbox 1137 2021 1155 2054; x_wconf 76' lang='grc' dir='ltr'><strong>ι</strong></span> <span class='ocrx_word' id='word_1_268' title='bbox 1194 2016 1301 2055; x_wconf 92' lang='lat' dir='ltr'><strong>non</strong></span> <span class='ocrx_word' id='word_1_269' title='bbox 1326 2002 1471 2072; x_wconf 84' lang='lat' dir='ltr'><strong>quod</strong></span> <span class='ocrx_word' id='word_1_270' title='bbox 1511 2001 1747 2056; x_wconf 85' lang='lat' dir='ltr'><strong>Verbum</strong></span> <span class='ocrx_word' id='word_1_271' title='bbox 1779 2006 1862 2057; x_wconf 79' lang='lat' dir='ltr'><strong>vel</strong></span> <span class='ocrx_word' id='word_1_272' title='bbox 1895 2002 1949 2055; x_wconf 92' lang='lat' dir='ltr'><strong>in</strong></span> <span class='ocrx_word' id='word_1_273' title='bbox 1985 2017 2115 2072; x_wconf 89' lang='lat' dir='ltr'><strong>pec-</strong></span> 
     </span>
    </p>
   </div>
   <div class='ocr_carea' id='block_1_38' title="bbox 536 2091 2113 2167">
    <p class='ocr_par' dir='ltr' id='par_1_38' title="bbox 536 2091 2113 2167">
     <span class='ocr_line' id='line_1_38' title="bbox 536 2091 2113 2167; baseline -0.001 -19"><span class='ocrx_word' id='word_1_274' title='bbox 536 2094 646 2148; x_wconf 87' lang='lat' dir='ltr'><strong>cati</strong></span> <span class='ocrx_word' id='word_1_275' title='bbox 695 2093 1065 2167; x_wconf 84' lang='lat' dir='ltr'><strong>operationem</strong></span> <span class='ocrx_word' id='word_1_276' title='bbox 1112 2091 1277 2147; x_wconf 82' lang='lat' dir='ltr'><strong>fuerit</strong></span> <span class='ocrx_word' id='word_1_277' title='bbox 1325 2106 1675 2157; x_wconf 81' lang='lat' dir='ltr'><strong>conversum,</strong></span> <span class='ocrx_word' id='word_1_278' title='bbox 1700 2093 1787 2147; x_wconf 88' lang='lat' dir='ltr'><strong>vel</strong></span> <span class='ocrx_word' id='word_1_279' title='bbox 1830 2101 2113 2163; x_wconf 80' lang='lat' dir='ltr'><strong>peccatum</strong></span> 
     </span>
    </p>
   </div>
   <div class='ocr_carea' id='block_1_39' title="bbox 539 2184 2114 2255">
    <p class='ocr_par' dir='ltr' id='par_1_39' title="bbox 539 2184 2114 2255">
     <span class='ocr_line' id='line_1_39' title="bbox 539 2184 2114 2255; baseline -0.003 -14"><span class='ocrx_word' id='word_1_280' title='bbox 539 2184 765 2250; x_wconf 76' lang='lat' dir='ltr'><strong>fecerit,</strong></span> <span class='ocrx_word' id='word_1_281' title='bbox 798 2185 890 2239; x_wconf 89' lang='lat' dir='ltr'><strong>sed</strong></span> <span class='ocrx_word' id='word_1_282' title='bbox 924 2185 1070 2255; x_wconf 90' lang='lat' dir='ltr'><strong>quod</strong></span> <span class='ocrx_word' id='word_1_283' title='bbox 1098 2195 1283 2238; x_wconf 73' lang='lat' dir='ltr'><strong>nOs-tra</strong></span> <span class='ocrx_word' id='word_1_284' title='bbox 1307 2192 1527 2254; x_wconf 83' lang='lat' dir='ltr'><strong>peccata</strong></span> <span class='ocrx_word' id='word_1_285' title='bbox 1545 2184 1860 2255; x_wconf 84' lang='lat' dir='ltr'><strong>sumpserit,</strong></span> <span class='ocrx_word' id='word_1_286' title='bbox 1891 2185 2114 2239; x_wconf 85' lang='lat' dir='ltr'><strong>eadem-</strong></span> 
     </span>
    </p>
   </div>
   <div class='ocr_carea' id='block_1_40' title="bbox 534 2275 2112 2348">
    <p class='ocr_par' dir='ltr' id='par_1_40' title="bbox 534 2275 2112 2348">
     <span class='ocr_line' id='line_1_40' title="bbox 534 2275 2112 2348; baseline -0.003 -16"><span class='ocrx_word' id='word_1_287' title='bbox 534 2292 649 2348; x_wconf 79' lang='lat' dir='ltr'><strong>que</strong></span> <span class='ocrx_word' id='word_1_288' title='bbox 697 2277 1020 2332; x_wconf 83' lang='lat' dir='ltr'><strong>sustulerit:</strong></span> <span class='ocrx_word' id='word_1_289' title='bbox 1050 2277 1206 2345; x_wconf 57' lang='lat' dir='ltr'><strong>justa</strong></span> <span class='ocrx_word' id='word_1_290' title='bbox 1263 2275 1397 2331; x_wconf 88' lang='lat' dir='ltr'><strong>illud</strong></span> <span class='ocrx_word' id='word_1_291' title='bbox 1427 2294 1440 2329; x_wconf 91' lang='lat'>:</span> <span class='ocrx_word' id='word_1_292' title='bbox 1473 2295 1493 2326; x_wconf 76' lang='grc' dir='ltr'><strong>ι</strong></span> <span class='ocrx_word' id='word_1_293' title='bbox 1528 2276 1648 2347; x_wconf 87' lang='lat' dir='ltr'><strong>Ipse</strong></span> <span class='ocrx_word' id='word_1_294' title='bbox 1708 2277 1853 2330; x_wconf 89' lang='lat' dir='ltr'><strong>enim</strong></span> <span class='ocrx_word' id='word_1_295' title='bbox 1887 2283 2112 2346; x_wconf 83' lang='lat' dir='ltr'><strong>peccata</strong></span> 
     </span>
    </p>
   </div>
   <div class='ocr_carea' id='block_1_41' title="bbox 538 2367 2113 2439">
    <p class='ocr_par' dir='ltr' id='par_1_41' title="bbox 538 2367 2113 2439">
     <span class='ocr_line' id='line_1_41' title="bbox 538 2367 2113 2439; baseline -0.003 -16"><span class='ocrx_word' id='word_1_296' title='bbox 538 2376 727 2423; x_wconf 83' lang='lat' dir='ltr'><strong>nostra</strong></span> <span class='ocrx_word' id='word_1_297' title='bbox 759 2369 900 2423; x_wconf 90' lang='lat' dir='ltr'><strong>tollit</strong></span> <span class='ocrx_word' id='word_1_298' title='bbox 923 2368 990 2424; x_wconf 80' lang='grc'><strong>⁵³.</strong></span> <span class='ocrx_word' id='word_1_299' title='bbox 1022 2388 1041 2420; x_wconf 71' lang='grc' dir='ltr'><strong>ι</strong></span> <span class='ocrx_word' id='word_1_300' title='bbox 1065 2367 1533 2434; x_wconf 83' lang='lat' dir='ltr'><strong>Quemadmodum</strong></span> <span class='ocrx_word' id='word_1_301' title='bbox 1566 2368 1733 2439; x_wconf 88' lang='lat' dir='ltr'><strong>igitur</strong></span> <span class='ocrx_word' id='word_1_302' title='bbox 1755 2377 2035 2437; x_wconf 88' lang='lat' dir='ltr'><strong>peccatum</strong></span> <span class='ocrx_word' id='word_1_303' title='bbox 2059 2375 2113 2421; x_wconf 85' lang='lat' dir='ltr'><strong>et</strong></span> 
     </span>
    </p>
   </div>
   <div class='ocr_carea' id='block_1_42' title="bbox 538 2457 2107 2523">
    <p class='ocr_par' dir='ltr' id='par_1_42' title="bbox 538 2457 2107 2523">
     <span class='ocr_line' id='line_1_42' title="bbox 538 2457 2107 2523; baseline -0.003 -7"><span class='ocrx_word' id='word_1_304' title='bbox 538 2462 889 2516; x_wconf 83' lang='lat' dir='ltr'><strong>maledictum</strong></span> <span class='ocrx_word' id='word_1_305' title='bbox 950 2459 1127 2514; x_wconf 76' lang='lat' dir='ltr'><strong>iactus</strong></span> <span class='ocrx_word' id='word_1_306' title='bbox 1179 2469 1287 2523; x_wconf 89' lang='lat' dir='ltr'><strong>est,</strong></span> <span class='ocrx_word' id='word_1_307' title='bbox 1342 2459 1463 2514; x_wconf 89' lang='lat' dir='ltr'><strong>sine</strong></span> <span class='ocrx_word' id='word_1_308' title='bbox 1506 2467 1689 2513; x_wconf 88' lang='lat' dir='ltr'><strong>tamen</strong></span> <span class='ocrx_word' id='word_1_309' title='bbox 1720 2457 2107 2513; x_wconf 87' lang='lat' dir='ltr'><strong>conversione:</strong></span> 
     </span>
    </p>
   </div>
   <div class='ocr_carea' id='block_1_43' title="bbox 538 2551 2109 2617">
    <p class='ocr_par' dir='ltr' id='par_1_43' title="bbox 538 2551 2109 2617">
     <span class='ocr_line' id='line_1_43' title="bbox 538 2551 2109 2617; baseline -0.003 -9"><span class='ocrx_word' id='word_1_310' title='bbox 538 2554 616 2608; x_wconf 89' lang='lat' dir='ltr'><strong>ita</strong></span> <span class='ocrx_word' id='word_1_311' title='bbox 648 2561 706 2609; x_wconf 86' lang='lat' dir='ltr'><strong>et</strong></span> <span class='ocrx_word' id='word_1_312' title='bbox 734 2568 864 2607; x_wconf 88' lang='lat' dir='ltr'><strong>caro</strong></span> <span class='ocrx_word' id='word_1_313' title='bbox 894 2552 1070 2607; x_wconf 84' lang='lat' dir='ltr'><strong>factus</strong></span> <span class='ocrx_word' id='word_1_314' title='bbox 1094 2561 1198 2617; x_wconf 90' lang='lat' dir='ltr'><strong>est,</strong></span> <span class='ocrx_word' id='word_1_315' title='bbox 1238 2567 1348 2606; x_wconf 90' lang='lat' dir='ltr'><strong>non</strong></span> <span class='ocrx_word' id='word_1_316' title='bbox 1398 2551 1455 2605; x_wconf 90' lang='lat' dir='ltr'><strong>in</strong></span> <span class='ocrx_word' id='word_1_317' title='bbox 1506 2566 1728 2605; x_wconf 88' lang='lat' dir='ltr'><strong>carnem</strong></span> <span class='ocrx_word' id='word_1_318' title='bbox 1788 2565 2109 2611; x_wconf 88' lang='lat' dir='ltr'><strong>conversus,</strong></span> 
     </span>
    </p>
   </div>
   <div class='ocr_carea' id='block_1_44' title="bbox 538 2643 2114 2714">
    <p class='ocr_par' dir='ltr' id='par_1_44' title="bbox 538 2643 2114 2714">
     <span class='ocr_line' id='line_1_44' title="bbox 538 2643 2114 2714; baseline -0.003 -14"><span class='ocrx_word' id='word_1_319' title='bbox 538 2645 636 2700; x_wconf 84' lang='lat' dir='ltr'><strong>sed</strong></span> <span class='ocrx_word' id='word_1_320' title='bbox 675 2645 752 2699; x_wconf 89' lang='lat' dir='ltr'><strong>illi</strong></span> <span class='ocrx_word' id='word_1_321' title='bbox 799 2645 1004 2701; x_wconf 89' lang='lat' dir='ltr'><strong>unitus.</strong></span> <span class='ocrx_word' id='word_1_322' title='bbox 1039 2645 1213 2714; x_wconf 81' lang='lat' dir='ltr'><strong>Atque</strong></span> <span class='ocrx_word' id='word_1_323' title='bbox 1254 2644 1383 2697; x_wconf 88' lang='lat' dir='ltr'><strong>hinc</strong></span> <span class='ocrx_word' id='word_1_324' title='bbox 1412 2651 1496 2698; x_wconf 84' lang='lat' dir='ltr'><strong>est</strong></span> <span class='ocrx_word' id='word_1_325' title='bbox 1526 2643 1668 2712; x_wconf 87' lang='lat' dir='ltr'><strong>quod</strong></span> <span class='ocrx_word' id='word_1_326' title='bbox 1701 2643 1863 2697; x_wconf 91' lang='lat' dir='ltr'><strong>homo</strong></span> <span class='ocrx_word' id='word_1_327' title='bbox 1896 2656 2114 2712; x_wconf 84' lang='lat' dir='ltr'><strong>quoque</strong></span> 
     </span>
    </p>
   </div>
   <div class='ocr_carea' id='block_1_45' title="bbox 538 2736 2114 2809">
    <p class='ocr_par' dir='ltr' id='par_1_45' title="bbox 538 2736 2114 2809">
     <span class='ocr_line' id='line_1_45' title="bbox 538 2736 2114 2809; baseline 0.001 -20"><span class='ocrx_word' id='word_1_328' title='bbox 538 2753 636 2808; x_wconf 85' lang='lat' dir='ltr'><strong>per</strong></span> <span class='ocrx_word' id='word_1_329' title='bbox 661 2738 817 2809; x_wconf 82' lang='lat' dir='ltr'><strong>ﬁdem</strong></span> <span class='ocrx_word' id='word_1_330' title='bbox 867 2749 920 2792; x_wconf 90' lang='lat' dir='ltr'><strong>et</strong></span> <span class='ocrx_word' id='word_1_331' title='bbox 944 2738 1174 2809; x_wconf 81' lang='lat' dir='ltr'><strong>gratiam</strong></span> <span class='ocrx_word' id='word_1_332' title='bbox 1208 2736 1318 2791; x_wconf 89' lang='lat' dir='ltr'><strong>Deo</strong></span> <span class='ocrx_word' id='word_1_333' title='bbox 1344 2738 1783 2807; x_wconf 88' lang='lat' dir='ltr'><strong>conglutinatus,</strong></span> <span class='ocrx_word' id='word_1_334' title='bbox 1815 2752 1959 2792; x_wconf 90' lang='lat' dir='ltr'><strong>unus</strong></span> <span class='ocrx_word' id='word_1_335' title='bbox 1998 2736 2114 2806; x_wconf 69' lang='lat' dir='ltr'><strong>spio</strong></span> 
     </span>
    </p>
   </div>
   <div class='ocr_carea' id='block_1_46' title="bbox 539 2829 2113 2896">
    <p class='ocr_par' dir='ltr' id='par_1_46' title="bbox 539 2829 2113 2896">
     <span class='ocr_line' id='line_1_46' title="bbox 539 2829 2113 2896; baseline 0.001 -14"><span class='ocrx_word' id='word_1_336' title='bbox 539 2830 679 2885; x_wconf 89' lang='lat' dir='ltr'><strong>ritus</strong></span> <span class='ocrx_word' id='word_1_337' title='bbox 726 2829 959 2884; x_wconf 82' lang='lat' dir='ltr'><strong>dicatur.</strong></span> <span class='ocrx_word' id='word_1_338' title='bbox 1010 2848 1029 2881; x_wconf 82' lang='grc' dir='ltr'><strong>ι</strong></span> <span class='ocrx_word' id='word_1_339' title='bbox 1062 2829 1166 2896; x_wconf 88' lang='lat' dir='ltr'><strong>Qui</strong></span> <span class='ocrx_word' id='word_1_340' title='bbox 1215 2830 1454 2884; x_wconf 70' lang='lat' dir='ltr'><strong>adhaeret</strong></span> <span class='ocrx_word' id='word_1_341' title='bbox 1509 2829 1770 2895; x_wconf 91' lang='lat' dir='ltr'><strong>Domino,</strong></span> <span class='ocrx_word' id='word_1_342' title='bbox 1818 2830 1914 2893; x_wconf 89' lang='lat' dir='ltr'><strong>ait,</strong></span> <span class='ocrx_word' id='word_1_343' title='bbox 1969 2844 2113 2884; x_wconf 87' lang='lat' dir='ltr'><strong>unus</strong></span> 
     </span>
    </p>
   </div>
   <div class='ocr_carea' id='block_1_47' title="bbox 537 2922 2112 2993">
    <p class='ocr_par' dir='ltr' id='par_1_47' title="bbox 537 2922 2112 2993">
     <span class='ocr_line' id='line_1_47' title="bbox 537 2922 2112 2993; baseline 0 -17"><span class='ocrx_word' id='word_1_344' title='bbox 537 2923 767 2991; x_wconf 90' lang='lat' dir='ltr'><strong>spiritus</strong></span> <span class='ocrx_word' id='word_1_345' title='bbox 799 2931 882 2977; x_wconf 93' lang='lat' dir='ltr'><strong>est</strong></span> <span class='ocrx_word' id='word_1_346' title='bbox 917 2924 1000 2977; x_wconf 69' lang='grc' dir='ltr'><strong>’δε</strong></span> <span class='ocrx_word' id='word_1_347' title='bbox 1032 2942 1051 2975; x_wconf 72' lang='grc' dir='ltr'><strong>ι</strong></span> <span class='ocrx_word' id='word_1_348' title='bbox 1072 2939 1178 2978; x_wconf 94' lang='lat' dir='ltr'><strong>non</strong></span> <span class='ocrx_word' id='word_1_349' title='bbox 1201 2922 1347 2993; x_wconf 88' lang='lat' dir='ltr'><strong>quod</strong></span> <span class='ocrx_word' id='word_1_350' title='bbox 1378 2925 1540 2978; x_wconf 84' lang='lat' dir='ltr'><strong>homo</strong></span> <span class='ocrx_word' id='word_1_351' title='bbox 1584 2923 1640 2977; x_wconf 92' lang='lat' dir='ltr'><strong>in</strong></span> <span class='ocrx_word' id='word_1_352' title='bbox 1681 2923 1900 2978; x_wconf 87' lang='lat' dir='ltr'><strong>deitatis</strong></span> <span class='ocrx_word' id='word_1_353' title='bbox 1948 2930 2112 2976; x_wconf 86' lang='lat' dir='ltr'><strong>natu-</strong></span> 
     </span>
    </p>
   </div>
   <div class='ocr_carea' id='block_1_48' title="bbox 540 3014 2113 3086">
    <p class='ocr_par' dir='ltr' id='par_1_48' title="bbox 540 3014 2113 3086">
     <span class='ocr_line' id='line_1_48' title="bbox 540 3014 2113 3086; baseline 0.001 -18"><span class='ocrx_word' id='word_1_354' title='bbox 540 3029 657 3068; x_wconf 88' lang='lat' dir='ltr'><strong>ram</strong></span> <span class='ocrx_word' id='word_1_355' title='bbox 682 3031 984 3071; x_wconf 89' lang='lat' dir='ltr'><strong>conversus</strong></span> <span class='ocrx_word' id='word_1_356' title='bbox 1014 3018 1107 3082; x_wconf 88' lang='lat' dir='ltr'><strong>sit,</strong></span> <span class='ocrx_word' id='word_1_357' title='bbox 1159 3016 1257 3071; x_wconf 91' lang='lat' dir='ltr'><strong>sed</strong></span> <span class='ocrx_word' id='word_1_358' title='bbox 1286 3015 1431 3086; x_wconf 89' lang='lat' dir='ltr'><strong>quod</strong></span> <span class='ocrx_word' id='word_1_359' title='bbox 1477 3015 1751 3085; x_wconf 87' lang='lat' dir='ltr'><strong>ejusmodi</strong></span> <span class='ocrx_word' id='word_1_360' title='bbox 1794 3014 2113 3083; x_wconf 85' lang='lat' dir='ltr'><strong>conjunctio</strong></span> 
     </span>
    </p>
   </div>
   <div class='ocr_carea' id='block_1_49' title="bbox 538 3106 2111 3179">
    <p class='ocr_par' dir='ltr' id='par_1_49' title="bbox 538 3106 2111 3179">
     <span class='ocr_line' id='line_1_49' title="bbox 538 3106 2111 3179; baseline 0 -18"><span class='ocrx_word' id='word_1_361' title='bbox 538 3106 874 3175; x_wconf 85' lang='lat' dir='ltr'><strong>spiritualem</strong></span> <span class='ocrx_word' id='word_1_362' title='bbox 948 3108 1266 3179; x_wconf 83' lang='lat' dir='ltr'><strong>dignitatem</strong></span> <span class='ocrx_word' id='word_1_363' title='bbox 1340 3108 1446 3179; x_wconf 90' lang='lat' dir='ltr'><strong>ipsi</strong></span> <span class='ocrx_word' id='word_1_364' title='bbox 1514 3110 1739 3163; x_wconf 86' lang='lat' dir='ltr'><strong>tribuat.</strong></span> <span class='ocrx_word' id='word_1_365' title='bbox 1824 3106 2111 3162; x_wconf 88' lang='lat' dir='ltr'><strong>Consimili</strong></span> 
     </span>
    </p>
   </div>
   <div class='ocr_carea' id='block_1_50' title="bbox 2219 1911 3791 1985">
    <p class='ocr_par' dir='ltr' id='par_1_50' title="bbox 2219 1911 3791 1985">
     <span class='ocr_line' id='line_1_50' title="bbox 2219 1911 3791 1985; baseline -0.001 -18"><span class='ocrx_word' id='word_1_366' title='bbox 2219 1914 2362 1968; x_wconf 74' lang='grc' dir='ltr'>οὕτω</span> <span class='ocrx_word' id='word_1_367' title='bbox 2391 1913 2485 1967; x_wconf 70' lang='grc' dir='ltr'>καὶ</span> <span class='ocrx_word' id='word_1_368' title='bbox 2520 1911 2656 1983; x_wconf 76' lang='grc' dir='ltr'>σὰρξ</span> <span class='ocrx_word' id='word_1_369' title='bbox 2677 1912 2912 1982; x_wconf 79' lang='grc' dir='ltr'>ἐγένετο,</span> <span class='ocrx_word' id='word_1_370' title='bbox 2945 1912 3044 1965; x_wconf 75' lang='grc' dir='ltr'><strong>οὐκ</strong></span> <span class='ocrx_word' id='word_1_371' title='bbox 3069 1913 3151 1976; x_wconf 88' lang='grc' dir='ltr'><strong>είς</strong></span> <span class='ocrx_word' id='word_1_372' title='bbox 3181 1912 3391 1985; x_wconf 87' lang='grc' dir='ltr'>ταύτην</span> <span class='ocrx_word' id='word_1_373' title='bbox 3423 1913 3791 1985; x_wconf 79' lang='grc' dir='ltr'>μεταϐληθεὶς,</span> 
     </span>
    </p>
   </div>
   <div class='ocr_carea' id='block_1_51' title="bbox 2218 2002 3793 2077">
    <p class='ocr_par' dir='ltr' id='par_1_51' title="bbox 2218 2002 3793 2077">
     <span class='ocr_line' id='line_1_51' title="bbox 2218 2002 3793 2077; baseline 0.001 -19"><span class='ocrx_word' id='word_1_374' title='bbox 2218 2004 2389 2075; x_wconf 80' lang='grc' dir='ltr'>ταύτῃ</span> <span class='ocrx_word' id='word_1_375' title='bbox 2417 2004 2472 2056; x_wconf 78' lang='grc' dir='ltr'>δὲ</span> <span class='ocrx_word' id='word_1_376' title='bbox 2501 2002 2745 2067; x_wconf 81' lang='grc' dir='ltr'>ὲνωθείς.</span> <span class='ocrx_word' id='word_1_377' title='bbox 2793 2002 3072 2057; x_wconf 80' lang='grc' dir='ltr'>Ἐντεῦθεν</span> <span class='ocrx_word' id='word_1_378' title='bbox 3103 2002 3199 2057; x_wconf 73' lang='grc' dir='ltr'>καὶ</span> <span class='ocrx_word' id='word_1_379' title='bbox 3228 2004 3546 2077; x_wconf 78' lang='grc' dir='ltr'>ἄνθρωπος,</span> <span class='ocrx_word' id='word_1_380' title='bbox 3581 2005 3697 2077; x_wconf 86' lang='grc' dir='ltr'><strong>Θεῷ</strong></span> <span class='ocrx_word' id='word_1_381' title='bbox 3719 2006 3793 2060; x_wconf 78' lang='grc' dir='ltr'>διὰ</span> 
     </span>
    </p>
   </div>
   <div class='ocr_carea' id='block_1_52' title="bbox 2221 2094 3791 2170">
    <p class='ocr_par' dir='ltr' id='par_1_52' title="bbox 2221 2094 3791 2170">
     <span class='ocr_line' id='line_1_52' title="bbox 2221 2094 3791 2170; baseline 0.001 -21"><span class='ocrx_word' id='word_1_382' title='bbox 2221 2096 2453 2159; x_wconf 82' lang='grc' dir='ltr'>πίστεως</span> <span class='ocrx_word' id='word_1_383' title='bbox 2484 2094 2765 2166; x_wconf 79' lang='grc' dir='ltr'>κολληθεὶς</span> <span class='ocrx_word' id='word_1_384' title='bbox 2791 2097 2885 2150; x_wconf 78' lang='grc' dir='ltr'><strong>καὶ</strong></span> <span class='ocrx_word' id='word_1_385' title='bbox 2920 2095 3162 2168; x_wconf 78' lang='grc' dir='ltr'>χάριτος,</span> <span class='ocrx_word' id='word_1_386' title='bbox 3190 2095 3250 2149; x_wconf 84' lang='grc' dir='ltr'>ἓν</span> <span class='ocrx_word' id='word_1_387' title='bbox 3298 2096 3524 2166; x_wconf 86' lang='grc' dir='ltr'>λέγεται</span> <span class='ocrx_word' id='word_1_388' title='bbox 3560 2100 3791 2170; x_wconf 79' lang='grc' dir='ltr'>πνεῦμα·</span> 
     </span>
    </p>
   </div>
   <div class='ocr_carea' id='block_1_53' title="bbox 2225 2185 3793 2262">
    <p class='ocr_par' dir='ltr' id='par_1_53' title="bbox 2225 2185 3793 2262">
     <span class='ocr_line' id='line_1_53' title="bbox 2225 2185 3793 2262; baseline 0.007 -28"><span class='ocrx_word' id='word_1_389' title='bbox 2225 2203 2244 2234; x_wconf 76' lang='grc' dir='ltr'><strong>σ</strong></span> <span class='ocrx_word' id='word_1_390' title='bbox 2291 2187 2351 2240; x_wconf 89' lang='lat'><strong>&#39;0</strong></span> <span class='ocrx_word' id='word_1_391' title='bbox 2402 2185 2739 2256; x_wconf 83' lang='grc' dir='ltr'>κολλώμενος</span> <span class='ocrx_word' id='word_1_392' title='bbox 2772 2185 2849 2259; x_wconf 82' lang='grc' dir='ltr'>τῷ</span> <span class='ocrx_word' id='word_1_393' title='bbox 2902 2188 3117 2259; x_wconf 84' lang='grc' dir='ltr'>Κυρίῳ,</span> <span class='ocrx_word' id='word_1_394' title='bbox 3150 2207 3169 2239; x_wconf 77' lang='grc' dir='ltr'><strong>ι</strong></span> <span class='ocrx_word' id='word_1_395' title='bbox 3206 2188 3408 2259; x_wconf 72' lang='grc' dir='ltr'>φησιν,</span> <span class='ocrx_word' id='word_1_396' title='bbox 3432 2207 3453 2241; x_wconf 79' lang='grc' dir='ltr'><strong>ι</strong></span> <span class='ocrx_word' id='word_1_397' title='bbox 3495 2188 3558 2244; x_wconf 78' lang='grc' dir='ltr'>ἓν</span> <span class='ocrx_word' id='word_1_398' title='bbox 3597 2190 3793 2262; x_wconf 77' lang='grc' dir='ltr'>πνεῦμά</span> 
     </span>
    </p>
   </div>
   <div class='ocr_carea' id='block_1_54' title="bbox 2219 2276 3792 2354">
    <p class='ocr_par' dir='ltr' id='par_1_54' title="bbox 2219 2276 3792 2354">
     <span class='ocr_line' id='line_1_54' title="bbox 2219 2276 3792 2354; baseline 0.004 -23"><span class='ocrx_word' id='word_1_399' title='bbox 2219 2279 2387 2331; x_wconf 81' lang='grc' dir='ltr'>ἐστιν’</span> <span class='ocrx_word' id='word_1_400' title='bbox 2436 2295 2455 2328; x_wconf 73' lang='grc' dir='ltr'><strong>ι</strong></span> <span class='ocrx_word' id='word_1_401' title='bbox 2490 2278 2586 2348; x_wconf 83' lang='grc' dir='ltr'>οὐχ</span> <span class='ocrx_word' id='word_1_402' title='bbox 2613 2276 2686 2341; x_wconf 81' lang='grc' dir='ltr'><strong>ῶς</strong></span> <span class='ocrx_word' id='word_1_403' title='bbox 2718 2277 2812 2331; x_wconf 81' lang='grc' dir='ltr'>τοῦ</span> <span class='ocrx_word' id='word_1_404' title='bbox 2840 2278 3127 2351; x_wconf 84' lang='grc' dir='ltr'>ἀνθρώπου</span> <span class='ocrx_word' id='word_1_405' title='bbox 3167 2282 3248 2344; x_wconf 85' lang='grc' dir='ltr'><strong>είς</strong></span> <span class='ocrx_word' id='word_1_406' title='bbox 3289 2280 3392 2353; x_wconf 78' lang='grc' dir='ltr'><strong>τὴν</strong></span> <span class='ocrx_word' id='word_1_407' title='bbox 3431 2282 3533 2353; x_wconf 87' lang='grc' dir='ltr'>τῆς</span> <span class='ocrx_word' id='word_1_408' title='bbox 3561 2282 3792 2354; x_wconf 82' lang='grc' dir='ltr'>θεότητος</span> 
     </span>
    </p>
   </div>
   <div class='ocr_carea' id='block_1_55' title="bbox 2221 2368 3793 2446">
    <p class='ocr_par' dir='ltr' id='par_1_55' title="bbox 2221 2368 3793 2446">
     <span class='ocr_line' id='line_1_55' title="bbox 2221 2368 3793 2446; baseline 0.004 -25"><span class='ocrx_word' id='word_1_409' title='bbox 2221 2369 2385 2438; x_wconf 83' lang='grc' dir='ltr'>φύσιν</span> <span class='ocrx_word' id='word_1_410' title='bbox 2444 2368 2916 2441; x_wconf 89' lang='grc' dir='ltr'>μεταϐαλλομένου</span> <span class='ocrx_word' id='word_1_411' title='bbox 2937 2386 2950 2398; x_wconf 82' lang='lat'><strong><em>°</em></strong></span> <span class='ocrx_word' id='word_1_412' title='bbox 2988 2371 3103 2424; x_wconf 85' lang='grc' dir='ltr'>ἀλλ’</span> <span class='ocrx_word' id='word_1_413' title='bbox 3131 2372 3207 2436; x_wconf 87' lang='grc' dir='ltr'>ὡς</span> <span class='ocrx_word' id='word_1_414' title='bbox 3237 2373 3338 2444; x_wconf 81' lang='grc' dir='ltr'>τῆς</span> <span class='ocrx_word' id='word_1_415' title='bbox 3371 2373 3633 2446; x_wconf 79' lang='grc' dir='ltr'>τοιαύτης</span> <span class='ocrx_word' id='word_1_416' title='bbox 3686 2392 3793 2428; x_wconf 87' lang='grc' dir='ltr'>συν-</span> 
     </span>
    </p>
   </div>
   <div class='ocr_carea' id='block_1_56' title="bbox 2222 2461 3793 2537">
    <p class='ocr_par' dir='ltr' id='par_1_56' title="bbox 2222 2461 3793 2537">
     <span class='ocr_line' id='line_1_56' title="bbox 2222 2461 3793 2537; baseline 0.003 -24"><span class='ocrx_word' id='word_1_417' title='bbox 2222 2462 2419 2530; x_wconf 69' lang='grc' dir='ltr'>αφείας</span> <span class='ocrx_word' id='word_1_418' title='bbox 2433 2462 2530 2533; x_wconf 82' lang='grc' dir='ltr'>τὴν</span> <span class='ocrx_word' id='word_1_419' title='bbox 2563 2461 2935 2532; x_wconf 83' lang='grc' dir='ltr'>πνευματικὴν</span> <span class='ocrx_word' id='word_1_420' title='bbox 2952 2462 3108 2527; x_wconf 81' lang='grc' dir='ltr'>ἀξίαν</span> <span class='ocrx_word' id='word_1_421' title='bbox 3126 2463 3274 2535; x_wconf 79' lang='grc' dir='ltr'>αὐτῷ</span> <span class='ocrx_word' id='word_1_422' title='bbox 3300 2465 3675 2537; x_wconf 84' lang='grc' dir='ltr'>δωρουμένης.</span> <span class='ocrx_word' id='word_1_423' title='bbox 3706 2467 3793 2519; x_wconf 78' lang='grc' dir='ltr'>Τὸν</span> 
     </span>
    </p>
   </div>
   <div class='ocr_carea' id='block_1_57' title="bbox 2216 2552 3793 2629">
    <p class='ocr_par' dir='ltr' id='par_1_57' title="bbox 2216 2552 3793 2629">
     <span class='ocr_line' id='line_1_57' title="bbox 2216 2552 3793 2629; baseline 0.004 -24"><span class='ocrx_word' id='word_1_424' title='bbox 2216 2553 2379 2606; x_wconf 79' lang='grc' dir='ltr'>αὑτὸν</span> <span class='ocrx_word' id='word_1_425' title='bbox 2404 2552 2461 2605; x_wconf 84' lang='grc' dir='ltr'>δὲ</span> <span class='ocrx_word' id='word_1_426' title='bbox 2525 2552 2727 2623; x_wconf 87' lang='grc' dir='ltr'>τρόπον</span> <span class='ocrx_word' id='word_1_427' title='bbox 2784 2554 2878 2607; x_wconf 74' lang='grc' dir='ltr'>καὶ</span> <span class='ocrx_word' id='word_1_428' title='bbox 2924 2555 2953 2607; x_wconf 91' lang='grc' dir='ltr'><strong>ό</strong></span> <span class='ocrx_word' id='word_1_429' title='bbox 2982 2555 3172 2624; x_wconf 87' lang='grc' dir='ltr'>Λόγος,</span> <span class='ocrx_word' id='word_1_430' title='bbox 3226 2557 3329 2610; x_wconf 79' lang='grc' dir='ltr'><strong>οὐκ</strong></span> <span class='ocrx_word' id='word_1_431' title='bbox 3367 2558 3450 2620; x_wconf 88' lang='grc' dir='ltr'><strong>είς</strong></span> <span class='ocrx_word' id='word_1_432' title='bbox 3486 2558 3687 2629; x_wconf 78' lang='grc' dir='ltr'>σαρκὸς</span> <span class='ocrx_word' id='word_1_433' title='bbox 3718 2575 3793 2629; x_wconf 83' lang='grc' dir='ltr'>με·</span> 
     </span>
    </p>
   </div>
   <div class='ocr_carea' id='block_1_58' title="bbox 2216 2636 3795 2721">
    <p class='ocr_par' dir='ltr' id='par_1_58' title="bbox 2216 2636 3795 2721">
     <span class='ocr_line' id='line_1_58' title="bbox 2216 2636 3795 2721; baseline 0.004 -23"><span class='ocrx_word' id='word_1_434' title='bbox 2216 2646 2381 2716; x_wconf 79' lang='grc' dir='ltr'>τέστη</span> <span class='ocrx_word' id='word_1_435' title='bbox 2415 2644 2597 2716; x_wconf 78' lang='grc' dir='ltr'>φύσιν,</span> <span class='ocrx_word' id='word_1_436' title='bbox 2632 2646 2746 2700; x_wconf 82' lang='grc' dir='ltr'>ἀλλ’</span> <span class='ocrx_word' id='word_1_437' title='bbox 2787 2646 3008 2711; x_wconf 69' lang='grc' dir='ltr'>ἐνωθεὶς</span> <span class='ocrx_word' id='word_1_438' title='bbox 3054 2649 3239 2718; x_wconf 78' lang='grc' dir='ltr'>σαρκὶ,</span> <span class='ocrx_word' id='word_1_439' title='bbox 3294 2648 3435 2721; x_wconf 80' lang='grc' dir='ltr'>σὰρξ</span> <span class='ocrx_word' id='word_1_440' title='bbox 3467 2636 3686 2720; x_wconf 75' lang='grc' dir='ltr'>λέγεται</span> <span class='ocrx_word' id='word_1_441' title='bbox 3716 2667 3795 2718; x_wconf 82' lang='grc' dir='ltr'>γε·</span> 
     </span>
    </p>
   </div>
   <div class='ocr_carea' id='block_1_59' title="bbox 2217 2737 3793 2813">
    <p class='ocr_par' dir='ltr' id='par_1_59' title="bbox 2217 2737 3793 2813">
     <span class='ocr_line' id='line_1_59' title="bbox 2217 2737 3793 2813; baseline 0.003 -22"><span class='ocrx_word' id='word_1_442' title='bbox 2217 2737 2432 2806; x_wconf 85' lang='grc' dir='ltr'>γονέναι</span> <span class='ocrx_word' id='word_1_443' title='bbox 2451 2754 2465 2768; x_wconf 74' lang='grc' dir='ltr'><strong><em>ο</em></strong></span> <span class='ocrx_word' id='word_1_444' title='bbox 2490 2738 2669 2803; x_wconf 86' lang='grc' dir='ltr'>καθὼς</span> <span class='ocrx_word' id='word_1_445' title='bbox 2691 2739 2785 2792; x_wconf 68' lang='grc' dir='ltr'><strong>καὶ</strong></span> <span class='ocrx_word' id='word_1_446' title='bbox 2803 2739 3089 2811; x_wconf 75' lang='grc' dir='ltr'>ἄνθρωπος</span> <span class='ocrx_word' id='word_1_447' title='bbox 3121 2739 3406 2811; x_wconf 78' lang='grc' dir='ltr'>κολληθεὶς</span> <span class='ocrx_word' id='word_1_448' title='bbox 3441 2741 3565 2813; x_wconf 80' lang='grc' dir='ltr'><strong>Θεῷ</strong></span> <span class='ocrx_word' id='word_1_449' title='bbox 3599 2740 3793 2812; x_wconf 79' lang='grc' dir='ltr'>πνεῦμα</span> 
     </span>
    </p>
   </div>
   <div class='ocr_carea' id='block_1_60' title="bbox 2215 2828 3792 2905">
    <p class='ocr_par' dir='ltr' id='par_1_60' title="bbox 2215 2828 3792 2905">
     <span class='ocr_line' id='line_1_60' title="bbox 2215 2828 3792 2905; baseline 0 -20"><span class='ocrx_word' id='word_1_450' title='bbox 2215 2831 2431 2901; x_wconf 84' lang='grc' dir='ltr'>λέγεται</span> <span class='ocrx_word' id='word_1_451' title='bbox 2461 2828 2623 2895; x_wconf 80' lang='grc' dir='ltr'>εἶναι,</span> <span class='ocrx_word' id='word_1_452' title='bbox 2665 2832 2740 2905; x_wconf 84' lang='grc' dir='ltr'>μὴ</span> <span class='ocrx_word' id='word_1_453' title='bbox 2772 2832 2871 2903; x_wconf 79' lang='grc' dir='ltr'><strong>τὴν</strong></span> <span class='ocrx_word' id='word_1_454' title='bbox 2906 2832 3112 2886; x_wconf 77' lang='grc' dir='ltr'>οἰκείαν</span> <span class='ocrx_word' id='word_1_455' title='bbox 3137 2833 3327 2886; x_wconf 84' lang='grc' dir='ltr'>οὐσίαν</span> <span class='ocrx_word' id='word_1_456' title='bbox 3361 2833 3676 2897; x_wconf 86' lang='grc' dir='ltr'>ἀποϐαλὼν,</span> <span class='ocrx_word' id='word_1_457' title='bbox 3708 2832 3792 2903; x_wconf 68' lang='grc' dir='ltr'>τὴν</span> 
     </span>
    </p>
   </div>
   <div class='ocr_carea' id='block_1_61' title="bbox 2216 2921 3794 2993">
    <p class='ocr_par' dir='ltr' id='par_1_61' title="bbox 2216 2921 3794 2993">
     <span class='ocr_line' id='line_1_61' title="bbox 2216 2921 3794 2993; baseline 0.001 -18"><span class='ocrx_word' id='word_1_458' title='bbox 2216 2922 2503 2975; x_wconf 86' lang='grc' dir='ltr'>κοινωνίαν</span> <span class='ocrx_word' id='word_1_459' title='bbox 2531 2922 2589 2975; x_wconf 80' lang='grc' dir='ltr'>δὲ</span> <span class='ocrx_word' id='word_1_460' title='bbox 2633 2921 2975 2993; x_wconf 84' lang='grc' dir='ltr'>προσλαϐών.</span> <span class='ocrx_word' id='word_1_461' title='bbox 3016 2921 3175 2975; x_wconf 81' lang='grc' dir='ltr'>Ἀλλά</span> <span class='ocrx_word' id='word_1_462' title='bbox 3215 2922 3268 2975; x_wconf 88' lang='grc' dir='ltr'><strong>τί</strong></span> <span class='ocrx_word' id='word_1_463' title='bbox 3294 2922 3356 2975; x_wconf 79' lang='grc' dir='ltr'>τὸ</span> <span class='ocrx_word' id='word_1_464' title='bbox 3388 2923 3554 2991; x_wconf 64' lang='grc' dir='ltr'>σοφὸν</span> <span class='ocrx_word' id='word_1_465' title='bbox 3588 2923 3691 2978; x_wconf 85' lang='grc' dir='ltr'><strong>τῶν</strong></span> <span class='ocrx_word' id='word_1_466' title='bbox 3714 2924 3794 2976; x_wconf 82' lang='grc' dir='ltr'>ἀν·</span> 
     </span>
    </p>
   </div>
   <div class='ocr_carea' id='block_1_62' title="bbox 2216 3006 3794 3085">
    <p class='ocr_par' dir='ltr' id='par_1_62' title="bbox 2216 3006 3794 3085">
     <span class='ocr_line' id='line_1_62' title="bbox 2216 3006 3794 3085; baseline 0.001 -21"><span class='ocrx_word' id='word_1_467' title='bbox 2216 3011 2571 3079; x_wconf 89' lang='grc' dir='ltr'>τιλεγόντων;</span> <span class='ocrx_word' id='word_1_468' title='bbox 2612 3012 2863 3082; x_wconf 84' lang='grc' dir='ltr'>Ἐμεινεν</span> <span class='ocrx_word' id='word_1_469' title='bbox 2909 3010 2938 3063; x_wconf 82' lang='grc' dir='ltr'><strong>ὃ</strong></span> <span class='ocrx_word' id='word_1_470' title='bbox 2963 3006 3032 3083; x_wconf 79' lang='grc' dir='ltr'>ἦν</span> <span class='ocrx_word' id='word_1_471' title='bbox 3053 3028 3067 3042; x_wconf 76' lang='grc' dir='ltr'><strong>ο</strong></span> <span class='ocrx_word' id='word_1_472' title='bbox 3103 3010 3323 3079; x_wconf 74' lang='grc' dir='ltr'>ἐγένετο</span> <span class='ocrx_word' id='word_1_473' title='bbox 3342 3011 3373 3064; x_wconf 83' lang='grc' dir='ltr'><strong>ὃ</strong></span> <span class='ocrx_word' id='word_1_474' title='bbox 3403 3012 3510 3065; x_wconf 84' lang='grc' dir='ltr'><strong>ούκ</strong></span> <span class='ocrx_word' id='word_1_475' title='bbox 3555 3008 3623 3085; x_wconf 80' lang='grc' dir='ltr'>ἦν</span> <span class='ocrx_word' id='word_1_476' title='bbox 3642 3029 3655 3042; x_wconf 93' lang='grc'><strong>·</strong></span> <span class='ocrx_word' id='word_1_477' title='bbox 3690 3014 3794 3084; x_wconf 78' lang='grc' dir='ltr'>ἐμε-</span> 
     </span>
    </p>
   </div>
   <div class='ocr_carea' id='block_1_63' title="bbox 2221 3103 3793 3177">
    <p class='ocr_par' dir='ltr' id='par_1_63' title="bbox 2221 3103 3793 3177">
     <span class='ocr_line' id='line_1_63' title="bbox 2221 3103 3793 3177; baseline 0.001 -22"><span class='ocrx_word' id='word_1_478' title='bbox 2221 3104 2379 3177; x_wconf 82' lang='grc' dir='ltr'>ρίσθη</span> <span class='ocrx_word' id='word_1_479' title='bbox 2415 3107 2448 3175; x_wconf 82' lang='grc' dir='ltr'>ἠ</span> <span class='ocrx_word' id='word_1_480' title='bbox 2481 3103 2777 3175; x_wconf 82' lang='grc' dir='ltr'>ἀμέριστος</span> <span class='ocrx_word' id='word_1_481' title='bbox 2802 3103 2982 3174; x_wconf 83' lang='grc' dir='ltr'>φύσις,</span> <span class='ocrx_word' id='word_1_482' title='bbox 3014 3104 3109 3157; x_wconf 57' lang='grc' dir='ltr'><strong>καὶ¹</strong></span> <span class='ocrx_word' id='word_1_483' title='bbox 3159 3103 3219 3157; x_wconf 83' lang='grc' dir='ltr'><strong>τὸ</strong></span> <span class='ocrx_word' id='word_1_484' title='bbox 3252 3105 3353 3175; x_wconf 84' lang='grc' dir='ltr'>μὲν</span> <span class='ocrx_word' id='word_1_485' title='bbox 3396 3106 3572 3177; x_wconf 77' lang='grc' dir='ltr'>αὐτῆς</span> <span class='ocrx_word' id='word_1_486' title='bbox 3610 3105 3793 3177; x_wconf 75' lang='grc' dir='ltr'>ἔμεινε.</span> 
     </span>
    </p>
   </div>
   <div class='ocr_carea' id='block_1_64' title="bbox 538 3195 2111 3269">
    <p class='ocr_par' dir='ltr' id='par_1_64' title="bbox 538 3197 2111 3264">
     <span class='ocr_line' id='line_1_64' title="bbox 538 3197 2111 3264; baseline 0.003 -14"><span class='ocrx_word' id='word_1_487' title='bbox 538 3198 725 3261; x_wconf 88' lang='lat' dir='ltr'><strong>modo,</strong></span> <span class='ocrx_word' id='word_1_488' title='bbox 787 3216 806 3249; x_wconf 82' lang='grc' dir='ltr'><strong>ι</strong></span> <span class='ocrx_word' id='word_1_489' title='bbox 861 3197 1100 3253; x_wconf 83' lang='lat' dir='ltr'><strong>Verbum</strong></span> <span class='ocrx_word' id='word_1_490' title='bbox 1152 3216 1281 3255; x_wconf 90' lang='lat' dir='ltr'><strong>caro</strong></span> <span class='ocrx_word' id='word_1_491' title='bbox 1336 3200 1537 3255; x_wconf 79' lang='lat' dir='ltr'><strong>factum</strong></span> <span class='ocrx_word' id='word_1_492' title='bbox 1582 3220 1599 3254; x_wconf 76' lang='grc' dir='ltr'><strong>ι</strong></span> <span class='ocrx_word' id='word_1_493' title='bbox 1634 3201 1859 3264; x_wconf 87' lang='lat' dir='ltr'><strong>dicitur,</strong></span> <span class='ocrx_word' id='word_1_494' title='bbox 1901 3216 2008 3254; x_wconf 92' lang='lat' dir='ltr'><strong>non</strong></span> <span class='ocrx_word' id='word_1_495' title='bbox 2062 3201 2111 3255; x_wconf 90' lang='lat' dir='ltr'><strong>in</strong></span> 
     </span>
    </p>
   </div>
   <div class='ocr_carea' id='block_1_65' title="bbox 2216 3195 3793 3269">
    <p class='ocr_par' dir='ltr' id='par_1_65' title="bbox 2218 3195 3793 3269">
     <span class='ocr_line' id='line_1_65' title="bbox 2218 3195 3793 3269; baseline -0.002 -17"><span class='ocrx_word' id='word_1_496' title='bbox 2218 3199 2282 3252; x_wconf 82' lang='grc' dir='ltr'>τὸ</span> <span class='ocrx_word' id='word_1_497' title='bbox 2304 3199 2360 3251; x_wconf 81' lang='grc' dir='ltr'>δὲ</span> <span class='ocrx_word' id='word_1_498' title='bbox 2375 3195 2773 3269; x_wconf 88' lang='grc' dir='ltr'>μεταϐέϐληται</span> <span class='ocrx_word' id='word_1_499' title='bbox 2794 3214 2808 3228; x_wconf 77' lang='grc' dir='ltr'><strong>ο</strong></span> <span class='ocrx_word' id='word_1_500' title='bbox 2843 3197 2876 3268; x_wconf 77' lang='grc' dir='ltr'><strong>ἢ</strong></span> <span class='ocrx_word' id='word_1_501' title='bbox 2904 3196 2963 3250; x_wconf 83' lang='grc' dir='ltr'>τὸ</span> <span class='ocrx_word' id='word_1_502' title='bbox 2994 3198 3102 3251; x_wconf 80' lang='grc' dir='ltr'>πᾶν</span> <span class='ocrx_word' id='word_1_503' title='bbox 3140 3195 3569 3268; x_wconf 70' lang='grc' dir='ltr'>μεταϐέϐληται,</span> <span class='ocrx_word' id='word_1_504' title='bbox 3602 3199 3634 3266; x_wconf 83' lang='grc' dir='ltr'>ἦ</span> <span class='ocrx_word' id='word_1_505' title='bbox 3666 3196 3793 3250; x_wconf 77' lang='grc' dir='ltr'>κιτά</span> 
     </span>
    </p>
   </div>
   <div class='ocr_carea' id='block_1_66' title="bbox 536 3290 2111 3355">
    <p class='ocr_par' dir='ltr' id='par_1_66' title="bbox 536 3290 2111 3355">
     <span class='ocr_line' id='line_1_66' title="bbox 536 3290 2111 3355; baseline 0.005 -13"><span class='ocrx_word' id='word_1_506' title='bbox 536 3290 725 3346; x_wconf 88' lang='lat' dir='ltr'><strong>carnis</strong></span> <span class='ocrx_word' id='word_1_507' title='bbox 774 3301 1027 3345; x_wconf 90' lang='lat' dir='ltr'><strong>naturam</strong></span> <span class='ocrx_word' id='word_1_508' title='bbox 1084 3307 1434 3355; x_wconf 89' lang='lat' dir='ltr'><strong>conversum,</strong></span> <span class='ocrx_word' id='word_1_509' title='bbox 1494 3294 1591 3349; x_wconf 88' lang='lat' dir='ltr'><strong>sed</strong></span> <span class='ocrx_word' id='word_1_510' title='bbox 1643 3294 1797 3349; x_wconf 88' lang='lat' dir='ltr'><strong>carni</strong></span> <span class='ocrx_word' id='word_1_511' title='bbox 1862 3295 2111 3350; x_wconf 88' lang='lat' dir='ltr'><strong>unitum:</strong></span> 
     </span>
    </p>
   </div>
   <div class='ocr_carea' id='block_1_67' title="bbox 536 3381 2115 3456">
    <p class='ocr_par' dir='ltr' id='par_1_67' title="bbox 536 3381 2115 3456">
     <span class='ocr_line' id='line_1_67' title="bbox 536 3381 2115 3456; baseline 0.004 -23"><span class='ocrx_word' id='word_1_512' title='bbox 536 3381 997 3448; x_wconf 85' lang='lat' dir='ltr'><strong>quemadmodum</strong></span> <span class='ocrx_word' id='word_1_513' title='bbox 1047 3382 1209 3437; x_wconf 87' lang='lat' dir='ltr'><strong>homo</strong></span> <span class='ocrx_word' id='word_1_514' title='bbox 1271 3401 1487 3456; x_wconf 89' lang='lat' dir='ltr'><strong>quoque</strong></span> <span class='ocrx_word' id='word_1_515' title='bbox 1518 3384 1629 3440; x_wconf 86' lang='lat' dir='ltr'><strong>Deo</strong></span> <span class='ocrx_word' id='word_1_516' title='bbox 1661 3387 1949 3455; x_wconf 89' lang='lat' dir='ltr'><strong>copulatus</strong></span> <span class='ocrx_word' id='word_1_517' title='bbox 1987 3385 2115 3455; x_wconf 86' lang='lat' dir='ltr'><strong>Spi-</strong></span> 
     </span>
    </p>
   </div>
   <div class='ocr_carea' id='block_1_68' title="bbox 537 3472 2117 3547">
    <p class='ocr_par' dir='ltr' id='par_1_68' title="bbox 537 3472 2117 3547">
     <span class='ocr_line' id='line_1_68' title="bbox 537 3472 2117 3547; baseline 0.003 -19"><span class='ocrx_word' id='word_1_518' title='bbox 537 3472 677 3528; x_wconf 78' lang='lat' dir='ltr'><strong>ritus</strong></span> <span class='ocrx_word' id='word_1_519' title='bbox 698 3489 819 3529; x_wconf 87' lang='lat' dir='ltr'><strong>esse</strong></span> <span class='ocrx_word' id='word_1_520' title='bbox 852 3475 1077 3538; x_wconf 90' lang='lat' dir='ltr'><strong>dicitur,</strong></span> <span class='ocrx_word' id='word_1_521' title='bbox 1132 3492 1243 3530; x_wconf 88' lang='lat' dir='ltr'><strong>non</strong></span> <span class='ocrx_word' id='word_1_522' title='bbox 1267 3478 1414 3547; x_wconf 88' lang='lat' dir='ltr'><strong>quod</strong></span> <span class='ocrx_word' id='word_1_523' title='bbox 1461 3479 1826 3533; x_wconf 88' lang='lat' dir='ltr'><strong>substantiam</strong></span> <span class='ocrx_word' id='word_1_524' title='bbox 1870 3479 2117 3533; x_wconf 88' lang='lat' dir='ltr'><strong>amiserit</strong></span> 
     </span>
    </p>
   </div>
   <div class='ocr_carea' id='block_1_69' title="bbox 536 3565 2115 3637">
    <p class='ocr_par' dir='ltr' id='par_1_69' title="bbox 536 3565 2115 3637">
     <span class='ocr_line' id='line_1_69' title="bbox 536 3565 2115 3637; baseline 0.006 -21"><span class='ocrx_word' id='word_1_525' title='bbox 536 3565 835 3634; x_wconf 85' lang='lat' dir='ltr'><strong>pr0priam,</strong></span> <span class='ocrx_word' id='word_1_526' title='bbox 859 3565 954 3620; x_wconf 90' lang='lat' dir='ltr'><strong>sed</strong></span> <span class='ocrx_word' id='word_1_527' title='bbox 986 3566 1129 3635; x_wconf 90' lang='lat' dir='ltr'><strong>quod</strong></span> <span class='ocrx_word' id='word_1_528' title='bbox 1167 3567 1219 3619; x_wconf 87' lang='lat' dir='ltr'><strong>in</strong></span> <span class='ocrx_word' id='word_1_529' title='bbox 1263 3565 1503 3637; x_wconf 88' lang='lat' dir='ltr'><strong>Spiritus</strong></span> <span class='ocrx_word' id='word_1_530' title='bbox 1539 3570 1979 3624; x_wconf 86' lang='lat' dir='ltr'><strong>communionem</strong></span> <span class='ocrx_word' id='word_1_531' title='bbox 2019 3586 2115 3625; x_wconf 87' lang='lat' dir='ltr'><strong>ve-</strong></span> 
     </span>
    </p>
   </div>
   <div class='ocr_carea' id='block_1_70' title="bbox 537 3652 2117 3730">
    <p class='ocr_par' dir='ltr' id='par_1_70' title="bbox 537 3652 2117 3730">
     <span class='ocr_line' id='line_1_70' title="bbox 537 3652 2117 3730; baseline 0.007 -25"><span class='ocrx_word' id='word_1_532' title='bbox 537 3653 700 3706; x_wconf 87' lang='lat' dir='ltr'><strong>nerit.</strong></span> <span class='ocrx_word' id='word_1_533' title='bbox 724 3652 855 3719; x_wconf 70' lang='lat' dir='ltr'><strong>Quae</strong></span> <span class='ocrx_word' id='word_1_534' title='bbox 881 3664 1012 3710; x_wconf 89' lang='lat' dir='ltr'><strong>sunt</strong></span> <span class='ocrx_word' id='word_1_535' title='bbox 1040 3655 1479 3713; x_wconf 86' lang='lat' dir='ltr'><strong>adversariorum</strong></span> <span class='ocrx_word' id='word_1_536' title='bbox 1513 3662 1737 3730; x_wconf 72' lang='lat' dir='ltr'><strong>argutiae</strong></span> <span class='ocrx_word' id='word_1_537' title='bbox 1758 3660 1781 3715; x_wconf 86' lang='lat'><strong>?</strong></span> <span class='ocrx_word' id='word_1_538' title='bbox 1806 3661 1964 3728; x_wconf 89' lang='lat' dir='ltr'><strong>Quod</strong></span> <span class='ocrx_word' id='word_1_539' title='bbox 1997 3668 2117 3716; x_wconf 89' lang='lat' dir='ltr'><strong>erat</strong></span> 
     </span>
    </p>
   </div>
   <div class='ocr_carea' id='block_1_71' title="bbox 536 3743 2115 3820">
    <p class='ocr_par' dir='ltr' id='par_1_71' title="bbox 536 3743 2115 3820">
     <span class='ocr_line' id='line_1_71' title="bbox 536 3743 2115 3820; baseline 0.007 -25"><span class='ocrx_word' id='word_1_540' title='bbox 536 3743 761 3807; x_wconf 85' lang='lat' dir='ltr'><strong>mansit,</strong></span> <span class='ocrx_word' id='word_1_541' title='bbox 784 3744 926 3813; x_wconf 87' lang='lat' dir='ltr'><strong>quod</strong></span> <span class='ocrx_word' id='word_1_542' title='bbox 959 3759 1068 3798; x_wconf 90' lang='lat' dir='ltr'><strong>non</strong></span> <span class='ocrx_word' id='word_1_543' title='bbox 1120 3756 1240 3799; x_wconf 90' lang='lat' dir='ltr'><strong>erat</strong></span> <span class='ocrx_word' id='word_1_544' title='bbox 1275 3745 1449 3804; x_wconf 85' lang='lat' dir='ltr'><strong>lactus</strong></span> <span class='ocrx_word' id='word_1_545' title='bbox 1477 3758 1580 3803; x_wconf 90' lang='lat' dir='ltr'><strong>est.</strong></span> <span class='ocrx_word' id='word_1_546' title='bbox 1618 3748 1781 3820; x_wconf 74' lang='lat' dir='ltr'><strong>Igitur</strong></span> <span class='ocrx_word' id='word_1_547' title='bbox 1816 3759 1909 3804; x_wconf 90' lang='lat' dir='ltr'><strong>aut</strong></span> <span class='ocrx_word' id='word_1_548' title='bbox 1938 3751 2115 3806; x_wconf 83' lang='lat' dir='ltr'><strong>divisa</strong></span> 
     </span>
    </p>
   </div>
   <div class='ocr_carea' id='block_1_72' title="bbox 536 3834 2112 3907">
    <p class='ocr_par' dir='ltr' id='par_1_72' title="bbox 536 3834 2112 3907">
     <span class='ocr_line' id='line_1_72' title="bbox 536 3834 2112 3907; baseline 0.005 -22"><span class='ocrx_word' id='word_1_549' title='bbox 536 3841 626 3886; x_wconf 82' lang='lat' dir='ltr'><strong>est</strong></span> <span class='ocrx_word' id='word_1_550' title='bbox 683 3845 873 3887; x_wconf 79' lang='lat' dir='ltr'><strong>natura</strong></span> <span class='ocrx_word' id='word_1_551' title='bbox 927 3834 1226 3899; x_wconf 89' lang='lat' dir='ltr'><strong>individua,</strong></span> <span class='ocrx_word' id='word_1_552' title='bbox 1259 3844 1313 3891; x_wconf 91' lang='lat' dir='ltr'><strong>et</strong></span> <span class='ocrx_word' id='word_1_553' title='bbox 1340 3853 1466 3907; x_wconf 86' lang='lat' dir='ltr'><strong>pars</strong></span> <span class='ocrx_word' id='word_1_554' title='bbox 1491 3839 1709 3907; x_wconf 86' lang='lat' dir='ltr'><strong>quidem</strong></span> <span class='ocrx_word' id='word_1_555' title='bbox 1742 3855 1846 3893; x_wconf 91' lang='lat' dir='ltr'><strong>una</strong></span> <span class='ocrx_word' id='word_1_556' title='bbox 1880 3841 2112 3904; x_wconf 87' lang='lat' dir='ltr'><strong>mansit,</strong></span> 
     </span>
    </p>
   </div>
   <div class='ocr_carea' id='block_1_73' title="bbox 537 3924 2116 3995">
    <p class='ocr_par' dir='ltr' id='par_1_73' title="bbox 537 3924 2116 3995">
     <span class='ocr_line' id='line_1_73' title="bbox 537 3924 2116 3995; baseline 0.006 -19"><span class='ocrx_word' id='word_1_557' title='bbox 537 3924 712 3978; x_wconf 83' lang='lat' dir='ltr'><strong>altera</strong></span> <span class='ocrx_word' id='word_1_558' title='bbox 768 3936 977 3979; x_wconf 87' lang='lat' dir='ltr'><strong>mutata</strong></span> <span class='ocrx_word' id='word_1_559' title='bbox 1029 3944 1143 3994; x_wconf 84' lang='lat' dir='ltr'><strong>est;</strong></span> <span class='ocrx_word' id='word_1_560' title='bbox 1196 3936 1290 3982; x_wconf 86' lang='lat' dir='ltr'><strong>aut</strong></span> <span class='ocrx_word' id='word_1_561' title='bbox 1340 3936 1513 3983; x_wconf 90' lang='lat' dir='ltr'><strong>totum</strong></span> <span class='ocrx_word' id='word_1_562' title='bbox 1564 3939 1832 3984; x_wconf 88' lang='lat' dir='ltr'><strong>mutatum</strong></span> <span class='ocrx_word' id='word_1_563' title='bbox 1876 3941 1983 3995; x_wconf 92' lang='lat' dir='ltr'><strong>est,</strong></span> <span class='ocrx_word' id='word_1_564' title='bbox 2023 3943 2116 3986; x_wconf 83' lang='lat' dir='ltr'><strong>aut</strong></span> 
     </span>
    </p>
   </div>
   <div class='ocr_carea' id='block_1_74' title="bbox 538 4013 2121 4091">
    <p class='ocr_par' dir='ltr' id='par_1_74' title="bbox 538 4013 2121 4091">
     <span class='ocr_line' id='line_1_74' title="bbox 538 4013 2121 4091; baseline 0.006 -22"><span class='ocrx_word' id='word_1_565' title='bbox 538 4015 724 4084; x_wconf 80' lang='lat' dir='ltr'><strong>specie</strong></span> <span class='ocrx_word' id='word_1_566' title='bbox 778 4013 983 4070; x_wconf 80' lang='lat' dir='ltr'><strong>factum</strong></span> <span class='ocrx_word' id='word_1_567' title='bbox 1021 4026 1127 4081; x_wconf 89' lang='lat' dir='ltr'><strong>est,</strong></span> <span class='ocrx_word' id='word_1_568' title='bbox 1152 4029 1247 4073; x_wconf 91' lang='lat' dir='ltr'><strong>aut</strong></span> <span class='ocrx_word' id='word_1_569' title='bbox 1283 4019 1392 4073; x_wconf 90' lang='lat' dir='ltr'><strong>dici</strong></span> <span class='ocrx_word' id='word_1_570' title='bbox 1424 4020 1516 4074; x_wconf 88' lang='lat' dir='ltr'><strong>illa</strong></span> <span class='ocrx_word' id='word_1_571' title='bbox 1538 4021 1758 4091; x_wconf 91' lang='lat' dir='ltr'><strong>quidem</strong></span> <span class='ocrx_word' id='word_1_572' title='bbox 1788 4023 2007 4086; x_wconf 88' lang='lat' dir='ltr'><strong>debent,</strong></span> <span class='ocrx_word' id='word_1_573' title='bbox 2038 4026 2121 4078; x_wconf 84' lang='lat' dir='ltr'><strong>in-</strong></span> 
     </span>
    </p>
   </div>
   <div class='ocr_carea' id='block_1_75' title="bbox 537 4105 2115 4184">
    <p class='ocr_par' dir='ltr' id='par_1_75' title="bbox 537 4105 2115 4184">
     <span class='ocr_line' id='line_1_75' title="bbox 537 4105 2115 4184; baseline 0.006 -26"><span class='ocrx_word' id='word_1_574' title='bbox 537 4105 709 4171; x_wconf 78' lang='lat' dir='ltr'><strong>telligi</strong></span> <span class='ocrx_word' id='word_1_575' title='bbox 756 4121 866 4160; x_wconf 90' lang='lat' dir='ltr'><strong>non</strong></span> <span class='ocrx_word' id='word_1_576' title='bbox 919 4107 1137 4163; x_wconf 85' lang='lat' dir='ltr'><strong>debent.</strong></span> <span class='ocrx_word' id='word_1_577' title='bbox 1173 4109 1309 4175; x_wconf 89' lang='lat' dir='ltr'><strong>Quis</strong></span> <span class='ocrx_word' id='word_1_578' title='bbox 1342 4111 1507 4181; x_wconf 87' lang='lat' dir='ltr'><strong>igitur</strong></span> <span class='ocrx_word' id='word_1_579' title='bbox 1547 4112 1698 4167; x_wconf 88' lang='lat' dir='ltr'><strong>verbi</strong></span> <span class='ocrx_word' id='word_1_580' title='bbox 1734 4114 1870 4167; x_wconf 86' lang='lat' dir='ltr'><strong>nihil</strong></span> <span class='ocrx_word' id='word_1_581' title='bbox 1902 4113 2115 4184; x_wconf 83' lang='lat' dir='ltr'><strong>signiti-</strong></span> 
     </span>
    </p>
   </div>
   <div class='ocr_carea' id='block_1_76' title="bbox 536 4198 2118 4268">
    <p class='ocr_par' dir='ltr' id='par_1_76' title="bbox 536 4198 2118 4268">
     <span class='ocr_line' id='line_1_76' title="bbox 536 4198 2118 4268; baseline 0.005 -18"><span class='ocrx_word' id='word_1_582' title='bbox 536 4199 720 4252; x_wconf 88' lang='lat' dir='ltr'><strong>cantis</strong></span> <span class='ocrx_word' id='word_1_583' title='bbox 765 4200 935 4254; x_wconf 87' lang='lat' dir='ltr'><strong>usus?</strong></span> <span class='ocrx_word' id='word_1_584' title='bbox 966 4198 1167 4255; x_wconf 87' lang='lat' dir='ltr'><strong>Verqu</strong></span> <span class='ocrx_word' id='word_1_585' title='bbox 1215 4210 1273 4254; x_wconf 91' lang='lat' dir='ltr'><strong>ut</strong></span> <span class='ocrx_word' id='word_1_586' title='bbox 1297 4201 1366 4256; x_wconf 91' lang='lat' dir='ltr'><strong>ah</strong></span> <span class='ocrx_word' id='word_1_587' title='bbox 1405 4203 1562 4257; x_wconf 87' lang='lat' dir='ltr'><strong>initio</strong></span> <span class='ocrx_word' id='word_1_588' title='bbox 1606 4206 1866 4259; x_wconf 85' lang='lat' dir='ltr'><strong>traditum</strong></span> <span class='ocrx_word' id='word_1_589' title='bbox 1890 4212 1995 4268; x_wconf 89' lang='lat' dir='ltr'><strong>est,</strong></span> <span class='ocrx_word' id='word_1_590' title='bbox 2035 4205 2118 4258; x_wconf 83' lang='lat' dir='ltr'><strong>lir-</strong></span> 
     </span>
    </p>
   </div>
   <div class='ocr_carea' id='block_1_77' title="bbox 539 4292 2114 4365">
    <p class='ocr_par' dir='ltr' id='par_1_77' title="bbox 539 4292 2114 4365">
     <span class='ocr_line' id='line_1_77' title="bbox 539 4292 2114 4365; baseline 0.006 -22"><span class='ocrx_word' id='word_1_591' title='bbox 539 4302 689 4343; x_wconf 85' lang='lat' dir='ltr'><strong>mum</strong></span> <span class='ocrx_word' id='word_1_592' title='bbox 710 4296 814 4354; x_wconf 88' lang='lat' dir='ltr'><strong>est,</strong></span> <span class='ocrx_word' id='word_1_593' title='bbox 831 4300 882 4346; x_wconf 88' lang='lat' dir='ltr'><strong>et</strong></span> <span class='ocrx_word' id='word_1_594' title='bbox 900 4292 1045 4361; x_wconf 91' lang='lat' dir='ltr'><strong>quod</strong></span> <span class='ocrx_word' id='word_1_595' title='bbox 1069 4294 1272 4346; x_wconf 85' lang='lat' dir='ltr'><strong>dictum</strong></span> <span class='ocrx_word' id='word_1_596' title='bbox 1292 4304 1395 4356; x_wconf 89' lang='lat' dir='ltr'><strong>est,</strong></span> <span class='ocrx_word' id='word_1_597' title='bbox 1409 4302 1463 4348; x_wconf 91' lang='lat' dir='ltr'><strong>et</strong></span> <span class='ocrx_word' id='word_1_598' title='bbox 1479 4297 1622 4365; x_wconf 84' lang='lat' dir='ltr'><strong>quod</strong></span> <span class='ocrx_word' id='word_1_599' title='bbox 1642 4297 1793 4351; x_wconf 89' lang='lat' dir='ltr'><strong>velut</strong></span> <span class='ocrx_word' id='word_1_600' title='bbox 1816 4298 2114 4352; x_wconf 89' lang='lat' dir='ltr'><strong>obscurum</strong></span> 
     </span>
    </p>
   </div>
   <div class='ocr_carea' id='block_1_78' title="bbox 539 4378 2114 4457">
    <p class='ocr_par' dir='ltr' id='par_1_78' title="bbox 539 4378 2114 4457">
     <span class='ocr_line' id='line_1_78' title="bbox 539 4378 2114 4457; baseline 0.007 -25"><span class='ocrx_word' id='word_1_601' title='bbox 539 4378 669 4433; x_wconf 71' lang='lat' dir='ltr'><strong>inde</strong></span> <span class='ocrx_word' id='word_1_602' title='bbox 700 4384 1071 4452; x_wconf 88' lang='lat' dir='ltr'><strong>consequitur.</strong></span> <span class='ocrx_word' id='word_1_603' title='bbox 1094 4383 1297 4451; x_wconf 83' lang='lat' dir='ltr'><strong>Estque</strong></span> <span class='ocrx_word' id='word_1_604' title='bbox 1331 4386 1709 4455; x_wconf 88' lang='lat' dir='ltr'><strong>interpretatio</strong></span> <span class='ocrx_word' id='word_1_605' title='bbox 1738 4390 2032 4457; x_wconf 88' lang='lat' dir='ltr'><strong>perspicua</strong></span> <span class='ocrx_word' id='word_1_606' title='bbox 2060 4397 2114 4443; x_wconf 91' lang='lat' dir='ltr'><strong>et</strong></span> 
     </span>
    </p>
   </div>
   <div class='ocr_carea' id='block_1_79' title="bbox 539 4471 2110 4551">
    <p class='ocr_par' dir='ltr' id='par_1_79' title="bbox 539 4471 2110 4551">
     <span class='ocr_line' id='line_1_79' title="bbox 539 4471 2110 4551; baseline 0.008 -28"><span class='ocrx_word' id='word_1_607' title='bbox 539 4471 812 4525; x_wconf 86' lang='lat' dir='ltr'><strong>sententia</strong></span> <span class='ocrx_word' id='word_1_608' title='bbox 853 4473 961 4543; x_wconf 92' lang='lat' dir='ltr'><strong>pia,</strong></span> <span class='ocrx_word' id='word_1_609' title='bbox 991 4481 1045 4527; x_wconf 88' lang='lat' dir='ltr'><strong>et</strong></span> <span class='ocrx_word' id='word_1_610' title='bbox 1082 4476 1228 4544; x_wconf 92' lang='lat' dir='ltr'><strong>quod</strong></span> <span class='ocrx_word' id='word_1_611' title='bbox 1261 4474 1377 4530; x_wconf 82' lang='lat' dir='ltr'><strong>ﬁeri</strong></span> <span class='ocrx_word' id='word_1_612' title='bbox 1424 4492 1532 4531; x_wconf 89' lang='lat' dir='ltr'><strong>non</strong></span> <span class='ocrx_word' id='word_1_613' title='bbox 1573 4485 1773 4547; x_wconf 85' lang='lat' dir='ltr'><strong>potest,</strong></span> <span class='ocrx_word' id='word_1_614' title='bbox 1808 4480 2110 4551; x_wconf 83' lang='lat' dir='ltr'><strong>expugnari</strong></span> 
     </span>
    </p>
   </div>
   <div class='ocr_carea' id='block_1_80' title="bbox 538 4561 2116 4634">
    <p class='ocr_par' dir='ltr' id='par_1_80' title="bbox 538 4561 2116 4634">
     <span class='ocr_line' id='line_1_80' title="bbox 538 4561 2116 4634; baseline 0.008 -19"><span class='ocrx_word' id='word_1_615' title='bbox 538 4576 649 4615; x_wconf 90' lang='lat' dir='ltr'><strong>non</strong></span> <span class='ocrx_word' id='word_1_616' title='bbox 682 4571 879 4632; x_wconf 85' lang='lat' dir='ltr'><strong>potest.</strong></span> <span class='ocrx_word' id='word_1_617' title='bbox 909 4561 1051 4619; x_wconf 88' lang='lat' dir='ltr'><strong>Nihil</strong></span> <span class='ocrx_word' id='word_1_618' title='bbox 1074 4565 1163 4620; x_wconf 91' lang='lat' dir='ltr'><strong>hic</strong></span> <span class='ocrx_word' id='word_1_619' title='bbox 1208 4565 1490 4634; x_wconf 88' lang='lat' dir='ltr'><strong>indecens,</strong></span> <span class='ocrx_word' id='word_1_620' title='bbox 1540 4584 1641 4624; x_wconf 87' lang='lat' dir='ltr'><strong>nec</strong></span> <span class='ocrx_word' id='word_1_621' title='bbox 1669 4570 1970 4625; x_wconf 86' lang='lat' dir='ltr'><strong>contradici</strong></span> <span class='ocrx_word' id='word_1_622' title='bbox 2010 4572 2116 4627; x_wconf 83' lang='lat' dir='ltr'><strong>ﬁde</strong></span> 
     </span>
    </p>
   </div>
   <div class='ocr_carea' id='block_1_81' title="bbox 540 4654 2111 4736">
    <p class='ocr_par' dir='ltr' id='par_1_81' title="bbox 540 4654 2111 4736">
     <span class='ocr_line' id='line_1_81' title="bbox 540 4654 2111 4736; baseline 0.01 -27"><span class='ocrx_word' id='word_1_623' title='bbox 540 4654 863 4727; x_wconf 79' lang='lat' dir='ltr'><strong>dignissimo</strong></span> <span class='ocrx_word' id='word_1_624' title='bbox 884 4659 1238 4729; x_wconf 89' lang='lat' dir='ltr'><strong>plurimorum</strong></span> <span class='ocrx_word' id='word_1_625' title='bbox 1262 4669 1561 4733; x_wconf 87' lang='lat' dir='ltr'><strong>martyrum</strong></span> <span class='ocrx_word' id='word_1_626' title='bbox 1582 4664 1894 4719; x_wconf 77' lang='lat' dir='ltr'><strong>teStimonio</strong></span> <span class='ocrx_word' id='word_1_627' title='bbox 1912 4674 2111 4736; x_wconf 87' lang='lat' dir='ltr'><strong>potest.</strong></span> 
     </span>
    </p>
   </div>
   <div class='ocr_carea' id='block_1_82' title="bbox 542 4745 2109 4829">
    <p class='ocr_par' dir='ltr' id='par_1_82' title="bbox 542 4745 2109 4829">
     <span class='ocr_line' id='line_1_82' title="bbox 542 4745 2109 4829; baseline 0.009 -27"><span class='ocrx_word' id='word_1_628' title='bbox 542 4745 705 4802; x_wconf 76' lang='lat' dir='ltr'><strong>Salva</strong></span> <span class='ocrx_word' id='word_1_629' title='bbox 745 4758 928 4805; x_wconf 90' lang='lat' dir='ltr'><strong>manet</strong></span> <span class='ocrx_word' id='word_1_630' title='bbox 954 4757 1009 4805; x_wconf 86' lang='lat' dir='ltr'><strong>et</strong></span> <span class='ocrx_word' id='word_1_631' title='bbox 1041 4751 1344 4808; x_wconf 88' lang='lat' dir='ltr'><strong>divinitatis</strong></span> <span class='ocrx_word' id='word_1_632' title='bbox 1379 4753 1814 4821; x_wconf 87' lang='lat' dir='ltr'><strong>immutabilitas,</strong></span> <span class='ocrx_word' id='word_1_633' title='bbox 1839 4768 1892 4813; x_wconf 88' lang='lat' dir='ltr'><strong>et</strong></span> <span class='ocrx_word' id='word_1_634' title='bbox 1921 4761 2109 4829; x_wconf 82' lang='lat' dir='ltr'><strong>passio</strong></span> 
     </span>
    </p>
   </div>
   <div class='ocr_carea' id='block_1_83' title="bbox 541 4841 2107 4911">
    <p class='ocr_par' dir='ltr' id='par_1_83' title="bbox 541 4841 2107 4911">
     <span class='ocr_line' id='line_1_83' title="bbox 541 4841 2107 4911; baseline 0.011 -20"><span class='ocrx_word' id='word_1_635' title='bbox 541 4841 753 4911; x_wconf 87' lang='lat' dir='ltr'><strong>templi,</strong></span> <span class='ocrx_word' id='word_1_636' title='bbox 776 4850 836 4896; x_wconf 92' lang='lat' dir='ltr'><strong>ut</strong></span> <span class='ocrx_word' id='word_1_637' title='bbox 857 4853 1087 4905; x_wconf 89' lang='lat' dir='ltr'><strong>vocant,</strong></span> <span class='ocrx_word' id='word_1_638' title='bbox 1136 4859 1246 4899; x_wconf 93' lang='lat' dir='ltr'><strong>non</strong></span> <span class='ocrx_word' id='word_1_639' title='bbox 1279 4861 1407 4902; x_wconf 91' lang='lat' dir='ltr'><strong>vero</strong></span> <span class='ocrx_word' id='word_1_640' title='bbox 1434 4848 1774 4904; x_wconf 69' lang='lat' dir='ltr'><strong>~suscitantis</strong></span> <span class='ocrx_word' id='word_1_641' title='bbox 1817 4852 1966 4906; x_wconf 15' lang='lat' dir='ltr'><strong>illud.</strong></span> <span class='ocrx_word' id='word_1_642' title='bbox 1992 4854 2107 4910; x_wconf 90' lang='lat' dir='ltr'><strong>Dei.</strong></span> 
     </span>
    </p>
   </div>
   <div class='ocr_carea' id='block_1_84' title="bbox 541 4931 2114 5012">
    <p class='ocr_par' dir='ltr' id='par_1_84' title="bbox 541 4931 2114 5012">
     <span class='ocr_line' id='line_1_84' title="bbox 541 4931 2114 5012; baseline 0.008 -26"><span class='ocrx_word' id='word_1_643' title='bbox 541 4931 682 4998; x_wconf 85' lang='lat' dir='ltr'><strong>Quid</strong></span> <span class='ocrx_word' id='word_1_644' title='bbox 714 4932 860 5002; x_wconf 91' lang='lat' dir='ltr'><strong>quod</strong></span> <span class='ocrx_word' id='word_1_645' title='bbox 888 4935 1186 4990; x_wconf 90' lang='lat' dir='ltr'><strong>secundum</strong></span> <span class='ocrx_word' id='word_1_646' title='bbox 1208 4939 1366 5006; x_wconf 90' lang='lat' dir='ltr'><strong>istos,</strong></span> <span class='ocrx_word' id='word_1_647' title='bbox 1398 4955 1469 4994; x_wconf 90' lang='lat' dir='ltr'><strong>ne</strong></span> <span class='ocrx_word' id='word_1_648' title='bbox 1500 4948 1674 4996; x_wconf 87' lang='lat' dir='ltr'><strong>mater</strong></span> <span class='ocrx_word' id='word_1_649' title='bbox 1697 4942 1917 5012; x_wconf 89' lang='lat' dir='ltr'><strong>quidem</strong></span> <span class='ocrx_word' id='word_1_650' title='bbox 1948 4942 2114 5000; x_wconf 81' lang='lat' dir='ltr'><strong>fuerit</strong></span> 
     </span>
    </p>
   </div>
   <div class='ocr_carea' id='block_1_85' title="bbox 539 5022 2111 5102">
    <p class='ocr_par' dir='ltr' id='par_1_85' title="bbox 539 5022 2111 5102">
     <span class='ocr_line' id='line_1_85' title="bbox 539 5022 2111 5102; baseline 0.01 -26"><span class='ocrx_word' id='word_1_651' title='bbox 539 5022 726 5095; x_wconf 83' lang='lat' dir='ltr'><strong>Virgo.</strong></span> <span class='ocrx_word' id='word_1_652' title='bbox 759 5026 815 5080; x_wconf 88' lang='lat' dir='ltr'><strong>Si</strong></span> <span class='ocrx_word' id='word_1_653' title='bbox 840 5029 982 5081; x_wconf 89' lang='lat' dir='ltr'><strong>enim</strong></span> <span class='ocrx_word' id='word_1_654' title='bbox 1012 5025 1249 5084; x_wconf 80' lang='lat' dir='ltr'><strong>Verbum</strong></span> <span class='ocrx_word' id='word_1_655' title='bbox 1293 5032 1534 5102; x_wconf 90' lang='lat' dir='ltr'><strong>seipsum</strong></span> <span class='ocrx_word' id='word_1_656' title='bbox 1565 5032 1694 5088; x_wconf 85' lang='lat' dir='ltr'><strong>fecit</strong></span> <span class='ocrx_word' id='word_1_657' title='bbox 1724 5050 1968 5101; x_wconf 90' lang='lat' dir='ltr'><strong>carnem,</strong></span> <span class='ocrx_word' id='word_1_658' title='bbox 1998 5051 2111 5092; x_wconf 91' lang='lat' dir='ltr'><strong>non</strong></span> 
     </span>
    </p>
   </div>
   <div class='ocr_carea' id='block_1_86' title="bbox 538 5118 2104 5196">
    <p class='ocr_par' dir='ltr' id='par_1_86' title="bbox 538 5118 2104 5196">
     <span class='ocr_line' id='line_1_86' title="bbox 538 5118 2104 5196; baseline 0.01 -26"><span class='ocrx_word' id='word_1_659' title='bbox 538 5135 606 5172; x_wconf 83' lang='lat' dir='ltr'><strong>ex</strong></span> <span class='ocrx_word' id='word_1_660' title='bbox 628 5118 720 5171; x_wconf 89' lang='lat' dir='ltr'><strong>illa</strong></span> <span class='ocrx_word' id='word_1_661' title='bbox 752 5134 973 5174; x_wconf 89' lang='lat' dir='ltr'><strong>carnem</strong></span> <span class='ocrx_word' id='word_1_662' title='bbox 1020 5125 1350 5181; x_wconf 79' lang='lat' dir='ltr'><strong>assumenda</strong></span> <span class='ocrx_word' id='word_1_663' title='bbox 1396 5128 1616 5196; x_wconf 89' lang='lat' dir='ltr'><strong>prodiit.</strong></span> <span class='ocrx_word' id='word_1_664' title='bbox 1649 5125 1936 5193; x_wconf 85' lang='lat' dir='ltr'><strong>Quomodo</strong></span> <span class='ocrx_word' id='word_1_665' title='bbox 1956 5131 2104 5187; x_wconf 90' lang='lat' dir='ltr'><strong>enim</strong></span> 
     </span>
    </p>
   </div>
   <div class='ocr_carea' id='block_1_87' title="bbox 539 5209 2110 5297">
    <p class='ocr_par' dir='ltr' id='par_1_87' title="bbox 539 5209 2110 5297">
     <span class='ocr_line' id='line_1_87' title="bbox 539 5209 2110 5297; baseline 0.012 -40"><span class='ocrx_word' id='word_1_666' title='bbox 539 5215 735 5272; x_wconf 81' lang='lat' dir='ltr'><strong>mater,</strong></span> <span class='ocrx_word' id='word_1_667' title='bbox 781 5209 942 5277; x_wconf 87' lang='lat' dir='ltr'><strong>cujus</strong></span> <span class='ocrx_word' id='word_1_668' title='bbox 985 5211 1131 5281; x_wconf 89' lang='lat' dir='ltr'><strong>quod</strong></span> <span class='ocrx_word' id='word_1_669' title='bbox 1175 5222 1363 5268; x_wconf 89' lang='lat' dir='ltr'><strong>natum</strong></span> <span class='ocrx_word' id='word_1_670' title='bbox 1397 5224 1503 5280; x_wconf 89' lang='lat' dir='ltr'><strong>est,</strong></span> <span class='ocrx_word' id='word_1_671' title='bbox 1546 5217 1683 5271; x_wconf 84' lang='lat' dir='ltr'><strong>nihil</strong></span> <span class='ocrx_word' id='word_1_672' title='bbox 1716 5234 1902 5297; x_wconf 86' lang='lat' dir='ltr'><strong>secum</strong></span> <span class='ocrx_word' id='word_1_673' title='bbox 1943 5220 2110 5293; x_wconf 59' lang='lat'><strong>496</strong></span> 
     </span>
    </p>
   </div>
   <div class='ocr_carea' id='block_1_88' title="bbox 538 5294 2111 5372">
    <p class='ocr_par' dir='ltr' id='par_1_88' title="bbox 538 5294 2111 5372">
     <span class='ocr_line' id='line_1_88' title="bbox 538 5294 2111 5372; baseline 0.012 -26"><span class='ocrx_word' id='word_1_674' title='bbox 538 5294 724 5351; x_wconf 67' lang='lat' dir='ltr'><strong>elicit?</strong></span> <span class='ocrx_word' id='word_1_675' title='bbox 780 5298 1066 5365; x_wconf 87' lang='lat' dir='ltr'><strong>Quomodo</strong></span> <span class='ocrx_word' id='word_1_676' title='bbox 1117 5314 1308 5372; x_wconf 91' lang='lat' dir='ltr'><strong>partus</strong></span> <span class='ocrx_word' id='word_1_677' title='bbox 1375 5305 1590 5361; x_wconf 92' lang='lat' dir='ltr'><strong>dicatur</strong></span> <span class='ocrx_word' id='word_1_678' title='bbox 1662 5294 1957 5364; x_wconf 19' lang='lat' dir='ltr'><strong>extr’aneus</strong></span> <span class='ocrx_word' id='word_1_679' title='bbox 2019 5312 2111 5365; x_wconf 91' lang='lat' dir='ltr'><strong>ille</strong></span> 
     </span>
    </p>
   </div>
   <div class='ocr_carea' id='block_1_89' title="bbox 539 5388 2107 5470">
    <p class='ocr_par' dir='ltr' id='par_1_89' title="bbox 539 5388 2107 5470">
     <span class='ocr_line' id='line_1_89' title="bbox 539 5388 2107 5470; baseline 0.011 -35"><span class='ocrx_word' id='word_1_680' title='bbox 539 5388 695 5454; x_wconf 78' lang='lat' dir='ltr'><strong>quasi</strong></span> <span class='ocrx_word' id='word_1_681' title='bbox 747 5405 842 5460; x_wconf 88' lang='lat' dir='ltr'><strong>per</strong></span> <span class='ocrx_word' id='word_1_682' title='bbox 873 5394 1116 5446; x_wconf 87' lang='lat' dir='ltr'><strong>canalem</strong></span> <span class='ocrx_word' id='word_1_683' title='bbox 1169 5395 1469 5452; x_wconf 83' lang='lat' dir='ltr'><strong>transitus?</strong></span> <span class='ocrx_word' id='word_1_684' title='bbox 1507 5396 1625 5453; x_wconf 89' lang='lat' dir='ltr'><strong>Non</strong></span> <span class='ocrx_word' id='word_1_685' title='bbox 1659 5399 1825 5470; x_wconf 89' lang='lat' dir='ltr'><strong>igitur</strong></span> <span class='ocrx_word' id='word_1_686' title='bbox 1858 5400 2107 5463; x_wconf 80' lang='lat' dir='ltr'><strong>Matrem,</strong></span> 
     </span>
    </p>
   </div>
   <div class='ocr_carea' id='block_1_90' title="bbox 540 5478 2109 5559">
    <p class='ocr_par' dir='ltr' id='par_1_90' title="bbox 540 5478 2109 5559">
     <span class='ocr_line' id='line_1_90' title="bbox 540 5478 2109 5559; baseline 0.009 -26"><span class='ocrx_word' id='word_1_687' title='bbox 540 5478 635 5533; x_wconf 80' lang='lat' dir='ltr'><strong>sed</strong></span> <span class='ocrx_word' id='word_1_688' title='bbox 681 5496 778 5538; x_wconf 83' lang='lat' dir='ltr'><strong>vas</strong></span> <span class='ocrx_word' id='word_1_689' title='bbox 810 5481 1020 5539; x_wconf 81' lang='lat' dir='ltr'><strong>faciunt</strong></span> <span class='ocrx_word' id='word_1_690' title='bbox 1050 5484 1326 5558; x_wconf 89' lang='lat' dir='ltr'><strong>Virginem</strong></span> <span class='ocrx_word' id='word_1_691' title='bbox 1380 5504 1646 5548; x_wconf 88' lang='lat' dir='ltr'><strong>sanctam.</strong></span> <span class='ocrx_word' id='word_1_692' title='bbox 1697 5491 1840 5559; x_wconf 87' lang='lat' dir='ltr'><strong>Quin</strong></span> <span class='ocrx_word' id='word_1_693' title='bbox 1879 5509 1950 5549; x_wconf 89' lang='lat' dir='ltr'><strong>ne</strong></span> <span class='ocrx_word' id='word_1_694' title='bbox 2002 5492 2109 5547; x_wconf 89' lang='lat' dir='ltr'><strong>hoc</strong></span> 
     </span>
    </p>
   </div>
   <div class='ocr_carea' id='block_1_91' title="bbox 540 5570 2105 5650">
    <p class='ocr_par' dir='ltr' id='par_1_91' title="bbox 540 5570 2105 5650">
     <span class='ocr_line' id='line_1_91' title="bbox 540 5570 2105 5650; baseline 0.011 -27"><span class='ocrx_word' id='word_1_695' title='bbox 540 5570 756 5639; x_wconf 83' lang='lat' dir='ltr'><strong>quidem</strong></span> <span class='ocrx_word' id='word_1_696' title='bbox 785 5577 1143 5645; x_wconf 82' lang='lat' dir='ltr'><strong>perspiciunt,</strong></span> <span class='ocrx_word' id='word_1_697' title='bbox 1166 5593 1226 5635; x_wconf 89' lang='lat' dir='ltr'><strong>se</strong></span> <span class='ocrx_word' id='word_1_698' title='bbox 1248 5580 1456 5637; x_wconf 84' lang='lat' dir='ltr'><strong>dictum</strong></span> <span class='ocrx_word' id='word_1_699' title='bbox 1486 5582 1639 5650; x_wconf 89' lang='lat' dir='ltr'><strong>illud,</strong></span> <span class='ocrx_word' id='word_1_700' title='bbox 1668 5602 1688 5635; x_wconf 75' lang='grc' dir='ltr'><strong>ι</strong></span> <span class='ocrx_word' id='word_1_701' title='bbox 1713 5582 1953 5641; x_wconf 88' lang='lat' dir='ltr'><strong>Verbum</strong></span> <span class='ocrx_word' id='word_1_702' title='bbox 1974 5599 2105 5641; x_wconf 91' lang='lat' dir='ltr'><strong>caro</strong></span> 
     </span>
    </p>
   </div>
   <div class='ocr_carea' id='block_1_92' title="bbox 2218 3286 3789 3361">
    <p class='ocr_par' dir='ltr' id='par_1_92' title="bbox 2218 3286 3789 3361">
     <span class='ocr_line' id='line_1_92' title="bbox 2218 3286 3789 3361; baseline -0.004 -16"><span class='ocrx_word' id='word_1_703' title='bbox 2218 3291 2438 3361; x_wconf 77' lang='grc' dir='ltr'>δόκησιν</span> <span class='ocrx_word' id='word_1_704' title='bbox 2481 3290 2735 3359; x_wconf 86' lang='grc' dir='ltr'>γέγονεν,</span> <span class='ocrx_word' id='word_1_705' title='bbox 2784 3289 2818 3360; x_wconf 85' lang='grc' dir='ltr'>ἢ</span> <span class='ocrx_word' id='word_1_706' title='bbox 2862 3289 3119 3358; x_wconf 84' lang='grc' dir='ltr'>λέγεσθαι</span> <span class='ocrx_word' id='word_1_707' title='bbox 3176 3289 3275 3360; x_wconf 83' lang='grc' dir='ltr'>μὲν</span> <span class='ocrx_word' id='word_1_708' title='bbox 3339 3287 3551 3356; x_wconf 78' lang='grc' dir='ltr'>ὀφείλει</span> <span class='ocrx_word' id='word_1_709' title='bbox 3606 3286 3789 3350; x_wconf 83' lang='grc' dir='ltr'>ἁπλῶς,</span> 
     </span>
    </p>
   </div>
   <div class='ocr_carea' id='block_1_93' title="bbox 2218 3380 3789 3453">
    <p class='ocr_par' dir='ltr' id='par_1_93' title="bbox 2218 3380 3789 3453">
     <span class='ocr_line' id='line_1_93' title="bbox 2218 3380 3789 3453; baseline -0.004 -16"><span class='ocrx_word' id='word_1_710' title='bbox 2218 3383 2453 3437; x_wconf 81' lang='grc' dir='ltr'>νοεῖσθαι</span> <span class='ocrx_word' id='word_1_711' title='bbox 2486 3382 2544 3435; x_wconf 82' lang='grc' dir='ltr'>δὲ</span> <span class='ocrx_word' id='word_1_712' title='bbox 2582 3383 2679 3453; x_wconf 84' lang='grc' dir='ltr'><strong>οὐχ</strong></span> <span class='ocrx_word' id='word_1_713' title='bbox 2717 3381 2967 3453; x_wconf 79' lang='grc' dir='ltr'>ἁρμόζει.</span> <span class='ocrx_word' id='word_1_714' title='bbox 3000 3382 3110 3435; x_wconf 78' lang='grc' dir='ltr'>Καὶ</span> <span class='ocrx_word' id='word_1_715' title='bbox 3131 3382 3213 3445; x_wconf 85' lang='grc' dir='ltr'><strong>τίς</strong></span> <span class='ocrx_word' id='word_1_716' title='bbox 3243 3380 3407 3452; x_wconf 84' lang='grc' dir='ltr'>χρεία</span> <span class='ocrx_word' id='word_1_717' title='bbox 3431 3380 3608 3449; x_wconf 84' lang='grc' dir='ltr'>Λόγου</span> <span class='ocrx_word' id='word_1_718' title='bbox 3643 3380 3789 3452; x_wconf 74' lang='grc' dir='ltr'>μηδὲν</span> 
     </span>
    </p>
   </div>
   <div class='ocr_carea' id='block_1_94' title="bbox 2220 3469 3791 3545">
    <p class='ocr_par' dir='ltr' id='par_1_94' title="bbox 2220 3469 3791 3545">
     <span class='ocr_line' id='line_1_94' title="bbox 2220 3469 3791 3545; baseline -0.004 -18"><span class='ocrx_word' id='word_1_719' title='bbox 2220 3474 2608 3545; x_wconf 82' lang='grc' dir='ltr'>σημαίνοντος;</span> <span class='ocrx_word' id='word_1_720' title='bbox 2653 3471 2791 3525; x_wconf 85' lang='grc' dir='ltr'>Ἀλλ’</span> <span class='ocrx_word' id='word_1_721' title='bbox 2844 3471 2919 3536; x_wconf 87' lang='grc' dir='ltr'><strong>ῶς</strong></span> <span class='ocrx_word' id='word_1_722' title='bbox 2965 3472 3061 3524; x_wconf 80' lang='grc' dir='ltr'>ἀπ’</span> <span class='ocrx_word' id='word_1_723' title='bbox 3088 3470 3265 3542; x_wconf 85' lang='grc' dir='ltr'>ἀρχῆς</span> <span class='ocrx_word' id='word_1_724' title='bbox 3298 3469 3683 3542; x_wconf 82' lang='grc' dir='ltr'>παραδέδοται,</span> <span class='ocrx_word' id='word_1_725' title='bbox 3712 3469 3791 3522; x_wconf 81' lang='grc' dir='ltr'><strong>καὶ</strong></span> 
     </span>
    </p>
   </div>
   <div class='ocr_carea' id='block_1_95' title="bbox 2216 3564 3790 3638">
    <p class='ocr_par' dir='ltr' id='par_1_95' title="bbox 2216 3564 3790 3638">
     <span class='ocr_line' id='line_1_95' title="bbox 2216 3564 3790 3638; baseline 0.001 -18"><span class='ocrx_word' id='word_1_726' title='bbox 2216 3566 2278 3620; x_wconf 82' lang='grc' dir='ltr'><strong>τὸ</strong></span> <span class='ocrx_word' id='word_1_727' title='bbox 2309 3566 2599 3638; x_wconf 74' lang='grc' dir='ltr'>εἰρημένον</span> <span class='ocrx_word' id='word_1_728' title='bbox 2629 3564 2864 3635; x_wconf 81' lang='grc' dir='ltr'>βέϐαιον,</span> <span class='ocrx_word' id='word_1_729' title='bbox 2914 3565 3009 3618; x_wconf 77' lang='grc' dir='ltr'><strong>καὶ</strong></span> <span class='ocrx_word' id='word_1_730' title='bbox 3052 3564 3113 3617; x_wconf 87' lang='grc' dir='ltr'>τὺ</span> <span class='ocrx_word' id='word_1_731' title='bbox 3146 3564 3446 3619; x_wconf 89' lang='grc' dir='ltr'>ἀκόλουθον</span> <span class='ocrx_word' id='word_1_732' title='bbox 3478 3566 3556 3632; x_wconf 83' lang='grc' dir='ltr'>ὡς</span> <span class='ocrx_word' id='word_1_733' title='bbox 3600 3565 3790 3636; x_wconf 79' lang='grc' dir='ltr'>ἄδηλον.</span> 
     </span>
    </p>
   </div>
   <div class='ocr_carea' id='block_1_96' title="bbox 2217 3657 3792 3731">
    <p class='ocr_par' dir='ltr' id='par_1_96' title="bbox 2217 3657 3792 3731">
     <span class='ocr_line' id='line_1_96' title="bbox 2217 3657 3792 3731; baseline -0.001 -18"><span class='ocrx_word' id='word_1_734' title='bbox 2217 3660 2313 3713; x_wconf 79' lang='grc' dir='ltr'><strong>καὶ</strong></span> <span class='ocrx_word' id='word_1_735' title='bbox 2337 3661 2370 3731; x_wconf 76' lang='grc' dir='ltr'>ἡ</span> <span class='ocrx_word' id='word_1_736' title='bbox 2405 3657 2669 3731; x_wconf 80' lang='grc' dir='ltr'>ἑρμηνεία</span> <span class='ocrx_word' id='word_1_737' title='bbox 2695 3658 2890 3729; x_wconf 82' lang='grc' dir='ltr'>σαφὴς,</span> <span class='ocrx_word' id='word_1_738' title='bbox 2917 3657 3064 3729; x_wconf 81' lang='grc' dir='ltr'>καὶὴ</span> <span class='ocrx_word' id='word_1_739' title='bbox 3102 3657 3312 3712; x_wconf 83' lang='grc' dir='ltr'>διάνοια</span> <span class='ocrx_word' id='word_1_740' title='bbox 3351 3660 3608 3731; x_wconf 79' lang='grc' dir='ltr'>εὐσεϐὴς,</span> <span class='ocrx_word' id='word_1_741' title='bbox 3634 3661 3720 3731; x_wconf 74' lang='grc' dir='ltr'><strong>καὶ</strong></span> <span class='ocrx_word' id='word_1_742' title='bbox 3741 3659 3792 3712; x_wconf 75' lang='grc' dir='ltr'>τὸ</span> 
     </span>
    </p>
   </div>
   <div class='ocr_carea' id='block_1_97' title="bbox 2216 3748 3789 3824">
    <p class='ocr_par' dir='ltr' id='par_1_97' title="bbox 2216 3748 3789 3824">
     <span class='ocr_line' id='line_1_97' title="bbox 2216 3748 3789 3824; baseline -0.003 -17"><span class='ocrx_word' id='word_1_743' title='bbox 2216 3751 2475 3807; x_wconf 82' lang='grc' dir='ltr'>ἀδύνατον</span> <span class='ocrx_word' id='word_1_744' title='bbox 2500 3751 2734 3821; x_wconf 85' lang='grc' dir='ltr'>ἄμαχον,</span> <span class='ocrx_word' id='word_1_745' title='bbox 2773 3750 2866 3803; x_wconf 80' lang='grc' dir='ltr'>καὶ</span> <span class='ocrx_word' id='word_1_746' title='bbox 2893 3748 2952 3802; x_wconf 79' lang='grc' dir='ltr'>τὸ</span> <span class='ocrx_word' id='word_1_747' title='bbox 2984 3749 3263 3820; x_wconf 80' lang='grc' dir='ltr'>εὐπρεπὲς</span> <span class='ocrx_word' id='word_1_748' title='bbox 3298 3753 3653 3824; x_wconf 82' lang='grc' dir='ltr'>συνυπάρχον</span> <span class='ocrx_word' id='word_1_749' title='bbox 3672 3795 3685 3816; x_wconf 83' lang='grc'><strong>,</strong></span> <span class='ocrx_word' id='word_1_750' title='bbox 3709 3751 3789 3804; x_wconf 82' lang='grc' dir='ltr'>καὶ</span> 
     </span>
    </p>
   </div>
   <div class='ocr_carea' id='block_1_98' title="bbox 2216 3843 3787 3918">
    <p class='ocr_par' dir='ltr' id='par_1_98' title="bbox 2216 3843 3787 3918">
     <span class='ocr_line' id='line_1_98' title="bbox 2216 3843 3787 3918; baseline -0.003 -18"><span class='ocrx_word' id='word_1_751' title='bbox 2216 3846 2278 3901; x_wconf 85' lang='grc' dir='ltr'>τὸ</span> <span class='ocrx_word' id='word_1_752' title='bbox 2329 3844 2642 3911; x_wconf 83' lang='grc' dir='ltr'>ἀξιόπιστον</span> <span class='ocrx_word' id='word_1_753' title='bbox 2687 3845 2754 3898; x_wconf 79' lang='grc' dir='ltr'>ἐκ</span> <span class='ocrx_word' id='word_1_754' title='bbox 2802 3843 3013 3898; x_wconf 86' lang='grc' dir='ltr'>πολλῶν</span> <span class='ocrx_word' id='word_1_755' title='bbox 3058 3844 3356 3916; x_wconf 88' lang='grc' dir='ltr'>μαρτύρων</span> <span class='ocrx_word' id='word_1_756' title='bbox 3394 3846 3787 3918; x_wconf 73' lang='grc' dir='ltr'>ἀναντίρρητον.</span> 
     </span>
    </p>
   </div>
   <div class='ocr_carea' id='block_1_99' title="bbox 2217 3934 3789 4008">
    <p class='ocr_par' dir='ltr' id='par_1_99' title="bbox 2217 3934 3789 4008">
     <span class='ocr_line' id='line_1_99' title="bbox 2217 3934 3789 4008; baseline 0 -17"><span class='ocrx_word' id='word_1_757' title='bbox 2217 3938 2397 3991; x_wconf 77' lang='grc' dir='ltr'>καὶτὸ</span> <span class='ocrx_word' id='word_1_758' title='bbox 2447 3935 2717 4008; x_wconf 77' lang='grc' dir='ltr'>ἄτρεπτον</span> <span class='ocrx_word' id='word_1_759' title='bbox 2757 3936 2854 4006; x_wconf 85' lang='grc' dir='ltr'>τῆς</span> <span class='ocrx_word' id='word_1_760' title='bbox 2893 3934 3143 4005; x_wconf 83' lang='grc' dir='ltr'>θεότητος</span> <span class='ocrx_word' id='word_1_761' title='bbox 3176 3936 3400 4002; x_wconf 79' lang='grc' dir='ltr'>ἄσυλον,</span> <span class='ocrx_word' id='word_1_762' title='bbox 3430 3942 3530 3992; x_wconf 76' lang='grc' dir='ltr'><strong>καὶ</strong></span> <span class='ocrx_word' id='word_1_763' title='bbox 3563 3939 3624 3992; x_wconf 77' lang='grc' dir='ltr'>τὸ</span> <span class='ocrx_word' id='word_1_764' title='bbox 3643 3938 3789 3998; x_wconf 78' lang='grc' dir='ltr'>πάθος</span> 
     </span>
    </p>
   </div>
   <div class='ocr_carea' id='block_1_100' title="bbox 2214 4024 3786 4100">
    <p class='ocr_par' dir='ltr' id='par_1_100' title="bbox 2214 4024 3786 4100">
     <span class='ocr_line' id='line_1_100' title="bbox 2214 4024 3786 4100; baseline -0.001 -19"><span class='ocrx_word' id='word_1_765' title='bbox 2214 4025 2311 4081; x_wconf 80' lang='grc' dir='ltr'>τοῦ</span> <span class='ocrx_word' id='word_1_766' title='bbox 2363 4026 2659 4098; x_wconf 82' lang='grc' dir='ltr'>λεγομένου</span> <span class='ocrx_word' id='word_1_767' title='bbox 2704 4025 2859 4089; x_wconf 76' lang='grc' dir='ltr'>ναοῦ,</span> <span class='ocrx_word' id='word_1_768' title='bbox 2885 4024 2946 4078; x_wconf 82' lang='grc' dir='ltr'><strong>οὐ</strong></span> <span class='ocrx_word' id='word_1_769' title='bbox 2981 4026 3076 4079; x_wconf 84' lang='grc' dir='ltr'>τοῦ</span> <span class='ocrx_word' id='word_1_770' title='bbox 3114 4027 3437 4100; x_wconf 76' lang='grc' dir='ltr'>ἐγείραντος</span> <span class='ocrx_word' id='word_1_771' title='bbox 3466 4030 3622 4084; x_wconf 83' lang='grc' dir='ltr'>τοῦτο</span> <span class='ocrx_word' id='word_1_772' title='bbox 3651 4025 3786 4082; x_wconf 75' lang='grc' dir='ltr'>Θεοῦ.</span> 
     </span>
    </p>
   </div>
   <div class='ocr_carea' id='block_1_101' title="bbox 2216 4115 3789 4190">
    <p class='ocr_par' dir='ltr' id='par_1_101' title="bbox 2216 4115 3789 4190">
     <span class='ocr_line' id='line_1_101' title="bbox 2216 4115 3789 4190; baseline -0.003 -17"><span class='ocrx_word' id='word_1_773' title='bbox 2216 4119 2362 4190; x_wconf 82' lang='grc' dir='ltr'>Πρὸς</span> <span class='ocrx_word' id='word_1_774' title='bbox 2404 4118 2615 4183; x_wconf 82' lang='grc' dir='ltr'>τούτοις</span> <span class='ocrx_word' id='word_1_775' title='bbox 2648 4116 2770 4171; x_wconf 78' lang='grc' dir='ltr'>οὐδὲ</span> <span class='ocrx_word' id='word_1_776' title='bbox 2820 4117 2854 4188; x_wconf 80' lang='grc' dir='ltr'><strong>ἠ</strong></span> <span class='ocrx_word' id='word_1_777' title='bbox 2896 4116 3174 4189; x_wconf 87' lang='grc' dir='ltr'>Παρθένος</span> <span class='ocrx_word' id='word_1_778' title='bbox 3200 4121 3403 4172; x_wconf 82' lang='grc' dir='ltr'>νοεῖται</span> <span class='ocrx_word' id='word_1_779' title='bbox 3458 4120 3640 4190; x_wconf 82' lang='grc' dir='ltr'>μήτηρ</span> <span class='ocrx_word' id='word_1_780' title='bbox 3669 4115 3789 4171; x_wconf 80' lang='grc' dir='ltr'><strong>κατά</strong></span> 
     </span>
    </p>
   </div>
   <div class='ocr_carea' id='block_1_102' title="bbox 2215 4209 3789 4283">
    <p class='ocr_par' dir='ltr' id='par_1_102' title="bbox 2215 4209 3789 4283">
     <span class='ocr_line' id='line_1_102' title="bbox 2215 4209 3789 4283; baseline -0.001 -19"><span class='ocrx_word' id='word_1_781' title='bbox 2215 4211 2306 4265; x_wconf 85' lang='grc' dir='ltr'><strong>τὸν</strong></span> <span class='ocrx_word' id='word_1_782' title='bbox 2328 4211 2554 4266; x_wconf 76' lang='grc' dir='ltr'>ἐκείνων</span> <span class='ocrx_word' id='word_1_783' title='bbox 2597 4211 2777 4279; x_wconf 87' lang='grc' dir='ltr'>λόγον.</span> <span class='ocrx_word' id='word_1_784' title='bbox 2822 4209 2997 4283; x_wconf 81' lang='grc' dir='ltr'>Εἴπερ</span> <span class='ocrx_word' id='word_1_785' title='bbox 3029 4210 3221 4264; x_wconf 78' lang='grc' dir='ltr'>ἑαυτὸν</span> <span class='ocrx_word' id='word_1_786' title='bbox 3243 4212 3271 4265; x_wconf 87' lang='grc' dir='ltr'>ὁ</span> <span class='ocrx_word' id='word_1_787' title='bbox 3298 4210 3476 4279; x_wconf 83' lang='grc' dir='ltr'>Λόγος</span> <span class='ocrx_word' id='word_1_788' title='bbox 3507 4211 3682 4283; x_wconf 82' lang='grc' dir='ltr'>σάρκα</span> <span class='ocrx_word' id='word_1_789' title='bbox 3708 4226 3789 4263; x_wconf 66' lang='grc' dir='ltr'>πει</span> 
     </span>
    </p>
   </div>
   <div class='ocr_carea' id='block_1_103' title="bbox 2215 4300 3789 4375">
    <p class='ocr_par' dir='ltr' id='par_1_103' title="bbox 2215 4300 3789 4375">
     <span class='ocr_line' id='line_1_103' title="bbox 2215 4300 3789 4375; baseline 0.004 -21"><span class='ocrx_word' id='word_1_790' title='bbox 2215 4302 2465 4375; x_wconf 88' lang='grc' dir='ltr'>ποίηκεν,</span> <span class='ocrx_word' id='word_1_791' title='bbox 2484 4302 2544 4355; x_wconf 84' lang='grc' dir='ltr'><strong>οὐ</strong></span> <span class='ocrx_word' id='word_1_792' title='bbox 2579 4304 2757 4373; x_wconf 81' lang='grc' dir='ltr'>σάρκα</span> <span class='ocrx_word' id='word_1_793' title='bbox 2780 4302 2960 4356; x_wconf 89' lang='grc' dir='ltr'>λαϐὼν</span> <span class='ocrx_word' id='word_1_794' title='bbox 2993 4302 3056 4371; x_wconf 81' lang='grc' dir='ltr'>ἐξ</span> <span class='ocrx_word' id='word_1_795' title='bbox 3087 4302 3259 4373; x_wconf 76' lang='grc' dir='ltr'>αὐτῆς</span> <span class='ocrx_word' id='word_1_796' title='bbox 3288 4303 3647 4375; x_wconf 80' lang='grc' dir='ltr'>προελήλυθε.</span> <span class='ocrx_word' id='word_1_797' title='bbox 3683 4300 3789 4361; x_wconf 73' lang='grc' dir='ltr'><strong>Πῶς</strong></span> 
     </span>
    </p>
   </div>
   <div class='ocr_carea' id='block_1_104' title="bbox 2215 4389 3790 4467">
    <p class='ocr_par' dir='ltr' id='par_1_104' title="bbox 2215 4389 3790 4467">
     <span class='ocr_line' id='line_1_104' title="bbox 2215 4389 3790 4467; baseline -0.001 -20"><span class='ocrx_word' id='word_1_798' title='bbox 2215 4393 2325 4466; x_wconf 85' lang='grc' dir='ltr'>γὰρ</span> <span class='ocrx_word' id='word_1_799' title='bbox 2372 4395 2580 4467; x_wconf 86' lang='grc' dir='ltr'>μήτηρ,</span> <span class='ocrx_word' id='word_1_800' title='bbox 2616 4389 2684 4467; x_wconf 86' lang='grc' dir='ltr'>ἦς</span> <span class='ocrx_word' id='word_1_801' title='bbox 2721 4394 2871 4449; x_wconf 82' lang='grc' dir='ltr'>οὐδὲν</span> <span class='ocrx_word' id='word_1_802' title='bbox 2900 4397 2960 4449; x_wconf 85' lang='grc' dir='ltr'><strong>τὸ</strong></span> <span class='ocrx_word' id='word_1_803' title='bbox 2992 4394 3181 4467; x_wconf 85' lang='grc' dir='ltr'>τεχθὲν</span> <span class='ocrx_word' id='word_1_804' title='bbox 3212 4394 3569 4465; x_wconf 82' lang='grc' dir='ltr'>ὲπιφέρεται;</span> <span class='ocrx_word' id='word_1_805' title='bbox 3601 4393 3718 4457; x_wconf 89' lang='grc' dir='ltr'>Πῶς</span> <span class='ocrx_word' id='word_1_806' title='bbox 3751 4391 3790 4444; x_wconf 84' lang='grc' dir='ltr'>δ’</span> 
     </span>
    </p>
   </div>
   <div class='ocr_carea' id='block_1_105' title="bbox 2218 4486 3791 4561">
    <p class='ocr_par' dir='ltr' id='par_1_105' title="bbox 2218 4486 3791 4561">
     <span class='ocr_line' id='line_1_105' title="bbox 2218 4486 3791 4561; baseline 0.002 -22"><span class='ocrx_word' id='word_1_807' title='bbox 2218 4486 2284 4539; x_wconf 83' lang='grc' dir='ltr'><strong>ἂν</strong></span> <span class='ocrx_word' id='word_1_808' title='bbox 2332 4486 2427 4540; x_wconf 82' lang='grc' dir='ltr'>καὶ</span> <span class='ocrx_word' id='word_1_809' title='bbox 2470 4487 2685 4559; x_wconf 87' lang='grc' dir='ltr'>λεχθείη</span> <span class='ocrx_word' id='word_1_810' title='bbox 2715 4488 2935 4553; x_wconf 80' lang='grc' dir='ltr'>τοκετὸς</span> <span class='ocrx_word' id='word_1_811' title='bbox 2983 4488 3016 4559; x_wconf 81' lang='grc' dir='ltr'>ἡ</span> <span class='ocrx_word' id='word_1_812' title='bbox 3060 4488 3215 4561; x_wconf 87' lang='grc' dir='ltr'>δίκην</span> <span class='ocrx_word' id='word_1_813' title='bbox 3266 4489 3511 4561; x_wconf 84' lang='grc' dir='ltr'>σωλῆνος</span> <span class='ocrx_word' id='word_1_814' title='bbox 3546 4490 3791 4549; x_wconf 81' lang='grc' dir='ltr'>ἀνοίκειος</span> 
     </span>
    </p>
   </div>
   <div class='ocr_carea' id='block_1_106' title="bbox 2222 4576 3791 4652">
    <p class='ocr_par' dir='ltr' id='par_1_106' title="bbox 2222 4576 3791 4652">
     <span class='ocr_line' id='line_1_106' title="bbox 2222 4576 3791 4652; baseline 0.003 -21"><span class='ocrx_word' id='word_1_815' title='bbox 2222 4576 2492 4648; x_wconf 86' lang='grc' dir='ltr'>πάροδος;</span> <span class='ocrx_word' id='word_1_816' title='bbox 2543 4579 2745 4645; x_wconf 79' lang='grc' dir='ltr'>Σκεῦος</span> <span class='ocrx_word' id='word_1_817' title='bbox 2801 4576 2894 4634; x_wconf 83' lang='grc' dir='ltr'><strong>οὖν</strong></span> <span class='ocrx_word' id='word_1_818' title='bbox 2950 4580 3215 4646; x_wconf 82' lang='grc' dir='ltr'>ποιοῦσιν,</span> <span class='ocrx_word' id='word_1_819' title='bbox 3282 4580 3345 4634; x_wconf 83' lang='grc' dir='ltr'>οὺ</span> <span class='ocrx_word' id='word_1_820' title='bbox 3425 4581 3661 4652; x_wconf 82' lang='grc' dir='ltr'>μητέρα,</span> <span class='ocrx_word' id='word_1_821' title='bbox 3709 4578 3791 4649; x_wconf 72' lang='grc' dir='ltr'>τὴν</span> 
     </span>
    </p>
   </div>
   <div class='ocr_carea' id='block_1_107' title="bbox 2219 4669 3789 4743">
    <p class='ocr_par' dir='ltr' id='par_1_107' title="bbox 2219 4669 3789 4743">
     <span class='ocr_line' id='line_1_107' title="bbox 2219 4669 3789 4743; baseline 0.002 -19"><span class='ocrx_word' id='word_1_822' title='bbox 2219 4669 2382 4738; x_wconf 85' lang='grc' dir='ltr'>ἀγίαν</span> <span class='ocrx_word' id='word_1_823' title='bbox 2422 4671 2717 4743; x_wconf 85' lang='grc' dir='ltr'>Παρθένον.</span> <span class='ocrx_word' id='word_1_824' title='bbox 2759 4672 2870 4726; x_wconf 79' lang='grc' dir='ltr'><strong>Καὶ</strong></span> <span class='ocrx_word' id='word_1_825' title='bbox 2903 4671 3022 4725; x_wconf 73' lang='grc' dir='ltr'>οὐδὲ</span> <span class='ocrx_word' id='word_1_826' title='bbox 3049 4670 3207 4724; x_wconf 71' lang='grc' dir='ltr'>τοῦτο</span> <span class='ocrx_word' id='word_1_827' title='bbox 3250 4670 3515 4726; x_wconf 89' lang='grc' dir='ltr'>δύνανται</span> <span class='ocrx_word' id='word_1_828' title='bbox 3558 4672 3789 4727; x_wconf 81' lang='grc' dir='ltr'>συνιδεῖν.</span> 
     </span>
    </p>
   </div>
   <div class='ocr_carea' id='block_1_108' title="bbox 2218 4760 3789 4834">
    <p class='ocr_par' dir='ltr' id='par_1_108' title="bbox 2218 4760 3789 4834">
     <span class='ocr_line' id='line_1_108' title="bbox 2218 4760 3789 4834; baseline -0.001 -18"><span class='ocrx_word' id='word_1_829' title='bbox 2218 4761 2300 4816; x_wconf 84' lang='grc' dir='ltr'>ὃτι</span> <span class='ocrx_word' id='word_1_830' title='bbox 2331 4762 2393 4815; x_wconf 81' lang='grc' dir='ltr'><strong>τὸ</strong></span> <span class='ocrx_word' id='word_1_831' title='bbox 2419 4781 2439 4815; x_wconf 75' lang='grc' dir='ltr'><strong>ι</strong></span> <span class='ocrx_word' id='word_1_832' title='bbox 2479 4763 2536 4817; x_wconf 81' lang='lat'><strong>&#39;0</strong></span> <span class='ocrx_word' id='word_1_833' title='bbox 2569 4764 2742 4833; x_wconf 90' lang='grc' dir='ltr'>Λόγος</span> <span class='ocrx_word' id='word_1_834' title='bbox 2783 4763 2919 4834; x_wconf 81' lang='grc' dir='ltr'><strong>σάρξ</strong></span> <span class='ocrx_word' id='word_1_835' title='bbox 2956 4762 3171 4831; x_wconf 78' lang='grc' dir='ltr'>ἐγένετο</span> <span class='ocrx_word' id='word_1_836' title='bbox 3208 4780 3226 4813; x_wconf 78' lang='grc' dir='ltr'><strong>ι</strong></span> <span class='ocrx_word' id='word_1_837' title='bbox 3263 4763 3388 4816; x_wconf 81' lang='grc' dir='ltr'>καθ’</span> <span class='ocrx_word' id='word_1_838' title='bbox 3438 4763 3650 4817; x_wconf 79' lang='grc' dir='ltr'>ἑαυτῶν</span> <span class='ocrx_word' id='word_1_839' title='bbox 3672 4760 3789 4832; x_wconf 81' lang='grc' dir='ltr'><strong>μᾶλ-</strong></span> 
     </span>
    </p>
   </div>
   <div class='ocr_carea' id='block_1_109' title="bbox 2218 4855 3788 4931">
    <p class='ocr_par' dir='ltr' id='par_1_109' title="bbox 2218 4855 3788 4931">
     <span class='ocr_line' id='line_1_109' title="bbox 2218 4855 3788 4931; baseline 0.003 -22"><span class='ocrx_word' id='word_1_840' title='bbox 2218 4855 2309 4910; x_wconf 92' lang='grc' dir='ltr'><strong>λον</strong></span> <span class='ocrx_word' id='word_1_841' title='bbox 2355 4856 2767 4929; x_wconf 84' lang='grc' dir='ltr'>προϐάλλονται.</span> <span class='ocrx_word' id='word_1_842' title='bbox 2802 4860 2867 4913; x_wconf 82' lang='grc' dir='ltr'>Εί</span> <span class='ocrx_word' id='word_1_843' title='bbox 2915 4860 3015 4931; x_wconf 86' lang='grc' dir='ltr'>μὲν</span> <span class='ocrx_word' id='word_1_844' title='bbox 3062 4860 3171 4931; x_wconf 83' lang='grc' dir='ltr'>γὰρ</span> <span class='ocrx_word' id='word_1_845' title='bbox 3209 4858 3371 4922; x_wconf 78' lang='grc' dir='ltr'>ἄλλος</span> <span class='ocrx_word' id='word_1_846' title='bbox 3413 4860 3445 4912; x_wconf 83' lang='grc' dir='ltr'>ὁ</span> <span class='ocrx_word' id='word_1_847' title='bbox 3486 4859 3680 4927; x_wconf 81' lang='grc' dir='ltr'>Λόγος.</span> <span class='ocrx_word' id='word_1_848' title='bbox 3709 4856 3788 4908; x_wconf 74' lang='grc' dir='ltr'>καὶ</span> 
     </span>
    </p>
   </div>
   <div class='ocr_carea' id='block_1_110' title="bbox 2214 4946 3789 5022">
    <p class='ocr_par' dir='ltr' id='par_1_110' title="bbox 2214 4946 3789 5022">
     <span class='ocr_line' id='line_1_110' title="bbox 2214 4946 3789 5022; baseline 0.001 -21"><span class='ocrx_word' id='word_1_849' title='bbox 2214 4947 2342 5001; x_wconf 78' lang='grc' dir='ltr'>ἄλλο</span> <span class='ocrx_word' id='word_1_850' title='bbox 2372 4946 2528 5020; x_wconf 77' lang='grc' dir='ltr'>σάρξ,</span> <span class='ocrx_word' id='word_1_851' title='bbox 2581 4948 2695 5015; x_wconf 89' lang='grc' dir='ltr'>δύο,</span> <span class='ocrx_word' id='word_1_852' title='bbox 2753 4950 2849 5004; x_wconf 78' lang='grc' dir='ltr'>καὶ</span> <span class='ocrx_word' id='word_1_853' title='bbox 2898 4951 2997 5022; x_wconf 81' lang='grc' dir='ltr'><strong>οὐχ</strong></span> <span class='ocrx_word' id='word_1_854' title='bbox 3028 4951 3087 5004; x_wconf 73' lang='grc' dir='ltr'>ἓν</span> <span class='ocrx_word' id='word_1_855' title='bbox 3110 4967 3124 4980; x_wconf 92' lang='grc'><strong>·</strong></span> <span class='ocrx_word' id='word_1_856' title='bbox 3153 4952 3201 5003; x_wconf 85' lang='grc' dir='ltr'><strong>εί</strong></span> <span class='ocrx_word' id='word_1_857' title='bbox 3238 4950 3298 5004; x_wconf 83' lang='grc' dir='ltr'>δὲ</span> <span class='ocrx_word' id='word_1_858' title='bbox 3332 4948 3396 5002; x_wconf 72' lang='grc' dir='ltr'>τὸ</span> <span class='ocrx_word' id='word_1_859' title='bbox 3429 4950 3614 5003; x_wconf 85' lang='grc' dir='ltr'>αύτὸὸ</span> <span class='ocrx_word' id='word_1_860' title='bbox 3634 4949 3789 5015; x_wconf 78' lang='grc' dir='ltr'>Λόγος</span> 
     </span>
    </p>
   </div>
   <div class='ocr_carea' id='block_1_111' title="bbox 2214 5037 3789 5110">
    <p class='ocr_par' dir='ltr' id='par_1_111' title="bbox 2214 5037 3789 5110">
     <span class='ocr_line' id='line_1_111' title="bbox 2214 5037 3789 5110; baseline 0.006 -21"><span class='ocrx_word' id='word_1_861' title='bbox 2214 5037 2309 5090; x_wconf 77' lang='grc' dir='ltr'><strong>καὶ</strong></span> <span class='ocrx_word' id='word_1_862' title='bbox 2338 5038 2370 5108; x_wconf 81' lang='grc' dir='ltr'><strong>ἠ</strong></span> <span class='ocrx_word' id='word_1_863' title='bbox 2400 5037 2559 5110; x_wconf 83' lang='grc' dir='ltr'>σὰρξ,</span> <span class='ocrx_word' id='word_1_864' title='bbox 2596 5038 2658 5093; x_wconf 85' lang='grc' dir='ltr'><strong>τό</strong></span> <span class='ocrx_word' id='word_1_865' title='bbox 2680 5058 2698 5091; x_wconf 81' lang='grc' dir='ltr'><strong>ι</strong></span> <span class='ocrx_word' id='word_1_866' title='bbox 2725 5039 2972 5109; x_wconf 86' lang='grc' dir='ltr'>Ἐγένετο</span> <span class='ocrx_word' id='word_1_867' title='bbox 2995 5060 3013 5092; x_wconf 73' lang='grc' dir='ltr'><strong>ι</strong></span> <span class='ocrx_word' id='word_1_868' title='bbox 3047 5040 3285 5093; x_wconf 84' lang='grc' dir='ltr'>λέλυται.</span> <span class='ocrx_word' id='word_1_869' title='bbox 3316 5040 3395 5093; x_wconf 79' lang='grc' dir='ltr'><strong>Οὐ</strong></span> <span class='ocrx_word' id='word_1_870' title='bbox 3424 5040 3599 5110; x_wconf 77' lang='grc' dir='ltr'>γάρὸ</span> <span class='ocrx_word' id='word_1_871' title='bbox 3629 5039 3789 5106; x_wconf 79' lang='grc' dir='ltr'>Λόγος</span> 
     </span>
    </p>
   </div>
   <div class='ocr_carea' id='block_1_112' title="bbox 2212 5128 3787 5203">
    <p class='ocr_par' dir='ltr' id='par_1_112' title="bbox 2212 5128 3787 5203">
     <span class='ocr_line' id='line_1_112' title="bbox 2212 5128 3787 5203; baseline 0.001 -21"><span class='ocrx_word' id='word_1_872' title='bbox 2212 5128 2386 5197; x_wconf 89' lang='grc' dir='ltr'>Λόγος</span> <span class='ocrx_word' id='word_1_873' title='bbox 2409 5129 2625 5198; x_wconf 76' lang='grc' dir='ltr'>ἐγένετο</span> <span class='ocrx_word' id='word_1_874' title='bbox 2642 5147 2656 5162; x_wconf 75' lang='grc' dir='ltr'><strong>ο</strong></span> <span class='ocrx_word' id='word_1_875' title='bbox 2689 5131 2752 5185; x_wconf 78' lang='grc' dir='ltr'><strong>τὸ</strong></span> <span class='ocrx_word' id='word_1_876' title='bbox 2769 5132 2826 5185; x_wconf 87' lang='grc' dir='ltr'>δὲ</span> <span class='ocrx_word' id='word_1_877' title='bbox 2858 5133 2915 5186; x_wconf 84' lang='grc' dir='ltr'><strong>ἐν</strong></span> <span class='ocrx_word' id='word_1_878' title='bbox 2947 5131 3025 5203; x_wconf 79' lang='grc' dir='ltr'><strong>τῷ</strong></span> <span class='ocrx_word' id='word_1_879' title='bbox 3052 5129 3198 5202; x_wconf 83' lang='grc' dir='ltr'>αὐτῷ</span> <span class='ocrx_word' id='word_1_880' title='bbox 3225 5130 3285 5184; x_wconf 86' lang='grc' dir='ltr'>ὂν</span> <span class='ocrx_word' id='word_1_881' title='bbox 3316 5131 3449 5187; x_wconf 82' lang='grc' dir='ltr'>ἀλλο</span> <span class='ocrx_word' id='word_1_882' title='bbox 3471 5150 3525 5187; x_wconf 89' lang='grc' dir='ltr'><strong>τι</strong></span> <span class='ocrx_word' id='word_1_883' title='bbox 3545 5133 3646 5187; x_wconf 86' lang='grc' dir='ltr'><strong>οὐκ</strong></span> <span class='ocrx_word' id='word_1_884' title='bbox 3680 5129 3787 5198; x_wconf 75' lang='grc' dir='ltr'>ἐγέ-</span> 
     </span>
    </p>
   </div>
   <div class='ocr_carea' id='block_1_113' title="bbox 2211 5223 3782 5298">
    <p class='ocr_par' dir='ltr' id='par_1_113' title="bbox 2211 5223 3782 5298">
     <span class='ocr_line' id='line_1_113' title="bbox 2211 5223 3782 5298; baseline 0.004 -23"><span class='ocrx_word' id='word_1_885' title='bbox 2211 5237 2352 5276; x_wconf 84' lang='grc' dir='ltr'>νετο.</span> <span class='ocrx_word' id='word_1_886' title='bbox 2380 5223 2542 5277; x_wconf 83' lang='grc' dir='ltr'>Ὥστε</span> <span class='ocrx_word' id='word_1_887' title='bbox 2571 5223 2783 5297; x_wconf 87' lang='grc' dir='ltr'>ἀνάγκη</span> <span class='ocrx_word' id='word_1_888' title='bbox 2808 5224 2840 5296; x_wconf 83' lang='grc' dir='ltr'>ἢ</span> <span class='ocrx_word' id='word_1_889' title='bbox 2874 5224 2935 5278; x_wconf 85' lang='grc' dir='ltr'>τὺ</span> <span class='ocrx_word' id='word_1_890' title='bbox 2983 5242 3003 5277; x_wconf 82' lang='grc' dir='ltr'><strong>ι</strong></span> <span class='ocrx_word' id='word_1_891' title='bbox 3052 5225 3297 5293; x_wconf 79' lang='grc' dir='ltr'>Ἐγένετο</span> <span class='ocrx_word' id='word_1_892' title='bbox 3351 5244 3372 5278; x_wconf 73' lang='grc' dir='ltr'><strong>ι</strong></span> <span class='ocrx_word' id='word_1_893' title='bbox 3398 5224 3782 5298; x_wconf 70' lang='grc' dir='ltr'>ἀνατραπῆναι.</span> 
     </span>
    </p>
   </div>
   <div class='ocr_carea' id='block_1_114' title="bbox 2217 5310 3777 5390">
    <p class='ocr_par' dir='ltr' id='par_1_114' title="bbox 2217 5310 3777 5390">
     <span class='ocr_line' id='line_1_114' title="bbox 2217 5310 3777 5390; baseline 0.003 -24"><span class='ocrx_word' id='word_1_894' title='bbox 2217 5310 2361 5383; x_wconf 80' lang='grc' dir='ltr'>ἢτάς</span> <span class='ocrx_word' id='word_1_895' title='bbox 2387 5312 2480 5367; x_wconf 89' lang='grc' dir='ltr'><strong>δύο</strong></span> <span class='ocrx_word' id='word_1_896' title='bbox 2512 5314 2701 5384; x_wconf 84' lang='grc' dir='ltr'>φύσεις</span> <span class='ocrx_word' id='word_1_897' title='bbox 2730 5316 3147 5388; x_wconf 83' lang='grc' dir='ltr'>ὁμολογηθῆναι.</span> <span class='ocrx_word' id='word_1_898' title='bbox 3183 5316 3258 5371; x_wconf 85' lang='grc' dir='ltr'>Τὸ</span> <span class='ocrx_word' id='word_1_899' title='bbox 3282 5316 3395 5390; x_wconf 90' lang='grc' dir='ltr'><strong>γάρ</strong></span> <span class='ocrx_word' id='word_1_900' title='bbox 3438 5335 3457 5370; x_wconf 81' lang='grc' dir='ltr'><strong>ι</strong></span> <span class='ocrx_word' id='word_1_901' title='bbox 3496 5317 3734 5386; x_wconf 78' lang='grc' dir='ltr'>Ἐγένετο</span> <span class='ocrx_word' id='word_1_902' title='bbox 3760 5330 3777 5363; x_wconf 73' lang='grc' dir='ltr'><strong>ι</strong></span> 
     </span>
    </p>
   </div>
   <div class='ocr_carea' id='block_1_115' title="bbox 2215 5402 3781 5480">
    <p class='ocr_par' dir='ltr' id='par_1_115' title="bbox 2215 5402 3781 5480">
     <span class='ocr_line' id='line_1_115' title="bbox 2215 5402 3781 5480; baseline 0.001 -23"><span class='ocrx_word' id='word_1_903' title='bbox 2215 5402 2356 5457; x_wconf 76' lang='grc' dir='ltr'>κατὰ</span> <span class='ocrx_word' id='word_1_904' title='bbox 2408 5404 2470 5459; x_wconf 84' lang='grc' dir='ltr'>τὸ</span> <span class='ocrx_word' id='word_1_905' title='bbox 2511 5405 2727 5478; x_wconf 88' lang='grc' dir='ltr'>ἀληθῶς</span> <span class='ocrx_word' id='word_1_906' title='bbox 2760 5407 3084 5478; x_wconf 83' lang='grc' dir='ltr'>φαινόμενον</span> <span class='ocrx_word' id='word_1_907' title='bbox 3126 5406 3343 5480; x_wconf 75' lang='grc' dir='ltr'>εἴρηται</span> <span class='ocrx_word' id='word_1_908' title='bbox 3373 5408 3515 5480; x_wconf 78' lang='grc' dir='ltr'>πρὸς</span> <span class='ocrx_word' id='word_1_909' title='bbox 3545 5407 3642 5479; x_wconf 77' lang='grc' dir='ltr'>τὴν</span> <span class='ocrx_word' id='word_1_910' title='bbox 3682 5404 3781 5459; x_wconf 81' lang='grc' dir='ltr'><strong>τῶν</strong></span> 
     </span>
    </p>
   </div>
   <div class='ocr_carea' id='block_1_116' title="bbox 2212 5495 3778 5574">
    <p class='ocr_par' dir='ltr' id='par_1_116' title="bbox 2212 5495 3778 5574">
     <span class='ocr_line' id='line_1_116' title="bbox 2212 5495 3778 5574; baseline 0.003 -24"><span class='ocrx_word' id='word_1_911' title='bbox 2212 5495 2465 5569; x_wconf 82' lang='grc' dir='ltr'>ὁρώντων</span> <span class='ocrx_word' id='word_1_912' title='bbox 2516 5498 2781 5570; x_wconf 80' lang='grc' dir='ltr'>ὑπόληψιν</span> <span class='ocrx_word' id='word_1_913' title='bbox 2800 5539 2817 5565; x_wconf 93' lang='grc'><strong>,</strong></span> <span class='ocrx_word' id='word_1_914' title='bbox 2862 5498 3199 5570; x_wconf 86' lang='grc' dir='ltr'>ἀγνοούντων</span> <span class='ocrx_word' id='word_1_915' title='bbox 3238 5499 3333 5555; x_wconf 80' lang='grc' dir='ltr'><strong>τὸν</strong></span> <span class='ocrx_word' id='word_1_916' title='bbox 3394 5501 3474 5574; x_wconf 80' lang='grc' dir='ltr'>μὴ</span> <span class='ocrx_word' id='word_1_917' title='bbox 3518 5499 3778 5574; x_wconf 66' lang='grc' dir='ltr'>όρὼμενυν</span> 
     </span>
    </p>
   </div>
   <div class='ocr_carea' id='block_1_117' title="bbox 2211 5584 3775 5666">
    <p class='ocr_par' dir='ltr' id='par_1_117' title="bbox 2211 5584 3775 5666">
     <span class='ocr_line' id='line_1_117' title="bbox 2211 5584 3775 5666; baseline 0.004 -25"><span class='ocrx_word' id='word_1_918' title='bbox 2211 5586 2344 5641; x_wconf 81' lang='grc' dir='ltr'>Θεὸν</span> <span class='ocrx_word' id='word_1_919' title='bbox 2392 5588 2567 5658; x_wconf 81' lang='grc' dir='ltr'>Λόγον</span> <span class='ocrx_word' id='word_1_920' title='bbox 2618 5591 2762 5646; x_wconf 86' lang='grc' dir='ltr'>τότε.</span> <span class='ocrx_word' id='word_1_921' title='bbox 2788 5591 2997 5663; x_wconf 82' lang='grc' dir='ltr'>Ὠσπερ</span> <span class='ocrx_word' id='word_1_922' title='bbox 3028 5590 3125 5647; x_wconf 66' lang='grc' dir='ltr'>ἐάν</span> <span class='ocrx_word' id='word_1_923' title='bbox 3153 5608 3241 5658; x_wconf 88' lang='grc' dir='ltr'><strong>τις</strong></span> <span class='ocrx_word' id='word_1_924' title='bbox 3287 5592 3455 5666; x_wconf 64' lang='grc' dir='ltr'>ετπῃθ</span> <span class='ocrx_word' id='word_1_925' title='bbox 3502 5592 3565 5647; x_wconf 87' lang='lat'><strong>&#39;0</strong></span> <span class='ocrx_word' id='word_1_926' title='bbox 3588 5584 3775 5665; x_wconf 69' lang='grc' dir='ltr'>ποιμὴν</span> 
     </span>
    </p>
   </div>
   <div class='ocr_carea' id='block_1_118' title="bbox 610 5691 2273 5815">
    <p class='ocr_par' dir='ltr' id='par_1_118' title="bbox 610 5691 2273 5815">
     <span class='ocr_line' id='line_1_118' title="bbox 610 5691 2273 5815; baseline 0.01 -39"><span class='ocrx_word' id='word_1_927' title='bbox 610 5721 659 5755; x_wconf 80' lang='grc'><strong>³³</strong></span> <span class='ocrx_word' id='word_1_928' title='bbox 706 5722 744 5777; x_wconf 82' lang='lat' dir='ltr'><strong>ll</strong></span> <span class='ocrx_word' id='word_1_929' title='bbox 778 5724 913 5815; x_wconf 32' lang='lat' dir='ltr'><strong>&#39;Cor.</strong></span> <span class='ocrx_word' id='word_1_930' title='bbox 943 5744 997 5795; x_wconf 85' lang='lat' dir='ltr'><strong>v,</strong></span> <span class='ocrx_word' id='word_1_931' title='bbox 1023 5729 1123 5789; x_wconf 74' lang='grc' dir='ltr'><strong>ει.</strong></span> <span class='ocrx_word' id='word_1_932' title='bbox 1199 5731 1244 5764; x_wconf 86' lang='grc'><strong><em>⁸³</em></strong></span> <span class='ocrx_word' id='word_1_933' title='bbox 1283 5730 1387 5789; x_wconf 84' lang='lat' dir='ltr'><strong>lsa.</strong></span> <span class='ocrx_word' id='word_1_934' title='bbox 1425 5750 1558 5803; x_wconf 77' lang='lat' dir='ltr'><strong>Lm,</strong></span> <span class='ocrx_word' id='word_1_935' title='bbox 1598 5736 1683 5792; x_wconf 66' lang='lat'><strong>10.</strong></span> <span class='ocrx_word' id='word_1_936' title='bbox 1760 5736 1807 5771; x_wconf 78' lang='lat'><strong>”</strong></span> <span class='ocrx_word' id='word_1_937' title='bbox 1845 5691 1878 5792; x_wconf 42' lang='lat' dir='ltr'><strong>l&#39;</strong></span> <span class='ocrx_word' id='word_1_938' title='bbox 1903 5737 2027 5795; x_wconf 85' lang='lat' dir='ltr'><strong>Cor.</strong></span> <span class='ocrx_word' id='word_1_939' title='bbox 2062 5753 2154 5806; x_wconf 72' lang='lat' dir='ltr'><strong>Vt,</strong></span> <span class='ocrx_word' id='word_1_940' title='bbox 2189 5739 2273 5795; x_wconf 74' lang='grc'><strong>17.</strong></span> 
     </span>
    </p>
   </div>
  </div>
