3976 6388
200 303 334 360 1549
951 292 1528 361 CONFUTATIONES
1564 303 2003 373 QUARUMDAM
2040 300 2635 365 PROPOSITIONUM:
3302 304 3441 366 I330

190 419 465 495 πρόσατον
525 420 584 488 ἐξ
629 419 822 493 ἀνδρὸς
871 422 1307 495 μεταϐέϐληται-ἶ
1338 424 1473 478 ἀλλὰ
1512 425 1760 497 καθάπερ

1865 423 2067 480 factum
2093 434 2198 490 est,
2239 450 2259 480 ι
2298 437 2491 482 contra
2524 426 2850 497 semetipsos
2885 434 3161 499 torquere.
3206 428 3262 485 Si
3293 433 3441 489 enim

199 512 467 587 πρόϐατον
499 512 559 578 ἐξ
602 512 795 583 ἀνδρὸς
827 512 1041 582 ἀληθῶς
1063 516 1384 580 ἐνεδύσατο,
1435 517 1495 569 ού
1551 515 1760 586 φύσεως

1870 518 2017 572 aliud
2058 516 2313 583 Verbum,
2359 517 2509 573 aliud
2559 534 2722 575 caro:
2758 520 2867 577 duo
2906 532 3056 588 sunt,
3101 537 3211 578 non
3247 538 3445 585 unum.

198 604 407 675 ἀνάγκη
452 602 711 674 ἀκουσίῳ,
753 602 890 657 ἀλλὰ
917 605 1289 679 προαιρέσεως
1321 606 1517 678 γνώμῃ
1547 608 1639 660 καὶ
1670 608 1760 659 εύ-

1871 606 1928 661 Si
1967 606 2199 663 Verbum
2240 618 2293 663 et
2324 624 2456 664 caro
2481 609 2621 664 idem
2647 611 3021 676 sunt,corruit
3049 628 3151 668 vox
3176 631 3194 663 σ
3217 611 3444 669 Factum

198 695 350 768 δοκίᾳ
380 695 560 767 μόνον.

1871 709 1977 757 est.
2017 721 2037 754 ι
2072 701 2257 772 Neque
2295 704 2443 758 enim
2497 702 2737 759 Verbum
2795 705 2999 761 factum
3052 715 3136 762 est
3179 705 3442 762 Verbum.

197 786 347 853 Quod
382 802 509 841 vero
558 802 726 841 unum
754 787 1026 859 quoddam
1046 796 1152 854 est,
1201 790 1349 846 aliud
1380 790 1515 861 quid
1542 807 1651 845 non
1674 799 1759 846 est
1790 789 2015 848 factum.
2050 791 2220 864 Igitur
2253 810 2480 850 necesse
2521 806 2609 851 est.
2659 804 2718 850 ut
2776 798 2860 853 vel
2895 797 3054 860 illud,
3129 815 3147 849 ι
3213 796 3442 853 Factum

197 888 296 942 est,
332 896 353 929 ι
384 878 813 948 proscribamus,
847 880 928 935 vel
962 880 1100 937 duas
1129 896 1252 938 esse
1304 891 1533 938 naturas
1568 881 1918 940 allirmemus.
1945 882 2283 940 Vocabulum
2322 886 2468 941 enim
2499 904 2518 938 ι
2548 886 2776 943 Factum
2836 901 2943 954 est,
2980 910 2999 942 ι
3045 889 3247 945 dicitur
3301 906 3441 960 qua.

198 975 352 1023 tenus
382 983 570 1023 revera
601 970 873 1039 apparuit,
901 976 962 1024 ut
1031 971 1069 1025 ii
1111 972 1207 1042 qui
1277 971 1550 1028 vidissent
1583 972 1850 1029 certiores
1878 973 2096 1040 tierent,
2145 975 2240 1045 qui
2268 976 2479 1032 scilicet
2523 985 2638 1031 tum
2673 980 2938 1050 temporis
2977 977 3146 1034 Deum
3176 976 3440 1043 Verbum,

197 1059 336 1130 quod
364 1062 586 1117 minime
603 1062 912 1127 videbatur,
938 1063 1272 1134 ignorarent.
1300 1062 1373 1119 Ut
1394 1065 1443 1118 si
1463 1063 1590 1134 quis
1617 1063 1814 1119 dixerit
1838 1080 1852 1117 :
1882 1063 2081 1121 Pastor
2132 1065 2226 1122 ille
2285 1066 2354 1123 de
2371 1068 2490 1123 viro
2512 1068 2568 1122 in
2598 1084 2756 1124 ovem
2800 1079 3042 1125 mutatus
3074 1079 3181 1134 est,
3247 1085 3444 1141 nempe

197 1164 461 1226 quatenus
487 1171 676 1212 revera
696 1171 854 1212 ovem
887 1156 1089 1224 induit,
1121 1173 1234 1213 non
1261 1159 1595 1214 necessitate
1628 1156 1867 1229 quadam
1929 1172 2142 1216 natura
2200 1160 2572 1216 involuntaria
2601 1199 2618 1228 ,
2658 1161 2754 1217 sed
2791 1163 3027 1219 consilio
3057 1163 3326 1218 duntaxat
3387 1166 3446 1216 et

197 1258 384 1322 sponte
411 1267 532 1307 stta.

934 1364 1024 1420 iV.

198 1478 347 1548 Πρὸς
399 1478 545 1546 τοὺς
599 1479 889 1546 λέγοντας
932 1481 1081 1550 μίαν
1124 1480 1319 1549 φύσιν
1346 1479 1448 1534 ἐπὶ
1482 1479 1763 1547 Χριστοῦ.

263 1568 383 1633 Πῶς
408 1564 502 1623 οὖν
521 1568 757 1641 τολμῶσί
784 1587 947 1634 τινες,
983 1569 1123 1641 μετὰ
1156 1570 1219 1624 τὸ
1252 1569 1527 1641 δειχθῆναι
1551 1570 1643 1623 δύο
1675 1569 1766 1624 τὸν

2604 1360 2697 1417 IV.

1863 1473 2225 1530 Adversuseos
2245 1475 2334 1545 qui
2355 1490 2514 1528 unam
2533 1474 2583 1528 in
2609 1472 2822 1529 Christo
2844 1484 3090 1530 naturam
3108 1493 3222 1531 esse
3237 1478 3439 1535 dicunt.

1932 1564 2227 1636 Postquam
2257 1566 2423 1635 igitur
2458 1565 2567 1620 duo
2599 1581 2721 1621 esse
2756 1564 2993 1621 Verbum
3019 1577 3073 1621 et
3103 1583 3320 1624 cautem
3346 1571 3443 1625 de—

197 1660 359 1729 Λόγον
380 1661 478 1715 καὶ
502 1661 601 1731 τὴν
625 1661 820 1732 σάρκα,
842 1661 950 1714 τῶν
978 1661 1072 1715 δύο
1106 1661 1319 1731 φύσεων
1352 1661 1635 1715 ἐκϐάλλειν
1665 1662 1760 1734 τὴν

1865 1666 2230 1714 monstratum
2259 1664 2364 1723 est,
2409 1657 2542 1725 quid
2576 1666 2658 1713 est
2704 1673 2801 1712 cur
2830 1661 3059 1712 duarum
3101 1662 3444 1730 conjunctio-

199 1751 404 1806 σύνοδον
438 1769 454 1817 ;
488 1751 690 1817 πάσαις
747 1753 1042 1824 μαχόμενοι
1063 1754 1181 1816 ταῖς
1244 1752 1429 1821 ἁγίαις
1478 1751 1760 1824 Γραφαῖς,

1866 1769 1988 1808 nem
2021 1761 2339 1807 naturarum
2366 1751 2588 1822 quidam
2614 1750 2844 1819 rejicere
2880 1766 2988 1804 non
3025 1750 3320 1805 dubitant?
3347 1751 3442 1823 qui

198 1846 369 1898 πᾶσαν
398 1842 555 1917 ῦὸριν
602 1844 895 1913 ἐπάγοντες
938 1846 1003 1916 τῇ
1031 1843 1337 1916 άνυόρίστῳ
1374 1842 1556 1914 φύσει,
1600 1847 1765 1900 παντὶ

197 1934 510 2004 φθονοῦντες
560 1933 638 2006 τῷ
682 1934 831 2004 ’γένει
866 1933 974 1988 τῶν
1006 1933 1307 2006 ἀνθρώπων
1340 1935 1467 2007 περὶ
1495 1937 1594 2007 τῆς
1616 1934 1766 1999 θείας

196 2026 675 2099 ἐνανθρωπήσεως’
725 2027 943 2081 ἃπασαν
969 2026 1303 2099 προφητείαν
1327 2026 1533 2098 ταύτης
1570 2024 1767 2080 ἐκϐάλ-

194 2117 386 2184 λουσιν,
426 2119 479 2172 οἱ
504 2118 566 2172 τὸ
588 2117 809 2174 διπλοῦν
836 2118 942 2173 τῶν
969 2118 1184 2188 φύσεων
1207 2118 1550 2182 ἀθετοῦντες.
1578 2118 1766 2173 Πάντα

194 2208 288 2261 ὅσα
337 2207 720 2280 ταπεινότερον
765 2207 980 2280 εἴρηται
1029 2211 1095 2279 τῇ
1138 2207 1297 2277 φύσει
1347 2208 1613 2280 δεχόμενα
1663 2208 1766 2279 τῆς

196 2298 407 2371 σαρκὸς,
440 2303 600 2372 τηρεῖ
618 2298 712 2353 τοῦ
740 2300 912 2369 Λόγου
938 2298 1035 2371 τὴν
1059 2299 1214 2364 δόξαν
1234 2300 1489 2371 ἀκέραιον
1511 2316 1527 2330 ο
1559 2299 1765 2371 ταύτης

197 2392 611 2465 ἐκϐαλλομένης,
667 2391 878 2462 ἀνάγκη
932 2391 1112 2446 πάντα
1168 2392 1497 2464 συνδραμεῖν
1548 2392 1628 2456 είς
1672 2390 1765 2445 τὸν

195 2484 377 2556 Λόγον.
424 2488 586 2552 Πᾶσα
639 2489 751 2550 τοῖς
801 2484 1106 2557 ἀνθρώποις
1151 2485 1303 2550 ἐλπὶς
1341 2487 1433 2540 καὶ
1482 2486 1764 2558 παρρησία

195 2575 277 2633 διὰ
294 2578 393 2649 τῆς
414 2576 509 2631 τοῦ
540 2577 715 2646 Λόγου
744 2576 879 2648 πρὸς
895 2576 991 2648 τὴν
1025 2577 1277 2649 ἀπαρχὴν
1302 2577 1460 2649 ἡμῶν
1494 2576 1759 2642 ἐνὼσεως.

196 2671 253 2725 Ol
312 2671 368 2724 δὲ
409 2670 502 2725 τὸν
548 2671 717 2741 Λόγον
749 2670 1047 2740 φάσκοντες
1081 2672 1160 2734 εἰς
1214 2669 1392 2742 σάρκα
1438 2669 1762 2742 τετράφθαι,

195 2763 250 2816 τὸ
280 2764 542 2837 καύχημα
575 2764 667 2817 τοῦ
698 2762 886 2833 γένους
940 2762 1234 2826 ἐκένωσαν,
1260 2764 1467 2827 καὶτὰς
1504 2762 1764 2837 λαμπράς

196 2852 341 2924 ἡμῶν
382 2854 607 2917 ἐλπίδας
653 2853 942 2917 ἀϐεϐαίους
973 2853 1274 2925 ἀπέφηναν.
1313 2854 1425 2908 Οὐκ
1451 2853 1531 2907 ἐτι
1566 2852 1764 2926 σεμνύ-

196 2962 330 3000 νεται
390 2946 663 3018 Ἀϐραάμ,
707 2945 807 2999 οὐκ
846 2944 927 2998 ἔτι
976 2944 1267 3013 ἀγάλλεται
1311 2944 1475 2999 Δαὸίδ
1498 2962 1511 2975 ⁸
1547 2944 1762 3014 ψευδεῖς

197 3041 247 3092 al
270 3039 400 3111 πρὸς
427 3038 594 3093 αὐτὸν
626 3036 971 3108 ὑποσχέσεις.
1011 3037 1168 3109 εἴπερ
1191 3038 1291 3091 ούκ
1322 3039 1386 3091 ἐκ
1416 3037 1630 3109 καρποῦ
1660 3039 1761 3107 τῆς

1864 1844 2065 1899 bellum
2127 1843 2430 1914 Scripturis
2477 1840 2684 1897 sanctis
2733 1841 2994 1901 inlerunt,
3022 1850 3273 1896 naturam
3310 1845 3443 1900 nulli

1866 1935 2159 1989 obnoxiam
2222 1935 2437 2004 injuriae
2493 1932 2841 1988 contumeliis
2896 1932 3160 1997 aﬂiciunt,
3201 1934 3442 1988 divinam

1865 2026 2296 2082 incarnationem
2345 2023 2529 2095 generi
2575 2023 2857 2077 hominum
2882 2022 3138 2077 universo
3164 2024 3439 2078 invident’:

1864 2126 2132 2189 respuunt
2184 2132 2402 2173 omnem
2454 2117 2521 2172 de
2568 2116 2656 2169 illa
2702 2115 2904 2170 editam
2950 2116 3314 2184 prophetiam.
3347 2115 3440 2184 qui

1865 2210 2093 2265 duarum
2124 2207 2383 2263 unionem
2413 2213 2726 2259 naturarum
2748 2202 3444 2273 dissolvunt.Qttazcunque

1864 2300 2126 2355 humilius
2156 2301 2222 2354 de
2275 2298 2495 2353 Christo
2540 2296 2818 2360 dicuntur,
2854 2310 2917 2350 ea
2954 2296 3139 2351 carnis
3168 2296 3443 2366 applicata

1864 2402 2093 2456 naturae,
2125 2391 2327 2446 salvam
2374 2387 2539 2444 Verbi
2592 2388 2819 2459 gloriam
2873 2396 3236 2442 conservant:
3271 2401 3443 2442 carne

1865 2484 2099 2549 sublata,
2128 2484 2182 2537 in
2212 2480 2449 2537 Verbum
2470 2480 2651 2535 omnia
2696 2489 3030 2534 concurrant
3071 2493 3295 2533 necesse
3332 2486 3436 2533 est.

1865 2574 2054 2632 Omnis
2096 2576 2408 2631 hominibus
2432 2589 2556 2645 spes
2586 2581 2669 2629 est
2706 2584 2759 2629 et
2794 2572 2989 2627 fiducia
3019 2587 3083 2626 ex
3114 2570 3280 2626 Verbi
3312 2586 3440 2625 cum

1862 2666 2121 2736 primitiis
2154 2668 2357 2722 nostris
2409 2666 2629 2720 unione.
2666 2664 2770 2731 Qui
2810 2681 2938 2719 vero
2966 2663 3205 2719 Verbum
3246 2664 3440 2718 dicunt

1864 2758 1919 2813 in
1952 2774 2170 2814 carnem
2204 2774 2327 2814 esse
2358 2742 2647 2822 mutatum,
2688 2758 2763 2810 illi
2790 2764 2843 2811 et
2865 2757 3241 2827 gloriationem
3272 2771 3438 2826 gene-

1864 2852 1942 2904 ris
1967 2852 2142 2907 nostri
2173 2851 2239 2904 ad
2273 2850 2502 2905 nihilum
2527 2849 2873 2919 redegerunt,
2896 2856 2948 2901 et
2981 2849 3295 2918 praeclaram
3334 2860 3438 2901 no-

1865 2952 2032 3000 stram
2064 2960 2213 3014 spem
2249 2942 2602 2998 inﬁrmiorem
2646 2940 3019 2996 reddiderunt.
3047 2938 3167 2993 Non
3205 2939 3439 3009 amplius

1863 3033 2128 3105 gloriatur
2171 3032 2445 3088 Abraham
2478 3050 2491 3086 ε
2526 3046 2636 3085 non
2680 3030 2914 3100 amplius
2949 3032 3185 3084 exsultat
3218 3027 3383 3083 David
3420 3045 3439 3082 :

195 3132 389 3196 κοιλίας
424 3130 593 3186 αὐτοῦ
625 3132 686 3185 τὸ
715 3130 858 3185 κατὰ
906 3131 1085 3203 σάρκα
1118 3131 1400 3185 ἀνίσταται
1427 3133 1456 3185 ό
1486 3131 1723 3202 Χριστός
1743 3148 1757 3162 ο

1868 3124 2137 3194 promissa
2160 3124 2227 3178 ad
2247 3123 2398 3178 illum
2430 3121 2570 3177 facta
2621 3120 2902 3175 mendacia
2926 3128 3109 3182 erunt,
3147 3120 3194 3174 si
3219 3118 3438 3189 quidet?

194 3222 299 3276 ἀλλ’
321 3226 348 3276 ὁ
376 3223 512 3287 Θεὸς
570 3224 761 3292 Λόγος,
816 3222 976 3286 αὐτὸς
1013 3221 1200 3275 ἑαυτὸν
1272 3222 1450 3292 σάρκα
1506 3224 1758 3292 ποιήσας,

193 3313 282 3386 τὴν
321 3314 614 3388 ἐπιδημίαν
658 3313 962 3386 ἐχαρίσατο.
992 3311 1118 3376 Πῶς
1161 3307 1253 3366 οὖν
1277 3313 1377 3366 οὐκ
1416 3312 1760 3383 αἰσχύνονται

195 3410 280 3461 καὶ
302 3409 546 3480 Γραφαῖς
571 3408 742 3472 θείαις
766 3408 1146 3479 πολεμοῦντες,
1173 3408 1268 3461 καὶ
1295 3406 1600 3478 ἀνθρώποις
1628 3406 1760 3477 φθο-

194 3496 416 3564 νοῦντες,
466 3499 565 3552 καὶ
602 3498 735 3552 Θεὸν
763 3499 839 3563 ὡς
866 3499 1105 3571 παθητὸν
1156 3497 1620 3569 βλασφημοῦντες,
1665 3497 1760 3550 καὶ

191 3588 392 3658 ψευδεῖς
420 3590 590 3646 αὐτοῦ
639 3591 968 3661 ἐπαγγελίας
1009 3590 1335 3663 μηνύοντες,
1392 3590 1590 3662 μᾶλλον
1617 3589 1673 3643 δὲ
1697 3589 1759 3642 οὐ

191 3684 391 3752 ψευδεῖς
421 3686 606 3757 μόνον,
640 3683 774 3738 ἀλλὰ
803 3684 896 3737 καὶ
924 3683 1208 3755 ἐπιορκίαν
1234 3683 1328 3736 τοῦ
1351 3682 1759 3753 ἁψευδοῦςΘεοῦ

192 3779 582 3848 καταχέοντες;
662 3794 681 3828 t
722 3777 925 3847 Ὠμοσε
977 3775 1126 3848 γάρ,
1196 3774 1349 3847 φησὶ,
1407 3773 1611 3847 Κύριος
1681 3773 1761 3845 τῷ

192 3868 344 3921 Δαῦὶδ
368 3868 646 3940 ἀλήθειαν,
683 3866 777 3921 καὶ
805 3868 866 3920 οὐ
902 3866 976 3938 μὴ
1005 3866 1261 3936 ἀθετήσει
1295 3865 1492 3937 αὐτήν·
1524 3863 1589 3917 ἐκ
1624 3880 1763 3934 καρ-

193 3960 287 4013 ποῦ
308 3963 404 4033 τῆς
421 3960 632 4024 κοιλίας
651 3958 817 4013 αὐτοῦ
845 3958 1065 4013 καθίσαι
1091 3959 1184 4012 ἐπὶ
1203 3956 1297 4011 τοῦ
1321 3957 1509 4029 θρόνου
1536 3957 1719 4010 αὐτοῦ.
1735 3975 1754 4008 ι

191 4050 359 4121 Μηδὲν
382 4047 473 4106 οὖν
506 4052 574 4104 ἐκ
599 4050 701 4122 τῆς
743 4049 930 4114 ούσίας
957 4047 1052 4101 τοῦ
1085 4047 1247 4102 Δα6¹ιδ
1287 4047 1599 4112 δεδωκότος,
1642 4047 1760 4102 ἀλλ’

191 4140 249 4192 ἐκ
278 4142 367 4195 τοῦ
400 4142 578 4212 Λόγου
603 4139 1082 4211 καινοτομηθείσης
1114 4138 1334 4210 σαρκὸς,
1357 4138 1452 4193 καὶ
1480 4139 1576 4210 μία
1598 4138 1763 4208 φύσις

190 4232 242 4284 ἐν
266 4232 340 4305 τῷ
363 4233 611 4305 Δεσπότῃ
651 4231 890 4304 Χριστῷ,
930 4233 1026 4286 καὶ
1052 4232 1133 4285 δεῖ
1172 4231 1388 4294 πάντως
1415 4231 1576 4285 αὐτὸν
1621 4234 1761 4284 νοεῖν

190 4321 440 4397 ῆΚύριον
474 4324 570 4380 τοῦ
601 4323 763 4377 Δαϐὶδ
788 4323 821 4396 ἢ
852 4323 995 4377 υίόν’
1028 4323 1096 4376 τὰ
1126 4323 1235 4395 γὰρ
1261 4322 1353 4377 δύο
1384 4324 1418 4395 ἠ
1460 4323 1561 4394 μία
1594 4321 1756 4390 φύσις

188 4414 280 4468 οὐκ
318 4416 640 4486 ἐπιδέχεται.
685 4415 749 4469 El
798 4413 929 4479 Θεὸς
965 4413 1144 4486 μόνον.
1172 4414 1232 4468 ού
1262 4414 1464 4484 κυρίως
1499 4413 1659 4478 Υίός·
1695 4413 1756 4467 οὐ

188 4504 289 4578 γὰρ
317 4508 493 4579 ἀρχὴν
507 4506 603 4560 τοῦ
628 4502 765 4560 εἶναι
790 4504 846 4573 ἐξ
863 4505 1024 4559 αὑτοῦ
1052 4504 1317 4576 λαμϐάνει
1336 4521 1352 4538 ο
1384 4505 1507 4559 οὐδὲ
1527 4505 1752 4576 γνήσιος

187 4598 312 4663 υίὸς,
352 4601 382 4654 ό
447 4597 613 4670 μηδὲν
644 4598 781 4668 ἔχων
830 4599 895 4651 ἐκ
936 4597 1036 4669 τῆς
1085 4597 1275 4661 οὐσίας
1317 4595 1410 4651 τοῦ
1454 4595 1750 4666 λεγομένου

193 4691 413 4761 πατρός.

1861 3216 2115 3271 Christus
2160 3217 2461 3270 secundum
2511 3229 2731 3269 carnem
2768 3212 2835 3267 de
2882 3212 3063 3266 fructu
3093 3213 3299 3266 ventris
3321 3211 3443 3280 ejus

1861 3324 1971 3364 non
1999 3320 2222 3364 exortus
2248 3315 2351 3364 est.
2384 3308 2611 3362 Atenim
2646 3306 2785 3362 Deus
2814 3304 3052 3360 Verbum
3087 3303 3442 3374 semetipsum

1862 3415 2081 3455 carnem
2138 3400 2343 3455 faciens
2402 3414 2503 3455 suo
2564 3415 2666 3455 nos
2712 3400 2947 3453 adventu
3019 3399 3280 3468 dignatus
3331 3402 3440 3450 cst.

1863 3490 2151 3558 Quomodo
2193 3492 2358 3561 igitur
2403 3505 2514 3544 non
2544 3492 2709 3560 pudet
2742 3504 2837 3545 eos
2872 3498 3061 3544 contra
3095 3488 3440 3559 Scripturam

1863 3590 2107 3637 sanctam
2126 3581 2326 3636 bellum
2358 3581 2559 3646 facere,
2582 3580 2895 3635 hominibus
2914 3579 3176 3645 invidere,
3194 3581 3248 3632 in
3269 3578 3439 3632 Deum

1864 3681 1920 3726 ut
1954 3671 2267 3741 passibiletn
2298 3670 2695 3741 blasphemare,
2716 3668 3110 3738 promissiones
3132 3666 3253 3736 ejus
3285 3682 3441 3720 men~

1862 3763 2005 3818 dacii
2059 3777 2288 3833 arguere
2321 3781 2334 3817 :
2369 3762 2480 3816 imo
2509 3778 2620 3817 non
2652 3763 2757 3817 hoc
2790 3769 3020 3823 tantum,
3049 3759 3144 3814 sed
3176 3767 3230 3813 et
3268 3757 3438 3812 Deum

1862 3856 2064 3926 ipsum,
2096 3856 2189 3925 qui
2220 3852 2439 3908 mentiri
2475 3853 2674 3918 nescit,
2705 3850 2927 3921 perjurii
2964 3846 3263 3904 accusare?
3288 3864 3308 3898 ι
3339 3846 3440 3900 Ju-

1862 3946 2003 4000 ravit
2066 3945 2234 4009 enim,
2311 3944 2523 4013 inquit,
2588 3942 2851 3999 Dominus
2904 3938 3075 3993 David
3127 3938 3437 4001 veritatem,

1861 4046 1915 4096 et
1972 4053 2083 4093 non
2140 4036 2495 4092 frustrabitur
2537 4051 2700 4091 eam:
2735 4034 2801 4090 de
2849 4035 3031 4089 fructu
3074 4034 3283 4089 ventris
3315 4033 3438 4101 ejus

1862 4144 2146 4187 sessurum
2183 4144 2345 4199 super
2394 4128 2567 4199 ipsius
2598 4129 2796 4183 throno
2812 4129 2880 4183 ⁸⁸.
2913 4147 2931 4180 ι
2966 4127 3102 4182 Cum
3143 4140 3272 4197 ergo
3300 4122 3439 4179 nihil

1861 4221 2093 4277 carnide
2110 4220 2418 4275 substantia
2446 4233 2548 4274 sua
2572 4218 2739 4273 David
2754 4217 2985 4282 dederit,
3015 4217 3110 4273 sed
3144 4232 3212 4272 ex
3234 4213 3437 4279 Verbo,

1861 4328 2004 4368 novo
2046 4312 2283 4384 quodam
2333 4310 2496 4366 modo
2529 4309 2673 4365 facta
2715 4311 2809 4372 sit,
2851 4323 2962 4364 una
3015 4316 3212 4363 natura
3251 4313 3335 4361 est
3376 4304 3436 4361 in

1864 4403 2092 4461 Domino
2111 4403 2352 4468 Christo,
2379 4403 2471 4474 qui
2502 4403 2860 4458 nihilominus
2890 4408 2985 4456 aut
3043 4399 3309 4455 Dominus
3340 4405 3438 4453 aut

1860 4498 2003 4555 ﬁlius
2032 4498 2253 4553 Davidis
2292 4496 2677 4569 intelligendus
2700 4503 2785 4552 est
2822 4515 2836 4551 :
2869 4496 2977 4550 duo
3000 4494 3144 4550 enim
3180 4494 3291 4556 illa,
3327 4505 3437 4546 una

1858 4590 2157 4660 eademque
2186 4596 2380 4643 natura
2402 4604 2508 4644 non
2533 4585 2790 4643 admittit.
2818 4584 2877 4640 Si
2906 4585 3049 4641 Deus
3068 4589 3297 4646 tantum,
3324 4596 3436 4634 non

1858 4684 2079 4755 proprie
2104 4682 2278 4738 Filius
2303 4699 2317 4737 :
2348 4682 2547 4752 quippe
2576 4680 2671 4751 qui
2709 4679 2975 4750 originem
3018 4675 3338 4730 substantia:
3365 4672 3434 4723 ab

186 4779 298 4850 ipso
356 4798 468 4838 non
509 4781 680 4837 trahit
713 4800 729 4837 :
767 4795 870 4837 nec
919 4795 1049 4837 vero
1099 4794 1389 4853 germanus
1445 4778 1612 4845 ﬁlius,
1669 4778 1766 4850 qui
1834 4778 2041 4833 nullam
2091 4776 2412 4833 substantia:
2435 4775 2557 4844 ejus
2600 4771 2696 4843 qui
2747 4783 2904 4841 pater
2951 4769 3156 4824 dicitur
3219 4772 3432 4838 partem

188 4867 359 4929 habet.

928 4960 996 5017 V.

187 5075 333 5144 Πρὸς
357 5074 503 5141 τοὺς
521 5074 830 5143 λέγοντας,
868 5072 957 5127 ὅτι
986 5072 1055 5128 τὸ
1083 5071 1397 5144 ὁμολογεῖν
1420 5071 1612 5144 φύσιν
1632 5071 1749 5142 τὴν

216 5143 428 5212 σάρκα,
451 5144 706 5213 τετράδα
726 5144 898 5199 ἐστίν
923 5144 1057 5199 ἀντὶ
1086 5143 1326 5212 Τριάδος
1347 5143 1681 5211 κηρύττειν.

248 5256 413 5311 Πάλιν
457 5256 560 5328 τὴν
595 5256 761 5330 αὐτὴν
790 5257 1125 5327 κακουργίαν
1169 5258 1227 5311 ἐν
1273 5255 1482 5328 ἑτέροις
1541 5256 1749 5329 ῥήμασι

2584 4948 2650 5006 V.

1855 5072 2119 5128 Adversus
2165 5084 2251 5124 eos
2280 5066 2371 5137 qui
2416 5064 2600 5119 dicunt
2632 5078 2847 5137 carnem
2884 5060 3125 5137 conﬁteri
3152 5070 3428 5123 naturam,

2024 5155 2137 5195 esse
2172 5130 2577 5210 quaiernitatem
2620 5149 2717 5203 pro
2756 5133 3017 5187 Trinitate
3058 5130 3251 5185 dicere.

1889 5256 2128 5312 Rursum
2146 5254 2333 5309 eadem
2347 5252 2689 5309 adversarios
2705 5248 3050 5321 improbitate
3065 5247 3117 5302 in
3132 5247 3256 5302 aliis
3269 5261 3431 5319 agere

187 5349 330 5420 παρὰ
384 5350 497 5404 τῶν
528 5351 784 5405 ἐναντίων
816 5348 1255 5422 προδαλλομένην
1280 5348 1412 5418 ὁρῶ.
1449 5348 1596 5402 Ἀνω
1639 5347 1750 5420 γὰρ

1865 5345 2320 5418 disputationibus
2335 5344 2515 5399 video.
2541 5342 2673 5396 Nam
2691 5357 2817 5396 cum
2835 5356 3000 5411 supra
3015 5340 3338 5410 simpliciter
3351 5338 3431 5395 di-

184 5439 362 5507 ἁπλῶς
388 5444 661 5508 εἰπόντες,
678 5445 770 5498 δύο
781 5444 944 5508 Υίοὺς
965 5442 1204 5512 εἰσάγειν
1235 5444 1359 5505 τοὺς
1379 5442 1437 5495 ἐν
1466 5441 1546 5494 ἐνὶ
1572 5441 1640 5496 τα
1655 5441 1748 5495 δύο

1865 5442 2092 5502 ιίεεειιι,
2130 5437 2223 5508 qui
2245 5436 2384 5492 duas
2402 5436 2456 5490 in
2477 5450 2589 5490 uno
2604 5434 2824 5490 Christo
2838 5431 3064 5495 formas,
3096 5430 3259 5511 Deiet
3283 5430 3427 5488 servi

185 5533 449 5603 νοοῦντας,
476 5536 691 5608 μορφὴν
712 5535 844 5591 Θεοῦ
876 5536 971 5591 καὶ
1004 5535 1213 5611 μορφὴν
1228 5534 1435 5599 δούλου,
1471 5532 1632 5589 πάλιν
1655 5534 1745 5589 ὲν-

1865 5531 2283 5597 tonsi'derarent,
2298 5543 2392 5585 cos
2405 5527 2541 5585 duos
2560 5525 2725 5583 Filios
2742 5525 3021 5592 inducere,
3037 5539 3184 5580 nunc
3205 5537 3269 5579 ru
3299 5536 3429 5583 sum

255 5693 296 5724 ⁸⁸
335 5692 481 5750 Psal.
520 5708 683 5747 cum
708 5731 722 5758 ,
759 5696 845 5750 ll.
