3976 6388
529 318 653 373 1551

1660 309 1717 364 s.
1759 303 2222 362 ATHANASIUS.
2263 334 2333 346 -
2370 271 2605 358 DUBIA.

3627 287 3760 343 Ιδῖἴὲ

526 432 682 508 597
738 439 1156 502 quaternitatem
1226 429 1348 484 illos
1395 419 1690 497 praedicare
1763 423 2104 480 calumnian-

2211 419 2376 474 ταῦθα
2409 419 2640 494 τετράδα
2677 415 2970 488 κηρύσσειν
3011 408 3404 481 συκοφαντοῦσι
3449 407 3578 468 τοὺς
3612 405 3762 474 φύσει

526 542 635 592 tur,
697 526 791 596 qui
826 532 1021 578 natura
1055 535 1277 576 carnem
1323 525 1664 588 assuniptam
1705 517 1958 570 credunt.
1985 513 2099 569 Hoc

527 615 688 690 porro
733 617 922 671 dicunt
957 629 1060 669 sua
1104 611 1227 667 freti
1261 610 1609 674 auctoritate,
1651 623 1762 663 non
1801 615 1982 662 autem
2033 621 2099 661 ex

527 711 758 780 quadam
791 706 1203 775 consequentia.
1245 703 1569 774 Quanquam
1609 717 1716 756 non
1739 710 1847 754 tam
1876 700 1986 755 illis
2003 715 2102 753 no-

527 798 738 851 biscum
791 810 880 848 res
938 801 1042 856 est,
1087 807 1247 861 quam
1282 807 1406 846 cum
1463 792 1672 846 sanctis
1724 790 1978 845 omnibus
2007 791 2100 860 qui

526 887 716 942 eadem
742 901 838 955 per
873 883 1112 954 Spiritus
1146 884 1319 938 sancti
1352 883 1583 954 gratiam
1625 881 2016 952 prmdicarunt.
2055 881 2104 938 Α

524 979 725 1048 quibus
756 993 855 1031 nos
884 976 1135 1030 illustrati
1168 976 1439 1030 sinceram
1464 975 1519 1029 in
1550 977 1770 1030 nomine
1798 973 2002 1040 Patris,
2047 981 2101 1028 et

525 1067 648 1121 Filii
690 1075 743 1121 et
791 1067 1028 1136 Spiritus
1057 1065 1232 1119 sancti
1271 1065 1672 1120 confessionem
1705 1065 2022 1128 didicimus,
2050 1071 2105 1118 et

524 1158 887 1212 teconomiam
922 1158 1314 1212 incarnationis
1337 1157 1570 1211 duarum
1603 1157 1858 1212 unionem
1881 1167 2104 1211 natura-

526 1266 647 1304 rum
703 1252 1080 1320 cognovimus.
1135 1249 1240 1315 Qui
1293 1265 1424 1305 vero
1479 1251 1705 1305 humilia
1764 1251 1946 1304 omnia
1999 1249 2103 1320 ipsi

525 1340 650 1395 Filii
672 1342 860 1396 deitati
901 1341 1091 1396 volunt
1117 1341 1308 1406 tribui,
1335 1343 1536 1396 tollunt
1585 1342 1772 1397 carnis
1801 1349 2053 1396 naturam
2085 1380 2101 1405 ,

526 1443 586 1488 ut
607 1435 768 1503 hujus
791 1434 1076 1504 passiones
1091 1435 1400 1488 necessario
1419 1435 1559 1489 ascri
1570 1435 1763 1488 bantur
1782 1432 1892 1488 Deo
1907 1432 2102 1498 Verbo,

525 1542 795 1582 converso
824 1527 899 1579 illi
927 1525 1147 1596 quidem
1184 1527 1338 1596 prius
1368 1526 1425 1580 in
1465 1541 1709 1590 carnem,
1765 1524 1860 1581 sed
1895 1540 1957 1580 ea
1987 1540 2106 1595 qua:

525 1619 713 1674 carnis
767 1625 897 1672 sunt
938 1632 1155 1671 rursum
1191 1618 1442 1687 patienti.
1490 1617 1668 1686 Atque
1709 1617 1812 1670 hac
1843 1615 1909 1671 de
1939 1631 2105 1671 causa

525 1713 737 1768 crimen
775 1711 1024 1766 fidelibus
1049 1711 1374 1782 impingunt,
1400 1725 1520 1780 quae
1568 1709 1674 1765 sibi
1720 1708 1973 1764 videntur
2005 1723 2105 1764 sua

2198 512 2297 583 τὴν
2331 512 2508 582 σάρκα
2543 507 2858 580 ἀνειλῆφθαι
2889 504 3258 566 πιστεύοντας.
3291 500 3463 554 Τοῦτο
3489 498 3548 550 δὲ
3579 497 3762 560 λέγου-

2203 618 2253 654 σι
2290 602 2387 672 μὲν
2419 602 2505 654 ἐπ’
2535 599 2802 666 ἐξουσίας,
2832 597 2931 649 οὐκ
2976 595 3038 648 ἐκ
3086 610 3230 656 τινος
3263 590 3604 652 ἀκολουθίας·
3633 603 3763 659 προ-

2202 691 2423 762 φέρουσι
2455 689 2512 743 δὲ
2545 690 2605 742 οὺ
2636 687 2886 740 τοσοῦτον
2919 686 3068 755 ἡμῖν,
3103 684 3226 736 ὅσον
3251 685 3364 744 τοῖς
3393 679 3572 748 ἁγίοις
3614 679 3760 740 πᾶσι,

2200 789 2310 849 τοῖς
2341 783 2559 837 τοιαῦτα
2589 781 2675 835 διὰ
2703 780 2802 850 τῆς
2832 775 3202 848 πνευματικῆς
3228 773 3498 844 κηρύξασι
3526 770 3760 841 χάριτος,

2203 879 2328 948 παρ’
2361 869 2436 928 ὧν
2474 877 2632 946 ἡμεῖς
2663 870 3040 942 φωτισθέντες,
3072 869 3171 939 τὴν
3204 866 3300 937 μὲν
3325 863 3765 948 άνόθευτονλὸμο-

2201 966 2387 1035 λογίαν
2411 968 2468 1019 ἐν
2495 964 2713 1034 ὀνόματι
2732 960 2964 1034 Πατρὸς,
2990 960 3082 1012 καὶ
3099 956 3254 1018 Υίοῦ.
3286 957 3382 1009 καὶ
3413 954 3574 1022 ἁγίου
3599 946 3764 1006 Πνεύ-

2205 1075 2372 1129 ματος
2399 1055 2771 1126 ἐδιδάχθημεν,
2800 1052 2898 1123 τὴν
2929 1052 2985 1104 δέ
3017 1049 3116 1121 τῆς
3137 1047 3604 1119 ἐνανθρωπήσεως
3625 1045 3763 1098 οἰκο-

2202 1150 2393 1220 νομίαν
2425 1151 2487 1200 ἐκ
2517 1148 2607 1200 δύο
2645 1147 2858 1216 φύσεων
2891 1143 3285 1212 ἐγνωρίσαμεν.
3337 1138 3476 1190 Ἀλλ’
3509 1139 3558 1189 οἱ
3596 1135 3766 1206 βουλό-

2206 1255 2355 1310 μενοι
2379 1237 2556 1290 πάντα
2588 1235 2822 1289 ταπεινά
2845 1233 3029 1305 φέρειν
3057 1233 3136 1295 εἰς
3170 1230 3335 1300 αὐτὴν
3371 1228 3467 1281 τοῦ
3499 1227 3633 1280 Υίοῦ
3659 1227 3766 1280 θεό-

2201 1347 2366 1402 τητα,
2398 1330 2854 1401 παραγράφονται
2885 1328 2983 1396 τῆς
3011 1324 3212 1395 σαρκὸς
3243 1321 3338 1392 τὴν
3375 1321 3556 1390 φύσιν·
3594 1321 3678 1373 ἵνα
3703 1320 3764 1373 τά

2205 1421 2348 1492 πάθη
2379 1421 2582 1492 ταύτης
2623 1420 2682 1484 ἐξ
2725 1418 2970 1487 ἀνάγκης
2999 1416 3279 1485 ἐπιγραφῇ
3316 1412 3394 1483 τῷ
3439 1411 3562 1482 Θεῷ
3596 1411 3763 1480 Λόγῳ,

2202 1516 2462 1588 τραπέντι
2508 1515 2604 1586 μὲν
2638 1514 2900 1585 πρότερον
2939 1512 3017 1573 εἰς
3063 1509 3260 1579 σάρκα,
3286 1507 3511 1560 παθόντι
3542 1505 3600 1558 δὲ
3623 1502 3766 1569 αὖθις

2201 1608 2271 1660 τὰ
2298 1608 2396 1678 τῆς
2421 1606 2637 1678 σαρκός.
2665 1605 2773 1657 Καὶ
2799 1602 2988 1656 τούτου
3034 1600 3191 1672 χάριν
3225 1598 3483 1669 ἔγκλημα
3525 1601 3641 1661 τοῖς
3685 1613 3768 1650 πι-

2207 1702 2349 1762 στοῖς
2373 1698 2724 1760 ἐπισείουσιν,
2753 1695 3006 1766 αὑθεντίᾳ
3049 1694 3183 1765 μόνῃ
3225 1691 3292 1745 τὰ
3317 1689 3583 1744 δοκοῦντα
3612 1706 3768 1742 κατα·

529 1804 704 1859 solum
741 1802 1068 1858 auctoritate
1108 1781 1438 1857 astruentes.
1475 1799 1619 1855 Sane
1647 1801 1694 1855 si
1741 1801 1926 1856 carnis
1951 1814 2100 1856 eam-

2211 1791 2571 1855 σκευάζοντες.
2598 1791 2659 1842 Ei
2684 1789 2782 1860 μὲν
2803 1786 2910 1857 γὰρ
2936 1786 3190 1857 ἐλέγομεν
3215 1785 3312 1854 τῆς
3329 1783 3518 1846 οὐσίας
3546 1781 3639 1835 τοῦ
3666 1781 3768 1834 [Ia-

528 1896 650 1952 dem
685 1911 806 1952 esse
835 1911 998 1967 quam
1037 1894 1238 1959 Patris,
1272 1902 1327 1950 et
1389 1893 1536 1957 Filii,
1569 1900 1622 1947 et
1655 1891 1893 1964 Spiritus
1917 1891 2099 1948 sancti

529 1988 890 2044 substantiam
922 1986 1155 2058 professi
1201 2003 1392 2043 sumus
1423 2001 1687 2057 unquam,
1721 1986 2103 2057 quaternitatis

531 2101 726 2140 nomen
756 2084 879 2153 jure
900 2083 1057 2138 nobis
1089 2083 1370 2152 objicitur,
1404 2081 1605 2152 quippe
1639 2081 1729 2150 qui
1761 2079 2005 2136 eamdem
2047 2078 2102 2132 in

529 2186 764 2247 quatuor
776 2177 1027 2247 personis
1044 2177 1337 2232 essentiam
1362 2174 1798 2243 contemplemur
1818 2190 1833 2240 ;
1856 2173 1938 2228 sin
1958 2171 2103 2241 quod

529 2287 618 2326 res
665 2278 750 2326 est
796 2269 1031 2327 dicimus
1065 2267 1631 2324 :consubstantialem
1669 2265 1816 2321 Patri
1851 2281 1973 2320 esse
2002 2248 2102 2318 Fi-

529 2359 684 2424 lium,
735 2359 1258 2415 consubstantialem
1321 2358 1450 2412 item
1501 2355 1761 2428 Spiritum
1806 2365 2052 2412 sanctum
2083 2393 2101 2421 ,

532 2469 753 2508 carnem
796 2469 924 2508 vero
977 2453 1044 2507 ad
1100 2453 1422 2508 mconomite
1461 2451 1946 2522 complementum,
1995 2464 2105 2503 non

531 2545 851 2601 substantia:
884 2545 1304 2607 incrementum,
1343 2551 1659 2612 susceptam
1697 2559 1710 2594 :
1741 2556 1850 2612 qua
1893 2539 1971 2594 illi
2016 2555 2103 2594 ra-

531 2640 680 2692 tione
720 2637 1090 2692 accessionem
1121 2634 1337 2690 numeri
1383 2649 1448 2688 ex
1480 2634 1662 2689 carnis
1710 2640 1904 2686 natura
1943 2631 2106 2686 fabri-

531 2738 681 2795 cant,
719 2730 853 2785 adeo
912 2729 1204 2791 diversam,
1240 2742 1305 2781 ac
1375 2726 1420 2781 si
1469 2727 1574 2780 alia
1623 2724 2106 2781 consubstantialis

534 2838 768 2892 persona
823 2829 993 2888 esset,
1039 2816 1574 2890 superinducentes?
1612 2832 1790 2888 neque
1837 2815 1892 2869 id
1925 2822 2106 2869 tamen

532 2928 698 2969 carne
746 2914 805 2968 in
840 2929 901 2968 se
955 2911 1069 2981 ipsa
1104 2909 1452 2965 considerata
1474 2948 1488 2974 ,
1521 2907 1615 2962 sed
1655 2907 1710 2962 in
1758 2905 2107 2976 inseparabili

533 3018 660 3057 cum
709 3002 818 3057 Deo
852 2999 1032 3055 Verbo
1059 2998 1450 3068 conjunctione
1485 2998 1688 3068 agnita,
1747 3004 1808 3050 ut
1835 3010 1902 3052 ea
1931 3008 2109 3066 neque

533 3098 769 3168 amplius
804 3095 1058 3150 videatur
1115 3101 1390 3162 separata,
1425 3106 1603 3162 neque
1634 3097 1694 3144 ut
1743 3089 2109 3146 consubstan-
2139 3125 2179 3179 ϐ

536 3189 684 3244 tialis
744 3187 970 3256 reliquis
1027 3183 1278 3254 personis
1337 3182 1456 3252 pari
1498 3181 1658 3236 modo
1700 3187 2108 3236 annumeratur.

537 3276 734 3333 Noster
764 3277 931 3346 igitur
959 3289 1140 3330 sermo
1172 3271 1604 3326 incarnationem
1636 3272 1944 3342 profitetur,
1975 3285 2112 3341 qua-

539 3369 878 3432 ternitatem,
908 3375 968 3420 ut
1019 3364 1154 3430 dixi,
1183 3379 1294 3417 non
1353 3362 1583 3426 inducit,
1625 3369 1680 3417 et
1712 3361 1877 3418 Verbi
1931 3369 2113 3416 tuetur

543 3459 1064 3529 impassibilitatem,
1091 3463 1145 3511 et
1175 3455 1476 3526 Scripturis
1513 3455 1785 3510 universis
1812 3454 2111 3510 consentit.

541 3549 996 3605 Adversariorum
1053 3561 1185 3602 vero
1235 3545 1485 3600 doctrina
1509 3554 1564 3601 et
1605 3545 1763 3601 fidem
1801 3561 2015 3600 omnem
2046 3545 2113 3600 iis

541 3657 663 3712 qua:
693 3641 762 3697 ab
795 3640 953 3695 initio
990 3639 1195 3708 scripta
1228 3645 1358 3692 sunt
1389 3645 1570 3708 negat,
1601 3645 1656 3692 et
1688 3637 1871 3692 carnis
1900 3651 2116 3692 assum-

541 3734 786 3803 ptionem
823 3732 1036 3802 rejicit;
1063 3732 1298 3800 denique
1330 3738 1424 3784 aut
1459 3727 1696 3784 Verbum
1733 3728 1900 3784 Deum
1940 3735 2117 3782 muta-

542 3836 657 3878 tuin
689 3835 743 3880 et
777 3841 1018 3896 passum,
1053 3832 1146 3877 aut
1179 3823 1300 3877 ficte
1323 3831 1476 3894 gesta
1501 3821 1674 3877 fuisse
1699 3821 1884 3875 omnia
1909 3819 2115 3890 liquido

543 3916 804 3971 declarat.
830 3915 983 3982 Quod
1029 3915 1076 3969 si
1110 3916 1234 3970 ideo
1267 3928 1486 3968 carnem
1523 3913 1838 3968 necessario
1870 3912 2030 3966 nobis
2061 3911 2115 3964 in

543 4009 930 4077 quaternitatis
965 4020 1253 4060 numerum
1283 4005 1492 4059 ducunt
1549 4003 1944 4067 ascisccndam,
1969 4002 2114 4072 quod

544 4115 639 4169 per
669 4099 1040 4154 mediatricein
1069 4097 1420 4168 purissimam
1451 4110 1669 4150 carnem
1694 4097 1864 4150 multa
1900 4110 2001 4148 nos
2029 4095 2117 4148 be-

547 4190 738 4245 neficia
762 4192 1070 4261 accepimus
1087 4198 1136 4245 et
1171 4197 1490 4258 accepturos
1511 4188 1768 4258 deinceps
1801 4201 2113 4257 speramus:

548 4291 718 4337 restat
751 4288 809 4336 ut
855 4291 1033 4352 togam
1071 4282 1238 4346 illam,
1281 4283 1440 4350 cujus
1488 4297 1642 4336 oram
1699 4281 1794 4336 ubi
1846 4295 1969 4334 cum
2012 4279 2115 4334 fide

547 4374 819 4442 tetigisset
878 4374 968 4427 illa
1000 4375 1200 4428 fontem
1238 4373 1523 4444 sanguinis
1563 4373 1956 4428 circumferens
1994 4388 2115 4426 mu-

2203 1881 2349 1953 τρδς,
2387 1881 2479 1935 καὶ
2510 1879 2602 1933 τοῦ
2634 1876 2784 1942 Υἰοῦ,
2822 1876 2914 1931 καὶ
2937 1873 3030 1930 τοῦ
3086 1875 3239 1944 ἁγίου
3283 1873 3605 1945 Πνεύματος
3638 1867 3768 1925 εἶναι

2203 1974 2300 2045 τὴν
2325 1973 2524 2046 σάρκα,
2565 1971 2746 2035 καλῶς
2778 1968 3008 2041 τετράδα
3039 1964 3342 2038 ὠνόμαζον,
3371 1967 3448 2030 ὡς
3482 1966 3585 2036 τῆς
3609 1963 3768 2033 αὐτῆς

2203 2067 2391 2130 οὐσίας
2441 2068 2498 2118 ἐν
2540 2065 2761 2136 τέταρσι
2810 2061 3119 2135 προσώποις
3163 2061 3582 2132 θεωρουμένης·
3634 2061 3680 2111 εί
3717 2058 3767 2111 δέ

2202 2155 2451 2228 λέγομεν,
2494 2156 2630 2227 ὅπερ
2676 2155 2844 2219 ἐστὶν,
2884 2152 3163 2224 όμοούσιον
3213 2151 3312 2222 μὲν
3354 2150 3433 2221 τῷ
3469 2151 3647 2221 Πατρὶ
3688 2151 3768 2201 τὸν

2205 2251 2351 2315 Υίὸν,
2393 2249 2675 2321 ὁμοούσιον
2716 2248 2772 2302 δέ
2819 2247 2880 2300 τὸ
2923 2246 3146 2317 Πνεῦμα
3175 2245 3237 2298 τὸ
3277 2244 3464 2313 ἅγιον·
3501 2242 3769 2313 εἰληφέναι

2203 2341 2259 2394 δέ
2300 2341 2397 2412 τὴν
2434 2340 2610 2411 σάρκα
2653 2342 2732 2402 είς
2776 2337 3122 2409 ἐκπλήρωσιν
3165 2335 3503 2406 οἰκονομίας,
3555 2335 3656 2388 οὐκ
3699 2335 3771 2396 είς

2204 2432 2429 2503 αὕξηοιν
2461 2431 2677 2493 οὐσίας·
2715 2429 2830 2493 πῶς
2875 2428 3108 2501 ἀριθμοῦ
3156 2427 3475 2500 προσθήκην
3529 2427 3773 2499 ἐργάζον⁸

2205 2541 2311 2588 ται,
2337 2525 2436 2594 τῆς
2464 2523 2662 2594 σαρκὸς
2686 2521 2783 2594 τὴν
2813 2522 2972 2592 φύσιν
3014 2520 3262 2574 τοσοῦτον
3293 2519 3767 2592 παρηλλαγμένην,

2203 2617 2279 2681 ὡς
2315 2618 2501 2688 ἕτερον
2551 2615 2839 2686 πρόσωπον
2877 2615 3260 2684 ἐπεισάγοντες
3307 2613 3630 2686 όμοούσιον;
3689 2612 3770 2664 καὶ

2205 2709 2362 2762 τοῦτο
2397 2709 2458 2762 οὐ
2495 2706 2618 2761 καθ’
2665 2708 2861 2780 ἑαυτὴν
2910 2709 3079 2780 αὐτῆς
3124 2705 3530 2778 θεωρουμένης,
3581 2703 3692 2758 ἀλλ’
3720 2705 3771 2755 ἐν

2207 2801 2494 2874 ἀχωρίστῳ
2537 2800 2801 2872 συναφείᾳ
2841 2799 2976 2870 πρὸς
3027 2798 3118 2852 τὸν
3164 2796 3503 2865 ΘεὺνΛόγον
3531 2797 3772 2868 γνωριζοο

2211 2894 2411 2965 μένης·
2447 2891 2586 2946 ὥστε
2619 2891 2813 2963 μηκέτι
2861 2889 3271 2962 κεχωρισμένην
3313 2889 3486 2961 αὐτὴν
3532 2889 3769 2962 ὁρᾶσθαι,

2213 2987 2349 3057 μήτε
2387 2983 2461 3047 ὡς
2510 2983 2791 3054 ὁμοούσιον
2821 2982 2898 3054 τῷ
2935 2985 3035 3054 ῖσῳ
3081 2983 3264 3054 τρόπῳ
3306 2980 3768 3054 συναριθμεῖσθαι.

2223 3081 2282 3132 '0
2315 3078 2413 3150 μὲν
2442 3074 2535 3132 οὖν
2579 3077 2842 3150 ἡμέτερος
2893 3077 3048 3146 λόγος
3094 3077 3186 3131 καὶ
3232 3076 3332 3149 τὴν
3373 3075 3774 3148 ἐνανθρὼπησιν

2212 3171 2483 3243 ὁμολογεῖ,
2521 3170 2614 3223 καὶ
2661 3169 2908 3241 τετράδα,
2947 3168 3127 3233 καθώς
3176 3185 3362 3240 φησιν,
3391 3169 3453 3220 οὺ
3490 3171 3654 3231 ποιεῖ,
3691 3167 3776 3220 καὶ

2214 3260 2468 3330 φυλάττει
2500 3259 2576 3332 τῷ
2605 3259 2760 3331 Λόγῳ
2791 3261 2850 3313 τὸ
2883 3259 3108 3324 ἀπαθὲς,
3143 3261 3237 3313 καὶ
3264 3259 3402 3332 πρὸς
3442 3260 3626 3323 πάσας
3653 3276 3775 3332 συμ-

2214 3356 2380 3421 φωνεῖ
2406 3352 2504 3416 τὰς
2569 3352 2728 3421 ἁγίας
2761 3353 3008 3423 Γραφάς·
3041 3355 3074 3423 ή
3113 3351 3169 3405 δὲ
3199 3352 3306 3406 τῶν
3337 3353 3602 3406 ἐναντίων
3633 3369 3776 3422 νομο-

2214 3442 2368 3496 θεσία
2399 3443 2492 3496 καὶ
2522 3445 2632 3504 τοῖς
2669 3443 3076 3514 γεγραμμένοις
3101 3443 3194 3497 ἀπ’
3220 3443 3399 3514 ἀρχῆς
3434 3446 3672 3508 ἀπειθεῖ,
3696 3446 3776 3498 καὶ

2212 3539 2312 3608 τῆς
2349 3538 2548 3610 σαρκὸς
2583 3537 2679 3608 τὴν
2709 3537 2975 3609 ἀνάληψιν
3000 3537 3201 3600 ἀθετεῖ,
3228 3539 3324 3591 καὶ
3349 3539 3442 3592 τὸν
3463 3539 3598 3592 Θεὸν
3623 3540 3776 3606 Λόγον

2213 3632 2509 3704 τετράφθαι
2549 3632 2643 3685 καὶ
2685 3630 3008 3684 πεπονθέναι
3051 3629 3218 3701 δηλοῖ,
3247 3628 3280 3697 ἢ
3312 3632 3458 3682 κατὰ
3491 3630 3777 3700 φαντασίαν

2217 3726 2392 3779 πάντα
2435 3722 2812 3794 ἐπιδεδεῖχθαι.
2843 3725 2906 3776 Εἰ
2931 3723 2987 3777 δέ
3018 3722 3104 3776 διά
3143 3721 3345 3786 πολλάς
3385 3725 3540 3794 ἡμᾶς
3570 3727 3773 3796 εὐεργε-

2219 3817 2334 3880 σίας
2365 3816 2451 3869 διὰ
2491 3815 2590 3887 τῆς
2635 3813 3021 3887 μεσιτευούσης
3042 3815 3312 3885 άχράντου
3350 3818 3558 3888 σαρκὸς
3580 3815 3778 3886 εἰληφέ-

2217 3924 2304 3958 ναι
2336 3924 2394 3960 τε
2418 3909 2511 3960 καὶ
2537 3907 2800 3978 λήψεσθαι
2849 3907 3084 3972 ἐλπίζειν
3111 3906 3516 3977 ἀναγκάζουσιν
3537 3911 3680 3980 ἡμᾶς
3709 3909 3775 3970 είς

2216 3998 2445 4068 ἀριθμὸν
2498 3998 2752 4070 τετράδος
2788 3997 3235 4072 παραλαμϐάνειν
3277 4001 3377 4071 τὴν
3438 4001 3643 4072 σάρκα·
3674 4000 3776 4070 ὥρα

2217 4090 2399 4152 αὐτοῖς
2437 4090 2530 4143 καὶ
2561 4090 2622 4142 τὺ
2647 4091 2856 4161 ἱμάτιόν
2893 4108 2993 4143 που
3023 4090 3115 4143 τοῦ
3142 4092 3475 4162 κρασπέδου,
3505 4087 3566 4145 οὗ
3590 4091 3775 4153 πιστῶς

2219 4181 2536 4253 ἁψαμένηή
2582 4182 2716 4254 γυνὴ
2747 4185 2780 4254 ὴ
2807 4183 2906 4254 τὴν
2946 4182 3038 4237 τοῦ
3066 4185 3294 4255 αἵματος
3343 4186 3530 4256 πηγὴν
3578 4184 3777 4256 περιφέ.

2221 4291 2408 4343 ρουσα,
2449 4273 2544 4345 τὴν
2599 4275 2742 4328 ιἀσιν
2803 4274 3047 4346 ἔκλεψεν,
3101 4278 3180 4340 εἰς
3229 4277 3630 4348 συναρίθμησιν
3682 4277 3775 4330 τῶν

2223 4366 2705 4438 μνημονευομένων
2751 4367 3065 4438 λαμϐάνειν,
3105 4367 3200 4421 καί
3252 4386 3304 4421 τι
3345 4370 3600 4440 πέμπτον
3628 4372 3684 4422 ἐν
3712 4367 3776 4437 τῷ

551 4465 670 4527 lier,
704 4464 990 4519 sanitatem
1024 4465 1200 4519 furata
1236 4473 1357 4530 est,
1384 4465 1436 4520 in
1473 4474 1894 4520 memoratorum
1923 4479 2111 4519 nume-

2218 4457 2530 4530 κηρύγματι
2567 4461 2664 4530 τῆς
2709 4459 3009 4528 δοξολογίας
3033 4461 3092 4513 τὸ
3136 4461 3350 4530 ἱμάτιον
3394 4461 3770 4532 παρεισάγειν·

552 4571 670 4609 rum
695 4555 991 4618 ascribere,
1011 4566 1065 4610 et
1099 4556 1351 4626 quintum
1377 4555 1594 4627 aliquod
1627 4559 1682 4609 in
1729 4554 2116 4625 praedicatione

549 4648 785 4718 gloriosa
824 4648 916 4702 illa
943 4658 1121 4718 togam
1175 4648 1433 4702 inducere
1459 4666 1470 4700 :
1505 4663 1610 4702 non
1640 4647 1788 4700 illam
1817 4645 2032 4715 quidem
2059 4655 2119 4698 ut

550 4741 666 4810 pari
707 4755 830 4794 cum
882 4742 1052 4796 unitis
1099 4741 1312 4796 naturis
1348 4740 1508 4795 modo
1542 4740 1883 4800 honoratam,
1917 4736 2013 4792 sed
2059 4745 2117 4790 ut

551 4829 620 4884 ad
665 4830 917 4899 stupendi
967 4831 1335 4900 operationem
1378 4823 1626 4885 miraculi
1677 4829 1928 4882 ascitam.
1980 4826 2116 4880 Cum

554 4920 719 4991 igitur
740 4929 944 4975 tantam
985 4937 1015 4975 a
1054 4922 1349 4991 purissima
1399 4937 1564 4977 carne
1611 4921 1840 4991 gratiam
1888 4918 2121 4988 accipiat

554 5019 700 5082 toga.
741 5013 1064 5082 mulierique
1088 5014 1381 5084 impertiat,
1411 5029 1512 5068 nec
1540 5022 1720 5065 tamen
1750 5011 1998 5082 gloriosa
2031 5025 2123 5065 ce-

556 5103 875 5160 lebrationis
923 5120 1210 5161 numerum
1257 5115 1471 5177 augeat,
1499 5120 1602 5160 nos
1641 5120 1860 5176 quoque
1901 5117 2121 5158 carnem

558 5193 706 5247 illam
759 5195 998 5248 divinam
1052 5196 1410 5266 omnipotenti
1454 5195 1632 5251 Verbo
1684 5196 2123 5266 inseparabiliter

560 5286 764 5339 unitam
792 5287 1143 5351 honorantes,
1187 5288 1418 5341 salutem
1450 5288 1666 5356 quidem
1712 5303 1812 5342 nos
1846 5303 1940 5357 per
1977 5287 2123 5340 illam

560 5376 820 5446 consequi
846 5377 1186 5446 profitemur,
1255 5380 1346 5434 sed
1377 5378 1662 5432 Trinitatis
1698 5394 1984 5433 numerum
2015 5378 2125 5434 sal-

560 5481 688 5520 vum
728 5469 1048 5532 retinemus,
1087 5485 1213 5524 cum
1249 5487 1415 5524 unum
1467 5471 1538 5525 sit
1578 5485 1706 5524 caro
1755 5485 1877 5524 cum
1914 5469 2120 5536 Verbo,

561 5563 678 5612 tum
729 5568 950 5630 propter
987 5561 1408 5631 inseparabilem
1459 5561 1739 5629 unionem,
1767 5568 1880 5617 tum
1905 5572 2126 5635 propter

635 5711 747 5783 (22)
779 5711 920 5768 Edit.
948 5713 1183 5780 Comm.,
1213 5714 1638 5787 ἐφαρμόζοντας.

2218 4551 2315 4622 οὐχ
2361 4551 2436 4614 ὡς
2477 4551 2703 4624 τιμηθέν
2746 4540 2823 4623 τῷ
2864 4552 3009 4623 αὐτῷ
3050 4551 3149 4623 τῆς
3191 4555 3440 4616 ἐνώσεως
3472 4554 3643 4624 τόπῳ,

2218 4641 2294 4704 ὡς
2326 4643 2674 4714 παραληφθὲν
2722 4645 2801 4706 εἰς
2851 4644 3289 4715 θαυματουργίαν
3329 4644 3653 4714 παράδοξον.
3683 4641 3774 4695 Τοῦ

2219 4734 2394 4787 τοίνυν
2433 4735 2646 4806 ἱματίου
2699 4736 2966 4808 τοσαύτην
3015 4738 3078 4790 ἐκ
3117 4737 3215 4808 τῆς
3264 4738 3540 4808 άχράντου
3595 4737 3776 4808 σαρκὸς

2219 4826 2473 4890 λαϐόντος
2502 4829 2682 4900 χάριν,
2711 4829 2806 4881 καὶ
2833 4827 3148 4898 μεταδόντος
3172 4830 3237 4898 τῇ
3257 4830 3502 4896 γυναικὶ,
3532 4830 3628 4881 καὶ
3658 4827 3776 4898 μηδὲ

2222 4918 2534 4990 προσθήκην
2565 4918 2660 4972 τοῦ
2689 4917 2919 4990 ἀριθμοῦ
2950 4919 3042 4972 ἐπὶ
3083 4918 3389 4987 δοξολογίας
3439 4921 3770 4992 ποιήσαντος·

2221 5010 2363 5064 οὕτω
2391 5014 2484 5064 καὶ
2530 5012 2628 5083 τὴν
2661 5011 2839 5065 ἔνθεον
2870 5012 3046 5085 σάρκα
3087 5013 3184 5083 τὴν
3216 5012 3607 5083 άναποόλήτως
3652 5015 3776 5082 ήνω·

2224 5103 2392 5175 μένην
2424 5103 2498 5174 τῷ
2532 5105 2920 5176 παντοδυνάμῳ
2960 5104 3116 5174 Λόγῳ
3152 5103 3440 5175 τιμῶντες,
3487 5105 3662 5174 εὑρεῖν
3689 5103 3774 5172 μὲν

2221 5195 2290 5249 δι’
2316 5197 2488 5268 αὐτῆς
2541 5198 2907 5269 ὁμολογοῦμεν
2955 5198 3051 5268 τὴν
3104 5197 3398 5268 σωτηρίαν,
3430 5198 3694 5268 τηροῦμεν
3721 5194 3774 5246 δὲ

2225 5288 2317 5340 καὶ
2347 5286 2439 5340 τὸν
2464 5289 2693 5360 ἀριθμὸν
2729 5288 2827 5359 τῆς
2859 5289 3083 5360 Τριάδος
3112 5288 3603 5360 ἀπαρεγχείρητον,
3631 5288 3701 5350 ὡς
3720 5285 3776 5338 ἒν

2223 5371 2384 5430 οὖσαν
2414 5377 2529 5447 ἅμα
2548 5377 2626 5449 τῷ
2654 5377 2809 5447 Λόγῳ
2835 5377 2976 5431 κατά
2993 5377 3052 5429 τὸ
3077 5375 3378 5449 ἀχώριστον
3400 5378 3500 5450 τῆς
3527 5377 3774 5438 ἐνώσεως.

2225 5468 2319 5520 καὶ
2367 5468 2664 5541 ἀδιαίρετον
2714 5469 2815 5539 τῆς
2866 5470 3304 5540 προσκυνήσεως.
3353 5470 3495 5524 Ἀλλ’
3538 5471 3636 5524 ὅσα
3685 5466 3774 5538 μὲν

2226 5560 2595 5632 ἐφαρμόζοντα
2627 5560 2737 5632 (22)
2759 5563 2824 5632 τῇ
2856 5560 2972 5632 θείᾳ
2997 5559 3152 5629 φύσει
3183 5561 3452 5628 φάσκουσι
3488 5560 3772 5630 γεγονέναι,
