3976 6388
175 312 312 369 Ιῖὗδ

938 309 1071 363 CON‘
1082 305 1524 364 FUTATIONES
1555 301 2000 372 QUARUMDAM
2033 298 2614 355 PROPOSITIONUM.

3287 302 3308 311 ο
3323 302 3330 310 ο

3287 302 3330 311 ο.

3254 295 3315 348 .1.‘
3338 292 3384 346 *ὁ

173 425 231 479 τὸ
269 425 488 478 δυνατὸν
537 423 629 477 τοῦ
684 423 818 475 Θεοῦ
867 422 1000 493 πρὸς
1052 420 1391 490 κατασκευὴν
1445 417 1761 490 ἀπρεποῦς,

1866 413 2118 468 idivisam
2153 412 2544 466 adorationem.
2580 409 2683 465 Sed
2701 422 3037 490 quaecunque
3070 402 3262 462 divina:
3290 423 3388 460 na-

175 519 376 581 ὲννοίας
409 517 756 588 λαμὸἀνουσι,
792 513 999 566 Παύλου
1031 512 1275 580 λέγοντος
1296 527 1310 541 ⁸
1359 509 1634 562 Ἀδύνατον
1655 507 1732 578 τῷ

177 607 294 678 Θεῷ
333 608 428 660 καὶ
459 607 520 660 τὸ
555 603 874 674 ψεύσασθαι.
913 603 1005 656 καὶ
1039 601 1100 654 τὸ
1143 600 1329 653 ἑαυτὸν
1364 594 1729 668 ἀρνήσασθαι·

176 699 273 754 ὅσα
299 698 356 751 δὲ
394 697 486 751 καὶ
517 696 821 766 ἁρμόζοντα
856 693 932 764 τῷ
961 693 1078 761 Θεῷ
1106 692 1198 744 καὶ
1227 691 1464 760 σωτήρια
1491 687 1585 739 καὶ
1617 684 1734 738 θεο-

179 793 361 865 πρεπῆ
407 791 504 844 καὶ
545 790 920 861 φιλάνθρωπα,
967 785 1138 840 ταῦτα
1185 791 1322 854 πρὸς
1366 782 1425 834 τὸ
1480 779 1735 833 ἀδύνατον

185 883 560 957 μεταφέρουσι,
605 880 676 951 μὴ
723 876 1172 949 παραχωροῦντες
1209 878 1274 943 τῇ
1313 873 1600 940 δεσποτικῇ
1649 886 1737 921 σο-

184 977 276 1048 φία
321 975 415 1028 τοῦ
453 973 706 1027 δύνασθαι
746 972 838 1024 καὶ
873 969 1054 1023 λαϐεῖν
1099 968 1295 1037 σάρκα,
1323 966 1416 1018 καὶ
1463 964 1536 1034 μὴ
1566 963 1738 1015 ποιεῖν

183 1067 431 1139 τετράδα.
463 1065 616 1119 Οὕτω
663 1062 842 1134 κρίσις
875 1062 1056 1123 αὐτοῖς
1103 1059 1498 1129 ὲμφιλόνεικος,
1545 1055 1614 1108 τά
1643 1053 1740 1123 μὲν

183 1157 442 1229 ἀπρεπῶς
487 1157 617 1225 παρ’
643 1154 820 1206 αὐτῶν
868 1149 1328 1219 καινοτομούμενα
1377 1143 1624 1216 βεὸαιοῦν
1664 1140 1741 1212 τῷ

184 1252 374 1318 λέγειν,
409 1250 488 1302 δτι
517 1247 692 1300 πάντα
736 1243 957 1298 δύναται
999 1246 1027 1295 ό
1068 1241 1198 1304 Θεός
1219 1257 1231 1270 ·
1265 1239 1332 1292 τὰ
1377 1239 1432 1291 δὲ
1463 1235 1612 1309 παρὰ
1640 1235 1742 1304 τῆς

185 1341 340 1409 ἁγίας
363 1339 584 1410 Γραφῆς
612 1335 847 1399 εὐσεϐῶς
870 1334 1249 1405 κηρυσσόμενα
1281 1330 1473 1400 μηκέτι
1496 1326 1742 1396 δέχεσθαι

185 1432 254 1496 ὡς
297 1431 493 1501 ἀληθῆ,
528 1429 621 1482 καὶ
663 1428 882 1492 δυνατὰ,
917 1428 1012 1480 καὶ
1045 1424 1420 1495 συμφέροντα’
1450 1419 1743 1490 λαμϐάνειν

186 1523 238 1575 δὲ
285 1521 424 1576 αύτά
469 1522 548 1583 είς
590 1519 790 1591 πλοκὴν
820 1519 1167 1588 ζητημάτων,
1200 1517 1292 1570 καὶ
1329 1515 1403 1585 μὴ
1441 1511 1744 1566 ἀποδιδόναι

187 1617 247 1685 τῇ
278 1613 504 1683 δυνάμει
532 1611 624 1664 τοῦ
671 1612 846 1664 πάντα
876 1609 1152 1670 ποιοῦντος
1197 1607 1264 1660 τὰ
1302 1607 1570 1676 ἀνήκοντα
1606 1601 1746 1672 ὑπὲρ

188 1705 524 1777 ἀνθρωπίνην
551 1702 868 1775 κατάληψιν.

924 1813 1012 1867 V'l.

191 1928 339 1997 Πρὸς
392 1929 534 1993 τοὺς
574 1928 879 1996 λέγοντας.
925 1926 1014 1977 ὅτι
1070 1925 1194 1997 κατ’
1217 1923 1528 1997 ἇνᾷρωπον
1552 1923 1744 1997 Δγινώ-

253 1993 426 2052 σκειν
441 2000 546 2051 τὸν
565 1993 872 2062 Δεσπότην
890 1993 1163 2062 Χριστὸν,
1189 1997 1275 2058 εἰς
1290 1994 1597 2061 ἄνθρωπόν
1615 1995 1745 2046 ἐστι

254 2069 362 2134 τὰς
390 2067 646 2133 ἐλπίδας
678 2068 862 2135 ἔχειν.

266 2157 426 2211 Ἀλλά
460 2157 591 2228 γὰρ,
643 2157 716 2227 μὴ
760 2153 1114 2226 ἀρκεσθέντες
1151 2157 1261 2214 τοῖς
1302 2151 1473 2215 οὕτως
1531 2152 1749 2214 ἀτόποις

191 2251 280 2305 καὶ
314 2249 695 2319 ἀναισχύντοις
737 2246 1104 2319 προϐλήμασι,
1136 2245 1477 2317 προσέθηκαν
1516 2245 1609 2296 καλ.
1658 2243 1750 2296 ἀλ-

193 2339 285 2409 λην
325 2339 673 2409 ίταμωτέραν
709 2337 1003 2405 ἀπόφασιν,
1055 2335 1302 2404 λέγοντες
1351 2337 1430 2398 εἰς
1473 2333 1754 2406 ἄνθρωπον

193 2431 325 2500 ἔχειν
384 2430 484 2492 τάς
529 2428 748 2490 ὲλπίδας
799 2429 927 2490 τοὺς
975 2425 1106 2480 Θεὸν
1163 2427 1256 2479 καὶ
1302 2425 1584 2496 ἄνθρωπον
1633 2423 1755 2478 καθ’

193 2521 455 2592 ἑκατέραν
481 2519 640 2589 φύσιν
663 2517 1052 2588 ὁμολογοῦντας
1081 2516 1171 2570 τὸν
1199 2516 1448 2588 Χριστόν.
1488 2515 1608 2568 Ἐπὶ
1636 2514 1758 2568 τού-

193 2628 297 2674 τοις
364 2609 546 2664 αύτῶν
597 2608 860 2661 πυθέσθαι
919 2607 1100 2661 καλόν.
1154 2608 1246 2660 Δεῖ
1311 2605 1589 2659 πείθεσθαι
1639 2607 1760 2668 ταῖς

196 2701 374 2767 ἁγίαις
413 2701 456 2752 Γ
462 2701 678 2770 ραφαῖς,
713 2699 746 2768 ἢ
792 2698 909 2750 κατ’
931 2699 1126 2760 αὐτοὺς
1170 2699 1231 2750 οὐ
1271 2697 1382 2762 δεῖ;
1415 2698 1478 2750 Εἰ
1523 2696 1618 2766 μὲν
1651 2695 1760 2766 γὰρ

197 2788 288 2853 δεῖ,
324 2793 459 2860 παρ’
483 2789 661 2842 αὐτῶν
685 2789 1023 2859 ἀκηκόαμεν,
1073 2789 1166 2841 καὶ
1211 2789 1402 2850 αὐταῖς
1433 2787 1760 2854 ἐγκαλείτω-

203 2899 296 2935 σαν
317 2897 328 2910 ·
361 2885 412 2936 εί
439 2881 497 2935 δὲ
535 2881 766 2950 λέγοιεν,
801 2880 876 2944 ὡς
911 2881 972 2932 οὐ
999 2880 1099 2943 δεῖ,
1134 2879 1381 2952 φανερῶς
1405 2879 1762 2949 ὁμολογείτω-

199 2990 292 3025 σαν
321 2973 422 3045 τὴν
465 2973 601 3042 πρὸς
643 2972 742 3036 τὰς
791 2971 941 3043 ἱεράς
989 2971 1203 3041 βίϐλους
1252 2971 1512 3027 ἄσπονδον
1560 2971 1758 3041 μάχην,

198 3065 286 3117 και
311 3065 492 3126 οὐδεὶς
541 3065 672 3134 ἡμῖν
725 3063 862 3134 πρὸς
895 3063 1110 3126 αὐτοὺς,
1143 3059 1230 3116 οἷα
1263 3063 1398 3134 πρὸς
1430 3063 1759 3136 ἀλλοτρίους,

199 3153 365 3224 λόγος.
397 3153 542 3226 Παρ’
571 3153 747 3207 αὐτῶν
775 3153 1086 3224 ἀκηκόαμεν
1105 3169 1117 3183 ·
1161 3153 1510 3224 «Ἀνθρωπος
1538 3155 1594 3206 ὲν
1625 3154 1761 3222 πλη-

199 3250 265 3319 γῇ
294 3247 388 3311 ὢν,
431 3247 528 3300 καὶ
579 3245 734 3307 εἰδὼς
765 3245 948 3316 φέρειν
996 3243 1294 3314 μαλακίανο
1326 3263 1344 3296 ι
1387 3244 1482 3297 καὶ
1523 3245 1604 3296 ὅτι
1639 3243 1762 3308 Υίδς

200 3337 487 3408 ἀνθρώπου
517 3338 668 3391 ἐστί’
702 3356 721 3388 ι
741 3337 854 3391 Νῦν
879 3336 935 3389 δέ
976 3353 1042 3407 με
1074 3335 1283 3406 ζητεῖτε
1306 3337 1642 3396 ἀποκτεῖναι,
1667 3335 1764 3387 ἄν-

202 3426 412 3497 θρωπον
448 3427 510 3491 ὂς
541 3427 636 3498 τὴν
666 3425 923 3498 ἀλήθειαν
959 3425 1231 3496 λελάληκα
1277 3426 1426 3496 ὑμῖν.
1477 3418 1572 3486 Εἷς
1612 3423 1763 3487 Θεὸς,

203 3513 277 3582 εἷς
301 3519 394 3572 καὶ
435 3519 664 3590 μεσίτης
687 3517 822 3570 Θεοῦ
853 3516 948 3569 καὶ
988 3515 1306 3585 ἀνθρώπων,
1345 3513 1628 3584 ἄνθρωπος
1663 3515 1768 3584 Ἰη-

205 3611 322 3674 σοῦς
351 3611 610 3684 Χριστός.
659 3611 717 3662 Ὸ
743 3609 958 3681 πρῶτος
992 3608 1276 3680 ἄνθρωπος
1321 3608 1386 3659 ὲκ
1420 3607 1524 3676 γῆς
1554 3606 1765 3676 χοῖκὺς,

201 3703 228 3754 ὁ
253 3702 507 3774 δεύτερος
529 3701 812 3772 ἄνθρωπος
842 3702 871 3754 ὁ
899 3700 1098 3771 Κύριος
1140 3699 1198 3764 ἐξ
1248 3697 1497 3770 οὐρανοῦ.
1537 3699 1592 3750 '0
1623 3697 1770 3766 πρῶ⁹

203 3805 288 3857 ιος
319 3794 518 3865 Ἀδὰμ,
568 3795 598 3847 δ
630 3793 688 3846 δὲ
718 3791 944 3862 ἔσχατος
973 3793 1226 3862 Χριστός.
1253 3793 1330 3844 Δι’
1363 3788 1646 3862 ἀνθρώπου
1673 3789 1770 3844 θά-

199 3902 370 3952 νατος,
411 3887 486 3939 δι’
519 3883 804 3956 ἀνθρώπου
848 3883 1143 3946 ἀνάστασις
1203 3883 1428 3954 νεκρῶν.
1455 3901 1474 3932 ι
1521 3881 1772 3934 Τοσαῦτα

202 3977 256 4029 ὲν
295 3978 500 4047 λόγοις,
542 3977 636 4029 καὶ
674 3975 854 4045 πολλῷ
896 3975 1065 4028 πλείω
1114 3975 1316 4044 σφόδρα
1372 3975 1470 4027 ὅσα
1520 3974 1680 4027 πάλιν
1714 3974 1770 4026 ἐν

204 4063 401 4134 ἔργοις.
449 4065 743 4137 Ἐγεννήθη
784 4065 1000 4136 βρέφος,
1030 4065 1372 4136 περιεγράφη
1414 4065 1770 4134 σπαργάνοις,

205 4159 412 4231 ἐτράφη
457 4159 715 4227 γάλακτι,
762 4157 1100 4230 περιετμήθη
1142 4156 1283 4212 κατὰ
1310 4157 1399 4210 τὸν
1431 4157 1612 4227 νόμον,
1644 4173 1775 4226 προ-

207 4248 396 4319 έκοψεν
434 4251 646 4322 ἡλικίᾳ,
681 4251 774 4304 καὶ
804 4250 982 4321 σοφίᾳ,
1023 4251 1116 4302 καὶ
1148 4250 1351 4322 χάριτι,
1394 4253 1580 4303 πεῖναν
1613 4248 1770 4318 ἔγνω,

203 4340 358 4410 δίψαν
391 4345 495 4396 οὐκ
525 4341 780 4413 ἠγνόησε,
820 4344 994 4397 πόνων
1021 4341 1268 4413 αἴσθησιν
1306 4341 1483 4407 ἔλαϐε,
1531 4340 1774 4412 ταραχῆς

1833 515 1968 560 tura:
2023 521 2131 559 non
2165 505 2516 568 conveniunt,
2548 518 2609 558 ea
2645 502 2897 571 potentia:
2931 501 3022 555 Dei
3047 502 3111 554 ad
3141 514 3388 555 astruenv

1831 597 1955 650 dam
1990 595 2280 652 absurdam
2319 611 2472 651 suam
2516 594 2828 665 opinionem
2866 593 3181 654 ascribunt.
3219 591 3388 645 Paulo

1834 688 2047 742 dicente
2063 686 2230 743 Deum
2251 701 2358 740 non
2372 700 2531 756 posse
2546 683 2781 747 mentiri,
2798 698 2897 737 nec
2915 682 3151 752 seipsum
3174 697 3389 751 negare.

1834 777 1963 842 ane
1981 791 2108 831 vero
2123 785 2176 830 et
2203 775 2311 830 Deo
2341 771 3161 840 convenientia,etsalutaria.et
3189 771 3389 835 divina,

1835 879 1885 921 et
1912 869 1965 921 in
1995 867 2272 920 hominum
2311 867 2538 936 gratiam
2585 865 2725 918 facta
2756 871 2903 928 sunt,
2932 878 2994 916 ea
3036 861 3392 932 impossibilia

1835 974 1956 1014 esse
1986 959 2174 1012 dicunt
2199 977 2211 1012 :
2250 974 2424 1030 neque
2454 957 2506 1012 id
2541 957 2737 1012 divinae
2758 955 3033 1025 sapientiai
3064 953 3391 1014 concedunt,

1841 1058 1897 1103 ut
1928 1050 2099 1119 possit
2126 1065 2345 1104 carnem
2370 1064 2604 1112 sumere,
2622 1047 2752 1117 quin
2774 1045 2934 1100 faciat
2956 1045 3393 1114 quaternitatem.

1839 1139 1915 1193 Ita
1935 1141 2190 1195 nimirum
2215 1141 2290 1194 illi
2317 1140 2642 1194 contentiosi
2674 1147 2820 1204 sunt,
2846 1145 2904 1192 ut
2927 1137 3161 1192 absurda
3179 1137 3395 1207 quidem

1841 1247 1938 1286 sua
1964 1239 2268 1286 commenta
2302 1231 2628 1285 conﬁrmare
2654 1217 2900 1284 nitantur
2935 1229 3188 1294 dicendo,
3218 1229 3398 1284 omnia

1843 1338 2002 1393 posse
2023 1322 2220 1389 Deum;
2241 1338 2359 1393 qua:
2380 1337 2506 1378 vero
2532 1322 2619 1392 pie
2649 1336 2678 1374 a
2707 1336 2861 1376 sacra
2890 1321 3172 1391 Scriptura
3204 1320 3401 1392 praedi-

1843 1424 2057 1479 cantur,
2088 1432 2197 1471 non
2222 1416 2508 1469 admittant
2531 1423 2589 1468 ut
2611 1429 2758 1479 vera,
2790 1427 2848 1467 ut
2878 1415 3179 1483 poss:bilia,
3205 1423 3264 1468 ut
3296 1415 3402 1468 uti—

1844 1506 1943 1572 lia;
1973 1505 2067 1561 sed
2099 1522 2166 1561 ex
2215 1506 2283 1562 iis
2327 1506 2691 1574 quaestionum
2739 1506 2961 1575 laqueos
3014 1512 3254 1567 nectant,
3303 1521 3402 1560 nec

1845 1601 2086 1652 omnium
2103 1597 2381 1654 Creatoris
2411 1596 2662 1667 potestati
2687 1612 2750 1651 ea
2777 1596 3019 1650 tribuant
3041 1611 3160 1666 quae
3187 1604 3404 1666 captum

1850 1697 2110 1764 superant
2141 1690 2461 1746 humanum.

2487 1801 2653 1874 (.93
2684 1801 2766 1857 vr.

1849 1913 2108 1969 Adversus
2138 1931 2224 1968 eos
2268 1915 2358 1983 qui
2389 1915 2569 1968 dicunt
2606 1915 2874 1969 Christum
2919 1914 3201 1968 Dominum
3232 1926 3288 1969 ut
3317 1917 3409 1970 lto-

1919 1987 2108 2106 ztinem
2147 2000 2442 2054 agnoscere,
2477 2002 2587 2039 esse
2614 1987 2665 2039 in
2697 1986 2953 2039 hominem
2977 2000 3116 2054 spem
3144 2003 3294 2040 suam
3323 1986 3411 2040 Ita-

1953 2070 2057 2106 ere.

1953 2070 2057 2107 ere.

1919 2145 1988 2198 At
2017 2146 2092 2200 illi
2131 2162 2240 2202 non
2278 2148 2514 2203 contenti
2551 2156 2658 2202 tam
2701 2147 2954 2204 absurdis
2983 2149 3413 2219 impudentibus-

1853 2251 1956 2306 qne
2006 2238 2692 2308 prepositionibns,aliam
2744 2239 2914 2293 multo
2961 2239 3413 2309 impudentiorem

1854 2334 2176 2387 sententiam
2234 2333 2510 2396 addidere,
2542 2333 2806 2396 dicentes,
2845 2334 2900 2388 in
2938 2334 3211 2389 hominem
3262 2349 3414 2403 spem

1856 2423 1978 2479 illos
2009 2424 2228 2488 habere,
2254 2424 2346 2495 qui
2375 2425 2652 2480 Christum
2671 2425 2970 2481 secundum
2998 2436 3286 2495 utramque
3312 2439 3414 2478 na-

1858 2522 2037 2568 turam
2084 2515 2252 2570 Deum
2287 2526 2339 2570 et
2386 2516 2658 2570 hominem
2687 2532 2807 2572 esse
2847 2517 3180 2571 confitentur
3212 2535 3224 2568 :
3255 2532 3419 2585 super

1859 2607 1944 2663 his
1974 2609 2281 2677 percontari
2319 2609 2439 2663 illos
2465 2622 2642 2678 Opera:
2664 2609 2893 2678 pretium
2917 2609 3096 2663 fuerit.
3143 2609 3250 2661 Aut
3286 2623 3418 2662 san.

1863 2699 1968 2753 ctis
1990 2699 2367 2769 obtemperare
2398 2699 2699 2770 Scripturis
2727 2707 2960 2769 Oportet,
2993 2709 3086 2754 aut
3121 2701 3418 2754 secundum

1861 2790 1984 2844 illos
2010 2805 2117 2844 non
2150 2799 2392 2860 oportet;
2417 2790 2462 2868 si
2509 2799 2740 2861 Oportet,
2776 2790 2829 2845 id
2861 2807 2925 2846 ex
2952 2789 3252 2861 Scripturis
3279 2791 3422 2845 didi-

1860 2883 2056 2946 cimus,
2089 2883 2210 2937 illas
2240 2898 2369 2953 ergo
2391 2884 2672 2950 incusem;
2705 2884 2750 2939 si
2775 2884 2979 2947 dicant,
3011 2899 3119 2938 non
3147 2890 3421 2953 oportere,

1861 2973 2045 3042 palam
2073 2989 2202 3044 ergo
2225 2973 2427 3028 faciant
2459 2988 2619 3029 suum
2653 2975 2709 3028 in
2759 2988 2948 3030 sacros
2980 2975 3150 3029 libros
3180 2975 3425 3028 irrecon-

1865 3061 2104 3117 ciliabile
2161 3062 2384 3128 bellum,
2409 3079 2509 3118 nec
2541 3064 2684 3119 ullus
2713 3064 2873 3119 nobis
2903 3081 3026 3118 cum
3080 3066 3210 3130 illis,
3237 3074 3426 3136 utpote

1867 3154 2173 3215 extraneis,
2210 3154 2280 3208 sit
2328 3169 2526 3210 sermo.
2586 3153 2663 3209 Ex
2718 3153 3014 3226 Scripturis
3071 3157 3424 3211 audivimus:

1873 3263 1891 3296 ι
1929 3245 2101 3300 Homo
2135 3247 2189 3300 in
2222 3247 2378 3317 plaga
2406 3248 2769 3312 constitutus,
2801 3259 2856 3303 et
2885 3248 3065 3303 sciens
3092 3248 3234 3304 ferre
3274 3249 3429 3303 intiro

1868 3337 2111 3392 mitatem
2145 3338 2229 3392 ’δε
2265 3356 2284 3390 ι
2321 3345 2374 3392 et
2410 3339 2554 3408 quod
2595 3337 2766 3394 Filius
2791 3341 2861 3394 sit
2899 3339 3132 3395 hominis
3167 3353 3181 3391 :
3216 3357 3236 3390 ι
3274 3339 3430 3394 Nunc

1869 3437 2048 3484 autem
2087 3429 2330 3500 quatritis
2361 3446 2448 3486 me
2476 3430 2802 3495 interﬁcere,
2841 3432 3110 3486 hominem
3159 3432 3252 3502 qui
3287 3434 3431 3487 veri-

1871 3529 2032 3574 tatem
2062 3521 2274 3575 locutus
2322 3535 2442 3575 sum
2489 3520 2642 3574 vobis
2665 3521 2729 3576 ".
2764 3519 2916 3576 Unus
2951 3519 3113 3583 Deus,
3155 3536 3296 3575 unus
3324 3536 3431 3574 meo

1870 3612 2049 3666 diator
2078 3612 2169 3665 Dei
2219 3620 2274 3667 et
2319 3611 2620 3674 hominum,
2656 3611 2817 3667 homo
2868 3613 3031 3668 Jcsus
3076 3614 3329 3669 Christus
3359 3615 3426 3668 ⁸⁸.

1871 3701 2087 3756 Primus
2104 3701 2268 3755 homo
2284 3716 2349 3755 ex
2379 3712 2522 3755 terra
2551 3709 2820 3767 terrenus,
2847 3701 3117 3756 secundus
3149 3702 3311 3755 homo
3336 3701 3436 3754 Do-

1873 3794 2054 3849 minus
2082 3795 2298 3850 excmlo
2313 3793 2611 3851 ".Primus
2627 3795 2818 3859 Adam,
2850 3795 3075 3848 ultimus
3114 3808 3242 3849 vero
3271 3793 3432 3849 Chri-

1874 3896 2012 3942 stus.
2042 3885 2146 3940 Per
2171 3885 2640 3954 bominemfmors,
2669 3903 2765 3958 per
2800 3887 3070 3941 hominem
3104 3887 3434 3941 resurrectio

1874 3984 2214 4031 mortuorum
2245 3977 2312 4032 '°.
2335 3995 2353 4028 ›
2385 3974 2509 4030 Haec
2541 3983 2620 4030 tot
2657 3987 2912 4046 tantaque
2951 3976 3135 4039 verba,
3168 3990 3232 4030 ac
3261 3977 3434 4030 multo

1873 4069 2032 4138 plura
2049 4083 2213 4138 opera
2229 4077 2376 4134 sunt,
2409 4087 2530 4140 quae
2572 4071 2943 4126 testimonium
2975 4070 3224 4125 reddant.
3263 4069 3436 4126 Natus

1875 4168 1958 4214 est
1979 4158 2180 4225 infans,
2200 4160 2712 4230 pannisinvolutus,
2746 4162 2884 4214 lacte
2899 4161 3160 4223 nutritus,
3197 4161 3436 4216 circum-

1877 4250 2025 4305 cisus
2059 4251 2360 4306 secundum
2389 4251 2581 4322 legem,
2618 4251 3052 4321 profecitwtate,
3083 4252 3352 4323 sapientia
3380 4258 3439 4306 et

1880 4342 2074 4412 gratia,
2102 4342 2300 4398 famem
2333 4351 2591 4414 expertus
2638 4353 2743 4408 est,
2792 4345 2937 4399 sitim
2981 4349 3111 4398 non‘
3143 4344 3435 4416 ignoravit,

205 4433 294 4485 καὶ
315 4434 616 4504 ἀδημονίας
644 4433 739 4487 καὶ
775 4432 950 4504 λύπης
970 4437 1160 4503 πεῖραν
1186 4433 1420 4498 ἐδέξατο,
1443 4434 1580 4486 κατά
1607 4433 1761 4486 πάντι

1887 4433 2099 4489 labores
2134 4434 2415 4500 sustinuit,
2454 4435 2936 4504 perturbationem,
2971 4435 3297 4489 anxietatem
3329 4434 3444 4487 ani-

204 4520 462 4594 ὠμοιώθη
495 4525 609 4586 τοῖς
656 4522 900 4591 ἀδελφοῖς
957 4525 1121 4594 χωρὶς
1175 4523 1462 4594 ἁμαρτίας.
1512 4523 1776 4588 Μάστιξιν

206 4611 515 4684 ὑπεϐλήθη,
548 4611 764 4682 σταυρῷ
797 4611 1104 4682 προσήχθη,
1136 4612 1286 4682 ἥλοις
1318 4613 1648 4682 περιεπάρη,
1684 4613 1781 4666 θα-

205 4705 365 4760 νάτου
413 4706 704 4774 ἐγεύσατο,
734 4708 877 4776 ταφῇ
926 4703 1219 4776 παρεδόθη,
1269 4703 1492 4771 γέγονεν
1544 4705 1577 4774 ή
1633 4705 1778 4776 ψυχὴ

208 4797 348 4851 κατά
379 4798 475 4852 τὸν
506 4797 663 4868 ᾅδην,
697 4797 791 4851 κα)⁵
833 4795 1166 4868 κρατηθῆναι
1201 4796 1275 4866 μὴ
1309 4795 1594 4864 δυνηθεῖσα
1623 4796 1782 4848 πάλιν

207 4889 444 4961 ἀπεδόθη
475 4888 558 4958 τῷ
589 4887 819 4958 σώματι,
855 4887 949 4941 καὶ
995 4887 1214 4955 γέγονεν
1247 4888 1279 4956 ή
1311 4886 1629 4948 ἀνάστασιςο
1664 4881 1782 4938 εἷτα

207 4981 392 5052 ἐπαφὴ
424 4980 524 5034 καὶ
559 4978 871 5050 ψηλάφησις
895 4979 1002 5032 τῶν
1034 4978 1400 5032 ἀπιστούντων
1424 4995 1437 5007 ο
1469 4974 1584 5030 εἶτα
1610 4979 1782 5048 τροφὴ

208 5072 556 5144 πιστουμένη
583 5071 674 5125 τοῦ
717 5070 966 5142 σώματος
1011 5070 1107 5142 τὴν
1161 5070 1450 5124 ἀνάστασιν
1470 5086 1483 5099 ·
1517 5065 1633 5123 εἶτα
1658 5071 1786 5123 ἀνά-

208 5162 369 5233 ληψις
395 5166 481 5228 είς
515 5163 745 5234 οὐρανὸν
775 5161 1024 5235 δρώντων
1073 5161 1302 5214 πολλῶν.
1331 5160 1598 5234 Τοσαῦται
1651 5179 1789 5234 μαρ-

207 5257 386 5327 τυρίαι
400 5255 518 5310 τῶν
533 5254 947 5327 γεγραμμένων,
964 5253 1195 5324 τοσαύτη
1214 5253 1318 5324 πλη
1327 5251 1548 5323 ροφορία
1561 5253 1783 5323 γενομέ-

209 5364 334 5411 νων,
349 5347 633 5401 τοσούτων
657 5348 689 5416 ὴ
718 5346 996 5415 οἰκονομία
1017 5343 1514 5416 πρόξενοςάγαθῶν.
1530 5345 1638 5398 Καὶ
1658 5344 1787 5397 ταῦ-

205 5453 274 5491 τα
303 5437 494 5499 πάντα
513 5435 794 5490 κελεύουσι
815 5438 1080 5509 παρορᾷν,
1103 5437 1196 5490 καὶ
1213 5434 1481 5488 τοσούτων
1505 5436 1596 5488 καὶ
1615 5433 1788 5486 τοιού-

203 5544 312 5584 ⁴οων
341 5526 686 5590 ἀπεναντίας
716 5532 930 5599 χωρεῖν,
958 5527 1348 5600 ἀνθρωπότητα
1377 5525 1430 5578 δὲ
1460 5525 1549 5578 διὰ
1585 5525 1788 5579 τούτων

1879 4525 1975 4588 mi,
1999 4532 2054 4581 et
2082 4526 2326 4582 dolorem
2349 4534 2606 4596 expertus
2635 4535 2741 4591 est,
2775 4541 2870 4596 per
2895 4526 3078 4580 omnia
3109 4524 3442 4579 assimilatus

1879 4625 1962 4672 est
1993 4617 2273 4681 fratribus,
2303 4625 2528 4687 excepto
2577 4626 2819 4688 peccato.
2852 4617 3102 4687 Flagellis
3135 4630 3307 4670 caesus
3335 4623 3440 4674 est,

1883 4717 2041 4764 actus
2068 4710 2120 4763 in
2144 4724 2386 4772 crucem,
2417 4709 2585 4764 clavis
2631 4709 2902 4770 conﬁxus,
2930 4716 3156 4761 mortem
3182 4706 3441 4777 gustavit,

1885 4801 2180 4868 sepultura:
2216 4800 2446 4854 traditus
2480 4807 2584 4864 est,
2621 4799 2902 4854 descendit
2935 4799 3114 4852 anima
3135 4797 3255 4866 ejus
3272 4797 3338 4850 ad
3369 4796 3449 4848 in-

1887 4889 2052 4952 feros,
2079 4897 2286 4944 etcum
2329 4889 2405 4943 ibi
2451 4889 2679 4943 detineri
2719 4903 2827 4942 non
2875 4897 3079 4956 posset,
3109 4887 3316 4941 reddita
3362 4896 3448 4941 est

1886 4981 2123 5050 corpori,
2161 4989 2216 5034 et
2250 4979 2395 5034 facta
2446 4980 2775 5033 resurrectio
2809 4987 2892 5034 est
2921 4996 2934 5031 :
2966 4979 3093 5033 hinc
3125 4979 3362 5048 palpatio
3393 4987 3448 5031 et

1888 5070 2246 5126 contrectatio
2265 5068 2887 5130 incredulorum,deinde
2902 5077 3152 5138 sumptus
3169 5069 3326 5123 cibus
3343 5075 3446 5130 est,

1889 5161 1982 5231 qui
2044 5158 2357 5213 resuscitati
2402 5159 2655 5234 corporis
2711 5158 2870 5212 [idem
2934 5158 3136 5214 faceret
3183 5174 3198 5211 :
3253 5158 3452 5214 deinde

1891 5248 2191 5317 assumptio
2241 5247 2296 5300 in
2329 5249 2529 5301 coelum
2565 5248 2752 5304 multis
2774 5249 3102 5304 videntibus.
3139 5247 3244 5303 Tot
3274 5257 3459 5304 tanta-

1891 5356 1996 5411 que
2020 5347 2148 5394 sunt
2187 5337 2589 5406 Scripturarum
2615 5339 2944 5402 testimonia,
2977 5347 3127 5393 tanta
3152 5354 3338 5394 rerum
3363 5354 3455 5409 ge-

1895 5442 2104 5488 starum
2144 5431 2437 5496 certitudo,
2468 5438 2548 5485 tot
2595 5437 2852 5500 tantaque
2883 5432 3042 5486 nobis
3069 5431 3211 5486 bona
3231 5445 3458 5486 (nconc-

1896 5525 2003 5579 mia
2037 5524 2314 5581 conciliat.
2344 5523 2409 5578 Et
2455 5524 2777 5595 praecipiunt
2816 5531 2997 5578 tamen
3030 5532 3089 5577 nt
3119 5523 3235 5581 haec
3271 5523 3457 5578 omnia

276 5683 326 5718 "
361 5682 473 5739 13a.
511 5694 639 5741 Lm,
675 5681 729 5734 3.
803 5681 846 5714 ⁸⁷
885 5680 1041 5736 Joan.
1079 5697 1213 5746 vm,
1249 5681 1336 5735 30.
1413 5680 1461 5713 ”
1499 5680 1516 5732 l
1552 5675 1692 5733 Tim.
1731 5692 1761 5730 ιι

1866 5715 1877 5732 .
1950 5677 1996 5710 ⁸³
2039 5678 2053 5732 1
2090 5676 2218 5733 Cor.
2253 5693 2343 5744 xv,
2379 5677 2468 5734 47.
2548 5677 2592 5711 ⁸ο
2631 5676 2763 5733 ibid.
2805 5676 2896 5733 2!.

531 5793 808 5853 ΡΑτιιοι..
855 5793 971 5853 Gn.
1006 5794 1294 5855 XXVIII.

3065 5786 3143 5847 b3
