3976 6388
537 285 678 340 1355

1661 282 1718 337 S.
1760 278 2226 336 ATHANASIUS.
2267 310 2336 321 —
2377 278 2647 338 SPURIA.

3651 278 3783 333 1556

534 406 922 480 despiciamus,
953 419 1018 460 ac
1063 411 1253 459 contra
1283 399 1472 456 isthaec
1518 406 1670 454 tanta
1699 405 1754 453 et
1784 395 2100 467 hujusmodi

2203 396 2658 469 ἀποδεδειγμένην
2685 395 2759 468 μὴ
2791 393 2933 449 κατά
2955 394 3116 465 φύσιν
3154 393 3471 466 ὁμολογεῖν·
3505 393 3782 464 ἀνθρωπό-

534 503 916 576 procedamus,
949 497 1146 567 hisque
1179 495 1610 550 demonstratam
1651 489 1982 546 teStimoniis
2015 489 2111 542 hu-

534 595 850 651 manitatem
902 605 1011 644 non
1067 585 1370 643 secundum
1423 592 1674 638 naturam
1715 581 2106 648 confiteamur;

519 685 928 742 humanitatem
961 696 1089 736 vero
1141 695 1253 736 non
1291 677 1516 732 nudam.
1556 675 1639 730 Ad
1687 674 1803 730 hzec
1835 681 2006 730 restat
2050 681 2109 727 ut

533 773 887 846 apostolicam
911 783 1251 842 Opponamus
1283 783 1472 823 vocem
1505 783 1520 820 :
1555 784 1573 818 ‹
1613 764 1840 837 Oportet
1881 763 2107 820 obedire

529 867 642 924 Deo
675 866 847 936 magis
875 880 1040 936 quam
1069 862 1380 920 hominibus
1402 861 1469 916 ⁸¹.
1508 879 1527 912 ι
1560 857 1699 914 Cum
1726 857 1890 928 igitur
1913 855 2108 910 buma-

529 962 676 1017 nitas
717 958 994 1015 divinitati
1024 955 1376 1013 ineﬁ‘abiliter
1401 963 1456 1009 et
1480 949 1926 1022 inseparabiliter
1956 948 2108 1001 unita

414 1044 426 1054 ’
527 1054 622 1124 sit,
651 1055 726 1109 ita
756 1053 1000 1124 quidem,
1029 1061 1087 1106 ut
1113 1050 1253 1105 idem
1286 1057 1339 1104 et
1373 1045 1556 1102 infans
1584 1044 1857 1108 videatur,
1877 1047 1930 1097 et
1965 1037 2108 1094 Deus

528 1154 883 1221 agnoscatur,
921 1163 940 1196 ι
968 1143 1136 1206 Puer,
1171 1161 1189 1194 ι
1227 1142 1404 1212 inquit
1442 1139 1730 1210 propheta,
1770 1155 1788 1188 ‹
1833 1141 1997 1190 natus
2022 1141 2107 1188 est

525 1242 708 1306 nobis,
735 1247 791 1296 et
820 1238 994 1293 Filius
1027 1237 1192 1291 datus
1217 1245 1302 1291 est
1328 1233 1519 1297 nobis,
1549 1241 1604 1287 et
1646 1237 1872 1286 vocatur
1907 1242 2107 1282 nomen

525 1333 668 1402 ejus,
705 1330 887 1400 magni
912 1327 1132 1384 consilii
1165 1325 1426 1397 Angelus,
1457 1322 1815 1386 admirabilis,
1847 1318 2106 1374 consilia-

524 1426 664 1487 rius,
699 1422 845 1478 Deus
869 1421 1032 1478 fortis
1065 1420 1130 1475 ⁶¹.
1166 1439 1186 1472 ι
1235 1417 1446 1474 Fasciis
1469 1413 1981 1472 circumscribitur:
2009 1410 2104 1466 sed

524 1517 692 1572 nullis
717 1513 1201 1584 circumscriptum
1219 1509 1468 1565 terminis
1492 1508 1780 1578 imperium
1811 1505 1868 1559 in
1887 1511 2104 1559 creatu-

523 1622 617 1662 ras
648 1605 938 1661 universas
965 1609 1205 1659 exercet.
1257 1601 1317 1656 In
1357 1615 1600 1671 praesepe
1630 1597 1958 1669 ponebatur,
2007 1593 2104 1649 sed

523 1698 840 1770 angelorum
858 1696 1169 1752 celebratus
1194 1695 1394 1766 hymno
1428 1692 1836 1764 glorificabatur
1867 1687 2103 1743 :famem

525 1797 582 1844 et
616 1787 765 1843 sitim
805 1785 1080 1852 toleravit,
1106 1785 1202 1840 sed
1253 1799 1317 1839 ex
1350 1785 1594 1854 quinque
1622 1781 1858 1852 panibus
1894 1779 2102 1848 aliquot

523 1880 810 1936 hominum
834 1876 1005 1932 millia
1040 1876 1332 1940 saturavit,
1365 1882 1418 1930 et
1464 1872 1779 1942 superantia
1810 1869 2100 1925 duodecim

525 1973 898 2029 canistrorum
931 1970 1264 2042 fragmenta,
1297 1974 1460 2038 prout
1508 1965 1700 2030 voluit,
1735 1961 1999 2020 ostendit.
2033 1959 2102 2016 Ut

525 2065 719 2138 paucis
775 2078 890 2119 rem
943 2061 1298 2132 complectar,
1351 2067 1582 2112 mortem
1630 2055 1960 2127 degustavit,
2005 2052 2101 2109 sed

524 2173 650 2215 eum
685 2156 779 2229 qui
831 2156 1029 2212 mortis
1068 2153 1356 2225 imperium
1419 2151 1643 2207 tenebat
1682 2148 1995 2222 destruxit:
2037 2161 2124 2202 ac.

522 2252 581 2308 in
608 2266 773 2307 cruce
811 2249 1056 2322 quidem,
1086 2247 1214 2302 dum
1251 2253 1550 2318 pateretur.
1585 2259 1789 2314 corpus
1817 2242 1940 2313 ejus
1975 2256 2104 2312 pen-

522 2343 716 2412 debat;
744 2343 840 2414 qui
875 2356 1003 2398 vero
1038 2341 1095 2395 in
1124 2340 1218 2394 illo
1240 2347 1358 2396 erat
1398 2337 1543 2394 Deus
1574 2335 1834 2399 Verbum,
1863 2334 1911 2390 is
1944 2349 2101 2391 suam

521 2437 690 2494 nullis
717 2435 1066 2508 passionibus
1095 2431 1389 2488 obnoxiam
1436 2430 1737 2502 potentiam
1769 2427 1976 2498 ubique
2001 2425 2100 2480 de-

519 2529 788 2584 clarabat.
829 2525 1146 2583 Movehatur
1213 2531 1395 2589 terra,
1451 2520 1845 2577 scindebantur
1895 2525 2097 2588 petrae,

515 2622 902 2678 oecultabatur
930 2620 1033 2686 sol,
1067 2618 1246 2674 velum
1296 2615 1672 2686 rumpebatur,
1712 2611 2102 2690 aperiebantur

521 2717 797 2787 sepulcra,
826 2714 1187 2786 resurgebant
1215 2709 1418 2765 mortui
1445 2708 1572 2762 novi
1611 2711 1896 2776 ruptorum
1951 2719 2098 2758 mor-

520 2811 595 2866 tis
636 2809 976 2866 vinculorum
1016 2819 1298 2878 praecones
1335 2820 1348 2854 :
1379 2811 1646 2859 creatura:
1694 2797 1931 2869 denique
1975 2797 2096 2851 uni-

519 2922 694 2962 versat
748 2904 1080 2961 invisibilem
1127 2900 1375 2957 crucifixi
1438 2898 1695 2954 deitatem
1748 2896 2090 2952 nuntiabant.

520 2998 710 3065 Qualis
769 2998 936 3068 igitur
980 2995 1250 3066 supererit
1295 2993 1612 3052 excusatio.
1645 2991 1693 3044 si
1723 2998 1874 3044 tanta
1908 2989 2099 3052 salute

2207 507 2347 560 τητα
2396 489 2452 544 δέ
2499 490 2558 542 οὑ
2589 488 2769 559 ψιλήν.
2802 487 2945 558 Πρὸς
2991 485 3164 541 ταῦτα
3204 486 3398 557 καιρὸς
3429 484 3784 555 ἀποστιλικὴν

2207 584 2503 638 ἀντιθεῖναι
2553 583 2770 654 φωνήνο
2807 600 2827 633 ι
2854 580 3175 652 Πειθαρχεῖν
3230 579 3314 632 δεῖ
3363 577 3484 649 Θεῷ
3521 576 3720 647 μᾶλλον
3749 577 3782 643 ἢ

2208 675 2536 748 ἀνθρώποις.
2568 696 2588 730 ›
2625 675 2781 730 Οὕτω
2827 673 2872 726 δ’
2903 672 3321 744 ἀνθρωπότητος
3351 671 3608 740 ἀρρήτως
3645 670 3781 739 ἡνω-

2211 769 2379 841 μένης
2405 769 2500 821 καὶ
2531 767 2848 840 ἀχωρίστως
2898 765 3131 834 θεότητι,
3158 763 3234 827 ὡς
3262 762 3353 816 τὸν
3382 761 3547 816 αὑτὸν
3594 760 3784 832 βρέφος

2208 861 2302 914 καὶ
2335 859 2544 913 παιδίον
2563 856 2874 928 βλέπεσθαι,
2905 857 2998 910 καὶ
3026 855 3155 908 Θεὸν
3187 851 3577 922 γινώσκεσθαι.
3611 870 3628 902 ι
3659 852 3776 904 llat-

2206 952 2315 1006 δίον
2343 950 2605 1022 ἐγεννήθη
2651 951 2800 1021 ἡμῖν,
2831 969 2850 1000 ι
2889 949 3051 1019 φησιν
3081 949 3110 1000 ό
3138 947 3425 1017 προφήτης
3445 985 3459 1006 ,
3499 962 3518 994 ι
3546 945 3669 1006 Υἱὸς
3698 944 3782 996 καὶ

2207 1045 2387 1117 ἐδόθη,
2419 1044 2512 1098 καὶ
2545 1044 2787 1098 καλεῖται
2817 1040 2880 1094 τὸ
2911 1041 3079 1111 ὄνομα
3110 1038 3275 1092 αὑτοῦ
3317 1036 3564 1106 μεγάλης
3597 1035 3781 1106 βουλῆς

2211 1137 2500 1207 Ἄγγελος,
2534 1133 2864 1206 θαυμαστὸς,
2898 1131 3216 1204 σύμϐουλος,
3234 1129 3366 1192 Θεὸς
3391 1129 3636 1198 ἰσχυρός.
3665 1147 3683 1178 ι
3702 1129 3782 1180 Ἐν

2208 1231 2542 1300 σπαργάνοις
2580 1224 3008 1298 περιγράφεται·
3042 1221 3177 1275 ἀλλά
3201 1220 3349 1291 πάσῃ
3385 1223 3452 1290 τῇ
3481 1219 3659 1272 κτίσει
3692 1220 3783 1289 τὴν

2204 1321 2518 1374 δεσποτείαν
2539 1319 2914 1390 ἀπερίγραφον
2940 1315 3325 1370 ἐπιδείκνυται.
3358 1314 3448 1366 Ἐν
3480 1313 3658 1382 φάτνῃ
3687 1311 3784 1364 ἐτί-

2206 1413 2348 1478 θετο,
2385 1411 2521 1466 ἀλλά
2543 1412 2670 1482 παρ’
2691 1409 2937 1478 ἀγγέλων
2965 1407 3301 1478 ὑμνούμενος
3322 1401 3612 1466 ἐδοξάζετο
3627 1417 3641 1431 ο
3675 1404 3785 1453 πεῖ-

2205 1523 2301 1560 ναν
2330 1505 2425 1559 καὶ
2439 1503 2596 1573 δίψαν
2622 1501 2931 1572 ὑπέμεινεν,
2951 1499 3062 1552 ἀλλ’
3084 1500 3146 1550 ἐκ
3165 1496 3324 1548 πέντε
3342 1495 3527 1564 ἀρτων
3551 1492 3786 1563 χιλιάδας

2205 1598 2487 1668 ἐχόρτασε,
2520 1595 2612 1650 καὶ
2643 1593 2956 1665 περισσείαν
2997 1589 3325 1660 κλασμάτων
3377 1583 3606 1639 δεκαδύο
3640 1585 3784 1653 κοφί-

2206 1688 2422 1754 νων,ὡς
2445 1688 2728 1758 ἠθέλησεν,
2765 1684 2953 1748 ἔδειξε.
2984 1682 3270 1750 Συντόμως
3295 1680 3492 1736 εἰπεῖν,
3531 1675 3784 1744 ἐγεύσατο

2136 1745 2179 1800 Β
2208 1745 2479 1840 θανάτοὺί
2516 1745 2649 1828 ἀλλά
2696 1745 2957 1827 κατέλυσε
3008 1771 3099 1824 τὸν
3134 1745 3196 1822 τὸ
3227 1769 3430 1838 κράτος
3477 1765 3672 1836 ἔχοντα
3696 1765 3782 1817 τοῦ

2207 1869 2435 1924 θανάτου
2463 1884 2475 1899 ·
2507 1869 2600 1921 καὶ
2627 1867 2744 1920 κατ’
2763 1865 2894 1919 αὑτὸ
2924 1865 2980 1917 δὲ
3000 1863 3061 1916 τὸ
3077 1861 3266 1924 πάθος,
3293 1862 3386 1914 ἐπὶ
3418 1857 3658 1930 σταυροῦ
3695 1857 3784 1927 μὲν

2203 1958 2271 2034 ῆν
2303 1961 2364 2014 τὸ
2397 1961 2552 2030 σῶμα
2586 1956 2950 2029 κρεμάμενον,
2980 1953 3253 2023 πανταχοῦ
3269 1951 3325 2004 δὲ
3352 1952 3380 2004 ὁ
3403 1953 3462 2003 ὲν
3488 1949 3640 2020 αὑτῷ
3661 1949 3782 2011 Θεὸς

2204 2056 2375 2125 Λόγος
2435 2053 2536 2125 τὴν
2597 2050 2778 2120 ἀπαθῆ
2824 2047 3140 2102 δυναστείαν
3205 2043 3652 2113 ἐπιδεικνύμενος
3699 2037 3780 2112 ἦν.

2216 2145 2450 2199 Ἐσείετο
2480 2143 2573 2212 γῆ,
2607 2141 2883 2210 ἐσχίζοντο
2918 2137 3132 2208 πέτραι,
3157 2133 3598 2188 συνεκαλύπτετο
3622 2132 3780 2202 ἥλιος,

2202 2237 2557 2309 διερρήγνυτο
2591 2232 3010 2302 καταπέτασμα,
3044 2229 3207 2298 τάφοι
3251 2226 3557 2296 ὴνοίγοντο,
3606 2224 3782 2295 νεκροὶ

2203 2328 2506 2398 ἀνεπήδων,
2541 2324 2681 2392 ξένοι
2713 2324 2953 2394 κήρυκες
2977 2321 3076 2392 τῆς
3115 2318 3467 2380 καταλύσεως
3495 2317 3590 2370 τοῦ
3632 2316 3783 2368 θανάο

2202 2434 2318 2480 του,
2347 2417 2496 2469 πᾶσα
2541 2413 2718 2475 κτίσις
2763 2412 2862 2482 τὴν
2914 2411 3144 2481 ἀόρατον
3174 2407 3405 2478 θεότητα
3452 2407 3550 2459 τοῦ
3595 2406 3782 2458 ἐσταυ-

2205 2509 2452 2580 ρωμένου
2487 2507 2711 2578 ἐμήνυε.
2749 2504 2915 2557 Ποίαν
2959 2503 3152 2573 ἕξομεν
3183 2501 3508 2569 ἀπολογίαν,
3534 2497 3781 2569 τηλικαύ-

2201 2618 2302 2671 της
2349 2599 2722 2671 ἀμελήσαντες
2763 2595 3060 2666 σωτηρίας,
3095 2594 3189 2647 καὶ
3229 2593 3505 2663 τοσαύτην
3537 2590 3780 2662 παριδόν-

2185 2709 2294 2791 1τες
2322 2689 2712 2762 πληροφορίαν,
2733 2686 3047 2758 συνθέμενοί
3063 2703 3124 2739 τε
3145 2687 3266 2748 ταῖς
3284 2684 3396 2736 τῶν
3421 2681 3782 2753 φιλονεικούν·

2201 2804 2309 2840 των
2353 2783 2756 2853 καινοτομίαις;
2798 2780 2936 2833 Ἀλλ’
2966 2780 3049 2832 ὅτι
3085 2779 3185 2850 μὲν
3218 2777 3363 2831 κατὰ
3386 2775 3572 2829 πάντα
3596 2775 3781 2845 τρόπον

2202 2875 2429 2948 ἁρμόζει
2457 2871 2742 2943 γινώσκειν
2769 2871 2859 2924 τὸν
2892 2872 3120 2942 Σωτῆρα
3142 2869 3374 2941 Χριστὸν
3404 2869 3540 2922 Θεὸν
3561 2869 3674 2938 ἅμα
3699 2867 3780 2919 καὶ

2199 2967 2504 3038 ἄνθρωπον,
2533 2963 2674 3018 κατὰ
2698 2963 2857 3032 φύσιν
2873 2963 3164 3033 ἑκατέραν,
3183 2961 3285 3014 κᾶν
3316 2962 3480 3032 ἡμεῖς
3505 2961 3782 3030 σιωπήσω-

519 3089 790 3161 neglecta,
810 3095 926 3141 tam
976 3085 1144 3140 certis
1176 3083 1510 3139 testimoniis
1552 3079 1906 3151 contemptis,
1938 3081 2095 3136 novis

2201 3075 2322 3130 μεν,
2356 3057 2406 3110 oi
2430 3055 2566 3110 λίθοι
2595 3055 2887 3128 κράξονται
2905 3068 2917 3082 ⁸
2947 3054 3006 3106 τὸ
3037 3053 3094 3106 δὲ
3122 3053 3196 3125 μὴ
3223 3053 3367 3123 ἔχειν
3393 3055 3475 3116 είς
3506 3054 3781 3125 ἄνθρωπον

518 3179 994 3234 eontentiosorum
1042 3175 1326 3230 hominum
1379 3174 1734 3245 opinionibus
1795 3172 2090 3228 adhaeseri-

519 3270 684 3324 mus?
718 3269 917 3324 Verum
967 3267 1115 3338 quod
1157 3267 1412 3322 omnibus
1443 3266 1623 3321 modis
1665 3264 1942 3321 Christum
1976 3263 2099 3320 Sal-

518 3367 764 3414 vatorem
813 3359 1006 3415 deceat
1042 3371 1339 3428 agnoscere
1373 3356 1541 3412 Deum
1586 3357 1793 3428 pariter
1817 3364 1871 3412 et
1923 3356 2100 3412 homi-

518 3466 643 3506 nem
680 3451 866 3524 499,
924 3449 1224 3507 secundum
1277 3459 1562 3520 utramque
1624 3459 1913 3514 naturam,
1972 3449 2100 3504 licet

517 3562 620 3601 nos
643 3547 996 3610 tacuerimus,
1030 3544 1238 3616 lapides
1265 3543 1598 3599 clamabunt.
1632 3541 1787 3610 Quod
1822 3557 1954 3597 vero
1987 3556 2099 3598 non

518 3641 573 3693 in
615 3639 833 3694 homine
861 3637 1185 3709 simpliciter
1215 3652 1368 3708 spem
1399 3651 1556 3690 suam
1593 3635 1831 3691 habeant
1881 3633 2096 3705 reposi-

517 3739 649 3795 tam,
679 3732 774 3802 qui
818 3731 900 3787 sic
937 3730 1204 3794 sentiunt,
1233 3744 1412 3800 operae
1452 3733 1686 3798 pretium
1721 3734 1825 3794 est,
1884 3726 2098 3798 perspi-

519 3839 622 3879 cue
655 3824 1054 3879 demonstrare.
1088 3822 1330 3877 Tametsi
1363 3821 1546 3891 siqua
1580 3820 1809 3876 suborta
1839 3827 1923 3874 est
1955 3834 2098 3888 qua:-

517 3917 643 3980 stio,
698 3927 794 3971 aut
826 3916 1154 3972 solutionem
1209 3915 1331 3984 ejus
1366 3913 1654 3985 quaesitam
1694 3913 1956 3982 oportuit,
2005 3918 2101 3965 aut

515 4011 794 4066 inscitiam
827 4009 984 4064 fateri
1027 4009 1326 4078 propriam,
1389 4022 1490 4063 nec
1518 4022 1548 4060 a
1582 4004 1869 4076 Scriptura
1921 4003 2100 4060 disce-

513 4105 664 4159 dere.
697 4103 817 4158 Jam
848 4115 1012 4172 porro
1040 4100 1200 4154 facile
1227 4109 1310 4154 est
1335 4113 1634 4170 congruam
1657 4097 1902 4153 invenire
1930 4097 2099 4152 ratio-

514 4211 662 4259 nem,
699 4209 870 4262 quare
899 4193 956 4247 in
987 4193 1261 4246 carnalem
1298 4191 1536 4246 hominis
1570 4190 1698 4246 facti
1733 4189 1944 4261 (Verbi)
1995 4188 2096 4243 ad-

515 4293 760 4348 ventum,
811 4286 865 4338 in
913 4285 1209 4339 salutarem
1261 4282 1476 4337 Domini
1507 4281 1891 4348 oeconomiam,
1944 4297 2098 4350 spem

516 4393 846 4448 reponamus
878 4383 1143 4440 nostram,
1185 4375 1314 4428 dum
1357 4375 1686 4430 invisibilem
1739 4373 1908 4427 Deum
1962 4372 2098 4428 Ver-

517 4471 647 4525 bum
705 4485 801 4540 per
851 4469 1127 4524 visibilem
1177 4483 1398 4523 carnem
1436 4468 1841 4538 cognoscimus,
1899 4476 1954 4521 et
1999 4482 2095 4536 per

515 4565 637 4634 ejus
667 4563 976 4633 passionem
998 4561 1489 4630 impassibilitatem
1514 4561 1764 4630 accipere
1793 4558 2090 4614 credimus:

516 4656 702 4709 omnia
755 4661 936 4708 autem
996 4661 1148 4723 gesta
1186 4653 1372 4707 deitati
1414 4666 1539 4706 cum
1589 4665 1756 4706 carne
1787 4651 2096 4720 conjunctae

517 4746 868 4812 ascribimus,
897 4752 950 4800 et
975 4745 1051 4799 ita
1079 4761 1240 4799 unam
1273 4743 1647 4798 adorationem
1706 4743 1993 4796 incantato
2043 4749 2097 4796 et

519 4838 728 4893 homini
781 4837 928 4891 facto
980 4835 1092 4891 Deo
1149 4835 1325 4890 Verbo
1359 4833 1663 4888 aﬂ'erimus.
1707 4831 1895 4901 Neque
1949 4832 2094 4886 enim

516 4931 716 4985 mulier
741 4931 834 4984 illa
871 4945 992 5001 quae
1020 4929 1288 4982 ﬁmbriam
1319 4927 1701 4991 contrectavit,
1738 4925 1792 4979 in
1826 4925 2096 4978 fimbriam

518 5040 670 5094 spem
711 5024 913 5078 habere
941 5022 1281 5092 deprehensa
1308 5029 1413 5083 est,
1447 5018 1542 5074 sed
1569 5019 1623 5072 in
1657 5023 1984 5087 potestatem
2023 5015 2098 5068 in-

517 5116 791 5172 visibilem
843 5115 962 5183 ejus
997 5112 1092 5183 qui
1140 5119 1259 5167 erat
1291 5112 1616 5165 vestimento
1655 5107 1904 5168 indutus,
1935 5104 2098 5173 cujus

517 5216 639 5262 erat
662 5207 891 5261 fimbria.
909 5205 1095 5275 Neque
1120 5206 1166 5259 is
1187 5205 1281 5274 qui
1303 5210 1462 5272 sputo
1487 5199 1588 5254 fuit
1612 5215 1642 5253 a
1669 5198 1913 5253 cmcitate
1942 5211 2100 5251 sana-

519 5307 631 5361 tus,
647 5297 700 5350 in
729 5303 947 5364 sputum
968 5295 1154 5347 habuit
1179 5293 1430 5346 fiduciam
1453 5308 1466 5354 ;
1489 5289 1584 5345 sed
1607 5289 1660 5341 in
1691 5287 1951 5339 invictam
1977 5285 2096 5353 ejus

521 5387 820 5458 potentiam
843 5389 937 5456 qui
985 5387 1150 5455 jussit
1195 5385 1349 5438 illum
1400 5384 1474 5436 ita
1517 5381 1783 5435 medelam
1823 5378 2094 5444 accipere.

518 5477 654 5534 Nam
671 5480 765 5548 qui
781 5479 942 5533 hodie
957 5477 1025 5530 ad
1037 5484 1288 5532 sanctqu
1307 5475 1478 5527 altare
1499 5470 1788 5531 accedunt,
1810 5467 2098 5536 ipsumque

520 5573 945 5641 amplectuntur,
997 5585 1060 5623 ac
1089 5584 1212 5623 cum
1249 5568 1444 5620 timore
1485 5561 1773 5634 etgaudio
1833 5559 2094 5626 salutant.

573 5730 620 5760 “
660 5729 779 5782 Act.
813 5743 871 5800 γ,
905 5725 997 5780 29.
1074 5725 1116 5799 ξ’
1145 5725 1256 5798 isa.
1295 5738 1343 5775 ix
1368 5761 1379 5775 .
1419 5726 1470 5776 ti.

2199 3148 2390 3213 άπλῶς
2414 3147 2514 3212 τάς
2539 3147 2758 3212 ἐλπίδας
2777 3147 2902 3209 τοὺς
2923 3145 3067 3198 οὑτω
3087 3145 3468 3209 πιστεύοντας,
3496 3147 3782 3213 ἀναγκαῖον

2199 3241 2369 3310 δεῖξαι
2403 3239 2609 3311 σαφῶς.
2639 3239 2898 3306 Καίτοιγε
2923 3239 3018 3290 κα)⁸
3046 3238 3208 3302 εἴτις
3233 3237 3542 3291 ἀνέκυπτεν
3568 3236 3778 3306 ἀπορία,

2199 3332 2405 3404 ταύτης
2443 3331 2610 3403 ἐχρῆν
2643 3329 2741 3402 τὴν
2769 3329 2922 3382 λύσιν
2951 3327 3166 3398 ζητεῖν,
3201 3327 3232 3398 ἢ
3275 3327 3374 3397 τὴν
3408 3327 3618 3380 οἰκείαν
3652 3324 3782 3396 ἀμά-

2201 3425 2353 3480 θειαν
2384 3424 2694 3494 ὁμολογεῖν,
2749 3423 2811 3475 οὑ
2845 3421 2963 3496 ,τῶν
3009 3419 3415 3492 γεγραμμένων
3465 3420 3778 3489 ἀναχωρεῖν.

2201 3518 2337 3572 Νυνὶ
2371 3517 2428 3570 δέ
2453 3515 2549 3570 καὶ
2578 3515 2758 3586 ῥᾴδιον
2791 3512 2852 3566 τὸ
2879 3513 3089 3584 πρέπον
3132 3513 3343 3581 εὑρεῖν,
3394 3511 3479 3562 ὃτι
3513 3512 3615 3572 τὰς
3642 3508 3784 3578 ἐλπί-

2199 3610 2295 3673 δας
2335 3607 2530 3678 ἐχομεν
2571 3606 2650 3669 είς
2690 3603 2788 3676 τὴν
2827 3603 3091 3674 ἐνσαρκον
3131 3602 3223 3656 τοῦ
3267 3601 3782 3672 ἐνανθρωπησαντος

2202 3701 2522 3773 παρουσίαν,
2577 3701 2656 3760 είς
2699 3696 2797 3768 τὴν
2840 3697 3106 3766 σωτήριον
3153 3693 3246 3748 τοῦ
3290 3693 3560 3747 δεσπότου
3593 3697 3782 3746 οἰκονο-

2203 3794 2354 3866 μίαν,
2405 3790 2495 3845 διὰ
2536 3791 2636 3862 μὲν
2682 3789 2782 3861 τῆς
2825 3788 3111 3860 όρωμένης
3155 3784 3358 3858 σαρκὸς
3411 3786 3509 3839 τὸν
3560 3786 3779 3855 ἀόρατον

2199 3886 2331 3940 Θεὸν
2378 3884 2550 3952 Λόγον
2594 3879 3045 3950 ἐπιγινώσκοντες
3067 3919 3083 3946 ,
3143 3878 3237 3932 καὶ
3288 3876 3377 3931 διά
3431 3877 3528 3931 τοῦ
3585 3875 3778 3937 πάθους

2199 3978 2404 4050 ταύτης
2429 3977 2529 4048 τὴν
2558 3975 2826 4030 ἀπάθειαν
2847 3971 3147 4044 λαμϐάνειν
3180 3971 3562 4031 πιστεύοντες·
3613 3968 3780 4022 πάντα

2199 4071 2353 4124 δὲτὰ
2383 4071 2669 4141 γενόμενα,
2718 4071 2784 4140 τῇ
2819 4067 3071 4138 ἡνωμένη
3106 4068 3173 4136 τῇ
3221 4065 3386 4136 σαρκὶ
3409 4064 3625 4135 θεότητι
3666 4064 3772 4114 ἐπι·

2199 4163 2501 4232 γράφοντες
2519 4201 2534 4226 ,
2567 4159 2662 4214 καὶ
2681 4158 2824 4212 οὕτω
2854 4155 2980 4228 μίαν
3007 4156 3108 4227 τὴν
3141 4155 3515 4226 προσκύνησιν
3541 4153 3622 4222 τῷ
3654 4166 3776 4218 σαρ-

2200 4257 2429 4312 κωθέντι
2466 4256 2562 4308 καὶ
2610 4251 3087 4323 ἐνανθρωπήσαντι
3118 4247 3236 4319 Θεῷ
3266 4247 3427 4316 Λόγῳ
3479 4245 3776 4314 προσάγον-

2200 4366 2309 4411 τες.
2350 4346 2486 4401 Οὑδὲ
2525 4345 2695 4417 γάρὴ
2731 4342 2982 4413 ἁψαμένη
3026 4339 3163 4412 γυνὴ
3207 4337 3304 4391 τοῦ
3346 4335 3660 4408 κρασπέδου
3702 4332 3774 4391 εἰς

2128 4433 2174 4488 Ῑ)
2202 4439 2507 4513 κράσπεδον
2554 4437 2752 4508 ἔχουσα
2811 4436 2910 4498 τὰς
2954 4433 3172 4494 ἐλπίδας
3217 4430 3505 4500 ἠλέγχετο,
3542 4425 3678 4488 ἀλλ’,
3703 4424 3777 4482 εὶς

2195 4535 2292 4604 τὴν
2320 4532 2550 4602 ἀόρατον
2578 4530 2805 4598 δύναμιν
2832 4526 2924 4580 τοῦ
2956 4525 3017 4578 τὸ
3042 4525 3256 4595 ἱμάτιον
3284 4519 3777 4592 περιϐεϐλημένον.

2196 4620 2367 4695 οὗπερ
2397 4624 2458 4676 τὸ
2484 4621 2810 4694 κράσπεδον.
2844 4619 2977 4672 Οὑδέ
3002 4620 3030 4670 ὁ
3056 4614 3427 4686 τῷπτύσματι
3458 4612 3562 4682 τῆς
3585 4607 3780 4677 τυφλώ-

2200 4735 2335 4781 σεως
2364 4713 2765 4787 ἐλευθερωθεὶς,
2790 4713 2871 4774 εἰς
2895 4711 3116 4778 πτύσμα
3144 4708 3244 4778 τὴν
3273 4704 3602 4774 πεποίθησιν
3623 4698 3775 4772 εἶχεν,

2198 4810 2313 4864 ἀλλ’
2347 4811 2428 4871 είς
2462 4807 2560 4878 τὴν
2591 4807 2857 4877 ἀήττητον
2890 4802 3136 4868 ἐξουσίαν
3163 4799 3258 4852 τοῦ
3291 4797 3653 4857 κελεύσαντος
3691 4794 3776 4844 αύ-

2199 4903 2288 4956 τὸν
2332 4900 2473 4955 οὓτω
2497 4900 2596 4970 τὴν
2629 4897 2773 4951 ἴασιν
2795 4894 3069 4959 δέξασθαι.
3113 4892 3266 4944 Ἐπεὶ
3290 4890 3385 4944 καὶ
3415 4888 3514 4941 νῦν
3547 4889 3598 4940 οῖ
3624 4901 3776 4957 προσ-

2203 4999 2374 5058 ιόντες
2403 4994 2545 5064 ἁγίῳ
2571 4990 2965 5064 θυσιαστηρίῳ,
2990 4984 3481 5058 περιπτυσσόμενοι
3511 4981 3571 5033 δὲ
3609 4978 3771 5036 τοῦτο,

2199 5089 2294 5142 καὶ
2326 5085 2462 5158 μετά
2485 5084 2650 5154 φόϐου
2677 5083 2771 5136 καὶ
2798 5082 2969 5152 χαρᾶς
2996 5076 3396 5145 ἀσπαζόμενοι,
3444 5073 3549 5125 οὐκ
3589 5073 3666 5132 είς
3700 5067 3772 5158 ii-

2201 5179 2292 5232 θον
2405 5176 2556 5242 ξύλον
2601 5173 2786 5235 ἁπλῶς
2824 5169 3224 5238 ἐπερείδονται,
3277 5163 3391 5216 ἀλλ’
3420 5163 3503 5224 εἰς
3550 5159 3649 5230 τὴν
3695 5155 3772 5208 διά

2199 5272 2292 5325 τοῦ
2338 5269 2486 5323 λίθου
2540 5269 2574 5340 ἦ
2629 5267 2786 5334 ξύλου
2833 5267 2943 5326 τοῖς
2999 5259 3250 5313 εὐσεϐέσι
3305 5251 3770 5325 μνημονευομένου

2199 5364 2377 5433 χάριν.
2416 5360 2489 5412 Ἣ
2518 5361 2582 5412 σὺ
2621 5359 2714 5412 καὶ
2739 5356 2864 5417 τοὺς
2895 5349 3169 5411 σωθέντας
3197 5346 3326 5399 ποτέ
3356 5345 3451 5396 ἐπὶ
3487 5344 3583 5395 τοῦ
3616 5357 3771 5410 μακα·

2203 5432 2321 5524 ρίου
2370 5450 2647 5513 Μωὺσέως
2696 5447 2785 5501 διὰ
2832 5443 2928 5498 τοῦ
2968 5442 3186 5513 βλέπειν
3231 5440 3312 5501 είς
3357 5437 3450 5490 τὸν
3501 5432 3770 5524 scisam;

2199 5545 2430 5617 χαλκοῦν
2489 5545 2629 5614 ὅφιν,
2668 5543 2787 5610 ὄφει
2845 5537 2942 5608 τὴν
2998 5533 3274 5605 σωτηρίαν
3332 5529 3511 5584 αὑτῶν
3569 5523 3771 5595 ἐπιτρέ-
