3976 6388
491 305 634 361 I339

1593 290 1646 342 S.
1686 278 2146 341 ATII.\N.\SIUS.
2186 313 2256 322 —-
2297 276 2568 336 SPURIA.

3603 273 3623 323 I
3634 272 3731 326 360

493 413 632 471 alios
661 423 877 480 quoque
910 401 1285 474 impatihiliter
1313 397 1424 467 pati
1457 395 1700 452 ostendit
1722 433 1737 456 ,
1777 401 1835 447 ut
1871 398 2050 448 servet
2079 433 2086 450 ι

2188 390 2258 452 ὦς
2309 384 2669 446 πεπονθέναι,
2718 375 2794 436 ὧν
2842 379 2964 435 καθ’
2995 381 3289 452 ὁμοιότητα
3342 381 3735 449 πεπειραμένος

490 519 614 562 eam
630 517 790 574 quam
811 513 932 554 cum
953 495 1060 550 illis
1077 493 1236 547 habet
1251 488 1683 546 similitudinem.
1699 484 2062 549 Quamobrem

495 597 822 652 alterutrum
857 595 939 644 est
973 583 1358 656 proﬁtendum,
1405 585 1499 633 aut
1532 591 1658 632 vere
1687 588 1910 646 passum
1942 585 2066 626 esse

497 689 832 746 Salvatorem
863 678 1145 744 nostrum;
1193 683 1284 730 aut
1309 673 1445 727 alios
1477 683 1696 740 quoque
1750 663 2066 734 impatibili-

493 790 579 838 ter
611 792 824 850 passos,
853 773 920 829 ad
948 785 1178 843 quorum
1217 762 1627 822 similitudinem
1657 758 1920 814 Dominus
1948 765 2066 810 ten-

493 883 641 928 tatus
685 868 855 923 fuisse
892 862 1236 935 praedicatur.
1279 856 1411 922 Quae
1440 867 1607 924 porro
1655 849 1930 920 patientiae
1970 846 2067 900 de-

491 962 819 1020 monstratio
868 972 936 1011 ex
992 969 1059 1009 eo
1117 948 1266 1021 quod
1322 944 1732 1016 impassibiliter
1789 935 2070 1010 patiatur?

492 1053 780 1124 Quomodo
808 1050 1012 1106 dicitur
1061 1041 1323 1114 patientia
1376 1036 1603 1099 Christi,
1629 1036 1677 1089 si
1727 1032 1938 1086 nullum
1965 1030 2067 1083 do-

493 1149 628 1203 loris
661 1157 882 1202 sensum
911 1134 1192 1210 percepit?
1217 1133 1336 1199 Qua
1367 1129 1581 1184 ratione
1613 1122 1921 1179 ostenditur
1952 1119 2071 1189 ejus

494 1256 624 1314 erga
681 1237 932 1292 homines
975 1228 1262 1286 ineﬁabilis
1287 1233 1340 1281 et
1395 1219 1843 1292 incomparabilis
1897 1229 2068 1280 amor,

497 1339 540 1392 si
566 1311 782 1402 absque
810 1325 1092 1382 laboribus
1125 1320 1308 1392 passio
1339 1317 1486 1371 fuit?
1527 1313 1662 1380 Quis
1694 1311 1808 1382 pati
1849 1321 2072 1364 recusa-

495 1428 654 1490 verit,
687 1438 799 1478 non
824 1417 988 1476 modo
1022 1429 1120 1486 pro
1161 1411 1374 1472 amicis,
1416 1407 1512 1462 sed
1551 1405 1715 1460 etiam
1750 1415 1848 1472 pro
1882 1398 2073 1453 adver-

498 1521 682 1581 sariis,
715 1517 763 1572 si
808 1512 922 1584 pati
949 1511 1112 1564 liceat
1142 1499 1590 1574 impassibiliter?
1622 1495 1760 1562 Quid
1795 1501 1912 1547 erat
1944 1502 2073 1558 ergo

499 1611 648 1685 quod
700 1606 965 1663 Dominus
1010 1600 1248 1661 diceret,
1297 1614 1315 1647 (
1363 1592 1598 1663 Spiritus
1647 1594 1930 1659 promptus
1967 1590 2071 1647 est,

499 1723 633 1765 caro
685 1709 864 1758 autem
895 1693 1192 1754 inﬁrma“,

503 1802 623 1855 lore
647 1801 978 1866 experturus
1002 1784 1162 1841 erat?
1196 1779 1328 1846 Quae
1371 1790 1539 1832 causa
1570 1779 1687 1828 erat
1710 1769 1854 1840 quod
1883 1766 1950 1821 ad
1973 1764 2076 1818 Pa-

502 1903 643 1948 trem
666 1865 926 1943 clamaret
958 1900 971 1935 :
1021 1896 1040 1929 ι
1069 1877 1250 1938 Pater,
1285 1871 1327 1925 si
1377 1865 1637 1940 possibile
1668 1870 1773 1924 est,
1836 1866 2078 1913 transeat

503 2001 536 2039 a
589 1997 678 2036 me
711 1977 853 2033 calix
887 1975 990 2028 iste
1015 1969 1099 2021 “7?
1128 1985 1145 2018 ι
1183 1963 1364 2029 Quare
1390 1957 1667 2028 supplices
1718 1964 1910 2022 preces
1952 1961 2076 2001 cum

503 2067 810 2129 vehementi
848 2064 1085 2118 clamore
1139 2065 1193 2111 et
1248 2050 1508 2121 lacrymis
1552 2045 1618 2098 ad
1645 2057 1770 2097 eum
1804 2039 1898 2108 qui
1942 2052 2001 2091 se
2046 2050 2077 2088 a

505 2169 682 2218 morte
713 2157 923 2226 eripere
956 2157 1142 2221 posset
1167 2139 1468 2200 oﬁ‘erehat?
1497 2137 1604 2190 Aut
1628 2134 1792 2205 igitur
1816 2144 1942 2184 vera
1986 2127 2078 2180 illa

505 2252 689 2308 omnia
713 2245 1005 2308 credenda,
1046 2249 1099 2295 et
1133 2237 1444 2309 passionem
1483 2243 1666 2284 veram
1700 2224 1870 2279 fuisse
1912 2218 2082 2274 conﬁ-

506 2345 729 2400 tendum
773 2347 878 2401 est,
942 2343 1034 2391 aut
1076 2329 1390 2402 passionem
1426 2323 1573 2376 illam
1634 2318 1754 2373 sine
1802 2311 2077 2383 passione,

505 2446 734 2490 necesse
763 2435 848 2486 est
903 2430 1159 2494 reputare
1199 2417 1434 2488 speciem
1467 2412 1662 2481 plane,
1713 2405 1985 2460 ﬁctionem
2029 2409 2083 2456 et

506 2523 852 2598 phantasiam
903 2516 1091 2571 fuisse.
1150 2510 1338 2564 Sinon
1402 2519 1528 2558 vere
1579 2513 1772 2570 passus
1819 2502 1924 2557 est,
1981 2505 2082 2546 nec

509 2631 636 2674 vere
661 2616 845 2683 utique
873 2606 1193 2664 resurrexit.
1232 2599 1287 2654 Si
1317 2610 1506 2654 revera
1539 2607 1648 2647 non
1674 2587 1913 2660 gustavit
1943 2599 2084 2638 mor-

508 2721 642 2777 tem,
674 2721 775 2762 nec
826 2701 1080 2760 stimulos
1113 2695 1308 2750 mortis
1339 2686 1623 2751 restinxit,
1671 2681 1852 2735 adhuc
1873 2678 1926 2731 in
1958 2690 2084 2746 pec-

509 2803 650 2857 catis
693 2811 886 2854 sumus
922 2789 1148 2854 nostris,
1213 2784 1391 2838 adhuc
1421 2793 1572 2833 mors
1618 2771 1876 2829 omnibus
1909 2765 2084 2822 domi-

508 2905 694 2958 natur,
729 2890 910 2946 adhuc
939 2884 1007 2938 ab
1041 2877 1359 2936 haereditate
1393 2884 1586 2926 sumus
1620 2863 1804 2920 alieni.
1842 2860 1901 2915 Si
1932 2873 2086 2912 nam-

509 3004 616 3060 que
645 2986 770 3041 ﬁcta
799 2994 972 3040 mors,
1014 2975 1062 3030 si
1088 2969 1321 3026 mendax
1352 2965 1773 3022 testamentum;
1829 2967 1930 3008 nec
1957 2963 2086 3004 vera

510 3041 616 3137 erit
642 3073 952 3132 haereditas.
985 3066 1110 3121 Haec
1138 3059 1296 3116 nobis
1330 3057 1416 3111 lex
1440 3047 1759 3124 pronuntiat
1787 3063 1800 3100 :
1837 3061 1856 3095 ι
1894 3041 2088 3096 Testa-

512 3179 756 3226 mentum
816 3165 873 3218 in
902 3157 1132 3215 mortuis
1183 3149 1566 3206 conﬁrmatum
1593 3147 1678 3195 est
1693 3137 1758 3190 ⁸⁸.
1797 3154 1818 3188 ι
1870 3132 1927 3186 Si
1960 3145 2088 3201 ergo

514 3263 562 3315 is
587 3273 713 3313 vere
766 3259 1020 3308 mortuus
1053 3259 1162 3299 non
1190 3249 1274 3296 est
1307 3238 1399 3308 qui
1442 3233 1653 3288 Novum
1681 3227 2088 3282 Testamentum

514 3351 797 3407 nobiscum
828 3343 970 3405 iniit,
1001 3337 1155 3392 irrita
1183 3347 1312 3388 sane
1341 3342 1461 3399 quae
1489 3325 1546 3378 in
1567 3321 1916 3376 Testamento
1938 3320 2087 3376 sunt,

515 3442 814 3512 reiectique
867 3434 904 3488 ii
939 3431 1034 3501 qui
1089 3425 1330 3481 hwredes
1363 3425 1491 3476 sunt
1518 3412 1718 3470 vocati.
1773 3406 1880 3463 Sed
1921 3417 2090 3476 apage

517 3529 786 3603 ejusmodi
818 3523 1116 3584 vesaniam,
1151 3532 1184 3570 ο
1212 3511 1403 3570 homo!
1441 3507 1574 3562 Nam
1620 3501 1714 3574 qui
1767 3496 2089 3552 Testamen-

518 3638 632 3684 tum
677 3620 903 3694 pepigit,
926 3621 1176 3670 mortuus
1208 3616 1310 3673 est,
1341 3615 1394 3661 et
1433 3609 1611 3656 ratum
1642 3602 1728 3651 est
1776 3591 2094 3646 Testamen-

517 3729 655 3783 tun,
679 3687 1099 3776 haereditasque
1127 3699 1405 3774 proposita
1438 3687 1808 3749 credentibus,
1842 3695 1907 3736 ac
1960 3691 2093 3747 sup-

519 3781 740 3881 plicium
767 3799 1118 3877 syc0phantis
1148 3801 1414 3865 paratum.
1449 3781 1819 3854 Reperiuntur
1852 3781 2092 3839 namque

520 3863 830 3971 complures
874 3863 1068 3949 contra
1119 3863 1286 3940 lleum
1343 3879 1465 3934 falsi
1501 3883 1693 3935 testes,
1748 3866 1843 3938 qui
1897 3863 2090 3916 dicunt

520 4011 644 4052 eum
680 3992 974 4050 suscitasse
1006 3982 1283 4039 Christum
1310 3992 1339 4029 a
1370 3970 1623 4031 mortuis,
1651 3977 1813 4037 quem
1846 3973 1956 4014 non

2165 482 2194 533 6
2226 478 2502 548 Δεσπότης
2543 473 2899 546 κηρύσσεται.
2939 473 3034 535 Τίς
3082 472 3138 524 δὲ
3174 472 3270 525 καὶ
3298 470 3576 540 ὑπομονῆς
3618 470 3729 523 ἀπό

2164 570 2328 634 δειξις
2360 571 2424 621 ὲκ
2460 566 2554 620 τοῦ
2588 565 2778 620 παθεῖν
2817 564 3071 628 ἀπαθῶς;
3108 564 3234 627 Πῶς
3280 563 3499 630 λέγεται
3535 562 3570 631 ἡ
3612 561 3736 613 ύπο-

2169 661 2302 732 μονὴ
2350 659 2444 712 τοῦ
2484 656 2748 729 Χριστοῦ,
2799 659 2847 710 εί
2898 657 2971 726 μὴ
3021 655 3199 710 πόνων
3245 653 3500 723 αἴσθησιν
3553 651 3735 715 έλα6ε;

2167 750 2289 812 Πῶς
2328 749 2382 801 δὲ
2411 748 2681 800 δείκνυται
2721 748 2756 817 ἡ
2799 746 3000 812 ἄφατος
3041 744 3134 796 καὶ
3183 743 3573 813 ἀπαράὅλητος
3611 741 3739 810 πρὸς

2164 839 2484 910 ἀνθρώπους
2531 838 2908 908 φιλοστοργία,
2971 838 3019 888 εί
3069 835 3194 904 δίχα
3240 834 3415 886 πόνων
3463 833 3526 885 τὺ
3577 832 3738 895 πάθος

2168 930 2416 998 ὲγένετο;
2465 927 2560 989 Τίς
2601 927 2698 996 οὐχ
2747 926 2980 994 αἱρεῖται
3019 922 3234 984 παθεῖν,
3282 922 3345 972 οὐ
3395 919 3558 989 μόνον
3608 918 3738 987 ὑπὲρ

2170 1019 2336 1088 φίλων
2356 1056 2371 1080 ,
2407 1016 2519 1070 ἀλλ’
2548 1015 2648 1085 ἠδη
2683 1015 2774 1067 καὶ
2801 1014 2939 1083 ὑπὲρ
2969 1011 3256 1065 ἀντιδίκων
3280 1050 3294 1074 ,
3329 1012 3378 1062 εί
3423 1006 3739 1077 ὑπερέξεστι

2171 1111 2360 1164 παθεῖν
2388 1107 2653 1171 ἀπαθῶς;
2707 1100 2781 1158 Οὖ
2830 1105 2884 1156 δὲ
2928 1104 3084 1174 χάριν
3124 1101 3311 1167 ἔλεγεν
3358 1101 3387 1151 ὁ
3421 1097 3694 1165 Δεσπότης
3722 1135 3737 1157 ,

2177 1222 2194 1254 ι
2218 1204 2290 1255 T6
2320 1201 2537 1268 πνεῦμα
2579 1198 2857 1269 πρόθυμον
2882 1239 2896 1257 ,
2944 1198 2976 1264 ἡ
3003 1195 3058 1247 δὲ
3092 1193 3230 1265 σὰρξ
3259 1191 3510 1261 ἀσθενὴς,
3537 1207 3558 1240 ο
3591 1188 3740 1257 εἴπερ

2173 1294 2365 1364 ἔμελλε
2419 1293 2480 1344 τὸ
2543 1289 2714 1352 πάθος
2775 1286 3090 1356 ἀναλγήτως
3161 1283 3519 1354 προσίεσθαι;
3591 1277 3741 1332 Ἰνατί

2173 1385 2308 1456 πρὸς
2339 1384 2429 1436 τὸν
2453 1382 2673 1452 Πατέρα
2714 1379 2841 1432 ἐϐόα
2865 1394 2877 1407 ·
2921 1395 2938 1427 ι
2961 1377 3162 1444 Πάτερ,
3204 1376 3251 1425 εί
3284 1370 3527 1433 δυνατὸν,
3559 1368 3744 1439 παρελ-

2174 1478 2310 1531 θέτω
2330 1476 2390 1527 τὸ
2419 1474 2670 1544 ποτήριον
2700 1471 2856 1523 τοῦτο
2884 1485 2898 1533 ;
2923 1488 2940 1520 ι
2977 1467 3115 1529 τίνος
3145 1466 3330 1517 ἓνεκεν
3360 1462 3527 1532 εὐχὰς
3571 1463 3744 1528 ἱκετη-

2177 1569 2323 1641 ρίους
2367 1565 2502 1636 μετά
2532 1563 2778 1635 κραυγῆς
2809 1561 3030 1631 ἰσχυρᾶς
3061 1559 3154 1610 καὶ
3197 1555 3448 1626 δακρύων
3484 1551 3622 1623 πρὸς
3662 1551 3743 1603 τὸν

1233 1708 1252 1740 ι
1316 1687 1361 1742 si
1400 1683 1712 1754 passionem
1742 1679 1950 1746 absque
1975 1673 2074 1728 do-

2188 1660 2466 1729 Ξυνάμενον
2524 1655 2714 1719 σώζειν
2767 1653 2927 1705 αὑτὸν
2971 1653 3034 1702 ὲκ
3093 1648 3327 1700 θανάτου
3377 1644 3745 1714 προσέφερενς

2626 1745 2664 1754 ,ι
2721 1744 2777 1754 ..ν
3058 1741 3066 1754 ι
3271 1739 3282 1754 ε
3362 1737 3376 1754 \
3435 1753 3450 1754 κ
3475 1735 3547 1754 ρῆμ
3577 1753 3586 1754 κ
3629 1734 3712 1754 ᾈἻμ

2107 1740 2147 1794 Β
2179 1753 2248 1804 Ἦ
2281 1747 2370 1804 οὖν
2399 1747 2574 1801 πάντα
2614 1744 2783 1813 ἀληθῆ
2818 1741 3131 1793 πιστευτέον
3154 1778 3168 1801 ,
3203 1739 3294 1791 καὶ
3327 1737 3388 1788 τὸ
3417 1735 3589 1797 πάθος
3620 1734 3746 1802 ἀλη-

2180 1842 2324 1895 θινὸν
2370 1838 2727 1910 ὁμολογητέον
2753 1854 2764 1865 ·
2821 1834 2890 1904 ἢ,
2937 1831 3029 1883 τοῦ
3079 1829 3282 1891 πάθους
3321 1825 3553 1888 ἀπαθῶς
3599 1841 3748 1892 γεγε-

2177 1932 2368 2002 νῆσθαι
2398 1929 2687 1999 λεγομένου
2711 1967 2725 1989 ,
2769 1926 2952 1995 σχῆμα
2994 1922 3208 1992 ἀνάγκη
3258 1919 3352 1972 καὶ
3385 1918 3609 1987 δόκησιν
3663 1916 3750 1968 καὶ

2180 2021 2476 2092 φαντασίαν
2517 2020 2693 2072 πάντα
2732 2013 3062 2084 λογίζεσθαι.
3109 2013 3170 2064 EI
3209 2011 3269 2062 οὑ
3316 2007 3592 2061 πέπονθεν
3630 2005 3751 2074 ἀλη-

2181 2113 2308 2176 θῶς,
2337 2111 2454 2165 οὐδὲ
2481 2109 2678 2177 ἀνέστη
2711 2107 2925 2167 πάντως
2959 2102 3192 2174 ἀληθῶς.
3222 2101 3285 2152 Εἰ
3314 2099 3388 2170 μὴ
3413 2100 3583 2160 δντως
3607 2095 3754 2163 ἐγεύ-

2182 2223 2310 2259 σατο
2335 2204 2562 2256 θανάτου
2585 2242 2600 2266 ,
2631 2199 2752 2252 οὐδὲ
2781 2196 2852 2248 τὰ
2888 2196 3088 2264 κέντρα
3121 2191 3313 2245 ἔσϐεσε
3351 2189 3445 2242 τοῦ
3482 2187 3707 2240 θανάτου
3733 2203 3745 2214 ·

2181 2296 2259 2349 ἑτι
2308 2296 2472 2365 ἐσμὲν
2522 2294 2578 2344 ὲν
2627 2291 2746 2351 ταῖς
2792 2283 3086 2356 ἁμαρτίαις
3132 2279 3311 2352 ἡμῶν,
3361 2278 3443 2331 ἔτι
3490 2273 3753 2347 βασιλεύει

2183 2391 2396 2443 πάντων
2435 2387 2462 2438 ὁ
2511 2383 2765 2443 θάνατος’
2815 2378 2895 2430 ἔτι
2942 2376 3042 2445 τῆς
3085 2372 3448 2444 κληρονομίας
3494 2369 3754 2437 ἀλλότριοι

2182 2480 2614 2547 καθεστήκαμεν.
2674 2473 2735 2525 El
2778 2470 2886 2540 γὰρ
2931 2471 2960 2521 6
3007 2468 3234 2528 θάνατος
3269 2461 3574 2532 ἀπατηλὸς,
3608 2460 3752 2528 καὶή

2181 2570 2410 2638 διαθήκη
2439 2563 2638 2634 ψευδὴς
2659 2602 2675 2627 ,
2719 2560 2813 2613 καὶ
2841 2561 2874 2629 ἡ
2907 2555 3238 2627 κληρονομία
3267 2554 3368 2606 οὐκ
3397 2551 3625 2622 ἀληθής.
3661 2549 3756 2602 N6-

2187 2675 2284 2729 μος
2335 2658 2465 2726 ἡμῖν
2513 2651 2684 2705 ταῦτα
2733 2646 3076 2718 διαγορεύει·
3137 2663 3154 2694 ι
3190 2643 3470 2714 Διαθήκη,
3503 2659 3521 2691 ι
3583 2639 3752 2710 φησὶν,

2189 2771 2208 2802 ι
2246 2750 2338 2802 ἐπὶ
2379 2747 2589 2817 νεκροῖς
2625 2741 2838 2812 βεϐαία.
2863 2760 2879 2790 ι
2929 2740 2991 2791 Εἰ
3030 2733 3122 2790 οὖν
3157 2735 3218 2788 ού
3249 2733 3513 2804 τέθνηκεν
3543 2732 3706 2792 ὅντως
3731 2732 3757 2781 6

2185 2845 2284 2912 τὴν
2312 2840 2519 2909 Καινὴν
2550 2835 2823 2906 Διαθήκην
2858 2831 2992 2903 πρὸς
3033 2831 3179 2900 ἡμᾶς
3223 2826 3564 2895 διαθέμενος,
3594 2825 3758 2895 ἄκυρα

2185 2936 2253 2989 τά
2283 2935 2380 3004 τῆς
2394 2929 2686 2998 Διαθήκης,
2715 2923 3004 2995 ἀπόδλητοι
3028 2923 3077 2974 οἱ
3109 2920 3389 2990 λεγόμενοι
3417 2915 3756 2987 κληρονόμοι.

2201 3025 2338 3078 Ἀλλ’
2359 3025 2537 3089 ἄπαγε
2559 3020 2656 3090 τῆς
2689 3015 2944 3084 τοιαύτης
2975 3010 3379 3083 παραπληξίας,
3411 3007 3457 3061 ῶ
3476 3008 3573 3061 ἀνθ
3584 3006 3754 3079 ρωπεί

2195 3118 2306 3173 Καὶ
2331 3119 2357 3170 6
2387 3113 2702 3184 διαθέμενος
2725 3109 2833 3181 γὰρ
2859 3106 3111 3175 τέθνηκε,
3143 3104 3236 3156 καὶ
3263 3105 3296 3172 ὴ
3328 3100 3575 3169 Διαθήκη
3608 3095 3759 3150 κεκύ-

2199 3226 2395 3283 ρωται,
2444 3207 2538 3259 καὶ
2572 3206 2607 3274 ἡ
2652 3198 2982 3273 κληρονομία
3031 3199 3143 3258 τοῖς
3180 3192 3500 3248 πιστεύουσι
3549 3189 3760 3260 πρόκει-

2192 3319 2317 3366 ται,
2352 3299 2445 3352 καὶ
2500 3299 2534 3368 ἡ
2581 3292 2818 3364 τιμωρία
2866 3293 2978 3352 τοῖς
3025 3286 3385 3354 συκοφάνταις
3422 3282 3756 3354 ἡτοίμασται.

2195 3391 2550 3463 Εὐρίσκονται
2602 3385 2710 3457 γὰρ
2765 3382 2948 3436 πολλοὶ
2995 3377 3437 3450 ψευδομάρτυρες
3487 3377 3581 3430 τοῦ
3632 3369 3757 3424 Θεοῦ

2194 3486 2482 3554 λέγοντες,
2534 3481 2616 3533 ὅτι
2659 3479 2848 3548 ἦγειρε
2898 3473 2988 3526 τὸν
3038 3472 3270 3543 Χριστὸν
3321 3471 3386 3520 ὲκ
3427 3466 3668 3537 νεκρῶν,
3702 3463 3755 3516 ὃν

2195 3577 2296 3630 οὑκ
2355 3570 2570 3642 ἀληθῶς
2640 3567 2940 3638 τεθνηκότα
3005 3565 3258 3635 ἡγειρεν,
3323 3561 3484 3632 εἴπερ
3548 3555 3759 3618 ἀπαθῶς

2196 3666 2384 3722 ἔπαθε.
2469 3662 2578 3717 Καὶ
2644 3658 2859 3714 Παύλου
2935 3657 3163 3726 βοῶντος
3194 3694 3209 3718 ,
3279 3653 3360 3704 ὅτι
3437 3648 3680 3719 παθητὸς
3735 3646 3761 3696 6

2195 3757 2464 3828 Χριστὸς,
2503 3755 2554 3806 οἱ
2606 3750 2819 3805 Παύλου
2881 3747 3143 3801 ἀντίδικοι
3192 3744 3253 3796 τὸ
3311 3761 3329 3794 ι
3362 3742 3590 3804 ἀπαθῶς
3619 3760 3636 3791 ι
3675 3740 3760 3790 ἀν·

2195 3850 2598 3921 τιφθέγγονται.

2004 3965 2132 4009 vere
2171 3953 2446 4003 mortuum
2485 3940 2765 4003 excitavit,
2817 3936 2866 3992 si
2909 3933 3126 4007 quidem
3165 3945 3363 4002 passus
3398 3936 3484 3984 est
3526 3925 3763 3996 impassi-

520 4019 644 4052 eum
680 4019 974 4050 susurnam:
1007 4019 1283 4039 νιιιισυυ...
1310 4019 1339 4029 .-
1371 4019 1623 4031 ----------,
1660 4019 1688 4037 Ἰ

520 4092 724 4147 hiliter.
772 4086 840 4140 Ει
866 4085 1138 4138 clamante
1165 4073 1336 4128 Paulo
1357 4065 1673 4140 passibilem
1732 4071 1855 4114 esse
1907 4049 2208 4110 Christum,
2248 4041 2403 4096 Pauli
2453 4035 2756 4093 adversarii
2821 4040 3014 4087 contra
3078 4029 3359 4088 clamant,
3399 4021 3536 4077 illud
3580 4039 3599 4072 ι
3668 4019 3761 4071 im-

526 4183 859 4258 passihiliter
897 4197 916 4230 ι
962 4169 1313 4246 proferendo.

1241 4281 1378 4336 VIII.

529 4392 791 4449 Adversus
847 4401 932 4439 eos
1005 4381 1095 4450 qui
1155 4377 1400 4498 dicurlttf
1441 4369 1637 4423 Passus

1221 4464 1277 4498 vo
1304 4453 1402 4498 uu.

1221 4453 1402 4501 voluit.

598 4550 700 4618 Qui
745 4544 1045 4604 secundum
1093 4541 1264 4611 legem
1306 4537 1410 4590 iter
1464 4539 1724 4601 peragere
1755 4521 1968 4579 volunt,
2003 4529 2104 4571 cu-

531 4650 764 4710 rantque
813 4648 1030 4690 omnem
1073 4606 1313 4698 eﬁ'ugere
1359 4634 1625 4681 errorem,
1673 4609 1894 4684 quidvis
1921 4606 2104 4677 potius

532 4697 916 4800 mali'eligent,
947 4738 1112 4795 quam
1146 4697 1232 4775 vel
1261 4715 1532 4773 tantillum
1583 4725 1614 4762 a
1655 4707 1744 4762 via
1768 4700 1982 4772 publica
2012 4697 2106 4753 de-

533 4787 797 4882 ﬁectant:
825 4787 1027 4873 Eodem
1074 4826 1302 4884 prorsus
1348 4803 1511 4861 modo
1539 4799 1633 4870 qui
1674 4810 1773 4865 per
1819 4791 1961 4846 viam
2008 4787 2108 4842 do-

537 4925 781 4988 gmatum
798 4908 1044 4966 veritatis
1067 4906 1256 4960 volunt
1282 4896 1554 4954 incedere,
1569 4885 1816 4958 vestigiis
1843 4881 2109 4936 inhaerent

538 5023 728 5065 eorum
757 5004 849 5075 qui
882 5011 1158 5069 nunquam
1187 4995 1242 5048 in
1273 4991 1470 5045 itinere
1493 4986 1767 5039 errarunt.
1800 4974 1904 5030 Ubi
1926 4979 2109 5026 autem

538 5099 700 5170 regiae
746 5055 847 5149 v‘ize
900 5055 1054 5160 signa
1111 5085 1366 5138 accurate
1404 5071 1697 5131 edidicere,
1743 5060 1975 5120 sollicite
2003 5055 2108 5112 sibi

540 5146 698 5170 ην-..
949 5146 980 5160 ν

540 5192 733 5244 cavent
763 5185 832 5239 ab
859 5180 1006 5236 omni
1040 5169 1366 5230 diverticulo
1398 5184 1411 5220 :
1455 5162 1556 5217 toti
1604 5170 1733 5213 vero
1755 5169 1822 5208 ex
1864 5146 2110 5205 veritatis

543 5278 789 5350 partibus
829 5272 1158 5328 consistunt.
1207 5261 1343 5317 Cum
1373 5257 1443 5310 ab
1491 5255 1596 5308 hoc
1651 5248 1818 5318 igitur
1863 5255 2030 5309 scopo
2073 5237 2111 5291 ii

543 5330 850 5426 aberrarint
897 5361 990 5431 qui
1038 5351 1349 5412 adversaria
1381 5345 1541 5402 nobis
1581 5341 1836 5410 dogmata
1866 5330 2109 5391 tradunt,

543 5458 770 5528 vestigia
799 5453 1015 5524 quidem
1058 5443 1487 5502 orthodoxorum
1517 5433 1741 5487 Patrum
1788 5424 2110 5480 amiserunt,

547 5563 786 5607 necnon
825 5544 1197 5609 theologorum
1228 5535 1470 5586 virorum
1507 5523 1622 5594 (qui
1661 5520 1805 5574 viam
1831 5525 2115 5569 common-

627 5701 874 5757 “Matth.
914 5711 1058 5759 nvi,
1091 5691 1180 5747 II.
1232 5683 1424 5740 "ibid.
1461 5678 1548 5734 59.
1626 5676 1671 5706 "
1706 5669 1848 5725 Hebr
1911 5661 2092 5728 tx,I7.

2928 4234 3059 4290 VIII.

1683 4371 1760 4417 eu
1851 4356 1990 4410 Deus
2041 4367 2086 4405 ut

2289 4339 2442 4408 Πρὸς
2487 4333 2633 4400 τοὺς
2678 4329 2996 4417 λέγοιςτίαςζ·
3040 4324 3298 4375 Ἔπαθεν
3342 4319 3375 4371 ὁ
3417 4316 3569 4380 Θεὸς
3609 4314 3687 4378 ὡς

2831 4396 3156 4466 ἠθέλησεν.

2274 4504 2338 4557 Οἱ
2379 4497 2519 4554 κατά
2553 4494 2716 4565 νόμον
2759 4487 3064 4559 ὁδοιπορίαν
3117 4482 3301 4536 ἀνύειν
3345 4477 3642 4536 ἐθέλοντες,
3689 4470 3770 4523 καὶ

2206 4593 2426 4663 φεύγειν
2461 4561 2640 4642 πᾶσαν
2681 4585 2889 4651 πλάνην
2919 4574 3338 4638 σπουδάζοντες,
3373 4568 3553 4621 πάντα
3589 4561 3769 4634 μᾶλλον

2206 4655 2518 4756 αἱρήσονται
2539 4678 2753 4740 παθεῖν,
2783 4675 2816 4744 ἢ
2845 4669 3036 4742 μικρὸν
3063 4667 3164 4736 τῆς
3176 4662 3451 4733 λεωφόρου
3473 4655 3768 4728 παρελθεῖν.

2205 4748 2503 4828 ΤδνΙαύτὸν
2535 4770 2734 4841 τρόπον
2769 4765 2862 4819 καὶ
2891 4765 2940 4816 οἱ
2968 4760 3066 4831 τὴν
3095 4759 3214 4812 ὁδὸν
3239 4756 3335 4826 τῆς
3361 4751 3470 4806 τῶν
3500 4748 3771 4818 δογμάτων

2207 4865 2462 4937 ἀληθείας
2503 4859 2738 4933 βαδίζειν
2794 4856 3096 4916 ἐθέλοντες,
3151 4849 3380 4921 τηροῦσι
3432 4845 3530 4915 μὲν
3569 4842 3638 4894 τά
3665 4841 3772 4909 ἴχνη

2208 4933 2316 5011 τῶν
2368 4953 2620 5017 ἀπλανῶς
2657 4949 3015 5004 δδευσάντωνο
3061 4943 3135 4996 τὰ
3171 4943 3228 4996 δὲ
3275 4941 3475 5008 σημεῖα
3502 4936 3601 5004 τῆς
3634 4933 3770 5001 βασι-

2207 5050 2366 5121 λικῆς
2419 5045 2540 5102 ὁδοῦ
2594 5043 2730 5115 μετά
2781 5037 3064 5111 ἀκριὸείας
3109 5027 3642 5102 καταμανθάνοντες,
3682 5020 3772 5072 πᾶ-

2212 5159 2309 5196 σαν
2345 5140 2443 5212 μὲν
2475 5135 2863 5209 παραιτοῦνται
2899 5124 3286 5199 παρεκτροπὴν
3313 5162 3327 5184 ,
3356 5120 3468 5173 ὅλοι
3495 5119 3551 5170 δὲ
3576 5116 3769 5184 γίγνον-

2211 5251 2299 5286 ται
2327 5199 2426 5301 τῆς
2451 5199 2724 5300 ἀληθείας.
2768 5223 2968 5278 Τούτου
2999 5223 3180 5272 τοίνυν
3208 5213 3656 5284 ἀναχωρήσαντες
3688 5199 3769 5254 τοῦ

2216 5323 2416 5379 σκοποῦ
2441 5364 2456 5387 ,
2491 5323 2559 5376 τά
2600 5320 2696 5374 νῦν
2741 5320 2792 5373 οἱ
2822 5315 2893 5369 τὰ
2935 5311 3153 5368 ἐναντία
3191 5305 3536 5378 δογματίζειν
3583 5297 3770 5352 ἐθέλονο

2213 5435 2324 5480 τες,
2358 5416 2427 5468 τὰ
2487 5415 2589 5482 μὲν
2632 5413 2752 5482 ἴχνη
2803 5408 2910 5462 τῶν
2955 5403 3258 5475 ὁρθοδὸξων
3316 5397 3565 5466 πατέρων
3621 5399 3770 5440 κατα·

2213 5509 2525 5571 λελοίπασι,
2579 5505 2670 5558 καὶ
2721 5502 2793 5555 τὰ
2839 5500 3034 5570 σημεῖα
3093 5494 3206 5546 τῶν
3257 5489 3518 5554 θεολόγων
3559 5473 3768 5552 ἀνδρῶν,
