3976 6388
247 421 383 481 1361

998 424 1575 485 CONFUTATIONL'S
1610 430 2055 498 QUARUMDAM
2092 426 2672 489 PROPOSlTlOXUM.

3344 429 3482 488 1362

240 537 349 593 τῶν
384 537 486 608 τήν
526 539 644 592 ὁδὸν
681 540 1073 607 ύποδειξόιντων
1094 582 1109 607 ,
1167 546 1591 618 παρελογίσαντο
1615 589 1629 613 ,
1678 548 1809 604 πολ-

1914 550 2201 621 strarunt)
2251 550 2455 607 indicia
2522 550 2909 621 depravarunt,
2957 547 3238 618 multaque
3289 545 3484 602 diver-

240 628 339 693 λὰς
383 628 441 681 δὲ
484 631 870 702 παρικτροπάς
928 635 1273 704 μετεδίωξαν,
1345 638 1443 702 τὰς
1496 640 1595 709 μὲν
1642 639 1808 692 πάλαι

239 727 370 793 παρ’
406 721 612 794 ἑτέρων
652 723 1049 794 ὲξευρεθείσας,
1107 726 1205 790 τάς
1239 727 1296 781 δὲ
1337 729 1430 783 νῦν
1473 732 1601 801 παρ’
1631 718 1824 782 αὐτῶν

239 813 748 885 καινοτομηθείσας,
778 810 868 870 οἷά
888 818 1001 870 ἐστι
1028 819 1122 871 καὶ
1149 822 1182 891 ἡ
1208 821 1513 891 παράλογος
1535 821 1705 891 φωνὴ,
1726 821 1806 884 τὸ,

242 905 481 960 Ἔπαθεν
508 908 538 960 ό
558 905 692 970 Θεὸς
706 906 781 971 ὡς
803 907 1052 979 ἠθέλησε.
1081 911 1173 982 Μὴ
1197 910 1483 981 δυνάμενοι
1512 911 1619 982 γὰρ
1640 909 1807 976 δεῖξαι

237 995 334 1067 τὴν
365 995 527 1066 φύσιν
555 997 826 1069 παθητὴν.
857 997 955 1069 τὴν
993 999 1244 1071 βούλησιν
1281 1002 1683 1072 ωκοφαντῆσαι
1710 1005 1810 1058 οὐκ

238 1085 491 1158 ὤκνησαν
510 1106 524 1120 ·
560 1089 655 1143 καὶ
683 1090 811 1161 περὶ
839 1090 1049 1159 φύσεως
1070 1090 1430 1163 ἐρωτώμενοι,
1456 1095 1584 1166 περὶ
1613 1094 1809 1168 βουλή-

238 1194 377 1240 σεως
425 1179 834 1251 ἀποκρίνονται.
897 1181 960 1233 Ei
1018 1182 1239 1255 δεκτικὴ
1298 1182 1504 1248 πάθους
1557 1187 1592 1255 ή
1626 1185 1808 1255 φύσις,

236 1269 406 1340 ἐχέτω
426 1268 610 1342 χώραν
642 1273 677 1343 ή
707 1270 958 1342 βούλησις
983 1288 997 1303 ·
1032 1275 1081 1326 εί
1109 1273 1188 1335 δὲ,
1224 1273 1324 1328 κᾶν
1356 1276 1611 1347 μυριάκις
1634 1276 1810 1349 δοθείη

235 1361 296 1413 τὸ
341 1360 539 1425 θέλειν,
588 1361 871 1434 ἀμήχανον
926 1364 1297 1436 ἀνατραπῆναι
1350 1365 1566 1436 φύσεως
1615 1368 1807 1439 νόμον

237 1448 351 1513 πῶς
379 1451 439 1503 ού
469 1449 633 1523 μανία
654 1451 715 1505 τὸ
734 1452 931 1522 λέγειν,
961 1454 1198 1510 Ἐπαθεν
1214 1454 1288 1520 ὠς
1306 1455 1601 1528 ἡθέλησεν;
1631 1458 1701 1511 Ἣ
1728 1457 1811 1522 τίς

235 1538 343 1595 τῶν
374 1538 435 1596 εὖ
472 1543 810 1614 φρονούντων
843 1545 944 1601 οὐκ
980 1542 1141 1613 οἶδεν,
1179 1548 1261 1601 ὅτι
1299 1548 1586 1619 σύμφωνον
1633 1549 1716 1603 δεῖ
1742 1552 1810 1622 τῇ

237 1633 398 1705 φύσει
429 1636 525 1708 τὴν
557 1636 810 1709 βούλησιν
837 1634 1009 1708 sive“;
1035 1640 1095 1693 οὐ
1139 1638 1236 1711 τὴν
1269 1639 1368 1712 μὲν
1396 1642 1531 1712 πρὸς
1568 1641 1695 1697 ἄλλο
1724 1641 1813 1714 pt-

237 1742 381 1791 πειν,
413 1727 513 1796 τὴν
543 1726 600 1780 δὲ
632 1727 769 1801 πρὸς
796 1729 983 1801 ἕτερον
1016 1730 1265 1785 σπεύδειν
1284 1747 1299 1762 ·
1330 1730 1467 1785 ἀλλά
1501 1730 1680 1801 μένειν
1714 1732 1811 1802 μὲν

234 1819 333 1891 τὴν
366 1819 528 1890 φύσιν
560 1821 618 1874 ὲν
657 1821 771 1884 τοϊς
797 1820 946 1884 ἰδίοις
970 1821 1136 1891 ὅροις,
1183 1820 1357 1876 θέλειν
1383 1822 1439 1874 δὲ
1463 1823 1563 1894 τήν
1592 1821 1752 1891 φύσιν
1781 1822 1810 1876 ὃ

1915 645 2081 700 ticula
2133 646 2366 702 insecuti
2416 654 2580 713 sunt,
2646 659 2771 698 cum
2836 639 2964 699 olim
3025 642 3095 698 ab
3160 642 3283 697 aliis
3331 640 3481 696 adin-

1913 742 2112 802 venta,
2164 744 2280 790 tum
2341 751 2373 791 a
2425 751 2484 791 se
2551 749 2698 790 nunc
2748 736 3090 805 excogitata,
3167 730 3479 802 cujusmodi

1913 830 1999 879 est
2051 822 2288 879 absurda
2346 824 2450 879 ista
2500 839 2604 879 vox
2635 864 2650 889 ,
2708 822 2850 879 Deus
2894 837 3091 893 passus
3147 829 3230 877 est
3280 830 3337 874 ιιι
3386 834 3480 873 vo-

1913 914 2060 969 luit.
2118 914 2254 970 Cum
2316 915 2463 970 enim
2536 923 2789 970 naturam
2870 913 3183 986 passibilem
3260 911 3480 966 minime

1918 1008 2074 1079 501
2132 1009 2506 1066 demonstrare
2566 1018 2812 1081 possent,
2870 1011 2940 1065 de
2998 1009 3279 1065 voluntate
3338 1006 3476 1061 falsa

1915 1114 2171 1169 spargere
2200 1115 2308 1155 non
2343 1101 2662 1157 dubitarunt
2695 1121 2710 1157 :
2746 1116 2810 1157 ac
2843 1101 2910 1157 de
2937 1108 3136 1155 natura
3157 1095 3477 1169 interrogati

1915 1187 1983 1245 de
2002 1190 2281 1245 voluntate
2307 1190 2659 1262 respondent.
2690 1190 2746 1246 Si
2772 1190 3044 1262 passionis
3073 1204 3243 1260 capax
3271 1193 3355 1242 est
3383 1201 3478 1240 na-

1913 1288 2061 1346 tura,
2092 1282 2271 1337 locum
2295 1282 2491 1338 habeat
2514 1285 2789 1339 voluntas.
2817 1281 2971 1348 Quod
2994 1282 3041 1337 si
3063 1281 3148 1336 vel
3172 1279 3476 1336 sexcenties

1914 1371 2042 1425 talis
2069 1371 2325 1426 voluntas
2357 1369 2527 1427 fuisse
2547 1371 2899 1437 concedatur,
2939 1385 3044 1426 non
3072 1370 3272 1440 poterit
3294 1374 3478 1421 tamen

1915 1471 2126 1516 natura:
2151 1461 2238 1517 lex
2271 1463 2502 1528 inverti;
2532 1462 2627 1533 qui
2655 1477 2766 1517 non
2796 1462 3011 1517 insania
3041 1460 3224 1527 fuerit,
3273 1459 3476 1521 dicere,

1914 1549 2120 1609 Passus
2161 1559 2244 1609 est
2293 1561 2352 1608 ut
2392 1552 2599 1608 voluit?
2640 1552 2750 1607 Aut
2784 1551 2910 1623 quis
2955 1566 3144 1607 eorum
3193 1549 3287 1621 qui
3329 1556 3481 1604 recte

1917 1647 2182 1711 sentiunt,
2220 1659 2328 1700 non
2374 1644 2653 1716 perspicit,
2685 1652 2934 1715 oportere
2973 1643 3309 1698 voluntatem
3352 1656 3478 1695 cum

1914 1744 2112 1793 natura
2145 1739 2456 1793 consentire
2484 1754 2499 1793 :
2533 1753 2710 1807 neque
2736 1737 2932 1792 debere
2961 1735 3104 1790 hanc
3128 1733 3196 1791 ad
3220 1733 3353 1788 illud
3383 1733 3480 1788 de-

1918 1828 2145 1893 clinare,
2195 1829 2342 1884 illam
2376 1830 2444 1885 ad
2480 1829 2629 1884 aliud
2660 1844 2923 1899 vergere;
2962 1826 3060 1883 sed
3100 1840 3324 1881 manere
3351 1826 3478 1895 qui-

235 1910 433 1981 πρέπει
456 1912 521 1983 τῇ
556 1909 715 1980 φύσει
745 1911 838 1963 καὶ
865 1911 1107 1964 συνέσει·
1135 1911 1210 1975 ὡς
1240 1911 1394 1975 εἴτις
1413 1910 1537 1966 ἀλλο
1562 1912 1660 1982 μὲν
1687 1912 1811 1965 ταύ-

1914 1915 2031 1974 dem
2065 1926 2315 1973 naturam
2352 1919 2405 1973 in
2454 1921 2571 1975 suis
2610 1919 2880 1983 terminis,
2919 1918 3059 1973 velle
3099 1924 3278 1972 autem
3319 1923 3480 1970 natu-

233 2015 331 2072 την
366 2001 510 2072 ἔχειν
541 2000 708 2070 λέγοι,
743 2002 870 2056 ἄλλο
901 2001 957 2055 δὲ
1004 2002 1176 2057 θέλειν
1220 2002 1455 2074 ἐκείνην,
1504 2004 1683 2075 μάχην
1712 2005 1812 2057 ἐπ-

233 2091 408 2162 ήγαγε
448 2092 543 2145 καὶ
591 2092 852 2163 πόλεμον·
882 2092 978 2163 τῆς
1013 2092 1111 2163 μὲν
1145 2093 1494 2169 ἐγχειρούσης
1535 2097 1615 2158 εἰς
1655 2094 1691 2149 ἃ
1737 2095 1813 2167 μὴ

231 2182 331 2247 δεῖ,
361 2183 463 2253 τῆς
506 2183 677 2255 δὲμὴ
717 2185 1011 2256 δεχομένης
1054 2185 1153 2239 ὅσα
1197 2186 1270 2258 μὴ
1309 2186 1539 2255 πέφυκε.
1590 2184 1662 2240 Τὸ
1702 2187 1813 2261 γάρ

234 2273 466 2347 πάσχειν
500 2277 763 2347 πεφυκὸς,
794 2277 885 2331 καὶ
911 2276 1062 2331 θέλον
1088 2278 1180 2331 καὶ
1211 2278 1286 2351 μὴ
1304 2278 1455 2331 θέλον
1479 2276 1557 2349 τῷ
1587 2279 1814 2350 πάσχειν

234 2366 548 2421 ὑπόκειταιο
575 2370 637 2421 τὸ
668 2368 723 2422 δὲ
741 2368 836 2422 τοῦ
873 2369 1098 2440 πάσχειν
1128 2371 1283 2434 ἐκτὸς
1311 2370 1452 2424 κατά
1484 2370 1645 2439 φύσιν
1665 2411 1679 2434 ,
1712 2372 1817 2427 κάν

231 2474 317 2522 τις
345 2460 676 2533 συγχωρήσῃ
708 2460 769 2514 τὸ
807 2460 1001 2526 θέλειν,
1027 2462 1164 2534 ὅπερ
1193 2461 1291 2532 οὐχ
1319 2455 1428 2517 οἷόν
1464 2480 1544 2527 τε,
1582 2463 1665 2527 τίς
1691 2480 1812 2516 ποι-

232 2547 354 2618 ήσει
392 2546 645 2613 δέξασθαι
675 2550 775 2621 τὴν
800 2550 1008 2613 οὐσίαν,
1037 2549 1174 2621 ὅπερ
1201 2551 1263 2602 ού
1303 2550 1543 2621 πέφυκες
1578 2552 1694 2605 Πᾶν
1721 2551 1815 2621 γέ-

232 2655 322 2702 νος
346 2637 500 2702 ζώων
530 2639 787 2709 φυλάττει
817 2641 907 2694 τὸν
944 2640 1045 2711 τῆς
1065 2641 1270 2706 οἰκείας
1288 2641 1485 2709 ,οὐσίας
1503 2643 1664 2713 νόμον
1688 2644 1817 2697 ἀσάο

231 2730 440 2794 λευτον,
466 2731 561 2784 καὶ
584 2730 660 2796 ὡς
684 2732 907 2801 γέγονεν
932 2734 1025 2786 ἀπ’
1055 2732 1255 2805 ἀρχῆς,
1278 2732 1419 2787 οὕτω
1440 2732 1707 2789 διαιτᾶται
1727 2735 1812 2791 διὰ

232 2823 456 2889 παντὸς,
489 2823 583 2877 καὶ
602 2822 838 2894 οὐδαμοῦ
876 2822 938 2876 τὸ
969 2823 1142 2877 θέλειν
1173 2823 1469 2895 ἀνατρέπει
1509 2823 1607 2895 τὴν
1638 2824 1811 2891 τάξιν.

229 2914 354 2967 Κᾶν
393 2915 654 2986 μυριάκις
682 2914 970 2988 ἄνθρωπος
1003 2915 1131 2988 θέλῃ
1170 2914 1425 2983 γενέσθαι
1456 2916 1675 2987 πτηνὸς,
1716 2918 1815 2989 ἀρ-

229 3008 321 3074 γεῖ
352 3005 421 3060 τὰ
460 3007 559 3077 τῆς
599 3008 925 3079 βουλήσεως,
965 3006 1151 3079 ἐπειδὴ
1185 3007 1311 3078 νικᾷ
1339 3006 1407 3061 τά
1438 3008 1537 3079 τῆς
1570 3008 1810 3078 φύσεως·

228 3097 338 3150 κᾶν
371 3097 498 3169 θέλῃ
527 3097 706 3170 ψυχὴν
741 3097 884 3171 ἔχειν
914 3098 1032 3162 ἑνὸς
1053 3097 1161 3152 τῶν
1198 3097 1427 3167 ἀλόγων,
1469 3098 1688 3168 γελᾶται
1728 3099 1817 3153 θέ-

227 3188 363 3253 λειν,
397 3188 459 3242 οὗ
490 3189 789 3261 πληροῦται
818 3190 879 3244 τὸ
916 3190 1097 3261 ἔργον.
1133 3185 1290 3255 Εἶτα,
1320 3190 1473 3243 πᾶσα
1516 3190 1614 3262 μὲν
1656 3191 1815 3261 φύσις

195 3345 203 3353 .
228 3282 345 3352 ἔχει
370 3283 430 3335 τὸ
469 3283 858 3355 ἀτυράννητον,
884 3281 978 3337 καὶ
1013 3281 1278 3354 κρείττων
1305 3283 1423 3337 ἐστι
1458 3283 1639 3353 πάσης
1661 3284 1818 3337 ἐναν-

227 3372 353 3435 τίας
395 3371 730 3444 βουλήσεως’
779 3373 914 3444 μόνη
954 3372 1011 3426 δὲ
1049 3373 1083 3442 ή
1124 3371 1394 3445 ἄτρεπτος
1416 3373 1513 3426 τοῦ
1559 3372 1691 3426 Θεοῦ
1720 3374 1817 3427 καὶ

228 3462 501 3527 ἀθάνατος
526 3463 686 3517 οὐσία
712 3462 927 3534 δέχεται
954 3462 1206 3533 βούλησιν
1232 3464 1498 3528 ἐναντίαν,
1530 3465 1624 3518 καὶ
1653 3465 1820 3535 ἡττᾶ-

226 3573 322 3609 ται
358 3557 426 3626 τῇ
454 3555 554 3626 τῆς
598 3554 868 3625 θελήσεως
908 3555 1158 3628 ἀνάγκης
1198 3555 1263 3607 ’Ὠ
1303 3552 1396 3608 τοῦ
1439 3554 1743 3627 θαύματοςί
1780 3558 1815 3627 ἡ

227 3643 414 3697 πᾶσαν
442 3642 634 3697 οὐσίαν
663 3644 722 3696 ὲν
748 3647 860 3707 τοῖς
881 3645 1100 3708 οίκείοις
1120 3644 1267 3716 ὅροις
1295 3644 1652 3713 φυλάττουσα,
1678 3645 1816 3719 αὐτὴ

225 3733 340 3789 τῶν
368 3736 470 3822 τῆς
521 3734 791 3800 ἀπαθείας
822 3737 963 3808 ὅρων
992 3735 1133 3790 οὕτω
1168 3735 1365 3808 ῥᾳδίως
1396 3735 1691 3801 ἐξίσταται,
1723 3735 1821 3791 καὶ

226 3822 352 3876 οὐδὲ
386 3822 638 3877 τοσοῦτον
661 3825 691 3877 ό
721 3824 913 3887 κτίσας
941 3824 1157 3877 ἅπαντα
1181 3824 1313 3894 ἔχει,
1340 3824 1535 3879 ὁπόσον
1557 3824 1816 3895 κτίσματι

224 3912 467 3978 δέδωκες
524 3912 697 3966 Πόθεν
749 3912 807 3966 δὲ
857 3913 995 3977 ὅλως
1038 3913 1384 3987 ἐγνώρισται,
1434 3916 1515 3969 ὅτι
1560 3914 1813 3985 ἡθέλησες

225 4005 529 4077 Προφήτης
550 4005 651 4058 οὐκ
682 3998 859 4069 εἶπεν,
889 4006 1209 4069 Ἀπόστολος
1245 4007 1344 4060 οὐκ
1372 4006 1634 4079 ἐκήρυξεν
1652 4024 1665 4037 ·
1698 4006 1817 4061 ἀλλ’

225 4100 278 4152 οἱ
311 4098 509 4168 μικρὸν
529 4096 823 4169 ἡγούμενοι
853 4097 914 4156 τὸ
947 4100 1163 4152 πάντων
1197 4100 1492 4172 ύπερορᾷν,
1522 4098 1680 4171 ξένην
1716 4098 1817 4168 φέ-

229 4206 347 4261 ρειν
374 4189 697 4261 νομοθεσίαν
733 4190 884 4261 μόνοι
915 4190 1298 4245 νεανιεύονται.
1344 4190 1481 4244 οὔτε
1508 4190 1569 4244 τὸ
1625 4208 1643 4241 ι
1679 4189 1815 4243 ἔπα-

228 4280 324 4334 θεν
360 4300 380 4332 ι
439 4280 777 4353 ἀνέγνωμεν,
833 4282 956 4336 οὔτε
1013 4302 1032 4335 ι
1067 4283 1143 4346 ὡς
1188 4283 1452 4354 ἠθέλησεν
1493 4301 1512 4335 ι
1560 4280 1811 4353 εὕρομεν.

226 4369 329 4433 Τίς
363 4368 476 4441 γὰρ
504 4368 615 4422 τῶν
644 4370 816 4440 ἁγίων
844 4370 877 4442 ἣ
921 4366 1030 4424 εἶδε
1066 4371 1340 4441 πάσχοντα
1380 4371 1472 4424 τὸν
1498 4370 1681 4443 ἀπαθῆ
1722 4371 1816 4424 καὶ

225 4459 484 4531 ἀόρατον,
516 4459 551 4531 ἢ
575 4461 677 4533 τὴν
717 4462 844 4531 περὶ
883 4460 1072 4514 τοῦτον
1101 4461 1317 4534 θέλησιν
1363 4461 1720 4533 κατενόησεν;
1750 4463 1816 4516 Ὢ

1839 3237 1887 3302 C

1912 2022 2027 2062 ram
2058 2007 2203 2077 quod
2233 2008 2406 2076 ipsam
2435 2016 2685 2061 naturam
2714 2015 2770 2061 et
2792 2006 3207 2077 intelligentiam
3240 2003 3431 2059 deceat
3460 2021 3476 2059 :

1913 2096 1988 2151 ita
2031 2108 2087 2151 ut
2135 2095 2182 2153 si
2229 2098 2353 2167 quis
2399 2097 2604 2153 dixerit
2637 2112 2757 2151 eam
2805 2096 2952 2151 aliud
2992 2096 3212 2166 quidem
3254 2094 3480 2158 habere,

1912 2186 2058 2242 aliud
2083 2188 2238 2252 velle,
2269 2187 2317 2243 is
2348 2204 2583 2259 pugnam
2614 2188 2836 2244 inducat
2859 2195 2914 2243 et
2941 2188 3177 2253 bellum;
3206 2200 3331 2240 cum
3364 2186 3481 2241 haec

1912 2280 2001 2334 illa
2042 2278 2387 2350 aggrediatur
2412 2295 2535 2350 quae
2568 2280 2793 2335 minime
2831 2289 3078 2350 oportet;
3131 2277 3223 2330 illa
3256 2275 3482 2333 minime

1912 2370 2142 2442 recipiat
2170 2385 2290 2441 quae
2316 2369 2420 2426 sibi
2442 2385 2554 2425 non
2584 2368 2939 2426 conveniunt.
2981 2367 3036 2422 Id
3066 2366 3211 2421 enim
3248 2366 3303 2420 in
3332 2364 3481 2436 quod

1912 2462 2097 2533 passio
2146 2461 2314 2528 cadit,
2354 2460 2485 2516 velit
2525 2461 2685 2527 nolit,
2737 2459 2982 2532 passioni
3032 2457 3328 2513 obnoxium
3371 2464 3478 2512 est.

1913 2553 2071 2622 Quod
2097 2560 2280 2608 autem
2303 2568 2369 2608 ex
2393 2566 2491 2609 sua
2512 2560 2711 2607 natura
2732 2551 3043 2622 passionem
3067 2563 3180 2604 non
3204 2547 3479 2616 admittit;

1911 2646 2077 2702 etiam
2108 2644 2154 2702 si
2185 2645 2311 2716 quis
2342 2645 2676 2701 concesserit
2701 2644 2839 2700 velle
2883 2642 3018 2698 illud
3053 2643 3186 2714 pati,
3215 2640 3359 2712 quod
3396 2647 3482 2693 ta-

1912 2753 2038 2794 men
2070 2736 2187 2794 ﬁeri
2229 2737 2444 2808 nequit,
2475 2737 2600 2808 quis
2628 2735 2861 2792 deducet
2897 2734 2965 2790 ad
3012 2734 3147 2789 illud
3189 2733 3483 2787 admitten-

1912 2828 2043 2885 dum
2102 2829 2249 2900 quod
2297 2828 2605 2884 substantia
2642 2827 2765 2897 ejus
2810 2827 3032 2881 minime
3079 2823 3265 2895 capit?
3307 2821 3483 2878 Omne

1912 2921 2270 2976 animantium
2311 2936 2485 2992 genus
2530 2918 2741 2975 ﬁrmam
2781 2926 2994 2973 natura:
3028 2932 3141 2973 suae
3175 2923 3357 2972 servat
3404 2914 3485 2969 le-

1911 3026 2054 3083 gem,
2094 3020 2257 3081 atque
2297 3019 2357 3065 ut
2396 3010 2465 3065 ab
2510 3009 2668 3065 initio
2716 3009 2919 3063 factum
2975 3014 3080 3071 est,
3132 3006 3206 3059 ita
3239 3011 3483 3061 remanet

1914 3116 2147 3172 semper,
2180 3116 2283 3157 nec
2312 3115 2549 3171 unquam
2603 3100 2857 3155 voluntas
2900 3099 3143 3155 ordinem
3189 3095 3480 3152 subvertit.

1916 3194 2177 3261 Quamvis
2210 3193 2516 3249 sexcenties
2554 3192 2720 3246 homo
2778 3190 2894 3245 avis
2934 3204 3058 3245 esse
3097 3188 3289 3251 vellet,
3325 3183 3483 3240 irrita

1915 3286 2169 3343 voluntas
2198 3293 2303 3353 est,
2337 3285 2465 3355 quia
2499 3282 2671 3339 vincit
2717 3288 2931 3337 natura.
2966 3279 3190 3335 Etiamsi
3219 3279 3352 3350 yelit
3383 3277 3487 3331 alio

1915 3377 2077 3448 cujus
2120 3376 2269 3430 bruti
2314 3375 2551 3429 animam
2610 3372 2833 3437 habere,
2880 3370 3164 3426 deridetur
3204 3368 3482 3431 voluntas,

1915 3484 2092 3539 neque
2113 3483 2201 3523 res
2230 3467 2321 3521 illa
2355 3465 2677 3537 completur.
2706 3464 2979 3519 Practerea
3003 3461 3263 3533 qualibet
3285 3467 3483 3515 natura

1914 3572 2000 3617 εει
2032 3572 2064 3613 a
2092 3557 2378 3631 tyrannide
2408 3558 2596 3624 libera,
2620 3564 2813 3626 estque
2845 3554 2995 3609 omni
3027 3553 3256 3608 adversa
3288 3552 3485 3606 volun-

1917 3658 2027 3707 tate
2054 3650 2326 3721 superior.
2354 3648 2494 3704 Num
2521 3648 2638 3705 sola
2665 3646 3020 3702 immutabilis
3047 3643 3483 3714 immortalisque

1914 3743 2011 3800 Dei
2053 3743 2361 3801 substantia
2392 3742 2729 3796 voluntatem
2764 3737 3001 3792 admittit
3036 3736 3393 3798 contrariam,
3428 3743 3485 3788 et

1913 3835 2156 3890 vincitur
2192 3849 2223 3889 a
2268 3832 2568 3888 voluntatis
2600 3828 2971 3885 necessitate?
3010 3824 3055 3882 Ο
3100 3842 3212 3881 rem
3245 3824 3479 3880 miram!

1913 3937 2035 3993 qua
2087 3921 2386 3993 quamlibet
2437 3920 2801 3976 substantiam
2856 3918 2911 3973 in
2965 3917 3199 3988 propriis
3238 3916 3486 3970 continet

1915 4012 2206 4077 limitibus,
2254 4026 2319 4066 ea
2367 4009 2827 4081 impassibilitatis
2867 4008 3118 4062 terminis
3165 4014 3273 4060 tam
3323 4005 3484 4061 facile

1915 4102 2245 4179 dimovetur,
2287 4115 2390 4156 nec
2426 4107 2641 4154 tantum
2679 4100 2844 4154 habet
2889 4098 2983 4169 qui
3019 4097 3227 4152 creavit
3273 4095 3482 4159 omnia,

1911 4204 2174 4265 quantum
2215 4201 2479 4248 creatura:
2510 4190 2679 4247 dedit.
2718 4189 2826 4245 Sed
2877 4189 3021 4244 unde
3069 4187 3288 4242 tandem
3330 4200 3485 4242 com-

1913 4293 2126 4359 pertum
2163 4285 2264 4341 fuit
2293 4300 2417 4340 cum
2467 4284 2521 4339 id
2559 4283 2818 4339 voluisse.
2867 4279 3137 4351 Pr0phcta
3180 4295 3289 4334 non
3327 4278 3487 4345 dixit,

1913 4377 2209 4449 Apostolus
2237 4393 2348 4433 non
2390 4375 2739 4447 praedicavit;
2789 4374 2883 4430 sed
2916 4375 3009 4445 qui
3041 4388 3141 4444 pro
3183 4372 3354 4428 nihilo
3381 4370 3484 4424 ha-

1914 4470 2045 4524 bent
2090 4471 2276 4525 omnia
2305 4477 2676 4531 contemnere,
2732 4468 2769 4522 ii
2815 4468 2917 4523 soli
2958 4467 3284 4524 insolentem
3334 4463 3482 4517 illam

221 4551 437 4623 τόλμης
473 4551 584 4605 τῶν
626 4550 930 4624 ἀνθρώπων
962 4552 1103 4624 ὑπὲρ
1128 4552 1225 4617 τὰς
1256 4553 1520 4625 ἁοράτους
1558 4552 1812 4625 δυνάμεις

1919 4560 2062 4617 ferre
2123 4562 2297 4633 legem
2353 4572 2556 4618 temere
2609 4559 3023 4631 aggrediuntur.
3082 4555 3271 4627 Neque
3325 4553 3484 4615 illud,

224 4643 494 4716 πηδώσης
513 4645 526 4697 !
545 4645 643 4708 Τίς
665 4643 907 4716 παρῆλθε
928 4645 1021 4699 τὸν
1038 4645 1265 4718 οὐρανόν
1281 4663 1296 4713 ;
1315 4647 1411 4709 Τίς
1428 4646 1670 4719 ὑπερέϐη
1686 4648 1812 4711 τοὺς

1923 4671 1941 4703 ι
1980 4668 2180 4723 passus
2215 4660 2321 4716 est,
2361 4672 2379 4704 ι
2431 4652 2683 4723 legimus,
2733 4665 2908 4721 neque
2953 4649 3029 4714 id,
3067 4667 3087 4699 ι
3125 4656 3186 4702 ιιι
3228 4646 3420 4709 voluit,
3461 4663 3482 4696 ι

223 4736 475 4809 θρόνους,
502 4735 603 4800 τάς
630 4736 825 4808 ἀρχάς,
856 4738 955 4801 τὰς
987 4737 1254 4804 ἐξουσίας,
1280 4739 1380 4801 τὰς
1413 4738 1691 4807 δυνάμεις,
1713 4738 1813 4803 τὰς

223 4829 598 4901 γυριότητας;
631 4828 731 4892 Τίς
763 4829 1041 4900 ὑπερέπτη
1077 4829 1146 4883 τά
1172 4830 1413 4901 σεραφίμ
1437 4846 1451 4893 ;
1479 4829 1574 4894 Τίς
1608 4826 1712 4884 εἶδε
1744 4830 1810 4885 τά

222 4920 461 4984 ἐκείνοις
503 4919 748 4986 ἀθέατας
775 4922 871 4985 Τίς
897 4920 1189 4993 κατενόησε
1239 4921 1399 4992 φύσιν
1429 4920 1563 4975 Θεοῦ
1606 4923 1699 4975 και
1725 4923 1811 4977 θέ-

220 5012 427 5068 λουσαν
455 5012 624 5077 οὕτω,
659 5013 754 5066 καλ⁸
775 5012 1090 5084 πάσχουσαν
1119 5013 1155 5067 ἃ
1184 5013 1334 5086 παρὰ
1358 5014 1464 5068 τῶν
1492 5014 1722 5088 Γραφῶν
1746 5016 1809 5069 ού

218 5103 556 5177 δεδήλωταις
639 5102 776 5157 Οὔτε
827 5104 890 5158 τὸ
931 5103 1182 5159 «ἔπαθεν
1219 5124 1237 5156 ι
1287 5104 1521 5176 εἴρηται,
1567 5106 1691 5161 οὔτε
1747 5108 1810 5161 τὺ

227 5196 356 5261 rd»;
384 5195 624 5266 ἠθέλησε
667 5214 685 5247 ι
726 5195 1054 5268 γέγραπται.
1114 5216 1133 5249 ι
1178 5198 1462 5266 Ἐποίησεν
1488 5199 1588 5252 ὃσα
1614 5198 1810 5270 ἠθέλη-

222 5304 340 5355 σεν,
372 5307 391 5340 ι
421 5286 771 5358 ἀκηκόαμεν·
802 5290 885 5341 ὅτι
912 5287 969 5340 δὲ
1000 5287 1201 5341 ἔπαθεν
1232 5287 1307 5350 ὡς
1333 5286 1613 5358 ἠθέλησεν,
1650 5289 1809 5343 οὐδα-

224 5380 334 5452 μοῦ
371 5379 798 5452 μεμαθήκαμεν.
833 5380 900 5433 Τί
945 5375 1039 5434 οὖν
1080 5381 1159 5444 είς
1199 5378 1487 5450 βεϐαίωσιν
1521 5378 1584 5432 τὸ
1619 5378 1811 5451 ἄδηλον

218 5472 488 5543 φέρουσι;
526 5470 699 5523 Τοῦτο
721 5471 1002 5543 προσθήκη
1032 5469 1132 5539 τῆς
1153 5470 1430 5534 ἀπονοίας,
1463 5470 1564 5523 ούκ
1594 5470 1813 5526 ἀπόδει-

164 5574 176 5585 '
218 5561 311 5627 εις
334 5564 620 5635 ἀληθείας.
665 5564 803 5617 Ἀλλ’
847 5560 1046 5617 ἔπαθεν
1075 5565 1103 5616 ὁ
1132 5564 1362 5634 Χριστὸς
1396 5563 1539 5617 κατὰ
1580 5562 1677 5635 τὴν
1704 5564 1813 5619 τῶν

219 5653 441 5725 θνητῶν
470 5653 674 5724 σάρκα,
706 5654 766 5708 ού
797 5653 936 5708 κατὰ
965 5654 1057 5707 τὸν
1087 5653 1350 5708 ἀθάνατον
1372 5653 1566 5721 Λόγον.

1917 4744 2248 4800 invenimus.
2296 4743 2431 4810 Quis
2476 4744 2623 4797 enim
2678 4750 3017 4805 sanctorum,
3060 4748 3154 4793 aut
3201 4753 3324 4793 eum
3374 4737 3486 4806 pati

1915 4834 2052 4889 vidit
2079 4833 2172 4904 qui
2224 4832 2582 4903 impassibilis
2609 4838 2664 4886 et
2705 4830 3000 4885 invisibilis
3034 4835 3181 4884 esset
3211 4836 3303 4881 aut
3335 4827 3487 4896 ejus-

1916 4922 2065 4978 modi
2102 4921 2440 4976 voluntatem
2475 4919 2768 4990 cogitavit?
2795 4917 2840 4973 0
2859 4917 3143 4972 audaciam
3166 4914 3483 4971 hominum!

1916 5027 2082 5084 supra
2108 5010 2415 5066 invisibiles
2444 5016 2744 5080 potestates
2765 5008 3013 5064 exsilire!
3046 5005 3182 5072 Quis
3206 5013 3489 5060 transcen-

1914 5105 1995 5160 dit
2031 5104 2271 5160 emlum?
2298 5102 2434 5170 Quis
2475 5110 2853 5173 transgressus
2881 5107 2967 5156 est
2993 5099 3243 5163 thronos,
3275 5096 3486 5168 princi-

1913 5201 2097 5267 patus,
2126 5201 2442 5265 potestates,
2472 5192 2726 5257 virtutes,
2756 5190 3194 5246 dominationes?
3218 5188 3353 5254 Quis
3387 5203 3485 5244 su-

1913 5300 2015 5356 pra
2047 5284 2321 5354 seraphim
2354 5284 2596 5340 volavit?
2624 5282 2760 5349 Quis
2789 5298 2854 5339 ea
2880 5282 3013 5337 vidit
3040 5296 3162 5352 quae
3190 5281 3326 5352 ipsis
3355 5286 3486 5336 sunt

1914 5376 2252 5433 invisibilia?
2284 5376 2420 5443 Quis
2456 5386 2710 5431 naturam
2758 5375 2855 5431 Dei
2895 5374 3158 5430 intellexit
3205 5374 3280 5428 ita
3320 5373 3482 5436 velle,

1915 5479 1971 5527 et
2002 5470 2118 5542 pati
2156 5484 2222 5527 ea
2270 5485 2392 5541 quae
2428 5484 2459 5522 a
2507 5467 2810 5538 Scripturis
2842 5482 2955 5523 non
3005 5474 3137 5523 sunt
3176 5465 3490 5522 declarata?

1916 5562 2106 5634 Neque
2160 5560 2317 5628 illud,
2374 5578 2394 5613 ι
2438 5575 2638 5631 passus
2681 5567 2802 5627 est,
2839 5578 2860 5612 ι
2910 5559 3146 5627 dicitur;
3193 5572 3370 5628 neque
3409 5556 3487 5619 id,

1925 5671 1944 5705 ι
1974 5660 2036 5708 ιιι
2072 5652 2269 5718 voluit,
2307 5670 2327 5705 ι
2381 5650 2648 5721 scriptum
2683 5658 2790 5706 est.
2835 5649 3162 5705 Audivimus
3194 5667 3211 5705 :
3271 5667 3290 5702 ι
3327 5646 3491 5714 Qua:-

216 5761 445 5818 ennque
472 5747 674 5813 voluit,
711 5745 932 5816 fecit",
971 5767 989 5799 ι
1033 5747 1176 5817 quod
1212 5755 1392 5803 autem
1428 5762 1626 5817 passus
1670 5747 1762 5814 sit,
1805 5755 1866 5802 ut
1901 5745 2074 5803 voluit
2147 5760 2418 5818 nusquam
2453 5743 2765 5799 didicimus.
2809 5743 2923 5800 Cur
2970 5742 3152 5813 itaque
3189 5735 3255 5797 ad
3289 5736 3489 5795 conlir-
3518 5764 3531 5769 -

299 5861 343 5893 θ’
384 5859 533 5916 Psal.
570 5875 789 5926 cxxxtv,
826 5860 877 5914 6.
