3930 6550
461 490 601 544 1365

1555 486 1613 541 S.
1657 487 2116 546 ATHANASIUS.
2160 521 2228 530 —
2269 489 2540 548 SPURIA.

3579 476 3729 534 1361

459 609 751 663 mulionem
797 605 940 674 quod
985 605 1259 660 occullum
1292 613 1376 660 est
1419 604 1694 660 all‘erunt?
1739 606 2031 663 Dementiae
2079 609 2327 665 accessio
2383 609 2496 664 haec
2545 611 2666 673 est;
2704 621 2814 660 non
2848 605 3095 659 veritatis
3129 602 3550 658 demonstratio.
3610 599 3732 654 Sed

456 719 652 774 passus
684 713 764 756 est
802 701 1056 757 Christus
1096 701 1399 757 secundum
1426 703 1708 758 mortalem
1743 717 1989 770 carnem,
2032 719 2143 759 non
2173 704 2472 760 secundum
2506 702 2816 758 immortale
2854 698 3116 755 Verbum.

1194 818 1284 874 IX.

451 917 718 989 Adversus
759 929 844 966 eos
868 914 956 982 qui
994 913 1197 967 dicunt.
1240 916 1317 968 ita
1353 916 1682 989 (recipiendas
1716 934 1828 972 esse
1857 918 2027 989 (Scri-

517 988 728 1056 piurie)
773 1000 940 1046 voces,
982 994 1038 1035 ut
1095 1002 1198 1056 non
1233 985 1594 1040 consideretur
1634 985 1876 1056 quamam
1915 989 2028 1044 illa:

523 1054 834 1123 significent,
866 1071 983 1107 cum
1022 1055 1256 1108 omnium
1281 1065 1492 1124 captum
1523 1054 1799 1112 excedant.

522 1164 620 1219 Vix
653 1166 854 1236 reperti
894 1174 1022 1220 sunt
1053 1167 1145 1236 qui
1181 1168 1364 1222 omnia
1399 1185 1520 1238 qua!
1551 1167 1618 1222 ad
1660 1170 1909 1226 homines
1939 1179 2024 1224 at-

446 1257 626 1310 tinent
659 1265 906 1312 evertere
947 1257 1363 1323 contenderent,
1396 1275 1461 1314 ac
1490 1268 1803 1331 satagerent
1833 1270 1894 1316 ut
1925 1263 2027 1316 ho-

444 1349 622 1403 mines
665 1365 772 1403 non
803 1351 948 1404 ultra
991 1350 1291 1406 rationales
1332 1361 1538 1413 essent.
1581 1369 1758 1423 neque
1796 1368 1860 1407 ea
1905 1369 2027 1424 quae

444 1442 768 1496 naturaliter
813 1443 955 1496 bona
997 1450 1126 1497 sunt
1163 1450 1421 1498 accurate
1451 1442 1793 1511 edisCereiit;
1825 1446 2026 1516 quique

441 1536 689 1590 dicerent
732 1535 989 1591 omnibus
1033 1535 1268 1606 perutile
1311 1551 1454 1600 esse,
1501 1544 1559 1590 ut
1601 1537 1928 1607 simpliciter
1971 1545 2026 1592 et

443 1628 651 1697 absque
679 1628 882 1698 praevio
913 1628 1191 1692 examine,
1235 1642 1519 1682 sacrorum
1553 1629 1818 1684 librorum
1862 1645 2024 1685 voces

441 1720 792 1790 acciperent;
826 1719 976 1774 nulla
1005 1719 1192 1774 habita
1237 1719 1678 1775 consideratione
1723 1721 1807 1776 vel
1838 1737 2026 1777 corre-

439 1817 642 1877 ctione,
674 1828 774 1867 nec
793 1811 950 1881 juxta
969 1812 1117 1881 pium
1147 1826 1371 1882 scepum
1400 1827 1509 1882 quo
1531 1812 1693 1867 dictae
1720 1822 1865 1870 sunt.
1889 1813 2023 1868 Nam

440 1905 510 1964 si.
561 1911 620 1957 ut
647 1902 842 1973 jubent
884 1904 984 1966 illi,
1025 1919 1215 1959 eorum
1263 1903 1695 1973 signiﬁcationes
1742 1906 1870 1976 quis
1913 1921 2022 1960 non

438 1996 731 2066 expendat,
778 1997 1209 2067 simpliciterque
1251 1997 1412 2068 502
1460 2005 1516 2051 et
1565 2000 1776 2069 absque
1821 1998 2023 2068 praevio

438 2087 689 2142 examine
721 2103 842 2158 qua:
874 2087 1134 2142 dicuntur
1183 2089 1506 2142 auscultet:
1565 2097 1735 2145 restat
1785 2097 1844 2144 ut
1897 2105 2023 2161 pro-

438 2180 614 2250 pheta:
633 2189 688 2236 et
716 2180 947 2251 apostoli
970 2179 1200 2235 auribus
1231 2180 1436 2237 nostris
1461 2180 1665 2236 frustra
1699 2190 2020 2252 personent,

437 2287 503 2326 ac
530 2271 711 2342 quivis
737 2287 919 2327 sermo
948 2271 1161 2328 inutilis
1189 2281 1244 2327 et
1271 2271 1517 2328 ineﬂicax
1550 2283 1887 2343 permaneat,
1917 2289 2020 2328 au-

435 2362 753 2433 ditoresque
814 2363 872 2418 in
927 2363 1180 2418 cordium
1233 2379 1462 2420 suorum
1522 2366 1824 2436 penetralia
1881 2365 2020 2421 nihil

435 2455 648 2511 fructus
677 2455 1076 2511 transmittant.
1114 2453 1206 2511 Sic
1235 2457 1383 2511 enim
1431 2456 1760 2527 principium
1792 2456 2020 2513 auribus

435 2546 655 2617 quidem
695 2548 908 2613 audire,
953 2549 1119 2605 corde
1167 2559 1351 2605 autem
1401 2564 1510 2605 non
1542 2549 1870 2620 intelligere,
1919 2565 2021 2606 nec

433 2641 704 2696 dictorum
745 2643 1196 2713 consequentiam
1245 2642 1603 2713 perpendere,
1656 2642 1817 2712 juxta
1868 2641 2018 2696 illam

432 2735 956 2791 comminationem:
1000 2753 1019 2788 ι
1056 2735 1261 2792 Auditu
1297 2735 1557 2800 audiatis,
1591 2744 1644 2791 et
1674 2751 1785 2790 non
1817 2735 2018 2790 intelli-

433 2829 576 2900 gatis
603 2829 670 2882 το.
715 2849 733 2881 ›
789 2827 1157 2898 Quamobrem
1208 2828 1274 2884 ad
1315 2829 1448 2884 illud
1488 2845 1501 2882 :
1544 2848 1564 2880 ι
1602 2827 1839 2885 Verbum
1890 2843 2018 2885 caro

432 2921 638 2975 factum
688 2921 866 2985 est“,
919 2939 938 2972 ι
991 2919 1324 2975 audiendum
1377 2920 1734 2990 compellunt,
1781 2935 1883 2975 nec
1932 2919 2018 2990 pie

430 3011 738 3082 intelligere
788 3013 1136 3080 permittunt,
1181 3010 1342 3080 quasi
1399 3009 1493 3080 qui
1544 3017 1867 3080 potestatem
1921 3009 2019 3063 ha-

430 3101 598 3158 beant
625 3101 896 3172 cujusque
919 3111 1152 3157 mentem
1181 3101 1448 3156 arbitratu
1475 3117 1576 3157 suo
1597 3101 1870 3166 trahendi,
1906 3117 2016 3155 non

431 3195 500 3250 ad
547 3195 602 3251 id
637 3193 783 3266 quod
813 3195 1073 3250 decorum
1111 3201 1164 3248 et
1199 3193 1333 3249 utile
1363 3201 1467 3250 est.
1513 3192 1597 3248 An
1641 3192 1882 3248 Verbum
1917 3209 2016 3248 au-

431 3287 602 3351 diam,
657 3304 758 3343 nec
818 3295 1210 3358 congruentem
1263 3302 1484 3342 sensum
1540 3286 1862 3356 requiram?
1912 3285 2016 3343 Ubi

430 3378 601 3447 igitur
631 3385 726 3431 aut
754 3378 1025 3434 sermonis
1047 3379 1461 3449 consequentia,
1495 3386 1592 3433 aut
1620 3379 1889 3435 auditoris
1915 3379 2017 3434 uti-

432 3472 593 3526 litas?
635 3469 914 3528 Fortassis
958 3479 1013 3526 et
1055 3470 1124 3526 ad
1173 3472 1458 3527 brutorum
1509 3488 1716 3528 morem
1763 3473 2016 3529 homines

337 3556 346 3568 ⁶
432 3563 633 3619 mutari
664 3564 1010 3636 praecipiunt,
1047 3564 1319 3636 siquidem
1367 3565 1657 3620 verborum
1706 3580 1873 3621 sonos
1915 3580 2016 3619 au-

433 3657 587 3726 ribus
616 3655 836 3728 quidem
867 3657 1182 3728 percepturi
1226 3665 1378 3721 sunt,
1420 3674 1485 3713 ex
1516 3673 1682 3713 sensu
1713 3673 1846 3714 vero
1877 3657 2013 3713 nihil

433 3747 650 3804 fruetus
693 3748 879 3803 animo
917 3749 1236 3806 admissuri.
1284 3748 1402 3805 Non
1447 3749 1564 3805 hzec
1592 3749 1796 3805 Paulus
1823 3749 2014 3819 jussit,

433 3840 749 3910 hujusmodi
807 3841 1023 3897 scilicet
1065 3857 1251 3898 rerum
1300 3842 1516 3906 doctor,
1565 3858 1745 3912 neque
1789 3843 1908 3898 vult
1959 3849 2017 3896 ut

435 3935 714 4007 quidpiam
747 3937 1073 3992 admittatur
1119 3938 1238 3993 sine
1270 3939 1485 3993 ratione
1531 3946 1586 3993 et
1625 3938 1875 4007 judicio:
1919 3937 2015 3993 sed

436 4030 751 4100 quomodo?
801 4050 819 4081 ι
870 4030 1249 4088 Pcrfectorum
1299 4041 1382 4086 est
1429 4032 1639 4088 solidus
1687 4033 1868 4096 cibus,
1921 4033 2015 4102 qui

436 4133 657 4193 propter
709 4124 956 4180 habitum
997 4139 1194 4179 sensus
1239 4124 1443 4179 habent
1483 4125 1550 4180 ad
1601 4125 1730 4179 boni
1778 4125 2018 4196 malique

435 4215 823 4270 discretionem
855 4217 1187 4271 exercitatos
1211 4218 1279 4270 ⁷³.
1316 4236 1332 4264 ι
1373 4215 1773 4271 Perfectionem
1799 4217 2015 4280 suadet,

435 4309 879 4363 exercitationem
913 4307 1121 4373 laudat,
1145 4309 1460 4379 pervigilem
1483 4309 1613 4364 boni
1637 4310 1875 4380 malique
1902 4309 2018 4365 dis-

434 4387 732 4456 cretionem
777 4399 992 4455 suadet.
1025 4399 1144 4466 Qua
1189 4415 1320 4470 ergo
1375 4401 1590 4455 ratione
1643 4402 1769 4471 quis
1815 4402 2017 4472 poterit

434 4503 583 4547 recte
631 4491 968 4555 discernere,
1023 4493 1069 4548 si
1117 4493 1390 4548 dictorum
1437 4493 1854 4565 intelligentiam
1906 4510 2016 4550 non

435 4585 751 4656 acceperit?
789 4585 945 4641 Sicut
969 4586 1114 4641 enim
1144 4586 1238 4655 qui
1268 4587 1462 4641 morbo
1492 4588 1743 4657 corporis
1777 4587 2013 4647 laborat.

433 4692 754 4746 germanum
786 4676 1038 4731 ciborum
1077 4688 1297 4748 gustum
1345 4692 1453 4732 non
1497 4678 1798 4749 experitur,
1840 4695 2018 4749 neque

433 4781 692 4825 accurate
719 4772 949 4842 percipit
975 4773 1248 4849 cujusque
1276 4774 1597 4844 qualitatem
1624 4793 1639 4842 ;
1673 4775 1745 4829 ita
1773 4785 1828 4830 et
1853 4775 2016 4831 homo

2873 820 2964 873 I'X.

2127 912 2283 988 Πρὸς
2326 911 2810 988 τοὺςμλέγοντας,
2844 909 2934 988 du
2965 909 3105 988 χρὴ.
3122 907 3401 988 δέχεσραι
3445 904 3555 970 τὰς
3603 921 3724 988 φεί-

2197 984 2340 1048 νὰς,
2383 983 2482 1036 καὶ
2521 978 2608 1064 μὴ
2649 980 2904 1036 σκοπεῖν
2951 982 3022 1064 τίς
3052 978 3142 1064 ⁹δι’
3175 978 3376 1031 αὐτῶν
3420 978 3724 1043 σημαινό-

2190 1069 2366 1122 μενα,
2401 1055 2480 1118 ὡς
2507 1050 2778 1118 ἅπαντας
2813 1050 3269 1118 ὑπερϐαίνοντα.

2197 1168 2364 1232 Μόλις
2395 1167 2697 1240 εὑρέθησαν
2722 1169 2771 1220 οἱ
2805 1167 2979 1221 πάντα
3003 1165 3328 1236 ἀνατρέπειν
3375 1163 3722 1232 ἀγωνιζόμεο

2126 1279 2205 1315 νοι
2236 1260 2301 1315 τὰ
2328 1260 2438 1314 τῶν
2478 1259 2782 1332 ἀνθρώπων
2802 1299 2815 1323 ,
2851 1259 2944 1312 καλ¹
2978 1257 3366 1321 σπουδάζοντες
3403 1256 3547 1325 μήτε
3592 1255 3720 1315 τοὺς

2125 1360 2445 1432 ἀνθρώπους
2477 1360 2556 1414 ἔτι
2605 1359 2853 1428 λογικοὺς
2884 1357 3195 1428 τυγχάνειν,
3229 1356 3368 1426 μήτε
3399 1355 3471 1407 τά
3508 1356 3578 1423 τῇ
3617 1353 3718 1421 φύε

2127 1470 2208 1506 σει
2240 1453 2377 1507 καλά
2411 1454 2529 1523 μετ’
2575 1451 2858 1523 ἀκριϐείας
2904 1449 3366 1521 καταμανθάνειν,
3430 1448 3626 1507 ἁπλῶς
3664 1447 3720 1498 δὲ

2127 1548 2259 1600 πᾶσι
2291 1546 2386 1600 καὶ
2413 1547 2792 1618 ἀδοκιμάστως
2820 1544 3214 1616 συμφέρεσθαι,
3244 1545 3307 1597 ὲκ
3341 1541 3436 1595 τοῦ
3464 1539 3718 1610 δέχεσθαι

2124 1638 2222 1703 τάς
2247 1639 2354 1692 τῶν
2379 1639 2539 1710 ἱερῶν
2561 1638 2757 1708 βίὸλων
2782 1636 2964 1708 φωνάς
2989 1635 3401 1697 ἀνεπισκέπτως
3425 1634 3525 1686 καὶ
3545 1633 3718 1701 ἀδιορ-

2129 1730 2338 1794 θώτως,
2392 1732 2487 1786 καὶ
2541 1731 2618 1802 μὴ
2664 1729 2808 1785 κατά
2851 1729 2942 1784 τὸν
2989 1728 3188 1797 εὐσεϐῆ
3235 1726 3460 1787 σκοπὸν,
3503 1725 3625 1777 καθ’
3662 1725 3718 1775 ὃν

2123 1823 2448 1898 ἐρρέθησαν.
2476 1824 2540 1877 Εἰ
2567 1824 2675 1894 γάρ
2697 1840 2802 1889 τις,
2823 1821 2898 1885 ώς
2926 1821 3238 1884 ἐκέλευσαν,
3273 1818 3349 1889 μὴ
3384 1815 3618 1885 σκοποίη
3651 1819 3718 1868 τά

2122 1917 2190 1970 δι’
2234 1915 2411 1969 αὐτῶν
2445 1915 2842 1986 σημαινόμενα,
2876 1911 3062 1976 ἀπλῶς
3093 1911 3151 1964 δὲ
3197 1911 3291 1962 καὶ
3328 1907 3716 1966 ἀϐασανίστως

2122 2007 2310 2062 ἀκούοι
2333 2007 2441 2060 τῶν
2464 2006 2770 2078 λεγομένων
2794 2023 2808 2038 ’
2843 2005 3091 2060 λείπεται
3122 2003 3216 2057 καὶ
3238 2003 3366 2064 τοὺς
3400 2003 3716 2072 προφήτας,

2123 2101 2220 2155 καὶ
2243 2101 2369 2164 τοὺς
2401 2099 2730 2163 ἀποστόλους
2764 2097 2938 2170 μάτην
2976 2099 3096 2160 ταῖς
3143 2097 3332 2158 ἀκοαῖς
3359 2097 3598 2165 ἐνηχεῖν,
3627 2092 3717 2143 καὶ

2052 2175 2099 2232 Β
2126 2192 2305 2247 πάντα
2341 2192 2496 2261 λόγον
2543 2191 2795 2261 ἀνωφελῆ
2833 2191 2926 2244 καὶ
2971 2190 3330 2261 ἀνενέργητον
3377 2185 3584 2257 μένειν,
3620 2184 3714 2237 καὶ

2122 2286 2248 2350 τοὺς
2277 2283 2574 2348 ἀκούοντας
2613 2283 2880 2356 μηδεμίαν
2917 2283 3101 2354 ὄνησιν
3136 2284 3214 2344 εἰς
3240 2281 3308 2334 τὰ
3342 2280 3568 2348 ταμιεῖα
3604 2276 3713 2328 τῶν

2121 2378 2358 2451 καρδιῶν
2384 2377 2800 2450 παραπέμπειν.
2837 2374 2995 2429 Οὖτω
3023 2376 3131 2445 γάρ
3161 2373 3559 2445 προστάττουσι
3601 2371 3711 2430 τοῖς

2125 2473 2225 2544 μὲν
2254 2471 2388 2525 ὠσὶν
2417 2469 2655 2536 ἀκούειν,
2678 2472 2744 2540 τῇ
2770 2469 2828 2522 δὲ
2861 2468 3057 2540 καρδία
3083 2467 3158 2539 μή
3184 2466 3443 2529 συνιέναι,
3479 2466 3620 2533 μήτε
3651 2462 3712 2514 τὸ

2121 2564 2412 2620 ἀκόλουθον
2438 2563 2548 2617 τῶν
2572 2563 2880 2634 λεγομένων
2909 2563 3154 2624 σκοπεῖν,
3180 2559 3321 2614 κατά
3347 2559 3448 2630 τὴν
3474 2558 3712 2627 eciam-J-

2123 2675 2220 2712 σαν
2245 2656 2473 2728 ἀπειλήν
2492 2673 2505 2686 ·
2549 2675 2568 2708 ι
2594 2657 2755 2728 Ἀκοῇ
2786 2653 3076 2725 ἀκούσητε,
3105 2654 3200 2707 καὶ
3225 2653 3286 2705 ού
3322 2651 3400 2723 μή
3427 2653 3669 2721 συνιῆτε.
3687 2670 3703 2700 ι

2120 2751 2220 2805 Διά
2249 2749 2410 2804 τοῦτο
2447 2749 2542 2803 καὶ
2563 2749 2644 2816 τὸ,
2686 2767 2705 2800 ι
2750 2750 2810 2802 Ὀ
2842 2747 3014 2817 Λόγος
3042 2746 3179 2817 σάρξ
3205 2746 3445 2814 ἐγένετο,
3493 2766 3510 2797 ι
3547 2745 3709 2799 ἀκούο

2119 2861 2199 2898 ειν
2231 2843 2330 2915 μὲν
2381 2842 2566 2906 ἁπλῶς
2603 2842 2991 2910 ἀναγκάζουσι,
3037 2843 3182 2894 νοεῖν
3220 2840 3279 2892 δὲ
3328 2839 3576 2902 εύσεὸὠς
3614 2840 3709 2891 οὐκ

2119 2935 2201 2988 ἔτι
2244 2935 2648 3008 ἐπιτρέπουσιν,
2683 2933 2873 3005 ὥσπερ
2917 2933 3166 2999 ἐξουσίαν
3210 2930 3424 3002 ἔχοντες
3451 2932 3551 3001 τὴν
3583 2932 3708 2984 ἑκά-

2122 3044 2250 3082 στου
2281 3027 2522 3082 διάνοιαν
2550 3025 2688 3102 πρζις
2716 3027 2777 3080 τὸ
2806 3025 2995 3080 δοκοῦν
3025 3026 3206 3086 αὐτοῖς
3232 3024 3433 3089 ¹έλκειν,
3483 3025 3544 3076 ού
3577 3040 3706 3092 προς

2116 3120 2180 3175 τὺ
2207 3120 2416 3191 πρέπον
2460 3119 2640 3172 καὶτὸ
2689 3119 2986 3191 συμφέρον.
3022 3118 3264 3172 Ἀκούσω
3303 3117 3400 3170 τοῦ
3446 3119 3707 3188 ῥήματος,

2117 3214 2211 3267 καὶ
2240 3212 2314 3284 μὴ
2364 3211 2584 3284 ζητήσω
2621 3211 2682 3265 τὸ
2715 3212 2992 3283 εὐπρεπὲς
3028 3211 3122 3265 τοῦ
3174 3211 3564 3281 φρονήματοςς
3602 3209 3708 3262 Ποῦ

2116 3301 2209 3360 οὖν
2238 3306 2271 3376 ἣ
2311 3304 2395 3358 τοῦ
2421 3304 2579 3373 λόγου
2612 3305 2674 3359 τὸ
2700 3303 3012 3368 ἀκόλουθον,
3044 3303 3078 3373 ἢ
3117 3303 3210 3357 τοῦ
3245 3301 3542 3364 ἀκούοντος
3573 3300 3708 3368 ώφέο

2115 3394 2313 3465 λιμον;
2355 3393 2509 3464 Τάχα
2564 3393 2659 3446 καὶ
2702 3392 2839 3465 πρὸς
2888 3393 3097 3461 ἀλόγων
3148 3391 3288 3456 ἔξεις
3353 3390 3705 3461 μεθίστασθαι

2117 3489 2244 3550 τοὺς
2271 3485 2592 3558 ἀνθρώπους
2639 3486 3087 3557 προστάττουσιν,
3136 3484 3295 3554 εἴπερ
3341 3484 3588 3553 μέλλοιεν
3618 3483 3706 3550 ᾠό-

2118 3595 2220 3648 φον
2249 3577 2347 3649 μὲν
2382 3577 2641 3648 ῥημάτων
2680 3573 2747 3647 τῇ
2781 3577 2917 3648 ἀκοῇ
2944 3575 3211 3646 δέχεσθαι,
3267 3575 3462 3646 κέρδος
3497 3575 3555 3627 δὲ
3593 3591 3706 3643 νοη-

2121 3673 2308 3742 μάτων
2333 3671 2500 3742 μηδὲν
2532 3673 2598 3740 τῇ
2628 3669 2774 3740 ψυχῇ
2808 3668 3143 3741 προσίεσθαι.
3179 3668 3290 3738 Οὐχ
3319 3668 3467 3720 οὕτω
3507 3667 3707 3729 Παῦλος

2119 3765 2250 3834 ἡμῖν
2289 3762 2696 3833 παρεγγύησεν,
2723 3764 2753 3816 ὁ
2777 3762 2884 3815 τῶν
2913 3760 3169 3815 τοιούτων
3211 3760 3538 3823 διδάσκαλος
3554 3778 3567 3788 ·
3593 3760 3707 3812 οὐδὲ

2123 3856 2369 3927 μετέχειν
2398 3855 2544 3918 τινὸς
2588 3855 2801 3923 ἀλόγως
2842 3855 2938 3908 καὶ
2971 3853 3303 3924 άδιακρίτως
3337 3853 3451 3905 δεῖν
3498 3852 3703 3920 ἀπεσή-

2119 3966 2280 4002 νατοσ
2320 3948 2456 4002 ἀλλά
2497 3947 2648 4013 πῶςς
2688 3967 2706 3999 ι
2749 3947 2982 4001 Τελείων
3030 3947 3179 4002 ἐστὶν
3218 3947 3252 4016 ἠ
3291 3946 3494 4015 στερεά
3540 3945 3702 4015 τροφὴ

2119 4040 2228 4092 τῶν
2258 4037 2348 4092 διά
2379 4037 2477 4108 τὴν
2505 4036 2618 4102 ἕξιν
2638 4037 2709 4090 τά
2739 4037 3066 4108 αἰσθητήρια
3094 4037 3530 4106 γεγυμνασμένα
3559 4036 3702 4104 ἐχόν-

2121 4149 2228 4184 των
2262 4129 2398 4200 πρὸς
2447 4129 2718 4200 διάκρισιν
2760 4127 2926 4182 καλοῦ
2965 4145 3026 4180 τε
3054 4129 3148 4182 καὶ⁴
3197 4127 3393 4182 κακοῦ.
3433 4146 3451 4177 ι
3496 4125 3703 4179 Τελειό-

2119 4237 2259 4289 τητα
2307 4217 2728 4282 συνεϐούλευσε,
2771 4217 3078 4288 γυμνασίαν
3121 4217 3389 4287 ἐπῄνεσε,
3435 4217 3701 4286 διάκρισιν

2122 4311 2393 4366 ποιεῖσθαι
2419 4310 2679 4382 νηφάλιον
2707 4308 2873 4364 καλοῦ
2897 4326 2956 4362 τε
2980 4309 3073 4362 καὶ
3101 4309 3273 4362 κακοῦ
3299 4308 3702 4361 συνεϐούλευσε.

2125 4404 2250 4469 Πῶς
2265 4401 2358 4460 οὖν
2382 4405 2448 4459 ἀν
2477 4422 2561 4468 τις
2582 4405 2855 4476 διακρῖναι
2886 4403 3064 4466 καλῶς
3086 4402 3362 4474 δυνηθείη,
3394 4403 3469 4472 μὴ
3500 4401 3706 4470 λαμϐά-

2121 4515 2228 4549 νων
2255 4496 2366 4548 τῶν
2391 4495 2700 4566 λεγομένων
2732 4495 2946 4548 σύνεσιν
2970 4510 2984 4558 ;
3017 4494 3229 4563 ’Ὥσπερ
3253 4493 3363 4563 γάρ
3394 4495 3423 4545 ὁ
3453 4491 3708 4560 καχεξίαν

2122 4586 2293 4639 νοσῶν
2318 4588 2376 4639 ἐν
2392 4585 2470 4656 τῷ
2508 4585 2741 4655 σώματι,
2773 4585 2871 4655 οὐχ
2911 4584 3152 4654 εὑρίσκει
3185 4583 3418 4652 γνησίαν
3452 4583 3565 4634 τῶν
3609 4582 3710 4632 ἐδε-

2125 4679 2347 4751 σμάτων
2379 4678 2479 4750 τὴν
2522 4678 2755 4731 έκάστου
2796 4677 3060 4747 ποιότητα
3080 4694 3094 4706 ·
3123 4674 3266 4728 οὕτω
3303 4676 3401 4728 καὶ
3425 4674 3710 4743 ἄνθρωπος

2121 4771 2446 4841 ἀγύμναστα
2475 4770 2613 4840 ἔχων
2642 4770 2707 4822 ὲκ
2759 4768 3032 4840 ῥᾳθυμίας
3059 4767 3092 4837 ἦ
3131 4765 3350 4834 ἀλογίας
3378 4766 3451 4819 τὰ
3476 4768 3579 4834 τῆς
3611 4766 3709 4832 ψυ-

431 4861 526 4930 qui
555 4863 670 4917 sive
694 4880 758 4917 ex
791 4865 1030 4935 ignavia,
1066 4866 1182 4921 sive
1213 4882 1281 4920 ex
1313 4866 1481 4920 animi
1517 4875 1764 4936 stupore,
1797 4867 2015 4922 inexer-

2124 4865 2223 4936 χῆς
2249 4863 2600 4934 αἰσθητήρια,
2618 4861 2839 4930 γεύεται
2880 4861 2980 4931 μὲν
3011 4860 3207 4929 λόγων,
3245 4859 3346 4912 ούκ
3392 4858 3709 4910 αἰσθάνεται

433 4957 632 5011 citatos
658 4956 820 5011 habet
843 4957 1014 5011 animi
1040 4973 1259 5022 sensus,
1291 4958 1544 5028 degustat
1567 4956 1790 5030 quidem
1815 4959 2015 5025 verba;

433 5045 530 5100 sed
561 5063 662 5101 nec
693 5064 882 5102 eorum
907 5048 1019 5102 vim
1049 5049 1238 5113 sentit,
1272 5065 1372 5105 nec
1398 5050 1792 5120 cogitationum
1816 5065 2019 5122 cogno-

433 5139 541 5192 scit
580 5138 847 5194 rationem
883 5159 896 5194 :
931 5154 998 5195 ac
1043 5156 1196 5196 more
1225 5140 1516 5196 brutorum
1551 5142 1717 5197 stulte
1745 5142 1930 5197 omnia
1963 5149 2019 5196 et

432 5229 652 5283 incaute
679 5229 941 5293 admittit,
966 5229 1234 5286 damnosa
1265 5239 1322 5285 et
1345 5231 1521 5298 utilia,
1548 5241 1608 5285 ut
1636 5247 1696 5287 se
1724 5231 1860 5287 forte
1887 5231 2020 5286 οσο-

432 5329 583 5381 runt,
611 5321 907 5390 recipiens.
943 5337 1045 5378 nec
1073 5323 1296 5378 mundis
1319 5323 1540 5393 quidem
1563 5323 1896 5386 animalibus
1920 5338 2020 5378 an-

432 5413 713 5467 numerari
761 5422 942 5484 potest
987 5431 1000 5465 :
1059 5415 1261 5484 quippe
1309 5414 1404 5484 qui
1449 5429 1559 5469 non
1593 5415 1862 5478 ruminet,
1915 5430 2017 5470 nec

432 5505 831 5558 comminutum
867 5505 1191 5559 rationalem
1235 5503 1421 5560 cibum
1473 5505 1528 5558 in
1560 5505 1877 5561 interiorem
1912 5506 2014 5559 ho-

432 5595 634 5649 minem
688 5598 1057 5662 transmittat;
1104 5597 1203 5652 sed
1263 5597 1596 5667 indigestum
1649 5598 1804 5652 illum
1849 5606 2014 5668 atque

432 5685 797 5756 incongruum
854 5691 1129 5752 absumat,
1180 5690 1472 5760 potiusque
1513 5691 1901 5746 detrimentum
1945 5708 2010 5745 ex

430 5781 561 5832 vitio
587 5780 808 5834 demissi
837 5783 967 5843 cibi,
995 5798 1158 5851 quam
1190 5782 1321 5851 quid
1350 5783 1478 5836 boni
1511 5782 1579 5835 ad
1611 5783 1778 5835 vitam
1810 5785 2011 5837 conﬁr-

500 5937 544 5968 ⁷ο
586 5933 686 5991 lsa.
725 5953 808 6000 γι,
846 5939 897 5991 9.
978 5940 1017 5986 ῖ.¹
1059 5937 1214 5994 Joau.
1254 5957 1306 6004 ι,
1349 5939 1428 5997 14,
1510 5943 1551 5973 ⁷⁸
1593 5938 1756 5995 Hebr.
1799 5959 1847 6006 v,
1893 5943 1972 5998 Η.

2117 4956 2174 5009 δὲ
2195 4957 2294 5027 τῆς
2321 4955 2529 5009 τούτων
2556 4955 2856 5025 δυνάμεως,
2881 4952 3003 5006 οὐδὲ
3037 4951 3293 5021 γινώσκει
3321 4950 3423 5021 τήν
3445 4950 3559 5002 τῶν
3590 4967 3709 5018 νοη-

2123 5048 2310 5119 μάτων
2357 5047 2620 5118 ποιότητα
2647 5064 2660 5076 ⁸
2699 5047 2915 5118 μετέχει
2964 5045 3020 5099 δὲ
3071 5046 3285 5099 πάντων
3330 5043 3580 5112 ἀνοήτως
3622 5045 3709 5094 καὶ

2119 5138 2449 5208 ἀφυλάκτως
2479 5138 2636 5210 δίκην
2662 5139 2893 5207 ἀλόγων,
2923 5138 2982 5192 τὸ
3014 5137 3247 5208 βλάπτον
3294 5134 3388 5188 καὶ
3423 5133 3487 5186 τὸ
3515 5135 3706 5204 ὠφέλι-

2124 5249 2245 5304 μον,
2279 5232 2355 5296 ὡς
2395 5231 2575 5302 ἔτυχε,
2623 5231 3004 5303 προσιέμενος,
3037 5229 3132 5281 καὶ
3176 5226 3310 5297 μηδὲ
3359 5227 3417 5276 ἐν
3449 5224 3704 5295 xaﬁami;

2121 5322 2470 5394 ἀριθμεῖσθαι
2491 5321 2650 5388 ζώοις
2676 5321 3000 5392 δυνάμενος·
3031 5318 3109 5381 ὡς
3136 5317 3198 5370 ού
3230 5315 3573 5386 μηρυκίζων,
3615 5312 3704 5365 καὶ

2121 5413 2526 5486 λεπτυνομένην
2561 5414 2658 5485 τὴν
2696 5412 2918 5484 λογικήν
2956 5409 3161 5482 τροφὴν
3206 5407 3600 5478 παραπέμπων
3629 5407 3702 5465 εἰς

2120 5509 2211 5562 τὸν
2259 5507 2368 5562 έσω
2424 5507 2730 5577 ἄνθρωπον,
2773 5505 2891 5560 ἀλλ’
2938 5503 3346 5574 ἀκατέργαστον
3394 5499 3565 5568 αὐτὴν
3613 5497 3701 5550 καὶ

2118 5598 2492 5670 ἀκατάλληλον
2538 5597 2866 5660 ἀναλίσκων,
2913 5594 3114 5667 μᾶλλον
3152 5592 3209 5645 δὲ
3257 5590 3463 5661 βλάϐην
3510 5591 3576 5641 ἐκ
3605 5587 3698 5652 τῆς

2119 5693 2248 5763 περὶ
2281 5692 2377 5763 τὴν
2414 5691 2620 5762 πέμψιν
2650 5689 3026 5761 πλημμελείας
3051 5687 3086 5756 ἦ
3132 5702 3252 5738 τινα
3277 5683 3412 5753 πρὸς
3445 5681 3695 5734 σύστασιν

2119 5785 2262 5855 ζωῆς
2308 5785 2626 5856 εὐεργεσίαν
2665 5785 2969 5855 δεχόμενος.
3015 5781 3082 5834 Ἥ
3132 5778 3212 5842 τίς
3258 5777 3357 5830 οὐκ
3405 5771 3565 5836 οἶδεν,
3613 5771 3691 5827 ὅτι

2179 6525 2224 6530 _
2959 6401 3902 6550 sua;
