3976 6388
214 356 352 414 1565

1032 356 1617 415 CONFUTATIONES
1654 360 2094 428 QUARUMDAM
2137 354 2726 414 PBOPOSlTlONUM.

3333 361 3474 417 1566

210 477 305 532 καὶ
343 476 432 528 τὸν
467 474 736 544 κληθέντα
763 475 996 529 δειπνεῖν
1041 477 1136 529 ἐπὶ
1179 477 1456 550 τραπέζης
1499 478 1784 543 δυνάστου,

1891 481 2145 536 mandam
2178 477 2463 548 percipiat.
2499 477 2608 530 Aut
2656 476 2782 546 quis
2817 477 3037 545 ignorat
3092 492 3214 531 eum
3249 478 3342 549 qui
3376 497 3473 536 vo-

212 569 415 643 νοητῶς
455 570 520 623 τὰ
559 568 971 640 παρατιθέμενα
1006 573 1145 624 νοεῖν
1185 571 1534 639 ἐγκελεύεται
1574 575 1603 625 6
1649 571 1791 636 θεῖος

213 665 410 736 νόμος;
451 662 638 724 Οὕτως
660 662 718 714 οὐ
759 661 838 714 δεῖ
874 663 1054 733 γυμνά
1099 664 1385 734 νοημάτων
1415 663 1678 736 ἁρπάζειν
1721 666 1791 718 τά

214 759 454 828 ῥήματα,
506 756 726 808 σκοπεῖν
768 754 824 807 δὲ
873 753 1148 825 ἐπιμελῶς
1175 755 1236 808 τὸ
1281 755 1495 827 πρέπον
1547 756 1684 827 Θεῷ,
1731 760 1791 810 τὸ

215 847 490 918 συμφέρον
521 849 669 917 ἡμῖν,
699 846 758 899 τὸ
783 845 1004 900 δυνατὸν
1031 848 1131 918 τῆς
1162 847 1438 918 ἀληθείας,
1470 848 1532 900 τὸ
1565 848 1790 920 σύμφω-

211 959 298 996 νον
336 941 413 1010 τῷ
446 941 613 1011 νόμῳ,
659 939 720 992 τὸ
759 938 1086 1009 κατάλληλον
1128 940 1192 1009 τῇ
1234 937 1415 1007 φύσει,
1464 939 1526 992 τὸ
1569 939 1789 1010 γνήσιον

209 1032 308 1103 τῆς
343 1033 600 1097 πίστεως,
655 1030 713 1084 τὸ
746 1030 960 1101 βέϐαιον
999 1031 1099 1102 τῆς
1136 1031 1346 1092 ἐλπίδος
1380 1031 1474 1084 καὶ
1505 1029 1790 1084 ἀνόθευτον

209 1125 306 1192 τῆς
353 1125 595 1197 ἀγάπης,
628 1124 688 1178 τὸ
724 1123 1041 1194 ἀνύϐριστον
1086 1122 1186 1192 τῆς
1230 1123 1410 1192 δόξης,
1450 1121 1510 1174 τὸ
1546 1123 1792 1194 κρεῖττον

210 1215 302 1270 τοῦ
355 1217 584 1285 φθόνου,
634 1216 694 1268 τὸ
750 1217 847 1287 τῆς
897 1216 1117 1286 χάριτος
1168 1213 1316 1281 ἀξιον
1343 1232 1356 1245 ·
1405 1214 1565 1268 ἅτινα
1614 1214 1794 1267 πάντα

211 1306 424 1360 σύνεστι
453 1307 550 1377 μὲν
571 1309 690 1370 ταῖς
713 1307 988 1360 εὐσεϐέσιν
1011 1305 1260 1370 ἐννοίαις,
1284 1303 1464 1369 καθὼς
1486 1305 1793 1378 ἐγνωρίσθη

209 1398 300 1450 καὶ
340 1397 432 1450 ἐπὶ
468 1395 582 1458 τοῦ,
617 1414 634 1447 ι
685 1397 741 1450 '0
771 1396 941 1464 Λόγος
971 1395 1106 1468 σάρξ
1139 1395 1388 1464 ἐγένετοο
1435 1413 1453 1446 a
1489 1394 1668 1446 λείπει
1713 1394 1790 1458 δέ,

207 1487 281 1550 ὡς
321 1487 490 1550 εἰκὸς,
543 1490 664 1550 ταῖς
706 1487 928 1550 ἀτόποις
963 1486 1356 1557 καινοτομίαις,
1412 1486 1504 1539 ἐπὶ
1539 1484 1795 1549 τοιαύτας

211 1575 596 1646 ματαιολογίας
626 1575 684 1640 ἐξ
706 1575 951 1646 ἀνάγκης
973 1575 1462 1644 καταφευγούσαις.
1484 1573 1794 1644 Κεφάλαιον

206 1666 262 1719 δὲ
295 1669 389 1720 ἐπὶ
433 1671 545 1730 τοῖς
579 1668 912 1738 λεγομένοις,
953 1668 982 1720 6
1019 1667 1117 1730 τάς
1154 1666 1324 1731 λέξεις
1365 1667 1652 1738 δεχόμενος
1702 1668 1794 1720 καὶ

212 1758 284 1829 μὴ
323 1759 758 1830 καταμανθάνων
805 1761 875 1812 τά
917 1759 1310 1830 σημαινόμενα,
1335 1757 1453 1822 πῶς
1499 1759 1682 1830 νοήσει
1723 1758 1793 1810 τά

1894 582 2052 627 catus
2078 573 2150 626 sit
2183 577 2458 624 cmnatum
2492 569 2560 624 ad
2604 583 2848 623 mensam
2893 572 3190 638 magnatis,
3231 589 3352 642 quae
3380 590 3478 646 ap-

1893 666 2071 736 posita
2101 674 2228 718 sunt
2259 662 2620 732 spiritualiter
2645 661 2998 717 considerare
3021 663 3202 732 juberi
3231 680 3260 718 a
3291 667 3475 721 divina

1894 757 2047 828 lege?
2074 755 2339 810 Similiter
2359 763 2413 809 et
2438 754 2607 809 verba
2640 769 2806 808 sensu
2837 753 2982 808 nuda
3014 755 3334 825 abripienda
3364 774 3474 813 non
3537 764 3552 774 ‘

1894 858 2046 914 sunt,
2081 848 2178 904 sed
2221 855 2477 901 accurate
2511 845 2975 901 considerandum
3009 847 3140 915 quid
3174 846 3342 901 Deum
3379 848 3474 903 dc—

1895 947 2039 1005 ceat,
2069 937 2202 1009 quid
2227 938 2387 992 nobis
2412 937 2708 1001 conducat,
2735 952 2858 1006 quae
2881 936 2953 992 sit
2977 937 3058 992 vis
3085 938 3349 1000 veritatis.
3376 941 3471 1008 qui

1895 1043 2198 1086 consensus
2232 1029 2288 1082 in
2320 1028 2460 1098 lege,
2491 1027 2624 1098 quid
2652 1034 2861 1081 naturae
2882 1043 3214 1098 congruens,
3245 1045 3367 1098 quae
3399 1031 3470 1084 sit

1895 1135 2154 1192 germana
2204 1119 2360 1182 ﬁdes,
2411 1134 2533 1189 quae
2577 1133 2704 1188 spes
2747 1122 2923 1183 lirma,
2975 1134 3096 1190 quae
3142 1120 3471 1176 inviolabilis

1895 1212 2184 1268 charitatis
2218 1212 2532 1278 sinceritas,
2566 1227 2687 1281 quae
2720 1213 2792 1266 sit
2829 1211 3001 1281 gloria
3035 1212 3202 1269 nullis
3230 1212 3470 1266 obnoxia

1894 1304 2267 1367 contumeliis,
2297 1304 2428 1374 quid
2460 1305 2531 1359 sit
2555 1304 2758 1359 invidia
2780 1304 3057 1374 superius,
3088 1319 3210 1375 quae
3230 1304 3468 1374 dignitas

1895 1399 2123 1464 gratia}:
2163 1411 2285 1466 qua:
2323 1397 2507 1451 omnia
2538 1395 2644 1466 piis
2674 1395 2895 1465 quidem
2944 1395 3133 1450 insunt
3175 1395 3470 1465 cOgitatio-

1895 1488 2077 1551 nibus,
2116 1495 2174 1543 ut
2205 1489 2259 1541 in
2285 1486 2650 1557 explicatione
2674 1484 2828 1550 dicti,
2883 1504 2902 1536 ι
2938 1484 3172 1540 Verbum
3208 1501 3335 1541 caro
3379 1485 3464 1539 fa-

1895 1582 2041 1628 ctum
2066 1581 2171 1639 est,
2214 1595 2233 1626 ι
2276 1574 2734 1645 explanavimus;
2783 1574 2878 1628 sed
2915 1573 3116 1630 desunt
3163 1575 3368 1633 scilicet
3409 1575 3467 1640 in

1895 1665 2150 1721 absurdis
2178 1666 2286 1721 illis
2321 1665 2790 1733 innovationibus,
2819 1681 2940 1737 qua:
2967 1666 3035 1721 ad
3067 1667 3338 1737 ejusmodi
3368 1683 3462 1723 va-

1894 1756 2286 1824 niloquentiam
2325 1757 2640 1812 necessario
2669 1758 3008 1829 confugiunt.
3049 1759 3273 1814 Summa
3303 1761 3468 1830 hujus

211 1849 474 1920 μάχεσθαι
507 1850 755 1921 ἀλλήλοις
785 1851 1041 1905 δοκοῦντα
1068 1850 1207 1903 κατά
1234 1850 1295 1902 τὸ
1319 1851 1635 1921 πρόχειρον;
1667 1850 1789 1914 Πῶς

1892 1842 2157 1897 orationis
2185 1852 2270 1898 est
2299 1862 2313 1898 :
2348 1845 2441 1915 qui
2479 1843 2752 1903 dictiones
2793 1847 3019 1916 excipit,
3053 1863 3154 1903 nec
3192 1850 3466 1919 signiﬁca—

209 1939 430 2010 εὑρήσει
460 1939 557 2010 τὴν
581 1941 926 2012 ἁρμόζουσαν
957 1941 1142 2008 λύσιν;
1171 1942 1294 2006 Πῶς
1324 1942 1609 2012 ἀπόκρισιν
1631 1939 1789 1994 δώσει

207 2036 314 2094 τοῖς
343 2033 628 2104 ἐπερωτᾷν
660 2031 1036 2104 βουλομένοις;
1070 2034 1193 2098 Πῶς
1221 2031 1441 2103 φυλάξει
1465 2033 1526 2084 τὸ
1548 2049 1791 2102 γεγραμ-

211 2122 402 2193 μένον·
445 2143 463 2174 ι
501 2123 575 2176 Τὸ
619 2125 816 2178 ειδέναι
846 2125 964 2190 πῶς
995 2125 1076 2178 δεῖ
1113 2127 1259 2198 ἡμᾶς
1289 2125 1369 2179 ἐνὶ
1403 2125 1616 2195 ἑκάστῳ
1657 2126 1791 2178 ἀπο-

209 2213 496 2285 κρίνεσθαι
519 2231 534 2280 ;
578 2233 599 2267 ι

952 2507 1001 2561 X

206 2595 363 2664 Πρὸς
407 2595 553 2662 τοὺς
600 2596 945 2724 λέγονταςὲ
995 2599 1251 2722 Ἐῗαθεν
1304 2602 1339 2654 ὁ
1396 2600 1540 2664 Θεὸς
1603 2600 1792 2669 Λόγος

947 2686 1058 2724 αοκ
1091 2709 1105 2724 .

947 2686 1105 2739 αρκι.

273 2759 590 2830 θαυμάζειν
633 2760 811 2814 ἔπεισί
857 2781 972 2834 μοι,
1013 2762 1150 2830 πῶς,
1195 2761 1483 2826 τοσούτους
1524 2781 1792 2837 νεωτερι-

207 2852 379 2919 σμοὺς
403 2853 788 2922 ἐπεισάγοντες
805 2855 854 2907 οἱ
875 2855 982 2909 τῶν
1013 2855 1212 2910 καινῶν
1233 2855 1517 2927 δογμάτων
1548 2857 1787 2926 εὑρεταὶ,

204 2938 368 3009 κόρον
394 2940 580 2994 λαϐεῖν
613 2943 712 3014 τῆς
731 2944 986 3016 τοιαύτης
1015 2947 1366 3017 καινοτομίας
1391 2948 1490 3000 οὐκ
1521 2947 1790 3018 ἠδυνήθη-

205 3049 306 3088 σαν
320 3050 336 3064 ο
359 3033 497 3088 ἀλλά
519 3035 573 3088 εῐ
588 3055 641 3089 τι
667 3035 814 3101 ξένον
832 3040 1065 3092 ἐπινοεῖν
1084 3040 1217 3109 πρὸς
1237 3039 1453 3112 ἀπάτην
1472 3040 1580 3094 τῶν
1595 3040 1788 3095 ἁπλου-

205 3127 294 3178 στέ
304 3144 414 3198 ρων
447 3129 835 3196 νεανιεύονται,
867 3125 976 3185 οἷον
999 3132 1094 3186 καὶ
1117 3132 1180 3186 τὸ
1204 3134 1562 3205 προκείμενον
1587 3133 1683 3188 νῦν
1706 3136 1786 3198 είς

1890 1934 2092 1989 tionem
2121 1950 2312 1990 earum
2357 1935 2574 2002 ediscit,
2605 1938 2699 2008 qui
2732 1937 2998 2008 intelliget
3031 1953 3093 1994 ea
3140 1955 3261 2010 qua
3290 1940 3470 2010 primo

1891 2027 2088 2082 intuitu
2120 2027 2265 2083 inter
2291 2043 2351 2084 se
2389 2043 2633 2100 pugnare
2675 2029 2967 2086 videntur?
3015 2030 3301 2097 Quomodo
3333 2048 3469 2086 con-

1888 2127 2175 2190 gruentem
2210 2119 2450 2174 inveniet
2479 2119 2849 2176 solutionem?
2879 2119 2998 2188 Quo
3029 2130 3191 2192 pacto
3226 2122 3464 2176 interro-

1865 2207 2144 2284 gantibus
2212 2212 2604 2284 respondebit?
2656 2212 2942 2278 Quomodo
3004 2213 3280 2268 custodiet
3333 2213 3469 2269 illud

1889 2302 2039 2374 quod
2065 2303 2335 2374 scriptum
2369 2311 2454 2358 est
2484 2322 2497 2358 :
2531 2320 2552 2354 ι
2589 2301 2744 2359 Scire
2779 2302 3056 2374 quomodo
3083 2311 3333 2373 oporteat
3365 2321 3467 2361 nos

1893 2394 2188 2466 unicuique
2212 2393 2544 2465 respondere
2565 2395 2650 2448 1"?
2681 2412 2699 2446 ι

2642 2507 2688 2560 Χ

1889 2599 2154 2655 Adversus
2200 2617 2288 2656 eos
2320 2602 2411 2670 qui
2457 2600 2666 2662 dicunt,
2697 2595 2902 2653 Passus
2931 2609 3008 2652 est
3054 2599 3189 2654 Deus
3246 2601 3467 2655 Verbum

2589 2686 2767 2724 carne.

1961 2758 2149 2817 Mirari
2175 2762 2324 2818 subit
2353 2777 2476 2833 quae
2520 2777 2691 2818 causa
2743 2762 2816 2817 sit
2850 2778 2952 2818 cur
2976 2771 3055 2818 tot
3079 2770 3133 2818 et
3161 2769 3342 2816 tantas
3378 2764 3466 2817 in»

1888 2853 2121 2910 duentes
2143 2854 2438 2919 novitates,
2475 2853 2827 2911 insolentium
2856 2855 3172 2926 dogmatum
3217 2855 3466 2908 invento-

1889 2959 1978 3000 res
1993 2946 2266 3000 nullarum
2285 2961 2466 3002 rerum
2485 2947 2862 3001 novandarum
2883 2946 3108 3002 satietas
3123 2946 3346 3016 ceperit;
3368 2947 3466 3001 sed

1889 3037 1935 3094 si
1958 3037 2089 3108 quid
2107 3038 2350 3095 insolens
2371 3047 2476 3103 est,
2503 3039 2635 3094 illud
2658 3039 2965 3110 petulanter
2993 3038 3060 3094 ad
3102 3038 3466 3109 simpliciores

1889 3129 2394 3188 circumveniendos
2407 3140 2736 3204 proponunt,
2753 3133 2913 3204 quale
2929 3131 3166 3202 estquod
3178 3132 3288 3201 jam
3305 3131 3466 3184 nobis

201 3215 472 3280 ἐξέτασιν·
515 3237 533 3269 ι
579 3219 818 3272 Ἔπαθεν
841 3222 869 3274 ὁ
900 3219 1032 3284 Θεὸς
1055 3221 1226 3289 Λόγος
1252 3204 1434 3292 σαρκί.
1461 3241 1480 3274 a
1511 3223 1680 3277 Πάλιν
1703 3226 1788 3278 ἐν-

1891 3219 2050 3291 503
2083 3221 2495 3292 disquirendum
2527 3223 2880 3294 proponitur:
2908 3241 2927 3273 ι
2968 3221 3172 3277 Passus
3203 3227 3287 3274 est
3322 3218 3465 3275 Deus

201 3307 380 3362 ταῧθα
408 3309 543 3363 πολὺ
574 3311 672 3380 μὲν
699 3311 761 3364 τὸ
786 3311 999 3381 ἄλογον,
1031 3314 1168 3367 πολὺ
1193 3313 1250 3366 δὲ
1281 3315 1343 3366 τὸ
1370 3314 1588 3369 ἄτοπον.
1635 3315 1785 3370 Ἀλο-

201 3400 325 3469 γίας
361 3402 466 3470 μὲν
495 3401 603 3474 γάρ
633 3403 694 3457 τὸ
726 3404 924 3472 λέγειν,
953 3405 1137 3477 ἕτερον
1169 3407 1340 3478 ἑτέρῳ
1371 3407 1601 3478 πάσχειν
1620 3425 1635 3439 ·
1661 3409 1788 3462 ἀτο-

203 3493 334 3557 πίας
364 3494 422 3547 δὲ
455 3495 536 3560 τὸ,
560 3515 579 3546 ι
613 3497 851 3551 Ἕπαθεν
883 3500 912 3552 6
942 3499 1135 3568 Λόγος.
1162 3518 1182 3552 a
1210 3500 1387 3571 Ὅπερ
1413 3499 1620 3570 γυμνὸν
1651 3519 1786 3574 προ-

203 3588 570 3659 καλύμματος
618 3592 791 3646 εἰπεῖν
859 3593 919 3646 οὑ
972 3593 1277 3666 τολμῶντες
1297 3638 1311 3662 ,
1392 3596 1669 3667 ἐπήγαγον
1728 3597 1790 3650 τὸ

209 3699 226 3731 ι
268 3681 460 3751 σαρκὶ,
500 3700 520 3732 a
558 3681 810 3755 καθάπερ
854 3685 1146 3756 πρόσωπον
1185 3685 1410 3758 αἰσχρὸν
1436 3686 1498 3739 τὸ
1542 3687 1788 3759 ἀπρεπὲς

200 3771 299 3824 τοῦ
347 3776 700 3844 φρονήματος
727 3776 930 3848 δολερῷ
955 3778 1281 3850 προσωπείῳ
1307 3777 1695 3844 καλύπτοντες.
1724 3780 1788 3832 Ei

199 3865 230 3916 6
257 3867 438 3935 Λόγος
472 3867 693 3932 ἔπαθεν,
727 3869 904 3940 ἐαυτῷ
933 3869 1164 3922 ἔπαθενο
1191 3870 1239 3922 εί
1268 3869 1326 3922 δὲ
1359 3869 1545 3941 ἕτερον
1582 3871 1641 3923 τὸ
1678 3887 1787 3923 πα-

202 3957 312 4022 θὸν,
335 3958 494 4012 οὐδὲν
530 3959 666 4030 πρὸς
696 3960 786 4013 τὸν
817 3961 1008 4028 Λόγον,
1037 3959 1086 4012 εί
1121 3960 1195 4031 μὴ
1228 3960 1362 4031 μόνη
1393 3962 1426 4031 ἡ
1466 3959 1624 4031 ὕϐρις
1649 3961 1789 4015 κατά

199 4050 488 4120 ἀναφοράν
531 4049 626 4103 τοῦ
676 4052 974 4121 πάσχοντος
1010 4049 1260 4121 σώματος
1287 4053 1365 4114 είς
1389 4051 1478 4103 τὸν
1513 4052 1788 4122 ἡνωμένον

199 4140 583 4212 ἀνατρέχουσα
608 4141 798 4209 Λόγον.
835 4142 907 4195 Τὸ
938 4141 993 4194 δὲ
1030 4140 1228 4208 λέγειν,
1269 4160 1288 4192 ι
1331 4141 1390 4194 Ὀ
1421 4141 1590 4210 Λόγος
1617 4141 1786 4194 ἔπαθε

200 4233 394 4303 σαρκὶ,
431 4253 449 4284 a
476 4232 742 4301 ἄγραφον,
761 4233 1046 4296 ἀνοίκειον,
1070 4232 1391 4297 ἀσύστατον,
1410 4232 1784 4287 ἀνακόλουθον.

211 4323 347 4376 Ἀλλ’
405 4323 596 4394 ἐπειδὴ
641 4323 979 4396 βλασφημεῖν
1015 4325 1111 4396 μέν
1131 4325 1422 4388 ἀπαύστως
1450 4325 1700 4396 ἔκριναν,
1731 4325 1790 4377 τὸ

196 4409 274 4475 δὲ,
295 4432 315 4464 ‹
343 4391 594 4465 Ἐπαθεν
691 4391 882 4482 Λόγος,
897 4433 914 4465 a
937 4391 1181 4483 ἐγνιύσαν
1205 4391 1580 4488 ἀπαράδεκτον
1602 4417 1790 4480 ἀκοαῖς

197 4501 481 4566 εὐσεϐέσι,
547 4502 836 4574 φάρμακον
867 4505 1179 4576 προσθεῖναι
1219 4507 1282 4560 τὺ
1301 4527 1320 4559 ι
1352 4509 1417 4578 τῇ
1448 4507 1609 4578 σαρκὶ
1636 4525 1655 4558 a
1680 4510 1793 4571 τοῖς

1889 3310 2130 3367 Verbum
2167 3329 2352 3369 carne.
2398 3334 2416 3366 ι
2455 3313 2555 3370 Hic
2607 3330 2830 3371 rursum
2883 3316 3055 3369 multa
3106 3312 3303 3366 rationi
3355 3327 3467 3366 non

1889 3415 2277 3472 consentanea,
2307 3407 2586 3478 multaque
2619 3407 2880 3463 absurda.
2920 3406 3136 3461 Rationi
3175 3420 3286 3459 non
3335 3420 3467 3458 con.-

1890 3498 2056 3553 sentit
2096 3498 2242 3570 quod
2289 3499 2509 3564 dicitur,
2539 3501 2768 3554 alterum
2799 3500 2956 3555 alteri
2997 3498 3138 3568 pati;
3167 3495 3467 3552 absurdum

1888 3597 1973 3647 est
2001 3589 2133 3645 illud
2171 3608 2184 3644 :
2227 3588 2496 3646 «Verbum
2535 3599 2621 3646 est
2649 3605 2892 3662 passum.
2936 3608 2954 3641 a
2987 3587 3144 3654 Quod
3184 3602 3309 3642 cum
3362 3603 3466 3640 nu-

1888 3683 2017 3738 dum
2056 3681 2264 3753 absque
2291 3682 2561 3739 velamine
2587 3681 2832 3753 proferre
2862 3696 2970 3736 non
2999 3680 3282 3742 auderent,
3314 3678 3466 3748 adje-

1889 3782 2084 3831 cerunt
2127 3773 2288 3840 illud,
2329 3793 2348 3825 ‹
2402 3787 2592 3839 carne,
2634 3792 2654 3824 ι
2689 3782 2742 3827 ει
2771 3771 2926 3842 quasi
2974 3779 3190 3840 turpem
3248 3767 3463 3834 faciem,

1887 3866 2079 3922 dolosa
2141 3866 2290 3921 larva
2342 3863 2626 3921 sententiae
2675 3861 3068 3918 absurditatem
3125 3858 3464 3914 obvelarunt.

1891 3958 1950 4013 Si
1987 3959 2226 4016 Verbum
2257 3973 2480 4028 passum
2511 3962 2618 4022 est,
2651 3953 2756 4012 sibi
2803 3953 2908 4024 ipsi
2953 3959 3038 4010 est
3073 3965 3294 4022 passum
3329 3969 3344 4005 :
3378 3950 3466 4004 sin

1888 4051 2036 4106 aliud
2070 4050 2329 4121 estquod
2383 4063 2605 4121 passum
2656 4054 2762 4112 est,
2797 4045 2932 4100 nihil
2971 4044 3039 4098 ad
3062 4041 3322 4104 Verbum,
3358 4041 3465 4095 nisi

1887 4143 2006 4198 sola
2035 4143 2236 4213 injuria
2261 4157 2383 4213 quae
2406 4140 2646 4211 patiente
2664 4153 2898 4208 corpore
2930 4136 3032 4207 ipsi
3056 4135 3374 4204 conjuncto,
3397 4133 3468 4212 ad

1888 4237 2068 4306 ipsum
2104 4235 2342 4290 recurrit
2385 4233 2646 4289 Verbum.
2702 4232 2894 4286 Dicere
2927 4238 3133 4294 aulem,
3173 4245 3192 4278 ι
3229 4224 3467 4279 Verbum

1890 4341 2114 4396 passum
2170 4333 2256 4382 est
2307 4341 2491 4393 carne,
2524 4344 2543 4378 a
2581 4323 2805 4379 minime
2843 4321 3110 4391 scriptum
3138 4327 3240 4381 est,
3277 4329 3340 4369 ac
3365 4315 3469 4370 im—

1891 4418 2194 4488 proprium,
2223 4417 2752 4487 incompositumque
2791 4419 2898 4481 est,
2943 4427 3043 4467 nec
3083 4411 3303 4465 aliunde
3335 4424 3468 4463 con-

1894 4511 2165 4582 sequitur.
2197 4509 2304 4566 Sed
2338 4510 2466 4581 quia
2487 4511 2698 4564 nullum
2730 4504 3144 4576 blasphemandi
3175 4504 3333 4558 linem
3361 4501 3466 4556 sibi

200 4594 469 4664 ῥημάτων
493 4573 798 4666 τραύμασιν
827 4573 1173 4652 ἐδικαίωσαν·
1200 4599 1319 4652 δέον
1355 4573 1491 4671 μήτε
1517 4573 1616 4669 τὴν
1636 4599 1788 4653 νόσον

1893 4573 2388 4676 pra-ascripserunt}
2420 4601 2684 4672 illudque,
2719 4619 2737 4651 ι
2775 4573 3005 4655 Passum
3039 4603 3124 4652 est
3151 4592 3412 4656 Verbum.
3441 4611 3460 4644 ι

197 4685 457 4756 ἐπάγειν,
519 4689 658 4759 μήτε
714 4689 1061 4760 φαρμακείας
1105 4689 1402 4762 ἀπατῶσης
1462 4689 1785 4761 φροντίζειν.

199 4778 365 4831 Οὐδὲν
403 4779 516 4849 γάρ
547 4779 656 4832 τῶν
686 4781 1011 4851 παραλόγων
1053 4783 1442 4854 τεχνασμάτων
1474 4783 1790 4854 εὑρίσκεται

196 4872 264 4940 τῇ
314 4870 552 4943 ἀληθείᾳ
601 4873 1067 4945 συναρμοςόμενον
1098 4891 1111 4905 ·
1148 4875 1261 4928 ἀλλ’
1287 4876 1419 4928 αὐτὸ
1451 4875 1512 4929 τὸ
1533 4875 1791 4939 πολλάκις

199 4960 377 5033 ἐαυτῷ
405 4961 740 5034 μαχόμενον,
767 4965 861 5018 καί⁷
898 4967 972 5038 μὴ
1003 4966 1252 5038 εὑρίσκον
1277 4966 1462 5020 στάσιν
1501 4965 1652 5037 παρὰ
1679 4968 1792 5029 τοῖς

201 5054 441 5117 συνετῶς
468 5053 775 5108 ἐπαΐουσιν.
818 5055 954 5110 Οὔτε
983 5059 1012 5110 6
1032 5058 1204 5128 Λόγος
1237 5058 1478 5129 παθητὸς
1505 5062 1573 5131 τῇ
1602 5061 1789 5131 σαρκὶ,

199 5142 320 5199 οὔτε
356 5147 392 5216 ἡ
427 5144 568 5218 σάρξ
599 5146 812 5219 ἀπαθὴς
845 5147 923 5218 τῷ
946 5149 1122 5220 Λόγῳ·
1150 5150 1285 5204 ἀλλὰ
1312 5151 1405 5203 καὶ
1428 5153 1460 5219 ἡ
1493 5150 1628 5223 σάρξ
1649 5151 1790 5206 κατά

198 5235 298 5308 τὴν
339 5238 555 5290 οἰκείαν
598 5238 760 5307 φύσιν
803 5240 864 5294 τὸ
897 5241 1068 5304 πάθος
1100 5243 1403 5313 προσίεται,
1429 5243 1525 5295 καὶ
1556 5245 1584 5297 6
1617 5244 1792 5313 Λόγος

199 5327 509 5400 ἀχώριστον
552 5331 652 5402 τῆς
704 5331 840 5396 ιδίας
877 5333 1064 5396 οὐσίας
1097 5333 1210 5404 ἔχει
1242 5334 1303 5386 τὺ
1341 5333 1569 5398 ἀπαθές,
1599 5336 1662 5388 Εἰ
1691 5330 1784 5390 οὖν

196 5412 354 5484 οὗτος
378 5425 448 5493 τῇ
482 5423 649 5492 σαρκὶ
679 5425 900 5496 πάσχει,
927 5426 1054 5496 περὶ
1085 5425 1184 5494 τῆς
1207 5425 1406 5498 σαρκὸς
1431 5427 1483 5478 τί
1513 5427 1580 5481 ἂν
1612 5428 1785 5481 εῖποι-

200 5525 332 5580 μεν;
385 5515 473 5566 ὅτι
523 5514 724 5584 πάσχει
785 5515 861 5586 τῷ
917 5515 1090 5585 Λόγῳ,
1133 5517 1165 5581 ἢ
1201 5517 1260 5568 ού
1294 5516 1527 5587 πάσχεις
1562 5521 1625 5572 Ei
1684 5521 1785 5589 μὲν

197 5602 261 5657 οὐ
290 5605 519 5675 πάσγει,
547 5605 718 5680 ταύτῃ
756 5608 816 5660 τὸ
854 5607 1058 5670 ἀπαθὲς
1087 5607 1346 5679 ἐχαρίσθη
1367 5625 1380 5639 °
1409 5609 1455 5662 εί
1481 5611 1537 5664 δέ
1561 5610 1781 5682 πάσχει,

265 5759 314 5796 ⁷⁸
351 5759 561 5816 Coloss.
608 5777 676 5826 Iv,
713 5762 763 5816 6.

1888 4698 2007 4767 pias
2042 4711 2203 4752 aures
2249 4695 2405 4751 nullo
2443 4693 2607 4748 modo
2650 4697 2968 4760 recepturas
3000 4693 3233 4751 norunt;
3269 4683 3466 4738 verbo-

1887 4804 2009 4842 rum
2035 4787 2354 4844 vulneribus
2372 4784 2672 4841 remedium
2705 4795 2998 4853 apponere,
3027 4775 3278 4833 addendo
3303 4773 3458 4837 illud,

1895 4899 1914 4932 ‹
1949 4894 2136 4944 carne,
2169 4897 2188 4930 ι
2223 4891 2438 4948 aequum
2475 4881 2808 4930 censuerunt
2843 4893 2856 4928 :
2891 4887 3013 4926 cum
3047 4869 3219 4925 satius
3250 4866 3463 4929 fuisset,

1889 4987 1990 5027 nec
2014 4971 2260 5026 morbum
2294 4971 2572 5034 inducere,
2614 4983 2716 5024 nec
2744 4967 2907 5020 fallax
2955 4961 3253 5018 remedium
3305 4957 3462 5011 adbi-

1890 5065 2040 5119 bere.
2074 5061 2208 5116 Nam
2253 5061 2616 5116 absurdorum
2652 5061 3110 5114 commentorum,
3133 5048 3343 5103 nullum
3378 5061 3467 5100 re-

1891 5155 2070 5225 perire
2121 5163 2206 5210 est
2257 5153 2403 5224 quod
2455 5151 2674 5207 veritati
2706 5151 2778 5207 sit
2808 5142 3316 5206 accommodatum;
3355 5140 3467 5192 imo

1892 5248 2076 5319 potius
2118 5247 2262 5302 idem
2298 5247 2620 5316 plerumque
2670 5255 2855 5298 secum
2912 5243 3138 5308 pugnat,
3172 5247 3275 5287 nec
3320 5229 3465 5299 apud

1891 5343 2060 5414 probe
2112 5339 2412 5396 sentientes
2441 5337 2605 5391 habet
2633 5335 2724 5389 ubi
2771 5331 3063 5386 consistat.
3102 5325 3290 5393 Neque
3328 5320 3467 5414 Ver—

1891 5413 2020 5488 bum
2056 5442 2140 5486 est
2169 5445 2336 5486 carne
2363 5428 2642 5500 passibile,
2673 5438 2850 5494 neque
2875 5434 3006 5476 caro
3035 5428 3120 5474 est
3151 5415 3330 5468 Verbo
3363 5413 3466 5464 imm

1891 5523 2193 5594 passibilis.
2228 5519 2335 5575 Sed
2366 5531 2421 5576 et
2448 5534 2578 5574 caro
2594 5517 2752 5586 juxta
2773 5512 3050 5586 prapriam
3083 5507 3187 5564 sibi
3215 5512 3466 5594 naturam

1892 5590 2204 5683 passionem
2237 5609 2497 5674 admittit,
2519 5616 2573 5663 et
2601 5605 2836 5662 Verbum
2869 5617 2899 5657 a
2929 5614 3028 5657 sua
3063 5591 3368 5654 substantia
3388 5590 3468 5647 in-
