3976 6388
538 399 677 456 nar
758 370 767 379 ’

1690 403 1748 459 S.
1790 403 2252 462 ATIIANASIUS.
2293 436 2362 446 —
2401 405 2665 462 SPURIA.

3629 406 3757 463 i368

534 522 838 595 scparabile
876 538 996 577 cum
1049 524 1137 583 sit.
1166 529 1268 579 test
1322 523 1672 593 impassibile.
1709 522 1768 578 Si
1800 540 1931 595 ergo
1968 523 2098 581 Ver-

2213 525 2307 579 ιῶν
2322 526 2415 580 δύο
2441 528 2502 580 τὸ
2525 526 2696 591 πάθος
2721 526 3170 598 κατεψηφίσαντο,
3188 529 3367 599 εἴπερ,
3385 526 3566 592 καθώς
3582 545 3756 597 φασιν,

536 615 668 668 hum
693 629 856 669 carne
884 614 1102 684 patitur,
1120 613 1186 672 ile
1202 628 1366 667 carne
1384 613 1516 681 quid
1533 614 1864 672 dixerimus?
1888 614 2097 670 Patitur
2128 662 2135 669 ,

536 704 737 768 Verbo,
786 719 967 759 annon
1026 704 1267 774 patitur?
1290 703 1349 760 Si
1387 721 1497 760 non
1526 707 1751 777 patitur,
1784 708 2096 779 impassibi-

443 792 460 803 ⁸
532 796 660 851 litas
701 797 779 851 illi
809 797 1073 852 attributa
1107 796 1245 864 fuit;
1280 799 1365 853 sin
1400 798 1624 867 patitur,
1657 799 1943 869 utriusque
1967 815 2096 869 pas-

537 889 747 944 sionem
776 889 1211 957 constituerunt;
1239 890 1529 960 siquidem,
1568 898 1628 945 ut
1660 892 1832 956 aiunt,
1863 890 2096 947 Verbum

536 979 755 1049 quidem
787 994 954 1035 carne
984 982 1209 1050 patitur,
1244 997 1373 1036 caro
1402 992 1578 1038 autem
1609 984 1814 1054 patitur
1832 982 2011 1039 Verbo
2043 985 2097 1039 in

536 1068 757 1137 propria
789 1078 1003 1123 natura.
1038 1068 1142 1124 Sed
1174 1068 1408 1125 fortasse
1447 1070 1628 1126 dicent
1658 1089 1673 1125 :
1708 1071 1817 1126 Cur
1844 1087 1975 1143 ergo
2012 1072 2099 1128 di-

535 1164 682 1212 ctum
720 1158 821 1213 fuit
851 1178 864 1214 :
900 1178 920 1210 ι
960 1158 1039 1214 Ex
1097 1160 1296 1229 quibus
1347 1159 1599 1216 Christus
1643 1161 1943 1216 secundum
1978 1175 2101 1215 car-

537 1265 659 1304 nem
677 1249 757 1303 7‘?
789 1268 812 1302 ι
842 1248 938 1304 Dic
970 1249 1247 1305 Christum
1287 1265 1529 1320 passum,
1559 1259 1614 1307 et
1640 1252 1831 1307 eodem
1857 1260 2101 1309 recurret

535 1354 734 1399 nomen
760 1340 961 1395 carnis.
990 1339 1095 1405 Qui
1123 1339 1436 1396 dicitDeum
1460 1338 1720 1410 Verbum,
1742 1343 2100 1399 substantiam

538 1429 840 1499 simplicem
887 1429 1134 1500 designat
1180 1448 1195 1484 :
1234 1431 1331 1501 qui
1361 1446 1492 1487 vero
1522 1430 1802 1488 Christum
1853 1432 2009 1499 dicit,
2054 1433 2102 1489 is

538 1520 771 1575 duarum
815 1520 1256 1590 coniunctionem
1286 1529 1605 1577 naturarum
1639 1523 1900 1579 declarat.
1925 1524 2103 1595 Atque

539 1616 619 1671 ita
676 1622 1042 1686 congruenter
1102 1616 1363 1686 explicari
1416 1616 1529 1671 haec
1573 1617 1830 1689 loquendi
1870 1617 2102 1672 formula

465 1694 474 1706 ’
540 1714 749 1776 potest,
788 1726 807 1759 ι
846 1707 1106 1765 Christus
1161 1714 1245 1763 est
1298 1722 1495 1778 passus
1527 1751 1541 1776 ,
1581 1729 1601 1762 ι
1648 1710 1777 1780 quia
1836 1725 1937 1765 vox
1988 1709 2103 1765 haec

541 1808 837 1869 utrumque
891 1799 1054 1853 simul
1105 1799 1395 1870 signiﬁcat,
1424 1807 1479 1855 et
1512 1800 1811 1870 impatihile
1843 1798 2101 1864 Verbum,

2200 622 2229 673 6
2262 621 2358 690 μὲν
2377 621 2547 690 Λόγος
2582 621 2779 692 πάσχει
2805 623 2871 692 τῇ
2904 620 3086 692 σαρκὶ,
3116 623 3148 692 ἡ
3177 620 3234 675 δὲ
3261 620 3399 692 σὰρξ
3451 619 3648 692 πάσχει
3688 621 3762 693 τῷ

2201 712 2359 784 Λόγῳ
2396 715 2454 767 ὲν
2485 715 2550 784 τῇ
2593 713 2698 785 ἰδίᾳ
2732 712 2910 784 φύσει.
2949 712 3084 765 Ἀλλ’
3118 712 3249 775 ἴσως
3273 713 3455 785 ἐροῦσι
3481 713 3638 777 ’Πῶς
3674 709 3762 768 οὖν

2202 805 2413 876 εἴρηται
2432 821 2447 836 ο
2490 822 2510 856 ι
2554 803 2643 870 Ἐξ
2662 798 2734 858 ὧν
2762 807 2791 859 6
2811 805 3041 876 Χριστὸς
3072 805 3133 859 τὸ
3162 804 3302 859 κατὰ
3326 805 3539 873 σάρκας
3576 823 3595 857 ι
3631 805 3761 875 Λέγε

2202 896 2435 969 Χριστὸν
2472 896 2729 959 παθόντα,
2771 897 2865 950 καὶ
2896 895 3189 968 σύνδρομον
3222 897 3474 968 εὑρήσεις
3511 896 3574 949 τὸ
3605 896 3763 966 θνομα

2201 988 2300 1058 τῆς
2329 988 2549 1060 σαρκός.
2583 989 2641 1040 Ὁ
2664 989 2762 1059 μὲν
2789 986 2898 1058 γάρ
2925 986 3092 1041 εἰπὼν
3116 987 3206 1041 τὸν
3229 986 3361 1040 Θεὸν
3378 987 3574 1056 Λόγον,
3595 988 3762 1057 ἁπλῆν

2203 1080 2390 1134 οὐσίαν
2429 1079 2726 1152 ἐσήμανεν
2759 1081 2789 1134 6
2816 1079 2872 1133 δὲ
2923 1078 3340 1151 προσαγορεύων
3384 1079 3642 1151 Χριστὸν,
3674 1079 3763 1150 τὴν

2205 1172 2496 1241 συνάφειαν
2537 1171 2644 1225 τῶν
2680 1170 2775 1225 δύο
2818 1169 3031 1240 φύσεων
3064 1170 3395 1241 ὲφανέρωσε.
3440 1171 3553 1224 Καὶ
3602 1170 3765 1231 οὕτως

2204 1262 2462 1334 ἁρμόζειν
2484 1262 2781 1317 δύναταιτὸ
2807 1262 3005 1331 λέγειν,
3033 1282 3052 1314 ι
3067 1260 3307 1315 Ἔπαθεν
3324 1261 3352 1314 6
3370 1261 3626 1333 Χριστὸς,
3648 1281 3665 1312 a
3686 1261 3766 1315 διὰ

2204 1356 2264 1410 τὸ
2279 1355 2376 1427 τὴν
2394 1357 2761 1429 προσηγορίαν
2773 1356 2974 1430 ταύτην
2988 1356 3055 1411 τὰ
3069 1356 3162 1411 δύο
3180 1357 3404 1429 μηνύειν
3419 1356 3555 1427 ἅμα,
3575 1358 3670 1411 καὶ
3684 1357 3768 1411 τὸν

2206 1445 2389 1517 άπαθῆ
2421 1446 2611 1516 Λόγον,
2642 1448 2737 1502 καὶ
2780 1446 2876 1520 τὴν
2917 1447 3162 1520 παθητὴν
3208 1448 3406 1521 σάρκα,
3442 1447 3545 1519 τὴν
3578 1464 3770 1516 γευσα-

2209 1538 2377 1609 μένην
2431 1537 2681 1595 θανάτου.
2740 1539 2891 1593 Ἐπεὶ
2945 1539 3039 1594 καὶ
3081 1537 3314 1604 Παῦλος,
3383 1538 3474 1605 Ἐξ
3521 1532 3621 1602 ὧν,
3680 1538 3771 1591 οὐκ

2207 1625 2347 1694 εἷπε,
2403 1630 2605 1702 γυμνὸς
2627 1632 2655 1683 6
2684 1630 2835 1695 Θεὸς,
2863 1630 2976 1685 ἀλλ’
3010 1648 3029 1683 ι
3076 1630 3163 1697 Ἐξ
3186 1623 3258 1684 ὧν
3280 1629 3518 1701 Χριστὸς
3555 1628 3616 1682 τὸ
3639 1629 3771 1682 κατὰ

2210 1721 2416 1793 σάρκαο
2443 1724 2557 1778 »ἵνα
2585 1721 2730 1795 δείξῃ
2755 1723 2845 1777 τόν
2877 1723 3359 1795 μνημονευόμενον,
3382 1721 3528 1775 κατὰ
3560 1721 3657 1792 μὲν
3681 1722 3771 1792 τὴν

2212 1813 2389 1886 σάρκα
2454 1815 2519 1868 ὲκ
2573 1815 2679 1868 τῶν
2728 1814 3069 1888 Ἰσραηλιτῶν
3089 1856 3103 1877 ,
3143 1814 3284 1868 κατὰ
3322 1814 3379 1868 δὲ
3413 1812 3515 1885 τὴν
3554 1812 3769 1882 θεότητα

543 1900 595 1946 et
618 1893 893 1962 patibilem
920 1906 1164 1956 carnem,
1182 1907 1303 1962 quae
1332 1899 1391 1947 et
1416 1901 1644 1948 mortem
1676 1892 1931 1963 gustavit.
1953 1889 2108 1945 Unde

2213 1880 2395 1960 tacicoﬁ
2424 1907 2640 1960 αἰωνίου
2666 1880 2906 1979 Πατρός.⁷
2927 1906 3017 1977 Μὴ
3041 1902 3193 1958 εἷπεν
3211 1921 3225 1935 ·
3269 1903 3362 1969 Ἐξ
3400 1880 3482 1958 ὧν
3500 1905 3530 1956 6
3557 1902 3689 1966 Θεὸς
3700 1880 3771 1973 τῇ

544 1999 647 2038 nec
674 1982 875 2039 Paulus
904 1978 1028 2038 ait:
1060 1983 1137 2038 Ex
1165 1984 1365 2054 quibus
1393 1982 1574 2039 nudus
1621 1982 1783 2046 Deus,
1820 1982 1939 2047 sed,
1968 2000 1988 2034 ι
2029 1981 2108 2036 Ex

544 2076 743 2146 quibus
779 2074 1028 2131 Christus
1057 2075 1355 2131 secundum
1395 2089 1649 2141 carnem;
1683 2094 1702 2128 ι
1741 2083 1800 2129 ut
1857 2074 2109 2130 ostendat

543 2183 690 2231 eum,
721 2167 878 2236 cujus
908 2166 1176 2231 meminit,
1208 2167 1507 2223 secundum
1539 2166 1758 2238 quidem
1798 2180 2017 2222 carnem
2043 2182 2108 2221 ex

543 2259 826 2325 lsraelitis,
862 2258 1162 2314 secundum
1190 2258 1449 2315 deitatem
1477 2273 1628 2324 vero,
1657 2275 1723 2316 ex
1755 2268 1960 2315 aeterno
1988 2273 2112 2315 esse

542 2347 724 2405 Patre.
749 2350 870 2404 Non
897 2350 1035 2404 dixit
1064 2369 1078 2405 :
1108 2351 1187 2404 Ex
1213 2350 1412 2421 quibus
1440 2349 1584 2407 Deus
1611 2367 1793 2408 carne.
1812 2350 1956 2407 Idem
1982 2366 2111 2406 vero

544 2449 599 2496 et
627 2450 685 2496 tu
717 2441 825 2507 dic,
843 2442 976 2497 etde
992 2450 1084 2497 tua
1115 2442 1247 2497 mihi
1267 2442 1530 2499 sententia
1556 2442 1908 2514 persuadebis
1935 2459 1949 2496 :
1975 2441 2110 2497 Pas-

547 2547 644 2587 sus
693 2539 777 2587 est
824 2532 1073 2589 Christus
1104 2532 1407 2588 secundum
1436 2548 1677 2588 carnem.
1704 2532 1760 2588 Si
1788 2548 1919 2587 vero
1942 2532 2109 2587 Deum

545 2639 714 2680 carne
764 2640 983 2695 passum
1042 2640 1166 2681 esse
1207 2625 1366 2690 dicis,
1416 2625 1641 2680 erudias
1675 2640 1761 2681 me
1787 2625 1947 2680 velim
1976 2623 2112 2678 dilu-

546 2712 687 2778 cide.
716 2722 897 2769 utrum
959 2714 1100 2770 idem
1145 2714 1255 2769 sint
1282 2712 1425 2769 Deus
1455 2722 1509 2769 et
1537 2728 1666 2768 caro
1689 2713 1984 2769 secundum
2012 2727 2112 2766 na-

547 2814 745 2871 turam,
777 2819 845 2859 an
887 2805 1033 2859 aliud
1073 2814 1235 2876 atque
1266 2804 1438 2859 aliud.
1469 2802 1525 2858 Si
1559 2804 1697 2860 idem
1728 2812 1886 2866 sunt,
1918 2817 2111 2874 passus

548 2902 635 2951 est
659 2893 801 2950 Deus
860 2895 914 2949 in
978 2896 1182 2965 seipse.
1226 2893 1362 2949 Nam
1408 2908 1627 2950 carnem
1652 2894 1790 2950 dicis
1820 2892 1960 2948 idem
1989 2907 2111 2948 esse

549 2986 696 3055 quod
726 2985 870 3042 Deus
901 2994 1004 3042 est.
1028 2987 1126 3041 Sin
1142 2986 1287 3041 aliud
1312 2994 1366 3043 et
1384 2986 1552 3050 aliud,
1575 2984 1846 3057 quomodo
1876 2985 1988 3040 haec
2019 2985 2112 3038 illo

547 3079 771 3149 patitur,
791 3093 915 3132 cum
939 3079 1119 3132 omnis
1138 3086 1389 3133 creatura
1406 3079 1585 3147 'scipsa
1609 3078 1848 3148 patiatur
1869 3093 1976 3131 non
2001 3076 2106 3131 alia

550 3169 899 3225 substantia?
923 3167 1097 3222 Homo
1139 3183 1247 3222 non
1292 3168 1499 3238 patitur
1527 3182 1668 3238 equo
1699 3186 1713 3222 :
1743 3183 1851 3222 non
1883 3168 2113 3223 moritur

2210 1998 2390 2071 σαρκί.
2426 1998 2500 2051 T6
2538 1998 2667 2051 αὐτὸ
2697 1999 2787 2052 καὶ
2822 1998 2886 2051 σὺ
2909 1996 3053 2066 λέγε,
3080 1996 3175 2050 καὶ
3219 1994 3509 2065 πείθομαι·
3540 1992 3772 2046 Ἔπαθεν

2207 2089 2237 2141 6
2288 2087 2522 2159 Χριστὸς
2576 2086 2715 2141 κατὰ
2764 2087 2961 2157 σάρκα,
2986 2086 3047 2139 Εἰ
3077 2085 3133 2139 δὲ
3181 2083 3381 2153 λέγεις,
3418 2084 3503 2137 ὅτι
3531 2081 3771 2136 ἔπαθενό

2207 2177 2339 2242 Θεὸς
2359 2181 2424 2250 τῇ
2458 2179 2639 2250 σαρκὶ,
2654 2175 2861 2240 δίδαξόν
2886 2193 2952 2247 με
2985 2174 3189 2245 σαφῶς,
3209 2175 3439 2245 πότερον
3455 2172 3623 2227 ταύτὸ
3644 2170 3773 2226 κατὰ

2210 2270 2369 2340 φύσιν
2410 2269 2541 2334 Θεὸς
2580 2268 2675 2322 καὶ
2708 2268 2862 2341 σὰρξ,
2905 2268 2937 2339 ἢ
2978 2267 3105 2323 ἄλλο
3148 2267 3241 2320 καὶ
3267 2266 3416 2321 ἄλλο.
3458 2265 3524 2318 Εἰ
3561 2264 3660 2335 μὲν
3687 2259 3772 2317 οὖν

2207 2362 2389 2428 ταύτὸ,
2420 2360 2616 2415 ἔπαθεν
2644 2363 2672 2415 6
2695 2360 2827 2424 Θεὸς
2851 2358 3047 2431 ἑαυτῷ.
3075 2358 3149 2412 Τὸ
3170 2357 3279 2430 γὰρ
3302 2357 3434 2411 αὐτὸ
3458 2356 3581 2427 Θεῷ
3605 2356 3773 2423 λέγεις

2207 2453 2305 2525 τὴν
2330 2453 2526 2525 σάρκα.
2549 2454 2613 2506 Εἰ
2636 2452 2692 2506 δὲ
2717 2453 2900 2524 ἕτερον
2923 2452 3015 2506 καὶ
3045 2450 3132 2504 ἒτε
3142 2467 3250 2522 ρον,
3263 2449 3382 2513 πῶς
3402 2448 3564 2502 τοῦτο
3593 2447 3771 2514 ἐκείνῳ

2212 2545 2431 2616 πάσχει,
2466 2545 2645 2616 πάσης
2678 2542 2890 2613 φύσεως
2920 2545 3084 2613 ἑαυτῇ
3112 2540 3447 2612 πασχούσης,
3489 2539 3591 2608 οὐχ
3624 2538 3771 2607 ἑτέρᾳ

2211 2638 2389 2707 οὐσίῃ
2424 2637 2498 2690 Οὐ
2533 2636 2729 2706 πάσχει
2767 2633 3051 2706 ἄνθρωπος
3086 2635 3269 2703 ἵππῳ·
3313 2632 3416 2685 οὐκ
3450 2629 3771 2699 ἀποθνήσκει

2210 2729 2357 2800 ψυχὴ
2408 2724 2602 2800 σαρκί·
2647 2725 2785 2781 ἀλλὰ
2824 2724 3010 2778 λύεται
3044 2724 3140 2794 μὲν
3184 2721 3343 2793 σὰρξ,
3392 2719 3684 2792 χωρίζεται
3720 2717 3770 2769 δὲ

2208 2820 2375 2891 ψυχή.
2430 2819 2659 2887 Λέγεται
2711 2816 2789 2881 δὲ,
2837 2800 2919 2870 δτι
2968 2814 3221 2883 τέθνηκεν
3253 2812 3562 2882 ἄνθρωπος,
3588 2808 3650 2863 τὸ
3675 2807 3771 2861 τῶν

2211 2911 2304 2964 δύο
2354 2907 2757 2982 παραστατικὸν
2806 2906 2983 2978 ψυχῆς
3033 2904 3127 2960 καὶ
3176 2903 3411 2975 σαρκὸς,
3457 2904 3554 2957 καὶ
3584 2904 3769 2955 νοεῖται

2212 3001 2353 3055 κατὰ
2372 3002 2433 3055 τὸ
2454 3000 2796 3071 ἐνδεχόμενον
2825 2994 3165 3066 τεθνηκέναι,
3186 2992 3330 3046 τοῦτ’
3360 2991 3498 3053 ἔστι,
3525 2988 3664 3044 κατὰ
3684 2986 3771 3058 τὴν

2216 3094 2412 3164 σάρκα,
2446 3091 2537 3145 καὶ
2568 3091 2627 3143 ού
2662 3088 2802 3143 κατὰ
2832 3087 2930 3155 τὴν
2958 3085 3223 3140 ἀθάνατον
3257 3082 3460 3153 ψυχήν.
3485 3077 3771 3151 Τοιγαροῦν

2217 3185 2394 3247 οὐδεὶς
2446 3178 2587 3236 εἴπεο
2632 3180 2739 3235 Τοῦ
2779 3180 2946 3242 δεῖνος
2976 3178 3010 3249 ἡ
3036 3175 3182 3247 ψυχὴ
3222 3174 3455 3242 τέθνηκε
3481 3173 3549 3242 τῇ
3590 3165 3768 3240 σαρκί·

550 3260 730 3314 anima
756 3274 922 3313 carne
955 3276 969 3312 :
1003 3258 1099 3313 sed
1144 3258 1374 3314 solvitur
1406 3259 1625 3329 quidem
1656 3274 1807 3325 caro,
1830 3266 2113 3328 separatur

2217 3275 2332 3329 ἀλλ’
2349 3274 2536 3328 ὁδεῖνα
2565 3272 2867 3340 ἄνθρωπος,
2900 3271 2928 3322 6
2964 3270 3028 3322 ὲκ
3057 3266 3236 3338 ψυχῆς
3263 3266 3358 3319 κιιί⁵
3379 3265 3631 3333 σώματος
3660 3276 3773 3314 συν-

549 3366 681 3407 vero
737 3351 941 3414 anima,
1002 3357 1058 3404 et
1108 3356 1293 3404 tamen
1370 3351 1534 3405 homo
1589 3351 1789 3406 dicitur
1846 3359 2113 3415 mortuus,

550 3442 751 3512 quippe
778 3448 1070 3512 utrumque
1102 3441 1436 3511 signiﬁcans,
1472 3444 1707 3497 animam
1753 3452 1807 3497 et
1837 3458 2057 3497 carnem
2098 3458 2111 3494 :

549 3543 801 3588 mortuus
824 3539 1002 3587 autem
1028 3532 1349 3603 intelligitur
1387 3534 1690 3589 secundum
1720 3532 1773 3587 id
1796 3532 1943 3603 quod
1978 3532 2117 3587 mori

552 3632 750 3695 potest,
770 3626 874 3680 hoc
911 3634 996 3680 est
1016 3625 1312 3680 secundum
1335 3640 1579 3690 carnem,
1595 3633 1652 3680 et
1675 3641 1784 3679 non
1816 3624 2115 3680 secundtun

551 3717 787 3771 animam
822 3717 1202 3773 immortalem.
1244 3715 1508 3771 Nimirum
1540 3733 1700 3773 nemo
1726 3717 1891 3773 dicit:
1924 3717 2117 3770 Anima

550 3807 838 3879 cujusdam
889 3815 1104 3863 mortua
1132 3815 1218 3865 est
1243 3823 1437 3875 carne;
1468 3809 1563 3864 sed
1590 3810 1753 3862 homo
1794 3808 2015 3879 quidam
2051 3823 2118 3861 ex

551 3898 732 3954 anima
769 3905 824 3953 et
855 3913 1086 3969 corpore
1120 3911 1380 3954 constans
1420 3918 1435 3953 :
1468 3900 1660 3954 anima:
1693 3907 1874 3954 autem
1914 3907 1968 3952 et
1997 3909 2119 3969 post

551 4000 780 4047 mortem
831 3990 1293 4045 immortalitatem
1342 3991 1586 4047 indicare
1631 3992 1841 4055 volens,
1877 3992 1933 4045 in
1961 4002 2120 4047 saler-

549 4097 683 4139 num
703 4083 884 4150 justos
912 4085 1093 4136 vivere
1120 4083 1275 4146 dicit,
1306 4090 1448 4139 teste
1488 4097 1645 4138 sacra
1674 4081 1978 4153 Scriptura.
2014 4083 2117 4139 Sed

548 4173 688 4230 istos
708 4172 833 4227 libri
869 4172 1038 4227 divini
1062 4174 1128 4227 ad
1151 4189 1320 4228 unum
1343 4189 1535 4230 omnes
1562 4173 1948 4230 condemnant.
1979 4174 2122 4241 Quot

549 4263 695 4317 enim
729 4262 1035 4332 prophetae?
1078 4269 1213 4331 quot
1255 4265 1520 4332 apostoli?
1549 4272 1684 4335 quot
1737 4266 2123 4335 evangelista?

552 4353 831 4422 Nusquam
881 4362 1063 4407 tamen
1124 4353 1434 4421 huiusmodi
1489 4370 1592 4409 vox
1646 4356 1889 4410 occurrit
1935 4372 1947 4408 :
1991 4369 2117 4410 cum

553 4452 774 4508 contra,
805 4443 1087 4499 Christum
1136 4458 1356 4514 passum
1398 4459 1553 4508 esse,
1588 4446 1872 4515 perspicue
1921 4446 2121 4516 ubique

2217 3365 2406 3430 επιῦς·
2433 3364 2530 3435 τὴν
2546 3363 2601 3416 δὲ
2615 3361 2791 3433 ψυχὴν
2819 3360 2911 3413 καὶ
2941 3354 3077 3430 μετὰ
3100 3357 3326 3411 θάνατον
3345 3356 3566 3427 μηνύων
3584 3352 3771 3407 ἀθάνα-

2214 3469 2324 3515 τον,
2344 3454 2422 3513 εἰς
2445 3450 2537 3503 τὸν
2560 3450 2730 3504 αἰῶνα
2753 3449 2879 3511 τοὺς
2900 3446 3140 3509 δικαίους
3160 3444 3329 3516 ἔφησε
3353 3445 3568 3517 ζῇν,ιῖις
3598 3446 3632 3516 ἡ
3657 3440 3772 3509 ἁγία

2216 3543 2408 3616 Γραφὴ
2454 3543 2736 3613 μαρτυρεῖ.
2767 3539 3018 3593 Ἐκείνων
3047 3538 3105 3591 δὲ
3136 3539 3286 3591 πᾶσα
3308 3536 3432 3590 θεία
3464 3536 3641 3606 βίϐλος
3658 3548 3772 3586 κατ-

2214 3637 2422 3705 ηγορεῖ.
2468 3634 2630 3686 Πόσοι
2706 3630 3016 3703 προφῆται;
3057 3629 3210 3682 πόσοι
3265 3628 3587 3693 ἀπόστολοι;
3636 3626 3771 3680 πόσοι

2218 3724 2597 3794 εύαγγελισταξ
2616 3741 2631 3790 ;
2654 3724 2746 3778 καὶ
2767 3721 3001 3793 οὐδαμοῦ
3028 3723 3156 3793 παρ’
3170 3720 3346 3775 ούδενὶ
3366 3720 3595 3789 τοιαύτη
3617 3718 3769 3787 φωνή.

2218 3819 2291 3871 Τὸ
2325 3818 2402 3881 δὲ,
2434 3816 2667 3888 Χριστὸς
2709 3812 3204 3884 ἐπαθε,πανταχοῦ
3239 3812 3523 3883 προδήλως
3553 3814 3771 3882 κεκήρυ⁴

2218 3928 2362 3962 κται.
2387 3926 2406 3958 c
2432 3907 2505 3960 T6
2531 3906 2719 3977 Πάσχα
2743 3904 2897 3977 ἡμῶν
2925 3903 3066 3974 ὑπὲρ
3085 3902 3239 3973 ἡμῶν
3272 3902 3439 3973 ἐτύθη
3457 3903 3704 3973 Χριστός.
3720 3899 3772 3952 Εἰ

2220 4000 2457 4071 παθητὸς
2475 4001 2503 4051 6
2523 3995 3015 4070 Χριστὸς,Χριστὸς
3037 3993 3304 4049 ἀπέθανεν
3320 3994 3464 4064 ὑπὲρ
3482 3992 3591 4045 τῶν
3612 3993 3772 4060 ἁμαρ⁴

2218 4092 2346 4144 τιῶν
2377 4091 2532 4161 ἡμῶν
2560 4087 2701 4142 κατὰ
2727 4088 2825 4151 τὰς
2852 4086 3095 4157 Γραφάς.
3119 4104 3137 4136 a
3186 4085 3242 4137 '0
3280 4083 3514 4156 σταυρὸς
3539 4083 3635 4137 τοῦ
3658 4084 3773 4152 Χρι-

2223 4184 2369 4247 στοῦ,
2412 4183 2473 4235 τὸ
2522 4181 2678 4251 σῶμα
2719 4178 2814 4233 τοῦ
2861 4177 3119 4249 Χριστοῦ,
3153 4176 3216 4229 τὸ
3241 4170 3381 4247 αἷμα
3406 4176 3504 4229 τοῦ
3532 4172 3771 4247 Χριστοῦ.

2222 4276 2345 4340 Πῶς
2366 4269 2457 4328 οὖν
2485 4271 2736 4325 τοσοῦτον
2756 4268 2915 4337 νέφος
2940 4267 3229 4339 μαρτύρων
3253 4267 3678 4339 παρατρέχουσι,
3694 4262 3772 4317 καί

2219 4367 2318 4437 τὴν
2369 4363 2505 4418 ἰδίαν
2549 4360 2832 4416 αὐθεντίαν
2861 4359 2963 4429 τῆς
2987 4356 3081 4410 τοῦ
3119 4358 3435 4428 ΠνεύματΟς
3478 4354 3774 4427 νομοθεσίας

2223 4454 2527 4527 ἔμπροσθεν
2557 4451 2783 4521 ἄγουσις
2807 4448 3250 4519 κατα-τολμῶντες
3281 4447 3383 4518 τῆς
3407 4446 3619 4517 βοώσης
3647 4447 3776 4498 ἐντο-

552 4535 831 4590 doceatur.
870 4551 891 4586 ι
937 4533 1147 4589 Pascha
1205 4541 1452 4589 nostrum
1503 4551 1600 4604 pro
1650 4536 1809 4591 nobis
1866 4536 2113 4592 immola-

2223 4549 2320 4618 λῆς
2340 4564 2353 4578 ε
2395 4564 2415 4597 ι
2453 4545 2543 4612 Μὴ
2586 4543 2809 4613 μέταιρε
2835 4542 2957 4613 ὅρια
2986 4538 3201 4601 αἰώνια,
3225 4537 3261 4592 ἃ.
3287 4538 3471 4591 ἔθεντο
3490 4541 3538 4591 οἱ
3564 4537 3775 4605 πατέρες

551 4638 642 4682 tus
681 4635 767 4683 est
810 4625 1066 4682 Christus
1081 4628 1147 4679 ".
1187 4626 1244 4679 Si
1282 4625 1560 4696 passibilis
1594 4627 1940 4695 Christus",
1964 4628 2124 4684 Chri-

553 4727 674 4774 stus
726 4730 976 4774 mortuus
1031 4724 1117 4774 est
1167 4732 1266 4788 pro
1313 4718 1555 4787 peccatis
1581 4720 1788 4775 nostris
1819 4722 2120 4776 secundum

555 4808 870 4880 Scripturas
883 4811 948 4865 ⁷⁷.
994 4829 1013 4863 ι
1039 4809 1190 4865 Crux
1214 4809 1456 4875 Christi,
1488 4825 1689 4882 corpus
1715 4811 1919 4868 Christi
1939 4851 1955 4874 ,
1990 4828 2120 4867 san-

550 4900 676 4974 guis
731 4900 957 4958 Christi.
1022 4900 1144 4968 Quo
1200 4902 1368 4973 igitur
1417 4904 1583 4958 modo
1629 4911 1838 4958 tantam
1897 4905 2122 4959 testium

552 4994 771 5049 turbam
802 5003 1155 5065 praetereunt,
1186 5002 1241 5050 et
1275 5011 1430 5051 suam
1459 4995 1705 5065 ipsorum
1742 4996 2121 5052 auctoritatem

556 5083 718 5156 505
743 5085 846 5157 legi
873 5084 1111 5156 Spiritus
1144 5087 1520 5157 anteponunt?
1546 5088 1654 5143 vim
1685 5085 1945 5143 facientes
1987 5101 2125 5157 pra:-

556 5188 716 5248 cepto
743 5177 999 5233 clamanti
1034 5196 1050 5232 :
1078 5196 1099 5230 ι
1134 5177 1215 5234 Ne
1236 5179 1663 5251 transgrediaris
1696 5179 1958 5234 terminos
1989 5178 2126 5232 anti-

559 5283 718 5339 quos,
752 5284 891 5338 quos
920 5276 1223 5340 posueth
1251 5278 1433 5340 patres
1462 5270 1543 5326 tui
1564 5270 1611 5303 ⁷⁸
1635 5289 1649 5325 :
1680 5288 1700 5322 ι
1728 5285 1829 5326 nec
1847 5269 2127 5325 attenden-

557 5370 663 5423 tes,
710 5376 925 5416 sacrum
980 5363 1133 5416 illum
1183 5370 1239 5417 et
1288 5378 1542 5433 magnum
1594 5362 1812 5418 Patrum
1855 5362 1910 5417 in
1946 5360 2124 5415 Nicaea

557 5454 808 5515 chorum.
845 5461 969 5523 post
1001 5453 1094 5508 Dei
1124 5462 1180 5509 et
1208 5453 1386 5510 Patris
1433 5453 1836 5510 confessionem
1865 5452 2126 5507 continuo

557 5557 755 5602 nomen
786 5542 1001 5597 Domini
1018 5542 1148 5599 Jesu
1185 5544 1434 5613 posuisse
1465 5563 1479 5598 :
1507 5563 1526 5596 ι
1560 5543 1628 5597 Et
1657 5544 1713 5598 in
1756 5557 1924 5597 unum
1943 5540 2126 5594 Domi-

559 5651 689 5694 num
729 5635 917 5691 Jesum
961 5637 1277 5705 Christum;
1312 5658 1332 5691 ι
1375 5646 1430 5694 et
1480 5638 1653 5694 eidem
1680 5646 1890 5709 postea,
1937 5643 2125 5706 utpote

2225 4655 2317 4691 σου
2337 4652 2354 4668 ο
2404 4653 2425 4687 a
2475 4633 2548 4703 μὴ
2592 4628 2969 4701 προσέχοντες,
3002 4628 3084 4681 ὅτι
3113 4629 3209 4683 καὶ
3247 4626 3357 4680 τῶν
3390 4627 3536 4680 κατὰ
3563 4626 3774 4680 Νίκαιαν

2223 4729 2391 4799 ἁγίων
2441 4722 2699 4794 Πατέρων
2741 4724 2770 4775 6
2814 4721 2957 4793 ἱερὸς
2987 4719 3080 4773 καὶ
3122 4719 3292 4790 μέγας
3327 4718 3490 4790 χορὸς
3525 4716 3661 4789 μετὰ
3690 4716 3774 4783 τὴν

2220 4819 2313 4873 τοῦ
2339 4817 2472 4871 Θεοῦ
2495 4814 2591 4869 καὶ
2620 4813 2833 4885 Πατρὸς
2862 4809 3151 4883 ὁμολογίαν
3173 4810 3333 4874 εὐθὺς
3362 4807 3522 4874 ἔταξε
3544 4810 3604 4863 τὸ
3627 4809 3775 4876 ὄνομα

2219 4912 2312 4966 τοῦ
2339 4909 2606 4964 Δεσπότου
2638 4904 2896 4977 Χριστοῦ·
2927 4921 2947 4954 ι
2984 4904 3091 4956 Καὶ
3117 4904 3199 4966 εἰς
3228 4901 3323 4955 ἕνα
3358 4900 3566 4973 Κύριον
3592 4897 3775 4972 Ἰησοῦν

2221 5002 2486 5075 Χριστόνο
2525 5018 2543 5051 a
2580 4994 2684 5051 εἷθ’
2715 4995 2889 5059 οὕτως
2942 4994 3222 5064 ἐπήγαγον
3266 4994 3337 5047 τά
3378 5009 3440 5046 τε
3486 4993 3659 5062 ὑψηλὰ
3690 4990 3774 5059 τῆς

2222 5093 2489 5163 θεότητος,
2511 5089 2581 5143 τά
2602 5105 2662 5142 τε
2684 5085 2995 5157 οἰκονομικὰ
3011 5085 3113 5154 τῆς
3136 5083 3327 5138 ἑαυτοῦ
3356 5084 3772 5156 ἀνθρωπότητος,

2220 5180 2298 5243 ὡς
2327 5179 2517 5234 τούτου
2554 5177 2716 5249 μόνου
2742 5174 2838 5228 τοῦ
2870 5174 3132 5244 ὀνόματος
3168 5173 3384 5236 οἰκείως
3432 5173 3527 5226 καὶ
3556 5168 3773 5243 προσφόο

2226 5288 2335 5343 ρως
2362 5271 2429 5325 τὰ
2464 5269 2696 5340 διάφορα
2725 5265 3033 5338 δεχομένου,
3063 5264 3210 5318 κατὰ
3245 5265 3345 5332 τὴν
3375 5262 3474 5317 τοῦ
3526 5261 3774 5334 μακαρίου

2224 5361 2436 5418 Παύλου
2470 5361 2682 5431 φωνήν·
2716 5378 2735 5410 ι
2771 5356 3029 5429 Θεμέλιον
3058 5354 3221 5409 ἄλλον
3243 5355 3420 5419 οὐδεὶς
3454 5355 3668 5408 δύναται
3688 5350 3777 5403 θεῖα

2222 5471 2310 5508 ναι
2357 5451 2508 5525 παρὰ
2550 5451 2642 5504 τὸν
2672 5450 2942 5520 κείμενον,
2970 5448 3028 5510 ὃς
3058 5448 3208 5502 ἐστιν
3244 5447 3453 5518 Ἰησοῦς
3483 5446 3719 5520 Χριστός.
3753 5459 3771 5491 ι

2222 5546 2314 5617 Μὴ
2339 5546 2402 5617 δὴ
2434 5542 2849 5613 καταλείψωμεν
2891 5540 2980 5594 τὸν
3023 5538 3294 5609 θεμέλιον,
3316 5540 3376 5603 ὃς
3423 5541 3637 5595 πάντων
3671 5532 3777 5589 ἐστὶ

2220 5635 2463 5697 δεκτικὸς
2482 5631 2602 5686 καθ’
2628 5630 2893 5702 ἑκατέραν
2920 5628 3101 5697 φύσιν,
3124 5630 3225 5698 τήν
3249 5647 3309 5683 τε
3331 5629 3577 5696 δόξαν,τό
3598 5644 3652 5680 τε
3684 5623 3780 5678 πά-

629 5792 677 5828 "
714 5791 869 5847 Rom.
910 5809 995 5860 ix,
1032 5793 1083 5849 5.
1160 5792 1208 5828 ⁷⁸
1245 5792 1266 5847 ἰ
1298 5793 1423 5849 Cor.
1459 5811 1512 5860 v,
1548 5793 1599 5848 7.
1675 5794 1721 5825 "
1759 5792 1881 5848 Act.
1919 5807 2069 5859 xxvi,
2104 5791 2190 5849 25.
2267 5794 2309 5826 "
2352 5790 2371 5845 l
2409 5788 2531 5845 Cor.
2569 5803 2657 5855 xv,
2695 5788 2745 5843 5.
2826 5791 2870 5868 7f
2910 5787 3074 5844 Prov.
3116 5804 3231 5844 xxii
3257 5830 3270 5854 ,
3306 5786 3391 5841 9.8.
