3976 6388
477 345 616 404 1571

1659 341 1716 395 8.
1758 339 2219 396 ATilANASlUS.
2260 370 2327 380 —
2368 339 2637 397 SPURIA.

3569 377 3572 380 .
3604 334 3738 391 1572

477 460 736 534 ingressi,
755 459 880 513 hinc
907 456 1032 513 inde
1059 457 1766 527 circumeunt,qua2stiones
1794 457 2060 513 absurdas

2184 475 2291 524 τους
2368 459 2586 520 πεύσεις
2664 472 3060 528 προτεινοντες,
3132 454 3228 508 καὶ
3299 454 3398 507 οὐκ
3456 453 3738 524 αἰσχύνον-

477 546 879 627 proponentes;'
893 564 992 603 nec
1015 547 1350 603 erubescunt
1365 564 1608 618 quaerere
1628 567 1641 602 :
1662 548 1948 614 Quomodo
1966 547 1993 602 εἰ
2003 567 2066 602 u-

482 647 586 700 daei
614 643 928 714 punientur,
944 639 992 694 si
1019 654 1126 692 non
1143 639 1462 693 occiderunt
1498 639 1663 695 Deum
1680 641 1704 694 ?
1719 639 1762 695 0
1780 641 2064 710 impuden-

477 743 590 791 tem
623 731 937 788 audaciam!
969 729 1012 784 0
1044 728 1449 784 fraudulentum
1469 730 1804 786 institutum!
1831 739 1888 785 ut
1911 730 2068 786 Chri-

479 836 626 882 stum
680 822 977 886 vindicent,
1036 836 1100 877 ea
1145 837 1268 891 quae
1325 821 1526 878 Christi
1581 830 1711 878 sunt
1753 823 2064 877 traducunt.

481 917 641 989 505
674 915 764 980 Ut,
793 915 967 978 aiunt,
1001 911 1173 967 Judaei
1205 912 1427 984 dignam
1459 913 1762 970 sceleribus
1801 915 1918 968 suis
1945 930 2065 983 ρω-

480 1025 609 1065 nam
635 1009 1150 1073 luant,.evertantur
1180 1003 1778 1074 omnia,vilipendatur
1795 1004 2066 1071 doctrina,

478 1099 891 1169 blasphematur
918 1095 1084 1161 Deus,
1117 1095 1360 1165 patibilis
1390 1101 1636 1157 vocetur,
1665 1093 1757 1163 qui
1782 1100 1866 1148 est
1896 1093 2069 1162 impa-

480 1190 677 1252 tibilis,
711 1187 911 1258 injuria
941 1185 1209 1240 inferatur
1237 1187 1444 1256 gloriae,
1472 1185 1606 1240 fines
1636 1185 1786 1239 orbis
1826 1183 2067 1238 universi

483 1280 839 1336 seducantur.
866 1277 949 1332 Tu
986 1292 1139 1339 vero,
1164 1277 1236 1329 mi
1271 1276 1458 1338 homo,
1487 1291 1554 1330 ne
1587 1288 1714 1329 cum
1748 1275 1843 1330 Dei
1876 1281 2070 1328 contu-

484 1370 649 1425 melia
675 1369 844 1424 Deum
881 1367 1180 1422 vindicato.
1217 1366 1320 1422 Odi
1358 1365 1730 1422 defensionem
1769 1381 1892 1436 quae
1946 1380 2070 1419 cum

483 1461 756 1517 dedecore
799 1463 1099 1530 conjuncta
1145 1467 1233 1514 est
1271 1475 1284 1510 :
1321 1466 1544 1528 praestat
1573 1459 1773 1511 lucrari
1805 1455 2070 1520 Judaaum,

485 1570 650 1625 quam
678 1551 1028 1608 Christianos
1057 1550 1321 1606 co'hfundi
1370 1569 1382 1604 :
1418 1557 1640 1619 praestat
1669 1559 1921 1603 auctores
1945 1563 2072 1617 pas-

487 1647 662 1702 sionis
681 1645 940 1714 effugere,
960 1660 1123 1714 quam
1145 1659 1269 1698 eum
1295 1643 1388 1712 qui
1425 1657 1620 1712 passus
1649 1649 1732 1697 est
1764 1640 2075 1710 hujusmodi

486 1740 778 1801 patronum
816 1730 1056 1784 nancisci
1087 1748 1102 1795 ;
1133 1736 1352 1798 praastat
1390 1728 1512 1782 illos
1541 1727 1750 1782 veniam
1790 1725 2072 1796 consequi,

2167 569 2256 605 ται
2299 550 2512 619 λέγειν·
2567 549 2688 613 Πῶς
2734 551 2780 602 oi
2837 547 3073 600 Ἰουδαῖοι
3137 547 3644 616 τιμωρηθήσονται,
3689 546 3738 600 ει

2171 642 2244 713 μὴ
2300 642 2432 694 Θεὸν
2470 642 2808 712 άνηρήκασις
2848 638 2950 708 φεῦ
3003 638 3100 706 τῆς
3149 636 3398 699 άναιδοῦς
3445 635 3735 706 ἀτολμίαςί

2166 734 2270 788 Φεῦ
2342 735 2441 805 τῆς
2501 733 2782 804 ἀπατηλῆς
2849 731 3248 801 ἑγχειρήσεωςί
3306 732 3386 792 είς
3464 729 3739 799 ἐκδίκησιν

2167 825 2403 897 Χριστοῦ
2469 824 2536 878 τά
2611 823 2846 894 Χριστοῦ
2906 821 3286 893 διασύρουσιν
3327 822 3485 883 Ἵνα,
3549 821 3736 887 φασὶν,

2180 915 2421 969 Ἰουδαῖοι
2507 916 2659 987 δίκην
2733 913 2887 977 ἀξίαν
2967 913 3376 984 ἀπαιτηθῶσιν,
3438 913 3738 982 ἀνατρεπέ-
3840 909 3842 911 ’

2171 1005 2280 1058 σθω
2328 1005 2398 1058 τά
2464 1006 2660 1069 πάντα,
2711 1002 3096 1074 ρᾳδιουργείτω.
3147 1001 3210 1054 τὸ
3257 1002 3458 1071 δόγμα,
3500 1000 3741 1071 βλασφη-

2173 1096 2376 1166 μείσθω
2435 1096 2585 1163 Θεὸς,
2643 1095 2882 1165 παθητὸς
2946 1093 3212 1147 καλείσθω
3251 1094 3281 1145 ό
3316 1093 3560 1162 ἀπαθὴς,
3597 1091 3743 1162 ὑδρι-

2169 1188 2346 1253 ζέσθω
2406 1189 2438 1258 ἠ
2491 1189 2638 1253 δόξα,
2687 1187 2974 1242 πλανάσθω
3039 1187 3137 1255 τῆς
3183 1184 3512 1254 οἰκουμένης
3557 1184 3625 1237 τὰ
3652 1183 3742 1236 πέ-

2171 1296 2330 1353 ρατα.
2371 1279 2675 1350 Ἄνθρωπε,
2710 1280 2782 1350 μὴ
2844 1278 3046 1333 ἐκδίκει
3086 1277 3218 1329 Θεὸν
3267 1277 3354 1344 ἐφ’
3386 1275 3544 1346 ὕϐρει
3573 1273 3738 1327 Θεοῦ*

2175 1370 2319 1441 μισῶ
2367 1371 2691 1442 συνηγορίαν
2714 1371 2934 1440 ἀτιμίας
2964 1368 3221 1439 πρόξενον
3245 1384 3258 1397 ο
3316 1370 3569 1436 κρεῖττον
3621 1367 3745 1416 Ἰου-

2171 1467 2317 1519 δαῖον
2346 1466 2630 1536 κερδῆσαι,
2650 1465 2681 1536 ἧ
2701 1465 3056 1534 Χριστιανοὺς
3077 1462 3434 1532 αἰσχυνθῆναι
3456 1478 3472 1491 ·
3500 1464 3743 1532 κρεῖττον

2172 1557 2300 1620 τοὺς
2322 1557 2690 1626 πεποιηκότας
2718 1557 2928 1624 φυγεῖν,
2963 1555 2996 1625 ἢ
3028 1554 3117 1607 τὸν
3154 1553 3465 1606 πεπονθότα
3505 1551 3743 1606 τοιούτου

2177 1649 2474 1719 συνηγόρου
2509 1651 2688 1718 τυχεῖν
2715 1665 2728 1678 ·
2757 1651 3000 1718 κρεῖττον
3026 1646 3263 1708 ἐκείνους
3293 1643 3628 1716 συγγνώμην
3664 1644 3747 1696 εὑ-

2181 1740 2351 1810 ρεῖνῆ
2379 1739 2568 1792 τούτου
2595 1739 2828 1810 τρεπτοῦ
2870 1739 2970 1791 ἰιαὶ
3015 1738 3262 1808 παθητοῦ
3307 1737 3452 1790 κατά
3496 1737 3596 1806 τὴν
3629 1736 3744 1790 θεό-

483 1840 651 1894 quam
680 1824 828 1878 hunc
858 1823 1175 1878 mutabilem
1207 1828 1261 1876 et
1291 1820 1608 1892 passibilem
1633 1820 1933 1875 secundum
1955 1817 2072 1872 dei-

2184 1849 2313 1902 τητα
2341 1831 2498 1895 δόξαν
2519 1827 2725 1884 λαὸεῖν.
2764 1831 2828 1882 Τί
2855 1830 3117 1900 παρέχεις
3169 1829 3443 1892 Ἰουδαίοις
3487 1829 3745 1900 καύχημα

485 1922 658 1971 tatem
690 1915 1014 1969 existimari.
1058 1913 1332 1979 Quorsum
1377 1909 1581 1966 Judaeis
1616 1910 1756 1964 hanc
1790 1909 2078 1980 magniﬁce

489 2005 762 2075 gloriandi
796 2005 1002 2074 praebes
1054 2003 1358 2068 materiem,
1399 2001 1560 2072 quasi
1597 1999 1798 2056 deitate
1831 2001 1948 2070 ipsa
1980 2015 2078 2054 su-

490 2099 736 2166 periores
768 2096 969 2150 fuerint
997 2097 1020 2149 ?
1047 2112 1170 2151 cum
1226 2111 1293 2150 ne
1327 2095 1591 2164 templum
1639 2093 1858 2163 quidem
1891 2100 2077 2148 tenere

489 2189 793 2260 potuerint,
839 2189 942 2243 nisi
993 2204 1058 2243 eo
1095 2188 1190 2258 qui
1244 2187 1509 2241 inhabitat
1552 2187 1926 2256 permittente,
1983 2185 2077 2254 qui

493 2279 636 2333 idem
669 2281 907 2332 solutqu
933 2279 1067 2332 illud
1097 2277 1410 2340 suscitavit,
1438 2276 1751 2333 insolubilis
1776 2277 1892 2345 ipse
1925 2290 2080 2328 man-

411 2410 416 2414 .
492 2369 586 2422 sit.
625 2367 898 2432 Quorsum
923 2368 1044 2437 ejus
1066 2367 1160 2436 qui
1194 2381 1394 2436 passus
1417 2373 1502 2420 est
1531 2365 1800 2418 voluntati
1839 2376 1930 2418 tuo
1962 2364 2077 2417 cal-

487 2460 620 2514 culo
654 2459 949 2530 refragaris
976 2460 998 2512 ?
1028 2474 1130 2512 cur
1177 2459 1301 2528 plus
1358 2457 1680 2521 contristas,
1729 2455 1796 2510 iis
1821 2470 1915 2526 per
1959 2469 2080 2523 qua:

494 2552 704 2609 scilicet
735 2552 989 2620 iujuriam
1021 2549 1290 2615 vindicas,
1341 2565 1506 2620 quam
1543 2549 1580 2602 ii
1613 2547 1718 2617 ipsi
1751 2547 1844 2617 qui
1890 2545 2080 2615 perpe-

493 2653 643 2699 trare
685 2645 901 2699 facinus
945 2643 1065 2698 ausi
1130 2649 1282 2709 sunt,
1317 2641 1717 2695 contristarunt
1749 2640 1772 2692 ?
1807 2638 2080 2704 Quorsum

494 2736 783 2792 verissima
813 2736 1016 2790 Christi
1056 2735 1222 2790 verba
1257 2733 1533 2788 subvertis
1564 2734 1587 2785 ?
1621 2732 1742 2800 Ipse
1773 2733 1918 2786 enim
1946 2738 2083 2784 tem-

495 2843 630 2899 pore
674 2828 946 2898 passionis
993 2829 1131 2882 dixit
1167 2843 1181 2878 :
1235 2845 1255 2879 ι
1295 2825 1457 2880 Pater
1482 2865 1496 2891 ,
1531 2825 1744 2879 dimitte
1794 2824 1922 2889 illis,
1953 2822 2082 2892 quia

495 2921 751 2976 nesciunt
783 2921 914 2991 quid
946 2921 1155 2974 faciunt
1182 2921 1250 2971 ⁸⁸.
1298 2938 1317 2970 ι
1361 2917 1426 2972 Ει
1456 2924 1511 2972 ιιι
1555 2931 1748 2987 poenas
1783 2917 1834 2984 (a
1861 2913 2082 2983 Judaais)

493 3013 690 3082 exigis,
729 3012 952 3081 perinde
991 3026 1054 3066 ac
1077 3013 1121 3065 si
1160 3010 1254 3065 Dei
1290 3009 1632 3080 praesentiam
1682 3007 2000 3077 cognorint,
2031 3013 2085 3061 et

499 3104 560 3158 in
593 3103 761 3159 Deum
795 3107 973 3174 ipsum
1027 3102 1229 3156 eadem
1278 3097 1904 3172 perpetrarint?Desine
1960 3113 2085 3170 gra-

498 3195 652 3250 viora
683 3196 926 3266 aggredi,
965 3210 1130 3264 quam
1156 3195 1192 3247 ii
1230 3194 1334 3264 ipsi
1357 3193 1452 3264 qui
1485 3192 1764 3247 Christum
1788 3192 1938 3246 cruci
1971 3190 2084 3244 alli-

500 3294 720 3340 xerunt.
771 3284 853 3339 llli
915 3285 1122 3339 nudum
1169 3285 1446 3338 hominem
1505 3283 1783 3338 Christum
1833 3290 2086 3353 putantes

501 3377 899 3433 interemerunt
927 3395 942 3443 ;
969 3386 1028 3430 tu
1071 3375 1241 3430 Deum
1290 3376 1558 3431 confitens
1603 3390 1815 3441 verum,
1850 3374 2086 3429 mutabi-

501 3468 632 3532 lem,
665 3469 962 3538 patibilem,
989 3475 1263 3521 mortuum
1296 3466 1550 3536 denique,
1581 3466 1838 3536 praeclara
1869 3466 1958 3519 illa
1995 3475 2088 3520 tua

500 3561 741 3614 vindicta
773 3560 998 3615 asseris.
1035 3560 1251 3625 Quanto
1285 3575 1412 3613 vero
1444 3558 1670 3613 audacia
1702 3558 1878 3626 major
1913 3567 1999 3613 est
2031 3559 2088 3612 in

500 3651 673 3706 Deum
706 3652 870 3722 impie
899 3652 1206 3720 insurgere,
1239 3666 1403 3721 quam
1461 3650 1734 3706 hominem
1767 3667 1928 3720 quem
1964 3666 2088 3706 esse

501 3751 662 3814 putes
697 3745 894 3813 injuria
930 3752 1145 3813 petere;
1175 3752 1328 3797 tanto
1365 3744 1474 3806 ille,
1509 3744 1602 3812 qui
1635 3741 1805 3796 Deum
1846 3741 2083 3796 Verbum

503 3835 690 3905 lingua
717 3837 838 3891 sine
869 3851 1038 3891 causa
1069 3835 1306 3899 occidit,
1339 3835 1592 3889 miserior
1619 3844 1702 3890 cst
1731 3835 1799 3889 iis
1849 3833 1941 3903 qui
1966 3849 2088 3887 ear-

505 3943 629 3982 nem
661 3926 874 3981 Domini
899 3927 1069 3983 clavis
1092 3928 1212 3982 sine
1245 3942 1412 3983 causa
1451 3926 1830 3996 perfoderunt.
1867 3924 2092 3980 Verum-

505 4027 690 4073 tamen
740 4034 846 4072 non
877 4019 1140 4088 quoniam
1173 4026 1233 4072 tu
1273 4019 1552 4072 crudelior
1593 4033 1676 4081 es,
1713 4018 1941 4072 terribili
1971 4017 2092 4074 illos

507 4123 672 4178 paena
699 4109 997 4163 liberamus
1031 4124 1044 4160 :
1089 4108 1186 4163 sed
1216 4119 1270 4163 et
1297 4110 1484 4164 deitati
1524 4109 1736 4163 Domini
1759 4108 1965 4163 Christi.
1991 4109 2093 4163 im-

508 4199 895 4268 patibilitatem
955 4215 1113 4253 suam
1170 4215 1455 4256 servamus
1491 4209 1589 4254 :et
1639 4201 1962 4255 humanitati
2017 4201 2093 4254 illi

509 4291 681 4344 unita:
737 4290 1048 4359 passionem
1093 4307 1250 4346 suam
1284 4293 1637 4346 alteslationc
1679 4303 1864 4346 nostra
1895 4293 2091 4347 tribui-

512 4396 658 4445 mus,
693 4388 747 4435 ct
773 4395 802 4433 a
835 4380 1038 4436 Iudaeis
1068 4397 1263 4451 pmnas
1302 4382 1447 4452 exigi
1480 4382 1824 4445 confitemur,
1856 4399 1921 4437 eo
1948 4383 2095 4452 quod

509 4487 716 4526 vesana
747 4475 948 4528 mentis
972 4475 1218 4529 caecitate
1244 4475 1299 4527 in
1321 4473 1578 4528 deitatem
1605 4474 1778 4544 ipsam
1809 4475 2096 4531 manifeste

513 4564 737 4618 fuerunt
790 4565 963 4634 impii.
1006 4564 1264 4635 Nunquid
1295 4580 1424 4621 vero
1452 4573 1505 4620 et
1532 4581 1677 4620 nunc
1709 4582 1820 4620 non
1848 4567 2094 4623 videmus

512 4671 631 4720 cos,
682 4657 776 4726 qui
814 4658 1034 4726 templis
1076 4657 1186 4712 Deo
1224 4659 1424 4728 saepius
1481 4661 1822 4715 consecratis
1862 4659 2103 4716 nefarias

515 4765 711 4802 manus
743 4748 1008 4811 inferunt,
1048 4758 1107 4803 ut
1147 4765 1209 4805 ea
1252 4750 1336 4804 vel
1369 4751 1638 4820 polluant,
1671 4752 1756 4805 vel
1797 4751 2103 4819 destruant,

514 4840 644 4894 licet
676 4840 731 4893 in
757 4842 902 4911 ligna
934 4842 1201 4896 duntaxat
1235 4850 1288 4896 et
1321 4843 1532 4912 lapides
1587 4845 1846 4912 smviaut,
1879 4845 2105 4914 perinde

516 4938 698 4987 tamen
731 4934 936 5003 puniri,
981 4949 1046 4988 ac
1077 4935 1125 4989 si
1182 4945 1377 4988 contra
1409 4934 1576 4989 Deum
1625 4937 1804 5006 ipsum
1847 4937 2107 4992 audacter

518 5037 580 5077 se
633 5023 920 5079 efferant?
952 5024 1225 5080 Nimirum
1287 5026 1651 5082 inanimatum
1708 5030 1968 5100 templum
1995 5037 2105 5083 tam

520 5131 707 5172 severe
747 5119 1093 5182 vindicatur,
1127 5120 1394 5190 templum
1451 5136 1583 5176 vero
1615 5122 1797 5176 vivum
1853 5123 2109 5193 impollu-

518 5214 658 5273 tum,
688 5213 950 5280 templum
987 5212 1099 5268 Deo
1138 5213 1500 5283 conjunctum
1543 5213 1910 5279 inefi‘abiliter,
1943 5217 2112 5272 indis-

523 5299 849 5366 solubiliter,
875 5319 985 5357 non
1018 5305 1191 5359 multo
1233 5305 1480 5361 severius
1523 5306 1892 5361 vindicabitur
1919 5309 2108 5378 ?quod

523 5389 702 5458 ipsum
728 5395 948 5463 quidem
979 5397 1184 5465 injuste
1205 5412 1430 5466 passum
1457 5405 1563 5465 est,
1589 5398 1685 5454 sed
1712 5399 1782 5454 ita
1810 5407 1868 5453 ut
1896 5400 1948 5455 in
1975 5408 2111 5456 tem-

593 5547 639 5579 ⁸⁸
678 5547 811 5605 Luc.
849 5568 984 5607 χχιιι
1009 5594 1022 5619 ,
1061 5555 1150 5610 54.

599 5699 708 5770 (24)
751 5703 901 5773 Μεδη
941 5708 1385 5777 ἀπαιτουμένους.

2180 1924 2454 1996 μέγιστον,
2483 1923 2558 1986 ώς
2597 1923 2847 1992 θεότητος
2884 1921 3051 1989 αὐτῆς
3100 1919 3486 1991 περιγενέσθαι
3528 1921 3747 1992 δεδυνηο

2181 2015 2402 2087 μένοις;
2438 2013 2557 2067 οὐδὲ
2587 2014 2696 2085 γάρ
2719 2014 2808 2066 τὸν
2835 2013 2961 2067 ναὸν
2995 2013 3206 2082 ἔχουσιν
3243 2013 3328 2075 ἂν,
3357 2013 3406 2064 εἰ
3440 2011 3583 2082 μὴ,ό
3618 2013 3748 2065 ένοι-

2177 2105 2289 2160 κῶν
2320 2104 2716 2175 συνεχώρησεν,
2745 2104 2801 2168 ὃς
2827 2104 2921 2158 καὶ
2950 2103 3042 2157 τὸν
3076 2102 3305 2156 λυθέντα
3322 2103 3572 2173 ἤγειρεν,
3593 2102 3746 2164 αὐτὸς

2176 2198 2220 2251 δ’
2252 2197 2444 2260 άλυτος
2484 2196 2685 2266 ἔμεινε.
2720 2196 2784 2250 Τί
2834 2195 2986 2267 παρά
3028 2195 3253 2265 γνώμην
3282 2194 3376 2248 τοῦ
3426 2193 3745 2255 πεπονθότος

2178 2289 2362 2360 φέρεις
2388 2287 2485 2359 τὴν
2511 2287 2689 2357 ψῆφον
2713 2306 2728 2352 ;
2762 2288 2814 2340 τί
2853 2287 3013 2341 πλέον
3039 2287 3250 2351 λυπεῖς,
3292 2285 3376 2349 οἷς
3419 2285 3586 2354 δῆθεν
3613 2285 3746 2338 ἐκδι-

2179 2387 2315 2446 κεῖς,
2343 2381 3002 2453 ἢέκεῖνοιτετολμηκότες
3035 2379 3312 2450 ἐλύπησαν
3340 2379 3436 2442 ςΤί
3461 2377 3561 2440 τὰς
3591 2377 3747 2446 ἀψευ-

2178 2475 2288 2537 δεῖς
2335 2475 2634 2542 ἀποφάσεις
2677 2473 3000 2542 ἀνατρέπεις
3049 2471 3143 2524 τοῦ
3193 2471 3446 2541 Σωτῆρος
3477 2467 3744 2540 Χριστοῦ;

2180 2562 2351 2625 Αὐτὸς
2387 2562 2541 2629 ἔλεγε
2589 2561 2669 2632 τῷ
2693 2559 2870 2631 καιρῷ
2896 2559 2992 2612 τοῦ
3034 2559 3240 2622 πάθους
3263 2577 3276 2588 ·
3337 2577 3355 2608 ι
3389 2558 3596 2628 Πάτερ,
3624 2557 3747 2624 ἄφες

2180 2655 2363 2717 αὐτοῖς
2396 2672 2410 2686 ·
2435 2654 2496 2706 ού
2527 2654 2636 2724 γάρ
2677 2653 2849 2705 οἴδασι
2882 2652 2932 2704 τί
2984 2650 3218 2704 ποιοῦσι.
3252 2669 3274 2703 ι
3316 2649 3428 2704 Καὶ
3485 2652 3550 2704 σὺ
3604 2649 3746 2718 δίκην

2181 2746 2456 2809 ἀπαιτεῖς,
2483 2744 2558 2808 ώς
2591 2744 2897 2812 ἐγνωκότας
2921 2743 3057 2796 Θεοῦ
3092 2743 3422 2813 παρουσίαν,
3449 2742 3546 2794 καὶ
3571 2740 3748 2811 δεδρα-

2183 2839 2346 2902 κότας
2377 2837 2519 2890 κατά
2565 2837 2700 2890 Θεοῦ
2757 2835 3102 2906 μιαιφονίαν;
3149 2835 3368 2888 Παῦσαι
3405 2832 3748 2904 χαλεπώτερα

2183 2929 2398 3000 τολμῶν
2413 2930 2509 3000 τῆς
2529 2929 2636 2981 τῶν
2659 2928 3088 2999 σταυρωσάντων
3118 2926 3492 2997 παρανομίας.
3536 2927 3748 2977 Ἐκεῖνοι

2183 3023 2336 3094 ψιλὸν
2359 3022 2643 3092 ἄνθρωπον
2680 3021 3000 3091 νομίσαντες
3045 3020 3136 3074 τὸν
3179 3019 3442 3091 Χριστὸν,
3509 3015 3750 3071 ἀπεκτεί-

2186 3132 2347 3169 ναντο
2372 3132 2386 3145 ο
2421 3115 2508 3178 σὺ,
2543 3113 2678 3166 Θεὸν
2723 3112 2997 3184 ὁμολογῶν
3045 3111 3317 3182 ἀληθινὸν,
3373 3109 3628 3182 τρεπτὸν,
3668 3108 3750 3160 καὶ

2190 3199 2451 3269 παθητὸν,
2485 3199 2578 3252 καί
2602 3197 2794 3268 νεκρὸν
2818 3197 2906 3249 διὰ
2936 3197 3036 3266 τῆς
3063 3195 3233 3264 καλῆς
3273 3195 3609 3264 ἐκδικήσεως
3632 3194 3750 3246 ἀπο·

2189 3292 2422 3361 φαίνεις.
2477 3292 2630 3361 Ὃσῳ
2677 3289 2734 3342 δὲ
2782 3288 3177 3358 τολμηρότερον
3222 3285 3318 3339 τοῦ
3359 3286 3437 3349 ὡς
3481 3287 3749 3355 ἄνθρωπον

2188 3383 2395 3436 οἴεσθαι
2447 3383 2652 3436 ἀδικεῖν
2704 3381 2766 3434 τὸ
2817 3381 2897 3443 είς
2948 3378 3080 3432 Θεὸν
3132 3378 3373 3440 ἀσεϐεῖν,
3424 3376 3660 3446 τοσούτῳ
3695 3391 3748 3443 γε

2188 3474 2514 3544 ἀθλιώτερος
2546 3476 2574 3526 ό
2601 3473 2693 3526 τὸν
2724 3472 2857 3524 Θεὸν
2885 3471 3058 3539 Λόγον
3079 3472 3144 3540 τῇ
3179 3467 3404 3538 γλώσσῃ
3439 3469 3617 3538 μάτην
3671 3483 3752 3535 φο-

2190 3568 2361 3623 νεύων
2387 3567 2494 3619 τῶν
2517 3566 2598 3628 είς
2629 3565 2729 3635 τὴν
2761 3564 2939 3635 σάρκα
2959 3562 3054 3614 τοῦ
3083 3561 3289 3631 Κυρίου
3321 3563 3449 3623 τοὺς
3471 3561 3633 3630 ἥλους
3661 3559 3751 3628 μά-

2189 3678 2289 3731 την
2316 3659 2638 3730 πειράντων.
2677 3657 2821 3725 Πλὴν
2867 3656 2986 3717 οὐκ,
3046 3654 3233 3724 ἐπειδὴ
3287 3655 3351 3707 σὺ
3388 3653 3750 3723 χαλεπώτερος

2190 3753 2289 3824 τῆς
2324 3752 2560 3822 φοϐερᾶς
2609 3748 2928 3818 καταδίκης,
2968 3748 3211 3809 ἐκείνους
3243 3747 3602 3817 ἀρπὰ.ζομεν⁸
3633 3743 3752 3797 ἀλλά

2192 3846 2288 3898 καὶ
2317 3847 2380 3915 τῇ
2411 3843 2624 3913 θεότητι
2662 3841 2756 3894 τοῦ
2802 3839 3073 3892 Δεσπότου
3120 3837 3358 3908 Χριστοῦ
3412 3834 3751 3908 τηροῦμεντὸ

2193 3937 2421 3999 ἀπαθὲς,
2457 3936 2552 3990 καὶ
2584 3938 2650 4005 τῇ
2685 3934 3066 4005 ἀνθρωπότητι
3100 3935 3163 4001 τῇ
3196 3931 3450 4002 ἡνωμένη
3490 3945 3752 4000 προσμαρ-

2191 4029 2464 4102 τυροῦμεν
2507 4028 2567 4080 τὸ
2591 4027 2782 4089 πάθος,
2811 4026 3046 4087 καὶτοὺς
3080 4023 3369 4085 Ἰουδαίους
3401 4008 3752 4092 ὁμολογοῦμεν

2149 4173 2160 4181 .
2196 4120 2544 4176 ἀπαιτεῖσθαι
2571 4119 2683 4187 (24)
2715 4117 2890 4187 δίκην,
2931 4117 3007 4180 ὡς
3040 4119 3121 4179 είς
3162 4116 3335 4187 αὐτὴν
3368 4116 3628 4186 ἄντικρυς
3655 4111 3754 4165 θεό-

2194 4229 2334 4282 τητα
2357 4211 2444 4264 διά
2478 4211 2577 4279 τῆς
2599 4210 2678 4272 εἰς
2707 4207 2869 4261 αὐτὸν
2897 4207 3152 4269 ἀπονοίας
3175 4206 3545 4274 ἠσεϐηκότας.
3579 4206 3644 4256 Ἦ
3676 4202 3754 4255 καὶ

2197 4306 2294 4359 νῦν
2325 4305 2423 4374 οὐχ
2451 4301 2665 4374 ὁρῶμεν
2692 4302 2818 4364 τοὺς
2843 4299 2982 4354 κατά
3006 4298 3134 4352 ναοῦ
3177 4299 3442 4360 πολλάκις
3486 4295 3756 4364 ἀνακειμέ-

2198 4414 2292 4450 νου
2341 4395 2458 4465 Θεῴ
2499 4397 2687 4465 χεῖρας
2720 4391 3010 4463 ἀθεμίτους
3059 4391 3408 4452 ὲκτείναντας
3449 4391 3533 4457 ἐφ’
3560 4385 3752 4458 ὖῦρειῆ

2201 4486 2516 4548 καταλύσει,
2553 4485 2734 4538 καίτοι
2767 4483 2910 4536 κατὰ
2934 4482 3105 4547 ξύλων
3146 4482 3180 4552 ἦ
3222 4481 3386 4534 λίθων
3413 4481 3754 4550 πράττοντας,

2197 4575 2341 4630 οὕτω
2387 4574 2706 4646 δεχομένους
2752 4573 2852 4644 τὴν
2877 4573 3166 4644 τιμωρίαν,
3213 4572 3289 4634 ὡς
3328 4571 3469 4624 κατὰ
3506 4569 3638 4622 Θεοῦ
3674 4566 3758 4636 τὴν

2199 4668 2404 4737 τόλμαν
2433 4665 2778 4728 ὲκτείναντας
2805 4681 2818 4728 ;
2849 4664 2960 4717 Καὶ
2989 4663 3116 4726 ναὸς
3152 4661 3249 4732 μὲν
3270 4659 3530 4729 τοιαύτην
3564 4659 3756 4727 δέχεται

2199 4760 2298 4830 τὴν
2331 4758 2608 4829 ἐκδίκησιν
2636 4757 2842 4827 ἄψυχος
2867 4773 2880 4786 ·
2907 4755 3034 4818 ναὸς
3071 4754 3129 4806 δὲ
3177 4753 3286 4817 ζῶν
3321 4752 3610 4821 ἄχραντος,
3649 4746 3756 4806 ναὸς

2201 4851 2323 4922 Θεῷ
2353 4849 2698 4920 συνημμένος
2731 4849 3006 4919 ἀρρήτως,
3047 4844 3455 4904 ἀδιασπάστως,
3516 4841 3578 4892 οὐ
3638 4837 3755 4890 πολὺ

2202 4945 2367 4999 πλέον
2394 4942 2832 5013 ὲκδικηθήσεται,
2880 4941 2956 5003 ὡς
2994 4939 3156 5002 αὐτὸς
3195 4937 3293 5007 μὲν
3335 4935 3538 4997 ἀδίκως
3567 4930 3752 4990 παθὸν,

2199 5039 2303 5109 τῆς
2351 5037 2408 5089 δὲ
2447 5035 2654 5108 ὕϐρεως
2700 5032 3103 5104 ἀνατρεχούσης
3137 5031 3218 5092 είς
3265 5028 3357 5081 τὸν
3418 5029 3478 5080 ὲν
3526 5025 3604 5096 τῷ
3661 5020 3754 5109 ναῷ

2203 5108 2354 5187 Θεὸν,
2412 5125 2504 5177 τὸν
2560 5123 2616 5174 ἓν
2668 5123 2959 5192 γενόμενον
3021 5120 3158 5190 πρὸς
3219 5117 3403 5180 αὐτὸν,
3457 5116 3551 5169 καὶ
3608 5108 3754 5166 πολλὰ

2204 5217 2457 5287 θαύματα
2489 5215 2903 5287 ὲργασάμενον;
2935 5213 3088 5282 Μηδὲ
3112 5211 3222 5281 γὰρ
3253 5210 3454 5274 ἐξεῖναι
3489 5210 3602 5270 τοῖς
3643 5206 3743 5257 Ἴου·

2202 5308 2374 5371 δαίοις
2395 5307 2691 5376 ἀπολογίαν
2732 5306 3028 5376 εὑρίσκειν,
3060 5302 3135 5366 ὡς
3176 5304 3255 5365 είς
3289 5299 3579 5371 ἄνθρωπον
3621 5292 3750 5366 ψιλὸν

2205 5401 2608 5472 ἁμαρτήσασιν,
2647 5400 2756 5453 τῶν
2813 5398 3166 5467 πολυτρόπων
3205 5394 3501 5464 θαυμάτων
3542 5391 3603 5444 οὑ
3643 5399 3749 5452 cur
