3976 6388
234 349 374 406 1575

1073 354 1651 412 CONFUTATIONES
1683 354 2124 422 QUARUMDAM
2167 351 2741 410 PROPOSITIONUM.

3328 353 3462 408 1⁵574

230 464 550 534 χωρούντων
589 466 863 520 λανθάνειν
908 469 1006 540 τῆς
1053 471 1383 543 ἐνεργούσης
1417 473 1698 542 δυνάμεως
1734 473 1793 526 τὸ

1897 473 1972 546 pli
2004 473 2422 527 inhabitatorem
2467 469 2654 536 Deum,
2704 469 2795 540 qui
2829 468 3030 538 templo
3051 468 3238 525 unitus
3269 477 3373 534 est,
3406 479 3460 526 et

228 557 534 626 θεοπρεπὲς
585 561 679 612 καὶ
727 559 972 626 ἔνδοξον·
1009 562 1093 624 τίς
1135 563 1244 634 γάρ
1305 565 1404 617 οὐκ
1463 563 1529 617 ἂν
1580 563 1796 634 ἔφριξεν

228 651 324 704 ἀπ’
354 651 529 720 ἀρχῆς
569 650 638 703 τά
680 651 988 721 γενόμενα;
1033 653 1188 707 Κατὰ
1234 655 1565 726 προφητείαν
1611 657 1644 726 ἠ
1677 655 1796 724 γέν-

227 759 404 812 νησις,
437 742 465 792 ὁ
495 743 659 805 τόπος
688 742 984 813 γνώριμος,
1019 746 1046 796 ὁ
1077 745 1276 816 τρόπος
1310 746 1597 816 ἐπίσημος,
1619 746 1794 817 ὁχρό-

227 850 317 896 νος
344 833 445 886 οὐκ
469 833 680 902 ἄδηλος,
711 836 818 896 πᾶς
847 834 1004 901 λόγος
1054 835 1365 906 ὲργοχειρού
1374 853 1550 906 μενος,
1598 838 1796 907 δρόμος

226 923 457 995 ἀστέρος
497 923 715 994 μηνύων
775 923 942 994 ὕμνον
993 925 1259 993 ἀγγέλων,
1310 926 1473 996 μάγοι
1513 926 1796 998 πόρρωθεν

227 1015 364 1086 πρὸς
411 1014 748 1085 δωροφορίαν
805 1015 1107 1085 ἑλκόμενοι,
1168 1017 1413 1087 Ἡρώδης
1464 1019 1493 1070 ό
1543 1017 1795 1087 βασιλεὺς

225 1103 647 1176 ταρασσόμενος·
681 1104 908 1158 Ἰουδαία
938 1106 1124 1159 ἅπασα
1146 1106 1604 1178 συγκλονουμένη,
1630 1107 1793 1176 φανέ-

226 1211 396 1265 ρωσις
455 1194 692 1264 ἐναργὴς
757 1195 850 1248 τοῦ
919 1196 1164 1266 αἴροντος
1215 1198 1315 1268 τὴν
1372 1199 1644 1268 ἁμαρτίαν
1693 1197 1790 1252 τοῦ

224 1285 468 1355 κόσμου’
512 1285 725 1355 Σιμεὼν
767 1286 980 1338 παιδίον
1022 1287 1263 1358 κατέχων
1306 1289 1401 1342 καὶ
1431 1289 1566 1343 Θεοῦ
1617 1291 1792 1360 σωτή-

223 1394 339 1448 ριον
377 1377 734 1448 ἑρμηνεύων⁸
785 1379 952 1432 Ἀννα
999 1380 1449 1450 προφητεύουσα⁶
1501 1378 1792 1453 μαρτυρῶν

235 1469 488 1538 Ἰωάννης
518 1470 654 1541 πρὸς
694 1470 990 1540 Ἰορδάνην·
1029 1470 1179 1541 φωνὴ
1226 1471 1437 1543 Πατρός
1481 1471 1790 1542 οὐρανόθεν,

219 1560 412 1613 τοῦτον
439 1561 566 1612 Υἱδν
597 1560 880 1630 ἀγαπητὸν
906 1561 1039 1613 πᾶσι
1067 1559 1408 1632 γνωρίζουσα
1433 1579 1446 1591 ·
1478 1560 1616 1614 Πνεύ
1625 1579 1792 1632 ματος

220 1651 564 1722 ἐπιφοίτησις
606 1652 934 1721 περιστερᾶς
967 1651 1025 1703 ἐν
1057 1651 1185 1704 εῖδει
1230 1655 1294 1724 τῇ
1341 1656 1550 1724 κορυφῇ
1607 1653 1790 1705 ὲπιπί-

220 1760 430 1796 πτουσα
477 1760 492 1773 ο
553 1742 1023 1812 μεταδαλλόμενον
1085 1741 1232 1816 ὕδωρ
1289 1745 1368 1807 εἰς
1420 1738 1590 1798 οἶνον·
1637 1744 1790 1815 ἄρτοι

1895 564 2158 616 miracula
2187 563 2354 615 multa
2399 560 2586 623 edidit,
2634 561 2833 630 injuria
2870 559 3093 614 recidat.
3115 558 3298 628 Neque
3332 576 3462 616 vero

1893 653 2296 708 excusationem
2327 649 2529 706 Judzeis
2559 650 2686 704 inde
2718 665 2907 720 parare
2951 649 3096 712 licet,
3125 649 3268 718 quod
3315 649 3462 703 velut

1893 745 1950 800 in
2010 745 2216 799 nudum
2258 745 2532 799 hominem
2579 758 2806 814 peccare
2842 743 2944 797 visi
2977 743 3124 796 sint:
3155 757 3280 795 eum
3321 742 3462 796 divi-

1894 851 2022 890 nam
2067 844 2122 891 et
2159 836 2449 907 gloriosam
2501 834 2779 904 operantis
2819 835 3070 904 potentiae
3122 833 3462 897 maiestatem

1893 925 2191 980 multifaria
2247 924 2508 980 miracula
2554 925 2721 978 latere
2765 939 2872 978 non
2908 923 3274 993 permiserint.
3325 921 3461 988 Quis

1891 1017 2037 1072 enim
2086 1033 2196 1070 non
2237 1023 2516 1086 stupescat
2557 1016 2624 1070 ad
2665 1030 2729 1070 ea
2769 1029 2888 1084 quae
2930 1031 2960 1069 a
3007 1013 3272 1083 principio
3318 1013 3464 1068 facta

1891 1117 2021 1165 sunt
2053 1110 2077 1162 ?
2111 1107 2274 1162 Juxta
2331 1107 2668 1178 prophetiam
2703 1104 2969 1158 Nativitas
3009 1104 3112 1157 fuit
3140 1122 3152 1157 :
3187 1103 3339 1157 locus
3370 1117 3466 1157 no-

1891 1211 1981 1258 tus
2015 1217 2030 1251 :
2063 1201 2259 1254 modus
2304 1199 2554 1262 illustris,
2596 1206 2808 1267 tempus
2848 1211 2958 1250 non
2999 1197 3290 1252 obscurum
3329 1203 3459 1250 est:

1891 1304 2068 1345 sermo
2095 1291 2276 1344 omnis
2315 1289 2490 1360 reipsa
2523 1290 2793 1360 impletur,
2826 1289 2994 1344 stellae
3028 1304 3224 1342 cursus
3245 1286 3464 1356 angelo-

1891 1395 2011 1434 rum
2071 1387 2392 1435 concentum
2449 1380 2651 1434 indicat
2691 1399 2704 1434 :
2749 1379 2885 1449 Magi
2929 1379 2996 1434 de
3049 1379 3342 1448 longinquo
3389 1375 3461 1431 ad

1890 1470 2164 1526 oﬂ'erenda
2206 1485 2429 1524 munera
2480 1471 2825 1524 attrahuntur
2863 1489 2876 1523 :
2908 1484 3004 1524 rex
3051 1467 3291 1522 Herodes
3333 1481 3460 1536 per-

1895 1563 2185 1617 turbatur:
2217 1560 2400 1615 Iudaea
2426 1561 2682 1616 universa
2716 1561 3031 1614 concutitur
3064 1579 3076 1614 :
3111 1568 3329 1628 apparet
3350 1558 3462 1612 evi-

1891 1650 2084 1705 denter
2132 1651 2180 1705 is
2219 1650 2313 1720 qui
2352 1649 2542 1704 mundi
2574 1658 2795 1719 peccata
2832 1649 2973 1702 tollit
3011 1667 3024 1702 :
3061 1648 3298 1702 sustinet
3325 1660 3462 1715 pue-

1890 1743 2070 1797 rulum
2103 1740 2350 1805 Simcon,
2384 1749 2438 1796 et
2470 1742 2712 1796 salutare
2739 1740 2832 1795 Dei
2873 1740 3191 1810 pronuntiat
3230 1756 3244 1792 :
3273 1734 3464 1790 vatici-

220 1832 382 1886 πέντε
414 1831 807 1902 πληθυνόμενοι
835 1831 1151 1902 παραδόξως
1182 1835 1260 1897 είς
1281 1833 1530 1903 χιλιάδων
1557 1834 1793 1888 ἀπόλαυ-

1896 1843 2052 1889 natur
2103 1834 2259 1887 Anna
2307 1851 2318 1884 :
2359 1832 2682 1886 testificatur
2722 1830 2964 1885 Joannes
3013 1829 3080 1882 ad
3119 1827 3409 1882 Jordanem
3445 1845 3460 1881 :

219 1941 326 1987 σιν,
377 1925 473 1976 καὶ
535 1924 820 1995 περισσεία
879 1923 1210 1994 κλασμάτων
1272 1925 1482 1993 κόφινοι
1547 1923 1786 1978 δώδεκα⁶

217 2015 369 2086 πάθη
421 2015 566 2086 λόγῳ
626 2015 1057 2086 φυγαδευόμενα,
1112 2016 1364 2086 δαίμονες
1410 2017 1789 2088 προστάγματι

214 2107 558 2177 διωκόμενοι,
599 2106 794 2177 μᾶλλον
846 2106 904 2159 δὲ
967 2106 1250 2176 πόρρωθεν
1295 2107 1689 2178 ὁμολογοῦντες
1729 2108 1790 2160 τὺ

213 2199 315 2268 τῆς
367 2197 615 2264 ἐξουσίας
664 2199 976 2270 ἀφόρητον·
1008 2198 1194 2269 νεκροὶ
1249 2197 1351 2268 τῆς
1401 2199 1496 2252 τοῦ
1558 2199 1789 2253 θανάτου

213 2289 528 2361 τυραννίδος
553 2290 715 2354 εὐθὺς
750 2289 1140 2360 ἀποσπώμενοι
1164 2306 1178 2320 ⁸
1215 2290 1526 2361 κράσπεδον
1572 2290 1789 2361 ἱματίου

214 2379 282 2446 τῇ
327 2374 428 2446 μὲν
471 2377 752 2448 καμνούσῃ
789 2377 1007 2446 γυναικὶ
1053 2378 1218 2448 φέρον
1262 2378 1360 2449 τὴν
1409 2380 1573 2443 ῐασιν,
1601 2379 1700 2450 τῆς
1733 2379 1790 2431 δὲ

213 2467 600 2537 κρυπτομένης
671 2468 921 2539 θεότητος
986 2469 1308 2540 δημοσιεῦον
1371 2470 1467 2540 τὴν
1539 2470 1786 2541 δύναμιν.

213 2559 373 2611 Πᾶσα
398 2558 508 2611 τῶν
539 2560 819 2630 στοιχείων
865 2563 898 2631 ἠ
939 2579 1098 2629 φυσις
1125 2564 1183 2615 ὲν
1229 2561 1302 2632 τῷ
1336 2561 1514 2634 καιρῷ
1549 2563 1642 2616 τοῦ
1683 2564 1790 2617 πά-

213 2648 342 2712 θους
381 2650 475 2702 ἐπὶ
511 2652 578 2720 τῇ
620 2650 771 2702 λύσει
802 2650 898 2703 τοῦ
929 2651 1206 2722 ὁρωμένου
1233 2651 1387 2717 ναοῦ,
1422 2654 1516 2706 κα)⁸
1537 2655 1602 2723 τῇ
1636 2653 1791 2723 ὕϐρει

211 2741 305 2792 τοῦ
339 2741 647 2812 ἀχωρίστου
681 2741 816 2795 Θεοῦ
841 2743 1193 2814 πολυτρόπως
1213 2744 1594 2816 ταρασσομένη
1614 2763 1627 2775 ·
1656 2745 1790 2798 ἀνά-

212 2849 402 2896 στασις
433 2833 530 2886 τοῦ
567 2833 830 2896 παθόντος
855 2833 960 2886 ὑπὸ
980 2833 1088 2886 τῶν
1119 2835 1548 2905 σταυρωσάντων
1585 2853 1791 2907 μαρτυ-

215 2927 474 2999 ρουμένη.
506 2925 876 2988 Φυλάσσοντες
904 2925 1012 2996 γάρ
1041 2925 1134 2979 τὸν
1165 2926 1428 2993 παθόντα,
1478 2928 1790 2999 ἡττήθησαν

211 3017 289 3087 τῷ
317 3015 609 3087 παραδόξῳ
641 3015 842 3087 νεκρῷ.
885 3016 1137 3070 Τοσαῦτα
1182 3013 1250 3088 ἦν
1275 3019 1367 3070 καὶ
1426 3019 1604 3090 πολλῷ
1629 3021 1791 3073 πλέον

210 3109 280 3162 τὰ
297 3108 575 3181 μηνύοντα
599 3108 700 3180 τὴν
720 3108 1105 3179 κρυπτομένην
1121 3107 1368 3180 θεότητα.
1391 3110 1500 3164 Καὶ
1523 3111 1638 3174 πῶς
1668 3111 1793 3180 φεύ-

1894 1939 1997 1979 vox
2024 1921 2204 1977 Patris
2237 1923 2456 1977 coalitus
2480 1923 2626 1976 hunc
2669 1920 2866 1974 Filium
2915 1920 3173 1974 dilectum
3209 1917 3465 1972 omnibus

1894 2014 2204 2069 manifestat
2233 2033 2247 2081 ;
2277 2015 2529 2070 adventat
2556 2013 2797 2082 Spiritus
2814 2021 2868 2066 et
2906 2012 2962 2064 in
2989 2010 3254 2064 columba:
3283 2006 3466 2076 speci)

1895 2107 1950 2160 in
1984 2106 2237 2161 verticem
2266 2107 2386 2174 ejus
2416 2105 2692 2168 dilabitur,
2710 2119 2847 2174 aqua
2880 2104 2934 2158 in
2960 2103 3142 2156 vinum
3171 2109 3415 2154 mutatur
3444 2117 3461 2154 :

1894 2196 2133 2267 quinque
2163 2212 2331 2266 panes
2366 2197 2420 2250 in
2451 2197 2657 2265 aliquot
2681 2196 2912 2248 millium
2944 2209 3102 2247 usum
3139 2193 3467 2247 miraculose

1895 2289 2371 2358 multiplicantur:
2408 2289 2834 2358 fragmentorum
2888 2285 3134 2356 reliquiis
3180 2284 3465 2338 duodecim

1895 2379 2112 2448 cophini
2165 2380 2498 2449 implentur:
2538 2378 2794 2448 fugantur
2827 2377 2991 2431 verbo
3043 2375 3216 2429 morbi
3256 2393 3270 2439 ;
3307 2389 3463 2427 man-

1895 2469 2022 2523 dato
2047 2470 2390 2539 expelluntur
2409 2471 2701 2534 daemones,
2727 2469 2855 2539 quin
2886 2484 2916 2522 e
2945 2467 3240 2537 longinquo
3263 2464 3460 2518 intole-

1895 2563 2120 2617 rabilem
2181 2564 2330 2618 illius
2389 2564 2687 2634 potentiam
2752 2561 3084 2616 confitentur
3123 2578 3136 2613 :
3177 2555 3378 2611 mortui
3431 2566 3463 2607 a

1894 2657 2087 2711 mortis
2112 2656 2398 2727 tyrannide
2428 2655 2720 2712 confestim
2761 2655 3100 2709 liberantur:
3131 2649 3340 2704 limbria
3375 2663 3464 2702 ve-

1895 2747 2137 2802 stimenti
2183 2747 2345 2818 506
2395 2747 2684 2818 aagrotanti
2727 2747 2944 2800 cuidam
2995 2743 3209 2797 mulieri
3257 2739 3466 2793 sanita-

1894 2847 2004 2894 tem
2031 2840 2206 2901 all'ert.
2243 2841 2461 2897 latentis
2495 2850 2673 2896 autem
2704 2840 2922 2894 deitatis
2964 2837 3218 2890 virtutem
3249 2829 3468 2902 publice

1895 2932 2172 3002 praedicat.
2197 2932 2803 2988 Omnis-elementorum
2842 2938 3038 2985 natura
3066 2939 3307 2997 tempore
3341 2939 3467 2994 pas-

1895 3024 2068 3079 sionis
2104 3024 2169 3078 ad
2198 3024 2627 3079 destructionem
2681 3023 2912 3078 visibilis
2959 3021 3167 3090 templi,
3194 3025 3247 3072 et
3273 3023 3468 3072 contu-

1896 3116 2111 3170 meliam
2150 3116 2499 3186 inseparabili
2529 3115 2640 3171 Deo
2666 3115 2893 3182 illatam,
2913 3113 3097 3167 multis
3132 3109 3307 3163 modis
3336 3123 3470 3161 con-

213 3200 391 3266 ξονται
437 3201 538 3271 τῆς
586 3199 884 3270 Θεομαχίας
937 3199 1034 3271 τὴν
1083 3202 1353 3273 τιμωρίαν
1385 3203 1432 3254 οἱ
1475 3203 1610 3273 πρὸς
1653 3203 1793 3257 οὕτω

1896 3207 2146 3260 turbatur
2187 3207 2688 3263 :resurrectionem
2728 3207 2847 3276 ejus
2892 3205 2983 3275 qui
3015 3219 3211 3274 passus
3255 3199 3465 3260 fuerat,
3552 3199 3556 3204 ’

210 3292 469 3365 ὶαμπρὰς
515 3292 818 3359 ἀποδείξεις
877 3291 1209 3362 τυφλώττειν
1255 3294 1346 3346 ὑπ’
1397 3293 1788 3366 ἀγνωμοσύνης

1896 3296 1998 3364 ipsi
2032 3297 2106 3349 illi
2136 3298 2485 3360 conﬁrmant,
2518 3299 2610 3369 qui
2654 3299 2708 3352 in
2754 3313 2972 3352 crucem
3005 3296 3181 3364 ipsum
3216 3296 3464 3360 egerunt.

213 3389 618 3450 σπουδάσαντες
640 3406 655 3454 ;

1896 3384 2027 3439 Cum
2054 3387 2196 3440 enim
2228 3402 2450 3456 passum
2474 3388 2880 3449 custodirent,a
2903 3393 3119 3439 mortuo
3141 3379 3469 3436 miraculoso

211 3485 337 3538 victi
373 3491 526 3540 sunt.
570 3483 745 3552 Atque
800 3482 914 3535 haec
963 3479 1246 3550 multoque
1290 3479 1448 3549 plura
1500 3477 1606 3532 alia
1640 3485 1916 3547 suntquae
1954 3479 2208 3534 latentem
2254 3482 2403 3536 intus
2443 3481 2783 3536 divinitatem
2859 3477 3121 3532 indicant.
3185 3469 3471 3538 Quomodo

211 3580 376 3650 igitur
400 3596 618 3650 poenam
659 3578 749 3632 Dei
791 3577 1043 3631 hostibus
1087 3574 1460 3631 denuntiatam
1501 3572 1792 3644 eﬂugieutl,
1831 3574 1924 3644 qui
1955 3575 2023 3630 ad
2055 3582 2168 3629 tam
2199 3576 2412 3631 lucidas
2472 3575 2964 3631 demonstrationes
3023 3587 3130 3642 pra:
3169 3567 3334 3624 nimia
3369 3563 3472 3616 im-
3571 3635 3574 3640 ι

211 3675 484 3745 probitate
524 3669 781 3725 czecutire
818 3669 1008 3723 volunt
1041 3669 1065 3722 ?

949 3784 1068 3836 ΧΠ.

280 3880 441 3948 Πρὸς
475 3877 619 3942 τοὺς
664 3877 995 3948 λέγςνταςς
1041 3873 1333 3948 Ἰουδαῖός
1374 3873 1550 3948 ἐστιν
1575 3875 1611 3928 ό
1635 3872 1724 3944 μὴ

2612 3767 2728 3822 XII.

1925 3864 2191 3918 Adversus
2239 3877 2326 3914 eos
2373 3861 2481 3930 qui,
2501 3859 2681 3913 dicunt
2702 3855 2990 3930 .ﬁJudwus
3026 3864 3142 3930 est,
3192 3854 3281 3922 qui
3330 3870 3432 3908 non

531 3925 1024 4015 όιῖοάογῖιῦκΘέὸν
1051 3925 1522 4011 ἐσταὺρῦσθαιί
1581 3925 1599 3928 “
1635 3925 1719 3944 ’Ἴ

2127 3925 2407 4000 conﬁtetur
2457 3929 2623 3984 Deum
2673 3929 2840 3996 fuisse
2891 3925 3228 3993 cruciﬁxum.

280 4040 571 4108 Τοσαύτης
625 4035 954 4101 ἀποδείξεως
1014 4036 1072 4088 ὲν
1120 4036 1232 4098 τοῖς
1289 4032 1622 4104 προλαϐοῦσι
1665 4035 1793 4087 πᾶσι

1965 4025 2103 4080 Cum
2161 4031 2346 4087 tanta},
2383 4029 2495 4075 tam
2543 4020 2728 4086 variae,
2775 4027 2995 4088 tamque
3044 4016 3344 4086 perspicua:
3376 4013 3471 4069 de-

212 4106 610 4202 γεγενημένης,
641 4126 782 4180 οὕτω
809 4126 1146 4198 πολυτρόπου
1167 4125 1262 4178 καὶ
1290 4127 1550 4196 φανερᾶς,
1571 4126 1689 4179 δέον
1716 4127 1793 4180 αί-

1903 4114 2336 4171 monstrationes
2378 4112 2724 4182 superiorum
2761 4110 3193 4178 disputationum
3227 4106 3472 4162 omnium

215 4220 617 4293 σθσνθήσεσθαι
680 4219 740 4272 τὸ
803 4217 1004 4288 πλῆθος
1061 4219 1187 4280 τοὺς
1254 4216 1632 4287 ἀντιλέγοντας
1693 4217 1793 4270 τῶν

1900 4207 2139 4271 fuerint;
2173 4204 2375 4260 sentire
2403 4203 2619 4258 tandem
2663 4202 3001 4256 adversarios
3031 4208 3472 4272 argumentorum

213 4291 473 4386 ἐλέγχων,
505 4315 554 4366 οἱ
604 4312 662 4364 δὲ
719 4311 813 4364 καὶ
859 4309 1021 4372 ἄλλας
1077 4309 1380 4371 ἀντιθέσεις
1413 4307 1793 4378 ἀναισχύντους

1901 4297 2302 4354 multitudinem
2353 4297 2640 4354 debebant.
2689 4296 2759 4353 At
2816 4295 2892 4349 illi
2947 4295 3082 4348 alias
3139 4291 3475 4362 impudentes

215 4380 411 4472 πλέξαι
445 4406 624 4476 μάτην
653 4404 753 4456 οὐκ
787 4401 1061 4472 ὤκνησαν.
1105 4401 1372 4463 Ἰουδαῖος,
1410 4401 1597 4471 φησιν,
1627 4400 1793 4463 ἐστὶν,

1898 4389 2232 4460 objectiones
2267 4388 2383 4443 sine
2427 4401 2592 4442 causa
2644 4395 2824 4440 texere
2864 4401 2972 4439 non
3020 4384 3352 4438 dubitarunt.
3380 4380 3475 4434 Ju-

212 4501 240 4552 ὁ
269 4499 360 4552 τὸν
395 4474 528 4550 θεὸν
556 4493 719 4546 αὑτὸν
745 4493 821 4564 μὴ
850 4493 1129 4563 ὁμολογῶν
1159 4493 1554 4564 ἐσταυρῶσθαι.
1595 4493 1792 4557 Καλῶς

1896 4480 2042 4535 datus
2084 4487 2200 4544 est,
2231 4479 2513 4550 inquiunt,
2552 4477 2644 4547 qui
2683 4492 2791 4532 non
2823 4475 3054 4540 fatetur,
3090 4475 3256 4529 Deum
3297 4474 3474 4542 ipsum

213 4592 360 4661 ἡμᾶς
403 4588 506 4658 τῆς
556 4587 738 4650 αὐτοῖς
788 4584 1232 4656 χρεωστουμένης
1278 4584 1648 4655 προσηγορίας
1696 4585 1798 4636 ὐπ-

213 4681 484 4753 έμνησαν.
524 4678 687 4732 Αὐτοὶ
740 4677 848 4746 γάρ
897 4679 977 4739 είς
1018 4677 1242 4739 ἑαυτοὺς
1282 4676 1663 4728 ἐπεσπάσαντο
1699 4676 1797 4746 τὴν

213 4769 350 4843 πρὸς
386 4769 631 4831 ἐκείνους
675 4767 1013 4835 συγγένειαν,
1057 4766 1382 4837 ἀρνούμενοι
1437 4765 1535 4836 μὲν
1562 4764 1660 4835 τὴν
1694 4781 1799 4816 σω-

213 4865 401 4934 τήριον
430 4857 867 4930 ἐνανθρὼπησιν,
897 4856 1279 4927 άπωθούμενοι
1321 4857 1380 4909 δὲ
1429 4856 1527 4928 τὴν
1557 4857 1665 4908 τῶν
1705 4856 1798 4908 δύο

213 4955 432 5023 φύσεων
461 4951 676 5005 σύνοδον
693 4953 786 5004 καὶ
809 4951 1024 5002 ἕνωσιν.
1053 4948 1148 5012 Τίς
1185 4948 1433 5010 Ἰουδαῖος
1457 4949 1486 5000 ὁ
1512 4947 1611 5016 τὴν
1639 4947 1798 5017 χάριν

213 5047 531 5118 δεξάμενος,
567 5043 600 5113 ἢ
633 5044 662 5095 ὁ
685 5042 762 5113 τῷ
795 5041 946 5111 νόμῳ
978 5041 1122 5095 κατά
1171 5039 1232 5092 τὸ
1286 5039 1521 5112 γράμμα
1548 5054 1799 5110 παρακα-

217 5139 492 5208 θήμενος,
534 5135 711 5204 Ἦμᾶς
747 5136 780 5204 ἡ
822 5133 982 5204 χάρις
1035 5131 1241 5196 ἐδίδαξε
1286 5131 1419 5184 Θεὸν
1461 5132 1688 5201 ἀόρατον
1739 5131 1798 5184 ἐν

215 5229 474 5302 ὀριιιμένῃ
525 5224 904 5297 φανερωθῆναι
959 5223 1124 5295 σαρκί
1163 5236 1180 5252 ⁶
1221 5224 1420 5276 ἐκεῖνοι
1476 5225 1542 5294 τῇ
1597 5222 1800 5293 ἀρχαίᾳ

217 5320 518 5394 παραδόσει
563 5315 899 5387 παρέμειναν
935 5313 1034 5385 τὴν
1076 5313 1306 5384 θεότητα
1346 5313 1559 5384 γυμνὴν
1597 5315 1653 5366 ὲν
1683 5313 1801 5364 δια-

215 5413 406 5485 φόροις
433 5411 600 5465 εἴδεσι
648 5410 742 5462 καί⁵
769 5409 1046 5477 σχήμασιν
1096 5405 1484 5478 ὑπογραψάσῃ.
1537 5404 1660 5468 Πῶς
1705 5400 1799 5457 οὖν

216 5505 410 5567 ἄλλους
434 5502 689 5569 λέγουσιν
731 5497 1038 5561 Ἰουδαίους,
1070 5499 1222 5552 αὐτοὶ
1247 5499 1347 5569 τῆς
1369 5497 1576 5568 Καινῆς
1602 5495 1800 5567 Διαθῆ-

218 5615 316 5667 κης
354 5597 446 5649 τὸν
490 5592 723 5646 πλοῦτον
775 5590 1240 5661 ἀποσεισάμενοις
1277 5591 1390 5644 Οὐκ
1418 5591 1674 5661 ἥκουσαν.
1716 5589 1799 5642 ὃτι

220 5687 404 5740 πολλοὶ
469 5681 748 5754 προφῆται
802 5680 896 5731 καὶ
935 5679 1131 5732 δίκαιοι
1183 5678 1536 5749 ἐπεθύμησαν
1594 5677 1720 5730 ἰδεῖν
1765 5674 1801 5728 ἃ

221 5781 516 5844 ϐλέπομεν,
548 5773 643 5825 καὶ
677 5771 777 5825 οὐκ
815 5767 986 5836 εἶδονς
1033 5769 1098 5823 Τί
1139 5771 1244 5836 ἄρα
1287 5770 1385 5823 οὐκ
1424 5767 1560 5823 εἶδον
1613 5767 1799 5831 θεότη-

1899 4573 1956 4626 ἱη
1987 4586 2204 4626 crucem
2240 4587 2362 4626 esse
2411 4577 2613 4624 actum.
2658 4567 2890 4622 Pulchre
2927 4582 3028 4621 nos
3065 4565 3302 4619 nominis
3355 4564 3475 4633 ejus

1897 4679 2007 4734 quo
2037 4662 2386 4732 nuncupandi
2443 4668 2573 4716 sunt
2619 4661 2930 4714 admonent.
2979 4657 3058 4710 llli
3113 4655 3255 4710 enim
3309 4661 3471 4719 sunt,

1897 4759 1989 4828 qui
2021 4759 2231 4825 seipsos
2263 4754 2521 4808 afﬁnitate
2549 4768 2672 4807 cum
2709 4751 2912 4806 Judaais
2944 4751 3302 4805 devinxerunt
3322 4787 3336 4811 ,
3359 4754 3472 4801 tum

1898 4847 2189 4901 salutarem
2221 4843 2648 4896 incarnationem
2669 4882 2684 4906 ,
2705 4849 2819 4895 tum
2867 4841 3096 4894 duarum
3128 4839 3381 4891 unionem
3419 4839 3475 4891 ct

1898 4935 2333 5005 conjunctionem
2365 4941 2682 4986 naturarum
2715 4929 3032 5000 rejiciendo.
3069 4926 3200 4982 Uter
3221 4925 3474 4992 Judaeus,

1901 5029 1992 5098 qui
2023 5027 2247 5096 gratiam
2275 5024 2527 5094 suscipit,
2545 5038 2613 5076 an
2643 5022 2736 5092 qui
2773 5022 2887 5091 lege
2907 5018 3205 5075 secundum
3239 5017 3474 5071 litteram

1904 5119 2099 5174 nititur
2127 5119 2150 5170 ?
2177 5115 2286 5170 Nos
2317 5116 2491 5185 gratia
2523 5113 2732 5176 docuit,
2774 5111 2941 5166 Deum
2973 5108 3302 5164 invisibilem
3338 5105 3476 5159 invi-

1896 5209 2041 5267 sibili
2084 5207 2490 5262 manifestatum
2533 5220 2656 5260 esse
2699 5218 2863 5258 carne
2895 5218 2909 5255 :
2941 5201 3018 5256 illi
3069 5205 3388 5270 permanent
3420 5197 3474 5251 in

1900 5303 2125 5373 antiqua
2175 5299 2467 5354 traditione
2519 5297 2858 5353 divinitatem
2899 5293 3100 5349 nudam
3145 5292 3200 5346 in
3242 5291 3476 5346 diversis

1901 5394 2190 5468 speciebus
2234 5402 2291 5447 et
2344 5391 2537 5446 formis
2595 5390 2925 5445 delineante.
2973 5383 3254 5452 Quomodo
3307 5383 3476 5453 igitur

1901 5489 2040 5542 alios
2080 5485 2351 5555 appellant
2381 5481 2630 5548 Iudaeos;
2652 5481 2744 5551 qui
2776 5479 2877 5550 ipsi
2923 5478 3048 5532 novi
3082 5474 3303 5530 fcederis
3343 5472 3478 5528 divi-

1899 5581 2004 5635 tias
2022 5594 2052 5633 a
2073 5594 2132 5633 se
2149 5577 2444 5646 repellunt?
2460 5577 2652 5629 Annon
2677 5573 3000 5626 audiverunt
3012 5566 3156 5639 quod
3176 5565 3327 5622 multi
3345 5579 3474 5635 pro-

1902 5673 2072 5743 pheta:
2085 5681 2135 5726 et
2147 5669 2278 5739 justi
2301 5669 2678 5723 desiderarunt
2695 5664 2877 5719 videre
2892 5679 3011 5733 qua:
3025 5677 3125 5716 nos
3141 5660 3404 5724 videmus,
3421 5663 3476 5709 et

1901 5781 2011 5820 non
2073 5761 2324 5818 viderunt
2359 5760 2382 5814 ’3
2417 5759 2554 5826 Quid
2593 5758 2755 5826 igitur
2795 5773 2905 5812 non
2935 5752 3218 5811 viderunt?
3249 5747 3477 5805 Deitatis
