3976 6388
191 283 333 338 15³77

980 286 1554 349 CONFUTATIONES
1593 293 2035 362 QUARUMDAM
2068 300 2659 362 PROPOSITIONUM.

3299 312 3442 369 1578

189 396 428 468 σταυροῦ
468 398 526 452 τὸ
571 397 738 462 πάθος
771 399 905 471 αὐτῇ
943 405 1005 473 τῇ
1057 405 1268 479 θεότητι
1320 407 1505 480 σαφῶς
1539 415 1751 484 περιφέ-

1869 431 2012 482 esse,
2047 435 2154 475 non
2190 421 2323 491 pati,
2371 439 2480 478 non
2529 424 2752 480 tentari.
2797 425 2908 482 Vos
2936 434 3126 482 contra
3154 436 3208 484 et
3242 429 3435 484 famem

187 505 331 560 ρετε.
373 492 603 555 Ἐκεῖνος
634 492 696 544 δι’
723 494 1022 567 ὑπερϐολὴν
1056 501 1316 571 πονηρίας
1340 504 1434 556 ἀπ’
1461 507 1634 575 ἀρχῆς
1665 508 1756 559 άν-

186 579 564 651 θρωποκτόνος
607 585 1046 658 προσηγορεύθη·
1085 591 1240 670 ὑμεῖς
1263 593 1318 646 δὲ
1361 593 1426 646 δι’
1454 596 1758 668 ὑπερϐολὴν

183 672 284 742 τῆς
328 672 472 726 κατὰ
522 674 654 726 Θεὸν
691 676 945 740 ἀπονοίας
982 678 1290 746 θεοκτόνους
1322 688 1448 749 τοὺς
1481 687 1759 752 Ἰουδαίους

184 765 618 837 προσαγορεύετε
636 783 648 796 ·
687 769 778 820 καὶ
809 768 908 821 οὐκ
931 772 1246 841 αἰσχύνεσθε
1275 776 1492 845 μείζονα
1533 778 1759 850 δύναμιν

179 854 275 907 τοῦ
303 855 623 910 διδασκάλου
652 858 757 910 τῶν
783 861 1038 914 τοιούτων
1073 864 1338 929 Ἰουδαίοις
1355 872 1466 931 τοῖς
1492 870 1758 940 μαθηταῖς

181 947 582 1018 ἀπονέμοντες·
635 951 726 1003 καὶ
777 952 916 1005 κατά
965 955 1059 1024 τὴν
1109 956 1381 1028 ἔγγραφον
1431 964 1757 1034 κατηγορίαν

179 1040 402 1106 γνόντες
422 1040 512 1093 τὸν
535 1041 687 1103 Θεὸν,
718 1043 813 1113 οὐχ
835 1044 908 1107 ὼς
937 1045 1066 1101 Θεὸν
1095 1048 1360 1114 δοξάζετε.
1381 1053 1628 1123 Παθητὸν
1652 1056 1758 1128 γάρ

179 1128 319 1185 εἶναι
353 1135 810 1198 κατασκευάζετε.

1862 523 1915 570 et
1944 514 2113 581 sitim,
2139 523 2194 570 et
2224 516 2271 570 si
2303 531 2407 586 qua
2440 517 2604 586 hujus
2651 518 2867 587 generis
2903 521 3008 574 alia
3048 530 3204 586 sunt,
3250 522 3440 579 deitati

1865 604 1969 676 ipsi
2016 606 2274 670 tribuitis,
2315 617 2368 662 et
2415 608 2590 664 eidem
2644 610 2831 666 deitati
2891 613 3201 682 passionem
3251 613 3436 668 crucis

1865 695 2153 752 manifeste
2178 699 2470 755 ascribitis.
2501 699 2593 756 llle
2625 713 2843 772 propter
2868 719 3137 759 summam
3168 706 3434 761 malitiam

1868 787 2134 843 homicida
2160 791 2228 844 ab
2255 790 2409 844 initio
2432 791 2612 850 dictus
2636 802 2717 849 est
2743 814 2755 848 :
2782 810 2878 850 vos
2907 808 3128 866 propter
3153 813 3430 852 summum

1865 878 2125 936 adversus
2167 881 2333 936 Deum
2378 883 2618 940 furorem
2660 883 2878 940 Iudaeos
2927 887 3022 941 Dei
3054 887 3432 944 interfectores

1864 965 2046 1022 dicitis
2076 987 2090 1023 :
2125 985 2224 1024 nec
2259 971 2517 1040 majorem
2555 974 2852 1042 potentiam
2883 973 3086 1030 Judaeis
3118 977 3428 1048 discipulis,

1863 1074 2025 1128 quam
2054 1061 2294 1130 ipsorum
2325 1065 2586 1132 magistro
2616 1065 2832 1120 diabolo
2862 1067 3100 1123 tribuere
3127 1069 3386 1124 veremini
3412 1088 3426 1124 :

1863 1149 2098 1220 deniquo
2127 1164 2184 1206 ut
2215 1154 2374 1208 habet
2419 1153 2714 1226 Scriptura:
2759 1160 3056 1224 accusatio,
3101 1172 3224 1214 cum
3261 1160 3428 1217 Deum

179 1225 463 1290 noveritis,
499 1233 676 1280 tamen
709 1235 767 1280 ut
799 1225 966 1282 Deum
1001 1245 1107 1284 non
1152 1231 1488 1301 glorificatis.
1540 1234 1823 1292 Patibilem
1856 1241 1998 1295 enim
2035 1259 2158 1297 eum
2191 1260 2314 1300 csse
2346 1225 2693 1304 contenditis.

143 1307 161 1346 ³
891 1345 1036 1397 xm.

178 1450 355 1532 ΠρόςΔ
385 1452 878 1532 τοὺς-λέγοντας,
903 1530 911 1532 Α
934 1457 1032 1532 ὅτι-
1070 1459 1167 1513 καί
1223 1461 1460 1532 ἄγγελοι
1515 1466 1612 1518 ἐπὶ
1651 1468 1757 1522 τὸν

261 1523 508 1610 nepam
529 1525 833 1592 ἐσθίοντες
852 1530 923 1582 οὐ
953 1528 1188 1598 πάντως
1211 1523 1439 1601 σὰρκύς
1465 1536 1758 1606 ἐπέφερον

249 1609 466 1659 φυσιν.

246 1682 468 1735 Πολλῶν
500 1683 594 1737 καὶ
627 1688 876 1757 πονηρῶν
914 1695 1301 1761 τεχνασμάτων
1337 1695 1619 1763 ’γεγονότες
1650 1706 1754 1748 πα-

176 1772 351 1846 τέρες,
371 1775 421 1828 οἱ
447 1775 514 1829 τὰ
545 1775 882 1850 αίώνια’ὅρια
908 1780 1014 1833 τῶν
1051 1783 1324 1854 ἐνθέσμων
1343 1787 1593 1856 πατέρων
1624 1805 1751 1856 μετ-

177 1867 306 1936 ᾶραι
342 1866 848 1939 φιλονεικήσαντες,
907 1872 1006 1924 οὐκ
1045 1874 1389 1945 ἠρκέσθησαν
1439 1881 1551 1940 τοῖς
1603 1878 1752 1941 ἰδίοις

176 1957 420 2024 ἐκγόνοις
439 1974 454 1989 ο
492 1959 606 2012 ἀλλ’
639 1960 718 2013 ἐτι
745 1961 839 2014 καὶ
871 1961 978 2015 τῶν
1003 1965 1169 2017 πάλαι
1202 1965 1470 2036 πολεμίων
1502 1968 1598 2039 τῆς
1625 1969 1751 2021 ἀπο-

176 2052 428 2122 πολικῆς
497 2054 817 2127 Ἐκκλησίας
875 2058 1244 2130 ἀμϐλωθρίδια
1285 2061 1514 2132 δυσγενῆ
1569 2063 1750 2125 κακῶς

175 2145 602 2214 άποκλέψαντες,
651 2147 726 2210 ὼς
765 2148 956 2219 εὐγενῆ
998 2151 1089 2202 καὶ
1128 2150 1330 2205 τέλειον
1363 2152 1517 2204 τόκον
1542 2153 1749 2223 δογμά-

173 2253 281 2288 των
331 2236 724 2306 προϐάλλονται
749 2279 764 2302 ,
813 2240 908 2294 καὶ
959 2241 1026 2294 δι’
1087 2241 1264 2296 αὐτῶν
1316 2243 1383 2296 τά
1433 2245 1748 2314 Μανιχαίων

176 2332 306 2400 ἡμῖν
335 2333 686 2397 ἐπισείουσιν,
718 2335 791 2397 ὼς
826 2335 918 2388 ἐπὶ
962 2335 1055 2388 τοῦ
1093 2336 1340 2408 Ἀὖραὰμ
1378 2338 1639 2406 ἀγγέλους
1679 2343 1745 2412 τῇ

174 2423 351 2494 οἰκείᾳ
410 2423 568 2492 φύσει
619 2425 824 2496 τροφῆς
870 2428 1256 2497 μετεσχηκέναι
1299 2430 1744 2500 τερατευόμενοι,

174 2516 271 2567 καὶ
302 2517 404 2586 τὴν
432 2515 658 2586 θεότητα
686 2517 778 2570 τοῦ
809 2519 1074 2572 Δεσπότου
1104 2519 1338 2589 Χριστοῦ
1369 2521 1509 2574 κατὰ
1537 2521 1628 2574 τὸν
1658 2523 1748 2574 αὐ-

173 2607 263 2659 τὸν
291 2609 494 2678 τρόπον
521 2608 641 2678 δίχα
674 2611 873 2680 σαρκὸς
913 2612 1113 2682 τροφὴν
1152 2612 1246 2666 καὶ
1285 2614 1445 2667 ποτὸν
1471 2615 1746 2686 εἰληφέναι

175 2699 633 2768 ἀποφαινόμενον
664 2701 834 2753 καίτοι
864 2703 962 2772 τῆς
999 2704 1160 2771 ἁγίας
1197 2705 1235 2755 Γ
1240 2705 1415 2774 ραφῆς
1447 2706 1504 2756 οὐ
1545 2708 1610 2776 τῇ
1649 2705 1748 2774 φύ-

176 2808 258 2842 σει
289 2795 448 2843 τοῦτο
475 2792 819 2862 γεγενῆσθαι,
851 2797 915 2865 τῇ
951 2795 1007 2848 δὲ
1033 2795 1151 2864 ὄψει
1193 2796 1325 2867 μόνῃ
1367 2798 1552 2865 σαφῶς
1605 2815 1748 2870 παρ-

176 2881 435 2954 ιςτώσης.
499 2884 564 2935 Εί
611 2881 823 2955 γὰρῆν
872 2885 1124 2954 φύσειτά
1150 2887 1427 2957 γινόμενα,
1473 2888 1578 2941 ἔδει
1627 2891 1748 2953 τοὺς

173 2978 321 3045 τρεῖς
386 2976 626 3040 ἐκείνους
680 2977 874 3048 ἄνδρας
933 2979 1318 3048 ὀνομάζεσθαι,
1395 2980 1425 3052 ἢ
1486 2981 1747 3050 ἀγγέλους

175 3066 671 3138 προσαγορεύεσθαι
709 3069 862 3138 (πολὺ
908 3068 1013 3140 γάρ
1052 3069 1160 3121 τῶν
1202 3069 1294 3122 δύο
1330 3070 1501 3138 γενῶν
1539 3071 1599 3123 τὸ
1635 3070 1749 3126 διά-
1774 3095 1818 3154 C

176 3160 390 3229 .popov)-
441 3159 517 3222 ὠς
568 3159 766 3230 ἄνδρας
818 3161 912 3230 μὲν
959 3161 1137 3225 ὄντας,
1193 3161 1355 3232 μηδὲν
1401 3163 1542 3217 κατά
1588 3165 1748 3234 φύσιν

174 3243 471 3320 άγγελικὸν
512 3251 941 3305 ἐπιδείκνυσθαι·
968 3253 1230 3321 ἀγγέλους
1283 3253 1338 3306 δὲ
1387 3255 1562 3319 ὄντας,
1609 3257 1748 3311 κατὰ

179 3343 342 3413 mea»
386 3343 545 3413 μέλος
592 3341 896 3412 σωματικὸν
935 3345 1028 3396 καὶ
1069 3344 1479 3412 ἐπιφαίνεσθαι,
1535 3340 1621 3400 οἷα
1685 3347 1749 3420 δὴ

178 3435 484 3505 πνεύματα.
545 3433 670 3497 Πῶς
729 3431 820 3487 οὖν
873 3434 1104 3488 διδόασιν
1166 3435 1347 3499 αὐτοῖς
1392 3438 1530 3492 κατά
1591 3439 1748 3508 φύσιν

174 3527 400 3598 τρορὴν,
449 3525 525 3589 ὡς
574 3525 835 3594 άνδράσις
889 3526 1114 3589 Ψευδῶς
1156 3527 1334 3579 τοίνυν
1371 3528 1588 3596 ἄγγελοι
1619 3547 1748 3601 μνη-

179 3619 515 3688 μονεύονται.
567 3617 705 3668 Ἀλλ’
754 3617 830 3680 ὼς
871 3617 1156 3686 ἀγγέλοις;
1214 3618 1309 3671 καὶ
1355 3619 1437 3682 τίς
1491 3622 1748 3690 μετουσία

175 3713 449 3782 τνεύμασι
494 3710 697 3782 τροφῆς
757 3709 1062 3779 αἰσθητῆς;
1110 3711 1142 3782 ἢ
1196 3711 1337 3781 τάχα
1396 3711 1748 3782 μυθολογοῦσι

173 3805 267 3856 καὶ
297 3804 423 3866 τοὺς
453 3803 714 3870 ἀγγέλους
747 3801 1260 3872 ἐνανθρωπήσαντας
1299 3806 1628 3872 σωματικοῖς
1659 3803 1752 3874 ὀρ-

172 3899 358 3964 γάνοις
410 3895 713 3949 ἀπολαῦσαι
785 3894 1111 3963 σωματικῶν
1170 3895 1516 3964 ἐδεσμάτων;
1575 3896 1635 3948 El
1691 3896 1748 3948 δὲ

177 3987 632 4058 μεταϐαλλόμενοι
673 3988 848 4054 φαῖεν,
881 3984 1190 4050 ἐνδείξεως,
1234 3986 1294 4038 οὐ
1333 3986 1566 4054 φύσεως,
1610 3982 1748 4041 εἶναι

172 4079 268 4150 τὴν
302 4079 560 4148 εὐωχίαν,
590 4079 804 4138 πάντως
843 4076 874 4146 ἢ
917 4075 1324 4145 καταλείψουσιν
1372 4078 1447 4140 ὡς
1485 4077 1750 4132 ἀνοίκειον

169 4171 231 4223 τὸ
262 4168 693 4242 παράδειγμα,ἢ
743 4168 836 4219 ἐπὶ
874 4166 964 4219 τοῦ
1013 4167 1260 4237 Σωτῆρος
1301 4168 1599 4236 φαντασίαν
1630 4169 1750 4222 ἀντὶ

171 4263 270 4332 τῆς
318 4262 581 4331 ἀληθείας
629 4261 1007 4328 ἐπεισάγοντες
1051 4258 1452 4330 εὑρεθήσονται,
1485 4261 1608 4324 Πῶς
1657 4257 1750 4314 οὖν

168 4357 444 4428 τολμῶσιν
489 4355 690 4416 ἕλκειν,
732 4353 806 4416 ὠς
843 4354 1026 4423 ὅμοιον
1057 4354 1118 4406 τὸ
1155 4355 1441 4424 άνόμοιον;
1477 4354 1540 4406 Τί
1575 4354 1748 4408 κοινὸν

2574 1362 2713 1416 ΧΙΙΙ.

1857 1468 2120 1546 Adversus
2156 1489 2241 1526 eos
2287 1474 2374 1543 qui
2417 1473 2626 1531 dicunt.
2659 1477 2868 1546 angelos
2899 1480 3039 1545 apud
3070 1479 3429 1539 Abrahamum

1961 1543 2186 1605 edentes,
2215 1546 2389 1598 carnis
2422 1555 2669 1598 naturam
2699 1543 2802 1600 non
2832 1543 3040 1602 omnino
3068 1551 3320 1606 induisse.

1927 1698 2040 1754 Etsi
2074 1701 2365 1756 multorum
2416 1704 2792 1775 malorumque
2845 1713 3276 1762 commentorum
3331 1725 3429 1780 pa-

1859 1799 1968 1844 tres
2004 1790 2132 1845 facti
2168 1801 2318 1858 sunt,
2349 1793 2443 1863 qui
2476 1804 2767 1864 perpetuos
2805 1796 3173 1868 legitimorum
3210 1808 3425 1868 patrum

1855 1880 1989 1936 ﬁnes
2016 1883 2314 1940 transferre
2363 1893 2490 1940 sunt
2522 1888 2723 1950 conati,
2756 1902 2866 1942 non
2898 1888 3032 1942 satis
3075 1897 3204 1943 sunt
3241 1898 3423 1944 tamen

1854 1973 1988 2041 ipsis
2019 1973 2162 2029 fetus
2200 1976 2405 2046 proprii
2434 1996 2446 2031 :
2482 1977 2576 2032 sed
2628 1978 2767 2032 male
2818 1978 3044 2048 insuper
3066 1979 3427 2054 .sul‘furantes

1854 2080 2044 2120 eorum
2098 2065 2192 2135 qui
2241 2081 2301 2120 se
2361 2066 2490 2120 olim
2557 2068 2870 2136 apostolicae
2934 2068 3192 2124 Ecclesia:
3243 2071 3428 2126 hostes

1855 2153 2088 2223 professi
2134 2162 2290 2217 sunt,
2332 2155 2598 2226 ignobiles
2646 2155 2790 2212 fetus
2827 2159 3126 2225 abortivos,
3158 2176 3260 2216 eos
3305 2169 3428 2216 tan-

1852 2261 2015 2316 quam
2051 2262 2375 2316 generosnm
2412 2256 2465 2302 et
2513 2249 2814 2318 perfectum
2860 2249 3172 2320 dogmatum
3209 2261 3424 2321 partum

1852 2339 2156 2409 proferunt,
2191 2356 2391 2411 perque
2423 2341 2544 2397 illos
2576 2341 2994 2397 Manichaaorum
3024 2342 3220 2414 dogma
3265 2345 3425 2402 nobis

1852 2430 2101 2484 nituntur
2132 2433 2393 2495 excitare,
2426 2433 2904 2489 comminiscentcs
2937 2435 3160 2504 angelos
3203 2436 3296 2505 qui
3349 2436 3428 2491 di-

1852 2529 2133 2576 verterunt
2158 2521 2223 2575 ad
2266 2521 2634 2576 Ahrahamum
2672 2526 2890 2593 propria
2930 2534 3123 2579 natura
3172 2541 3270 2581 sua
3321 2527 3426 2580 ali

1852 2613 2019 2666 menti
2050 2612 2224 2667 factos
2265 2611 2435 2667 fuisse
2466 2614 2784 2684 participes,
2822 2624 2875 2670 et
2907 2617 3024 2686 pari
3054 2616 3218 2671 modo
3247 2617 3426 2672 deita-

1851 2712 1960 2757 tem
1992 2703 2205 2758 Domini
2243 2704 2444 2759 Christi
2475 2705 2682 2775 absque
2712 2721 2876 2762 carne
2909 2709 3088 2762 cibum
3117 2715 3418 2780 potumque

1853 2795 2154 2864 sumpsisse
2177 2795 2600 2851 confirmantes:
2633 2797 2758 2850 licet
2791 2795 3073 2868 Scriptura
3108 2814 3284 2861 sacra,
3314 2816 3424 2855 non

1851 2888 2174 2940 naturaliter
2221 2887 2312 2942 sed
2349 2898 2672 2957 apparenter
2703 2889 3047 2944 solummodo
3093 2890 3146 2944 id
3196 2891 3421 2960 factum,

1851 2976 2053 3033 diserte
2079 2979 2486 3048 comprobante.
2519 2979 2574 3032 Si
2604 2981 2748 3035 enim
2783 2983 3106 3037 naturaliter
3139 2985 3245 3039 ista
3279 2983 3424 3041 facta

1851 3078 2010 3134 Sunt,
2052 3078 2266 3140 oportet
2317 3079 2429 3125 tres
2487 3071 2608 3126 illos
2656 3081 2751 3126 aut
2794 3074 2944 3128 viros
2979 3074 3286 3142 nominari,
3331 3084 3425 3131 aut

1851 3161 2072 3230 angelos
2116 3163 2420 3231 nuncupari
2477 3160 2732 3232 (multum
2785 3162 2927 3218 enim
2972 3165 3115 3221 inter
3162 3167 3270 3222 duo
3308 3167 3424 3225 haec

1850 3266 2048 3321 genera
2082 3260 2166 3306 est
2197 3252 2554 3323 discriminis)
2600 3254 2703 3308 etsi
2759 3253 2980 3324 quidem
3027 3257 3131 3311 viri
3186 3258 3419 3325 fuerint,

1850 3343 1984 3397 nihil
2018 3344 2161 3413 quod
2210 3346 2274 3398 ad
2309 3352 2563 3398 naturam
2617 3347 2916 3416 angelicam
2970 3350 3294 3419 ostendere;
3338 3352 3426 3407 sin

1851 3436 2060 3507 angeli,
2108 3437 2260 3489 nullo
2307 3451 2573 3504 corporeo
2631 3439 2876 3493 membro
2928 3456 3082 3496 more
3133 3443 3424 3512 spirituum

1848 3543 2110 3599 apparere
2144 3527 2263 3582 illos
2291 3529 2554 3597 Oportuit.
2584 3527 2872 3594 Quomodo
2903 3531 3070 3601 igitur
3100 3533 3282 3588 cibum
3316 3535 3424 3589 illis

1849 3619 2003 3673 daret
2043 3619 2341 3674 secundum
2374 3620 2660 3674 naturam?
2683 3621 2932 3689 nunquid
2986 3631 3044 3674 ut
3078 3624 3244 3678 viris?
3284 3623 3424 3681 falso

1851 3708 2016 3779 igitur
2062 3709 2237 3779 angeli
2284 3709 2452 3763 fuisse
2490 3716 2880 3764 memorantur.
2925 3709 3182 3782 Nunquid
3222 3723 3280 3767 ut
3325 3729 3423 3768 an-

1849 3803 2020 3873 gelis?
2051 3818 2222 3872 ecqua
2252 3802 2534 3872 spiritibus
2562 3816 2686 3856 cum
2724 3803 2969 3858 sensibili
3000 3804 3126 3859 cibo
3150 3813 3234 3861 est
3273 3820 3424 3860 com-

1851 3895 2070 3950 munio?
2102 3895 2207 3949 nisi
2249 3894 2386 3949 forte
2417 3901 2470 3949 et
2513 3895 2736 3964 angelos
2783 3895 3034 3952 homines
3082 3895 3256 3953 factos
3294 3911 3418 3950 cor-

1852 3985 2130 4056 poralibus
2177 3985 2396 4056 organis
2443 3983 2567 4039 cibo
2617 3986 2888 4054 corporali
2931 3985 3038 4040 frui
3085 3984 3418 4042 fabulantur.

1853 4070 1909 4125 Si
1944 4079 2150 4126 mutata
2185 4071 2455 4127 sententia
2490 4071 2748 4139 dixerint,
2782 4088 2891 4128 non
2950 4089 3137 4129 revera
3177 4084 3231 4130 et
3260 4085 3423 4131 natu-

1851 4165 2058 4227 raliter,
2105 4164 2197 4219 sed
2231 4172 2556 4234 apparenter
2606 4165 2742 4221 istos
2784 4173 3032 4234 epulatos
3082 4165 3294 4224 fuisse:
3327 4176 3422 4224 aut

1850 4257 2165 4325 relinquant
2197 4265 2412 4325 oportet
2455 4257 2760 4327 exemplum
2797 4257 3115 4327 angelorum
3159 4267 3218 4312 ut
3261 4274 3420 4330 pere-

1851 4349 2092 4419 grinum,
2123 4357 2218 4402 aut
2244 4349 2300 4402 in
2327 4348 2627 4417 Salvatore,
2652 4349 2774 4404 loco
2795 4351 3062 4414 veritatis,
3079 4351 3423 4420 phantasiam

169 4421 282 4518 εχεέ
321 4447 460 4519 πρὸς
491 4446 590 4516 τὴν
636 4421 888 4515 μεγάληνῂ
922 4443 1124 4513 ταύτην
1173 4421 1478 4513 οἰκονομίαν
1528 4447 1559 4516 ή
1609 4446 1748 4501 κατὰ

1854 4440 2110 4496 inducere
2152 4441 2576 4511 comperientur.
2629 4439 2747 4507 Qua
2800 4442 2969 4512 igitur
3019 4442 3198 4498 fronte
3252 4442 3422 4498 dissi-

167 4545 294 4604 τοὺς
326 4539 594 4608 ἀγγέλους
626 4539 682 4588 ἐν
734 4539 1000 4606 σχήμασιν
1045 4537 1283 4607 ἱστορίας
1316 4539 1406 4607 Μὴ
1437 4538 1744 4606 φαίνονται;

168 4634 330 4694 πότες
362 4631 396 4702 ἦ
435 4629 576 4693 ποῦς
605 4629 638 4697 ἢ
676 4628 825 4698 παρὰ
851 4627 994 4690 τίνος
1023 4627 1338 4697 ἐτέχθησαν,
1373 4629 1448 4692 ὡς
1473 4631 1500 4682 ό
1548 4631 1748 4683 Δεσπό-

168 4740 266 4792 της
309 4719 586 4793 Χριστός;
630 4718 719 4789 Μὴ
765 4719 872 4788 ἁφῇ
909 4717 1046 4771 κατά
1095 4712 1188 4771 τὸν
1225 4717 1336 4770 ἴσον
1369 4719 1748 4791 ὑπεϐλήθησαν

167 4813 407 4882 τρόπονς
444 4809 538 4877 Μὴ
592 4807 886 4878 περιτομὴν
938 4803 1218 4870 ἐδέξαντο;
1273 4807 1347 4878 μὴ
1401 4809 1745 4882 προκοπὴνῆ

169 4905 400 4976 αὔξησιν
466 4901 854 4967 ἐπεδείξαντο;
919 4899 992 4970 μὴ
1067 4899 1457 4970 νηστεύσαντες
1524 4901 1747 4972 ὕστερον

169 4995 468 5048 ἐπείνασαν
493 5009 508 5058 ;
545 4992 619 5063 μὴ
643 4993 1002 5054 κοπιάσαντες
1028 4991 1086 5056 ἐξ
1116 4991 1420 5062 ὁδοιπορίας
1450 4991 1706 5063 ἐδίψησαν
1730 5011 1745 5060 ;

173 5090 245 5160 μὴ
279 5088 374 5142 τὸν
403 5085 574 5139 ὕπνον
606 5084 681 5148 ὼς
725 5086 922 5138 οίκεῖον
951 5083 1281 5154 ἐγνώρισαν;
1316 5083 1388 5153 μὴ
1435 5085 1626 5153 πεῖραν
1656 5102 1749 5156 μα-

170 5182 372 5248 στίγων
396 5176 618 5241 ἐλαϐονς
648 5174 722 5246 μὴ
744 5175 971 5229 θανάτου
1001 5173 1745 5246 παραπλησίωςιέγεύσαντος

171 5275 243 5344 μὴ
289 5274 438 5342 ταφῇ
482 5269 889 5341 παρεδόθησανς
943 5267 1015 5338 μὴ
1067 5267 1386 5336 κατέλειψαν
1431 5266 1619 5336 ἱμάτια
1671 5270 1749 5332 εἰς

165 5365 400 5426 πολλοὺς
463 5359 827 5432 μεριζόμενα,
876 5356 1194 5410 διδάσκοντα
1240 5358 1304 5426 τῇ
1358 5356 1541 5426 πείρᾳ.
1585 5357 1750 5427 μηδὲν

163 5462 306 5513 νοεῖν
349 5454 496 5509 κατά
522 5453 764 5521 δόκησιν,
798 5451 932 5506 ἀλλά
975 5449 1149 5501 πάντα
1183 5449 1302 5502 καθ’
1332 5448 1628 5502 ὑπόστασιν
1657 5450 1751 5502 καὶ

162 5549 470 5621 ἀληθειανς
505 5545 571 5598 Εἰ
607 5543 715 5614 γάρ
759 5543 976 5614 δοκήσει
1031 5541 1186 5614 σῶμα
1232 5536 1375 5611 εἶχεν
1419 5542 1448 5595 ό
1497 5540 1748 5612 Χριστὸς,

239 5708 376 5779 (25‘)
423 5703 611 5767 Forte,
647 5701 803 5757 visio.

1849 4531 1977 4586 mile
2026 4539 2286 4601 tanquam
2335 4532 2514 4588 simile
2559 4531 2625 4585 ad
2674 4531 2955 4587 Christum
3001 4533 3203 4588 audent
3237 4534 3423 4588 detor-

1847 4625 2049 4694 quere?
2069 4623 2208 4690 Quid
2239 4640 2362 4679 cum
2395 4622 2660 4692 stupenda
2689 4624 2994 4677 meonomia
3020 4631 3184 4692 atque
3205 4623 3420 4692 dispen-

1846 4715 2057 4769 satione
2114 4728 2402 4769 commune
2461 4713 2624 4766 habet
2681 4712 2770 4764 illa
2828 4712 3144 4781 angelorum
3215 4711 3416 4766 visibili

1846 4805 2026 4874 specie
2042 4804 2415 4873 apparentinm
2441 4802 2668 4856 historia
2685 4803 2862 4872 (25‘)?
2888 4801 3421 4872 Conspicinnturne?

1847 4895 2100 4966 quando?
2128 4901 2221 4948 aut
2248 4895 2374 4949 ubi?
2395 4901 2486 4947 aut
2510 4909 2575 4949 ex
2603 4907 2710 4962 qua
2742 4893 2852 4946 nati
2890 4900 3039 4957 sunt,
3066 4902 3124 4946 ut
3155 4893 3418 4959 Dominus

1847 4987 2133 5044 Christus?
2159 4983 2296 5039 Num
2329 4987 2520 5038 eodem
2551 4984 2627 5038 illi
2654 4984 2815 5037 modo
2845 4983 3015 5038 tactui
3047 4983 3265 5039 fuerunt
3291 4985 3420 5041 sub-

1844 5079 2012 5150 jecti?
2059 5076 2200 5131 Num
2243 5075 2554 5132 circumcisi
2599 5073 2762 5131 sunt?
2809 5089 2879 5128 an
2923 5074 3272 5144 profecerunt
3321 5083 3416 5130 aut

1847 5170 2172 5228 creverunt?
2200 5184 2328 5225 num
2368 5185 2492 5225 cum
2517 5170 2892 5240 jejunassent,
2937 5166 3156 5220 tandem
3204 5167 3414 5221 esurie-

1847 5264 2008 5320 runt?
2052 5278 2179 5316 num
2226 5261 2387 5332 508
2429 5278 2498 5318 ex
2531 5262 2727 5316 itinere
2777 5259 2904 5315 fessi
2956 5257 3244 5314 sitierunt?
3280 5275 3412 5314 num

1849 5356 2152 5413 naturalem
2180 5370 2432 5410 somnum
2465 5355 2668 5424 experti
2700 5353 2864 5408 sunt?
2901 5368 3030 5406 num
3070 5350 3254 5421 ﬂagris
3272 5353 3426 5416 .caasi

1849 5446 2014 5503 sunt?
2055 5460 2185 5498 num
2231 5444 2419 5498 eodem
2471 5459 2582 5514 quo
2631 5443 2722 5496 ille
2755 5441 2916 5496 modo
2948 5448 3175 5495 mortem
3228 5449 3413 5512 gusta-

1850 5539 2010 5593 runt?
2038 5551 2166 5592 num
2193 5537 2482 5606 sepultura:
2511 5542 2638 5590 sunt
2669 5533 2894 5589 traditi?
2923 5549 3048 5588 num
3079 5533 3416 5604 reliquerunt
