3976 6388
555 298 695 356 i579

1641 271 1698 325 S.
1740 262 2185 322 ATIIANASIUS
2226 287 2294 300 —
2332 257 2606 313 SPURIA.

3677 245 3798 302 1580

553 409 880 468 vestimenta
930 401 1071 455 inter
1125 395 1306 466 plures
1355 386 1689 445 distributa?
1740 396 1862 453 quae
1929 391 2126 448 magno

2248 374 2412 445 ὒσπερ
2439 373 2658 443 δοκήσει
2691 368 2878 440 σχῆμα
2906 366 3109 436 ἀνδρῶν
3155 365 3209 416 οἱ
3257 362 3501 432 ἄγγελοι,
3543 360 3654 414 ἔδει
3682 359 3797 431 μηδὲ

555 504 876 574 argumento
908 497 1068 550 sunt,
1122 484 1256 538 nihil
1303 482 1358 534 in
1405 478 1627 533 Christo
1677 469 2122 543 phantasticum,

555 557 685 646 vera
719 593 898 640 autem
941 589 995 634 et
1027 573 1408 636 substantialia
1441 568 1625 624 omnia
1655 559 2032 633 intelligenda.
2069 557 2128 610 Si

557 684 702 738 enim
733 687 792 732 ut
830 673 1004 744 angeli
1049 671 1288 723 virorum
1338 663 1574 734 speciem
1621 658 1880 728 Opinione
1920 652 2126 706 indue-

557 779 716 833 runt,
765 768 836 821 ita
873 765 1127 819 Christus
1181 757 1438 828 opinione
1484 769 1687 822 corpus
1736 747 1925 803 habuit
1968 764 1982 799 :
2020 759 2132 799 non

557 866 850 935 potuerunt
890 855 1060 911 videri
1105 860 1160 907 et
1201 849 1370 904 tactui
1419 845 1616 914 subjici
1659 843 1981 897 vestimenta
2027 836 2133 889 Do-

557 954 712 1017 mini,
743 944 1198 1022 quemadmodum
1233 957 1334 996 nec
1365 939 1680 1009 angelorum
1714 933 1855 986 mole
1887 926 2133 999 corporis

557 1041 881 1099 carentium.
912 1037 1030 1103 Quo
1063 1036 1229 1106 igitur
1266 1040 1425 1102 pacto
1454 1044 1540 1083 res
1571 1029 1714 1080 inter
1744 1038 1803 1078 se
1831 1018 2134 1074 dissimiles

557 1135 901 1206 impudenter
929 1128 1243 1189 conferunt,
1277 1135 1331 1178 et
1363 1136 1484 1192 qua:
1519 1117 1687 1172 tantis
1716 1114 1975 1168 distincta
2007 1116 2135 1164 sunt

561 1205 739 1282 modis
775 1223 1108 1293 conjungere
1145 1215 1444 1272 conantur?
1472 1214 1583 1282 Age
1618 1223 1744 1264 vero
1777 1207 1941 1261 verba
1979 1205 2122 1258 inter

561 1337 620 1376 se
671 1326 856 1372 nostra
908 1322 962 1369 et
1009 1313 1223 1366 illorum
1276 1307 1647 1362 conferamus.
1703 1299 1815 1354 Nos
1874 1298 2134 1361 dicimus,

561 1409 848 1464 Dominum
885 1406 1018 1458 vere
1063 1399 1364 1456 secundum
1407 1409 1628 1450 carnem
1674 1390 2012 1453 comedisse,
2060 1387 2137 1442 si-

560 1500 780 1572 quidem
815 1498 917 1551 hoc
959 1493 1108 1549 omni
1137 1490 1290 1545 carni
1325 1486 1630 1557 proprium;
1666 1481 1743 1535 illi
1795 1481 1984 1535 dicunt
2031 1492 2131 1529 an-

562 1593 713 1664 gelos
758 1587 1098 1648 comedisse,
1148 1580 1418 1652 siquidem
1470 1586 1604 1630 tunc
1653 1589 1770 1628 rem
1821 1567 2138 1640 hujusmodi

570 1682 884 1752 angelorum
927 1685 1124 1730 natura
1162 1671 1401 1726 admisit.
1450 1663 2004 1736 Nos.experientiam
2055 1668 2140 1716 te-

565 1729 703 1830 ste‘in
736 1773 1034 1834 habemus;
1070 1767 1147 1820 illi
1175 1772 1228 1819 ct
1267 1763 1542 1816 rationum
1569 1767 1624 1812 et
1673 1758 1946 1810 factorum
1981 1753 2140 1806 testi-
2170 1729 2211 1783 Β

565 1866 750 1921 monio
782 1863 1174 1917 destituuntur.
1204 1854 1314 1910 Nos
1343 1854 1452 1908 illis
1483 1859 1537 1906 et
1568 1849 1766 1903 famem
1805 1855 1860 1902 et
1890 1846 2037 1901 sitim
2069 1860 2137 1899 ex

565 1956 786 2012 Litteris
818 1953 991 2009 sacris
1034 1947 1395 2020 proferimus;
1427 1945 1504 1999 illi
1545 1951 1798 1995 neutrum
1842 1939 2036 1991 horum
2070 1936 2138 1990 de

566 2047 772 2118 angelis
801 2051 1028 2115 possunt
1054 2040 1453 2094 demonstrare.
1486 2033 1595 2087 Nos
1627 2030 1894 2092 membra,
1935 2041 2137 2081 secun-

565 2139 694 2193 dum
737 2148 1080 2191 communem
1117 2130 1397 2184 hominum
1439 2122 1861 2183 formationem;
1912 2118 1992 2172 illi
2042 2121 2140 2171 “na-

566 2241 744 2283 turam
797 2227 1150 2298 angelorum,
1195 2235 1360 2290 quam
1416 2215 1660 2270 membra
1725 2212 1930 2266 habere
1979 2224 2141 2264 nemo

567 2326 854 2393 quisquam
889 2333 1058 2372 ausus
1096 2313 1260 2368 fuerit
1299 2311 1585 2364 affirmare.
1615 2305 1854 2360 Membra
1886 2314 2063 2358 autem
2095 2301 2142 2357 si

566 2416 766 2478 desint,
806 2411 937 2481 quid
967 2415 1050 2464 est
1083 2405 1228 2477 quod
1269 2402 1664 2460 nutrimentum
1701 2397 1972 2468 recipiat?
2011 2393 2144 2465 quid

567 2506 710 2575 quod
756 2499 1122 2558 comminuat?
1155 2495 1285 2567 quid
1328 2493 1473 2566 quod
1525 2491 1770 2564 digerat?
1819 2488 1949 2560 quid
1999 2484 2146 2557 quod

567 2594 833 2650 retineat?
860 2591 989 2662 quid
1037 2588 1183 2663 quod
1229 2585 1644 2642 concoctionem
1697 2577 1980 2652 perficiat?
2014 2575 2148 2646 quid

569 2689 713 2760 quod
747 2689 973 2757 reliqua,
1021 2698 1139 2755 quae
1174 2681 1398 2736 honoris
1443 2691 1611 2732 causa
1642 2673 1832 2729 taceo?
1862 2669 2142 2738 Quemad-

2231 465 2327 518 τοῦ
2363 464 2565 536 Κυρίου
2596 461 2827 532 φανῆναί
2875 477 2934 512 τε
2975 459 3066 512 καὶ⁵
3106 459 3222 527 ἁφῇ
3282 453 3653 524 ὑποϐληθῆναι
3694 452 3802 523 ἱμά-

2228 573 2341 618 τια,
2368 555 2618 625 καθάπερ
2654 552 2748 605 ἐπὶ
2785 550 2893 604 τῶν
2935 547 3241 618 ἀσωμάτων
3284 545 3539 614 ἀγγέλων
3584 542 3799 612 ἐγένετο.

2231 648 2357 711 Πῶς
2385 643 2478 700 οὖν
2507 646 2568 699 τὸ
2607 645 2772 717 μηδὲν
2799 643 2974 705 ἐοικὸς
2999 642 3174 694 ἐκεῖνο
3201 638 3280 709 τῷ
3320 637 3670 710 προκειμένῳ
3696 637 3800 689 ἐπι-

2236 741 2492 811 φέρουσιν
2520 736 2774 800 ἀναιδῶς,
2805 735 2900 787 καὶ
2925 732 3216 785 συνάπτειν
3247 728 3556 800 πειρῶνται
3586 727 3658 780 τά
3683 727 3802 780 κατὰ

2241 831 2528 893 τοσούτους
2553 829 2787 901 τρόπους
2822 823 3284 896 παρηλλαγμένας
3314 821 3424 874 Καὶ
3458 820 3804 890 σκοπήσωμεν

2233 927 2299 978 ἐκ
2344 919 2693 993 παραλλήλου
2739 918 2867 980 τοὺς
2893 915 3073 987 ἡμῶν·
3097 931 3155 966 τε
3204 913 3297 966 καὶ
3340 911 3576 964 ἐκείνων
3615 911 3801 978 λόγους,

2247 1019 2440 1087 Ἡμεῖς
2470 1029 2648 1083 φαμεν
2671 1010 2887 1081 ἀληθῶς
2905 1006 3241 1079 βεϐρωκέναι
3256 1004 3398 1058 κατὰ
3417 1003 3520 1074 τὴν
3544 1003 3719 1072 σάρκα
3731 1001 3804 1055 τὸν

2237 1105 2464 1176 Κύριον,
2490 1102 2676 1172 ἐπειδὴ
2701 1099 2858 1152 τοῦτο
2878 1099 3057 1168 πάσης
3079 1094 3278 1166 σαρκός
3298 1110 3312 1124 ο
3342 1093 3544 1146 ἐκεῖνοί
3583 1108 3712 1161 φασι
3734 1091 3806 1160 βε-

2239 1197 2512 1270 6ρωκέναι
2563 1195 2689 1258 τοὺς
2733 1192 2994 1261 ἀγγέλους
3013 1229 3028 1253 ,
3075 1187 3260 1257 ἐπειδὴ
3314 1185 3438 1238 τότε
3489 1185 3555 1237 τὸ
3594 1183 3806 1237 τοιοῦτον

2238 1290 2398 1360 φύσις
2425 1285 2670 1357 ἀγγέλων
2695 1284 2930 1352 ἐδέξατο.
2968 1283 3156 1353 Ἡμεῖς
3189 1279 3448 1350 μάρτυρα
3493 1275 3598 1346 τὴν
3640 1279 3806 1346 πεῖραν

2239 1383 2433 1455 ἔχομεν
2459 1395 2471 1408 ⁸
2505 1379 2658 1434 αύτοὶ
2698 1377 2793 1431 καὶ
2837 1377 3010 1444 λόγων
3047 1372 3220 1427 ἄλλων
3265 1370 3360 1422 καὶ
3395 1369 3579 1440 ἔργων
3627 1385 3807 1438 μαρτυ-

2243 1473 2477 1546 ρούντων
2523 1470 2708 1532 αὐτοῖς
2757 1466 3072 1538 ἀποροῦσιν.
3113 1464 3304 1533 Ἡμεῖς
3357 1462 3455 1513 καὶ
3506 1461 3696 1511 πεῖναν
3734 1459 3809 1510 καί

2240 1567 2397 1636 δίψαν
2443 1565 2508 1616 ἐκ
2565 1562 2674 1614 τῶν
2715 1558 2885 1628 ἁγίων
2933 1555 3290 1628 παριστῶμεν
3335 1555 3376 1606 Γ
3383 1552 3574 1625 pag:th
3623 1551 3808 1614 αὐτοῖς·

2241 1659 2437 1712 ἐκεῖνοι
2461 1654 2666 1708 τούτων
2691 1651 2970 1720 οὐδέτερον
2997 1649 3089 1701 ἐπὶ
3115 1646 3228 1700 τῶν
3271 1645 3522 1714 ἀγγέλων
3548 1641 3714 1707 δεῖξαι
3747 1642 3813 1694 δυο

2241 1749 2514 1819 νήσονται.
2557 1743 2750 1812 Ἡμεῖς
2782 1740 2918 1810 μέλη
2947 1737 3087 1792 κατά
3122 1740 3220 1808 τὴν
3248 1736 3343 1789 τοῦ
3388 1734 3597 1796 παντὸς
3627 1732 3812 1803 ἀνθρώ-

2243 1858 2348 1894 που
2395 1838 2714 1893 διάπλασιν·
2766 1835 2964 1886 ἐκεῖνοι
3014 1830 3175 1901 φύσιν
3217 1828 3509 1897 ἀγγέλων,
3557 1826 3626 1896 ἢν
3666 1825 3813 1886 οὐδεὶς

2244 1933 2389 2003 ἔχειν
2419 1929 2554 2001 μέλη
2597 1923 2930 1995 τετόλμηκεν
2969 1919 3372 1991 ἀποφήνασθαι.
3418 1918 3619 1972 Μελῶν
3663 1916 3717 1968 δὲ
3754 1914 3813 1983 μὴ

2245 2023 2436 2082 δντων,
2481 2020 2534 2072 τί
2576 2017 2637 2070 τὸ
2673 2015 3030 2086 προσιέμενον
3064 2011 3162 2082 τήν
3187 2011 3396 2082 τροφήν
3419 2026 3434 2073 ;
3461 2009 3514 2061 τί
3547 2009 3612 2060 τὺ
3647 2005 3814 2058 λεπτύ-

2247 2130 2372 2178 νον;
2405 2113 2457 2165 τί
2494 2111 2556 2164 τὸ
2583 2111 2823 2172 πέπτον;
2852 2107 2906 2160 τί
2954 2107 3015 2159 τὸ
3063 2103 3323 2175 κατέχον;
3357 2103 3411 2155 τί
3455 2101 3519 2154 τὸ
3549 2100 3651 2172 τὴν
3681 2099 3816 2167 πέψιν

2247 2205 2648 2279 ἐργαζόμενονς
2685 2202 2738 2255 τί
2767 2201 2828 2254 τὸ
2865 2199 3012 2270 ἑξῆς,
3060 2199 3198 2268 ὅπερ
3233 2197 3457 2266 τιμήσω
3500 2197 3569 2264 τῇ
3623 2195 3814 2261 σιωπῇ;

2250 2300 2466 2369 Ὥσπερ
2505 2292 2598 2350 οὖν
2644 2295 2837 2367 ἄνδρες
2870 2291 3129 2362 φανέντες
3164 2291 3214 2343 oi
3271 2289 3520 2358 ἄγγελοι,
3555 2289 3659 2341 ούκ
3698 2283 3816 2357 ἦσαν

2251 2390 2441 2460 ἄνδρες
2489 2390 2556 2457 τῇ
2603 2385 2796 2456 φύσει·
2842 2384 3014 2447 οὕτως
3062 2381 3183 2434 οὐδὲ
3214 2378 3418 2433 ἐσθίειν
3468 2377 3816 2448 νομισθέντες,

2251 2478 2438 2550 ήσθιον
2483 2475 2668 2545 φύσει·
2714 2474 2808 2528 τὸν
2837 2471 3108 2543 φιλόξενον
3135 2471 3190 2523 δὲ
3217 2470 3419 2540 τρόπον
3460 2468 3558 2521 τοῦ
3601 2467 3820 2539 Ἀϐραὰμ

2254 2571 2456 2642 ἐτίμων
2487 2569 2563 2640 τῷ
2603 2569 2845 2640 σχήματι
2889 2567 2989 2637 τῆς
3024 2565 3332 2636 μετουσίας,
3379 2563 3634 2634 ζηλωτὴν
3678 2558 3818 2613 αὑτοῦ

2254 2665 2353 2735 τὴν
2383 2663 2583 2735 ἀρετὴν
2611 2661 3023 2730 ἀποφαίνοντες.

572 2784 789 2834 modum
835 2780 999 2848 igitur
1044 2773 1256 2844 angeli,
1308 2785 1434 2825 cum
1485 2768 1589 2822 viri
1635 2779 1760 2820 esse
1808 2763 2140 2822 viderentur,
2209 2757 2311 2811 viri
2345 2765 2522 2810 tamen
2559 2761 2754 2808 natura
2794 2767 2904 2807 non
2954 2750 3212 2807 fuerunt:
3250 2748 3326 2803 ita
3366 2749 3432 2802 'et
3485 2761 3614 2801 cum
3661 2744 3818 2799 cibum

569 2886 763 2942 capere
813 2869 1278 2928 existimarentur,
1337 2875 1526 2917 revera
1594 2873 1703 2911 non
1766 2853 2140 2908 comederunt.
2217 2847 2656 2920 Hospitalitatem
2721 2852 2904 2900 autem
2942 2841 3238 2899 Abrahami
3281 2839 3665 2903 honorabant,
3705 2849 3818 2890 con-

572 2966 727 3020 sortii
799 2965 980 3033 specie
1044 2960 1302 3014 virtutem
1373 2954 1494 3023 ejus
1567 2947 1892 3004 imitandam
1959 2945 2326 3000 declarantcs.

1231 3081 1241 3092 -
1271 3065 1424 3137 μιν.
2174 3065 2219 3125 c
2973 3048 3117 3105 xw.

575 3167 839 3222 Adversus
871 3181 958 3218 eos
993 3163 1081 3232 qui
1114 3160 1315 3232 nullum
1351 3173 1453 3210 non
1490 3151 1803 3207 miraculum
1834 3151 2147 3204 iumtinuuut

2251 3147 2412 3216 Πρὸς
2451 3145 2593 3212 τοὺς
2627 3147 3067 3232 σμικρρνρντας
3098 3140 3362 3232 ἕκαςτον
3392 3140 3614 3211 θαῦμα,
3642 3136 3716 3201 τῷ
3738 3135 3824 3204 ἀρ-

1015 3211 1073 3285 eo
1102 3229 1237 3300 quod
1262 3243 1472 3281 carnem
1501 3232 1705 3294 negent.

2298 3211 2315 3216 ⁷
2388 3211 2399 3212 ί
2571 3211 2578 3212 ί
2669 3211 2682 3216 ⁷
2737 3211 2968 3269 κεῖσθαι
3002 3213 3116 3279 τὴν
3149 3211 3371 3280 σάρκα.

645 3329 846 3384 Verum
885 3342 954 3380 ne
991 3323 1250 3379 miracula
1287 3319 1504 3391 quidem
1535 3315 1747 3372 Domini
1798 3313 2012 3368 insidiis
2035 3311 2147 3366 suis

2336 3307 2494 3363 Ἀλλά
2525 3308 2630 3379 μήν
2664 3307 2785 3361 οὐδὲ
2814 3307 2882 3360 τὰ
2913 3305 3166 3376 θαύματα
3217 3305 3311 3357 τοῦ
3362 3302 3577 3374 Κυρίου
3618 3299 3821 3355 καταλε-

577 3425 749 3479 libera
790 3428 844 3475 et
879 3419 1032 3472 ﬁrma
1069 3416 1426 3486 reliquerunt,
1456 3412 1550 3480 qui
1601 3409 1668 3463 ab
1721 3405 2147 3461 orthodoxorum

2251 3402 2470 3455 λοίπασι
2507 3399 2607 3470 τῆς
2653 3401 2783 3470 παρ’
2813 3398 2994 3452 αὐτῶν
3043 3395 3336 3465 ἐπιϐουλῆς
3369 3394 3636 3465 ἐλεύθερά
3662 3410 3716 3445 τε
3743 3391 3824 3444 καὶ

580 3513 751 3566 choro
800 3509 866 3562 ad
911 3505 1256 3561 adversarios
1289 3518 1348 3559 se
1391 3501 1747 3570 conjecerunt
1793 3516 1805 3550 :
1854 3495 1951 3551 sed
2001 3509 2147 3549 com-

2253 3492 2602 3563 ἀνενόχλητα,
2641 3492 2691 3543 οἱ
2739 3490 2879 3563 πρὸς
2910 3491 3009 3561 τὴν
3054 3488 3302 3542 ἐναντίαν
3333 3491 3534 3560 μοῖραν
3563 3485 3654 3539 τοῦ
3685 3480 3822 3556 χοροῦ

575 3604 780 3676 pressis
809 3600 1207 3670 coarctatisque
1241 3597 1340 3661 iis,
1380 3596 1574 3650 horum
1610 3607 1718 3646 non
1747 3589 2002 3644 viderunt
2032 3600 2148 3640 ma-

575 3695 938 3768 gnitudinem,
976 3707 1073 3762 per
1117 3707 1238 3760 qua:
1280 3687 1464 3744 carnis
1514 3682 1945 3752 assumptionem
1991 3693 2154 3748 nega-

575 3795 741 3852 runt;
783 3783 970 3839 deitati
1007 3783 1110 3837 soli
1148 3782 1262 3835 hac
1294 3778 1655 3833 ascribentes.
1699 3772 1809 3827 Nos
1853 3785 1983 3826 vero
2021 3785 2155 3823 con—

577 3877 883 3933 sideremus
911 3889 1074 3944 opera
1107 3874 1247 3942 ipsa,
1291 3868 1564 3940 quomodo
1598 3866 1667 3920 ab
1703 3863 1862 3918 initio
1891 3861 1959 3915 ad
1991 3860 2154 3915 finem

578 3985 752 4040 usque
782 3967 1126 4039 praeclariora
1164 3962 1485 4026 reddantur,
1516 3958 1702 4014 carnis
1733 3952 2108 4023 assumptione
2136 3970 2148 4004 :

580 4065 772 4117 viliora
823 4072 951 4114 vero
1005 4053 1368 4125 reperiantur,
1428 4050 1619 4106 eadem
1672 4045 1894 4116 rejecta.
1951 4041 2151 4095 Partus

579 4151 820 4221 Virginis
868 4161 1124 4218 magnum
1151 4152 1204 4198 et
1249 4143 1463 4197 celebre
1507 4147 1593 4195 est
1627 4135 1946 4193 mconomia:
1991 4140 2156 4202 atque

581 4239 1005 4310 dispensationis
1051 4233 1356 4290 exordium.
1401 4231 1460 4284 Si
1509 4236 1697 4285 natum
1765 4225 1904 4280 nihil
1952 4230 2036 4279 est
2089 4223 2156 4277 de

581 4329 806 4398 Virgine
863 4334 1086 4389 sancta,
1133 4323 1258 4392 quis
1318 4333 1645 4391 magnopere
1705 4317 1937 4369 miratus
1989 4312 2155 4366 fuerit

2252 3583 2360 3638 τῶν
2382 3581 2676 3653 ὀρθοδόξων
2708 3579 2936 3642 ἑαυτοὺς
2971 3575 3387 3648 ἀπορρήξαντες
3406 3593 3420 3605 ·
3459 3573 3825 3645 καθαιροῦντες

2251 3677 2309 3730 δὲ
2364 3676 2458 3729 καὶ
2509 3672 2912 3734 συστέλλοντες,
2947 3669 3006 3722 τὺ
3052 3667 3258 3721 τούτων
3291 3668 3393 3720 ούκ
3433 3667 3654 3737 ᾔδεισαν
3685 3663 3823 3735 μέγε-

2254 3769 2366 3831 θος,
2415 3767 2480 3820 δι’
2533 3759 2610 3820 ὧν
2653 3765 2962 3835 ἠρνήσαντο
3007 3761 3106 3831 τῆς
3152 3759 3354 3830 σαρκὸς
3401 3759 3507 3831 τὴν
3562 3755 3824 3826 ἀνάληψιν,

2255 3857 2662 3929 ἐπιγράψαντες
2706 3853 2880 3909 ταῦτα
2915 3854 3094 3924 γυμνῇ
3139 3853 3205 3921 τῇ
3249 3849 3482 3921 θεότητι.
3505 3849 3619 3904 Καὶ
3647 3845 3825 3914 σκοπή-

2255 3967 2438 4020 σωμεν
2471 3949 2558 4001 ἐπ’
2590 3947 2768 4001 αὐτῶν
2819 3945 2926 4000 τῶν
2971 3945 3332 4016 πραγμάτων,
3359 3943 3481 4006 πῶς
3528 3943 3624 3995 ἀπ’
3672 3938 3825 4011 ἀρχῆς

2253 4040 2380 4112 ἄχρι
2425 4039 2612 4102 τέλους
2663 4036 2874 4110 μεγάλα
2927 4035 3022 4107 μὲν
3067 4035 3342 4089 δείκνυται
3385 4037 3454 4105 τῇ
3505 4033 3607 4104 τῆς
3651 4029 3826 4101 σαρκὸς

2253 4131 2541 4203 ἀναλήψει,
2575 4131 2774 4200 ἥττονα
2821 4130 2880 4182 δέ
2931 4127 3268 4198 εὑρίσκεται,
3295 4125 3506 4198 ταύτης
3558 4120 3829 4192 ἀθετουμέ-

2253 4241 2370 4296 νης.
2404 4224 2575 4285 Τόκος
2605 4222 2760 4274 ἐστὶν
2793 4222 2858 4273 ἐκ
2899 4219 3178 4292 Παρθένου
3217 4219 3278 4271 τὸ
3320 4219 3465 4290 μέγα
3507 4219 3605 4272 καὶ
3645 4213 3829 4278 ἔνδοξον

2253 4315 2352 4384 τῆς
2393 4311 2704 4381 οἰκονομίας
2744 4311 3046 4382 προοίμιον.
3096 4310 3160 4362 Et
3221 4309 3393 4380 μηδὲν
3437 4312 3503 4362 ἐκ
3549 4308 3651 4378 τῆς
3690 4304 3828 4373 ἁγίας

583 4429 799 4490 partum
831 4415 1017 4470 illum?
1052 4429 1180 4468 cum
1209 4427 1310 4468 nec
1350 4417 1581 4464 matrem
1624 4406 1774 4460 illam
1815 4417 1942 4458 vere
1971 4401 2147 4456 dicere

2257 4403 2534 4475 Παρθένου
2577 4403 2638 4456 τὸ
2683 4403 2872 4474 τεχθὲν
2903 4401 3219 4474 ἐπεφέρετο,
3257 4401 3342 4463 τίς
3375 4401 3441 4454 ἂν
3475 4400 3747 4471 ἐθαύμασε
3777 4395 3830 4447 τὸ

584 4509 779 4581 possit,
809 4521 929 4578 qua:
969 4501 1440 4560 consubstantiale
1474 4498 1611 4552 nihil
1657 4512 1724 4550 ex
1773 4509 1832 4549 se
1867 4493 2156 4563 prodeunti

583 4602 1018 4658 communicasse
1068 4597 1403 4665 intelligatur
1442 4611 1455 4646 :
1491 4605 1591 4646 nec
1643 4587 1992 4657 stupendum
2026 4583 2158 4655 quid

587 4708 711 4750 esse
741 4691 1046 4753 existimes,
1074 4703 1193 4742 eam
1225 4699 1345 4755 quae
1372 4681 1543 4735 Mater
1574 4679 1716 4733 facta
1745 4678 1836 4741 sit,
1874 4675 2158 4746 Virginem

589 4797 830 4846 manere,
862 4779 1129 4849 siquidem
1164 4775 1400 4831 Verbum
1433 4786 1534 4828 sua
1564 4786 1664 4825 nos
1706 4765 1995 4838 praesentia
2029 4764 2158 4820 abs-

586 4890 693 4944 que
725 4871 971 4927 sensibili
1002 4884 1229 4939 corpore
1257 4867 1537 4936 dignatum
1568 4869 1673 4917 est.
1700 4859 1938 4915 Rursum
1968 4855 2159 4927 paucis

587 4966 792 5020 dictum
823 4971 941 5027 est,
987 4960 1170 5016 Iesum
1205 4957 1504 5029 profecisse
1549 4960 1731 5016 atate,
1781 4948 2052 5020 sapientia
2102 4957 2156 5003 et

587 5058 783 5128 gratia.
827 5053 887 5108 Si
916 5067 1135 5108 carnem
1180 5047 1495 5109 sustuleris,
1525 5045 1649 5116 quis
1681 5043 1737 5096 in
1785 5041 1947 5094 laude
1997 5043 2161 5109 ponet

588 5127 924 5201 incrementa
983 5152 1036 5198 et
1071 5139 1533 5196 'meliorationem
1610 5131 1831 5189 deitatis
1895 5145 2019 5200 quae
2092 5127 2160 5182 ab

586 5248 792 5294 aeterno
837 5235 1075 5306 perfecta
1121 5240 1237 5298 est,
1282 5246 1403 5301 qua:
1438 5245 1548 5284 non
1595 5225 1768 5298 pluris
1816 5222 1996 5294 indiga
2046 5227 2158 5285 est,

589 5343 711 5398 quae
760 5327 892 5380 nihil
946 5324 1165 5380 aliunde
1215 5323 1432 5378 auferre
1488 5329 1580 5375 aut
1639 5319 1886 5388 accipere
1943 5311 2161 5385 potest?

589 5422 942 5489 Consequens
979 5424 1065 5471 est
1117 5416 1284 5484 igitur
1329 5427 1550 5469 carnem
1601 5426 1744 5472 esse,
1789 5407 1948 5476 cujus
1993 5422 2160 5462 causa

591 5511 868 5584 profectus
898 5509 988 5562 ille
1032 5508 1360 5567 celebratur,
1403 5511 1624 5574 propter
1665 5500 1783 5570 ejus
1813 5515 1936 5553 cum
1983 5497 2162 5552 Verbo

592 5604 872 5656 unionem.
901 5601 965 5652 Et
996 5600 1286 5652 maximum
1315 5601 1564 5651 novimus
1589 5591 1986 5652 testimonium,
2015 5591 2161 5660 quod

592 5695 754 5774 nullo
769 5709 836 5774 se
881 5706 1120 5764 unquam
1155 5698 1380 5762 peccato
1413 5684 1823 5749 contaminarit,
1855 5683 2001 5754 quod
2034 5699 2160 5738 cum

2256 4497 2578 4566 γενόμενον;
2624 4496 2758 4565 μήτε
2800 4496 3010 4567 μητέρα
3045 4495 3226 4562 λέγειν
3273 4493 3445 4563 αὐτὴν
3480 4493 3653 4555 ὅντως
3691 4488 3830 4544 δυνά-

2261 4604 2420 4657 μενος
2453 4586 2514 4640 τὸ
2550 4587 2714 4658 μηδὲν
2743 4587 2913 4656 αὐτῆς
2941 4585 3224 4656 όμοούσιον
3258 4583 3336 4656 τῷ
3367 4585 3688 4656 προελθόντι
3719 4601 3829 4636 συν-

2261 4680 2428 4734 ιέναι⁶
2475 4680 2611 4751 μήτε
2639 4673 2938 4749 παράδοξον
2981 4678 3185 4749 κρίνων
3217 4678 3278 4730 τὸ
3326 4679 3583 4746 γενέσθαι
3620 4675 3827 4746 μητέρα.

2257 4772 2353 4826 καὶ
2386 4774 2565 4842 μεῖναι
2602 4769 2897 4842 Παρθένον,
2933 4769 3092 4840 εἴπερ
3119 4769 3248 4824 ἄνευ
3297 4767 3554 4840 σώματος
3594 4762 3830 4836 αίσθητοῦ

2256 4863 2355 4934 τήν
2386 4860 2578 4915 ἑαυτοῦ
2609 4860 2910 4933 παρουσίαν
2940 4863 2968 4914 ὁ
3001 4862 3174 4929 Λόγος
3214 4863 3347 4932 ἡμῖν
3385 4859 3701 4931 ἐχαρίσατο.
3733 4857 3831 4909 [1&-

2258 4955 2340 5010 λιν
2369 4955 2583 5028 εἴρηται
2612 4954 2862 5026 προκοπὴ
2893 4953 3156 5026 σύντομος
3176 4954 3392 5026 ήλικίας
3420 4954 3519 5008 καὶ
3543 4954 3730 5023 σοφίας
3752 4949 3834 5003 καὶ

2257 5046 2500 5118 χάριτος.
2550 5047 2674 5100 Ἐὰν
2719 5046 2923 5118 ἀφέλῃς
2960 5046 3060 5119 τὴν
3107 5048 3303 5117 σάρκα,
3342 5045 3428 5108 τίς
3464 5045 3677 5110 δέξεται
3715 5041 3836 5113 πρὸς

2259 5138 2478 5191 ἔπαινον
2514 5139 2766 5210 θεότητος
2791 5137 3016 5210 αὔξησιν
3045 5140 3134 5192 καὶ
3157 5136 3440 5207 βελτίωσιν
3474 5137 3576 5208 τῆς
3601 5136 3661 5201 ἐξ
3683 5133 3834 5188 ἀῖδὶου

2259 5227 2492 5292 τελείας,
2517 5229 2611 5281 καὶ
2638 5229 2775 5300 μήτε
2800 5229 3036 5290 πλείονος
3053 5227 3334 5297 δεομένης,
3361 5229 3501 5298 μήτε
3530 5228 3780 5298 ἀφαιρεῖν
3804 5223 3832 5292 ἢ

2260 5317 2556 5389 λαμϐάνειν
2584 5320 2647 5372 ἐκ
2680 5319 2787 5372 τῶν
2810 5319 3001 5384 ἔξωθεν
3023 5317 3361 5388 δυναμένης;
3394 5318 3719 5387 Ἐπαινετὴν
3739 5313 3835 5366 τοία

2260 5427 2353 5462 νυν
2372 5409 2470 5480 τὴν
2498 5411 2779 5482 προκοπὴν
2805 5411 2836 5479 ή
2865 5407 2997 5478 σὰρξ
3028 5409 3319 5477 ἀποφαίνει
3349 5411 3438 5462 διά
3464 5411 3568 5480 τῆς
3596 5409 3733 5480 πρὸς
3756 5405 3832 5456 τὸν

2259 5500 2428 5566 Λόγον
2451 5498 2712 5561 ένώσεως.
2741 5499 2848 5551 Καὶ
2871 5498 3131 5568 μεγίστην
3166 5500 3476 5570 μαρτυρίαν
3510 5499 3829 5567 γινώσκομεν

2260 5590 2353 5641 τοῦ
2375 5591 2449 5661 μὴ
2467 5591 2687 5659 ποιῆσαι
2705 5590 2860 5642 αὐτὸν
2883 5590 3178 5660 ἁμαρτίαν,
3202 5592 3267 5642 ἐκ
3286 5590 3380 5642 τοῦ
3405 5591 3499 5644 καὶ
3524 5592 3701 5661 σάρκα
3719 5585 3829 5649 ἀληο

2261 5682 2412 5753 οινήν
2451 5685 2506 5734 ἐν
2544 5682 2720 5752 αὐτῷ,
2760 5683 2851 5736 καὶ
2891 5681 3023 5752 μηδὲ
3065 5681 3210 5752 ἴχνος
3254 5683 3531 5750 ἁμαοτίας
3571 5683 3717 5740 ὁρᾶν.
3750 5671 3825 5735 Ὠς
