3976 6388
192 275 327 335 53$!

1001 271 1575 333 CONFUTATIONES
1610 272 2054 342 ouanuuoau
2092 231 2673 331 pnorosrrlouuu.

3311 279 3454 338 1582

190 393 308 463 ιῐγι
353 393 483 465 περὶ
518 391 769 461 θεότητος
798 390 1026 457 ἐλέγετο
1071 390 1167 445 νῦν
1209 391 1307 461 καὶ
1359 391 1526 462 μόνης
1574 390 1638 443 τὸ
1674 391 1756 445 ἀν·

1872 404 2092 443 carnem
2135 404 2322 444 veram
2368 389 2599 456 habeat,
2633 391 2852 448 nullum
2900 403 3085 454 tamen
3134 397 3346 470 peccati
3396 400 3451 454 in

189 484 527 555 αμάρτητον,
551 484 779 552 γελάσαι
810 483 1009 553 μᾶλλον
1033 483 1068 554 ἢ
1103 482 1380 553 θαυμάσαι
1402 483 1529 547 τοὺς
1550 481 1773 537 ἀκούον-

188 593 288 638 τας
320 576 471 647 ἐνῆν,
506 576 581 647 μὴ
620 577 780 646 μόνον
818 575 918 645 τῆς
945 575 1194 644 θεότητος
1225 573 1529 647 κρείττονος
1551 574 1637 628 ἀεὶ
1669 573 1773 627 πά-

190 685 292 739 σης
314 667 573 738 μέμψεως
612 666 937 736 πεφυκυίας,
959 667 1073 720 ἀλλ’
1099 667 1200 738 ήδη
1229 666 1321 719 καὶ
1361 666 1635 738 μυριάδων
1668 666 1770 735 ἀγ-

187 760 363 828 γέλων
394 759 787 829 φυλαξαμένων
816 757 878 811 τὸ
906 758 1262 830 ἁμαρτάνειν.
1306 757 1468 811 Ἀλλά
1501 756 1588 811 διὰ
1614 756 1771 811 τοῦτο

186 851 428 919 λέγεται,
452 852 749 922 ἐπειδήπερ
777 849 837 914 ἐξ
873 849 1198 921 ἀμαρτωλοῦ
1220 848 1412 917 γένους
1448 848 1711 918 ληφθεῖσα
1733 849 1767 918 ὴ

185 942 454 1014 ἄχραντος
485 942 642 1014 σὰρξ,
670 945 737 1013 τῇ
771 942 912 1012 πρὸς
942 942 1035 995 τὸν
1058 941 1189 994 Θεὸν
1215 942 1387 1009 Λόγον
1415 938 1607 992 ένώσει
1629 938 1767 1009 μόνη

184 1036 279 1088 καὶ
307 1033 504 1105 πρώτη
563 1032 869 1105 μεμένηκεν
911 1032 1312 1105 ἀναμάρτητος.
1365 1028 1644 1084 Ἐντεῦθεν
1673 1031 1769 1082 καὶ

184 1129 218 1197 ή
255 1127 394 1197 πρὸς
440 1126 533 1181 τὸν
572 1125 816 1179 διάϐολον
841 1125 1009 1196 πάλη,
1058 1125 1156 1179 καὶ
1192 1127 1226 1195 ἠ
1255 1121 1397 1178 κατά
1418 1121 1607 1176 τούτου
1640 1122 1767 1192 νίκη

184 1217 490 1289 παράδοξος
534 1218 764 1285 γίνεται,
819 1218 902 1270 ὃτι
956 1219 1056 1285 τῆς
1090 1215 1415 1287 ήττηθείσης
1445 1213 1646 1286 σαρκὸς
1668 1214 1767 1285 τὴν

184 1309 437 1378 ἀπαρχὴν
479 1308 617 1379 ἔχων
642 1308 791 1380 ὀτὴν
839 1311 1034 1380 πεῖραν
1080 1308 1406 1379 δεξάμενος,
1441 1305 1645 1375 ταύτην
1686 1324 1765 1359 νι-

182 1396 353 1467 κητὴν
400 1397 496 1449 τοῦ
551 1414 683 1451 ποτε
749 1401 1065 1467 νικήσαντος
1115 1398 1508 1469 ἀπειργάσατο,
1562 1397 1658 1451 καὶ
1696 1398 1762 1467 τῇ

181 1488 340 1558 φύσει
379 1490 441 1543 τὺ
475 1491 673 1562 κράτος
719 1490 1015 1563 δεδώρηται
1044 1492 1186 1545 κατά
1209 1491 1302 1544 τοῦ
1328 1491 1495 1545 πάλαι
1530 1491 1597 1545 δι’
1625 1491 1766 1544 ἀπά-

179 1598 276 1649 της
293 1584 691 1653 κρατήσαντος.
722 1583 821 1637 Διά
847 1583 1005 1636 τοῦτο
1038 1584 1132 1638 καὶ
1149 1586 1215 1655 τῇ
1248 1585 1435 1657 μνήμῃ
1466 1583 1573 1637 τῶν
1596 1584 1764 1652 ἁγίων

180 1668 411 1737 Γραφῶν
447 1669 547 1733 τὰς
596 1671 939 1741 ἐπαγομένας
983 1671 1155 1735 λαῦἀς
1201 1672 1483 1739 ἀπεδύετο,
1527 1673 1627 1726 ούκ
1671 1674 1761 1725 αύ⁴

1872 496 1939 536 eo
1986 480 2269 551 vestigium
2328 491 2609 552 appareat.
2654 482 2732 538 lta
2768 492 2830 540 ut
2872 488 2920 542 si
2969 491 3093 559 quis
3140 489 3210 546 de
3249 489 3456 547 deitate

1869 585 2042 642 eaque
2070 572 2188 627 sola
2220 572 2404 639 dicat,
2448 574 2597 644 quod
2641 589 2837 647 expers
2882 584 3092 650 peccati
3127 584 3232 648 sit,
3278 584 3453 640 risum

1868 661 1961 717 ille
2005 662 2191 733 potius
2235 677 2399 734 quam
2463 665 2882 723 admirationem
2932 672 3276 729 auditoribus
3328 689 3451 729 mo-

1869 760 2026 809 turus
2075 754 2147 807 sit
2189 775 2204 810 :
2251 753 2694 827 quandoquidem
2750 773 2859 813 non
2914 761 3090 816 solum
3145 762 3451 821 divinitatis

1867 845 1984 901 haec
2010 854 2207 900 natura
2242 853 2363 915 est,
2401 853 2462 901 ut
2490 848 2641 902 omni
2680 849 2840 919 culpa
2883 866 3099 922 semper
3141 853 3313 910 libera
3353 857 3448 921 sit,

1866 937 1963 992 sed
1994 939 2164 992 multa
2196 937 2362 993 etiam
2394 938 2711 1010 angelorum
2742 941 2911 996 millia
2936 957 2967 996 a
3009 955 3235 1016 peccato
3268 961 3448 1002 vacua

1866 1038 2173 1085 serventur.
2220 1028 2423 1085 Verum
2473 1031 2615 1086 hanc
2667 1031 2844 1103 ipsam
2894 1035 2965 1090 ob
3016 1051 3240 1093 causam
3284 1037 3449 1110 509

1864 1122 2067 1176 dicitur
2133 1136 2296 1187 caro,
2344 1137 2414 1179 ex
2469 1138 2669 1195 genere
2718 1124 3000 1181 hominum
3051 1130 3291 1200 peccatis
3351 1131 3449 1185 ob-

1863 1215 2060 1277 noxio,
2122 1221 2374 1284 sumpta,
2424 1215 2540 1270 sola
2604 1216 2890 1287 primaque
2966 1222 3177 1291 peccati
3245 1238 3446 1295 expers

1864 1306 2151 1370 mansisse,
2182 1314 2405 1376 propter
2438 1297 2698 1363 unione'm
2724 1324 2849 1364 cum
2889 1309 3000 1366 Deo
3030 1312 3231 1369 Verbo.
3253 1313 3444 1372 Proxi-

1863 1410 2013 1450 mum
2064 1397 2193 1451 huic
2229 1396 2556 1451 miraculum
2599 1405 2684 1453 est
2716 1399 2861 1454 lucta
2910 1401 3001 1455 illa
3040 1417 3165 1457 cum
3200 1404 3443 1470 diabolo,

1863 1494 2251 1559 reportataque
2290 1487 2360 1545 ab
2401 1502 2470 1545 eo
2512 1489 2769 1556 victoria,
2811 1491 2942 1561 quia
2976 1493 3024 1548 is
3052 1495 3149 1565 qui
3200 1502 3448 1554 tentatus

1860 1586 1965 1642 est,
1989 1593 2114 1632 cum
2146 1578 2376 1635 devictae
2401 1580 2588 1636 carnis
2612 1582 2888 1652 primitias
2910 1582 3156 1653 haberet,
3191 1590 3446 1643 victorio-
3507 1634 3511 1640 .

1861 1682 1976 1722 sam
2002 1669 2149 1723 illam
2179 1669 2301 1740 ejus
2332 1671 2425 1741 qui
2444 1671 2744 1743 aliquando
2768 1675 2993 1743 vicerat,
3025 1677 3225 1745 ell‘erit,
3249 1687 3301 1734 et
3334 1696 3437 1735 na-

180 1756 363 1828 θεντίᾳ
392 1758 643 1829 θεότητος
692 1761 1128 1833 ἁποκρουόμενος
1170 1762 1261 1815 τὸν
1293 1762 1601 1825 ἀντίπαλον,
1635 1764 1756 1817 ἀκο-

1864 1767 1999 1837 tura:
2062 1759 2209 1816 vires
2250 1761 2516 1819 adversus
2560 1780 2686 1819 eum
2732 1766 2828 1835 qui
2872 1767 3003 1822 olim
3055 1770 3185 1826 dolo
3232 1773 3442 1828 vicerat

176 1849 365 1921 λουθία
391 1851 450 1903 δὲ
496 1850 913 1923 άνθρωπότητος
941 1854 1039 1924 τὴν
1071 1853 1179 1907 τῶν
1226 1854 1455 1923 Γραφῶν
1494 1871 1758 1924 φωταγω⁹

177 1945 301 2013 γίαν
320 1946 459 2017 πρὸς
475 1946 694 2001 ἅπαντα
728 1947 1180 2018 προϐαλλόμενος.
1220 1948 1286 2025 Et
1318 1948 1361 2001 δ’
1388 1950 1417 2001 ὀ
1444 1947 1575 2010 Θεὸς
1588 1948 1759 2018 Λόγος

177 2039 296 2091 καθ’
325 2039 519 2092 ἑαυτὸν
547 2040 928 2111 ἀναμάρτητος
952 2041 1045 2095 καὶ
1071 2041 1334 2112 ἀήττητος
1367 2040 1651 2112 ἐμηνύετο,
1674 2041 1758 2102 τίς

176 2130 243 2183 ἂν
271 2130 548 2199 ἐξεπλάγη
571 2131 704 2202 πρὸς
727 2132 797 2185 τά
820 2131 1115 2203 λεγόμενα;
1141 2133 1216 2186 ού
1232 2131 1382 2199 ξένον
1400 2132 1461 2185 τὺ
1489 2131 1564 2203 μὴ
1578 2133 1757 2204 ἀμαρ-

175 2222 379 2285 τάνειν,
440 2222 573 2291 μηδὲ
635 2221 885 2277 νικᾶσθαι
940 2222 1091 2293 παρὰ
1119 2221 1416 2293 κτίσματος
1442 2221 1570 2276 ίδίου
1599 2221 1753 2275 θεόν.

175 2315 314 2366 Πότε
333 2315 444 2385 γάρ
466 2314 783 2385 ἡμάρτηκεν
824 2314 855 2384 ἢ
906 2315 1200 2386 νενίκηται,
1232 2315 1318 2367 ἵνα
1344 2314 1440 2368 νῦν
1463 2314 1537 2378 ὡς
1576 2313 1755 2386 παρά-

174 2401 323 2466 δοξον
347 2401 627 2472 δεξώμεθα
657 2403 718 2455 τὸ
748 2403 1034 2474 λεγόμενον
1059 2421 1074 2471 ;
1119 2403 1276 2457 ’Λλλά
1317 2404 1467 2470 ξένον
1506 2406 1566 2457 τὸ
1595 2404 1755 2473 φύσιν

174 2493 525 2565 ἀνθρωπίνην
559 2494 628 2547 τά
658 2495 799 2567 ὑπὲρ
832 2494 1044 2565 φύσεως
1085 2495 1333 2568 φανερῶς
1365 2494 1755 2561 ἐπιδείξασθαι.

188 2588 342 2640 Ἐπεὶ
370 2587 463 2639 καὶ
491 2587 554 2639 τὸ
582 2586 793 2657 βαδίσαι
819 2572 912 2640 ἐπὶ
940 2586 1111 2639 νώτου
1136 2586 1409 2657 θαλάσσης
1436 2584 1608 2648 ἀδεῶς
1638 2583 1754 2656 ἅμα

176 2676 271 2727 καὶ
293 2675 593 2739 ἀκινδύνως
621 2676 832 2748 θεότητι
858 2678 955 2748 μὲν
977 2678 1177 2749 ῥᾴδιον,
1212 2676 1415 2749 μᾶλλον
1444 2676 1501 2730 δὲ
1532 2678 1629 2731 καὶ
1661 2678 1756 2746 ἀγ-

174 2767 351 2835 γέλοις
373 2786 386 2796 θ
418 2769 512 2820 καὶ
540 2770 640 2822 οῦκ
671 2769 735 2822 ἀν
763 2786 845 2833 τις
876 2769 1172 2840 ἐκπλαγείη
1211 2770 1370 2822 τοῦτο
1396 2769 1718 2841 τεθεαμένος
1736 2785 1751 2798 ·

175 2861 559 2933 ἀνθρωπότητι
610 2863 667 2917 δὲ
716 2863 844 2935 ψιλῇ
876 2864 1050 2934 πάντη
1089 2864 1367 2918 ἀδύνατον.
1403 2864 1513 2917 Καὶ
1543 2864 1756 2935 φρίττει

174 2954 398 3017 δικαίως
424 2957 452 3007 ό
478 2956 688 3035 ,σαρκὸς
717 2957 880 3019 πόδας
909 2956 1007 3028 τὴν
1032 2956 1284 3027 τοιαύτην
1314 2956 1537 3028 πορείαν
1573 2973 1761 3010 ποιου-

1861 1849 2080 1905 indidit.
2132 1849 2500 1918 Quamobrem
2553 1855 2803 1911 immissa
2853 1856 2909 1911 in
2972 1874 3032 1915 se
3074 1862 3438 1917 tentationum

1859 1942 1986 2006 tela,
2016 1944 2245 2013 repetita
2275 1960 2561 2001 sacrarum
2593 1947 2927 2004 Litterarum
2959 1955 3220 2008 memoria
3242 1970 3443 2011 excus-

1857 2032 1950 2094 sit,
1983 2048 2092 2088 non
2122 2036 2454 2092 auctoritate
2482 2038 2705 2095 deitatis
2730 2040 3108 2098 adversarium
3132 2048 3401 2117 repellens
3420 2068 3438 2104 :

1857 2124 1954 2179 sed
1982 2125 2290 2181 ministerio
2329 2127 2690 2186 humanitatis
2718 2133 2983 2201 praevium
3029 2134 3329 2207 Scriptura:
3354 2141 3441 2194 Iu-

1856 2232 1979 2272 men
2013 2218 2080 2273 ad
2112 2220 2370 2276 universa
2399 2222 2616 2293 objecta
2648 2224 2959 2295 proferens.
2998 2228 3154 2295 Quod
3192 2232 3237 2286 si
3264 2231 3439 2288 Deum

1857 2306 2092 2364 Verbum
2125 2310 2181 2365 in
2208 2327 2328 2369 sese
2372 2315 2555 2372 omnis
2580 2330 2776 2386 expers
2819 2319 3028 2387 peccati
3075 2321 3432 2391 impeccabile

1854 2407 1908 2456 et
1936 2401 2199 2457 invictum
2250 2404 2658 2473 declarabatur,
2692 2409 2817 2478 quis
2860 2409 3215 2480 Obstupescat
3263 2413 3331 2468 ad
3363 2428 3431 2469 ea

1854 2509 1976 2564 quae
2033 2494 2181 2550 dicta
2224 2497 2389 2551 sunt?
2428 2496 2547 2553 Non
2597 2509 2685 2556 est
2742 2516 2943 2555 novum
2993 2510 3048 2557 et
3100 2502 3435 2571 inauditum,

1854 2581 2025 2638 Deum
2068 2600 2178 2639 non
2213 2601 2463 2657 peccare,
2494 2604 2597 2643 nec
2630 2575 2678 2642 a'
2709 2591 2930 2661 prapria
2975 2600 3228 2647 creatura
3272 2609 3436 2663 supe-

1853 2676 1988 2731 rari.
2021 2676 2251 2743 Quando
2282 2680 2429 2736 enim
2454 2683 2699 2751 peccavit
2729 2690 2824 2736 aut
2855 2683 3037 2739 victus
3066 2695 3169 2751 est,
3204 2694 3263 2740 ut
3286 2688 3433 2758 quod

1853 2783 2003 2823 nunc
2032 2769 2235 2825 dicitur
2273 2772 2521 2826 miraculi
2549 2772 2711 2829 nobis
2738 2773 2859 2829 loco
2884 2790 3008 2831 esse
3026 2776 3260 2832 debeat?
3293 2778 3432 2833 Illud

1853 2874 2059 2916 novum
2105 2871 2161 2918 et
2210 2863 2518 2919 inauditum
2544 2872 2669 2921 est:
2700 2877 2952 2921 naturam
2984 2868 3278 2924 humanam
3318 2887 3433 2926 rem

1853 2956 2331 3025 supernaturalem
2355 2965 2560 3029 .aperte
2580 2959 2921 3031 exhibuisse.
2958 2960 3097 3016 Nam
3146 2963 3435 3019 ambulare

179 3046 373 3116 μένους
405 3046 567 3118 ὁρῶν,
597 3047 690 3101 καὶ
732 3049 830 3118 τὴν
859 3050 1143 3119 ἡνωμένην
1172 3048 1400 3118 δύναμιν
1431 3048 1627 3103 ἐννοιῖιν
1656 3048 1751 3102 τοῦ

1856 3062 2023 3116 supra
2055 3063 2207 3105 mare
2255 3050 2404 3105 omni
2448 3066 2682 3106 vacuum
2731 3062 2880 3106 metu
2934 3063 2987 3109 et
3035 3053 3303 3124 periculo,
3349 3064 3437 3110 est

175 3137 370 3206 Λόγου.
395 3139 459 3191 Et
483 3139 541 3191 δέ
563 3156 664 3203 τις,
708 3141 808 3210 τὴν
839 3141 1017 3212 σάρκα
1060 3141 1551 3211 παραιτησάμενος,
1595 3140 1753 3211 μόνον

1857 3136 1989 3192 illud
2019 3139 2244 3208 quidem
2272 3140 2482 3207 deitati,
2520 3142 2632 3197 imo
2668 3144 2878 3214 angelis
2908 3146 3072 3199 etiam
3123 3144 3262 3215 ipsis
3308 3160 3433 3215 per-

176 3230 310 3298 φαίη
357 3229 446 3282 τὸν
476 3230 649 3298 Λόγον
679 3232 770 3283 ἐπὶ
796 3230 901 3284 τῶν
940 3230 1200 3301 κυμάτων
1230 3229 1480 3301 ὀφθῆναι,
1515 3228 1754 3299 περιεῖλε

174 3320 266 3373 τὸν
295 3321 459 3389 δγκον
480 3322 573 3375 τοῦ
595 3322 889 3393 θαύματος,
917 3323 1069 3376 οὐδὲν
1089 3322 1231 3393 μέγα
1256 3322 1754 3395 προσμαρτυρήσας

174 3414 252 3483 τῷ
274 3396 582 3493 πράγματι.
613 3415 772 3483 Μέγα
785 3416 891 3489 γὰρ
906 3415 1074 3479 ὅντως
1102 3417 1195 3469 καὶ
1221 3416 1396 3469 πάντα
1420 3414 1543 3469 νοῦν
1565 3414 1752 3483 νικῶν,

174 3508 272 3577 οὐχ
303 3508 433 3561 ὅταν
469 3506 685 3577 πνεῦμα
720 3506 915 3575 κοῦφον
944 3508 1037 3560 κα)⁵
1066 3507 1266 3577 ἀϐαρὲς
1287 3507 1381 3559 ἐπὶ
1408 3506 1514 3559 τῶν
1544 3506 1751 3560 ὑδάτων

179 3598 600 3669 μετεωρίζηται,
638 3599 750 3653 ἀλλ’
778 3600 905 3652 ὅταν
933 3600 1090 3670 σῶμα
1115 3599 1428 3671 παχυμερὲς
1452 3599 1546 3652 καὶ
1568 3597 1753 3669 βρίθον

176 3692 281 3743 ὑπὸ
327 3693 427 3762 τῆς
480 3691 695 3761 ἁπαλῆς
727 3693 821 3745 καὶ
862 3692 1059 3764 ῥαδίως
1122 3692 1501 3763 ὑπακουούσης
1536 3692 1752 3762 φύσεως

171 3783 356 3855 ὄρθιον
406 3784 519 3837 ἀνω
565 3782 918 3854 βαστάζηται.
979 3785 1157 3855 Ὅπερ
1233 3783 1319 3837 ἵνα
1374 3784 1565 3839 πιστὸν
1616 3785 1751 3837 πᾶσι

173 3878 375 3947 ποιήσῃ
431 3879 460 3930 ό
511 3877 736 3948 Κύριος,
776 3878 869 3931 καὶ
910 3876 991 3948 τῷ
1018 3877 1209 3948 Πέτρῳ
1240 3876 1451 3947 βαδίσαι
1488 3874 1629 3929 κατά
1652 3873 1751 3928 τοῦ

172 3969 444 4037 πελάγους
478 3970 682 4033 εὐθέως
713 3969 901 4033 έδωκε,
936 3970 1101 4040 μέχρι
1129 3970 1220 4022 τὸν
1247 3970 1346 4039 τῆς
1381 3968 1751 4038 ὀλιγοπιστίας

170 4061 274 4114 οῦκ
321 4061 535 4131 ἐδέχετο
574 4061 751 4115 σάλον.
795 4060 869 4113 Τὸ
903 4061 1003 4133 μὲν
1030 4057 1123 4115 οὖν
1160 4059 1378 4115 ὁδεῦσαι
1414 4061 1506 4115 τὸν
1543 4060 1751 4132 Πέτρον

170 4152 366 4215 οὕτως,
400 4152 641 4205 ἐδείκνυε
673 4152 772 4222 τῆς
794 4152 1115 4223 δεσποτικῆς
1156 4153 1356 4225 σαρκὸς
1383 4150 1750 4223 ἀναμφίϐολον

169 4243 270 4314 τὴν
304 4243 564 4313 πορείαν³
600 4243 661 4295 τὸ
689 4243 746 4295 δὲ
770 4243 1097 4297 διστάσαντα
1131 4244 1327 4314 μηκέτι
1362 4242 1747 4312 βαστάζεσθαι,

168 4337 269 4405 τῆς
306 4334 510 4405 μεταξὺ
536 4334 797 4406 διαφορᾶς
819 4336 884 4387 τὸ
908 4336 1232 4407 ἀμέτρητον.
1258 4334 1540 4406 Πανταχοῦ
1569 4334 1748 4388 τοίνυν

1854 3240 2018 3297 quam
2050 3227 2249 3284 facile:
2277 3246 2380 3286 nec
2406 3232 2760 3303 obstupescet
2790 3234 3174 3298 admiratione,
3209 3236 3313 3291 hoc
3336 3236 3434 3307 qui

1855 3317 2083 3385 viderit;
2116 3326 2172 3373 at
2199 3319 2528 3376 humanitati
2559 3323 2722 3378 nuda:
2751 3325 2905 3379 nullo
2934 3324 3098 3381 modo
3140 3326 3431 3397 possibile.

1850 3407 1965 3464 Nec
2012 3409 2288 3465 immerito
2318 3411 2684 3477 exhorrescit,
2713 3415 2807 3484 qui
2831 3418 3017 3471 carnis
3051 3417 3218 3486 pedes
3251 3418 3440 3474 istius-

1851 3501 2003 3556 modi
2035 3502 2139 3556 iter
2164 3501 2347 3559 facere
2392 3503 2561 3568 videt,
2596 3507 2851 3575 quamvis
2878 3506 3042 3563 Verbi
3073 3510 3284 3563 unitam
3316 3524 3439 3580 per-

1852 3608 2044 3649 sonam
2075 3595 2300 3666 cogitet.
2358 3594 2416 3650 Si
2464 3597 2591 3667 quis
2643 3605 2831 3654 autem
2891 3602 3180 3670 repudiata
3240 3617 3429 3668 carne,

1852 3686 2029 3742 solum
2050 3685 2291 3742 .Verbum
2318 3687 2522 3745 dixerit
2551 3703 2720 3759 super
2750 3687 3008 3747 ﬂuctibus
3037 3691 3208 3747 fuisse
3227 3695 3433 3759 visum,

1853 3776 1902 3833 is
1949 3776 2191 3832 inﬁrmat
2234 3779 2490 3851 tollitque
2526 3780 2784 3836 miraculi
2821 3783 3265 3853 amplitudinem,
3293 3785 3432 3840 nihil

1851 3868 2034 3938 magni
2074 3868 2460 3934 testiﬁcatione
2505 3884 2606 3926 sua
2655 3870 2810 3941 operi
2868 3871 3140 3928 tribuens.
3170 3874 3428 3945 Magnum

1851 3957 2002 4013 enim
2039 3974 2168 4014 vere
2209 3967 2315 4025 est,
2346 3966 2401 4016 et
2434 3960 2615 4031 tnajus
2655 3974 2819 4031 quam
2847 3969 2909 4015 ut
2936 3962 3220 4017 hominum
3254 3964 3433 4034 possit

1849 4059 2033 4106 mente
2060 4051 2470 4122 comprehendi,
2502 4067 2609 4107 non
2655 4068 2781 4107 cum
2812 4069 2976 4109 verus
3004 4061 3058 4110 et
3107 4056 3284 4109 omnis
3335 4072 3431 4111 ex-

1849 4157 1976 4213 pers
2020 4143 2281 4213 ponderis
2326 4144 2577 4214 spiritus,
2623 4142 2883 4201 ﬂuctibus
2913 4145 2966 4199 in
2995 4147 3164 4200 altum
3195 4147 3427 4213 tollitur,

1849 4232 1947 4289 sed
1992 4233 2214 4302 quando
2257 4248 2507 4290 crassum
2549 4242 2604 4289 et
2648 4251 2814 4306 grave
2859 4249 3061 4307 corpus
3101 4252 3132 4290 a
3178 4238 3330 4293 molli
3376 4245 3433 4292 et

1849 4325 2013 4383 facile
2037 4327 2267 4383 cedente
2292 4334 2490 4382 natura
2514 4336 2759 4384 erectum
2784 4344 3003 4384 sursum
3033 4328 3228 4387 fertur.
3257 4331 3432 4400 Cujus

170 4428 207 4498 η
238 4426 338 4496 τῆς
364 4424 570 4495 σαρκὸς
598 4425 733 4495 πρὸς
758 4426 848 4477 τὸν
868 4425 1039 4493 Λόγον
1058 4424 1251 4489 ἒνωσις
1282 4423 1518 4489 αὔξουσα
1536 4424 1750 4477 δείκνυ·

1855 4419 1931 4475 rei
1960 4431 2021 4475 ut
2056 4419 2216 4475 [idem
2246 4420 2503 4475 omnibus
2541 4418 2811 4475 Dominus
2848 4419 3075 4487 faceret,
3111 4420 3264 4476 dedit
3293 4436 3432 4477 con-

168 4534 257 4571 ται
295 4516 405 4569 τῶν
430 4514 738 4585 γενομένων
760 4515 821 4567 τὸ
842 4514 1067 4581 ἔνδοξον.
1104 4516 1215 4568 Καὶ
1236 4514 1514 4585 συντόμως
1551 4516 1745 4579 εἰπεῖν,

169 4609 278 4663 οὐδ’
311 4608 380 4661 ἂν
432 4607 567 4661 αὐτὸ
605 4607 668 4659 τὸ
706 4606 847 4660 κατά
883 4607 978 4661 τοῦ
1028 4607 1256 4660 θανάτου
1304 4606 1561 4677 τρόπαιον
1597 4605 1750 4659 ἔσται

168 4700 445 4773 λαμπρὸν,
502 4699 577 4770 μὴ
627 4698 904 4771 προδήλως
941 4697 1254 4769 ἀνθρωπίνη
1291 4697 1452 4767 φύσις
1486 4697 1750 4767 κρείττων

167 4794 270 4864 τῆς
308 4794 465 4847 κάτω
498 4790 809 4860 τυραννίδος
857 4790 1070 4858 ἐγένετο
1098 4791 1164 4860 τῇ
1214 4788 1441 4858 δυνάμει
1473 4787 1571 4856 τῆς
1607 4788 1750 4856 ἀχωο

171 4887 373 4958 ρίστως
400 4882 692 4955 ήνωμένης
731 4882 1010 4953 θεότητοςσ
1041 4882 1163 4934 ἐπεὶ
1210 4879 1270 4934 τὸ
1312 4880 1386 4950 μὴ
1407 4877 1749 4950 κρατηθῆναι

168 4978 303 5031 Θεὸν
321 4978 416 5031 τὸν
436 4974 707 5047 μηδέποτε
734 4972 1047 5044 κρατεῖσθαι
1062 4970 1358 5042 δυνάμενον
1385 4971 1494 5022 τῶν
1524 4968 1749 5022 εἰκότων

167 5071 264 5125 καὶ
319 5067 624 5123 εἰωθότων·
663 5065 725 5118 τὸ
752 5064 809 5117 δὲ
866 5063 941 5135 μὴ
990 5063 1326 5135 κρατηθῆναι
1374 5060 1551 5131 σάρκα
1594 5056 1751 5111 τοῦτο

168 5163 409 5235 πρῶτον,
438 5159 602 5213 τοῦτο
637 5156 784 5223 ξένον
804 5173 819 5187 ·
857 5156 1014 5209 τοῦτο
1040 5156 1135 5210 καὶ
1165 5156 1264 5223 τὴν
1292 5153 1493 5206 εἴσοδον
1522 5150 1617 5204 τοῦ
1647 5152 1751 5203 Κυ-

171 5256 286 5327 ρίου
305 5256 410 5327 τὴν
437 5251 528 5307 διὰ
548 5251 658 5303 τῶν
688 5248 1081 5319 κεκλεισμένων
1098 5246 1275 5318 θυρῶν
1301 5243 1595 5315 γενομένην
1611 5244 1750 5297 ἀπο-

168 5350 349 5418 φαίνει
383 5342 644 5417 φρικτὴν,
683 5343 764 5394 ὅτι
788 5338 1020 5393 συνοῦσα
1054 5339 1155 5409 τῆς
1205 5337 1407 5409 σαρκὸς
1435 5339 1468 5407 ή
1506 5336 1749 5406 παχύτης

166 5439 422 5513 ἐμποδὼν
482 5437 585 5490 οὐκ
613 5433 845 5502 ἐγένετο,
875 5431 1059 5502 ἐπειδὴ
1106 5428 1287 5501 μεῖζον
1323 5425 1391 5499 ἦν
1418 5430 1480 5481 τὸ
1505 5428 1748 5497 θαυματ-

166 5532 403 5605 ουργοῦν
430 5527 530 5582 τοῦ
555 5525 876 5588 κωλύοντος.
921 5526 980 5577 '0
998 5525 1056 5577 δὲ
1077 5525 1244 5595 χωρὶς
1272 5521 1523 5593 σώματος
1544 5518 1752 5590 ἀνθρω-

170 5625 328 5679 πίνου
386 5617 720 5691 γεγενῆσθαι
757 5615 928 5684 λέγων
978 5616 1040 5669 τὸ
1092 5617 1341 5688 πρᾶγμα,
1387 5611 1563 5666 κοινὸν
1618 5609 1751 5663 αὐτὸ

170 5720 314 5770 ποιεῖ
340 5715 483 5784 πρὸς
528 5711 655 5772 τοὺς
687 5706 971 5785 ἀγγέλους,
1008 5710 1143 5781 πρὸς
1178 5707 1286 5760 τῶν
1324 5702 1624 5776 ἀνθρώπων
1650 5701 1755 5783 ψυῖ

1850 4511 2008 4566 tinuo
2047 4519 2100 4566 et
2134 4508 2298 4565 Petro
2342 4517 2669 4580 potestatem
2707 4526 2804 4580 per
2844 4511 3070 4581 pelagus
3119 4510 3426 4581 gradiendi,

1849 4602 2025 4658 donec
2068 4602 2283 4672 pusilla:
2326 4600 2450 4657 lidei
2485 4600 2710 4656 ﬂuctum
2752 4616 2865 4655 non
2916 4602 3238 4657 sustineret.
3268 4599 3427 4666 Quod

1849 4710 1982 4766 ergo
2024 4694 2219 4750 Petrus
2259 4693 2342 4749 sic
2390 4693 2691 4748 ambulavit
2741 4707 2906 4761 supra
2947 4706 3116 4755 mare,
3148 4689 3426 4746 indubita-

1851 4794 1967 4840 tum
2004 4785 2300 4839 Dominica:
2338 4784 2523 4837 carnis
2556 4783 2660 4838 iter
2699 4782 3036 4837 declaravit:
3065 4782 3211 4855 quod
3243 4789 3427 4837 autem

1850 4878 2111 4933 dubitans
2153 4891 2263 4930 non
2303 4874 2541 4944 amplius
2585 4880 2921 4944 portaretur,
2976 4873 3031 4928 id
3073 4874 3424 4937 immensum,

1850 4967 1999 5039 quod
2024 4969 2167 5022 inter
2197 4975 2491 5034 utrumque
2521 4971 2627 5028 est,
2660 4963 2963 5018 discrimen
3001 4962 3423 5018 demonstravit.

1852 5057 2067 5128 Ubique
2118 5056 2287 5127 igitur
2341 5055 2529 5111 carnis
2583 5069 2710 5110 cum
2745 5052 2929 5109 Verbo
2979 5053 3113 5109 unio
3155 5052 3425 5109 factorum

1850 5147 2056 5203 Christi
2086 5144 2419 5216 ampliﬁcare
2446 5143 2676 5215 gloriam
2710 5142 2999 5199 evincitur.
3026 5142 3205 5213 Atque
3228 5150 3425 5196 utrem

1850 5238 2040 5308 paucis
2074 5236 2428 5305 complectar,
2452 5234 2625 5306 ipsius
2649 5234 2716 5289 de
2742 5243 2916 5289 morte
2939 5232 3202 5304 reportati
3238 5232 3427 5302 tropaei

1850 5328 2111 5400 splendor
2152 5327 2332 5384 omnis
2370 5326 2619 5381 deleatur
2674 5333 2909 5396 Oportet,
2946 5325 2995 5382 si
3034 5341 3143 5380 non
3187 5324 3426 5379 humana

1851 5432 2067 5487 natura,
2101 5419 2321 5475 deitatis
2356 5417 2800 5488 inseparabiliter
2842 5416 2948 5472 sibi
2991 5418 3159 5472 unita:
3200 5416 3423 5478 virtute,

1853 5512 2140 5584 tyrannide
2198 5490 2450 5565 infernaii
2511 5509 2612 5562 fuit
2659 5508 2939 5578 superior;
2985 5500 3425 5579 quandoquidem

1854 5604 2023 5661 Deum
2060 5621 2171 5659 non
2213 5603 2490 5673 superari,
2518 5602 2613 5672 qui
2641 5602 2881 5657 invictus
2908 5608 3014 5665 est,
3055 5599 3317 5657 credibile
3339 5606 3427 5655 est

1852 5708 1906 5756 ct
1932 5699 2225 5757 \crisimile
2256 5715 2268 5752 :
2296 5696 2393 5753 sed
2426 5710 2648 5751 carnem
2673 5710 2782 5750 non
2809 5694 3081 5766 superari,
3116 5693 3171 5750 id
3204 5691 3429 5751 demum
