3976 6388
561 333 700 392 1583

1643 323 1700 381 S.
1744 316 2208 378 ATHANASlUS.
2244 345 2316 355 -
2357 312 2627 371 SPUBIA.

3635 271 3782 370 ias:

563 446 863 516 singulare,
902 444 954 498 id
990 455 1187 497 novum
1228 446 1312 495 est
1339 454 1352 490 :
1379 438 1482 492 hoc
1511 437 1640 491 item
1682 434 1859 491 re'ddit
1886 434 2128 486 miracu-

2239 430 2347 498 (ὰς,
2378 426 2515 497 πρὸς
2544 425 2614 477 τά
2660 423 2877 488 ἐναντία
2921 422 3221 492 πνεύματα,
3279 415 3358 477 ὧν
3383 423 3474 488 διὰ
3512 424 3576 476 τὸ
3612 424 3786 484 λεπτὸν

563 538 741 592 losum
786 534 999 588 Domini
1030 548 1128 603 per
1163 531 1380 585 clausas
1419 529 1618 598 januas
1670 526 2000 597 ingressum,
2032 522 2122 576 cui

563 645 627 684 ea
657 643 776 701 quae
798 625 1016 695 corpori
1057 625 1252 688 inerat,
1277 621 1578 683 crassities,
1607 617 1762 671 nullo
1800 616 1901 669 fuit
1947 614 2122 683 impe-

563 719 827 792 dimento,
873 714 1140 784 siquidem
1185 711 1360 780 major
1397 717 1515 765 erat
1543 707 1792 762 miraculi
1835 712 2027 758 auctor
2058 717 2123 756 eo

564 807 707 877 quod
736 809 909 876 ipsum
931 806 1233 875 ingressum
1263 802 1602 873 prohibebat.
1631 797 1733 866 Qui
1761 812 1889 852 vero
1922 795 2122 848 factum

564 898 668 952 hoc
702 912 823 952 esse
861 896 993 951 dicit
1025 896 1232 964 absque
1287 908 1516 962 corpore
1553 893 1812 951 humano,
1845 889 1892 942 is
1918 886 2122 940 factum

565 988 932 1042 communicat
958 1001 1080 1041 cum
1099 985 1326 1055 angelis,
1360 1000 1482 1039 cum
1506 982 1792 1036 animabus
1822 976 2128 1038 hominum,

565 1096 688 1136 cum
729 1081 864 1150 ipsis
903 1079 1138 1148 denique
1185 1075 1514 1131 adversariis
1546 1073 1850 1143 spiritibus,
1877 1069 1967 1140 qui
2002 1081 2130 1138 pro-

562 1178 683 1240 pter
715 1170 986 1224 levitatem
1017 1167 1360 1230 substantiae,
1411 1164 1679 1234 ejusmodi
1720 1162 1957 1215 transitu
2017 1171 2126 1210 non

2224 521 2322 587 τῆς
2351 516 2537 580 οὐσίας
2583 513 2860 578 ἀκώλυτος
2891 517 2924 584 ἡ
2972 514 3193 585 τοιαύτη
3223 515 3499 580 διάὸασις.
3539 517 3664 569 Ἐπὶ
3684 519 3786 572 τού-

2226 625 2339 671 τοις
2378 607 2473 660 καὶ
2503 609 2536 677 ἡ
2572 606 2708 678 πρὸς
2744 606 2970 678 οὐρανὸν
3001 605 3262 668 ἀνάϐασις
3290 605 3386 659 τοῦ
3404 609 3676 661 Δεσπότου
3703 608 3787 680 τὴν

2228 699 2396 770 αὐτὴν
2417 701 2550 770 ήμῖν
2572 699 2801 768 παρέχει
2823 697 3080 760 διάνοιαν,
3102 697 3176 761 ὡς
3205 697 3410 751 εἰδέναι
3436 699 3532 751 τοῦ
3555 698 3652 769 μὲν
3672 698 3787 753 Θεοῦ

2229 791 2400 858 Λόγου
2430 789 2528 860 τὴν
2556 791 2612 841 ὲν
2639 790 2886 859 οὐρανοῖς
2930 787 3196 859 διαγωγὴν
3254 788 3448 851 ἀΐδιον,
3484 788 3788 861 ἀχώριστον,

2228 880 2624 952 ἁπερίγραφον,
2646 881 2745 950 τῆς
2774 880 2830 932 δὲ
2861 879 3207 952 συνημμένης
3237 880 3464 951 σαρκὸς,
3489 881 3613 934 τότε
3635 899 3790 934 καινο·

2233 971 2573 1042 τομουμένην
2628 971 2728 1042 τὴν
2773 969 2929 1040 ξένην
2987 969 3290 1040 ἀνάληψιν,
3363 973 3790 1041 μετοικιζομένης

2233 1061 2366 1113 ὅπου
2411 1059 2486 1130 μὴ
2514 1059 2778 1132 πρότερον
2797 1055 2865 1129 ἧν
2884 1073 2897 1086 ’
2926 1059 3050 1111 ἐπεὶ
3091 1059 3225 1129 μηδὲ
3265 1060 3332 1112 ὲκ
3363 1059 3583 1128 φύσεως
3611 1055 3718 1130 εἶχε
3742 1061 3792 1113 τὸ

2231 1152 2561 1224 τηλικούτων
2594 1149 2911 1220 ἀξιωθῆναι.

564 1265 793 1328 possunt
827 1255 1128 1327 prohiberi.
1165 1254 1432 1309 Praeterea
1474 1254 1616 1306 hanc
1643 1251 1970 1307 sententiam
2003 1248 2120 1317 ipsa
2149 1242 2361 1297 Domini
2397 1242 2453 1295 in
2477 1242 2676 1296 cmlum
2739 1240 2990 1296 ascensio
3019 1241 3177 1295 nobis
3211 1241 3494 1312 suggerit,
3554 1250 3614 1296 ut
3662 1247 3789 1296 scia-

564 1367 706 1418 mus,
752 1350 921 1406 Ddum
969 1350 1209 1406 Verbum
1263 1350 1481 1420 quidem
1519 1348 1574 1402 in
1609 1348 1764 1402 cmlis
1805 1345 1982 1415 egisse
2010 1337 2462 1412 perpetuo,nullo
2528 1336 2656 1390 inde
2705 1344 2946 1405 tempore
2985 1335 3284 1397 divulsum,
3328 1336 3502 1390 nullis
3565 1336 3790 1390 locorum

565 1447 754 1515 spatiis
797 1446 1274 1516 circumscriptum
1319 1461 1333 1496 :
1375 1458 1595 1497 carnem
1663 1455 1794 1495 vero
1843 1439 1922 1493 illi
1965 1435 2314 1504 conjunctam
2358 1442 2470 1486 tum
2533 1431 2794 1500 primum,
2820 1428 2980 1483 modo
3012 1428 3170 1499 plane
3202 1429 3501 1498 stupenda,
3570 1435 3793 1482 erectam

564 1539 996 1608 translatamque
1035 1553 1122 1605 eo,
1157 1537 1247 1592 ubi
1293 1537 1445 1607 prius
1496 1551 1604 1590 non
1653 1544 1799 1599 erat;
1847 1529 2113 1602 siquidem
2151 1539 2262 1580 non
2286 1531 2481 1578 natura
2508 1523 2613 1577 hoc
2642 1522 2899 1585 habebat,
2933 1529 2994 1575 ut
3017 1521 3114 1574 tali
3142 1520 3317 1591 gloria
3347 1520 3672 1574 donaretur.

1325 1650 1442 1704 XV.

2976 1633 3091 1688 XV.

568 1763 829 1819 Adversus
856 1834 860 1835 ί
885 1782 970 1819 eos
1024 1766 1128 1835 qui,
1159 1765 1350 1818 damno
1397 1765 1628 1834 afﬁciunt
1671 1779 1829 1831 genus
1861 1771 2120 1822 nostrum,

2239 1750 2378 1820 Πρὸς
2410 1750 2550 1832 τοῂς
2578 1750 2932 1835 ζημιοῦγτας
2963 1747 3133 1835 ἡμῶν
3161 1746 3226 1835 τιξ
3247 1746 3477 1835 ⁴τέλεος,
3504 1745 3591 1832 τῷ
3610 1744 3796 1835 μηλέ-

637 1852 696 1888 eo
725 1834 862 1903 quod
893 1834 1071 1904 negent
1101 1834 1429 1888 Salvatorem
1465 1851 1529 1888 ea:
1554 1842 1746 1886 natura
1775 1842 1956 1887 nostra
1989 1848 2127 1884 sum-

635 1906 800 1973 psisse
831 1906 1112 1973 primitias.

637 1997 826 2050 Omnis
856 1997 1063 2050 malitia
1089 2006 1173 2052 est
1196 2013 1286 2052 res
1315 1997 1677 2059 detestabilis,
1707 1994 1817 2050 Deo
1842 1993 2052 2058 odiosa,
2078 2001 2133 2048 et

569 2086 881 2142 hominibus
929 2087 1172 2143 inimica.
1222 2089 1292 2143 At
1333 2104 1418 2151 ea,
1447 2103 1554 2158 qua
1604 2087 1854 2142 nonnulli
1905 2087 2136 2158 pr0pria:

568 2175 729 2246 510
761 2178 923 2231 saluti
952 2179 1195 2234 invident
1225 2188 1279 2233 et
1301 2179 1508 2250 gloriae,
1529 2193 1744 2234 omnem
1775 2191 2002 2248 prorsus
2029 2178 2135 2230 im-

567 2270 892 2336 probitatem
932 2271 1248 2340 longissime
1283 2271 1474 2326 vincit.
1509 2269 1621 2324 Hoc
1645 2270 1757 2340 jam
1799 2274 2059 2339 praestant
2098 2267 2136 2321 ii

567 2360 659 2430 qui
699 2368 897 2430 negant
945 2362 1280 2418 Salvatorem
1319 2378 1382 2418 ex
1417 2370 1612 2416 natura
1644 2370 1832 2416 nostra
1865 2359 2136 2430 primitias

569 2451 884 2519 sumpsisse.
903 2450 1009 2506 Sed
1031 2453 1216 2508 multis
1239 2454 1409 2508 modis
1426 2459 1672 2522 peccant,
1692 2449 1961 2520 tuquuod
1985 2448 2138 2504 Scri-

568 2551 744 2610 ptura:
771 2551 973 2598 sanctae
1003 2545 1342 2610 testimonio,
1369 2552 1486 2597 tum
1516 2544 1688 2614 magis
1730 2541 1968 2612 Spiritus
2009 2556 2138 2596 san-

567 2634 642 2686 cti
677 2636 918 2691 oraculis
961 2636 1321 2692 adversentur
1352 2652 1365 2687 :
1394 2646 1505 2689 tum
1537 2635 1682 2704 quod
1713 2633 1929 2688 Domini
1960 2633 2136 2688 nostri

571 2725 623 2778 in
659 2726 904 2784 homines
937 2744 1176 2784 amorem
1225 2729 1524 2784 obscurare
1561 2743 1669 2782 non
1725 2727 1975 2782 dubitent
2007 2742 2020 2776 :
2055 2725 2138 2780 vel

569 2815 713 2883 quod
760 2817 946 2885 generi
988 2818 1271 2873 hominum
1317 2819 1574 2872 universo
1603 2816 1843 2887 praestita
1875 2813 2138 2870 beneﬁcia

569 2914 850 2976 respuant,
884 2909 1245 2979 maximeque,
1271 2907 1418 2978 quod
1449 2923 1699 2978 magnam
1733 2907 2000 2976 assumpti
2040 2906 2139 2961 bo-

571 2999 736 3054 minis
763 2999 1126 3054 mconomiam
1161 3000 1412 3054 inutilem
1441 2999 1741 3054 declarent.
1773 2998 1891 3053 Non
1918 3013 2137 3054 assum-

570 3090 680 3158 psit
726 3105 791 3144 ex
844 3098 1033 3145 nostra
1088 3101 1282 3145 natura
1331 3107 1552 3146 carnem
1592 3111 1606 3147 :
1643 3089 1916 3162 quomodo
1972 3090 2138 3160 igitur

573 3181 836 3235 habitavit
864 3183 918 3236 in
943 3183 1130 3239 nobis?
1153 3184 1430 3249 Quomodo
1459 3199 1644 3239 semen
1666 3183 1896 3238 Abrahze
1917 3198 2136 3239 assum-

573 3271 725 3339 psit?
755 3270 1039 3336 Quomodo
1073 3275 1312 3328 dicitur:
1353 3293 1370 3325 ι
1403 3274 1478 3328 Ex
1512 3275 1712 3345 quibus
1752 3274 2007 3331 Christus
2054 3291 2140 3332 se-

572 3358 814 3413 cundum
835 3375 1053 3416 carnem
1073 3363 1154 3417 '7?
1179 3383 1196 3415 ι
1225 3363 1374 3418 Vana
1398 3366 1561 3436 igitur
1588 3366 1975 3435 prophetarum
2003 3367 2140 3420 vati-

572 3454 718 3506 cinia
743 3474 756 3507 :
783 3468 931 3508 vanae
957 3454 1142 3509 Davidi
1177 3455 1332 3512 factae
1351 3473 1382 3511 a
1414 3457 1522 3512 Deo
1550 3458 1942 3528 promissiones
1973 3474 1985 3509 :
2016 3476 2034 3508 (
2064 3457 2139 3513 De

574 3543 757 3600 fructu
809 3546 1013 3602 ventris
1053 3548 1131 3601 tui
1181 3563 1376 3618 ponam
1415 3565 1579 3620 super
1629 3548 1813 3605 sedem
1856 3558 1999 3603 tuam
2019 3549 2083 3600 ⁸⁸.
2114 3566 2133 3600 ι

572 3635 733 3693 Falso
780 3638 1031 3695 Christus
1085 3640 1273 3696 ﬁdeles
1320 3649 1480 3696 vocat
1529 3642 1727 3696 fratres
1793 3656 1924 3697 suos
1959 3639 2139 3696 :l‘also

571 3729 777 3784 Paulus
805 3733 878 3783 ait
905 3746 919 3782 :
956 3749 974 3782 ‹
992 3728 1125 3784 Nam
1150 3731 1323 3801 ipsius
1346 3747 1518 3802 genus
1545 3746 1735 3786 sumus
1756 3731 1822 3783 ⁸³.
1850 3748 1868 3780 ι
1905 3729 2139 3800 Ecquem

573 3837 682 3874 non
719 3821 920 3891 pudeat
957 3828 1038 3875 tot
1079 3830 1371 3894 tantosque
1418 3831 1584 3876 testes
1635 3821 1982 3890 impudenter
2012 3820 2142 3889 reji-

570 3928 718 3976 cere,
769 3927 907 3968 nova
954 3913 1301 3983 absurdaque
1345 3914 1599 3983 dogmata
1636 3911 1924 3977 fabricare,
1956 3912 2141 3966 debito

570 4004 871 4070 gratiarum
901 4004 1132 4059 actionis
1156 4004 1360 4058 honore
1383 4003 1668 4059 Dominum
1691 4005 1926 4076 privare,
1941 4006 2141 4061 damno

571 4094 808 4159 denique
839 4110 1011 4164 genus
1054 4105 1306 4150 nostrum
1344 4097 1658 4151 universum
1691 4096 1747 4150 in
1775 4095 1869 4150 illo
1899 4095 2143 4152 allicere?

576 4183 696 4238 Non
728 4201 792 4239 ex
823 4186 982 4240 nobis
1015 4196 1099 4240 est
1125 4201 1254 4240 caro
1278 4186 1368 4239 illa
1390 4194 1692 4255 assumpta.
1725 4185 1950 4252 Qualem
1977 4185 2142 4256 igitur

575 4271 770 4325 salutis
796 4269 949 4341 spem
978 4272 1280 4328 habemus?
1307 4272 1424 4328 Non
1451 4273 1629 4328 adhuc
1659 4274 1744 4329 lex
1769 4274 1986 4343 impleta
2013 4282 2098 4330 est
2125 4292 2139 4329 :

577 4361 754 4415 adhuc
787 4377 1110 4416 accusamur
1141 4363 1209 4418 de
1240 4372 1463 4432 peccato
1496 4383 1508 4418 :
1536 4363 1714 4418 adhuc
1742 4364 2144 4421 maledictionis

2307 1815 2453 1890 γὲιν,
2480 1815 2548 1890 ἐκ
2578 1815 2687 1887 τῆς
2717 1821 2953 1890 φύσεως
3176 1815 3489 1885 εἰληφέναι
3506 1816 3798 1882 τὴν-ἀπαρ-

2302 1889 2424 1960 χὴν
2451 1889 2555 1944 τὸν
2585 1889 2848 1957 Σωτῆρα.

2301 2001 2458 2054 Πᾶσα
2492 1999 2591 2070 μὲν
2625 1999 2799 2058 κακία
2827 1998 3058 2068 πρᾶγμα
3089 1996 3318 2066 φευκτὸν
3349 1995 3447 2050 καὶ
3470 1994 3594 2064 Θεῷ
3621 2011 3798 2064 στυγη-

2232 2088 2346 2152 τὸν,
2408 2088 2504 2142 καὶ
2549 2088 2857 2160 ἀνθρώποις
2907 2088 3163 2158 πολέμιον
3185 2105 3198 2117 ⁸
3226 2086 3287 2140 τὸ
3313 2087 3372 2140 δὲ
3409 2087 3507 2140 καὶ
3535 2090 3606 2156 τῇ
3644 2088 3799 2156 οἰκείᾳ

2235 2181 2479 2251 σωτηρίᾳ
2530 2181 2624 2233 καὶ
2681 2180 2807 2251 δόξῃ
2850 2179 3162 2250 βασκαίνειν
3199 2177 3372 2241 τινάς,
3424 2177 3589 2230 τοῦτο
3641 2179 3799 2230 πᾶσαν

2235 2271 2560 2344 ὑπερϐάλλει
2592 2273 2856 2342 πονηρίας
2915 2270 3258 2343 ὑπερϐολήν
3301 2271 3440 2341 ὅπερ
3487 2269 3703 2322 ποιοῦσι
3742 2268 3798 2321 τὰ

2238 2364 2333 2418 νῦν
2385 2366 2434 2417 οῖ
2483 2363 2663 2432 λέγειν
2729 2363 3035 2435 τολμῶντες
3071 2363 3145 2434 μὴ
3177 2364 3240 2415 ὲκ
3278 2361 3382 2432 τῆς
3409 2359 3631 2430 φύσεως
3664 2361 3800 2431 ἡμῶν

2238 2456 2390 2527 παρὰ
2426 2455 2518 2508 τοῦ
2559 2455 2809 2525 Σωτῆρος
2848 2455 3098 2526 εἰλῆφθαι
3137 2455 3562 2526 τὴν-ἀπαρχήν.
3591 2456 3695 2508 Καὶ
3719 2472 3802 2507 πο-

2236 2546 2516 2613 λυτρόπως
2566 2545 2974 2616 παρανομοῦσι·
3031 2545 3188 2599 τοῦτο
3239 2545 3338 2616 μὲν
3389 2550 3460 2616 τῇ
3514 2546 3625 2599 τῶν
3654 2546 3800 2612 ἁγίων

2237 2621 2466 2708 Γραφῶν
2491 2637 2782 2708 μαρτυρία,
2808 2636 3006 2707 μᾶλλον
3022 2636 3078 2689 δὲ
3093 2639 3158 2707 τῇ
3188 2635 3281 2688 τοῦ
3314 2635 3477 2704 ἁγίου
3506 2638 3801 2707 Πνεύματος

2235 2727 2524 2799 νομοθεσίᾳ
2569 2729 2902 2799 μαχόμενοι·
2962 2727 3118 2781 τοῦτο
3166 2727 3223 2780 δὲ
3268 2729 3368 2798 τὴν
3411 2727 3510 2780 τοῦ
3552 2730 3799 2781 Δεσπότου

2237 2818 2644 2888 φιλανθρωπίαν
2673 2818 3010 2882 ἐπισκιάζειν
3036 2817 3439 2888 τολμήσαντες⁹
3464 2818 3626 2871 τοῦτο
3652 2817 3802 2887 δὲτὴν

2236 2909 2419 2980 κοινὴν
2453 2907 2753 2978 ἀνθρώπων
2809 2907 3126 2979 εὐεργεσίαν
3158 2906 3518 2971 ὲκὸάλλοντες
3537 2927 3553 2940 ο
3585 2909 3666 2961 ἔτι
3709 2909 3802 2979 μὴν

2236 3002 2330 3055 καὶ
2360 3001 2616 3070 ἀνόνητον
2639 3000 2738 3072 τὴν
2762 3000 3002 3072 μεγάλην
3024 2999 3330 3070 οἰκονομίαν
3355 3001 3459 3070 τῆς
3471 3000 3803 3071 ὲνανθρωπήο

2163 3114 2206 3174 c
2240 3109 2377 3155 σεως
2425 3092 2835 3160 ἀποφαίνοντες.
2877 3092 2992 3145 Οὐκ
3039 3091 3232 3145 ἐλαϐεν
3276 3093 3341 3145 ὲκ
3395 3093 3500 3163 τῆς
3547 3092 3804 3164 ήμετέρας

2239 3180 2456 3250 φύσεως
2511 3181 2723 3252 σάρκα·
2765 3181 2884 3245 πῶς
2931 3177 3022 3234 οὖν
3072 3183 3384 3253 ἐσκήνωσεν
3413 3184 3474 3235 ὲν
3502 3184 3668 3254 ἡμῖν;
3695 3182 3804 3244 Πῶς

2239 3271 2549 3341 σπέρματος
2595 3267 2845 3343 Ἀϐραὰμ
2874 3269 3196 3336 ὲπελὰὅετο;
3231 3273 3358 3334 Πῶς
3397 3271 3638 3344 εἴρηται·
3665 3291 3683 3323 ι
3727 3271 3805 3336 ἘΞ

2238 3355 2313 3415 ὧν
2345 3363 2373 3415 ὁ
2402 3361 2635 3432 Χριστὸς
2670 3361 2732 3414 τὸ
2783 3360 2922 3415 κατὰ
2963 3361 3171 3432 σάρκας
3207 3379 3226 3411 ι
3254 3361 3495 3425 Ψευδεῖς
3537 3363 3645 3416 τῶν
3689 3379 3807 3432 προ-

2240 3453 2426 3525 φητῶν
2453 3455 2510 3506 αῖ
2549 3455 2882 3526 προρρήσεις
2901 3453 3154 3521 κψευδεῖς
3185 3455 3241 3506 αἱ
3266 3452 3363 3506 τοῦ
3403 3452 3541 3506 Θεοῦ
3572 3454 3702 3525 πρὸς
3726 3453 3806 3505 τὸν

2239 3545 2401 3598 Δαϐὶδ
2435 3546 2772 3615 ὑποσχέσεις·
2811 3564 2830 3596 ι
2875 3546 2970 3598 Ἐκ
3001 3545 3215 3615 καρποῦ
3245 3545 3346 3614 τῆς
3365 3545 3578 3609 κοιλίας
3610 3563 3697 3600 σου
3724 3544 3808 3615 θή-

2241 3653 2403 3706 σομαι
2430 3637 2524 3689 ἐπὶ
2547 3635 2641 3690 τοῦ
2669 3636 2858 3708 Θρόνου
2882 3653 2974 3689 σου
2998 3653 3012 3666 ·
3044 3636 3252 3706 ψευδῶς
3271 3636 3539 3706 ἀδελφοὺς
3567 3639 3596 3689 ὁ
3619 3638 3806 3709 Κύριος

2241 3727 2365 3789 τοὺς
2391 3728 2615 3790 πιστοὺς
2643 3727 2895 3797 ὀνομάζει
2921 3743 2936 3759 ⁸
2965 3725 3173 3795 ψευδῶς
3191 3729 3220 3780 ὁ
3248 3727 3464 3792 Παῦλος
3499 3725 3621 3782 εἷπε
3639 3747 3654 3760 ο
3674 3749 3691 3780 ε
3713 3728 3807 3780 Τοῦ

2240 3817 2350 3888 γάρ
2383 3818 2478 3870 καὶ
2517 3817 2670 3886 γένος
2716 3816 2904 3887 ἐσμέν.
2927 3835 2947 3868 ι
2984 3815 3082 3878 Τίς
3113 3817 3212 3868 ούκ
3256 3817 3584 3889 αἰσχύνηται
3615 3820 3705 3872 καὶ
3731 3835 3810 3870 τοι

2243 3908 2446 3962 σούτων
2503 3909 2793 3980 μαρτύρων
2842 3907 3042 3979 πλῆθος
3101 3909 3338 3972 ἀναιδῶς
3382 3913 3669 3982 παρορᾷν,
3725 3911 3811 3964 καὶ

2240 3998 2523 4067 δογμάτων
2549 3998 2777 4050 ἀτοπίαν
2834 4001 3194 4068 καινοτομεῖν,
3231 4001 3326 4052 καὶ
3362 4002 3465 4072 τῆς
3492 4003 3586 4054 ἐπὶ
3617 4003 3809 4065 τούτεις

2243 4089 2591 4160 εὐχαριστίας
2643 4089 2732 4142 τὸν
2766 4089 3040 4159 Δεσπότην
3082 4091 3426 4163 ἀποστερεῖν,
3459 4095 3554 4147 καὶ
3584 4095 3643 4148 τὸ
3671 4094 3808 4162 γένος

2243 4180 2398 4249 ήμῶν
2451 4179 2568 4232 ὅλον
2615 4180 2671 4231 ὲν
2714 4179 2939 4244 ταύταις
2992 4181 3256 4251 ζημιοῦνς
3309 4183 3425 4236 Ούκ
3479 4183 3538 4250 ἐξ
3586 4186 3738 4253 ἡμῶν
3780 4187 3810 4254 η

2244 4271 2507 4342 ληφθεῖσα
2536 4271 2670 4343 σάρξ
2693 4288 2707 4336 ;
2734 4273 2845 4326 Καὶ
2875 4271 3028 4325 ποίαν
3061 4273 3286 4344 ἔχομεν¹
3305 4275 3576 4345 σωτηρίας
3603 4275 3809 4336 ὲλπίδα;

2248 4365 2369 4415 Ἔτι
2399 4365 2528 4434 ἡμῖν
2562 4363 2591 4414 ὁ
2626 4363 2787 4433 νόμος
2823 4363 3144 4434 ἀπλήρωτος
3163 4380 3178 4393 ·
3223 4363 3302 4416 ἔτι
3329 4365 3431 4434 τῆς
3463 4367 3813 4438 παραὸάσεως

576 4462 744 4502 onere
767 4447 1065 4518 premimur
1101 4463 1115 4498 :
1144 4450 1323 4504 adhuc
1345 4465 1493 4505 mors
1525 4451 1579 4504 in
1611 4451 1771 4504 nobis
1792 4451 2136 4508 dominatur:

2243 4452 2561 4523 ἐγκλήματα
2582 4469 2594 4480 ·
2625 4452 2704 4505 ἐτι
2731 4454 2828 4523 τῆς
2863 4455 3106 4524 κατάρας
3136 4454 3200 4506 τὸ
3235 4455 3402 4530 βάρος
3422 4475 3437 4488 ⁵
3479 4459 3560 4512 ἔτι
3600 4460 3694 4513 τοῦ
3731 4459 3815 4512 θα-

576 4540 756 4594 adhuc
791 4541 1006 4610 generis
1039 4541 1214 4594 nostri
1255 4542 1400 4612 viget
1455 4541 1858 4596 condemnatio.
1907 4540 1966 4595 Si
2008 4544 2144 4598 nihil

576 4633 800 4686 omnino
828 4632 895 4686 de
930 4632 1240 4688 substantia
1282 4632 1519 4686 humana
1549 4631 1739 4687 habuit
1771 4632 1816 4687 is
1849 4634 1943 4702 qui
1971 4635 2143 4703 legem

575 4725 838 4796 implevit,
871 4725 1050 4780 adhuc
1075 4731 1272 4780 natura
1301 4726 1749 4782 accusationibus
1771 4736 1857 4783 est
1884 4727 2145 4785 obnoxia.

577 4817 848 4872 Fortassis
885 4817 978 4889 qui
1009 4817 1226 4888 generis
1262 4819 1437 4873 nostri
1478 4827 1606 4875 sunt
1637 4819 1692 4872 in
1741 4818 2010 4889 judicium
2042 4836 2146 4890 pu-

578 4910 781 4963 blicum
814 4910 1090 4964 vocabunt
1125 4910 1514 4981 legislatorem,
1544 4918 1605 4966 ut
1629 4909 1723 4979 qui
1754 4910 1919 4965 nimis
1947 4911 2149 4966 arduas

575 5000 907 5071 inutilesque
945 5001 1262 5058 hominibus
1315 5003 1461 5073 leges
1509 5001 1843 5072 imposuisse
1871 5000 2144 5066 videatur,

575 5103 642 5145 eo
685 5090 832 5160 quod
877 5105 1038 5147 nemo
1085 5106 1178 5146 eas
1219 5093 1394 5162 possit
1436 5091 1686 5160 implere.
1723 5089 1814 5145 Sic
1847 5092 2033 5146 carnis
2061 5107 2148 5146 re-

571 5180 740 5250 jectio
797 5182 1260 5253 blasphemiarum
1307 5183 1551 5238 omnium
1605 5183 1664 5236 ﬁt
1710 5182 2145 5238 fundamentum.

575 5272 960 5330 Necessarium
1009 5274 1178 5346 igitur
1215 5283 1318 5338 est,
1364 5275 1474 5329 imo
1505 5276 1979 5344 pernecessarium
2025 5290 2147 5330 cre-

575 5367 704 5421 dere
735 5363 1039 5435 Scripturis
1085 5367 1315 5430 sanctis,
1349 5367 1598 5420 conﬁteri
1626 5383 1691 5422 ex
1722 5375 1912 5422 nostro
1945 5381 2145 5438 genere

577 5459 869 5529 primitias,
903 5459 1179 5513 celebrare
1227 5460 1557 5529 singularem
1604 5460 1939 5514 assumentis
1969 5460 2023 5512 in
2051 5472 2144 5528 ge—

578 5559 685 5601 nus
713 5547 995 5601 hominum
1029 5563 1290 5612 amorem,
1331 5548 1722 5617 obstupescere
1759 5562 1967 5619 magna:
1994 5561 2144 5602 (eco-

651 5699 694 5732 '"
732 5697 890 5753 Rom.
926 5716 1013 5762 Ix,
1047 5700 1099 5755 5.
1175 5701 1217 5732 ⁸⁸
1259 5699 1402 5756 Psal.
1437 5717 1628 5766 cum,
1671 5701 1752 5756 li.

2240 4543 2399 4597 νάτου
2422 4545 2482 4596 τὸ
2515 4545 2716 4615 κράτος
2737 4561 2750 4575 ο
2777 4545 2857 4598 ἔτι
2878 4545 2970 4598 τοῦ
2991 4545 3182 4613 γένους
3206 4549 3240 4618 ἡ
3261 4549 3548 4621 καταδίκη.
3575 4552 3637 4604 Ei
3661 4551 3814 4621 μηδὲν

2242 4630 2385 4703 εἶχεν
2421 4638 2484 4688 ὲκ
2513 4637 2611 4706 τῆς
2659 4636 3000 4707 ἀνθρωπίνης
3033 4636 3224 4702 ούσίας
3253 4641 3280 4692 δ
3302 4640 3395 4694 τὸν
3427 4642 3592 4712 νόμον
3613 4641 3819 4712 πληρώ-

2243 4744 2362 4789 σας,
2394 4727 2472 4781 ἔτι
2507 4731 2627 4791 ταῖς
2673 4729 3024 4798 κατηγορίαις
3057 4730 3090 4798 ἡ
3134 4730 3301 4798 φύσις
3329 4733 3652 4796 ὑπεύθυνος.
3679 4735 3818 4801 Τάχα

2243 4820 2335 4870 καὶ
2358 4818 2514 4890 δίκην
2537 4821 2586 4871 οί
2613 4818 2704 4872 τοῦ
2730 4818 2916 4888 γένους
2957 4821 3090 4891 πρὸς
3125 4822 3222 4875 τὸν
3245 4825 3545 4896 νομοθέτην
3574 4828 3817 4897 ἄντικρυς

2246 4911 2730 4980 συγκροτήσούσιν,
2760 4911 2834 4975 ὡς
2865 4911 3090 4981 περιττὰ
3113 4915 3209 4967 καί¹
3230 4915 3469 4986 ἀνόνητα
3489 4921 3601 4981 τοῖς
3627 4918 3820 4988 ἀνθρώ-

2243 5019 2364 5063 ποις
2405 5003 2860 5074 νομοθετήσαντα,
2915 5003 2993 5073 τῷ
3047 5005 3250 5075 μηδένα
3315 5007 3615 5080 δυνηθῆναι
3657 5010 3816 5063 ταῦτα

2243 5093 2548 5163 πληρῶσαι.
2580 5095 2764 5158 υῦτως
2796 5098 2829 5166 ή
2856 5096 2955 5164 τῆς
2993 5098 3193 5167 σαρκὸς
3220 5099 3488 5170 ἀθέτησις
3523 5103 3700 5173 πάσης
3734 5103 3814 5169 γί-

2243 5201 2391 5236 νεται
2456 5184 2803 5258 βλασφημίας
2827 5187 3097 5251 ὑπόθεσις.
3166 5191 3491 5258 Ἀναγκαῖον
3517 5190 3633 5256 οὖν,
3662 5196 3816 5257 ἀναγ-

2245 5277 2398 5328 καῖον
2429 5276 2714 5330 πιστεῦσαι
2762 5280 2880 5340 ταῖς
2923 5279 3104 5346 ἁγίαις
3170 5281 3438 5352 Γραφαῖς,
3494 5285 3812 5355 ὁμολογῆσαι

2247 5366 2344 5436 τὴν
2373 5366 2430 5432 ἐξ
2449 5367 2603 5437 ήμῶν
2630 5369 2902 5439 ἀπαρχὴν,
2925 5367 3140 5433 δοξάσαι
3174 5370 3272 5441 τὴν
3297 5372 3394 5425 τοῦ
3423 5374 3674 5438 λαϐόντος
3704 5373 3811 5441 φιλ-

2247 5456 2578 5527 ανθρωπίαν,
2602 5459 2936 5531 ἐκπλαγῆναι
2969 5460 3028 5512 τὸ
3072 5461 3256 5531 θαῦμα
3284 5463 3384 5533 τῆς
3416 5466 3656 5536 μεγάλης
3678 5465 3812 5515 οἰκο-

2249 5549 2462 5616 νομίας,
2495 5552 2568 5622 μὴ
2591 5552 2880 5608 δεδοικέναι
2913 5553 3008 5625 τὴν
3032 5556 3094 5606 ὲκ
3120 5554 3285 5625 νόμου
3312 5559 3558 5628 κατάραν
3583 5578 3593 5588 ·
3630 5575 3650 5609 ι
3685 5555 3809 5626 ξρε-

1830 5702 1875 5734 ”
1913 5703 2032 5756 Act.
2072 5716 2220 5768 xvn,
2255 5699 2342 5755 28.
