3976 6388
202 328 331 382 I385

949 322 1519 382 CONFU'I‘ATIONES
1554 324 1992 394 QUARUMDAII
2033 323 2612 381 PIIOPOSITIONUM.

3293 324 3405 379 385

201 441 316 504 στδς
349 439 458 512 γάρ
482 440 628 512 ἡμᾶς
669 438 995 511 ἐξηγόρασεν
1030 442 1093 494 ἐκ
1126 439 1226 510 τῆς
1265 440 1508 514 κατάρας
1539 459 1632 497 του
1660 441 1745 495 νόο

1852 442 2041 497 nomiae
2081 441 2443 508 miraculum;
2483 455 2592 495 non
2634 440 2827 496 timere
2857 427 3301 496 maledictionem
3333 442 3411 497 le'-

201 548 328 602 μου’
365 549 386 583 ι
420 531 519 602 τὴν
549 530 822 603 πλήρωσιν
863 530 955 585 τοῦ
994 531 1180 603 νόμου,
1215 531 1312 602 τὴν
1348 533 1435 587 διά
1457 534 1555 605 τῆς
1577 535 1753 606 ἀπαρ-

197 624 291 694 χῆς
323 621 640 693 γενομένην.
668 621 773 693 ὅλῳ
799 622 1104 691 λογίζεσθαι
1146 622 1223 695 τῷ
1254 624 1553 695 φυράματι,
1587 625 1752 695 γινώ-

199 730 343 769 σκειν
367 712 427 768 eo
455 713 660 786 πρέπον
693 715 785 769 καὶ
809 714 871 769 τὸ
908 715 1221 770 ἀκόλουθονσ
1257 718 1359 780 ὅτι,
1391 716 1525 770 Θεοῦ
1549 718 1752 789 γυμνοῦ

194 804 280 858 τὸν
305 805 470 877 νόμον
502 805 903 878 πληρώσαντας,
941 808 1077 877 ὅπερ
1105 808 1225 863 ούδέ
1268 808 1447 879 λέγειν
1476 811 1751 881 ἁρμόδιον,

189 896 289 950 οὐκ
346 892 416 968 ἦν
459 896 622 969 ἄλλην
669 898 855 950 οὐσίαν
889 898 1132 969 μετέχειν
1172 899 1264 953 τοῦ
1302 900 1751 973 κατορθώματος*

194 989 391 1061 σαρκὸς
423 989 482 1043 δὲ
509 990 608 1069 τῆς
643 988 700 1056 ἐξ
729 989 883 1061 iuqu
907 991 964 1043 ἐν
987 990 1065 1062 τῷ
1104 990 1446 1064 πληρώσαντι
1470 992 1562 1047 τὸν
1593 993 1753 1064 νόμον

193 1076 614 1153 γνωριζομένης,
655 1080 1001 1150 ἀναφαίνεται
1025 1079 1115 1134 τοῦ
1148 1081 1334 1152 γένους
1365 1082 1427 1135 τὸ
1471 1079 1750 1155 καύχημα,

193 1171 614 1235 ὼςκαταπατεῖν
659 1171 827 1234 ἀδεῶς
877 1170 972 1225 τοῦ
1015 1171 1242 1228 θανάτου
1295 1173 1357 1226 τὸ
1395 1173 1636 1246 κέντρον,
1668 1172 1754 1228 οἶα

195 1263 388 1335 μηκέτι
429 1262 610 1337 χώραν
647 1261 767 1334 ἕχον
810 1263 948 1319 κατά
982 1265 1080 1336 τῆς
1107 1263 1337 1334 φύσεως,
1371 1259 1438 1336 ἧς
1468 1267 1500 1337 ἡ
1531 1267 1752 1337 ἀπαρχὴ

193 1355 530 1427 προλαϐοῦσα
581 1355 923 1426 κατεπάτησέ
969 1372 1029 1410 τε
1079 1358 1174 1411 καὶ
1195 1357 1455 1427 ἤμϐλυνε.
1487 1359 1582 1411 καὶ
1621 1360 1753 1412 πᾶσι

192 1447 386 1502 δέδωκε
427 1450 540 1512 τοῖς
586 1448 894 1502 πιστεύουσι
936 1448 1147 1519 λέγειν·
1189 1468 1207 1499 ι
1250 1448 1358 1503 Ποῦ
1395 1467 1507 1515 σου,
1537 1450 1753 1516 θάνατε,

191 1537 249 1595 τὸ
274 1538 532 1610 κέντρονς
563 1538 672 1592 Ποῦ
719 1556 836 1603 σου,
872 1539 994 1610 ᾂδη,
1033 1540 1094 1593 τὸ
1132 1542 1343 1605 νεῖκος;
1379 1560 1397 1591 ι
1428 1541 1522 1595 καὶ
1559 1541 1750 1595 πάλιν-

196 1649 216 1680 ι
248 1631 456 1703 Ὥσπερ
508 1631 574 1685 δι’
628 1632 746 1696 ἐνὸς
773 1631 1060 1703 ἀνθρώπου
1122 1634 1151 1687 ό
1207 1631 1454 1697 θάνατος,
1494 1631 1635 1687 οὕτω
1662 1633 1755 1688 καὶ

188 1720 253 1773 δι’
280 1720 398 1786 ἐνὸς
461 1720 749 1793 ἀνθρώπου
798 1722 1090 1787 ἀνάστασις
1122 1722 1351 1794 νεκρῶν.
1392 1742 1410 1775 ι
1445 1724 1521 1777 Δι’
1544 1721 1754 1793 ἀνθρὼ-

191 1831 289 1868 που
311 1813 483 1883 λέγει,
512 1814 573 1867 ού
609 1813 758 1888 παρά
788 1813 1090 1886 ἀνθρώπου.
1132 1816 1197 1871 ’0
1232 1816 1338 1888 γὰρ
1363 1814 1509 1887 παρά
1540 1814 1747 1888 ἀνθρὼ-

189 1922 289 1959 που
338 1905 584 1973 γίνεσθαι
625 1905 878 1958 ἀδύνατον
922 1901 1011 1976 ἧν,
1042 1905 1199 1959 τοῦτο
1242 1905 1307 1959 δι’
1352 1905 1635 1978 ἀνθρώπου
1657 1906 1749 1959 τοῦ

190 1996 531 2067 συνημμένου
559 1995 677 2067 Θεῷ
704 1996 899 2067 ῥαδίως
928 1996 1160 2063 ἐγένετο.
1190 1993 1345 2050 Οῦτω
1375 1996 1474 2066 τῆς
1514 1994 1750 2049 ἀναστά-

188 2103 324 2150 σεως
380 2088 441 2142 τὸ
500 2088 668 2160 δῶρον
732 2086 1113 2160 καρπούμεθα⁶
1153 2087 1293 2141 οὕτω
1340 2088 1440 2158 τὴν
1484 2086 1752 2142 υἱοθεσίαν

186 2177 668 2250 ἀπολαμϐάνομεν·
717 2179 888 2243 οὓτως
935 2178 1152 2251 ἀδελφοὶ
1184 2177 1278 2233 τοῦ
1324 2176 1526 2249 Κυρίου
1557 2176 1751 2231 καλού-

185 2268 327 2339 μεθα
349 2285 364 2299 '
412 2269 556 2323 οὕτω
621 2270 1044 2343 συγκληρονόμοι
1109 2270 1401 2342 γινόμεθαο
1458 2271 1597 2326 οὕτω
1660 2271 1751 2325 τὸν

186 2357 377 2429 ἐχθρὸν
402 2360 460 2414 ἐν
489 2362 555 2431 τῇ
581 2360 803 2432 ἀπαρχῇ
838 2361 1197 2432 νενικήκαμεν
1216 2378 1230 2391 ·
1253 2361 1393 2415 οὕτω
1420 2360 1517 2435 τὴν
1538 2364 1752 2435 παρρη-

184 2450 307 2505 σίαν
332 2447 394 2516 ἐξ
411 2452 624 2523 ἐκείνης
641 2451 906 2524 δεχόμεθα
924 2468 939 2482 ·
965 2452 1111 2507 οὕτω
1135 2452 1195 2507 τὸ
1223 2452 1363 2508 κατά
1392 2454 1484 2509 τοῦ
1505 2456 1748 2511 διαϐόλου

184 2542 440 2613 τρόπαιον
490 2544 566 2607 ὡς
611 2545 872 2618 ήμέτερον
913 2546 1280 2616 οἰκειούμεθα,
1339 2548 1438 2619 τῆς
1486 2548 1546 2613 ἐξ
1593 2547 1752 2620 ήμῶν

180 2634 482 2709 ληφθείσης
514 2638 711 2708 σαρκὸς
735 2639 1062 2704 ἐπισείοντες
1090 2639 1267 2694 αὐτῶν
1306 2641 1406 2711 τὴν
1432 2639 1611 2695 ἔνθεον
1630 2642 1753 2713 ἀρι-

184 2726 366 2781 στείαν
386 2744 400 2757 ·
446 2725 589 2781 οῦτω
626 2727 935 2802 σύμμορφοι
978 2730 1227 2799 γενέσθαι
1276 2730 1356 2802 τῷ
1403 2730 1614 2803 σώματι
1654 2732 1753 2805 τῆς

178 2819 340 2893 δόξης
366 2820 532 2876 αὐτοῦ
567 2821 765 2886 πάντες
804 2824 854 2876 oi
893 2822 1236 2888 πιστεύοντες
1262 2824 1499 2895 γνησίως
1521 2825 1751 2879 ἀπεκδε-

178 2913 418 2985 χόμεθα⁸
451 2912 623 2977 οὕτως
666 2912 860 2985 ἀληθὲς
890 2914 1217 2987 εὑρίσκομεν
1244 2915 1339 2981 τὸ,
1373 2934 1392 2968 ι
1428 2916 1751 2990 Συνήγειρεν

183 3004 333 3075 ἡμᾶς
360 3004 456 3058 καὶ
486 3004 833 3060 συνεκάθισεν
876 3007 935 3060 ἐν
978 3008 1091 3070 τοῖς
1116 3006 1477 3079 ἐπουρανίοις.
1511 3027 1529 3060 ι
1552 3009 1752 3080 ’Μήπω

1850 533 1972 604 gis:
2005 532 2292 589 «Christus
2337 531 2483 587 enim
2508 545 2611 585 nos
2643 545 2673 585 a
2715 528 3005 585 maledicto
3031 530 3167 601 legis
3208 528 3411 586 libera-

1850 626 2048 689 vit”,i
2082 625 2448 697 impletionem
2498 624 2634 696 legis
2676 637 2708 678 a
2758 622 3015 694 primitiis
3056 623 3254 678 factam
3309 621 3410 678 toti

1850 730 2045 772 massa
2076 717 2371 781 ascribere,
2405 730 2704 787 agnoscere
2731 714 2864 786 quid
2907 722 3173 786 congruat
3202 722 3256 770 et
3282 714 3411 785 quid

1851 816 2238 877 consequatur.
2276 807 2413 862 Nam
2463 809 2509 863 si
2558 807 2709 863 solus
2759 805 2901 863 Deus
2940 807 3112 879 legem
3144 804 3411 879 implevit,

1852 896 1996 967 quod
2022 914 2091 954 ne
2118 896 2300 955 dicere
2329 899 2547 972 quidem
2575 898 2851 964 convenit,
2893 899 3041 953 nulla
3070 899 3176 954 alia
3216 906 3413 954 natura

1852 989 2098 1058 prmelari
2124 987 2253 1045 facti
2286 998 2372 1045 est
2402 990 2696 1061 particeps.
2725 990 2796 1044 At
2821 989 2868 1070 si
2889 1000 3143 1061 suscepta
3162 1006 3228 1047 ex
3253 992 3413 1049 nobis

1851 1095 1982 1135 caro
2014 1080 2068 1135 in
2097 1097 2182 1145 eo,
2213 1083 2305 1153 qui
2339 1083 2510 1154 legem
2557 1082 2822 1153 implevit,
2856 1090 3205 1153 agnoscatur,
3240 1083 3416 1137 mani-

1855 1169 1989 1226 festa
2021 1171 2077 1227 lit
2105 1172 2319 1243 generis
2348 1172 2525 1228 nostri
2554 1172 2748 1242 gloria,
2788 1172 2935 1242 quod
2982 1187 3177 1228 secure
3215 1174 3413 1227 mortis

1853 1262 2130 1317 stimulum
2162 1264 2337 1335 possit
2383 1263 2731 1329 conculcare,
2761 1265 2960 1334 quippe
2986 1265 3074 1319 cui
3107 1263 3240 1319 nihil
3270 1265 3415 1319 ultra

1854 1355 1908 1410 in
1943 1369 2063 1411 eam
2108 1363 2359 1410 naturam
2387 1354 2531 1425 juris
2570 1355 2662 1419 sit,
2692 1370 2724 1409 a
2767 1357 2927 1425 cujus
2955 1356 3210 1428 primitiis
3242 1356 3418 1426 (Chri-

1854 1447 1958 1517 sto)
1980 1445 2092 1516 jam
2115 1447 2242 1502 olim
2268 1445 2369 1501 fuit
2387 1446 2621 1503 contrita
2651 1454 2706 1503 et
2735 1446 2928 1513 fracta,
2963 1456 3024 1502 ut
3071 1463 3264 1505 omnes
3289 1463 3413 1504 cre-

1853 1540 2044 1596 dentes
2070 1554 2215 1595 nunc
2244 1539 2458 1611 possint
2479 1539 2701 1597 dicere:
2733 1558 2751 1591 ι
2782 1536 2884 1595 Ubi
2906 1547 3011 1601 est,
3041 1555 3076 1595 o
3113 1555 3281 1606 mors,
3311 1540 3415 1595 sti-

1854 1632 2037 1687 mulus
2060 1640 2188 1687 tuus
2208 1632 2234 1686 ?
2256 1631 2356 1687 Ubi
2380 1640 2497 1697 tua,
2528 1630 2760 1697 inferne,
2786 1631 3014 1687 victoria
3036 1632 3080 1664 "
3102 1633 3126 1687 ?
3151 1651 3169 1685 ι
3195 1631 3262 1686 Et
3287 1648 3415 1687 rur-

1855 1740 2015 1782 sum:
2050 1743 2070 1776 ι
2105 1722 2259 1779 Sicut
2307 1740 2403 1796 per
2454 1742 2623 1781 unum
2676 1726 2954 1781 hominem
3006 1725 3291 1782 mors:ita
3318 1741 3416 1796 per

1856 1832 2025 1871 unum
2072 1816 2345 1871 hominem
2395 1818 2724 1873 resurrectio
2772 1827 3113 1873 mortuorum
3136 1819 3204 1871 ".
3240 1835 3259 1869 ι
3311 1816 3418 1873 Per

1853 1908 2127 1965 hominem
2174 1909 2327 1975 dicit,
2368 1925 2481 1965 non
2535 1911 2605 1966 ab
2645 1910 2891 1968 homine.
2941 1910 3099 1977 Quod
3146 1910 3294 1966 enim
3349 1911 3417 1965 ab

1854 1999 2074 2056 homine
2100 1999 2217 2055 ﬁeri
2263 2014 2371 2055 non
2417 2008 2649 2073 poterat,
2689 2001 2742 2058 id
2776 2017 2870 2073 per
2891 2001 3171 2058 hominem
3190 1999 3302 2057 Deo
3323 2015 3419 2057 co-

1852 2091 2097 2162 pulatum
2149 2090 2300 2146 nullo
2341 2093 2562 2163 negotio
2616 2091 2800 2149 ﬁebat.
2848 2090 2940 2147 Sic
2992 2092 3416 2147 resurrectionis

1851 2181 2054 2236 donum
2088 2179 2519 2253 consequimur;
2544 2180 2627 2238 sic
2646 2180 2992 2252 adoptionem
3020 2180 3411 2245 nanciscimur;

1853 2272 1935 2327 sic
1965 2270 2179 2327 Domini
2211 2271 2406 2328 fratres
2438 2274 2774 2343 appellamur
2798 2288 2814 2339 ;
2855 2273 2936 2329 sic
2961 2272 3273 2328 cohaeredes
3303 2271 3417 2327 elli-

1853 2364 2074 2432 cimur;
2104 2364 2186 2420 sic
2210 2363 2424 2419 hostem
2452 2364 2508 2419 in
2538 2363 2793 2436 primitiis
2821 2362 3088 2420 vincimus
3115 2381 3130 2431 ;
3160 2365 3241 2420 sic
3273 2362 3414 2418 (ldu-

1852 2457 1990 2512 ciam
2022 2457 2211 2513 exillis
2239 2457 2571 2528 accipimus;
2602 2457 2683 2515 sic
2706 2464 2933 2528 sumptae
2952 2471 3017 2513 ex
3047 2457 3205 2513 nobis
3231 2459 3415 2513 carnis

1852 2550 2113 2608 adversus
2145 2549 2421 2606 diabolum
2460 2556 2725 2620 tropmum
2754 2549 2914 2606 nobis
2936 2550 3299 2619 vindicamus,
3326 2552 3416 2606 di-

1850 2644 2037 2700 vinum
2072 2644 2290 2700 illorum
2328 2643 2499 2699 robur
2526 2642 2903 2700 concutientes
2921 2685 2937 2709 ,
2968 2643 3049 2700 sic
3076 2659 3290 2710 omnes,
3319 2644 3415 2715 qui

1850 2751 1978 2793 vere
1994 2736 2291 2803 credimus,
2314 2743 2697 2806 exspectamus
2725 2749 2830 2791 nos
2867 2734 3110 2806 glorioso
3137 2734 3261 2805 ejus
3298 2750 3419 2791 cor-

1850 2828 1969 2900 pori
1998 2827 2307 2884 conformes
2335 2825 2472 2883 fore.
2508 2825 2601 2883 Sic
2644 2842 2833 2883 verum
2874 2826 3009 2882 illud
3051 2842 3175 2884 esse
3206 2843 3419 2900 compe-

1850 2922 2045 2977 rimus.
2091 2940 2110 2973 ι
2134 2918 2602 2976 Conresuscitavit
2640 2935 2741 2976 nos
2784 2927 2838 2975 et
2869 2918 3164 2975 consedere
3202 2918 3330 2976 fecit
3359 2920 3418 2974 in

1850 3013 2167 3074 calestibus
2189 3011 2258 3066 ".
2288 3029 2311 3066 ι
2350 3009 2469 3067 Etsi
2498 3012 2647 3069 enim
2678 3010 2734 3068 in
2758 3020 2947 3067 nostra
2981 3011 3216 3082 quisque
3243 3010 3415 3083 hypo-

177 3097 290 3170 γάρ
335 3097 683 3153 ἀναστάντων
731 3097 889 3170 ήμῶν
918 3099 977 3153 ἐν
1007 3101 1073 3170 τῇ
1108 3099 1230 3154 καθ’
1264 3099 1490 3153 ἕκαστον
1513 3101 1749 3155 ὑποστά-

1852 3104 1985 3160 stasi
2025 3104 2269 3160 nondum
2312 3104 2806 3167 resurrexerimus,
2848 3116 2953 3159 nec
2998 3103 3054 3158 in
3098 3100 3419 3160 ctelcstihus

183 3206 287 3252 σει,
352 3189 487 3260 μηδὲ
543 3189 847 3262 γενομένων
897 3191 954 3245 ἐν
989 3193 1100 3256 τοῖς
1132 3190 1491 3262 ἐπουρανίοις,
1527 3191 1619 3246 διά
1653 3192 1751 3264 τὴν

182 3279 322 3351 πρὸς
346 3280 436 3333 τὸν
473 3279 759 3334 ἀνελθόντα
804 3281 899 3336 καὶ
930 3281 1258 3337 κατελθόντα
1287 3282 1600 3351 συγγένειαν
1624 3299 1755 3339 κατο

180 3371 378 3443 έχομεν
419 3375 478 3426 ἐν
522 3377 588 3446 τῇ
622 3374 728 3428 τῶν
769 3374 1022 3429 τοιούτων
1069 3374 1241 3428 ἐλπίδι
1280 3376 1495 3447 ἀσφαλῆ
1538 3375 1609 3430 τά
1668 3379 1751 3430 ἐν·

182 3464 371 3535 ἑχυρα.
413 3465 586 3519 Πόσον
621 3462 713 3520 οὖν
740 3466 878 3531 ἄξιοι
904 3466 1095 3537 μίσους
1134 3467 1182 3519 οἱ
1217 3464 1430 3535 φθονεῖν
1478 3467 1607 3538 ἡμῖν
1658 3466 1753 3519 ἐπὶ

176 3556 455 3622 τοσούτοις
508 3558 602 3612 καὶ
648 3557 983 3628 τηλικούτοις
1038 3557 1260 3627 ἀγαθοῖς
1290 3556 1379 3612 διὰ
1406 3557 1505 3629 τῆς
1548 3558 1752 3622 οἰκείας

177 3649 499 3718 κακοδοξίας
566 3650 949 3722 ἀγωνιζόμενοι
970 3692 986 3716 ,
1037 3650 1132 3704 καὶ
1180 3649 1480 3714 κωλύοντες
1530 3650 1629 3720 μὲν
1690 3649 1751 3704 τὸ

177 3740 334 3808 γένος
408 3740 801 3811 σεμνύνεσθαι,
867 3740 1188 3812 χωρίζοντες
1251 3738 1309 3792 δὲ
1378 3738 1477 3810 τὴν
1536 3739 1747 3811 σάρκα,

174 3832 245 3903 ἢν
300 3832 481 3903 ἐαυτῷ
527 3831 844 3904 παραδόξως
901 3833 930 3885 ό
989 3832 1159 3901 Λόγος
1203 3830 1553 3896 συνέζευξεν,
1616 3830 1749 3885 ἀνθ-

132 3969 137 3973 .
174 3924 462 3994 ιστάμενοι
517 3923 575 3978 δέ
596 3922 800 3995 Παύλῳ
833 3923 1027 3995 βοῶντι
1047 3962 1063 3988 ,
1110 3941 1130 3976 ι
1176 3924 1244 3977 ’Δ
1273 3924 1303 3975 ό
1327 3922 1459 3987 Θεὸς
1500 3922 1752 3989 συνέζευ-

175 4015 287 4082 ξεν,
335 4014 620 4086 ἅνθρωπος
672 4015 747 4085 μὴ
794 4015 1104 4088 χωριζέτω,
1134 4034 1155 4067 ι
1181 4013 1499 4086 μισθοῦντες
1547 4015 1605 4068 δὲ
1650 4016 1749 4088 τὴν

172 4107 425 4176 γλῶτταν
455 4106 535 4177 τῷ
572 4106 801 4178 διαϐόλῳ
822 4107 958 4179 πρὸς
988 4108 1048 4161 τὸ
1080 4106 1341 4179 κρύπτειν
1368 4106 1436 4160 τά
1458 4107 1578 4161 κατ’
1612 4108 1749 4161 ἐκεί-

172 4217 265 4253 νου
287 4198 594 4272 γενόμενα;
625 4198 790 4253 Ούδέν
815 4198 923 4273 γὰρ
961 4199 1135 4262 οὕτως
1178 4198 1372 4272 ἐκείνῳ
1400 4198 1538 4271 βαρὺ
1565 4200 1659 4254 καὶ
1682 4200 1744 4253 ού

172 4291 433 4362 φορητὸν,
462 4291 538 4353 ὡς
566 4290 626 4343 τὸ
664 4288 790 4343 ἰδεῖν
815 4290 912 4362 τὴν
946 4291 1037 4345 ὑπ’
1069 4289 1232 4344 αὐτοῦ
1257 4289 1617 4363 πλανηθεῖσαν
1647 4291 1746 4360 φύ-

171 4398 258 4436 σιν
296 4380 697 4452 ἀναληφθεῖσαν
728 4383 825 4453 μέν
856 4384 923 4454 τῇ
957 4383 1175 4454 ἀπαρχῇ
1209 4382 1358 4454 παρά
1393 4382 1483 4437 τοῦ
1519 4383 1627 4437 τῶν
1655 4384 1745 4437 ού-

1857 3196 2065 3253 simus:
2091 3204 2315 3267 propter
2370 3194 2752 3266 cognationem
2800 3200 2983 3249 tamen
3024 3207 3152 3248 cum
3202 3207 3269 3248 eo
3322 3192 3417 3263 qui

1853 3286 2100 3343 ascendit
2139 3293 2196 3343 et
2239 3284 2543 3351 descendit,
2577 3284 2696 3356 ipsa
2728 3284 2917 3341 talium
2947 3299 3043 3356 spe
3064 3284 3222 3341 ﬁrma
3252 3291 3413 3340 tene-

1852 3394 1976 3435 mus
2003 3378 2257 3449 pignora.
2276 3376 2497 3444 Quanto
2515 3376 2684 3448 igitur
2712 3375 2840 3431 odio
2863 3374 3013 3446 digni
3044 3375 3145 3439 illi,
3174 3372 3269 3445 qui
3290 3388 3419 3444 per-

1852 3481 2011 3522 versa
2041 3480 2141 3522 sua
2178 3465 2426 3522 doctrina
2457 3471 2607 3520 tanta
2638 3478 2703 3520 ac
2745 3463 2881 3519 talia
2914 3464 3075 3520 nobis
3105 3464 3249 3521 bona
3278 3463 3420 3518 invi-

1851 3555 1982 3614 dere
2019 3570 2132 3611 non
2178 3554 2469 3611 dubitant:
2497 3554 2589 3625 qui
2641 3569 2814 3627 genus
2858 3560 3107 3611 nostrum
3160 3554 3418 3609 honorari

1850 3648 2086 3714 nolunt;
2120 3646 2216 3719 qui
2262 3662 2483 3704 carnem
2531 3652 2809 3718 separant,
2853 3661 3017 3718 quam
3078 3646 3205 3712 sibi,
3254 3645 3418 3701 modo

1850 3740 2012 3813 plane
2052 3738 2341 3809 stupendo,
2387 3735 2622 3794 Verbum
2651 3736 2961 3807 conjunxit,
3015 3734 3172 3808 511
3224 3734 3418 3791 adver-

1850 3841 2036 3890 santes
2058 3829 2229 3887 Paulo
2258 3829 2513 3885 clamanti
2530 3845 2576 3885 ιι
2599 3826 2733 3896 Quae
2760 3825 2905 3888 Deus
2928 3827 3229 3898 :onjunxit.
3251 3825 3416 3882 homo

1850 3941 1960 3983 non
1989 3931 2210 3995 separet
2230 3921 2311 3989 ⁹⁸;
2343 3940 2363 3975 ι
2389 3922 2480 3993 qui
2508 3920 2745 3993 denique
2771 3920 3009 3992 linguam
3030 3917 3251 3974 diabolo
3277 3933 3416 3974 mer-

1848 4016 1982 4074 cede
2018 4016 2204 4071 locant
2254 4014 2324 4070 ad
2354 4011 2682 4070 occultanda
2727 4026 2814 4075 ca,
2853 4024 2975 4081 qua:
3008 4015 3203 4064 contra
3234 4008 3412 4079 ipsum

1848 4109 1993 4165 facta
2025 4116 2174 4165 sunt.
2216 4105 2364 4162 Nihil
2386 4106 2532 4163 enim
2570 4105 2651 4161 illi
2682 4103 2959 4169 acerbius,
2992 4101 3128 4157 nihil
3156 4099 3415 4156 intolera-

1846 4199 2015 4256 bilius
2059 4196 2311 4255 accidere
2350 4203 2553 4268 potest,
2584 4209 2748 4267 quam
2779 4193 2828 4250 si
2858 4192 3039 4249 videat
3065 4192 3345 4249 seductam
3380 4205 3413 4244 ι

1846 4307 1908 4348 se
1934 4297 2189 4346 naturam
2212 4301 2244 4344 a
2264 4287 2476 4345 ctelesti
2494 4286 2642 4359 Rege
2669 4287 2728 4342 in
2755 4283 3012 4357 primitiis
3042 4297 3260 4340 sursum
3287 4296 3414 4338 eve-

1846 4388 2014 4446 ctam,
2041 4385 2097 4436 et
2136 4377 2356 4435 excelso
2395 4375 2579 4431 animo
2611 4390 2678 4432 ac
2719 4388 2884 4446 supra
2926 4371 3147 4429 laudem
3189 4385 3407 4427 omnem

170 4474 353 4544 ρανῶν
387 4473 672 4544 βασιλέως,
702 4474 1165 4545 πολιτευσαμένην
1199 4474 1257 4528 δὲ
1292 4474 1644 4546 μεγαλοφυιῖκ
1685 4492 1743 4529 τε

1852 4486 2190 4537 conversam,
2215 4479 2270 4525 et
2290 4468 2626 4540 superiorem
2652 4465 2853 4521 factam
2874 4474 3048 4520 morte
3072 4462 3414 4520 destruxisse

166 4566 263 4620 καὶ
294 4564 438 4637 ὑπὲρ
471 4564 689 4619 ἔπαινον
708 4582 722 4595 ο
751 4564 1046 4636 γενομένην
1076 4564 1133 4617 δὲ
1155 4564 1436 4636 κρείττονα
1458 4563 1553 4617 τοῦ
1585 4564 1743 4618 θανά-

163 4673 259 4711 του
276 4672 292 4687 °
324 4655 706 4712 καταλύσασαν
739 4654 796 4709 δὲ
839 4654 936 4726 τὴν
973 4653 1136 4708 αὐτοῦ
1175 4654 1459 4727 τυραννίδα
1477 4671 1491 4686 ·
1540 4652 1739 4724 ἀναληο

165 4753 399 4823 φθεῖσαν
434 4750 495 4804 δέ
538 4751 618 4812 εἰς
657 4747 901 4819 οὐρανὸν,
931 4746 1026 4800 καὶ
1072 4746 1170 4817 τῆς
1215 4745 1424 4811 ἐνδόξου
1476 4744 1743 4817 καθέδρας

160 4844 513 4914 ἀξιωθεῖσαν,
547 4841 605 4894 ἐν
629 4857 688 4893 τε
714 4838 847 4912 πρὸς
878 4838 970 4892 τὸν
1000 4836 1332 4892 ἀναλαϐόντα
1360 4835 1509 4906 πάσῃ
1543 4838 1608 4907 τῇ
1635 4835 1748 4888 κτί-

160 4956 246 4992 σει
277 4932 697 5007 γινωσκομένην
740 4933 806 5003 τῇ
854 4929 999 5003 ἄκρᾳ
1028 4928 1312 4999 συναφείᾳ,
1358 4927 1557 4999 τῇτῆς
1586 4925 1746 4996 δόξης

158 5030 425 5103 κοινωνίᾳ
453 5027 535 5098 τῷ
564 5025 866 5097 ἀμερίστῳ,
887 5024 987 5095 τῆς
1019 5022 1158 5093 ὑπὲρ
1185 5022 1359 5077 πάντα
1391 5020 1544 5088 λόγον
1568 5018 1742 5085 ἀξίας.

884 5135 1026 5190 XVI.

159 5260 320 5326 Πρὸς
370 5255 519 5321 τοὺς
591 5252 948 5326 κελεύοντας
994 5249 1237 5326 ἁπλῶς-
1258 5248 1565 5326 πιστεύειγ
1624 5245 1715 5326 toi]

224 5267 320 5325 νὸς
370 5267 519 5321 τοὺς
591 5267 948 5319 κελευοντας
994 5267 1199 5316 axch
1258 5267 1565 5302 πιστευειν
1624 5267 1707 5299 τοι

224 5326 606 5398 λεγομένοις,
665 5323 763 5376 καὶ
814 5322 901 5391 μὴ
959 5318 1271 5375 κατανοεῖν
1321 5319 1385 5372 τὸ
1424 5316 1652 5385 πρέπον
1703 5267 1744 5384 ὃ

226 5396 525 5467 ἀέράπές.

227 5488 457 5544 Πολλῶν
491 5483 682 5539 δεινῶν
716 5482 1066 5555 ὑπαρχόντων
1096 5480 1401 5551 δογμάτων,
1450 5488 1526 5532 ων
1560 5478 1744 5531 ἐπεισ-

157 5587 342 5660 ήγαγε
364 5584 446 5656 τῷ
477 5582 583 5654 βίῳ
600 5577 709 5633 τῶν
728 5576 1026 5649 ἀνθρώπων
1048 5576 1128 5639 είς
1156 5573 1493 5627 ἐπικίνδυνον
1526 5569 1741 5636 ἀπάτην

225 5742 277 5775 ’⁸
314 5741 495 5798 Galat.
532 5751 629 5799 In,
667 5734 752 5788 15.
827 5733 870 5764 "
915 5729 933 5783 l
966 5730 1089 5785 Cor.
1125 5745 1216 5792 xv,
1252 5727 1341 5783 55.
1418 5728 1464 5760 ”
1505 5724 1635 5781 ibid.
1668 5722 1763 5779 22.

444 5838 722 5898 PATBOL.
766 5831 884 5890 Gn.
928 5827 1194 5888 XXVIII

1824 5722 1884 5818 :3
1926 5719 2123 5792 Ephes.
2165 5731 2238 5781 tt,
2277 5713 2333 5769 6.
2410 5711 2457 5744 “
2496 5708 2688 5765 Matth.
2725 5723 2854 5774 xix,
2886 5705 2942 5762 6.

1848 4565 2023 4639 ipsius
2056 4562 2422 4636 tyrannidem,
2452 4568 2508 4616 et
2552 4566 2887 4627 assumptam
2938 4555 2994 4611 in
3046 4554 3273 4618 caelum,
3297 4554 3414 4623 glo-

1846 4659 2105 4729 riosaquc
2128 4654 2262 4714 sede
2288 4652 2461 4710 fuisse
2486 4651 2810 4707 honoratam
2831 4688 2847 4713 ,
2878 4656 2934 4704 et
2966 4645 3109 4717 apud
3147 4660 3272 4701 eum
3315 4646 3408 4715 qui

1849 4754 2244 4820 assumpserat,
2290 4745 2436 4801 inter
2477 4756 2673 4798 omnes
2719 4746 3041 4802 creaturas,
3088 4737 3145 4792 in
3196 4752 3410 4791 summa

1846 4837 2237 4912 conjunctione
2285 4832 2584 4904 cognitam,
2639 4830 2696 4884 in
2755 4826 3173 4899 participatione
3224 4824 3414 4895 gloriae

1843 4946 1969 4988 cum
1999 4942 2066 4985 eo
2086 4925 2178 4996 qui
2204 4939 2235 4979 a
2263 4937 2323 4979 se
2347 4930 2436 4978 est
2465 4919 2752 4983 indivisus,
2782 4931 2904 4988 qua:
2932 4916 3167 4986 dignitas
3191 4929 3407 4968 omnem

1843 5020 2145 5077 orationem
2182 5018 2475 5083 exsuperat

2551 5117 2689 5174 XVI.

1840 5243 2101 5299 Adversus
2125 5255 2213 5294 eos
2232 5236 2321 5308 qui
2347 5234 2527 5290 uolunt
2555 5232 2863 5308 simpliciter
2890 5230 2955 5285 iis
2980 5228 3263 5308 (παραίσια
3283 5235 3405 5305 sunt

1908 5310 2219 5368 credendum
2242 5299 2379 5369 esse,
2399 5320 2489 5359 nec
2518 5299 2954 5359 considerandum
2986 5299 3112 5370 quid
3137 5302 3405 5353 conveniat

1912 5396 1962 5438 et
1989 5380 2113 5452 quid
2133 5396 2233 5434 non
2256 5376 2547 5431 conueniat.

1909 5472 2024 5528 Etsi
2053 5469 2223 5524 multa
2250 5475 2305 5522 et
2341 5465 2611 5522 horrenda
2644 5463 2897 5535 dogmata
2929 5459 2985 5516 in
3003 5458 3283 5515 hominum
3312 5473 3405 5527 ge-

1840 5580 1946 5620 nus
1975 5563 2065 5618 ille
2086 5560 2269 5617 omnis
2294 5556 2508 5615 honesti
2531 5569 2662 5611 osor
2686 5554 2898 5609 daemon
2921 5550 3148 5617 invexit,
3170 5554 3232 5602 ut
3263 5546 3405 5618 peri—

3088 5796 3164 5855 δὴ
