3976 6388
564 387 695 442 1537

1695 360 1751 414 S.
1793 349 2246 411 ΑΤΙΙᾹΝᾸΞΠΪΞ.
2287 376 2350 387 ——
2396 336 2666 396 SPUNA.

3651 313 3776 367 1588

563 505 752 558 culosa
777 497 984 554 fallacia
1008 491 1368 548 assentientcs
1397 485 1695 541 involveret
1725 502 1736 535 :
1765 489 1946 533 tamen
1977 475 2119 529 haud
2152 512 2162 536 λ

2262 467 2328 520 ῶν
2368 461 2667 533 δεχομένων
2718 455 2746 507 6
2796 447 3081 524 μισόκαλος
3120 443 3350 513 δαίμων,
3383 437 3486 491 οὐκ
3513 428 3609 488 οἶδ’
3633 434 3685 487 et
3733 451 3779 486 τι

2340 555 2362 558 υ
2502 553 2513 558 -
2664 550 2684 558 -
2753 545 2764 558 -
2820 543 2832 558 ι
2916 541 2941 558 n
2999 531 3457 558 ηνᾼιξ.---ρ.ε...-..
3514 520 3626 558 ..τευ
3676 525 3772 558 ...τυί

565 597 682 651 scio
725 609 793 646 an
835 585 1208 658 superioribus
1242 578 1576 649 temporibus
1631 568 1941 642 hujusmodi
1993 565 2122 636 quid

566 681 910 756 parturiv'erit
941 677 1100 747 quale
1132 687 1278 726 nunc
1308 672 1560 740 parturit.
1592 664 1730 718 Nam
1775 673 1962 715 earum
2004 670 2126 726 qum

567 778 854 846 viguerunt
881 771 1133 827 barreses,
1153 777 1377 834 quaeque
1410 760 1549 813 alius
1572 765 1732 826 atque
1752 754 1892 807 alius
1922 750 2127 805 erroris

568 879 741 925 mater
771 865 890 920 fuit.
911 863 977 915 At
993 875 1112 931 qua:
1139 873 1280 910 nunc
1312 849 1611 907 novissima
1636 847 1879 902 omnium
1909 843 2126 896 inventa

567 970 672 1024 est,
709 975 773 1013 ea
801 963 1028 1009 cunctas
1054 947 1354 1009 renovavit,
1386 951 1614 998 cunctas
1646 936 1873 992 audacia
1905 946 2128 1001 supera-

573 1055 665 1116 vit,
702 1060 973 1121 postremo
998 1059 1105 1114 prae
1132 1041 1343 1095 caeteris
1369 1035 1621 1090 omnibus
1655 1031 1918 1085 malorum
1953 1033 2127 1078 ortum

571 1141 856 1198 indicavit.
902 1135 1040 1189 Vere
1093 1152 1111 1183 ι
1159 1128 1415 1202 partui-iit
1472 1122 1819 1192 injustitiam,
1882 1114 2131 1182 concepit

572 1233 812 1287 dolorem
845 1235 898 1282 et
928 1223 1135 1296 peperit
1164 1219 1506 1288 iniquitatem
1529 1214 1596 1264 ³⁵.
1638 1229 1656 1262 ι
1704 1205 2002 1260 Parturivit
2033 1204 2134 1253 nn—

573 1322 791 1392 pietatis
810 1292 1148 1386 proposituiri
1185 1304 1476 1374 :concepit
1500 1302 1652 1355 malae
1692 1296 1826 1350 artis
1864 1292 2129 1350 instituta,

574 1381 842 1484 inquibus
865 1381 929 1461 et—
942 1405 1030 1458 alii
1057 1405 1311 1458 errarunt
1343 1416 1356 1451 :
1384 1393 1592 1466 peperit
1621 1387 1972 1444 multifarium
1989 1381 2132 1436 aliud

573 1475 773 1565 maium
804 1516 904 1556 suo
930 1494 1144 1568 quidvis
1167 1491 1430 1545 arbitratu
1463 1481 1775 1539 innovandi.
1801 1477 1939 1543 Quin
1974 1475 2133 1528 etiam

575 1607 634 1651 ut
671 1610 861 1651 omnes
895 1607 953 1645 se
980 1594 1299 1656 sequantur,
1342 1576 1626 1647 imperiose
1667 1568 1906 1640 praecipit
1941 1585 1954 1619 :
2003 1565 2134 1616 Am-

577 1683 896 1760 plectimini,
931 1679 1126 1748 inquit,
1181 1671 1522 1743 simpliciter,
1554 1680 1672 1736 qua:
1707 1662 1986 1722 dicuntur,
2035 1668 2136 1709 nec

579 1779 817 1850 inquirat
850 1774 1138 1844 quisquam
1171 1763 1301 1836 quid
1336 1761 1392 1815 in
1427 1759 1495 1812 iis
1531 1753 1860 1811 conveniens
1891 1749 1981 1811 sit,
2007 1743 2135 1816 quid

579 1869 984 1929 inconveniens.
1046 1862 1122 1915 Ac
1177 1858 1331 1912 fidem
1384 1851 1629 1908 nominat
1680 1843 2133 1901 inconsideratam
2166 1831 2208 1885 Β

581 1963 910 2030 noxiamque
965 1950 1409 2024 approbationem
1475 1941 1813 1996 infirmorum
1873 1933 2144 2001 nullisque

582 2047 1144 2116 demonstrationibus
1197 2043 1594 2095 instructorum
1651 2031 1982 2099 dogmatum.
2014 2023 2147 2078 Cre-

583 2148 778 2200 damne
805 2141 921 2196 sine
961 2131 1206 2206 judicio?
1236 2142 1338 2183 nec
1387 2123 1679 2193 inquiram,
1729 2114 1858 2185 quid
1905 2118 1998 2166 aut
2030 2107 2148 2163 fieri

583 2233 778 2307 possit,
831 2235 924 2282 aut
963 2202 1105 2278 vutile
1145 2222 1239 2277 sit,
1280 2227 1376 2270 aut
1412 2213 1622 2271 deceat,
1653 2213 1742 2259 aut
1777 2202 1884 2257 Deo
1911 2206 2145 2271 gratum,

583 2338 679 2383 aut
709 2332 919 2380 natura:
947 2328 1273 2387 congruum,
1319 2317 1412 2363 aut
1437 2301 1651 2360 veritati
1683 2311 2004 2359 consonum,
2058 2299 2150 2346 aut

585 2431 754 2488 scopo
780 2406 1271 2469 accommodatum,
1292 2407 1385 2454 aut
1415 2395 1673 2468 mysterio
1701 2397 2149 2446 consentaneum,

587 2477 907 2579 ant-pietate
953 2501 1176 2571 dignum
1225 2493 1336 2550 sit?
1365 2490 1547 2560 Ecqua
1582 2486 1788 2542 utilitas
1834 2483 1935 2538 erit
1985 2477 2154 2533 mihi?

587 2575 852 2669 Ant—quis
876 2593 1042 2650 menti
1076 2590 1288 2669 fructus
1317 2598 1436 2654 quae
1464 2581 1660 2634 horum
1692 2575 1825 2630 nihil
1858 2586 2040 2628 secum
2070 2584 2156 2623 re-

590 2660 820 2764 putavit,
839 2685 933 2742 sed
964 2667 1208 2737 auditum
1227 2676 1442 2747 quidem
1467 2686 1603 2725 sono
1623 2668 1910 2722 verborum
1939 2660 2154 2722 obtulit,

593 2749 955 2838 nullam'vero
987 2775 1260 2829 dictorum
1283 2766 1428 2837 cepit
1451 2756 1896 2831 intelligentiam?
1918 2752 2030 2806 Hoc
2063 2749 2158 2803 ad-

593 2872 846 2928 versariis
863 2866 1116 2926 omnibus
1151 2860 1355 2917 erroris
1379 2857 1862 2916 universorumque
1894 2842 2157 2896 malorum

593 2980 761 3020 causa
801 2969 903 3017 est.
937 2958 1071 3024 Quis
1115 2953 1261 3009 enim
1295 2955 1378 3004 est
1409 2943 1755 3000 inimicorum
1785 2931 2039 2988 Ecclesia:
2071 2943 2162 2982 ca-

595 3055 813 3123 tholicae
845 3019 1098 3120 quiwnon
1138 3039 1379 3112 postulet
1416 3035 1578 3089 dictis
1605 3027 1860 3084 omnibus
1885 3022 2020 3085 suis,
2045 3019 2163 3073 abs-

2222 555 2457 610 τοιοῦτον
2500 553 2557 603 ἐν
2605 550 2714 610 τοῖς
2743 541 3004 598 ἀνέκαθεν
3027 537 3238 609 χρόνοις
3267 531 3479 592 ὤδινεν,
3514 520 3626 579 οἷον
3676 525 3780 578 νῦν,

2235 650 2467 717 Ἐκάστη
2497 645 2593 716 μὲν
2621 641 2728 711 γάρ
2743 637 2849 690 τῶν
2882 633 2989 687 ἀπὸ
3011 631 3116 682 τῶν
3137 627 3396 697 αἱρέσεων
3418 619 3586 689 τῆσδε
3607 617 3644 688 ἢ
3669 614 3787 687 ’τῆσ-

2223 743 2279 795 δε
2319 740 2414 809 τῆς
2457 710 2664 802 ’πλάνης
2693 710 2883 799 γέγονε
2937 723 3132 794 μήτηρ·
3167 719 3201 788 ἡ
3233 717 3290 769 δέ
3316 713 3412 768 νῦν
3452 710 3593 783 μετά
3623 710 3788 770 πάσας

2225 829 2575 902 ἐφευρεθεῖσα
2609 823 2784 884 πάσας
2810 815 3161 875 ἀνενεώσατο,
3198 810 3293 862 καὶ
3309 807 3492 869 πάσας
3528 799 3788 872 ὑπερεϐά-

2230 925 2369 988 λετο,
2412 922 2504 975 καὶ
2536 918 2672 986 ὑπὲρ
2705 915 2881 966 πᾶσαν
2925 908 3022 980 τὴν
3072 905 3179 958 τῶν
3215 899 3402 955 κακῶν
3445 898 3664 967 γένεσιν
3701 895 3790 946 ἐπ’

2231 1015 2485 1080 εδείξατο.
2521 1012 2725 1068 Ὄντως
2757 1023 2773 1054 ι
2799 1000 3054 1070 ὠδίνησεν
3081 995 3313 1058 ἀδικίαν,
3349 989 3614 1043 συνέλαϐε
3647 987 3792 1040 πόνον

2227 1109 2322 1161 καὶ
2354 1077 2550 1156 ’ἔτεκεν
2603 1095 2851 1166 ἀνομίαν.
2888 1111 2906 1144 δ
2960 1089 3197 1158 Ὠδίνησε
3240 1084 3499 1156 πρόθεσιν
3530 1077 3793 1140 ἀσεϐείας,

2227 1195 2487 1250 συνέλαϐε
2513 1193 2609 1262 τὴν
2651 1189 2830 1250 ἄλλοις
2881 1181 3242 1252 πλανηθεῖσαν
3288 1175 3549 1249 πρόθεσιν
3583 1187 3794 1226 κακοτε-

2230 1291 2396 1362 χνίας·
2432 1287 2581 1339 ἔτεκε
2610 1283 2670 1335 τὸ
2699 1276 2941 1332 ποικίλον
2957 1273 3121 1328 κακὸν
3150 1272 3250 1342 τῆς
3288 1269 3590 1338 αὐτονόμου
3628 1279 3793 1318 καινο-

2230 1354 2445 1451 τομίας,
2482 1375 2576 1428 καὶ
2601 1373 2806 1433 πάντας
2836 1365 3146 1421 ἀκολουθεῖν
3200 1361 3480 1414 ἐπιτάττει
3519 1357 3660 1427 μετά
3685 1354 3798 1406 πολ-

2231 1447 2329 1541 λῆς
2359 1467 2622 1536 ἐξουσίας·
2652 1460 2902 1533 Δέχεσθε,
2935 1456 3119 1529 φησιν,
3173 1453 3360 1516 ἁπλῶς
3393 1450 3462 1504 τά
3518 1447 3795 1516 λεγόμενα,

2233 1539 2326 1618 καὶ
2380 1560 2566 1632 μηδεὶς
2625 1553 2941 1623 ἐξεταζέτω,
2989 1549 3040 1602 τί
3074 1548 3280 1618 πρέπον
3314 1547 3372 1598 ἐν
3422 1543 3630 1604 αὐτοῖς,
3678 1539 3710 1609 ἢ
3756 1539 3800 1590 τί

2234 1631 2499 1724 ἀπρεπές.
2540 1649 2649 1702 Καὶ
2684 1645 2863 1698 πίστιν
2897 1639 3150 1712 ὀνομάζει
3185 1638 3284 1708 τὴν
3315 1634 3686 1689 ἀϐασάνιστον
3723 1631 3803 1682 ἐπὶ

2235 1722 2347 1807 τοῖς
2382 1742 2633 1802 ἀστάτοις
2680 1737 2774 1791 καὶ
2807 1730 3209 1792 ἀναποδείκτοις
3243 1726 3334 1779 ἐπὶ
3389 1722 3566 1795 βλάϐῃ
3615 1735 3805 1784 συγκα-

2239 1835 2473 1890 τάθεσιν.
2516 1831 2747 1898 Ἀλόγως
2781 1823 3087 1886 πιστεύσω;
3114 1821 3206 1874 καὶ
3242 1818 3316 1890 μὴ
3345 1816 3590 1883 ἐξετάσω
3643 1813 3695 1864 τί
3724 1811 3806 1863 δυτ

2245 1925 2488 1996 νατὸν,ἣ
2537 1922 2834 1994 συμφέρον,
2885 1919 2918 1989 ἢ
2960 1915 3187 1988 πρέπον,
3223 1913 3257 1982 ἦ
3304 1909 3423 1979 Θεῷ
3480 1906 3656 1977 φίλον,
3686 1903 3719 1973 ἦ
3745 1904 3801 1971 τῇ

2247 2019 2404 2090 φύσει
2458 1991 2872 2082 κατάλληλονΛὶ
2922 2011 2988 2079 τῇ
3020 2005 3245 2078 ἀληθείᾳ
3296 2000 3613 2071 σύμφωνον,
3651 1996 3684 2064 ἢ
3739 1991 3807 2060 τῷ

2249 2084 2436 2180 σκοπῷ
2486 2104 2797 2168 ἀκόλουθον,
2829 2101 2863 2173 ἢ
2892 2100 2970 2170 τῷ
3000 2099 3279 2169 μυστηρίῳ
3328 2089 3614 2163 ἁρμόδιον,
3643 2087 3676 2154 ἦ
3721 2084 3806 2152 τῆς

2249 2179 2526 2264 εὐσεϐείας
2558 2198 2702 2263 ἀξιον
2730 2213 2744 2261 ;
2774 2194 2884 2248 Καὶ
2916 2191 2968 2244 τί
2987 2189 3174 2260 κέρδος
3193 2187 3332 2250 Ego);
3368 2183 3402 2254 ἢ
3435 2182 3522 2244 τίς
3551 2181 3731 2247 ὄνησις
3750 2179 3806 2245 τῇ

2249 2295 2451 2364 διανοίᾳ⁵
2471 2295 2536 2364 τῇ
2566 2289 2731 2362 μηδὲν
2761 2284 2965 2338 τούτων
2996 2278 3341 2350 λογιζομένῃ,
3377 2273 3494 2328 ἀλλ’
3523 2271 3694 2340 ἀκοὴν
3727 2267 3810 2339 μὲν

2251 2385 2326 2456 τῷ
2480 2359 2878 2450 τῶνρημάτων
2922 2369 3226 2443 βάλλεσθαι,
3261 2365 3440 2436 ψυχὴν
3465 2363 3524 2416 δὲ
3563 2359 3811 2431 μηδεμίαν

2252 2477 2360 2530 τῶν
2400 2472 2706 2542 λεγομένων
2753 2466 2965 2521 σύνεσιν
2998 2458 3280 2533 δέχεσθαι;
3305 2455 3489 2510 ’Τοῦτο
3525 2453 3656 2523 περὶ
3696 2450 3812 2502 πᾶσι

2253 2571 2364 2632 τοῖς
2416 2541 2713 2635 ἀλλοτρίοις
2741 2563 2840 2632 τῆς
2872 2556 3078 2627 πλάνης
3109 2552 3202 2606 καὶ
3227 2549 3335 2604 τῶν
3368 2546 3558 2601 κακῶν
3589 2543 3720 2597 ὅλων
3744 2541 3814 2594 ατ-

2254 2678 2366 2715 τιον
2394 2633 2620 2728 γίνεται.
2652 2655 2749 2716 Τίς
2782 2651 2891 2722 γάρ
2927 2648 3034 2703 τῶν
3077 2643 3352 2713 πολεμίων
3387 2641 3491 2709 τῆς
3538 2633 3817 2702 καθολικῆς

2269 2749 2588 2821 Ἐκκλησίας
2616 2748 2716 2801 οὑκ
2749 2744 2888 2808 ἀξιοῖ
2923 2743 3051 2795 πᾶσι
3078 2741 3191 2800 τοῖς
3220 2735 3310 2788 ὑπ’
3337 2730 3502 2785 αὐτοῦ
3525 2727 3816 2798 λεγομένοις

2259 2844 2495 2915 ἀκρίτως
2528 2837 2840 2901 πιστεύειν;
2875 2834 2992 2887 Κᾶν
3026 2830 3264 2899 Ἕλληνα
3315 2824 3467 2896 εἴπῃ,
3511 2820 3620 2875 κᾶν
3667 2819 3819 2873 Maw-

2259 2908 2429 3008 χαῖον,
2463 2935 2566 2988 κᾶν
2605 2929 2848 3002 Ἀρείου,
2893 2926 2996 2980 κᾶν
3042 2919 3473 2989 Ἀπολλιναρίου,
3521 2913 3628 2967 κᾶν
3679 2908 3820 2964 ἀλλον

2260 3027 2497 3081 τοιούτου
2530 3023 2671 3084 τινὸς
2703 3019 3055 3091 κληρονόμον,
3105 3014 3226 3083 οὐχὶ
3257 3009 3608 3082 παραιτεῖται
3628 3003 3721 3072 τὴν
3746 2999 3821 3063 ἐξ·

599 3093 813 3123 ...υηψ
845 3093 937 3120 ιι...
989 3093 1098 3101 -.-η
1142 3093 1232 3112 τ--

599 3159 704 3213 que
732 3140 932 3212 prmio
959 3133 1230 3194 examine,
1265 3127 1423 3181 fidem
1453 3117 1679 3176 haberi?
1704 3111 1962 3180 Quamvis
1991 3107 2162 3179 genti-

2264 3121 2466 3181 έτασιν,
2517 3117 2603 3169 ἵνα
2653 3113 2799 3183 φύγῃ
2831 3110 2920 3163 τὸν
2967 3109 3216 3177 ἐλεγχον;
3258 3104 3334 3157 Ού
3383 3100 3453 3153 τά
3500 3099 3599 3168 μὲν
3639 3093 3823 3149 οἴκοθεν

599 3180 703 3213 qua
734 3180 931 3212 ,μψην
961 3180 1230 3194 -__-_--___,
1267 3180 1276 3181 ,
1313 3180 1316 3181 ν

590 3235 705 3286 "lem
729 3230 952 3288 dixeris,
984 3224 1097 3278 sive
1146 3215 1520 3276 Manicheum,
1545 3208 1659 3264 sive
1684 3203 1797 3258 Arii
1837 3208 1930 3255 aut
1962 3197 2162 3267 Apolli-

2266 3211 2640 3284 ἐρευγόμενος,
2667 3180 2744 3258 .τά
2775 3180 2836 3256 ’δέ
2873 3205 2937 3255 ἐκ
2963 3201 3060 3272 τῆς
3093 3198 3242 3260 θείας
3277 3195 3386 3248 τῶν
3410 3189 3645 3264 Γραφῶν
3673 3189 3823 3257 ἁρμο-

602 3323 763 3382 nat-ii,
789 3325 880 3372 aut
911 3313 1132 3369 alterius
1156 3301 1470 3376 hujusmedi
1503 3295 1788 3359 haredem,
1809 3305 1919 3346 non
1945 3289 2166 3344 recusat

606 3426 854 3473 examen,
891 3415 951 3462 ut
1011 3402 1182 3472 fugiat
1231 3393 1648 3453 convictionem.
1691 3385 1881 3440 Nonne
1909 3381 2014 3435 alia
2066 3393 2167 3434 suo

603 3510 778 3558 marte
804 3505 1079 3558 eructans,
1104 3491 1210 3545 alia
1232 3503 1298 3544 ex
1325 3484 1626 3554 Scriptura:
1654 3477 1849 3532 divinae
1886 3471 2170 3528 harmonia

596 3604 860 3647 ‘resecans
892 3596 945 3642 et
978 3584 1045 3639 ad
1068 3594 1293 3651 secpum
1342 3575 1567 3630 trahens
1611 3584 1792 3632 suum,
1854 3570 2168 3636 argumenta

605 3682 834 3756 profert,
865 3693 984 3750 qua:
1034 3691 1065 3730 a
1109 3671 1346 3736 nemine,
1394 3673 1453 3721 ut
1482 3669 1631 3735 optat
1675 3663 1811 3731 ipse,
1870 3652 2174 3726 indagan’da

596 3747 959 3848 pronuntiat?
985 3769 1248 3836 Deinceps
1299 3765 1347 3818 si
1391 3759 1646 3816 omnibus
1667 3752 1988 3823 simpliciter
2021 3747 2176 3803 adhi-

609 3869 836 3923 licamus
886 3871 1096 3922 aurem,
1146 3869 1250 3910 nec
1282 3857 1627 3909 enascentem
1658 3861 1725 3901 ex
1778 3855 1968 3897 eorum
2015 3837 2177 3893 dictis

613 3953 1002 4010 absurditatem
1054 3941 1542 4002 confutaverimus,
1585 3950 1686 3990 nec
1735 3932 2048 4002 dogmatum
2078 3943 2180 3998 pu-

611 4062 749 4118 gnae,
793 4058 913 4114 quae
956 4055 1022 4095 ex
1062 4049 1317 4107 perversa
1351 4032 1567 4086 illorum
1599 4023 2041 4095 interpretatione
2070 4019 2182 4075 ori-

616 4149 726 4202 tur,
776 4133 1105 4190 solutionem
1148 4123 1640 4195 elliagitaverimus,
1673 4118 1795 4188 quis
1819 4116 1874 4169 in
1902 4121 2181 4184 posterum

619 4229 852 4299 amplius
883 4219 1302 4299 veritatisviam
1339 4213 1612 4270 inveniet?
1638 4212 1762 4282 quis
1803 4225 1912 4264 non
1939 4205 2098 4260 facile
2125 4206 2180 4259 in

614 4319 979 4395 praecipitium
1022 4298 1401 4370 hznreticorum
1449 4307 1758 4377 dogmatum
1791 4299 2021 4363 incidet,
2076 4312 2185 4352 non

621 4411 979 4468 considerans
1038 4420 1300 4461 novorum
1339 4402 1650 4472 dogmatum
1675 4391 2186 4458 inconvenientiam,

2268 3305 2384 3367 νίας
2406 3301 2706 3370 ἀποκόψας,
2735 3297 2828 3350 καὶ
2862 3294 2996 3366 πρὸς
3019 3291 3109 3345 τὸν
3133 3290 3331 3343 οἰκεῖον
3361 3286 3564 3339 σκοπὸν
3597 3280 3825 3339 ἑλκύσας,

2270 3395 2558 3468 προϐάλλει
2589 3392 2685 3462 μὲν
2731 3384 3093 3445 κατασκευὰς,
3141 3381 3206 3444 ἀς
3250 3379 3327 3441 ὡς
3358 3375 3610 3446 βούλεται
3650 3370 3829 3442 μηδένα

2269 3461 2462 3559 χρῆναι
2495 3461 2961 3552 πολυπραγμονεῖν
2989 3472 3384 3541 ἀποφαίνεται;
3417 3461 3575 3527 Εἶτα,
3594 3463 3658 3517 ἂν
3687 3463 3827 3514 πᾶσιν

2271 3554 2455 3638 his);
2477 3573 2574 3637 τὰς
2595 3571 2765 3633 ἀκοὰς
2792 3567 3169 3637 ὑποθήσωμεν,
3196 3561 3289 3614 καὶ
3319 3558 3418 3630 τὴν
3448 3554 3828 3626 ἀνακηρύττου-

2276 3686 2373 3723 σαν
2401 3669 2490 3736 ἀφ’
2533 3660 2606 3718 ῶν
2643 3664 2890 3730 λέγουσιν
2921 3657 3170 3717 ἀτοπίαν,
3195 3651 3320 3724 μηδ’
3352 3648 3679 3719 ἐλέγξωμεν,
3714 3641 3827 3713 μηδὲ

2274 3761 2371 3832 τὴν
2395 3730 2546 3810 λύσιν
2578 3755 2678 3826 τῆς
2710 3752 2817 3805 τῶν
2832 3749 3115 3819 δογμάτων
3140 3744 3320 3814 μάχης
3341 3741 3444 3810 τῆς
3467 3738 3735 3809 φυομένης
3758 3730 3829 3783 διὰ

2274 3822 2372 3920 της
2405 3845 2580 3916 κακῆς
2610 3822 2901 3917 ἑρμηνείας
2930 3836 3108 3891 αὐτῶν
3157 3834 3578 3902 ἀπαιτήσωμεν·
3635 3826 3721 3880 καὶ
3759 3822 3827 3881 τίς

2278 3917 2498 4014 εύρήσει
2535 3921 2727 3990 λοιπὸν
2748 3930 3095 4002 ἐτιάληθείας
3120 3927 3272 3990 ὁδόν;
3301 3925 3386 3988 τίς
3407 3925 3508 3976 οὔκ
3536 3917 3826 3991 ἐμπεσεῖται

2283 4012 2479 4107 ῥαδίως
2512 4031 2590 4093 είς
2614 4025 2929 4107 κακοδοξίας
2955 4020 3220 4094 κρημνὸν,
3246 4020 3322 4089 μὴ
3355 4014 3573 4069 σκοπῶν
3605 4012 3700 4080 τῆς
3724 4024 3827 4061 και-

2281 4098 2531 4194 νοτομίας
2581 4121 2641 4174 τὸ
2677 4104 2943 4189 ἀπρεπὲς,
3005 4115 3139 4185 μήτε
3177 4106 3425 4162 ἀπαιτῶν
3471 4105 3574 4174 τῆς
3605 4098 3830 4170 ἀληθείας

2283 4217 2342 4270 τὸ
2377 4191 2615 4286 πρέπον;
2647 4212 2711 4264 Τί
2751 4207 3024 4262 πιστεύσω
3051 4207 3117 4275 τῇ
3147 4201 3347 4272 καρδία
3377 4200 3458 4262 εἰς
3487 4191 3831 4258 δικαιοσύνηνς

2285 4308 2336 4360 τί
2366 4281 2585 4375 λαλήσω
2607 4301 2683 4372 τῷ
2713 4301 2938 4370 στόματι
2963 4299 3040 4359 εἰς
3064 4292 3361 4364 σωτηρίαν,
3403 4291 3530 4342 ὅταν
3551 4281 3836 4357 προϐάλωσι

2289 4396 2570 4467 κακοήθως
2601 4394 2681 4453 τὸ,
2715 4412 2732 4443 ι
2787 4393 2844 4443 '0
2875 4389 3092 4459 πέμψας
3137 4403 3202 4456 με
3235 4386 3264 4436 6
3296 4381 3486 4452 Πατὴρ
3527 4377 3720 4448 μείζων
3753 4386 3835 4440 μου

622 4496 723 4564 nec
748 4503 994 4560 veritatis
1023 4501 1244 4570 exigens
1289 4489 1755 4551 convenientiam?
1797 4485 1938 4553 Quid
1970 4485 2162 4539 credan

2262 4487 2465 4558 ,ἐστίν;
2511 4505 2528 4536 ι
2567 4482 2776 4545 Ἀπλῶς
2800 4480 3047 4549 δέξομαι;
3081 4473 3371 4547 προπετῶς
3406 4461 3838 4538 συνθῶμαι;τολ-

2783 4572 2803 4574 ““
3016 4568 3039 4574 ⁸¹
3084 4569 3130 4574 -
3242 4567 3252 4574 ⁸
3341 4565 3363 4574 ··
3613 4559 3624 4574 1
3701 4554 3838 4574 κηιθ-

619 4598 787 4655 corde
828 4595 894 4649 ad
945 4591 1250 4663 justitiam?
1277 4585 1408 4659 quid
1458 4586 1652 4655 loquar
1684 4596 1778 4635 ore
1817 4580 1884 4632 ad
1937 4578 2184 4642 salutem,

623 4707 747 4747 cum
776 4689 905 4742 mihi
949 4686 1183 4754 maligne
1227 4679 1530 4750 objecerint
1571 4673 1703 4730 illud
1739 4692 1752 4727 :
1809 4691 1826 4723 ι
1864 4669 2045 4732 Pater,
2097 4668 2191 4738 qui

624 4783 768 4838 misit
799 4795 905 4842 me,
933 4778 1108 4846 major
1127 4790 1210 4828 me
1227 4779 1310 4828 est
1331 4770 1417 4823 ’⁸2
1439 4791 1456 4822 ι
1487 4765 1888 4836 Simpliciterne
1909 4761 2190 4832 accipiam,

627 4868 1122 4939 anprmcipitanter
1153 4862 1453 4917 assentiar?
1505 4857 1763 4912 audacter
1805 4851 2000 4906 Filium
2040 4850 2196 4903 Patre

629 4961 940 5016 inferiorem
972 4954 1356 5027 pronuntiabo,
1376 4960 1428 5006 et
1445 4951 1580 5005 nihil
1602 4948 1823 5003 omnino
1846 4941 2194 5015 perpendam,

631 5068 808 5123 neque
837 5051 981 5120 quod
1014 5047 1328 5105 mconomia:
1357 5045 1458 5100 iste
1488 5055 1668 5098 sermo
1707 5039 1796 5101 sit,
1828 5050 2004 5105 neque
2051 5030 2196 5102 quod

630 5143 873 5213 ejusdem
900 5141 1004 5194 hoc
1025 5139 1228 5193 dictum
1252 5136 1323 5190 sit
1351 5153 1365 5189 :
1392 5152 1412 5184 ι
1451 5131 1562 5202 Ego
1585 5137 1638 5185 et
1658 5129 1817 5200 512
1843 5128 2002 5180 Pater
2027 5137 2194 5177 unum

629 5249 824 5289 sunms
849 5233 924 5296 ’7;
967 5249 985 5282 ι
1021 5238 1075 5282 et
1107 5247 1118 5282 :
1154 5247 1172 5278 ι
1213 5224 1284 5279 Ut
1307 5225 1575 5278 honorent
1601 5219 1817 5281 Filium,
1850 5217 1992 5271 sicut
2021 5215 2198 5268 hono-

634 5335 758 5382 rant
789 5327 1006 5378 Patrem
1029 5321 1086 5361 ’⁸⁸
1116 5338 1131 5385 ;
1167 5337 1186 5369 ι
1223 5327 1314 5372 et:
1346 5333 1365 5368 ι
1401 5314 1505 5381 Qui
1528 5313 1664 5368 vidit
1690 5326 1797 5375 me,
1827 5309 1962 5362 vidit
1997 5316 2050 5363 et
2099 5305 2201 5360 Pa-

636 5427 772 5472 trem
802 5416 847 5447 "
873 5433 888 5480 ;
936 5433 954 5465 ι
989 5420 1044 5465 et
1074 5410 1284 5464 inﬁnita
1307 5407 1436 5469 alia,
1467 5419 1589 5474 qua:
1606 5402 1965 5471 aequalitatem
1987 5411 2203 5467 parem-

2297 4576 2485 4651 μηρῶς
2531 4572 2910 4641 ἀποφανοῦμαι
2950 4568 3042 4622 τοῦ
3084 4567 3298 4637 Πατρὸς
3336 4565 3538 4634 ἥττονα
3572 4559 3660 4611 τὸν
3701 4554 3841 4613 Υίόνς

2296 4673 2389 4724 καὶ
2419 4669 2581 4741 μηδὲν
2609 4667 2742 4728 ὅλως
2763 4664 3063 4732 λογίσομαι,
3098 4660 3227 4730 μήθ’
3260 4660 3343 4710 ὅτι
3377 4657 3476 4724 τῆς
3501 4647 3797 4720 οἰκονομίας
3822 4648 3845 4696 ό

2297 4762 2474 4828 λόγος,
2498 4758 2620 4830 μήθ’
2657 4757 2738 4808 ὅτι
2768 4753 2859 4806 τοῦ
2890 4749 3050 4805 αὑτοῦ
3074 4751 3250 4820 φωνή·
3273 4768 3290 4799 ι
3335 4743 3477 4814 Ἐγὼ
3509 4743 3603 4796 καὶ
3628 4743 3655 4793 6
3679 4735 3846 4804 Πατὴρ

2299 4853 2356 4904 ’ἐν
2383 4853 2566 4920 ἐσμεν·
2607 4869 2625 4899 ι
2675 4848 2786 4903 καὶ,
2830 4865 2846 4895 ι
2889 4845 3002 4896 Ἵνα
3029 4840 3231 4912 τιμῶσι
3281 4838 3370 4892 τὸν
3402 4836 3549 4898 Υἱὸν,
3582 4829 3758 4891 καθὼς
3783 4844 3849 4878 1'.-

2306 4942 2444 5013 μῶσι
2477 4939 2564 4992 τὸν
2590 4937 2824 5007 Πατέρα·
2878 4954 2895 4984 ι
2931 4935 3044 4996 καὶ,
3081 4949 3098 4982 ι
3140 4931 3199 4982 Ὀ
3230 4925 3486 5000 ἑωρακὼς
3512 4924 3613 4993 ἐμὲ
3659 4921 3848 4990 ἑώρακε

2301 5011 2392 5086 τὸν
2423 5030 2660 5100 Πατέραο
2691 5047 2709 5080 ι
2745 5028 2837 5081 καλ¹
2858 5025 2989 5080 ἀλλα
3003 5024 3058 5076 δὲ
3096 5022 3284 5093 μυρία,
3311 5018 3381 5071 τά
3415 5018 3514 5086 τὴν
3544 5013 3759 5084 ἰσότητα
3773 5011 3851 5061 καὶ

2301 5125 2400 5195 τὴν
2423 5121 2712 5192 ὁμοτιμίαν
2737 5121 2792 5171 ἐν
2814 5119 2946 5171 πᾶσι
2981 5114 3344 5185 γνωρίζοντα;
3378 5109 3442 5162 Ei
3472 5104 3566 5161 οὖν
3608 5103 3768 5174 μηδὲν
3786 5101 3853 5152 δεῖ

2302 5194 2407 5272 τῶν
2458 5213 2870 5271 ἀνακυπτόντων
2913 5211 3065 5281 ὁρᾷν,
3112 5207 3248 5277 μήτε
3292 5204 3381 5257 τὸν
3415 5200 3695 5273 πρέποντα
3714 5194 3852 5259 λόγον

2301 5308 2604 5364 ἀποδιδόναι
2631 5301 2884 5374 περὶτῶν
2903 5296 3319 5354 ἀνακυπτόντων
3345 5294 3439 5348 καὶ
3458 5289 3710 5345 ἐναντίων
3733 5280 3852 5337 εἶναι

2303 5400 2618 5461 δοκούντων,
2651 5397 2768 5460 πῶς
2796 5394 3058 5464 σύμφωνα
3087 5390 3330 5459 δείξομαι
3353 5385 3420 5440 τά
3432 5383 3683 5437 τοσοῦτον
3713 5375 3853 5441 ἀλλή-

637 5524 744 5579 que
778 5505 958 5558 Patris
982 5510 1035 5557 et
1053 5501 1177 5555 Filii
1209 5469 1565 5554 honorem-in
1593 5469 1845 5549 omnibus
1881 5491 2158 5545 declarant

2305 5489 2410 5541 λων
2443 5487 2584 5540 κατά
2635 5485 2695 5537 τὸ
2727 5483 3010 5554 πρόχειρον
3056 5480 3155 5549 τῆς
3195 5474 3523 5544 ἐπαγγελίας
3566 5469 3848 5538 ἀπᾴδοπαὶ

641 5600 700 5653 Si
743 5598 909 5667 igitur
951 5595 1089 5648 nihil
1120 5607 1308 5648 eorum
1339 5604 1459 5658 qua:
1495 5588 1620 5643 inde
1657 5593 2068 5654 consequuntur
2106 5597 2204 5636 ex-

2309 5579 2430 5642 Πῶς
2454 5577 2613 5640 αὐτὸς
2636 5576 2932 5645 φανήσεται
2961 5571 3052 5625 καὶ
3082 5566 3374 5640 μονογενὴς
3397 5566 3490 5618 καὶ
3511 5560 3848 5632 πρωτότοκος,

715 5755 758 5783 ⁹⁸
799 5750 940 5807 Psal.
978 5763 1086 5810 vn,
1123 5746 1211 5800 ιδ.
1285 5745 1332 5778 ’⁸
1365 5741 1520 5799 Joan.
1557 5757 1669 5805 31v,
1703 5739 1792 5794 28.
1868 5739 1912 5771 ⁸⁷
1950 5733 2107 5790 Joan.
2147 5752 2162 5788 ι

2262 5734 2334 5788 50.
2412 5733 2455 5764 ’⁸
2494 5729 2647 5784 Joan.
2687 5745 2737 5794 v,
2772 5728 2860 5781 25.
2939 5726 2981 5757 ⁹⁹
3024 5724 3178 5778 Joan.
3218 5737 3332 5788 xiv,
3367 5721 3419 5775 9.
