3976 6388
182 601 284 671 μὲν
307 603 418 675 γὰρ
438 608 735 680 μονογενὴς
756 609 831 682 μὴ
857 611 995 683 ἔχων
1022 601 1302 691 ἀδελφοὺς,
1334 622 1421 683 οἷα
1448 601 1762 707 μονογενὴς,

180 692 527 761 πρωτότοκος
567 697 849 755 καλεῖσθαι
881 703 943 755 οὐ
985 704 1226 765 δύναται·
1269 718 1611 786 πρωτότοκον
1654 727 1762 798 γὰρ

207 776 231 798 γ
374 786 388 798 ο
423 786 467 798 --
509 786 556 798 -ι
666 792 679 798 ·
818 793 862 798 ··
913 797 916 798 ν

178 776 334 836 εἶπεν
363 786 393 837 δ
421 786 630 852 Παῦλος
662 792 719 842 ὲν
745 793 959 860 πολλοῖς
991 799 1258 870 ἀδελφοῖς*
1285 776 1325 858 ό.
1338 808 1382 861 δ’
1404 808 1471 863 αὖ
1490 776 1763 885 ιιτρωττότοἱ

177 889 292 939 κος,
347 875 508 946 ἔχων,
541 880 617 945 ὼς
647 883 811 947 εἰκὸς,
867 886 1147 959 ἀδελφοὺς,
1200 901 1496 973 μονογενὴς
1534 875 1633 959 οὐκ
1678 906 1758 961 ἔτι

175 970 663 1039 προσαγορεύεται.
693 975 860 1029 Πάλιν
879 978 908 1030 ό
939 981 1100 1046 αὐτὸς
1128 986 1221 1038 καὶ
1255 970 1560 1059 πρόσφατος
1601 995 1757 1065 λέγε-

171 1074 261 1111 ται
282 1059 379 1111 καὶ
413 1060 647 1128 αἰώνιος·
677 1085 695 1117 ι
738 1067 943 1139 Ἰησοῦς
968 1073 1203 1145 Χριστὸς
1224 1078 1352 1149 χθὲς
1369 1082 1463 1135 καὶ
1492 1059 1752 1159 σήμερον,

170 1149 198 1199 ὁ
232 1149 395 1212 αὐτὸς
426 1152 521 1206 καὶ
559 1156 639 1219 εἰς
661 1157 786 1222 τοὺς
818 1160 1037 1228 αἰῶνας.
1082 1186 1101 1218 ι
1142 1168 1215 1222 Τὸ
1247 1172 1432 1244 ἕτερον
1455 1149 1752 1251 ἐτέόῳυὰνζ

166 1238 563 1296 τικαθίσταται.
594 1245 657 1299 Εἰ
685 1248 1010 1320 πρόσφατος,
1061 1257 1178 1323 πῶς
1220 1238 1466 1332 αἰώνιοςς
1510 1238 1573 1323 Εί
1598 1238 1753 1328 ἀἰώ-

167 1346 298 1394 νιος,
325 1333 540 1398 πάντως
570 1337 628 1389 οὐ
663 1340 988 1411 πρόσφατος.
1010 1348 1085 1400 Τὸ
1113 1350 1190 1414 δὲ,
1226 1372 1245 1405 ι
1304 1354 1577 1433 Ἀπάτωρ,
1603 1366 1751 1438 ἀμή-

165 1436 298 1491 τωρ,
338 1423 782 1500 ἀγενεαλόγητος,
810 1451 827 1482 ι
866 1434 983 1498 πῶς
1011 1438 1070 1491 οὐ
1108 1443 1388 1515 προδήλως
1417 1423 1538 1515 τοῖς,
1564 1423 1749 1522 ἀλλοις

166 1512 422 1583 μάχεται,
470 1517 537 1570 δι’
576 1514 651 1574 ὧν
679 1523 1020 1598 μανθάνομεν
1048 1512 1391 1609 καὶἽΠατέρα
1416 1512 1577 1596 αὐτὸν
1603 1512 1748 1619 ἔχειν

160 1605 219 1662 ἐν
244 1608 514 1679 οὐρανοῖς,
536 1612 629 1665 καὶ
655 1616 864 1688 μητέρα
885 1620 979 1672 ἐπὶ
1011 1622 1111 1693 τῆς
1134 1625 1258 1697 γῆς,
1290 1605 1383 1684 κξιὶ
1410 1605 1746 1709 γενεαλοξεῖ-

162 1700 285 1756 σθαι
318 1707 507 1775 σαφῶς
561 1712 711 1782 παρὰ
743 1717 857 1779 τοῖς
893 1717 1128 1786 ἐνδόξοις
1175 1700 1618 1801 εὐαγγελισταῖς;
1677 1739 1740 1791 Εί

157 1787 414 1861 ἀπάτωρ,
449 1793 569 1859 πῶς
592 1798 839 1867 οὐρανίου
868 1805 1115 1879 Πατρός;
1150 1812 1199 1863 εἰ
1225 1787 1475 1889 ἀμητωρ,
1771 1807 1812 1861 Β

156 1876 255 1947 τῆς
283 1880 563 1951 Παρθένου
590 1890 823 1961 μητρός;
858 1896 907 1948 εἰ
936 1876 1362 1976 ἀγενεαλόγητος
1381 1949 1395 1973 ,
1425 1876 1545 1977 πῶς
1592 1876 1624 1968 ι⁷
1652 1876 1734 1988 ﬂii:

988 1966 995 1967 ,
1210 1966 1220 1971 -
1256 1966 1267 1976 .
1341 1966 1355 1970 -
1382 1966 1393 1973 -
1528 1966 1544 1977 -
1597 1966 1606 1968 ‘
1652 1966 1704 1988 r'

142 1966 279 2034 ’ὅλος
304 1974 573 2043 γενέσεως
618 1980 790 2039 Ἰησοῦ
807 1988 1042 2060 Χριστοῦ
1063 2008 1077 2057 ;
1109 2013 1128 2045 ι
1150 1996 1427 2054 Τοσοότων
1449 2001 1543 2059 οὖν
1564 2008 1732 2065 όντων

154 2062 245 2113 καὶ
277 2064 458 2136 πολλῷ
490 2068 751 2128 πλειόνων
795 2077 902 2130 τῶν
926 2079 1099 2147 οὕτως
1125 2083 1368 2157 ἀλλήλων
1387 2094 1730 2167 ἀσυμφώνων

178 2149 203 2167 ,
323 2156 346 2167 λ
460 2159 472 2167 _
698 2165 706 2167 ξ
750 2165 757 2167 ι

153 2149 289 2208 εῖναι
316 2156 637 2226 δοκούντων,
654 2165 707 2217 τί
726 2165 832 2238 ἄρα
859 2171 1169 2229 κελεύουσιν
1194 2149 1342 2250 ἡμᾶς
1354 2149 1730 2260 ἀϐασανίστως

149 2245 440 2315 δέξασθαις
477 2253 531 2318 τι
578 2254 635 2308 δὲ
661 2257 1016 2331 ἀπώσασθαι;
1058 2269 1131 2321 Οὐ
1174 2245 1281 2345 γάρ
1324 2245 1434 2331 δῖάν
1460 2298 1521 2335 τε
1562 2245 1726 2342 πᾶσιν

147 2340 348 2408 ὁμοίως
381 2342 607 2400 ἕπεσθαι
641 2351 766 2416 τοὺς
799 2353 875 2426 μὴ
902 2356 999 2428 τὴν
1035 2340 1377 2432 ἁρμόζουσαν
1428 2371 1582 2429 λύσιν
1626 2380 1724 2451 τῆς

147 2427 325 2451 ..-μκνς
396 2434 412 2451 Ι
556 2436 580 2451 ⁸
768 2444 780 2451 ⁸
925 2449 934 2451 “
998 2448 1004 2451 “

144 2427 514 2513 νομιζομένης
551 2436 849 2509 διαφωνίας
883 2427 1253 2520 εὑρίσκοντας.
1294 2460 1357 2513 Ei
1399 2463 1460 2517 τὸ
1504 2427 1721 2541 ιγμονδἶ

141 2506 306 2594 γενής
340 2544 359 2575 ι
407 2506 739 2598 ἀληθὲςξτδ
779 2554 797 2586 ι
828 2506 1174 2611 πρωτότοκος
1270 2552 1329 2605 οὐ
1371 2506 1633 2617 τοιοῦτόν.
1656 2565 1719 2619 El

139 2611 201 2665 τὸ
238 2632 257 2665 ι
294 2618 639 2686 πρωτότοκος
676 2644 695 2677 ι
732 2626 980 2697 ἀψευδὲς,
1005 2634 1066 2687 τὸ
1111 2656 1128 2686 ι
1165 2648 1462 2719 μονογενής

136 2703 271 2760 τίον.
311 2704 377 2760 Et
423 2710 482 2763 τὸ
539 2731 558 2762 ι
593 2714 720 2784 χθὲς
758 2719 852 2771 καὶ
884 2723 1120 2798 σήμερον
1240 2703 1715 2812 ὠμολόῆται

144 2812 162 2843 ι
200 2796 422 2852 αἰώνιον
460 2824 480 2853 ι
507 2805 730 2876 οἴχεται.
766 2809 830 2865 Εἰ
867 2813 929 2867 τὸ
979 2835 998 2868 ι
1057 2820 1287 2897 ἀπάτωρ
1331 2847 1351 2880 ι
1398 2830 1616 2907 ἕστηκε,
1650 2840 1714 2894 τὸ

144 2886 222 2907 ι.Α-
253 2905 279 2907 -γ
303 2890 351 2907 π
437 2894 449 2907 ⁹
542 2896 559 2907 ⁸
612 2898 633 2907 ⁸
655 2901 665 2907 ”

134 2886 281 2957 ἔχειν
302 2890 523 2965 Πατέρα
542 2896 848 2971 λυθήσεται.
875 2907 938 2961 El
980 2910 1039 2963 τὸ
1076 2930 1097 2964 ι
1133 2886 1363 2993 ἀμήτωρ
1402 2944 1421 2977 ι

130 2977 193 3029 τὸ
228 2982 445 3054 μητέρα
467 2985 614 3058 ἐχειν
637 2992 1099 3069 ἀνατραπήσεται.
1151 2977 1378 3063 έίτὸιε

129 3086 299 3149 γητον
335 3092 354 3126 ι
392 3074 585 3151 ἄραρε,
640 3083 760 3150 πῶς
803 3092 867 3161 τῇ
903 3095 1221 3172 γενεαλογίᾳ
1251 3074 1621 3181 προσέξόμενς⁴
1645 3074 1705 3169 Si

126 3161 188 3215 τὺ
224 3166 299 3236 μὴ
329 3165 451 3237 ἔχον
480 3171 652 3244 ἀρχὴν
682 3178 902 3251 ἡμερῶν
928 3184 959 3255 ἢ
995 3161 1148 3253 τέλος
1178 3161 1413 3261 βέϐαιον,

126 3269 299 3326 σομεν
337 3258 399 3311 τὸ
439 3262 538 3335 τὴν
574 3267 747 3341 ἀρχὴν
799 3276 1021 3348 ἡμερῶν
1053 3282 1157 3361 ,καὶ
1179 3258 1255 3338 τὸ
1294 3289 1445 3355 τέλος
1479 3258 1700 3368 μηνῦον,

130 3364 151 3397 α
176 3347 287 3403 Τοῦ
338 3353 509 3424 Ἰησοῦ
543 3362 891 3433 γεννηθέντος
913 3347 919 3348 ⁷
942 3371 1000 3423 ἐν
1032 3356 1278 3448 Βηθλεὲμ
1309 3347 1702 3456 τῆς”Ῑιου⁶δαίας

122 3441 182 3492 ἐν
203 3442 442 3515 ἡμέραις
474 3447 710 3520 Ἡρώδου
738 3456 830 3510 τοῦ
858 3441 1139 3532 βασιλέως,
1168 3488 1186 3519 ι
1215 3441 1699 3545 σταυρωθέντοςῗδξ

118 3533 217 3586 ἐπὶ
264 3536 492 3592 Ποντίου
523 3542 784 3613 Πιλάτους
836 3550 967 3606 Ἰδοὺ
1023 3558 1117 3611 καὶ
1150 3561 1291 3635 ἀρχὴ
1327 3533 1551 3640 ήιμερῶν
1594 3533 1699 3629 ’καῑι

118 3622 271 3696 ζωῆς
298 3629 473 3696 τέλος.
524 3634 589 3686 Τί
618 3633 710 3692 οὖν
741 3644 1076 3716 ποιήσωμεν,
1107 3652 1163 3704 εἴ
1318 3622 1696 3720 τὶὲῶάπεσέζξν

114 3715 268 3785 ἡμᾶς
295 3717 555 3795 ἀπαιτοεη
586 3722 761 3795 λόγον,
795 3715 1116 3809 κατηγορῶν
1140 3740 1241 3811 τῆς
1267 3715 1430 3813 δίγίαῖ
1451 3715 1691 3826 Γ

83 3804 191 3870 -ὠς
215 3809 436 3865 ἐναντία
450 3812 743 3890 λεγούσης;
770 3804 1030 3897 εἴπωμεν,
1062 3804 1355 3890 Πίστευσον
1382 3804 1514 3894 πᾶσι
1538 3859 1552 3909 ;

107 3895 196 3960 τίς
225 3898 328 3951 οὐκ
359 3901 427 3955 ἂν
454 3904 812 3981 ἀποπηδήσας
840 3895 1280 3990 καταγελάσειεν,
1306 3895 1557 4002 οὐδαμῶς
1580 3932 1690 4000 οἷός

106 4001 167 4037 τε
192 3985 272 4041 ὢν
313 3991 383 4045 τὰ
431 3993 683 4066 ἀλλήλοις
734 3985 1039 4075 μαχόμενα,
1090 4013 1184 4067 καὶ
1224 3985 1495 4089 μηδεμίάν

104 4079 479 4153 λαμὸἀνοντα,
518 4089 595 4153 ὡς
616 4092 904 4158 ἀξιόπιστα
929 4101 1177 4173 δέχεσθαι
1194 4125 1207 4171 ;
1224 4079 1344 4164 'Atio
1365 4079 1490 4186 "(ip
1519 4118 1687 4173 ὅντων

103 4177 367 4232 ἐναντίων
405 4181 600 4251 λόγων,
638 4187 846 4264 ἀνάγκη
881 4193 973 4249 τὸν
1001 4198 1188 4271 ἕτερον
1218 4177 1684 4283 ψευδῆ-διελέγχε-

102 4268 250 4322 σθαι.
275 4270 342 4323 Τί
362 4272 498 4343 πρὸς
523 4275 691 4331 ταῦτα
730 4282 990 4356 ὲροῦμεν;
1018 4268 1207 4348 ’Ἦήκοιὶ⁹
1230 4268 1390 4366 ημεῖς
1422 4268 1684 4358 ἀπαιτεό-

100 4376 257 4429 mw;
301 4362 364 4415 τδ
390 4367 667 4422 πιστεύειν
697 4371 959 4444 δόγμασιν
1000 4381 1402 4456 ἀναποδείκτοις
1430 4394 1525 4448 καὶ
1551 4398 1682 4450 ἀσυ-

98 4453 322 4518 στάτοις
353 4458 646 4528 αἱρετικῶν
679 4463 732 4534 ἢ.
759 4465 1041 4539 Ἑλλήνων,
1098 4476 1238 4531 κατά
1280 4479 1376 4553 τὴν

93 4544 367 4615 πρότασιν
399 4548 803 4623 συνθησόμεθα;
846 4558 984 4613 Ἀλλ’
1013 4561 1221 4633 ἄπαγεί
1246 4544 1367 4623 οὔτε
1400 4544 1676 4632 ἀσύστατα

90 4634 159 4687 τά
190 4635 461 4708 ἡμέτερα,
510 4639 634 4695 οὔτε
660 4643 908 4718 ἀλληλοις
925 4653 1225 4723 μαχόμενα.
1262 4659 1443 4725 καθὼς
1473 4665 1672 4738 ἐρρέθη

91 4727 250 4799 παρά
268 4729 380 4782 τῶν
410 4731 580 4800 ἁγίων
606 4738 888 4810 νοούμενα.
945 4743 1173 4817 Ἐρρέθη
1194 4748 1249 4801 δὲ
1280 4749 1349 4804 τὰ
1391 4727 1517 4823 μὲν.
1536 4727 1674 4828 ἐτρδξ

84 4823 189 4895 τὴν
234 4827 574 4893 γνωσθεῖσαν
621 4833 751 4903 ἡμῖν
778 4837 1107 4910 οἰκονομίαν,
1158 4843 1226 4896 τὰ
1276 4845 1332 4898 δὲ
1386 4849 1521 4920 πρὸς
1574 4823 1671 4924 τὴν

81 4917 481 4988 ἀκατάληπτον
503 4922 598 4975 τοῦ
618 4924 791 4995 Λόγου
805 4929 1013 4998 οὐσίαν,
1037 4934 1131 4987 καὶ
1159 4936 1333 4992 πάντα
1358 4942 1670 5015 εὑρίσκεται

82 5007 359 5079 σύμφωνα
393 5011 487 5068 καὶ
513 5014 797 5083 ἀκόλουθα,
845 5023 972 5094 περὶ
1014 5026 1074 5077 τὸ
1126 5028 1255 5083 αὐτὸ
1284 5007 1438 5085 κατὰ.
1451 5033 1549 5099 τὰς
1578 5036 1671 5090 δύο

79 5099 277 5166 φύσεις
307 5101 781 5177 ὲκλαμϐανόμεναο
821 5111 897 5175 ὡς
937 5109 1072 5168 εῖναι
1106 5117 1168 5170 τὸ
1222 5120 1320 5189 μὲν
1360 5124 1669 5194 πρόσφατον

75 5194 177 5263 τῆς
203 5197 432 5267 σαρκὸς,
459 5198 521 5252 τὸ
539 5198 596 5252 δὲ
621 5200 834 5255 αἰώνιον
861 5205 956 5259 τοῦ
983 5207 1138 5263 Θεοῦ.
1172 5213 1245 5265 Τὸ
1265 5213 1340 5286 μὴ
1368 5214 1511 5286 ἔχειν
1562 5223 1663 5293 ἀρ.

72 5283 176 5353 χὴν
203 5285 433 5356 ἡμερῶν
483 5287 612 5342 ἴδιον
634 5291 727 5344 τοῦ
762 5295 954 5363 Λόγου’
980 5299 1039 5352 τὺ
1082 5283 1498 5375 γεννηθῆναινὲν
1524 5283 1663 5381 ἠμε-

73 5391 201 5444 ραις
237 5377 483 5449 Ἡρώδου
530 5381 729 5437 οἰκεῖον
778 5386 879 5457 τῆς
908 5391 1182 5463 ἀπαρχῆς.
1229 5395 1302 5449 Τὸ
1328 5398 1504 5471 πάντη
1531 5377 1663 5472 ἀγε-

68 5467 405 5540 νεαλόγητον
443 5471 538 5523 ἐπὶ
556 5470 656 5543 τῆς
678 5476 783 5547 πρὸ
814 5477 1023 5535 αἰώνων
1044 5484 1107 5538 ἐκ
1131 5485 1344 5559 Πατρδς
1372 5467 1660 5564 ὑπάρξεως

63 5559 161 5613 τοῦ
182 5562 339 5616 Υίοῦ·
367 5583 387 5616 ι
416 5563 556 5637 Τὴν,
574 5570 705 5641 γὰρ,
728 5572 917 5639 γενεὰν
932 5576 1097 5631 αὐτοῦ
1125 5581 1208 5644 τίς
1229 5583 1424 5659 αδιηγή
1434 5559 1583 5642 σεται
1604 5605 1651 5655 ;ι

139 5721 157 5752 ⁸
199 5720 371 5779 Hebr.
406 5737 544 5789 xm,
581 5722 636 5779 8.
711 5730 730 5760 ³
770 5728 935 5788 Hebr.
968 5750 1041 5790 vn
1068 5776 1081 5801 ,
1116 5738 1170 5793 5.
1249 5739 1270 5771 ³
1308 5738 1498 5799 Matth.
1541 5758 1595 5810 ι,
1636 5745 1686 5801 1.

1424 4485 1678 4559 τοιαύτην
1711 4510 1755 4565 ι)

1860 653 1965 711 est,
1994 650 2268 717 quomodo
2309 657 2725 719 conciliabimus
2761 680 2881 734 qua;
2912 670 3086 738 prima
3113 650 3439 744 pronuntia;

1860 735 2027 791 tionis
2058 739 2240 799 fronte
2268 744 2412 800 inter
2464 764 2523 805 se
2548 751 2861 826 discrepant
2882 735 2929 812 2—
2960 735 3245 827 Quomodo
3286 735 3433 843 idem

1856 827 2127 888 videbitur
2173 842 2227 889 et
2260 838 2576 910 unigenitus
2623 854 2679 902 et
2716 850 3154 923 primogenitus?
3187 834 3313 916 cum
3343 827 3435 936 pa:

1855 917 1964 974 lam
2008 922 2081 977 sit
2132 927 2407 999 omnibus,
2441 932 2551 989 duo
2591 938 2762 993 relata
2791 942 2858 997 ad
2887 960 3079 1013 unum,
3107 966 3342 1025 eumque
3371 958 3430 1015 in

1855 1026 1964 1065 una
2014 1018 2416 1077 consideratum
2449 1036 2665 1097 natura,
2707 1033 2935 1094 minime
2960 1039 3103 1096 inter
3130 1060 3191 1099 se
3228 1061 3431 1107 conve-

1851 1103 1992 1160 nire.
2046 1105 2259 1167 Etenim
2312 1116 2649 1188 unigenitus,
2684 1125 2774 1179 cui
2818 1134 2877 1182 ut
2920 1132 3201 1205 unigenito
3230 1138 3429 1200 fratres

1851 1196 1987 1250 nulli
2010 1207 2158 1269 sunt,
2184 1219 2294 1259 non
2323 1216 2515 1277 potest.
2530 1215 2793 1283 appellari
2825 1196 3239 1296 primogenitus.
3276 1231 3427 1290 Pau-

1850 1286 1937 1343 lus
1964 1290 2107 1345 enim
2123 1294 2539 1368 primogenitum
2561 1302 2697 1359 dixit
2721 1307 2775 1361 in
2798 1286 2985 1368 multis
3005 1286 3292 1376 fratribus.
3315 1322 3427 1383 Nec

1850 1395 2068 1436 rursum
2112 1385 2528 1460 primogenitus,
2590 1395 2787 1456 fratres
2830 1402 3057 1475 habens,
3108 1413 3424 1485 unigenitus

1846 1480 2076 1529 vocatur
2123 1479 2378 1549 amplius.
2410 1482 2653 1542 Rursum
2708 1491 2848 1547 idem
2880 1496 2972 1553 ille
3001 1506 3055 1555 et
3080 1504 3422 1569 novissimus

1846 1562 2052 1621 dicitur
2078 1577 2132 1622 et
2157 1578 2394 1630 aeternus
2427 1594 2441 1630 :
2480 1596 2498 1628 ι
2533 1576 2694 1637 Jesus
2713 1582 2966 1644 Christus
2999 1564 3114 1647 heri
3143 1602 3197 1649 et
3234 1596 3415 1663 hodie,

1844 1653 1963 1725 ipse
1982 1667 2037 1713 et
2056 1658 2111 1714 in
2143 1664 2342 1718 secula
2367 1666 2406 1721 ¹.
2448 1686 2469 1721 ι
2501 1667 2603 1725 Hic
2633 1673 2864 1731 alterum
2887 1679 3045 1737 alteri
3073 1684 3414 1745 adversatur.

1846 1744 1903 1800 Si
1942 1751 2274 1811 novissimus
2295 1767 2399 1823 cst,
2428 1765 2703 1830 quomodo
2725 1773 3000 1829 aeternus?
3050 1774 3107 1832 Si
3154 1787 3414 1850 aeternus,

1839 1852 1949 1892 non
2004 1840 2172 1911 igitur
2199 1847 2554 1908 novissimus.
2606 1852 2726 1910 Jam
2757 1860 2891 1915 illud
2929 1881 2943 1918 :
2980 1884 2999 1917 ι
3046 1867 3178 1926 Sine
3229 1873 3413 1940 Patre,

1836 1930 1955 1986 sine
1991 1944 2182 2002 matre,
2233 1939 2352 1995 sine
2399 1946 2715 2019 genealogia
2764 1952 2807 2017 ⁸,
2840 1972 2862 2005 ι
2915 1970 3097 2014 annon
3126 1964 3414 2023 manifeste

1832 2111 2009 2182 ipsum
2038 2118 2092 2174 in
2132 2123 2286 2179 cmlis
2307 2125 2525 2196 habere,
2557 2140 2611 2187 et
2635 2145 2862 2192 matrem
2902 2139 2959 2194 in
3011 2151 3177 2210 terra,
3216 2158 3271 2203 et
3290 2166 3408 2205 ma-

1822 2200 1973 2270 jores
1995 2206 2114 2277 ejus
2130 2224 2160 2264 a
2176 2215 2452 2282 praeclaris
2468 2224 2817 2292 evangelistis
2834 2228 3036 2288 diserte
3062 2240 3410 2299 nominatos?

1829 2292 1884 2349 Si
1937 2297 2057 2354 sine
2084 2299 2263 2373 Patre,
2295 2312 2570 2378 quomodo
2598 2313 2778 2375 Patris
2805 2323 3048 2382 caelestis
3089 2327 3302 2389 Filius?
3346 2335 3405 2395 Si

1825 2387 1944 2445 sine
1967 2399 2160 2458 matre,
2195 2401 2469 2467 quomodo
2499 2420 2562 2460 ex
2590 2404 2816 2482 Virgine
2837 2417 3049 2475 matre?
3081 2417 3138 2473 Si
3168 2424 3287 2480 sine
3306 2442 3403 2497 ge-

1821 2480 2089 2554 nealogia,
2109 2488 2272 2554 unde,
2297 2510 2317 2543 ι
2341 2490 2502 2550 Liber
2532 2480 2897 2568 generationis
2921 2504 3052 2563 Jesu
3070 2504 3276 2568 Christi
3292 2480 3396 2569 ἦ»

1818 2570 1956 2628 Cum
2007 2576 2174 2647 igitur
2198 2588 2275 2636 tot
2335 2598 2399 2640 ac
2425 2592 2578 2643 tanta
2621 2591 2733 2646 sint
2782 2603 2837 2648 et
2858 2598 3037 2654 multo
3066 2601 3247 2671 plura,
3277 2621 3401 2677 qua:

1817 2663 1961 2721 inter
1989 2683 2050 2724 se
2098 2671 2351 2729 videntur
2388 2693 2649 2750 pugnare,
2698 2686 2957 2755 quidnam
2988 2663 3085 2748 illi-
3098 2711 3202 2753 nos
3232 2663 3399 2757 inex-

1815 2757 2085 2827 ploratum
2112 2761 2309 2832 jubent
2332 2771 2599 2842 accipere,
2628 2776 2758 2847 quid
2782 2779 3008 2850 ejicere?
3033 2784 3220 2858 Neque
3246 2793 3394 2849 enim

1813 2851 2068 2909 omnibus
2122 2871 2275 2928 aeque
2325 2865 2579 2920 assentiri
2629 2880 2885 2939 possunt,
2942 2877 3035 2947 qui
3076 2851 3392 2952 apparentia

1813 2940 2196 3017 discrepantiae
2241 2957 2656 3015 convenientem
2701 2964 3030 3024 solutionem
3082 2988 3195 3030 non
3241 2977 3392 3034 inve-

1812 3035 1989 3094 niunt.
2018 3038 2076 3095 Si
2098 3058 2285 3099 verum
2312 3047 2444 3104 illud
2474 3070 2489 3106 :
2531 3070 2549 3104 ι
2585 3055 2918 3127 unigenitus,
2953 3080 2972 3114 ι
3005 3063 3202 3121 falsum
3232 3068 3338 3126 hoc
3369 3111 3384 3135 ,

1732 3156 1775 3215 ϐ
1817 3145 1834 3179 ι
1865 3130 2278 3204 primogenitus.
2312 3158 2331 3191 ι
2366 3137 2424 3194 Si
2454 3157 2640 3199 verum
2673 3147 2778 3204 hoc
2815 3168 2875 3206 τι
2912 3154 3328 3228 primogenitus,
3362 3181 3381 3214 ι

1808 3219 2005 3278 falsum
2037 3236 2250 3297 contra,
2284 3249 2303 3281 ι
2338 3234 2676 3305 unigenitus.
2718 3260 2739 3294 ι
2771 3240 2828 3298 Si
2852 3219 3173 3315 proﬁtem'ur
3201 3252 3335 3308 illud
3368 3274 3382 3309 :

1811 3332 1830 3367 ι
1869 3311 2002 3373 Heri
2030 3325 2085 3373 et
2108 3318 2290 3388 hodie,
2341 3344 2362 3377 ι
2412 3331 2691 3403 evanescit
2735 3311 2988 3410 alterum,
3041 3359 3061 3392 ι
3095 3346 3383 3417 sempiter-

1801 3422 1954 3462 num.
1977 3426 1996 3461 ι
2025 3408 2083 3464 Si
2109 3420 2216 3467 stat
2240 3413 2393 3483 illud,
2430 3436 2449 3470 ι
2480 3421 2598 3477 sine
2627 3422 2807 3493 Patre,
2844 3448 2863 3481 ι
2890 3408 3100 3488 corruit
3125 3408 3376 3505 alterum,

1800 3498 1945 3567 quod
1995 3498 2210 3558 Patrem
2255 3505 2468 3565 habeat.
2504 3510 2563 3565 Si
2597 3527 2779 3572 manet
2807 3533 2873 3574 ac
2904 3520 3072 3579 ﬁxum
3117 3535 3204 3582 est
3246 3528 3374 3595 hoc,

1804 3608 1823 3642 ι
1862 3588 1992 3647 Sine
2018 3602 2213 3661 matre,
2247 3616 2268 3649 ι
2303 3598 2451 3656 labat
2476 3603 2631 3672 illud,
2661 3608 2863 3666 habere
2887 3623 3136 3673 matrem.
3161 3617 3216 3673 Si
3255 3588 3374 3691 pla;

1796 3681 1909 3737 cuit
1932 3681 2085 3749 illud,
2122 3706 2140 3737 ι
2177 3687 2296 3743 sine
2317 3694 2652 3764 genealogia,
2686 3716 2705 3750 ι
2732 3704 3008 3770 quomodo
3029 3681 3372 3769 attendemus

1795 3777 2158 3850 genealogus?
2213 3780 2268 3837 Si
2298 3776 2514 3842 ﬁrmum
2546 3798 2631 3847 est
2667 3792 2822 3859 illud,
2871 3799 3018 3868 quod
3056 3817 3236 3874 neque
3264 3806 3373 3862 ini-

1791 3865 1927 3921 tium
1955 3884 2133 3941 neque
2163 3871 2325 3930 ﬁnem
2356 3875 2568 3935 dierum
2590 3881 2776 3952 habet,
2801 3865 3076 3959 quomodo
3096 3865 3368 3970 intellige-

1791 3974 1914 4016 mus
1942 3961 2068 4028 hoc,
2098 3966 2245 4035 quod
2273 3977 2328 4023 et
2354 3970 2572 4028 initium
2599 3985 2653 4031 et
2685 3976 2846 4035 ﬁnem
2876 3982 3087 4040 dierum
3117 3961 3323 4046 indicat
3348 4011 3363 4047 :

1796 4068 1815 4101 ι
1845 4049 1982 4107 Cum
2026 4063 2188 4113 natus
2242 4069 2387 4117 esset
2433 4060 2595 4122 Jesus
2638 4067 2694 4123 in
2735 4069 3010 4130 Bethleem
3051 4076 3253 4136 Judzea'
3308 4083 3365 4138 in

1786 4141 1980 4201 diebus
2015 4145 2249 4209 Herodis
2300 4154 2445 4226 regis
2478 4156 2500 4189 ⁵
2544 4177 2560 4214 :
2621 4179 2640 4213 ι
2690 4164 2986 4223 cruciﬁxus
3032 4179 3214 4227 autem
3260 4177 3365 4232 sub

1766 4230 1980 4295 Pontio
2010 4235 2223 4296 Pilato?
2252 4244 2334 4299 En
2387 4247 2489 4303 tibi
2544 4259 2599 4306 et
2644 4253 2860 4312 initium
2890 4258 3101 4317 dierum
3133 4273 3189 4321 et
3242 4269 3363 4325 vitae

1786 4322 1970 4384 ﬁnem.
2035 4328 2177 4397 Quid
2240 4334 2411 4407 igitur
2474 4340 2742 4404 faciemus
2795 4350 2845 4405 si
2896 4322 3361 4422 quisinﬁdelium

1786 4413 2123 4490 Scripturam
2155 4436 2399 4484 sanctam
2432 4430 2501 4488 de
2531 4434 2696 4493 dictis
2722 4443 3019 4501 contrariis
3066 4463 3360 4516 accusans,

1782 4507 2048 4565 rationem
2072 4527 2103 4566 a
2119 4515 2278 4573 nobis
2306 4518 2521 4592 exigat?
2536 4525 2925 4593 jubebimusne
2952 4551 3075 4590 eum
3102 4541 3358 4596 omnibus

1784 4597 2047 4657 credere?
2066 4600 2133 4656 Et
2154 4609 2281 4676 quis
2318 4625 2431 4666 non
2462 4614 2718 4673 resiliens
2742 4620 3014 4689 deriserit,
3034 4629 3234 4699 quippe
3261 4634 3354 4702 qui

1781 4689 1932 4744 nullo
1947 4692 2110 4749 modo
2138 4698 2312 4767 possit
2337 4716 2401 4755 ea
2429 4711 2685 4775 tanquam
2713 4709 2816 4765 ﬁde
2837 4713 3000 4784 digna
3028 4689 3352 4790 amplexari,

1778 4790 1899 4845 quae
1939 4778 2080 4835 inter
2113 4799 2173 4857 se
2193 4799 2458 4857 pugnant,
2488 4808 2587 4849 nec
2609 4778 2934 4856 solutionem
2966 4778 3354 4868 ullam-admit-

1778 4868 1934 4922 tunt?
1964 4868 2205 4928 Duorum
2237 4877 2381 4933 enim
2408 4886 2811 4944 contrariorum
2834 4892 3102 4950 dictorum
3127 4915 3352 4961 necesse

1772 4965 1858 5011 est
1887 4959 2115 5015 alterum
2149 4962 2405 5024 falsitatis
2436 4975 2707 5032 convinci.
2759 4979 2901 5047 Quid
2957 4990 3021 5040 ad
3071 4989 3174 5045 hoc
3202 4959 3353 5052 dice-

1773 5048 1934 5103 mus?
1968 5048 2113 5106 Num
2143 5062 2197 5109 et
2245 5073 2346 5113 nos
2387 5063 2560 5132 rogati
2592 5074 2651 5120 ut
2684 5070 2833 5124 nulla
2875 5073 3347 5140 demonstratione

1770 5136 2019 5206 probatis
2050 5142 2406 5217 inﬁrmisque
2453 5151 2836 5214 haereticorum
2888 5173 2981 5218 aut
3030 5165 3344 5228 Graecorum

1765 5227 2114 5299 dogmatibus
2142 5237 2454 5309 credamus,
2480 5244 2746 5314 ejusmodi
2774 5257 3132 5324 propositioni
3162 5277 3344 5320 assen-

1764 5320 1997 5376 tiemur?
2025 5321 2134 5380 Sed
2159 5332 2357 5400 apage!
2409 5350 2586 5407 neque
2628 5320 2790 5395 enim
2824 5320 3035 5412 nostra,
3082 5353 3128 5407 si
3168 5370 3277 5425 quo
3310 5374 3341 5412 a

1763 5416 1972 5471 sanctis
2004 5416 2151 5474 dicta
2186 5430 2318 5478 sunt
2345 5440 2507 5483 sensu
2546 5433 2904 5505 accipiantur,
2937 5442 3022 5497 vel
3057 5459 3167 5511 non
3206 5462 3340 5503 cou-

1760 5506 1960 5563 sistere
1995 5520 2251 5580 possunt,
2283 5518 2368 5571 vel
2407 5519 2512 5576 sibi
2546 5521 2650 5593 ipsi
2680 5537 2811 5582 sunt
2830 5506 3127 5591 contraria.
3179 5534 3337 5592 Dicta

1760 5604 1940 5651 autem
1983 5608 2114 5654 sunt
2145 5601 2235 5659 illa
2257 5607 2476 5673 quidem
2503 5614 2712 5673 ratione
2737 5620 2970 5699 cognitae
2992 5623 3154 5681 nobis
3184 5639 3338 5684 0co-

1763 5754 1785 5783 ⁸
1824 5748 2016 5808 Matth.
2053 5770 2133 5821 tt,
2172 5762 2220 5815 Ι.
