3976 6388
180 355 319 412 1593

953 353 1535 411 ΟΟΝΕΗΤᾹΤΙΟΝΕΒ
1573 355 2023 423 ρυΑιιυιιηΑΜ
2064 355 2647 421 PROPOSlTIONUM.

3228 387 3236 394 -
3289 361 3424 414 {31H

179 490 290 537 νον,
333 473 453 537 πῶς
481 473 582 526 οὐκ
612 471 832 545 ἐρρέθη,
864 473 945 526 δτι
1009 474 1072 527 Ἦ
1127 461 1263 547 σὰρξ
1298 475 1466 544 Λόγος
1517 475 1751 546 ἐγένετο,

1853 476 2071 546 quidem
2102 477 2401 532 discrimen
2445 474 2791 531 occuitabitis
2819 493 2832 530 :
2859 476 3078 546 quando
3129 477 3263 533 illud
3303 495 3420 548 qui-

182 565 298 621 ἀλλ’
337 582 356 616 t
405 565 466 618 '0
503 565 676 632 Λόγος
708 563 872 634 σάρξς
913 582 932 616 ι
962 564 1058 628 Τίς
1090 565 1146 618 δὲ
1172 565 1314 620 οὕτω
1348 565 1606 637 μεμηνὼς
1658 567 1753 619 καὶ

183 657 508 730 φρενοπλὴξ,
560 657 636 721 ὡς
679 657 946 728 τολμῆσαι
996 659 1168 712 εἰπεῖν
1215 658 1315 728 τὴν
1361 657 1511 713 Θείαν
1567 659 1753 712 ούσίαν

180 749 504 822 προσλαϐεῖν
537 748 703 820 ἄλλης
736 749 988 820 θεότητος
1008 751 1212 814 ούσίαν,
1245 751 1303 817 ἐξ
1324 751 1516 822 ἐτέρας
1541 750 1756 821 φύσεως

179 842 590 913 ἐπιγενομένην·
630 842 697 896 ἵν’
730 841 958 912 αὔξησιν
984 845 1372 914 παρασκευάσῃ
1405 843 1640 898 νοεῖσθαι
1667 843 1754 897 διὰ

180 935 276 1004 τῆς
326 930 586 1002 τοιαύτης
632 933 951 1004 προσθήκης
986 934 1080 987 τοῦ
1123 935 1262 988 κατά
1295 936 1454 1005 φύσιν
1475 934 1756 999 ἀνενδεοῦς

181 1024 273 1078 καὶ
288 1023 495 1078 τελείου
513 1023 671 1089 ς’Πῶς
701 1024 758 1077 δὲ
787 1026 836 1078 οἱ
865 1023 997 1078 θεῖοι
1025 1026 1173 1095 λόγοι
1201 1029 1294 1080 καὶ
1320 1027 1458 1098 μετά
1484 1027 1581 1097 τὴν
1599 1025 1756 1097 ξένην

181 1117 363 1170 ἄνοδον
397 1115 477 1169 ἔτι
500 1115 834 1187 κηρύσσουσι
871 1116 941 1170 τὰ
965 1117 1066 1188 τῆς
1099 1120 1300 1191 σαρκὸς
1323 1119 1664 1191 διαφέροντα,
1695 1119 1758 1172 τὸ

183 1207 345 1263 πάλιν
381 1207 574 1272 ἐλθεῖν,
607 1208 666 1260 τὸ
689 1208 829 1262 κατά
855 1208 946 1261 τὸν
978 1210 1137 1263 αὑτὸν
1163 1210 1492 1282 ὀφθήσεσθαι
1519 1213 1755 1284 τρόπον;

187 1299 254 1352 Ἢ
281 1299 510 1362 καὶτοῖς
558 1299 809 1368 ἀγγέλοις
841 1301 1058 1356 ἐναντία
1104 1302 1511 1374 νομοθετήσετε,
1539 1305 1652 1366 τοῖς
1680 1304 1759 1356 εί-

186 1390 376 1461 ρηκόσι
413 1391 616 1460 σαφῶς⁹
656 1411 675 1443 ‹
710 1384 876 1456 Οὗτος
917 1393 946 1445 ό
997 1391 1202 1464 Ἰησοῦς
1226 1394 1254 1445 ὁ
1291 1394 1619 1464 ἀναληφθεὶς
1660 1397 1755 1465 ἀφ’

183 1481 336 1552 ὑμῶν
381 1481 554 1547 οὓτως
593 1482 890 1548 ἐλεύσεται,
933 1483 991 1539 ὃν
1021 1485 1221 1556 τρόπον
1250 1485 1545 1540 ἐθεάσασθε
1597 1487 1755 1540 αὐτὸν

183 1574 548 1646 πορευόμενον
581 1577 659 1638 είς
685 1575 775 1628 τὸν
797 1577 1056 1648 ούρανόν;
1087 1593 1106 1628 t
1143 1577 1324 1630 Πάντα
1357 1578 1490 1645 πρὸς
1519 1577 1756 1649 ἔμφασιν

185 1667 407 1737 σαρκὸς,
434 1666 530 1720 νῦν
556 1666 654 1736 μὲν
674 1660 795 1732 ὧδε,
825 1668 921 1721 νῦν
940 1669 998 1722 δὲ
1025 1662 1125 1722 ὦδε
1146 1668 1520 1740 θεωρουμένῳο
1546 1669 1602 1722 ὃν
1625 1669 1754 1740 πρό-

181 1773 340 1826 τερον
365 1756 684 1822 ἐθεάσασθε,
729 1756 877 1810 τοῦτ’
913 1757 1025 1810 ἐστι
1048 1760 1157 1821 τοῖς
1186 1758 1286 1829 τῆς
1317 1759 1514 1830 σαρκὸς
1550 1760 1752 1830 ὀφθαλ-

1853 569 1984 624 dem
2005 576 2124 625 erat
2146 568 2213 624 ab
2241 567 2420 633 initio,
2450 566 2556 621 hoc
2584 567 2780 623 deinde
2816 566 3016 624 factum
3045 578 3162 625 est:
3196 579 3250 624 et
3290 571 3424 624 illud

1852 660 2070 730 quidem
2095 660 2367 716 invisibile
2395 669 2452 716 et
2491 661 2777 727 intactum,
2809 660 2865 715 in
2901 660 3173 716 inﬁnitum
3202 677 3266 717 ex
3302 662 3425 716 inti-

1853 753 1992 817 nito,
2023 752 2126 807 hoc
2153 767 2284 807 vero
2313 767 2379 807 ex
2411 753 2616 808 visibili
2644 761 2696 806 et
2724 752 3100 808 contrectabili
3121 792 3136 819 ,
3181 752 3240 807 in
3279 753 3424 808 invi-

1853 845 2016 900 sibile
2041 851 2096 899 et
2123 843 2369 900 intactile
2392 845 2631 900 transiit.
2659 843 2900 914 Denique
2923 845 3055 900 illud
3087 860 3319 916 prorsus
3340 853 3426 902 est

1854 935 2210 1000 immutabile,
2246 935 2349 989 hoc
2380 951 2475 1006 per
2514 936 2870 990 mutationem
2906 935 2973 991 ad
3003 936 3282 991 meliorem
3317 947 3426 991 sta-

1853 1034 1970 1081 tum
1996 1028 2162 1081 venit.
2193 1025 2396 1081 Deinde
2435 1027 2480 1082 si
2519 1028 2696 1081 solum
2723 1025 2961 1082 Verbum
3008 1037 3290 1093 remanet,
3328 1044 3429 1084 cur

1856 1134 1966 1174 non
1995 1118 2195 1172 dicitur
2226 1136 2241 1173 :
2268 1117 2408 1172 Caro
2437 1116 2674 1173 Verbum
2718 1117 2860 1171 facta
2913 1128 2997 1174 est
3021 1158 3036 1182 ,
3085 1119 3180 1175 sed
3217 1137 3236 1170 ι
3298 1119 3432 1175 Ver-

1857 1210 1985 1264 bum
2008 1223 2137 1264 caro
2161 1207 2362 1263 factum
2393 1217 2478 1264 est
2505 1209 2566 1261 '?
2607 1228 2625 1260 ι
2671 1208 2804 1275 Quis
2829 1209 2972 1264 enim
3009 1217 3119 1264 tam
3160 1211 3394 1265 insanus
3416 1251 3429 1269 .

1857 1309 1968 1356 tam
1991 1316 2178 1357 amens
2215 1309 2317 1366 est,
2346 1301 2440 1370 qui
2492 1314 2738 1356 asserere
2784 1299 3019 1364 audeat,
3056 1300 3429 1356 substantiam

1857 1394 2118 1459 divinam,
2141 1393 2281 1448 alius
2305 1391 2520 1447 deitatis
2549 1392 2912 1447 substantiam
2937 1434 2953 1460 ,
3007 1409 3074 1448 ex
3126 1393 3296 1448 altera
3330 1406 3428 1445 na-

1855 1494 1979 1541 tura
2010 1493 2332 1556 prognatam
2362 1523 2378 1548 ,
2429 1483 2830 1553 assumpsisse;
2863 1492 2922 1538 ut
2962 1499 3060 1554 per
3110 1483 3426 1553 hujusmodi

1857 1579 2286 1633 additamentum
2340 1576 2605 1633 indicaret
2649 1576 2951 1632 accessisse
2998 1575 3200 1645 aliquid
3248 1575 3296 1630 ei
3329 1577 3424 1645 qui

1856 1676 2051 1724 natura
2086 1683 2184 1723 sua
2213 1667 2418 1722 nullius
2458 1666 2709 1738 indigens
2737 1673 2844 1729 est,
2875 1674 2929 1720 et
2957 1662 3266 1734 perfectus?
3311 1662 3426 1716 Cur

1855 1776 1990 1816 vero
2029 1761 2223 1816 litterae
2268 1774 2438 1814 sacrae
2485 1760 2646 1814 etiam
2694 1765 2818 1828 post
2858 1755 3182 1828 stupendam
3232 1769 3426 1809 ascen-

187 1850 330 1917 μοῖς
351 1847 496 1918 ἅπερ
528 1849 556 1900 ὁ
580 1849 653 1920 μὴ
677 1848 960 1920 δεχόμενος
983 1848 1154 1913 οὕτως
1172 1849 1233 1902 ού
1265 1850 1421 1920 μόνον
1448 1853 1558 1915 τοῖς
1588 1853 1752 1920 ἀγγέ-

1859 1853 2065 1909 sionem
2086 1891 2104 1917 ,
2153 1850 2334 1906 carnis
2373 1864 2405 1904 a
2436 1850 2616 1905 Verbo
2646 1850 3055 1904 distinctionem
3086 1845 3420 1918 praedicant;

177 1937 296 2001 λοις
322 1937 570 2009 μάχεται,
601 1939 734 1992 ἀλλά
769 1941 862 1993 καὶ
888 1943 999 2005 τοῖς
1027 1939 1121 1994 τοῦ
1156 1941 1309 2010 ἁγίου
1341 1942 1652 2014 Πνεύματος
1676 1945 1752 1996 le-

184 2034 300 2101 ροῖς
356 2030 534 2099 λόγοις
588 2031 1051 2088 ἀντικαθίσταται.
1089 2032 1214 2096 Πῶς
1255 2034 1562 2104 ἐντυγχάνει
1614 2035 1754 2106 ὑπὲρ

179 2119 342 2191 ἡμῶν
359 2123 388 2174 ό
405 2123 680 2192 Δεσπότης
709 2123 972 2196 Χριστός;
999 2123 1076 2188 ὡς
1101 2124 1271 2193 Λόγος
1295 2125 1482 2195 μόνον;
1510 2125 1620 2178 Καὶ
1652 2124 1753 2178 ποῦ

175 2211 250 2264 τὰ
279 2211 380 2282 τῆς
408 2211 696 2283 ὁμοτιμίας
743 2215 836 2266 καὶ
870 2215 1026 2280 ἀξίας
1066 2215 1166 2285 τῆς
1197 2215 1333 2286 πρὸς
1375 2216 1465 2268 τὸν
1514 2216 1752 2287 Πατέρα,

177 2304 340 2375 εῐπερ
358 2305 698 2375 ἐντυγχάνων
728 2305 975 2377 καθάπερ
987 2307 1386 2378 ὑποδεέστερος,
1405 2311 1498 2362 καὶ
1522 2310 1581 2362 οὐ
1621 2309 1755 2378 μετὰ

178 2396 470 2460 αὑθεντίας
511 2399 742 2469 ἐνεργεῖ,
781 2397 894 2450 ἴσον
929 2397 1068 2468 έχων
1094 2398 1156 2450 τὸ
1199 2399 1640 2469 παντοδύναμονς
1683 2401 1753 2452 Ἦ

173 2487 422 2560 δηλονότι
438 2488 536 2557 τῆς
553 2489 802 2559 ἀπαρχῆς
829 2490 888 2542 τὸ
914 2489 1256 2560 ἐντυγχάνειν
1286 2491 1423 2562 ὑπὲρ
1445 2491 1536 2545 τοῦ
1556 2491 1753 2544 οἰκείου

174 2581 520 2652 φυράματος,
549 2581 635 2634 ἵνα
663 2581 832 2655 δείξῃ,
850 2583 988 2654 πόση
1012 2582 1138 2654 περὶ
1169 2583 1267 2654 τὴν
1295 2583 1395 2653 τῆς
1420 2583 1616 2654 σαρκὸς
1652 2585 1754 2653 φύ-

176 2686 257 2722 σιν
295 2672 332 2740 ή
388 2669 592 2740 σχέσις.
621 2669 754 2723 Τίνα
811 2671 868 2724 δέ
897 2671 996 2725 οὐκ
1035 2672 1283 2742 ἐντρέπει
1337 2671 1428 2725 τοῦ
1480 2673 1754 2742 πανσόφου

174 2763 394 2817 Παύλου
427 2763 488 2816 τὺ
519 2763 848 2834 τρανότατον
878 2766 1159 2836 κήρυγμα.
1182 2767 1262 2818 ὅτι
1297 2785 1315 2818 ι
1354 2767 1494 2830 Τοὺς
1535 2767 1754 2838 χρόνους

173 2853 272 2923 τῆς
294 2853 522 2922 ἀγνοίας
548 2853 814 2926 ὑπεριδὼν
840 2857 870 2909 ό
897 2855 1048 2920 Θεὸς,
1079 2858 1446 2928 παραγγέλλει
1479 2861 1609 2912 πᾶσι
1631 2875 1756 2910 παν·

171 2943 346 3016 ταχοῦ
367 2950 665 3016 μετανοεῖν,
698 2947 885 3001 καθότι
911 2946 1135 3018 ἔστησεν
1161 2951 1395 3021 ἡμέραν,
1427 2953 1484 3004 ἐν
1573 2949 1752 3020 μέλλει

172 3039 384 3108 κρίνειν
414 3037 516 3110 τὴν
570 3038 908 3110 οἰκουμένην,
951 3039 1010 3092 ἐν
1039 3039 1370 3112 δικαιοσύνῃ,
1413 3043 1471 3094 ἐν
1506 3042 1677 3113 ἀνδρὶ,
1708 3035 1752 3108 ᾧ

171 3127 367 3198 ὥρισε,
399 3127 582 3182 πίστιν
612 3129 909 3202 παρασχὼν
947 3132 1133 3196 πᾶσιν,
1162 3132 1470 3202 ἀναστήσας
1499 3132 1658 3185 αὐτὸν
1689 3133 1752 3185 ἐκ

169 3218 420 3292 νεκρῶν;
444 3239 461 3271 ι
499 3219 586 3292 Μὴ
607 3221 872 3293 ἀνῄρηται
898 3225 930 3292 ὴ
961 3221 1221 3294 διαφοράς
1244 3223 1333 3293 Μὴ
1367 3224 1462 3276 οὐκ
1483 3219 1604 3276 εἷπε
1621 3224 1752 3278 Θεὸν

169 3309 227 3361 ἐν
258 3309 452 3380 ἀνδρες
482 3310 556 3380 μὴ
585 3311 684 3363 οὐκ
731 3311 897 3377 ἔδειξε
923 3311 1013 3365 τὸν
1049 3310 1330 3381 ἐγείροντα
1361 3311 1492 3364 Θεὸν
1519 3312 1613 3366 κατ⁸
1662 3313 1752 3366 τὸν

167 3399 483 3454 ἀναστάντα
511 3399 714 3472 ἀνδρα;
761 3401 897 3456 Ἀλλ’
929 3405 978 3456 εί
995 3404 1087 3456 καὶ
1110 3403 1170 3456 τὸ
1191 3402 1444 3474 διάφορον
1473 3401 1662 3467 ἔδειξε,
1693 3403 1754 3456 τὸ

168 3493 478 3566 ἀχώριστον
503 3495 564 3547 ού
591 3495 904 3567 παρέλιπεν.
939 3497 1012 3550 Ού
1036 3496 1144 3569 γὰρ
1175 3492 1295 3550 εἷπε
1324 3495 1454 3549 Θεὸν
1491 3496 1628 3566 μετά
1655 3497 1751 3551 ἀνι

165 3583 315 3655 δρὸς,
353 3585 491 3639 ἀλλά
528 3586 659 3640 Θεὸν
691 3589 749 3639 ἐν
779 3587 951 3657 ἀνδρί.
995 3569 1122 3652 Πῶς
1155 3589 1210 3642 δὲ
1233 3588 1498 3659 νοήσομεν
1529 3588 1624 3642 και
1667 3589 1749 3654 τδ,

171 3691 190 3725 ι
223 3674 494 3744 Ὄψονται
519 3677 598 3739 είς
627 3675 685 3728 δν
714 3677 1090 3748 ἐξεκέντησαν,
1132 3697 1152 3730 ›
1185 3678 1234 3731 εί
1270 3678 1344 3749 μὴ
1370 3677 1470 3747 τῆς
1499 3678 1748 3750 σαρκὺςὴ

165 3764 357 3834 φύσις,
387 3765 421 3836 ἡ
450 3763 716 3839 δεξαμένη
741 3769 866 3832 τοὺς
905 3769 1087 3839 ἥλους,
1121 3769 1256 3841 αὑτὴ
1288 3768 1472 3838 σαφῶς
1498 3769 1750 3842 ἀποδείξῃ

162 3859 291 3922 τοὺς
337 3857 571 3923 τύπους;
603 3859 677 3912 Ού
707 3860 815 3930 γὰρ
851 3860 1100 3932 θεότητος
1129 3862 1341 3933 οὐσίαὴ
1376 3861 1604 3934 ἀόρατος
1657 3864 1752 3918 καὶ

162 3952 457 4020 ἀνεπαφὴς
485 3951 604 4022 ἴχνη
630 3952 841 4008 πολλῶν
866 3955 945 4017 είς
960 3952 1178 4025 ἔλεγχον
1200 3955 1551 4025 ἐπιφέρεσθαι
1580 3956 1750 4028 ἦμελ-

164 4043 275 4097 λεν·
295 4044 419 4097 ἀλλ’
447 4045 480 4113 ἡ
502 4046 567 4098 ἐκ
597 4045 692 4098 τοῦ
721 4045 966 4118 παθητοῦ
990 4047 1179 4116 γένους
1202 4047 1467 4119 ληφθεῖσα
1503 4047 1603 4120 τὴν
1643 4049 1750 4103 τῶν

161 4136 522 4207 ἠσεϐηκότων
551 4137 1134 4211 ἐλέγξειπαρανομίαν,
1163 4139 1448 4212 γνωρίζειν
1481 4141 1748 4195 συνωθου-

167 4229 346 4298 μένων
381 4233 442 4283 ἐν
469 4233 536 4302 τῇ
567 4232 834 4305 τρωθείσῃ
881 4236 1044 4306 σαρκὶ
1089 4233 1158 4287 τὰ
1185 4237 1362 4289 οἰκεῖα
1403 4234 1746 4306 τολμήματα.

162 4319 321 4375 Οὕτω
349 4321 621 4377 δέδεικται
649 4324 743 4376 καὶ
780 4325 848 4379 τά
884 4324 1148 4396 ἰδιώματα
1180 4326 1288 4380 τῶν
1321 4326 1534 4395 φύσεων
1563 4326 1749 4396 διαφέ-

165 4430 352 4484 ροντα,
383 4415 481 4467 καὶ
503 4413 564 4468 τὸ
582 4415 772 4488 κέρδος
797 4417 900 4488 τῆς
931 4417 1394 4490 ἐνανθρωπήσεως
1427 4419 1750 4491 ἀναντίρρη-

1853 1945 2035 2015 qualia
2069 1951 2217 2008 sunt,
2252 1957 2470 1999 rursum
2499 1941 2823 2002 rediturum,
2855 1941 2982 1995 item
3027 1939 3202 1994 visum
3231 1938 3296 1992 iri
3325 1953 3422 1993 eo-

1853 2038 1975 2092 dem
2002 2051 2110 2107 quo
2143 2045 2301 2090 antea
2335 2034 2514 2089 modo.
2540 2033 2624 2086 An
2653 2049 2750 2088 vos
2779 2031 3058 2087 contraria
3102 2031 3421 2101 angelorum

1854 2128 2018 2184 dictis
2051 2126 2348 2183 sancietis?
2398 2125 2492 2197 qui
2526 2133 2712 2195 aperte
2765 2124 2998 2178 dixere:
3037 2140 3055 2172 ι
3115 2119 3215 2175 Hic
3261 2119 3420 2175 Jesus

1853 2220 1946 2292 qui
1981 2226 2296 2289 assumptus
2322 2227 2404 2272 est
2429 2232 2460 2270 a
2489 2217 2645 2272 vobis
2695 2216 2750 2269 in
2783 2215 2981 2269 coelum
3009 2253 3024 2277 ,
3085 2213 3165 2266 sic
3197 2212 3375 2266 veniet
3403 2251 3418 2274 ,

1853 2310 2310 2381 quemadmodum
2338 2306 2554 2363 vidistis
2586 2322 2710 2363 eum
2757 2311 2976 2360 euntem
3012 2304 3068 2358 in
3093 2304 3290 2358 cmlum
3314 2303 3357 2357 ⁷.
3396 2321 3415 2354 ι

1853 2399 2047 2456 Omnia
2107 2399 2175 2452 ad
2229 2397 2640 2470 signiﬁcandam
2699 2411 2920 2450 carnem
2972 2395 3092 2464 ejus
3137 2394 3232 2464 qui
3273 2409 3421 2448 nunc

1852 2493 2071 2564 quidem
2102 2492 2219 2556 hic,
2257 2506 2406 2546 nunc
2437 2505 2567 2545 vero
2595 2489 2685 2543 hic
2712 2487 2864 2544 visus
2906 2492 2991 2543 est
3021 2505 3036 2540 :
3069 2500 3229 2556 quem
3270 2485 3421 2556 prius

1853 2585 2086 2650 vidistis,
2119 2583 2302 2640 carnis
2341 2583 2591 2639 videlicet
2618 2581 2812 2637 oculis.
2859 2578 2989 2646 Quae
3019 2580 3110 2650 qui
3141 2578 3246 2633 hoc
3294 2593 3422 2633 sen-

1855 2691 1917 2730 su
1955 2689 2064 2728 non
2103 2673 2324 2743 accipit,
2356 2672 2403 2728 is
2433 2686 2542 2726 non
2581 2671 2787 2740 angelis
2833 2670 3009 2724 solum
3057 2667 3418 2729 adversatur,

1854 2767 1950 2822 sed
1998 2768 2172 2822 sacris
2201 2765 2363 2822 etiam
2407 2763 2648 2835 Spiritus
2679 2762 2854 2818 sancti
2895 2762 3079 2816 verbis
3129 2767 3417 2830 repugnat.

1854 2855 2138 2922 Quomodo
2164 2855 2434 2926 supplicat
2471 2855 2632 2926 515
2661 2870 2760 2924 pro
2783 2853 2951 2908 nobis
2976 2852 3239 2908 Dominus
3263 2852 3422 2907 Chri—

1853 2950 2012 3006 stus?
2038 2950 2282 3019 nunquid
2315 2957 2376 3004 ut
2407 2947 2640 3004 Verbum
2683 2947 2937 3002 tantum?
2966 2945 3069 3002 Ubi
3104 2946 3272 3016 igitur
3322 2960 3422 3016 par

1852 3042 1972 3112 ejus
1998 3055 2120 3096 cum
2174 3039 2338 3094 Patre
2385 3039 2560 3094 honor
2609 3047 2664 3095 et
2711 3039 3008 3110 majestas;
3066 3035 3333 3107 siquidem
3373 3037 3422 3091 is

1855 3134 2130 3204 supplicat
2169 3143 2227 3188 ut
2270 3131 2598 3204 indigentior
2625 3175 2641 3197 ,
2691 3146 2799 3186 non
2831 3138 2891 3186 ut
2921 3130 3184 3202 mqualem
3215 3129 3420 3183 habens

1852 3225 2327 3295 omnipotentiam,
2354 3239 2477 3279 cum
2523 3223 2848 3280 auctoritate
2873 3220 3192 3294 'operatur?
3243 3219 3418 3274 Nimi-

1853 3333 1972 3372 rum
2003 3319 2085 3373 sic
2120 3318 2222 3372 hoc
2253 3316 2626 3386 accipiendum
2659 3323 2763 3379 est,
2795 3315 3066 3388 primitias
3084 3311 3421 3368 intercedere

1849 3423 1950 3479 pro
1991 3422 2182 3462 massa
2201 3407 2445 3477 prepria,
2475 3412 2536 3459 ut
2579 3405 2869 3460 ostendant
2919 3412 3124 3475 quanta
3165 3410 3417 3457 naturam

1851 3501 2034 3557 carnis
2068 3499 2469 3555 necessitudine
2491 3497 2779 3566 attingant.
2812 3498 2982 3563 Quem
3011 3510 3144 3550 vero
3173 3510 3282 3549 non
3313 3509 3420 3562 pu-

1850 3594 1983 3649 dore
2043 3591 2321 3648 suﬂ‘undat
2378 3591 2470 3644 illa
2531 3587 2921 3657 sapientissimi
2975 3586 3130 3641 Pauli
3183 3586 3420 3639 maxime

1850 3683 2138 3755 perspicua
2161 3680 2515 3753 praedicatio?
2541 3679 2687 3750 quod
2717 3697 2736 3730 ι
2785 3686 3029 3747 tempora
3076 3677 3240 3744 hujus
3267 3674 3420 3743 igno-

1850 3779 2043 3833 rantiae
2074 3775 2383 3846 despiciens
2410 3772 2576 3836 Deus,
2601 3786 2750 3825 nunc
2785 3768 3074 3824 annuntiat
3101 3766 3418 3822 hominibus

1850 3879 1910 3926 ut
1932 3883 2122 3924 omnes
2153 3867 2353 3936 ubique
2382 3863 2757 3934 pmnitentiam
2805 3869 2984 3930 agant,
3011 3873 3078 3914 eo
3123 3856 3268 3926 quod
3305 3865 3420 3910 sta-

1849 3962 1954 4016 tuit
1973 3961 2140 4022 diem,
2165 3959 2220 4012 in
2237 3972 2346 4028 quo
2370 3956 2718 4027 judicaturus
2747 3960 2830 4010 est
2853 3951 3042 4007 orbem
3066 3950 3121 4004 in
3139 3947 3415 4018 aequitate,

1851 4055 1907 4110 in
1939 4055 2058 4109 viro
2088 4052 2143 4107 in
2176 4065 2286 4121 quo
2333 4047 2553 4110 statuit,
2617 4045 2774 4101 [idem
2825 4042 3072 4114 praebens
3127 4038 3416 4100 omnibus,

1850 4144 2126 4202 suscitans
2151 4155 2275 4197 eum
2317 4153 2348 4193 a
2384 4137 2619 4194 mortuis
2652 4137 2694 4191 ⁸.
2732 4155 2751 4189 ι
2790 4131 3045 4204 Nunquid
3080 4130 3295 4186 sublata
3335 4136 3421 4184 est

1849 4235 2194 4294 dil'lerentia?
2225 4232 2421 4288 Annon
2473 4230 2648 4294 dixit,
2691 4221 2865 4283 Deum
2919 4225 2976 4280 in
3020 4222 3177 4278 viro?
3225 4221 3420 4276 Annon

1848 4329 2088 4388 ostendit
2123 4326 2476 4383 suscitantem
2510 4323 2676 4380 Deum
2711 4328 2766 4378 et
2795 4325 3169 4388 resurgentem
3204 4313 3422 4368 virum?

1847 4431 2159 4490 quanquam
2196 4422 2379 4470 autem
2421 4412 2750 4469 ostendisset
2779 4408 3160 4471 differentiam,
3203 4404 3423 4474 insepa-

158 4523 272 4571 τον,
308 4507 412 4560 καὶ
439 4507 498 4559 τὺ
531 4507 868 4579 ἐπιχείρημα
908 4507 1015 4562 τῶν
1049 4509 1435 4578 ἀντιλεγόντων
1459 4510 1746 4581 ἀναίσχυν-

1852 4507 2178 4563 rabilitatem
2205 4511 2388 4560 tamen
2410 4518 2520 4558 non
2557 4499 2839 4570 praeteriit.
2865 4497 3052 4568 Neque
3083 4496 3228 4551 enim
3258 4493 3416 4555 dixit,

159 4613 272 4659 τον.
310 4599 414 4653 καὶ
433 4598 495 4652 τὸ
508 4598 728 4654 δυνατὸν
756 4601 858 4670 τῆς
880 4600 1138 4670 ἀληθείας
1165 4601 1608 4671 ἀκαταμάχητον.

1852 4599 2024 4656 Deum
2057 4613 2182 4652 cum
2213 4597 2354 4660 viro,
2382 4594 2475 4651 sed
2511 4593 2682 4649 Deum
2707 4591 2765 4645 in
2790 4590 2911 4644 viro
2937 4593 2958 4612 '
2991 4601 3208 4642 rursum
3239 4591 3293 4638 et
3325 4597 3421 4651 per

158 4691 366 4746 virum.
403 4689 691 4756 Quomodo
724 4691 1089 4760 intelligemus
1136 4698 1190 4746 et
1237 4691 1372 4746 hoc?
1405 4711 1423 4743 ι
1454 4691 1736 4759 videbunt,
1767 4692 1819 4747 in
1862 4706 2026 4762 quem
2079 4688 2474 4745 transﬂxerunt
2499 4686 2546 4750 ’,
2579 4703 2598 4737 ι
2632 4684 2739 4738 nisi
2789 4682 2908 4751 ipsa
2974 4685 3168 4732 natura
3211 4673 3416 4740 carnis,

160 4801 283 4853 quae
314 4787 510 4841 clavos
542 4786 734 4850 sensit,
768 4785 999 4856 vestigia
1026 4801 1215 4841 eorum
1263 4786 1410 4840 clare
1441 4787 1513 4841 sit
1542 4785 1885 4842 indicatura?
1932 4786 2050 4840 Non
2109 4783 2254 4840 enim
2322 4780 2536 4837 deitatis
2588 4787 2818 4840 natura,
2865 4782 2926 4828 ut
2963 4772 3120 4827 multi
3187 4768 3414 4824 convin-

158 4860 387 4941 cantur,
416 4875 647 4946 vestigia
697 4876 975 4931 clavorum
1019 4876 1409 4930 circumlatura
1441 4884 1562 4941 est,
1594 4891 1719 4930 cum
1749 4876 2042 4931 invisibilis
2071 4884 2125 4929 et
2181 4870 2446 4927 intactilis
2483 4869 2556 4924 sit
2602 4887 2615 4922 :
2683 4866 2776 4920 sed
2818 4881 2938 4935 qua:
2977 4880 3044 4918 ex
3084 4875 3279 4932 genere
3317 4873 3415 4927 pa-

159 4970 304 5024 tibili
340 4974 632 5038 assumpta
670 4975 754 5024 est
811 4975 1006 5023 natura
1038 5008 1053 5032 ,
1105 4969 1194 5023 illa
1234 4967 1523 5039 impiorum
1575 4969 2068 5040 transgressionem
2102 4965 2413 5034 redarguet,
2480 4960 2572 5030 qui
2624 4973 2778 5015 suam
2828 4955 3108 5010 audaciam
3179 4953 3232 5006 in
3295 4948 3419 5002 vul-

157 5069 359 5116 nerata
424 5074 594 5115 carne
651 5060 958 5132 prodidere.
1019 5060 1110 5116 Sic
1151 5061 1316 5132 igitur
1355 5067 1409 5116 et
1457 5059 1751 5116 distinctas
1813 5069 2136 5115 naturarum
2198 5055 2596 5128 proprietates,
2635 5061 2691 5108 et
2740 5045 3136 5104 incarnationis
3191 5043 3416 5098 minime

155 5153 367 5217 dubios
434 5151 682 5222 fructus,
757 5158 812 5210 et
879 5152 1220 5225 impudentes
1271 5151 1706 5208 adversariorum
1753 5159 2020 5219 conatus,
2085 5158 2142 5206 et
2206 5145 2684 5221 inexpugnabilem
2741 5139 2990 5198 veritatis
3058 5136 3169 5192 vim
3229 5139 3418 5191 θειω-

155 5244 371 5300 dimus.

229 5398 252 5429 ‘
287 5399 461 5456 Joan.
500 5412 519 5454 ι
589 5397 675 5454 l-l.
751 5399 771 5430 ⁷
809 5399 910 5454 Act
1058 5400 1139 5454 ll.
1216 5401 1234 5430 ⁸
1277 5398 1397 5452 Act.
1440 5411 1584 5462 xvu,
1619 5395 1719 5457 30,
1755 5395 1844 5450 5|.
1924 5394 1944 5424 ’
1984 5389 2142 5448 J-oan.
2181 5405 2302 5455 xix,
2345 5387 2436 5443 57.

1774 5623 1850 5642 ﬁ
