3976 6388
583 320 724 381 {395

1701 325 1758 378 S.
1803 323 2264 383 ATHA-NASIL'S.
2303 359 2367 367 —
2414 326 2685 386 SPURIA.

3679 312 3817 392 ‘1396

1236 622 1302 676 IN
1343 615 1740 690 SEQUENTIA
1779 626 2152 685 OPUSCULA
2191 630 2282 686 ET
2320 631 2746 686 FRAGMENTA
2785 631 3182 690 ADMONITIO.

653 783 784 849 Qua:
809 792 1097 852 sequuntur
1126 799 1191 838 ea:
1233 783 1505 839 Vaticanis
1540 785 1810 843 codicibus
1842 785 2012 842 Roma
2053 805 2086 841 a
2132 789 2390 858 fratribus
2444 792 2642 844 nostris
2675 791 2990 844 transmissa
3029 790 3176 843 nobis
3209 799 3353 851 sunt,
3405 791 3729 844 exscribentc
3751 791 3808 847 υ.

577 875 789 930 Joanne
818 875 1040 940 Guillot,
1077 878 1166 947 qui
1200 879 1377 931 omnia
1407 880 1589 935 istharc
1616 890 1862 936 accurate
1885 881 2114 952 collegit,
2150 899 2350 952 suaque
2379 900 2538 936 manu
2569 882 2844 945 exaravit;
2866 882 3046 953 νοθείᾳ
3085 899 3240 950 porro
3273 883 3526 936 laborare
3551 900 3696 937 nemo
3727 902 3811 938 non

579 965 738 1029 videt,
765 983 856 1020 nec
886 976 963 1020 est
987 983 1049 1019 ea
1071 968 1124 1019 in
1147 983 1202 1020 re
1231 967 1504 1034 probanda
1540 969 1912 1024 insistendum.
1937 967 2210 1026 Prodeunt
2233 985 2408 1026 autem
2438 989 2502 1026 ea:
2529 975 2646 1027 cod.
2680 991 2780 1027 ms.
2807 971 2974 1027 Gra’c.
2999 971 3324 1026 bibliothecae
3358 972 3636 1026 Vaticana
3662 973 3708 1025 in
3729 973 3809 1040 fol.

576 1073 722 1112 num.
753 1057 878 1122 850,
917 1057 1143 1127 eleganti
1173 1056 1308 1109 satis
1342 1067 1392 1110 et
1434 1057 1672 1128 diligenti
1710 1075 1871 1113 manu
1905 1069 2127 1114 exarata
2163 1061 2215 1114 in
2251 1061 2438 1114 charta
2463 1077 2759 1132 papyracea
2782 1077 2801 1116 :
2833 1063 2925 1132 qui
2945 1079 3046 1115 non
3079 1061 3284 1115 excedit
3324 1079 3499 1116 annos
3527 1061 3659 1117 200.

2163 1205 2229 1217 ,—

1668 1287 1806 1339 ΤΟΥ
1844 1291 1933 1344 EN
1965 1291 2188 1343 ᾹΓΙΟΙΣ
2220 1290 2488 1344 ΠΑΤΡΟΣ
2518 1291 2712 1343 ΗΜΩΝ

1881 1452 2520 1542 ΑΘΑΝΑΣΙΟΥ

947 1639 1102 1706 Πρός
1126 1654 1255 1692 τινα
1279 1638 1612 1700 πολιτικὸν,
1647 1639 1962 1705 σύνταγμα
1989 1635 2150 1689 πάνυ
2180 1633 2654 1703 ὠφελιμώτατον,
2689 1633 2783 1686 καὶ
2815 1635 2971 1688 πολὺ
3011 1633 3458 1703 ὠφελέστατον.

1604 1876 1698 1964 S.
1777 1877 1883 1962 P.
1945 1874 2062 1960 N.
2118 1871 2767 1962 ATHANASII

1487 2052 1563 2108 Ad
1590 2052 1868 2122 quemdam
1903 2051 2182 2104 Politicum
2218 2058 2495 2120 syntagma
2525 2047 2887 2102 utilissimum.

647 2257 696 2312 Ι.
737 2255 1212 2328 Quandoquidem.
1247 2257 1526 2328 ingeniose
1578 2258 1776 2322 homo,
1822 2275 2136 2330 summeque

2318 2257 2368 2310 1.
2405 2254 2620 2325 Ἐπειδή
2639 2271 2720 2307 σοι
2745 2249 2822 2323 τῷ
2849 2251 3136 2324 περιδεξίῳ
3164 2270 3258 2308 και
3287 2253 3700 2326 μεγαλεπιὸόλῳ
3722 2251 3808 2325 τῆς

568 2347 902 2402 naturalium
933 2363 1118 2402 rerum
1142 2347 1478 2417 explorator,
1501 2351 1771 2419 acquisita
1804 2350 2010 2405 bellica:
2049 2366 2142 2404 ιιι-α

569 2437 642 2492 tis
671 2437 1017 2508 cognitione,
1068 2446 1432 2509 susceptaque
1464 2440 1805 2509 polilicarum
1836 2456 2016 2495 rerum
2049 2456 2143 2496 ac-

569 2535 762 2580 curata
819 2527 1032 2592 notitia,
1081 2529 1426 2584 sacerdotum
1461 2540 1641 2586 tamen
1674 2532 1888 2601 eloquia
1921 2533 2144 2587 minime

569 2618 798 2689 negligis
826 2619 910 2674 vel
938 2621 1153 2690 respuis
1183 2639 1196 2686 ;
1243 2621 1352 2676 imo
1385 2631 1539 2677 tanto
1569 2623 1636 2677 iis
1671 2624 1856 2678 studio
1887 2624 1985 2679 das
2013 2639 2144 2694 ope-

570 2725 710 2774 ram,
745 2719 804 2764 ut
829 2711 1172 2782 plerumque,
1205 2711 1332 2765 dum
1367 2714 1857 2782 corporialimenta
1893 2714 2099 2782 praebes
2125 2753 2139 2777 ,

569 2800 804 2854 animam
849 2816 880 2854 a
931 2802 1055 2857 cibo
1097 2803 1398 2857 litterarum
1442 2805 1665 2859 minime
1698 2805 1988 2870 cohibeas;
2047 2805 2140 2858 sed

566 2906 709 2955 eam,
732 2907 833 2948 ceu
862 2893 1098 2963 quodam
1126 2894 1313 2949 divino
1345 2896 1477 2961 sale,
1510 2895 1734 2950 Patrum
1776 2897 2059 2951 sententiis
2087 2905 2141 2951 et

569 2986 862 3055 colloquiis
897 2987 950 3040 in
996 2986 1112 3056 ipsa
1158 3003 1344 3041 mensa
1397 2989 1654 3044 admissis
1699 2989 1921 3056 foveas;
1966 2991 2096 3043 illud
2123 3033 2137 3056 ,

568 3074 813 3144 inquam,
852 3075 906 3128 in
943 3091 1106 3130 causa
1138 3076 1270 3128 mihi
1302 3076 1423 3137 fuit,
1455 3085 1514 3130 ut
1544 3093 1714 3146 pauca
1737 3118 1752 3142 ,
1815 3079 1908 3134 sed
1959 3082 2138 3135 utilis—

569 3165 729 3229 sima,
764 3168 820 3219 in
853 3166 1237 3235 compendium
1284 3182 1314 3220 a
1355 3183 1442 3223 me
1490 3170 1731 3234 redacta,
1787 3187 1853 3226 ex
1911 3173 2139 3228 lectione

566 3255 1006 3312 Christianorum
1041 3258 1286 3312 omnium
1314 3267 1597 3314 auctorum
1619 3304 1634 3327 ,
1683 3264 2026 3335 maximeque
2052 3282 2139 3321 eo-

568 3362 688 3401 rum
726 3347 818 3416 qui
861 3348 991 3412 vita,
1024 3349 1363 3414 eruditione,
1401 3352 1683 3409 nobilitate
1709 3395 1723 3418 ,
1777 3363 1831 3410 et
1879 3357 2137 3427 dignitate

565 3439 936 3508 praecelluere,
956 3440 1122 3495 veluti
1145 3441 1348 3496 donum
1380 3443 1672 3513 quoddam,
1704 3446 1825 3512 tibi,
1864 3463 1897 3502 ο
1929 3449 2136 3504 amico-

565 3545 685 3584 rum
713 3531 936 3600 optime,
969 3531 1090 3586 viro
1126 3532 1374 3589 lectionis
1405 3537 1652 3592 studioso
1678 3554 1742 3592 ac
1772 3541 2026 3611 religioso
2059 3541 2139 3598 of-

565 3619 762 3677 ferrem
790 3661 806 3686 ,
856 3623 959 3678 hoc
1007 3624 1216 3680 scilicet
1249 3635 1530 3698 syntagma
1586 3646 1764 3685 meum
1791 3671 1807 3696 ,
1863 3633 2030 3688 variis
2071 3651 2136 3690 ex
2171 3605 2211 3659 Β

563 3709 817 3769 Patribus
883 3722 938 3770 et
996 3733 1061 3773 ex
1128 3719 1330 3775 auditis
1378 3722 1724 3777 sermonibus
1783 3723 2134 3794 decerptum,

563 3805 709 3860 unde
741 3822 851 3861 non
887 3809 1189 3879 spernenda
1225 3811 1473 3866 doctrina
1504 3821 1559 3867 et
1592 3815 1784 3868 notitia
1831 3817 2136 3885 legentibus

562 3897 829 3952 accedat:
866 3901 1134 3956 rationem
1164 3903 1311 3957 enim
1349 3911 1403 3959 et
1456 3921 1564 3960 una
1605 3906 1926 3964 divisionem
1960 3911 2136 3965 conti-

560 3997 655 4044 net
701 3990 934 4060 triplicis
975 3993 1170 4049 animaa
1210 4004 1412 4051 nostrae
1441 3998 1647 4067 partis;
1706 3999 1974 4071 docetque
2027 4018 2136 4075 quo

561 4091 724 4148 pacto
745 4097 936 4138 omnes
966 4101 1282 4141 moveamur
1305 4087 1464 4159 515
1487 4089 1758 4156 homines,
1787 4102 1842 4148 et
1861 4095 2134 4163 quomodo

561 4171 629 4225 ad
658 4174 910 4238 salutem,
946 4178 1030 4231 vel
1059 4179 1127 4232 ad
1171 4179 1465 4247 perniciem
1517 4182 1878 4253 impellamur.
1936 4183 2134 4242 Delinit

563 4271 744 4319 autem
771 4267 1155 4337 cogitationes,
1197 4271 1396 4340 quibus
1434 4275 1665 4342 quodvis
1697 4285 1980 4346 peccatum
2003 4295 2135 4333 con-

564 4364 891 4412 summatur.
920 4358 1211 4432 Distinguit
1237 4365 1362 4419 item
1405 4367 1691 4436 passiones
1718 4376 1938 4425 nostras
1967 4412 1983 4436 ,
2034 4371 2134 4424 do-

561 4460 693 4502 cens
725 4463 975 4517 quzenam
1007 4453 1219 4516 animae,
1251 4471 1499 4525 quaenam
1550 4459 1799 4527 corporis
1831 4461 1962 4514 sint.
2023 4459 2130 4513 Ex-

561 4537 688 4591 inde
718 4554 848 4595 vero
884 4540 1127 4597 declarat
1156 4547 1337 4601 varios
1387 4547 1479 4602 Dei
1533 4547 1888 4619 providentia:
1915 4550 2130 4605 modos.

559 4627 698 4684 llinc
726 4629 793 4685 de
817 4631 988 4688 libero
1012 4633 1248 4692 hominis
1278 4638 1507 4693 arbitrio
1535 4640 1777 4702 disserit,
1807 4640 1985 4710 deque
2032 4658 2129 4696 no-

557 4725 675 4773 stro
712 4721 767 4774 in
808 4722 972 4777 rebus
1012 4726 1237 4794 agendis
1288 4728 1484 4785 abusu.
1526 4729 1862 4800 Compendio
1913 4732 2130 4787 exhibet

558 4812 717 4867 iidem
779 4815 836 4869 in
900 4828 1143 4873 sanctam
1205 4828 1259 4876 et
1302 4822 1513 4878 beatam
1567 4824 1910 4880 Trinitatem.
1964 4824 2130 4881 Docet

451 4945 454 4950 .
553 4902 686 4972 quid
714 4904 782 4960 de
816 4904 1029 4963 Domini
1063 4911 1437 4969 incarnatione
1457 4955 1473 4979 ,
1515 4915 1583 4971 de
1609 4917 1927 4972 discrimine
1956 4917 2125 4971 virtu-
2153 4940 2196 4998 ο

552 5005 690 5060 tum.
718 4998 786 5054 de
811 5000 1142 5060 discretione
1185 5013 1397 5062 naturae
1442 5024 1621 5063 rerum
1666 5009 1998 5064 credendum
2033 5011 2123 5064 sit.

553 5087 678 5144 Uno
712 5093 900 5157 verbo,
931 5102 1015 5150 est
1043 5112 1141 5151 ceu
1168 5100 1558 5170 compendiosa
1597 5102 1839 5172 cognitio
1870 5110 2123 5159 nostrum

552 5198 818 5252 ipsorum,
850 5203 952 5242 nec
980 5205 1089 5243 non
1120 5202 1328 5248 natura
1353 5203 1555 5250 nostra:
1578 5203 1740 5265 atque
1782 5195 1926 5251 fidei.
1967 5196 2124 5262 Quod

548 5279 877 5344 opusculum
898 5279 1024 5334 dum
1049 5283 1426 5349 circumferes,
1453 5293 1617 5353 atque
1653 5295 1908 5340 accurate
1939 5287 2086 5356 leges
2108 5325 2122 5347 ,

547 5384 612 5422 ex
635 5385 812 5440 eoque
835 5373 1122 5429 utilitatem
1152 5378 1456 5447 percipies,
1497 5395 1605 5433 non
1635 5379 1981 5445 obliviscere,
2019 5378 2123 5434 hoc

548 5457 686 5514 bene
715 5462 866 5526 novi,
896 5463 1016 5532 ejus
1055 5467 1146 5535 qui
1192 5468 1412 5539 propria
1447 5485 1611 5524 manu
1647 5471 1961 5541 descripsit,
1994 5470 2121 5525 tibi-

547 5565 654 5618 que
681 5552 898 5608 obtulit.

643 5707 694 5775 α)
729 5706 893 5764 Forte
923 5713 1025 5780 leg.
1059 5714 1118 5767 οὐ
1145 5719 1569 5790 καταιρρύνητον.
1613 5718 1768 5775 Enn.
1808 5719 2045 5777 ῐδιιτιιοι.

2247 2349 2459 2419 φύσεως
2511 2347 2650 2418 μετά
2699 2349 2798 2419 τῆς
2827 2347 2934 2400 τῶν
2965 2348 3235 2402 τακτικῶν
3279 2347 3581 2418 ἐμπειρίας
3624 2363 3695 2401 τε,
3727 2347 3807 2400 καὶ.

2249 2440 2552 2511 μαθήσεως,
2593 2438 2675 2491 ἔτι
2717 2438 2773 2491 δὲ
2820 2440 2914 2493 καὶ
2958 2439 3057 2509 τῆς
3089 2438 3200 2492 τῶν
3233 2437 3533 2491 πολιτικῶν
3571 2439 3806 2509 πραγμά-

2244 2550 2350 2585 των
2380 2529 2640 2602 ἀκριϐοῦς
2676 2529 3028 2601 μεταλήψεως
3053 2569 3068 2593 ,
3114 2529 3236 2582 οὐδὲ
3261 2529 3329 2581 τὰ
3363 2528 3477 2581 τῶν
3510 2529 3694 2598 ἱερέων
3729 2527 3800 2578 λό-

2245 2641 2337 2691 για
2367 2622 2714 2691 άμελετήτως
2755 2620 3108 2691 παρεώρασαι
3130 2659 3147 2684 ,
3185 2618 3301 2672 ἀλλ’
3328 2619 3412 2671 ἔτι
3452 2618 3700 2671 τοσοῦτόν
3736 2635 3803 2668 σοι

2245 2715 2337 2768 καὶ
2376 2713 2547 2767 ταῦτα
2581 2712 3001 2782 πεφιλοπόνηται
3026 2753 3040 2775 ,
3080 2710 3221 2764 ὥστε
3263 2711 3324 2763 τὸ
3367 2711 3532 2780 σῶμα
3570 2710 3805 2770 πολλάκις

2248 2806 2438 2868 σιτίοις
2471 2804 2684 2874 τρέφων
2710 2843 2724 2865 ,
2761 2803 2884 2856 οὐδὲ
2912 2803 3010 2874 τὴν
3053 2803 3231 2873 ψυχὴν
3259 2804 3591 2872 ἀποστερεῖς
3632 2800 3722 2868 τῆς
3750 2801 3803 2848 ἐκ

2243 2895 2348 2947 τῶν
2396 2895 2566 2962 λόγων
2616 2893 2896 2957 σιτίσεωςο
2946 2894 3060 2948 ἀλλ’
3088 2895 3164 2956 ὠς
3209 2893 3314 2946 άνά
3353 2910 3463 2945 τινι
3504 2892 3632 2960 θείῳ
3666 2890 3802 2944 ἅλατι

2241 2989 2353 3050 τοῖς
2401 2986 2507 3038 τῶν
2565 2985 2820 3055 Πατέρων
2856 2985 3276 3055 ἀποφθέγμασι,
3313 2983 3409 3038 καὶ
3448 2986 3568 3047 ταῖς
3601 2984 3803 3052 ἐπιτρα·

2243 3078 2450 3142 πεζίοις
2473 3077 2807 3149 παραρτύεις
2837 3077 3072 3147 ὁμιλίαις
3097 3092 3112 3106 ·
3157 3076 3266 3129 ἰδοὺ
3299 3076 3395 3128 καὶ
3421 3075 3621 3137 αὐτὸς,
3653 3074 3802 3145 μικρά

2241 3189 2358 3225 τινα
2390 3170 2678 3240 συνοψίσας
2714 3170 2822 3222 τῶν
2864 3169 3150 3240 χρησίμων
3189 3168 3286 3221 καὶ
3335 3167 3671 3229 λυσιτελῶν,
3723 3166 3802 3218 καὶ

2241 3263 2622 3332 ἀναγινώσκων
2657 3263 2832 3315 πάντα
2871 3261 2968 3332 μὲν
2994 3253 3340 3333 Χριστιανὸν,
3387 3260 3554 3312 πλέον
3594 3260 3650 3311 δὲ
3693 3260 3801 3318 τοὺς

2239 3356 2356 3408 ὅσοι
2387 3355 2480 3408 καὶ
2520 3353 2638 3424 βίῳ,
2686 3354 2777 3406 καὶ
2805 3352 2966 3422 λόγῳ,
2998 3353 3090 3405 καὶ
3120 3352 3389 3422 εὐγενείᾳ,
3427 3353 3525 3405 καὶ
3549 3349 3801 3419 ἀξιώματι

2241 3446 2740 3518 ὑπερανεστήκασιν
2800 3443 2956 3513 ὕψει,
3013 3438 3123 3496 οἷόν
3203 3462 3256 3496 τι
3334 3443 3508 3514 δῶρον
3565 3443 3801 3510 αὐτοσχε-

2239 3537 2429 3598 διάσας
2455 3536 2608 3607 ἀνδρὶ
2638 3535 2904 3606 φιλολόγῳ
2936 3535 3027 3589 καὶ
3057 3535 3290 3604 φιλοθέῳ
3323 3534 3564 3604 μάλιστα
3591 3534 3801 3604 πρέπον,

2239 3624 2284 3682 ὦ
2316 3630 2482 3698 φίλων
2533 3627 2742 3698 ἄριστε,
2799 3627 2859 3679 τὸ
2909 3627 3078 3696 παρόν
3126 3643 3206 3679 σοι
3262 3627 3641 3696 προσενήνοχα
3696 3620 3804 3676 σύν-

2239 3739 2442 3792 ταγμα,
2471 3723 2534 3774 ὲκ
2570 3719 2838 3791 διαφόρων
2895 3719 2994 3790 μὲν
3041 3718 3298 3790 Πατέρων
3341 3719 3438 3771 καὶ
3478 3713 3804 3787 άκροατικῶν

2237 3815 2408 3883 λόγων
2425 3813 2773 3875 ἀπανθισθὲν,
2796 3813 2895 3865 ούκ
2914 3812 3362 3882 ἀκαταφρόνητον
3380 3809 3458 3879 (a)
3483 3811 3539 3863 δὲ
3562 3808 3658 3879 τὴν
3674 3806 3800 3875 γνῶ-

2241 3923 2323 3959 σιν
2358 3909 2472 3969 τοῖς
2525 3905 2799 3975 μετιοῦσιν
2845 3902 3136 3974 ἐμποιοῦν·
3195 3901 3488 3970 διάγνωσιν
3537 3902 3647 3973 γὰρ
3680 3898 3797 3969 ὁμοῦ

2239 3998 2332 4052 καὶ
2360 3998 2620 4068 διαίρεσιν
2646 3996 2738 4049 τοῦ
2767 3993 3058 4066 τριμεροῦς
3085 3993 3184 4063 τῆς
3223 3994 3280 4044 ἐν
3320 3995 3454 4063 ἡμῖν
3485 3993 3596 4062 ἔχει
3621 3991 3794 4060 ψυχῆς.

2238 4087 2420 4147 καθὼς
2450 4085 2646 4151 πάντες
2678 4086 2973 4156 κινούμεθα
3014 4085 3325 4156 ἄνθρωποι,
3373 4086 3472 4138 καὶ
3520 4085 3638 4147 πῶς
3679 4082 3797 4153 πρὸς

2238 4179 2513 4250 σωτηρίαν
2543 4179 2574 4247 ἢ
2611 4177 2886 4229 ἀπώλειαν
2922 4175 3327 4246 συνωθούμεθα.
3373 4176 3578 4246 Ὀρίζει
3606 4176 3661 4227 δὲ
3688 4172 3795 4231 τοὺς

2234 4269 2559 4338 λογισμοὺς,
2607 4266 2673 4318 δι’
2703 4260 2777 4330 ὧν
2817 4269 2967 4321 πᾶσα
3005 4267 3250 4337 ἁμαρτία
3297 4266 3554 4331 τελεῖται.
3611 4263 3797 4331 Διαιρεῖ

2234 4360 2290 4413 δὲ
2324 4360 2415 4412 καὶ
2445 4357 2515 4411 τὰ
2545 4359 2601 4410 ὲν
2629 4360 2758 4430 ἡμῖν
2813 4359 2956 4429 πάθη
2982 4398 2996 4419 ,
3026 4359 3148 4410 τίνα
3184 4359 3284 4428 μὲν
3320 4357 3562 4428 ψυχικὰ,
3605 4357 3718 4408 τίνα
3743 4353 3790 4404 δὲ

2233 4451 2326 4505 τοῦ
2357 4452 2626 4522 σώματος.
2679 4450 2902 4521 Ἑφεξῆς
2946 4451 3002 4504 δὲ
3055 4451 3147 4504 καὶ
3188 4453 3315 4514 τοὺς
3362 4452 3597 4523 τρόπους
3633 4447 3795 4502 ὑποτί-

2235 4546 2383 4599 θεται
2413 4545 2510 4614 τῆς
2536 4543 2628 4596 τοῦ
2656 4543 2790 4597 Θεοῦ
2825 4543 3097 4615 προνοίας.
3148 4539 3282 4595 Εἶτα
3308 4543 3403 4596 καὶ
3439 4543 3567 4613 περὶ
3591 4541 3686 4609 τῆς
3712 4536 3792 4591 τοῦ

2232 4638 2518 4712 ἀνθρώπου
2577 4637 3050 4705 αύτεξουσιότητος
3106 4634 3464 4704 διαλαμϐάνει
3490 4674 3505 4696 ,
3561 4634 3652 4686 καὶ
3705 4629 3792 4696 τῆς

2233 4732 2387 4802 ἡμῶν
2425 4733 2483 4784 ἐν
2514 4733 2624 4794 τοῖς
2651 4731 2938 4800 πράγμασι
2983 4729 3408 4801 παραχρήσεως.
3447 4725 3719 4794 Συνοψίξει
3743 4721 3792 4773 δὲ

2232 4826 2328 4878 καὶ⁸
2351 4825 2447 4895 τὴν
2477 4827 2535 4876 ὲν
2565 4826 2630 4894 τῇ
2663 4824 2793 4895 ἁγίᾳ
2822 4823 2916 4876 καὶ
2951 4821 3194 4892 μακαρίᾳ
3217 4819 3410 4892 Τριάδι
3453 4820 3655 4872 πίστιν.
3688 4815 3792 4868 Ἔτι

2231 4916 2288 4968 δὲ
2313 4917 2406 4970 καὶ
2443 4918 2590 4979 ὅπως
2617 4916 2697 4968 δεῖ
2720 4914 2994 4968 πιστεύειν
3026 4913 3154 4985 περὶ
3178 4913 3279 4983 τῆς
3311 4911 3407 4965 τοῦ
3435 4911 3635 4984 Κυρίου
3658 4911 3792 4962 ἐναν-

2229 5007 2584 5080 Θρωπήσεως,
2631 5007 2760 5080 περὶ
2797 5007 3060 5078 διαφορᾶς
3107 5023 3168 5058 τε
3212 5005 3443 5076 ἀρετῆς,
3477 5006 3572 5058 καὶ
3605 4998 3792 5070 διακρῖ-

2231 5117 2370 5164 σεως
2416 5100 2514 5170 τῆς
2567 5099 2674 5153 τῶν
2721 5099 3064 5171 πραγμάτων
3107 5099 3349 5152 διδάσκει
3401 5098 3639 5167 φύσεως.
3698 5091 3791 5146 Καὶ

2228 5191 2367 5255 ὅλως
2418 5191 2672 5262 ἐπίτομὸς
2706 5192 2790 5255 τίς
2823 5193 2938 5244 ἐστι
2966 5189 3166 5258 γνῶσις
3201 5189 3361 5261 ἡμῶν
3403 5207 3463 5242 τε
3494 5189 3588 5242 καὶ
3609 5185 3790 5246 αὐτῶν,

2228 5285 2322 5338 καὶ¹
2369 5284 2470 5353 τῆς
2514 5283 2624 5335 τῶν
2674 5283 2794 5336 καθ’
2837 5284 2986 5353 ἡμᾶς
3036 5279 3254 5349 φύσεώς
3297 5297 3357 5332 τε
3410 5279 3506 5333 καλ⁵
3552 5279 3788 5336 πίστεως.

2235 5378 2299 5430 Ὃ
2330 5376 2394 5447 δὴ
2434 5375 2529 5428 καὶ
2561 5375 2867 5445 περιφέρων
2916 5375 2994 5436 εἰς
3034 5375 3226 5446 χεῖρας
3247 5413 3261 5435 ,
3296 5369 3711 5442 ὲπιμελέστερόν
3743 5381 3789 5416 τε

2229 5469 2461 5538 μετιὼν,
2507 5467 2600 5519 καὶ
2628 5465 2727 5537 τὴν
2757 5463 2998 5518 ἐντεῦθεν
3031 5464 3419 5536 καρπούμενος
3464 5465 3678 5534 ὄνησιν,
3704 5456 3790 5512 οὐκ

2227 5559 2664 5631 ἁμνημονήσεις,
2713 5553 2773 5610 εὖ
2809 5551 2903 5608 οἷδ’
2950 5557 3052 5621 ὅτι,
3089 5555 3186 5610 τοῦ
3233 5553 3551 5626 αὐτοχειρίᾳ
3594 5550 3686 5605 καὶ
3707 5563 3787 5620 τε·

2226 5653 2517 5722 γραφότος,
2556 5649 2646 5702 καὶ
2673 5649 2980 5712 δεδωκότος.
