3976 6388
238 334 379 391 1597

409 454 736 525 Διὰγνωσις
773 457 878 515 τοῦ
916 463 1221 532 τριμεροῦς
1261 464 1370 533 τῆς
1403 466 1638 537 ψυχῆς.

305 544 431 599 Ὅτι
461 547 609 600 πᾶσα
633 547 777 620 ψυχὴ
807 549 998 623 λογικὴ
1032 555 1157 625 τρία
1192 556 1330 627 μέρη
1357 557 1634 628 κέκτηται·
1660 560 1811 630 λογι-

235 636 390 708 σμδν,
426 637 617 710 θυμὸν,
648 641 741 694 καὶ
775 642 1090 716 ἐπιθυμίαν.
1136 649 1261 702 Ἐάν
1285 652 1431 703 ἐστιν
1460 652 1518 705 ἐν
1543 653 1621 724 τῷ
1650 654 1808 727 θυμῷ

228 728 419 801 ἀγάπη
443 732 537 785 καὶ
562 732 957 805 φιλανθρωπία,
987 740 1080 792 καὶ
1106 742 1162 793 ὲν
1190 743 1255 812 τῇ
1286 742 1548 817 ἐπιθυμίᾳ
1582 747 1814 821 καθαρό-

229 837 330 890 της
366 821 463 874 καὶ
504 824 843 898 σωφροσύνη,
879 830 907 881 6
944 829 1201 902 λογισμός
1238 834 1354 888 ἐστι
1384 840 1808 910 πεφωτισμένος·

228 912 326 964 ἐὰν
351 912 409 966 δέ
432 916 580 969 ἐστιν
608 917 666 971 ἐν
688 916 766 988 τῷ
788 918 945 991 θυμῷ
974 923 1380 996 μισανθρωπία,
1407 928 1500 982 καὶ
1519 933 1577 983 ἐν
1605 935 1669 1004 τῇ
1694 935 1813 987 ὲπι-

223 1005 397 1078 θυμία
419 1008 701 1075 ἀκολασία,
723 1012 752 1063 6
770 1009 1025 1085 λογισμός
1048 1016 1195 1071 ἐστιν
1216 1019 1615 1090 ὲσκοτισμένος.
1635 1025 1691 1078 '0
1713 1025 1811 1095 μὲν

226 1094 318 1152 οὖν
339 1097 596 1170 λογισμὸς
617 1102 736 1156 τότε
756 1103 1009 1172 ὑγιαίνει,
1030 1108 1123 1161 καὶ
1138 1113 1422 1181 σωφρονεῖ,
1440 1112 1565 1165 ὅταν
1580 1115 1647 1167 τά
1666 1094 1809 1189 πάθη

227 1186 325 1259 ἔχῃ
355 1189 788 1262 ὑποτεταγμένα,
832 1194 924 1246 καὶ
956 1195 1083 1260 τοὺς
1122 1196 1316 1267 λόγους
1351 1199 1459 1256 τῶν
1496 1186 1811 1275 κτισμάτων

224 1279 319 1332 τοῦ
355 1279 493 1334 Θεοῦ
535 1285 915 1354 πνευματικῶς
949 1286 1160 1361 θεωρῇ,
1203 1292 1297 1344 καὶ
1338 1293 1475 1364 πρὸς
1511 1295 1610 1367 τὴν
1652 1298 1810 1368 ἁγίαν

221 1370 318 1422 καὶ
342 1372 618 1444 μακαρίαν
638 1374 844 1446 Τριάδα
867 1376 1047 1450 διάγῃ.
1091 1381 1148 1434 '0
1183 1380 1241 1435 δὲ
1270 1383 1431 1437 πάλιν
1446 1386 1565 1440 τότε
1583 1392 1809 1445 κινεῖται

223 1462 361 1515 κατὰ
385 1463 567 1533 φύσιν,
604 1466 734 1521 ὅταν
758 1468 963 1535 πάντας
983 1471 1303 1545 ἀνθρώπους
1324 1478 1532 1551 ἀγαπᾷ,
1556 1482 1651 1534 καὶ
1674 1484 1809 1557 πρὸς

224 1555 417 1611 οὐδένα
443 1557 623 1613 αὐτῶν
655 1558 833 1633 λύπην
857 1563 890 1635 ἢ
928 1567 1297 1637 μνησικακίαν
1322 1570 1612 1643 κέκτηται.
1659 1555 1728 1629 Ἦή
1750 1576 1808 1630 δὲ

221 1646 510 1720 ἐπιθυμία,
532 1651 660 1706 ὅταν
681 1653 785 1708 ὑπὸ
806 1657 1151 1729 ἐγκρατείας,
1171 1662 1265 1714 καὶ
1286 1662 1829 1739 ταπεινοφροσύνης,⁹

222 1739 326 1836 καί.
344 1741 732 1816 ἀκτημοσύνης
761 1747 1009 1821 νεκρὼσῃ
1038 1750 1107 1805 τά
1139 1752 1309 1825 πάθη,
1342 1757 1613 1825 τουτέστι,
1667 1758 1796 1836 μὴῇ

219 1829 381 1926 δούλη
413 1835 617 1905 σαρκὸς
647 1838 1064 1911 ἐσχημάτισται,
1105 1844 1201 1898 καὶ
1230 1823 1392 1920 δόξης
1420 1823 1801 1926 παρεχομένης
1835 1823 1875 1879 Β

220 1920 428 1991 ἔφεσιν,
462 1927 557 1980 καὶ
587 1934 779 2002 τραπῇ
798 1932 934 2005 πρὸς
960 1934 1053 1988 τὸν
1086 1935 1226 1991 θεῖον
1255 1940 1348 1994 καὶ
1376 1920 1646 1998 ἀθάνατον
1667 1920 1803 2017 ἐρῶ-

215 2029 306 2107 τα.
341 2017 454 2107 Καὶ
481 2019 591 2092 γάρ
616 2023 649 2094 ἠ
684 2023 952 2096 ἐπιθυμία
981 2027 1119 2099 πρὸς
1149 2030 1276 2101 τρία
1305 2032 1407 2104 τὴν
1431 2033 1645 2106 κίνησιν
1663 2036 1798 2107 ἔχει,

214 2105 248 2199 ᾗ
285 2106 427 2199 πρὸς
463 2110 655 2183 ἡδονὴν
701 2115 921 2188 σαρκὸς,
949 2117 982 2188 ἢ
1011 2118 1146 2191 πρὸς
1181 2119 1335 2185 δόξαν
1371 2105 1553 2195 κενὴν,
1593 2125 1626 2197 ἢ
1663 2105 1800 2199 πρὸς

215 2196 437 2292 ἀπάτην
479 2204 798 2275 χρημάτων
841 2207 935 2261 καὶ
974 2209 1064 2264 διά
1107 2210 1207 2282 τὴν
1255 2214 1563 2286 παράλογον
1597 2196 1799 2292 ταύτην

214 2286 403 2359 ἔφεσιν
434 2301 767 2367 καταφρονεῖ
786 2298 881 2352 τοῦ
911 2300 1069 2365 Θεοῦ,
1103 2304 1197 2356 καὶ
1225 2303 1335 2358 τῶν
1364 2305 1544 2370 θείων,
1575 2309 1669 2363 καὶ¹
1699 2286 1799 2383 τῆς

212 2382 424 2448 οίκείας
460 2385 739 2456 εὐγενείας
773 2391 1209 2459 ἐπιλανθάνεται,
1249 2398 1344 2450 καὶ
1375 2399 1511 2469 πρὸς
1538 2400 1630 2454 τὸν
1660 2402 1797 2475 πλη-

215 2474 330 2528 σίον
358 2478 735 2552 ὲκοηριοῦται,
762 2484 859 2539 καὶ
896 2485 987 2539 τὸν
1019 2487 1276 2560 λογισμὸν
1308 2491 1567 2557 σκοτίζει,
1607 2494 1702 2547 καὶ
1731 2474 1792 2547 οὐ

213 2573 494 2641 συγχωρεῖ
518 2573 818 2646 ἀναϐλέψαι
859 2578 996 2649 πρὸς
1027 2578 1123 2651 τὴν
1153 2580 1431 2652 ἀλήθειαν.
1465 2577 1565 2637 Ὧν
1596 2585 1624 2637 6
1654 2584 1795 2639 ἀνώ-

210 2674 372 2734 τερον
418 2665 759 2737 κτησάμενε(⁵
807 2670 1063 2743 φρόνημα
1109 2673 1205 2727 ἀπ’
1244 2675 1492 2730 ἐντεῦθεν
1530 2678 1795 2734 ἀπολαύει

210 2750 308 2821 τῆς
336 2751 621 2822 βασιλείας
657 2756 767 2811 τῶν
802 2759 1067 2831 οὐρανῶν,
1096 2763 1191 2817 καὶ
1212 2763 1278 2836 ζῇ
1315 2767 1592 2839 μακαρίαν
1626 2768 1792 2842 ζωὴν,

211 2845 531 2914 προσδοκῶν
565 2845 665 2920 τὴν
697 2850 1068 2926 ἀποκειμένην
1104 2858 1481 2931 μακαριότητα
1514 2864 1628 2925 τοῖς
1658 2864 1795 2933 ἀγα-

212 2935 358 2989 πῶσι
390 2935 482 2991 τὸν
512 2939 741 3012 Κύριον.

277 3046 579 3114 Διαίρεσις
625 3050 723 3103 καί
763 3051 1173 3191 ἀποῗαίρεσις
1206 3060 1578 3130 λεπτομερὴς
1613 3061 1727 3133 τῆς

369 3182 378 3190 ο
936 3142 1106 3191 υχηςσ

369 3182 378 3190 .
880 3142 1106 3193 Ψυχης.

289 3205 357 3260 Ἡ
394 3206 544 3281 ψυχὴ
564 3210 853 3283 διαιρεῖται
892 3217 973 3280 είς
1009 3217 1073 3270 τὸ
1109 3217 1434 3288 λογιστικὸν,
1470 3223 1530 3277 τὸ
1563 3224 1790 3297 θυμικὸν

209 3298 385 3354 καὶτὸ
416 3301 834 3377 ἐπιθυμητικόν.
863 3308 970 3363 Τοῦ
999 3310 1306 3380 λογιστικοῦ
1327 3313 1396 3367 τά
1418 3315 1793 3390 ἁμαρτήματά

207 3392 317 3447 εἰσι
335 3393 532 3450 ταῦτα’
562 3399 596 3469 ἡ
625 3399 873 3465 ἀπιστία,
896 3404 930 3474 ἡ
954 3404 1182 3475 αἵρεσις,
1206 3407 1239 3477 ἠ
1263 3406 1565 3481 ἀφροσύνη,
1592 3413 1626 3484 ἡ
1651 3411 1793 3465 ἀδια-

208 3485 419 3555 κρισία,
457 3489 492 3560 ὴ
527 3488 866 3565 βλασφημία,
912 3496 967 3548 at
1011 3498 1435 3566 συγκαταθέσεις
1471 3501 1579 3554 τῶν
1609 3503 1790 3575 ἀμαρ-

205 3576 473 3646 τημάτων
521 3578 628 3633 τῶν
660 3585 726 3636 ἐκ
761 3582 856 3636 τοῦ
904 3585 1206 3657 παθητικοῦ
1252 3588 1469 3662 μέρους.
1524 3592 1696 3658 Ἴασις
1731 3594 1791 3648 δὲ

205 3667 413 3722 τούτων
446 3671 541 3724 καὶ
581 3672 845 3745 θεραπεία
878 3677 912 3747 ἡ
953 3677 1272 3745 ἀδίστακτος
1316 3681 1498 3747 πίστις
1534 3684 1672 3756 πρὸς
1698 3685 1790 3739 τὸν

204 3757 341 3850 βεδν
367 3762 462 3814 καὶ
488 3762 559 3816 τὰ
582 3764 811 3837 ἀληθινὰ
833 3767 1100 3839 δόγματα,
1135 3773 1168 3842 ἠ
1201 3776 1429 3847 συνεχὴς
1454 3776 1653 3850 μελέτη
1681 3778 1790 3835 τῶν

205 3847 405 3941 λογίων
441 3851 539 3905 τοῦ
574 3855 913 3927 Πνεύματος,
964 3860 998 3930 ή
1041 3861 1257 3934 καθαρά
1291 3868 1589 3940 προσευχὴ,
1630 3847 1727 3923 καὶ
1753 3872 1787 3941 ὴ

205 3940 549 4010 ἀδιάλειπτος
582 3947 719 4019 πρὸς
760 3949 893 4005 Θεὸν
929 3953 1271 4026 εὐχαριστία.
1316 3956 1423 4011 Τοῦ
1457 3958 1689 4030 θυμικοῦ
1722 3940 1794 4019 τὰ.

203 4032 582 4105 ἁμαρτήματα
613 4038 647 4108 ἡ
668 4038 1029 4113 ἀσπλαγχνία,
1053 4043 1114 4097 τὸ
1146 4048 1322 4116 μῖσος,
1350 4047 1411 4100 τὸ
1441 4049 1788 4121 ἀσυμπαθὲς,

204 4124 265 4178 τὸ
301 4126 660 4217 μνησίκακον,
709 4133 738 4184 6
785 4132 998 4202 φθόνος,
1043 4139 1073 4190 6
1113 4139 1293 4206 φόνος,
1345 4140 1440 4193 καὶ
1487 4142 1521 4212 ἡ
1561 4145 1790 4217 συνεχὴς

203 4214 338 4283 περὶ
368 4214 441 4268 τὰ
466 4217 693 4273 τοιαῦτα
724 4220 943 4293 μελέτη.
972 4226 1147 4290 Ἴασις
1170 4227 1374 4282 τούτων
1404 4231 1496 4285 καὶ
1527 4214 1790 4304 θεραπεία

202 4307 237 4375 ἡ
269 4306 674 4381 φιλανθρωπία,
721 4314 754 4384 ἡ
792 4314 1003 4387 ἀγάπη,
1046 4320 1082 4390 ἠ
1111 4319 1452 4391 φιλαδελφία,
1490 4325 1541 4397 ἡ¹
1568 4327 1786 4396 συμπά-

202 4398 345 4466 θεια,
378 4403 414 4473 ἡ
447 4402 791 4473 ἀνεξικακία,
833 4409 866 4480 ή
906 4412 1230 4486 χρηστότης.
1267 4414 1373 4468 Τοῦ
1390 4416 1785 4489 ἐπιθυμητικοῦ

198 4492 271 4546 τὰ
294 4494 670 4568 ἁμαρτήματα
704 4502 737 4571 ἡ
764 4505 1172 4578 γαστριμαργία
1196 4548 1210 4573 ,
1252 4510 1285 4581 ἡ
1318 4511 1565 4582 πορνεία,
1589 4514 1622 4583 ἡ
1645 4514 1785 4566 ἀκα-
1816 4509 1861 4565 D

201 4585 424 4658 θαρσία,
454 4589 488 4660 ή
514 4590 841 4665 ἀσέλγεια,ή
876 4597 1349 4672 φιλοχρηματία,ὴ
1372 4601 1473 4672 τῆς
1498 4602 1652 4674 δόξης
1665 4606 1786 4658 ἐπι-

201 4676 393 4749 θυμία.
427 4680 600 4744 Ἴασις
644 4682 847 4738 τούτων
889 4688 983 4740 καὶ
1022 4687 1364 4761 θεραπεία,ή
1402 4692 1716 4764 ἐγκράτεια,
1745 4695 1780 4764 ἡ

200 4769 446 4841 νηστεία,
479 4772 515 4843 ή
554 4774 915 4843 κακοπάθεια,
954 4780 987 4849 ἡ
1020 4780 1395 4851 ἀκτημοσύνη,
1440 4782 1469 4834 6
1511 4782 1619 4836 τῶν
1655 4801 1783 4856 χρη-

203 4861 390 4932 μάτων
424 4863 561 4935 πρὸς
599 4866 837 4937 πένητας
872 4871 1229 4944 σκορπισμὸς,
1274 4875 1308 4945 ἡ
1347 4872 1470 4930 τῶν,
1499 4873 1781 4931 ἀθανάτων

200 4953 425 5007 ἐκείνων
449 4953 657 5024 ἔφεσις,
688 4958 721 5027 ἡ
743 4957 844 5028 τῆς
873 4958 1148 5030 βασιλείας
1172 4961 1264 5015 τοῦ
1298 4961 1432 5016 Θεοῦ
1461 4963 1661 5035 ὄρεξις,
1686 4968 1781 5020 καὶ⁵

153 5067 162 5079 ·
199 5041 233 5112 ἡ
265 5042 364 5113 τῆς
398 5042 670 5109 υἱοθεσίας
700 5048 984 5121 ἐπιθυμία.
1590 5062 1609 5087 ’κ

196 5149 529 5221 Δεὰγνωσις
560 5152 681 5209 τῶν
716 5159 1044 5284 λογισμῗῖ,
1091 5162 1166 5216 δι’
1207 5156 1294 5218 ὧν
1327 5161 1495 5219 πᾶσα
1525 5166 1781 5238 ἁμαρτία

854 5247 918 5283 τε
960 5248 1128 5284 ειται.

854 5247 1128 5285 τεκειται.

275 5311 458 5368 Ὀκτώ
479 5316 589 5369 εἰσι
612 5317 813 5382 πάντες
834 5323 882 5374 οἱ
908 5322 1244 5393 περιεκτικοὶ
1265 5322 1531 5396 λογισμοί.
1556 5328 1779 5402 Πρῶτος

192 5406 223 5460 6
251 5407 349 5479 τῆς
382 5411 851 5482 γαστριμαργίας⁸
886 5413 1135 5487 δεύτερος
1169 5417 1198 5468 6
1229 5417 1325 5486 τῆς
1352 5420 1626 5489 πορνείας·
1660 5423 1778 5494 τρί-

189 5514 285 5564 τος
310 5503 340 5556 6
372 5501 478 5572 τῆς
513 5500 894 5575 φιλαργυρίας
926 5506 1185 5578 τέταρτος
1215 5510 1244 5561 6
1274 5510 1371 5580 τῆς
1409 5512 1598 5585 ὀργῆς·
1635 5515 1773 5586 πέμ.

194 5607 327 5669 πτος
345 5594 375 5645 6
395 5593 500 5664 τῆς
522 5592 722 5665 λύπης⁶
748 5595 903 5661 ἕκτος
928 5599 965 5652 δ’
978 5598 1076 5669 τῆς
1104 5599 1352 5669 ἀκηδίας’
1383 5602 1608 5676 ἕϐδομος
1632 5606 1660 5658 ὁ
1679 5607 1779 5677 τῆς

189 5683 523 5749 κενοδοξίας
556 5682 798 5753 δγδοος’ό
826 5688 926 5759 τῆς
954 5689 1353 5763 ὑπερηφανίας.
1377 5696 1613 5761 Τούτους
1639 5700 1774 5754 πάν-

186 5792 286 5842 τας
311 5777 445 5842 τοὺς
466 5776 761 5849 λογισμοὺς
783 5783 1129 5854 παρενοχλεῖν
1149 5784 1246 5855 μὲν
1275 5787 1406 5857 ἡμῖν
1428 5789 1459 5860 ἢ
1482 5791 1555 5863 μὴ
1580 5809 1777 5862 παρεν-

1231 343 1617 404 SYNTAGMA
1656 347 1748 402 AD
1784 348 2135 417 ρυεδωλιι
2164 354 2555 414 POblTlCUM.

1844 476 1891 533 Α
1940 516 1944 523 .

3333 376 3482 434 ’1598

2202 475 2505 547 Explicatio
2538 482 2758 551 triplicis
2788 485 2983 541 anima:
3010 489 3202 556 partis.
3375 521 3379 526 -
3462 504 3469 535 ι

1987 568 2182 625 Anima
2212 572 2390 627 omnis
2429 574 2715 630 rationalis
2754 584 2869 631 tres
2903 577 3067 634 habet
3095 588 3301 650 partes,
3333 599 3475 654 cogi.

1916 659 2193 728 tationem,
2246 662 2487 717 animum
2525 672 2581 719 et
2625 666 3153 736 concupiscentiam.
3209 670 3267 725 Si
3312 674 3385 728 sit
3428 676 3480 728 in

1912 751 2093 805 animo
2132 751 2373 809 charitas
2404 764 2456 808 et
2491 755 2806 812 humanitas
2845 769 2897 813 ct
2940 760 2995 813 in
3036 762 3480 832 concupiscentia

1913 840 2125 909 paritas
2170 848 2226 896 et
2261 844 2636 913 temperantia,
2684 854 2798 901 tum
2849 849 3107 919 cogitatio
3153 858 3239 906 est
3278 852 3458 907 illumi

1912 940 2069 998 nata;
2106 934 2191 989 sin
2230 943 2408 992 autem
2436 937 2490 992 in
2522 941 2704 995 animo
2737 941 2810 996 sit
2848 941 3055 1007 odium,
3090 954 3145 998 et
3185 945 3241 998 in
3280 958 3459 1002 concu

1909 1023 2178 1092 piscentia
2206 1026 2645 1099 intemperantia,
2687 1032 2949 1102 cogitatio
2987 1042 3071 1089 est
3111 1036 3356 1093 tenebris
3404 1038 3468 1093 of

1911 1113 2055 1173 fusa.
2098 1116 2235 1173 Tum
2282 1135 2447 1190 porro
2478 1137 2611 1177 sana
2655 1125 2917 1195 eugitatio
2945 1133 3030 1182 est
3059 1136 3114 1183 et
3143 1135 3479 1199 temperans.

1909 1222 2034 1263 cum
2058 1215 2209 1265 tenet
2229 1212 2334 1267 sibi
2364 1214 2614 1270 subditas
2637 1218 2944 1286 passiones,
2974 1233 3209 1289 cumque
3236 1222 3479 1276 rationes

1908 1311 2092 1353 rerum
2120 1314 2154 1354 a
2182 1298 2294 1356 Deo
2322 1311 2629 1360 creatarum
2657 1306 3013 1376 spiritualiter
3043 1311 3475 1381 contemplatur.

1907 1394 1962 1443 et
1985 1402 2112 1443 cum
2133 1399 2324 1446 sancta
2351 1405 2419 1448 ac
2446 1396 2602 1450 beata
2625 1394 2891 1454 Trinitate
2916 1409 3189 1457 versatur.
3225 1399 3477 1470 Tumque

1907 1480 2205 1536 secundum
2236 1491 2486 1540 naturam
2523 1494 2793 1553 movetur,
2821 1502 2944 1543 cum
2985 1505 3176 1547 omnes
3206 1500 3354 1547 amat
3382 1492 3475 1546 ho-

1906 1572 2104 1638 mines,
2137 1574 2453 1644 nullamque
2476 1574 2744 1632 adversus
2770 1579 3079 1649 quempiam
3112 1582 3312 1638 retinet
3339 1581 3475 1638 indi-

1904 1662 2215 1732 gnationem
2234 1670 2329 1717 aut
2350 1663 2677 1734 iniuriarum
2703 1667 3474 1740 memoriam..Concupiscen-

1904 1751 1984 1805 tia
2020 1761 2205 1809 autem
2237 1768 2362 1809 cum
2398 1770 2495 1825 per
2533 1758 2978 1826 temperantiam,
3014 1758 3380 1817 humilitatem
3417 1768 3475 1817 et

1902 1852 2298 1914 paupertatem,
2324 1847 2610 1917 passiones
2640 1848 2956 1916 mortificat,
2986 1852 3042 1905 id
3064 1860 3170 1919 est,
3199 1868 3326 1908 cum
3359 1869 3473 1909 non

1901 1943 1987 1992 est
2017 1937 2203 1993 carnis
2244 1953 2424 2005 serva,
2468 1954 2572 1996 nec
2606 1955 2802 1996 vanam
2847 1942 3073 2013 gloriam
3105 1947 3335 2015 appetit,
3373 1946 3472 2002 sed

1900 2029 2133 2086 vertitur
2171 2031 2237 2086 ad
2268 2032 2514 2088 divinum
2541 2039 2599 2089 et
2626 2033 2987 2091 immortalem
3025 2050 3290 2094 amorem.
3326 2038 3471 2095 Con-

1900 2124 2239 2193 cupiscentia
2289 2140 2524 2196 namque
2575 2127 2645 2181 ad
2668 2126 2794 2201 ,tria
2828 2135 3034 2184 motum
3073 2128 3468 2198 habetsuum,

1900 2212 1967 2267 ad
1997 2215 2183 2272 carnis
2212 2216 2573 2286 voluptatem,
2605 2225 2700 2273 aut
2743 2218 2812 2273 ad
2843 2234 3038 2275 vanam
3085 2220 3338 2291 gloriam,
3374 2231 3471 2278 aut

1898 2304 1967 2360 ad
2003 2306 2272 2368 fallaciam
2306 2309 2619 2365 divitiarum
2651 2329 2665 2366 ε
2703 2318 2865 2383 atque
2898 2328 2996 2384 per
3022 2314 3248 2370 stultam
3276 2315 3470 2387 hujus—

1896 2397 2046 2453 modi
2073 2399 2422 2471 acupidinem
2465 2399 2649 2457 Deum.
2680 2403 2911 2473 spernit,
2966 2403 3209 2475 itemque
3256 2405 3465 2470 divina,

1897 2507 2012 2547 suae
2039 2491 2385 2548 obliviscitur
2414 2494 2739 2559 nobilitatis,
2770 2511 2834 2550 ac
2876 2495 2933 2550 in
2960 2496 3272 2567 proximum
3305 2514 3478 2554 suum.

1895 2581 2113 2649 ferocit,
2142 2584 2532 2656 cogitationem
2573 2587 2915 2654 obtenebrat,
2959 2604 3140 2660 neque
3171 2591 3302 2647 sinit
3343 2606 3465 2646 eam

1894 2676 2172 2746 respicere
2212 2676 2523 2733 veritatem.
2581 2678 2652 2732 At
2694 2679 2790 2750 qui
2837 2679 3153 2736 sublimiore
3201 2681 3466 2752 praeditus

1893 2772 1978 2823 est
2000 2774 2183 2824 mente
2208 2766 2322 2839 jam
2360 2783 2426 2824 ex
2450 2769 2555 2825 hac
2588 2770 2701 2826 vita
2728 2770 2931 2827 fruitur
2957 2788 3128 2845 regno
3171 2775 3463 2841 caelorum,

1892 2860 2170 2933 vitamque
2216 2860 2369 2916 ducit
2419 2862 2661 2928 beatam,
2703 2878 2824 2919 eam
2861 2872 3188 2937 exspectans
3232 2865 3463 2923 felicita-

1894 2962 2023 3025 tem,
2054 2970 2177 3027 quae
2201 2954 2555 3027 diligentibus
2584 2954 2752 3012 Deum
2778 2958 3015 3047 reposita
3043 2968 3149 3015 est.

2104 3068 2699 3128 Divisiovetr-subdivisio
2730 3073 3005 3145 multiplex
3037 3074 3263 3130 animat-

1963 3248 2158 3306 Anima
2202 3250 2467 3307 dividitur
2496 3252 2551 3308 in
2589 3254 2992 3319 rationabilem,
3038 3253 3383 3310 irascibiletn-
3410 3263 3470 3310 et

1892 3344 2399 3414 concupiscibilem.
2448 3345 2813 3403 Rationabilis
2856 3355 3083 3419 peccata
3121 3348 3237 3403 haec
3273 3356 3402 3404 sunt
3446 3368 3460 3402 :

1892 3434 2505 3504 inﬁdelitas,.haeresis,
2563 3439 2899 3509 insipientia,
2956 3439 3294 3502 indiscretio.
3342 3437 3474 3494 bla-'

1892 3526 2177 3597 sphemia,.
2201 3542 2509 3585 consensus
2547 3528 2616 3584 ad
2660 3529 3021 3601 perpetranda
3060 3541 3307 3601 peccata,
3341 3547 3475 3601 qum-

1890 3632 1959 3672 ex
1987 3618 2201 3689 patibili
2250 3630 2408 3691 parte
2447 3620 2771 3691 procedunt.
2816 3621 3021 3677 Horum
3056 3638 3221 3693 porro
3251 3624 3469 3679 medela

1893 3715 2061 3779 atque
2085 3709 2302 3767 curatio
2327 3718 2450 3766 est:
2488 3710 2800 3766 indubitata
2830 3710 2965 3767 fides
3008 3712 3073 3765 in.
3095 3711 3266 3767 Deum
3309 3722 3364 3768 et
3405 3713 3469 3767 in»

1890 3815 2019 3856 vera
2051 3800 2324 3869 dogmata,
2367 3802 2627 3873 frequens
2654 3802 2937 3859 meditatio
2960 3803 3310 3858 oraculorum
3338 3803 3464 3874 Spi-

1889 3893 2055 3958 ritus,
2084 3909 2223 3965 pura
2245 3895 2441 3962 oratio,
2467 3902 2523 3950 et
2546 3896 2845 3966 gratiarum
2872 3896 3016 3952 actio
3040 3896 3158 3953 sine
3186 3897 3465 3953 intermis-

1890 3985 2047 4041 sione
2081 3985 2193 4043 Deo
2219 3987 2422 4043 oblata.
2453 3987 2752 4045 lrascibilis
2782 3996 3007 4059 peccata
3055 3997 3184 4045 sunt
3215 4008 3229 4045 :
3273 3990 3461 4044 immi-

1890 4077 2214 4143 sericordi‘a,
2239 4078 2448 4146 odium,
2477 4081 2699 4134 animus
2720 4079 3217 4136 commiseratiouis
3240 4096 3459 4152 expers.

1888 4167 2200 4224 recordatio
2238 4167 2589 4239 injuriarum,
2623 4169 2850 4233 invidia,
2878 4170 3077 4237 caedes,
3104 4186 3169 4226 ac
3200 4170 3461 4243 frequens

1887 4272 2075 4313 earum
2118 4273 2305 4313 rerum
2334 4258 2634 4315 meditatio.
2668 4258 2873 4315 Horum
2907 4261 3116 4318 medela
3164 4270 3218 4320 et
3246 4264 3461 4318 curatio

1887 4358 2009 4406 est:
2044 4350 2380 4418 humanitas,
2410 4352 2673 4416 charitas,
2700 4352 2931 4408 fratrum
2959 4354 3202 4421 dilectio,
3233 4357 3463 4411 commi-

1889 4443 2113 4509 seratio,
2136 4444 2419 4514 patientia,
2443 4446 2827 4502 mansuetudo.
2854 4446 3313 4517 Concupiscibilis
3341 4464 3464 4518 pec-

1890 4544 2011 4593 cata
2041 4544 2203 4592 sunt:
2232 4537 2499 4606 edacitas,
2528 4538 2838 4603 fornicatio,
2872 4539 3177 4609 impuritas,
3209 4540 3463 4604 lascivia,

1887 4629 2139 4695 avaritia,
2185 4629 2373 4700 gloria:
2413 4630 2634 4699 cupido.
2688 4628 2894 4686 Horum
2944 4631 3245 4685 remedium
3295 4639 3460 4701 atque

1887 4722 2100 4776 curatio
2132 4729 2218 4778 est
2252 4740 2265 4774 :
2296 4723 2679 4792 temperantia,
2709 4720 2999 4791 jejunium,
3025 4724 3295 4779 malorum
3317 4724 3460 4778 tole-

1886 4814 2089 4877 rantia,
2150 4820 2469 4883 paupertas,
2521 4813 2741 4884 largitio
2799 4813 3066 4868 bonorum
3130 4815 3465 4884 pauperibus

1885 4900 2052 4966 facta,
2096 4902 2368 4957 bonorum
2409 4902 2629 4956 illorum
2665 4903 3057 4957 immortalium
3100 4903 3458 4970 desiderium,

1886 4995 2040 5065 regni
2069 4993 2164 5049 Dei
2196 4994 2481 5065 appetitio,
2513 4994 2819 5066 adoptionis
2854 4995 3149 5066 cupiditas.

1887 5169 2050 5241 516
2070 5167 2305 5239 {Notitia
2334 5171 2709 5312 εοᾳὶιαιὶοηέηι
2740 5173 2928 5242 quibus
2977 5181 3251 5243 peccatum
3307 5188 3473 5228 omne.

2513 5257 2608 5310 per
2652 5252 2808 5297 cttur.

2513 5252 2808 5310 perﬁcitur.

1954 5332 2329 5403 Cogitationes
2354 5347 2545 5389 omnes
2571 5345 2697 5390 octo
2726 5350 2954 5389 numero
2986 5341 3135 5389 sunt.
3166 5318 3352 5388 Prima
3376 5343 3460 5389 est

1883 5426 2052 5497 gulae;
2129 5423 2414 5490 secunda,
2460 5422 2875 5495 fornicationis;
2922 5426 3107 5493 tertia,
3177 5426 3465 5492 avaritiae;

1882 5525 2103 5590 quarta,
2149 5517 2291 5583 iraa;
2318 5520 2530 5588 quinta,
2562 5518 2834 5587 tristitiae;
2868 5525 3042 5585 sexta,
3074 5520 3335 5591 pigritiae;
3369 5535 3459 5575 se-

1885 5610 2078 5680 ptima,
2126 5606 2312 5663 inanis
2364 5608 2583 5680 gloriae;
2630 5618 2842 5676 octava,
2902 5610 3191 5682 superbia).
3246 5609 3478 5685 Nostra;

1885 5718 2051 5773 porro
2076 5700 2358 5759 facultatis
2391 5717 2500 5758 non
2525 5712 2630 5771 est,
2662 5713 2721 5759 ut
2751 5704 2835 5760 hae
2859 5721 3050 5762 omnes
3078 5705 3459 5777 cogitationes.

1884 5795 2195 5854 molestiam
2240 5794 2324 5851 vel
2370 5794 2633 5867 aferant,
2660 5797 2746 5854 vel
2774 5813 2881 5855 non
2928 5798 3295 5867 aﬂ'erant;_ut
3332 5812 3462 5854 vero
