3930 6526
489 433 635 492 1399

1660 437 1717 492 S.
1757 438 2223 498 ATHANASIUS.
2267 476 2328 485 —
2375 443 2644 502 SPEBIA.

3610 450 3753 504 1600

490 563 760 620 maneant,
791 563 845 611 et
877 555 1162 626 passiones
1206 556 1467 620 excitent,
1515 557 1599 612 vel
1651 573 1756 614 non
1791 559 2054 628 excitent,

2174 562 2332 633 δχλεῖν
2364 565 2471 618 τῶν
2506 565 2605 618 οὐκ
2638 565 2723 633 ἐφ’
2749 566 2879 636 ἡμῖν
2909 567 3071 620 ἐστιν·
3107 566 3366 638 ἐμμένειν
3399 565 3482 631 δὲ,
3521 565 3556 635 ἢ
3602 567 3753 635 πάθη

491 656 690 704 nostra
719 647 994 704 facultatis
1017 657 1122 704 est.
1144 649 1314 703 ‘Aliud
1341 650 1488 705 enim
1515 657 1602 705 est
1630 651 1884 721 irruptio,
1908 650 2059 704 aliud

491 740 746 804 adbaesio,
787 740 934 794 aliud
969 744 1173 810 passio,
1204 739 1349 795 aliud
1382 756 1585 812 pugna,
1630 741 1781 796 aliud
1823 756 2060 798 consen-

490 850 607 895 sus,
636 834 780 888 aliud
805 835 1068 904 operatio.
1098 833 1164 887 Et
1204 835 1436 904 irruptio
1458 833 1679 904 quidem
1715 843 1800 890 est
1829 835 2060 905 simplex

490 927 894 982 reminiscentia
912 929 981 980 ab
997 927 1218 982 inimico
1241 926 1464 983 inducta
1487 946 1502 994 ;
1525 927 1704 997 qualis
1729 937 1812 982 est
1840 927 2056 983 isthaec:

489 1017 603 1074 Hoc
639 1019 824 1081 facito,
861 1019 946 1072 vel
994 1019 1169 1074 illud:
1203 1027 1264 1074 ut
1302 1018 1525 1075 Christo
1556 1020 1684 1074 olim
1713 1027 1767 1074 et
1816 1017 1927 1073 Deo
1959 1034 2060 1074 no-

488 1119 600 1167 stro
657 1111 864 1167 dictum
917 1119 1002 1167 est
1055 1131 1070 1166 :
1132 1130 1150 1163 ι
1207 1110 1302 1166 Dic
1358 1120 1420 1167 ut
1483 1109 1691 1182 lapides
1746 1111 1837 1166 isti
1892 1126 2061 1181 panes

486 1205 705 1260 fiant".
746 1225 765 1256 ι
805 1204 941 1273 Hoc,
973 1205 1052 1260 uti
1084 1205 1293 1259 dictum
1329 1215 1435 1272 est,
1476 1220 1643 1276 penes
1675 1219 1776 1259 nos
1808 1218 1917 1258 non
1954 1210 2058 1257 est.

487 1297 735 1354 Adhaesio
763 1304 847 1353 est
888 1296 1150 1352 admissio
1191 1296 1426 1352 inductae
1470 1297 1538 1350 ab
1581 1295 1806 1350 inimico
1851 1293 2061 1364 cogita-

486 1392 672 1454 tionis,
709 1398 764 1446 et
813 1391 972 1461 quasi
1013 1389 1294 1445 meditatio
1336 1397 1391 1444 et
1428 1404 1760 1460 congressus
1793 1403 1916 1442 cum
1969 1386 2062 1440 illo

485 1482 632 1536 circa
683 1482 1026 1553 propositum
1063 1490 1336 1536 nostrum.
1379 1479 1572 1535 Passio
1609 1489 1694 1536 est
1733 1479 1948 1535 affectio
1995 1494 2062 1533 ex

485 1572 797 1627 adbarsione
834 1578 1010 1640 parta,
1051 1577 1200 1624 mota
1252 1570 1321 1624 ab
1368 1570 1616 1634 inimico,
1664 1569 1923 1641 passione
1953 1569 2064 1625 sci-

487 1663 616 1718 licet
644 1661 712 1717 ab
742 1663 838 1716 illo
863 1661 1136 1729 excitata;
1168 1667 1362 1730 estque
1394 1662 1542 1715 velut
1576 1661 1860 1726 admissio,
1895 1660 2063 1716 medi-

487 1753 642 1816 tatio,
687 1759 742 1806 et
781 1749 1090 1822 phantasia.
1129 1748 1318 1821 Pugna
1367 1759 1452 1805 est
1486 1751 1820 1818 colluctatio,
1867 1759 1960 1804 aut
1994 1750 2061 1804 ad

487 1843 872 1901 eliminandam
913 1844 1300 1916 cogitationem
1342 1845 1638 1914 passionis,
1675 1855 1766 1899 aut
1812 1844 1879 1898 ad
1927 1859 2060 1899 con-

2161 655 2351 718 κινεῖν,
2381 654 2415 724 ἢ
2451 654 2525 726 μὴ
2559 658 2749 721 κινεῖν,
2790 656 2991 726 ὁμοίως
3031 657 3140 710 τῶν
3181 659 3264 726 ἐφ’
3298 658 3454 726 ἡμῖν.
3501 655 3675 708 ’Δλλσ
3701 656 3751 707 δέ

2160 747 2273 798 ἐστι
2300 745 2591 818 προσϐολὴ,
2622 747 2716 800 καὶ
2744 747 2870 802 ἄλλο
2892 747 3246 818 συνδυασμὸς,
3276 748 3374 802 καὶ
3404 747 3537 800 ἄλλο
3555 747 3752 810 πάθος,

2160 837 2256 890 καὶ
2275 835 2404 889 ἄλλο
2425 837 2592 908 πάλη,
2618 839 2712 892 καὶ
2734 837 2861 892 άλλο
2888 839 3302 907 συγκατάθεσις,
3328 839 3425 891 καὶ
3450 837 3582 891 ἄλλο
3605 838 3746 909 ἐνέρ-

2161 941 2304 994 γεια.
2334 926 2445 978 Καὶ
2474 925 2747 999 προσϐολὴ
2777 927 2874 998 μὲν
2896 927 3042 980 ἐστιν
3073 929 3106 998 ἡ
3141 927 3330 990 ἀτελῶς
3361 927 3635 997 γινομένη
3662 927 3750 979 τεῦ

2162 1015 2356 1088 ἐχθροῦ
2386 1017 2711 1090 ὑπόμνησις·
2746 1015 2876 1086 οἷον,
2903 1020 3130 1090 Ποίησον
3151 1019 3290 1082 τόδε,
3321 1019 3356 1091 ἦ
3389 1021 3539 1073 τάδε·
3567 1021 3645 1083 ὡς
3667 1022 3754 1074 ἐπὶ

2161 1112 2254 1167 τοῦ
2275 1113 2511 1186 Χριστοῦ
2537 1113 2630 1165 καὶ
2657 1111 2792 1165 Θεοῦ
2822 1113 3000 1184 ἡμῶν·
3038 1114 3202 1166 «Εἰπὲ
3232 1113 3320 1166 ἵνα
3353 1115 3403 1166 οἱ
3434 1112 3584 1165 λίθοι
3613 1109 3754 1166 οὗτοι

2162 1209 2314 1276 ἄρτοι
2353 1207 2636 1275 γένωνται.
2673 1226 2691 1258 ι
2713 1205 2904 1268 Τοῦτο,
2939 1206 3014 1268 ὡς
3067 1207 3304 1277 εἴρηται,
3339 1206 3445 1258 οὐκ
3479 1205 3570 1273 ἐφ’
3605 1209 3753 1275 ἡμῖν.

2163 1299 2502 1369 Συνδυασμὸς
2530 1298 2587 1351 δέ
2615 1299 2764 1351 ἐστιν
2789 1300 2822 1369 ἡ
2858 1296 3137 1368 παραδοχὴ
3171 1296 3262 1349 τοῦ
3300 1295 3757 1365 ὐποόαλὶρμένου

2161 1390 2420 1462 λογισμοῦ
2451 1390 2600 1462 παρά
2637 1389 2732 1443 τοῦ
2769 1388 2987 1461 ἐχθροῦ·
3029 1383 3139 1441 οἷον
3179 1390 3297 1459 μετ’
3341 1387 3524 1440 αὐτοῦ
3563 1388 3760 1456 μελέτη

2162 1485 2256 1538 καὶ
2277 1483 2460 1554 ὁμιλία
2489 1483 2626 1554 ὑπὲρ
2653 1486 2720 1554 τῇ
2755 1482 3068 1554 προαιρέσει
3096 1481 3274 1552 ἡμῶν.
3309 1481 3504 1542 Πάθος
3530 1480 3589 1533 δέ
3621 1483 3765 1532 ἐστιν

2162 1577 2196 1648 ἡ
2223 1576 2330 1630 ἀπὸ
2348 1575 2441 1628 τοῦ
2469 1574 2808 1645 συνδυασμοῦ
2830 1573 2942 1640 ’ἐξις
2969 1573 3224 1645 γινομένη
3254 1573 3415 1643 παρά
3444 1572 3547 1624 τοῦ
3569 1573 3765 1642 ἐχθροῦ

2136 1667 2600 1743 ,ὑποϐαλλομένου
2631 1665 2855 1727 πάθους·
2890 1666 2984 1719 καὶ
3022 1663 3132 1718 οἷον
3170 1666 3203 1735 ή
3250 1665 3483 1736 συνοχὴ,
3543 1664 3764 1734 μελέτη,

2163 1759 2258 1813 καὶ
2291 1757 2579 1824 φαντασία.
2625 1757 2776 1829 Πάλη
2806 1756 2863 1810 δέ
2897 1758 3043 1809 ἐστιν
3088 1758 3122 1826 ἡ
3166 1756 3521 1818 ἀντίστασις,
3558 1756 3594 1825 ἢ
3634 1753 3767 1824 πρὸς

2164 1851 2443 1922 ἀναίρεσιν
2467 1849 2560 1902 τοῦ
2590 1849 2849 1920 λογισμοῦ
2878 1847 2971 1901 τοῦ
3003 1847 3230 1910 πάθους,
3255 1848 3289 1918 ἥ
3318 1847 3469 1918 πρὸς
3495 1844 3769 1913 συγκατά-

489 1952 735 2001 sensum,
769 1945 827 1992 ut
857 1937 932 1990 ait
964 1905 1298 2006 apostolus:
1405 1936 1548 1991 Caro
1586 1905 1927 2006 concupiscit
1960 1936 2061 1990 ad-

2174 1905 2337 2004 θεσιν,
2376 1939 2558 2004 καθώς
2586 1905 2806 2012 φησινρ
2846 1905 3235 2001 Ἀπόστολοςίι
3277 1905 3551 2010 ’Ἦπάρξ
3577 1905 3765 1990 ἐπιθυ-

490 2045 681 2086 versus
717 2029 991 2100 spiritum,
1018 2037 1074 2084 et
1111 2028 1342 2099 spiritus
1373 2027 1636 2084 adversus
1667 2045 1908 2085 carnem.
1936 2027 2063 2083 Haec

489 2130 668 2177 autem
702 2123 805 2178 sibi
836 2121 1216 2176 adversantur.
1248 2121 1310 2177 ¹¹.
1360 2141 1380 2174 ›
1414 2121 1734 2177 Consensus
1764 2129 1946 2176 autem
1980 2127 2064 2175 est

492 2224 659 2270 nutus
691 2215 757 2269 ad
793 2214 1104 2284 passionem
1139 2213 1510 2286 cogitationis.
1542 2212 1801 2284 Operatio
1831 2223 1914 2269 est
1948 2214 2066 2284 ipse

490 2315 666 2364 actus.
716 2306 939 2362 Deletur
985 2321 1115 2362 vero
1157 2307 1536 2376 temperantia,
1571 2306 1849 2375 edacitas;
1880 2305 2066 2362 divino

491 2415 676 2456 amore
704 2407 758 2455 et
789 2399 1098 2454 futurorum
1127 2397 1419 2462 desiderio,
1469 2397 1798 2466 fornicatio;
1832 2399 2064 2454 commi-

491 2494 771 2548 seratione
805 2506 934 2563 erga
976 2506 1267 2563 pauperes,
1314 2490 1583 2558 avaritia;
1635 2491 1970 2561 benignitate
2014 2501 2068 2546 et

490 2585 756 2642 cbaritate
784 2599 913 2655 erga
946 2601 1160 2649 omnes,
1192 2586 1308 2652 ira;
1345 2585 1616 2655 spirituali
1648 2585 1872 2658 gaudio,
1904 2599 2067 2639 mun-

491 2675 634 2730 dana
674 2675 932 2744 tristitia;
968 2675 1228 2747 patientia
1261 2684 1314 2730 et
1343 2676 1657 2740 tolerantia,
1688 2684 1742 2732 et
1767 2675 2066 2748 gratiarum

492 2767 707 2824 actione
735 2765 847 2822 Deo
880 2767 1044 2832 facta,
1082 2768 1335 2840 pigritia;
1367 2769 1601 2824 occultis
1636 2768 1903 2823 virtutum
1935 2785 2067 2840 ope—

492 2859 668 2924 ribus,
702 2873 768 2914 ac
797 2858 1068 2930 frequenti
1092 2862 1363 2924 oratione,
1392 2861 1572 2915 inanis
1601 2861 1774 2931 gloria
1811 2880 1824 2915 :
1858 2861 2067 2915 nullum

493 2949 790 3021 iudicando
811 2952 897 3008 vel
920 2951 1252 3023 spernendo,
1278 2961 1337 3006 ut
1355 2952 1594 3021 jactator
1623 2951 1712 3006 ille
1734 2949 2066 3017 Phariszeus,

495 3058 725 3115 seseque
766 3043 1010 3099 omnium
1053 3049 1391 3112 postremum
1430 3041 1756 3113 reputando,
1790 3041 2066 3112 superbia.

495 3136 594 3194 llis
625 3138 791 3209 igitur
838 3152 1004 3208 supra
1034 3136 1199 3192 dictis
1231 3137 1584 3208 passionibus
1626 3136 1853 3192 liberata
1891 3152 2066 3199 mens,

2173 2035 2263 2104 μεῖ
2299 2032 2442 2087 κατά
2483 2031 2578 2085 τοῦ
2626 2031 2951 2102 πνευματος,
3001 2031 3063 2084 τὸ
3108 2031 3164 2085 δὲ
3200 2029 3433 2102 πνεῦμα
3473 2030 3624 2084 κατά
3669 2027 3768 2099 τῆς

2172 2125 2395 2197 σαρκός.
2425 2124 2610 2178 Ταῦτα
2640 2125 2696 2177 δὲ
2731 2125 3059 2178 ἀντίκεινται
3091 2124 3362 2196 ἀλλήλοις.
3414 2144 3434 2174 ›
3476 2124 3766 2190 Συγκατά·

2171 2218 2318 2282 θεσις
2341 2217 2397 2270 δὲ
2431 2218 2464 2288 ἠ
2493 2218 2815 2281 κατάνευσις
2849 2215 2982 2287 πρὸς
3010 2217 3070 2270 τὸ
3111 2218 3283 2279 πάθος
3323 2215 3424 2269 τοῦ
3477 2217 3764 2284 λογισμου.

2183 2309 2461 2382 Ἐνέργεια
2491 2309 2605 2381 au;
2641 2308 2778 2380 αὑτὴ
2801 2309 3017 2380 πρᾶξις.
3060 2310 3398 2382 Ἀναιρεῖται
3434 2307 3497 2360 δὲ
3531 2308 3641 2361 ὑπὸ
3674 2308 3766 2376 μὲν

2169 2405 2269 2473 τῆς
2311 2401 2636 2474 ἐγκρατείας
2679 2402 3179 2473 ήγαστριμαργία,
3232 2403 3339 2455 ὑπὸ
3385 2401 3450 2454 δὲ
3491 2400 3594 2453 τοῦ
3627 2399 3766 2451 θείου

2171 2493 2338 2548 πόθου
2381 2494 2476 2547 καὶ
2516 2492 2618 2563 τῆς
2659 2493 2767 2546 τῶν
2809 2492 3110 2559 μελλόντων
3143 2493 3389 2562 ἐφέσεως
3430 2493 3468 2562 η
3522 2490 3761 2561 πορνεία·

2172 2589 2275 2641 ὐπὸ
2301 2588 2358 2640 δὲ
2387 2587 2487 2658 τῆς
2521 2587 2866 2658 συμπαθείας
2886 2588 2984 2658 τῆς
3007 2587 3144 2658 πρὸς
3155 2589 3282 2648 τοὺς
3312 2585 3574 2655 πένητας
3592 2586 3628 2652 ἡ
3649 2583 3757 2651 σιλ-

2173 2680 2431 2752 αργυρίαο
2463 2680 2570 2732 ὑπὸ
2593 2679 2648 2732 δὲ
2683 2679 2784 2749 τῆς
2813 2679 3148 2749 ἀγαθότητος
3175 2679 3267 2732 καὶ
3325 2677 3437 2747 τῆς
3469 2676 3615 2748 πρὸς
3641 2677 3760 2728 πᾶν.

2173 2789 2270 2836 τας
2297 2772 2521 2842 ἀγάπης
2553 2773 2588 2843 ἡ
2619 2771 2778 2842 ὀργή·
2821 2770 2927 2822 ὑπὸ
2953 2769 3011 2823 δέ
3040 2769 3140 2839 τῆς
3170 2768 3566 2838 πνευματικῆς
3598 2767 3760 2836 χαρᾶς

2175 2867 2206 2934 ἡ
2228 2864 2466 2935 κοσμικὴ
2487 2863 2652 2933 λύπη·
2669 2863 2774 2916 ὑπὸ
2793 2863 2849 2916 δὲ
2865 2863 2964 2933 τῆς
2991 2861 3286 2932 ὑπομονῆς,
3307 2861 3405 2914 καὶ
3435 2861 3756 2930 καρτερίας,

2175 2957 2268 3010 καὶ
2299 2955 2401 3026 τῆς
2427 2955 2562 3028 πρὸς
2589 2955 2719 3009 Θεὸν
2743 2954 3163 3028 εὐχαριστίας,ή
3187 2954 3409 3023 ἀκηδία·
3589 2952 3643 3004 δὲ
3668 2951 3757 3018 τῆς

2177 3049 2424 3119 κρυπτῆς
2469 3047 2578 3100 τῶν
2626 3046 2838 3118 ἀρετῶν
2888 3046 3170 3117 ἐργασίας,
3227 3045 3319 3098 καὶ
3358 3045 3463 3114 τῆς
3505 3041 3755 3113 συνεχοῦς

2178 3140 2487 3212 προσευχῆς
2521 3142 2553 3211 ἡ
2581 3139 2875 3206 κενοδοξία·
2904 3140 3011 3194 ὑπὸ
3042 3139 3099 3193 δὲ
3131 3138 3225 3192 τοῦ
3259 3139 3335 3209 μὴ
3370 3137 3592 3209 κρίνειν
3622 3137 3752 3192 τινὰ,

493 3241 547 3288 et
573 3230 641 3286 ad
666 3231 836 3285 Deum
859 3241 1058 3291 erecta,
1089 3230 1200 3301 jam
1225 3245 1291 3285 ex
1319 3229 1420 3284 hoc
1444 3229 1649 3284 mundo
1672 3233 1886 3284 beatam
1918 3230 2066 3286 ducit

2177 3232 2208 3302 ἦ
2236 3233 2556 3300 ἐξουθενεῖνο
2590 3233 2666 3296 ὡς
2697 3233 2726 3285 6
2754 3234 3090 3306 μεγάλαυχος
3120 3234 3433 3304 Φαρισαῖος,
3465 3230 3583 3283 ἀλλ’
3618 3231 3752 3299 ἡγείο

494 3325 686 3390 vitam,
709 3333 935 3394 accepto
960 3322 1199 3394 Spiritus
1225 3323 1532 3378 arrhabone
1557 3341 1571 3377 :
1605 3331 1770 3394 atque
1797 3323 1926 3378 hinc
1951 3315 2066 3395 pro-

2181 3325 2306 3378 σθαι
2335 3326 2525 3379 ἑαυτὸν
2549 3325 2776 3395 ἔσχατον
2798 3325 3036 3388 πάντων,
3067 3327 3101 3396 ἡ
3131 3323 3508 3394 ὑπερηφανία.
3541 3320 3756 3374 Τούτιινι

501 3417 642 3473 fecta
681 3416 999 3489 passionum
1036 3431 1251 3486 expers,
1287 3430 1412 3469 cum
1456 3429 1585 3470 vera
1630 3415 1965 3485 cognitione,
2005 3416 2066 3470 ad

2180 3415 2274 3473 οῦν
2309 3418 2420 3472 τῶν
2449 3419 2758 3490 εἰρημένων
2797 3417 2986 3472 παθῶν
3013 3419 3042 3470 ὀ
3077 3417 3199 3481 νοῦς
3232 3414 3640 3486 ἐλευθερωθεὶς,
3667 3415 3754 3464 καὶ

499 3511 685 3566 lumen
715 3517 920 3565 sancta:
946 3523 1009 3563 ac
1037 3509 1206 3564 beata:
1228 3507 1516 3563 Trinitatis
1546 3507 1762 3564 sistitur
1788 3509 1842 3562 in
1874 3509 2066 3564 saecula

2180 3513 2317 3584 πρὸς
2343 3512 2476 3566 Θεὸν
2503 3511 2828 3581 ἀνυψωθεὶς,
2868 3509 3196 3564 ἀπεντεῦθεν
3238 3509 3302 3578 ζῇ
3345 3507 3448 3578 τὴν
3486 3504 3750 3577 μακαρίαν

501 3602 712 3656 infinita
741 3616 866 3656 cum
897 3601 1102 3658 sanctis
1131 3601 1338 3671 angelis
1365 3599 1663 3671 refulgens.

2183 3604 2351 3676 ζωὴν,
2387 3605 2478 3658 τὸν
2512 3604 2808 3678 ἀρραϐῶνα
2837 3603 3124 3675 δεχόμενος
3154 3602 3246 3654 τοῦ
3280 3599 3623 3670 Πνεῦματος·
3665 3597 3753 3649 καὶ

497 3697 606 3752 τῶν
669 3698 920 3753 ἐντεῦθεν
985 3697 1343 3769 ἀποδημήσας
1390 3697 1530 3768 μετά
1566 3697 1835 3760 ἀπαθείας
1877 3697 1971 3751 καὶ
2011 3697 2258 3766 γνώσεως
2302 3699 2556 3771 ἀληθοῦς,
2607 3701 2938 3772 παρίσταται
2979 3697 3057 3769 τῷ
3121 3696 3260 3766 ᾳωτὶ
3291 3694 3393 3765 τῆς
3463 3692 3627 3760 ἁγίας
3666 3690 3753 3742 αἱ

502 3792 779 3863 μακαρίας
811 3789 1041 3862 Τριάδος
1071 3793 1150 3854 εἰς
1180 3789 1386 3853 αἰῶνας
1417 3790 1756 3862 ἀπεράντους
1790 3789 1926 3860 μετὰ
1956 3791 2063 3844 τῶν
2097 3792 2266 3860 ἁγίων
2290 3794 2538 3862 ἀγγέλων
2569 3792 3075 3862 καταλαμπόμενος.

961 3907 1242 3960 Distinctio
1272 3908 1600 3976 passionum.

571 4018 895 4075 Passionum
926 4021 1047 4075 alia:
1075 4035 1352 4092 corporeae
1373 4029 1522 4083 sunt,
1552 4020 1672 4074 alia:
1701 4019 1936 4074 animam
1961 4034 2077 4088 Spe-

502 4122 674 4166 etant.
721 4112 1031 4183 Corporeas
1061 4113 1316 4176 dicimus,
1364 4112 1714 4178 edacitatem,
1750 4111 2074 4166 fornicatio-

504 4219 650 4266 nem,
685 4204 1031 4267 ebrietatem,
1075 4205 1381 4260 lasciviam.
1425 4205 1678 4259 Animam
1725 4213 1971 4275 spectare
2001 4203 2084 4257 di-

504 4297 681 4351 cimus
716 4297 898 4360 hasce,
930 4297 1115 4352 odium
1140 4311 1268 4367 erga
1305 4297 1640 4368 proximum,
1673 4296 1833 4362 iram,
1857 4302 2083 4351 conten-
2184 4296 2397 4362 Y"f"""
2425 4296 2561 4368 fl"?
2591 4296 2885 4368 ’ἵζ’ξῖζδῇξξ
2914 4296 3640 4368 ξξξξξξξτζξξξᾷξξᾲέξν
3661 4296 3744 4368 νλι

2052 4338 2081 4438 ξι
2181 4351 2367 4421 γοῦσιν
2392 4352 2472 4414 εἰς
2494 4349 2590 4421 τὴν
2613 4349 2885 4420 ἡμετέραν
2912 4345 3110 4416 ψυχὴν,
3141 4339 3387 4408 ἀπούσης
3416 4338 3640 4404 ἀγάπης
3661 4338 3750 4384 καὶ

505 4387 733 4449 tionem,
797 4387 1016 4441 inanem
1080 4387 1328 4457 gloriam.
1384 4387 1476 4442 Ha:
1527 4387 1583 4441 in
1649 4387 1830 4440 anima
1891 4395 2047 4440 nostr

507 4486 831 4550 operantur,
863 4478 1088 4532 absente
1119 4478 1386 4532 charitate
1425 4485 1479 4532 et
1515 4477 1909 4547 temperantia;
1942 4492 2084 4546 pra:-

508 4578 662 4628 sente
712 4578 892 4626 autem
943 4570 1208 4626 charitate
1255 4577 1417 4640 atque
1457 4569 1840 4638 temperantia,
1892 4568 2080 4623 istltaec

508 4662 691 4718 omnia
733 4661 1020 4729 delentur;
1061 4662 1166 4716 alia
1209 4677 1306 4732 per
1338 4660 1679 4732 spiritualem
1728 4661 2079 4723 charitatcm,

507 4755 613 4809 alia
672 4770 768 4825 per
809 4753 1078 4824 jejunium
1130 4765 1183 4810 et
1227 4753 1671 4824 temperantiam.
1729 4749 1885 4807 Tunc
1935 4753 2080 4808 enim

509 4863 668 4904 mens
711 4846 1073 4903 domesticum
1114 4848 1295 4903 lumen
1338 4845 1558 4916 accipit,
1606 4861 1671 4900 ac
1720 4844 1888 4902 Deum
1935 4846 2085 4900 nullo

509 4945 668 5000 obice
690 4941 857 4997 videt.

1006 5055 1086 5110 De
1113 5053 1205 5108 Dei
1237 5054 1588 5123 providentia.

2632 3885 2897 3950 Διάθεσις
2933 3884 3050 3938 τῶν
3076 3879 3299 3936 παθῶν.

2254 3983 2375 4036 Τῶν
2405 3981 2594 4035 παθῶν
2623 3980 2690 4034 τὰ
2728 3979 2825 4051 μὲν
2857 3978 2969 4032 ἐστι
3001 3974 3305 4047 σωματικά,
3337 3973 3406 4025 τά
3439 3971 3498 4023 δὲ
3529 3965 3744 4038 ﬁrmi-lui.

2184 4077 2295 4130 Καὶ
2313 4073 2602 4148 σωματικά
2623 4075 2719 4142 μὲν
2741 4073 2970 4144 λέγομεν
2991 4065 3450 4141 γαστριμαργίαν,
3482 4059 3748 4132 πορνείαν.

2186 4167 2376 4238 μέθην,
2405 4165 2710 4235 ἀσέλγειαν·
2738 4163 2946 4234 ψυχικά
2967 4161 3022 4216 δέ
3055 4163 3209 4231 μῖσος
3233 4157 3369 4229 πρὸς
3387 4155 3479 4208 τὸν
3508 4150 3745 4222 πλησίον.

2184 4259 2397 4329 φθόνος,
2425 4259 2561 4331 ἔρις.
2589 4257 2885 4323 κενοδοξία,
2911 4251 3278 4326 ὑπερηφανία.
3308 4247 3500 4300 Ταῦτα
3528 4245 3584 4298 δέ
3611 4247 3752 4312 ἐνερ·

2182 4443 2526 4515 ἐγκρατείας·
2557 4441 2839 4513 παρούσης
2885 4439 2942 4492 δὲ
2998 4436 3214 4506 ἀγάπης
3261 4431 3355 4485 καὶ
3411 4426 3747 4498 ἐγκρατείας.

2181 4535 2354 4590 ταῦτα
2403 4535 2579 4589 πάντα
2635 4532 3065 4601 ἐξαφανίζονται,
3112 4526 3182 4579 τά
3237 4524 3335 4595 μὲν
3379 4521 3484 4574 ὑπὸ
3539 4516 3750 4584 ἀγάπης

2116 4620 2158 4673 θ
2183 4629 2581 4700 πνευματικῆς,
2631 4626 2699 4679 τά
2745 4625 2801 4676 δὲ
2836 4623 2940 4676 ὑπὸ
2979 4619 3232 4690 νηστείας
3274 4615 3367 4668 καὶ
3411 4608 3749 4700 ἐγκρατείας.

2185 4697 2336 4772 Τότε-
2357 4718 2465 4788 γὰρ
2550 4715 2674 4778 νοῦς
2703 4714 2795 4768 καὶ
2822 4713 2882 4765 τὸ
2905 4712 3102 4764 οἰκεῖον
3131 4705 3245 4776 φῶς
3271 4699 3644 4770 ἀπολαμϐάνει
3663 4697 3750 4750 καὶ
3837 4727 3842 4730 -

2183 4813 2275 4866 τὸν
2300 4811 2434 4864 Θεὸν
2462 4811 2640 4879 ἀπαρε
2651 4805 2955 4879 μποδίπως
2981 4802 3104 4874 ὁρᾷ.

2499 4987 2640 5058 Περὶ
2668 4983 2775 5054 τῆς
2811 4984 2916 5039 τοῦ
2957 4981 3102 5038 Θεοῦ
3138 4978 3442 5050 προνοίας.

2257 5085 2442 5140 Πάντα
2469 5084 2533 5136 ἐκ
2561 5079 2654 5135 τοῦ
2683 5076 2842 5142 Θεοῦ,
2873 5076 2967 5131 καὶ
2992 5075 3061 5128 τά
3087 5072 3286 5141 ἀγαθά,
3317 5074 3411 5122 καὶ
3443 5067 3512 5119 τά
3543 5065 3749 5133 λυπηρὰ

579 5175 773 5228 Omnia
808 5187 874 5227 ex
906 5170 1018 5225 Deo
1064 5176 1215 5234 sunt,
1244 5169 1411 5232 bona,
1443 5166 1645 5234 tristia,
1675 5165 1929 5236 indig....;
1991 5179 2064 5218 set

2187 5174 2280 5227 καὶ
2304 5172 2372 5227 τά
2392 5169 2585 5236 ἀνάξια
2607 5187 2620 5199 ·
2640 5167 2775 5222 άλλά
2795 5165 2864 5221 τά
2895 5166 2990 5236 μὲν
3021 5162 3257 5232 εὐδοκία,
3289 5159 3355 5212 τά
3376 5159 3434 5211 δὲ
3457 5155 3745 5224 οἰκονομίᾳ.

508 5269 613 5323 alia
651 5267 871 5340 quidem
903 5264 1106 5335 placito
1146 5262 1300 5332 ejus;
1335 5261 1463 5322 alia,
1492 5260 1945 5330 dispensatione;
1982 5257 2066 5310 ali:

2185 5263 2252 5317 τὰ
2290 5263 2345 5317 δὲ
2388 5261 2801 5333 παραχωρήσει.
2839 5257 2949 5311 Καὶ
2977 5254 3044 5308 τόι
3073 5255 3190 5306 κατ’
3225 5249 3491 5309 εὐδοκίαν,
3527 5247 3613 5298 an
3641 5245 3747 5295 κατ’

509 5335 898 5432 permissione.
930 5356 1062 5423 Quae
1091 5355 1294 5426 placito
1319 5353 1440 5422 ejus
1463 5352 1906 5424 (eveniuntjcnm
1936 5347 2066 5402 scili'

2187 5354 2386 5427 ἀρετὴν
2434 5350 2863 5422 πολιτευώμεθα·
2922 5347 3168 5418 βούλεται
3217 5343 3326 5413 γὰρ
3371 5340 3594 5432 ἡμᾶς-ὀ
3630 5335 3749 5432 Θεὸς

507 5427 594 5508 eet
628 5452 794 5506 vitam
827 5451 882 5504 in
908 5450 1110 5503 virtute
1139 5449 1387 5518 agimus;
1414 5446 1527 5501 vult
1549 5459 1787 5513 namque
1817 5441 1960 5497 Deus
1985 5456 2066 5494 no:

2187 5443 2607 5515 ἀναμαρτήτους
2637 5441 2868 5510 διάγειν,
2911 5439 3005 5492 καὶ
3047 5435 3182 5508 μετὰ
3206 5435 3305 5504 τῆς
3334 5430 3635 5490 ευσεδείας,
3668 5427 3752 5518 καὶ

509 5543 629 5598 sine
662 5551 889 5614 peccato
922 5541 1142 5611 degere,
1183 5517 1348 5610 atque
1389 5553 1513 5592 cum
1556 5538 1759 5608 pietate
1794 5543 1848 5590 et
1888 5534 2066 5588 νὶτιυῑ‹

2187 5537 2388 5609 ἀρετῆς
2416 5533 2814 5589 πολιτεύεσθαι.
2848 5533 2984 5586 Κατ’
3008 5526 3316 5596 οἰκονομίαν
3341 5525 3417 5588 δὲ,
3447 5523 3576 5576 ὅταν
3601 5517 3752 5586 σφαλ-

507 5613 675 5688 vitam
749 5634 1057 5689 instituere.
1121 5629 1546 5702 Dispensatione
1597 5635 1802 5690 autem,
1868 5625 2066 5696 quandi

2186 5627 2401 5698 λόμενοι
2434 5627 2529 5679 καὶ
2560 5624 2967 5697 ἁμαρτάνοντες
3014 5616 3414 5688 παιδευώμεθα.
3459 5613 3617 5702 κατά
3653 5626 3748 5664 πα-

508 5727 645 5799 lapsi
674 5735 874 5798 etpost
905 5735 1186 5798 peccatum
1222 5701 1525 5778 admissum
1561 5718 1917 5792 castigamur.
1954 5715 2066 5773 Per

2190 5713 2501 5788 ραχὼρησιν
2529 5714 2606 5779 δέ,
2635 5715 2762 5767 ὅταν
2795 5710 3166 5780 παιδευόμενοι
3209 5707 3286 5778 μὴ
3324 5701 3747 5773 ἐπιστρέψωμεν·

589 5883 632 5914 ⁸⁸
673 5881 859 5936 Matth.
903 5894 977 5948 tv,
1010 5880 1063 5935 5.
1143 5878 1181 5911 ⁸⁸
1224 5875 1398 5931 Galat.
1434 5891 1486 5941 v,
1529 5873 1614 5927 l7.
