3976 6388
214 335 345 395 μοι

1198 344 1277 397 SY
1293 343 1579 403 NTACMA
1619 345 1712 400 AD
1751 343 2092 411 QUEMDAM
2135 343 2539 401 POLITICUM.

3320 347 3467 405 μοι

212 457 468 530 nam;
496 461 604 531 7&9
635 461 664 513 ὁ
698 460 831 525 Θεὸς
858 462 948 516 τὸν
986 462 1269 537 ἄνθρωπον
1310 466 1568 537 σωθῆναι,
1603 466 1786 530 καθὼς

1891 468 2152 524 missione
2172 482 2325 533 vero,
2345 463 2476 523 'cum
2504 465 2756 536 castigati
2779 475 2891 521 non
2918 465 3307 520 convertimur.
3327 464 3467 523 Nam

212 554 305 606 καὶ
334 554 385 607 oi
430 552 652 623 ἄγγελοι
695 553 863 609 ἐϐόων
900 555 1165 626 λέγοντεςο
1211 578 1230 609 ι
1260 558 1400 627 Δόξα
1443 561 1501 614 ἐν
1543 559 1787 629 ὑψίστοις

211 643 349 716 Θεῷ,
382 645 477 699 καὶ⁸
505 645 696 719 είρήνη
736 646 828 700 ἐπὶ
868 647 970 718 γῆς
1010 649 1070 702 ἐν
1108 649 1417 722 ἀνθρώποις
1457 650 1724 716 εὐδοκίας.
1762 670 1781 703 ι

212 736 587 809 Οἰκονομικῶς
614 737 672 791 δέ
702 737 862 793 πάλιν
893 740 1134 793 παιδεύει
1173 743 1322 812 ἡμᾶς
1347 742 1782 814 ἁμαρτάνοντας,

216 848 235 880 ι
271 828 359 883 ῖνα
390 827 465 900 μὴ
490 830 587 883 σὺν
612 828 688 900 τῷ
712 829 903 901 κόσμῳ
941 831 1383 902 κατακριθῶμεν,
1414 852 1433 884 ι
1460 831 1536 897 ὣς
1566 849 1729 904 φησιν
1758 834 1789 887 δ

222 919 561 983 ’Δπόστολοςο
594 939 615 972 ι
643 920 966 992 Κρινόμενοι
991 923 1046 977 δέ
1067 924 1173 977 ὑπὸ
1192 924 1286 977 τοῦ
1307 924 1514 996 Κυρίου
1541 925 1790 978 παιδευό-

214 1012 371 1083 μεθα.
422 1013 537 1066 Ούκ
570 1012 685 1066 ἐστι
728 1014 895 1071 κακία
940 1017 999 1068 ἐν
1045 1014 1217 1079 πόλει,
1265 1016 1333 1086 ῆν
1373 1019 1402 1070 δ
1442 1016 1647 1088 Κύριος
1689 1017 1789 1069 οὐκ

211 1101 458 1173 ἐποίησε*
506 1123 525 1157 ι
565 1104 809 1158 τουτέστι
857 1105 1097 1179 λοιμοὺς,
1153 1108 1366 1179 λιμοὺς,
1431 1108 1633 1173 νόσους,
1694 1109 1788 1163 καὶ

213 1192 430 1263 σφαγὰς
467 1192 741 1265 πολέμων.
791 1194 976 1250 Ταῦτα
1017 1196 1128 1269 7&9
1169 1197 1347 1253 πάντα
1383 1197 1483 1267 τῆς
1513 1196 1787 1268 ἁμαρτίας

210 1283 359 1338 ἐστὶν
390 1284 732 1359 ἀναιρετικά.
780 1286 1110 1361 Παραχωρεῖ
1139 1286 1197 1341 δὲ
1236 1288 1331 1341 καὶ
1375 1285 1593 1352 τελείως
1623 1288 1790 1357 ἐγκα-

210 1376 548 1448 ταλιμπάνει
589 1378 718 1442 τοὺς
760 1379 835 1451 μὴ
897 1378 1151 1445 θέλοντας
1194 1379 1227 1451 ἦ
1267 1380 1666 1451 ἀναμαρτήτως
1710 1379 1789 1433 δι-

212 1466 392 1536 άγειν,
424 1468 458 1541 ἢ
496 1468 916 1540 παιδευομένους
960 1471 1033 1544 μή
1075 1471 1441 1543 ἐπιστρέφειν,
1466 1471 1581 1527 ἀλλ’
1608 1470 1688 1524 ἐτι
1718 1472 1785 1544 τῇ

213 1558 380 1630 κακία
406 1561 684 1631 ἐμμένειν,
702 1561 884 1625 καθὼς
915 1561 1245 1634 γέγραπται,
1278 1565 1360 1618 ὅτι
1393 1582 1410 1614 ι
1434 1562 1786 1630 Τετύφλωκεν

210 1655 240 1707 δ
259 1652 392 1717 Θεὸς
416 1654 595 1707 αὐτῶν
619 1656 744 1719 τοὺς
766 1654 1095 1728 ὀφθαλμοὺς,
1126 1659 1217 1711 καὶ
1241 1656 1576 1727 πεπὼρωκεν
1607 1656 1786 1710 αὐτῶν

209 1744 308 1815 τὴν
339 1745 591 1817 καρδίανο
619 1767 640 1800 ι
665 1746 787 1801 καί·
808 1766 827 1799 ι
848 1748 1170 1821 Παρέδωκεν
1198 1750 1391 1813 αὐτοὺς
1419 1751 1499 1815 είς
1529 1749 1786 1820 ἀδόκιμον

1886 559 1997 615 Deo
2020 561 2281 632 placitum
2302 567 2387 615 est
2412 558 2687 613 hominem
2714 558 2926 612 salvum
2949 557 3089 622 ﬁeri,
3113 559 3468 628 quemadmo-

1884 653 2013 709 dum
2042 662 2097 709 et
2126 653 2305 724 angeli
2330 652 2644 706 clamabant
2668 649 2957 707 dicentes:
3006 668 3025 701 ι
3063 650 3247 706 Gloria
3277 651 3333 705 in
3369 666 3467 708 cx-

1884 743 2051 800 celsis
2096 730 2225 806 Deo,
2260 750 2315 797 et
2356 742 2410 795 in
2458 749 2610 795 terra
2657 755 2785 810 pax,
2831 740 2887 795 in
2936 738 3096 811 517
3145 741 3462 798 hominibus

1884 835 2042 891 bona:
2063 832 2369 890 voluntatis
2385 833 2452 895 υ,
2489 851 2509 883 ι
2532 830 2669 886 Cum
2686 833 2991 887 oaeonomia
3014 847 3144 888 vero
3163 847 3267 888 nos
3291 836 3469 890 corri-

1887 927 1966 996 pit
2004 935 2315 997 peccantes,
2368 942 2388 975 ι
2435 930 2494 977 ut
2528 937 2639 977 non
2685 937 2810 978 cum
2848 922 2953 977 hoc
2992 925 3197 980 mundo
3241 926 3466 982 damnc-

1887 1032 2031 1080 mur,
2072 1036 2091 1070 ι
2126 1026 2187 1071 ut
2213 1018 2289 1071 ait
2321 1015 2656 1086 Apostolus:
2693 1032 2714 1066 ι
2754 1013 2892 1069 Cum
2922 1015 3235 1083 iudicamur
3259 1026 3464 1083 autem,

1887 1123 1917 1162 a
1944 1106 2173 1163 Domino
2197 1106 2526 1178 corripimur
2542 1101 2805 1160 ".-—Non
2825 1113 2913 1159 est
2928 1105 3127 1159 malum
3145 1106 3201 1159 in
3219 1106 3462 1170 civitate,

1886 1198 2031 1270 quod
2059 1214 2167 1253 non
2203 1198 2391 1253 iecerit
2418 1196 2683 1252 Dominus
2708 1197 2776 1260 “,
2820 1214 2840 1248 ι
2878 1195 2933 1251 id
2973 1204 3078 1262 est,
3113 1207 3343 1268 pestem,
3380 1197 3463 1251 fa-

1885 1306 2053 1356 mem,
2092 1290 2361 1345 bellarum
2397 1289 2598 1344 caedes.
2628 1286 2757 1343 Haec
2788 1288 2933 1343 enim
2963 1289 3145 1342 omnia
3178 1298 3460 1359 peccatum

1888 1380 2169 1439 auferunt.
2197 1380 2471 1436 Permittit
2499 1396 2630 1435 vero
2655 1389 2817 1449 atque
2844 1381 3072 1435 omnino
3099 1382 3232 1436 sinit
3250 1397 3346 1438 eos
3369 1383 3464 1453 qui

1886 1475 2007 1530 sine
2052 1480 2277 1543 peccato
2307 1471 2508 1541 degere
2551 1471 2765 1537 nolunt,
2812 1481 3097 1541 correptos
3130 1488 3242 1527 non
3280 1488 3467 1529 emen-

1885 1565 2026 1631 dari,
2068 1563 2163 1620 sed
2195 1562 2250 1618 in
2277 1563 2487 1618 malitia
2523 1578 2899 1633 perseverare,
2930 1564 3007 1617 uti
3037 1565 3300 1634 scriptum
3334 1571 3457 1620 est:

1891 1675 1911 1708 ι
1934 1656 2237 1711 Excaacavit
2257 1654 2401 1710 Dens
2421 1657 2613 1710 oculos
2640 1670 2853 1719 eorum,
2873 1662 2926 1709 et
2942 1670 3039 1709 cor
3059 1670 3246 1710 eorum
3266 1655 3467 1711 obscu-

1885 1748 2059 1815 ravit;
2092 1767 2111 1799 ι
2131 1756 2187 1803 et
2218 1764 2233 1801 :
2270 1764 2290 1798 ι
2319 1744 2568 1801 Tradidit
2591 1761 2686 1801 eos
2711 1746 2768 1799 in
2803 1746 3098 1815 reprobum
3135 1761 3379 1813 sensum,
3405 1754 3467 1800 ut

211 1833 335 1888 νοῦν
368 1840 542 1890 ποιεῖν
566 1836 636 1892 τά
669 1837 744 1910 μὴ
771 1839 1100 1910 καθήκοντα·
1135 1859 1155 1892 ι
1197 1841 1664 1905 τουτέστιν,εῖασε
1697 1840 1786 1895 διὰ

1891 1838 2094 1893 faciant
2125 1853 2188 1892 ea
2211 1852 2331 1908 quae
2352 1852 2460 1892 non
2479 1835 2816 1891 conveniunt
2839 1836 2883 1867 “
2908 1852 2923 1901 ;
2956 1855 2975 1888 ι
3005 1836 3057 1890 id
3085 1844 3187 1898 est,
3221 1837 3467 1906 permisit

208 1927 272 1980 τὸ
295 1928 638 1995 αὐτεξούσιον
657 1946 671 1961 ο
703 1931 797 1985 καί
832 1950 850 1982 ι
870 1931 1193 2004 Σκληρύνων
1225 1932 1510 2005 σκληρυνῶ
1534 1934 1634 2005 τὴν
1660 1950 1786 2005 καρ-

209 2018 330 2073 δίαν
362 2019 564 2093 Φαραώ
581 2038 596 2052 ⁸
632 2040 651 2073 ι
674 2022 944 2089 τουτέστι,
971 2025 1359 2096 παραχωρήσω
1388 2023 1787 2099 σκληρυνθῆναι

211 2110 300 2165 διά
328 2112 428 2183 τήν
459 2113 729 2169 ἀπάθειαν
761 2113 950 2172 αὐτοῦ.

458 2227 599 2297 Περὶ
642 2226 754 2295 τῆς
777 2227 1314 2299 αὐτεξουσιότητος
1350 2230 1538 2301 ἡμῶν.

295 2319 356 2373 '0
392 2319 523 2384 Θεὸς
568 2320 658 2374 τὸν
686 2320 969 2394 ἄνθρωπον
1013 2321 1355 2387 αὐτεξούσιον
1393 2324 1614 2390 ἔπλασε,
1644 2324 1790 2399 λόγῳ

214 2415 311 2469 καί
340 2413 505 2485 σοφίᾳ
544 2414 863 2497 τιμηθέντμ,
896 2413 1003 2486 πρὸ
1029 2415 1321 2487 ὀφθαλμῶν
1356 2417 1521 2470 αὑτοῦ
1550 2417 1664 2483 θεὶς
1690 2420 1789 2493 τὴν

215 2506 361 2577 ζωὴν
394 2507 489 2561 καὶ
513 2506 605 2561 τὸν
635 2505 880 2560 θάνατον·
914 2507 1020 2573 ἴνα,
1052 2510 1101 2562 εί
1126 2509 1224 2579 μὲν
1246 2508 1458 2582 θελήσει
1487 2512 1552 2583 τῇ
1588 2513 1780 2580 αὐτεξ-

215 2595 488 2668 ουσιότητι
516 2597 615 2668 τῆς
641 2594 820 2667 ζωῆς·
855 2596 1167 2671 παραθήση,
1199 2597 1339 2671 ζήσῃ
1363 2600 1443 2662 είς
1462 2601 1554 2653 τὸν
1583 2599 1784 2655 αἰῶναο

218 2692 267 2743 εί
321 2690 379 2743 δέ
411 2689 520 2743 ἀπὸ
571 2691 745 2760 κακῆς
779 2690 1145 2763 προαιρέσεως
1194 2691 1499 2765 παραθήσει
1533 2694 1633 2767 τὴν
1673 2693 1791 2749 ὁδὸν

216 2781 313 2836 τοῦ
340 2781 597 2846 θανάτου,
622 2782 857 2847 αίωνίως
883 2782 1202 2855 κολάζηται.
1221 2784 1303 2839 Τὰ
1327 2784 1435 2856 7&9
1459 2785 1559 2857 τῆς
1579 2785 1792 2857 φύσεως

218 2874 574 2947 ἀμετάϐλητα
605 2874 728 2929 οὔτε
758 2875 1036 2949 τιμωριῶν
1062 2875 1186 2931 οὔτε
1224 2877 1396 2950 τιμῆς
1425 2878 1569 2945 ἀξια.
1604 2878 1793 2944 Οὐδεὶς

220 2967 332 3040 7&9
364 2966 628 3038 ἐνεκλήθη
664 2968 796 3021 ποτὲ
825 2968 888 3021 τὸ
925 2965 1064 3023 εἶναι
1107 2968 1329 3035 λευκὸς,
1359 2969 1391 3042 ἢ
1428 2971 1626 3042 μέλας,
1659 2970 1693 3043 ἢ
1730 2970 1793 3025 τὸ

220 3055 360 3112 εἶναι
388 3059 619 3132 μακρὸς,
657 3059 691 3131 ἢ
741 3060 937 3131 μικρός
957 3079 971 3091 ·
1000 3061 1061 3113 ού
1100 3061 1210 3134 γάρ
1251 3063 1351 3134 τῆς
1385 3064 1656 3137 ἡμετέρας
1683 3066 1790 3120 εἰσὶ

1887 1931 1958 1985 ob
1998 1930 2228 1985 liberum
2268 1929 2590 1994 arbitrium;
2614 1934 2707 1983 et:
2736 1945 2755 1979 ι
2777 1925 3045 1982 lndurans
3077 1928 3345 1981 indurabo
3370 1941 3467 1981 cor

1883 2019 2185 2077 Pharaonis
2209 2020 2287 2088 “;
2319 2039 2339 2071 ι
2376 2019 2431 2075 id
2462 2028 2569 2085 est,
2612 2021 2921 2090 permittam
2967 2019 3212 2074 indurari
3242 2019 3312 2074 ob
3345 2019 3466 2089 ejus

1889 2112 2056 2167 animi
2086 2111 2420 2167 socordiam.
2478 2172 2483 2177 ,

2284 2219 2364 2276 De
2399 2220 2563 2275 libero
2603 2231 2787 2275 nostra
2820 2220 3066 2274 arbitrio.

1958 2312 2104 2368 Deus
2140 2312 2420 2368 hominem
2452 2313 2684 2369 liberum
2724 2312 2876 2380 fecit,
2906 2314 3074 2368 verbo
3108 2321 3161 2366 et
3195 2314 3463 2384 sapientia

1887 2414 2164 2471 ornatum,
2198 2405 2376 2476 posita
2404 2412 2531 2460 ante
2554 2404 2675 2475 ejus
2704 2405 2896 2460 oculos
2926 2404 3034 2457 vita
3067 2412 3231 2473 atque
3262 2411 3462 2469 morte,

1888 2504 1949 2553 ut
1978 2497 2024 2551 si
2056 2496 2278 2567 quidem
2299 2495 2534 2551 voluerit
2565 2495 2740 2551 libero
2774 2512 2875 2551 suo
2900 2496 3127 2550 arbitrio
3155 2495 3321 2549 vitam
3348 2512 3465 2550 am-

1889 2587 2078 2660 plecti,
2111 2586 2258 2642 vivat
2302 2587 2358 2643 in
2408 2587 2708 2656 sarculum;
2758 2588 2845 2643 sin
2877 2604 3045 2659 pravo
3092 2588 3327 2643 consilio
3364 2589 3464 2643 via:

1891 2678 2087 2735 mortis
2125 2677 2367 2744 insistat,
2396 2688 2661 2733 aternum
2691 2678 2991 2734 crucietur.
3024 2676 3155 2746 Qua:
3184 2679 3329 2734 enim
3360 2694 3462 2733 na-

1893 2778 2019 2825 tura
2043 2771 2205 2826 habet
2227 2770 2611 2836 immutabilia,
2639 2787 2819 2842 neque
2840 2772 3109 2842 supplicio
3125 2771 3286 2843 digna
3311 2781 3460 2836 sunt,

1892 2876 2073 2931 neque
2119 2860 2362 2931 praemio.
2412 2859 2581 2916 Nemo
2627 2862 2829 2933 quippe
2880 2878 3119 2933 unquam
3170 2870 3462 2918 accusatus

1895 2952 2019 3018 fuit,
2053 2952 2200 3024 quod
2250 2953 2323 3010 sit
2369 2953 2526 3009 albus
2576 2955 2661 3009 vel
2695 2955 2867 3025 niger,
2909 2963 3005 3008 aut
3034 2953 3179 3024 quod
3225 2953 3297 3009 sit
3338 2969 3463 3024 pro-

1893 3058 2034 3100 cera:
2062 3045 2147 3100 vel
2179 3058 2357 3116 parva;
2395 3052 2657 3101 staturae:
2695 3061 2759 3101 ea
2788 3045 2932 3100 enim
2965 3061 3072 3099 non
3110 3061 3275 3116 penes
3314 3045 3461 3100 arbi-

221 3150 610 3224 προαιρέσεως.
669 3152 790 3206 Τῶν
836 3152 946 3225 7&9
1010 3152 1112 3225 τῆς
1158 3154 1529 3226 προαιρέσεως
1558 3135 1677 3212 ήκαὶ
1733 3158 1787 3213 αἱ

1895 3136 2058 3191 trium
2092 3144 2343 3193 nostrum
2375 3137 2479 3193 sita
2504 3143 2654 3193 sunt.
2684 3135 2819 3191 Nam
2855 3137 3121 3209 supplicia
3159 3146 3211 3191 et
3241 3139 3460 3209 praemia

222 3242 472 3308 κολάσεις
500 3244 607 3297 εἰσὶ
638 3242 734 3297 καὶ
781 3244 839 3298 αἱ
875 3244 1051 3317 τιμαί.
1084 3246 1432 3318 ’Δμφοτέρων
1477 3243 1569 3302 οὖν
1607 3248 1786 3322 χρεία,

221 3336 315 3390 καὶ
345 3336 446 3407 τῆς
477 3335 751 3408 ἡμετέρας
782 3336 976 3409 βουλῆς
1008 3337 1102 3391 καὶ
1132 3337 1420 3409 θελήσεως,
1456 3339 1666 3410 καὶτῆς
1693 3341 1787 3395 τοῦ

221 3425 356 3481 Θεοῦ
384 3428 703 3498 συνεργείας
753 3427 845 3481 καὶ
886 3427 1255 3499 ἀντιλήψεως·
1305 3430 1490 3503 ἐτέρου
1534 3431 1640 3504 7&9
1680 3432 1789 3485 λεί-

223 3534 436 3583 ποντος,
465 3517 629 3588 ἀργεῖ
669 3518 761 3572 καὶ
806 3518 867 3571 τὸ
902 3518 1107 3591 ἕτερον.
1139 3520 1394 3591 Προέγνω
1425 3521 1533 3594 γάρ
1554 3525 1582 3576 ὁ
1617 3523 1749 3587 Θεὸς
1770 3563 1787 3588 ,

221 3611 312 3664 κα)⁸
349 3607 647 3681 προώρισε,
684 3610 775 3666 καὶ
803 3611 1092 3677 ἐκάλεσεν,
1127 3612 1262 3667 ἀλλὰ
1301 3616 1427 3678 τοὺς
1460 3615 1603 3669 κατὰ
1653 3615 1789 3689 πρό-

221 3700 366 3755 θεσιν
398 3701 630 3774 κλητοὺς
679 3700 871 3765 ιντας,
919 3699 1100 3765 καθώς
1151 3719 1313 3773 φησιν
1354 3704 1384 3756 ὀ
1433 3704 1784 3773 Ἀπόστολος,

220 3794 461 3848 τουτέστι
511 3792 653 3847 κατά
685 3792 902 3858 θέλησιν
936 3793 1031 3846 καὶ
1080 3791 1331 3866 βούλησιν
1352 3810 1366 3824 ⁸
1401 3796 1528 3858 τοὺς
1559 3796 1666 3869 7&9
1710 3797 1787 3870 μὴ

219 3884 580 3957 βουληθέντας
614 3885 762 3939 εἴασε
802 3885 881 3957 τῷ
915 3884 1094 3938 αὐτῶν
1140 3884 1467 3957 πορεύεσθαι
1501 3885 1785 3958 θελήματι.

219 3980 293 4032 Ού
320 3977 430 4051 7&9
480 3978 766 4049 βιάζεται,
813 3978 936 4030 οὐδὲ
983 3976 1303 4048 λυμαίνεται
1334 3976 1394 4030 τὸ
1443 3976 1788 4044 αὐτεξούσιον

219 4068 409 4139 ἡμῶν
440 4069 541 4139 τῆς
562 4068 671 4138 γὰρ
693 4066 780 4121 ἐπ’
815 4068 981 4138 ἄμφω
1015 4068 1211 4140 ῥοπῆς,
1248 4067 1383 4141 πρὸς
1414 4070 1618 4141 ἀρετήν
1646 4087 1787 4143 φημι

218 4160 309 4212 καὶ
330 4158 626 4223 κακίαν,τδ
653 4154 996 4221 αὐτεξούσιον
1020 4156 1303 4230 ἐλάϐομεν.
1322 4155 1490 4213 Οὐδὲν
1509 4159 1618 4212 τῶν
1638 4159 1789 4230 παρὰ

215 4251 307 4305 τοῦ
349 4249 487 4304 Θεοῦ
516 4248 775 4302 δοθέντων
817 4250 948 4320 ἡμῖν
993 4250 1073 4313 εἰς
1114 4248 1329 4321 χρῆσιν,
1374 4250 1574 4305 κακόν⁶
1613 4252 1789 4306 πάντα

221 4343 329 4414 γάρ
352 4342 455 4395 ὅσα
484 4342 549 4394 ἐκ
586 4337 679 4393 τοῦ
705 4338 839 4392 Θεοῦ
873 4337 1034 4404 καλά,
1064 4340 1157 4393 καὶ
1190 4339 1309 4394 λίαν
1352 4340 1491 4394 καλὰ
1510 4343 1580 4414 δή
1613 4341 1789 4415 παρά-

220 4448 418 4505 χρησις
452 4430 612 4502 μόνον
646 4429 839 4483 κακόν·
873 4429 967 4483 τοῦ
997 4433 1104 4502 γὰρ
1127 4430 1397 4504 ήμετέρου
1420 4431 1568 4486 ἐστὶν
1596 4431 1788 4499 αὐτεξ-

1891 3227 2164 3283 voluntati
2212 3238 2266 3284 et
2302 3230 2585 3300 proposito
2626 3229 2965 3285 tribuuntur.
3021 3226 3263 3300 Utraque
3297 3229 3461 3300 igitur

1892 3335 1951 3376 re
1989 3335 2128 3392 opus
2157 3328 2277 3389 est;
2311 3322 2590 3378 voluntate
2623 3323 2857 3386 scilicet,
2899 3337 2994 3379 seu
3045 3323 3326 3393 proposito
3370 3339 3462 3376 no-

1889 3420 2027 3477 stro,
2070 3428 2135 3467 ac
2180 3411 2275 3468 Dei
2306 3412 2513 3468 auxilio
2544 3422 2600 3469 et
2631 3414 2957 3486 patrocinio.
2998 3414 3184 3469 Altero
3225 3430 3460 3484 namque

1890 3503 2214 3569 deﬁciente,
2270 3503 2507 3558 alterum
2564 3512 2648 3559 est
2698 3504 2911 3560 inutile.
2976 3503 3259 3559 Przescivit
3310 3507 3457 3558 enim

1891 3594 2055 3662 Deus,
2099 3593 2475 3664 prazdetinivit,
2509 3602 2564 3649 et
2594 3594 2840 3659 vocavit,
2869 3593 3102 3650 sed'eos
3131 3594 3222 3663 qui
3259 3609 3453 3647 secun-

1888 3687 2017 3741 dum
2062 3683 2402 3755 propositum
2456 3684 2630 3739 vocati
2680 3695 2830 3748 sunt,
2875 3683 3331 3755 quemadmodum
3381 3684 3457 3737 ait

1888 3778 2186 3847 Apostolus
2205 3776 2270 3842 ‘7,
2318 3775 2371 3830 id
2426 3784 2532 3839 est,
2597 3776 2900 3832 secundum
2943 3778 3322 3831 voluntatem:
3360 3791 3456 3830 eos

1889 3868 2089 3939 quippe
2121 3865 2215 3938 qui
2260 3866 2557 3930 noluerint,
2590 3866 2721 3922 sinit
2744 3869 2859 3936 ipse
2900 3866 2969 3922 ad
3015 3881 3171 3921 suam
3206 3866 3457 3920 volunta—

1888 3967 1998 4015 tem
2045 3968 2101 4014 et
2137 3960 2477 4032 propositum
2506 3958 2781 4015 incedere.
2824 3958 2940 4014 Non
2976 3959 3082 4013 vim
3109 3958 3271 4013 infert
3313 3957 3457 4012 arbi-

1889 4053 1997 4104 trio
2035 4057 2248 4114 nostro,
2294 4063 2471 4119 neque
2506 4048 2650 4103 la-dit
2692 4050 2893 4120 ipsum.
2934 4048 3259 4120 Accepimns
3310 4048 3453 4104 enim

1888 4153 2081 4201 nutum
2126 4143 2192 4199 ad
2224 4150 2514 4213 utramque
2548 4151 2791 4214 partem;
2825 4143 2891 4198 ad
2940 4143 3193 4197 virtutem
3240 4156 3454 4210 nempe,

1888 4246 1941 4293 et
1973 4237 2041 4292 ad
2072 4236 2287 4302 vitium,
2313 4235 2543 4291 liberum
2569 4236 2779 4291 scilicet
2809 4235 3118 4291 arbitrium.
3148 4234 3226 4289 Ex
3248 4235 3316 4289 iis
3338 4249 3458 4305 qua:

1889 4346 1920 4386 a
1952 4330 2062 4387 Deo
2102 4330 2263 4386 nobis
2290 4328 2357 4384 ad
2394 4344 2551 4384 usuin
2582 4328 2708 4383 data
2756 4337 2885 4384 sunt
2918 4327 3053 4383 nihil
3083 4334 3167 4382 est
3211 4326 3410 4381 malum
3438 4344 3453 4381 :

1890 4423 2072 4479 omnia
2106 4423 2252 4479 enim
2294 4438 2416 4493 quae
2463 4436 2527 4477 ex
2564 4421 2672 4477 Deo
2706 4419 3009 4492 procedunt
3038 4419 3179 4474 bona
3222 4426 3371 4478 sunt,
3406 4426 3459 4473 et

215 4525 423 4579 ουσίου.
482 4521 575 4575 Διὸ
606 4522 665 4575 ού
713 4519 785 4574 τὰ
828 4519 1091 4593 βρώματα
1125 4522 1314 4589 κακὸν,
1352 4521 1466 4576 ἀλλ’
1499 4524 1532 4594 ή
1565 4540 1787 4594 γαστρι-

1892 4514 2185 4570 admodum
2234 4513 2409 4581 bona;
2453 4514 2603 4570 solus
2647 4514 2855 4569 abusus
2902 4511 3099 4576 malus,
3149 4510 3241 4580 qui
3285 4510 3454 4565 nostri

214 4615 447 4691 μαργία’
474 4613 599 4668 οὐδὲ
629 4613 961 4679 παιδοποιία,
992 4613 1104 4667 ἀλλ’
1131 4615 1163 4685 ή
1206 4614 1450 4686 πορνείω
1478 4615 1600 4669 οὑδέ
1627 4616 1789 4687 μετά-

210 4708 377 4780 ληψις
423 4704 518 4760 τοῦ
571 4704 739 4769 οτνου,
769 4703 885 4757 ἀλλ’
925 4706 958 4775 ή
1014 4704 1186 4776 μέθη’
1228 4705 1348 4759 οὐδὲ
1395 4706 1464 4761 τά
1508 4709 1785 4780 χρήματα,

210 4798 327 4852 ἀλλ,
354 4800 389 4869 ἡ
412 4794 766 4868 φιλαργυρία.
784 4794 904 4847 οὐδὲ
924 4796 957 4864 ἡ
985 4792 1131 4860 δόξα,
1148 4794 1335 4867 ἀλλάή
1360 4796 1650 4863 κενοδοξία.
1667 4797 1787 4869 Χρὴ

212 4886 306 4947 οὖν
332 4889 516 4943 πάντα
547 4888 739 4950 ποιεῖν,
768 4885 907 4940 ὥστε
936 4887 1034 4957 τὴν
1067 4884 1409 4957 παράχρησιν
1439 4885 1676 4955 φεύγειν,
1694 4888 1788 4942 καὶ

209 4980 524 5055 χρήσασθαι
564 4981 678 5044 τοῖς
721 4977 873 5050 παρὰ
909 4977 1045 5031 Θεοῦ
1092 4976 1289 5031 δοθεῖσι
1343 4976 1596 5042 δικαίως·
1646 4978 1788 5035 οὕτω

209 5074 321 5145 7&9
351 5069 658 5133 ποιοῦντες,
687 5069 898 5140 καὶτῆς
925 5066 1121 5132 κακίας
1142 5066 1400 5141 ἀνώτεροι
1420 5068 1784 5142 γενησόμεθα,

214 5164 438 5235 καὶτῆς
476 5161 681 5233 ἀρετῆς
714 5160 866 5225 ἐντὸς
900 5160 1233 5233 εύρεθῶμεν.

214 5367 518 5432 Evr-nasia
561 5365 767 5434 σαφὴς
802 5363 902 5435 καί
946 5364 1281 5435 σύντομος)
1329 5363 1787 5435 καὶᾼδιάγνωσις

317 5437 429 5508 τῆς
467 5432 728 5502 πίστεως
761 5434 932 5503 ἡμῶν
962 5432 1160 5503 τῆς-ὲν
1190 5432 1263 5501 τῇ
1301 5432 1489 5502 Τριὰδι
1521 5432 1678 5504 ἁγίᾳ.

298 5527 619 5599 Ὀφείλομεν
661 5525 937 5582 πιστεύειν
974 5525 1051 5589 ὡς
1088 5524 1525 5597 ἐδαπτίσθημενυ
1565 5526 1788 5581 ἐδαπτί-

216 5622 425 5694 σθημεν
452 5620 513 5673 δέ
555 5619 637 5683 είς
674 5616 735 5672 τὸ
777 5617 947 5689 ὄνομα
978 5615 1070 5670 τοῦ
1112 5616 1342 5688 Πατρὸς,
1383 5619 1475 5672 καὶ
1506 5619 1598 5674 τοῦ
1632 5619 1783 5685 Υἱοῦ,

1891 4612 2066 4669 solius
2096 4611 2310 4666 arbitrii
2336 4618 2442 4666 est.
2473 4608 2838 4676 Quamobrem
2875 4622 2983 4661 non
3028 4606 3137 4662 cibi
3169 4605 3318 4667 mali,
3361 4603 3455 4658 sed

1891 4704 2118 4775 crapula
2146 4721 2159 4757 :
2194 4718 2373 4772 neque
2399 4702 2695 4756 liberorum
2727 4699 3058 4768 procreatio,
3092 4697 3188 4751 sed
3220 4696 3459 4751 fornica.

1894 4798 1970 4853 tio
1998 4816 2010 4851 :
2034 4810 2135 4851 nec
2166 4795 2297 4850 vini.
2311 4805 2493 4866 potus,
2540 4793 2635 4849 sed
2664 4793 2937 4847 ebrietas:
2962 4805 3071 4843 non
3101 4789 3324 4852 divitiaa,
3362 4788 3455 4843 sed

1892 4887 2122 4942 avaritia
2148 4904 2161 4940 :
2193 4901 2303 4941 non
2344 4884 2537 4956 gloria,
2593 4885 2685 4939 sed
2730 4897 2868 4934 vana
2899 4881 3090 4950 gloria.
3118 4877 3262 4932 Nihil
3294 4878 3460 4947 igitur

1890 4995 2003 5036 non
2051 4979 2341 5050 agendum,
2376 4985 2437 5031 ut
2469 4977 2698 5032 abusum
2747 4976 3041 5046 fugiamus,
3090 4980 3254 5043 atque
3285 4971 3459 5042 probe

1891 5077 2112 5124 utamur
2148 5068 2216 5124 iis
2240 5068 2441 5138 quibus
2469 5083 2500 5120 a
2536 5065 2646 5121 Deo
2679 5064 2865 5120 donati
2901 5078 3114 5119 sumus.
3149 5060 3282 5115 Nam
3319 5060 3371 5114 id
3408 5060 3456 5115 si

1891 5175 2138 5232 agamus,
2178 5166 2235 5215 et
2269 5158 2477 5213 malitia
2520 5158 2760 5227 vitioque
2797 5154 3107 5224 superiores
3141 5153 3367 5216 erimus,
3404 5160 3461 5205 ct

1891 5253 2036 5308 intra
2072 5251 2295 5307 virtutis
2325 5249 2527 5304 limites
2553 5248 2912 5303 inveniemur.

1892 5367 2074 5424 Brevis
2102 5376 2153 5421 et
2182 5367 2332 5422 clara
2364 5365 2597 5435 formula
2630 5374 2688 5435 et
2714 5363 2902 5417 notitia
2933 5359 3059 5431 ﬁdei
3093 5368 3290 5414 nostri:
3317 5357 3460 5411 circa

2366 5433 2610 5491 sanctum
2647 5433 2985 5488 Trinitatem.

1962 5528 2200 5586 Credere
2243 5528 2528 5594 debemus,
2560 5537 2619 5584 ut
2642 5524 2897 5597 baptizati
2944 5538 3171 5589 sumus;
3198 5520 3459 5592 baptizati

1891 5630 2075 5679 autem
2125 5637 2319 5682 sumus
2348 5622 2406 5678 in
2431 5621 2652 5677 nomine
2684 5619 2861 5675 Patris
2902 5624 2957 5673 et
2986 5614 3108 5672 Filii
3138 5624 3192 5671 et
3221 5613 3460 5686 Spiritus

278 5776 327 5810 ¹²
367 5774 503 5831 Luc.
544 5787 606 5840 ιι,
640 5771 690 5827 1.
733 5770 810 5825 ⁸³1
843 5772 968 5829 Cor.
1006 5772 1203 5838 τωδὶ.
1248 5772 1631 5843 “Amosm,6.
1679 5774 1787 5832 "Jc

1891 5794 2001 5834 ,ιιι
2032 5778 2290 5845 40;Ιῖοω
2332 5793 2372 5844 ι,
2398 5777 2483 5832 9.8.
2528 5775 2760 5833 “Exod.
2800 5790 2870 5841 Iv,
2904 5772 2993 5828 2i.
3039 5770 3247 5827 "Rom.
3274 5767 3472 5836 “£39..
