3976 6388
567 368 710 429 “03

1720 368 1778 423 S.
1819 368 2281 424 ATHANASIUS.
2320 397 2390 411 --
2428 367 2697 424 SPURIA.

3648 366 3771 421 HM

568 484 768 549 sancti,
804 482 861 538 in
894 496 1058 538 unam
1107 481 1315 537 scilicet
1364 482 1747 545 substantiam,
1788 491 1841 537 et
1871 483 2125 538 deitatem

2244 484 2326 538 καί
2345 482 2438 537 τοῦ
2472 482 2626 551 ἁγίου
2660 481 2976 552 Πνεύματος
2994 498 3006 511 ο
3034 482 3111 544 εἰς
3140 480 3267 551 μίαν
3301 481 3485 535 οὑσίαν
3513 480 3770 550 δηλονότι,

567 587 625 635 et
654 579 711 633 in
742 591 910 632 unum
941 589 1188 645 regnum,
1214 575 1500 642 imperium
1528 581 1583 627 et
1610 575 1862 628 virtutem
1893 593 1907 628 :
1933 590 1996 628 ac
2019 585 2127 628 trcv.

568 671 912 741 hypostases,
962 667 1075 720 sive
1108 679 1395 735 personas,
1448 674 1502 718 ct
1548 665 1919 727 characteres,
1959 673 2012 719 et
2058 665 2126 734 (si

569 759 645 813 ita
689 757 961 827 appellare
1002 754 1160 821 velis)
1204 753 1589 823 preprietates.
1643 751 1777 806 Nam
1811 752 1956 807 aliud
2002 762 2129 808 sunt

567 850 913 920 hypostases,
957 843 1104 898 aliud
1152 843 1481 898 substantia.
1527 839 1898 897 Substantiam
1932 842 2129 910 quippe

565 938 905 1009 appellamus
965 934 1409 990 communitatem
1474 934 1640 986 trium
1700 932 2126 1004 hypostasium:

569 1032 735 1086 unius
771 1029 914 1084 enim
945 1037 1154 1083 naturae
1194 1034 1247 1081 et
1283 1025 1605 1081 substantize
1634 1033 1763 1080 sunt
1793 1036 1901 1079 tres
1942 1039 2132 1095 perso-

570 1136 674 1177 na.
702 1120 1031 1192 Hypostasin
1075 1126 1254 1172 autem
1277 1131 1559 1176 vocamus,
1584 1124 1834 1170 naturam
1855 1130 1978 1170 cum
2002 1116 2133 1169 cha-

573 1211 927 1267 racteristicis
957 1208 1419 1281 proprietatibus;
1450 1207 1591 1262 alius
1630 1208 1775 1261 enim
1824 1217 1910 1262 est
1949 1204 2130 1270 Pater,

574 1303 714 1359 alius
742 1299 936 1364 Filius,
973 1300 1115 1355 alius
1154 1296 1393 1368 Spiritus
1434 1305 1678 1352 sanctus.
1727 1296 1884 1362 Quod
1915 1296 2131 1367 quidem

572 1393 936 1464 proprietates
973 1407 1071 1448 seu
1102 1390 1425 1461 hypostases
1461 1388 1673 1450 dividit,
1704 1388 1799 1444 sed
1829 1402 1938 1443 non
1973 1397 2135 1441 natu-

574 1501 713 1541 ram.
750 1484 865 1539 Non
892 1492 1073 1538 tamen
1104 1482 1250 1536 aliud
1282 1490 1337 1536 et
1370 1478 1539 1543 aliud,
1572 1479 1720 1551 quod
1749 1479 2015 1534 divideret
2044 1494 2138 1533 na—

574 1584 763 1640 turas;
796 1575 888 1630 sed
922 1573 1165 1644 ejusdem
1206 1580 1413 1625 natura:
1442 1579 1496 1625 et
1519 1571 1761 1641 ejusdem
1794 1570 2134 1624 substantiis.

2228 572 2321 625 καὶ
2371 571 2622 642 θεότητα,
2666 571 2759 624 καὶ
2810 570 2938 640 μίαν
2968 568 3243 639 βασιλείαν
3266 608 3281 632 ,
3310 569 3405 621 καὶ
3444 570 3651 640 ἀρχὴν,
3690 572 3774 623 καὶ

2232 662 2415 732 ἰσχύν·
2458 662 2550 715 καί
2588 664 2736 734 τρεῖς
2763 661 3101 723 ὑποστάσεις,
3152 659 3323 712 εἰτουν
3362 660 3650 730 πρόσωπα,
3692 664 3775 714 καὶ

2228 754 2604 825 χαρακτῆρας,
2624 755 2671 806 εἰ
2694 751 2749 805 δὲ
2776 751 2951 822 βούλει
2973 751 3174 815 καλεῖν,
3205 751 3297 805 καί
3324 752 3611 823 ἰδιότητας.
3634 751 3775 805 ’Δλλο

2230 842 2337 913 γὰρ
2376 843 2728 904 ὑποστάσεις,
2758 841 2852 894 καὶ
2892 840 3018 894 ἄλλο
3063 841 3238 895 οὑσία.
3284 841 3484 893 Οὐσίαν
3530 840 3639 912 γὰρ
3687 858 3775 894 κα-

2229 934 2427 1004 λοῦμεν
2453 933 2513 986 τὸ
2543 932 2718 987 κοινὸν
2746 932 2853 985 τῶν
2896 930 3061 1001 τριῶν
3107 931 3457 985 ὑποστάσεων
3476 949 3491 963 ο
3512 913 3659 1003 ⁸μιᾶς
3682 933 3777 1003 γὰρ

2232 1024 2444 1095 φύσεως
2473 1024 2567 1077 καὶ
2590 1022 2774 1086 οὐσίας
2798 1022 2868 1075 τὰ
2896 1023 3021 1092 τρία
3054 1023 3338 1094 πρόσωπα.
3384 1023 3707 1077 Ὑπόστασιν
3731 1024 3778 1077 δὲ

2231 1117 2501 1189 καλοῦμεν
2536 1115 2695 1187 φύσιν
2738 1116 2873 1187 μετὰ
2912 1116 3417 1188 χαρακτηριστικῶν
3454 1116 3775 1187 ἰδιωμάτων

2232 1209 2387 1272 ἄλλος
2411 1209 2520 1280 γὰρ
2544 1211 2572 1262 ὁ
2601 1208 2810 1279 Πατὴρ,
2849 1208 2946 1262 καί
2984 1206 3141 1270 ἄλλος
3168 1210 3197 1261 ό
3224 1207 3373 1271 Υἰὺς,
3414 1208 3509 1261 καί
3552 1207 3703 1271 ἄλλος
3728 1206 3779 1259 τὺ

2232 1301 2456 1373 Πνεῦμα
2480 1300 2541 1354 τὸ
2571 1299 2724 1368 ἅγιον
2743 1316 2756 1328 ·
2789 1299 2924 1370 amp
2947 1298 3132 1368 τέμνει
3165 1297 3264 1361 τὰς
3313 1298 3585 1368 ἰδιότητας
3620 1297 3778 1368 μόνον,

2233 1393 2399 1460 ἧγουν
2430 1390 2775 1455 ὑποστάσεις,
2802 1390 2862 1442 οὑ
2917 1389 3021 1460 μὴν
3055 1389 3151 1442 καὶ
3205 1390 3387 1459 φύσιν.
3429 1390 3546 1442 Οὑκ
3586 1388 3709 1441 ἄλλο
3734 1389 3782 1442 δὲ

2234 1482 2329 1535 καὶ
2351 1481 2500 1550 ἄλλο,
2526 1482 2663 1553 ὅπερ
2692 1481 2878 1551 τέμνει
2911 1479 3008 1543 τὰς
3048 1479 3237 1549 φύσεις
3257 1497 3272 1510 ⁵
3320 1479 3459 1533 ἀλλὰ
3498 1481 3600 1551 τῆς
3631 1480 3783 1549 αὑτῆς

2236 1575 2471 1642 φύσεως,
2497 1573 2589 1626 κα)⁸
2617 1572 2714 1643 τῆς
2745 1570 2913 1640 αὑτῆς
2937 1570 3144 1634 οὑσίας.
3178 1571 3327 1641 Ἅμα
3353 1570 3466 1641 γὰρ
3492 1569 3678 1641 Πατὴρ
3705 1570 3786 1623 καὶ

580 1666 757 1721 Simui
781 1666 924 1720 enim
958 1663 1114 1718 Pater
1137 1670 1189 1717 et
1211 1660 1381 1716 Filius
1404 1668 1459 1717 et
1488 1659 1726 1730 Spiritus
1758 1669 2016 1725 sanctus;
2040 1660 2136 1715 sed

2244 1661 2384 1725 Υἱὸς,
2422 1663 2516 1716 καί⁸
2563 1660 2717 1729 ἅγιον
2771 1660 3027 1732 Πνεῦμαο
3070 1660 3203 1719 ἀλλ’.
3231 1662 3261 1713 ὁ
3319 1659 3420 1730 μὲν
3469 1659 3660 1731 Πατὴρ
3707 1661 3786 1712 καὶ

577 1756 740 1812 Pater
779 1763 865 1811 est
908 1755 1202 1825 ingenitus,
1230 1750 1402 1807 Filius
1426 1753 1606 1822 proles
1635 1750 1833 1814 Patris,
1867 1752 2023 1822 quasi
2068 1769 2132 1808 ex

2244 1754 2673 1826 ityévvq'cog,6_6é
2702 1753 2830 1817 Υἱὸς
2858 1754 2950 1805 καὶ
2976 1753 3219 1823 γέννημα
3248 1752 3342 1806 τοῦ
3368 1752 3606 1824 Πατρὸς,
3637 1752 3707 1814 ὡς
3737 1750 3787 1815 ἐξ

581 1849 696 1903 sole
738 1848 917 1902 lumen
957 1819 1011 1902 et
1052 1862 1119 1901 ex
1171 1853 1351 1900 mente
1398 1819 1639 1899 verbum.
1682 1819 1918 1914 Spiritus
1955 1852 2132 1899 autem

2244 1819 2389 1917 ἡλίου
2424 1819 2563 1914 φῶς,
2599 1823 2692 1898 καὶ
2721 1845 2784 1896 ἐκ
2810 1843 2902 1897 νοῦ
2931 1819 3104 1912 λόγος·
3127 1819 3190 1896 τὸ
3208 1843 3263 1896 δὲ
3284 1819 3509 1913 Πνεῦμα
3531 1844 3681 1911 ἅγιον
3708 1843 3789 1895 καὶ

580 1946 825 2002 sanctus,
868 1937 1091 1992 emissio
1133 1936 1331 1991 Patris.
1364 1934 1651 2006 Proprium
1688 1952 1817 2005 ergo
1839 1935 2002 2006 518
2033 1934 2138 1989 Pa-

2244 1935 2554 2005 ὲκπόρευμα
2598 1933 2690 1986 τοῦ
2728 1932 2961 2006 Πατρός.
3007 1933 3163 1986 Ἴδιον
3218 1928 3312 1988 οῦν
3354 1933 3448 1986 τοῦ
3504 1933 3716 2005 Πατρὸς
3758 1935 3790 2003 ἡ

581 2029 682 2084 tris
713 2036 799 2083 est
825 2028 969 2098 quod
992 2028 1063 2080 sit
1086 2027 1356 2097 ingenitus
1383 2041 1478 2080 seu
1509 2042 1614 2079 non
1645 2028 1879 2096 genitus,
1911 2037 1965 2081 et
1992 2024 2137 2096 quod

2244 2025 2553 2096 ἀγεννησία,
2589 2025 2683 2077 καί
2716 2022 2774 2075 τὸ
2802 2020 3081 2076 καλεῖσθαι
3107 2023 3297 2094 Πατήρ
3321 2037 3335 2052 ⁸
3361 2022 3492 2075 ῐδιον
3519 2021 3617 2075 τοῦ
3654 2020 3787 2084 Υἱοῦ,

581 2127 806 2174 vocetur
845 2118 1043 2171 Pater:
1071 2118 1349 2188 pr0prium
1403 2114 1547 2180 Filii,
1595 2116 1739 2186 quod
1790 2126 2013 2171 vocetur
2056 2115 2142 2170 Fi-

584 2210 710 2272 lius,
772 2216 826 2264 et
887 2209 1140 2279 gignatur
1194 2223 1259 2262 ex
1312 2205 1510 2262 Patre:
1541 2207 1819 2277 proprium
1879 2205 2138 2276 Spiritus,

581 2299 727 2370 quod
755 2308 977 2354 vocetur
1019 2297 1254 2369 Spiritus
1286 2305 1508 2352 sanctus
1558 2306 1612 2353 et
1640 2314 1705 2352 ex
1743 2296 1903 2352 Patre
1947 2313 2139 2368 proce-

582 2391 699 2445 dat.
743 2388 930 2445 Trium
988 2404 1117 2444 vero
1154 2404 1509 2459 personarum
1560 2389 1675 2444 sive
1732 2389 2137 2460 hypostasium,

583 2493 693 2535 una
724 2489 938 2543 natura,
974 2495 1081 2533 una
1111 2480 1382 2543 voluntas,
1410 2494 1517 2533 una
1546 2479 1809 2549 operatio,
1842 2495 1949 2533 una
1986 2480 2140 2534 honi-

582 2578 690 2637 tas,
744 2586 851 2624 una
914 2571 1106 2636 virtus,
1170 2586 1336 2624 unum
1385 2570 1661 2640 placitum.
1699 2569 2039 2640 Quapropter
2086 2580 2143 2626 et

586 2678 755 2718 unum
798 2662 968 2717 Deum
1002 2661 1346 2717 conﬁtemur.
1382 2660 1498 2715 Non
1550 2662 1694 2716 enim
1730 2662 1872 2716 alius
1919 2662 1987 2715 ab
2037 2661 2146 2716 alio

587 2754 823 2825 separati
859 2759 1008 2818 sunt,
1051 2753 1192 2806 sicut
1230 2752 1500 2813 homines,
1534 2767 1708 2820 neque
1749 2752 2015 2806 sententia
2039 2749 2146 2804 dit-

586 2848 769 2904 ferunt
800 2867 812 2902 :
839 2847 934 2903 sed
963 2847 1123 2902 simul
1150 2845 1329 2912 Pater,
1352 2844 1542 2911 Filius,
1583 2852 1638 2900 et
1664 2842 1900 2915 Spiritus
1926 2853 2146 2898 sanctus

586 2957 692 2995 una
731 2940 1041 2995 consistunt
1072 2939 1188 2993 sine
1218 2936 1541 2995 confusione
1589 2942 1645 2990 et
1673 2935 1962 2990 divisione.
1998 2933 2147 2989 Una-

586 3046 813 3103 quaeque
840 3037 1018 3085 autem
1046 3043 1301 3099 persona,
1332 3034 1390 3080 ut
1414 3026 1619 3081 dictum
1643 3033 1749 3089 est,
1781 3039 1934 3081 suam
1967 3033 2148 3081 servat

585 3125 993 3194 pr0prietatem,
1046 3121 1152 3175 alia
1196 3119 1602 3191 paternitatem,
1647 3117 1752 3171 alia
1805 3116 2141 3181 ﬁliationem,

586 3214 693 3266 alia
715 3212 1140 3282 processionem.
1169 3208 1227 3263 Si
1255 3223 1387 3278 ergo
1414 3217 1467 3262 te
1500 3207 1624 3278 quis
1648 3207 1978 3278 interroget:
2003 3206 2143 3273 Quid

585 3311 673 3358 est
713 3301 906 3356 Pater?
954 3300 1224 3370 responde
1268 3299 1385 3354 illi:
1412 3297 1567 3365 Quod
1602 3297 1774 3354 Filius
1816 3306 1870 3355 et
1912 3298 2147 3369 Spiritus

588 3404 833 3456 sanctus,
889 3408 1112 3449 manens
1164 3402 1344 3446 tamen
1390 3390 1568 3447 Pater.
1615 3389 1771 3458 Quod
1814 3391 1859 3446 si
1901 3390 2143 3445 dixerit:

588 3484 731 3552 Quid
759 3494 842 3540 est
868 3484 1078 3542 Filius?
1101 3483 1369 3554 responde
1398 3503 1412 3540 :
1434 3482 1591 3550 Quod
1617 3483 1781 3537 Pater
1808 3490 1863 3538 et
1886 3482 2144 3553 Spiritus,

589 3593 816 3633 manens
845 3584 1025 3633 tamen
1051 3576 1244 3632 Filius.
1278 3574 1648 3646 Similiterque
1677 3577 1744 3630 de
1779 3574 1985 3646 Spiritu
2019 3589 2149 3629 san-

585 3677 678 3723 cto
706 3686 719 3723 :
746 3668 877 3722 illud
909 3668 1053 3723 enim
1096 3676 1181 3723 est
1213 3666 1358 3738 quod
1407 3666 1570 3722 Pater
1595 3674 1648 3722 et
1675 3665 1869 3731 Filius,
1920 3669 2147 3720 manens

589 3769 770 3815 tamen
833 3759 1068 3832 Spiritus
1130 3769 1372 3814 sanctus.
1427 3757 1739 3828 Proprietas
1809 3756 2145 3823 immobilis,

589 3852 1043 3921 quemadmodum
1077 3851 1153 3904 ait
1192 3851 1276 3903 vir
1318 3850 1375 3904 in
1406 3849 1673 3919 theologis
1713 3862 1943 3918 magnus
1977 3858 2032 3902 et
2065 3846 2149 3899 di-

588 3944 751 3998 vinus
798 3942 1113 4014 Gregorius.
1168 3941 1453 4007 Quomodo
1492 3956 1727 4010 namque
1770 3937 1973 3996 dixeris
2023 3954 2150 4009 pro-

590 4036 879 4107 prietatem
925 4050 1170 4098 manere,
1220 4035 1267 4090 si
1317 4041 1604 4089 moveatur
1640 4042 1695 4088 et
1743 4032 2015 4087 concidat.
2057 4031 2153 4087 Est

592 4130 775 4198 itaque
808 4127 1004 4190 deitas,
1055 4135 1116 4180 ut
1160 4126 1349 4196 paucis
1393 4126 1759 4190 absolvamus,
1807 4125 2152 4180 indivisibilis

593 4223 647 4275 in
679 4221 869 4275 divisis
893 4237 908 4285 ;
944 4218 1074 4277 illud
1100 4219 1398 4273 secundum
1421 4226 1692 4286 naturam,
1720 4219 1822 4274 hoc
1851 4221 2150 4274 secundum

591 4313 938 4383 hypostases.
970 4308 1123 4363 Sicut
1148 4309 1203 4362 in
1232 4310 1408 4363 tribus
1433 4310 1641 4364 solibus
1671 4317 1857 4364 mutuo
1896 4310 2151 4364 haerenti-

593 4405 697 4458 bus
735 4417 843 4455 una
883 4400 1021 4456 foret
1053 4400 1195 4455 lucis
1226 4400 1558 4454 commistio.
1594 4398 1731 4454 Cum
1770 4400 1953 4470 itaque
1985 4400 2155 4455 deita-

2235 2118 2298 2171 τὸ
2334 2116 2610 2170 καλεῖσθαι
2650 2115 2812 2178 Υἰὺν,
2859 2115 2951 2166 καὶ
2983 2112 3270 2183 γεννᾶσθαι
3318 2116 3382 2166 ὲκ
3415 2111 3510 2167 τοῦ
3556 2111 3787 2183 Πατρόςο

2241 2208 2368 2261 ῐδιον
2389 2203 2481 2260 οὖν
2514 2206 2607 2259 τοῦ
2637 2204 2951 2275 Πνεύματος
2969 2204 3030 2258 τὸ
3062 2204 3340 2258 καλεῖσθαι
3368 2203 3598 2276 Πνεῦμα
3634 2203 3790 2271 ἅγιον,

2239 2300 2332 2353 καὶ
2359 2301 2423 2351 ὲκ
2442 2297 2534 2351 τοῦ
2564 2296 2775 2368 Πατρὸς
2799 2295 3206 2367 ἐκπορεύεσθαι.
3221 2294 3343 2349 Τῶν
3361 2295 3419 2348 δὲ
3447 2295 3618 2366 τριῶν
3641 2304 3791 2367 προσ-

2239 2390 2423 2457 ώπων,
2454 2389 2629 2442 είτουν
2660 2386 3027 2449 ὑποστάσεων,
3062 2386 3158 2458 μία
3198 2387 3379 2456 φύσις.
3406 2386 3510 2457 μία
3551 2386 3789 2456 θέλησις,

2245 2484 2341 2552 μία
2368 2484 2635 2554 ἐνέργεια,
2663 2481 2759 2551 μία
2803 2480 3095 2552 ἀγαθότης,
3139 2482 3237 2552 μία
3268 2481 3522 2552 δύναμις,
3564 2482 3659 2552 μία
3688 2480 3795 2551 βούο

2241 2572 2417 2643 λησις.
2453 2572 2550 2625 Διὰ
2583 2572 2740 2626 τοῦτο
2767 2573 2861 2625 καὶ
2899 2572 2993 2627 ἕνα
3029 2572 3158 2625 Θεὸν
3181 2572 3577 2645 ὁμολογοῦμεν.
3600 2575 3675 2628 Οὑ
3701 2573 3794 2643 γὰρ

2241 2666 2630 2737 κεχωρισμένοι
2672 2665 2808 2717 εἰσὶν
2832 2665 2925 2717 ἀπ’
2973 2665 3234 2737 ἀλλήλων,
3268 2664 3461 2737 ὥσπερ
3500 2667 3598 2721 καὶ
3627 2668 3676 2719 εἰ
3712 2666 3794 2719 ἄν·

2244 2759 2470 2829 θρωποι,
2498 2759 2617 2812 οὑδὲ
2637 2757 2736 2821 τὰς
2762 2755 2984 2827 γνώμας
3013 2757 3257 2830 διάφοροι
3277 2774 3290 2789 ⁸
3314 2758 3430 2812 ἀλλ’
3463 2758 3583 2830 ἅμα
3603 2758 3796 2829 Πατὴρ,

2245 2849 2391 2913 Υἱὸς,
2424 2851 2515 2902 καί
2542 2850 2767 2921 Πνεῦμα
2796 2852 2948 2919 ἂγιον
2986 2851 3044 2902 ἐν
3085 2851 3336 2921 ἀλλήλοις
3364 2850 3691 2920 ἀσυγχύτως
3717 2852 3799 2904 καὶ

2245 2942 2557 3013 ἀδιαιρέτως
2588 2944 3002 3015 περιχωροῦσιν.
3025 2944 3289 2998 Ἕκαστον
3316 2943 3373 2996 δὲ
3405 2945 3713 3016 πρόσωπον,
3732 2942 3799 3005 ὡς

2245 3033 2479 3105 είρηται,
2513 3032 2768 3101 φυλάττει
2804 3035 2866 3087 τὸ
2893 3035 3054 3088 ἰδιονο
3086 3033 3148 3087 τὸ
3189 3033 3287 3105 μὲν
3337 3034 3438 3104 τὴν
3478 3035 3797 3105 πατρότητα,

2244 3123 2306 3175 τὸ
2332 3122 2389 3175 δὲ
2422 3122 2518 3193 τὴν
2563 3123 2818 3193 υἰότητα,
2867 3124 2928 3176 τὸ
2976 3123 3034 3176 δὲ
3066 3122 3163 3194 τὴν
3216 3122 3562 3195 ὲκπόρευσιν.
3618 3123 3680 3176 Εἰ
3716 3118 3799 3176 οῦν

2246 3215 2420 3288 ἔροιτό
2455 3215 2513 3268 σέ
2553 3233 2669 3279 τις’
2707 3211 2771 3268 Τί
2815 3216 2930 3268 ἐστί
2980 3216 3199 3286 Πατήρ;
3230 3213 3582 3285 λάποκρίθητι
3626 3212 3792 3281 αὐτῷ’

2250 3301 2424 3372 Ὅπερ
2452 3302 2600 3354 ἐστὶν
2634 3301 2782 3365 Υἱὸς,
2819 3303 2911 3355 καί
2953 3302 3012 3355 τὸ
3042 3302 3263 3371 Πνεῦμα
3297 3301 3359 3354 τὸ
3409 3301 3600 3369 ἅγιον,
3638 3303 3799 3372 μένων

2245 3393 2455 3463 Πατήρ.
2496 3393 2561 3446 Εἰ
2609 3393 2664 3446 δὲ
2720 3392 2898 3461 λέγοιο
2954 3393 3018 3445 Τί
3050 3394 3197 3445 ἐστιν
3225 3391 3391 3456 Υἱός;
3449 3391 3797 3463 ἀποκρίθητι·

2248 3484 2424 3554 Ὅπερ
2457 3485 2603 3537 ἐστὶν
2648 3486 2676 3537 ό
2708 3484 2895 3555 Πατὴρ
2938 3483 3031 3537 καὶ
3064 3482 3123 3535 τὸ
3174 3481 3421 3552 Πνεῦμα,
3458 3483 3633 3553 μένων
3666 3482 3797 3543 Υἰός.

2257 3575 2530 3638 Ὡσαύτως
2554 3576 2647 3629 καὶ
2674 3576 2766 3628 ἐπὶ
2809 3575 2900 3628 τοῦ
2949 3573 3263 3644 Πνεύματος
3287 3574 3383 3627 τοῦ
3430 3576 3590 3643 ἁγίου
3612 3592 3625 3605 ·
3659 3574 3803 3627 τοῦτο

2245 3672 2353 3742 γάρ
2383 3672 2530 3723 ἐστιν
2553 3670 2582 3723 ὃ
2611 3669 2639 3720 ὁ
2669 3670 2858 3740 Πατὴρ
2888 3670 2981 3721 καί
3020 3670 3049 3721 ὁ
3077 3668 3223 3733 Υἰδς,
3253 3668 3435 3740 μένων
3474 3668 3713 3743 Πνεῦμα.
3745 3667 3801 3720 Ἦ

2251 3761 2449 3831 ἰδιότης
2482 3759 2863 3831 ἀκοινώνητος,
2893 3758 3074 3823 καθώς
3095 3776 3257 3829 φησιν
3283 3761 3313 3811 ὁ
3352 3761 3528 3829 μέγας
3552 3761 3609 3811 ἐν
3642 3758 3803 3811 θεολό-

2247 3872 2364 3925 γοις
2395 3854 2489 3907 καί
2518 3852 2658 3917 Θεῖος
2693 3852 3008 3924 Γρηγόριος.
3055 3851 3180 3915 Πῶς
3216 3849 3348 3921 γὰρ,
3394 3852 3584 3921 φησὶν,
3622 3850 3803 3919 ἰδιότης

2253 3945 2432 4016 μείνῃ,
2470 3942 2786 4014 κινουμένη,
2824 3943 2919 3996 καὶ
2965 3941 3412 4014 μεταπίπτουσα;
3451 3943 3638 3995 Ἔστιν
3665 3936 3802 4007 οὖνὴ

2250 4036 2459 4107 θεότης,
2491 4036 2540 4089 εἰ
2571 4036 2650 4088 δεῖ
2674 4036 2954 4105 συντόμως
2986 4036 3180 4096 εἰπεῖν,
3214 4033 3516 4105 ἀμέριστος
3562 4036 3619 4087 ἐν
3647 4048 3802 4103 μεμε·

2255 4133 2547 4204 ρισμένοις,
2580 4131 2642 4183 τὸ
2679 4129 2774 4200 μὲν
2795 4131 2860 4199 τῇ
2895 4127 3069 4197 φύσει,
3097 4126 3158 4181 τὸ
3187 4127 3243 4179 δὲ
3269 4130 3390 4191 ταῖς
3424 4128 3800 4181 ὑποστάσεσιν·

2249 4220 2360 4278 οἷον
2398 4225 2454 4276 ὲν
2493 4222 2666 4293 ἡλίοις
2707 4220 2883 4293 τρισὶν
2930 4218 3210 4290 ἐχομένοις
3251 4218 3530 4291 ἀλλήλων,
3586 4218 3681 4287 μία
3719 4211 3803 4266 τοῦ

2251 4315 2427 4386 φωτὸς
2450 4313 2953 4386 σύγκρασις.”οταν
2982 4310 3266 4383 τοιγαροῦν
3296 4310 3437 4383 πρὸς
3466 4311 3567 4381 τὴν
3595 4310 3807 4378 θεότητα

2252 4408 2348 4480 τὴν
2378 4409 2435 4464 ὲν
2464 4407 2562 4478 μιᾷ
2590 4403 2749 4473 φύσει
2772 4402 3070 4474 βλέψωμεν,
3089 4404 3109 4425 ⁸
3129 4401 3224 4454 καὶ
3250 4402 3349 4472 τὴν
3371 4401 3599 4473 πρώτην
3622 4401 3806 4456 αἰτίαν.

595 4503 724 4559 tem,
755 4508 876 4562 qua:
894 4501 979 4547 est
1007 4492 1062 4545 in
1092 4506 1198 4545 una
1221 4499 1437 4555 natura,
1456 4490 1895 4559 respiciemus,et
1922 4492 2144 4560 primam

2254 4498 2346 4551 καί
2372 4497 2470 4567 τὴν
2505 4493 2820 4566 μοναρχίαν,
2854 4492 2911 4545 ἓν
2939 4494 3070 4563 ἡμῖν
3095 4492 3157 4545 τὸ
3208 4492 3620 4564 φανταζόμενον
3639 4511 3652 4523 ·
3695 4495 3810 4545 ὅταν

593 4602 817 4645 causam
859 4592 915 4641 et
962 4583 1360 4646 monarchiam,
1415 4598 1584 4637 unum
1636 4589 1721 4637 est
1763 4583 1907 4652 quod
1949 4584 2154 4653 cogita-

592 4692 750 4744 mus;
778 4691 902 4731 cum
935 4683 1113 4731 autem
1141 4673 1505 4745 proprietates
1553 4679 1606 4727 et
1636 4688 1901 4743 personas
1944 4673 2001 4727 in
2026 4674 2152 4742 qui-

593 4770 698 4825 bus
737 4768 1014 4832 divinitas,
1065 4776 1176 4823 tres
1227 4772 1356 4822 sunt
1397 4780 1516 4834 quae
1548 4764 1865 4819 adorantur.
1898 4763 2152 4833 Exempla

594 4875 759 4932 porro
796 4859 998 4921 adsint,
1035 4872 1155 4928 quae
1204 4858 1495 4912 obscuram
1546 4854 1836 4924 quamdam
1878 4864 2038 4910 tantae
2076 4856 2154 4909 rei

596 4953 885 5023 imaginem
925 4951 1270 5013 adumbreut,
1298 4949 1495 5003 divinae
1522 4963 1713 5018 nempe
1743 4956 1970 5011 naturae,
1998 4948 2152 5017 juxta

594 5044 905 5112 theologum
929 5041 1274 5113 Gregorium,
1301 5042 1441 5097 oculi
1467 5049 1744 5111 aspectum
1776 5040 1972 5110 cogita,
2001 5053 2155 5108 aqua:

596 5134 1010 5204 scaturiginem,
1058 5132 1261 5187 fontem
1308 5141 1360 5188 et
1412 5131 1665 5199 ﬂuvium;
1708 5132 1821 5185 haec
1867 5132 2011 5186 enim
2054 5144 2155 5184 nec

594 5234 839 5294 tempore
868 5224 1053 5294 aliquo
1082 5223 1310 5288 distant,
1342 5239 1519 5292 neque
1543 5232 1671 5277 sunt
1699 5224 1839 5277 inter
1860 5237 1918 5277 se
1943 5223 2153 5288 avulsa,

594 5324 657 5370 ut
687 5331 747 5371 se
771 5324 962 5370 mutuo
991 5330 1102 5369 non
1130 5315 1478 5385 contingant;
1509 5313 1723 5369 tametsi
1754 5314 2004 5368 videntur
2030 5328 2157 5382 pro-

595 5407 921 5477 prietatibus
971 5406 1088 5461 suis
1134 5406 1417 5476 distingui.
1465 5404 1745 5476 Perpende
1782 5405 1911 5460 item
1959 5405 2152 5468 solem,

597 5498 779 5552 lumen
807 5509 968 5569 atque
994 5498 1201 5551 radium
1227 5515 1241 5551 :
1267 5505 1522 5560 mentem,
1543 5497 1768 5551 verbum
1793 5502 1855 5552 et'
1882 5496 2152 5567 spiritum,

600 5589 693 5659 qui
720 5591 829 5645 exit
853 5604 963 5644 una
997 5604 1122 5643 cum
1152 5589 1340 5644 verbo.
1376 5587 1598 5651 Verum,
1632 5596 1692 5642 ut
1724 5587 1944 5658 quidam
1972 5588 2111 5643 dixit
2139 5608 2152 5643 :

598 5679 759 5736 Fides
785 5679 894 5734 dux
934 5689 1075 5742 esto,
1124 5694 1232 5734 non
1280 5679 1691 5736 demonstratio.
1740 5678 1967 5749 Oportet
2008 5678 2153 5733 enim

599 5783 867 5840 quemque
923 5768 1218 5835 hominem,
1269 5785 1366 5839 per
1408 5784 1544 5840 pura
1600 5785 1663 5826 ac
1695 5770 1805 5825 Deo
1852 5771 2155 5827 illustrante

2252 4589 2310 4642 δὲ
2340 4586 2475 4659 πρὸς
2504 4586 2604 4649 τὰς
2636 4586 2901 4656 ἰδιότητας
2923 4584 3016 4638 καί
3047 4583 3115 4637 τὰ
3146 4584 3416 4655 πρόσωπα
3448 4585 3509 4637 ὲν
3538 4578 3621 4647 οἷς
3646 4586 3677 4655 ἡ
3706 4582 3812 4635 θεό-

2252 4695 2370 4749 της,
2400 4676 2524 4748 τρία
2546 4675 2616 4729 τὰ
2637 4673 3101 4746 προσκυνούμενα.
3123 4672 3551 4744 Παραδείγματα
3569 4672 3627 4725 δὲ
3654 4685 3811 4742 προσ-

2253 4770 2454 4824 κείσθω
2485 4767 2731 4840 ἀμυδρὰν
2767 4784 2886 4820 τινα
2915 4766 3094 4820 εἰκόνα
3128 4764 3395 4835 δηλοῦντα
3426 4764 3521 4818 τοῦ
3568 4762 3812 4818 τοσούτου

2254 4862 2595 4934 πράγματος,
2628 4859 2727 4930 τῆς
2757 4857 2908 4920 θείας
2948 4857 3089 4927 φημί
3117 4856 3333 4924 φύσεως
3351 4895 3366 4918 ,
3404 4856 3546 4910 κατὰ
3572 4857 3663 4911 τὸν
3689 4848 3811 4908 Θεό-

2218 4954 2409 5020 ’λογον
2454 4951 2787 5024 Γρηγόριοψ
2838 4948 3116 5019 ὀφθαλμοῦ
3173 4949 3287 5002 νόει
3332 4966 3423 5019 μοι
3469 4948 3679 5019 βλέψιν,
3730 4945 3818 4998 καὶ

2254 5042 2424 5115 ἀρχὴν
2459 5042 2669 5107 ὓδατος,
2704 5040 2798 5093 καί
2836 5038 3035 5110 πηγὴν,
3071 5037 3164 5091 καὶ
3194 5038 3475 5108 ποταμόν’
3513 5038 3689 5091 ταῦτα
3718 5034 3817 5104 γὰρ

2253 5134 2377 5188 οῦτε
2401 5134 2578 5205 χρόνῳ
2605 5132 2906 5202 διέστηκεν,
2949 5128 3073 5182 οὔτε
3108 5127 3350 5198 ἀλλήλων
3384 5129 3733 5200 auspme
3756 5126 3818 5193 τῇ

2256 5227 2390 5298 πρὸς
2413 5225 2616 5295 ἄλληλα
2643 5223 2923 5293 συναφείᾳ,
2953 5219 3053 5274 κᾶν
3076 5220 3206 5289 δοκῇ
3231 5222 3350 5283 ταῖς
3386 5219 3613 5289 ἰδιότησι
3634 5220 3823 5288 τέμνε-

2255 5319 2408 5373 σθαιο
2443 5316 2674 5387 ὲνθυμοῦ
2706 5317 2797 5370 καί
2822 5316 2989 5385 ἥλιον,
3012 5312 3107 5367 καί
3134 5311 3269 5381 φῶς,
3302 5314 3397 5366 καὶ
3422 5314 3649 5367 ἀκτῖνασ
3679 5306 3819 5370 νοῦν,

2254 5410 2350 5464 καὶ
2376 5408 2553 5479 λόγον,
2578 5408 2673 5463 καὶ
2698 5406 2916 5478 πνεῦμα
2938 5403 3016 5473 τῷ
3045 5403 3189 5473 λόγῳ
3214 5403 3478 5469 συνεξιόν.
3510 5402 3657 5473 Πλὴν
3685 5396 3820 5454 κατὰ

2254 5501 2344 5554 τὸν
2369 5501 2619 5554 εἰπόνταο
2652 5500 2843 5562 Πίστις
2867 5493 3121 5568 ἡγείσθω,
3157 5494 3252 5547 καὶ
3287 5493 3363 5563 μὴ
3404 5492 3701 5557 ἀπόδειξις,
3734 5483 3821 5541 καὶ

2254 5590 2361 5661 χρὴ
2397 5591 2573 5643 πάντα
2603 5588 2885 5660 ἄνθρωπον
2937 5584 3023 5637 διὰ
3066 5582 3314 5653 καθαρᾶς
3346 5583 3442 5635 καὶ
3486 5574 3822 5650 θεολαμποῦς

2258 5681 2526 5752 πράξεως,
2549 5679 2725 5750 ὁδηγῷ
2771 5678 2848 5748 τῷ
2895 5674 3170 5745 Πνεύματι
3202 5673 3520 5744 χρώμενον,
3562 5674 3650 5727 ἵνα
3686 5665 3822 5741 φωτὶ

2258 5771 2739 5842 γαταλαμϐἀνηται
2768 5769 2901 5837 φῶς,
2939 5765 3210 5822 πιστεύειν
3239 5782 3300 5818 τε
3346 5767 3426 5830 εἰς
3458 5765 3701 5837 Πατέρα,
3733 5758 3820 5814 καὶ
