3976 6388
266 337 410 399 “03

1220 345 1597 401 SYNTAGMA
1637 348 1726 402 AD
1767 348 2108 415 QUEMDAM
2149 349 2545 409 POLITICUM.

3372 351 3512 411 μοις

266 458 416 544 nev,
463 458 556 513 καὶ
593 460 744 528 ἅγιον
787 462 1030 533 Πνεῦμα,
1062 464 1158 534 τὴν
1206 466 1334 535 μίαν
1376 464 1605 539 θεότητά
1640 486 1699 521 τε
1748 470 1828 522 ml

1944 471 2087 527 edita
2120 487 2306 544 opera,
2343 472 2484 528 duce
2527 486 2680 528 usum
2724 470 2928 542 Spiritu
2959 478 3171 534 sancto,
3220 480 3279 525 ut
3309 471 3511 525 lumine

264 540 494 620 δύναμιν
521 551 580 604 ἐν
608 551 755 620 τρισὶ
786 552 1190 627 γνωριζομένην
1230 558 1323 610 καὶ
1356 559 1829 631 προσκυνουμένην

262 642 382 707 ταῖς
413 641 794 695 ύποστάσεσιν.

262 818 465 882 ὀπως
495 815 593 870 δεῖ
610 819 917 894 πιστεύειν
946 822 1079 894 περὶ
1105 822 1214 891 τῆς
1251 823 1358 878 τοῦ
1394 825 1616 894 Κυρίου
1656 828 1831 879 ἐναν-

861 892 1239 959 θρωπήσεως.

331 978 457 1033 ὀτι
502 981 659 1044 αὐτὸς
690 982 720 1034 ὁ
757 981 851 1035 τοῦ
889 981 1024 1037 Θεοῦ
1068 985 1238 1053 Λόγος
1275 988 1305 1039 ὁ
1342 987 1775 1060 ἀπερίγραπτος,
1804 990 1832 1041 ὀ

258 1069 574 1154 ἀσώματος,
608 1074 637 1127 ὁ
669 1074 965 1146 μονογενὴς
1004 1075 1099 1129 τοῦ
1132 1078 1346 1149 Πατρὸς
1370 1078 1516 1145 Υἱὸς,
1547 1080 1609 1133 τὸ
1645 1082 1711 1134 ἐκ
1738 1080 1832 1135 τοῦ

257 1167 440 1232 φωτὸς
465 1164 602 1234 φῶς,
633 1165 666 1235 ή
710 1164 861 1236 πηγὴ
894 1167 993 1237 τῆς
1025 1166 1203 1240 ζωῆς,
1244 1170 1338 1224 καὶ
1370 1170 1468 1241 τῆς
1513 1171 1829 1236 ἀθανασίας,

257 1256 319 1309 τὸ
346 1256 689 1327 ἀπαύγασμα
729 1257 829 1326 τῆς
867 1257 1045 1330 δόξης,
1073 1262 1102 1314 ό
1132 1262 1416 1334 χαρακτὴρ
1459 1263 1557 1335 τῆς
1598 1264 1832 1319 ὑποστά-

260 1365 399 1413 σεως
419 1389 436 1413 ,
470 1352 536 1420 τῇ
593 1348 842 1419 βουλήσει
884 1350 977 1404 τοῦ
1032 1354 1377 1426 προανάρχου
1425 1353 1519 1407 καὶ
1565 1354 1833 1408 συναῖδίου

257 1439 426 1494 αὐτοῦ
461 1441 696 1513 Πατρὸς,
732 1443 826 1496 καὶ¹
846 1445 910 1513 τῇ
943 1444 1230 1516 συνεργείᾳ
1263 1444 1358 1497 τοῦ
1392 1445 1546 1513 άγίου
1581 1446 1833 1517 Πνεῦμα-

256 1549 370 1595 τος,
396 1533 462 1585 ἐκ
493 1530 603 1584 τῶν
640 1533 986 1605 παρθενικῶν
1020 1536 1267 1605 αἱμάτων
1303 1537 1404 1607 τῆς
1429 1538 1713 1602 Θεοτόκου,
1739 1538 1835 1592 καὶ

257 1624 620 1696 άειπαρθένου
660 1626 901 1696 Μαρίας,
934 1628 992 1679 ἐν
1021 1629 1086 1697 τῇ
1120 1628 1294 1699 οἰκεία
1330 1628 1494 1682 αὐτοῦ
1539 1630 1833 1684 ὑποστάσει

256 1713 456 1787 ἔπηξεν
489 1715 666 1787 ἐαυτῷ
720 1716 901 1789 σάρκα
958 1717 1358 1789 ἐμψυχωμένην
1378 1759 1392 1782 .
1433 1721 1529 1775 καὶ
1575 1720 1831 1791 λογικὴν,

1933 562 2115 619 lumen
2147 564 2591 635 comprehendat,
2633 565 2856 620 credere
2893 564 2945 617 in
2979 563 3199 619 Patrem
3229 573 3285 618 et
3308 562 3507 617 Filium

1932 664 1987 708 ct
2021 654 2285 725 Spiritum
2318 663 2592 719 sanctum,
2641 670 2803 710 unam
2845 655 3103 711 deitatem
3136 663 3302 727 atque
3339 655 3511 709 virtu—

1933 759 2064 809 tem,
2102 748 2155 800 in
2189 748 2364 802 tribus
2397 748 2785 819 hypostasibus
2814 748 3080 802 creditam
3118 756 3172 803 et
3201 748 3505 801 adoratam.

2041 837 2182 905 Quid
2211 838 2526 892 credendum
2560 841 2631 893 sit
2670 840 2733 893 de
2762 839 2977 893 Domini
3017 840 3406 896 incarnatione.

2002 990 2159 1057 Quod
2207 991 2382 1061 ipsum
2430 992 2524 1047 Dei
2552 989 2788 1047 Verbum
2827 990 3382 1060 incircumscriptum,
3426 986 3512 1041 in-

1933 1098 2281 1154 corporeum,
2329 1083 2510 1140 Patris
2552 1085 2914 1154 unigenitum,
2948 1084 3130 1139 lumen
3163 1100 3231 1138 ex
3278 1081 3505 1141 lumine,

1935 1174 2058 1231 fons
2094 1176 2219 1230 vitae
2257 1184 2311 1230 et
2334 1176 2781 1245 immortalitatis,
2819 1175 3077 1246 splendor
3101 1175 3306 1246 gloriae,
3336 1174 3506 1245 ﬁgura

1934 1267 2257 1324 substantia:
2281 1267 2346 1331 ¹⁸,
2376 1268 2658 1324 voluntate
2686 1267 2887 1331 Patris,
2912 1267 3003 1336 qui
3032 1278 3154 1322 ante
3189 1268 3426 1328 initium,
3452 1279 3508 1322 et

1935 1358 2042 1428 ipsi
2062 1366 2367 1414 coaeternus
2394 1365 2500 1419 est.
2528 1366 2583 1413 et
2608 1360 2992 1427 coeperatione
3021 1358 3256 1427 Spiritus
3297 1358 3500 1417 sancti,

1933 1466 2000 1507 ex
2031 1450 2279 1522 virgineo
2313 1449 2581 1519 sanguine
2632 1449 2873 1519 Deiparae
2914 1457 2967 1502 et
3010 1464 3225 1517 semper
3268 1446 3498 1518 virginis

1934 1543 2137 1606 Mariae,
2181 1543 2236 1596 in
2286 1543 2504 1613 propria
2552 1557 2650 1597 sua
2698 1541 2979 1613 hypostasi
3026 1556 3246 1596 carnem
3277 1540 3379 1595 sibi
3423 1538 3506 1594 ef-

1936 1634 2090 1689 tlnxit
2124 1633 2417 1687 animatam
2444 1640 2498 1688 et
2535 1632 2880 1694 rationalem,
2932 1640 3093 1701 atque
3136 1630 3283 1684 illam
3311 1644 3503 1683 novem

1935 1727 2205 1782 mensium
2240 1734 2486 1796 tempore
2519 1740 2584 1780 ex
2614 1724 2730 1795 ipsa
2756 1722 3063 1780 eﬂ‘ormavit
3094 1741 3107 1779 :
3134 1733 3403 1790 natusque
3421 1728 3507 1774 est

242 1810 353 1863 καὶ
374 1808 582 1880 ταύτην
609 1809 688 1880 τῷ
719 1811 1113 1881 ἐννεαμηνιαίῳ
1150 1812 1325 1883 χρόνῳ
1351 1813 1747 1885 διεπλασμένην
1774 1814 1828 1878 ἐξ

1935 1819 2077 1874 Deus
2114 1817 2538 1881 hominil‘ormis,
2584 1817 2639 1871 id
2685 1826 2790 1882 est,
2836 1815 2977 1871 Deus
3017 1822 3072 1870 et
3103 1815 3287 1878 homo,
3325 1813 3380 1865 in
3407 1811 3507 1883 hy-

256 1902 430 1971 αὐτῆς
448 1920 463 1932 ·
496 1902 757 1974 ἐγεννήθη
786 1902 919 1966 Θεὸς
947 1902 1432 1976 άνθρωπόμορφος,
1449 1906 1692 1960 τουτέστι
1707 1905 1838 1970 Θεὸς

256 1995 353 2048 καὶ
379 1994 663 2066 ἄνθρωπος
701 1996 760 2047 ἐν
796 1997 896 2066 μιᾷ
919 1995 1212 2049 ὑποστάσει
1239 1996 1331 2050 δύο
1352 1996 1539 2065 φύσεις
1581 1998 1836 2070 ἐπιφερό-

261 2101 442 2154 μενος,
476 2084 817 2155 ἁδιαιρέτως,
843 2086 939 2138 καὶ
965 2086 1310 2156 ἀσυγχύτως,
1330 2088 1424 2140 καὶ⁵
1454 2087 1549 2141 δύο
1569 2087 1836 2159 θελήσεις,

254 2176 353 2228 καὶ
384 2175 664 2245 ἐνεργείας
684 2215 698 2237 ,
735 2174 923 2239 θεῖκάς
963 2175 1100 2248 ὁμοῦ
1134 2178 1227 2231 καὶ⁵
1257 2178 1609 2250 ἀνθρωπικὰς
1629 2197 1643 2209 ·
1680 2179 1836 2251 ἤθελε

256 2264 369 2338 γάρ
403 2266 481 2329 ὡς
508 2264 641 2328 Θεὸς
678 2266 773 2319 καὶ
807 2267 1063 2337 ἐνήργει,
1099 2268 1192 2321 καὶ
1222 2268 1410 2339 ήθελεν
1434 2268 1509 2333 ὡς
1552 2269 1837 2343 ἄνθρωπος

257 2358 353 2410 καὶ
378 2358 634 2427 ἐνήργει·
675 2356 809 2410 ἀλλὰ
842 2357 1074 2429 φυσικὴν
1121 2358 1361 2431 θέλησιν,
1411 2360 1505 2412 καὶ
1536 2361 1834 2433 ἐνέργειαν,

253 2450 317 2503 οὐ
349 2449 425 2520 μὴ
455 2450 860 2520 άμαρτητικήν.
905 2449 1328 2522 Ἀναμαρτήτως
1349 2451 1454 2523 γὰρ
1487 2452 1833 2524 προσελήφθη

228 2543 291 2612 ,ἡ
323 2540 488 2611 φύσις
520 2543 555 2612 ή
609 2541 963 2613 ἀνθρωπικήο
1019 2544 1114 2597 καὶ
1152 2543 1212 2608 ἐξ
1255 2544 1428 2613 αὐτῆς
1458 2544 1559 2615 τῆς
1592 2544 1836 2610 ἐνὼσεως

253 2632 334 2703 τῷ
382 2633 652 2704 θελήματι
698 2632 1005 2704 ήνώθησαν.
1049 2637 1226 2708 Ὅπερ
1269 2635 1518 2690 ἐϐούλετο
1580 2636 1643 2691 τὸ
1692 2637 1833 2691 θεῖον

253 2722 492 2794 θέλημα,
512 2721 668 2776 τοῦτο
690 2724 782 2776 καὶ
809 2723 870 2776 τὸ
901 2723 1002 2793 τῆς
1030 2724 1405 2796 προσλήψεως.
1437 2725 1596 2779 Ἀλλὰ
1626 2726 1834 2799 θέλημα

251 2812 487 2885 λέγομεν
516 2813 611 2867 καὶ
639 2813 921 2885 ἐνέργειαν
972 2814 1043 2869 τά
1084 2818 1320 2885 φυσικάο
1353 2814 1488 2881 οἷον,
1529 2818 1687 2889 ήθελε
1733 2838 1834 2890 φα-

251 2907 405 2974 γεῖν,
438 2905 599 2977 ήθελε
653 2909 831 2971 πιεῖν,
867 2906 1028 2977 ἤθελε
1071 2910 1474 2980 περιπατῆσαισ
1520 2911 1614 2964 καὶ
1660 2911 1833 2965 ταῦτα

246 2997 497 3068 ἐνήργει,
525 2997 622 3050 καὶ
662 2996 872 3067 ἤθελεν.
910 2997 1071 3052 Ἀλλά
1104 2997 1276 3053 ταῦτα
1320 3002 1491 3054 ἐποίει
1532 3003 1630 3073 τῆς
1681 3002 1832 3067 θείας

223 3087 471 3155 ηφύσεως
510 3087 986 3160 παραχωρούσης,
1013 3090 1073 3143 οὐ
1113 3089 1219 3162 μὴν
1267 3093 1825 3164 κατηναγκασμένως,

247 3180 441 3252 ῶσπερ
468 3181 652 3250 ἡμεῖς·
690 3179 831 3233 ἀλλὰ
861 3180 958 3233 καὶ
995 3180 1057 3233 τὸ
1086 3183 1315 3254 ’κοπιᾷν,
1345 3183 1440 3236 καὶ
1459 3183 1520 3236 τὸ
1564 3185 1824 3256 άγωνιᾷν,

210 3304 213 3307 -
249 3272 344 3325 καί
368 3271 432 3325 τὸ
458 3273 634 3327 αἰτεῖν
658 3272 750 3326 τὸν
778 3272 999 3344 Πατέρα
1024 3273 1311 3345 παρελθεῖν
1336 3275 1394 3328 τὸ
1427 3277 1704 3349 ποτήριον,
1732 3278 1827 3331 καὶ

244 3364 406 3418 τοῦτο
437 3363 535 3418 τοῦ
575 3364 805 3435 φυσικοῦ
856 3364 1179 3437 θελήματος.
1222 3366 1383 3421 Ἀλλά
1422 3368 1516 3421 καὶ
1566 3367 1703 3440 μετὰ
1730 3369 1827 3441 τὴν

247 3456 548 3510 ἀνάστασιν
586 3458 682 3510 καὶ
712 3456 812 3528 τὴν
861 3457 926 3510 ἐκ
969 3456 1156 3523 δεξιῶν
1188 3457 1280 3510 τοῦ
1323 3459 1532 3531 [ἰατρὸς
1559 3460 1825 3533 καθέδραν

244 3546 344 3602 δύο
371 3547 568 3617 φύσεις
599 3546 966 3619 ὁμολογοῦμεν
990 3551 1082 3603 ἐπὶ
1105 3549 1364 3622 Χριστοῦ,
1396 3550 1703 3622 θελητικάς,
1734 3554 1826 3606 καὶ

247 3641 634 3712 ἐνεργητικάς.
664 3641 839 3694 Ὅπου
872 3641 982 3714 γάρ
1019 3643 1179 3712 φύσις
1214 3643 1425 3716 λογικὴ,
1462 3646 1578 3698 ἐκεῖ
1607 3645 1702 3698 καὶ
1740 3645 1826 3698 θέ-

247 3730 407 3803 λησις
439 3731 537 3786 καὶ
565 3732 835 3803 ἐνέργεια.
858 3733 1097 3798 Φυσικάς
1124 3735 1181 3788 δὲ
1202 3735 1294 3789 δύο
1319 3735 1583 3808 θελήσεις,
1600 3734 1824 3809 γνώμην

240 3825 301 3879 δέ
331 3825 466 3896 μίαν
486 3840 499 3853 ·
547 3825 937 3897 οίκονομούσης
959 3826 1067 3900 γάρ
1112 3827 1213 3899 τῆς
1251 3828 1521 3901 θεότητος,
1552 3829 1824 3901 ἑπομένης

241 3916 301 3970 δὲ
328 3916 429 3988 τῆς
462 3916 899 3989 ἀνθρωπότητος,
928 3920 1022 3974 καὶ
1051 3919 1486 3993 παραχωρούσης
1506 3919 1641 3992 αὐτῇ
1674 3921 1825 3993 ἐνερ-

244 4013 366 4079 γεῖν
396 4010 470 4065 τὰ
493 4011 801 4083 ἀμφότερα.

673 4103 813 4172 Περὶ
846 4103 1133 4175 διαφορᾶς
1158 4104 1402 4174 ἀρετῶν.

328 4196 625 4267 Ἐλάὃομεν
677 4196 896 4259 ἐντολάς
950 4198 1097 4269 παρὰ
1134 4199 1226 4252 τοῦ
1272 4199 1506 4273 Χριστοῦ
1551 4202 1645 4256 καὶ
1688 4201 1823 4257 Θεοῦ

240 4288 427 4360 ήμῶν,
440 4288 540 4352 τάς
556 4289 887 4344 άπεντεῦθεν
900 4289 1021 4343 θεου
1029 4290 1156 4361 ργού
1164 4308 1281 4355 σας,
1298 4292 1394 4345 καὶ
1409 4292 1667 4356 ποιούσας
1678 4295 1826 4366 ἡμᾶς

190 4428 195 4433 .
242 4385 665 4456 ἀναμαρτήτους
703 4385 928 4456 διάγειν,
963 4387 1057 4440 καὶ
1084 4387 1158 4450 ὡς
1200 4386 1462 4456 ἀγγέλους
1491 4387 1824 4459 ἀναστρέφε-

242 4479 372 4534 σθαι
408 4478 548 4550 μετὰ
576 4479 685 4532 τῶν
724 4479 1025 4551 ἀνθρώπων
1045 4494 1059 4508 ο
1094 4473 1204 4535 οἷον
1250 4477 1351 4551 τὴν
1390 4479 1696 4550 μετάνοιαν,
1727 4479 1824 4550 τὴν

239 4571 747 4643 ταπεινοφροσύνην
789 4572 884 4626 κατ⁹
922 4572 985 4625 τὸ
1009 4571 1255 4642 διηνεκὲς
1304 4572 1519 4638 πένθος,
1554 4572 1651 4645 τήν
1689 4573 1825 4644 πρὸς

240 4662 410 4717 αὐτὸν
438 4662 661 4734 ἀγάπην
692 4662 789 4734 τὴν
821 4662 881 4729 ἐξ
912 4662 1039 4732 ὅλης
1068 4661 1296 4733 καρδίας
1332 4662 1708 4733 ἐγγινομένην,
1733 4662 1826 4715 καὶ

238 4756 346 4829 τὴν
372 4755 513 4827 πρὸς
536 4755 628 4810 τὸν
656 4755 880 4826 πλησίον
909 4755 1169 4820 διάθεσιν,
1200 4755 1297 4826 τὴν
1329 4754 1576 4826 καθαρὰν
1599 4771 1827 4825 προσευ-

239 4847 367 4921 χὴν,
400 4848 496 4901 καὶ
521 4848 622 4919 τὴν
653 4847 861 4901 ἑαυτῶν
904 4847 1232 4918 άπάρνησιν,
1261 4847 1355 4901 καὶ
1390 4846 1452 4900 τὸ
1475 4846 1540 4899 δι’
1566 4845 1687 4899 ὅλου
1721 4845 1827 4916 πρὸ

237 4936 544 5009 ὀφθαλμῶν
581 4936 724 5009 ἔχειν
765 4937 855 4991 τὸν
893 4938 1034 5009 ὑπὲρ
1076 4936 1240 4991 αὐτοῦ
1270 4936 1519 5002 θάνατον,
1546 4935 1639 4990 καὶ
1663 4936 1720 4988 ἐν
1748 4934 1826 5006 τῷ

240 5029 389 5098 φωτὶ
442 5027 606 5082 αὑτοῦ
663 5028 1026 5093 ἀδιαλείπτως
1073 5027 1419 5101 πορεύεσθαι,
1459 5027 1553 5080 καὶ
1577 5026 1636 5080 τὸ
1682 5026 1824 5097 ἔχειν

237 5121 442 5178 ἑαυτὸν
466 5120 571 5174 ὑπὸ
597 5121 779 5191 πάσης
806 5120 1058 5185 κτίσεως,
1097 5121 1193 5173 καὶ
1228 5117 1441 5172 δέεσθαι
1470 5116 1633 5171 αὑτοῦ
1658 5116 1826 5187 διηνε-

180 5256 187 5265 .
240 5213 378 5278 κῶς.
408 5212 625 5276 Ταύτας
648 5212 757 5282 γὰρ
787 5212 886 5276 τὰς
913 5210 1062 5275 θείας
1090 5209 1307 5273 ἐντολάς
1337 5211 1366 5265 ὁ
1407 5208 1546 5281 μετά
1590 5210 1824 5272 πίστεως

240 5303 636 5377 ἐργαζόμενος,
662 5304 796 5358 Θεοῦ
829 5302 944 5367 υίὸς
975 5302 1206 5372 γίνεται,
1243 5303 1337 5357 καὶ
1366 5302 1479 5365 υἱὸς
1518 5301 1693 5372 φωτὸς
1730 5301 1823 5354 καὶ

239 5391 582 5465 κληρονόμος
625 5392 780 5456 Θεοῦ,
816 5393 912 5445 κα)⁸
955 5391 1394 5464 συγκληρονόμος
1430 5390 1688 5464 Χριστοῦ,
1728 5389 1823 5443 καὶ

240 5484 308 5540 σύ
317 5501 573 5557 μμορφης
590 5485 689 5556 τῆς
716 5485 921 5545 εἰκόνος
944 5484 1107 5538 αὑτοῦ
1139 5484 1232 5538 καὶ
1262 5483 1559 5556 σύμφυτος,
1581 5484 1674 5537 καὶ
1699 5500 1823 5536 συν-

235 5560 439 5649 τόμως
458 5578 555 5631 καὶ
577 5577 762 5642 ἁπλῶς
782 5580 976 5644 εἰπεῖν,
1004 5577 1149 5631 θέσει
1174 5577 1315 5632 κατά
1336 5579 1494 5650 χάριν
1522 5577 1675 5641 Θεός.
1699 5578 1821 5630 Eiet

236 5670 301 5724 δὲ
332 5669 521 5741 ἕτεραι
554 5670 764 5724 ἐντολαὶ
809 5669 902 5725 τοῦ
929 5669 1189 5749 Χριστοῦ,
1219 5672 1275 5724 αἱ
1316 5670 1507 5741 ἄφεσιν
1545 5670 1644 5742 μὲν
1693 5687 1820 5741 προ-

239 5760 519 5832 ξενοῦσαι,
556 5761 617 5814 οὐ
658 5762 761 5833 μὴν
800 5764 856 5818 δὲ
899 5763 990 5817 καὶ
1027 5763 1360 5837 τελειότητος
1397 5762 1676 5832 ἀξιοῦσαιο
1709 5757 1818 5817 οἷον

320 5852 364 5885 ⁸³
401 5851 569 5909 Hebr.
606 5870 644 5923 ι,
680 5856 714 5909 5

1938 1912 2144 1985 posmsi
2188 1927 2296 1967 una
2336 1911 2474 1966 duas
2498 1920 2718 1982 gestans
2762 1919 3009 1972 naturas,
3060 1908 3179 1964 sine
3215 1905 3504 1969 divisione,

1939 2021 2004 2061 ac
2048 2005 2167 2062 sine
2216 2003 2580 2059 confusione:
2619 2017 2684 2058 ac
2730 2001 2869 2056 duas
2907 2001 3216 2055 voluntates
3254 1999 3506 2067 duasque

1937 2098 2317 2168 operationes,
2358 2094 2573 2150 divinas
2628 2091 2791 2149 simul
2844 2102 2898 2148 et
2943 2092 3231 2146 humanas.
3280 2088 3509 2144 Volebat

1936 2190 2081 2244 enim
2136 2198 2196 2244 ut
2250 2188 2428 2252 Deus,
2489 2196 2543 2242 et
2587 2185 2955 2256 operabatur:
2998 2184 3214 2239 volebat
3264 2184 3394 2240 item
3449 2192 3508 2237 ut

1936 2280 2121 2343 homo,
2144 2288 2199 2335 et
2225 2280 2591 2350 operabatur;
2639 2278 2734 2333 sed
2764 2278 3000 2331 humana
3033 2276 3312 2330 voluntate
3340 2282 3505 2344 atque

1938 2375 2292 2445 operatione,
2344 2389 2446 2428 nec
2493 2378 2718 2442 peccato
2771 2370 3028 2425 obnoxia.
3088 2367 3218 2422 Sine
3277 2373 3505 2436 peccato

1935 2467 2078 2523 enim
2126 2473 2405 2536 assumpta
2444 2472 2529 2520 est
2570 2473 2766 2519 natura
2796 2463 3073 2518 humana:
3100 2467 3264 2531 atque
3301 2473 3368 2514 ex
3398 2457 3504 2511 hac

1935 2559 2052 2629 ipsa
2104 2557 2328 2612 unione.
2373 2555 2653 2610 voluntate
2706 2554 2881 2608 amba:
2926 2553 3092 2606 unita:
3141 2556 3288 2604 sunt.
3343 2544 3502 2613 Quod

1934 2656 2144 2721 optaret
2174 2649 2358 2704 divina
2392 2649 2664 2710 voluntas,
2691 2643 2746 2700 id
2773 2645 2936 2700 etiam
2960 2641 3174 2698 volebat
3208 2644 3504 2710 assumpta:

1934 2750 2142 2797 natura:
2169 2742 2437 2797 voluntas.
2462 2738 2568 2796 Sed
2594 2739 2929 2794 voluntatem
2963 2735 3199 2790 dicimus
3224 2732 3507 2804 Operatio-

1934 2850 2164 2904 nemque
2220 2831 2754 2901 naturalemzquale
2797 2837 2919 2893 est,
2972 2827 3114 2898 quod
3169 2825 3503 2881 manducare

1933 2927 2134 2989 vellet,
2159 2926 2368 2989 bibere,
2411 2925 2690 2979 ambulare
2717 2942 2733 2980 :
2760 2930 2814 2978 et
2843 2922 2957 2976 haec
2993 2919 3342 2991 operabatur,
3385 2917 3501 2972 haec

1930 3021 2170 3077 volebat.
2201 3016 2402 3073 Verum
2431 3017 2546 3072 haec
2575 3015 2767 3087 agebat
2805 3013 2989 3067 divina
3022 3011 3357 3067 concedente
3398 3024 3501 3063 na-

1933 3120 2093 3179 tura;
2125 3126 2236 3165 non
2271 3124 2336 3164 ex
2363 3109 2709 3173 necessitate,
2738 3103 3199 3178 quemadmodum
3234 3117 3367 3167 nos;
3404 3106 3500 3156 seu

1931 3201 2076 3273 quod
2116 3200 2527 3271 defatigaretur,
2555 3201 2698 3269 quod
2724 3198 2780 3254 in
2820 3212 2993 3268 agone
3034 3202 3201 3257 esset,
3227 3192 3372 3264 quod
3402 3208 3498 3262 pe-

1928 3298 2061 3346 teret
2108 3306 2138 3344 a
2165 3289 2326 3344 Patre
2371 3298 2433 3344 ut
2476 3290 2734 3345 transiret
2783 3288 2946 3353 calix,
2978 3284 3031 3340 id
3076 3284 3328 3338 humana:
3380 3290 3499 3337 erat

1927 3382 2092 3454 519
2143 3381 2466 3437 voluntatis.
2516 3379 2629 3434 lmo
2668 3380 2833 3434 etiam
2872 3385 2994 3449 post
3038 3375 3499 3431 resurrectionem

1927 3485 2090 3545 atque
2124 3474 2424 3529 sessionem
2457 3472 2526 3526 ad
2555 3472 2833 3527 dexteram
2867 3468 3066 3532 Patris,
3105 3466 3245 3522 duas
3270 3473 3497 3520 naturas

1926 3566 2249 3620 conﬁtemur
2298 3564 2352 3618 in
2400 3562 2642 3629 Christo,
2693 3563 2975 3617 voluntate
3024 3567 3078 3614 et
3127 3556 3405 3631 operandi
3442 3555 3496 3607 vi

1925 3654 2344 3727 pmditaszubi
2401 3654 2546 3710 enim
2594 3661 2791 3708 natura
2844 3649 3256 3717 rationalis,.ibi
3306 3654 3360 3702 et
3399 3662 3497 3700 vo-

1925 3747 2109 3802 luntas
2140 3753 2194 3801 et
2226 3746 2492 3817 operatio.
2521 3743 2809 3800 Naturales
2851 3750 3032 3797 autem
3066 3741 3205 3795 duas
3243 3738 3497 3792 volunta-

1926 3847 2008 3896 tes
2044 3839 2311 3903 'dicimus,
2353 3837 2447 3894 sed
2485 3838 2700 3893 unicam
2754 3832 3101 3896 sententiam,
3139 3832 3493 3901 dispensante

1924 3930 2147 3993 deitate,
2183 3928 2549 3999 subsequente
2575 3933 2753 3981 autem
2779 3923 3138 3987 humanitate,
3167 3928 3328 3991 atque
3362 3935 3497 3975 con-

1925 4021 2153 4080 cedente
2178 4029 2238 4077 ut
2262 4029 2493 4090 utraque
2524 4027 2866 4090 operaretur.

2354 4112 2434 4168 De
2461 4111 2759 4182 differentia
2790 4110 3061 4164 virtutum.

1992 4207 2254 4263 Mandata
2292 4206 2606 4277 accepimus
2631 4220 2661 4258 a
2688 4203 2909 4259 Christo
2925 4209 2978 4256 et
3008 4200 3118 4256 Deo
3149 4208 3357 4263 nostro,
3375 4213 3496 4269 qua:

1924 4296 2125 4352 exinde
2180 4297 2429 4351 divinum
2463 4294 2713 4367 operanti
2751 4292 2995 4365 praebent
3030 4290 3317 4353 auxilium,
3356 4303 3498 4358 prae--

1925 4399 2182 4458 Stantque
2227 4400 2286 4444 ut
2314 4390 2523 4461 absque
2555 4395 2787 4460 peccato
2815 4387 3100 4456 degamus,
3131 4393 3185 4439 et
3219 4381 3366 4437 velut
3393 4396 3498 4435 an-

1925 4485 2033 4557 geli
2055 4500 2179 4539 cum
2197 4483 2514 4539 hominibus
2537 4496 2851 4537 versemur;
2874 4476 3249 4550 paenitentiam
3279 4490 3494 4544 nempe,

1928 4577 2326 4642 humilitatem,
2386 4576 2595 4629 luctum
2636 4572 2953 4633 assiduum,
3003 4568 3323 4623 charitatein
3368 4580 3498 4633 erga

1903 4664 2108 4734 'ipsum
2141 4679 2206 4717 ex
2259 4670 2376 4717 toto
2407 4662 2593 4723 corde,
2624 4660 2968 4714 dilectionem
3003 4656 3270 4726 proximi,
3300 4668 3493 4723 puram

1926 4755 2271 4818 orationem,
2318 4761 2569 4808 nostrum
2628 4752 2871 4821 ipsorum
2920 4747 3489 4811 abrenuntiationem;

1927 4854 2094 4915 utque
2147 4856 2362 4914 semper
2409 4850 2640 4898 mortem
2671 4856 2770 4912 pro
2822 4840 2916 4894 illo
2975 4837 3349 4894 sustinendam
3383 4851 3494 4908 pra:

1925 4941 2101 4997 oculis
2124 4939 2448 5001 habeamus,
2479 4936 2534 4990 in
2566 4935 2685 5005 ejus
2714 4932 2916 4987 lumine
2939 4931 3058 4985 sine
3087 4928 3493 4983 intermissione

1925 5031 2284 5093 ambulemus,
2321 5044 2424 5084 nos
2447 5027 2597 5082 omni
2623 5033 2874 5082 creatura
2905 5022 3193 5078 inferiores
3213 5019 3493 5075 existime-

1925 5139 2067 5188 mus,
2099 5131 2262 5191 atque
2286 5121 2507 5177 assidue
2549 5119 2650 5188 ipsi
2687 5117 3079 5188 supplicemus.
3106 5111 3229 5167 Haec
3260 5126 3495 5182 namque

1924 5214 2109 5268 divina
2136 5213 2315 5281 jussa,
2335 5212 2378 5266 si
2403 5213 2526 5282 quis
2542 5224 2666 5264 cum
2686 5207 2789 5263 lide
2818 5204 3196 5277 compleverit,
3223 5200 3315 5257 Dei
3348 5200 3494 5257 ﬁlius

1924 5305 2206 5368 etlicietur,
2267 5304 2413 5358 illius
2447 5303 2613 5367 lucis,
2660 5302 2833 5355 haeres
2864 5297 2978 5360 Dei,
3027 5296 3269 5350 cohaeres
3304 5303 3491 5349 autem

1922 5398 2150 5467 Christi,
2176 5397 2480 5453 conformis
2510 5395 2733 5466 imagini
2783 5393 2923 5463 ejus,
2954 5402 3009 5447 et
3044 5388 3444 5458 complantatus
3474 5403 3490 5453 ;

1923 5500 2109 5564 atque,
2148 5498 2209 5545 ut
2236 5490 2428 5561 paucis
2465 5498 2516 5544 et
2565 5487 2884 5557 simpliciter
2912 5484 3182 5546 dicamus,
3201 5479 3493 5550 adoptione

1922 5583 2224 5642 secundum
2254 5583 2483 5655 gratiam
2519 5580 2691 5635 Deus.
2712 5578 2852 5635 Sunt
2883 5591 3051 5650 porro
3084 5575 3185 5629 alia
3222 5582 3491 5644 praecepta

1922 5677 2155 5743 Christi,
2190 5691 2313 5748 qua:
2359 5675 2741 5731 remissionem
2768 5672 2987 5744 quidem
3028 5667 3344 5731 conciliant,
3380 5668 3490 5719 imo

1920 5787 2051 5830 vero
2077 5770 2141 5826 ad
2174 5769 2559 5841 perfectionem
2582 5783 2684 5825 nos
2712 5766 3019 5832 deducunt;
3053 5763 3210 5836 quale
3231 5769 3333 5828 est,
3353 5773 3481 5815 con-
