3976 6388
549 369 682 426 “07

1701 363 1760 415 S.
1804 355 2267 414 ATHANASIUS.
2303 383 2371 396 --
2411 353 2679 409 SPURIA.

3639 353 3754 408 L508

544 485 686 540 fiteri
713 498 778 538 ac
806 481 1160 552 pronuntiare
1191 478 1409 548 propria
1435 484 1678 546 peccata,
1697 490 1804 528 non
1835 476 2101 542 judicare,

2227 488 2262 522 το
2290 482 2570 539 ομολογειν
2597 486 2692 522 και
2718 465 3060 538 ἐξαγορεύειν
3088 465 3156 520 τὰ
3185 468 3361 520 οἰκεῖα
3384 468 3755 539 ἁμαρτήματα,

546 593 658 633 ηοιι
715 587 838 632 sese
861 572 1096 640 negotiis
1138 570 1333 625 alienis
1364 570 1584 624 curiose
1637 569 1883 639 ingerere
1921 584 1934 619 :
1967 565 2107 620 elec-

546 682 828 741 mosynam
855 682 923 720 ex
954 663 1189 735 propriis
1217 663 1378 717 bonis
1435 676 1682 730 erogare,
1711 673 1832 728 quae
1857 657 2107 713 accidunt

547 762 724 818 tristia
759 772 1020 828 generose
1071 764 1126 811 et
1185 771 1309 810 cum
1353 753 1649 824 gratiarum
1699 751 1912 805 actione
1947 749 2106 815 ferre,

546 850 791 906 confiteri
810 865 870 905 se
899 850 1070 920 gratis
1101 855 1262 917 atque
1290 861 1353 901 ex
1375 845 1548 916 gratia
1571 844 1798 900 salutem
1824 840 2106 911 consequi.

548 941 606 997 Si
637 943 823 1009 itaque
852 940 1026 1010 prima
1055 940 1145 992 illa
1174 953 1236 992 ac
1267 937 1359 992 Dei
1400 936 1602 990 auxilio
1648 932 1920 1004 implenda
1955 948 2110 985 man-

545 1031 671 1086 data
721 1031 845 1100 quis
904 1028 1294 1099 compleverit;
1332 1027 1457 1082 inde
1509 1025 1712 1096 accipit
1747 1023 2109 1077 arrhabonam

547 1123 723 1177 sancti
754 1121 1030 1192 Spiritus;
1076 1123 1160 1176 sin
1210 1136 1320 1174 non
1356 1119 1444 1173 illa
1471 1119 1712 1188 quidem,
1765 1115 2001 1172 secunda
2034 1123 2114 1168 ta-

546 1233 674 1272 men
725 1223 979 1270 accurate
1029 1221 1238 1276 servet,
1273 1220 1332 1266 ut
1377 1213 1702 1280 ﬂagitiorum
1747 1225 1971 1264 suorum
2017 1222 2112 1261 ve-

546 1307 694 1360 niam
722 1312 1108 1374 consequatur.
1130 1301 1286 1368 Quod
1317 1302 1361 1356 si
1387 1301 1637 1370 utrisque
1655 1299 1886 1358 labatur.
1909 1296 2115 1350 inutilis

548 1412 681 1451 sane
713 1403 796 1449 est
828 1393 1140 1463 bujusmodi
1170 1395 1352 1457 homo,
1378 1392 1565 1454 miser,
1601 1396 1654 1443 et
1682 1388 1898 1442 infelix:
1931 1400 2118 1454 exspe-

549 1495 768 1558 ctelque
799 1495 1048 1556 paratum
1080 1484 1406 1554 supplicium
1439 1481 1657 1536 diabolo
1673 1489 1726 1534 et
1742 1479 1946 1549 angelis
1974 1476 2112 1546 ejus.

729 1578 988 1632 Discretio
1019 1587 1222 1630 natura:
1235 1575 1318 1645 (ac
1349 1573 1688 1643 conditionis)
1710 1587 1939 1640 operum.

622 1667 858 1739 Operum
910 1667 1016 1720 alia
1075 1665 1292 1736 proprie
1348 1666 1509 1728 bona,
1550 1664 1657 1716 alia
1702 1662 1920 1732 proprie
1975 1659 2117 1712 mala

555 1771 702 1825 sunt,
724 1763 829 1815 alia
851 1761 1059 1826 media;
1092 1759 1310 1829 proprie
1341 1759 1482 1813 bona
1509 1764 1657 1820 sunt,
1675 1756 1980 1825 prudentia,
2007 1753 2119 1809 for-

554 1854 752 1919 titudo,
805 1853 1196 1923 temperantia,
1233 1851 1481 1919 justitia;
1515 1849 1734 1919 proprie
1785 1846 1946 1911 mala,
1982 1845 2116 1898 insi-

555 1948 782 2019 pientia,
845 1947 1080 2016 ignavia,
1123 1943 1567 2013 intemperantia,
1604 1941 1891 2010 iujustitia.
1923 1937 2117 2000 Media,

557 2033 788 2096 divitiae,
838 2043 1148 2104 paupertas,
1185 2033 1382 2104 gloria,
1431 2032 1678 2094 infamia,
1717 2030 1946 2091 sanitas,
1975 2042 2122 2082 mor-

557 2125 685 2188 bus,
717 2123 953 2180 eruditio
996 2124 1189 2187 multa,
1241 2123 1568 2193 ignorantia.
1623 2121 1796 2177 Media
1852 2134 2014 2190 porro
2039 2118 2122 2173 di-

559 2224 779 2281 cuntur,
811 2215 937 2286 quia
967 2230 1060 2284 per
1086 2231 1166 2276 se,
1203 2229 1304 2268 nec
1335 2214 1550 2284 proprie
1581 2213 1742 2276 bona,
1777 2228 1876 2266 nec
1909 2209 2125 2280 proprie

557 2308 704 2361 mala
734 2316 862 2362 sunt
895 2326 908 2360 :
946 2305 1040 2360 sed
1095 2306 1396 2360 secundum
1424 2320 1581 2358 usum
1625 2304 1693 2358 iis
1724 2304 2010 2366 utentium,
2033 2307 2127 2356 aut

559 2398 664 2454 hoc
693 2408 788 2453 aut
818 2398 962 2452 aliud
998 2398 1259 2453 evadunt.
1291 2397 1367 2452 Ita
1408 2397 1560 2452 dives
1603 2396 1697 2465 qui
1733 2395 1936 2465 probus
1967 2395 2038 2448 sit
2070 2393 2124 2448 in

559 2491 932 2562 eleemosynas
960 2491 1099 2546 bona
1124 2490 1422 2561 impendit;
1455 2489 1547 2560 qui
1581 2490 1754 2543 malus
1785 2488 1852 2541 ad
1881 2487 2126 2554 volupta-

560 2593 645 2640 tes
682 2585 748 2640 iis
773 2585 958 2638 utitur.
991 2584 1255 2639 Similiter
1278 2591 1590 2653 paupertas,
1621 2583 1666 2637 si
1700 2584 1837 2636 bona
1873 2581 1964 2643 sit,
1991 2580 2127 2635 tole-

559 2678 817 2741 rantiam,
869 2677 1166 2746 gratiarum
1217 2677 1489 2730 actionem
1533 2683 1586 2729 et
1615 2674 1992 2728 liberalitatem
2026 2688 2126 2727 nos

562 2772 754 2839 docet;
801 2770 846 2825 si
894 2771 1055 2832 mala,
1109 2769 1532 2839 blasphemiam,
1573 2767 2008 2828 illiberalitatem,
2059 2780 2126 2819 ex

560 2877 625 2916 eo
655 2861 798 2931 quod
824 2875 931 2914 non
967 2861 1259 2915 toleranter
1286 2874 1531 2928 agamus,
1558 2864 1798 2927 generat.
1823 2855 1968 2910 Bona
1997 2854 2124 2908 item

561 2953 732 3023 glorla
769 2962 872 3014 est,
903 2967 1027 3006 cum
1078 2967 1177 3006 nos
1205 2951 1568 3004 humilitatem
1599 2948 1807 3010 edocet,
1836 2955 1890 3001 et
1931 2946 2127 3000 futurae

562 3044 748 3114 gloria:
774 3042 1110 3098 desiderium
1145 3043 1370 3113 ingerit:
1405 3042 1546 3095 mala
1592 3047 1771 3094 autem
1803 3052 1924 3093 cum
1945 3036 2123 3092 servi-

2207 565 2266 617 τὸ
2303 564 2377 635 μὴ
2405 563 2629 634 κρίνειν,
2670 565 2732 616 τὸ
2775 562 2850 634 μὴ
2879 563 3352 634 πολυπραγμονεῖν
3392 564 3463 616 τά
3503 564 3756 636 ἀλλότρια,

2207 656 2267 710 τὸ
2294 655 2461 709 ἐλεεῖν
2477 657 2541 708 ἐκ
2566 655 2676 708 τῶν
2706 654 3080 725 ὑπαρχόντων,
3101 654 3162 707 τὸ
3185 654 3370 724 φέρειν
3398 654 3657 722 γενναίως
3684 659 3760 709 καὶ

2213 748 2328 817 μετ’
2351 745 2698 817 εὐχαριστίας
2737 744 2809 798 τὰ
2850 745 3190 817 ἐπερχόμενα
3225 745 3464 816 λυπηρὰ,
3491 745 3553 797 τὸ
3593 746 3761 814 ὁμολο-

2209 843 2325 910 γεῖν
2346 839 2550 911 δωρεὰν
2573 840 2666 893 καὶ
2691 839 2871 912 χάριτι
2899 837 3184 902 σώζεσθαι.
3207 839 3270 891 Et
3297 837 3395 908 μὲν
3415 833 3509 890 οὖν
3525 837 3623 900 τὰς
3644 838 3764 907 πρώ-

2209 949 2307 995 τας
2355 933 2447 984 καὶ
2487 931 2849 1003 θεουργούσας
2891 930 3107 994 ἐντολάς
3145 947 3227 993 τις
3278 928 3594 1000 ἐργάζεται,
3624 930 3764 981 ἀπεν-

2209 1023 2397 1078 τεῦθεν
2407 1024 2667 1094 λαμϐάνει
2679 1024 2770 1077 τὸν
2787 1023 3073 1096 ἀρραϐῶνα
3087 1021 3183 1074 τοῦ
3201 1021 3356 1089 ἁγίου
3381 1020 3712 1092 Πνεύματος·
3726 1024 3764 1072 εἰ

2213 1116 2270 1170 δὲ
2303 1116 2397 1187 μὴ,
2427 1115 2527 1188 κᾶν
2548 1116 2646 1178 τὰς
2670 1115 2927 1186 δευτέρας
2956 1113 3068 1184 μετ’
3102 1110 3418 1182 ἐπιμελείας
3448 1109 3764 1181 ἐργαζέσθω,

2211 1207 2360 1268 ὅπως
2387 1206 2526 1279 τύχῃ
2545 1208 2643 1277 τῆς
2661 1206 2770 1260 τῶν
2799 1204 3296 1276 πλημμεληθέντων
3324 1201 3474 1272 αὐτῷ
3500 1203 3767 1273 συγχωρή-

2216 1317 2372 1363 σεως.
2401 1301 2464 1353 Εἰ
2494 1301 2539 1353 δ’
2573 1299 2895 1370 ἀμφοτέρων
2929 1298 3156 1370 ἐκπέσῃ,
3199 1297 3416 1366 ἀχρεῖος
3445 1286 3602 1357 οὗτος
3629 1293 3766 1363 ἀνὴρ,

2216 1393 2309 1445 καὶ
2329 1391 2528 1455 ἄθλιος,
2546 1392 2639 1446 καὶ
2654 1391 3008 1462 ταλαίπωρος
3035 1390 3129 1444 καὶ
3151 1386 3507 1460 προσδοκάτω
3527 1385 3625 1454 τὴν
3657 1385 3772 1438 ἀπο-

2216 1484 2475 1556 κειμένην
2501 1484 2718 1537 κόλασιν
2747 1482 2822 1552 τῷ
2841 1481 3069 1551 διαϐόλῳ
3097 1480 3312 1543 καὶτοῖς
3333 1477 3588 1545 ἀγγέλοις
3606 1475 3770 1530 αὐτοῦ.

2380 1575 2678 1644 Διάκρισις
2709 1574 2819 1643 τῆς
2841 1572 2960 1628 τῶν
2989 1569 3346 1641 πραγμάτων
3371 1569 3614 1638 φύσεως

2287 1670 2408 1724 Τῶν
2442 1669 2779 1742 πραγμάτων
2819 1667 2888 1722 τά
2915 1666 3011 1738 μέν
3045 1667 3150 1718 είσι
3190 1664 3396 1735 κυρίως
3427 1661 3592 1724 καλὰ,
3632 1659 3698 1713 τὰ
3726 1659 3774 1712 δὲ

2148 1801 2194 1861 Β
2220 1763 2422 1833 κυρίως
2445 1761 2609 1826 κακὰ,
2636 1759 2704 1812 τὰ
2726 1759 2781 1812 δὲ
2802 1758 2940 1829 μέσα
2956 1775 2972 1791 ο
3002 1759 3095 1812 καὶ
3125 1755 3329 1827 κυρίως
3348 1755 3447 1826 μὲν
3476 1753 3640 1814 καλὰ,
3663 1751 3776 1822 φρό-

2221 1873 2396 1926 νησις,
2446 1853 2685 1924 ἀνδρεία,
2737 1849 3074 1923 σωφροσύνη,
3122 1847 3462 1915 δικαιοσύνη·
3500 1847 3700 1916 κυρίως
3729 1845 3777 1897 δέ

2221 1949 2386 2009 κακά,
2416 1944 2713 2016 ἀφροσύνη,
2755 1943 2942 2007 δειλία,
2988 1940 3271 2005 ἀκολασία,
3302 1940 3518 1993 ἀδικία·
3557 1937 3690 2009 μέσα
3710 1938 3776 1999 δὲ,

2221 2038 2466 2101 πλοῦτος,
2500 2036 2675 2100 πενία,
2701 2036 2846 2101 δόξα,
2877 2034 3083 2102 ἀδοξία,
3108 2034 3306 2103 ὑγίεια,
3342 2032 3523 2097 νόσος,
3553 2031 3779 2101 πολυμα-

2223 2129 2334 2192 θία,
2382 2127 2607 2199 ἀμαθία.
2643 2129 2799 2181 Μέσα
2843 2126 2899 2180 δὲ
2943 2126 3191 2196 λέγονται
3239 2123 3330 2179 διὰ
3379 2124 3442 2178 τὸ
3477 2122 3600 2176 καθ’
3635 2121 3782 2175 ἐαυτά

2228 2225 2362 2296 μήτε
2395 2222 2596 2293 κυρίως
2628 2220 2767 2273 καλά
2810 2215 2966 2280 εἶναι,
3021 2220 3154 2291 μήτε
3205 2217 3411 2290 κυρίως
3456 2215 3636 2271 κακά’
3667 2213 3783 2266 ἀλλά

2225 2315 2374 2385 παρά
2406 2317 2469 2384 τῇ
2501 2313 2690 2384 χρήσει
2722 2311 2828 2364 τῶν
2875 2312 3169 2383 χρωμένων
3195 2311 3228 2381 ἢ
3262 2308 3423 2362 τοῦτο
3447 2308 3482 2378 ἢ
3513 2308 3688 2360 ἐκεῖνο
3709 2321 3782 2372 γι-

2225 2409 2423 2476 νόμενα
2442 2423 2454 2435 ”
2479 2401 2587 2458 οἷον
2609 2406 2636 2457 ό
2661 2403 2886 2467 πλοῦτος
2911 2401 3070 2466 καλὸς
3099 2403 3195 2473 μὲν
3225 2403 3305 2465 είς
3332 2398 3699 2470 ἐλεημοσύνην
3725 2397 3785 2448 δι-

2225 2501 2467 2571 δόμενος,
2499 2497 2668 2560 κακὸς
2697 2497 2753 2550 δὲ
2783 2496 2919 2568 πρὸς
2949 2497 3142 2567 ἡδονὰς
3164 2494 3574 2565 δαπανώμενος.
3610 2490 3784 2544 Ὡσαύ-

2225 2610 2333 2655 τως
2350 2593 2495 2662 κα¹ιή
2519 2589 2676 2643 πενία
2698 2589 2834 2662 καλὴ
2865 2590 2961 2660 μὲν
2976 2587 3288 2660 καρτερίαν,
3311 2588 3406 2640 καὶ
3427 2585 3782 2656 εὐχαριστίαν,

2225 2684 2320 2738 καὶ
2371 2681 2681 2752 ἐλευθερίαν
2727 2682 2872 2753 ἡμᾶς
2903 2679 3222 2732 διδάσκουσα
3242 2695 3257 2710 ·
3288 2675 3435 2747 κακὴ
3478 2676 3536 2729 δὲ
3566 2675 3785 2745 βλασφη-

2229 2777 2380 2849 μίαν,
2414 2774 2508 2828 καλ¹
2559 2773 2935 2845 ἀνελευθερίαν
2968 2776 3032 2826 ἐκ
3069 2771 3164 2826 τοῦ
3202 2770 3276 2842 μὴ
3327 2769 3618 2840 καρτερεῖν
3658 2767 3786 2835 ἡμᾶς

2225 2869 2610 2926 ἀποτίκτουσα.
2644 2867 2797 2934 Καλὴ
2826 2865 2882 2919 δὲ
2923 2866 3017 2920 καὶ
3045 2866 3078 2936 ἡ
3115 2863 3262 2928 δόξα,
3294 2864 3424 2915 ὅταν
3449 2875 3786 2928 ταπεινοφρο-

2229 2960 2394 3031 σύνην
2425 2961 2574 3032 ἡμᾶς
2601 2959 2911 3029 ἐκδιδάσκῃ,
2937 2957 3030 3010 καὶ
3054 2956 3154 3027 τῆς
3185 2952 3487 3026 μελλούσης
3503 2952 3658 3022 δόξης
3704 2949 3788 3018 ἐφ-

2229 3069 2370 3106 εσινο
2403 3052 2550 3122 κακὴ
2583 3051 2660 3116 δέ,
2685 3051 2811 3104 ὅταν
2843 3047 3282 3118 δουλοπρέπειαν,
3298 3045 3394 3099 καὶ
3422 3043 3512 3097 διὰ
3543 3042 3699 3112 φόϐον
3716 3041 3790 3094 ἀν-

563 3135 669 3189 lem
703 3135 944 3189 animum
978 3135 1214 3200 inducit;
1258 3142 1420 3205 atque
1446 3131 1636 3189 suadet
1663 3139 1720 3186 ut
1755 3147 1821 3186 ex
1847 3131 2125 3186 hominum

2230 3145 2500 3219 θρώπινον
2522 3143 2698 3197 πάντα
2725 3143 2894 3195 ποιεῖν
2923 3138 3208 3213 ἀναπείθῃ.
3245 3136 3526 3199 Ὡσαύτως
3546 3133 3684 3204 καλὴ
3707 3133 3789 3203 μὲν

563 3226 762 3281 timore
793 3227 975 3280 omnia
1007 3237 1256 3297 agantur.
1292 3225 1553 3280 Similiter
1608 3227 1750 3281 bona
1779 3233 1861 3281 est
1897 3226 2127 3291 sanitas,

565 3334 690 3374 cum
730 3337 792 3376 ea
825 3321 1033 3374 utimur
1067 3331 1124 3374 ut
1160 3319 1266 3374 Deo
1299 3322 1702 3389 placeamus,et
1725 3319 1980 3374 mandata
2010 3321 2130 3390 ejus

565 3427 886 3484 operemur;
937 3414 1078 3467 mala
1119 3420 1322 3474 autem,
1351 3429 1472 3469 cum
1517 3429 1580 3468 ea
1645 3413 1713 3468 ad
1766 3413 2133 3484 intemperan-

565 3506 697 3560 tiam
753 3513 807 3561 et
860 3506 1181 3574 iniustitiam
1218 3505 1438 3560 utimur.
1477 3504 1605 3560 ltem
1638 3506 1897 3573 morbus,
1927 3507 1975 3563 si
2008 3523 2133 3579 gra-

565 3598 669 3651 tias
690 3613 935 3669 agamus,
970 3614 1144 3668 eoque
1191 3598 1349 3668 quasi
1399 3597 1646 3667 adjutore
1675 3605 1916 3664 utamur,
1952 3586 2132 3654 bonus

563 3697 685 3758 est;
713 3692 908 3753 malus.
940 3692 984 3745 si
1011 3692 1226 3760 ingrato
1258 3690 1430 3746 simus
1465 3691 1666 3755 animo,
1699 3698 1861 3762 atque
1893 3691 1958 3745 ad
1988 3693 2135 3747 blas-

566 3781 838 3852 phemiam
877 3791 930 3836 ct
957 3783 1092 3836 iram
1119 3798 1219 3836 nos
1247 3783 1334 3837 ille
1357 3790 1635 3853 provocet.
1661 3783 1808 3838 Bona
1829 3785 2032 3855 pariter
2051 3792 2134 3840 est

567 3879 737 3932 multa
765 3879 1020 3943 eruditio,
1039 3895 1164 3934 cum
1188 3895 1250 3934 ea
1281 3879 1348 3934 ad
1376 3881 1702 3946 docendum,
1737 3889 1791 3938 et
1823 3882 1890 3936 ad
1913 3896 2132 3936 causam

568 3968 770 4038 injuria
791 3983 1176 4039 oppressorum
1195 3968 1480 4024 dicendam
1497 3969 1731 4038 utimur;
1761 3970 1902 4024 mala
1932 3977 2133 4036 autem,

567 4075 692 4114 cum
745 4059 811 4112 ad
851 4076 1044 4114 vanam
1104 4061 1353 4130 gloriam,
1384 4068 1438 4116 et
1488 4061 1704 4132 injuriae
1746 4060 2132 4130 patrocinium.

567 4149 715 4205 Bona
750 4151 913 4206 etiam
944 4152 1256 4222 ignorantia
1275 4161 1375 4214 est,
1411 4168 1535 4207 cum
1585 4153 1637 4206 id
1671 4151 1834 4208 eilicit
1873 4160 1932 4205 ut
1962 4150 2136 4207 doctis

571 4240 949 4309 subjiciamur,
979 4242 1048 4296 ab
1070 4241 1247 4312 iisque
1269 4243 1554 4298 utilitatem
1593 4244 1962 4312 accipiamus;
1994 4243 2136 4296 mala

573 4340 751 4387 autem
784 4347 907 4386 cum
953 4333 1111 4388 nobis
1141 4335 1378 4389 suaserit
1399 4348 1457 4389 ut
1483 4335 1535 4389 in
1569 4339 1788 4406 propria
1817 4336 2136 4391 incedamus

572 4423 914 4494 ignorantia;
947 4439 1048 4479 nec
1088 4425 1243 4480 nobis
1266 4428 1668 4494 praestantiores
1711 4442 2022 4497 sequamur.
2051 4426 2138 4481 Si-

571 4516 685 4570 mili
714 4516 876 4587 520
903 4515 1066 4571 modo
1111 4531 1170 4572 se
1200 4516 1398 4571 habent
1428 4519 1634 4588 reliqua
1663 4519 1844 4573 omnia
1865 4559 1879 4582 ,
1906 4521 2136 4586 scilicet,

571 4608 852 4671 nobilitas,
877 4607 1212 4680 ignobilitas,
1245 4611 1471 4679 pulchra
1517 4610 1688 4666 for'ma
1713 4627 1775 4666 ac
1793 4612 2135 4678 deformitas,

571 4702 820 4758 celeritas
837 4709 891 4757 et
908 4703 1157 4767 tarditas,
1176 4719 1266 4758 ars
1282 4711 1335 4759 et
1368 4706 1499 4760 artis
1530 4705 1820 4775 imperitia,
1843 4707 2139 4764 dexteritas

571 4793 629 4848 in
675 4794 1039 4850 ministrando
1072 4801 1126 4850 et
1185 4794 1520 4852 inbabilitas.
1557 4795 1680 4852 Haec
1711 4799 1914 4862 omnia,
1951 4808 2010 4853 ut
2059 4799 2142 4854 di-

571 4896 719 4942 ctum
750 4895 854 4952 est,
888 4888 941 4943 in
976 4888 1156 4943 medio
1179 4891 1517 4958 consistunt;
1551 4897 1609 4944 ut
1629 4893 1723 4962 qui
1747 4892 1814 4947 iis
1849 4903 1994 4947 recte
2020 4900 2142 4947 uta-

568 4982 682 5042 tur,
696 4976 832 5030 nihil
850 4975 1076 5031 lzndatur
1093 4978 1160 5031 ab
1174 4979 1327 5047 ipsis,
1343 4981 1796 5048 quemadmodum
1815 4982 2138 5039 bcatusJob.

573 5067 818 5138 Utroque
843 5068 988 5122 enim
1017 5068 1179 5124 modo
1201 5071 1556 5136 exercitatus,
1575 5073 1868 5142 praeclarus
1890 5088 2144 5143 compro-

569 5157 734 5214 batus
763 5166 847 5214 est
872 5167 1035 5230 atque
1067 5158 1530 5232 inexpugnabilis,
1562 5178 1625 5218 ac
1654 5163 1710 5218 in
1745 5165 1998 5220 omnibus
2033 5164 2143 5221 Deo

574 5252 797 5320 placuit.
820 5251 939 5307 Non
971 5253 1126 5308 decet
1154 5255 1340 5325 itaque
1372 5257 1534 5313 rebus
1557 5258 1690 5329 ipsis
1722 5260 1936 5330 culpam
1972 5263 2145 5316 ascri-

573 5341 704 5399 bere
735 5358 748 5394 ε
786 5344 920 5398 nihil
945 5345 1089 5399 enim
1118 5361 1307 5401 eorum
1347 5365 1466 5418 quae
1490 5364 1520 5402 a
1564 5349 1672 5405 Deo
1695 5351 1820 5406 data
1850 5359 1998 5416 sunt,
2031 5369 2147 5410 ma-

577 5433 723 5502 lum;
757 5436 853 5491 sed
882 5437 935 5491 id
970 5436 1172 5493 habent
1198 5454 1268 5494 ex
1299 5441 1520 5496 seducta
1553 5451 1738 5499 nostra
1778 5453 1940 5515 atque
1983 5463 2146 5517 spon-

575 5532 736 5582 tanea
786 5543 945 5583 serva
979 5528 1282 5595 voluntate,
1326 5540 1491 5601 atque
1531 5548 1596 5588 ex
1642 5535 1837 5590 animae
1879 5536 2024 5590 circa
2054 5554 2145 5593 eas

577 5628 668 5671 res
705 5617 913 5687 judicio
941 5618 1009 5673 ad
1033 5618 1313 5675 libidinem
1348 5638 1500 5677 suam
1526 5622 1636 5677 lato
1669 5642 1680 5676 :
1717 5623 1882 5681 libere
1915 5643 2146 5698 namque

579 5707 674 5768 illa
725 5708 782 5764 in
825 5710 1087 5765 harumce
1115 5727 1296 5766 rerum
1325 5730 1425 5770 usu
1462 5715 1662 5770 labitur
1687 5731 1752 5770 ex
1779 5720 1996 5788 propria
2025 5722 2146 5778 libi-

580 5800 732 5869 dine,
763 5801 893 5857 dum
918 5800 1010 5858 Dei
1033 5801 1360 5859 voltunatem
1384 5806 1610 5874 ejusque
1641 5823 1863 5878 regnum
1887 5813 2131 5885 despicit.

661 5896 735 5967 (a)
763 5895 901 5965 Lege
922 5909 1352 5967 καταφροιηυσα.
1386 5900 1542 5955 Enn.
1580 5901 1821 5960 [Ἄπιθι.

2231 3239 2324 3293 καὶ
2357 3235 2560 3306 ὑγίεια,
2592 3236 2718 3290 ὅταν
2743 3236 2822 3297 είς
2853 3232 3211 3305 εὐαρέστησιν
3235 3229 3331 3283 τοῦ
3353 3229 3491 3282 Θεοῦ
3517 3227 3611 3281 καὶ
3643 3227 3790 3297 ἐργα-

2233 3333 2353 3388 σίαν
2375 3331 2482 3386 τῶν
2505 3328 2668 3383 αὐτοῦ
2697 3326 2920 3381 ἐντολῶν
2940 3324 3199 3396 χρώμεθα
3218 3338 3231 3352 °
3261 3323 3408 3395 κακὴ
3430 3322 3510 3384 δὲ,
3527 3323 3653 3375 ὅταν
3673 3319 3793 3391 πρὸς

2232 3421 2527 3480 ἀκολασίαν
2557 3420 2653 3475 καὶ
2705 3418 2935 3473 ἀδικίαν.
2983 3415 3214 3488 Ὁμοίως
3258 3415 3353 3468 καὶ
3397 3416 3432 3486 ἡ
3476 3413 3651 3478 νόσος,
3680 3413 3791 3464 ὅταν

2232 3513 2636 3588 εὐχαριστῶμεν
2685 3511 2778 3565 καὶ
2809 3509 3052 3584 συνεργῷ
3095 3508 3268 3582 ταύτῃ
3312 3505 3598 3579 χρώμεθα,
3631 3503 3787 3572 καλή·

2233 3606 2376 3677 κακὴ
2403 3605 2479 3668 δέ,
2511 3605 2638 3658 ὅταν
2673 3601 2809 3674 πρὸς
2831 3599 3168 3672 ἀχαριστίαν,
3192 3599 3287 3651 καὶ
3318 3596 3685 3667 βλασφημίαν,
3712 3592 3793 3644 καὶ

2232 3699 2398 3772 ὀργὴν
2433 3699 2579 3769 ἡμᾶς
2607 3695 2922 3767 συνελαύνῃ.
2947 3690 3100 3763 Καλὴ
3133 3689 3228 3744 καὶ
3257 3692 3292 3761 ἡ
3325 3688 3659 3760 πολυμαθία,
3683 3689 3792 3740 ὅταν

2235 3793 2371 3865 πρὸς
2426 3789 2772 3844 διδασκαλίαν
2828 3788 2922 3840 καὶ
2969 3784 3219 3858 βοήθειαν
3267 3785 3384 3848 τοῖς
3437 3781 3793 3852 ἀδικουμένοις

2232 3883 2404 3955 ταύτῃ
2433 3879 2719 3954 χρώμεθα⁶
2752 3877 2894 3949 κακὴ
2922 3877 2998 3942 δέ,
3033 3876 3161 3930 ὅταν
3194 3874 3332 3948 πρὸς
3363 3872 3685 3941 κενοδοξίαν,
3712 3871 3795 3923 καὶ

2237 3976 2560 4047 συνηγορίαν
2582 3975 2680 4046 τῆς
2710 3972 2944 4036 ἀδικίας.
2976 3969 3132 4041 Καλὴ
3151 3968 3247 4023 καὶ
3285 3967 3521 4040 ἀμαθία,
3554 3969 3679 4022 ὅταν
3705 3980 3796 4017 πα·

2238 4064 2548 4138 ρασκευάξῃ
2581 4065 2728 4134 ἡμᾶς
2753 4059 3149 4116 ὑποτάσσεσθαι
3185 4061 3298 4123 τοῖς
3333 4057 3522 4122 εἰδόσι,
3564 4055 3659 4110 καὶ
3681 4070 3783 4122 παρ

2235 4155 2417 4211 αὐτῶν
2469 4153 2786 4226 πορίζεσθαι
2844 4152 2943 4222 τὴν
2998 4149 3302 4218 ὠφέλειαν·
3357 4147 3505 4218 κακὴ
3561 4146 3640 4209 δὲ,
3684 4145 3798 4196 ὅταν

2237 4247 2399 4320 πείθῃ
2427 4247 2574 4316 ἡμᾶς
2606 4247 2671 4316 τῇ
2723 4243 2902 4314 οἰκείᾳ
2941 4245 3168 4312 στοιχεῖν
3201 4238 3436 4311 ἀμαθίᾳ,
3475 4237 3570 4291 καὶ
3603 4234 3673 4308 μὴ
3698 4236 3799 4294 τοῖς

2236 4339 2539 4412 κρείττοσιν
2580 4335 2825 4390 ἕπεσθαι.
2874 4333 3142 4398 Ὡσαύτως
3181 4332 3275 4386 καὶ
3305 4331 3374 4384 τὰ
3404 4329 3569 4383 λοιπά
3612 4329 3797 4388 πάντα,

2238 4432 2348 4487 οἷον
2387 4431 2633 4500 εὐγένεια
2653 4430 2748 4484 καὶ
2779 4428 3080 4498 δυσγένεια,
3104 4424 3378 4498 εὐμορφία
3409 4423 3504 4477 καὶ
3547 4420 3798 4493 ἀμορφία,

2240 4525 2574 4595 καλλιφωνία
2601 4524 2694 4576 καὶ
2722 4520 3054 4591 κακοφωνία,
3091 4520 3243 4589 ίσχύς
3270 4519 3365 4571 καὶ
3397 4516 3684 4586 ἀδυναμία,
3715 4529 3801 4564 τα·-

2238 4617 2406 4690 χύτης
2445 4617 2539 4670 καὶ
2574 4613 2872 4686 βραδύτης,
2915 4610 3078 4682 τέχνη
3122 4609 3217 4662 καὶ
3265 4609 3512 4679 ἀτεχνία,
3551 4607 3645 4660 καὶ
3678 4603 3803 4673 πρὸς

2237 4707 2512 4770 διακονίας
2552 4705 2926 4778 ἐπιτηδειότης
2973 4701 3070 4756 καὶ
3118 4700 3580 4771 ἀνεπιτηδειότης.
3632 4693 3805 4751 Ταῦτα

2239 4803 2436 4864 πάντα,
2472 4801 2548 4864 ὡς
2592 4798 2828 4871 εἴρηται,
2877 4796 2988 4850 τῶν
3029 4795 3208 4867 μέσων
3245 4792 3384 4846 εἰσί·
3429 4794 3527 4846 καὶ
3558 4793 3586 4844 ὁ
3635 4788 3806 4848 καλῶς

2239 4893 2448 4956 τούτοις
2475 4889 2754 4963 χρώμενος
2782 4888 2933 4942 οὐδὲν
2957 4886 3110 4959 παρά
3130 4884 3332 4939 τούτων
3364 4885 3713 4956 βλαϐήσεται,
3741 4879 3807 4940 ὡς

2240 4986 2267 5037 ὁ
2294 4985 2560 5058 μακάριος
2604 4982 2741 5036 ’Ῐώδι
2779 4982 2874 5044 Εἰς
2907 4979 3188 5051 ἀμφότερα
3219 4977 3327 5046 γὰρ
3367 4975 3696 5043 ἐξετασθείς,
3728 4969 3808 5024 εὐ-

2240 5076 2459 5147 δόκιμος
2495 5074 2733 5144 ἀνεφάνη
2780 5072 2876 5127 καὶ
2904 5067 3368 5138 ἀκαταγώνιστος,
3403 5067 3500 5121 καὶ
3528 5067 3617 5120 διά
3641 5065 3808 5118 πάντα

2242 5169 2572 5241 εὐηρέστησε
2602 5166 2680 5238 τῷ
2717 5165 2852 5236 Θεῷ.
2904 5165 3064 5217 Ὥστε
3095 5163 3154 5216 οὐ
3187 5161 3267 5214 δεῖ
3296 5161 3368 5214 τά
3400 5160 3702 5233 πράγματα
3735 5156 3812 5208 ai-

2242 5261 2457 5316 τιᾶσθαι
2480 5278 2496 5292 ο
2535 5260 2684 5314 οὐδὲν
2709 5259 2820 5330 γάρ
2857 5257 2961 5312 τῶν
2998 5255 3147 5327 παρὰ
3171 5252 3306 5309 Θεοῦ
3339 5253 3602 5307 δοθέντων
3630 5249 3809 5307 κακὸν.

2243 5352 2377 5407 ἀλλά
2423 5351 2572 5424 παρὰ
2604 5351 2702 5422 τὴν
2747 5348 3089 5420 ἐσφαλμένην
3134 5345 3291 5417 ἡμῶν
3333 5345 3432 5398 καὶ
3483 5339 3812 5396 ἐθελόδουλον

2246 5445 2584 5517 προαίρεσιν,
2617 5445 2709 5497 καὶ
2749 5443 2847 5514 τὴν
2876 5438 3330 5496 ἐθελοϐλέπουσαν
3365 5437 3494 5508 περὶ
3518 5435 3690 5489 ταῦτα
3724 5430 3811 5496 τῆς

2245 5536 2422 5610 ψυχῆς
2449 5536 2604 5609 ἡμῶν
2619 5534 3037 5607 διάκρισιν,ῆτις
3052 5529 3418 5595 αὐτεξουσίως
3454 5527 3589 5598 πρὸς
3615 5525 3716 5594 τὴν
3728 5537 3812 5571 στας

2251 5632 2514 5703 ράχρησιν
2556 5629 2760 5683 τούτων
2791 5625 3135 5690 ἐξολισθαίνει
3170 5624 3232 5688 ἐξ
3251 5621 3463 5685 οἰκείας
3493 5614 3810 5691 φιληδονίας,

2251 5727 2340 5778 καὶ
2361 5725 2460 5794 τῆς
2487 5723 2578 5779 τοῦ
2609 5721 2741 5779 Θεοῦ
2768 5721 2857 5775 καὶ
2886 5719 2980 5789 τῆς
3016 5715 3184 5770 αὐτοῦ
3232 5713 3512 5786 βασιλείοις
3554 5721 3813 5777 κιαι-αἵρεο-

2243 5817 2350 5872 νῶν
2383 5816 2475 5888 (α).
