3976 6388
285 323 441 402 ἰιυο

1094 342 1326 400 SERMO
1361 341 1496 398 PRO
1536 343 1627 399 llS
1666 343 1785 411 QUI
1828 342 2122 399 SECULO
2161 339 2729 397 RENUNTIARUNT.

3384 337 3524 394 1410

298 490 3485 519 W

1725 636 2042 694 MONITUM

369 773 484 832 Hoc
515 779 639 831 item
671 774 978 845 opusculum
1002 772 1168 829 Roma
1201 772 1350 828 nobis
1378 773 1594 827 missum
1622 780 1722 834 est,
1745 770 1807 824 de
1835 787 1934 840 quo
1967 769 2076 824 lucc
2103 779 2251 823 notat
2279 772 2368 841 qui
2411 772 2708 838 exscripsit.
2739 770 2870 826 Mss.
2908 771 3074 826 codex
3107 771 3329 828 Graecus
3358 789 3486 828 nunt.

295 874 420 936 658.
453 872 898 928 membranaceus
939 878 991 926 et
1045 870 1215 936 in—iﬁ,
1245 869 1479 939 eleganti
1529 883 1691 921 manu
1739 875 2024 928 exaratus,
2053 867 2268 920 videtur
2305 866 2503 919 habere
2533 880 2660 920 cccc
2706 881 2878 921 annos
2935 875 2988 921 et
3036 875 3120 921 est
3175 867 3523 922 bibliotheca:

294 969 591 1024 Vaticanus.
640 967 784 1022 lnter
850 967 956 1020 alia
1016 968 1294 1029 continet,
1325 963 1554 1034 p.150,
1615 969 1930 1031 sequentem
1978 968 2270 1015 tractatum
2333 961 2652 1014 attributum
2705 969 2896 1016 sancto
2951 960 3270 1016 Athanasio.
3328 961 3398 1014 At
3446 968 3520 1014 est

293 1065 459 1134 ignoti
487 1063 761 1133 cujusdam
792 1072 840 1118 et
864 1063 1154 1117 Athanasio
1193 1061 1344 1131 longe
1366 1059 1630 1130 inferioris
1661 1057 1932 1124 scriptoris
1955 1072 2107 1124 opus,
2146 1056 2405 1123 utqprimo
2436 1065 2650 1123 aspectu
2674 1054 2906 1109 advertet
2928 1055 3165 1108 eruditus
3196 1055 3380 1108 lector.

856 1309 995 1362 ΤΟΥ
1014 1308 1117 1360 EN
1151 1305 1411 1361 ΑΓΙΟΙΣ
1440 1304 1731 1361 ΠΑΤΡΟΣ
1757 1306 1966 1360 ΗΜΩΝ
2001 1300 2432 1358 ᾹΘΑΝΛΣΙΟΥ
2472 1301 2616 1357 ΤΟΥ
2640 1305 2997 1357 ΜΕΓΑΛοΥ

1406 1461 1847 1516 ΠΑΤΡΙΑΡΧΟΥ
1900 1460 2412 1514 ΔΛΕΞΑΝΔΡΕΙΑΣ

359 1629 549 1696 Λόγος
575 1623 946 1695 δωκριτικός,
971 1623 1069 1676 καὶ
1101 1625 1187 1688 εἰς
1218 1621 1322 1688 τὰς
1349 1619 1602 1684 ἐντολὰς
1636 1619 1742 1674 τοῦ
1763 1618 1910 1674 Θεοῦ
1938 1617 2060 1684 τοῖς
2091 1619 2564 1689 ἀποταξαμένοις
2590 1619 2687 1672 καὶ
2726 1617 2988 1686 σωθῆναι
3011 1623 3025 1639 ³
3056 1617 3429 1687 θελουμένοις

1109 1898 1380 1956 SANCTI
1415 1898 1681 1954 PATRIS
1716 1897 1990 1956 NOSTRI
2022 1896 2440 1953 ATHANASII
2472 1891 2720 1951 MAGNI

1427 2054 1561 2108 PAT
1571 2052 1900 2108 RIARCHA‘I
1939 2051 2408 2108 ALEXANDRIE

248 2261 262 2271 .
357 2209 541 2267 Sermo
581 2207 912 2262 discretionis
954 2204 1135 2272 plenus
1179 2205 1234 2258 in
1284 2202 1381 2257 Dei
1412 2201 1699 2266 mandata,
1730 2215 1824 2271 pro
1854 2201 1920 2323 iis
1957 2201 2046 2270 qui
2086 2204 2279 2255 swculo
2333 2201 2702 2254 renuntiarunt
2744 2209 2794 2254 et
2837 2201 2926 2270 qui
2959 2199 3181 2254 salutem
3213 2199 3453 2268 consequi

1809 2287 1867 2323 vo
1895 2281 2002 2323 unt.

1809 2281 2002 2325 volunt.

1885 2439 1956 2452 —

355 2537 406 2590 1.
452 2536 782 2606 Ἀγαπητοί,
817 2534 1188 2606 φροντίσωμεν
1221 2533 1319 2604 τῆς
1370 2533 1639 2605 σωτηρίας
1672 2533 1848 2605 ἡμῶν,
1877 2545 1912 2600 Α

2022 2532 2072 2585 1.
2110 2528 2325 2596 Dilecti,
2377 2527 2441 2584 de
2473 2529 2646 2584 salute
2685 2535 2873 2583 nostra
2912 2525 3335 2583 sollicitudinem
3367 2539 3524 2596 gera-

283 2629 364 2682 ὃτι
392 2631 421 2681 ὀ
447 2629 638 2699 καιρὸς
666 2626 1088 2697 συνεσταλμένος
1146 2626 1263 2679 ἐστὶ
1297 2625 1478 2678 λοιπόν
1499 2641 1513 2655 ο
1544 2629 1639 2680 καὶ
1671 2627 1730 2679 οὐ
1760 2625 1853 2679 δύ-

284 2719 441 2772 ναταί
471 2736 558 2782 τις
605 2717 886 2790 φροντίσαι
910 2717 1008 2787 τῆς
1040 2717 1230 2770 ἑαυτοῦ
1257 2717 1450 2786 ψυχῆς,
1479 2717 1580 2780 ἕως
1605 2711 1664 2771 οὗ
1695 2734 1856 2789 φρον-

281 2808 421 2871 τίζει
452 2807 522 2861 τὰ
551 2806 644 2861 τοῦ
700 2806 971 2878 σώματος.
1005 2807 1214 2879 ’Ὠσπερ
1242 2799 1349 2878 γὰρ
1397 2795 1456 2859 οὗ
1507 2806 1726 2860 δύναταί
1768 2824 1854 2873 τις

286 2899 574 2971 προσέχειν
608 2901 664 2951 ὲν
713 2900 791 2950 ἑνὶ
817 2898 1078 2968 ὀφθαλμῷ
1134 2900 1210 2962 εἰς
1248 2901 1338 2950 τὸν
1368 2898 1614 2967 οὐρανὸν,
1659 2899 1753 2953 καὶ
1795 2901 1852 2952 ὲν

283 2992 364 3045 ὲνὶ
384 2991 478 3043 ἐπὶ
498 2989 594 3060 τὴν
607 2991 708 3060 γῆν
725 3005 737 3018 '
762 2988 932 3052 οὕτως
954 2989 1012 3041 οὐ
1038 2987 1255 3040 δύναται
1276 2988 1554 3059 ἄνθρωπος
1574 2990 1852 3059 φροντίσαι

282 3078 352 3131 τὰ
372 3077 466 3130 τοῦ
496 3075 629 3129 Θεοῦ
653 3077 745 3130 καὶ
781 3077 849 3129 τὰ.
877 3075 970 3129 τοῦ
1007 3076 1274 3147 σώματος.
1303 3078 1511 3149 Ὥσπερ
1543 3079 1602 3131 οὐ
1632 3077 1852 3132 δύναται

283 3168 436 3239 πηγὴ
469 3170 534 3222 ἐκ
559 3169 654 3238 τῆς
689 3168 856 3238 αὐτῆς
890 3168 1030 3238 ὀπῆς
1063 3167 1366 3236 ἐξενεγκεῖν
1401 3167 1542 3239 ὕδωρ
1566 3169 1732 3236 γλυκὺ
1761 3170 1852 3222 καὶ

282 3260 500 3331 πικρὸν,
517 3257 686 3322 οὕτως
706 3260 764 3311 οὐ
783 3257 1002 3312 δύναται
1028 3258 1124 3313 ἄνθ
1131 3277 1309 3330 ρωπος
1335 3259 1426 3312 καὶ
1444 3259 1561 3330 Θεῷ
1576 3260 1850 3330 ἀρέσκειν,

282 3352 377 3404 καὶ
410 3351 613 3421 σαρκὸς
661 3349 948 3420 ἐπιθυμίας
978 3349 1258 3402 ἐπιτελεῖν.
1292 3351 1498 3421 Ὥσπερ
1529 3351 1588 3402 οὐ
1633 3350 1850 3404 δύναται

281 3441 493 3496 ἄκανθα
527 3441 736 3512 καρπὸν
759 3441 934 3494 ἐλαίου
970 3440 1384 3512 προϐάλλεσθαι,
1410 3442 1581 3505 οὕτως
1611 3443 1671 3494 οὐ
1693 3442 1850 3495 δύνα-

281 3547 372 3583 ται
401 3529 686 3600 ἄνθρωπος
719 3531 810 3583 καὶ
833 3529 900 3582 τὰ
938 3531 1161 3600 οὐράνια
1192 3529 1392 3600 ζητεῖν,
1415 3532 1598 3584 καὶτὰ
1634 3534 1850 3600 ἐπίγεια

282 3622 491 3685 ποθεῖν,
517 3619 698 3685 καθώς
727 3639 886 3692 φησιν
923 3623 952 3674 ό
992 3622 1219 3696 Κύριοςο
1251 3624 1324 3675 Οὐ
1357 3623 1582 3677 δύνασθε
1615 3625 1707 3678 καὶ
1733 3623 1850 3694 Θεῷ

281 3715 562 3783 ἀρέσκειν,
592 3714 684 3768 καὶ
712 3714 912 3786 σαρκὸς
934 3713 1226 3784 ἐπιθυμίας
1254 3714 1541 3768 ἐπιτελεῖν.
1573 3716 1734 3770 Ὅθεν
1757 3718 1849 3770 καὶ

279 3810 307 3860 ὁ
337 3806 634 3869 ἀπόστολος
660 3806 868 3869 Παῦλος
897 3806 1134 3869 ἀκούσας
1164 3805 1353 3872 ταῦτα,
1376 3808 1471 3861 καὶ
1501 3808 1736 3879 ἐκκόψας
1760 3810 1851 3861 αὑ-

1957 2640 2102 2688 mus,
2142 2623 2270 2693 quia
2304 2630 2516 2692 tempus
2546 2622 2707 2676 breve
2729 2629 2812 2676 est
2844 2640 2858 2675 :
2893 2634 2993 2675 nec
3031 2626 3207 2690 potest
3233 2617 3519 2689 quisquam

1958 2731 2110 2773 suam
2161 2729 2358 2769 curare
2419 2713 2686 2779 animam,
2722 2711 2894 2766 donec
2941 2717 3097 2765 curat
3139 2726 3259 2781 qua:
3321 2725 3521 2784 corpus

1957 2814 2222 2876 spectant.
2248 2799 2710 2883 Quemadmodum
2729 2801 2872 2855 enim
2897 2815 3004 2854 non
3028 2808 3204 2870 potest
3231 2799 3519 2870 quisquam

1958 2913 2066 2952 uno
2096 2896 2256 2950 oculo
2302 2895 2357 2948 in
2401 2895 2600 2948 coelum
2647 2895 2940 2964 respicere,
2975 2899 3029 2947 et
3059 2893 3166 2947 alio
3193 2893 3247 2946 in
3288 2903 3520 2959 terram;

1957 2988 2031 3041 ita
2069 3003 2176 3042 non
2227 2993 2406 3057 potest
2455 2987 2617 3040 homo
2643 2985 2708 3040 de
2753 2985 2861 3042 Deo
2891 2986 3139 3041 simulet
3183 2986 3249 3040 de
3294 3000 3522 3055 corpore

1957 3094 2166 3134 curare.
2196 3078 2349 3134 Sicut
2393 3094 2502 3133 non
2534 3086 2713 3149 potest
2746 3077 2868 3133 fons
2917 3093 2983 3132 ex
3025 3077 3220 3133 eodem
3254 3075 3523 3131 foramine

1955 3171 2202 3226 emittere
2247 3185 2442 3240 aquam
2473 3171 2684 3225 dulcem
2724 3178 2777 3226 et
2805 3184 3065 3236 amaram,
3091 3170 3170 3225 sic
3201 3185 3307 3224 non
3347 3153 3526 3240 potest

1957 3260 2117 3314 homo
2143 3266 2196 3314 et
2247 3258 2358 3314 Deo
2409 3261 2644 3330 placere,
2693 3270 2748 3316 et
2794 3261 2978 3316 carnis
3019 3261 3522 3331 concupiscentiam

1956 3350 2233 3420 perlicere.
2281 3351 2437 3406 Sicut
2486 3368 2594 3407 non
2654 3363 2834 3424 potest
2884 3355 3039 3423 spina
3099 3354 3231 3408 olea:
3284 3354 3523 3408 fructum

1957 3444 2117 3508 ferre,
2145 3443 2220 3496 ita
2249 3459 2357 3498 non
2395 3451 2574 3515 potest
2605 3445 2769 3500 homo
2809 3454 2860 3500 et
2893 3447 3135 3502 coelestia
3183 3462 3445 3516 quaerere,
3470 3455 3525 3500 et

1955 3540 2170 3588 terrena
2199 3536 2611 3602 concupiscere,
2642 3544 2700 3588 ut
2723 3535 2798 3588 ait
2827 3535 3121 3590 Dominus:
3152 3536 3270 3590 Non
3290 3537 3524 3606 potestis

1954 3633 2008 3680 et
2028 3623 2138 3680 Deo
2170 3626 2386 3697 placere
2418 3635 2471 3682 et
2494 3629 2677 3682 carnis
2709 3629 3203 3696 concupiscentiam
3240 3630 3524 3698 perlicere.

1958 3717 2115 3774 Unde
2168 3726 2222 3774 et
2270 3721 2547 3789 apostolus
2595 3718 2794 3773 Paulus
2844 3720 2955 3773 haec
3009 3734 3132 3774 cum
3177 3720 3439 3786 audisset,
3469 3730 3527 3776 et

1955 3824 2145 3865 omnes
2171 3812 2355 3866 carnis
2380 3811 2606 3866 affectus
2630 3811 2684 3864 in
2715 3825 2775 3864 se
2793 3811 3137 3876 abscidisset,
3172 3813 3284 3866 ait:
3313 3831 3333 3863 ι
3387 3813 3525 3867 Pro-

279 3899 374 3951 τοῦ
415 3899 590 3952 πάντα
616 3899 684 3951 τὰ
713 3900 808 3968 τῆς
839 3898 1038 3969 σαρκὸς
1071 3901 1410 3970 φρονήματα,
1437 3899 1566 3970 φησί
1590 3917 1602 3930 ·
1633 3918 1652 3950 ι
1694 3902 1769 3953 Δι’
1795 3901 1852 3953 ὃν
1882 3925 1912 3980 Ε

1957 3911 2070 3970 pter
2090 3917 2250 3971 quem
2271 3903 2454 3958 omnia
2483 3902 2864 3960 detrimentum
2883 3903 3012 3968 feci,
3041 3911 3096 3958 ut
3125 3901 3402 3958 Christum
3434 3905 3520 3958 lu-

281 3991 462 4042 πάντα
491 3989 809 4060 ζημιοῦμαι,
841 3991 928 4042 ἵνα
964 3989 1195 4061 Χριστὸν
1225 3990 1489 4061 κερδήσω,
1522 4011 1539 4042 ι
1579 3993 1672 4044 καὶ
1707 3991 1852 4062 αὑτῷ

284 4080 722 4151 συμϐασιλεύσω.
749 4101 767 4133 ι
795 4083 1042 4152 Ἔχοντες
1079 4081 1136 4134 δὲ
1180 4081 1471 4152 διατροφὰς
1515 4083 1605 4135 καὶ
1648 4083 1851 4135 σκεπά-

283 4191 490 4244 σματα,
530 4172 738 4237 τούτοις
773 4173 1261 4246 ἀρκεσθησὼμεθα.
1298 4175 1360 4226 Ui
1399 4175 1506 4244 γὰρ
1547 4175 1853 4245 βουλόμενοι

279 4265 530 4320 πλουτεῖν
561 4266 917 4336 ἐμπίπτουσιν
955 4267 1034 4330 εἰς
1057 4266 1378 4338 πειρασμὸν,
1405 4267 1498 4320 καὶ
1521 4267 1720 4334 παγίδα
1740 4268 1855 4321 δια-

176 4427 180 4432 ,
279 4357 460 4419 δόλου,
498 4357 593 4410 καὶ
618 4356 909 4425 ἐπιθυμίας
938 4358 1188 4420 ἀτόπους.
1216 4377 1235 4410 ι

349 4449 407 4504 2.
447 4449 521 4501 ΣΞ)
560 4447 637 4511 δὲ,
675 4441 722 4500 ὧ
763 4449 976 4518 ὰδελφὲ,
1021 4449 1095 4520 μὴ
1127 4449 1396 4523 προσέχῃς
1428 4468 1480 4503 τι
1513 4449 1604 4503 τοῦ
1649 4451 1852 4523 κόσμου

279 4539 494 4604 τούτου,
520 4538 605 4591 ἴνα
627 4538 857 4610 δυνηθῇς
879 4538 1138 4608 σωθῆναι,
1167 4540 1302 4594 ἀλλὰ
1327 4541 1566 4612 ἄσκησον
1584 4541 1857 4596 δικαιοσύ-

280 4650 401 4703 νην,
438 4633 535 4686 καὶ
576 4629 850 4702 ἀλήθειαν,
884 4631 979 4684 καὶ
1010 4633 1250 4703 ἀγάπην,
1281 4633 1373 4687 καὶ
1418 4631 1580 4702 φόϐον
1623 4635 1852 4706 Κυρίου,

281 4725 377 4776 καὶ
408 4721 710 4794 πραότητα,
742 4722 1005 4793 ὑπακοὴν,
1034 4725 1128 4776 καὶ
1155 4725 1497 4794 ἐγκράτειαν,
1521 4727 1614 4779 καὶ
1635 4729 1858 4800 ἀμνησι-

282 4815 504 4870 κακίαν.
549 4815 792 4884 Μίσησον
823 4814 1010 4882 λόγους
1041 4817 1356 4885 κοσμικοὺς,
1405 4818 1490 4872 ἵνα
1522 4819 1718 4889 καρδία
1761 4837 1853 4873 σου

280 4905 481 4976 ὀψηται
528 4905 620 4958 τὸν
672 4905 852 4959 καλόν.
902 4905 1204 4976 Ἀγάπησον
1235 4907 1296 4960 τὸ
1342 4907 1577 4978 συνεχῶς
1624 4911 1855 4980 προσεύ-

279 4997 496 5070 χεσθαι,
526 4997 612 5048 ἵνα
647 4997 887 5067 φωτισθῇ
927 5014 1018 5049 σου
1065 4999 1098 5068 ἡ
1133 4998 1346 5068 καρδία.
1382 4999 1566 5063 Διάδος
1600 5001 1853 5074 ὑστερου-

285 5093 469 5162 μένοις
499 5089 761 5160 ὀφθαλμῷ
811 5088 1069 5159 πλουσίῳ,
1100 5090 1189 5143 ἵνα
1218 5090 1291 5161 μὴ
1314 5092 1715 5164 καταισχυνθῇς
1754 5093 1854 5164 ἔμ-

283 5183 520 5255 προσθεν
552 5181 644 5234 τοῦ
680 5182 920 5252 βήματος
942 5181 1033 5234 τοῦ
1059 5182 1293 5253 Χριστοῦ
1314 5198 1326 5210 ·
1365 5183 1592 5253 μίσησον
1620 5184 1718 5255 τὴν
1742 5186 1856 5238 ἐπι·

1953 3993 2232 4048 cril‘aciam
2264 3995 2329 4061 η,
2366 4015 2385 4048 ›
2423 4011 2488 4050 ac
2528 4011 2651 4051 cum
2687 3998 2780 4050 illo
2809 4013 3034 4066 regnare
3087 3998 3310 4068 possim.
3343 4014 3360 4048 ι
3384 3995 3524 4054 Cum

1952 4084 2075 4139 cibo
2103 4094 2281 4141 autem
2315 4087 2556 4156 petimur
2589 4098 2642 4143 et
2680 4090 2904 4154 vestitu,
2941 4089 3026 4144 his
3056 4089 3297 4144 contenti
3323 4090 3517 4145 simus.

1950 4173 2086 4231 Nam
2113 4179 2206 4248 qui
2237 4179 2432 4236 divites
2472 4196 2596 4236 esse
2637 4182 2849 4246 volunt,
2879 4181 3130 4236 incidunt
3180 4181 3234 4236 in
3271 4183 3523 4236 tentatio-

1953 4284 2100 4337 nem,
2135 4279 2188 4326 et
2216 4272 2270 4325 in
2303 4273 2554 4342 laqueum
2582 4275 2807 4338 diaboli,
2841 4289 2903 4329 ac
2932 4276 2988 4330 in
3017 4277 3285 4330 absurdas
3313 4289 3519 4329 concu-

1953 4360 2249 4430 piscentias
2273 4362 2359 4417 "2
2393 4382 2412 4416 ι

2023 4453 2079 4508 2.
2115 4451 2197 4508 Tu
2229 4464 2429 4519 autem,
2457 4471 2489 4510 ο
2536 4454 2726 4518 frater,
2756 4473 2825 4513 ne
2862 4457 3103 4527 cuipiam
3132 4456 3296 4526 hujus
3333 4456 3520 4511 mundi

1955 4548 2032 4602 rei
2065 4547 2307 4601 animum
2342 4547 2624 4614 adhibeas,
2653 4555 2715 4602 ut
2764 4550 2998 4604 salutem
3028 4549 3291 4618 consequi
3319 4549 3521 4617 possis.

1955 4639 2049 4695 sed
2072 4639 2336 4708 justitiam
2361 4655 2574 4701 exerce,
2601 4647 2655 4695 et
2684 4641 2985 4704 veritatem,
3019 4656 3253 4695 amorem
3277 4647 3332 4694 et
3359 4639 3514 4693 timo-

1955 4745 2070 4785 rem
2105 4729 2358 4795 Domini,
2384 4728 2878 4793 mansuetudinem,
2900 4729 3283 4794 obedientiam,
3311 4739 3523 4800 tempe-

1954 4823 2212 4888 rantiam,
2246 4822 2574 4891 iniuriarum.
2597 4821 2946 4876 oblivionem.
2966 4821 3104 4877 0dio
3135 4823 3331 4878 habeto
3361 4838 3528 4877 mun-

1955 4914 2096 4969 dana
2131 4912 2318 4975 verba,
2371 4920 2429 4964 ut
2477 4926 2573 4966 cor
2613 4919 2768 4966 tuum
2795 4912 3226 4967 videatbonum.
3250 4912 3384 4968 Ama
3422 4911 3524 4966 fre-

1956 5009 2210 5074 quentem
2263 5002 2588 5067 orationem,
2619 5011 2680 5057 ut
2704 4992 3038 5057 illuminetu’r
3076 5017 3172 5056 cor
3228 5010 3403 5057 tmtm.
3443 5001 3520 5054 Da

1956 5095 2288 5164 pauperibus
2308 5093 2474 5149 divite
2497 5095 2680 5159 oculo,
2714 5103 2775 5149 ut
2808 5110 2877 5149 ne
2906 5092 3244 5149 confundare
3275 5101 3400 5148 ante
3423 5094 3521 5147 tri-

1957 5186 2123 5240 bunal
2173 5185 2396 5241 Christi.
2436 5185 2704 5241 Aversare
2761 5187 3006 5241 ciborum
3059 5185 3396 5255 cupidinem,
3449 5201 3528 5242 no

283 5274 486 5346 θυμίαν
520 5275 578 5326 ὲν
619 5275 730 5335 τοῖς
781 5272 1083 5345 βρώμασιν,
1136 5275 1223 5327 ἵνα
1269 5274 1344 5345 μὴ
1389 5277 1418 5327 ὁ
1458 5277 1702 5348 Ἀμαλὴκ
1747 5277 1853 5330 τῶν
1881 5311 1912 5367 c

1957 5277 2175 5332 Amalec
2211 5278 2302 5331 ille
2327 5279 2640 5348 passionum
2677 5286 2730 5334 te
2764 5279 3087 5334 circumdet.
3121 5277 3262 5348 Vigil
3294 5284 3347 5332 et
3375 5277 3524 5332 celer

282 5367 475 5421 παθῶν
519 5365 774 5438 κυκλώσῃ
822 5382 901 5420 σε.
941 5365 1208 5435 Γοργεύου
1251 5368 1308 5418 ὲν
1352 5368 1471 5429 ταῖς
1504 5370 1850 5440 προσευχαῖς,
1893 5365 1910 5367 ⁷

1959 5379 2076 5426 esto
2103 5370 2156 5423 in
2187 5371 2548 5434 orationibus,
2572 5386 2639 5425 ne
2662 5380 2712 5426 te
2733 5370 2845 5425 fera
2868 5371 3106 5425 devoret.
3143 5369 3338 5424 Vinum
3366 5384 3493 5423 aver

281 5459 372 5513 ἵνα
409 5458 488 5528 μὴ
518 5456 806 5526 καταφάγῃ
843 5472 902 5508 σε
930 5455 991 5509 τὸ
1022 5456 1225 5530 θηρίον.
1253 5456 1421 5525 Φεῦγε
1452 5458 1542 5511 τὸν
1583 5455 1742 5522 οἶνον,
1766 5461 1854 5514 ἵνα

1960 5477 2102 5526 sare,
2135 5477 2204 5516 ne
2256 5463 2486 5532 priveris
2542 5462 2743 5533 gaudio
2773 5460 2887 5518 Dei.
2919 5462 3056 5516 Ama
3109 5461 3314 5524 ﬁdeles,
3342 5471 3402 5514 ut
3426 5477 3519 5531 pet

285 5553 361 5625 μὴ
398 5549 668 5621 στερηθῇς
700 5550 796 5621 τῆς
831 5549 1167 5620 εὐφροσύνης
1206 5549 1298 5602 τοῦ
1345 5551 1498 5604 Θεοῦ.
1549 5552 1853 5624 Ἀγάτησον

1959 5570 2054 5611 eos
2077 5555 2478 5627 eleemosynam
2502 5557 2772 5629 largiaris.
2798 5557 2968 5629 Dilige
2998 5565 3238 5627 sanctos,
3258 5566 3529 5631 ulcerum,

357 5707 401 5739 ι’
439 5705 672 5774 Philipp.
713 5721 808 5771 Ill,
844 5706 897 5760 8.
975 5707 1037 5737 '9'
1066 5704 1086 5757 l
1116 5703 1349 5759 Timoth.
1379 5721 1449 5772 vr,
1486 5705 1538 5772 8,
1568 5705 1619 5760 9.
