3930 6524
490 393 619 452 14η
1270 435 1276 441 ρ
1602 396 1660 452 S.
1704 391 2033 450 ATHANAS]

2136 420 2162 446 i.
2205 424 2277 433 —
2318 392 2587 450 SPURIA.
3280 391 3294 400 ’
3575 392 3710 451 ut!

486 522 540 567 te
570 512 720 568 zelus
752 512 931 565 trahat
966 511 1032 565 ad
1054 508 1613 566 virtutem.Memento
1638 508 1816 564 exitus
1854 507 2033 562 anima

2146 504 2269 568 τοὺς
2295 508 2538 572 πιστοὺς,
2572 508 2658 559 ἵνα
2688 504 2777 559 διά
2821 504 3000 558 αὐτῶν
3036 504 3284 576 ἐλεήσῃς.
3317 503 3563 576 Πόθησον
3587 524 3711 572 τους

487 611 624 664 tua‘,
648 612 702 658 et
728 618 834 657 non
865 602 1091 656 multum
1145 601 1398 671 peccabis
1429 601 1485 655 in
1507 600 1697 655 Deum.
1739 597 2033 654 Recordare

2144 597 2214 665 ἀγ
2224 597 2351 662 ίους,
2376 598 2463 651 ῖνα
2476 600 2504 651 ὁ
2518 596 2673 668 ζῆλος
2684 596 2861 650 αὐτῶν
2875 594 3076 667 ἑλκύσῃ
3098 612 3157 647 σε
3174 595 3307 666 πρὸς
3323 596 3547 667 ἀρετήν.
3562 598 3710 667 Μνη-

487 693 643 764 521
681 708 891 762 semper
912 693 1062 763 regni
1085 693 1371 756 caelorum,
1401 703 1459 747 ut
1490 693 1608 762 ejus
1642 691 1969 747 desiderium
1993 699 2033 747 te

2149 689 2338 759 μόνευε
2370 692 2468 759 τῆς
2493 688 2669 753 ἐξόδου
2699 689 2797 758 τῆς
2810 687 2986 758 ψυχῆς
3002 703 3115 749 σου.
3138 686 3236 739 καὶ
3252 687 3352 757 οὐχ
3371 687 3710 758 ἀμαρτήδεις

485 784 666 836 trahat
688 783 754 835 ad
788 782 921 837 illud
952 802 965 837 :
995 784 1051 837 in
1082 785 1263 838 animo
1309 783 1507 838 habeto
1543 783 1843 854 gehennam
1878 782 2042 854 ignis,

485 883 539 929 et
561 876 825 929 atrocium
851 876 1216 937 cruciatuum,
1231 887 1291 929 ut
1312 875 1438 932 odio
1457 876 1659 931 habeas
1679 890 1841 945 prava
1859 890 2042 944 Opera.

480 964 735 1037 Praepara
760 977 811 1022 te
832 969 996 1038 igitur
1011 967 1252 1038 quotidie
1273 969 1339 1023 ad
1371 968 1769 1023 occurrendum
1793 966 2042 1034 Christo;

483 1066 745 1113 venturus
791 1059 989 1128 quippe
1040 1059 1131 1114 ille
1163 1067 1247 1114 est
1293 1058 1659 1113 invisibiliter.
1694 1055 1949 1123 Quotidie
1994 1066 2046 1111 te

484 1150 660 1218 ipsum
687 1150 1016 1216 examinato,
1046 1166 1110 1205 ac
1137 1150 1382 1220 disquire
1405 1165 1531 1203 num
1563 1149 1857 1218 quodpiam
1887 1146 2043 1201 Chri~

482 1240 552 1294 sti
584 1239 898 1294 mandatum
943 1242 1269 1311 neglexeris,
1312 1248 1474 1309 atque
1506 1240 1636 1293 illud
1671 1240 1914 1309 impleto.
1951 1236 2046 1292 Vi-

479 1328 643 1383 deant
673 1329 871 1385 fratres
899 1331 979 1384 tui
1021 1345 1187 1403 opera
1216 1338 1332 1395 tua,
1357 1340 1410 1384 et
1441 1331 1591 1383 zelus
1624 1330 1711 1384 ille
1737 1329 1829 1398 qui
1851 1344 2046 1383 secun-

478 1420 607 1473 dum
658 1419 826 1476 Deum
875 1429 958 1477 est
1014 1422 1298 1477 devorabit
1350 1438 1466 1477 eos.
1499 1421 1754 1492 Teipsum
1806 1424 2044 1492 quotidie

476 1512 809 1576 examinato,
845 1527 909 1567 ac
956 1513 1229 1579 perpende
1280 1529 1444 1583 quam
1478 1515 1786 1584 passionem
1818 1515 2045 1570 mortifi-

478 1602 710 1666 caveris,
735 1611 788 1657 et
813 1603 879 1657 da
909 1603 1135 1672 gloriam
1173 1602 1304 1667 Dea,
1329 1604 1475 1657 illius
1506 1619 1738 1673 namque
1761 1612 1845 1658 est
1879 1605 2042 1658 mise-

478 1694 734 1749 rieordia.
765 1692 842 1748 Ne
866 1700 1116 1764 reputato
1152 1704 1203 1749 te
1238 1694 1434 1750 fecisse
1467 1703 1665 1750 bonum
1699 1710 1881 1749 coram
1908 1694 2039 1762 Deo,

479 1785 556 1839 ait
604 1784 748 1839 enim
781 1801 794 1836 :
827 1803 845 1836 ι
882 1784 1019 1839 Cum
1072 1788 1258 1841 omnia
1308 1787 1582 1852 feceritis,
1631 1796 1763 1844 tunc
1822 1788 2036 1843 dicite:

2146 781 2313 834 πολλὰ
2344 781 2479 852 πρὸς
2503 780 2634 833 Θεόν
2652 797 2664 808 ·
2698 781 3115 851 ἀναμιμνήσκω)
3174 781 3260 833 ἀεὶ⁵
3287 780 3388 849 τὴν
3413 781 3525 833 τῶν
3552 782 3710 852 οὖρα·

2142 871 2247 925 νῶν
2274 871 2563 940 βασιλείαν,
2593 873 2678 924 ἵνα
2708 874 2740 943 ἠ
2781 872 3042 942 ἐπιθυμία
3069 871 3237 935 αὐτῆς
3268 871 3473 942 ἑλκύσῃ
3501 890 3560 925 σε
3581 873 3710 943 rp};

2142 964 2341 1034 αὐτήν·
2382 962 2682 1031 διαλογῖζου
2712 965 2809 1035 τὴν
2848 963 3069 1032 γέενναν
3096 961 3188 1015 τοῦ
3241 962 3433 1034 πυρὸς,
3481 963 3580 1015 καὶ
3608 965 3710 1017 τῶν

2143 1055 2388 1127 βασάνων
2408 1056 2515 1110 τῶν
2533 1055 2742 1120 δεινῶν,
2776 1056 2860 1110 ἵνα
2889 1058 3124 1127 μισήσῃς
3138 1056 3204 1108 τά
3226 1054 3364 1126 ἔργα
3390 1055 3461 1108 τά
3482 1058 3707 1126 πονηρά,

2152 1148 2433 1219 Ἑτοίμαςε
2471 1145 2564 1202 οὖν
2598 1149 2809 1219 σεαυτῷ
2839 1149 2960 1203 καθ’
2989 1150 3200 1221 ἡμέραν
3234 1149 3551 1219 ὑπαντῆσαι
3585 1151 3712 1220 Χριο

2142 1239 2278 1309 στῷ·
2313 1239 2493 1309 μέλλει
2536 1241 2645 1309 γὰρ
2696 1241 2939 1312 ἀοράτως
2983 1240 3257 1311 ἔρχεσθαι.
3289 1239 3430 1294 Καθ’
3478 1241 3711 1312 ἑκάστην

2140 1329 2352 1400 ἡμέραν
2399 1329 2655 1401 ἀνάκρινε
2679 1330 2899 1383 σεαυτὸν
2944 1331 3010 1383 ὲκ
3034 1330 3142 1383 τῶν
3172 1330 3405 1385 ἐντολῶν
3443 1328 3546 1383 τοῦ
3585 1331 3711 1401 Χρι-

2141 1419 2285 1483 στοῦ,
2312 1420 2362 1472 τί
2390 1421 2713 1492 ὑστέρησας,
2746 1423 2839 1474 καὶ
2882 1421 3216 1491 ἀνοικοδόμει
3236 1422 3391 1474 αὐτό.
3419 1421 3638 1474 Ἶδωσιν
3665 1423 3713 1474 οἱ

2139 1510 2357 1579 ἀδελφοί
2385 1528 2478 1565 σου
2504 1516 2572 1566 τὰ
2601 1513 2736 1584 ἔργα
2762 1530 2878 1578 σου,
2900 1515 2993 1567 καὶ
3012 1516 3039 1566 ὁ
3059 1511 3218 1585 ζῆλος
3237 1516 3266 1567 δ
3298 1512 3445 1567 κατά
3466 1513 3606 1566 Θεὸν
3619 1531 3712 1567 κα-

2137 1602 2434 1672 ταφάγεται
2457 1603 2671 1668 αὐτούς.
2720 1604 3037 1675 Ἐρεύνησον
3066 1605 3287 1657 σεαυτὸν
3327 1604 3451 1657 καθ’
3475 1604 3710 1673 ἑκάστην

2138 1696 2369 1767 ἡμέραν,
2410 1701 2561 1751 ποῖον
2591 1698 2759 1762 πάθος
2805 1699 3132 1771 ὲνέκρωσας.
3167 1699 3264 1751 καὶ
3309 1698 3402 1762 δὸς
3435 1698 3598 1764 δόξαν
3634 1698 3711 1768 ,τῷ

2137 1788 2283 1859 Θεῷ·
2318 1790 2482 1843 αὐτοῦ
2512 1791 2619 1862 γάρ
2645 1793 2759 1844 ἐστι
2784 1790 2846 1844 τὸ
2867 1791 3033 1855 ἕλεος.
3061 1792 3151 1864 Μὴ
3175 1791 3396 1860 λογίζου
3425 1793 3620 1846 ἑαυτὸν
3638 1794 3711 1854 ὡς

483 1876 636 1932 Servi
680 1876 900 1933 inutiles
938 1893 1126 1934 sumus
1156 1880 1222 1933 ²⁰.
1261 1898 1280 1931 ι
1304 1878 1382 1935 Ne
1421 1882 1708 1951 superbias
1737 1882 1863 1952 quia
1892 1897 2033 1936 nunc

2138 1879 2549 1949 κατορθώσαντα
2597 1881 2658 1933 τὸ
2707 1880 2908 1950 ἀγαθὸν
2959 1880 3185 1935 ἐνώπιον
3225 1880 3322 1934 τοῦ
3369 1879 3514 1934 Θεοῦ
3532 1898 3549 1911 ·
3584 1882 3707 1950 φησί

479 1967 657 2023 bonus
681 1983 761 2034 es,
779 1982 887 2023 non
912 1976 1066 2039 potes
1090 1970 1235 2023 enim
1266 1970 1365 2025 tibi
1393 1970 1665 2027 conlidere
1687 1971 1758 2025 ob
1788 1970 2038 2026 inimicos

478 2073 621 2117 lllOS.

545 2333 597 2386 '5.
636 2330 715 2388 Ne
765 2332 1008 2389 conﬁdas
1056 2341 1152 2388 tuo
1206 2333 1381 2404 ipsius
1424 2333 1660 2404 corpori.
1707 2332 1770 2388 In
1819 2349 1885 2389 eo
1939 2334 2034 2405 qui

476 2423 749 2478 daemones
774 2424 1130 2493 pertimescit,
1157 2425 1438 2495 propalam
1462 2433 1547 2479 est
1584 2440 1692 2479 non
1733 2440 1855 2481 esse
1882 2426 2036 2482 timo-

475 2531 588 2570 rem
623 2513 740 2570 Dei.
779 2514 881 2581 Qui
911 2516 1055 2571 enim
1097 2515 1266 2571 Deum
1294 2516 1444 2571 timet
1485 2532 1550 2572 ex
1580 2524 1693 2572 toto
1721 2517 1885 2573 corde
1912 2534 2033 2583 suo,

476 2604 665 2658 firmus
694 2611 778 2659 est
808 2604 1070 2660 adversus
1117 2605 1261 2662 illos.
1296 2606 1398 2672 Qui
1437 2622 1557 2662 sese
1591 2623 1700 2662 non
1734 2609 1955 2664 metitur
1984 2618 2037 2665 et

474 2694 721 2764 respicit,
768 2694 859 2750 sed
910 2696 1152 2765 ignotum
1196 2710 1256 2751 se
1306 2703 1473 2759 tenet,
1520 2696 1647 2751 hinc
1701 2709 2036 2767 compertum

477 2785 640 2840 habet
685 2801 745 2841 se
779 2802 886 2841 non
934 2801 1177 2857 quaerere
1219 2787 1552 2841 voluntatem
1601 2789 1824 2859 implere
1855 2805 2033 2857 suam,

473 2878 570 2933 sed
600 2879 860 2934 divinam.
895 2878 995 2946 Qui
1020 2879 1205 2936 multis
1227 2895 1385 2935 suum
1410 2881 1620 2949 profert
1646 2891 1699 2936 et
1722 2883 2035 2938 manifestat

472 2986 801 3036 sermonem,
830 2971 956 3027 hinc
984 2981 1378 3028 commonstrat
1405 2975 1461 3029 in
1495 2975 1615 3044 ipso
1642 2989 1751 3029 non
1794 2991 1915 3031 esse
1939 2974 2034 3031 Dei

471 3062 743 3117 timorem.
775 3061 878 3128 Qui
913 3064 1026 3117 vult
1075 3064 1259 3119 salvus
1309 3063 1447 3129 ﬁeri,
1484 3064 1593 3119 Deo
1628 3078 1800 3129 vacet,
1832 3074 1885 3121 et
1911 3082 2034 3137 pas-

470 3151 657 3207 siones
686 3153 1046 3210 conculcabit.
1075 3155 1218 3209 Cura
1235 3164 1287 3209 et
1309 3154 1623 3209 sollicitudo
1651 3157 1707 3210 in
1736 3157 2035 3228 cogitatio-

471 3244 636 3300 nibus
681 3244 831 3316 fugat
861 3247 1146 3316 passiones
1176 3270 1189 3302 :
1220 3248 1484 3317 scriptum
1515 3249 1661 3303 enim
1693 3259 1811 3305 est:
1840 3250 2033 3307 (Cura

471 3336 813 3402 superveniet
835 3335 891 3389 in
916 3338 1091 3390 virum
1120 3338 1436 3408 sapientem.
1466 3358 1485 3392 ο
1520 3337 1587 3393 Ut
1618 3341 1838 3411 pigritia
1864 3343 2035 3396 auxi-

470 3424 545 3478 lio
589 3431 674 3478 est
720 3427 1087 3495 passionibus,
1118 3429 1200 3484 sic
1249 3432 1631 3501 aequanimitas
1658 3439 1711 3488 et
1743 3433 2032 3488 tolerantia

468 3530 553 3575 est
584 3522 846 3575 virtutum
902 3523 1090 3580 robur.
1123 3522 1408 3579 Neminem
1444 3525 1693 3596 judicare
1738 3525 1794 3581 id
1840 3510 2033 3583 murus

468 3621 553 3671 est
583 3615 945 3686 praevalidus;
978 3616 1288 3687 vituperare
1317 3624 1500 3673 autem
1531 3625 1585 3674 et
1613 3619 1943 3685 obtrectare,
1977 3619 2033 3675 id

468 3708 706 3762 animam
745 3709 969 3780 conjicit
1005 3710 1060 3765 in
1089 3711 1406 3781 perniciem.
1439 3709 1708 3784 Linguam
1746 3728 1902 3769 suam
1938 3726 2057 3780 co-,

467 3798 657 3855 hibere
688 3814 872 3871 posse,
905 3801 958 3855 id
990 3801 1170 3871 palam
1210 3801 1340 3857 facit
1384 3803 1562 3858 virum
1597 3818 1719 3859 esse
1759 3803 1813 3859 in
1852 3805 2029 3859 virtu-

467 3891 618 3949 tibus
687 3897 1078 3962 exercitatum;
1126 3894 1311 3965 lingua
1366 3904 1549 3951 autem
1603 3894 1826 3951 etfrenis
1878 3910 2029 3950 com-

465 3985 662 4055 probat
691 3985 967 4041 hominem
997 4002 1107 4042 non
1129 4003 1253 4044 esse
1281 3988 1482 4044 virtute
1505 3985 1695 4042 intime
1721 3986 2027 4056 przeditum.

464 4075 844 4131 Misericordia
879 4094 999 4148 quae
1031 4079 1089 4133 in
1132 4086 1311 4135 mente
1339 4087 1392 4134 et
1431 4078 1763 4150 cogitatione
1788 4077 2027 4143 exsistit,

463 4167 609 4235 parit
642 4167 1013 4238 prospiciendi
1056 4168 1390 4236 facultatem,
1424 4186 1489 4225 ac
1526 4170 1677 4226 ducit
1704 4170 1770 4225 ad
1797 4170 2030 4225 charita-

466 4264 610 4323 tem;
643 4258 739 4311 sed
784 4258 999 4313 animus
1045 4259 1434 4317 immisericors
1477 4263 1620 4331 parit
1663 4262 2029 4317 inhumanita~

463 4355 595 4401 tem.
655 4346 825 4402 Mater
866 4349 1130 4403 virtutum
1179 4359 1263 4406 est
1323 4351 1764 4419 commiseratio;
1792 4355 2029 4425 comple-

461 4444 706 4492 mentum
736 4445 918 4494 autem
943 4440 1210 4494 malorum
1231 4449 1312 4496 est
1333 4440 1768 4512 inobsequentia.
1802 4444 2026 4502 Bonitas

2137 1971 2245 2042 γάρ
2258 1988 2272 2001 ·
2293 1992 2310 2022 ι
2323 1972 2487 2025 Ὅταν
2507 1973 2682 2027 πάντα
2707 1973 2990 2043 ποιήσητε,
3012 1972 3132 2026 τότε
3150 1971 3360 2040 λέγετε,
3376 1970 3465 2023 ὅτι
3480 1970 3707 2040 ’Δχρεῖοι

2133 2064 2304 2118 δοῦλοί
2329 2066 2514 2135 ἐσμεν,
2556 2084 2575 2117 ι
2606 2065 2695 2136 Μὴ
2729 2065 3193 2137 ὑψηλοφρονήσης,
3226 2065 3311 2118 ὅτι
3334 2065 3436 2117 ἀπ’
3463 2064 3592 2134 ἄρτι
3617 2081 3711 2116 κα-

2136 2156 2225 2222 λὸς
2269 2152 2350 2210 εἶ·
2387 2159 2445 2211 οὑ
2492 2158 2599 2230 γάρ
2646 2158 2776 2230 δύνῃ
2812 2156 3096 2212 πιστεῦσαι
3124 2158 3314 2211 ἑαυτὸν
3331 2159 3453 2222 τοῖς
3500 2157 3709 2228 ἐχθροῖς

2137 2265 2251 2301 σου.

2202 2340 2255 2393 5.
2293 2340 2383 2411 Μὴ
2413 2339 2692 2414 θαρῤήσῃς
2725 2341 2918 2394 ἑαυτοῦ
2952 2340 3031 2411 τῷ
3070 2339 3303 2412 σώματι.
3346 2341 3408 2393 ὐ
3442 2339 3708 2410 φοϐούμε-

2133 2448 2221 2495 νος
2266 2414 2393 2495 τοὺς
2438 2432 2699 2502 δαίμονας
2745 2431 2901 2503 δῆλον
2947 2432 3135 2486 ἑαυτὸν
3161 2434 3327 2497 ποιεῖ,
3357 2433 3445 2485 ὅτι
3467 2433 3573 2484 οὐκ
3600 2433 3707 2485 ἐστι

2134 2523 2296 2593 φόὸος
2316 2524 2453 2577 Θεοῦ
2489 2527 2547 2579 ὲν
2572 2524 2740 2594 αὐτῷ.
2781 2525 2839 2579 '0
2870 2524 2980 2597 γάρ
3013 2524 3345 2597 φοδούμενος
3367 2525 3467 2579 τὸν
3495 2525 3629 2578 Θεὸν
3653 2525 3707 2589 ἐξ

2132 2616 2257 2687 ὅλης
2282 2615 2446 2670 αὐτοῦ
2473 2616 2571 2687 τῆς
2612 2616 2836 2687 καρδίας
2866 2616 3074 2688 separes;
3101 2620 3246 2670 ἐστιν
3281 2620 3373 2669 ἐπ’
3399 2619 3611 2682 αὐτοῖς.
3640 2620 3707 2672 Τὸ

2136 2707 2210 2779 μὴ
2235 2708 2498 2778 μετρῆσαι
2522 2708 2730 2774 ἑαυτὸν,
2761 2708 2873 2762 ἀλλ’
2894 2710 3086 2762 ἑαυτὸν
3114 2710 3257 2780 ἔχειν
3276 2711 3585 2779 ἄγνωστον,
3612 2728 3708 2779 φα-

2131 2802 2278 2871 νεροί
2306 2799 2384 2871 τῷ
2429 2799 2719 2873 ἀνθρώπῳ,
2747 2802 2828 2854 ὅτι
2861 2802 2924 2855 οὐ
2954 2800 3106 2873 ζητεῖ
3146 2803 3367 2872 ποιῆσαι
3404 2802 3471 2854 τὸ
3516 2803 3705 2855 ἑαυτοῦ

2133 2890 2360 2963 θέλημα,
2392 2891 2524 2946 ἀλλά
2546 2893 2606 2945 τὸ
2641 2892 2735 2946 τοῦ
2759 2892 2915 2950 Θεοῦ.
2964 2895 3023 2948 '0
3052 2895 3224 2964 λέγων
3242 2895 3335 2949 τὸν
3363 2895 3526 2965 λόγον
3546 2896 3704 2949 αὑτοιῖ

2132 2985 2219 3039 ἐπὶ
2246 2984 2474 3049 πολλῶν,
2509 2985 2663 3056 δῆλον
2712 2985 2900 3040 ἑαυτὸν
2952 2990 3111 3052 ποιεῖ,
3149 2987 3229 3040 ὅτι
3256 2989 3360 3040 οὐκ
3394 2987 3516 3040 ἐστι
3547 2988 3706 3057 φόϐος

2130 3075 2264 3129 Θεοῦ
2315 3077 2373 3131 ὲν
2411 3076 2577 3148 αὐτῷ.
2612 3076 2669 3129 ’0
2716 3076 3032 3147 βουλόμενος
3064 3078 3299 3149 σωθῆναι
3338 3078 3597 3149 σχολάσει

2131 3167 2269 3239 Θεῷ,
2294 3170 2388 3224 καί⁹
2415 3172 2785 3239 καταπατήσει
2814 3170 2880 3224 τά
2899 3170 3066 3241 πάθη.
3091 3170 3162 3222 Τὸ
3179 3172 3469 3241 φροντίσαι
3496 3173 3557 3224 ἐν
3575 3170 3705 3237 γνὼ-

2136 3277 2219 3314 σει
2268 3260 2515 3315 ἐκδιώκει
2546 3261 2613 3314 τὰ
2651 3261 2832 3335 πάθη·
2878 3262 3182 3333 γέγραπται
3233 3263 3370 3333 γάρ·
3413 3282 3435 3311 ι
3488 3264 3705 3334 dimi;

2133 3352 2478 3406 ἐπελεύσεται
2505 3354 2590 3406 ἐπ’
2611 3353 2779 3425 ἀνδρα
2807 3354 2987 3422 σοφόν.
3013 3372 3032 3405 ι
3062 3354 3268 3425 Ὥσπερ
3293 3357 3328 3424 ἡ
3356 3355 3559 3426 ἀκηδξα
3586 3355 3705 3425 βοήο

2135 3444 2254 3498 θειά
2296 3446 2410 3497 ἐστι
2445 3443 2556 3497 τῶν
2599 3444 2807 3509 παθῶν,
2840 3444 2983 3497 οὕτω
3025 3446 3115 3498 καὶ
3150 3447 3182 3516 ἡ
3218 3433 3580 3517 μακροθυμία
3614 3446 3703 3498 δύο

2134 3536 2294 3608 ναμίς
2319 3539 2435 3590 ἐστι
2464 3536 2571 3589 τῶν
2595 3536 2823 3608 ἀρετῶν.
2844 3537 2918 3589 Τὸ
2943 3537 3017 3607 μὴ
3048 3537 3254 3608 κρίνειν
3282 3536 3576 3607 ἄνθρωπον
3601 3542 3703 3591 τεῖ-

2132 3629 2226 3700 χός
2253 3631 2396 3682 ἐστιν
2414 3631 2433 3650 '
2465 3629 2742 3698 ἁντίτητον
2760 3645 2775 3659 ·
2802 3627 2863 3681 τὸ
2894 3629 2950 3681 δὲ
2969 3628 3125 3698 ψέξαι
3147 3628 3179 3699 ἢ
3205 3631 3584 3701 καταλαλῆσαι
3606 3633 3706 3685 ἀπ-

2131 3719 2323 3774 ώλειαν
2351 3724 2418 3792 τῇ
2437 3722 2579 3792 ψυχῇ
2598 3720 3009 3794 κατεργάζεται.
3030 3721 3101 3773 Τὸ
3126 3721 3401 3793 κρατῆσαι
3419 3723 3522 3793 τῆς
3541 3725 3708 3791 γλώτο

2129 3828 2230 3883 της
2275 3810 2651 3882 δηλοποιεῖται,
2683 3813 2763 3866 ὅτι
2803 3812 3104 3884 πρακτικός
3131 3814 3248 3866 ἐστι
3284 3814 3385 3884 μὲν
3416 3817 3541 3876 ταῖς
3586 3798 3706 3885 ἀρε-

2129 3905 2250 3967 ταῖς
2269 3919 2282 3934 ·
2313 3905 2346 3974 ἡ
2383 3903 2437 3958 δὲ
2460 3903 2781 3958 ἀπαιδευσία
2811 3904 2910 3974 τῆς
2936 3903 3184 3975 γλώσσης
3217 3905 3502 3976 σημαίνει,
3531 3907 3613 3958 ὅτι
3638 3902 3703 3956 ὀὐ

2130 3992 2388 4066 κέκτηται
2429 3994 2628 4067 ἀρετὴν
2657 3994 2884 4049 ἔνδοθεν.
2923 3997 2987 4050 Ἡ
3031 3999 3088 4050 ἐν
3128 3996 3329 4065 γνώσει
3366 3997 3702 4069 ἐλεημοσύνη

2128 4085 2301 4139 τίκτει
2321 4087 2381 4139 τὸ
2409 4088 2663 4157 προορᾷν,
2699 4089 2790 4141 καὶ
2815 4088 2999 4158 ὁδηγεῖ
3027 4090 3106 4152 είς
3145 4089 3243 4159 τὴν
3280 4089 3508 4159 drydi
3528 4107 3541 4118 '
3573 4092 3607 4158 ἡ
3652 4089 3702 4141 δὲ

2129 4177 2527 4250 ἀνελεημοσύνη
2553 4177 2726 4231 τίκτει
2752 4177 2851 4249 τὴν
2877 4178 3290 4251 ἀπανθρωπίαν.
3332 4181 3539 4250 Μήτηρ
3573 4180 3699 4251 ἀρεο

2129 4268 2236 4323 τῶν
2262 4272 2406 4325 ἐστιν
2430 4273 2462 4342 ἡ
2497 4270 2833 4342 συμπάθεια·
2865 4271 3133 4343 πλήρωμα
3154 4271 3209 4324 δὲ
3232 4271 3419 4325 κακῶν
3446 4274 3481 4342 ἡ
3508 4274 3702 4326 ἀνυποο

2127 4366 2305 4430 ταξία.
2349 4366 2415 4418 Ἡ
2459 4365 2729 4434 ἀγαθότης
2757 4363 2928 4417 τίκτει
2956 4365 3054 4435 τὴν
3091 4364 3341 4432 ἁγνείαν·
3374 4366 3408 4435 ἡ
3434 4364 3495 4416 δὲ
3520 4365 3700 4434 diazo-

2127 4460 2216 4513 λία
2231 4460 2399 4513 τίκτει
2416 4459 2483 4514 τὰ
2497 4458 2662 4531 πάθη.
2681 4458 2745 4512 Ἦ
2769 4458 3167 4531 σκληροκαρδία
3187 4459 3358 4511 τίκτει
3374 4460 3474 4531 τὴν
3497 4462 3667 4531 ὀργήν
3681 4477 3697 4490 ·

464 4527 610 4598 parit
658 4529 987 4597 castitatem,
1029 4532 1311 4586 iracundia
1364 4534 1707 4592 inordinatos
1773 4535 2022 4594 affectus.

2136 4555 2161 4623 ἡ
2195 4552 2251 4605 δὲ
2275 4551 2471 4623 ἀκηδία
2495 4527 2662 4604 τίκτει
2695 4551 2794 4621 τὴν
2824 4527 3059 4604 ἔνδειαν(
3081 4552 3254 4623 Κύρος
3288 4527 3459 4605 ὕπνου

458 4620 657 4677 Cordis
684 4621 916 4678 durities
944 4623 1115 4694 gignit
1150 4624 1308 4679 iram.
1341 4624 1568 4697 Pigritia
1601 4630 1744 4700 parit
1775 4631 2025 4703 indigen-

457 4712 614 4766 tiam.
651 4711 890 4770 Somnus
933 4715 1138 4772 nimius
1184 4718 1479 4775 tumultum
1509 4719 1681 4791 gignit
1710 4723 2023 4782 affectuum.

460 4803 622 4861 Salus
650 4814 832 4860 autem
863 4807 1059 4863 animm
1088 4819 1215 4865 sunt
1240 4811 1437 4882 vigiliae
1452 4812 1761 4871 moderatae.
1788 4816 2026 4875 Somnus

457 4894 664 4951 nimius
711 4899 928 4952 turbam
969 4900 1170 4954 excitat
1218 4902 1793 4971 phantasiarumztlos
1840 4919 2023 4966 autem

462 4991 594 5039 sunt
617 4986 832 5050 animae,
868 4986 1067 5074 vigiliae
1101 5004 1227 5044 eum
1262 4992 1531 5047 oratione.
1576 4992 1766 5050 Somni
1809 4997 2025 5053 diutur-

456 5073 606 5129 nitas
633 5089 732 5129 eor
759 5073 999 5142 hebetat,
1023 5079 1121 5132 sed
1143 5079 1343 5150 vigiliae
1367 5084 1611 5136 excitant
1646 5084 1845 5154 ipsum.
1877 5087 2024 5160 Vigi-

456 5164 562 5221 lias
592 5164 726 5222 dico
758 5167 880 5224 illas
912 5183 1036 5238 qua:
1067 5170 1368 5226 secundum
1397 5170 1567 5228 Deum
1601 5184 1858 5245 aguntur,
1895 5195 2018 5237 cum

2130 4642 2338 4696 παθῶν·
2406 4642 2646 4712 σωτηρία
2716 4642 2774 4696 δὲ
2832 4642 3009 4713 ψυχῆς
3069 4643 3340 4714 ἀγρυπνία
3399 4643 3697 4716 ἔμμετρος.

2133 4734 2337 4795 ’Ὕπνος
2353 4732 2410 4785 ὲν
2434 4732 2578 4804 κόρῳ
2611 4730 2809 4802 πλῆθος
2840 4731 3165 4801 φαντασιῶν·
3192 4730 3347 4794 ἀνθος
3371 4731 3430 4784 δὲ
3457 4732 3555 4785 τοῦ
3583 4732 3699 4795 νοῦ,

2131 4824 2404 4898 ἀγρυπνία
2420 4825 2476 4876 ἐν
2496 4827 2787 4895 προσευχῇ.
2806 4825 2978 4889 Πολὺς
3007 4825 3172 4889 ὕπνος
3193 4825 3419 4896 παχύνει
3446 4825 3696 4895 καρδίαν,

2130 4914 2408 4987 ἀγρυπνία
2440 4913 2495 4966 δὲ
2522 4912 2771 4967 λεπτύνει
2796 4916 2984 4985 αὑτήν·
3012 4914 3315 4987 ἀγρυπνίαν
3341 4914 3401 4967 δὲ
3432 4914 3578 4982 λέγω
3597 4915 3698 4985 τὴν

2132 5005 2272 5059 κατά
2316 5005 2447 5059 Θεὸν
2490 5005 2779 5077 γινομένην
2812 5007 2869 5059 ἐν
2902 5007 3134 5078 ψαλμοῖς
3155 5049 3168 5066 .
3218 5008 3310 5061 καὶ
3356 5006 3575 5077 ὕμνοις,
3606 5010 3700 5059 καὶ

2128 5096 2291 5166 ᾠδαῖς
2342 5102 2751 5168 πνευματικαῖς.
2819 5100 3041 5168 Ἀγαθὸς
3092 5099 3200 5169 γὰρ
3228 5098 3394 5162 ὕπνος
3426 5102 3484 5154 ὲν
3519 5101 3696 5167 σιωπῇ

2126 5188 2235 5241 τῶν
2263 5189 2682 5259 ἀγρυπνοῦντων
2712 5194 2768 5243 ὲν
2800 5192 3171 5263 ματαιολογία.

456 5254 706 5323 psalmis.
736 5256 951 5355 hymnis
991 5268 1047 5314 et
1079 5261 1309 5355 canticis
1374 5263 1774 5333 spiritualibus.
1805 5268 1876 5326 lis
1936 5278 2084 5334 enim
2123 5280 2218 5352 qui
2272 5254 2487 5348 vigilias
2535 5254 2941 5337 confabulando
2990 5254 3387 5355 et'garriendo
3450 5281 3695 5353 exigunt,

456 5355 679 5414 pra:th
711 5362 832 5403 cum
859 5351 1080 5407 silentio
1106 5352 1364 5411 dormire.

524 5435 582 5492 4.
621 5437 825 5495 Luctus
869 5444 1156 5512 passiones
1202 5444 1370 5516 fugat,
1403 5448 1549 5505 risus
1579 5469 1609 5503 ιι
1638 5449 1751 5506 Deo
1780 5463 2017 5525 separat.

455 5525 746 5587 Humilitas
771 5531 825 5587 id
855 5534 1014 5589 efﬁcit
1037 5544 1101 5591 ut
1117 5536 1391 5594 hominem
1426 5556 1535 5595 non
1570 5541 2014 5615 reformidemus;

455 5619 628 5692 gloria
665 5628 845 5679 autem
870 5625 1152 5685 hominum
1184 5632 1327 5701 parit
1348 5634 1679 5704 superbiam.
1702 5636 1800 5692 Irae
1828 5639 2014 5694 vacui-

527 5777 575 5812 ³⁸
611 5777 739 5835 Luc.
778 5797 915 5849 xvu,
950 5783 1034 5840 10.

2197 5456 2251 5510 4.
2287 5455 2360 5509 Τὸ
2394 5456 2587 5521 πένθος
2615 5456 2867 5512 ἐκδιώκει
2893 5458 2963 5512 τά
2998 5460 3164 5529 πάθη,
3202 5460 3261 5513 τὸ
3292 5460 3347 5514 δὲ
3386 5460 3559 5529 γέλως
3590 5479 3696 5530 χωρ

2129 5547 2263 5619 ρίζει
2305 5548 2412 5603 ἀπὸ
2448 5549 2603 5603 Θεοῦ.
2629 5551 2703 5604 Τὸ
2733 5551 2809 5623 μὴ
2832 5558 2848 5574 ⁸
2880 5552 3075 5623 πλῆξαι
3103 5552 3381 5624 ἄνθρωπον
3405 5554 3579 5606 τίκτει
3602 5569 3695 5606 τα-

2122 5641 2407 5706 πείνωσις·
2433 5642 2540 5713 ἡδὲ
2577 5643 2703 5712 δόξα
2729 5644 2835 5701 τῶν
2868 5644 3167 5717 ἀνθρώπων
3194 5646 3365 5700 τίκτει
3390 5646 3490 5719 τὴν
3526 5645 3693 5716 ὕπερ-
