3930 6560
164 410 333 470 ιιιῑ

979 407 1209 462 δῐιῖίὶΜΟ
1250 404 1385 462 PRO
1425 404 1513 461 llS
1551 404 1668 471 QUI
1707 403 2001 461 SA‘ICULO
2043 399 2632 470 liENUNTIARCNT..

3268 404 3409 461 ηιι

160 526 444 599 ηφανίαν.
490 524 554 578 Ἥ
604 523 868 596 ἀοργησία
916 523 1086 576 τίκτει
1137 520 1233 593 τὴν
1261 520 1573 591 πραότηταο
1612 522 1645 590 ἡ
1693 520 1749 573 δὲ

1856 530 1935 574 tas
1997 520 2140 588 parit
2202 516 2710 580 mansuetudinem;
2758 515 3081 585 injuriarum
3142 520 3409 574 memoria

169 617 529 689 μνησικακία
585 617 756 670 τίκτει
810 616 908 685 τὴν
965 613 1256 668 ἀπώλειαν.
1293 613 1366 665 Τό
1407 614 1626 684 ἀγαπᾷν
1656 613 1750 665 τὸν

168 708 507 780 πλατυσμδν
558 707 807 761 ἐκδιώκει
853 705 952 770 τὰς
989 704 1215 775 ἀρετάς·
1245 705 1279 774 η
1321 702 1376 756 δὲ
1428 702 1754 773 στενοχωρία

162 802 434 854 ταπεινοῖ
463 798 530 852 τά
563 798 728 870 πάθη.
772 798 834 850 Ἠ
857 796 1118 866 ἐπιθυμία
1150 794 1258 847 τῶν
1300 793 1609 863 ἐδεσμάτων
1673 791 1752 844 δι·-

165 891 316 959 ἀγει
331 892 409 953 είς
428 890 499 942 τὰ
525 888 670 960 πάθη
692 905 706 918 ·
734 889 766 959 ή
786 888 841 940 δὲ
870 887 1161 958 ἐγκράτεια
1191 882 1436 937 ἐκδιώκει
1467 882 1627 938 αὑτά.
1650 883 1755 936 Κό-

168 998 393 1052 σμησις
416 979 685 1051 σώματος,
715 979 887 1049 ψυχῆς
914 976 1257 1047 καταστροφή
1278 992 1290 1004 ’
1313 972 1463 1044 τῆξις
1487 973 1543 1026 δὲ
1574 971 1756 1044 σώμα-

165 1093 301 1141 τος,
320 1073 709 1143 ἀνακαινισμὸς
732 1071 928 1141 ψυχῆς.
948 1069 1342 1141 Περιφρόνησις
1358 1066 1626 1137 σώματος,
1654 1080 1758 1119 σωέ-

166 1167 353 1237 τηρία
376 1165 552 1235 ψυχῆς
574 1180 587 1194 '
619 1162 903 1232 ἐπιμέλεια
931 1162 988 1215 δὲ
1012 1160 1281 1231 σώματος,
1301 1158 1467 1225 παγίς
1496 1159 1562 1228 τῇ
1586 1156 1751 1228 ψυχῇ.

166 1259 355 1328 Τῆξις
381 1259 439 1310 δὲ
465 1256 711 1327 σώματος
738 1254 1011 1324 φωτισμὸς
1033 1252 1228 1323 ψυχῆς.
1260 1250 1332 1302 Τὸ
1359 1249 1644 1321 προσέχειν
1666 1249 1757 1301 τὸν

164 1349 313 1402 νοῦν
337 1350 449 1402 ἄνω
472 1348 719 1410 πάντοτε,
746 1345 915 1398 τίκτει
940 1342 1037 1414 τὴν
1062 1342 1279 1412 ἀγάπην
1302 1339 1399 1411 τὴν
1429 1339 1562 1408 πρὸς
1588 1338 1719 1391 Θεόν
1740 1353 1753 1366 '

170 1444 213 1509 ή
244 1440 309 1493 δὲ
331 1440 567 1512 μέριμνα
591 1437 683 1490 τοῦ
704 1438 816 1507 βίου
843 1434 1088 1489 ἐκδιώκει
1115 1434 1215 1497 τὰς
1236 1433 1451 1503 ἀρετάς.
1488 1431 1561 1483 Τὸ
1591 1429 1759 1499 φυλά-

170 1534 275 1599 ξαι
304 1533 365 1585 τὸ
391 1534 583 1602 στόμα,
613 1530 868 1600 διεγείρει
893 1528 989 1599 τὴν
1025 1526 1260 1580 διάνοιαν
1288 1525 1420 1594 πρὸς
1460 1522 1550 1576 τὸν
1583 1521 1717 1575 Θεόν
1736 1539 1749 1553 ·

168 1628 213 1691 ἡ
237 1624 302 1676 δὲ
328 1621 620 1690 πολυλογία
647 1620 819 1674 τίκτει
850 1617 945 1689 τὴν
986 1615 1211 1687 ἁκηδίαν
1262 1615 1357 1668 καὶ
1400 1613 1497 1684 τὴν
1534 1614 1756 1683 μανίαν.

171 1716 259 1767 Τὸ
326 1715 547 1786 ποιῆσαι
602 1713 662 1766 τὺ
723 1710 930 1782 θέλημα
987 1710 1080 1763 τοῦ
1148 1705 1389 1777 πλησίον,
1429 1705 1679 1776 σημαίνει
1730 1704 1759 1756 ὁ

171 1806 314 1869 νοῦς
340 1806 415 1876 (a)
452 1804 665 1875 βλέπειν
692 1803 788 1865 τὰς
825 1801 1025 1874 ἀρετάς
1045 1816 1058 1830 ·
1088 1798 1148 1851 τὸ
1199 1798 1255 1850 δὲ
1290 1797 1511 1867 ποιῆσαι
1542 1796 1603 1848 τὸ
1629 1795 1758 1848 ἴδιον

1851 615 1993 684 parit
2036 614 2284 669 exitium.
2322 613 2618 669 Dissolutio
2663 616 2814 682 pellit
2855 613 3115 681 virtutes;
3158 615 3410 686 angustia

1852 706 2107 776 deprimit
2162 708 2468 776 passiones.
2538 706 2996 775 Concupiscentia
3058 706 3306 761 ciborum
3350 707 3411 762 in

1852 812 2051 862 pravos
2100 796 2328 853 aﬂ'ectus
2377 798 2606 860 inducit,
2660 798 3018 868 temperantia
3069 798 3217 868 ejicit
3263 798 3410 855 illos.

1853 887 2046 943 Cultus
2090 890 2337 958 corporis
2379 897 2465 945 est
2504 890 2699 945 anima:
2727 889 3020 958 pernicies,
3053 888 3258 945 macies
3286 903 3419 967 θοι-ος

1855 978 2004 1049 poris
2046 987 2129 1033 est
2176 979 2457 1034 renovatio
2508 980 2719 1033 animae.
2750 978 3011 1048 Corporis
3061 986 3411 1048 contemptus

1853 1080 1936 1125 est
1984 1070 2133 1126 salus
2192 1072 2407 1135 animae,
2466 1084 2598 1125 cura
2650 1070 2897 1141 corporis
2948 1070 3174 1139 laqueus
3220 1067 3407 1132 animi,

1856 1164 2059 1217 macies
2103 1162 2347 1233 corporis
2394 1169 2478 1217 est
2535 1162 2859 1216 illuminatio
2916 1163 3128 1215 animae.
3180 1160 3413 1215 Mentem

1857 1266 2075 1306 sursum
2111 1266 2326 1321 semper
2354 1252 2655 1317 intendere,
2694 1252 2744 1306 id
2771 1252 2908 1322 parit
2933 1253 3254 1305 charitatem
3285 1264 3414 1321 erga

1856 1339 2058 1407 Deum;
2094 1340 2404 1396 sollicitudo
2446 1342 2569 1394 vitm
2623 1341 2849 1396 virtutes
2877 1342 3138 1395 eliminat.
3170 1338 3296 1395 Oris
3325 1356 3418 1395 cn-

1857 1429 2032 1485 stodia
2068 1429 2269 1484 excitat
2314 1438 2547 1485 mentem
2593 1431 2659 1484 ad
2699 1431 2892 1493 Deum,
2929 1431 3233 1501 loquacitas
3273 1432 3415 1501 parit

1857 1521 2161 1576 socordiam
2180 1530 2233 1576 et
2251 1520 2511 1575 furorem.
2531 1520 2769 1576 Proximi
2802 1524 3134 1577 voluntatem
3167 1525 3411 1593 implere.

1858 1612 1910 1666 id
1960 1611 2228 1681 signiﬁcat
2270 1622 2505 1667 mentem
2543 1613 2610 1666 ad
2648 1616 2877 1669 virtutes
2917 1624 3165 1684 spectare
3200 1634 3215 1670 :
3258 1632 3413 1671 suam

1857 1719 1985 1758 vero
2016 1704 2170 1773 sequi
2192 1704 2547 1769 voluntatem,
2575 1704 2626 1758 id
2654 1704 2860 1759 indicat
2899 1707 3279 1775 ignorantiam.
3306 1707 3415 1762 Mc-

1858 1798 2051 1852 ditatio
2075 1814 2198 1852 cum
2223 1799 2418 1853 timore
2456 1798 2694 1853 custodit
2716 1806 2947 1853 mentem
2980 1799 3048 1852 ab
3075 1800 3221 1853 omni
3251 1801 3415 1862 male;

174 1897 418 1967 θέλημα,
447 1895 696 1966 σημαίνει
708 1893 804 1964 τὴν
824 1893 1058 1960 ἄγνοιαν.
1075 1890 1141 1942 Ἦ
1168 1887 1359 1960 μελέτη
1380 1890 1437 1941 ἐν
1461 1886 1629 1958 φόϐῳ,
1653 1904 1754 1956 φυ-

1860 1887 2130 1941 mundana
2160 1888 2307 1958 loqui
2340 1888 2522 1953 verba,
2557 1889 2610 1942 id
2633 1890 2869 1943 animam
2897 1890 3139 1944 tenebris
3164 1889 3413 1943 ollundit.

168 1987 377 2042 liccat
409 1987 507 2057 τὴν
523 1984 698 2055 ψυχὴν
728 1984 834 2037 ἀπὸ
860 1981 1057 2046 παντὸς
1079 1978 1346 2035 κακοῦοτὸ
1371 1979 1428 2032 δὲ
1444 1978 1620 2031 λαλεῖν
1632 1978 1757 2042 τοὺς

172 2079 484 2148 κοσμικοὺς
511 2076 697 2145 λόγους
730 2073 963 2137 σκοτίζει
993 2073 1092 2145 τὴν
1112 2072 1305 2142 ψυχήν.
1325 2069 1397 2123 Τὸ
1418 2069 1634 2140 ἀγαπᾷν
1659 2069 1757 2139 τὴν

175 2173 320 2243 ὓλην
357 2169 452 2223 τοῦ
480 2169 705 2238 κόσμου,
734 2166 954 2237 χωρίζει
987 2164 1095 2218 ἀπὸ
1122 2162 1215 2217 τοῦ
1251 2163 1384 2216 Θεοῦ
1411 2164 1501 2216 τὸν
1533 2161 1656 2216 νοῦν
1674 2162 1755 2232 ’.ἡ

171 2264 237 2317 δὲ
306 2260 657 2333 ἀκτημοσύνη
711 2257 992 2331 παρρησίᾳ
1040 2256 1223 2326 βλέπει
1271 2254 1350 2325 τῷ
1394 2252 1532 2324 Θεῷ.
1566 2253 1639 2306 Τὸ
1680 2253 1754 2324 μὴ

172 2355 376 2423 ἐξάξαι
406 2355 532 2417 τοὺς
556 2352 846 2422 λογισμοὺς
876 2349 1259 2420 δηλοποιεῖται,
1290 2348 1371 2400 ὅτι
1415 2346 1634 2417 ὲκζητεῖ
1656 2344 1754 2416 τὴν

172 2449 345 2514 δόξαν
370 2445 466 2499 τοῦ
499 2446 704 2515 κόσμου
736 2441 924 2496 τούτου
954 2440 1050 2511 τὴν
1080 2438 1310 2511 αἰσχρὰν
1362 2440 1455 2491 καὶ
1483 2438 1754 2509 ματαίανζ

170 2534 244 2587 τὸ
268 2531 327 2586 δὲ
354 2530 614 2602 γνωρίσαι
647 2528 786 2582 αύτά
811 2528 1197 2597 πνευματικοῖς
1229 2526 1518 2597 πατράσιν,
1565 2523 1754 2577 ἐκδιώ-

173 2640 272 2677 κει
302 2622 462 2677 αὐτά.
500 2620 708 2691 Ὥσπερ
745 2620 773 2672 ό
808 2619 883 2682 ίὸς
918 2615 1276 2691 βιϐρώσκεται
1311 2617 1340 2669 ὁ
1389 2615 1619 2687 μοναχὸς
1649 2615 1753 2669 ὑπὸ

171 2714 282 2786 τὴν
309 2713 468 2779 δόξαν
506 2711 611 2765 τῶν
652 2709 969 2781 ἀνθρώπων,
999 2709 1093 2763 ὲάν
1126 2710 1159 2779 ἡ
1197 2707 1393 2779 καρδία
1422 2706 1586 2761 αὐτοῦ
1616 2725 1754 2778 συμ-

175 2802 385 2876 πεισθῇ
418 2799 585 2872 αύτῷ.
612 2801 815 2871 Ὠσπερ
844 2798 1076 2870 σκώληξ,
1104 2799 1221 2870 ἢτοι
1251 2798 1467 2869 σμίλαξ,
1504 2799 1753 2868 συμπλα-

170 2894 303 2959 κεὶς
325 2896 393 2964 τῇ
431 2892 677 2963 ἀμπέλῳ,
703 2891 951 2961 ἀφανίζει
983 2890 1073 2943 τὸν
1108 2890 1315 2960 καρπὸν
1351 2890 1547 2961 αὐτῆς·
1582 2890 1752 2954 οὕτως

174 2983 443 3054 ἀφανίζει
477 2980 752 3047 κενοδοξία
790 2981 880 3035 τὸν
924 2981 1132 3051 καρπὸν
1162 2980 1254 3034 τοῦ
1292 2979 1546 3051 μοναχοῦ,
1592 2980 1686 3034 ἐὰν
1717 2982 1749 3052 ἡ

173 3076 389 3146 καρδία
439 3072 601 3128 αὑτοῦ
661 3073 964 3145 συμπεισθῇ
1021 3074 1178 3144 αὐτῇ.
1222 3073 1335 3143 Πρὸ
1376 3073 1593 3127 πάντων
1644 3073 1749 3128 τῶν

172 3166 397 3238 ἀρετῶν
434 3168 581 3219 ἐστιν
608 3167 642 3237 ἡ
673 3163 1166 3236 ταπεινοφροσύνηο
1198 3162 1302 3234 πρὸ
1324 3162 1383 3215 δὲ
1408 3163 1623 3217 πάντων
1644 3164 1751 3219 τῶν

1856 1978 2041 2035 Mundi
2074 1994 2163 2035 res
2200 1989 2253 2034 et
2296 1981 2510 2050 negotia
2542 1979 2789 2050 diligere,
2827 1979 2881 2034 id
2922 1993 3155 2036 mentem
3200 1990 3418 2050 separat

1856 2084 1887 2124 a
1917 2069 2058 2137 Deo;
2110 2076 2405 2141 paupertas
2448 2069 2607 2124 elIicit
2652 2079 2711 2124 ut
2759 2085 2884 2125 cum
2936 2070 3132 2126 ﬁducia
3165 2071 3307 2128 Deus
3331 2089 3419 2127 re-

1856 2162 2139 2232 spiciatur.
2183 2161 2553 2232 Cogitationes
2603 2178 2713 2217 non
2765 2164 2999 2233 aperire,
3044 2164 3096 2217 id
3146 2164 3418 2234 signiﬁcat

1861 2252 2135 2307 hominem
2167 2253 2326 2323 522
2355 2270 2598 2324 quaerere
2636 2269 2831 2308 vanam
2865 2270 2928 2308 ac
2970 2263 3180 2324 turpem
3228 2254 3419 2309 mundi

1855 2345 2113 2415 gloriam;
2144 2346 2519 2416 spiritualibus
2569 2354 2755 2401 autem
2794 2346 3041 2416 patribus
3089 2344 3415 2415 patefacere,

1854 2436 1905 2491 id
1946 2450 2040 2491 eas
2071 2435 2338 2490 eliminat.
2371 2435 2667 2493 Monachus
2698 2451 2797 2491 ceu
2828 2436 3080 2506 rubigine
3109 2437 3419 2490 cerro-ditur

1853 2527 2134 2581 hominum
2159 2526 2352 2597 gloria,
2386 2527 2431 2583 si
2466 2536 2643 2582 tamen
2667 2542 2765 2582 cor
2788 2528 2907 2596 ejus
2931 2529 2981 2582 ei
3012 2541 3218 2581 morem
3240 2534 3412 2595 gerat.

1853 2618 2315 2685 Quemadmodum
2344 2621 2545 2675 vermis
2571 2627 2663 2673 aut
2696 2618 2891 2675 smilax
2931 2619 3100 2674 vineae
3122 2618 3419 2688 complica-

1850 2720 1939 2766 tus
1987 2710 2108 2780 ejus
2152 2710 2391 2766 fructum
2439 2720 2649 2775 enecat,
2697 2712 2777 2766 sic
2820 2726 2958 2767 vana
3008 2711 3179 2780 gloria
3224 2719 3421 2766 enecat

1851 2801 2103 2856 monachi
2135 2800 2392 2867 fructum,
2434 2803 2479 2858 si
2521 2810 2706 2857 tamen
2737 2817 2833 2858 cor
2856 2804 2975 2873 ejus
3012 2803 3116 2873 ipsi
3151 2802 3419 2872 obsequa-

1850 2901 1959 2950 tur.
1992 2892 2151 2949 Praiit
2180 2895 2434 2951 omnibus
2463 2894 2760 2950 virtutibus
2781 2896 3084 2959 humilitas,
3115 2897 3269 2965 prurit
3299 2911 3418 2949 om-

1850 2984 2012 3040 nibus
2057 2985 2404 3055 passionibus
2464 2983 2724 3039 edacitas.
2758 2982 2910 3039 Finis
2940 2985 3202 3039 virtutum
3237 2984 3417 3038 chari-

1850 3083 1955 3139 tas,
2004 3077 2461 3148 complementum
2518 3078 2788 3131 malorum
2838 3084 2942 3141 est,
2996 3091 3117 3131 sese
3166 3088 3419 3146 reputare

1845 3165 2078 3236 justum.

174 3257 378 3312 παθῶν
410 3260 555 3311 ἐστιν
581 3259 615 3329 ἡ
643 3256 1067 3328 γαστριμαργία.
1093 3255 1256 3318 Τέλος
1281 3254 1513 3327 ἀρετῶν,
1540 3256 1726 3330 ἀγάπη
1744 3273 1767 3297 ι
1828 3259 2074 3333 ;λήρωμα
2094 3260 2151 3314 δὲ
2176 3262 2381 3325 κακῶν,
2410 3261 2469 3315 τὸ
2491 3263 2678 3317 ἑαυτὸν
2693 3262 3008 3332 λογίσασθαι
3030 3258 3167 3316 εἶναι
3194 3261 3418 3316 δίκαιον.

251 3352 306 3406 5.
339 3351 550 3421 ’Ὠσπερ
582 3347 796 3420 σκώληξ
824 3346 1124 3401 κατεσθίων
1152 3346 1306 3413 ξύλον
1331 3348 1580 3418 ἀφανίζει
1603 3349 1752 3413 αὐτὸ,

1926 3354 1979 3408 5.
2001 3351 2155 3409 Sicut
2182 3354 2384 3409 vermis
2409 3354 2752 3410 corrodendo
2773 3356 2978 3427 lignum
3005 3362 3196 3409 enecat
3217 3355 3418 3424 ipsum,

175 3443 362 3506 οὕτως
402 3441 651 3513 ἀφανίζει
680 3440 1011 3513 μνησικακία
1040 3440 1138 3512 τὴν
1166 3439 1341 3512 ψυχὴν
1369 3439 1464 3494 τοῦ
1501 3440 1752 3511 μοναχοῦ.

1858 3444 1933 3498 ita
1965 3447 2230 3501 memoria
2264 3446 2587 3516 injuriarum
2628 3454 2820 3501 enecat
2868 3444 3118 3499 monachi
3160 3446 3417 3499 animam.

177 3541 261 3595 Τδ
274 3557 353 3593 πα
360 3537 620 3612 ραρῤίψαι
635 3537 821 3592 ἑαυτὸν
839 3535 1174 3606 ὲνώπιοντοῦ
1190 3534 1346 3601 Θεοῦ,
1362 3535 1533 3589 τίκτει
1548 3535 1609 3587 τὸ
1628 3536 1754 3588 ύπο-

1859 3535 1990 3593 Sese
2026 3539 2372 3606 prosternere
2427 3539 2480 3592 in
2519 3546 2819 3608 conspectu
2874 3536 3111 3601 Domini,
3156 3536 3211 3591 id
3260 3534 3422 3591 edicit

177 3629 377 3701 φέρειν
410 3629 564 3701 ὓϐριν
578 3628 864 3700 ἀταράχως
885 3644 901 3659 ο
933 3627 994 3681 τὸ
1023 3626 1080 3681 δὲ
1123 3626 1197 3699 μὴ
1222 3626 1518 3694 ὲξουθενείν
1549 3625 1754 3690 ἑαυτὸν,

1859 3637 1919 3683 ιιι
1947 3630 2278 3684 contumelia
2319 3631 2586 3685 toleretur
2645 3630 2764 3684 sine
2817 3628 3224 3699 perturbatione
3259 3640 3425 3681 :sese

175 3722 363 3775 τίκτει
390 3720 486 3793 τὴν
512 3720 905 3791 ὑπερηφανίαν.
939 3719 1030 3789 Μὴ
1058 3719 1150 3771 ἔσο
1182 3718 1459 3784 πεποιθὼς
1481 3718 1573 3772 ἐπὶ
1597 3722 1664 3791 τῇ
1688 3720 1754 3790 σῇ

1856 3735 1964 3776 non
2004 3721 2305 3792 despicere,
2341 3721 2396 3775 id
2439 3723 2583 3792 parit
2626 3721 2961 3790 superbiam.
2997 3718 3074 3774 Ne
3102 3726 3210 3773 tua:
3229 3717 3420 3771 virtuti

174 3815 435 3884 δυνάμει,
461 3813 557 3867 καὶ
583 3813 617 3884 ἡ
648 3811 867 3882 βοήθεια
899 3810 990 3865 τοῦ
1014 3809 1150 3864 Θεοῦ
1179 3812 1505 3882 παροικήσει
1538 3827 1640 3866 σοι.
1665 3810 1754 3883 Μὴ

1856 3811 2116 3876 conﬁdas,
2164 3812 2368 3882 tibique
2414 3813 2588 3867 aderit
2621 3810 2714 3867 Dei
2755 3811 3038 3864 auxilium.
3064 3808 3141 3863 Ne
3185 3808 3421 3864 inimici-

174 3908 277 3978 ἔχε
294 3903 493 3976 ἔχθραν
512 3903 651 3974 μετά
670 3920 833 3966 τινος,
854 3903 973 3955 ἐπεὶ
993 3901 1356 3975 ἀπρόσδεκτός
1374 3903 1520 3955 ἐστιν
1541 3904 1574 3973 η
1598 3919 1754 3974 προσ-

1858 3906 1988 3959 tiam
2015 3920 2139 3958 cum
2183 3904 2366 3973 aliquo
2397 3903 2633 3969 habeto;
2671 3903 2911 3971 alioquin
2948 3901 3167 3955 minime
3201 3907 3423 3969 accepta

179 3997 321 4068 ευχή
357 4012 468 4049 σου.
513 3993 791 4065 Ἀλήθειαν
837 3993 1059 4061 ἀγάπα·
1093 3997 1113 4017 ⁹
1140 3994 1236 4064 τῆς
1281 3992 1389 4063 γὰρ
1437 3993 1754 4064 ψευδόμενος

1856 3999 1962 4052 erit
1990 3997 2165 4051 oratio
2193 4004 2307 4051 tua.
2328 3995 2621 4052 Veritatem
2645 3996 2807 4065 dilige
2833 4011 2845 4045 :
2870 3994 2903 4029 *
2926 4010 3049 4047 nam
3075 3994 3122 4047 si
3156 3992 3423 4046 mentiare

170 4088 371 4141 ἀθετεῖ
390 4085 481 4138 τὸν
502 4084 685 4139 καλόν.
710 4084 944 4150 Φύλαξον
970 4086 1097 4147 τοὺς
1125 4083 1434 4154 ὀφθαλμούς
1457 4099 1572 4151 σου,
1605 4086 1699 4138 καὶ
1721 4085 1754 4156 ἡ

1859 4090 2060 4145 bonum
2082 4090 2395 4160 vilipendis.
2425 4087 2652 4144 Custodi
2677 4088 2868 4142 oculos
2896 4096 3045 4150 tuos,
3065 4092 3119 4141 et
3149 4100 3246 4140 cor
3263 4092 3421 4139 tuum

178 4175 383 4249 καρδία
408 4193 499 4229 σου
526 4175 587 4227 ού
617 4175 692 4247 μὴ
710 4175 795 4248 ἴδῃ
820 4175 1073 4246 πονηρόν.
1090 4175 1146 4227 Ὀ
1160 4174 1267 4246 γὰρ
1295 4174 1507 4246 βλέπων
1529 4177 1754 4243 γυναῖκα

1857 4194 1927 4234 ne
1953 4180 2131 4234 videat
2171 4179 2395 4233 malum.
2430 4178 2533 4246 Qui
2559 4194 2797 4248 namque
2827 4194 2952 4233 cum
2987 4178 3267 4247 voluptate
3294 4192 3421 4232 mu-

176 4271 245 4321 ὲν
275 4268 460 4338 ἡδονῇ,
492 4267 735 4337 μοιχείαν
760 4267 1013 4321 ἐπιτελεῖ,
1039 4266 1282 4320 Φύλασσε
1309 4265 1406 4338 τὴν
1436 4266 1605 4337 ἀκοήν
1638 4281 1754 4332 σου,

1856 4266 2044 4320 lierem
2081 4266 2323 4337 respicit,
2383 4266 2441 4321 in
2497 4266 2917 4321 fornicationem
2973 4265 3190 4320 incidit.
3238 4266 3416 4321 Aures

178 4360 276 4412 ἵνα
312 4358 385 4429 μὴ
426 4357 750 4430 ὲπισυνάξῃς
799 4354 1009 4428 σεαυτῷ
1045 4356 1221 4410 πάντα
1267 4356 1502 4428 πονηρὸν
1536 4355 1754 4428 σπόρον.

1859 4370 2019 4411 serva
2070 4365 2216 4424 tuas,
2271 4373 2339 4413 ne
2398 4358 2764 4430 quodcunque
2818 4374 3043 4428 pravum
3094 4372 3279 4414 semen
3320 4358 3421 4412 tibi

174 4449 386 4516 Φεύξου
398 4449 507 4502 ἀπὸ
536 4448 859 4513 καταλαλιᾶς
877 4445 971 4501 τοῦ
990 4448 1352 4521 πονηροτάτου
1366 4448 1636 4520 δαίμονος,
1657 4449 1752 4502 καὶ

1856 4450 2100 4520 colligas.
2131 4448 2276 4521 Fuge
2304 4451 2752 4506 obtrectationem
2782 4450 3177 4520 nequissimum
3222 4449 3423 4504 daemo-

175 4543 432 4614 εἰρήνευε
462 4541 597 4613 μετά
610 4541 845 4604 πάντων,
867 4540 953 4594 ἵνα
970 4541 1317 4614 παρῤησιάσῃ
1338 4539 1647 4611 εὐχόμενος.
1668 4538 1754 4611 Μὴ

1858 4554 2004 4602 nem,
2036 4554 2334 4611 pacemque
2366 4539 2507 4595 habe
2527 4554 2653 4593 cum
2694 4540 2972 4604 omnibus,
3004 4548 3063 4595 ut
3096 4541 3152 4594 in
3174 4541 3426 4594 oratione

176 4632 452 4705 ὲπιποθῇς
486 4632 713 4686 ἀκοῦσαι
748 4631 950 4704 βλάϐην
982 4633 1154 4705 λύπης
1200 4631 1401 4696 παντὸς
1448 4631 1755 4704 ἀνθρώπου,

1861 4632 2112 4687 ﬁduciam
2155 4632 2376 4688 habeas.
2407 4631 2485 4688 Ne
2517 4635 2707 4702 cupias
2733 4634 2923 4688 audire
2942 4633 3237 4704 quidquam
3264 4633 3425 4687 triste

179 4726 275 4777 ἵνα
304 4724 378 4793 μὴ
394 4693 801 4787 ἀνταποδώσεις
827 4693 987 4777 αύτδν
1007 4727 1064 4777 ἐν
1182 4693 1394 4796 καρδίᾳ-
1416 4740 1530 4778 σου.
1552 4693 1754 4795 ’Ἑργάέ

1861 4735 1916 4779 et
1951 4725 2272 4781 damnosum
2306 4740 2370 4780 ex
2416 4727 2611 4795 quovis
2645 4726 2899 4781 homine:
2932 4742 3001 4780 ne
3034 4727 3135 4794 ipsi
3170 4725 3224 4778 in
3257 4724 3425 4779 corde

180 4817 282 4882 ζου
300 4818 358 4869 ὲν
377 4815 455 4886 τῷ
477 4815 774 4886 ὲργοχείρῳ
798 4832 912 4879 σου,
941 4816 1025 4867 ἵνα
1054 4814 1190 4887 εὕρῃ
1210 4815 1421 4885 πτωχὸς
1446 4815 1536 4868 σὺν
1562 4817 1753 4886 ἄρτον·

177 4911 215 4979 ή
275 4907 383 4978 γὰρ
438 4907 604 4977 ἀργία
653 4906 881 4970 θάνατός
931 4909 1044 4959 ἐστι
1080 4908 1147 4977 τῇ
1192 4905 1356 4977 ψυχῇ.
1406 4904 1478 4958 Τὸ
1521 4904 1758 4975 συνεχῶς

182 4997 584 5069 προσεύχεσθαι
628 4996 918 5070 λυτροῦται
950 4997 1049 5069 τὴν
1079 4997 1254 5069 ψυχὴν
1287 4997 1395 5051 ἀπὸ
1432 4996 1633 5059 παντὸς
1659 5013 1757 5051 κα-

181 5088 307 5144 κοῦ.
339 5089 412 5141 Τὸ
446 5089 533 5142 δὲ’
562 5089 1126 5161 καταμικραμελῆσαι,
1156 5090 1465 5161 οίκητήριον
1489 5087 1598 5141 τῶν
1638 5088 1756 5142 δαι-

185 5180 367 5253 μόνων
400 5179 829 5234 ἀποκαθίσταται
848 5222 860 5234 .
897 5180 1216 5252 Καθήμενος
1248 5184 1305 5236 ἐν
1343 5182 1422 5252 τῷ
1446 5181 1639 5252 κελλίῳ
1663 5198 1755 5234 σου

180 5271 295 5325 τῶν
332 5289 465 5325 ποτε
508 5271 711 5327 τούτων
740 5272 987 5344 φρόντιζε
1027 5272 1262 5345 συνεχῶς
1283 5289 1296 5301 ·
1325 5274 1423 5344 τῆς
1448 5273 1629 5343 εὐχῆς,
1664 5273 1757 5327 καὶ

183 5365 289 5435 τῆς
322 5364 570 5437 μελετῆς,
590 5366 685 5420 καὶ
713 5366 806 5420 τοῦ
835 5366 1166 5439 ἑργοχείρου.
1193 5365 1330 5420 Καθ’
1354 5366 1588 5437 ἑκάστην
1617 5366 1756 5437 ὴμέ-

187 5474 289 5530 ραν
341 5458 666 5529 μνημόνευε,
699 5458 801 5513 ποῦ
854 5457 952 5525 εἷς,
1001 5461 1093 5515 καὶ
1139 5460 1196 5513 τί
1234 5460 1464 5533 ἐργάζῃ,
1495 5458 1591 5511 καὶ
1627 5458 1757 5511 ὅταν

184 5552 511 5622 ⁹μεταστῇς,
531 5550 631 5605 ποῦ
663 5551 805 5623 ἔχεις
836 5552 1105 5619 ἀπελθεῖν,
1131 5553 1224 5607 καὶ
1257 5552 1488 5623 πρόσεχε
1524 5549 1754 5621 σεαυτῷ.

197 5641 328 5697 Ἐάν
356 5646 386 5696 ό
414 5641 669 5714 λογισμός
706 5648 834 5697 σου⁹
863 5644 977 5709 ὖζει
1010 5664 1090 5712 σε,
1120 5647 1203 5701 ὅτι
1225 5646 1335 5717 ἔχει
1361 5662 1442 5707 τις
1469 5642 1608 5697 κατὰ
1639 5639 1752 5704 σοῦ,

262 5806 342 5878 (α)
379 5808 577 5874 Ἴσως,
613 5808 704 5863 τὸν
736 5809 883 5863 νοῦν.

1862 4824 1958 4871 tuo
1987 4832 2087 4886 par
2110 4815 2337 4872 referas.
2367 4815 2530 4887 Operi
2577 4832 2839 4871 manuum
2880 4818 3156 4882 incumbe,
3189 4823 3247 4870 ut
3271 4831 3422 4869 meu-

1859 4909 2018 4964 dicus
2060 4922 2254 4978 panem
2287 4924 2445 4963 suum
2499 4908 2644 4978 apud
2670 4919 2719 4963 te
2756 4909 2992 4979 reperiat
3022 4923 3036 4960 :
3067 4923 3194 4962 nam
3247 4908 3421 4962 otium

1859 5012 2010 5052 mors
2035 5005 2120 5053 est
2148 4998 2361 5053 animai.
2406 4995 2686 5069 Frequens
2729 5000 2906 5054 oratio
2946 4999 3180 5053 animam
3224 4998 3422 5053 liberat

1860 5089 1928 5144 ab
1953 5088 2102 5143 omni
2129 5090 2508 5161 malo,"nugae
2535 5098 2736 5158 autem,
2754 5091 3058 5146 daemonum
3086 5091 3424 5147 domicilium

1862 5183 2225 5237 constituunt.
2265 5180 2473 5240 Sedens
2501 5184 2554 5237 in
2600 5185 2793 5239 cellula
2823 5192 2935 5250 tua,
2976 5184 3046 5241 de
3080 5184 3168 5240 his
3199 5183 3422 5239 assidue

1861 5283 1980 5329 esto
2006 5274 2298 5341 sollicitus,
2333 5290 2525 5346 nempe
2550 5276 2617 5330 de
2647 5276 2917 5341 oratione,
2942 5276 3009 5330 de
3042 5275 3418 5340 meditatione,

1861 5365 1930 5420 de
1959 5380 2124 5438 opere
2172 5381 2453 5421 manuum.
2486 5364 2757 5422 Memento
2786 5365 3030 5437 quotidie
3061 5366 3284 5421 ubinam
3316 5365 3417 5432 sis,

1861 5466 1915 5513 et
1948 5458 2079 5528 quid
2107 5458 2369 5529 opereris.
2398 5459 2552 5525 Quod
2574 5459 2853 5530 siquando
2874 5473 3011 5529 opus
3048 5459 3120 5514 sit
3153 5468 3211 5514 ut
3235 5458 3422 5528 aliquo

1861 5552 2228 5621 proﬁciscare,
2268 5566 2454 5606 curam
2485 5552 2564 5605 tui
2603 5551 2762 5607 habe.
2803 5549 2864 5605 Si
2905 5550 3128 5621 quando
3171 5550 3267 5605 tibi
3297 5563 3422 5621 sug-

1859 5651 2011 5713 gerat
2045 5644 2300 5715 cogitatio
2349 5653 2460 5711 tua,
2508 5658 2833 5717 quemquam
2884 5658 3008 5700 esse
3059 5641 3153 5715 qui
3216 5638 3421 5715 aliquid
