3976 6388
557 298 698 354 £615

1731 301 1788 355 S.
1825 300 2282 358 ATHANASIUS.
2323 331 2389 340 ——
2429 299 2697 355 SPERIA.

3649 284 3776 350 ltiti

553 408 751 464 habeat
783 411 1065 466 adversum
1101 421 1170 475 te,
1221 428 1286 466 ne
1333 412 1604 482 despicias
1650 428 1796 477 eum,
1837 413 1929 468 sed
1961 412 2114 466 incli-

2219 413 2292 483 μὴ
2359 414 2772 485 καταφρονήσῃς
2838 407 3005 479 αὐτῷ,
3055 409 3187 462 ἀλλὰ
3248 406 3378 478 βάλε
3442 405 3589 477 αύτῷ
3624 407 3778 477 μετά-

555 510 683 555 nato
723 512 774 556 te
800 512 926 556 ante
962 505 1136 555 illum.

623 593 675 647 6.
716 592 792 646 Ne
823 595 1058 662 negligas
1092 593 1390 649 ministeria
1443 593 1676 664 singulis
1706 595 1857 648 horis
1888 594 2114 665 implere

553 693 684 748 tua;
728 699 791 738 ea
839 685 980 738 enim
1020 684 1474 740 illuminationem
1516 687 1749 740 atTerunt
1793 686 2009 740 animze.
2055 685 2113 740 Si

551 777 691 830 bona
721 777 896 846 egeris
925 792 991 831 ne
1021 777 1282 845 gloriere;
1320 779 1404 831 sin
1436 780 1605 831 multa
1635 779 1774 832 mala
1801 779 2112 845 admiseris,

551 881 619 920 ne
657 866 1010 922 immoderate
1048 868 1254 935 doleas,
1297 871 1390 925 sed
1427 881 1603 926 statue
1632 878 1686 924 te
1716 885 1992 939 nunquam
2022 870 2113 923 illa

547 961 993 1023 commissurum,
1029 967 1083 1012 et
1112 959 1344 1014 salutem
1384 976 1737 1031 consequere.
1770 959 1826 1014 Si
1865 961 1962 1015 tibi
1997 977 2114 1014 mo-

549 1049 760 1102 lestiam
818 1049 952 1103 ferat
1022 1050 1282 1120 cogitatio
1341 1051 1762 1115 fornicationis,
1813 1058 2112 1105 orationem

549 1143 670 1194 sine
713 1141 1122 1197 intermissione
1173 1143 1282 1198 Deo
1317 1144 1475 1208 oﬂ‘er,
1511 1153 1564 1199 et
1603 1145 1815 1199 sedabit
1849 1147 2017 1198 illam.
2055 1143 2110 1198 Si

549 1235 699 1288 zelus
735 1241 790 1288 et
824 1234 1027 1287 invidia
1071 1250 1168 1288 cor
1193 1243 1347 1289 tuum
1379 1245 1676 1305 Oppugnet,
1705 1244 1979 1291 memento
2011 1251 2111 1290 nos

548 1324 792 1378 membra
821 1341 943 1380 esse
977 1325 1180 1381 Christi
1215 1343 1429 1390 omnes,
1463 1337 1518 1382 et
1553 1329 1666 1382 sive
1696 1328 1958 1382 honorem
1999 1330 2113 1383 sive

549 1415 878 1484 vituperium
930 1417 1161 1486 proximi
1197 1433 1298 1472 nos
1343 1433 1534 1472 omnes
1580 1425 1847 1487 spectare,
1882 1426 1937 1473 et
1981 1433 2011 1471 a
2059 1428 2112 1474 te

550 1504 721 1574 fugiet
768 1507 990 1562 invidia.
1031 1507 1155 1562 llrec
1192 1509 1376 1563 omnia
1416 1509 1459 1560 oi
1489 1509 1708 1580 colligat
1740 1509 2020 1571 discretio,
2048 1523 2112 1563 ac

550 1613 736 1651 secum
769 1599 861 1652 illa
899 1607 1132 1669 reputet,
1171 1601 1398 1654 virtutes
1427 1600 1642 1669 quidem
1705 1601 1808 1655 sibi
1838 1601 2108 1668 conciliat,

549 1691 685 1744 vitia
715 1702 895 1746 autem
927 1693 1194 1747 eliminat.
1236 1691 1577 1763 lmpossihile
1603 1703 1780 1746 autem
1815 1702 1898 1748 est
1923 1701 1981 1748 ut
2010 1695 2107 1748 tibi

550 1783 775 1836 accedat
800 1783 1082 1848 discretio,
1115 1784 1220 1838 nisi
1248 1760 1401 1852 prius
1436 1785 1666 1839 virtutes
1698 1785 1843 1839 illius
1867 1795 2110 1842 sectatus
2141 1760 2183 1816 Β

551 1873 896 1943 impleveris;
933 1890 1043 1944 pra:
1081 1876 1335 1930 omnibus
1387 1883 1565 1930 autem
1612 1877 1778 1930 animi
1809 1880 2114 1949 tranquilli-

552 1973 740 2019 tatem.
790 1965 1178 2038 Tranquillitas
1224 1966 1392 2020 animi
1450 1969 1594 2037 parit
1633 1970 2110 2036 exercitationem;

557 2054 880 2110 exercitatio
909 2056 1051 2125 parit
1101 2056 1574 2126 compunctionem
1613 2067 1666 2112 et
1707 2057 1924 2127 ﬂetum;
1954 2059 2113 2114 ﬂetus

549 2145 723 2215 gignit
773 2148 1066 2215 timorem;
1137 2150 1301 2202 timor
1374 2148 1771 2217 humilitatem;
1831 2151 2113 2207 humilitas

550 2237 916 2308 prospiciendi
989 2238 1339 2307 facultatem;
1409 2241 1777 2310 prospiciendi
1858 2242 2111 2309 facultas,

548 2345 824 2397 amorem;
855 2346 1008 2386 amor
1033 2331 1088 2386 id
1111 2332 1308 2388 animae
1329 2341 1628 2403 comparat,
1662 2343 1723 2388 ut
1755 2350 1878 2390 cum
1909 2339 2114 2408 angelis

547 2432 816 2478 versetur.
851 2422 1004 2478 'l‘unc
1054 2434 1235 2479 autem
1288 2433 1565 2496 postremo
1616 2429 1897 2496 cognoscit
1952 2429 2114 2484 homo

549 2515 694 2584 quod
737 2515 809 2569 sit
838 2530 868 2567 a
898 2514 1008 2570 Deo
1028 2515 1187 2586 longe
1211 2527 1472 2572 remotus.
1497 2516 1601 2583 Qui
1640 2518 1756 2572 vult
1790 2520 1975 2590 igitur,
2005 2520 2114 2576 fra-

550 2613 686 2669 tres,
733 2605 802 2660 ad
845 2606 1112 2675 pretiosas
1144 2607 1280 2662 istas
1321 2623 1510 2662 omnes
1538 2608 1771 2666 virtutes
1803 2613 2110 2681 pervenire,

555 2695 802 2764 cujusvis
835 2697 1037 2768 negotii
1085 2711 1218 2750 cura
1252 2711 1462 2753 vacuus
1497 2698 1569 2753 sit
1615 2708 1850 2770 oportet,
1880 2700 2114 2772 odioque

551 2788 818 2843 mundum
859 2789 1006 2843 hunc
1050 2789 1264 2846 habeat.
1289 2790 1366 2845 Ac
1399 2795 1514 2843 tum
1551 2789 1767 2844 demum
1796 2791 1992 2862 dignus
2017 2792 2115 2847 ha-

545 2879 725 2943 betur,
752 2881 845 2950 qui
875 2880 1042 2936 hasce
1065 2880 1298 2935 virtutes
1325 2879 1569 2934 obtineat
1597 2895 1628 2932 a
1651 2879 1899 2938 Domino.

619 2968 670 3023 7.
713 2967 825 3022 Hoc
851 2977 1031 3024 autem
1063 2969 1278 3034 discito,
1309 2966 1500 3032 frater,
1533 2969 1783 3038 quisquis
1823 2972 1985 3024 homo
2012 2970 2114 3025 im-

546 3060 823 3115 moderate
857 3060 968 3114 edit
993 3068 1087 3113 aut
1111 3061 1268 3123 bibit,
1304 3071 1398 3114 aut
1423 3075 1547 3114 cum
1583 3062 1687 3116 hoc
1719 3061 1921 3114 mundo
1952 3062 2110 3116 abre-
2135 3092 2178 3150 ο

547 3158 673 3218 plus
716 3150 1123 3214 circumfertur,
1162 3154 1210 3205 is
1251 3150 1449 3221 dignus
1495 3151 1714 3207 habitus
1750 3167 1856 3206 non
1889 3151 1990 3205 fuit
2015 3153 2108 3223 qui

547 3244 615 3296 ad
657 3243 824 3296 hosce
870 3243 1129 3296 terminos
1186 3244 1492 3297 accederet.
1542 3241 1674 3296 Nam
1726 3244 1769 3298 si
1818 3245 2018 3314 praedia
2057 3257 2110 3299 et

546 3335 761 3388 vineam
816 3333 1002 3396 habes,
1060 3341 1154 3388 aut
1209 3334 1506 3398 domicilia,
1564 3351 1658 3390 seu
1715 3337 1931 3406 quidvis
1962 3337 2109 3392 aliud

549 3423 780 3493 hujusce
823 3424 1029 3487 saeculi,
1079 3438 1179 3477 cur
1219 3439 1326 3478 non
1361 3438 1583 3478 uxorem
1625 3425 1787 3478 etiam
1812 3427 2112 3496 accepisti?

545 3516 657 3571 Cur
685 3523 738 3571 te
756 3516 879 3586 ipse
909 3517 1125 3571 sedttcis
1152 3517 1411 3588 ignorans
1440 3531 1563 3572 eum
1602 3519 1697 3588 qui
1731 3519 1786 3572 in
1816 3521 1990 3589 spinis
2019 3535 2109 3574 se-

547 3609 808 3669 minatur,
843 3625 948 3663 non
993 3609 1060 3663 ad
1105 3607 1403 3678 perfectam
1449 3608 1780 3664 feracitatem
1819 3611 2112 3666 devenire?

545 3703 652 3767 Qui
695 3718 858 3774 porro
902 3703 1124 3763 otiatur.
1161 3716 1268 3755 non
1304 3708 1483 3772 potest
1514 3715 1678 3756 nosse
1713 3699 1902 3758 Deum.
1947 3701 2108 3773 523

548 3791 748 3847 Moneo
791 3794 954 3847 etiam
994 3793 1242 3862 quemvis
1278 3793 1555 3847 hominum
1597 3793 1690 3862 qui
1734 3794 2109 3863 paenitentiam

553 3897 710 3936 suam
759 3881 870 3936 Deo
917 3882 1108 3936 oﬂ'erre
1140 3883 1289 3946 velit,
1332 3889 1392 3935 ut
1429 3897 1550 3938 sese
1589 3883 1838 3938 cohibeat
1870 3901 1902 3938 a
1942 3886 2109 3943 nimio

548 3974 662 4027 vini
689 3981 816 4044 potu
847 3990 860 4025 :
887 3974 1038 4027 multi
1069 3989 1302 4044 namque
1335 3975 1436 4029 hac
1459 3975 1513 4028 in
1538 3991 1597 4030 re
1629 3984 1757 4030 sunt
1793 3978 1999 4047 lapsus.
2031 3977 2110 4033 Ne

547 4082 787 4136 pugnam
822 4066 984 4134 igitur
1008 4066 1322 4120 consideres
1357 4073 1410 4120 et
1437 4067 1814 4136 pertimescas,
1848 4069 2022 4125 donec
2050 4086 2109 4125 es

553 4159 609 4210 in
646 4159 748 4210 hoc
791 4172 1042 4226 corpore,
1069 4172 1244 4226 neque
1283 4157 1384 4211 tibi
1433 4159 1539 4228 ipsi
1581 4161 1846 4215 confidas.
1893 4161 2110 4216 Stemus

552 4247 758 4316 itaque,
781 4246 998 4311 fratres,
1028 4258 1234 4303 stemus
1273 4249 1328 4302 in
1359 4249 1552 4303 timore
1589 4249 1822 4317 Domini,
1847 4267 2022 4322 neque
2055 4254 2108 4308 in

555 4336 657 4389 hac
680 4352 856 4406 pugna
887 4338 1068 4391 animo
1100 4337 1435 4394 deticiamus.
1471 4357 1490 4390 ι
1517 4339 1634 4394 Νοη
1665 4342 1811 4396 enim
1841 4352 1925 4398 est
1949 4345 2109 4400 nobis

2215 521 2379 558 νοιαν.

2284 594 2334 647 6.
2379 594 2549 647 Βλέπε
2582 593 2654 664 μὴ
2697 594 3111 668 καταφρονήσῃς
3137 593 3349 666 ἑκάστῃ
3386 589 3505 663 ὥρᾳ
3532 590 3632 654 τάς
3672 590 3777 644 λει-

2211 685 2462 756 τουργίας
2494 703 2584 738 σου
2618 686 2882 739 ἐπιτελεῖν
2901 701 2913 714 ·
2940 687 3077 740 αὐτὰ
3108 687 3216 758 γὰρ
3246 687 3474 756 φέρουσι
3499 683 3591 736 τὸν
3623 702 3778 752 φωτι-

2214 779 2348 849 σμὸν
2379 781 2436 832 ἐν
2464 783 2528 849 τῇ
2556 779 2725 850 ψυχῇ.
2750 780 2813 831 Εἰ
2848 778 3030 847 ἀγαθά
3054 780 3336 850 ἐποίησας,
3375 779 3450 849 μὴ
3506 794 3779 830 κατακαυ-

2212 868 2292 940 χῶ
2315 884 2328 898 ο
2353 870 2401 921 εί
2427 869 2482 921 δὲ
2511 869 2678 922 πολλὰ
2701 869 2956 939 ἐποίησας
3008 869 3171 932 κακὰ,
3211 869 3286 939 μὴ
3328 868 3585 939 ἀμέτρως
3611 867 3750 939 λυπη
3775 899 3781 906 -

2215 958 2338 1029 θῇς,
2372 959 2508 1012 ἀλλὰ
2538 959 2712 1028 στῆθι,
2744 960 2941 1029 μηκέτι
2970 960 3107 1012 αὐτὰ
3133 961 3379 1030 πράξεις,
3417 961 3514 1013 καὶ
3545 961 3777 1031 σωθήσῃ.

2225 1051 2349 1102 Ἐὰν
2397 1051 2599 1121 όχλήσῃ
2632 1052 2885 1120 πορνείας
2933 1050 3213 1120 λογισμὸς,
3241 1051 3404 1122 εὐχὴν
3440 1052 3778 1106 ἀδιάλειπτον

2213 1139 2370 1193 θῦσον
2398 1141 2473 1211 τῷ
2499 1141 2635 1210 Θεῷ,
2672 1141 2764 1193 καὶ
2809 1141 3106 1194 ἀναπαύσει
3144 1158 3247 1194 σοι.
3288 1141 3415 1194 Ἐάν
3446 1143 3474 1194 6
3509 1141 3668 1212 ζῆλος
3699 1144 3782 1194 καὶ

2210 1233 2239 1284 ὁ
2260 1231 2447 1300 φθόνος
2464 1232 2670 1303 πολεμῇ
2696 1232 2792 1302 τὴν
2823 1231 3047 1300 καρδίαν
3071 1247 3184 1293 σου,
3217 1231 3518 1304 μνήσθησο,
3538 1234 3620 1286 ὅτι
3657 1234 3780 1305 μέλη

2210 1325 2444 1396 Χριστοῦ
2475 1327 2638 1396 ἐσμεν
2672 1325 2890 1387 πάντες,
2913 1324 3006 1376 καὶ
3032 1325 3112 1376 ὅτι
3141 1326 3174 1396 ὴ
3205 1326 3358 1396 τιμὴ,
3387 1327 3481 1378 καὶ
3508 1327 3567 1378 τὸ
3594 1327 3784 1388 ὖνειδος

2210 1415 2303 1468 τοῦ
2340 1416 2564 1485 πλησίον
2607 1417 2824 1469 πάντων
2855 1415 3010 1484 ἡμῶν
3046 1416 3193 1478 ἐστι,
3227 1417 3322 1470 καὶ
3373 1417 3635 1485 φεύξεται
3685 1418 3784 1469 ἀπὸ

2213 1502 2327 1557 σοῦ.
2376 1503 2558 1556 Ταῦτα
2604 1504 2661 1557 δέ
2717 1505 2891 1558 πάντα
2939 1505 3246 1574 συνάγουσα
3289 1507 3322 1576 ἡ
3369 1508 3644 1578 διάκρισις
3698 1509 3784 1561 καὶ

2211 1594 2654 1666 ἀναλογιζομένη,
2681 1595 2780 1660 τὰς
2807 1598 2904 1667 μὲν
2928 1597 3127 1668 ἀρετὰς
3154 1599 3620 1670 περιπύσεταιία).
3643 1598 3709 1652 τά
3732 1599 3782 1651 δὲ

2211 1689 2420 1759 πονηρά
2470 1689 2706 1742 ἐκποδὼν
2745 1692 2998 1742 ποιεῖται.
3045 1689 3330 1743 Ἀδύνατον
3385 1691 3442 1743 δὲ
3495 1691 3671 1743 ἐλθεῖν
3707 1707 3782 1743 σοι

2211 1777 2307 1849 τὴν
2328 1779 2612 1850 διάκρισιν,
2661 1778 2754 1831 ἐὰν
2787 1777 2861 1848 μὴ
2887 1777 3099 1849 πρῶτον
3120 1777 3216 1840 τὰς
3245 1777 3446 1848 ἀρετάς
3479 1778 3651 1848 αὐτῆς
3679 1779 3783 1829 ἐπι-

2213 1869 2462 1940 τελέσῃς,
2511 1868 2615 1940 πρὸ
2662 1868 2877 1921 πάντων
2928 1868 2985 1921 δὲ
3039 1867 3136 1939 τὴν
3187 1869 3438 1938 ἡσυχίαν.
3479 1869 3546 1920 Ἦ
3591 1865 3780 1937 ἢσυχία

2213 1961 2381 2012 τίκτει
2411 1960 2510 2030 τὴν
2542 1961 2772 2030 ἄσκησιν
2792 1974 2804 1986 ’
2829 1961 2861 2029 ἡ
2887 1958 3119 2025 ἄσκησις
3145 1957 3320 2012 τίκτει
3351 1959 3448 2029 τὴν
3493 1958 3778 2023 κατάνυξιν

2213 2053 2306 2105 καὶ
2337 2051 2425 2105 τὸν
2466 2050 2766 2122 κλαυθμόν
2791 2053 2820 2104 6
2861 2051 3136 2122 κλαυθμὸς
3177 2051 3348 2104 τίκτει
3387 2051 3477 2104 τὸν
3522 2052 3716 2122 φόϐον·
3753 2054 3778 2104 6

2213 2142 2374 2214 φόϐος
2394 2142 2563 2196 τίκτει
2594 2143 2691 2214 τὴν
2717 2142 3044 2197 ταπείνωσιν
3104 2145 3136 2213 ἡ
3170 2144 3495 2207 ταπείνωσις
3534 2145 3704 2197 τίκτει
3725 2144 3779 2197 τὸ

2214 2235 2485 2307 προορᾷν,’
2516 2233 2577 2286 τὸ
2620 2236 2856 2307 προορᾷν
2887 2235 3060 2288 τίκτει
3087 2235 3184 2305 τὴν
3217 2235 3437 2307 ἀγάπην
3458 2252 3470 2266 ⁸
3537 2238 3570 2306 ἡ
3601 2238 3775 2308 ἀγάπη

2213 2327 2386 2380 τίκτει
2419 2329 2482 2397 τῇ
2513 2325 2658 2397 ψυχῇ
2681 2326 2742 2379 τὸ
2772 2325 2911 2397 μετὰ
2940 2327 3186 2396 ἀγγέλων
3210 2328 3437 2396 ὁμιλεῖν.
3463 2327 3596 2380 Τότε
3629 2326 3777 2396 γινώ-

2216 2434 2332 2470 σκει
2359 2421 2387 2471 6
2417 2418 2698 2490 ἄνθρωπος
2729 2416 2934 2482 λοιπὸν,
2965 2419 3046 2472 ὃτι
3074 2420 3286 2491 μακράν
3313 2421 3460 2472 ἐστιν
3492 2421 3601 2473 άπὸ
3627 2418 3772 2473 Θεοῦ.

2225 2510 2282 2563 '0
2310 2509 2474 2562 θέλων
2501 2504 2612 2571 οὖν,
2634 2509 2869 2579 ἀδελφοὶ,
2888 2509 3059 2564 ἐλθεῖν
3084 2512 3175 2563 ἐπί
3206 2511 3386 2574 πάσας
3413 2511 3511 2574 τάς
3536 2511 3775 2580 ἐντίμους

2213 2601 2409 2673 ἀρετὰς
2449 2601 2671 2666 ταύτας,
2718 2601 3018 2674 ἀμέριμνός
3049 2620 3108 2656 τε
3161 2602 3243 2656 δεῖ
3275 2598 3414 2656 εἶναι
3451 2604 3560 2656 ἀπὸ
3591 2602 3774 2664 παντὸς

2214 2696 2554 2765 πράγματος,
2579 2695 2674 2747 καὶ
2699 2697 2922 2766 μισῆσαι
2953 2695 3044 2747 τὸν
3080 2694 3284 2763 κόσμον
3307 2694 3523 2748 τοῦτον·
3558 2696 3652 2748 καὶ
3674 2695 3772 2748 λοι-

2213 2788 2313 2842 πὸν
2361 2787 2480 2842 τότε
2541 2787 2785 2855 ἀξιοῦται
2847 2787 3148 2858 κτήσασθαι
3188 2788 3286 2851 τὰς
3336 2787 3538 2860 ἀρετὰς
3588 2787 3771 2847 ταύτας

2215 2881 2366 2952 παρὰ
2394 2880 2620 2950 Κυρίου.
3312 2951 3321 2959 _

2282 2968 2518 3022 7.Τοῦτο
2537 2969 2593 3022 δὲ
2629 2968 2785 3040 μάθε,
2805 2967 3026 3042 ἁδελφέ,
3040 2969 3122 3022 ὅτι
3140 2969 3246 3030 πᾶς
3280 2967 3567 3040 ἄνθρωπος
3595 2967 3772 3020 ἐσθίων

2213 3063 2307 3115 καὶ
2353 3062 2520 3116 πίνων
2573 3062 2846 3133 ἀμέτρως,
2881 3062 2914 3131 ἢ
2949 3061 3448 3133 ἐμπεριφερόμενος
3480 3061 3557 3130 τῷ
3599 3060 3772 3130 κόσμῳ

2209 3151 2402 3224 τούτῳ,
2429 3153 2488 3205 ού
2521 3151 2596 3222 μὴ
2624 3153 2826 3224 ἀξιωθῇ
2873 3153 3046 3206 ἐλθεῖν
3079 3155 3158 3217 εἰς
3185 3153 3255 3206 τὰ
3289 3155 3464 3225 μέτρα
3495 3152 3696 3206 ταῦτα·
3730 3153 3772 3203 εί

2207 3245 2315 3318 γάρ
2353 3247 2604 3316 κτήματα
2635 3245 2728 3299 καὶ
2757 3245 3053 3316 ἀμπελῶνα
3087 3245 3252 3316 ἔχεις,
3277 3246 3310 3314 ἢ
3339 3245 3637 3316 οἰκήματα.
3663 3244 3696 3313 ἡ
3727 3259 3769 3294 τι

2207 3337 2300 3390 τοῦ
2329 3335 2523 3401 αἰῶνος
2550 3335 2760 3400 τούτου,
2780 3336 2869 3390 ἵνα
2899 3337 2952 3388 τί
2977 3337 3069 3390 καὶ
3093 3339 3325 3404 γυναῖκα
3347 3337 3446 3389 οὐκ
3474 3337 3679 3405 ἔγημας
3697 3349 3711 3392 ς
3728 3332 3771 3384 τί

2208 3429 2397 3483 ἐαυτὸν
2415 3428 2770 3500 φρεναπατῶν
2784 3433 2800 3450 ⁶
2818 3429 3046 3497 ἀγνοῶν,
3063 3429 3143 3482 ὅτι
3161 3428 3250 3481 τὸν
3269 3431 3327 3482 ἐν
3346 3428 3611 3490 ἀκάνθαις
3636 3441 3770 3480 σπει-

2211 3522 2434 3593 ρόμενον
2472 3523 2532 3574 οὑ
2569 3523 2930 3595 τελειοιρορεῖς
2968 3523 3078 3574 Καὶ
3127 3524 3156 3575 6
3204 3522 3279 3593 μὴ
3329 3521 3616 3591 σχολάσας,
3649 3517 3769 3570 θεὸν

2208 3615 2407 3684 γνῶναι
2439 3615 2500 3667 ού
2523 3615 2763 3669 δύναται.
2805 3615 2914 3668 Καὶ
2945 3613 3101 3667 τοῦτο
3147 3613 3202 3666 δὲ
3251 3611 3556 3682 παρακαλῶ
3605 3609 3768 3663 πάντα

2208 3691 2490 3778 ἄνθρωπον
2523 3705 2839 3776 βουλόμενον
2866 3705 3048 3759 δοῦναι
3074 3705 3364 3775 μετάνοιαν
3402 3702 3480 3773 τῷ
3507 3702 3644 3772 Θεῷ,
3675 3719 3767 3771 φυ-

2209 3797 2365 3866 λάξαι
2402 3799 2562 3852 αὐτὸν
2608 3799 2718 3852 άπὸ
2771 3796 3108 3859 πολυοινίαςο
3156 3795 3328 3848 πολλὰ
3371 3797 3482 3865 γὰρ
3521 3792 3679 3847 αὑτοῦ
3709 3792 3766 3844 τά

2209 3891 2492 3962 πτώματα.
2522 3891 2613 3962 Μὴ
2636 3891 2905 3964 προσέχῃς
2931 3886 3022 3944 οὖν
3050 3889 3128 3952 εἰς
3162 3887 3360 3959 πάλην,
3393 3888 3499 3950 ἓως
3532 3880 3593 3940 οὗ
3627 3884 3688 3960 ᾗς
3717 3886 3765 3938 ἐν

2206 3985 2287 4055 τῷ
2337 3984 2567 4055 σώματι,
2619 3985 2752 4056 μηδέ
2803 3983 3095 4056 πιστεύσῃς
3151 3981 3351 4052 ἐαυτῷ.
3400 3981 3621 4051 Στῶμεν
3663 3975 3761 4041 οὖν,

2208 4077 2444 4148 ἀδελφοὶ,
2497 4078 2707 4148 στῶμεν
2762 4080 2820 4130 ἐν
2862 4077 3010 4149 φόόῳ
3046 4077 3275 4148 Κυρίου,
3305 4078 3401 4130 καὶ
3437 4077 3514 4149 μὴ
3545 4077 3762 4146 ἐκκακή-

2211 4186 2390 4240 σωμεν
2420 4173 2476 4223 ἐν
2504 4173 2569 4241 τῇ
2603 4169 2766 4243 πάλῃ.
2804 4187 2822 4220 ι
2847 4171 2920 4222 Ού
2951 4170 3060 4242 γάρ
3087 4170 3234 4222 ἐστιν
3261 4171 3395 4240 ἡμῖν
3420 4173 3454 4240 ἡ
3482 4169 3622 4238 πάλη
3645 4167 3764 4238 πρὸς

2210 4257 2347 4332 αἷμα
2370 4263 2462 4315 καὶ
2491 4261 2692 4333 σάρκα,
2712 4260 2847 4315 ἀλλὰ
2869 4261 3003 4332 πρὸς
3018 4259 3115 4324 τὰς
3141 4262 3334 4332 ἀρχάς,
3365 4262 3501 4333 πρὸς
3516 4262 3610 4324 τὰς
3631 4260 3762 4323 ἐξου-

2210 4355 2350 4418 σίας,
2381 4354 2516 4424 πρὸς
2536 4355 2662 4418 τοὺς
2690 4353 3136 4425 κοσμοκράτορας
3160 4353 3254 4406 τοῦ
3287 4354 3514 4416 σκότους
3539 4352 3629 4405 τοῦ
3651 4348 3763 4404 αίῶ-

555 4443 734 4497 pugna
764 4441 888 4480 cum
919 4442 1083 4481 carne
1110 4435 1164 4480 et
1195 4429 1481 4498 sanguine,
1513 4429 1608 4482 sed
1635 4445 1759 4483 cum
1796 4433 2110 4502 principati-

2214 4461 2300 4506 vo;
2319 4445 2526 4510 τούτου,
2555 4447 2690 4518 πρὸς
2714 4447 2781 4500 τὰ
2801 4445 3144 4516 πνευματικά
3177 4447 3275 4515 τῆς
3309 4447 3573 4517 πονηρίας
3593 4448 3647 4498 ἐν
3667 4445 3760 4504 toi;

557 4519 679 4579 bus,
716 4531 840 4570 cum
887 4516 1271 4586 potestatibus,
1326 4515 1588 4571 adversus
1640 4518 1826 4572 mundi
1874 4529 2114 4576 rectores

2215 4537 2570 4609 ἐπουρανίοις.
2584 4515 3068 4610 ’.Περιϐαλλωμεθα
3090 4537 3160 4590 τὰ
3179 4536 3321 4591 ὅπλα
3335 4515 3680 4606 τῶνὴάρετῶν,
3698 4535 3761 4596 ὡς

549 4612 900 4664 tenebrarum
949 4609 1110 4677 hujus
1151 4607 1357 4670 saeculi,
1387 4609 1646 4664 adversus
1675 4611 1975 4679 spiritualia
2017 4628 2114 4666 ne-

2214 4607 2421 4682 ὁπλῖται
2443 4645 2458 4660 ·
2491 4629 2623 4682 διότι
2647 4629 2676 4681 6
2698 4607 2869 4692 κόπος
2894 4607 2986 4682 καὶ
3008 4631 3036 4682 6
3093 4627 3312 4699 μόχθος,
3341 4630 3435 4681 καὶ
3460 4629 3492 4699 ἠ
3526 4644 3762 4697 στενοχωο

560 4699 738 4766 qnitia:
761 4699 817 4751 in
841 4698 1156 4752 caelestibus
1182 4698 1250 4753 ".
1277 4715 1295 4748 ι
1331 4697 1625 4753 Induamus
1655 4715 1804 4754 arma
1833 4702 2112 4764 virtutum,

559 4790 713 4858 quasi
772 4789 996 4852 milites,
1040 4789 1167 4858 quia
1223 4789 1396 4852 labor,
1447 4791 1788 4859 defatigatio,
1838 4794 2113 4862 angustia,

559 4882 916 4950 tranquillitas
957 4882 1375 4946 desideriorum,
1428 4898 1539 4936 non
1591 4885 1752 4939 modo
1798 4901 1900 4940 nos
1931 4895 2118 4941 custo-

559 4973 714 5024 diunt
747 4988 777 5025 a
813 4973 934 5027 telis
989 4973 1242 5036 inimici,
1289 4975 1383 5027 sed
1437 4977 1601 5029 etiam
1659 4977 1811 5047 regni
1851 4979 2114 5032 caelorum

552 5065 798 5118 .naeredcs
826 5081 925 5119 nus
956 5067 1316 5119 constituunt.

628 5155 679 5208 8.
706 5153 1051 5210 Decertemus
1084 5156 1287 5226 itaque,
1317 5154 1531 5219 fratres,
1560 5157 1611 5211 in
1647 5159 1750 5213 hoc
1781 5159 1929 5215 brevi
1978 5167 2118 5216 tem-

558 5260 709 5314 pore,
737 5254 795 5298 ut
831 5262 1054 5315 regnum
1097 5251 1358 5300 caelorum
1403 5263 1822 5318 consequamur.
1863 5251 2119 5322 Magister

559 5337 706 5389 enim
737 5345 921 5391 noster
949 5336 1109 5394 Jesus
1138 5338 1390 5394 Christus
1427 5342 1500 5393 ita
1551 5341 1689 5395 dixit
1719 5362 1731 5396 :
1773 5362 1790 5393 ι
1835 5343 2118 5400 Decertate

562 5427 732 5481 donec
765 5429 996 5483 \eniatis
1021 5445 1114 5499 per
1141 5441 1425 5501 angustam
1457 5441 1669 5502 portam
1690 5449 1752 5487 ac
1783 5449 1879 5503 per
1909 5443 2116 5489 arctam

568 5519 724 5573 viam.
756 5517 980 5589 Vigilate
1014 5523 1194 5590 itaque
1220 5525 1366 5576 omni
1409 5525 1563 5588 hora,
1593 5527 1721 5594 quia
1753 5527 1976 5582 nescitis
2009 5544 2116 5597 qua

636 5609 676 5637 ¹¹
699 5607 1028 5677 ιζριιρεηνιν
1055 5611 1162 5662 12m

635 5695 710 5765 (α)
743 5695 1365 5768 ιςτοιζιαξτεριπτύσσεται.
1380 5691 1536 5755 Enn,
1555 5700 1799 5759 Parnm“

2217 4720 2327 4790 ρία,
2371 4721 2465 4774 καὶ
2499 4723 2532 4790 ἠ
2570 4719 2858 4784 στενοτεία,
2890 4720 2982 4774 καὶ
3008 4721 3040 4791 ἡ
3073 4720 3224 4773 εὐδία
3249 4720 3357 4771 τῶν
3386 4718 3682 4789 ἐπιθυμιῶν
3711 4717 3760 4768 ού

2219 4811 2376 4882 μόνον
2407 4813 2762 4881 φυλάττουσιν
2790 4817 2936 4886 ἡμᾶς
2965 4813 3072 4866 ἀπὸ
3097 4813 3205 4865 τῶν
3236 4811 3406 4881 βελῶν
3440 4811 3535 4864 τοῦ
3567 4807 3759 4881 ἐχθροῦ.

2215 4902 2352 4956 ἀλλὰ
2387 4904 2478 4956 καὶ
2527 4903 2797 4974 βασιλείας
2841 4901 3082 4976 οὐρανῶν
3115 4901 3489 4974 κληρονόμους
3544 4898 3762 4955 ἀποκαθ-

2221 4992 2340 5066 ίστη
2349 5011 2452 5048 σιν.
2513 5017 2518 5021 -

2287 5174 2342 5228 8.
2405 5175 2819 5247 ’Λγωνιζώμεθα
2857 5171 2983 5240 οὖν,
3047 5175 3294 5246 ἀδελφοὶ,
3364 5177 3422 5230 ἐν
3477 5176 3556 5246 τῷ
3613 5172 3764 5244 καιρῷ

2215 5269 2390 5339 τούτῳ
2417 5269 2478 5322 τὸ
2517 5269 2712 5340 βραχὺ,
2749 5270 2889 5340 άπερ
2921 5268 3168 5338 τύχωμεν
3210 5267 3488 5338 βασιλείας
3517 5266 3759 5339 οὐρανῶν.

2230 5357 2287 5410 '0
2316 5359 2424 5429 γάρ
2455 5359 2769 5422 διδάσκαλος
2796 5357 2950 5428 ἡμῶν
2995 5357 3201 5425 Ἰησοῦς
3234 5361 3471 5432 Χριστὸς
3499 5359 3665 5420 οὕτως
3700 5357 3764 5409 είο

2221 5467 2417 5521 ρηκενο
2461 5469 2479 5502 ι
2528 5450 2882 5518 Ἀγωνίζεσθε
2920 5451 3022 5514 ἓως
3054 5451 3228 5504 ἐλθεῖν
3271 5451 3362 5504 διὰ
3428 5451 3526 5520 τῆς
3594 5445 3762 5509 στενῆς

2219 5540 2410 5612 πύλης,
2468 5541 2562 5594 καλ⁸
2609 5542 2966 5616 τεθλιμμένης
3017 5540 3158 5594 ὀδοῦ.
3210 5543 3535 5613 Γρηγορεῖτε
3578 5535 3666 5593 οὖν
3711 5537 3761 5586 ὲν
