3976 6388
220 277 352 328 ΗΠ

1024 271 1255 328 SERMO
1293 269 1431 326 PRO
1467 268 1554 323 IIS
1589 266 1708 334 QUI
1749 262 2043 320 δΑῐαυω
2080 258 2642 316 ΚΕΝΠΝΤΙΑΒΠΝΤ.

3322 256 3457 313 HIS

222 391 370 459 πάσῃ
415 387 555 460 ὥρᾳ,
587 388 670 441 ὅτι
698 388 799 441 οὐκ
826 387 1002 442 οἴδατε
1047 388 1174 456 ποίᾳ
1223 387 1342 459 ὥρᾳ.
1385 392 1415 442 6
1448 388 1648 458 Κύριος
1696 386 1787 456 ἕρ·
1818 391 1845 444 ἐ

1935 396 2026 435 ora
2066 379 2326 433 Dominus
2369 386 2634 431 venturus
2666 376 2774 429 sit:
2808 390 2873 427 ne
2911 372 3048 425 forte
3096 373 3262 426 intret
3304 371 3459 425 derc-

222 500 375 555 χεται
394 499 406 512 ·
431 484 637 552 μήποτε
656 481 869 552 εἰσέλθῃ
896 482 1067 550 ἄφνω,
1084 485 1178 535 καὶ
1202 482 1410 553 εὑρήση
1436 482 1578 550 ὑμᾶς
1599 477 1792 533 καθεύη

222 575 431 637 δοντας.
467 572 701 625 Βλέπετε
738 574 810 643 μή
841 590 973 626 ποτε
1002 572 1340 644 βαρυνθῶσιν
1386 572 1538 641 ὑμῶν
1575 572 1631 623 αί
1661 585 1795 640 καρο

224 665 331 719 ὃίαι
372 667 430 718 ἐν
464 664 743 735 κραιπάλη
794 665 888 716 καὶ
935 663 1095 735 μέθῃ,
1141 668 1253 719 καῖ’
1288 663 1577 735 μερίμναις
1612 660 1795 731 βιωτι-

228 759 381 819 καῖς,
435 756 531 808 καὶ
586 753 935 808 ἐπελεύσεται
988 756 1116 823 ὑμῖν
1173 756 1324 823 ἄφνω
1376 755 1409 823 ἡ
1461 751 1598 823 ῶρα.
1667 750 1796 804 Ἰδού

227 846 542 901 ἀποστέλλω
595 846 738 915 ὑμᾶς
787 845 861 907 ὡς
907 844 1152 915 πρόϐατα
1187 847 1243 897 ἐν
1276 844 1424 914 μέσῳ
1469 843 1666 896 λύκων.
1709 841 1799 912 Μὴ

226 940 465 1010 κτήσητε
514 936 729 1008 χρυσὸν,
772 937 908 1007 μήτε
953 936 1211 1007 ἄργυρον,
1245 938 1381 1005 μήτε
1411 934 1504 987 δύο
1534 933 1796 1003 χιτῶνας.

232 1032 366 1103 μηδέ
398 1030 695 1100 δειμάσητε
725 1029 835 1081 ἀπὸ
872 1027 1298 1082 ἀποκτεινόντων
1329 1028 1389 1080 τὸ
1428 1026 1606 1096 σῶμα.
1650 1021 1801 1078 Εἶδον

228 1118 338 1187 γάρ
364 1118 454 1170 τὸν
500 1118 745 1170 Σατανᾶν
788 1116 864 1177 ὡς
915 1117 1200 1187 ἀστραπὴν
1219 1119 1281 1169 ἐκ
1312 1115 1404 1169 τοῦ
1446 1113 1674 1187 ούρανοῦ
1709 1129 1805 1167 m-

234 1210 416 1265 σόντα.
481 1209 613 1261 Ἰδοὺ
658 1208 865 1261 δέδωκα
899 1211 1026 1279 ὑμῖν
1075 1211 1174 1281 τὴν
1207 1208 1455 1275 ἐξουσίαν
1486 1208 1580 1261 τοῦ
1616 1210 1804 1261 πατεῖν

233 1300 421 1352 ἐπάνω
467 1298 643 1367 ὄφεων
675 1298 770 1351 καί⁵
803 1298 1097 1368 σκορπίων,
1126 1299 1220 1351 καί⁹
1250 1298 1342 1349 ἐπὶ
1372 1299 1550 1351 πᾶσαν
1584 1297 1683 1368 τὴν
1712 1295 1806 1349 δύ-

234 1404 398 1457 ναμιν
422 1387 518 1439 τοῦ
550 1386 765 1457 ἐχθροῦ,
798 1389 890 1439 καὶ
926 1389 987 1440 οὑ
1024 1387 1097 1458 μὴ
1131 1372 1458 1457 ἀδικήσωσιν
1492 1387 1653 1457 ὑμᾶς.
1700 1387 1808 1439 Καὶ

233 1483 335 1533 οὐκ
384 1480 570 1541 αὐτοῖς
623 1478 936 1542 ἀποστόλοις
968 1478 1123 1548 μόνον
1154 1478 1313 1531 τοῦτο
1355 1478 1584 1531 δέδωκεν
1630 1480 1658 1532 6
1696 1478 1809 1532 Κύ-

237 1586 373 1642 ριος,
407 1569 545 1623 ἀλλὰ
580 1570 677 1623 καὶ
721 1571 853 1622 πᾶσι
902 1573 1014 1633 τοῖς
1048 1569 1388 1640 βουλομένοις
1433 1570 1669 1641 σωθῆναι
1715 1569 1809 1623 καὶ

237 1662 604 1731 ἀκολουθῆσαι
647 1664 759 1724 τοῖς
792 1663 1208 1733 προστάγμασιν
1253 1661 1440 1716 αὐτοῦ.
1479 1663 1588 1715 Καὶ
1622 1663 1807 1733 βλέπε,

1894 484 2073 540 ponte.
2095 477 2152 524 et
2183 466 2425 521 inveniat
2449 481 2545 520 vos
2574 464 2928 517 dormientes.
2958 461 3145 516 Videte
3174 460 3462 531 nequando

1894 570 2190 632 graventur
2225 559 2389 614 corda
2434 568 2613 611 vestra
2649 558 2702 610 in
2740 555 2961 624 crapula
2996 562 3051 608 et
3094 554 3381 617 ebrietate,
3412 565 3466 604 et

1896 653 2046 706 curis
2078 651 2242 719 hujus
2275 649 2416 710 vita},
2463 662 2529 700 ac
2577 646 2925 716 superveniat
2974 645 3129 699 vobis
3174 645 3468 713 derepente

1896 744 2051 800 hora.
2081 741 2221 796 Ecce
2248 741 2405 795 mitto
2434 755 2532 795 vos
2561 738 2705 793 sicut
2737 752 2868 792 oves
2900 738 2953 790 in
2981 736 3162 789 medio
3193 737 3466 804 luporum.

1898 833 2077 887 Nolite
2113 832 2392 902 possidere
2426 844 2652 892 aurum,
2704 842 2881 897 neque
2927 833 3246 896 argentum,
3296 836 3473 892 neque

1899 927 2037 982 duas
2075 926 2311 980 tunicas.
2342 923 2527 994 Neque
2570 921 2810 977 timcatis
2851 920 2920 974 ab
2962 919 3031 974 iis
3069 918 3163 988 qui
3213 916 3474 972 occidunt

1901 1032 2122 1085 corpus.
2155 1014 2411 1070 Videbam
2452 1016 2596 1070 enim
2633 1010 2927 1077 Satanam,
2974 1010 3135 1081 quasi
3189 1008 3371 1079 fulgur
3406 1008 3475 1063 de

1904 1111 2046 1162 creto
2095 1108 2402 1162 cadentem.
2462 1107 2597 1159 Ecce
2628 1104 2753 1159 dedi
2801 1103 2958 1158 vobis
2997 1110 3321 1175 potestatem
3364 1102 3473 1155 cal-

1904 1201 2065 1255 candi
2094 1215 2258 1270 supra
2291 1206 2572 1268 serpentes
2619 1208 2673 1253 et
2704 1197 3045 1267 scorpiones,
3072 1208 3125 1252 et
3156 1209 3320 1265 super
3358 1209 3479 1247 om-

1905 1309 2031 1349 nem
2061 1293 2316 1347 virtutem
2359 1291 2584 1354 inimici,
2642 1305 2816 1359 neque
2845 1289 3039 1344 lzedent
3078 1305 3192 1343 vos.
3226 1287 3341 1342 Hoc
3372 1302 3480 1341 non

1902 1386 2085 1440 solum
2123 1382 2258 1452 ipsis
2303 1380 2565 1448 apostolis
2602 1378 2828 1433 tradidit
2868 1378 3161 1438 Dominus.
3209 1380 3320 1432 imo
3352 1391 3484 1431 vero

1909 1475 2164 1529 omnibus
2203 1472 2296 1543 qui
2338 1472 2568 1526 salutem
2604 1471 2864 1540 consequi
2915 1470 3180 1523 voluerint
3204 1510 3219 1530 ,
3263 1483 3327 1523 ac
3365 1468 3486 1537 ejus

1910 1565 2137 1635 exsequi
2176 1562 2453 1618 mandata.
2497 1561 2633 1618 Vide
2663 1569 2865 1626 autem,
2902 1568 2958 1615 tu
3000 1561 3096 1630 qui
3141 1561 3230 1615 his
3262 1569 3487 1615 contra-

1912 1659 2075 1724 di‘eis,
2106 1666 2423 1714 sanctorum
2473 1654 2767 1728 myriadas.
2813 1653 2972 1710 Dedit
3003 1656 3148 1709 enim
3202 1654 3359 1709 nobis
3390 1668 3489 1723 po-

240 1754 269 1805 6
294 1752 612 1821 ἀντιλέγων,
645 1752 742 1814 τὰς
782 1752 1044 1823 μυριάδας
1071 1751 1178 1805 τῶν
1209 1752 1401 1822 ἁγίων.
1453 1754 1660 1807 Ἔδωκε
1703 1753 1815 1826 γὰρ

1935 1750 2364 1815 estatem.filios
2417 1747 2511 1803 Dei
2562 1748 2748 1804 fieri.t
2800 1745 2922 1800 Noli
2969 1747 3202 1809 timere,
3260 1746 3492 1817 pusillus

242 1846 374 1913 ἡμῖν
412 1845 511 1913 τὴν
559 1843 804 1908 ἐξουσίαν
843 1844 1011 1898 τέκνα
1055 1844 1191 1898 Θεοῦ
1223 1846 1493 1914 γενέσθαι.
1538 1865 1556 1899 ι
1597 1846 1689 1917 Μὴ
1723 1864 1817 1916 φο-

241 1933 364 2000 ϐοῦ,
393 1936 458 1988 τὸ
510 1936 704 2006 μικρὸν
757 1936 1026 2007 ποίμνιον,
1083 1937 1164 1990 ὅτι
1213 1938 1513 2008 ηὐδόκησεν
1553 1940 1583 1991 ό
1627 1937 1817 2010 Πατὴρ

246 2025 401 2095 ὑμῶν
461 2024 644 2078 δοῦναι
698 2026 828 2096 ὑμῖν
894 2027 991 2097 τὴν
1047 2026 1323 2097 βασιλείαν
1382 2027 1490 2082 τῶν
1546 2028 1814 2098 οὐρανῶν.

245 2116 546 2186 Πωλήσατε
597 2116 667 2169 τὰ
713 2118 1026 2188 ὑπάρχοντα
1065 2118 1239 2189 ὑμῶν,
1292 2118 1387 2171 καὶ
1428 2118 1545 2171 δότε
1592 2119 1821 2191 ἐλεημο-

248 2207 436 2277 σύνην,
459 2208 553 2259 καὶ
575 2208 723 2272 ἕξετε
748 2208 1007 2278 βαλάντια
1034 2211 1106 2279 μὴ
1131 2209 1525 2280 παλαιούμενα,
1549 2211 1822 2283 θησαυρὸν

249 2298 601 2352 ἀνέκλειπτον
649 2300 707 2351 ἐν
755 2303 866 2362 τοῖς
896 2301 1161 2373 οὐρανοῖς.
1200 2320 1219 2352 ι
1247 2302 1595 2372 Ποιησάντων
1630 2303 1687 2356 δὲ
1713 2302 1823 2356 τῶν

251 2392 422 2459 ἁγίων
460 2390 717 2461 μαθητῶν
749 2393 914 2445 αὑτοῦ
944 2393 1040 2446 καὶ
1084 2394 1287 2465 ταύτην
1322 2396 1421 2465 τὴν
1454 2395 1693 2466 ἐντολὴν,
1745 2395 1824 2447 εί-

252 2498 392 2552 ρηκε
420 2483 558 2554 πρὸς
592 2482 818 2545 αὐτούς·
852 2503 872 2535 ι
902 2485 1139 2555 Εἰρήνην
1165 2484 1264 2554 τὴν
1292 2484 1429 2557 ἐμὴν
1457 2485 1647 2557 δίδωμι
1674 2487 1824 2557 ὑμῖν,

252 2575 480 2645 εἰρήνην
507 2572 605 2644 τὴν
634 2574 770 2645 ἐμὴν
800 2575 1001 2646 ἀφίημι
1037 2576 1220 2646 ὑμῖν.»
1248 2595 1267 2628 ι
1292 2577 1348 2630 Ὀ
1377 2597 1392 2628 ι
1424 2579 1534 2648 γὰρ
1556 2599 1572 2628 ι
1598 2579 1828 2647 ἀγαπῶν

254 2681 325 2735 με
369 2664 471 2727 τάς
519 2665 739 2729 ἐντολάς
786 2683 885 2738 μου
914 2669 1174 2738 τηρήσει·
1230 2669 1388 2737 κάγὼ
1427 2670 1523 2723 καὶ
1567 2673 1597 2724 6
1641 2670 1829 2745 Πατὴρ

253 2756 611 2826 ἐλευσόμεθα,
646 2758 741 2811 καὶ
770 2758 935 2830 μονὴν
968 2760 1097 2830 παρ’
1129 2762 1279 2832 αύτῳ
1308 2764 1666 2834 ποιησόμεθα.
1715 2783 1735 2815 ι

324 2849 379 2904 9.
432 2849 827 2904 Ὑποδεικνύων
847 2851 904 2904 δὲ
933 2853 1079 2922 ἡμᾶς
1098 2853 1360 2923 γενναίως
1388 2855 1680 2925 ὑποφέρειν
1707 2858 1834 2920 τοὺς

254 2944 605 3013 πειρασμοὺς
646 2943 838 2997 καὶτὰ
885 2945 1258 3015 παλαίσματα,
1305 2947 1558 3020 εἴρηκεν·
1624 2948 1713 3002 Ἐν
1756 2948 1835 3020 τῷ

258 3034 449 3106 κόσμῳ
492 3033 672 3105 θλίψιν
718 3034 887 3101 ἕξετε.
933 3037 1092 3089 Ἀλλὰ
1141 3057 1161 3088 ι
1212 3038 1495 3110 θαρσεῖτεο
1537 3040 1648 3109 ἐγὼ
1689 3042 1833 3095 νενί-

259 3143 406 3197 κηκα
442 3127 536 3181 τὸν
562 3127 786 3199 κόσμον.
834 3130 1023 3200 Ὑμεῖς
1071 3130 1128 3184 δέ
1180 3133 1303 3185 ἐστε
1331 3134 1383 3185 οί
1423 3134 1489 3187 δι’
1517 3133 1616 3204 ἐμὲ
1663 3151 1833 3206 μεμε-

259 3217 488 3287 νηκότες
536 3217 596 3269 ἐν
638 3221 748 3279 τοῖς
797 3222 1123 3290 πειρασμοῖς
1175 3237 1297 3290 μου,
1347 3219 1502 3289 κάγὼ
1557 3221 1837 3292 διατίθημι

261 3308 416 3379 ὑμῖν,
449 3308 635 3372 καθὼς
664 3310 868 3363 διέθετό
900 3329 987 3381 μοι
1017 3314 1046 3364 6
1078 3313 1267 3384 Πατήρ
1296 3330 1395 3383 μου
1425 3313 1721 3383 βασιλείαν,
1753 3315 1839 3369 ἵνα

261 3400 485 3469 ἐσθίητέ
537 3417 596 3453 τε
652 3401 744 3454 καὶ
795 3402 988 3473 πίνητε
1037 3405 1130 3456 ἐπὶ
1178 3406 1277 3474 τῆς
1324 3403 1603 3477 τραπέζης
1652 3423 1773 3477 μου.
1815 3426 1833 3458 ι

264 3492 452 3546 Ταῦτα
484 3492 542 3544 δὲ
569 3493 632 3545 οὑ
671 3494 799 3546 πᾶσι
843 3493 1012 3561 λέγει,
1059 3495 1195 3549 ἀλλά
1232 3499 1346 3559 τοῖς
1374 3497 1702 3567 ὑπομένουσι
1727 3500 1839 3563 τοῖς

265 3589 616 3657 πειρασμοῖς,
642 3586 736 3638 καὶ
755 3590 876 3650 ταῖς
896 3586 1138 3655 θλίψεσιν
1163 3589 1220 3641 ἐν
1244 3588 1611 3661 μακροθυμία.
1653 3592 1843 3662 Ἀπερ-

262 3676 498 3747 χόμενος
548 3678 641 3730 ἐπὶ
679 3678 742 3730 τὸ
783 3677 936 3747 ἅγιον
966 3679 1136 3743 πάθος
1165 3680 1260 3733 τοῦ
1290 3680 1523 3753 σταυροῦ
1554 3683 1582 3736 6
1615 3681 1838 3753 Κύριος,

263 3768 442 3831 οὔτως
490 3768 624 3836 ἔφη’
670 3768 730 3821 Ὀ
783 3768 950 3822 θέλων
1004 3770 1199 3824 ἐσθίειν
1256 3773 1347 3825 καὶ
1404 3773 1578 3826 πίνειν
1623 3775 1716 3827 ἐπὶ
1746 3775 1845 3845 τῆς

260 3859 551 3931 τραπέζης
611 3877 746 3930 μου,
810 3862 1183 3931 συμπορεύσαι
1238 3864 1353 3934 μετ’
1408 3864 1541 3935 ἐμοῦ
1602 3865 1697 3919 ἐπὶ
1753 3866 1844 3919 τὸν

269 3952 507 4023 σταυρόν
528 3969 544 3983 ·
586 3952 831 4005 τουτέστι
858 3954 1186 4025 νεκρωθήτω
1218 3957 1311 4009 καὶ
1339 3957 1499 4020 αὐτὸς
1528 3956 1605 4027 τῷ
1634 3957 1843 4028 κόσμῳ,

263 4042 345 4106 ὡς
370 4043 608 4112 ἐγὼ,διά
634 4046 733 4114 τῆς
752 4045 858 4098 τῶν
888 4048 1114 4101 ἐντολῶν
1148 4066 1249 4117 μου
1282 4050 1551 4122 πράξεως.
1584 4052 1847 4115 Ἀκούσας

266 4134 329 4188 δὲ
372 4138 402 4188 6
452 4136 750 4200 ἀπόστολος
803 4138 1034 4203 Παῦλος,
1080 4142 1173 4193 καί
1205 4140 1443 4210 ἐκκόψας
1476 4141 1641 4195 αὑτοῦ
1672 4142 1848 4197 πάντα

267 4226 371 4296 τῆς
412 4228 617 4298 σαρκὸς
649 4230 990 4299 φρονήματα,
1040 4231 1244 4301 ἐτόλμα
1291 4231 1502 4301 λέγειν·
1545 4251 1561 4283 ι
1628 4234 1849 4305 Χριστῷ

273 4318 707 4390 συσταυροῦμαι.
760 4320 846 4372 Ζῶ
888 4321 943 4373 δὲ
990 4321 1171 4375 οὐκέτι
1220 4323 1359 4390 ἐγὼ,
1388 4325 1452 4395 ζῇ
1503 4323 1577 4376 δὲ’
1615 4326 1672 4377 ἐν
1729 4326 1851 4394 ἐμοὶ⁸

1922 1843 2088 1915 grex,
2139 1842 2267 1912 quia
2324 1840 2658 1911 complacuit
2712 1840 2864 1895 Patri
2916 1849 3097 1894 vestro
3145 1838 3279 1893 dare
3335 1837 3489 1893 vobis

1923 1952 2150 2007 regnum
2191 1937 2479 1992 caelorum.
2520 1932 2748 1989 Vendite
2792 1948 2915 2003 qua:
2952 1932 3246 2003 possidetis
3280 1938 3335 1987 et
3368 1930 3493 1985 date

1923 2028 2360 2099 eleemosynam,
2406 2032 2462 2081 et
2510 2024 2780 2080 habebitis
2826 2039 3018 2080 saccos
3062 2023 3156 2094 qui
3208 2038 3315 2077 non
3351 2033 3496 2077 vete-

1929 2129 2170 2185 rascunt,
2204 2120 2524 2174 thesaurum
2556 2129 2668 2171 non
2698 2115 3039 2171 deiicientem
3085 2115 3138 2168 in
3192 2115 3345 2169 cielis
3381 2115 3446 2169 ¹⁹.
3474 2136 3492 2166 ι

1927 2211 2063 2265 Cum
2098 2216 2278 2264 autem
2307 2208 2481 2263 sancti
2511 2207 2629 2277 ejus
2672 2204 2927 2277 discipuli
2970 2207 3073 2259 hoc.
3112 2205 3233 2277 ejus
3268 2206 3496 2260 manda-

1927 2310 2044 2357 tum
2099 2303 2446 2372 implessent,
2496 2301 2573 2354 ait
2643 2300 2752 2355 illis
2797 2317 2809 2352 :
2866 2316 2886 2349 ι
2928 2297 3125 2354 Pacem
3191 2313 3365 2354 meam
3428 2299 3500 2351 do

1931 2396 2117 2460 vobis,
2168 2410 2354 2465 pacem
2415 2409 2589 2449 meam
2652 2394 2902 2462 relinquo
2953 2392 3110 2447 vobis
3144 2392 3210 2446 ²⁰.
3252 2411 3271 2442 ι
3326 2389 3499 2452 Nam.

1937 2505 1957 2536 ι
1980 2486 2073 2557 qui
2103 2485 2280 2556 diligit
2311 2500 2416 2548 me,
2453 2484 2707 2539 mandata
2751 2498 2871 2539 mea
2905 2484 3179 2548 servabit;
3216 2491 3271 2540 et
3318 2498 3418 2555 ego
3448 2493 3503 2537 et

1932 2578 2096 2633 Pater
2140 2578 2451 2641 veniemus,
2493 2586 2549 2631 et
2590 2576 2928 2631 mansionem
2975 2576 3116 2647 apud
3166 2591 3293 2632 eum
3341 2577 3506 2635 facie-

1936 2688 2059 2727 mus
2085 2672 2151 2725 ".
2180 2691 2198 2722 ι

2008 2872 2062 2924 9.
2108 2867 2320 2923 Docens
2350 2877 2529 2921 autem
2564 2883 2665 2922 nos
2695 2866 3027 2922 tentationes
3063 2882 3324 2938 generose
3368 2865 3510 2923 ferre

1941 2967 2104 3030 atque
2151 2960 2449 3015 certamina
2499 2978 2512 3013 :
2559 2958 2613 3012 In
2666 2958 2891 3022 mundo,
2943 2958 3054 3020 ait,
3098 2958 3511 3015 tribulationem

1942 3051 2231 3107 habebitis.
2284 3049 2389 3106 Sed
2439 3070 2458 3102 ι
2504 3050 2794 3114 confidite,
2842 3066 2941 3121 ego
2995 3050 3102 3105 vici
3149 3050 3413 3105 mundum
3443 3052 3508 3104 ε’.

1942 3142 2050 3197 \‘os
2082 3150 2263 3196 autem
2302 3142 2435 3197 estis
2474 3141 2563 3211 qui
2622 3141 3007 3212 permansistis
3059 3148 3282 3212 propter
3327 3158 3413 3197 me
3456 3141 3511 3198 in

1940 3234 2331 3288 lcntati’onibus
2385 3234 2548 3296 meis,
2595 3240 2649 3287 et
2696 3248 2797 3304 ego
2847 3234 3082 3305 dispono
3133 3233 3321 3298 vobis,
3372 3235 3516 3289 sicut

1941 3323 2211 3392 disposuit
2254 3321 2387 3375 mihi
2439 3322 2599 3376 Pater
2647 3337 2804 3377 meus
2839 3339 3090 3393 regnum,
3122 3332 3180 3377 ut
3212 3323 3516 3379 comedatis

1941 3424 1994 3469 et
2046 3414 2244 3468 bibatis
2297 3430 2461 3483 super
2517 3428 2761 3468 mensam
2804 3430 2978 3470 meam
3006 3416 3115 3469 ⁸³.»
3155 3414 3279 3470 llaec
3333 3426 3514 3470 autem

1943 3524 2051 3562 non
2083 3506 2336 3560 omnibus
2374 3506 2468 3565 ait,
2503 3502 2599 3558 sed
2632 3504 2699 3557 iis
2728 3504 2818 3573 qui
2877 3502 3060 3559 ferunt
3112 3506 3437 3560 tentationes
3464 3513 3519 3560 et

1943 3612 2216 3653 aerumnas
2267 3612 2390 3649 cum
2445 3595 2852 3666 aequanimitate
2922 3593 3058 3648 Cum
3118 3597 3401 3650 accederet
3448 3598 3517 3648 ad

1946 3696 2191 3744 sanctam
2224 3688 2534 3758 passionem
2579 3688 2783 3750 crucis,
2839 3685 2920 3740 sic
2951 3686 3028 3739 ait
3071 3705 3085 3741 :
3118 3687 3219 3753 Qui
3260 3687 3376 3741 vult
3420 3703 3517 3741 co-

1945 3780 2162 3834 medere
2201 3791 2254 3831 ct
2302 3778 2486 3833 bibere
2536 3792 2701 3847 super
2753 3792 2998 3832 mensam
3054 3791 3254 3837 meam,
3305 3791 3516 3831 mecum

1948 3872 2099 3925 adeat
2141 3885 2390 3933 crucem,
2432 3869 2483 3923 id
2516 3877 2634 3932 est,
2680 3879 2930 3923 mortuus
2958 3875 3012 3923 et
3044 3868 3159 3937 ipse
3194 3867 3268 3923 sit
3314 3868 3519 3922 mundo

1949 3963 2093 4017 sicut
2139 3969 2194 4014 et
2244 3976 2365 4031 ego,
2420 3960 2632 4014 scilicet
2680 3975 2774 4029 per
2840 3957 3219 4013 mandatorum
3272 3973 3519 4012 meorum

1949 4054 2275 4109 custodiam.
2322 4050 2454 4118 Qua:
2503 4066 2628 4105 cum
2685 4050 2931 4105 audisset
2975 4048 3179 4104 Paulus
3213 4050 3520 4119 apostolus,

1948 4161 2249 4216 omne5que
2280 4145 2464 4199 carnis
2507 4160 2709 4199 sensus
2740 4143 3087 4206 abscidisset,
3116 4158 3285 4198 ausus
3324 4151 3407 4197 est
3437 4142 3523 4196 di-

1950 4226 2113 4292 cere:
2157 4256 2173 4287 ι
2200 4237 2334 4289 Cum
2369 4235 2590 4290 Christo
2620 4234 2918 4290 crucifixus
2957 4249 3101 4290 sum.
3137 4232 3272 4289 Vivo
3316 4243 3522 4293 autem,

1946 4331 2060 4401 jam
2091 4345 2197 4385 non
2224 4344 2344 4399 ego,
2375 4328 2508 4382 vivit
2538 4343 2664 4383 vero
2694 4330 2748 4382 in
2779 4344 2862 4383 me
2893 4327 3144 4385 Christus
3165 4328 3230 4383 “.
3258 4349 3278 4381 ι
3312 4327 3525 4384 Etenim

271 4411 530 4482 Χριστός.
573 4430 591 4463 ι
619 4412 729 4466 Καὶ
752 4412 859 4484 γὰρ
890 4415 971 4481 ἐφ’
1004 4415 1127 4467 ὅσον
1162 4416 1415 4500 σαρκικὰα
1434 4416 1845 4488 περιπατῶμεν,

1954 4422 2196 4491 quandiu
2265 4422 2558 4476 carnaliter
2625 4422 3005 4484 ambulamus,
3075 4420 3276 4475 mortui
3336 4435 3528 4475 sumus

269 4504 457 4573 νεκροί
495 4505 662 4572 ἐσμεν
690 4507 809 4567 ταῖς
858 4506 1172 4577 ἁμαρτίαις.
1210 4509 1346 4579 Φησὶ
1392 4492 1536 4578 ’γάρ’
1577 4528 1595 4559 ι
1640 4510 1703 4561 Οἱ
1757 4508 1850 4562 τοῦ

271 4594 516 4666 Χριστοῦ
548 4595 649 4664 τὴν
685 4595 862 4666 σάρκα
899 4597 1244 4667 ἐσταύρωσαν
1276 4601 1371 4653 σὺν
1413 4603 1524 4663 τοῖς
1572 4600 1854 4671 παθήμασι

273 4686 369 4740 καὶ
402 4689 524 4748 ταῖς
562 4685 899 4756 ἐπιθυμίαις.
952 4708 968 4738 ι
1006 4690 1114 4742 Καὶ
1164 4691 1212 4741 εί
1264 4690 1727 4760 συναποθάνομεν,
1762 4692 1856 4744 καὶ

274 4780 609 4850 συζήσομεν.
678 4780 739 4832 Εἰ
788 4780 1148 4851 ὑπομένομεν,
1203 4782 1295 4834 καὶ
1350 4782 1857 4853 συμϐασιλεύσομεν

272 4872 455 4942 αὐτῷ·
490 4873 538 4923 εί
580 4869 913 4942 ἀρνούμεθα,
957 4873 1205 4935 κάκεῖνος
1234 4872 1525 4943 ἀρνήσεται
1559 4874 1723 4942 ἡμᾶς.
1761 4873 1859 4937 Τίς

274 4959 369 5017 οὖν
398 4965 550 5016 ἐστιν
582 4963 611 5014 6
647 4962 1036 5033 ἀρνούμενοςῆ
1067 4966 1096 5016 6
1132 4962 1271 5016 κατὰ
1304 4962 1403 5026 τὰς
1431 4962 1723 5033 ἐπιθυμίας
1755 4965 1855 5035 τῆς

278 5056 485 5126 σαρκὸς
515 5053 869 5124 περιπατῶν;
900 5049 1066 5115 Οὗτος
1090 5055 1198 5124 γάρ
1230 5057 1376 5107 ἐστιν
1403 5056 1431 5107 ὀ
1459 5054 1754 5125 ἐνυϐρίζων
1779 5055 1858 5126 τῷ

279 5148 644 5219 βαπτίσματι.
682 5146 791 5198 Καὶ
825 5145 910 5208 τίς
938 5147 1084 5198 ἐστιν
1117 5147 1145 5197 6
1179 5146 1251 5216 μὴ
1297 5145 1584 5217 ἐνυϐρίσας
1613 5147 1671 5210 ἐξ
1702 5149 1860 5217 ἡμῶν

274 5240 340 5293 τὸ
374 5240 665 5310 βάπτισμα
705 5237 794 5290 διά
833 5238 901 5291 τὰ
942 5238 1035 5291 τοῦ
1082 5238 1317 5309 πονηροῦ
1367 5238 1583 5291 ποικίλα
1619 5241 1863 5310 μηχανή-

281 5348 466 5402 ματα;
506 5329 669 5382 Ἀλλά
690 5330 777 5382 διά
809 5329 907 5399 τὴν
935 5330 1134 5400 πολλὴν
1163 5331 1382 5398 ἀγάπην
1409 5328 1598 5392 αὑτοῦ,
1633 5330 1699 5399 ἢν
1724 5330 1863 5398 ἠγά-

278 5440 457 5495 πησεν
501 5423 651 5492 ἡμᾶς
688 5422 716 5473 6
750 5420 952 5493 Κύριος
996 5421 1155 5491 ἡμῶν
1206 5419 1410 5491 Ἰησοῦς
1443 5420 1695 5495 Χριστὸς,
1733 5420 1861 5474 ἔδω-

360 5647 403 5679 ²⁹
443 5644 581 5700 Luc.
621 5654 718 5700 xu,
749 5638 845 5700 52,
880 5639 968 5692 33.
1072 5640 1116 5670 '°
1154 5636 1311 5693 Joau.
1352 5653 1475 5700 xxv,
1504 5635 1596 5693 27.

285 5718 334 5753 ⁸⁸
365 5716 546 5773 Galat.
584 5728 644 5776 n,
681 5708 766 5772 I9,
799 5709 889 5761 20.
966 5710 1011 5741 ²⁵
1049 5709 1225 5765 Galat.
1262 5727 1315 5767 v.
1348 5709 1439 5765 ‘24.

614 5804 881 5866 Pnnon.
915 5806 1030 5867 Gn.
1071 5804 1369 5866 XXVIII.

1693 5638 1736 5669 ἰ
1780 5635 1911 5693 ibid.
1952 5638 2056 5707 ιδ,
2090 5637 2179 5693 23,

1955 4524 2175 4584 propter
2206 4522 2446 4582 peccata.
2479 4512 2566 4566 Ait
2591 4513 2734 4567 enim
2763 4531 2776 4566 :
2820 4532 2836 4563 ι
2870 4512 2970 4578 Qui
3004 4512 3206 4565 Christi
3248 4518 3377 4565 sunt
3407 4525 3531 4564 car-

1957 4619 2080 4656 nem
2108 4604 2501 4657 crucifixerunt
2526 4616 2651 4655 cum
2683 4601 2830 4655 vitiis
2860 4608 2913 4655 et
2945 4598 3403 4668 concupiscentiis
3426 4597 3524 4650 “.I

1960 4690 2017 4746 Si
2058 4708 2165 4746 una
2194 4695 2479 4755 morimur,
2508 4706 2616 4745 una
2648 4691 2912 4745 vivemus.
2947 4689 3001 4743 Si
3031 4694 3386 4753 sustinemus,
3419 4702 3531 4741 una

1959 4800 2081 4839 cum
2141 4785 2259 4851 ipso
2311 4781 2697 4851 regnabimus;
2752 4781 2836 4835 siu
2892 4780 3255 4849 abnegamus,
3305 4787 3359 4832 et
3414 4776 3532 4847 ipse
3580 4768 3593 4777 ’

1962 4876 2249 4945 abnegabit
2303 4888 2420 4927 nos.
2466 4872 2601 4937 Quis
2639 4872 2822 4941 itaque
2865 4879 2949 4925 est
2987 4871 3078 4940 qui
3115 4871 3375 4940 abnegat.
3423 4870 3529 4923 nisi

1961 4969 2052 5039 qui
2108 4965 2407 5021 secundum
2464 4964 2649 5019 carnis
2717 4962 3193 5031 concupiscentias
3248 4961 3535 5015 ambulat?

1960 5058 2081 5126 Ipse
2138 5070 2374 5124 namque
2433 5064 2517 5109 est
2567 5054 2657 5124 qui
2719 5053 3102 5107 contumeliam
3152 5051 3315 5104 infert
3357 5051 3536 5121 bapti-

1968 5150 2145 5205 smali.
2190 5146 2388 5217 Ecquis
2438 5162 2503 5200 ex
2551 5146 2710 5201 nobis
2740 5154 2824 5199 est
2871 5145 2964 5214 qui
2997 5159 3102 5197 non
3148 5143 3534 5197 contumeliam

1968 5239 2167 5293 inferat
2195 5238 2532 5307 baptismati,
2563 5238 2633 5291 ob
2660 5237 2809 5290 varia
2840 5235 3060 5306 maligni
3092 5234 3237 5289 illius
3264 5233 3537 5287 artiﬁcia?

1971 5332 2075 5385 Sed
2122 5338 2343 5402 propter
2369 5330 2590 5383 nimiam
2625 5328 2944 5383 charitatcm
2988 5342 3161 5386 suam,
3204 5341 3311 5395 qua
3349 5325 3535 5399 dilexit

1967 5436 2071 5477 nos
2117 5420 2375 5476 Dominus
2422 5427 2610 5474 noster
2638 5417 2799 5476 Iesus
2846 5419 3122 5482 Christus,
3173 5417 3323 5472 dedit
3376 5416 3535 5471 nobis

2284 5637 2327 5668 ”
2365 5634 2526 5691 Joan.
2563 5652 2683 5704 xvi,
2720 5637 2809 5693 55.
2906 5638 2951 5671 ’³
2991 5637 3123 5694 Luc.
3161 5653 3271 5692 xxn
3298 5675 3313 5699 ,
3344 5633 3535 5691 28-30.

3232 5793 3313 5857 1ιὸ
