3976 6388
583 312 720 370 1619

1715 318 1777 372 S.
1816 316 2283 374 ATHANASIUS.
2327 348 2398 359 —
2433 319 2702 376 SPL’BlA.

3685 323 3795 378 “20

578 428 956 498 paenitentiam
1031 442 1202 498 usque
1259 426 1422 499 524
1482 428 1548 482 ad
1627 437 1933 484 extremum
2007 429 2149 483 hali-

2254 444 2348 481 κεν
2379 430 2512 500 ἡμῖν
2542 431 2642 502 τὴν
2689 429 2977 500 μετάνοιαν
3153 427 3396 500 εσχᾶτης
3429 428 3706 498 ἀναπνοῆς.
3741 429 3797 483 ΕΞ

579 528 716 573 tum.
751 517 867 574 Nisi
897 519 1042 574 enim
1068 528 1214 574 esset
1243 521 1585 588 pceuitentia,
1623 535 1968 590 nequaquam
2001 520 2151 574 salva

579 609 733 664 ﬁeret
759 611 939 665 omnis
972 624 1126 674 caro,
1153 617 1212 664 ut
1244 611 1322 664 ait
1367 611 1670 666 Dominus:
1709 630 1730 662 ι
1757 611 1950 676 Amen,
1994 627 2152 666 amen

578 701 705 755 dico
748 701 924 768 vobis,
957 716 1066 755 non
1100 701 1174 755 ita
1211 701 1410 772 gaudet
1454 702 1595 758 Deus
1624 703 1692 758 de
1724 704 2022 774 nonaginta
2055 719 2155 758 no-

578 809 697 849 vem
747 793 946 862 justis,
1000 800 1061 848 ut
1111 793 1179 849 de
1236 809 1346 848 uno
1408 802 1698 865 peccatore
1771 797 2152 866 paenitentiam

578 891 772 954 agente
797 885 864 939 “.
891 903 911 936 ι

649 976 736 1030 10.
779 977 1068 1038 Curemus,
1102 975 1322 1036 fratres.
1353 977 1729 1048 pmnitentiam
1765 994 1946 1050 agere.
1979 979 2155 1034 donec

577 1083 772 1124 sumus
800 1070 856 1123 in
886 1083 1145 1138 corpore,
1197 1067 1456 1134 ﬂeamus,
1497 1072 1567 1124 et‘
1601 1070 1889 1126 abluamus
1939 1071 2154 1125 occulta

577 1161 766 1217 cordis
814 1161 1063 1216 vulnera.
1113 1159 1379 1214 Futurum
1433 1161 1576 1214 enim
1631 1171 1715 1216 est
1753 1169 1814 1216 ut
1859 1171 2156 1232 appareant

577 1259 770 1307 nostra
817 1251 1059 1304 facinora
1113 1260 1240 1306 ante
1292 1252 1536 1305 tribunal
1593 1251 1723 1307 illud
1785 1253 2150 1307 tremendum.

575 1344 1056 1414 Appropinquabit
1101 1345 1246 1398 enim
1311 1343 1607 1406 Dominus.
1659 1353 1712 1398 et
1759 1345 1942 1400 veniet
1989 1361 2156 1415 super

578 1434 778 1489 throno
825 1446 1018 1490 sancto
1061 1435 1249 1505 gloria:
1293 1450 1426 1498 suar,
1470 1449 1534 1489 ac
1579 1436 2052 1508 congregabuntnr
2101 1437 2154 1490 iu

577 1537 875 1598 conspectu
905 1527 1024 1596 ejus
1063 1542 1252 1580 omnes
1293 1535 1502 1596 gentes.
1537 1525 1602 1580 Et
1648 1529 1882 1598 quisque
1928 1544 2025 1583 sua
2070 1528 2155 1583 lu-

579 1632 744 1672 cerua
777 1617 1217 1689 illuminabitur:
1252 1618 1506 1688 quisquis
1551 1626 1730 1672 autem
1772 1619 1894 1673 oleo
1924 1619 2152 1679 carebit.

577 1707 699 1778 ejus
725 1709 934 1778 lampas
959 1709 1358 1779 exstinguetur,
1377 1717 1431 1764 et
1465 1709 1637 1763 abibit
1667 1709 1784 1778 ipse
1813 1709 1868 1762 in
1898 1709 2151 1764 tenebras

2257 519 2331 591 μὴ
2363 520 2474 592 γὰρ
2502 517 2571 593 ἦν
2605 521 2886 592 μετάνοια,
2934 521 3033 574 οὐκ
3059 519 3123 574 ἂν
3149 520 3332 592 ἐσώθη
3381 521 3532 573 πᾶσα
3562 521 3706 590 σάρξ,
3732 521 3796 586 ὣς

2254 627 2419 681 φησιν
2447 615 2476 665 6
2519 613 2719 684 Κύριος
2739 629 2754 642 ·
2791 631 2810 664 ι
2863 611 3053 683 ’Δμὴν,
3081 611 3228 684 ἀμὴν
3269 611 3414 680 λέγω
3445 612 3594 683 ὑμῖν,
3622 613 3679 666 οὐ
3699 612 3798 682 χαί-

2257 720 2340 774 ρει
2387 706 2416 758 ό
2448 704 2581 769 Θεὸς
2629 705 2724 759 επὶ
2771 705 3090 776 ἐνενήκοντα
3137 703 3298 758 ὲννέα
3346 704 3596 770 δικαίοις,
3639 702 3706 764 ὡς
3727 703 3797 776 ἐφ’

2253 795 2337 849 ἑνὶ
2366 797 2674 870 ἀμαρτωλῷ
2705 795 3076 870 μετανοοῦντι.
3123 815 3144 846 ι

2328 973 2415 1028 10.
2453 973 2872 1045 Σπουδάσωμεν,
2899 973 3136 1042 ἀδελφοὶ,
3165 973 3517 1044 μετανοῆσαι,
3538 972 3643 1037 ἕως
3663 973 3797 1044 ἐσμὲν

2255 1065 2314 1118 ὲν
2343 1063 2423 1136 τῷ
2459 1063 2690 1136 σώματι,
2741 1065 3084 1136 κλαύσωμεν,
3137 1065 3236 1118 καὶ
3287 1064 3579 1134 πλύνωμεν
3620 1065 3686 1118 τά
3719 1065 3800 1136 τῆς

2256 1153 2480 1226 καρδίας
2509 1154 2728 1227 κρυπτὰ
2758 1155 3069 1226 τραύματα.
3103 1155 3305 1208 Μέλλει
3334 1154 3444 1227 γὰρ
3469 1155 3802 1226 φανεροῡσθαι

2255 1243 2324 1297 τὰ
2366 1246 2426 1297 ἐν
2475 1247 2606 1315 ἡμῖν
2640 1245 3008 1316 πεπραγμένα
3034 1245 3184 1299 δεινά
3225 1245 3317 1298 ἐπὶ
3349 1245 3446 1298 τοῦ
3481 1245 3706 1316 φοϐεροῦ
3728 1246 3802 1316 βή-

2259 1351 2428 1406 ματος
2458 1335 2688 1390 ἐκείνου.
2733 1337 2968 1404 Ἥγγικε
3000 1335 3110 1408 γάρ
3149 1337 3179 1390 ό
3218 1335 3444 1407 Κύριος,
3485 1337 3583 1390 καὶ
3621 1335 3804 1408 ἔρχεται

2255 1424 2350 1477 ἐπὶ
2405 1423 2594 1495 θρόνου
2643 1423 2803 1495 δόξης
2855 1411 3012 1494 ἀγίου
3052 1423 3238 1490 αὐτοῦ,
3268 1426 3362 1478 καὶ
3411 1425 3806 1497 συναχθήσονται

2255 1513 2561 1586 ἔμπροσθεν
2598 1516 2762 1569 αὑτοῦ
2797 1517 2976 1572 πάντα
3021 1515 3092 1570 τά
3133 1515 3282 1584 ἔθνη.
3319 1517 3430 1570 Kal.
3464 1517 3694 1581 Exacto;
3720 1535 3804 1586 φα-

2255 1604 2503 1676 νεροῦται
2541 1607 2606 1658 ὲκ
2647 1607 2749 1678 τῆς
2801 1607 2939 1672 ιδίας
2973 1607 3283 1680 λαμπάδοςο
3324 1608 3478 1672 ὅστις
3529 1609 3589 1662 δὲ
3635 1610 3692 1663 οὐ
3733 1610 3807 1662 κέο

2257 1713 2452 1768 κτηται
2483 1696 2680 1763 ἔλαιον,
2709 1698 3063 1771 σϐεσθήσεται
3089 1698 3254 1754 αὐτοῦ
3285 1701 3319 1770 ἡ
3351 1699 3579 1770 λάμπας
3598 1719 3613 1732 ·
3649 1703 3806 1756 κάκεῖ-

578 1798 898 1852 exteriorcs.
943 1798 1144 1852 Curam
1199 1799 1381 1867 itaque
1435 1799 1770 1860 habeamus,
1813 1798 2050 1871 o'atrcs,
2096 1807 2150 1853 et

2254 1804 2340 1852 νος
2379 1789 2617 1860 πορευθῇ
2661 1789 2720 1841 ἐν
2753 1788 2830 1860 τῷ
2879 1788 3128 1862 ἐξωτέρω
3175 1791 3378 1856 σκότει.
3437 1793 3808 1864 Σπουδάσωμεν

579 1887 903 1959 impleamus
931 1889 1050 1944 oleo
1082 1905 1212 1943 vasa
1245 1897 1454 1948 nostra.
1499 1905 1568 1944 ne
1602 1890 1656 1943 in
1691 1890 1944 1944 tenebras
1981 1890 2150 1960 proji-

578 1979 790 2034 ciamur
823 1986 878 2033 et
919 1978 974 2032 iu
1015 1979 1193 2048 ignem
1221 1986 1508 2034 aeternum.
1537 1978 1645 2035 Vas
1679 1967 1823 2034 enim
1857 1990 1942 2036 est
1976 1981 2152 2050 poeni-

578 2067 778 2134 tentia;
827 2067 1006 2122 oleum
1049 2083 1200 2130 vero,
1248 2069 1510 2120 virtutum
1559 2067 1917 2132 exercitium;
1965 2068 2150 2138 splen-

577 2155 703 2210 dida
735 2157 964 2227 lampas,
991 2163 1076 2210 est
1104 2163 1294 2212 sancta
1322 2157 1525 2210 anima.
1559 2155 1914 2212 Decertemus
1945 2158 2148 2228 itaque,

577 2247 806 2313 fratres,
845 2248 974 2318 quia
1021 2248 1479 2318 appropinquavit
1549 2249 1690 2302 dies.
1740 2249 1941 2304 Beatus
1991 2250 2152 2303 homo

576 2340 668 2409 qui
715 2339 1030 2408 hujusmodi
1083 2340 1516 2394 sollicitudinem
1563 2339 1730 2394 habet
1778 2340 2044 2411 quotidie,
2097 2349 2152 2396 et

577 2431 807 2500 singulis
852 2431 1026 2486 horis.
1073 2430 1210 2484 Nam
1252 2429 1464 2486 fructus
1511 2431 1602 2485 ille
1648 2445 1839 2490 serus,
1893 2445 2021 2484 vera
2069 2438 2154 2485 est

576 2523 773 2578 messis
805 2529 1122 2592 tempestas.
1153 2521 1350 2576 Beatus
1381 2523 1472 2576 ille
1499 2521 1593 2592 qui
1639 2521 1878 2576 fructum
1918 2523 2156 2578 servavit

577 2627 770 2679 suum;
806 2628 929 2667 eum
959 2613 1221 2682 colligent
1256 2613 1434 2684 angeli
1477 2613 1532 2668 in
1565 2623 1828 2669 aeternum
1874 2613 2150 2670 horreum.

580 2704 670 2759 Va:
699 2712 880 2759 autem
921 2703 1026 2758 mei
1061 2704 1364 2768 similibus,
1412 2704 1515 2758 hoc
1553 2712 1672 2769 est,
1720 2705 1978 2768 zizaniis,
2025 2705 2154 2774 quia

574 2799 718 2870 ignis
745 2799 868 2854 illos
898 2797 1221 2868 possidebit.
1249 2797 1546 2868 Fugiamus
1571 2813 1722 2868 ergo,
1756 2796 1977 2862 fratres,
2006 2813 2154 2851 mun-

575 2889 705 2944 dum
747 2897 802 2945 et
833 2890 1016 2945 omnia
1046 2906 1167 2960 quae
1197 2890 1253 2942 in
1295 2904 1361 2944 eo
1405 2900 1554 2950 sunt,
1582 2899 1637 2942 et
1669 2889 1986 2942 lnareditate
2011 2889 2158 2942 acci-

575 2981 790 3050 piemus
839 2983 983 3035 bona
1021 2982 1136 3044 illa,
1195 2999 1216 3032 ι
1255 2996 1376 3050 qua:
1427 2981 1621 3034 oculus
1685 2995 1792 3033 non
1840 2980 2008 3044 vidit,
2051 2995 2153 3035 nec

575 3071 728 3126 auris
760 3069 998 3134 audivit,
1032 3085 1134 3125 nec
1173 3071 1227 3123 in
1277 3084 1373 3122 cor
1424 3069 1663 3123 hominis
1712 3068 1989 3133 ascendit,
2034 3083 2156 3138 qua:

2251 1876 2364 1943 οὖν,
2401 1879 2639 1947 ἀδελφοὶ,
2675 1881 2771 1933 καὶ
2799 1881 3092 1951 πλήσωμεν
3117 1881 3185 1934 τὰ
3210 1881 3408 1950 ἀγγεῖα
3447 1883 3610 1954 ἡμῶν
3639 1885 3806 1949 ἐλαίου,

2253 1971 2338 2024 ῐνα
2370 1970 2444 2042 μὴ
2494 1971 2738 2043 ριφῶμεν
2779 1973 2835 2025 ὲν
2873 1971 2948 2043 τῷ
2990 1971 3170 2026 σκότει
3196 1973 3291 2026 καὶ
3322 1975 3534 2045 αἰωνίῳ
3579 1975 3728 2047 πυρί.
3755 1974 3811 2028 Τὸ

2251 2063 2360 2136 γὰρ
2389 2063 2614 2132 ἀγγεῖόν
2640 2065 2790 2118 ἐστιν
2815 2067 2848 2136 ὴ
2878 2067 3151 2136 μετάνοια
3178 2065 3239 2119 τὸ
3265 2067 3323 2120 δὲ
3347 2067 3534 2121 ἔλαιον
3579 2070 3686 2122 τῶν
3705 2071 3810 2140 ἀρε-

2249 2156 2358 2211 τῶν
2387 2159 2420 2228 ή
2444 2154 2642 2228 πρᾶξις
2660 2174 2674 2187 ο
2709 2160 2743 2228 ὴ
2771 2157 2828 2210 δὲ
2861 2158 3095 2229 φωτεινὴ
3121 2158 3341 2227 λαμπὰς
3375 2159 3624 2230 ὑπάρχει
3655 2161 3812 2232 mu

2251 2249 2420 2321 ψυχή.
2483 2247 2913 2320 Ἀγωνιζώμεθα
2961 2245 3075 2311 οὖν,
3124 2249 3360 2320 ἀδελφοὶ,
3400 2253 3484 2305 ὅτι
3539 2253 3811 2324 ἤγγικενή

2253 2341 2459 2412 ἡμέρα.
2511 2342 2798 2413 Μακάριος
2847 2341 3130 2414 ἄνθρωπος
3160 2345 3189 2396 6
3229 2344 3370 2415 ἔχων
3413 2345 3518 2416 τὴν
3571 2346 3812 2417 μέριμναν

2251 2430 2457 2502 ταύτην
2510 2424 2669 2489 uae"
2707 2431 2950 2503 ἑκάστην
2998 2433 3210 2504 ἡμέραν
3259 2434 3353 2487 καὶ
3406 2434 3584 2508 ὤραν.
3642 2437 3696 2490 ὐ
3727 2435 3812 2508 γὰρ

2255 2523 2465 2592 καρπὸς
2501 2523 2702 2594 ὅψιμος
2743 2521 2980 2592 γεγονὼς
3028 2525 3216 2596 καιρός
3255 2526 3376 2580 ἐστι
3417 2527 3514 2580 τοῦ
3556 2527 3810 2600 θερισμοῦ.

2254 2613 2539 2684 Μακάριός
2577 2615 2723 2666 ἐστιν
2755 2615 2959 2677 ἐκεῖνος
2985 2615 3015 2666 6
3053 2613 3234 2680 σώσας
3261 2615 3355 2670 τὸν
3391 2617 3610 2690 καρπον
3637 2617 3810 2673 αὐτοῦ·

2257 2704 2573 2771 συνάξουσιν
2607 2704 2770 2758 αὑτὸν
2804 2709 2854 2758 οἱ
2894 2705 3114 2775 ἄγγελοι
3143 2709 3224 2771 είς
3251 2707 3352 2780 τὴν
3386 2709 3612 2764 αἰώνιον
3640 2709 3814 2782 ἀποθή-

2256 2812 2379 2866 κην.
2415 2796 2552 2849 Οὐαὶ
2599 2795 2656 2849 δὲ
2703 2799 2819 2860 τοῖς
2855 2797 3060 2867 ὁμοίοις
3095 2815 3218 2868 μου,
3265 2800 3522 2854 τουτέστι
3551 2803 3665 2866 τοῖς
3688 2799 3816 2866 ζιζα·

2255 2887 2410 2952 νίοις,
2454 2889 2537 2941 ὅτι
2582 2887 2644 2941 τὸ
2700 2886 2814 2964 πῦρ
2860 2889 3058 2952 αὐτοὺς
3101 2889 3530 2962 κληρονομήσει.
3578 2893 3814 2963 Φύγωμεν

2256 2971 2372 3038 οὖν,
2401 2969 2446 3029 ὧ
2481 2975 2721 3046 ἀδελφοὶ,
2754 2976 2847 3029 τὸν
2891 2977 3114 3047 κόσμον,
3153 2979 3246 3032 καὶ
3277 2981 3460 3034 πάντα
3499 2981 3570 3036 τά
3591 2984 3650 3035 ὲν
3671 2982 3815 3054 αὐτῷ,

2257 3064 2395 3134 ὅπερ
2445 3064 2941 3138 κληρονομήσωμεν
3001 3067 3072 3121 τά
3133 3068 3316 3138 ἀγαθᾶ
3389 3073 3603 3140 ἐκεῖνα,
3657 3091 3678 3125 ι
3727 3073 3761 3126 ἃ
3793 3073 3820 3124 ὁ

577 3160 901 3230 praeparavit
934 3131 1076 3214 Deus
1106 3158 1458 3229 diligentibus
1507 3173 1565 3212 se
1587 3159 1654 3212 ⁸⁷.
1681 3177 1700 3208 ι
1739 3131 2002 3227 Denique,
2038 3131 2148 3213 ira.

2259 3131 2541 3226 ὀφθαλμὸς
2555 3131 2660 3208 οὐκ
2679 3131 2812 3220 εἶδε,
2841 3131 2934 3209 καὶ
2955 3151 3048 3220 οὖς
3070 3131 3426 3229 οὐκ-ἤκουσε,
3463 3162 3560 3214 καὶ
3587 3131 3686 3216 επὶ
3706 3177 3820 3232 καρ-

576 3259 712 3312 tres,
741 3251 797 3304 in
831 3250 918 3304 his
946 3257 1104 3312 state,
1146 3252 1260 3303 haec
1289 3247 1650 3311 meditamini,
1685 3264 1784 3302 nec
1830 3250 2150 3319 negligatis;

579 3349 639 3396 ut
679 3341 934 3412 dignetur
971 3339 1238 3396 Dominus
1272 3348 1532 3410 praestare
1582 3351 1640 3394 ut
1675 3341 1776 3393 hoc
1825 3349 2154 3411 praeceptum

579 3441 742 3488 nocte
779 3432 974 3504 dieque
1025 3431 1383 3494 custodiatis,
1425 3441 1478 3486 et
1525 3432 1705 3486 salvos
1751 3430 1912 3486 faciat
1965 3448 2060 3487 vos
2098 3433 2154 3488 in

575 3540 745 3595 regno
779 3539 880 3579 suo
913 3523 1144 3579 cmlesti.
1166 3522 1425 3592 Quisquis
1461 3523 1571 3575 haec
1606 3529 1875 3590 praecepta
1900 3522 2047 3592 legit,
2070 3523 2155 3576 vel

577 3615 755 3680 audit,
795 3631 898 3670 nec
951 3625 1129 3672 servat
1164 3631 1252 3679 ea,
1299 3614 1353 3668 in
1385 3629 1450 3669 eo
1492 3613 1745 3683 impletur
1791 3615 2045 3683 parabola
2087 3614 2155 3669 de

579 3707 807 3768 semine,
851 3708 998 3776 quod
1045 3705 1244 3760 cecidit
1293 3706 1346 3758 in
1384 3714 1622 3774 p‘ll‘alll,
1678 3711 1732 3758 et
1764 3703 1908 3774 quod
1954 3711 2153 3759 terram

577 3811 684 3850 non
719 3797 941 3852 haberet
968 3798 1152 3854 statim
1184 3796 1519 3852 exsicmtum
1553 3805 1657 3852 est.
1686 3793 1788 3863 Qui
1815 3805 1996 3849 autem
2027 3797 2156 3867 legit

574 3891 630 3939 et
669 3885 818 3951 facit,
848 3887 1048 3941 similis
1073 3896 1156 3941 est
1205 3888 1402 3941 semini
1443 3887 1657 3941 cadenti
1709 3888 1764 3940 in
1811 3894 2012 3942 terrain
2058 3887 2156 3938 bo—

573 3991 724 4042 nam,
751 3979 896 4048 quod
931 3978 1166 4050 fructum
1200 3981 1405 4042 attulit,
1437 3979 1584 4032 aliud
1616 3980 1974 4046 tricesimum,
2007 3975 2154 4032 aliud

575 4072 1008 4141 sexagesimum,
1053 4071 1200 4124 aliud
1241 4071 1640 4134 centesimum,
1688 4073 1742 4126 in
1772 4071 1994 4126 Christo
2022 4069 2151 4126 Jesu

575 4155 808 4214 Domino
837 4171 1047 4226 nostro,
1075 4163 1166 4216 cui
1201 4161 1374 4232 gloria
1409 4162 1467 4215 in
1496 4163 1716 4217 saecula.
1747 4161 1940 4213 Amen.

2259 3245 2376 3300 δίαν
2414 3245 2700 3316 ἀνθρώπου
2731 3247 2833 3300 οὐκ
2860 3247 3046 3319 ἀνέϐη,
3079 3247 3116 3302 ἃ.
3159 3250 3463 3321 ἡτοίμασεν
3499 3255 3530 3308 6
3571 3253 3699 3318 Θεὸς
3724 3257 3820 3318 τοῖς

2253 3337 2542 3407 ἀγαπῶσιν
2575 3338 2758 3392 αὐτόν.
2800 3358 2819 3392 ι
2854 3339 2926 3393 Τὸ
2955 3338 3160 3406 λοιπὸν,
3187 3334 3233 3393 ὦ
3261 3342 3511 3413 ἀδελφοὶ,
3544 3348 3603 3400 ἐν
3631 3345 3820 3410 τούτοις

2255 3429 2438 3499 στῆτε,
2479 3426 2652 3481 ταῦτα
2708 3428 2986 3498 μελετᾶτε,
3037 3429 3132 3482 καὶ
3184 3429 3260 3501 μὴ
3309 3432 3654 3504 ἀμελήσητε,
3701 3434 3818 3504 ὅπερ

2253 3519 2461 3594 ἀξιώσῃ
2505 3521 2650 3590 ὑμᾶς
2693 3519 2898 3591 Κύριος
2939 3521 3174 3593 τηρῆσαι
3214 3522 3315 3595 τὴν
3370 3523 3596 3596 ἐντολὴν
3639 3525 3819 3594 ταύτην

2255 3611 2465 3684 ἡμέρας
2507 3611 2602 3664 καὶ
2654 3611 2866 3676 νυκτὸς.
2911 3615 3004 3666 καὶ
3052 3611 3202 3688 σώσῃ
3256 3617 3340 3692 εἰς
3396 3617 3502 3689 τὴν
3569 3617 3820 3688 βασιλείαν

2253 3699 2419 3754 αὑτοῦ
2479 3700 2578 3770 τὴν
2647 3701 2985 3772 ἐπουράνιον.
3060 3703 3248 3768 Ὅστις
3315 3707 3683 3775 ἀναγινώσκει
3735 3705 3818 3768 τὰς

2254 3789 2471 3852 ὲντολάς
2509 3788 2709 3853 ταύτας
2730 3831 2746 3856 ,
2810 3789 2843 3860 ἦ
2900 3789 3108 3854 ἀκούει,
3168 3793 3264 3846 καὶ
3324 3795 3400 3866 μὴ
3439 3799 3584 3849 ποιεῖ
3645 3794 3816 3857 αὐτὲις,

2253 3881 2606 3954 πεπλήρωται
2652 3884 2710 3934 ὲν
2738 3883 2889 3953 αὐτῷ
2913 3884 2942 3936 6
2975 3883 3176 3956 σπόρος
3205 3887 3236 3938 6
3277 3885 3468 3941 πεσὼν
3497 3892 3581 3953 εἰς
3617 3889 3712 3960 τὴν
3739 3885 3817 3939 ε.

2254 3991 2409 4046 τραν,
2448 3973 2542 4026 καὶ
2587 3972 2676 4028 διὰ
2715 3974 2775 4028 τὸ
2836 3973 2911 4046 μὴ
2965 3975 3110 4046 ἔχειν
3166 3976 3304 4047 γῆν,
3353 3981 3696 4053 παραχρῆμα
3719 3978 3818 4046 ἐξη-

2256 4063 2448 4139 ράνθη.
2487 4063 2545 4116 '0
2596 4064 2652 4118 δὲ
2682 4063 3068 4134 ἀναγινώσκων
3095 4068 3190 4121 καὶ
3217 4069 3390 4124 ποιῶν
3413 4073 3565 4125 ἐστιν
3582 4075 3610 4125 6
3639 4071 3817 4141 σπόρος

2253 4158 2282 4210 6
2320 4154 2503 4209 πεσὼν
2530 4155 2613 4221 εἰς
2663 4157 2762 4227 τὴν
2790 4155 2896 4226 γῆν
2931 4155 3028 4228 τὴν
3051 4157 3286 4230 ἀγαθὴν,
3329 4163 3427 4216 καὶ
3467 4161 3818 4236 summa“.

573 4271 667 4308 σεν
693 4255 751 4307 ἓν
777 4255 844 4320 λ’,
872 4257 965 4309 καὶ
991 4254 1049 4309 ἓν
1081 4257 1143 4322 ξ’,
1179 4257 1272 4309 καὶ
1299 4255 1356 4308 ἓν
1396 4261 1464 4328 ρ’,
1495 4255 1555 4307 ὲν
1584 4251 1803 4325 Χριστῷ
1842 4250 2015 4321 Ἰησοῦ
2059 4249 2138 4322 τῷ
2167 4249 2361 4321 Κυρίῳ
2391 4249 2572 4321 ἡμῶν,
2612 4243 2656 4318 ᾧ
2690 4251 2724 4321 ἡ
2755 4248 2905 4314 δόξα.
2959 4249 3149 4323 Ἀμήν.

646 4390 694 4422 ³⁸
732 4389 866 4446 Luc.
907 4409 998 4458 xv,
1039 4392 1088 4445 7.
1163 4393 1208 4425 ³⁷
1253 4391 1434 4448 lCor.
1474 4407 1550 4456 ιι,
1585 4390 1639 4445 9.

1467 4627 1788 4704 uomitu
1828 4644 1896 4700 IN
1935 4639 2308 4699 opuscuss
2347 4639 2489 4696 ouo
2529 4638 2942 4708 SEQUENTIA.

641 4808 834 4862 Postea
877 4806 1109 4876 sequitur
1150 4805 1204 4857 in
1233 4807 1492 4873 exscripta
1531 4802 1697 4858 Roma
1731 4800 1879 4856 nobis
1929 4797 2247 4852 transmisso
2277 4793 2429 4849 aliud
2463 4794 2778 4864 opusculum
2818 4809 2884 4850 ea:
2929 4794 3107 4852 codice
3140 4813 3244 4850 ms.
3289 4796 3639 4856 Bibliotheca:
3686 4797 3815 4851 Vati-

563 4916 736 4963 cana,
767 4915 912 4955 num.
940 4896 1098 4961 1M8,
1129 4897 1185 4950 in
1212 4896 1400 4949 charta
1431 4912 1731 4966 papyracea
1761 4895 1816 4948 in
1845 4893 1923 4957 4⁸,
1955 4907 2009 4960 ρ.
2037 4890 2128 4958 65,

2254 4905 2314 4942 us
2345 4887 2530 4942 titulus
2553 4903 2574 4942 :
2607 4885 2715 4942 Τοῦ
2754 4888 2811 4940 ὲν
2843 4887 3018 4956 ἁγίοις
3056 4889 3274 4960 [ἰατρὸς
3311 4891 3476 4962 ἡμῶν
3513 4891 3814 4947 Ἀθανασξου

565 4989 660 5044 τοῦ
696 4988 929 5060 μεγάλου
960 4987 1280 5041 διδασκαλία
1311 4987 1449 5058 πρὸς
1496 4987 1784 5059 μοναχούς,
1821 4985 2052 5055 imperiti
2081 4982 2152 5036 lto;

2254 4981 2330 5045 :is,
2359 4990 2409 5035 et
2437 4981 2636 5051 inﬁma:
2663 4997 2881 5050 prorsus
2914 4983 3113 5038 (etatis.
3141 4980 3244 5036 Est
3275 4993 3462 5038 autem
3505 4987 3673 5042 codex
3707 4983 3818 5052 inﬁ-

566 5083 690 5136 nitis
717 5097 842 5150 pene
871 5078 1071 5132 mendis
1101 5093 1391 5146 respersus,
1422 5089 1479 5130 ut
1513 5079 1600 5132 via:
1632 5078 1746 5131 erui
1773 5076 1939 5145 possit
1967 5083 2094 5142 apta
2131 5071 2409 5126 sententia.

633 5174 796 5227 Aliud
834 5171 1145 5241 opusculum
1185 5187 1219 5223 a
1247 5169 1506 5239 fratribus
1534 5170 1732 5224 nostris
1761 5167 1931 5222 Roma
1967 5165 2346 5220 transmissum
2374 5163 2662 5232 infecundi
2707 5163 2934 5218 hominis
2963 5170 3015 5216 et
3045 5163 3397 5234 nugacissimi
3445 5183 3579 5238 opus
3615 5175 3722 5229 est,
3757 5177 3816 5217 ex

563 5268 740 5324 codice
773 5267 1013 5320 Vaticau.
1031 5265 1169 5320 H98
1193 5266 1513 5334 exscriplum
1537 5281 1556 5318 :
1583 5263 1784 5319 mendis
1812 5262 2110 5321 innumeris
2142 5273 2438 5328 respersum
2461 5268 2510 5313 et
2550 5260 2704 5331 nugis
2731 5259 3118 5330 plenissimum.
3143 5259 3300 5328 cujus
3328 5263 3526 5318 titulus
3547 5274 3648 5330 est,
3672 5261 3816 5316 ’Δθαο

563 5360 746 5415 νασίου
779 5357 873 5414 τοῦ
911 5357 1146 5428 μεγάλου
1179 5357 1505 5429 ὲξηγητικὸν
1539 5357 1668 5428 περὶ
1696 5355 1790 5409 τοῦ
1837 5357 1894 5408 ὲν
1933 5353 2152 5424 Ἀθῆναι

2254 5349 2380 5416 ιαοῦ,
2414 5351 2622 5405 initium
2651 5367 2768 5406 vero
2797 5349 2932 5404 idem
2960 5348 3098 5420 quod
3129 5350 3233 5404 156
3262 5356 3579 5422 qua'stionis
3613 5353 3683 5408 ad
3709 5353 3813 5406 An-

563 5451 824 5507 tiochum:
847 5451 986 5512 Τοὺς
1013 5451 1112 5513 τὰς
1141 5449 1290 5513 θείας
1323 5449 1362 5501 Γ
1369 5449 1547 5522 ραφὰς
1581 5448 1656 5520 μὴ
1689 5445 2109 5517 ἐπισταμένους.

631 5541 906 5596 Edenduin
935 5548 1110 5592 tamen
1135 5538 1408 5607 duximus,
1434 5549 1490 5594 ut
1521 5540 1716 5602 videas,
1747 5537 1932 5591 Lector
1959 5535 2186 5598 erudite,
2211 5549 2474 5604 quousque
2504 5533 2820 5603 ineptiarum
2847 5533 3090 5605 progredi
3117 5543 3277 5602 queat
3325 5533 3540 5590 Graecia
3568 5532 3810 5591 mendax.

563 5632 750 5688 Prodit
783 5643 955 5686 autem
991 5647 1057 5685 ea:
1097 5649 1196 5687 ms.
1223 5632 1397 5687 codice
1431 5631 1614 5687 Gra'co
1658 5629 1980 5684 bibliotheca
2041 5627 2316 5683 Vaticana:
2347 5643 2489 5680 num.
2522 5625 2681 5694 “98,
2730 5627 2784 5680 in
2819 5626 2950 5696 {alio
2981 5627 3034 5680 in
3085 5625 3279 5679 charta
3323 5641 3663 5698 papyracea,
3694 5632 3815 5682 σισ-

563 5731 630 5778 tis
660 5731 866 5780 circiter
897 5727 1006 5780 ἳθῦ
1046 5743 1328 5780 annorum.
