  <div class='ocr_page' id='page_1' title='image "/cluster/home/n/w/nwhite01/storage/ocr_20150623/28/hvd.32044019207737/728.png"; bbox 0 0 3976 6388; ppageno 0'>
   <div class='ocr_carea' id='block_1_1' title="bbox 209 369 338 429">
    <p class='ocr_par' dir='ltr' id='par_1_1' title="bbox 209 369 338 429">
     <span class='ocr_line' id='line_1_1' title="bbox 209 369 338 429; baseline 0 -4"><span class='ocrx_word' id='word_1_1' title='bbox 209 369 338 429; x_wconf 72' lang='lat'><strong>“2|</strong></span> 
     </span>
    </p>
   </div>
   <div class='ocr_carea' id='block_1_2' title="bbox 1371 364 2276 425">
    <p class='ocr_par' dir='ltr' id='par_1_2' title="bbox 1371 364 2276 425">
     <span class='ocr_line' id='line_1_2' title="bbox 1371 364 2276 425; baseline -0.006 0"><span class='ocrx_word' id='word_1_2' title='bbox 1371 365 1719 425; x_wconf 75' lang='lat' dir='ltr'><strong>DOCTRINA</strong></span> <span class='ocrx_word' id='word_1_3' title='bbox 1755 366 1846 421; x_wconf 86' lang='lat' dir='ltr'><strong>AD</strong></span> <span class='ocrx_word' id='word_1_4' title='bbox 1884 364 2276 423; x_wconf 69' lang='lat' dir='ltr'><strong>IONACHOS.</strong></span> 
     </span>
    </p>
   </div>
   <div class='ocr_carea' id='block_1_3' title="bbox 3301 366 3440 423">
    <p class='ocr_par' dir='ltr' id='par_1_3' title="bbox 3301 366 3440 423">
     <span class='ocr_line' id='line_1_3' title="bbox 3301 366 3440 423; baseline 0 -1"><span class='ocrx_word' id='word_1_5' title='bbox 3301 366 3440 423; x_wconf 65' lang='lat'><strong>“‘22</strong></span> 
     </span>
    </p>
   </div>
   <div class='ocr_carea' id='block_1_4' title="bbox 830 540 2823 602">
    <p class='ocr_par' dir='ltr' id='par_1_4' title="bbox 830 540 2823 602">
     <span class='ocr_line' id='line_1_4' title="bbox 830 540 2823 602; baseline -0.003 0"><span class='ocrx_word' id='word_1_6' title='bbox 830 542 970 602; x_wconf 81' lang='grc' dir='ltr'><strong>ΤΟΥ</strong></span> <span class='ocrx_word' id='word_1_7' title='bbox 1000 544 1091 599; x_wconf 86' lang='grc' dir='ltr'><strong>ΕΝ</strong></span> <span class='ocrx_word' id='word_1_8' title='bbox 1121 541 1340 598; x_wconf 78' lang='grc' dir='ltr'><strong>ΑΓΙΟΙΣ</strong></span> <span class='ocrx_word' id='word_1_9' title='bbox 1376 544 1645 599; x_wconf 82' lang='grc' dir='ltr'><strong>ΠΑΤΡοΣ</strong></span> <span class='ocrx_word' id='word_1_10' title='bbox 1673 542 1869 597; x_wconf 84' lang='grc' dir='ltr'><strong>ΗΜΩΝ</strong></span> <span class='ocrx_word' id='word_1_11' title='bbox 1899 541 2286 596; x_wconf 78' lang='grc' dir='ltr'><strong>ΑΘΑΝΑΣΙΟΥ</strong></span> <span class='ocrx_word' id='word_1_12' title='bbox 2325 540 2462 594; x_wconf 90' lang='grc' dir='ltr'><strong>ΤΟΥ</strong></span> <span class='ocrx_word' id='word_1_13' title='bbox 2497 542 2823 598; x_wconf 79' lang='grc' dir='ltr'><strong>ΜΕΓΑΛΟΥ</strong></span> 
     </span>
    </p>
   </div>
   <div class='ocr_carea' id='block_1_5' title="bbox 972 699 2677 771">
    <p class='ocr_par' dir='ltr' id='par_1_5' title="bbox 972 699 2677 771">
     <span class='ocr_line' id='line_1_5' title="bbox 972 699 2677 771; baseline -0.001 -13"><span class='ocrx_word' id='word_1_14' title='bbox 972 702 1339 758; x_wconf 75' lang='grc' dir='ltr'>Διδασκαλία</span> <span class='ocrx_word' id='word_1_15' title='bbox 1387 701 1537 769; x_wconf 79' lang='grc' dir='ltr'>πρὸς</span> <span class='ocrx_word' id='word_1_16' title='bbox 1572 699 1881 770; x_wconf 78' lang='grc' dir='ltr'>μοναχοὺς</span> <span class='ocrx_word' id='word_1_17' title='bbox 1929 700 2241 768; x_wconf 74' lang='grc' dir='ltr'>πραοτέρα,</span> <span class='ocrx_word' id='word_1_18' title='bbox 2291 702 2677 771; x_wconf 75' lang='grc' dir='ltr'>πνευματική.</span> 
     </span>
    </p>
   </div>
   <div class='ocr_carea' id='block_1_6' title="bbox 1085 926 2574 987">
    <p class='ocr_par' dir='ltr' id='par_1_6' title="bbox 1085 926 2574 987">
     <span class='ocr_line' id='line_1_6' title="bbox 1085 926 2574 987; baseline -0.003 0"><span class='ocrx_word' id='word_1_19' title='bbox 1085 930 1334 987; x_wconf 81' lang='lat' dir='ltr'><strong>SANCTI</strong></span> <span class='ocrx_word' id='word_1_20' title='bbox 1370 929 1620 985; x_wconf 82' lang='lat' dir='ltr'><strong>PATRIS</strong></span> <span class='ocrx_word' id='word_1_21' title='bbox 1656 928 1911 986; x_wconf 76' lang='lat' dir='ltr'><strong>NOSTRI</strong></span> <span class='ocrx_word' id='word_1_22' title='bbox 1949 926 2318 983; x_wconf 74' lang='lat' dir='ltr'><strong>ATHANASII</strong></span> <span class='ocrx_word' id='word_1_23' title='bbox 2359 928 2574 985; x_wconf 78' lang='lat' dir='ltr'><strong>MAGNI</strong></span> 
     </span>
    </p>
   </div>
   <div class='ocr_carea' id='block_1_7' title="bbox 1116 1084 2522 1155">
    <p class='ocr_par' dir='ltr' id='par_1_7' title="bbox 1116 1084 2522 1155">
     <span class='ocr_line' id='line_1_7' title="bbox 1116 1084 2522 1155; baseline -0.001 -13"><span class='ocrx_word' id='word_1_24' title='bbox 1116 1086 1374 1142; x_wconf 76' lang='lat' dir='ltr'><strong>Doctrina</strong></span> <span class='ocrx_word' id='word_1_25' title='bbox 1403 1087 1472 1141; x_wconf 86' lang='lat' dir='ltr'><strong>ad</strong></span> <span class='ocrx_word' id='word_1_26' title='bbox 1501 1088 1807 1151; x_wconf 75' lang='lat' dir='ltr'><strong>monachos,</strong></span> <span class='ocrx_word' id='word_1_27' title='bbox 1841 1084 1992 1150; x_wconf 76' lang='lat' dir='ltr'><strong>lenis,</strong></span> <span class='ocrx_word' id='word_1_28' title='bbox 2019 1094 2174 1155; x_wconf 83' lang='lat' dir='ltr'><strong>atque</strong></span> <span class='ocrx_word' id='word_1_29' title='bbox 2205 1084 2522 1155; x_wconf 73' lang='lat' dir='ltr'><strong>spiritantia.</strong></span> 
     </span>
    </p>
   </div>
   <div class='ocr_carea' id='block_1_8' title="bbox 268 1308 1767 1386">
    <p class='ocr_par' dir='ltr' id='par_1_8' title="bbox 268 1308 1764 1386">
     <span class='ocr_line' id='line_1_8' title="bbox 268 1308 1764 1386; baseline 0.002 -18"><span class='ocrx_word' id='word_1_30' title='bbox 268 1312 374 1369; x_wconf 83' lang='grc' dir='ltr'>Τδν</span> <span class='ocrx_word' id='word_1_31' title='bbox 422 1308 748 1368; x_wconf 69' lang='grc' dir='ltr'><strong>πιστεύοντα</strong></span> <span class='ocrx_word' id='word_1_32' title='bbox 796 1310 876 1383; x_wconf 81' lang='grc' dir='ltr'>τῷ</span> <span class='ocrx_word' id='word_1_33' title='bbox 924 1310 1135 1385; x_wconf 78' lang='grc' dir='ltr'>Κυρίῳ,</span> <span class='ocrx_word' id='word_1_34' title='bbox 1182 1314 1276 1367; x_wconf 73' lang='grc' dir='ltr'>καὶ</span> <span class='ocrx_word' id='word_1_35' title='bbox 1312 1315 1603 1386; x_wconf 80' lang='grc' dir='ltr'><strong>προσιόντα</strong></span> <span class='ocrx_word' id='word_1_36' title='bbox 1644 1318 1764 1371; x_wconf 76' lang='grc' dir='ltr'>ἑαυ-</span> 
     </span>
    </p>
   </div>
   <div class='ocr_carea' id='block_1_9' title="bbox 1868 1308 3435 1386">
    <p class='ocr_par' dir='ltr' id='par_1_9' title="bbox 1933 1310 3435 1384">
     <span class='ocr_line' id='line_1_9' title="bbox 1933 1310 3435 1384; baseline 0.007 -20"><span class='ocrx_word' id='word_1_37' title='bbox 1933 1310 2039 1377; x_wconf 81' lang='lat' dir='ltr'><strong>Qui</strong></span> <span class='ocrx_word' id='word_1_38' title='bbox 2089 1310 2315 1366; x_wconf 87' lang='lat' dir='ltr'><strong>Domino</strong></span> <span class='ocrx_word' id='word_1_39' title='bbox 2357 1311 2562 1374; x_wconf 90' lang='lat' dir='ltr'><strong>credit,</strong></span> <span class='ocrx_word' id='word_1_40' title='bbox 2607 1318 2663 1366; x_wconf 88' lang='lat' dir='ltr'><strong>et</strong></span> <span class='ocrx_word' id='word_1_41' title='bbox 2709 1312 2764 1366; x_wconf 90' lang='lat' dir='ltr'><strong>in</strong></span> <span class='ocrx_word' id='word_1_42' title='bbox 2798 1326 2920 1369; x_wconf 86' lang='lat' dir='ltr'><strong>sese</strong></span> <span class='ocrx_word' id='word_1_43' title='bbox 2969 1317 3323 1384; x_wconf 68' lang='lat' dir='ltr'><strong>convertitur,</strong></span> <span class='ocrx_word' id='word_1_44' title='bbox 3371 1336 3435 1375; x_wconf 85' lang='lat' dir='ltr'><strong>ac</strong></span> 
     </span>
    </p>
   </div>
   <div class='ocr_carea' id='block_1_10' title="bbox 199 1401 1766 1475">
    <p class='ocr_par' dir='ltr' id='par_1_10' title="bbox 199 1401 1766 1475">
     <span class='ocr_line' id='line_1_10' title="bbox 199 1401 1766 1475; baseline 0 -16"><span class='ocrx_word' id='word_1_45' title='bbox 199 1403 311 1475; x_wconf 79' lang='grc' dir='ltr'><strong>τῷ,</strong></span> <span class='ocrx_word' id='word_1_46' title='bbox 370 1405 468 1459; x_wconf 74' lang='grc' dir='ltr'>καὶ</span> <span class='ocrx_word' id='word_1_47' title='bbox 520 1404 613 1457; x_wconf 74' lang='grc' dir='ltr'><strong>ἐπὶ</strong></span> <span class='ocrx_word' id='word_1_48' title='bbox 668 1402 871 1457; x_wconf 76' lang='grc' dir='ltr'>τέλειον</span> <span class='ocrx_word' id='word_1_49' title='bbox 941 1404 1023 1466; x_wconf 84' lang='grc' dir='ltr'><strong>εἰς</strong></span> <span class='ocrx_word' id='word_1_50' title='bbox 1078 1401 1411 1473; x_wconf 82' lang='grc' dir='ltr'><strong>μαθητείαν,</strong></span> <span class='ocrx_word' id='word_1_51' title='bbox 1478 1404 1766 1474; x_wconf 83' lang='grc' dir='ltr'><strong>μανθάνειν</strong></span> 
     </span>
    </p>
   </div>
   <div class='ocr_carea' id='block_1_11' title="bbox 198 1494 1764 1570">
    <p class='ocr_par' dir='ltr' id='par_1_11' title="bbox 198 1494 1764 1570">
     <span class='ocr_line' id='line_1_11' title="bbox 198 1494 1764 1570; baseline -0.003 -17"><span class='ocrx_word' id='word_1_52' title='bbox 198 1499 281 1554; x_wconf 87' lang='grc' dir='ltr'><strong>δεῖ</strong></span> <span class='ocrx_word' id='word_1_53' title='bbox 346 1498 616 1570; x_wconf 82' lang='grc' dir='ltr'>πρότερον</span> <span class='ocrx_word' id='word_1_54' title='bbox 680 1494 1009 1566; x_wconf 83' lang='grc' dir='ltr'>ἀφίστασθαι</span> <span class='ocrx_word' id='word_1_55' title='bbox 1065 1495 1266 1555; x_wconf 79' lang='grc' dir='ltr'>παντὸς</span> <span class='ocrx_word' id='word_1_56' title='bbox 1338 1496 1764 1568; x_wconf 74' lang='grc' dir='ltr'>ἁμαρτήματοςο</span> 
     </span>
    </p>
   </div>
   <div class='ocr_carea' id='block_1_12' title="bbox 200 1586 1768 1660">
    <p class='ocr_par' dir='ltr' id='par_1_12' title="bbox 200 1586 1768 1660">
     <span class='ocr_line' id='line_1_12' title="bbox 200 1586 1768 1660; baseline -0.002 -14"><span class='ocrx_word' id='word_1_57' title='bbox 200 1592 389 1646; x_wconf 72' lang='grc' dir='ltr'>ἔπειτα</span> <span class='ocrx_word' id='word_1_58' title='bbox 409 1590 468 1645; x_wconf 80' lang='grc' dir='ltr'>δὲ</span> <span class='ocrx_word' id='word_1_59' title='bbox 499 1589 595 1643; x_wconf 82' lang='grc' dir='ltr'>καὶ</span> <span class='ocrx_word' id='word_1_60' title='bbox 617 1588 948 1658; x_wconf 78' lang='grc' dir='ltr'>ἀφέλκοντας</span> <span class='ocrx_word' id='word_1_61' title='bbox 972 1586 1083 1660; x_wconf 70' lang='grc'><strong>(26)</strong></span> <span class='ocrx_word' id='word_1_62' title='bbox 1105 1590 1217 1651; x_wconf 87' lang='grc' dir='ltr'>τοῖς</span> <span class='ocrx_word' id='word_1_63' title='bbox 1235 1587 1603 1660; x_wconf 82' lang='grc' dir='ltr'>ὀφειλομένοις</span> <span class='ocrx_word' id='word_1_64' title='bbox 1629 1589 1768 1643; x_wconf 89' lang='grc' dir='ltr'><strong>κατὰ</strong></span> 
     </span>
    </p>
   </div>
   <div class='ocr_carea' id='block_1_13' title="bbox 200 1676 1768 1750">
    <p class='ocr_par' dir='ltr' id='par_1_13' title="bbox 200 1676 1768 1750">
     <span class='ocr_line' id='line_1_13' title="bbox 200 1676 1768 1750; baseline 0.001 -18"><span class='ocrx_word' id='word_1_65' title='bbox 200 1680 427 1744; x_wconf 80' lang='grc' dir='ltr'>πολλοὺς</span> <span class='ocrx_word' id='word_1_66' title='bbox 485 1679 678 1749; x_wconf 82' lang='grc' dir='ltr'>λόγους</span> <span class='ocrx_word' id='word_1_67' title='bbox 726 1679 981 1733; x_wconf 84' lang='grc' dir='ltr'>εὐπαθεῖν</span> <span class='ocrx_word' id='word_1_68' title='bbox 1035 1677 1115 1748; x_wconf 81' lang='grc' dir='ltr'><strong>τῷ</strong></span> <span class='ocrx_word' id='word_1_69' title='bbox 1172 1676 1362 1749; x_wconf 83' lang='grc' dir='ltr'>Κυρίῳ</span> <span class='ocrx_word' id='word_1_70' title='bbox 1428 1678 1583 1750; x_wconf 80' lang='grc' dir='ltr'>ἡμῶν</span> <span class='ocrx_word' id='word_1_71' title='bbox 1603 1719 1617 1744; x_wconf 94' lang='grc'><strong>,</strong></span> <span class='ocrx_word' id='word_1_72' title='bbox 1664 1679 1768 1734; x_wconf 75' lang='grc' dir='ltr'>κᾶν</span> 
     </span>
    </p>
   </div>
   <div class='ocr_carea' id='block_1_14' title="bbox 200 1769 1766 1844">
    <p class='ocr_par' dir='ltr' id='par_1_14' title="bbox 200 1769 1766 1844">
     <span class='ocr_line' id='line_1_14' title="bbox 200 1769 1766 1844; baseline -0.002 -17"><span class='ocrx_word' id='word_1_73' title='bbox 200 1773 618 1844; x_wconf 83' lang='grc' dir='ltr'>ἀλογοφὰνειρος</span> <span class='ocrx_word' id='word_1_74' title='bbox 663 1769 801 1825; x_wconf 85' lang='grc' dir='ltr'>εἶναι</span> <span class='ocrx_word' id='word_1_75' title='bbox 844 1770 985 1825; x_wconf 87' lang='grc' dir='ltr'>δοκῶ</span> <span class='ocrx_word' id='word_1_76' title='bbox 1032 1788 1134 1824; x_wconf 88' lang='grc' dir='ltr'>σοι.</span> <span class='ocrx_word' id='word_1_77' title='bbox 1195 1770 1482 1825; x_wconf 85' lang='grc' dir='ltr'>Ἀδύνατον</span> <span class='ocrx_word' id='word_1_78' title='bbox 1527 1770 1637 1843; x_wconf 83' lang='grc' dir='ltr'>γὰρ</span> <span class='ocrx_word' id='word_1_79' title='bbox 1674 1771 1766 1825; x_wconf 84' lang='grc' dir='ltr'>τὸν</span> 
     </span>
    </p>
   </div>
   <div class='ocr_carea' id='block_1_15' title="bbox 202 1861 1765 1935">
    <p class='ocr_par' dir='ltr' id='par_1_15' title="bbox 202 1861 1765 1935">
     <span class='ocr_line' id='line_1_15' title="bbox 202 1861 1765 1935; baseline -0.001 -18"><span class='ocrx_word' id='word_1_80' title='bbox 202 1863 477 1935; x_wconf 75' lang='grc' dir='ltr'>ἁμαρτίαν</span> <span class='ocrx_word' id='word_1_81' title='bbox 549 1862 837 1926; x_wconf 87' lang='grc' dir='ltr'>ποιοῦντα,</span> <span class='ocrx_word' id='word_1_82' title='bbox 912 1861 945 1932; x_wconf 83' lang='grc' dir='ltr'>ἢ</span> <span class='ocrx_word' id='word_1_83' title='bbox 1018 1861 1423 1931; x_wconf 80' lang='grc' dir='ltr'>ὲμπλεκὸμενυν</span> <span class='ocrx_word' id='word_1_84' title='bbox 1480 1866 1601 1927; x_wconf 87' lang='grc' dir='ltr'>ταῖς</span> <span class='ocrx_word' id='word_1_85' title='bbox 1667 1862 1765 1917; x_wconf 90' lang='grc' dir='ltr'><strong>τοῦ</strong></span> 
     </span>
    </p>
   </div>
   <div class='ocr_carea' id='block_1_16' title="bbox 202 1952 1766 2028">
    <p class='ocr_par' dir='ltr' id='par_1_16' title="bbox 202 1952 1766 2028">
     <span class='ocr_line' id='line_1_16' title="bbox 202 1952 1766 2028; baseline 0.002 -21"><span class='ocrx_word' id='word_1_86' title='bbox 202 1956 316 2026; x_wconf 88' lang='grc' dir='ltr'>βίου</span> <span class='ocrx_word' id='word_1_87' title='bbox 349 1955 752 2028; x_wconf 82' lang='grc' dir='ltr'>πραγματείαις</span> <span class='ocrx_word' id='word_1_88' title='bbox 785 1955 818 2026; x_wconf 78' lang='grc' dir='ltr'>ἦ</span> <span class='ocrx_word' id='word_1_89' title='bbox 869 1952 1331 2025; x_wconf 87' lang='grc' dir='ltr'>φροντίσι,δοῦναι</span> <span class='ocrx_word' id='word_1_90' title='bbox 1356 1954 1518 2010; x_wconf 82' lang='grc' dir='ltr'>αὐτὸν</span> <span class='ocrx_word' id='word_1_91' title='bbox 1560 1958 1624 2027; x_wconf 80' lang='grc' dir='ltr'>τῇ</span> <span class='ocrx_word' id='word_1_92' title='bbox 1657 1956 1766 2010; x_wconf 85' lang='grc' dir='ltr'><strong>τῶν</strong></span> 
     </span>
    </p>
   </div>
   <div class='ocr_carea' id='block_1_17' title="bbox 199 2038 1767 2113">
    <p class='ocr_par' dir='ltr' id='par_1_17' title="bbox 199 2038 1767 2113">
     <span class='ocr_line' id='line_1_17' title="bbox 199 2038 1767 2113; baseline 0 -20"><span class='ocrx_word' id='word_1_93' title='bbox 199 2041 332 2113; x_wconf 83' lang='grc' dir='ltr'>πρὸς</span> <span class='ocrx_word' id='word_1_94' title='bbox 383 2041 445 2093; x_wconf 82' lang='grc' dir='ltr'>τὸ</span> <span class='ocrx_word' id='word_1_95' title='bbox 486 2041 584 2111; x_wconf 79' lang='grc' dir='ltr'><strong>ζῇν</strong></span> <span class='ocrx_word' id='word_1_96' title='bbox 633 2039 945 2107; x_wconf 82' lang='grc' dir='ltr'>ἀναγκαίων</span> <span class='ocrx_word' id='word_1_97' title='bbox 997 2038 1290 2103; x_wconf 80' lang='grc' dir='ltr'>δουλεύσει,</span> <span class='ocrx_word' id='word_1_98' title='bbox 1325 2039 1424 2110; x_wconf 83' lang='grc' dir='ltr'><strong>οὐχ</strong></span> <span class='ocrx_word' id='word_1_99' title='bbox 1466 2039 1549 2092; x_wconf 80' lang='grc' dir='ltr'>ὅτι</span> <span class='ocrx_word' id='word_1_100' title='bbox 1605 2043 1767 2112; x_wconf 81' lang='grc' dir='ltr'>μαθη-</span> 
     </span>
    </p>
   </div>
   <div class='ocr_carea' id='block_1_18' title="bbox 195 2130 1765 2203">
    <p class='ocr_par' dir='ltr' id='par_1_18' title="bbox 195 2130 1765 2203">
     <span class='ocr_line' id='line_1_18' title="bbox 195 2130 1765 2203; baseline 0.001 -19"><span class='ocrx_word' id='word_1_101' title='bbox 195 2130 452 2203; x_wconf 85' lang='grc' dir='ltr'>τευθῆναι</span> <span class='ocrx_word' id='word_1_102' title='bbox 510 2130 589 2202; x_wconf 83' lang='grc' dir='ltr'>τῷ</span> <span class='ocrx_word' id='word_1_103' title='bbox 652 2130 876 2202; x_wconf 80' lang='grc' dir='ltr'><strong>Κυρίῳ⁸</strong></span> <span class='ocrx_word' id='word_1_104' title='bbox 941 2131 1004 2185; x_wconf 82' lang='grc' dir='ltr'><strong>ού</strong></span> <span class='ocrx_word' id='word_1_105' title='bbox 1086 2131 1350 2202; x_wconf 88' lang='grc' dir='ltr'>πρότερον</span> <span class='ocrx_word' id='word_1_106' title='bbox 1417 2132 1621 2186; x_wconf 80' lang='grc' dir='ltr'>εἰπόντι</span> <span class='ocrx_word' id='word_1_107' title='bbox 1684 2133 1765 2203; x_wconf 83' lang='grc' dir='ltr'>τῷ</span> 
     </span>
    </p>
   </div>
   <div class='ocr_carea' id='block_1_19' title="bbox 195 2222 1762 2295">
    <p class='ocr_par' dir='ltr' id='par_1_19' title="bbox 195 2222 1762 2295">
     <span class='ocr_line' id='line_1_19' title="bbox 195 2222 1762 2295; baseline 0.001 -18"><span class='ocrx_word' id='word_1_108' title='bbox 195 2224 486 2294; x_wconf 84' lang='grc' dir='ltr'>νεανίσκῳ,</span> <span class='ocrx_word' id='word_1_109' title='bbox 521 2241 540 2274; x_wconf 80' lang='grc' dir='ltr'><strong>ι</strong></span> <span class='ocrx_word' id='word_1_110' title='bbox 559 2222 727 2295; x_wconf 83' lang='grc' dir='ltr'>Δεῦρο</span> <span class='ocrx_word' id='word_1_111' title='bbox 753 2223 1032 2277; x_wconf 86' lang='grc' dir='ltr'>ἀκολούθει</span> <span class='ocrx_word' id='word_1_112' title='bbox 1060 2241 1170 2295; x_wconf 89' lang='grc' dir='ltr'>μοι,</span> <span class='ocrx_word' id='word_1_113' title='bbox 1193 2244 1213 2275; x_wconf 74' lang='grc' dir='ltr'><strong>ι</strong></span> <span class='ocrx_word' id='word_1_114' title='bbox 1232 2224 1335 2288; x_wconf 74' lang='grc' dir='ltr'>ἕως</span> <span class='ocrx_word' id='word_1_115' title='bbox 1350 2224 1415 2279; x_wconf 82' lang='grc' dir='ltr'>ἂν</span> <span class='ocrx_word' id='word_1_116' title='bbox 1430 2225 1762 2280; x_wconf 76' lang='grc' dir='ltr'>ἐντείλασθαι</span> 
     </span>
    </p>
   </div>
   <div class='ocr_carea' id='block_1_20' title="bbox 196 2313 1764 2387">
    <p class='ocr_par' dir='ltr' id='par_1_20' title="bbox 196 2313 1764 2387">
     <span class='ocr_line' id='line_1_20' title="bbox 196 2313 1764 2387; baseline 0.001 -19"><span class='ocrx_word' id='word_1_117' title='bbox 196 2314 441 2386; x_wconf 79' lang='grc' dir='ltr'>πωλῆσαι</span> <span class='ocrx_word' id='word_1_118' title='bbox 471 2313 541 2368; x_wconf 90' lang='grc' dir='ltr'><strong>τὰ</strong></span> <span class='ocrx_word' id='word_1_119' title='bbox 578 2315 890 2387; x_wconf 82' lang='grc' dir='ltr'>ὑπάρχοντα</span> <span class='ocrx_word' id='word_1_120' title='bbox 922 2315 1015 2368; x_wconf 78' lang='grc' dir='ltr'>καὶ</span> <span class='ocrx_word' id='word_1_121' title='bbox 1041 2314 1223 2369; x_wconf 89' lang='grc' dir='ltr'>δοῦναι</span> <span class='ocrx_word' id='word_1_122' title='bbox 1244 2315 1474 2386; x_wconf 73' lang='grc' dir='ltr'>πτωχῷο</span> <span class='ocrx_word' id='word_1_123' title='bbox 1507 2316 1642 2370; x_wconf 81' lang='grc' dir='ltr'>ἁλλὰ</span> <span class='ocrx_word' id='word_1_124' title='bbox 1672 2318 1764 2370; x_wconf 89' lang='grc' dir='ltr'>ού-</span> 
     </span>
    </p>
   </div>
   <div class='ocr_carea' id='block_1_21' title="bbox 193 2406 1761 2479">
    <p class='ocr_par' dir='ltr' id='par_1_21' title="bbox 193 2406 1761 2479">
     <span class='ocr_line' id='line_1_21' title="bbox 193 2406 1761 2479; baseline 0.001 -17"><span class='ocrx_word' id='word_1_125' title='bbox 193 2408 250 2462; x_wconf 80' lang='grc' dir='ltr'>δὲ</span> <span class='ocrx_word' id='word_1_126' title='bbox 280 2408 344 2462; x_wconf 77' lang='grc' dir='ltr'>τὸ</span> <span class='ocrx_word' id='word_1_127' title='bbox 377 2407 535 2462; x_wconf 90' lang='grc' dir='ltr'>τοῦτο</span> <span class='ocrx_word' id='word_1_128' title='bbox 580 2406 895 2479; x_wconf 83' lang='grc' dir='ltr'>προσέταξε,</span> <span class='ocrx_word' id='word_1_129' title='bbox 928 2408 1058 2479; x_wconf 75' lang='grc' dir='ltr'>πρὶν</span> <span class='ocrx_word' id='word_1_130' title='bbox 1090 2407 1420 2479; x_wconf 80' lang='grc' dir='ltr'>ὁμολογῆσαι</span> <span class='ocrx_word' id='word_1_131' title='bbox 1445 2409 1628 2474; x_wconf 77' lang='grc' dir='ltr'>αὑτὸν,</span> <span class='ocrx_word' id='word_1_132' title='bbox 1678 2410 1761 2463; x_wconf 82' lang='grc' dir='ltr'>ὅτι</span> 
     </span>
    </p>
   </div>
   <div class='ocr_carea' id='block_1_22' title="bbox 198 2498 1761 2575">
    <p class='ocr_par' dir='ltr' id='par_1_22' title="bbox 198 2498 1761 2575">
     <span class='ocr_line' id='line_1_22' title="bbox 198 2498 1761 2575; baseline 0.001 -21"><span class='ocrx_word' id='word_1_133' title='bbox 198 2521 218 2554; x_wconf 74' lang='grc' dir='ltr'><strong>ι</strong></span> <span class='ocrx_word' id='word_1_134' title='bbox 248 2502 436 2555; x_wconf 81' lang='grc' dir='ltr'>Πάντα</span> <span class='ocrx_word' id='word_1_135' title='bbox 463 2500 638 2554; x_wconf 88' lang='grc' dir='ltr'>ταῦτα</span> <span class='ocrx_word' id='word_1_136' title='bbox 663 2499 1016 2572; x_wconf 77' lang='grc' dir='ltr'>ἐφυλαξάμην</span> <span class='ocrx_word' id='word_1_137' title='bbox 1040 2502 1104 2553; x_wconf 82' lang='grc' dir='ltr'>ἐκ</span> <span class='ocrx_word' id='word_1_138' title='bbox 1124 2498 1373 2570; x_wconf 83' lang='grc' dir='ltr'>νεότητός</span> <span class='ocrx_word' id='word_1_139' title='bbox 1394 2518 1516 2572; x_wconf 88' lang='grc' dir='ltr'>μου.</span> <span class='ocrx_word' id='word_1_140' title='bbox 1531 2520 1549 2554; x_wconf 75' lang='grc' dir='ltr'><strong>ι</strong></span> <span class='ocrx_word' id='word_1_141' title='bbox 1570 2502 1628 2555; x_wconf 88' lang='lat'><strong>&#39;0</strong></span> <span class='ocrx_word' id='word_1_142' title='bbox 1652 2501 1761 2575; x_wconf 77' lang='grc' dir='ltr'>γὰρ</span> 
     </span>
    </p>
   </div>
   <div class='ocr_carea' id='block_1_23' title="bbox 197 2591 1755 2666">
    <p class='ocr_par' dir='ltr' id='par_1_23' title="bbox 197 2591 1755 2666">
     <span class='ocr_line' id='line_1_23' title="bbox 197 2591 1755 2666; baseline -0.001 -19"><span class='ocrx_word' id='word_1_143' title='bbox 197 2597 406 2666; x_wconf 85' lang='grc' dir='ltr'>μήποτε</span> <span class='ocrx_word' id='word_1_144' title='bbox 441 2592 624 2647; x_wconf 86' lang='grc' dir='ltr'>λαϐὼν</span> <span class='ocrx_word' id='word_1_145' title='bbox 665 2593 764 2666; x_wconf 84' lang='grc' dir='ltr'>τὴν</span> <span class='ocrx_word' id='word_1_146' title='bbox 795 2593 988 2661; x_wconf 84' lang='grc' dir='ltr'>ἁφεσιν</span> <span class='ocrx_word' id='word_1_147' title='bbox 1014 2592 1124 2646; x_wconf 87' lang='grc' dir='ltr'><strong>τῶν</strong></span> <span class='ocrx_word' id='word_1_148' title='bbox 1152 2591 1433 2664; x_wconf 82' lang='grc' dir='ltr'>ἁμαρτιῶν</span> <span class='ocrx_word' id='word_1_149' title='bbox 1462 2596 1555 2646; x_wconf 80' lang='grc' dir='ltr'>καὶ</span> <span class='ocrx_word' id='word_1_150' title='bbox 1584 2610 1755 2647; x_wconf 91' lang='grc' dir='ltr'>κατα-</span> 
     </span>
    </p>
   </div>
   <div class='ocr_carea' id='block_1_24' title="bbox 1869 1402 3437 1481">
    <p class='ocr_par' dir='ltr' id='par_1_24' title="bbox 1869 1402 3437 1481">
     <span class='ocr_line' id='line_1_24' title="bbox 1869 1402 3437 1481; baseline 0.005 -23"><span class='ocrx_word' id='word_1_151' title='bbox 1869 1402 2107 1474; x_wconf 78' lang='lat' dir='ltr'><strong>perfecte</strong></span> <span class='ocrx_word' id='word_1_152' title='bbox 2147 1402 2214 1456; x_wconf 88' lang='lat' dir='ltr'><strong>ad</strong></span> <span class='ocrx_word' id='word_1_153' title='bbox 2250 1403 2594 1473; x_wconf 85' lang='lat' dir='ltr'><strong>disciplinam</strong></span> <span class='ocrx_word' id='word_1_154' title='bbox 2654 1417 2775 1459; x_wconf 84' lang='lat' dir='ltr'><strong>sese</strong></span> <span class='ocrx_word' id='word_1_155' title='bbox 2822 1405 3019 1471; x_wconf 87' lang='lat' dir='ltr'><strong>tradit,</strong></span> <span class='ocrx_word' id='word_1_156' title='bbox 3059 1406 3235 1464; x_wconf 88' lang='lat' dir='ltr'><strong>discat</strong></span> <span class='ocrx_word' id='word_1_157' title='bbox 3274 1426 3437 1481; x_wconf 87' lang='lat' dir='ltr'><strong>opor-</strong></span> 
     </span>
    </p>
   </div>
   <div class='ocr_carea' id='block_1_25' title="bbox 1870 1495 3433 1565">
    <p class='ocr_par' dir='ltr' id='par_1_25' title="bbox 1870 1495 3433 1565">
     <span class='ocr_line' id='line_1_25' title="bbox 1870 1495 3433 1565; baseline 0.006 -16"><span class='ocrx_word' id='word_1_158' title='bbox 1870 1502 1975 1559; x_wconf 87' lang='lat' dir='ltr'><strong>tet,</strong></span> <span class='ocrx_word' id='word_1_159' title='bbox 2005 1510 2128 1550; x_wconf 84' lang='lat' dir='ltr'><strong>esse</strong></span> <span class='ocrx_word' id='word_1_160' title='bbox 2171 1495 2405 1565; x_wconf 91' lang='lat' dir='ltr'><strong>primum</strong></span> <span class='ocrx_word' id='word_1_161' title='bbox 2439 1495 2510 1549; x_wconf 87' lang='lat' dir='ltr'><strong>ab</strong></span> <span class='ocrx_word' id='word_1_162' title='bbox 2553 1496 2699 1550; x_wconf 91' lang='lat' dir='ltr'><strong>omni</strong></span> <span class='ocrx_word' id='word_1_163' title='bbox 2735 1504 2963 1565; x_wconf 88' lang='lat' dir='ltr'><strong>peccato</strong></span> <span class='ocrx_word' id='word_1_164' title='bbox 3007 1499 3433 1558; x_wconf 88' lang='lat' dir='ltr'><strong>abscedendum.</strong></span> 
     </span>
    </p>
   </div>
   <div class='ocr_carea' id='block_1_26' title="bbox 1871 1585 3437 1665">
    <p class='ocr_par' dir='ltr' id='par_1_26' title="bbox 1871 1585 3437 1665">
     <span class='ocr_line' id='line_1_26' title="bbox 1871 1585 3437 1665; baseline 0.006 -25"><span class='ocrx_word' id='word_1_165' title='bbox 1871 1585 2074 1641; x_wconf 89' lang='lat' dir='ltr'><strong>Deinde</strong></span> <span class='ocrx_word' id='word_1_166' title='bbox 2142 1601 2263 1642; x_wconf 84' lang='lat' dir='ltr'><strong>sese</strong></span> <span class='ocrx_word' id='word_1_167' title='bbox 2307 1587 2587 1657; x_wconf 87' lang='lat' dir='ltr'><strong>pertrahat</strong></span> <span class='ocrx_word' id='word_1_168' title='bbox 2643 1587 2711 1643; x_wconf 85' lang='lat' dir='ltr'><strong>ad</strong></span> <span class='ocrx_word' id='word_1_169' title='bbox 2773 1588 2953 1644; x_wconf 81' lang='lat' dir='ltr'><strong>debita</strong></span> <span class='ocrx_word' id='word_1_170' title='bbox 3013 1589 3218 1652; x_wconf 82' lang='lat' dir='ltr'><strong>otlicia.</strong></span> <span class='ocrx_word' id='word_1_171' title='bbox 3270 1596 3437 1665; x_wconf 83' lang='lat' dir='ltr'><strong>probe</strong></span> 
     </span>
    </p>
   </div>
   <div class='ocr_carea' id='block_1_27' title="bbox 1869 1676 3440 1748">
    <p class='ocr_par' dir='ltr' id='par_1_27' title="bbox 1869 1676 3440 1748">
     <span class='ocr_line' id='line_1_27' title="bbox 1869 1676 3440 1748; baseline 0.006 -17"><span class='ocrx_word' id='word_1_172' title='bbox 1869 1676 2094 1733; x_wconf 73' lang='lat' dir='ltr'><strong>aﬂectus</strong></span> <span class='ocrx_word' id='word_1_173' title='bbox 2138 1692 2266 1748; x_wconf 79' lang='lat' dir='ltr'><strong>erga</strong></span> <span class='ocrx_word' id='word_1_174' title='bbox 2315 1678 2605 1732; x_wconf 85' lang='lat' dir='ltr'><strong>Dominum</strong></span> <span class='ocrx_word' id='word_1_175' title='bbox 2650 1687 2917 1735; x_wconf 87' lang='lat' dir='ltr'><strong>nostrum.</strong></span> <span class='ocrx_word' id='word_1_176' title='bbox 2956 1679 3182 1740; x_wconf 85' lang='lat' dir='ltr'><strong>Etiamsi</strong></span> <span class='ocrx_word' id='word_1_177' title='bbox 3212 1685 3326 1741; x_wconf 68' lang='lat' dir='ltr'><strong>haec</strong></span> <span class='ocrx_word' id='word_1_178' title='bbox 3357 1691 3440 1740; x_wconf 87' lang='lat' dir='ltr'><strong>lo-</strong></span> 
     </span>
    </p>
   </div>
   <div class='ocr_carea' id='block_1_28' title="bbox 1867 1765 3436 1850">
    <p class='ocr_par' dir='ltr' id='par_1_28' title="bbox 1867 1765 3436 1850">
     <span class='ocr_line' id='line_1_28' title="bbox 1867 1765 3436 1850; baseline 0.006 -31"><span class='ocrx_word' id='word_1_179' title='bbox 1867 1765 2106 1835; x_wconf 90' lang='lat' dir='ltr'><strong>quendo,</strong></span> <span class='ocrx_word' id='word_1_180' title='bbox 2154 1766 2427 1850; x_wconf 72' lang='lat' dir='ltr'><strong>absurdus</strong></span> <span class='ocrx_word' id='word_1_181' title='bbox 2472 1766 2572 1821; x_wconf 87' lang='lat' dir='ltr'><strong>tibi</strong></span> <span class='ocrx_word' id='word_1_182' title='bbox 2622 1767 2857 1823; x_wconf 85' lang='lat' dir='ltr'><strong>fortasse</strong></span> <span class='ocrx_word' id='word_1_183' title='bbox 2889 1769 3076 1824; x_wconf 86' lang='lat' dir='ltr'><strong>videar</strong></span> <span class='ocrx_word' id='word_1_184' title='bbox 3116 1787 3258 1830; x_wconf 85' lang='lat' dir='ltr'><strong>esse.</strong></span> <span class='ocrx_word' id='word_1_185' title='bbox 3300 1773 3436 1828; x_wconf 88' lang='lat' dir='ltr'><strong>Nam</strong></span> 
     </span>
    </p>
   </div>
   <div class='ocr_carea' id='block_1_29' title="bbox 1866 1856 3436 1935">
    <p class='ocr_par' dir='ltr' id='par_1_29' title="bbox 1866 1856 3436 1935">
     <span class='ocr_line' id='line_1_29' title="bbox 1866 1856 3436 1935; baseline 0.006 -24"><span class='ocrx_word' id='word_1_186' title='bbox 1866 1856 1983 1911; x_wconf 84' lang='lat' dir='ltr'><strong>ﬁeri</strong></span> <span class='ocrx_word' id='word_1_187' title='bbox 2026 1858 2215 1928; x_wconf 85' lang='lat' dir='ltr'><strong>nequit</strong></span> <span class='ocrx_word' id='word_1_188' title='bbox 2247 1873 2369 1912; x_wconf 91' lang='lat' dir='ltr'><strong>eum</strong></span> <span class='ocrx_word' id='word_1_189' title='bbox 2404 1858 2497 1927; x_wconf 87' lang='lat' dir='ltr'><strong>qui</strong></span> <span class='ocrx_word' id='word_1_190' title='bbox 2551 1867 2833 1928; x_wconf 89' lang='lat' dir='ltr'><strong>peccatum</strong></span> <span class='ocrx_word' id='word_1_191' title='bbox 2866 1861 3127 1924; x_wconf 85' lang='lat' dir='ltr'><strong>admittit.</strong></span> <span class='ocrx_word' id='word_1_192' title='bbox 3184 1864 3436 1935; x_wconf 81' lang='lat' dir='ltr'><strong>implica-</strong></span> 
     </span>
    </p>
   </div>
   <div class='ocr_carea' id='block_1_30' title="bbox 1868 1951 3433 2023">
    <p class='ocr_par' dir='ltr' id='par_1_30' title="bbox 1868 1951 3433 2023">
     <span class='ocr_line' id='line_1_30' title="bbox 1868 1951 3433 2023; baseline 0.006 -18"><span class='ocrx_word' id='word_1_193' title='bbox 1868 1958 2061 2022; x_wconf 88' lang='lat' dir='ltr'><strong>turque</strong></span> <span class='ocrx_word' id='word_1_194' title='bbox 2104 1951 2331 2020; x_wconf 85' lang='lat' dir='ltr'><strong>hujusce</strong></span> <span class='ocrx_word' id='word_1_195' title='bbox 2376 1952 2499 2006; x_wconf 77' lang='lat' dir='ltr'><strong>vitae</strong></span> <span class='ocrx_word' id='word_1_196' title='bbox 2542 1952 2797 2023; x_wconf 77' lang='lat' dir='ltr'><strong>negotiis,</strong></span> <span class='ocrx_word' id='word_1_197' title='bbox 2839 1968 2904 2009; x_wconf 90' lang='lat' dir='ltr'><strong>ac</strong></span> <span class='ocrx_word' id='word_1_198' title='bbox 2953 1956 3433 2023; x_wconf 84' lang='lat' dir='ltr'><strong>sollicitudinibus,</strong></span> 
     </span>
    </p>
   </div>
   <div class='ocr_carea' id='block_1_31' title="bbox 1865 2042 3437 2112">
    <p class='ocr_par' dir='ltr' id='par_1_31' title="bbox 1865 2042 3437 2112">
     <span class='ocr_line' id='line_1_31' title="bbox 1865 2042 3437 2112; baseline 0.003 -13"><span class='ocrx_word' id='word_1_199' title='bbox 1865 2042 2109 2099; x_wconf 83' lang='lat' dir='ltr'><strong>servituti</strong></span> <span class='ocrx_word' id='word_1_200' title='bbox 2139 2054 2326 2096; x_wconf 88' lang='lat' dir='ltr'><strong>earum</strong></span> <span class='ocrx_word' id='word_1_201' title='bbox 2360 2056 2542 2097; x_wconf 90' lang='lat' dir='ltr'><strong>rerum</strong></span> <span class='ocrx_word' id='word_1_202' title='bbox 2586 2057 2708 2112; x_wconf 74' lang='lat' dir='ltr'><strong>quae</strong></span> <span class='ocrx_word' id='word_1_203' title='bbox 2739 2042 2807 2097; x_wconf 90' lang='lat' dir='ltr'><strong>ad</strong></span> <span class='ocrx_word' id='word_1_204' title='bbox 2843 2045 3011 2099; x_wconf 88' lang='lat' dir='ltr'><strong>vitam</strong></span> <span class='ocrx_word' id='word_1_205' title='bbox 3066 2055 3195 2101; x_wconf 81' lang='lat' dir='ltr'><strong>sunt</strong></span> <span class='ocrx_word' id='word_1_206' title='bbox 3244 2065 3437 2105; x_wconf 85' lang='lat' dir='ltr'><strong>neces-</strong></span> 
     </span>
    </p>
   </div>
   <div class='ocr_carea' id='block_1_32' title="bbox 1863 2133 3435 2206">
    <p class='ocr_par' dir='ltr' id='par_1_32' title="bbox 1863 2133 3435 2206">
     <span class='ocr_line' id='line_1_32' title="bbox 1863 2133 3435 2206; baseline 0.004 -19"><span class='ocrx_word' id='word_1_207' title='bbox 1863 2133 2024 2189; x_wconf 62' lang='lat' dir='ltr'><strong>saria:</strong></span> <span class='ocrx_word' id='word_1_208' title='bbox 2052 2149 2176 2190; x_wconf 88' lang='lat' dir='ltr'><strong>sese</strong></span> <span class='ocrx_word' id='word_1_209' title='bbox 2207 2133 2445 2199; x_wconf 84' lang='lat' dir='ltr'><strong>tradere,</strong></span> <span class='ocrx_word' id='word_1_210' title='bbox 2476 2140 2571 2188; x_wconf 89' lang='lat' dir='ltr'><strong>aut</strong></span> <span class='ocrx_word' id='word_1_211' title='bbox 2596 2134 2943 2205; x_wconf 86' lang='lat' dir='ltr'><strong>disciplinam</strong></span> <span class='ocrx_word' id='word_1_212' title='bbox 2984 2138 3171 2194; x_wconf 81' lang='lat' dir='ltr'><strong>subire</strong></span> <span class='ocrx_word' id='word_1_213' title='bbox 3199 2139 3435 2206; x_wconf 86' lang='lat' dir='ltr'><strong>Christi;</strong></span> 
     </span>
    </p>
   </div>
   <div class='ocr_carea' id='block_1_33' title="bbox 1861 2216 3537 2299">
    <p class='ocr_par' dir='ltr' id='par_1_33' title="bbox 1861 2216 3537 2299">
     <span class='ocr_line' id='line_1_33' title="bbox 1861 2216 3537 2299; baseline 0.005 -21"><span class='ocrx_word' id='word_1_214' title='bbox 1861 2223 1957 2296; x_wconf 88' lang='lat' dir='ltr'><strong>qui</strong></span> <span class='ocrx_word' id='word_1_215' title='bbox 1989 2239 2097 2279; x_wconf 89' lang='lat' dir='ltr'><strong>non</strong></span> <span class='ocrx_word' id='word_1_216' title='bbox 2136 2232 2263 2279; x_wconf 87' lang='lat' dir='ltr'><strong>ante</strong></span> <span class='ocrx_word' id='word_1_217' title='bbox 2308 2223 2641 2280; x_wconf 83' lang='lat' dir='ltr'><strong>adolescenti</strong></span> <span class='ocrx_word' id='word_1_218' title='bbox 2686 2225 2765 2280; x_wconf 87' lang='lat' dir='ltr'><strong>illi</strong></span> <span class='ocrx_word' id='word_1_219' title='bbox 2811 2226 2990 2282; x_wconf 80' lang='lat' dir='ltr'><strong>dixit:</strong></span> <span class='ocrx_word' id='word_1_220' title='bbox 3033 2227 3193 2299; x_wconf 72' lang='lat'><strong>525</strong></span> <span class='ocrx_word' id='word_1_221' title='bbox 3228 2248 3247 2282; x_wconf 83' lang='grc' dir='ltr'><strong>ι</strong></span> <span class='ocrx_word' id='word_1_222' title='bbox 3278 2229 3434 2297; x_wconf 84' lang='lat' dir='ltr'><strong>Veni,</strong></span> <span class='ocrx_word' id='word_1_223' title='bbox 3528 2216 3537 2227; x_wconf 68' lang='grc'><em>’</em></span> 
     </span>
    </p>
   </div>
   <div class='ocr_carea' id='block_1_34' title="bbox 1861 2320 3436 2391">
    <p class='ocr_par' dir='ltr' id='par_1_34' title="bbox 1861 2320 3436 2391">
     <span class='ocr_line' id='line_1_34' title="bbox 1861 2320 3436 2391; baseline 0.004 -16"><span class='ocrx_word' id='word_1_224' title='bbox 1861 2333 2090 2388; x_wconf 86' lang='lat' dir='ltr'><strong>sequere</strong></span> <span class='ocrx_word' id='word_1_225' title='bbox 2109 2335 2193 2374; x_wconf 86' lang='lat' dir='ltr'><strong>me</strong></span> <span class='ocrx_word' id='word_1_226' title='bbox 2211 2320 2278 2383; x_wconf 71' lang='lat'><strong>&quot;,</strong></span> <span class='ocrx_word' id='word_1_227' title='bbox 2304 2336 2323 2370; x_wconf 73' lang='grc' dir='ltr'><strong>ι</strong></span> <span class='ocrx_word' id='word_1_228' title='bbox 2354 2333 2514 2389; x_wconf 88' lang='lat' dir='ltr'><strong>quam</strong></span> <span class='ocrx_word' id='word_1_229' title='bbox 2548 2321 2892 2391; x_wconf 67' lang='lat' dir='ltr'><strong>praecepisset</strong></span> <span class='ocrx_word' id='word_1_230' title='bbox 2921 2323 3022 2384; x_wconf 88' lang='lat' dir='ltr'><strong>illi.</strong></span> <span class='ocrx_word' id='word_1_231' title='bbox 3056 2332 3115 2377; x_wconf 91' lang='lat' dir='ltr'><strong>ut</strong></span> <span class='ocrx_word' id='word_1_232' title='bbox 3147 2339 3276 2380; x_wconf 88' lang='lat' dir='ltr'><strong>suas</strong></span> <span class='ocrx_word' id='word_1_233' title='bbox 3306 2341 3436 2382; x_wconf 85' lang='lat' dir='ltr'><strong>ven-</strong></span> 
     </span>
    </p>
   </div>
   <div class='ocr_carea' id='block_1_35' title="bbox 1860 2410 3436 2483">
    <p class='ocr_par' dir='ltr' id='par_1_35' title="bbox 1860 2410 3436 2483">
     <span class='ocr_line' id='line_1_35' title="bbox 1860 2410 3436 2483; baseline 0.005 -17"><span class='ocrx_word' id='word_1_234' title='bbox 1860 2411 2013 2466; x_wconf 90' lang='lat' dir='ltr'><strong>deret</strong></span> <span class='ocrx_word' id='word_1_235' title='bbox 2035 2412 2436 2481; x_wconf 84' lang='lat' dir='ltr'><strong>possessiones,</strong></span> <span class='ocrx_word' id='word_1_236' title='bbox 2477 2410 2739 2482; x_wconf 87' lang='lat' dir='ltr'><strong>daretque</strong></span> <span class='ocrx_word' id='word_1_237' title='bbox 2789 2415 3118 2483; x_wconf 85' lang='lat' dir='ltr'><strong>pauperibus</strong></span> <span class='ocrx_word' id='word_1_238' title='bbox 3152 2434 3166 2469; x_wconf 91' lang='lat'><strong>:</strong></span> <span class='ocrx_word' id='word_1_239' title='bbox 3206 2417 3305 2472; x_wconf 87' lang='lat' dir='ltr'><strong>sed</strong></span> <span class='ocrx_word' id='word_1_240' title='bbox 3340 2433 3436 2474; x_wconf 88' lang='lat' dir='ltr'><strong>ne-</strong></span> 
     </span>
    </p>
   </div>
   <div class='ocr_carea' id='block_1_36' title="bbox 1860 2502 3437 2572">
    <p class='ocr_par' dir='ltr' id='par_1_36' title="bbox 1860 2502 3437 2572">
     <span class='ocr_line' id='line_1_36' title="bbox 1860 2502 3437 2572; baseline 0.004 -17"><span class='ocrx_word' id='word_1_241' title='bbox 1860 2516 1967 2572; x_wconf 90' lang='lat' dir='ltr'><strong>que</strong></span> <span class='ocrx_word' id='word_1_242' title='bbox 2016 2502 2169 2571; x_wconf 88' lang='lat' dir='ltr'><strong>prius</strong></span> <span class='ocrx_word' id='word_1_243' title='bbox 2211 2502 2316 2558; x_wconf 83' lang='lat' dir='ltr'><strong>ista</strong></span> <span class='ocrx_word' id='word_1_244' title='bbox 2363 2502 2566 2572; x_wconf 86' lang='lat' dir='ltr'><strong>jussit,</strong></span> <span class='ocrx_word' id='word_1_245' title='bbox 2599 2518 2761 2571; x_wconf 84' lang='lat' dir='ltr'><strong>quam</strong></span> <span class='ocrx_word' id='word_1_246' title='bbox 2811 2505 2903 2559; x_wconf 92' lang='lat' dir='ltr'><strong>ille</strong></span> <span class='ocrx_word' id='word_1_247' title='bbox 2956 2506 3243 2563; x_wconf 86' lang='lat' dir='ltr'><strong>confessus</strong></span> <span class='ocrx_word' id='word_1_248' title='bbox 3290 2517 3437 2565; x_wconf 84' lang='lat' dir='ltr'><strong>esset</strong></span> 
     </span>
    </p>
   </div>
   <div class='ocr_carea' id='block_1_37' title="bbox 1862 2594 3456 2668">
    <p class='ocr_par' dir='ltr' id='par_1_37' title="bbox 1862 2594 3456 2668">
     <span class='ocr_line' id='line_1_37' title="bbox 1862 2594 3456 2668; baseline 0.003 -19"><span class='ocrx_word' id='word_1_249' title='bbox 1862 2594 2123 2650; x_wconf 89' lang='lat' dir='ltr'><strong>dicendo:</strong></span> <span class='ocrx_word' id='word_1_250' title='bbox 2149 2614 2169 2646; x_wconf 78' lang='grc' dir='ltr'><strong>ι</strong></span> <span class='ocrx_word' id='word_1_251' title='bbox 2194 2594 2318 2650; x_wconf 83' lang='lat' dir='ltr'><strong>Haec</strong></span> <span class='ocrx_word' id='word_1_252' title='bbox 2342 2596 2525 2650; x_wconf 88' lang='lat' dir='ltr'><strong>omnia</strong></span> <span class='ocrx_word' id='word_1_253' title='bbox 2550 2596 2817 2653; x_wconf 89' lang='lat' dir='ltr'><strong>custodivi</strong></span> <span class='ocrx_word' id='word_1_254' title='bbox 2845 2613 2874 2651; x_wconf 88' lang='lat' dir='ltr'><strong>a</strong></span> <span class='ocrx_word' id='word_1_255' title='bbox 2894 2599 3179 2668; x_wconf 84' lang='lat' dir='ltr'><strong>juventute</strong></span> <span class='ocrx_word' id='word_1_256' title='bbox 3200 2602 3456 2656; x_wconf 59' lang='lat' dir='ltr'><strong>mea&quot;..-</strong></span> 
     </span>
    </p>
   </div>
   <div class='ocr_carea' id='block_1_38' title="bbox 191 2682 1767 2759">
    <p class='ocr_par' dir='ltr' id='par_1_38' title="bbox 191 2682 1765 2756">
     <span class='ocr_line' id='line_1_38' title="bbox 191 2682 1765 2756; baseline -0.001 -15"><span class='ocrx_word' id='word_1_257' title='bbox 191 2687 374 2752; x_wconf 74' lang='grc' dir='ltr'>λυθεὶς</span> <span class='ocrx_word' id='word_1_258' title='bbox 405 2687 513 2741; x_wconf 83' lang='grc' dir='ltr'>ἀπὸ</span> <span class='ocrx_word' id='word_1_259' title='bbox 560 2685 764 2740; x_wconf 87' lang='grc' dir='ltr'>τούτων</span> <span class='ocrx_word' id='word_1_260' title='bbox 792 2688 849 2739; x_wconf 83' lang='grc' dir='ltr'>ὲν</span> <span class='ocrx_word' id='word_1_261' title='bbox 879 2683 957 2756; x_wconf 81' lang='grc' dir='ltr'><strong>τῷ</strong></span> <span class='ocrx_word' id='word_1_262' title='bbox 1007 2685 1197 2755; x_wconf 79' lang='grc' dir='ltr'>αἵματι</span> <span class='ocrx_word' id='word_1_263' title='bbox 1235 2682 1330 2737; x_wconf 89' lang='grc' dir='ltr'><strong>τοῦ</strong></span> <span class='ocrx_word' id='word_1_264' title='bbox 1360 2683 1563 2755; x_wconf 83' lang='grc' dir='ltr'>Κυρίου</span> <span class='ocrx_word' id='word_1_265' title='bbox 1607 2684 1765 2756; x_wconf 82' lang='grc' dir='ltr'>ἡμῶν</span> 
     </span>
    </p>
   </div>
   <div class='ocr_carea' id='block_1_39' title="bbox 1868 2682 3438 2759">
    <p class='ocr_par' dir='ltr' id='par_1_39' title="bbox 1868 2686 3438 2759">
     <span class='ocr_line' id='line_1_39' title="bbox 1868 2686 3438 2759; baseline 0.004 -18"><span class='ocrx_word' id='word_1_266' title='bbox 1868 2686 2077 2742; x_wconf 86' lang='lat' dir='ltr'><strong>Etenim</strong></span> <span class='ocrx_word' id='word_1_267' title='bbox 2113 2689 2205 2759; x_wconf 92' lang='lat' dir='ltr'><strong>qui</strong></span> <span class='ocrx_word' id='word_1_268' title='bbox 2234 2690 2608 2744; x_wconf 86' lang='lat' dir='ltr'><strong>remissionem</strong></span> <span class='ocrx_word' id='word_1_269' title='bbox 2638 2698 2981 2758; x_wconf 84' lang='lat' dir='ltr'><strong>peccatorum</strong></span> <span class='ocrx_word' id='word_1_270' title='bbox 3007 2692 3247 2747; x_wconf 90' lang='lat' dir='ltr'><strong>nondum</strong></span> <span class='ocrx_word' id='word_1_271' title='bbox 3281 2708 3438 2749; x_wconf 86' lang='lat' dir='ltr'><strong>acce—</strong></span> 
     </span>
    </p>
   </div>
   <div class='ocr_carea' id='block_1_40' title="bbox 206 2776 1764 2852">
    <p class='ocr_par' dir='ltr' id='par_1_40' title="bbox 206 2776 1764 2852">
     <span class='ocr_line' id='line_1_40' title="bbox 206 2776 1764 2852; baseline -0.002 -18"><span class='ocrx_word' id='word_1_272' title='bbox 206 2780 381 2852; x_wconf 84' lang='grc' dir='ltr'>Ἰησοῦ</span> <span class='ocrx_word' id='word_1_273' title='bbox 423 2777 682 2851; x_wconf 78' lang='grc' dir='ltr'>Χριστοῦ,</span> <span class='ocrx_word' id='word_1_274' title='bbox 711 2776 976 2833; x_wconf 82' lang='grc' dir='ltr'>δουλεύων</span> <span class='ocrx_word' id='word_1_275' title='bbox 1028 2777 1084 2830; x_wconf 75' lang='grc' dir='ltr'>δὲ</span> <span class='ocrx_word' id='word_1_276' title='bbox 1115 2776 1193 2847; x_wconf 81' lang='grc' dir='ltr'>τῷ</span> <span class='ocrx_word' id='word_1_277' title='bbox 1220 2776 1446 2847; x_wconf 88' lang='grc' dir='ltr'>διαϐόλῳ</span> <span class='ocrx_word' id='word_1_278' title='bbox 1479 2778 1573 2831; x_wconf 71' lang='grc' dir='ltr'>καὶ</span> <span class='ocrx_word' id='word_1_279' title='bbox 1626 2793 1764 2848; x_wconf 86' lang='grc' dir='ltr'>κρα-</span> 
     </span>
    </p>
   </div>
   <div class='ocr_carea' id='block_1_41' title="bbox 192 2868 1761 2943">
    <p class='ocr_par' dir='ltr' id='par_1_41' title="bbox 192 2868 1761 2943">
     <span class='ocr_line' id='line_1_41' title="bbox 192 2868 1761 2943; baseline -0.002 -18"><span class='ocrx_word' id='word_1_280' title='bbox 192 2872 455 2943; x_wconf 84' lang='grc' dir='ltr'>τούμενος</span> <span class='ocrx_word' id='word_1_281' title='bbox 478 2872 585 2925; x_wconf 84' lang='lat'><em>61:6</em></span> <span class='ocrx_word' id='word_1_282' title='bbox 610 2872 708 2942; x_wconf 83' lang='grc' dir='ltr'>τῆς</span> <span class='ocrx_word' id='word_1_283' title='bbox 744 2872 801 2924; x_wconf 79' lang='grc' dir='ltr'>ὲν</span> <span class='ocrx_word' id='word_1_284' title='bbox 835 2870 982 2942; x_wconf 84' lang='grc' dir='ltr'>αύτῷ</span> <span class='ocrx_word' id='word_1_285' title='bbox 1019 2870 1314 2941; x_wconf 87' lang='grc' dir='ltr'>ἁμαρτίας,</span> <span class='ocrx_word' id='word_1_286' title='bbox 1345 2868 1620 2932; x_wconf 82' lang='grc' dir='ltr'>ἀδυνάτως</span> <span class='ocrx_word' id='word_1_287' title='bbox 1649 2868 1761 2941; x_wconf 71' lang='grc' dir='ltr'>ἔχει</span> 
     </span>
    </p>
   </div>
   <div class='ocr_carea' id='block_1_42' title="bbox 192 2961 1763 3036">
    <p class='ocr_par' dir='ltr' id='par_1_42' title="bbox 192 2961 1763 3036">
     <span class='ocr_line' id='line_1_42' title="bbox 192 2961 1763 3036; baseline -0.002 -18"><span class='ocrx_word' id='word_1_288' title='bbox 192 2964 474 3018; x_wconf 88' lang='grc' dir='ltr'>δουλεῦσαι</span> <span class='ocrx_word' id='word_1_289' title='bbox 506 2963 584 3035; x_wconf 83' lang='grc' dir='ltr'><strong>τῷ</strong></span> <span class='ocrx_word' id='word_1_290' title='bbox 612 2964 802 3036; x_wconf 82' lang='grc' dir='ltr'>Κυρίῳ</span> <span class='ocrx_word' id='word_1_291' title='bbox 825 2962 903 3034; x_wconf 83' lang='grc' dir='ltr'>τῷ</span> <span class='ocrx_word' id='word_1_292' title='bbox 930 2962 1280 3034; x_wconf 85' lang='grc' dir='ltr'>ἀπαράϐατον</span> <span class='ocrx_word' id='word_1_293' title='bbox 1306 2961 1578 3032; x_wconf 85' lang='grc' dir='ltr'>ἀπόφασιν</span> <span class='ocrx_word' id='word_1_294' title='bbox 1599 2961 1763 3015; x_wconf 88' lang='grc' dir='ltr'>δεδω-</span> 
     </span>
    </p>
   </div>
   <div class='ocr_carea' id='block_1_43' title="bbox 192 3053 1765 3125">
    <p class='ocr_par' dir='ltr' id='par_1_43' title="bbox 192 3053 1765 3125">
     <span class='ocr_line' id='line_1_43' title="bbox 192 3053 1765 3125; baseline -0.001 -16"><span class='ocrx_word' id='word_1_295' title='bbox 192 3057 310 3110; x_wconf 86' lang='grc' dir='ltr'>κότι</span> <span class='ocrx_word' id='word_1_296' title='bbox 332 3056 394 3110; x_wconf 84' lang='grc' dir='ltr'>τὸ</span> <span class='ocrx_word' id='word_1_297' title='bbox 423 3057 597 3109; x_wconf 87' lang='grc' dir='ltr'>εἰπεῖν</span> <span class='ocrx_word' id='word_1_298' title='bbox 615 3073 628 3087; x_wconf 86' lang='grc'><strong>·</strong></span> <span class='ocrx_word' id='word_1_299' title='bbox 674 3074 694 3107; x_wconf 80' lang='grc' dir='ltr'><strong>ι</strong></span> <span class='ocrx_word' id='word_1_300' title='bbox 735 3057 851 3120; x_wconf 80' lang='grc' dir='ltr'>Πᾶς</span> <span class='ocrx_word' id='word_1_301' title='bbox 874 3058 904 3109; x_wconf 90' lang='lat'><strong>6</strong></span> <span class='ocrx_word' id='word_1_302' title='bbox 930 3053 1098 3109; x_wconf 84' lang='grc' dir='ltr'>ποιῶν</span> <span class='ocrx_word' id='word_1_303' title='bbox 1128 3055 1228 3125; x_wconf 81' lang='grc' dir='ltr'>τὴν</span> <span class='ocrx_word' id='word_1_304' title='bbox 1250 3055 1546 3125; x_wconf 74' lang='grc' dir='ltr'>ἁμαρτίαν,</span> <span class='ocrx_word' id='word_1_305' title='bbox 1581 3053 1765 3119; x_wconf 83' lang='grc' dir='ltr'>δοῦλός</span> 
     </span>
    </p>
   </div>
   <div class='ocr_carea' id='block_1_44' title="bbox 191 3146 1764 3221">
    <p class='ocr_par' dir='ltr' id='par_1_44' title="bbox 191 3146 1764 3221">
     <span class='ocr_line' id='line_1_44' title="bbox 191 3146 1764 3221; baseline -0.003 -18"><span class='ocrx_word' id='word_1_306' title='bbox 191 3150 308 3203; x_wconf 71' lang='grc' dir='ltr'>ἐστι</span> <span class='ocrx_word' id='word_1_307' title='bbox 332 3150 432 3221; x_wconf 82' lang='grc' dir='ltr'>τῆς</span> <span class='ocrx_word' id='word_1_308' title='bbox 445 3148 739 3220; x_wconf 85' lang='grc' dir='ltr'>ἁμαρτίας.</span> <span class='ocrx_word' id='word_1_309' title='bbox 778 3149 835 3202; x_wconf 88' lang='lat'><strong>&#39;0</strong></span> <span class='ocrx_word' id='word_1_310' title='bbox 863 3148 920 3202; x_wconf 77' lang='grc' dir='ltr'>δὲ</span> <span class='ocrx_word' id='word_1_311' title='bbox 950 3147 1135 3211; x_wconf 86' lang='grc' dir='ltr'>δοῦλος</span> <span class='ocrx_word' id='word_1_312' title='bbox 1165 3146 1227 3200; x_wconf 83' lang='grc' dir='ltr'><strong>ού</strong></span> <span class='ocrx_word' id='word_1_313' title='bbox 1259 3146 1406 3218; x_wconf 86' lang='grc' dir='ltr'>μένει</span> <span class='ocrx_word' id='word_1_314' title='bbox 1434 3148 1491 3200; x_wconf 83' lang='grc' dir='ltr'><strong>ὲν</strong></span> <span class='ocrx_word' id='word_1_315' title='bbox 1518 3149 1583 3216; x_wconf 80' lang='grc' dir='ltr'>τῇ</span> <span class='ocrx_word' id='word_1_316' title='bbox 1618 3146 1764 3219; x_wconf 74' lang='grc' dir='ltr'>οἰκία</span> 
     </span>
    </p>
   </div>
   <div class='ocr_carea' id='block_1_45' title="bbox 192 3234 1763 3310">
    <p class='ocr_par' dir='ltr' id='par_1_45' title="bbox 192 3234 1763 3310">
     <span class='ocr_line' id='line_1_45' title="bbox 192 3234 1763 3310; baseline -0.003 -16"><span class='ocrx_word' id='word_1_317' title='bbox 192 3244 274 3305; x_wconf 85' lang='grc' dir='ltr'><strong>εἰς</strong></span> <span class='ocrx_word' id='word_1_318' title='bbox 304 3240 398 3293; x_wconf 81' lang='grc' dir='ltr'>τὸν</span> <span class='ocrx_word' id='word_1_319' title='bbox 437 3239 626 3293; x_wconf 83' lang='grc' dir='ltr'>αἰῶνα.</span> <span class='ocrx_word' id='word_1_320' title='bbox 658 3259 677 3289; x_wconf 76' lang='grc' dir='ltr'><strong>ι</strong></span> <span class='ocrx_word' id='word_1_321' title='bbox 709 3240 993 3310; x_wconf 83' lang='grc' dir='ltr'>Μαρτυρεῖ</span> <span class='ocrx_word' id='word_1_322' title='bbox 1023 3238 1117 3291; x_wconf 77' lang='grc' dir='ltr'>καὶ</span> <span class='ocrx_word' id='word_1_323' title='bbox 1144 3238 1173 3290; x_wconf 98' lang='lat'><strong>6</strong></span> <span class='ocrx_word' id='word_1_324' title='bbox 1205 3237 1263 3290; x_wconf 80' lang='grc' dir='ltr'>ὲν</span> <span class='ocrx_word' id='word_1_325' title='bbox 1322 3234 1544 3307; x_wconf 81' lang='grc' dir='ltr'>Χριστῷ</span> <span class='ocrx_word' id='word_1_326' title='bbox 1588 3235 1763 3290; x_wconf 85' lang='grc' dir='ltr'>λαλῶν</span> 
     </span>
    </p>
   </div>
   <div class='ocr_carea' id='block_1_46' title="bbox 191 3327 1766 3401">
    <p class='ocr_par' dir='ltr' id='par_1_46' title="bbox 191 3327 1766 3401">
     <span class='ocr_line' id='line_1_46' title="bbox 191 3327 1766 3401; baseline -0.003 -16"><span class='ocrx_word' id='word_1_327' title='bbox 191 3332 430 3396; x_wconf 81' lang='grc' dir='ltr'>Παῦλος,</span> <span class='ocrx_word' id='word_1_328' title='bbox 481 3332 564 3386; x_wconf 86' lang='grc' dir='ltr'>ὅτι</span> <span class='ocrx_word' id='word_1_329' title='bbox 612 3350 632 3382; x_wconf 75' lang='grc' dir='ltr'><strong>ι</strong></span> <span class='ocrx_word' id='word_1_330' title='bbox 679 3334 709 3385; x_wconf 90' lang='lat'><strong>6</strong></span> <span class='ocrx_word' id='word_1_331' title='bbox 759 3330 941 3395; x_wconf 84' lang='grc' dir='ltr'>δοῦλος</span> <span class='ocrx_word' id='word_1_332' title='bbox 983 3330 1081 3401; x_wconf 84' lang='grc' dir='ltr'>τῆς</span> <span class='ocrx_word' id='word_1_333' title='bbox 1125 3327 1419 3400; x_wconf 89' lang='grc' dir='ltr'>ἁμαρτίας,</span> <span class='ocrx_word' id='word_1_334' title='bbox 1483 3327 1766 3400; x_wconf 73' lang='grc' dir='ltr'>ἐλεύθερός</span> 
     </span>
    </p>
   </div>
   <div class='ocr_carea' id='block_1_47' title="bbox 192 3420 1761 3497">
    <p class='ocr_par' dir='ltr' id='par_1_47' title="bbox 192 3420 1761 3497">
     <span class='ocr_line' id='line_1_47' title="bbox 192 3420 1761 3497; baseline -0.007 -14"><span class='ocrx_word' id='word_1_335' title='bbox 192 3432 345 3484; x_wconf 78' lang='grc' dir='ltr'>ἐστιν</span> <span class='ocrx_word' id='word_1_336' title='bbox 380 3429 490 3483; x_wconf 82' lang='grc' dir='ltr'><strong>ἁπδ</strong></span> <span class='ocrx_word' id='word_1_337' title='bbox 511 3428 610 3497; x_wconf 80' lang='grc' dir='ltr'>τῆς</span> <span class='ocrx_word' id='word_1_338' title='bbox 659 3425 1023 3497; x_wconf 84' lang='grc' dir='ltr'>δικαιοσύνης.</span> <span class='ocrx_word' id='word_1_339' title='bbox 1062 3442 1080 3475; x_wconf 76' lang='grc' dir='ltr'><strong>ι</strong></span> <span class='ocrx_word' id='word_1_340' title='bbox 1114 3423 1224 3477; x_wconf 73' lang='grc' dir='ltr'>Καὶ</span> <span class='ocrx_word' id='word_1_341' title='bbox 1266 3420 1428 3476; x_wconf 83' lang='grc' dir='ltr'>πάλιν</span> <span class='ocrx_word' id='word_1_342' title='bbox 1453 3423 1483 3475; x_wconf 92' lang='lat'><strong>6</strong></span> <span class='ocrx_word' id='word_1_343' title='bbox 1522 3421 1761 3491; x_wconf 87' lang='grc' dir='ltr'>Κύριος·</span> 
     </span>
    </p>
   </div>
   <div class='ocr_carea' id='block_1_48' title="bbox 193 3513 1767 3589">
    <p class='ocr_par' dir='ltr' id='par_1_48' title="bbox 193 3513 1767 3589">
     <span class='ocr_line' id='line_1_48' title="bbox 193 3513 1767 3589; baseline -0.004 -15"><span class='ocrx_word' id='word_1_344' title='bbox 193 3543 218 3574; x_wconf 74' lang='grc' dir='ltr'><strong>σ</strong></span> <span class='ocrx_word' id='word_1_345' title='bbox 246 3522 440 3585; x_wconf 72' lang='grc' dir='ltr'>Οὐδεὶς</span> <span class='ocrx_word' id='word_1_346' title='bbox 496 3520 716 3574; x_wconf 87' lang='grc' dir='ltr'>δύναται</span> <span class='ocrx_word' id='word_1_347' title='bbox 766 3520 886 3572; x_wconf 77' lang='grc' dir='ltr'>δυσὶ</span> <span class='ocrx_word' id='word_1_348' title='bbox 911 3516 1121 3589; x_wconf 88' lang='grc' dir='ltr'>κυρίοις</span> <span class='ocrx_word' id='word_1_349' title='bbox 1171 3516 1460 3582; x_wconf 77' lang='grc' dir='ltr'>δουλεύειν,</span> <span class='ocrx_word' id='word_1_350' title='bbox 1493 3534 1512 3567; x_wconf 71' lang='grc' dir='ltr'><strong>ι</strong></span> <span class='ocrx_word' id='word_1_351' title='bbox 1572 3515 1666 3568; x_wconf 78' lang='grc' dir='ltr'>καὶ</span> <span class='ocrx_word' id='word_1_352' title='bbox 1696 3513 1767 3568; x_wconf 90' lang='grc' dir='ltr'><strong>τὰ</strong></span> 
     </span>
    </p>
   </div>
   <div class='ocr_carea' id='block_1_49' title="bbox 192 3607 1765 3687">
    <p class='ocr_par' dir='ltr' id='par_1_49' title="bbox 192 3607 1765 3687">
     <span class='ocr_line' id='line_1_49' title="bbox 192 3607 1765 3687; baseline -0.007 -17"><span class='ocrx_word' id='word_1_353' title='bbox 192 3616 324 3687; x_wconf 76' lang='grc' dir='ltr'><strong>ἑξῆς</strong></span> <span class='ocrx_word' id='word_1_354' title='bbox 347 3633 360 3645; x_wconf 87' lang='grc'><strong>·</strong></span> <span class='ocrx_word' id='word_1_355' title='bbox 395 3616 462 3668; x_wconf 88' lang='grc' dir='ltr'><strong>δι’</strong></span> <span class='ocrx_word' id='word_1_356' title='bbox 488 3608 563 3669; x_wconf 82' lang='grc' dir='ltr'>ὧν</span> <span class='ocrx_word' id='word_1_357' title='bbox 589 3613 815 3680; x_wconf 77' lang='grc' dir='ltr'>ἐδίδαξε,</span> <span class='ocrx_word' id='word_1_358' title='bbox 845 3612 940 3665; x_wconf 81' lang='grc' dir='ltr'>καὶ</span> <span class='ocrx_word' id='word_1_359' title='bbox 973 3610 1174 3677; x_wconf 73' lang='grc' dir='ltr'>ἔδειξεν</span> <span class='ocrx_word' id='word_1_360' title='bbox 1202 3608 1512 3682; x_wconf 81' lang='grc' dir='ltr'>όριστίζων,</span> <span class='ocrx_word' id='word_1_361' title='bbox 1561 3607 1657 3662; x_wconf 77' lang='grc' dir='ltr'>καὶ</span> <span class='ocrx_word' id='word_1_362' title='bbox 1684 3608 1765 3660; x_wconf 79' lang='grc' dir='ltr'>εἰ·</span> 
     </span>
    </p>
   </div>
   <div class='ocr_carea' id='block_1_50' title="bbox 193 3696 1765 3773">
    <p class='ocr_par' dir='ltr' id='par_1_50' title="bbox 193 3696 1765 3773">
     <span class='ocr_line' id='line_1_50' title="bbox 193 3696 1765 3773; baseline -0.008 -13"><span class='ocrx_word' id='word_1_363' title='bbox 193 3705 337 3771; x_wconf 83' lang='grc' dir='ltr'>πὼν,</span> <span class='ocrx_word' id='word_1_364' title='bbox 376 3706 459 3759; x_wconf 83' lang='grc' dir='ltr'>ὅτι</span> <span class='ocrx_word' id='word_1_365' title='bbox 485 3703 609 3758; x_wconf 77' lang='grc' dir='ltr'>οὔτε</span> <span class='ocrx_word' id='word_1_366' title='bbox 643 3705 690 3756; x_wconf 87' lang='grc' dir='ltr'><strong>οἰ</strong></span> <span class='ocrx_word' id='word_1_367' title='bbox 715 3702 843 3773; x_wconf 85' lang='grc' dir='ltr'><strong>περί</strong></span> <span class='ocrx_word' id='word_1_368' title='bbox 876 3702 974 3773; x_wconf 86' lang='grc' dir='ltr'>τὴν</span> <span class='ocrx_word' id='word_1_369' title='bbox 1000 3700 1170 3764; x_wconf 70' lang='grc' dir='ltr'>ὄντως</span> <span class='ocrx_word' id='word_1_370' title='bbox 1201 3698 1505 3768; x_wconf 84' lang='grc' dir='ltr'>ἀναγκαίαν</span> <span class='ocrx_word' id='word_1_371' title='bbox 1539 3696 1633 3750; x_wconf 90' lang='grc' dir='ltr'><strong>τοῦ</strong></span> <span class='ocrx_word' id='word_1_372' title='bbox 1666 3696 1765 3767; x_wconf 80' lang='grc' dir='ltr'>ζῇν</span> 
     </span>
    </p>
   </div>
   <div class='ocr_carea' id='block_1_51' title="bbox 196 3787 1768 3871">
    <p class='ocr_par' dir='ltr' id='par_1_51' title="bbox 196 3787 1768 3871">
     <span class='ocr_line' id='line_1_51' title="bbox 196 3787 1768 3871; baseline -0.006 -20"><span class='ocrx_word' id='word_1_373' title='bbox 196 3799 471 3871; x_wconf 83' lang='grc' dir='ltr'>μέριμναν</span> <span class='ocrx_word' id='word_1_374' title='bbox 510 3795 838 3866; x_wconf 83' lang='grc' dir='ltr'>ὲνεχόμενοι,</span> <span class='ocrx_word' id='word_1_375' title='bbox 872 3792 1138 3847; x_wconf 82' lang='grc' dir='ltr'>δουλεύειν</span> <span class='ocrx_word' id='word_1_376' title='bbox 1184 3790 1457 3854; x_wconf 85' lang='grc' dir='ltr'>δύνανται,</span> <span class='ocrx_word' id='word_1_377' title='bbox 1483 3788 1605 3860; x_wconf 76' lang='grc' dir='ltr'>οὐχὶ</span> <span class='ocrx_word' id='word_1_378' title='bbox 1646 3787 1768 3842; x_wconf 86' lang='grc' dir='ltr'>τόδε</span> 
     </span>
    </p>
   </div>
   <div class='ocr_carea' id='block_1_52' title="bbox 195 3880 1764 3964">
    <p class='ocr_par' dir='ltr' id='par_1_52' title="bbox 195 3880 1764 3964">
     <span class='ocr_line' id='line_1_52' title="bbox 195 3880 1764 3964; baseline -0.006 -20"><span class='ocrx_word' id='word_1_379' title='bbox 195 3889 548 3964; x_wconf 78' lang='grc' dir='ltr'>μαθητεύειν,</span> <span class='ocrx_word' id='word_1_380' title='bbox 569 3890 598 3942; x_wconf 84' lang='grc' dir='ltr'><strong>ὃ</strong></span> <span class='ocrx_word' id='word_1_381' title='bbox 624 3904 679 3940; x_wconf 91' lang='grc' dir='ltr'><strong>τι</strong></span> <span class='ocrx_word' id='word_1_382' title='bbox 703 3885 903 3958; x_wconf 75' lang='grc' dir='ltr'>ἔμαθεν</span> <span class='ocrx_word' id='word_1_383' title='bbox 919 3884 1236 3947; x_wconf 84' lang='grc' dir='ltr'>Ἀπόστολος</span> <span class='ocrx_word' id='word_1_384' title='bbox 1270 3882 1602 3954; x_wconf 84' lang='grc' dir='ltr'>πλατύτερον</span> <span class='ocrx_word' id='word_1_385' title='bbox 1628 3880 1764 3935; x_wconf 81' lang='grc' dir='ltr'>θεω-</span> 
     </span>
    </p>
   </div>
   <div class='ocr_carea' id='block_1_53' title="bbox 197 3977 1769 4055">
    <p class='ocr_par' dir='ltr' id='par_1_53' title="bbox 197 3977 1769 4055">
     <span class='ocr_line' id='line_1_53' title="bbox 197 3977 1769 4055; baseline -0.004 -18"><span class='ocrx_word' id='word_1_386' title='bbox 197 3984 370 4055; x_wconf 80' lang='grc' dir='ltr'>ρήσας</span> <span class='ocrx_word' id='word_1_387' title='bbox 389 4001 404 4015; x_wconf 79' lang='grc' dir='ltr'><strong><em>ο</em></strong></span> <span class='ocrx_word' id='word_1_388' title='bbox 434 3979 552 4036; x_wconf 81' lang='grc' dir='ltr'>εἷπε</span> <span class='ocrx_word' id='word_1_389' title='bbox 575 3983 712 4052; x_wconf 86' lang='grc' dir='ltr'>γάρ·</span> <span class='ocrx_word' id='word_1_390' title='bbox 745 4001 763 4032; x_wconf 76' lang='grc' dir='ltr'><strong>ι</strong></span> <span class='ocrx_word' id='word_1_391' title='bbox 795 3981 890 4045; x_wconf 87' lang='grc' dir='ltr'>Τίς</span> <span class='ocrx_word' id='word_1_392' title='bbox 919 3981 1116 4052; x_wconf 86' lang='grc' dir='ltr'>μετοχὴ</span> <span class='ocrx_word' id='word_1_393' title='bbox 1148 3978 1491 4049; x_wconf 86' lang='grc' dir='ltr'>δικαιοσύνης</span> <span class='ocrx_word' id='word_1_394' title='bbox 1519 3978 1612 4033; x_wconf 75' lang='grc' dir='ltr'>καὶ</span> <span class='ocrx_word' id='word_1_395' title='bbox 1647 3977 1769 4030; x_wconf 87' lang='grc' dir='ltr'>ἁνο-</span> 
     </span>
    </p>
   </div>
   <div class='ocr_carea' id='block_1_54' title="bbox 196 4068 1768 4145">
    <p class='ocr_par' dir='ltr' id='par_1_54' title="bbox 196 4068 1768 4145">
     <span class='ocr_line' id='line_1_54' title="bbox 196 4068 1768 4145; baseline -0.002 -20"><span class='ocrx_word' id='word_1_396' title='bbox 196 4074 351 4145; x_wconf 84' lang='grc' dir='ltr'>μίας,</span> <span class='ocrx_word' id='word_1_397' title='bbox 380 4072 477 4127; x_wconf 83' lang='grc' dir='ltr'>καὶ</span> <span class='ocrx_word' id='word_1_398' title='bbox 496 4073 580 4136; x_wconf 88' lang='grc' dir='ltr'><strong>τίς</strong></span> <span class='ocrx_word' id='word_1_399' title='bbox 612 4071 863 4127; x_wconf 85' lang='grc' dir='ltr'>κοινωνία</span> <span class='ocrx_word' id='word_1_400' title='bbox 889 4071 1027 4141; x_wconf 75' lang='grc' dir='ltr'>φωτὶ</span> <span class='ocrx_word' id='word_1_401' title='bbox 1047 4071 1184 4143; x_wconf 78' lang='grc' dir='ltr'>πρὸς</span> <span class='ocrx_word' id='word_1_402' title='bbox 1211 4070 1419 4133; x_wconf 83' lang='grc' dir='ltr'>σκότος,</span> <span class='ocrx_word' id='word_1_403' title='bbox 1440 4068 1524 4133; x_wconf 88' lang='grc' dir='ltr'><strong>τίς</strong></span> <span class='ocrx_word' id='word_1_404' title='bbox 1553 4068 1611 4123; x_wconf 68' lang='grc' dir='ltr'>δὲ</span> <span class='ocrx_word' id='word_1_405' title='bbox 1631 4085 1768 4138; x_wconf 84' lang='grc' dir='ltr'>συμ-</span> 
     </span>
    </p>
   </div>
   <div class='ocr_carea' id='block_1_55' title="bbox 194 4156 1767 4236">
    <p class='ocr_par' dir='ltr' id='par_1_55' title="bbox 194 4156 1767 4236">
     <span class='ocr_line' id='line_1_55' title="bbox 194 4156 1767 4236; baseline -0.006 -17"><span class='ocrx_word' id='word_1_406' title='bbox 194 4165 440 4236; x_wconf 80' lang='grc' dir='ltr'>φώνησις</span> <span class='ocrx_word' id='word_1_407' title='bbox 460 4161 698 4235; x_wconf 84' lang='grc' dir='ltr'>Χριστοῦ</span> <span class='ocrx_word' id='word_1_408' title='bbox 745 4161 882 4234; x_wconf 75' lang='grc' dir='ltr'>πρὸς</span> <span class='ocrx_word' id='word_1_409' title='bbox 934 4161 1163 4226; x_wconf 86' lang='grc' dir='ltr'>Βελίαδ;</span> <span class='ocrx_word' id='word_1_410' title='bbox 1197 4160 1232 4232; x_wconf 78' lang='grc' dir='ltr'><strong>ἢ</strong></span> <span class='ocrx_word' id='word_1_411' title='bbox 1262 4159 1347 4223; x_wconf 89' lang='grc' dir='ltr'><strong>τίς</strong></span> <span class='ocrx_word' id='word_1_412' title='bbox 1381 4160 1538 4230; x_wconf 76' lang='grc' dir='ltr'>μερὶς</span> <span class='ocrx_word' id='word_1_413' title='bbox 1589 4156 1767 4227; x_wconf 84' lang='grc' dir='ltr'>πιστῷ</span> 
     </span>
    </p>
   </div>
   <div class='ocr_carea' id='block_1_56' title="bbox 194 4250 1770 4330">
    <p class='ocr_par' dir='ltr' id='par_1_56' title="bbox 194 4250 1770 4330">
     <span class='ocr_line' id='line_1_56' title="bbox 194 4250 1770 4330; baseline -0.005 -18"><span class='ocrx_word' id='word_1_414' title='bbox 194 4259 339 4330; x_wconf 87' lang='grc' dir='ltr'><strong>μετὰ</strong></span> <span class='ocrx_word' id='word_1_415' title='bbox 364 4257 617 4320; x_wconf 81' lang='grc' dir='ltr'>ἀπίστου,</span> <span class='ocrx_word' id='word_1_416' title='bbox 644 4255 728 4318; x_wconf 87' lang='grc' dir='ltr'><strong>τίς</strong></span> <span class='ocrx_word' id='word_1_417' title='bbox 756 4255 814 4307; x_wconf 78' lang='grc' dir='ltr'>δὲ</span> <span class='ocrx_word' id='word_1_418' title='bbox 857 4253 1252 4323; x_wconf 83' lang='grc' dir='ltr'>συγκατάθεσις</span> <span class='ocrx_word' id='word_1_419' title='bbox 1300 4252 1413 4324; x_wconf 83' lang='grc' dir='ltr'>ναῷ</span> <span class='ocrx_word' id='word_1_420' title='bbox 1447 4250 1583 4323; x_wconf 85' lang='grc' dir='ltr'><strong>μετὰ</strong></span> <span class='ocrx_word' id='word_1_421' title='bbox 1616 4250 1770 4305; x_wconf 83' lang='grc' dir='ltr'>εἰδώ-</span> 
     </span>
    </p>
   </div>
   <div class='ocr_carea' id='block_1_57' title="bbox 190 4344 1767 4418">
    <p class='ocr_par' dir='ltr' id='par_1_57' title="bbox 190 4344 1767 4418">
     <span class='ocr_line' id='line_1_57' title="bbox 190 4344 1767 4418; baseline -0.004 -13"><span class='ocrx_word' id='word_1_422' title='bbox 190 4352 287 4405; x_wconf 84' lang='grc' dir='ltr'><strong>λου</strong></span> <span class='ocrx_word' id='word_1_423' title='bbox 310 4367 325 4415; x_wconf 88' lang='grc'><strong>;</strong></span> <span class='ocrx_word' id='word_1_424' title='bbox 357 4369 376 4403; x_wconf 75' lang='grc' dir='ltr'><strong>ι</strong></span> <span class='ocrx_word' id='word_1_425' title='bbox 401 4350 512 4404; x_wconf 79' lang='grc' dir='ltr'>Καὶ</span> <span class='ocrx_word' id='word_1_426' title='bbox 539 4347 702 4402; x_wconf 85' lang='grc' dir='ltr'>πάλιν</span> <span class='ocrx_word' id='word_1_427' title='bbox 728 4345 989 4418; x_wconf 82' lang='grc' dir='ltr'>ὁριστίζει</span> <span class='ocrx_word' id='word_1_428' title='bbox 1006 4361 1021 4376; x_wconf 89' lang='grc'><strong>·</strong></span> <span class='ocrx_word' id='word_1_429' title='bbox 1053 4363 1072 4397; x_wconf 81' lang='grc' dir='ltr'><strong>ι</strong></span> <span class='ocrx_word' id='word_1_430' title='bbox 1094 4346 1159 4400; x_wconf 87' lang='grc' dir='ltr'><strong><em>Ἦ</em></strong></span> <span class='ocrx_word' id='word_1_431' title='bbox 1187 4344 1322 4417; x_wconf 76' lang='grc' dir='ltr'>σὰρξ</span> <span class='ocrx_word' id='word_1_432' title='bbox 1338 4344 1596 4416; x_wconf 79' lang='grc' dir='ltr'>ἐπιθυμεῖ</span> <span class='ocrx_word' id='word_1_433' title='bbox 1624 4344 1767 4398; x_wconf 87' lang='grc' dir='ltr'><strong>κατὰ</strong></span> 
     </span>
    </p>
   </div>
   <div class='ocr_carea' id='block_1_58' title="bbox 190 4436 1765 4513">
    <p class='ocr_par' dir='ltr' id='par_1_58' title="bbox 190 4436 1765 4513">
     <span class='ocr_line' id='line_1_58' title="bbox 190 4436 1765 4513; baseline -0.006 -14"><span class='ocrx_word' id='word_1_434' title='bbox 190 4445 289 4499; x_wconf 81' lang='grc' dir='ltr'><strong>τοῦ</strong></span> <span class='ocrx_word' id='word_1_435' title='bbox 345 4443 677 4513; x_wconf 82' lang='grc' dir='ltr'>πνεύματος,</span> <span class='ocrx_word' id='word_1_436' title='bbox 734 4440 795 4493; x_wconf 83' lang='grc' dir='ltr'>τὸ</span> <span class='ocrx_word' id='word_1_437' title='bbox 850 4440 908 4493; x_wconf 85' lang='grc' dir='ltr'>δὲ</span> <span class='ocrx_word' id='word_1_438' title='bbox 961 4438 1180 4510; x_wconf 88' lang='grc' dir='ltr'>πνεῦμα</span> <span class='ocrx_word' id='word_1_439' title='bbox 1223 4438 1363 4492; x_wconf 88' lang='grc' dir='ltr'><strong>κατά</strong></span> <span class='ocrx_word' id='word_1_440' title='bbox 1386 4438 1486 4508; x_wconf 81' lang='grc' dir='ltr'>τῆς</span> <span class='ocrx_word' id='word_1_441' title='bbox 1533 4436 1765 4508; x_wconf 87' lang='grc' dir='ltr'>σαρκός·</span> 
     </span>
    </p>
   </div>
   <div class='ocr_carea' id='block_1_59' title="bbox 189 4527 1769 4602">
    <p class='ocr_par' dir='ltr' id='par_1_59' title="bbox 189 4527 1769 4602">
     <span class='ocr_line' id='line_1_59' title="bbox 189 4527 1769 4602; baseline -0.008 -11"><span class='ocrx_word' id='word_1_442' title='bbox 189 4536 369 4591; x_wconf 86' lang='grc' dir='ltr'>ταῦτα</span> <span class='ocrx_word' id='word_1_443' title='bbox 387 4535 446 4589; x_wconf 84' lang='grc' dir='ltr'>δὲ</span> <span class='ocrx_word' id='word_1_444' title='bbox 476 4534 809 4588; x_wconf 87' lang='grc' dir='ltr'>ἀντίκεινται</span> <span class='ocrx_word' id='word_1_445' title='bbox 862 4531 1112 4602; x_wconf 84' lang='grc' dir='ltr'>ἀλλήλοις</span> <span class='ocrx_word' id='word_1_446' title='bbox 1139 4569 1154 4594; x_wconf 93' lang='grc'><strong>,</strong></span> <span class='ocrx_word' id='word_1_447' title='bbox 1190 4530 1277 4584; x_wconf 87' lang='grc' dir='ltr'><strong>ἴνα</strong></span> <span class='ocrx_word' id='word_1_448' title='bbox 1320 4529 1394 4602; x_wconf 83' lang='grc' dir='ltr'>μὴ</span> <span class='ocrx_word' id='word_1_449' title='bbox 1420 4529 1457 4584; x_wconf 80' lang='grc' dir='ltr'><strong>ἁ</strong></span> <span class='ocrx_word' id='word_1_450' title='bbox 1482 4528 1547 4582; x_wconf 81' lang='grc' dir='ltr'>ἂν</span> <span class='ocrx_word' id='word_1_451' title='bbox 1578 4527 1769 4598; x_wconf 81' lang='grc' dir='ltr'>θέλητε</span> 
     </span>
    </p>
   </div>
   <div class='ocr_carea' id='block_1_60' title="bbox 188 4617 1768 4698">
    <p class='ocr_par' dir='ltr' id='par_1_60' title="bbox 188 4617 1768 4698">
     <span class='ocr_line' id='line_1_60' title="bbox 188 4617 1768 4698; baseline -0.008 -15"><span class='ocrx_word' id='word_1_452' title='bbox 188 4629 367 4684; x_wconf 85' lang='grc' dir='ltr'>ταῦτα</span> <span class='ocrx_word' id='word_1_453' title='bbox 394 4630 608 4698; x_wconf 81' lang='grc' dir='ltr'>ποιῆτε.</span> <span class='ocrx_word' id='word_1_454' title='bbox 639 4645 657 4678; x_wconf 76' lang='grc' dir='ltr'><strong>ι</strong></span> <span class='ocrx_word' id='word_1_455' title='bbox 698 4623 988 4695; x_wconf 83' lang='grc' dir='ltr'>Ῥυσθῆναι</span> <span class='ocrx_word' id='word_1_456' title='bbox 1012 4623 1093 4677; x_wconf 81' lang='grc' dir='ltr'><strong>δεῖ</strong></span> <span class='ocrx_word' id='word_1_457' title='bbox 1114 4623 1377 4694; x_wconf 88' lang='grc' dir='ltr'>πρότερον</span> <span class='ocrx_word' id='word_1_458' title='bbox 1405 4619 1499 4673; x_wconf 89' lang='grc' dir='ltr'><strong>τοῦ</strong></span> <span class='ocrx_word' id='word_1_459' title='bbox 1534 4617 1768 4673; x_wconf 88' lang='grc' dir='ltr'>καταδυ-</span> 
     </span>
    </p>
   </div>
   <div class='ocr_carea' id='block_1_61' title="bbox 189 4709 1770 4785">
    <p class='ocr_par' dir='ltr' id='par_1_61' title="bbox 189 4709 1770 4785">
     <span class='ocr_line' id='line_1_61' title="bbox 189 4709 1770 4785; baseline -0.01 -8"><span class='ocrx_word' id='word_1_460' title='bbox 189 4720 393 4777; x_wconf 83' lang='grc' dir='ltr'>ναστοῦ</span> <span class='ocrx_word' id='word_1_461' title='bbox 419 4719 516 4773; x_wconf 91' lang='grc' dir='ltr'><strong>τοῦ</strong></span> <span class='ocrx_word' id='word_1_462' title='bbox 544 4716 791 4772; x_wconf 90' lang='grc' dir='ltr'>διαϐόλου</span> <span class='ocrx_word' id='word_1_463' title='bbox 814 4716 1099 4785; x_wconf 82' lang='grc' dir='ltr'>ἐνάγοντος</span> <span class='ocrx_word' id='word_1_464' title='bbox 1127 4714 1219 4766; x_wconf 77' lang='grc' dir='ltr'><strong>ἐπὶ</strong></span> <span class='ocrx_word' id='word_1_465' title='bbox 1242 4713 1346 4784; x_wconf 83' lang='grc' dir='ltr'>τὴν</span> <span class='ocrx_word' id='word_1_466' title='bbox 1372 4710 1647 4783; x_wconf 85' lang='grc' dir='ltr'>ἁμαρτίαν</span> <span class='ocrx_word' id='word_1_467' title='bbox 1678 4709 1770 4762; x_wconf 83' lang='grc' dir='ltr'>τὸν</span> 
     </span>
    </p>
   </div>
   <div class='ocr_carea' id='block_1_62' title="bbox 191 4799 1770 4883">
    <p class='ocr_par' dir='ltr' id='par_1_62' title="bbox 191 4799 1770 4883">
     <span class='ocr_line' id='line_1_62' title="bbox 191 4799 1770 4883; baseline -0.009 -17"><span class='ocrx_word' id='word_1_468' title='bbox 191 4814 288 4866; x_wconf 81' lang='grc' dir='ltr'>ὑπ’</span> <span class='ocrx_word' id='word_1_469' title='bbox 320 4809 515 4883; x_wconf 69' lang='grc' dir='ltr'>αὐτῆς]</span> <span class='ocrx_word' id='word_1_470' title='bbox 538 4807 926 4881; x_wconf 87' lang='grc' dir='ltr'>κρατούμενον.</span> <span class='ocrx_word' id='word_1_471' title='bbox 973 4807 1224 4875; x_wconf 85' lang='grc' dir='ltr'>Ἔφαμεν</span> <span class='ocrx_word' id='word_1_472' title='bbox 1265 4800 1549 4874; x_wconf 84' lang='grc' dir='ltr'>βούλεσθαι</span> <span class='ocrx_word' id='word_1_473' title='bbox 1576 4800 1632 4854; x_wconf 83' lang='grc' dir='ltr'>δὲ</span> <span class='ocrx_word' id='word_1_474' title='bbox 1663 4799 1770 4871; x_wconf 82' lang='grc' dir='ltr'>ἄρα</span> 
     </span>
    </p>
   </div>
   <div class='ocr_carea' id='block_1_63' title="bbox 189 4891 1771 4973">
    <p class='ocr_par' dir='ltr' id='par_1_63' title="bbox 189 4891 1771 4973">
     <span class='ocr_line' id='line_1_63' title="bbox 189 4891 1771 4973; baseline -0.011 -12"><span class='ocrx_word' id='word_1_475' title='bbox 189 4907 289 4961; x_wconf 73' lang='grc' dir='ltr'>καὶ</span> <span class='ocrx_word' id='word_1_476' title='bbox 320 4905 454 4959; x_wconf 85' lang='grc' dir='ltr'>πότε</span> <span class='ocrx_word' id='word_1_477' title='bbox 487 4901 941 4973; x_wconf 62' lang='grc' dir='ltr'>ἀωρνησὰμενον</span> <span class='ocrx_word' id='word_1_478' title='bbox 970 4898 1145 4951; x_wconf 88' lang='grc' dir='ltr'>πάντα</span> <span class='ocrx_word' id='word_1_479' title='bbox 1164 4895 1234 4949; x_wconf 88' lang='grc' dir='ltr'><strong>τὰ</strong></span> <span class='ocrx_word' id='word_1_480' title='bbox 1252 4894 1495 4965; x_wconf 89' lang='grc' dir='ltr'>παρόντα</span> <span class='ocrx_word' id='word_1_481' title='bbox 1523 4891 1617 4945; x_wconf 73' lang='grc' dir='ltr'>καὶ</span> <span class='ocrx_word' id='word_1_482' title='bbox 1644 4893 1771 4944; x_wconf 81' lang='grc' dir='ltr'>ἐαυ-</span> 
     </span>
    </p>
   </div>
   <div class='ocr_carea' id='block_1_64' title="bbox 188 4985 1770 5068">
    <p class='ocr_par' dir='ltr' id='par_1_64' title="bbox 188 4985 1770 5068">
     <span class='ocr_line' id='line_1_64' title="bbox 188 4985 1770 5068; baseline -0.011 -14"><span class='ocrx_word' id='word_1_483' title='bbox 188 4998 307 5063; x_wconf 82' lang='grc' dir='ltr'>τὸν,</span> <span class='ocrx_word' id='word_1_484' title='bbox 340 4998 441 5068; x_wconf 81' lang='grc' dir='ltr'><strong>τῆς</strong></span> <span class='ocrx_word' id='word_1_485' title='bbox 490 4995 550 5048; x_wconf 80' lang='grc' dir='ltr'>δὲ</span> <span class='ocrx_word' id='word_1_486' title='bbox 590 4990 967 5066; x_wconf 84' lang='grc' dir='ltr'>προσπαθείας</span> <span class='ocrx_word' id='word_1_487' title='bbox 1021 4987 1116 5042; x_wconf 88' lang='grc' dir='ltr'><strong>τοῦ</strong></span> <span class='ocrx_word' id='word_1_488' title='bbox 1179 4986 1280 5059; x_wconf 78' lang='grc' dir='ltr'><strong>ζῇν</strong></span> <span class='ocrx_word' id='word_1_489' title='bbox 1337 4985 1770 5056; x_wconf 82' lang='grc' dir='ltr'>ἀναχωρήσαντα</span> 
     </span>
    </p>
   </div>
   <div class='ocr_carea' id='block_1_65' title="bbox 194 5071 1775 5163">
    <p class='ocr_par' dir='ltr' id='par_1_65' title="bbox 194 5071 1775 5163">
     <span class='ocr_line' id='line_1_65' title="bbox 194 5071 1775 5163; baseline -0.013 -19"><span class='ocrx_word' id='word_1_490' title='bbox 194 5086 610 5163; x_wconf 86' lang='grc' dir='ltr'>μαθητευθῆναι</span> <span class='ocrx_word' id='word_1_491' title='bbox 640 5082 719 5154; x_wconf 85' lang='grc' dir='ltr'>τῷ</span> <span class='ocrx_word' id='word_1_492' title='bbox 744 5080 954 5155; x_wconf 86' lang='grc' dir='ltr'>Κυρίῳ,</span> <span class='ocrx_word' id='word_1_493' title='bbox 986 5078 1123 5133; x_wconf 85' lang='grc' dir='ltr'>καθδ</span> <span class='ocrx_word' id='word_1_494' title='bbox 1146 5078 1310 5141; x_wconf 74' lang='grc' dir='ltr'>αὐτὸς</span> <span class='ocrx_word' id='word_1_495' title='bbox 1349 5077 1570 5147; x_wconf 74' lang='grc' dir='ltr'>εἴρηκεν</span> <span class='ocrx_word' id='word_1_496' title='bbox 1593 5091 1606 5104; x_wconf 93' lang='grc'><strong>·</strong></span> <span class='ocrx_word' id='word_1_497' title='bbox 1650 5091 1668 5125; x_wconf 83' lang='grc' dir='ltr'><strong>ι</strong></span> <span class='ocrx_word' id='word_1_498' title='bbox 1704 5071 1775 5127; x_wconf 70' lang='lat' dir='ltr'><strong>Et</strong></span> 
     </span>
    </p>
   </div>
   <div class='ocr_carea' id='block_1_66' title="bbox 184 5165 1773 5248">
    <p class='ocr_par' dir='ltr' id='par_1_66' title="bbox 184 5165 1773 5248">
     <span class='ocr_line' id='line_1_66' title="bbox 184 5165 1773 5248; baseline -0.014 -10"><span class='ocrx_word' id='word_1_499' title='bbox 184 5202 277 5248; x_wconf 85' lang='grc' dir='ltr'><strong>τις</strong></span> <span class='ocrx_word' id='word_1_500' title='bbox 299 5182 585 5238; x_wconf 76' lang='grc' dir='ltr'>ἐλεύσεται</span> <span class='ocrx_word' id='word_1_501' title='bbox 611 5176 747 5248; x_wconf 76' lang='grc' dir='ltr'>πρὸς</span> <span class='ocrx_word' id='word_1_502' title='bbox 776 5176 862 5246; x_wconf 82' lang='grc' dir='ltr'>μὲ,</span> <span class='ocrx_word' id='word_1_503' title='bbox 890 5169 1295 5243; x_wconf 82' lang='grc' dir='ltr'>ἀπαρνησάσθω</span> <span class='ocrx_word' id='word_1_504' title='bbox 1317 5167 1496 5228; x_wconf 79' lang='grc' dir='ltr'>αὐτὸν,</span> <span class='ocrx_word' id='word_1_505' title='bbox 1518 5166 1611 5220; x_wconf 81' lang='grc' dir='ltr'>καὶ</span> <span class='ocrx_word' id='word_1_506' title='bbox 1635 5165 1773 5238; x_wconf 83' lang='grc' dir='ltr'>ἀρά-</span> 
     </span>
    </p>
   </div>
   <div class='ocr_carea' id='block_1_67' title="bbox 183 5257 1773 5343">
    <p class='ocr_par' dir='ltr' id='par_1_67' title="bbox 183 5257 1773 5343">
     <span class='ocr_line' id='line_1_67' title="bbox 183 5257 1773 5343; baseline -0.014 -11"><span class='ocrx_word' id='word_1_507' title='bbox 183 5295 269 5331; x_wconf 84' lang='grc' dir='ltr'><strong>τω</strong></span> <span class='ocrx_word' id='word_1_508' title='bbox 281 5278 373 5331; x_wconf 81' lang='grc' dir='ltr'>τὸν</span> <span class='ocrx_word' id='word_1_509' title='bbox 394 5270 630 5343; x_wconf 82' lang='grc' dir='ltr'>σταυρὸν</span> <span class='ocrx_word' id='word_1_510' title='bbox 651 5267 837 5331; x_wconf 80' lang='grc' dir='ltr'>αὑτοῦ,</span> <span class='ocrx_word' id='word_1_511' title='bbox 855 5267 950 5319; x_wconf 75' lang='grc' dir='ltr'>καὶ</span> <span class='ocrx_word' id='word_1_512' title='bbox 966 5261 1324 5319; x_wconf 87' lang='grc' dir='ltr'>ἀκολουθείτω</span> <span class='ocrx_word' id='word_1_513' title='bbox 1345 5277 1455 5331; x_wconf 87' lang='grc' dir='ltr'>μοι,</span> <span class='ocrx_word' id='word_1_514' title='bbox 1470 5258 1594 5311; x_wconf 77' lang='grc' dir='ltr'>»ὄπε</span> <span class='ocrx_word' id='word_1_515' title='bbox 1601 5276 1632 5330; x_wconf 90' lang='grc' dir='ltr'><strong>ρ</strong></span> <span class='ocrx_word' id='word_1_516' title='bbox 1654 5257 1773 5310; x_wconf 74' lang='grc' dir='ltr'>ἐστὶ</span> 
     </span>
    </p>
   </div>
   <div class='ocr_carea' id='block_1_68' title="bbox 187 5350 1769 5443">
    <p class='ocr_par' dir='ltr' id='par_1_68' title="bbox 187 5350 1769 5443">
     <span class='ocr_line' id='line_1_68' title="bbox 187 5350 1769 5443; baseline -0.015 -18"><span class='ocrx_word' id='word_1_517' title='bbox 187 5369 445 5443; x_wconf 79' lang='grc' dir='ltr'>μαθητής</span> <span class='ocrx_word' id='word_1_518' title='bbox 476 5381 578 5437; x_wconf 88' lang='grc' dir='ltr'><strong>μου</strong></span> <span class='ocrx_word' id='word_1_519' title='bbox 613 5358 866 5416; x_wconf 72' lang='grc' dir='ltr'>ἐνταῦθα.</span> <span class='ocrx_word' id='word_1_520' title='bbox 892 5358 970 5414; x_wconf 82' lang='grc' dir='ltr'><strong>Οὐ</strong></span> <span class='ocrx_word' id='word_1_521' title='bbox 1008 5356 1165 5428; x_wconf 83' lang='grc' dir='ltr'>μόνον</span> <span class='ocrx_word' id='word_1_522' title='bbox 1186 5354 1245 5409; x_wconf 80' lang='grc' dir='ltr'>δὲ</span> <span class='ocrx_word' id='word_1_523' title='bbox 1262 5351 1372 5407; x_wconf 87' lang='grc' dir='ltr'><strong>τῶν</strong></span> <span class='ocrx_word' id='word_1_524' title='bbox 1395 5350 1769 5422; x_wconf 80' lang='grc' dir='ltr'>ὑπαρχόντων,</span> 
     </span>
    </p>
   </div>
   <div class='ocr_carea' id='block_1_69' title="bbox 184 5446 1760 5531">
    <p class='ocr_par' dir='ltr' id='par_1_69' title="bbox 184 5446 1760 5531">
     <span class='ocr_line' id='line_1_69' title="bbox 184 5446 1760 5531; baseline -0.016 -12"><span class='ocrx_word' id='word_1_525' title='bbox 184 5463 288 5518; x_wconf 76' lang='grc' dir='ltr'>καὶ</span> <span class='ocrx_word' id='word_1_526' title='bbox 316 5461 428 5516; x_wconf 84' lang='grc' dir='ltr'><strong>τῶν</strong></span> <span class='ocrx_word' id='word_1_527' title='bbox 449 5457 591 5531; x_wconf 82' lang='grc' dir='ltr'>πρὸς</span> <span class='ocrx_word' id='word_1_528' title='bbox 626 5455 687 5509; x_wconf 81' lang='grc' dir='ltr'>τὸ</span> <span class='ocrx_word' id='word_1_529' title='bbox 716 5453 815 5525; x_wconf 78' lang='grc' dir='ltr'>ζῇν</span> <span class='ocrx_word' id='word_1_530' title='bbox 838 5450 1149 5520; x_wconf 82' lang='grc' dir='ltr'>ἀναγκαίων</span> <span class='ocrx_word' id='word_1_531' title='bbox 1192 5446 1546 5516; x_wconf 81' lang='grc' dir='ltr'>καταφρονεῖν</span> <span class='ocrx_word' id='word_1_532' title='bbox 1601 5457 1760 5514; x_wconf 86' lang='grc' dir='ltr'>προσ-</span> 
     </span>
    </p>
   </div>
   <div class='ocr_carea' id='block_1_70' title="bbox 1863 2778 3432 2855">
    <p class='ocr_par' dir='ltr' id='par_1_70' title="bbox 1863 2778 3432 2855">
     <span class='ocr_line' id='line_1_70' title="bbox 1863 2778 3432 2855; baseline 0.005 -24"><span class='ocrx_word' id='word_1_533' title='bbox 1863 2778 1962 2848; x_wconf 88' lang='lat' dir='ltr'><strong>pit,</strong></span> <span class='ocrx_word' id='word_1_534' title='bbox 1989 2793 2165 2848; x_wconf 90' lang='lat' dir='ltr'><strong>neque</strong></span> <span class='ocrx_word' id='word_1_535' title='bbox 2196 2792 2226 2832; x_wconf 85' lang='lat' dir='ltr'><strong>a</strong></span> <span class='ocrx_word' id='word_1_536' title='bbox 2261 2779 2475 2835; x_wconf 89' lang='lat' dir='ltr'><strong>delictis</strong></span> <span class='ocrx_word' id='word_1_537' title='bbox 2502 2779 2788 2836; x_wconf 86' lang='lat' dir='ltr'><strong>absolutus</strong></span> <span class='ocrx_word' id='word_1_538' title='bbox 2835 2779 2934 2836; x_wconf 91' lang='lat' dir='ltr'><strong>fuit</strong></span> <span class='ocrx_word' id='word_1_539' title='bbox 2975 2797 3070 2851; x_wconf 88' lang='lat' dir='ltr'><strong>per</strong></span> <span class='ocrx_word' id='word_1_540' title='bbox 3113 2784 3432 2855; x_wconf 78' lang='lat' dir='ltr'><strong>sanguinem</strong></span> 
     </span>
    </p>
   </div>
   <div class='ocr_carea' id='block_1_71' title="bbox 1864 2869 3434 2948">
    <p class='ocr_par' dir='ltr' id='par_1_71' title="bbox 1864 2869 3434 2948">
     <span class='ocr_line' id='line_1_71' title="bbox 1864 2869 3434 2948; baseline 0.004 -24"><span class='ocrx_word' id='word_1_541' title='bbox 1864 2869 2078 2925; x_wconf 88' lang='lat' dir='ltr'><strong>Domini</strong></span> <span class='ocrx_word' id='word_1_542' title='bbox 2111 2872 2285 2928; x_wconf 87' lang='lat' dir='ltr'><strong>nostri</strong></span> <span class='ocrx_word' id='word_1_543' title='bbox 2306 2870 2436 2929; x_wconf 83' lang='lat' dir='ltr'><strong>Jesu</strong></span> <span class='ocrx_word' id='word_1_544' title='bbox 2463 2873 2704 2939; x_wconf 89' lang='lat' dir='ltr'><strong>Christi;</strong></span> <span class='ocrx_word' id='word_1_545' title='bbox 2727 2874 2822 2929; x_wconf 86' lang='lat' dir='ltr'><strong>sed</strong></span> <span class='ocrx_word' id='word_1_546' title='bbox 2851 2875 3068 2931; x_wconf 88' lang='lat' dir='ltr'><strong>diabolo</strong></span> <span class='ocrx_word' id='word_1_547' title='bbox 3093 2877 3434 2948; x_wconf 79' lang='lat' dir='ltr'><strong>obsequitur,</strong></span> 
     </span>
    </p>
   </div>
   <div class='ocr_carea' id='block_1_72' title="bbox 1866 2962 3438 3036">
    <p class='ocr_par' dir='ltr' id='par_1_72' title="bbox 1866 2962 3438 3036">
     <span class='ocr_line' id='line_1_72' title="bbox 1866 2962 3438 3036; baseline 0.006 -22"><span class='ocrx_word' id='word_1_548' title='bbox 1866 2967 2030 3031; x_wconf 88' lang='lat' dir='ltr'><strong>atque</strong></span> <span class='ocrx_word' id='word_1_549' title='bbox 2056 2962 2297 3031; x_wconf 87' lang='lat' dir='ltr'><strong>peccatis</strong></span> <span class='ocrx_word' id='word_1_550' title='bbox 2336 2963 2452 3032; x_wconf 89' lang='lat' dir='ltr'><strong>ipse</strong></span> <span class='ocrx_word' id='word_1_551' title='bbox 2500 2964 2617 3019; x_wconf 89' lang='lat' dir='ltr'><strong>suis</strong></span> <span class='ocrx_word' id='word_1_552' title='bbox 2642 2975 2834 3036; x_wconf 87' lang='lat' dir='ltr'><strong>captus</strong></span> <span class='ocrx_word' id='word_1_553' title='bbox 2859 2964 3169 3035; x_wconf 88' lang='lat' dir='ltr'><strong>detinetur;</strong></span> <span class='ocrx_word' id='word_1_554' title='bbox 3204 2970 3438 3023; x_wconf 83' lang='lat' dir='ltr'><strong>nullate-</strong></span> 
     </span>
    </p>
   </div>
   <div class='ocr_carea' id='block_1_73' title="bbox 1866 3053 3439 3129">
    <p class='ocr_par' dir='ltr' id='par_1_73' title="bbox 1866 3053 3439 3129">
     <span class='ocr_line' id='line_1_73' title="bbox 1866 3053 3439 3129; baseline 0.006 -23"><span class='ocrx_word' id='word_1_555' title='bbox 1866 3068 1971 3109; x_wconf 86' lang='lat' dir='ltr'><strong>nus</strong></span> <span class='ocrx_word' id='word_1_556' title='bbox 1986 3061 2163 3123; x_wconf 86' lang='lat' dir='ltr'><strong>potest</strong></span> <span class='ocrx_word' id='word_1_557' title='bbox 2183 3055 2388 3110; x_wconf 80' lang='lat' dir='ltr'><strong>servire</strong></span> <span class='ocrx_word' id='word_1_558' title='bbox 2417 3053 2668 3121; x_wconf 88' lang='lat' dir='ltr'><strong>Domino,</strong></span> <span class='ocrx_word' id='word_1_559' title='bbox 2688 3059 2777 3127; x_wconf 91' lang='lat' dir='ltr'><strong>qui</strong></span> <span class='ocrx_word' id='word_1_560' title='bbox 2814 3073 3093 3129; x_wconf 90' lang='lat' dir='ltr'><strong>nunquam</strong></span> <span class='ocrx_word' id='word_1_561' title='bbox 3124 3067 3439 3117; x_wconf 83' lang='lat' dir='ltr'><strong>controver-</strong></span> 
     </span>
    </p>
   </div>
   <div class='ocr_carea' id='block_1_74' title="bbox 1867 3145 3440 3224">
    <p class='ocr_par' dir='ltr' id='par_1_74' title="bbox 1867 3145 3440 3224">
     <span class='ocr_line' id='line_1_74' title="bbox 1867 3145 3440 3224; baseline 0.008 -27"><span class='ocrx_word' id='word_1_562' title='bbox 1867 3145 2088 3200; x_wconf 79' lang='lat' dir='ltr'><strong>tendam</strong></span> <span class='ocrx_word' id='word_1_563' title='bbox 2124 3146 2347 3216; x_wconf 88' lang='lat' dir='ltr'><strong>protulit</strong></span> <span class='ocrx_word' id='word_1_564' title='bbox 2375 3151 2699 3203; x_wconf 88' lang='lat' dir='ltr'><strong>sententiam</strong></span> <span class='ocrx_word' id='word_1_565' title='bbox 2739 3165 2861 3205; x_wconf 91' lang='lat' dir='ltr'><strong>cum</strong></span> <span class='ocrx_word' id='word_1_566' title='bbox 2894 3151 3033 3205; x_wconf 82' lang='lat' dir='ltr'><strong>dixit</strong></span> <span class='ocrx_word' id='word_1_567' title='bbox 3066 3171 3081 3204; x_wconf 76' lang='grc' dir='ltr'><strong><em>τ</em></strong></span> <span class='ocrx_word' id='word_1_568' title='bbox 3121 3172 3141 3204; x_wconf 76' lang='grc' dir='ltr'><strong>ι</strong></span> <span class='ocrx_word' id='word_1_569' title='bbox 3177 3153 3440 3224; x_wconf 84' lang='lat' dir='ltr'><strong>Quisquis</strong></span> 
     </span>
    </p>
   </div>
   <div class='ocr_carea' id='block_1_75' title="bbox 1865 3239 3438 3311">
    <p class='ocr_par' dir='ltr' id='par_1_75' title="bbox 1865 3239 3438 3311">
     <span class='ocr_line' id='line_1_75' title="bbox 1865 3239 3438 3311; baseline 0.003 -19"><span class='ocrx_word' id='word_1_570' title='bbox 1865 3245 2147 3309; x_wconf 90' lang='lat' dir='ltr'><strong>peccatum</strong></span> <span class='ocrx_word' id='word_1_571' title='bbox 2181 3239 2331 3305; x_wconf 86' lang='lat' dir='ltr'><strong>facit,</strong></span> <span class='ocrx_word' id='word_1_572' title='bbox 2371 3254 2563 3294; x_wconf 88' lang='lat' dir='ltr'><strong>servus</strong></span> <span class='ocrx_word' id='word_1_573' title='bbox 2606 3248 2689 3295; x_wconf 82' lang='lat' dir='ltr'><strong>est</strong></span> <span class='ocrx_word' id='word_1_574' title='bbox 2737 3243 2969 3311; x_wconf 81' lang='lat' dir='ltr'><strong>peccati.</strong></span> <span class='ocrx_word' id='word_1_575' title='bbox 3005 3243 3207 3300; x_wconf 86' lang='lat' dir='ltr'><strong>Servus</strong></span> <span class='ocrx_word' id='word_1_576' title='bbox 3257 3253 3438 3300; x_wconf 89' lang='lat' dir='ltr'><strong>autem</strong></span> 
     </span>
    </p>
   </div>
   <div class='ocr_carea' id='block_1_76' title="bbox 1864 3329 3434 3391">
    <p class='ocr_par' dir='ltr' id='par_1_76' title="bbox 1864 3329 3434 3391">
     <span class='ocr_line' id='line_1_76' title="bbox 1864 3329 3434 3391; baseline 0.005 -8"><span class='ocrx_word' id='word_1_577' title='bbox 1864 3345 1973 3384; x_wconf 90' lang='lat' dir='ltr'><strong>non</strong></span> <span class='ocrx_word' id='word_1_578' title='bbox 1999 3338 2179 3385; x_wconf 86' lang='lat' dir='ltr'><strong>manet</strong></span> <span class='ocrx_word' id='word_1_579' title='bbox 2208 3331 2261 3384; x_wconf 90' lang='lat' dir='ltr'><strong>in</strong></span> <span class='ocrx_word' id='word_1_580' title='bbox 2310 3329 2473 3384; x_wconf 90' lang='lat' dir='ltr'><strong>domo</strong></span> <span class='ocrx_word' id='word_1_581' title='bbox 2506 3330 2560 3384; x_wconf 91' lang='lat' dir='ltr'><strong>in</strong></span> <span class='ocrx_word' id='word_1_582' title='bbox 2591 3332 2848 3386; x_wconf 67' lang='lat' dir='ltr'><strong>sazculum</strong></span> <span class='ocrx_word' id='word_1_583' title='bbox 2870 3333 2936 3388; x_wconf 85' lang='grc'><strong>³⁸.</strong></span> <span class='ocrx_word' id='word_1_584' title='bbox 2965 3352 2985 3386; x_wconf 73' lang='grc' dir='ltr'><strong>ι</strong></span> <span class='ocrx_word' id='word_1_585' title='bbox 3025 3332 3279 3390; x_wconf 85' lang='lat' dir='ltr'><strong>Testatur</strong></span> <span class='ocrx_word' id='word_1_586' title='bbox 3307 3336 3434 3391; x_wconf 88' lang='lat' dir='ltr'><strong>item</strong></span> 
     </span>
    </p>
   </div>
   <div class='ocr_carea' id='block_1_77' title="bbox 1866 3422 3438 3493">
    <p class='ocr_par' dir='ltr' id='par_1_77' title="bbox 1866 3422 3438 3493">
     <span class='ocr_line' id='line_1_77' title="bbox 1866 3422 3438 3493; baseline 0.002 -17"><span class='ocrx_word' id='word_1_587' title='bbox 1866 3423 1958 3493; x_wconf 90' lang='lat' dir='ltr'><strong>qui</strong></span> <span class='ocrx_word' id='word_1_588' title='bbox 1999 3423 2055 3477; x_wconf 90' lang='lat' dir='ltr'><strong>in</strong></span> <span class='ocrx_word' id='word_1_589' title='bbox 2098 3422 2317 3479; x_wconf 89' lang='lat' dir='ltr'><strong>Christo</strong></span> <span class='ocrx_word' id='word_1_590' title='bbox 2369 3423 2610 3493; x_wconf 87' lang='lat' dir='ltr'><strong>loquitur</strong></span> <span class='ocrx_word' id='word_1_591' title='bbox 2638 3425 2842 3479; x_wconf 84' lang='lat' dir='ltr'><strong>Paulus</strong></span> <span class='ocrx_word' id='word_1_592' title='bbox 2875 3443 2888 3477; x_wconf 92' lang='lat'><strong>:</strong></span> <span class='ocrx_word' id='word_1_593' title='bbox 2936 3443 2955 3476; x_wconf 80' lang='grc' dir='ltr'><strong>ι</strong></span> <span class='ocrx_word' id='word_1_594' title='bbox 2991 3424 3094 3491; x_wconf 84' lang='lat' dir='ltr'><strong>Qui</strong></span> <span class='ocrx_word' id='word_1_595' title='bbox 3133 3440 3324 3482; x_wconf 88' lang='lat' dir='ltr'><strong>servus</strong></span> <span class='ocrx_word' id='word_1_596' title='bbox 3352 3435 3438 3482; x_wconf 88' lang='lat' dir='ltr'><strong>est</strong></span> 
     </span>
    </p>
   </div>
   <div class='ocr_carea' id='block_1_78' title="bbox 1865 3510 3433 3584">
    <p class='ocr_par' dir='ltr' id='par_1_78' title="bbox 1865 3510 3433 3584">
     <span class='ocr_line' id='line_1_78' title="bbox 1865 3510 3433 3584; baseline -0.001 -16"><span class='ocrx_word' id='word_1_597' title='bbox 1865 3512 2095 3584; x_wconf 88' lang='lat' dir='ltr'><strong>peccati,</strong></span> <span class='ocrx_word' id='word_1_598' title='bbox 2118 3512 2257 3566; x_wconf 91' lang='lat' dir='ltr'><strong>liber</strong></span> <span class='ocrx_word' id='word_1_599' title='bbox 2276 3518 2360 3566; x_wconf 91' lang='lat' dir='ltr'><strong>est</strong></span> <span class='ocrx_word' id='word_1_600' title='bbox 2386 3525 2415 3564; x_wconf 90' lang='lat' dir='ltr'><strong>a</strong></span> <span class='ocrx_word' id='word_1_601' title='bbox 2442 3511 2653 3580; x_wconf 87' lang='lat' dir='ltr'><strong>justitia</strong></span> <span class='ocrx_word' id='word_1_602' title='bbox 2668 3512 2733 3564; x_wconf 82' lang='grc'><strong>³¹.</strong></span> <span class='ocrx_word' id='word_1_603' title='bbox 2758 3531 2777 3563; x_wconf 74' lang='grc' dir='ltr'><strong>ι</strong></span> <span class='ocrx_word' id='word_1_604' title='bbox 2793 3510 2871 3565; x_wconf 89' lang='lat' dir='ltr'><strong>Ac</strong></span> <span class='ocrx_word' id='word_1_605' title='bbox 2896 3526 3113 3567; x_wconf 88' lang='lat' dir='ltr'><strong>rursum</strong></span> <span class='ocrx_word' id='word_1_606' title='bbox 3141 3511 3433 3567; x_wconf 90' lang='lat' dir='ltr'><strong>Dominus:</strong></span> 
     </span>
    </p>
   </div>
   <div class='ocr_carea' id='block_1_79' title="bbox 1872 3600 3435 3672">
    <p class='ocr_par' dir='ltr' id='par_1_79' title="bbox 1872 3600 3435 3672">
     <span class='ocr_line' id='line_1_79' title="bbox 1872 3600 3435 3672; baseline 0.002 -20"><span class='ocrx_word' id='word_1_607' title='bbox 1872 3601 2071 3656; x_wconf 70' lang='lat' dir='ltr'><strong>«Nemo</strong></span> <span class='ocrx_word' id='word_1_608' title='bbox 2091 3609 2270 3672; x_wconf 89' lang='lat' dir='ltr'><strong>potest</strong></span> <span class='ocrx_word' id='word_1_609' title='bbox 2293 3600 2508 3655; x_wconf 90' lang='lat' dir='ltr'><strong>duobus</strong></span> <span class='ocrx_word' id='word_1_610' title='bbox 2525 3600 2767 3656; x_wconf 89' lang='lat' dir='ltr'><strong>dominis</strong></span> <span class='ocrx_word' id='word_1_611' title='bbox 2790 3601 3085 3657; x_wconf 78' lang='lat' dir='ltr'><strong>servire&quot;:</strong></span> <span class='ocrx_word' id='word_1_612' title='bbox 3115 3620 3134 3653; x_wconf 76' lang='grc' dir='ltr'><strong>ι</strong></span> <span class='ocrx_word' id='word_1_613' title='bbox 3152 3611 3203 3655; x_wconf 91' lang='lat' dir='ltr'><strong>et</strong></span> <span class='ocrx_word' id='word_1_614' title='bbox 3218 3609 3435 3664; x_wconf 67' lang='lat' dir='ltr'><strong>caetera,</strong></span> 
     </span>
    </p>
   </div>
   <div class='ocr_carea' id='block_1_80' title="bbox 1868 3691 3436 3764">
    <p class='ocr_par' dir='ltr' id='par_1_80' title="bbox 1868 3691 3436 3764">
     <span class='ocr_line' id='line_1_80' title="bbox 1868 3691 3436 3764; baseline -0.001 -17"><span class='ocrx_word' id='word_1_615' title='bbox 1868 3694 2067 3764; x_wconf 85' lang='lat' dir='ltr'><strong>quibus</strong></span> <span class='ocrx_word' id='word_1_616' title='bbox 2100 3692 2285 3748; x_wconf 90' lang='lat' dir='ltr'><strong>docuit</strong></span> <span class='ocrx_word' id='word_1_617' title='bbox 2310 3692 2602 3762; x_wconf 84' lang='lat' dir='ltr'><strong>palamque</strong></span> <span class='ocrx_word' id='word_1_618' title='bbox 2654 3691 2910 3756; x_wconf 87' lang='lat' dir='ltr'><strong>ostendit,</strong></span> <span class='ocrx_word' id='word_1_619' title='bbox 2952 3708 3022 3747; x_wconf 93' lang='lat' dir='ltr'><strong>ne</strong></span> <span class='ocrx_word' id='word_1_620' title='bbox 3064 3692 3187 3747; x_wconf 91' lang='lat' dir='ltr'><strong>illos</strong></span> <span class='ocrx_word' id='word_1_621' title='bbox 3217 3691 3436 3762; x_wconf 90' lang='lat' dir='ltr'><strong>quidem</strong></span> 
     </span>
    </p>
   </div>
   <div class='ocr_carea' id='block_1_81' title="bbox 1867 3780 3441 3857">
    <p class='ocr_par' dir='ltr' id='par_1_81' title="bbox 1867 3780 3441 3857">
     <span class='ocr_line' id='line_1_81' title="bbox 1867 3780 3441 3857; baseline -0.003 -18"><span class='ocrx_word' id='word_1_622' title='bbox 1867 3786 1961 3857; x_wconf 85' lang='lat' dir='ltr'><strong>qui</strong></span> <span class='ocrx_word' id='word_1_623' title='bbox 1993 3799 2176 3841; x_wconf 87' lang='lat' dir='ltr'><strong>rerum</strong></span> <span class='ocrx_word' id='word_1_624' title='bbox 2215 3783 2283 3837; x_wconf 90' lang='lat' dir='ltr'><strong>ad</strong></span> <span class='ocrx_word' id='word_1_625' title='bbox 2306 3784 2472 3838; x_wconf 86' lang='lat' dir='ltr'><strong>vitam</strong></span> <span class='ocrx_word' id='word_1_626' title='bbox 2517 3782 2948 3838; x_wconf 86' lang='lat' dir='ltr'><strong>necessariarum</strong></span> <span class='ocrx_word' id='word_1_627' title='bbox 2972 3780 3336 3837; x_wconf 91' lang='lat' dir='ltr'><strong>sollicitudine</strong></span> <span class='ocrx_word' id='word_1_628' title='bbox 3360 3790 3441 3835; x_wconf 85' lang='lat' dir='ltr'><strong>te-</strong></span> 
     </span>
    </p>
   </div>
   <div class='ocr_carea' id='block_1_82' title="bbox 1869 3871 3439 3945">
    <p class='ocr_par' dir='ltr' id='par_1_82' title="bbox 1869 3871 3439 3945">
     <span class='ocr_line' id='line_1_82' title="bbox 1869 3871 3439 3945; baseline -0.003 -14"><span class='ocrx_word' id='word_1_629' title='bbox 1869 3886 2086 3939; x_wconf 88' lang='lat' dir='ltr'><strong>nentur,</strong></span> <span class='ocrx_word' id='word_1_630' title='bbox 2112 3889 2271 3945; x_wconf 89' lang='lat' dir='ltr'><strong>posse</strong></span> <span class='ocrx_word' id='word_1_631' title='bbox 2297 3874 2401 3943; x_wconf 90' lang='lat' dir='ltr'><strong>ipsi</strong></span> <span class='ocrx_word' id='word_1_632' title='bbox 2429 3873 2653 3936; x_wconf 85' lang='lat' dir='ltr'><strong>servire,</strong></span> <span class='ocrx_word' id='word_1_633' title='bbox 2678 3887 2854 3943; x_wconf 90' lang='lat' dir='ltr'><strong>neque</strong></span> <span class='ocrx_word' id='word_1_634' title='bbox 2895 3871 2950 3926; x_wconf 89' lang='lat' dir='ltr'><strong>id</strong></span> <span class='ocrx_word' id='word_1_635' title='bbox 2979 3871 3243 3935; x_wconf 90' lang='lat' dir='ltr'><strong>ediscere,</strong></span> <span class='ocrx_word' id='word_1_636' title='bbox 3280 3871 3439 3940; x_wconf 88' lang='lat' dir='ltr'><strong>cujus</strong></span> 
     </span>
    </p>
   </div>
   <div class='ocr_carea' id='block_1_83' title="bbox 1872 3962 3440 4039">
    <p class='ocr_par' dir='ltr' id='par_1_83' title="bbox 1872 3962 3440 4039">
     <span class='ocr_line' id='line_1_83' title="bbox 1872 3962 3440 4039; baseline -0.004 -16"><span class='ocrx_word' id='word_1_637' title='bbox 1872 3967 2166 4039; x_wconf 81' lang='lat' dir='ltr'><strong>Apostolus</strong></span> <span class='ocrx_word' id='word_1_638' title='bbox 2191 3964 2629 4021; x_wconf 87' lang='lat' dir='ltr'><strong>consideratione</strong></span> <span class='ocrx_word' id='word_1_639' title='bbox 2670 3978 2790 4027; x_wconf 88' lang='lat' dir='ltr'><strong>sua,</strong></span> <span class='ocrx_word' id='word_1_640' title='bbox 2827 3962 3143 4033; x_wconf 87' lang='lat' dir='ltr'><strong>ampliorem</strong></span> <span class='ocrx_word' id='word_1_641' title='bbox 3189 3962 3440 4018; x_wconf 87' lang='lat' dir='ltr'><strong>notitiam</strong></span> 
     </span>
    </p>
   </div>
   <div class='ocr_carea' id='block_1_84' title="bbox 1869 4055 3439 4125">
    <p class='ocr_par' dir='ltr' id='par_1_84' title="bbox 1869 4055 3439 4125">
     <span class='ocr_line' id='line_1_84' title="bbox 1869 4055 3439 4125; baseline -0.004 -9"><span class='ocrx_word' id='word_1_642' title='bbox 1869 4069 1955 4118; x_wconf 92' lang='lat' dir='ltr'><strong>est</strong></span> <span class='ocrx_word' id='word_1_643' title='bbox 1985 4067 2310 4117; x_wconf 85' lang='lat' dir='ltr'><strong>assecutus:</strong></span> <span class='ocrx_word' id='word_1_644' title='bbox 2345 4058 2422 4112; x_wconf 87' lang='lat' dir='ltr'><strong>ait</strong></span> <span class='ocrx_word' id='word_1_645' title='bbox 2461 4058 2606 4112; x_wconf 92' lang='lat' dir='ltr'><strong>enim</strong></span> <span class='ocrx_word' id='word_1_646' title='bbox 2640 4075 2654 4111; x_wconf 89' lang='lat'><strong>:</strong></span> <span class='ocrx_word' id='word_1_647' title='bbox 2690 4075 2709 4108; x_wconf 77' lang='grc' dir='ltr'><strong>ι</strong></span> <span class='ocrx_word' id='word_1_648' title='bbox 2746 4055 2876 4122; x_wconf 87' lang='lat' dir='ltr'><strong>Quae</strong></span> <span class='ocrx_word' id='word_1_649' title='bbox 2908 4055 3251 4125; x_wconf 85' lang='lat' dir='ltr'><strong>participatio</strong></span> <span class='ocrx_word' id='word_1_650' title='bbox 3274 4055 3439 4125; x_wconf 88' lang='lat' dir='ltr'><strong>justi-</strong></span> 
     </span>
    </p>
   </div>
   <div class='ocr_carea' id='block_1_85' title="bbox 1871 4147 3439 4221">
    <p class='ocr_par' dir='ltr' id='par_1_85' title="bbox 1871 4147 3439 4221">
     <span class='ocr_line' id='line_1_85' title="bbox 1871 4147 3439 4221; baseline -0.004 -14"><span class='ocrx_word' id='word_1_651' title='bbox 1871 4154 1963 4210; x_wconf 65' lang='lat' dir='ltr'><strong>tiat</strong></span> <span class='ocrx_word' id='word_1_652' title='bbox 1998 4167 2122 4207; x_wconf 92' lang='lat' dir='ltr'><strong>cum</strong></span> <span class='ocrx_word' id='word_1_653' title='bbox 2145 4150 2453 4221; x_wconf 86' lang='lat' dir='ltr'><strong>iniquitate,</strong></span> <span class='ocrx_word' id='word_1_654' title='bbox 2484 4156 2539 4205; x_wconf 90' lang='lat' dir='ltr'><strong>et</strong></span> <span class='ocrx_word' id='word_1_655' title='bbox 2570 4164 2690 4218; x_wconf 85' lang='lat' dir='ltr'><strong>quae</strong></span> <span class='ocrx_word' id='word_1_656' title='bbox 2730 4147 3152 4202; x_wconf 86' lang='lat' dir='ltr'><strong>communicatio</strong></span> <span class='ocrx_word' id='word_1_657' title='bbox 3185 4147 3292 4202; x_wconf 91' lang='lat' dir='ltr'><strong>luci</strong></span> <span class='ocrx_word' id='word_1_658' title='bbox 3315 4161 3439 4201; x_wconf 91' lang='lat' dir='ltr'><strong>cum</strong></span> 
     </span>
    </p>
   </div>
   <div class='ocr_carea' id='block_1_86' title="bbox 1865 4237 3440 4315">
    <p class='ocr_par' dir='ltr' id='par_1_86' title="bbox 1865 4237 3440 4315">
     <span class='ocr_line' id='line_1_86' title="bbox 1865 4237 3440 4315; baseline -0.004 -15"><span class='ocrx_word' id='word_1_659' title='bbox 1865 4244 2143 4309; x_wconf 88' lang='lat' dir='ltr'><strong>tenebris,</strong></span> <span class='ocrx_word' id='word_1_660' title='bbox 2179 4243 2303 4315; x_wconf 89' lang='lat' dir='ltr'><strong>quis</strong></span> <span class='ocrx_word' id='word_1_661' title='bbox 2336 4256 2640 4297; x_wconf 88' lang='lat' dir='ltr'><strong>consensus</strong></span> <span class='ocrx_word' id='word_1_662' title='bbox 2672 4239 2878 4296; x_wconf 89' lang='lat' dir='ltr'><strong>Christi</strong></span> <span class='ocrx_word' id='word_1_663' title='bbox 2918 4254 3044 4295; x_wconf 87' lang='lat' dir='ltr'><strong>cum</strong></span> <span class='ocrx_word' id='word_1_664' title='bbox 3076 4238 3238 4294; x_wconf 88' lang='lat' dir='ltr'><strong>Belial</strong></span> <span class='ocrx_word' id='word_1_665' title='bbox 3264 4237 3440 4305; x_wconf 75' lang='lat' dir='ltr'><strong>lQute</strong></span> 
     </span>
    </p>
   </div>
   <div class='ocr_carea' id='block_1_87' title="bbox 1868 4330 3441 4409">
    <p class='ocr_par' dir='ltr' id='par_1_87' title="bbox 1868 4330 3441 4409">
     <span class='ocr_line' id='line_1_87' title="bbox 1868 4330 3441 4409; baseline -0.006 -17"><span class='ocrx_word' id='word_1_666' title='bbox 1868 4336 2049 4409; x_wconf 90' lang='lat' dir='ltr'><strong>portio</strong></span> <span class='ocrx_word' id='word_1_667' title='bbox 2084 4335 2261 4390; x_wconf 86' lang='lat' dir='ltr'><strong>fidelis</strong></span> <span class='ocrx_word' id='word_1_668' title='bbox 2295 4348 2419 4389; x_wconf 89' lang='lat' dir='ltr'><strong>cum</strong></span> <span class='ocrx_word' id='word_1_669' title='bbox 2463 4331 2669 4387; x_wconf 81' lang='lat' dir='ltr'><strong>infideli</strong></span> <span class='ocrx_word' id='word_1_670' title='bbox 2699 4331 2723 4385; x_wconf 86' lang='lat'><strong>?</strong></span> <span class='ocrx_word' id='word_1_671' title='bbox 2765 4346 2888 4401; x_wconf 74' lang='lat' dir='ltr'><strong>quae</strong></span> <span class='ocrx_word' id='word_1_672' title='bbox 2920 4331 3215 4385; x_wconf 90' lang='lat' dir='ltr'><strong>concordia</strong></span> <span class='ocrx_word' id='word_1_673' title='bbox 3251 4330 3441 4400; x_wconf 89' lang='lat' dir='ltr'><strong>templi</strong></span> 
     </span>
    </p>
   </div>
   <div class='ocr_carea' id='block_1_88' title="bbox 1868 4421 3439 4496">
    <p class='ocr_par' dir='ltr' id='par_1_88' title="bbox 1868 4421 3439 4496">
     <span class='ocr_line' id='line_1_88' title="bbox 1868 4421 3439 4496; baseline -0.009 -7"><span class='ocrx_word' id='word_1_674' title='bbox 1868 4448 1992 4489; x_wconf 91' lang='lat' dir='ltr'><strong>cum</strong></span> <span class='ocrx_word' id='word_1_675' title='bbox 2017 4431 2167 4487; x_wconf 88' lang='lat' dir='ltr'><strong>idolo</strong></span> <span class='ocrx_word' id='word_1_676' title='bbox 2187 4429 2296 4482; x_wconf 76' lang='lat' dir='ltr'><strong>&quot;“l</strong></span> <span class='ocrx_word' id='word_1_677' title='bbox 2328 4447 2347 4481; x_wconf 74' lang='grc' dir='ltr'><strong>ι</strong></span> <span class='ocrx_word' id='word_1_678' title='bbox 2375 4426 2723 4496; x_wconf 79' lang='lat' dir='ltr'><strong>Rursumque</strong></span> <span class='ocrx_word' id='word_1_679' title='bbox 2758 4424 2831 4478; x_wconf 89' lang='lat' dir='ltr'><strong>ita</strong></span> <span class='ocrx_word' id='word_1_680' title='bbox 2854 4424 3170 4494; x_wconf 89' lang='lat' dir='ltr'><strong>pronuntiat</strong></span> <span class='ocrx_word' id='word_1_681' title='bbox 3203 4438 3215 4473; x_wconf 92' lang='lat'><strong>:</strong></span> <span class='ocrx_word' id='word_1_682' title='bbox 3241 4440 3260 4473; x_wconf 79' lang='grc' dir='ltr'><strong>ι</strong></span> <span class='ocrx_word' id='word_1_683' title='bbox 3296 4421 3439 4476; x_wconf 92' lang='lat' dir='ltr'><strong>Caro</strong></span> 
     </span>
    </p>
   </div>
   <div class='ocr_carea' id='block_1_89' title="bbox 1868 4513 3440 4592">
    <p class='ocr_par' dir='ltr' id='par_1_89' title="bbox 1868 4513 3440 4592">
     <span class='ocr_line' id='line_1_89' title="bbox 1868 4513 3440 4592; baseline -0.008 -13"><span class='ocrx_word' id='word_1_684' title='bbox 1868 4522 2209 4592; x_wconf 84' lang='lat' dir='ltr'><strong>concupiscit</strong></span> <span class='ocrx_word' id='word_1_685' title='bbox 2229 4520 2493 4575; x_wconf 87' lang='lat' dir='ltr'><strong>adversus</strong></span> <span class='ocrx_word' id='word_1_686' title='bbox 2525 4518 2801 4587; x_wconf 90' lang='lat' dir='ltr'><strong>spiritum,</strong></span> <span class='ocrx_word' id='word_1_687' title='bbox 2826 4524 2879 4572; x_wconf 92' lang='lat' dir='ltr'><strong>et</strong></span> <span class='ocrx_word' id='word_1_688' title='bbox 2912 4516 3141 4585; x_wconf 86' lang='lat' dir='ltr'><strong>spiritus</strong></span> <span class='ocrx_word' id='word_1_689' title='bbox 3170 4513 3440 4567; x_wconf 88' lang='lat' dir='ltr'><strong>adversus</strong></span> 
     </span>
    </p>
   </div>
   <div class='ocr_carea' id='block_1_90' title="bbox 1870 4607 3440 4681">
    <p class='ocr_par' dir='ltr' id='par_1_90' title="bbox 1870 4607 3440 4681">
     <span class='ocr_line' id='line_1_90' title="bbox 1870 4607 3440 4681; baseline -0.008 -11"><span class='ocrx_word' id='word_1_690' title='bbox 1870 4629 2092 4670; x_wconf 84' lang='lat' dir='ltr'><strong>carnem</strong></span> <span class='ocrx_word' id='word_1_691' title='bbox 2120 4631 2136 4681; x_wconf 94' lang='lat'><strong>;</strong></span> <span class='ocrx_word' id='word_1_692' title='bbox 2170 4613 2287 4666; x_wconf 77' lang='lat' dir='ltr'><strong>haec</strong></span> <span class='ocrx_word' id='word_1_693' title='bbox 2321 4610 2466 4665; x_wconf 87' lang='lat' dir='ltr'><strong>enim</strong></span> <span class='ocrx_word' id='word_1_694' title='bbox 2503 4609 2607 4665; x_wconf 89' lang='lat' dir='ltr'><strong>sibi</strong></span> <span class='ocrx_word' id='word_1_695' title='bbox 2656 4607 3035 4671; x_wconf 82' lang='lat' dir='ltr'><strong>adversantur,</strong></span> <span class='ocrx_word' id='word_1_696' title='bbox 3069 4615 3128 4659; x_wconf 88' lang='lat' dir='ltr'><strong>ut</strong></span> <span class='ocrx_word' id='word_1_697' title='bbox 3176 4619 3286 4658; x_wconf 91' lang='lat' dir='ltr'><strong>non</strong></span> <span class='ocrx_word' id='word_1_698' title='bbox 3318 4618 3440 4671; x_wconf 64' lang='lat' dir='ltr'><strong>qua:</strong></span> 
     </span>
    </p>
   </div>
   <div class='ocr_carea' id='block_1_91' title="bbox 1869 4695 3440 4766">
    <p class='ocr_par' dir='ltr' id='par_1_91' title="bbox 1869 4695 3440 4766">
     <span class='ocr_line' id='line_1_91' title="bbox 1869 4695 3440 4766; baseline -0.01 -4"><span class='ocrx_word' id='word_1_699' title='bbox 1869 4705 2154 4762; x_wconf 89' lang='lat' dir='ltr'><strong>volueritis</strong></span> <span class='ocrx_word' id='word_1_700' title='bbox 2192 4702 2408 4758; x_wconf 81' lang='lat' dir='ltr'><strong>faciatis</strong></span> <span class='ocrx_word' id='word_1_701' title='bbox 2446 4700 2512 4755; x_wconf 84' lang='grc'><strong>³³.</strong></span> <span class='ocrx_word' id='word_1_702' title='bbox 2550 4719 2570 4751; x_wconf 77' lang='grc' dir='ltr'><strong>ι</strong></span> <span class='ocrx_word' id='word_1_703' title='bbox 2605 4698 2845 4752; x_wconf 90' lang='lat' dir='ltr'><strong>Primum</strong></span> <span class='ocrx_word' id='word_1_704' title='bbox 2889 4704 3101 4766; x_wconf 86' lang='lat' dir='ltr'><strong>oportet</strong></span> <span class='ocrx_word' id='word_1_705' title='bbox 3144 4695 3440 4749; x_wconf 67' lang='lat' dir='ltr'><strong>liberaria</strong></span> 
     </span>
    </p>
   </div>
   <div class='ocr_carea' id='block_1_92' title="bbox 1873 4787 3438 4862">
    <p class='ocr_par' dir='ltr' id='par_1_92' title="bbox 1873 4787 3438 4862">
     <span class='ocr_line' id='line_1_92' title="bbox 1873 4787 3438 4862; baseline -0.011 -6"><span class='ocrx_word' id='word_1_706' title='bbox 1873 4800 2217 4855; x_wconf 86' lang='lat' dir='ltr'><strong>dominatore</strong></span> <span class='ocrx_word' id='word_1_707' title='bbox 2266 4793 2504 4856; x_wconf 85' lang='lat' dir='ltr'><strong>diabolo,</strong></span> <span class='ocrx_word' id='word_1_708' title='bbox 2526 4792 2622 4862; x_wconf 90' lang='lat' dir='ltr'><strong>qui</strong></span> <span class='ocrx_word' id='word_1_709' title='bbox 2652 4792 2707 4845; x_wconf 89' lang='lat' dir='ltr'><strong>in</strong></span> <span class='ocrx_word' id='word_1_710' title='bbox 2736 4798 3017 4861; x_wconf 85' lang='lat' dir='ltr'><strong>peccatum</strong></span> <span class='ocrx_word' id='word_1_711' title='bbox 3061 4787 3271 4842; x_wconf 90' lang='lat' dir='ltr'><strong>inducit</strong></span> <span class='ocrx_word' id='word_1_712' title='bbox 3313 4801 3438 4841; x_wconf 92' lang='lat' dir='ltr'><strong>eum</strong></span> 
     </span>
    </p>
   </div>
   <div class='ocr_carea' id='block_1_93' title="bbox 1873 4875 3442 4963">
    <p class='ocr_par' dir='ltr' id='par_1_93' title="bbox 1873 4875 3442 4963">
     <span class='ocr_line' id='line_1_93' title="bbox 1873 4875 3442 4963; baseline -0.01 -17"><span class='ocrx_word' id='word_1_713' title='bbox 1873 4892 1969 4963; x_wconf 90' lang='lat' dir='ltr'><strong>qui</strong></span> <span class='ocrx_word' id='word_1_714' title='bbox 2002 4888 2254 4947; x_wconf 89' lang='lat' dir='ltr'><strong>subditus</strong></span> <span class='ocrx_word' id='word_1_715' title='bbox 2285 4886 2390 4955; x_wconf 90' lang='lat' dir='ltr'><strong>ipsi</strong></span> <span class='ocrx_word' id='word_1_716' title='bbox 2415 4891 2518 4940; x_wconf 86' lang='lat' dir='ltr'><strong>est.</strong></span> <span class='ocrx_word' id='word_1_717' title='bbox 2557 4882 2806 4937; x_wconf 80' lang='lat' dir='ltr'><strong>Diximus</strong></span> <span class='ocrx_word' id='word_1_718' title='bbox 2845 4880 2982 4935; x_wconf 81' lang='lat' dir='ltr'><strong>velle</strong></span> <span class='ocrx_word' id='word_1_719' title='bbox 3014 4892 3137 4943; x_wconf 88' lang='lat' dir='ltr'><strong>nos,</strong></span> <span class='ocrx_word' id='word_1_720' title='bbox 3177 4875 3442 4932; x_wconf 86' lang='lat' dir='ltr'><strong>abdicatis</strong></span> 
     </span>
    </p>
   </div>
   <div class='ocr_carea' id='block_1_94' title="bbox 1872 4968 3442 5049">
    <p class='ocr_par' dir='ltr' id='par_1_94' title="bbox 1872 4968 3442 5049">
     <span class='ocr_line' id='line_1_94' title="bbox 1872 4968 3442 5049; baseline -0.011 -10"><span class='ocrx_word' id='word_1_721' title='bbox 1872 4982 2127 5039; x_wconf 87' lang='lat' dir='ltr'><strong>omnibus</strong></span> <span class='ocrx_word' id='word_1_722' title='bbox 2155 4976 2515 5049; x_wconf 63' lang='lat' dir='ltr'><strong>praesentibus</strong></span> <span class='ocrx_word' id='word_1_723' title='bbox 2556 4982 2719 5045; x_wconf 88' lang='lat' dir='ltr'><strong>atque</strong></span> <span class='ocrx_word' id='word_1_724' title='bbox 2763 4972 2922 5028; x_wconf 88' lang='lat' dir='ltr'><strong>nobis</strong></span> <span class='ocrx_word' id='word_1_725' title='bbox 2950 4970 3108 5042; x_wconf 87' lang='lat' dir='ltr'><strong>ipsis,</strong></span> <span class='ocrx_word' id='word_1_726' title='bbox 3136 4984 3201 5024; x_wconf 88' lang='lat' dir='ltr'><strong>ac</strong></span> <span class='ocrx_word' id='word_1_727' title='bbox 3250 4968 3442 5024; x_wconf 85' lang='lat' dir='ltr'><strong>relicta</strong></span> 
     </span>
    </p>
   </div>
   <div class='ocr_carea' id='block_1_95' title="bbox 1871 5056 3444 5135">
    <p class='ocr_par' dir='ltr' id='par_1_95' title="bbox 1871 5056 3444 5135">
     <span class='ocr_line' id='line_1_95' title="bbox 1871 5056 3444 5135; baseline -0.013 -6"><span class='ocrx_word' id='word_1_728' title='bbox 1871 5074 1995 5130; x_wconf 83' lang='lat' dir='ltr'><strong>vitae</strong></span> <span class='ocrx_word' id='word_1_729' title='bbox 2050 5069 2367 5133; x_wconf 75' lang='lat' dir='ltr'><strong>affectione,</strong></span> <span class='ocrx_word' id='word_1_730' title='bbox 2397 5064 2741 5135; x_wconf 87' lang='lat' dir='ltr'><strong>disciplinam</strong></span> <span class='ocrx_word' id='word_1_731' title='bbox 2787 5062 2973 5119; x_wconf 83' lang='lat' dir='ltr'><strong>subire</strong></span> <span class='ocrx_word' id='word_1_732' title='bbox 3018 5058 3242 5122; x_wconf 87' lang='lat' dir='ltr'><strong>Christi,</strong></span> <span class='ocrx_word' id='word_1_733' title='bbox 3299 5056 3444 5111; x_wconf 87' lang='lat' dir='ltr'><strong>sicut</strong></span> 
     </span>
    </p>
   </div>
   <div class='ocr_carea' id='block_1_96' title="bbox 1874 5147 3446 5234">
    <p class='ocr_par' dir='ltr' id='par_1_96' title="bbox 1874 5147 3446 5234">
     <span class='ocr_line' id='line_1_96' title="bbox 1874 5147 3446 5234; baseline -0.013 -15"><span class='ocrx_word' id='word_1_734' title='bbox 1874 5164 1991 5234; x_wconf 90' lang='lat' dir='ltr'><strong>ipse</strong></span> <span class='ocrx_word' id='word_1_735' title='bbox 2011 5162 2226 5215; x_wconf 87' lang='lat' dir='ltr'><strong>locutus</strong></span> <span class='ocrx_word' id='word_1_736' title='bbox 2255 5164 2341 5213; x_wconf 88' lang='lat' dir='ltr'><strong>est</strong></span> <span class='ocrx_word' id='word_1_737' title='bbox 2367 5171 2382 5208; x_wconf 87' lang='lat'><strong>:</strong></span> <span class='ocrx_word' id='word_1_738' title='bbox 2414 5173 2433 5207; x_wconf 80' lang='grc' dir='ltr'><strong>ι</strong></span> <span class='ocrx_word' id='word_1_739' title='bbox 2474 5153 2534 5210; x_wconf 90' lang='lat' dir='ltr'><strong>Si</strong></span> <span class='ocrx_word' id='word_1_740' title='bbox 2560 5154 2685 5225; x_wconf 91' lang='lat' dir='ltr'><strong>quis</strong></span> <span class='ocrx_word' id='word_1_741' title='bbox 2722 5158 2847 5223; x_wconf 89' lang='lat' dir='ltr'><strong>post</strong></span> <span class='ocrx_word' id='word_1_742' title='bbox 2872 5165 2961 5206; x_wconf 90' lang='lat' dir='ltr'><strong>me</strong></span> <span class='ocrx_word' id='word_1_743' title='bbox 2988 5150 3190 5214; x_wconf 88' lang='lat' dir='ltr'><strong>veniat,</strong></span> <span class='ocrx_word' id='word_1_744' title='bbox 3214 5147 3446 5217; x_wconf 77' lang='lat' dir='ltr'><strong>abneget</strong></span> 
     </span>
    </p>
   </div>
   <div class='ocr_carea' id='block_1_97' title="bbox 1875 5240 3446 5321">
    <p class='ocr_par' dir='ltr' id='par_1_97' title="bbox 1875 5240 3446 5321">
     <span class='ocr_line' id='line_1_97' title="bbox 1875 5240 3446 5321; baseline -0.017 -11"><span class='ocrx_word' id='word_1_745' title='bbox 1875 5251 2250 5321; x_wconf 79' lang='lat' dir='ltr'><strong>semetipsum;</strong></span> <span class='ocrx_word' id='word_1_746' title='bbox 2282 5252 2336 5303; x_wconf 90' lang='lat' dir='ltr'><strong>et</strong></span> <span class='ocrx_word' id='word_1_747' title='bbox 2388 5244 2541 5300; x_wconf 84' lang='lat' dir='ltr'><strong>tollat</strong></span> <span class='ocrx_word' id='word_1_748' title='bbox 2585 5257 2804 5298; x_wconf 87' lang='lat' dir='ltr'><strong>crucem</strong></span> <span class='ocrx_word' id='word_1_749' title='bbox 2859 5254 3045 5301; x_wconf 78' lang='lat' dir='ltr'><strong>altam,</strong></span> <span class='ocrx_word' id='word_1_750' title='bbox 3079 5246 3133 5292; x_wconf 91' lang='lat' dir='ltr'><strong>et</strong></span> <span class='ocrx_word' id='word_1_751' title='bbox 3183 5240 3446 5303; x_wconf 87' lang='lat' dir='ltr'><strong>sequatur</strong></span> 
     </span>
    </p>
   </div>
   <div class='ocr_carea' id='block_1_98' title="bbox 1878 5323 3447 5408">
    <p class='ocr_par' dir='ltr' id='par_1_98' title="bbox 1878 5323 3447 5408">
     <span class='ocr_line' id='line_1_98' title="bbox 1878 5323 3447 5408; baseline -0.016 -8"><span class='ocrx_word' id='word_1_752' title='bbox 1878 5361 1966 5401; x_wconf 86' lang='lat' dir='ltr'><strong>me</strong></span> <span class='ocrx_word' id='word_1_753' title='bbox 1988 5344 2054 5408; x_wconf 77' lang='lat'><strong>“,</strong></span> <span class='ocrx_word' id='word_1_754' title='bbox 2070 5361 2088 5395; x_wconf 72' lang='grc' dir='ltr'><strong>ι</strong></span> <span class='ocrx_word' id='word_1_755' title='bbox 2108 5340 2165 5397; x_wconf 90' lang='lat' dir='ltr'><strong>id</strong></span> <span class='ocrx_word' id='word_1_756' title='bbox 2188 5347 2295 5406; x_wconf 86' lang='lat' dir='ltr'><strong>est,</strong></span> <span class='ocrx_word' id='word_1_757' title='bbox 2320 5353 2446 5395; x_wconf 91' lang='lat' dir='ltr'><strong>eum</strong></span> <span class='ocrx_word' id='word_1_758' title='bbox 2463 5336 2555 5407; x_wconf 90' lang='lat' dir='ltr'><strong>qui</strong></span> <span class='ocrx_word' id='word_1_759' title='bbox 2571 5332 2874 5406; x_wconf 88' lang='lat' dir='ltr'><strong>discipulus</strong></span> <span class='ocrx_word' id='word_1_760' title='bbox 2902 5343 3057 5386; x_wconf 83' lang='lat' dir='ltr'><strong>meus</strong></span> <span class='ocrx_word' id='word_1_761' title='bbox 3076 5334 3182 5388; x_wconf 78' lang='lat' dir='ltr'><strong>est.</strong></span> <span class='ocrx_word' id='word_1_762' title='bbox 3200 5323 3318 5379; x_wconf 82' lang='lat' dir='ltr'><strong>Non</strong></span> <span class='ocrx_word' id='word_1_763' title='bbox 3337 5337 3447 5376; x_wconf 92' lang='lat' dir='ltr'><strong>mo-</strong></span> 
     </span>
    </p>
   </div>
   <div class='ocr_carea' id='block_1_99' title="bbox 1876 5412 3445 5517">
    <p class='ocr_par' dir='ltr' id='par_1_99' title="bbox 1876 5412 3445 5517">
     <span class='ocr_line' id='line_1_99' title="bbox 1876 5412 3445 5517; baseline -0.017 -23"><span class='ocrx_word' id='word_1_764' title='bbox 1876 5438 1947 5494; x_wconf 95' lang='lat' dir='ltr'><strong>do</strong></span> <span class='ocrx_word' id='word_1_765' title='bbox 1967 5438 2108 5494; x_wconf 87' lang='lat' dir='ltr'><strong>bona</strong></span> <span class='ocrx_word' id='word_1_766' title='bbox 2122 5442 2175 5490; x_wconf 84' lang='lat' dir='ltr'><strong>et</strong></span> <span class='ocrx_word' id='word_1_767' title='bbox 2193 5434 2317 5517; x_wconf 59' lang='lat' dir='ltr'><strong>vita</strong></span> <span class='ocrx_word' id='word_1_768' title='bbox 2337 5430 2645 5489; x_wconf 87' lang='lat' dir='ltr'><strong>necessaria</strong></span> <span class='ocrx_word' id='word_1_769' title='bbox 2665 5425 2942 5499; x_wconf 88' lang='lat' dir='ltr'><strong>despicere</strong></span> <span class='ocrx_word' id='word_1_770' title='bbox 2958 5419 3327 5494; x_wconf 79' lang='lat' dir='ltr'><strong>praecipimur;</strong></span> <span class='ocrx_word' id='word_1_771' title='bbox 3351 5412 3445 5471; x_wconf 88' lang='lat' dir='ltr'><strong>sed</strong></span> 
     </span>
    </p>
   </div>
   <div class='ocr_carea' id='block_1_100' title="bbox 263 5568 1767 5673">
    <p class='ocr_par' dir='ltr' id='par_1_100' title="bbox 263 5594 1767 5673">
     <span class='ocr_line' id='line_1_100' title="bbox 263 5594 1767 5673; baseline -0.019 1"><span class='ocrx_word' id='word_1_772' title='bbox 263 5620 311 5653; x_wconf 74' lang='grc'><strong>³⁸</strong></span> <span class='ocrx_word' id='word_1_773' title='bbox 348 5616 521 5673; x_wconf 81' lang='lat' dir='ltr'><strong>Marc.</strong></span> <span class='ocrx_word' id='word_1_774' title='bbox 558 5628 625 5673; x_wconf 72' lang='grc' dir='ltr'>ι,</span> <span class='ocrx_word' id='word_1_775' title='bbox 653 5609 744 5664; x_wconf 73' lang='grc'><strong>21.</strong></span> <span class='ocrx_word' id='word_1_776' title='bbox 819 5610 863 5641; x_wconf 77' lang='grc'><strong>’³</strong></span> <span class='ocrx_word' id='word_1_777' title='bbox 902 5606 1037 5660; x_wconf 87' lang='lat' dir='ltr'><strong>Luc.</strong></span> <span class='ocrx_word' id='word_1_778' title='bbox 1077 5617 1230 5665; x_wconf 76' lang='lat' dir='ltr'><strong>xvm,</strong></span> <span class='ocrx_word' id='word_1_779' title='bbox 1261 5594 1670 5673; x_wconf 73' lang='lat' dir='ltr'><strong>2l._-_&#39;°_Joan.</strong></span> <span class='ocrx_word' id='word_1_780' title='bbox 1706 5607 1767 5673; x_wconf 57' lang='grc' dir='ltr'><strong>νε</strong></span> 
     </span>
    </p>
   </div>
   <div class='ocr_carea' id='block_1_101' title="bbox 1868 5568 3445 5673">
    <p class='ocr_par' dir='ltr' id='par_1_101' title="bbox 1868 5568 3445 5660">
     <span class='ocr_line' id='line_1_101' title="bbox 1868 5568 3445 5660; baseline -0.017 -11"><span class='ocrx_word' id='word_1_781' title='bbox 1868 5594 1954 5660; x_wconf 74' lang='grc'><strong>54,</strong></span> <span class='ocrx_word' id='word_1_782' title='bbox 1986 5594 2076 5649; x_wconf 79' lang='lat'><strong>55.</strong></span> <span class='ocrx_word' id='word_1_783' title='bbox 2154 5591 2195 5623; x_wconf 85' lang='grc'><strong>³¹</strong></span> <span class='ocrx_word' id='word_1_784' title='bbox 2235 5587 2395 5645; x_wconf 80' lang='lat' dir='ltr'><strong>Rom.</strong></span> <span class='ocrx_word' id='word_1_785' title='bbox 2427 5587 2618 5653; x_wconf 52' lang='grc' dir='ltr'>ψει).</span> <span class='ocrx_word' id='word_1_786' title='bbox 2697 5585 2740 5617; x_wconf 77' lang='grc'><em>³⁹</em></span> <span class='ocrx_word' id='word_1_787' title='bbox 2781 5580 2969 5640; x_wconf 82' lang='lat' dir='ltr'><strong>Matth.</strong></span> <span class='ocrx_word' id='word_1_788' title='bbox 3008 5594 3087 5645; x_wconf 66' lang='grc' dir='ltr'><strong>γι,</strong></span> <span class='ocrx_word' id='word_1_789' title='bbox 3121 5575 3214 5630; x_wconf 64' lang='lat'><strong>26.</strong></span> <span class='ocrx_word' id='word_1_790' title='bbox 3292 5570 3358 5605; x_wconf 79' lang='grc'><strong>³³⁸</strong></span> <span class='ocrx_word' id='word_1_791' title='bbox 3402 5568 3445 5623; x_wconf 83' lang='lat' dir='ltr'><strong>Il</strong></span> 
     </span>
    </p>
   </div>
   <div class='ocr_carea' id='block_1_102' title="bbox 179 5664 1827 5753">
    <p class='ocr_par' dir='ltr' id='par_1_102' title="bbox 179 5664 1827 5753">
     <span class='ocr_line' id='line_1_102' title="bbox 179 5664 1827 5753; baseline -0.018 -6"><span class='ocrx_word' id='word_1_792' title='bbox 179 5690 322 5746; x_wconf 83' lang='lat' dir='ltr'><strong>Cor.</strong></span> <span class='ocrx_word' id='word_1_793' title='bbox 348 5664 683 5753; x_wconf 51' lang='lat'><strong>&quot;51416.</strong></span> <span class='ocrx_word' id='word_1_794' title='bbox 772 5678 817 5711; x_wconf 83' lang='grc'><strong>³³</strong></span> <span class='ocrx_word' id='word_1_795' title='bbox 855 5676 974 5733; x_wconf 87' lang='lat' dir='ltr'><strong>Cal.</strong></span> <span class='ocrx_word' id='word_1_796' title='bbox 1010 5692 1063 5739; x_wconf 81' lang='grc' dir='ltr'><strong>ν,</strong></span> <span class='ocrx_word' id='word_1_797' title='bbox 1100 5674 1183 5727; x_wconf 80' lang='lat' dir='ltr'><strong>l7.</strong></span> <span class='ocrx_word' id='word_1_798' title='bbox 1277 5673 1323 5703; x_wconf 75' lang='grc'>³³</span> <span class='ocrx_word' id='word_1_799' title='bbox 1361 5667 1549 5723; x_wconf 67' lang='lat' dir='ltr'><strong>Matth.</strong></span> <span class='ocrx_word' id='word_1_800' title='bbox 1588 5681 1701 5731; x_wconf 56' lang='grc' dir='ltr'>λιιι,</span> <span class='ocrx_word' id='word_1_801' title='bbox 1735 5664 1827 5720; x_wconf 63' lang='lat'><strong>24.</strong></span> 
     </span>
    </p>
   </div>
   <div class='ocr_carea' id='block_1_103' title="bbox 269 5804 892 5873">
    <p class='ocr_par' dir='ltr' id='par_1_103' title="bbox 269 5804 892 5873">
     <span class='ocr_line' id='line_1_103' title="bbox 269 5804 892 5873; baseline -0.013 -9"><span class='ocrx_word' id='word_1_802' title='bbox 269 5814 382 5873; x_wconf 72' lang='grc' dir='ltr'><strong>(εδ)</strong></span> <span class='ocrx_word' id='word_1_803' title='bbox 424 5811 608 5866; x_wconf 87' lang='lat' dir='ltr'><strong>Locus</strong></span> <span class='ocrx_word' id='word_1_804' title='bbox 642 5804 892 5859; x_wconf 66' lang='lat' dir='ltr'><strong>vitiosus.</strong></span> 
     </span>
    </p>
   </div>
  </div>
