3976 6388
554 338 710 398 ,14ῑὸ

1702 343 1757 396 8.
1793 343 2255 400 ATIIANASIUS.
2293 373 2364 384 —
2406 341 2676 399 SPURIA.

3665 351 3777 406 ιιει

555 458 720 514 etiam
757 465 943 510 mutua
973 455 1145 509 ollicia
1198 469 1319 524 quae
1356 457 1657 512 secundum
1689 468 1943 512 naturam
1978 465 2035 513 et
2057 459 2119 514 le-

2236 458 2574 529 τασσόμεθα,
2601 459 2738 513 ἀλλὰ
2762 460 2854 513 καὶ
2896 460 3002 513 τῶν
3034 460 3171 533 πρὸς
3197 461 3464 533 ἀλλήλους
3491 467 3775 535 νενομισμέο

556 565 678 621 gem
716 555 876 615 sunt,
909 560 1167 616 superare
1199 554 1253 600 et
1302 547 1556 604 omittere
1593 549 1873 619 jubemur,
1919 549 2134 608 dicente

557 642 789 698 Domino
821 659 833 694 :
873 659 891 692 ι
919 638 1023 704 Qui
1053 639 1230 709 diligit
1261 646 1466 709 patrem
1487 649 1542 695 et
1571 649 1799 696 matrem
1825 643 1949 714 plus
1969 659 2133 716 quam

534 708 658 810 line,
690 749 800 789 non
829 741 916 789 est
947 747 1032 786 me
1056 708 1351 801 dignus".
1397 751 1416 784 ι
1460 731 1726 789 Similiter
1755 708 1904 806 quod
1937 708 2133 792 conse-

549 828 760 898 quitur,
797 825 1047 896 proxime
1083 825 1248 881 situm
1289 833 1396 889 est,
1447 827 1558 881 imo
1595 826 1912 896 longissime
1957 830 2026 884 ab
2063 830 2130 884 iis

548 917 644 989 qui
691 925 822 973 sunt
853 916 1100 972 extranei
1131 931 1162 970 a
1194 915 1322 972 lide.
1361 915 1730 983 Quamobrem
1780 919 2133 976 vehementer

549 1008 824 1072 hortatur,
864 1015 926 1061 ut
977 1021 1102 1061 cum
1163 1007 1571 1076 perseverantia
1610 1021 1866 1061 asccseos
1917 1008 2131 1064 labores

548 1105 942 1167 sustineamus,
978 1103 1032 1156 in
1065 1101 1216 1155 nullo
1247 1109 1551 1156 metuentes
1582 1101 1792 1155 inimici
1837 1101 2128 1156 adversum

547 1213 650 1254 nos
679 1204 898 1268 paratas
938 1195 1193 1250 insidias.
1231 1193 1480 1249 Prmterit
1503 1192 1673 1264 ﬁgura
1706 1192 1871 1262 hujus
1916 1191 2124 1247 mundi.

543 1285 628 1342 Ad
660 1286 797 1350 haec,
826 1285 1040 1341 fallacia
1069 1293 1124 1340 et
1153 1284 1435 1339 tribulatio
1481 1284 1648 1354 hujus
1691 1283 1820 1339 vitae
1855 1292 2129 1354 tempora-

543 1394 645 1436 nea
675 1387 782 1441 est.
806 1377 1094 1448 brevisque
1123 1376 1385 1446 temporis
1413 1394 1426 1430 :
1456 1375 1566 1429 vita
1595 1390 1722 1431 vero
1751 1391 1871 1446 quae
1894 1377 1946 1430 in
1971 1375 2130 1430 Chri-

545 1476 613 1526 sti
640 1469 904 1525 servitute
930 1468 1115 1538 agitur
1137 1475 1222 1520 est
1266 1471 1490 1526 mterna,
1522 1472 1782 1533 perpetua
1810 1472 1865 1518 et
1898 1462 2127 1516 immor-

547 1561 670 1617 talis
720 1579 734 1616 :
788 1574 952 1630 quam
1003 1564 1386 1626 exspectamus
1431 1569 1531 1608 nos
1579 1554 1676 1623 qui
1728 1553 1932 1608 Christi
1983 1550 2124 1607 servi

545 1669 738 1709 sumus
773 1651 1081 1721 :cujusque
1110 1663 1277 1704 causa
1308 1645 1572 1700 mundum
1605 1645 1982 1700 abdicavimus
2010 1659 2127 1698 om-

543 1760 754 1815 nesque
776 1740 1251 1811 concupiscendus
1275 1739 1417 1807 ejus.
1435 1735 1619 1806 Neque
1648 1736 1914 1792 debemus
1933 1751 2124 1791 eorum

2235 569 2340 605 νων
2372 551 2630 606 καὶκατὰ
2668 551 2830 622 φύσιν
2869 554 2963 606 καὶ
2999 553 3162 624 νόμον
3190 554 3420 608 διειίων
3459 555 3778 626 καθηκόντων

2235 645 2592 716 ὑπερφρονεῖν
2613 645 2998 717 παιδευόμεθα,
3021 646 3115 700 τοῦ
3141 647 3345 718 Κυρίου
3374 647 3650 718 λέγοντος*
3687 669 3702 700 ι
3731 649 3780 705 '0

2233 738 2462 806 ἀγαπῶν
2509 738 2718 808 πατέρα
2748 739 2781 809 ἦ
2817 738 3028 810 μητέρα
3062 739 3205 809 ὑπὲρ
3265 740 3392 809 ἐμὲ,
3427 741 3529 793 οὐκ
3559 740 3670 794 ἔστι
3698 759 3779 811 μου

2233 827 2403 893 ἄξιος.
2453 846 2471 876 ι
2519 826 2754 896 Ὁμοίως
2812 829 2906 880 καὶ
2965 829 3026 880 τὺ
3067 827 3254 882 λοιπὸν
3307 831 3593 898 ἐγγυτάτω
3649 835 3779 897 οἰκεῖ,

2231 917 2389 988 δῆλον
2405 919 2463 971 δὲ
2487 919 2568 972 ὅτι
2592 919 2726 972 πολὺ
2755 921 3085 990 πορρωτέρω
3106 921 3197 974 καὶ
3225 919 3390 985 ξένων
3419 923 3520 993 τῆς
3551 923 3776 990 πίστεως.

2231 1011 2323 1063 Διὸ
2362 1011 2700 1084 παρακαλῶν
2752 1013 3002 1082 μεγάλως
3046 1015 3500 1086 ἁοργετουειέεοις
3532 1019 3590 1069 ὲν
3616 1035 3780 1090 καρτε-

2236 1102 2324 1174 ρία
2352 1104 2478 1166 τοὺς
2531 1102 2632 1172 τῆς
2661 1105 2947 1175 ἀσκήσεως
3001 1107 3216 1169 πόνους,
3248 1109 3306 1160 ἐν
3339 1108 3532 1178 μηδενὶ
3575 1109 3781 1176 δεδιότας

2229 1195 2328 1258 τὰς
2355 1194 2478 1248 καθ’
2525 1195 2682 1266 ήμῶν
2711 1195 2808 1248 τοῦ
2837 1195 3033 1268 ἐχθροῦ
3059 1198 3332 1267 μεθόδους.
3366 1200 3616 1271 Παράγει
3652 1200 3782 1253 τοῦτο

2231 1285 2416 1356 σχῆμα
2444 1284 2537 1338 τοῦ
2566 1286 2774 1356 κόσμου
2805 1287 3020 1340 τούτου.
3049 1290 3160 1342 Καὶ
3175 1289 3346 1343 ταῦτα
3379 1291 3414 1361 ή
3453 1291 3664 1362 ἀπάτη,
3705 1295 3782 1346 καὶ

2230 1377 2407 1446 θλίψις
2431 1379 2524 1432 τοῦ
2561 1377 2676 1448 βίου
2716 1378 2904 1432 τούτου
2943 1381 3278 1453 πρόσκαιρός
3306 1384 3423 1435 ἐστι
3479 1385 3576 1438 καὶ
3636 1384 3785 1454 ὀλιγο-

2229 1469 2460 1540 χρόνιος,
2487 1471 2520 1540 ἡ
2542 1470 2598 1522 δὲ
2619 1467 2698 1539 τῷ
2725 1469 2845 1539 Θεῷ
2869 1469 3164 1532 δουλεύειν,
3192 1470 3304 1541 ζωὴ
3355 1471 3602 1536 αἰώνιος,
3638 1474 3784 1536 ἀῖδιος

2228 1561 2324 1614 καὶ
2345 1560 2632 1624 ἀθάνατος,
2656 1559 2761 1612 ποῦ
2793 1559 3134 1631 ἀναμένομεν
3167 1562 3216 1612 οἱ
3242 1560 3320 1632 τῷ
3348 1561 3575 1634 Χριστῷ
3602 1562 3786 1616 δουλεῶ

2227 1669 2408 1715 οντες⁹
2439 1651 2504 1704 δι’
2525 1651 2592 1722 ἢν
2619 1651 2712 1704 καὶ
2756 1651 3150 1723 ἀπεταξάμεθα
3201 1651 3280 1722 τῷ
3311 1654 3528 1724 κόσμῳ,
3572 1654 3668 1708 καὶ
3695 1655 3779 1708 πάν

2231 1757 2352 1804 σαις
2369 1745 2488 1804 ταῖς
2520 1739 2838 1810 ἐπιθυμίαις
2859 1739 3047 1794 αὑτοῦ.
3070 1741 3180 1794 Καὶ
3200 1742 3300 1794 οὐκ
3339 1741 3632 1812 ὀφείλομεν
3679 1757 3787 1812 [Mr

541 1835 878 1900 meminisse,
913 1848 1034 1904 quae
1064 1832 1186 1902 ejus
1215 1831 1469 1902 praecepti
1495 1829 1751 1886 servandi
1779 1844 1948 1884 causa
1975 1829 2119 1885 dere-

2230 1832 2474 1904 μονεύειν
2505 1833 2714 1896 ἐκεῖνα,
2758 1835 2901 1905 ἅπερ
2930 1833 3019 1887 διὰ
3047 1833 3146 1904 τὴν
3177 1833 3399 1904 ἐντολὴν
3426 1833 3637 1904 ταύτην
3674 1850 3788 1888 κατ-

543 1928 850 1998 quuimus;
898 1941 967 1980 ne
1023 1923 1341 1994 temporalia
1394 1938 1612 1978 rursum
1661 1929 2000 1992 expetentes,
2041 1921 2126 1976 vi-

540 2027 652 2073 tam
700 2028 957 2074 aeternam
1004 2017 1339 2070 amittamus.
1393 2014 1610 2070 Mentiri
1671 2015 1873 2085 quippe
1911 2014 2121 2084 nequit,

537 2113 634 2185 qui
659 2111 798 2167 dixit
839 2130 853 2165 :
884 2128 903 2162 ι
933 2108 1196 2180 Quisquis
1220 2107 1489 2164 dimiserit
1519 2107 1742 2163 domum
1770 2126 1789 2160 ι
1810 2113 1865 2162 et
1888 2108 2121 2177 reliqua,

459 2197 469 2206 ’
541 2202 888 2272 «centuplum
909 2199 1152 2271 recipiet,
1172 2206 1224 2254 et
1241 2200 1407 2254 vitam
1428 2209 1686 2256 natet-nam
1706 2199 2006 2269 possidebit
2021 2199 2082 2253 ³⁸.
2097 2217 2117 2250 ι

536 2295 728 2366 Neque
751 2293 920 2356 enim,
947 2301 1005 2353 ut
1031 2291 1247 2364 quidam
1280 2294 1730 2362 interpretantur,
1762 2291 1876 2346 hac
1907 2292 2123 2350 locutus

535 2397 622 2446 est
659 2386 926 2442 Dominus
954 2386 1022 2442 de
1049 2385 1119 2440 iis
1143 2385 1234 2455 qui
1266 2391 1513 2454 tempore
1545 2383 1990 2453 persecutionum
2023 2400 2122 2454 pro

536 2482 760 2538 nomine
780 2479 902 2550 ejus
929 2479 1250 2552 martyrium
1274 2477 1581 2533 subierunt.
1598 2475 1953 2547 Nequaquam
1973 2477 2118 2532 enim

535 2574 674 2628 dixit
706 2589 719 2624 :
757 2573 796 2627 li
832 2572 1010 2629 solum
1048 2573 1140 2640 qui
1187 2586 1284 2640 pro
1334 2569 1555 2624 nomine
1599 2584 1743 2629 meo.
1791 2571 1844 2623 in
1879 2580 2121 2639 tempore

534 2665 981 2736 persecutionum
1021 2679 1252 2733 Corpora
1299 2677 1397 2716 sua
1445 2661 1680 2725 tradent,
1737 2661 1858 2714 vitae
1903 2670 2120 2715 alterna:

535 2757 906 2812 lucreditatem
943 2753 1444 2826 possidebunt;sed
1471 2762 1738 2823 quotquot
1772 2769 1872 2824 pro
1902 2753 2120 2808 nomine

534 2850 656 2918 ejus
702 2849 964 2904 mundum
1017 2855 1072 2904 et
1105 2849 1580 2918 concupiscentias
1617 2847 1738 2916 ejus
1767 2854 1934 2916 atque
1975 2846 2118 2901 bona

535 2941 932 2998 abdicahimus.
964 2956 1088 2995 cum
1114 2941 1392 3002 omnibus,
1425 2947 1589 3010 atque
1610 2939 1680 2995 iis
1707 2940 1871 2994 etiam
1905 2941 1998 3010 qui
2021 2956 2118 3010 pro

533 3035 758 3088 nomine
784 3033 904 3104 ejus
941 3034 1262 3104 martyrium
1318 3031 1610 3096 subierint,
1655 3046 1774 3085 eam
1810 3030 2120 3102 possidebi-

534 3140 682 3182 mus.
705 3123 952 3198 Namque
985 3140 1178 3180 omnes
1205 3140 1472 3194 pauperes
1495 3124 1712 3194 spiritu,
1735 3140 1927 3180 omnes
1958 3142 2117 3180 mun-
2143 3162 2188 3220 ο

537 3217 638 3273 dos
679 3217 870 3278 corde,
921 3216 1119 3279 mites,
1149 3231 1451 3286 omnesque
1493 3216 1746 3270 similiter
1797 3217 1890 3286 qui
1923 3216 2119 3273 timent

535 3324 738 3365 nomen
763 3309 886 3379 ejus
923 3310 1111 3364 beatos
1148 3324 1272 3365 esse
1293 3308 1429 3363 dixit
1461 3306 1713 3363 Salvator
1744 3323 1758 3360 :
1799 3327 1818 3359 ι
1845 3307 2115 3375 Quoniam

537 3400 1011 3469 vestrum,iuquit,
1035 3408 1119 3455 est
1145 3415 1370 3469 regnum
1395 3399 1660 3454 caelorum
1681 3400 1744 3454 ³⁷.
1787 3417 1807 3451 ι
1851 3398 2116 3470 Martyres

533 3493 678 3548 enim
704 3493 1022 3562 plerumque
1047 3490 1130 3545 vel
1157 3505 1266 3544 uno
1297 3490 1561 3560 temporis
1591 3497 1870 3546 momento
1895 3505 2118 3545 concer-

535 3594 713 3642 tantes
753 3585 1112 3651 consummati
1145 3591 1314 3649 sunt;
1350 3583 1746 3638 monachorum
1790 3599 1922 3638 vero
1955 3583 2118 3640 insti-

533 3685 710 3732 totum
752 3677 908 3739 vitae,
941 3675 1332 3731 certaminibus
1364 3673 1482 3728 suis
1513 3675 1760 3745 quotidie
1789 3675 2112 3746 martyrium

533 3769 702 3828 subit.
735 3783 844 3822 non
872 3783 902 3820 τι
926 3765 1193 3836 sanguine
1225 3772 1280 3820 et
1301 3779 1497 3830 carne;
1533 3765 1630 3820 sed
1659 3765 1926 3820 adversus
1957 3764 2112 3834 prin-

532 3861 746 3930 cipatus
779 3867 833 3916 et
875 3865 1206 3930 potestates.
1240 3857 1430 3912 mundi
1475 3863 1719 3910 rectores
1764 3855 2112 3910 tenebrarum

532 3953 740 4015 seculi,
775 3951 1038 4008 adversus
1069 3950 1377 4020 spiritualia
1418 3949 1694 4018 nequitiae.
1726 3963 1901 4020 usque
1927 3948 1993 4002 ad
2019 3963 2116 4004 ex-

533 4055 767 4101 tremum
795 4044 1027 4098 halitum
1057 4042 1298 4098 luctatur
1323 4050 1488 4112 atque
1520 4040 1842 4096 dimicat....

2226 1921 2538 1992 ελείψαμεν,
2568 1923 2653 1976 ἵνα
2679 1923 2754 1994 μὴ
2781 1923 2946 1977 πάλιν
2974 1923 3041 1976 τὰ
3075 1923 3392 1995 πρόσκαιρα
3443 1923 3788 1993 ποθήσαντες,

2223 2014 2322 2086 τὴν
2347 2013 2562 2068 αἰώνιον
2589 2013 2731 2085 ζωὴν
2757 2013 3184 2086 ἀποϐαλώμεθα.
3233 2015 3502 2087 Ἀψευδὴς
3537 2016 3649 2089 γὰρ
3676 2019 3702 2070 0
3721 2017 3787 2069 εἱ-

2225 2106 2342 2162 πὼν
2369 2108 2450 2160 ὅτι
2485 2127 2504 2158 ι
2545 2109 2653 2170 πᾶς
2692 2107 2752 2171 ὃς
2795 2107 3007 2178 ἀφῆκεν
3064 2108 3262 2174 οἰκίαν,
3301 2127 3320 2161 ι
3352 2111 3450 2162 καὶ
3499 2108 3573 2163 τά
3625 2111 3784 2173 lauti,

2228 2218 2247 2251 ι
2284 2198 2816 2252 ἑκατονταπλασίονα
2837 2200 3088 2271 λήψεται,
3120 2202 3214 2254 καὶ
3242 2200 3388 2272 ζωὴν
3429 2201 3650 2254 αἰώνιον
3675 2201 3788 2271 κλη-

2224 2293 2534 2364 ρονομήσει.
2564 2312 2582 2343 ι
2603 2293 2676 2346 υὺ
2694 2294 2822 2364 γὰρ,
2841 2293 2916 2356 ὣς
2943 2311 3084 2358 τινες
3101 2294 3269 2348 ταῦτα
3287 2295 3617 2366 ἑρμηνεύειν
3631 2295 3788 2349 δοκοῦ-

2223 2401 2328 2448 σιν,
2383 2385 2464 2438 ὅτι
2506 2385 2634 2456 περὶ
2681 2385 2790 2436 τὼν
2837 2387 2896 2437 ἐν
2926 2385 3004 2456 τῷ
3033 2386 3207 2456 καιρῷ
3235 2385 3344 2440 τῶν
3375 2386 3642 2457 διωγμῶν
3667 2385 3786 2456 ὑπὲρ

2220 2473 2315 2527 τοῦ
2357 2475 2620 2546 ὀνόματος
2649 2474 2816 2528 αὑτοῦ
2853 2477 3321 2547 μαρτυρησάντων
3353 2471 3512 2529 εἶπεν
3531 2479 3562 2528 ὁ
3583 2475 3785 2546 Κύριος.

2223 2568 2298 2624 Οὐ
2333 2569 2440 2640 γὰρ
2463 2570 2565 2640 ἔφη
2595 2569 2698 2635 ὅτι,
2727 2570 2905 2622 Μόνον
2937 2571 2986 2622 οἱ
3024 2571 3082 2622 ὲν
3110 2569 3186 2640 τῷ
3208 2568 3390 2640 καιρῷ
3411 2569 3530 2622 τῶν
3553 2568 3786 2639 διωγμῶν

2220 2663 2359 2734 ὑπὲρ
2396 2661 2488 2715 τοῦ
2519 2662 2780 2732 ὀνόματός
2818 2679 2918 2733 μου
2963 2662 3032 2716 τὰ
3069 2663 3278 2716 ἑαυτῶν
3332 2662 3569 2733 σώματα
3625 2679 3785 2732 παρα-

2219 2751 2499 2818 δώσοντες,
2525 2753 2670 2823 ζωὴν
2694 2752 2910 2806 αἰώνιον
2935 2753 3444 2825 κληρονομήσονται
3461 2771 3474 2783 ·
3507 2753 3645 2807 ἀλλά
3670 2753 3788 2806 πάνυ

2217 2861 2310 2908 τες
2333 2845 2384 2898 οἳ
2404 2844 2493 2898 διὰ
2522 2844 2582 2897 τὸ
2606 2843 2780 2914 ὄνομά
2807 2862 2907 2915 μου
2930 2845 3024 2898 καὶ
3059 2844 3270 2916 κόσμῳ.
3307 2847 3408 2899 xa‘t
3450 2847 3654 2910 πάσαις
3681 2847 3788 2908 ταῖς

2219 2935 2539 3006 ἐπιθυμίαις
2565 2935 2732 2989 αὐτοῦ
2765 2932 3185 3005 ἀωαξώμεθα,
3215 2936 3309 2988 καὶ
3339 2937 3478 2990 πᾶσι
3493 2939 3606 3000 τοῖς
3630 2934 3788 3004 ὑπάρ-

2219 3045 2403 3100 χουσιν
2433 3027 2597 3082 αὑτοῦ
2617 3027 3038 3099 ἀποταξόψεθα,
3063 3024 3208 3098 ζωὴν
3237 3028 3482 3092 αἰώνιον,
3511 3029 3648 3100 μετά
3669 3027 3787 3080 πᾶν·

2218 3137 2328 3174 των
2355 3119 2557 3192 δηλαδὴ
2597 3118 2706 3173 τῶν
2745 3120 2888 3192 ὑπὲρ
2932 3119 3028 3174 τοῦ
3057 3119 3327 3190 ὀνόματός
3365 3137 3472 3192 μου
3529 3135 3788 3192 μαρτυρη-

2221 3212 2450 3275 σάντων,
2483 3211 2975 3284 κληρονομήσουσι.
3007 3214 3224 3277 Πάντας
3258 3215 3388 3278 τοὺς
3434 3214 3682 3284 πτωχοὺς
3719 3210 3788 3282 τῷ

2217 3304 2511 3374 πνεύματι,
2546 3305 2786 3369 καὶτοὺς
2817 3305 3090 3377 καθαροὺς
3139 3308 3206 3377 τῇ
3263 3305 3488 3378 καρδίᾳ,
3547 3307 3641 3360 καὶ
3673 3304 3786 3367 τοὺς

2219 3400 2436 3470 πραεῖς,
2465 3397 2704 3461 καὶτοὺς
2739 3397 3108 3468 φοϐουμένους
3130 3397 3190 3450 τὸ
3213 3397 3388 3468 ὄνομα
3420 3396 3588 3452 αὑτοῦ
3623 3413 3786 3468 μακα-

2218 3489 2462 3564 ρίζεσθαι
2487 3489 2678 3562 Σωτὴρ
2705 3489 2910 3558 ἔλεγεν,
2933 3507 2953 3540 ι
2978 3487 3103 3544 Ὀτι
3124 3488 3278 3559 ὑμῶν
3308 3490 3460 3543 ἐστιν
3492 3491 3528 3561 ἡ
3562 3487 3788 3560 βασιλεία

2216 3583 2325 3638 τῶν
2353 3584 2618 3656 οὐρανῶν.
2667 3602 2685 3634 ι
2711 3581 2777 3638 Oi
2805 3582 2906 3654 μὲν
2929 3581 3039 3654 γὰρ
3071 3582 3351 3654 μάρτυρες
3392 3581 3676 3646 πολλάκις,
3703 3579 3788 3634 καὶ

2218 3675 2312 3729 ἐπὶ
2349 3677 2446 3746 μιᾷ
2487 3675 2682 3747 καιροῦ
2729 3677 2868 3746 ῥοπῇ
2896 3674 3297 3744 ἀγωνισάμενοι
3363 3673 3783 3744 ἐτελειώθησαν·

2218 3770 2254 3840 ἠ
2281 3767 2338 3821 δὲ
2361 3767 2470 3820 τῶν
2507 3768 2758 3838 μοναχῶν
2785 3768 3025 3822 πολιτεία
3074 3766 3258 3831 ἄθλοις
3296 3767 3424 3820 καθ’
3465 3769 3700 3838 ἑκάστην
3727 3765 3787 3818 δι’

2218 3859 2380 3914 αὑτὸν
2412 3864 2696 3932 μαρτυρεῖ,
2725 3861 2825 3914 οὐκ
2843 3860 2950 3914 ἀπὸ
2970 3860 3222 3931 αἵματος,
3253 3861 3354 3914 καὶ⁵
3388 3861 3595 3932 σαρκὸς
3628 3875 3788 3930 παρα·

2218 3951 2552 4021 τασσόμεθα,
2579 3951 2716 4005 ἀλλά
2737 3951 2874 4024 πρὸς
2891 3951 2988 4014 τὰς
3005 3949 3201 4022 ἀρχὰς,
3231 3951 3370 4022 πρὸς
3383 3950 3636 4014 ἐξουσίας
3654 3965 3786 4020 πρω-

2218 4042 2733 4114 τοκοσμοκράτορας
2756 4041 2850 4094 τοῦ
2905 4041 3130 4104 σκότους
3175 4040 3270 4094 τοῦ
3297 4043 3524 4106 αἰῶνος,
3569 4041 3699 4112 πρὸς
3725 4035 3786 4090 τά

533 4135 877 4208 πνευματικά
907 4135 1006 4205 τῆς
1027 4133 1290 4206 πονηρίας
1315 4134 1422 4198 ἕως
1436 4134 1674 4206 ἐσχάτης
1723 4133 1999 4204 ἀναπνοῆς
2033 4131 2134 4204 τὴν
2197 4133 2374 4206 πάλην
2419 4135 2638 4205 ἔχουσα,
2686 4135 2783 4188 καὶ
2829 4133 3002 4198 ἀολεῖ,
3054 4134 3149 4188 καὶ
3188 4135 3542 4204 εἰσφανοῦται
3567 4139 3632 4207 τῇ
3661 4149 3786 4188 παν-

531 4229 739 4284 οπλία..
752 4268 790 4283 ..

535 4245 656 4284 om

643 4245 806 4392 E26
825 4321 915 4376 Dei
933 4328 1210 4374 armatura
1241 4321 1485 4374 munita:
1515 4335 1579 4374 ac
1605 4320 1789 4375 omnia
1809 4327 1986 4390 potest
2017 4335 2116 4390 per

532 4429 658 4468 eum
691 4414 784 4483 qui
841 4427 1018 4482 ipsum
1058 4411 1332 4467 confortat
1368 4419 1424 4468 et
1465 4413 1778 4476 miseratur,
1805 4413 2108 4468 Christum.

2335 4316 2430 4371 τοῦ
2458 4317 2594 4372 Θεοῦ
2625 4335 3124 4391 περιφραττομενη,
3178 4321 3276 4374 καὶ
3297 4321 3480 4377 πάντα
3503 4323 3671 4394 ἰσχύει
3705 4319 3787 4374 διὰ

2217 4406 2311 4460 τὸν
2338 4406 2757 4478 ὲνδυναμοῦντα,
2785 4409 2880 4464 καὶ
2901 4409 3153 4463 ἐλεοῦντα
3182 4413 3442 4483 Χριστόν.
3491 4415 3648 4484 Ἡμῖν
3686 4411 3786 4482 γὰρ

533 4505 702 4562 Nobis
732 4507 786 4559 in
815 4505 1073 4576 paraliola
1107 4504 1328 4560 divitias
1358 4520 1488 4560 suas
1511 4506 1750 4560 tribuere
1781 4520 1903 4558 cum
1927 4505 2112 4574 cupiat

2221 4499 2275 4552 ὲν
2306 4498 2586 4571 παραϐολῇ
2646 4500 2740 4553 τὸν
2781 4499 2974 4554 ἑαυτοῦ
3005 4501 3232 4556 πλοῦτον
3263 4503 3438 4558 θέλων
3471 4502 3786 4576 χαρίσασθαι

531 4597 813 4662 Dominus,
847 4597 922 4651 ait
958 4613 971 4649 :
1005 4617 1024 4648 ε
1062 4595 1250 4653 Simile
1281 4605 1364 4652 est
1403 4613 1630 4668 regnum
1659 4599 1920 4652 caelorum
1955 4611 2113 4666 nego-

527 4692 712 4748 tiatori
731 4692 992 4764 quaerenti
1009 4691 1183 4746 bonas
1207 4691 1604 4762 margaritas",
1620 4711 1637 4742 ι
1654 4699 1708 4746 et
1727 4699 1941 4744 caetera.
1962 4688 2112 4742 Hanc

527 4785 864 4842 conﬁrmans
919 4784 1266 4847 sententiam,
1313 4784 1386 4838 ita
1437 4781 1679 4852 loquitur
1726 4781 2108 4850 evangelista:

531 4896 553 4932 ι
591 4877 771 4934 Nolite
797 4877 1022 4949 diligere
1047 4878 1334 4941 mundum,
1369 4892 1545 4947 neque
1573 4889 1637 4929 ea
1668 4891 1790 4944 qua:
1822 4875 1876 4928 in
1906 4870 2111 4926 mundo

525 4979 678 5028 sunt.
712 4969 815 5037 Qui
838 4971 988 5024 enim
1016 4969 1195 5039 diligit
1218 4968 1504 5030 mundum,
1527 4981 1637 5021 non
1660 4964 1838 5035 diligit
1869 4977 1992 5018 eum
2015 4960 2110 5030 qui

527 5061 704 5131 ipsum
730 5059 920 5114 dilexit
952 5057 1238 5112 Dominum
1257 5059 1324 5112 ".
1351 5077 1369 5110 ι
1387 5055 1490 5124 Qui
1511 5071 1645 5112 vero
1670 5055 1817 5109 hunc
1844 5050 2110 5106 mundum

525 5160 576 5208 et
612 5151 872 5209 scandala
895 5166 1024 5220 quae
1055 5151 1113 5204 in
1132 5165 1199 5204 eo
1228 5155 1357 5204 sunt
1381 5149 1510 5203 odio
1540 5148 1752 5211 habuit,
1777 5152 1833 5202 et
1859 5143 2111 5199 volunta-

525 5253 634 5300 tem
691 5243 786 5298 Dei
830 5243 1026 5312 diligit,
1083 5242 1130 5297 is
1190 5250 1374 5296 manet
1413 5241 1469 5295 in
1516 5241 1798 5296 smculum.
1845 5237 2108 5292 Dominus

521 5337 702 5402 enim,
733 5351 849 5406 quo
892 5349 995 5390 nos
1037 5349 1066 5387 a
1120 5335 1307 5388 mundi
1356 5332 1772 5388 conversatione
1824 5331 2107 5398 dejiceret,

522 5430 691 5484 dixit:
715 5447 736 5479 ι
767 5425 936 5482 Nemo
967 5427 1188 5481 mittens
1221 5441 1444 5480 manum
1480 5440 1634 5480 suam
1659 5424 1725 5479 ad
1759 5431 2026 5487 aratrum,
2055 5429 2111 5476 et

523 5530 669 5578 retro
689 5535 1012 5580 conversus,
1051 5527 1210 5590 aptus
1236 5528 1319 5575 est
1341 5519 1406 5573 ad
1435 5533 1660 5589 regnum
1691 5518 1953 5572 ccelorum
1985 5515 2051 5566 ⁸ο.
2085 5533 2106 5565 ι

595 5708 639 5739 ³³
679 5709 866 5763 Matth.
905 5725 960 5772 x,
999 5709 1086 5762 57.
1165 5709 1210 5740 ³⁸
1250 5709 1443 5764 Matth.
1482 5725 1605 5773 XIX,
1639 5709 1728 5764 ἓξ).
1806 5707 1849 5740 ³⁷
1893 5707 2024 5762 Luc.
2066 5723 2114 5762 γι

2221 5707 2267 5761 0.
2346 5706 2390 5741 ³⁸
2432 5703 2620 5758 Matth.
2653 5715 2776 5766 xm,
2811 5695 2897 5752 ιδ.

511 5793 578 5834 τςκ
602 5819 615 5842 ,
653 5780 743 5834 6:3.

2217 4595 2246 4648 0
2278 4591 2484 4666 Κύριος
2533 4593 2752 4661 ἔλεγεν⁹
2798 4613 2817 4644 ι
2871 4592 3062 4664 Ὁμοία
3111 4595 3326 4668 ἐστὶ.νὴ
3383 4597 3627 4668 βασιλεία
3687 4594 3786 4648 τῶν

2216 4682 2462 4756 οὐρανῶν
2491 4683 2716 4754 ἐμπόρῳ
2747 4681 2998 4754 ζητοῦντι
3030 4683 3230 4746 καλοὺς
3261 4687 3631 4757 μαργαρίτας,
3660 4705 3678 4737 ›
3705 4683 3790 4738 καὶ

2217 4774 2286 4828 τὰ
2319 4772 2466 4842 ἑξῆς.
2507 4772 2726 4844 Ταύτην
2751 4773 2851 4844 τὴν
2883 4772 3103 4842 ἐντολὴν
3140 4771 3377 4842 βεϐαιῶν
3427 4775 3603 4837 οὕτως
3633 4774 3788 4838 εὐαγ-

2215 4864 2471 4936 γελιστὴς
2503 4863 2610 4932 ἔφη
2631 4879 2643 4892 ·
2687 4883 2705 4914 ι
2732 4862 2824 4934 Μὴ
2847 4864 3097 4932 ἀγαπᾶτε
3128 4860 3223 4916 τὸν
3255 4861 3468 4934 κόσμον
3493 4864 3628 4935 μηδὲ
3659 4861 3725 4915 τὰ
3739 4863 3791 4914 ἐν

2213 4957 2424 5029 κόσμῳ.
2468 4953 2529 5010 Ὀ
2549 4955 2659 5027 γὰρ
2703 4955 2794 5008 τὸν
2821 4955 3025 5026 κόσμον
3069 4953 3323 5020 ἀγαπῶν,
3355 4957 3458 5009 οὐκ
3488 4956 3676 5025 ἀγαπᾷ
3706 4952 3792 5004 τὸν

2213 5052 2578 5122 ἀγαπήσαντα
2609 5047 2770 5102 αὐτὸν
2811 5045 3038 5118 Κύριον.
3093 5065 3112 5098 ι
3157 5044 3220 5098 Ὀ
3267 5046 3326 5098 δὲ
3355 5045 3549 5101 τοῦτον
3594 5047 3683 5100 τὸν
3709 5045 3794 5098 κό-

2199 5158 2350 5213 σμον
2383 5140 2478 5195 καὶ
2498 5139 2566 5192 τά
2589 5140 2648 5192 ἐν
2677 5137 2828 5208 αὑτῷ
2857 5135 3129 5191 σκάνδαλα
3165 5139 3430 5208 μισήσας,
3473 5138 3568 5191 καὶ
3607 5137 3665 5191 τὸ
3710 5134 3796 5188 θὲ-

2206 5233 2357 5304 λημα
2381 5231 2474 5286 τοῦ
2503 5229 2640 5284 Θεοῦ
2672 5229 2963 5300 ἀγαπήσας
2991 5226 3204 5298 εὐμένει
3236 5228 3320 5290 εἰς
3343 5229 3439 5282 τὶν
3462 5230 3650 5282 αἰῶνα.
3683 5227 3794 5282 Xar

2213 5327 2362 5399 ρίσαι
2395 5323 2505 5396 γὰρ
2529 5322 2852 5394 βουλόμενος
2884 5321 3030 5390 ἡμᾶς
3045 5322 3073 5373 0
3094 5320 3380 5390 Δεσπότης
3403 5321 3504 5392 τῆς
3519 5323 3577 5373 ὲν
3610 5318 3796 5388 κόσμῳ

2209 5418 2494 5491 διατριϐῆς
2518 5417 2732 5486 ἐλεγενο
2775 5435 2794 5467 ‹
2825 5413 3018 5478 Οἱδεὶς
3072 5412 3253 5484 βαλὼν
3285 5415 3390 5487 τὴν
3421 5419 3582 5488 χεῖρα
3630 5408 3794 5468 αὐτοῦ

2211 5513 2298 5566 ἐπ’
2337 5512 2588 5584 ἄροτρον,
2638 5509 2733 5564 καὶ
2770 5506 3029 5579 στραφεὶς
3077 5508 3158 5570 είς
3211 5507 3284 5560 τὰ
3333 5508 3533 5575 ὀπίσω,
3582 5501 3794 5563 εὔθετός

2977 5694 3020 5728 ⁸³
3059 5692 3076 5748 1
3111 5691 3273 5750 Joan.
3312 5710 3372 5760 ιι,
3410 5693 3497 5749 15.
3573 5691 3618 5726 ⁵⁸
3653 5689 3790 5745 Luc.
