3976 6388
247 369 374 427 1635

1424 373 1770 432 DOCTB‘INA
1809 373 1903 428 AD
1933 375 2329 434 MONKCHOS.

3319 377 3459 432 “28

245 488 382 544 ιστιν
409 489 490 553 είς
517 487 612 559 τὴν
647 487 919 558 βασιλείαν
947 489 1056 544 τῶν
1078 491 1342 564 οὐρανῶν.
1379 511 1397 543 ι
1445 492 1506 548 ’0
1532 493 1590 546 δὲ
1632 493 1793 546 Ἀπό-

1911 492 2190 562 apostolus
2244 507 2376 546 vero
2417 491 2494 546 ait
2533 508 2547 543 :
2590 511 2610 542 ι
2651 490 2887 548 Militans
2941 490 3250 562 implicatur
3297 491 3460 563 hujus

248 579 422 643 στολός
459 595 590 649 (νησι
611 595 625 609 ⁸
663 598 680 628 ι
722 579 1156 652 Στρατευόμενος
1181 583 1512 653 ἐμπλέκεται
1545 588 1660 650 ταῖς
1703 583 1796 639 τοῦ

247 669 350 740 βίου
381 669 800 740 πραγματείαις.
827 689 846 722 ι
876 671 986 725 Καὶ
1019 674 1176 728 πάλιν
1201 675 1230 727 6
1250 674 1452 747 Κύριος
1471 693 1485 706 ·
1509 695 1528 728 ι
1551 675 1610 731 Ὀ
1641 680 1699 730 ὲν
1720 676 1798 748 τῷ

245 761 408 832 ἀγριῖι,
449 762 524 834 μὴ
565 764 870 836 ἐπιστραφῇ
918 769 998 829 εἰς
1043 766 1110 820 τὰ
1151 767 1344 833 ὀπίσω,
1386 787 1406 820 ι
1440 769 1688 822 τουτέστι
1723 769 1798 841 μὴ

246 853 398 908 πάλιν
429 854 784 926 μνημονεύειν
817 855 850 928 ἢ
892 857 1076 911 ποθεῖν
1099 860 1309 930 ἐορκεῖν
1337 860 1703 932 ἀναστροφὴν,
1733 863 1800 933 ἢν

243 945 324 998 διὰ
357 945 448 998 τὸν
473 945 606 999 Θεὸν
633 947 729 1000 καὶ
753 947 852 1019 τήν
889 949 1108 1020 ἐντολὴν
1135 949 1300 1004 αὐτοῦ
1350 955 1606 1022 μισήσας,
1665 971 1798 1007 κατ-

245 1036 408 1090 έλιπε.
457 1037 549 1108 Μὴ
581 1034 672 1092 οὖν
707 1039 955 1107 φοϐεῖσθε
988 1041 1114 1104 τοὺς
1146 1043 1212 1096 ἐκ
1249 1042 1342 1096 τοῦ
1395 1044 1639 1098 διαϐόλου
1667 1048 1800 1116 ήμῖν

244 1129 606 1200 ἐπαγομένους
647 1133 1004 1202 πειρασμοὺς,
1053 1133 1155 1187 κᾶν
1187 1135 1420 1188 ποικίλοι
1446 1131 1569 1198 ὦσι,
1601 1137 1800 1208 γέγρα-

244 1238 365 1275 πται
401 1221 543 1294 γάρ’
577 1241 597 1274 ‹
635 1221 730 1276 Υἰέ
760 1240 880 1290 μου,
915 1225 963 1277 εί
986 1224 1259 1297 προσέχῃς
1289 1226 1558 1282 δουλεύειν
1587 1229 1664 1300 τῷ
1686 1231 1800 1282 Κυ-

245 1311 355 1384 ρίῳ,
389 1311 676 1384 ἑτοίμασον
694 1313 791 1385 τὴν
807 1313 986 1386 ψυχήν
1020 1333 1112 1368 σου
1135 1319 1217 1381 εἰς
1249 1319 1604 1390 πειρασμούς.
1641 1341 1658 1371 ι
1692 1322 1800 1374 Καὶ

241 1401 480 1472 περὶτῆς
512 1402 740 1474 καρδίας
769 1405 868 1474 τῆς
917 1405 1194 1477 ὑπομονῆς
1251 1407 1352 1478 τὴν
1391 1408 1485 1462 τοῦ
1507 1409 1641 1463 θεοῦ
1679 1407 1802 1482 βοή·

241 1492 385 1546 θειαν
417 1494 730 1565 ἀναμένων·
783 1494 988 1566 μείζων
1015 1497 1125 1568 γάρ
1156 1501 1274 1552 ἐστι
1298 1499 1394 1552 τοῦ
1437 1499 1801 1571 πολεμοῦντός

243 1601 298 1637 σε
311 1584 575 1651 διαϐόλου,
599 1585 780 1650 καθὼς
807 1587 1065 1654 πολλάκις
1084 1590 1302 1659 λέγεται
1322 1609 1336 1622 ·
1356 1592 1572 1658 Μείζων
1598 1591 1745 1646 ἐστὶν
1770 1595 1800 1646 6

241 1677 296 1731 ἐν
315 1677 465 1748 ἡμῖν,
481 1676 559 1748 ἢό
581 1679 639 1732 ὲν
659 1678 738 1750 τῷ
753 1681 962 1752 κόσμῳ·
989 1682 1083 1735 καλ¹
1107 1685 1136 1736 6
1151 1683 1450 1754 Ψαλμῳδός
1467 1701 1480 1714 ·
1512 1704 1530 1736 ι
1552 1683 1627 1740 Οὐ
1641 1685 1802 1757 φοϐη-

241 1767 468 1839 θήσομαι
484 1771 650 1835 κακὰ,
667 1773 748 1825 ὅτι
771 1773 834 1826 σὺ
850 1773 989 1844 μετὰ
1012 1773 1147 1844 ἐμοῦ
1163 1769 1230 1827 εἷ.
1245 1793 1262 1826 ι
1285 1775 1412 1828 Καί·
1432 1795 1450 1826 ι
1470 1775 1672 1846 Κύριος
1689 1794 1799 1847 φω-

241 1833 425 1930 τισμός
447 1878 568 1932 μου,
588 1833 684 1916 καὶ
703 1833 890 1936 Σωτήρ
907 1882 1032 1935 μου,
1044 1833 1178 1921 ’τίνα
1197 1833 1574 1940 φοϐηθήσομαί
1591 1883 1637 1932 ςι
1652 1833 1798 1931 Καὶ,
1831 1833 1874 1888 Β

249 1969 268 2002 ι
287 1949 407 2003 Ἐὰν
433 1951 812 2024 παρατάξηται
837 1955 924 2006 ἐπ’
939 1955 1038 2026 ἐμὲ
1053 1956 1390 2029 παρεμϐολὴ.
1413 1958 1474 2011 οὐ
1501 1958 1800 2031 φοϐηθήσε-

241 2057 324 2094 ται
358 2045 392 2112 ἡ
415 2043 612 2112 καρδία
650 2061 772 2115 μου.
817 2065 836 2098 ι
874 2049 1003 2109 Καὶ,
1043 2065 1062 2098 ι
1095 2049 1299 2120 Κύριος
1319 2051 1442 2122 ἐμοὶ
1459 2050 1671 2122 βοηθὸς,
1699 2053 1800 2105 κά-

241 2150 318 2201 γω
349 2134 619 2208 ἐπόψομαι
650 2140 780 2203 τοὺς
809 2139 1034 2212 ἐχθρούς
1062 2159 1186 2212 μου.
1237 2162 1256 2194 ι
1290 2145 1381 2216 Μὴ
1404 2144 1486 2198 δεῖ
1511 2145 1690 2200 τοίνυν
1709 2145 1800 2200 τὸν

241 2226 548 2283 δουλεύοντα
567 2231 646 2303 τῷ
673 2233 863 2304 Κυρίῳ
896 2235 1164 2300 ἀπιστεῖν,
1198 2237 1276 2300 ὡς
1305 2237 1404 2308 οὐχ
1436 2236 1804 2307 ύπερασπίζε-

240 2335 324 2372 ται
351 2319 541 2375 τοῦτον
589 2323 619 2376 6
650 2324 850 2397 Κύριος
879 2325 1140 2380 πάντοτε·
1179 2329 1340 2393 αὐτὸς
1379 2329 1489 2401 γὰρ
1542 2331 1760 2402 εἴρηκεν
1781 2347 1797 2362 ο

247 2427 267 2461 ι
301 2408 378 2466 Ού
407 2412 483 2482 μή
523 2429 582 2466 σε
611 2413 907 2481 ἀναλείπω,
955 2415 1074 2470 οὐδὲ
1111 2419 1185 2488 μή
1238 2435 1297 2471 σε
1327 2419 1726 2488 ἐγκαταλείποι.
1778 2440 1796 2474 ι

243 2499 350 2552 Καὶ
374 2501 503 2569 γοῦν
522 2503 684 2556 αὐτὸν
711 2503 835 2558 ἔθου
873 2511 1194 2579 καταφυγήν
1216 2525 1332 2572 σου,
1356 2527 1376 2562 ι
1414 2510 1476 2562 ού
1510 2509 1805 2581 προσελεύ-

245 2607 390 2645 σεταί
425 2593 562 2664 προς
589 2595 648 2648 σὲ
668 2598 836 2660 κακὲ,
867 2599 962 2652 καὶ
995 2598 1192 2669 μάστιξ
1223 2601 1322 2654 ούκ
1339 2602 1549 2670 ἐγγίσει
1577 2603 1654 2674 τῷ
1677 2621 1805 2676 σκη-

244 2679 452 2750 νώματί
488 2699 604 2736 σου·
643 2703 662 2735 ι
700 2688 794 2740 καλ⁸
821 2688 890 2740 τὰ
921 2688 1068 2759 ἑξῆς.
1099 2691 1190 2744 Διὺ
1219 2692 1520 2764 παρακαλῶ
1563 2694 1726 2764 ὑμᾶς,
1760 2689 1806 2748 ὧ

243 2768 481 2840 ἀδελφοὶ,
515 2775 588 2846 μὴ
621 2777 856 2848 ὲνδῶμεν
876 2779 1012 2843 ὅλως
1042 2781 1120 2852 τῷ
1150 2783 1388 2854 πονηρῷ,
1418 2786 1550 2855 μηδὲ
1572 2785 1810 2841 θανατώ-

246 2879 424 2933 σωμεν
458 2866 705 2931 ἑαυτοὺς,
745 2869 834 2923 διὰ
875 2871 1265 2942 οἱασδηποτοῦν
1287 2873 1499 2944 ἡδονῆς,
1544 2875 1679 2930 ἀλλὰ
1707 2894 1804 2948 με-

249 2955 509 3024 μνημένοι
540 2957 608 3012 τὰ
650 2960 986 3032 ἀποκείμενα
1037 2966 1166 3034 ἡμῖν
1211 2966 1270 3018 ὲν
1315 2967 1565 3038 οὐρανοῖς
1606 2969 1806 3038 ἀγαθὰ,

1899 583 2022 638 vita:
2071 585 2304 654 negotiis
2332 583 2398 639 “.
2437 605 2454 634 ι
2506 584 2578 637 Ac
2621 597 2838 638 rursum
2887 581 3190 639 Dominus:
3224 603 3242 635 ι
3277 583 3379 650 Qui
3405 585 3459 638 in

1898 690 2028 747 agro
2051 683 2156 743 est,
2197 691 2265 731 ne
2292 675 2716 746 retrogrcdiatur
2736 675 2803 729 “.
2847 693 2866 726 ι
2900 673 3014 730 lloc
3045 683 3150 740 est,
3177 691 3246 731 ne
3270 680 3464 731 memi-

1898 769 2042 823 nerit
2070 783 2257 824 eorum
2281 809 2298 833 ,
2329 783 2506 839 neque
2537 768 2722 838 cupiat
2766 769 2945 825 denuo
2991 769 3141 824 adire
3171 783 3463 824 conversa—

1897 860 2135 924 tionem,
2169 875 2332 931 quam
2385 868 2608 931 propter
2657 859 2824 916 Deum
2875 867 2930 916 et
2972 859 3092 930 ejus
3137 869 3460 929 praeceptum

1899 966 2128 1021 perosus
2179 952 2488 1023 dereliquit.
2537 951 2614 1009 Ne
2647 952 2831 1008 timete
2869 953 3032 1024 igitur
3064 952 3389 1007 tentationes
3432 966 3462 1002 a

1899 1042 2120 1097 diabolo
2162 1043 2321 1099 nobis
2355 1044 2652 1108 immissas,
2687 1045 2899 1100 etiamsi
2939 1043 3105 1098 variae
3149 1041 3293 1109 sint;
3329 1041 3466 1097 seri-

1902 1141 2051 1202 ptum
2081 1134 2228 1188 enim
2251 1145 2376 1190 est:
2411 1151 2433 1186 ι
2478 1134 2579 1189 Fili
2609 1135 2705 1198 mi,
2737 1136 2784 1190 si
2811 1137 2865 1190 in
2895 1135 3079 1189 animo
3113 1133 3313 1188 habeas
3343 1147 3463 1186 ser—

1900 1223 2015 1277 vire
2042 1222 2429 1295 Deo,pra:para
2463 1227 2694 1279 animam
2724 1233 2870 1279 tuam
2901 1225 2967 1280 ad
2999 1224 3322 1279 tentaliones
3346 1222 3410 1275 ⁸³.
3441 1243 3461 1273 ι

1901 1313 2111 1370 Habeas
2162 1315 2217 1370 in
2253 1317 2418 1371 corde
2468 1324 2564 1372 tuo
2611 1317 2956 1386 patientiam,
3001 1324 3322 1386 exspectans
3370 1312 3464 1367 Dei

1900 1406 2196 1474 auxilium;
2234 1407 2409 1476 major
2450 1408 2650 1477 quippe
2693 1407 2782 1462 ille
2814 1415 2899 1462 est
2932 1407 3148 1461 diabolo
3187 1413 3238 1460 te
3285 1405 3465 1474 impu-

1900 1506 2118 1568 gnante,
2136 1498 2588 1568 quemadmodum
2611 1499 2926 1569 plerumque
2949 1498 3147 1552 dicitur
3165 1515 3180 1552 :
3201 1496 3370 1566 Major
3381 1505 3465 1550 est

1899 1591 1993 1661 qui
2020 1591 2182 1645 estin
2213 1591 2393 1655 nobis,
2411 1607 2478 1646 eo
2495 1591 2588 1662 qui
2622 1591 2676 1645 in
2703 1591 2906 1646 mundo
2926 1598 3009 1646 est
3035 1600 3120 1657 ;et
3138 1589 3461 1644 Psalmista:

1905 1698 1926 1732 ι
1957 1680 2074 1736 Non
2099 1682 2301 1738 timebo
2334 1683 2495 1747 mala,
2544 1683 2798 1753 quoniam
2829 1693 2886 1737 tu
2931 1697 3142 1736 mecum
3172 1696 3232 1736 es
3249 1681 3327 1747 “;
3352 1701 3371 1732 ι
3391 1689 3466 1745 et,

1905 1792 1925 1824 ι
1961 1773 2221 1830 Dominus
2266 1773 2587 1830 illuminatio
2617 1789 2732 1830 mea
2754 1781 2808 1830 et
2841 1773 3090 1829 Salvator
3106 1787 3468 1844 meus,quem

1898 1866 2190 1920 timebo”?
2211 1885 2229 1918 ι
2249 1864 2595 1925 Et.¢Etiamsi
2625 1866 2927 1922 consistant
2953 1865 3007 1920 in
3033 1881 3118 1920 me
3137 1872 3338 1928 castra,
3363 1879 3470 1918 non

1898 1954 2107 2008 timebit
2129 1971 2226 2009 cor
2246 1971 2423 2011 meum
2443 1956 2507 2013 “.
2534 1976 2552 2007 ι
2579 1954 2665 2023 Ει,
2699 1974 2716 2007 ι
2742 1953 3004 2010 Dominus
3045 1955 3178 2009 mihi
3218 1955 3435 2023 adjutor
3455 1994 3468 2015 ,

1899 2055 1952 2098 et
1983 2057 2085 2114 ego
2117 2043 2410 2114 despiciam
2449 2043 2701 2098 inimicos
2729 2058 2880 2098 meos
2906 2041 3077 2096 ⁸⁷·“.ι
3114 2041 3232 2096 Non
3259 2048 3473 2112 oportet

1901 2137 2068 2208 igitur
2095 2153 2218 2193 eum
2258 2139 2352 2208 qui
2387 2138 2614 2193 Domino
2651 2138 2818 2194 servit
2853 2135 3123 2202 dimdz're,
3156 2135 3314 2205 quasi
3361 2148 3472 2215 non

1901 2230 1970 2284 ab
1995 2245 2061 2284 eo
2081 2245 2297 2300 semper
2323 2240 2670 2302 protegatur;
2695 2232 2812 2302 ipse
2848 2245 3085 2299 namque
3113 2228 3289 2283 dixit:
3315 2245 3332 2278 ι
3355 2225 3473 2280 Νοιι

1903 2327 1956 2374 te
1988 2319 2255 2386 deseram,
2289 2335 2466 2390 neque
2495 2330 2546 2375 te
2585 2320 2954 2390 derelinquam
2973 2318 3038 2372 ”.
3075 2337 3094 2368 ι
3121 2315 3176 2370 Si
3227 2315 3373 2370 cnim
3403 2314 3471 2368 il-

1903 2410 2012 2464 lum
2047 2411 2276 2480 posuisti
2315 2409 2583 2480 refugium
2625 2418 2811 2474 tuum,
2842 2429 2860 2460 (
2899 2423 3009 2464 non
3036 2406 3292 2462 accedent
3325 2402 3390 2457 ad
3421 2409 3474 2457 te

1903 2502 2063 2565 mala,
2087 2509 2141 2556 et
2169 2503 2436 2574 ﬂagellum
2484 2518 2593 2557 non
2618 2501 3072 2573 appropinquahit
3125 2497 3474 2554 tabernaculo

1904 2601 1999 2649 tuo
2013 2595 2082 2658 '°,
2096 2606 2174 2649 pet
2191 2603 2406 2652 czetera.
2429 2595 2770 2666 Quapropter
2783 2595 2972 2650 hortor
2985 2608 3102 2658 vos,
3118 2591 3333 2652 fratres.
3347 2589 3474 2645 nul-

1905 2687 2117 2743 latenus
2131 2689 2367 2760 maligno
2381 2689 2656 2753 cedamus,
2681 2704 2855 2760 neque
2871 2703 2971 2744 nos
2990 2686 3154 2743 morti
3177 2685 3473 2747 tradamus,

1906 2780 1978 2836 ob
2019 2796 2396 2852 quamcunque
2437 2782 2796 2854 voluptatem;
2834 2781 2928 2838 sed
2979 2793 3246 2837 memores
3285 2792 3473 2834 eorum

1907 2889 2028 2942 qua:
2075 2875 2232 2930 nobis
2278 2877 2510 2945 reposita
2569 2885 2696 2930 sunt
2742 2875 2796 2928 in
2835 2874 2988 2930 caelis
3028 2874 3330 2936 bonorum,
3360 2871 3478 2926 haec

1908 2965 2090 3018 omnia
2141 2967 2505 3038 desliiciamus
2555 2966 2634 3022 Ne
2671 2967 2853 3036 itaque
2880 2967 3007 3020 dum
3031 2965 3329 3037 gloriamur
3382 2975 3478 3018 eo-

244 3045 461 3100 πάντων
501 3047 706 3102 τούτων
733 3053 1093 3124 ύπερίδωμεν.
1127 3059 1218 3128 Μὴ
1253 3055 1346 3112 οὖν
1390 3059 1645 3131 φανῶμεν
1699 3061 1808 3117 τῶν

1913 3070 2033 3108 rum
2077 3056 2168 3124 qui
2201 3063 2326 3110 ante
2367 3071 2467 3110 nos
2496 3055 2670 3118 fuere,
2701 3056 2996 3111 ludibrium
3025 3071 3146 3111 esse
3173 3055 3474 3109 videamur.

244 3137 350 3208 πρὸ
369 3137 527 3226 ήμῶν
559 3142 896 3213 αὐχήσαντες
922 3147 1190 3214 παίγνιον.
1216 3150 1486 3204 ’Ἑκαστον
1517 3153 1624 3224 γὰρ
1651 3154 1707 3207 ὲν
1738 3156 1802 3226 τῇ

1915 3147 2222 3218 Unicuique
2246 3149 2390 3202 enim
2427 3147 2481 3202 in
2513 3147 2797 3202 vocatione
2831 3162 2938 3216 qua
2975 3153 3200 3202 vocatus
3226 3145 3328 3198 fuit
3365 3159 3480 3198 ma-

245 3227 452 3298 κλήσει,
485 3225 746 3304 ἐκλήθη
793 3235 971 3305 μένειν
1021 3240 1078 3290 ὲν
1125 3240 1346 3311 Χριστῷ
1389 3225 1811 3315 παρσγγὲλλειό

1915 3235 2150 3291 nendum
2198 3251 2340 3298 esse,
2393 3236 2446 3290 in
2493 3235 2720 3290 Christo
2769 3233 3015 3305 praecipit
3070 3232 3386 3302 Apostolus,
3421 3237 3483 3283 ut

257 3320 598 3386 ’Δπόστολος·
620 3325 704 3378 ἵνα
725 3327 816 3380 τὸν
837 3329 934 3397 τῆς
963 3330 1234 3404 ὑπομονῆς
1258 3335 1518 3403 στέφανον
1539 3338 1690 3410 παρὰ
1718 3337 1811 3392 τοῦ

1913 3327 2186 3396 patientia:
2235 3340 2529 3388 coronam,
2569 3341 2597 3378 a
2631 3333 3041 3379 remuneratore
3079 3321 3299 3376 Christo
3341 3321 3485 3374 acci-

1919 3419 2148 3485 piamus.
2169 3416 2440 3486 Scriptum
2459 3417 2604 3472 enim
2621 3425 2705 3472 est
2727 3435 2740 3471 :
2767 3434 2787 3468 ι
2809 3415 3481 3486 Concupiscentiam-tuam
3549 3404 3561 3416 ’

1917 3527 2012 3582 per
2040 3509 2354 3580 patientiam
2375 3509 2600 3571 vincito,
2617 3518 2671 3564 et
2690 3509 2800 3564 eris
2820 3507 3092 3578 perfectus
3109 3507 3165 3560 in
3183 3505 3430 3568 Christo;
3460 3521 3480 3554 ι

1918 3613 1972 3657 et
2009 3619 2022 3654 :
2062 3620 2080 3653 ι
2115 3600 2365 3656 Vincenti
2398 3601 2538 3656 dabo
2571 3601 2856 3656 comedere
2889 3600 2957 3656 de
2984 3600 3131 3670 ligno
3163 3598 3306 3662 vitae,
3341 3593 3494 3666 quod

1918 3701 2003 3750 est
2049 3694 2103 3748 in
2149 3695 2328 3749 medio
2383 3693 2715 3765 paradisi“.
2749 3712 2767 3744 ι
2796 3693 2886 3746 Ait
2933 3694 3132 3746 iterum
3169 3689 3480 3743 Dominus:

1919 3788 2243 3858 Quicunque
2264 3805 2360 3859 per
2385 3790 2588 3859 lignum
2620 3788 2801 3843 erucis
2827 3802 3018 3842 omnes
3047 3785 3231 3841 carnis
3276 3783 3487 3852 passio-

1919 3891 2016 3932 nes
2063 3877 2273 3943 vicerit,
2308 3879 2433 3934 huic
2477 3878 2619 3934 dabo
2651 3878 2846 3934 stolam
2897 3877 3096 3931 albam.
3136 3875 3193 3930 Si
3249 3887 3488 3944 namque

1923 3965 2206 4022 Dominum
2251 3969 2538 4031 timeamus
2559 4009 2573 4033 ,
2611 3967 2995 4023 inenarrabilis
3025 3967 3165 4022 bona
3192 3977 3246 4024 et
3273 3980 3492 4022 corona:

1921 4061 2107 4131 gloria:
2148 4061 2306 4116 nobis
2347 4071 2647 4131 praeparata
2677 4067 2826 4117 sunt.
2859 4059 2977 4114 Non
3005 4061 3148 4115 enim
3174 4077 3240 4115 ex
3271 4069 3492 4116 sancto-

1921 4168 2044 4206 rum
2081 4151 2330 4222 jussione
2391 4153 2589 4208 bellum
2636 4152 2996 4206 committitur
3043 4163 3234 4207 contra
3285 4153 3492 4209 inimici

1923 4245 2111 4312 dolos;
2145 4245 2238 4300 sed
2273 4245 2498 4300 victoria
2540 4245 2608 4300 de
2659 4245 2777 4314 ipso
2832 4259 2930 4314 per
2969 4245 3229 4299 auxilium
3279 4244 3494 4300 Domini

1925 4345 2260 4407 reportatur,
2297 4345 2350 4392 et
2383 4338 2601 4408 quidem
2625 4337 2839 4390 atrium
2871 4335 3150 4391 hominum
3181 4336 3494 4408 generibus.

1925 4434 1986 4482 ut
2009 4427 2125 4496 ipse
2148 4425 2410 4482 Dominus
2439 4427 2494 4482 iu
2523 4427 2779 4497 parabola
2809 4426 2877 4483 de
2901 4429 3200 4484 seminibus
3222 4427 3492 4497 loquitur:

249 3410 642 3479 μισθαποδότου
667 3417 906 3486 Χριστοῦ
933 3420 1294 3493 ἀπολάϐωμεν
1313 3463 1328 3487 ,
1361 3425 1419 3477 ὃν
1451 3427 1814 3496 ἐπηγγείλατο

246 3502 320 3572 τῷ
358 3505 644 3572 ἀγαπῶντι
689 3509 872 3564 αὐτόν.
911 3512 1217 3583 Γέγραπται
1263 3515 1398 3587 γάρ’
1431 3535 1452 3566 ι
1485 3517 1594 3589 Τὴν
1623 3518 1814 3572 ἐπιθυ-

249 3593 377 3662 μίαν
408 3611 500 3647 σου
529 3594 620 3649 διὰ
647 3596 746 3666 τῆς
768 3599 1045 3672 ὑπομονῆς
1073 3603 1312 3674 νίκησον,
1354 3608 1448 3660 καὶ
1486 3607 1581 3680 ἔσῃ
1613 3609 1816 3675 τέλειος

247 3684 303 3735 ἐν
321 3685 567 3756 Χριστῷ·
611 3707 630 3738 ι
667 3689 780 3742 καί·
811 3708 830 3740 ι
859 3691 948 3762 Τῷ
977 3691 1197 3747 νικῶντι
1221 3693 1375 3749 δώσω
1406 3703 1599 3767 φαγεῖν
1629 3701 1694 3754 ὲκ
1721 3701 1816 3755 τοῦ

247 3775 404 3840 ξύλου
438 3779 539 3847 τῆς
589 3777 732 3851 ζωῆς
779 3781 871 3835 τοῦ
935 3785 994 3837 ἐν
1058 3787 1209 3858 μέσῳ
1249 3789 1344 3843 τοῦ
1409 3792 1755 3864 παραδείσου.
1790 3813 1810 3846 ι

245 3865 407 3934 Αέγει
443 3867 649 3938 Κύριος
676 3870 768 3922 καὶ
801 3872 962 3926 πάλιν
991 3889 1004 3902 °
1056 3874 1247 3941 Ὅστις
1289 3878 1378 3932 διὰ
1408 3881 1501 3934 τοῦ
1537 3879 1692 3946 ξύλου
1723 3881 1818 3936 τοῦ

247 3956 487 4027 σταυροῦ
514 3961 693 4014 πάντα
725 3962 791 4014 τὰ
820 3964 918 4033 τῆς
932 3968 1150 4045 ,σαρκὸς
1175 3971 1386 4041 νικήσει
1433 3972 1601 4045 πάθη,
1646 3973 1820 4046 τούτῳ

241 4045 402 4101 δώσω
452 4049 645 4122 στολὴν
677 4051 893 4124 λευκήν.
923 4057 984 4109 EE
1014 4057 1120 4130 γὰρ
1156 4061 1427 4133 φοϐοὖμεν
1456 4065 1548 4119 τὸν
1594 4045 1817 4138 Κύριον,

243 4138 313 4192 τὰ
350 4139 723 4212 ἀνεκδιήγητα
777 4145 974 4214 ἀγαθὰ,
1019 4151 1113 4204 καὶ
1161 4153 1211 4204 oi
1241 4153 1340 4223 τῆς
1365 4154 1522 4225 δόξης
1571 4157 1821 4228 στέφανοι

248 4231 685 4303 ξτοιμάσθησαν.
710 4237 782 4288 Οὐ
813 4239 920 4311 γὰρ
946 4243 1274 4312 ὲπιτάγματι
1302 4245 1406 4299 τῶν
1438 4248 1605 4316 ἁγίων
1633 4252 1662 4302 6
1687 4251 1822 4322 πρὸς

239 4337 342 4384 τας
371 4323 656 4392 μεθοδείας
694 4326 788 4379 τοῦ
814 4329 1004 4401 ἐχθρυῦ
1040 4333 1294 4404 πόλεμος,
1317 4337 1409 4390 καὶ
1443 4339 1618 4408 ήκατ’
1657 4339 1822 4394 αὐτοῦ

242 4413 394 4484 νίκη,
428 4415 518 4468 διὰ
544 4417 642 4485 τῆς
673 4418 766 4470 τοῦ
797 4421 1000 4492 Κυρίου
1031 4422 1278 4493 βοηθείας
1299 4427 1526 4494 δέδοται,
1548 4430 1684 4485 ἀλλὰ
1704 4449 1824 4503 τρι-

243 4507 331 4559 σὶν
354 4508 431 4570 ὡς
458 4511 516 4560 ἐν
542 4512 608 4579 τῇ
644 4509 739 4562 τοῦ
769 4513 1078 4583 σπέρματος
1105 4517 1406 4590 παραϐολῇ,
1441 4521 1600 4585 αὐτὸς
1620 4523 1812 4594 Κύριος

1926 4516 2082 4572 Dedit
2105 4517 2245 4571 alius
2275 4518 2495 4587 triginta
2515 4559 2529 4584 ,
2572 4517 2710 4570 alius
2749 4518 3049 4587 sexaginta,
3077 4517 3218 4571 alius
3251 4523 3491 4570 centum.

243 4596 352 4668 {pq
373 4615 385 4628 -
429 4599 634 4651 Ἐδίδου
667 4600 794 4672 γὰρ,
827 4605 1009 4672 φησιν,
1044 4606 1071 4656 6
1097 4606 1192 4676 μὲν
1217 4610 1528 4678 τριάκοντα,
1559 4613 1588 4664 6
1619 4613 1674 4665 δὲ
1699 4613 1825 4686 ἐξή-

279 4703 434 4742 οντα.
455 4690 482 4742 ὁ
507 4687 562 4740 δὲ
587 4688 799 4744 ἕκατον.
829 4692 1044 4746 Τούτων
1062 4695 1116 4746 δὲ
1139 4697 1246 4749 τῶν
1267 4699 1560 4766 ταγμάτων
1578 4700 1674 4764 τὰς
1697 4703 1829 4754 ύποο

241 4795 446 4842 υεσεις,
487 4797 512 4832 ε
570 4781 666 4844 τὰς
697 4782 916 4852 Γραφὰς
949 4787 1276 4856 ἐρευνήσεις.
1303 4790 1633 4862 πολύτροπον
1660 4793 1725 4845 ἂν
1745 4794 1832 4846 εύ-

243 4871 456 4940 ρήσεις·
481 4888 758 4942 μαρτυρες
775 4877 873 4944 μὲν
889 4872 980 4930 οὖν
1005 4881 1158 4940 εἰσιν,
1175 4879 1249 4942 ὡς
1265 4881 1437 4952 όέμὸς
1465 4881 1638 4950 λόγος,
1665 4883 1715 4936 οἳ
1740 4883 1831 4938 τὸν

241 4961 446 5015 ἕκατον
475 4961 754 5016 ποιοῦνται
785 4967 1014 5037 καρπὸν,
1049 4968 1306 5040 παρθένοι
1335 4971 1394 5023 αἲ
1413 4971 1503 5024 τὸν
1533 4972 1818 5043 ἑξήκοντα’

239 5057 344 5108 καὶ
374 5056 428 5108 oi.
453 5055 632 5108 λοιποὶ
661 5055 710 5108 οἳ
741 5057 883 5111 κατὰ
906 5058 1006 5122 τὰς
1031 5060 1248 5124 ἐντολὰς
1276 5061 1368 5114 τοῦ
1403 5063 1631 5134 Κυρίου,
1662 5081 1826 5118 σπου-

245 5148 508 5213 δάζοντες
535 5147 857 5219 ἀμέμπτους
882 5153 939 5203 ὲν
971 5153 1120 5224 πάσῃ
1143 5153 1450 5224 ἀναστροφῇ
1481 5155 1703 5218 ἑαυτοὺς
1726 5174 1828 5224 φυ-

237 5240 495 5303 λάσσειν,
535 5241 615 5311 τῷ
639 5241 827 5312 Κυρίῳ
860 5243 1186 5316 ἀρεσκούσῃ,
1225 5245 1534 5315 τριάκοντα.
1567 5245 1686 5298 Τῶν
1719 5247 1826 5300 σῶν

242 5332 516 5406 μαθητῶν
542 5332 750 5401 γένοιτο
773 5336 919 5404 ἡμᾶς
949 5337 1258 5406 ὲνταγῆναι,
1287 5336 1485 5406 Χριστὲ
1513 5337 1706 5406 Ἰησοῦ,
1734 5340 1828 5394 καὶ

238 5426 358 5480 τῶν
400 5427 579 5495 ἁγίων
609 5441 703 5478 σου
722 5427 940 5497 ἀγαθῶν
969 5426 1286 5492 ἀπολαύειν,
1316 5427 1411 5480 νῦν
1445 5428 1542 5482 καὶ
1581 5429 1661 5490 εἰς
1700 5432 1830 5494 τοὺς

235 5517 648 5588 ἁτελευτήτους
677 5517 879 5582 αἰῶνας
906 5518 1014 5570 τῶν
1040 5517 1269 5572 αἰώνων.
1311 5517 1502 5590 Ἀμήν.

321 5702 365 5731 ’ί
408 5697 452 5752 ll
483 5695 630 5749 Tim.
669 5710 730 5754 ιι.
769 5695 822 5749 4.
901 5698 942 5728 δ’
983 5695 1147 5748 Marc.
1188 5710 1305 5754 xm.
1348 5693 1432 5748 16.

235 5768 374 5805 δτοδδ
414 5767 566 5826 Psal.
608 5780 782 5830 cxvn,
817 5766 870 5829 6,
905 5766 954 5818 7.
1031 5765 1075 5796 ’⁸⁸
1114 5763 1275 5818 Hebr.
1316 5779 1437 5828 xtu,
1471 5765 1524 5820 5.

1927 4609 2132 4664 Horum
2165 4625 2292 4664 vero
2319 4609 2570 4664 ordinum
2595 4611 2802 4663 varium
2831 4617 3054 4672 statum,
3083 4610 3132 4664 si
3159 4621 3345 4664 sacras
3372 4607 3497 4678 qui-

1929 4701 2050 4756 dem
2071 4699 2382 4770 Scripturas
2397 4701 2682 4764 cvolveris,
2707 4700 2964 4768 reperies.
2984 4697 3248 4769 Martyres
3269 4706 3420 4758 sunt,
3435 4705 3497 4750 ut

1931 4808 2050 4846 mea
2081 4790 2185 4846 l‘ert
2217 4793 2430 4862 Opinio,
2453 4791 2545 4860 qui
2589 4790 2942 4846 centesimum
2972 4787 3181 4844 faciunt
3209 4789 3444 4843 fructum
3479 4805 3494 4851 ;

1933 4885 2194 4952 virgines.
2220 4899 2339 4952 qua:
2354 4881 2749 4951 sexagesimum
2774 4897 2792 4946 ;
2820 4881 3012 4946 reliqui
3042 4894 3172 4942 vero
3191 4879 3284 4949 qui
3301 4893 3498 4935 secun-

1932 4976 2062 5029 dum
2106 4975 2356 5027 mandata
2395 4972 2606 5026 Domini
2645 4978 2898 5027 curantes
2939 4987 3062 5028 sese
3105 4971 3161 5025 in
3199 4970 3346 5026 omni
3388 4969 3498 5026 Deo

1933 5076 2150 5134 accepta
2179 5063 2592 5117 conversatione
2623 5063 2926 5132 inculpatos
2961 5061 3256 5127 custodire,
3287 5061 3500 5118 tricesi-

1934 5172 2101 5210 mum.
2131 5155 2420 5225 Contingat
2441 5154 2619 5214 nobis.
2647 5169 2680 5207 ο
2709 5153 2925 5208 Christe
2941 5151 3090 5216 Jesu,
3108 5153 3497 5224 discipulorum
3526 5190 3545 5215 .

1934 5258 2150 5302 tuorum
2187 5247 2242 5301 in
2280 5261 2508 5300 numero
2551 5247 2844 5310 constitui,
2879 5253 2933 5302 et
2961 5245 3134 5300 sacris
3159 5244 3266 5301 tuis
3293 5243 3500 5318 perfrui

1933 5333 2114 5395 bouis,
2144 5345 2290 5386 nunc
2309 5339 2364 5386 et
2393 5331 2448 5384 iu
2476 5331 2687 5384 inﬁnita
2721 5329 2917 5386 saecula
2945 5329 3288 5386 saeculorum.

1933 5429 2124 5479 Amen.

1524 5693 1571 5726 “
1607 5693 1775 5748 Eccli.

1911 5693 1956 5746 Ι.
2034 5689 2078 5723 ⁵⁸
2120 5689 2262 5742 Psal.
2300 5702 2410 5741 xxu
2437 5725 2451 5748 ,
2487 5685 2540 5739 «ί.
2616 5683 2660 5716 ⁸³
2697 5683 2841 5741 Psal.
2877 5699 3025 5752 xxvr,
3061 5683 3114 5739 ί.
3190 5681 3238 5717 ⁸⁸
3275 5679 3411 5738 ibid.
3444 5679 3502 5741 ὕ.

1601 5764 1648 5796 ⁸ο
1686 5763 1828 5817 Psal.
1862 5776 1958 5824 xc,
2002 5761 2082 5814 10.

2160 5759 2200 5791 ⁵⁸
2244 5756 2466 5828 Apocal.
2501 5771 2560 5822 ιι,
2597 5755 2651 5810 7.
