3976 6388
559 340 694 400 “27

1757 348 1813 402 S.
1858 349 2304 407 ATHANASIUS
2343 351 2613 408 SPURIA.

3647 361 3772 419 ιιεε

835 454 997 532 527
1026 459 1166 528 Περὶ
1197 459 1300 515 τοῦ
1329 458 1498 526 ναοῦ,
1539 462 1792 530 καὶπερὶ
1824 461 1944 516 τῶν
1965 463 2426 529 διδασκαλείων,
2454 465 2694 524 καὶτῶν
2715 469 2974 540 θεάτρων
3001 470 3119 525 τῶν
3143 471 3216 526 ἐν
3247 471 3544 540 Ἀθήναις.
3581 507 3595 520 ο

1735 578 2125 632 ΛΘΑΝΑΣΙΟΥ
2151 579 2288 634 ΤΟΥ
2313 582 2642 638 ΜΕΓΑΛΟΥ

1349 699 1830 754 ΕΞΗΓΗΤΙΚΟΝ
1884 701 2063 754 ΠΕΡΙ
2107 698 2254 756 ΤΟΥ
2303 705 2408 757 ΕΝ
2419 706 2748 760 ΑΘΗΝΑΙΣ
2801 704 2940 762 ΝΑο
2953 709 3010 761 Υ.

1373 902 1450 955 De
1475 904 1686 973 templo,
1727 905 1790 958 de
1820 903 2012 960 scholis
2039 915 2088 960 et
2123 907 2339 962 theatris
2369 924 2488 978 qua:
2517 907 2733 966 Athenis
2762 919 2994 966 exstant.

1839 1014 2208 1076 ATHANASII
2246 1020 2461 1080 MAGNI

1332 1137 1930 1195 COMMENTARIUS
1994 1139 2094 1196 DE
2155 1140 2455 1202 TEMPLO
2495 1145 2990 1205 ATHENARUH.

612 1359 686 1416 lis
709 1361 805 1431 qui
834 1375 1024 1416 sacras
1053 1357 1372 1431 Scripturas
1400 1361 1674 1432 ignorant,
1719 1363 1950 1422 suadere
2007 1365 2108 1422 de-

2281 1375 2418 1438 Τοὺς
2438 1373 2536 1438 τὰς
2564 1375 2712 1440 θείας
2730 1375 2954 1449 Γραφάς
2984 1375 3058 1448 μὴ
3091 1373 3512 1447 ἐπισταμένους,
3537 1374 3599 1440 ἐξ
3621 1375 3776 1446 αὑτῆς

541 1453 755 1518 bemus,
787 1461 848 1508 ut
884 1467 952 1509 ex
985 1453 1103 1524 ipsa
1133 1468 1320 1510 rerum
1350 1461 1546 1508 natura
1577 1456 1644 1512 de
1680 1456 1774 1513 Dei
1804 1461 2116 1530 cognitione

541 1544 707 1600 verba
745 1545 970 1600 faciant.
1020 1546 1280 1602 Videmus
1308 1561 1544 1617 namque
1583 1548 1726 1604 inter
1756 1567 1842 1605 res
1877 1561 2112 1620 creatas,

541 1639 876 1696 substantias
905 1639 1192 1710 quasdam,
1224 1653 1344 1709 qua:
1373 1654 1480 1694 non
1505 1641 1806 1696 secundum
1840 1652 2112 1712 naturam,

541 1731 638 1786 sed
672 1746 837 1800 supra
873 1731 1045 1802 ipsam
1078 1739 1352 1794 naturam,
1401 1731 1505 1786 sibi
1554 1739 1744 1786 mutuo
1779 1734 2112 1791 ministrant.

541 1823 732 1890 Qualis
757 1823 990 1894 exempli
1021 1823 1196 1895 gratia
1223 1831 1328 1889 est,
1358 1839 1513 1894 aquae
1544 1834 1759 1889 natura,
1795 1842 1916 1893 quae
1946 1826 2111 1882 ﬂuida

541 1926 628 1973 est
673 1931 737 1970 ac
767 1914 1022 1971 deorsum
1069 1913 1274 1982 tendit;
1301 1914 1578 1985 quomodo
1612 1917 1987 1986 conspicimus
2025 1929 2112 1972 ta-

542 2024 666 2064 men
701 2023 820 2063 eam
851 2024 881 2060 a
916 2007 1259 2077 siphonibus,
1295 2015 1352 2061 ut
1384 2017 1604 2073 vocant,
1659 2023 1691 2063 a
1741 2012 1876 2064 mari
1908 2011 1974 2066 ad
2007 2029 2112 2066 nu-

541 2101 638 2158 bes
664 2117 837 2172 usque
867 2100 1060 2156 deduci
1087 2119 1101 2156 :
1141 2099 1398 2171 quodque
1448 2100 1646 2155 mirum
1673 2101 1822 2156 dictu
1855 2111 1959 2166 est,
1991 2119 2114 2174 quae

542 2195 689 2248 salsa
716 2193 964 2249 ascendit
1001 2208 1142 2264 aqua
1181 2193 1414 2259 marina,
1449 2193 1504 2248 in
1538 2193 1721 2265 pluvia
1750 2194 1926 2250 dulcis
1959 2196 2111 2252 dela-

540 2286 726 2342 bitur?
775 2285 1060 2353 Quomodo
1113 2287 1242 2341 item
1272 2303 1396 2342 cum
1426 2301 1659 2356 corpora
1697 2296 1892 2342 natura
1925 2304 2025 2343 sua
2056 2289 2112 2344 in

541 2383 712 2436 imum
752 2380 1000 2444 tendant,
1037 2378 1094 2434 in
1133 2380 1292 2449 aquis
1322 2387 1500 2434 tamen
1535 2375 1872 2434 Marmaricas
1915 2377 2113 2434 Penta-

541 2473 750 2544 poleos,
787 2487 961 2543 neque
989 2475 1046 2528 in
1075 2473 1244 2526 imum
1293 2471 1544 2530 tendunt,
1578 2485 1754 2540 neque
1785 2471 2110 2543 demergun-

537 2565 674 2620 tur?
723 2563 864 2632 Quin
890 2565 1053 2620 etiam
1085 2581 1208 2620 cum
1239 2579 1380 2635 aqua
1425 2571 1480 2620 et
1511 2563 1653 2635 ignis
1683 2567 1956 2620 contraria
2003 2567 2113 2621 sint

538 2666 757 2722 natura,
787 2671 892 2712 una
948 2665 1130 2714 tamen
1168 2655 1460 2728 aliquando
1490 2664 1648 2712 erant
1683 2656 1794 2726 (27)
1833 2658 1888 2711 in
1933 2656 2111 2730 Lyciae

538 2763 724 2812 monte
759 2769 919 2825 quem
967 2751 1253 2825 Olympum
1287 2760 1506 2816 vocant,
1557 2761 1616 2806 ut
1651 2751 1926 2806 innumeri
1955 2753 2107 2808 vide-

539 2855 666 2904 runt
692 2844 964 2906 homines.
995 2853 1050 2898 et
1083 2844 1346 2898 hactenus
1375 2843 1540 2898 etiam
1569 2843 1754 2899 vident
1779 2844 1870 2914 qui
1903 2860 1971 2900 eo
2001 2846 2107 2900 loci

540 2945 852 2993 versantur.
904 2936 970 2991 Et
996 2936 1100 2988 alia
1131 2935 1217 2990 his
1247 2933 1445 2989 similia
1479 2938 1535 2988 in
1578 2949 1758 3010 rerum
1789 2944 1986 2988 natura
2028 2936 2110 2990 vi-

540 3029 738 3084 dentur
761 3040 815 3083 et
857 3026 1205 3082 admirationi
1237 3025 1538 3090 habentur;
1591 3042 1712 3096 qua:
1755 3043 1888 3082 sane
1925 3029 2108 3084 omnia

540 3135 650 3174 non
689 3119 764 3174 ita
794 3133 960 3188 supra
993 3125 1244 3172 naturam
1273 3115 1387 3170 ﬁeri
1410 3125 1655 3184 possent,
1686 3119 1792 3173 nisi
1823 3129 1969 3176 esset
2008 3121 2109 3176 ali-

539 3227 648 3279 qua
696 3209 790 3266 Dei
825 3208 1134 3264 substantia
1183 3221 1304 3277 quae
1354 3205 1439 3260 bis
1493 3205 1888 3275 dominaretur,
1934 3211 2110 3283 iisque

539 3303 833 3374 imperaret
863 3316 973 3356 non
1031 3299 1135 3355 sibi
1183 3305 1373 3352 mutuo
1407 3299 1709 3355 adversari.
1752 3299 1798 3355 Ο
1839 3304 2104 3372 gentiles!

444 3386 457 3397 ’
538 3393 632 3462 qui
659 3391 719 3445 lit
755 3401 814 3446 ut
862 3391 1068 3462 ingenti
1109 3389 1254 3446 facto
1279 3391 1510 3452 tonitru,
1543 3397 1657 3445 tota
1678 3391 1960 3447 hominum
2009 3410 2109 3448 na-

537 3489 661 3536 tura
709 3489 926 3543 tremat,
965 3481 1268 3546 horrescat,
1319 3483 1691 3552 Obstupescat.
1746 3482 1867 3550 Quo
1920 3485 2110 3556 utique

512 3573 740 3628 'indicio
789 3575 1030 3630 ostendit
1080 3590 1140 3630 se
1211 3575 1443 3629 Domino
1485 3575 1684 3644 subjici
1737 3576 2108 3632 tonitruorum

535 3667 768 3722 auctori.
805 3666 872 3720 Et
897 3667 1014 3723 haec
1036 3667 1256 3738 quidem
1293 3676 1420 3724 sunt
1469 3681 1810 3738 argumenta,
1837 3685 1959 3738 qua:
1987 3685 2110 3740 gen-

534 3759 708 3813 tilium
737 3759 988 3816 rudiores
1015 3768 1071 3814 et
1098 3759 1462 3829 imperitiores
1493 3759 1559 3814 ad
1600 3759 1692 3816 Dei
1738 3761 2106 3832 cognitionem

533 3847 804 3904 deducere
831 3849 1064 3918 possint.
1114 3849 1198 3903 Ad
1229 3850 1448 3904 illorum
1481 3860 1661 3905 autem
1697 3851 1972 3922 sapientes
2021 3851 2109 3906 di-

533 3939 729 4004 cimus,
779 3955 848 3996 ex
902 3941 1146 4011 antiquis
1195 3941 1696 4012 praestantibusque
1743 3942 2102 4014 philosophis,

2217 1467 2401 1521 λοιπὸν
2431 1468 2530 1539 τῆς
2555 1467 2663 1522 τῶν
2681 1468 3020 1542 πραγμάτων
3072 1467 3310 1538 φύσεως,
3363 1471 3554 1522 πεῖσαι
3585 1467 3776 1538 ὀφειλο-

2228 1573 2330 1626 μεν
2358 1557 2487 1628 περὶ
2507 1557 2836 1626 θεογνωσίας
2873 1557 3071 1628 λέγειν.
3104 1557 3351 1630 Ὀρῶμεν
3369 1558 3482 1631 γάρ
3512 1574 3668 1622 τινας
3691 1559 3774 1611 οὐ·

2218 1648 2340 1710 σίας
2375 1651 2431 1703 ὲν
2453 1652 2520 1721 τῇ
2549 1651 2723 1703 κτίσει
2751 1651 2814 1704 οὐ
2863 1650 3006 1704 κατὰ
3046 1649 3228 1720 φύσιν,
3262 1649 3401 1704 ἀλλὰ
3455 1651 3601 1721 ὑπὲρ
3632 1649 3774 1721 φύσιν

2223 1740 2340 1810 μετ’
2382 1739 2628 1813 ἀλλήλων
2660 1741 3062 1813 ὑπηρετούσας·
3092 1736 3204 1795 οἷόν
3247 1759 3302 1794 τι
3353 1739 3524 1810 λέγω,
3551 1740 3707 1816 φὺσις
3742 1743 3772 1812 ἡ

2211 1831 2320 1884 τῶν
2346 1831 2573 1898 ὑδάτων,
2605 1831 2761 1884 οὑσία
2790 1830 3010 1903 ρευστὴ,
3047 1831 3142 1884 καὶ
3165 1831 3494 1904 κατωφερὴς
3533 1829 3770 1902 ὑπάρχει,

2212 1922 2330 1986 πῶς
2353 1921 2567 1994 δρῶμεν
2581 1925 2705 1986 τοὺς
2719 1922 3040 1994 λεγομένους
3057 1923 3296 1993 σίφωνας
3317 1925 3384 1978 ὲκ
3398 1923 3501 1993 τῆς
3515 1921 3774 1993 Θαλάσσης

2213 2015 2358 2087 ὕδωρ
2381 2014 2518 2088 πρὸς
2554 2014 2652 2080 τὰς
2667 2017 2898 2086 νεφελὰς
2918 2017 3220 2085 ἀνάγοντας
3239 2033 3254 2046 ·
3283 2017 3346 2070 τὸ
3376 2017 3436 2071 δὲ
3473 2017 3773 2088 θαυμαστὸν

2214 2103 2376 2176 ῥητὸν
2397 2104 2455 2158 τὸ
2471 2104 2714 2178 ἁλμυρὸν
2731 2105 3112 2177 ἀνερχόμενον,
3141 2106 3310 2176 γλυκὺ
3337 2107 3432 2160 ἐπὶ
3457 2109 3567 2175 γῆς
3591 2106 3677 2160 διά
3696 2106 3774 2159 τὸν

2211 2195 2419 2268 ὄμϐρον
2449 2197 2808 2268 κατέρχεταις
2834 2197 2958 2262 Πῶς
2990 2196 3241 2252 δὲ’πάλιν
3286 2200 3322 2270 ἡ
3351 2197 3461 2252 τῶν
3517 2200 3772 2269 σωμάτων

2212 2288 2372 2356 φύσις
2397 2287 2677 2362 βολιστικὴ
2710 2289 2850 2343 κατὰ
2877 2289 3035 2360 φύσιν
3071 2290 3418 2360 ὑπάρχουσα,
3452 2291 3647 2362 ὁρᾶται
3670 2291 3774 2344 ea.
3882 2369 3888 2375 _

2211 2380 2409 2446 λιστος,
2445 2383 2538 2436 καὶ
2563 2381 2751 2445 άδυτος
2788 2383 2846 2434 ἐν
2903 2385 3014 2446 τοίς
3059 2381 3214 2436 ὕδασι
3261 2382 3364 2452 τῆς
3414 2383 3773 2454 Μαρμαρικῆς

2211 2471 2631 2536 Πεπαπόλεωςς
2661 2473 2721 2525 οὑ
2756 2473 2914 2542 μόνον
2935 2471 3010 2535 δὲ,
3047 2473 3184 2527 ἀλλὰ
3209 2473 3320 2544 γὰρ
3351 2473 3448 2528 καὶ
3477 2474 3669 2538 ὓδατος
3691 2473 3772 2528 καὶ

2212 2563 2384 2634 πυρὸς
2410 2563 2626 2618 ἐναντία
2668 2567 2702 2636 ἠ
2753 2564 2915 2633 φύσις
2949 2565 3290 2638 ὑπάρχουσα,
3335 2565 3396 2618 ὲν
3421 2565 3502 2636 τῷ
3535 2566 3653 2636 ἅμα
3691 2561 3769 2636 ἦν,

2211 2653 2299 2706 ὅτε
2328 2655 2385 2707 ὲν
2414 2655 2589 2725 Λυκίᾳ.
2617 2653 2694 2726 τῷ
2720 2655 2834 2726 δρει
2858 2655 2934 2726 τῷ
2956 2655 3230 2728 λεγομένῳ
3271 2656 3557 2728 Ὀλύμπῳ,
3610 2657 3772 2720 καθὼς

2214 2745 2472 2816 μυριάδες
2499 2745 2706 2815 ἀνδρῶν
2749 2746 3044 2816 ἑωράκασι,
3074 2747 3168 2802 καὶ
3195 2747 3360 2818 μέχρι
3394 2747 3491 2800 τοῦ
3525 2747 3622 2802 νῦν
3647 2747 3770 2800 ὲκεί-

2211 2851 2316 2888 νων
2346 2833 2620 2904 βλέπουσι·
2645 2837 2738 2889 καὶ
2759 2835 2892 2890 ἄλλα
2916 2836 3193 2908 παράδοξα
3217 2839 3274 2891 ὲν
3319 2840 3388 2908 τῇ
3427 2838 3607 2891 κτίσει
3651 2837 3771 2890 θεω-

2213 2923 2471 2996 ρούμενα,
2527 2927 2618 2980 καὶ
2669 2925 3081 2998 θαυμαζόμενα,
3139 2929 3298 2982 ἆτινα
3350 2929 3454 2981 οὑκ
3503 2927 3571 2982 ἂν
3615 2928 3768 2992 οὕτως

2211 3018 2350 3089 ὑπὲρ
2369 3019 2528 3087 φύσιν
2557 3019 2808 3088 γενέσθαι
2828 3020 3071 3092 ἔμελλον,
3098 3023 3147 3074 εἰ
3169 3021 3245 3092 μὴ
3265 3021 3426 3076 οὑσία
3446 3039 3533 3087 τις
3557 3021 3688 3076 Θεοῦ
3711 3017 3772 3092 ἦν

2191 3109 2413 3168 ’τούτων
2451 3112 2804 3178 δεσπόζουσα,
2840 3115 2936 3168 καὶ
2952 3113 3161 3178 τούτοις
3188 3114 3588 3186 ἐπιτρέπουσα,
3619 3113 3769 3186 ἀλλή-

2210 3204 2324 3268 λοις
2367 3204 2442 3276 μὴ
2472 3205 2900 3261 ἀντιτάττεσθαι.
2948 3203 3019 3260 Ὦ
3058 3206 3327 3279 Ἑλλήνων
3369 3208 3560 3270 παῖδες
3587 3208 3600 3260 l
3627 3207 3770 3278 βρον-

2211 3295 2310 3364 τῆς
2338 3296 2570 3366 στερρᾶς
2591 3297 2901 3366 γινομένης,
2925 3296 3041 3361 πῶς
3077 3298 3314 3368 ἄπασαὴ
3339 3296 3449 3350 τῶν
3487 3296 3771 3368 ἀνθρώπων

2213 3385 2374 3456 φὺσις
2421 3388 2632 3458 τρέμει,
2663 3389 2873 3459 φρίττει
2914 3407 2974 3443 τε
3013 3389 3108 3446 καὶ
3155 3389 3460 3456 ἐξίσταται,
3511 3391 3772 3462 μηνύουσα

2211 3476 2299 3532 διὰ
2329 3476 2424 3531 τοῦ
2454 3480 2753 3550 σχήματος,
2786 3481 2868 3534 ὃτι
2899 3481 3004 3535 ὑπὸ
3055 3481 3318 3536 δεσπότου
3357 3481 3500 3544 ἐστὶ,
3567 3479 3657 3534 τοῦ
3681 3480 3772 3542 τὰς

2212 3567 2441 3638 βροντὰς
2489 3569 2879 3642 ἑ’ργαξομένοω
2935 3573 3047 3626 Καὶ
3103 3571 3280 3626 ταῦτα
3329 3573 3430 3642 μὲν
3475 3572 3614 3642 πρὸς
3661 3570 3772 3632 τοὺς

2210 3661 2604 3734 ἀφελεστέρους
2649 3663 2760 3716 τῶν
2821 3665 3105 3734 Ἑλλήνων,
3139 3665 3310 3735 ἡγοῦν
3363 3665 3770 3736 ἀγραμμάτους,

2211 3753 2290 3816 εἰς
2315 3751 2643 3822 θεογνωσίαν
2699 3754 2932 3826 φέροντα
2979 3755 3373 3826 ὑποδείγματα.
3411 3755 3560 3826 Πρῆς
3585 3755 3641 3808 δὲ
3661 3753 3772 3814 τοὺς

2221 3845 2356 3916 παρ’
2391 3845 2574 3909 αὐτοῖς
2621 3847 2837 3916 σοφοὺς,
2895 3848 2960 3901 ὲκ
3011 3846 3318 3916 φιλοσόφων
3357 3847 3608 3920 ἀρχαίων
3631 3846 3774 3898 δυνα-

2209 3937 2340 4002 τῶν,
2373 3937 2680 4010 μαρτυρίας
2708 3937 2908 4003 πολλὰς
2939 3939 3068 4010 περὶ
3090 3938 3400 4002 θεοσεϐείας
3429 3938 3578 4002 τινὲς
3607 3936 3773 4006 Ἑλλή-

532 4033 706 4086 multa
732 4031 800 4086 de
827 4031 920 4088 Dei
947 4035 1098 4089 cultu
1125 4033 1462 4096 testimonia,
1489 4033 1756 4104 quosdam
1790 4033 2102 4090 Graecorum

2211 4047 2314 4085 νων
2347 4032 2500 4100 σοφοὶ
2525 4031 2750 4100 ἔφασαν,
2778 4031 2913 4085 ἀλλὰ
2935 4033 3029 4085 καὶ
3051 4031 3148 4103 τὴν
3175 4031 3282 4092 τοῦ,
3313 4029 3556 4104 Χριστοῦ
3588 4031 3774 4084 οἰκονο-

533 4129 806 4198 sapientes
831 4127 1140 4196 protulisse,
1169 4126 1278 4183 imo
1303 4129 1464 4183 etiam
1507 4125 1710 4183 Christi
1746 4125 2108 4182 oeconomiam

534 4228 628 4267 seu
678 4209 1110 4266 lncarnationem
1167 4211 1638 4283 praesigniﬁcasse.
1707 4211 1918 4267 Etenim
1976 4211 2110 4266 mul-

532 4304 606 4360 tis
652 4309 780 4360 ante
807 4301 1013 4358 Christi
1071 4302 1363 4358 adventum
1396 4304 1580 4368 anuis,
1615 4303 1839 4374 sapiens
1885 4302 2107 4373 quidam

531 4396 725 4466 Apollo
755 4395 994 4459 nomine,
1025 4394 1306 4459 divinitus,
1341 4403 1402 4450 ut
1435 4404 1587 4466 puto,
1621 4402 1920 4464 permotus,
1972 4403 2109 4449 tem-

533 4488 680 4558 plum
715 4485 944 4542 Athenis
979 4487 1268 4549 exstruxit,
1293 4486 1347 4541 iu
1377 4487 1538 4556 cujus
1563 4486 1721 4540 altari
1747 4486 1888 4540 hanc
1918 4487 2111 4541 inscri-

531 4581 774 4650 ptionem
819 4579 1002 4650 posuit
1028 4596 1042 4632 :
1074 4595 1094 4630 ι
1126 4577 1316 4648 Ignoto
1345 4577 1454 4633 Deo
1477 4617 1492 4630 .
1528 4597 1546 4628 ι
1580 4577 1658 4632 Eo
1703 4578 1870 4648 igitur
1903 4581 1957 4632 in
1987 4579 2107 4634 loco

531 4687 836 4727 convenere
863 4671 1025 4741 primi
1052 4669 1365 4726 Graecorum
1392 4671 1722 4741 philosOphi,
1757 4676 1816 4724 ut
1860 4671 1928 4725 de
1966 4680 2106 4727 tem-

535 4765 627 4835 plo
657 4763 752 4818 illo
792 4763 970 4833 ipsum
1013 4763 1437 4834 interrogarent,
1460 4778 1679 4818 necnon
1711 4762 1780 4817 de
1821 4763 2106 4832 prophetia

532 4865 589 4911 et
623 4856 692 4912 de
725 4855 818 4910 Dei
855 4855 1028 4919 cultu,
1060 4870 1297 4926 quorum
1328 4855 1550 4910 nomina
1591 4854 1954 4924 proferemus.
1987 4853 2108 4910 Pri-

534 4963 678 5014 mus,
716 4945 878 5002 Titon
904 4965 922 5014 ξ.
950 4947 1247 5009 secundus,
1274 4946 1436 5012 Bias;
1467 4947 1680 5011 tertius,
1708 4944 1875 5001 Solon
1901 4964 1916 5012 ;
1940 4961 2106 5016 quar-

535 5051 646 5104 tus,
673 5041 867 5098 Cimon
893 5084 908 5108 ,
948 5040 1196 5112 quintus,
1219 5038 1608 5110 Thucydides;
1639 5047 1848 5100 sextus.
1881 5037 2106 5092 Menan-

461 5178 482 5198 ,
531 5134 668 5202 der;
711 5133 998 5203 septimus,
1035 5131 1212 5186 Plato.
1253 5130 1318 5185 lli
1354 5142 1560 5202 septem
1596 5131 1904 5206 philos0phi
1935 5129 2104 5208 Apol-

607 5331 717 5397 (27)
755 5329 928 5386 Aliiue
958 5339 1042 5400 est
1075 5331 1222 5400 quod
1254 5330 1330 5382 ait
1359 5329 1684 5383 Aristoteles
1715 5329 1854 5400 Περὶ
1885 5333 2106 5400 θαυμα-

2217 4120 2346 4192 μίαν
2377 4121 2634 4193 ἀμυδρῶς
2688 4125 3093 4195 προεμήνυσαν.
3154 4125 3267 4177 Καὶ
3296 4124 3407 4195 γὰρ
3443 4124 3553 4196 πρὸ
3581 4119 3771 4175 πολλῶν

2212 4213 2418 4284 χρόνων
2449 4213 2550 4284 τῆς
2603 4214 2838 4286 Χριστοῦ
2889 4213 3202 4285 ἐπιδημίας,
3248 4215 3412 4283 σοφός
3445 4230 3530 4278 τις
3566 4213 3772 4283 ὀνόματι

2225 4305 2520 4370 Ἀπόλλων,
2550 4304 2754 4369 θεόθεν,
2782 4306 2858 4370 ὡς
2888 4303 3061 4377 οἶμαι,
3097 4305 3462 4376 ὲπικινηθεὶς,
3489 4305 3667 4358 ἔκτισε
3694 4301 3773 4354 τὸν

2210 4396 2268 4448 ὲν
2303 4395 2550 4467 ’Δθήναις
2574 4398 2720 4463 ναὸν,
2749 4399 2965 4470 γράψας
2994 4399 3052 4451 ὲν
3073 4397 3222 4468 αὑτῷ
3250 4395 3443 4468 βωμῷ,
3481 4393 3776 4464 Ἀγνώστφ

2213 4477 2357 4549 Θεῷ.
2401 4485 2488 4538 Ἑν
2523 4483 2670 4556 αὑτῷ
2699 4489 2878 4540 τοίνυν
2934 4487 3280 4558 συνήχθησαν
3335 4487 3387 4538 οἱ
3429 4483 3640 4558 πρῶτοι
3676 4480 3773 4534 τῶν

2222 4575 2487 4648 Ἑλλήνων
2521 4577 2818 4648 φιλόσοφοι,
2863 4578 2948 4631 ἵνα
2993 4579 3123 4649 περὶ
3151 4577 3250 4632 τοῦ
3283 4576 3415 4630 ναοῦ
3439 4578 3773 4647 ἐρωτήσωσιν

2209 4667 2390 4731 αὑτὸν,
2422 4669 2517 4722 καὶ
2552 4669 2679 4739 περὶ
2719 4668 3069 4740 προφητείας,
3113 4667 3210 4722 καὶ
3254 4667 3590 4732 θεοσεϐείας,
3619 4659 3691 4719 ὧν
3715 4662 3774 4716 τὰ

2210 4759 2451 4830 ὀνόματα
2505 4760 2736 4832 ἐροῦμεν
2789 4761 2981 4815 ταῦτα.
3026 4759 3252 4832 Πρῶτος
3298 4760 3500 4823 Τίτων,
3541 4759 3774 4827 δεύτερος

2210 4849 2360 4915 Βίας,
2420 4851 2603 4923 τρίτος
2663 4851 2882 4914 Σώλων,
2930 4853 3188 4922 τέταρτος
3249 4851 3484 4913 Χείλων,
3541 4851 3774 4921 πέμπτος

2208 4941 2506 5015 Θουκήδης,
2539 4943 2696 5007 ἕκτος
2717 4943 3044 5016 Μένανδρος,
3075 4943 3315 5014 ἕϐδομος,
3352 4942 3604 4996 Πλάτων.
3631 4933 3775 4994 Οὖτα

2207 5034 2257 5088 οἱ
2278 5035 2416 5088 ἑπτὰ
2448 5033 2726 5103 φιλόσοφοι
2752 5034 2960 5104 ἔφησαν
2984 5033 3062 5104 τῷ
3105 5033 3438 5087 Ἀπόλλωνιο
3471 5033 3774 5104 ΙΙροφήϊεν⁴

2210 5148 2300 5186 σον
2325 5133 2478 5202 ἡμῖν,
2511 5125 2784 5197 προφῆτα,
2812 5119 2858 5178 ὦ
2890 5125 3174 5188 Ἄπολλον,
3195 5125 3282 5188 τίς
3315 5125 3470 5176 ἐστιν
3502 5124 3590 5178 ὅδε
3611 5119 3773 5182 εἷπον,

2211 5333 2348 5386 tione
2394 5328 2568 5399 (apud
2613 5345 2714 5384 nos
2754 5338 2792 5382 t.
2850 5326 3410 5399 Χνιιιεεοιηεεϐμ
3444 5325 3573 5394 Vidi
3605 5340 3699 5394 ego
3724 5322 3774 5374 in

530 5401 684 5473 σίῳν
709 5398 1107 5473 ἀκουσμάτων
1151 5411 1284 5473 tom.
1311 5401 1350 5460 1,
1368 5415 1422 5473 ρ.
1447 5399 1616 5473 Ηϐξς
1643 5399 1868 5473 Καίεται
1897 5399 2104 5473 δῂᾳσυν-

2212 5402 2434 5473 Olympo
2457 5402 2530 5473 (is
2552 5417 2708 5467 porro
2731 5415 2884 5473 ptem
2919 5408 2998 5452 est
3016 5398 3222 5473 ΔΙιειεὶαι)
3258 5399 3434 5467 ignem
3462 5406 3642 5464 sponte
3661 5409 3770 5454 sua,

533 5469 676 5541 εχῶς
729 5472 856 5541 περ).
884 5468 1091 5541 Λυκίαν
1115 5471 1210 5524 καὶ
1237 5471 1485 5541 μεγάλην
1511 5469 1664 5541 πόλιν
1701 5468 1800 5539 τὴν
1840 5471 1914 5541 ὲνΔ
1937 5469 2102 5520 Πελο-

534 5537 771 5610 πονήσῳ.
803 5537 906 5594 Ubi
935 5540 1200 5610 interpres
1233 5537 1542 5610 inerudite.
1572 5537 1845 5608 Megaram
1881 5538 2104 5610 Pelopo-

534 5611 642 5680 ιιοεὶ
660 5608 879 5680 urbem,
905 5608 1088 5664 vertit.
1123 5609 1307 5680 Neque
1327 5612 1470 5664 enim
1498 5608 1710 5680 Megara
1743 5619 1900 5662 erant
1928 5610 1982 5662 in
2006 5608 2105 5680 Pe-

539 5679 818 5748 loponeso.
852 5679 958 5733 Sed
983 5680 1072 5750 hic
1105 5677 1459 5750 M‘eg’ampolis
1495 5677 1919 5750 Peloponesiaca
1975 5679 2104 5734 urbs

540 5746 982 5804 uicinoratur.—-
1020 5747 1079 5804 ε.
1115 5746 1418 5805 Μεῑιιοᾶἱιιε
1451 5750 1506 5804 in
1545 5746 1684 5804 libro
1721 5746 1798 5803 De
1841 5765 2106 5805 resume:-

2202 5475 2257 5526 in
2284 5469 2492 5525 'montis
2536 5470 2840 5534 cacumine,
2899 5484 2964 5541 ex
3009 5469 3114 5541 imo
3175 5480 3335 5522 terrae
3373 5475 3770 5541 erumpentem;

2195 5543 2356 5612 juxta
2407 5557 2558 5610 quem
2603 5548 2778 5594 exstat
2823 5540 2981 5592 arbor
3014 5539 3202 5612 Agnus
3235 5538 3471 5612 nomine,
3513 5533 3642 5612 adeo
3665 5533 3768 5612 116.-

2205 5604 2344 5671 rida.
2381 5604 2643 5681 virenset
2691 5621 2876 5681 opaca,
2915 5621 2970 5663 ut
3002 5604 3222 5681 ju'gibus
3263 5609 3445 5676 potius
3476 5609 3624 5680 aquis
3657 5604 3768 5658 irri-
3797 5604 3817 5629 '

2205 5699 2309 5754 gua
2334 5682 2481 5736 nasci
2529 5677 2794 5736 videatur.
2831 5681 2987 5736 Eutr.
