3976 6388
176 372 197 425 1
210 368 312 425 429

1048 362 1603 422 COMMENTARIUS
1640 362 1729 416 ne
1769 330 2048 417 Tauno
2085 330 2540 420 ATHENARUM.

3284 362 3424 421 1430

172 482 312 544 τίνος
345 479 425 532 ἔτι
472 482 499 532 6
531 479 667 549 μετὰ
688 479 746 533 σὲ
778 478 960 550 βωμὸς
983 474 1167 545 οὗτος
1198 480 1340 549 Πρὸς
1365 438 1515 543 οὒςΙό
1549 441 1741 531 Ἀπόλ-

1856 476 1904 539 li,
1977 474 2233 529 dixerunt
2286 494 2299 529 :
2343 476 2653 530 Vaticinare
2730 475 2910 538 nobis,
2976 490 3010 527 o
3055 472 3339 545 prepheta,
3390 494 3422 529 ι)

172 564 276 626 λωῦ
314 573 417 640 ἔφη
437 588 450 601 ·
485 572 623 625 Ὅσα
652 572 747 642 μὲν
780 573 912 642 πρὸς
944 573 1167 644 ἀρετὴν,
1195 574 1290 626 καὶ
1326 574 1530 641 κόσμον
1566 572 1740 642 ὀρῤωο

171 664 308 716 δεῖτε
345 664 538 724 ποιεῖν,
577 662 797 715 ποιεῖτε.
857 661 997 730 Ἐγὼ
1044 663 1153 733 γὰρ
1181 660 1468 731 ὲφετμεύω
1517 660 1739 730 τρισένη

172 755 517 825 ὑψιμέδοντα,
548 746 608 805 οὗ
640 753 796 821 λόγος
852 752 1158 823 ἆφθεγκτος
1207 756 1265 806 ὲν
1317 753 1480 822 ἀδείῳ
1521 749 1740 823 [ἀδέτῳ]

171 848 309 920 κόρῃ
338 846 574 917 ἕγγυμος
600 845 768 904 ἔσται,
803 845 993 918 ῶσπερ
1024 846 1328 916 πυροφόρον
1349 844 1500 909 τόξον
1530 844 1743 897 ἃπαντα

172 938 373 1008 κόσμον
404 937 923 1009 ζωγρήσας,Πατρὶ,
962 937 1218 1008 προσάξει
1247 936 1440 1007 δῶρον.
1476 933 1660 1007 Μαρία
1687 933 1745 987 δὲ

171 1037 231 1089 τὸ
257 1036 427 1106 ὄνομα
460 1037 657 1107 αὗτῆς·
690 1036 803 1089 ἔστι
831 1037 937 1107 δὲή
960 1036 1112 1099 λύσις
1145 1035 1479 1107 προφητείας
1502 1032 1743 1095 οὕτως...

173 1129 298 1201 περὶ
334 1129 432 1200 μὲν
460 1128 553 1182 τοῦ
578 1128 705 1183 ναοῦ
729 1130 874 1182 ἐστιν
894 1131 922 1182 ὁ
956 1128 1169 1199 πρῶτος
1194 1127 1369 1195 λόγος.
1406 1126 1565 1186 Ὅσα,
1590 1124 1744 1194 φησὶ,

174 1219 310 1284 πρὸς
335 1218 539 1288 κόσμον
557 1217 651 1271 τοῦ
670 1217 817 1279 ναοῦ,
849 1218 943 1271 καὶ
965 1217 1158 1278 κάλλος
1183 1214 1407 1269 δυνατὸν
1431 1215 1562 1285 ὑμῖν
1592 1213 1749 1284 ποιῆ-

175 1327 284 1371 σαι,
318 1309 387 1362 τὰ
409 1308 710 1379 ἀρέσκοντα
729 1308 806 1377 τῷ
831 1308 948 1378 Θεῷ
979 1308 1072 1360 καὶ
1100 1305 1427 1377 ἀνθρώποις.
1468 1304 1609 1374 Ἐγὼ
1639 1304 1748 1375 γὰρ

175 1400 542 1471 ὑπολαμϐάνω
574 1394 713 1453 εἶναι
742 1402 799 1452 ὲν
820 1398 897 1469 τῷ
927 1399 1140 1470 οὐρανῷ
1188 1398 1614 1470 τρισυπόστατον
1652 1395 1749 1466 μέ-

173 1508 273 1559 γαν
304 1489 525 1558 ὕψιστον
550 1489 790 1560 βασιλέα.
825 1490 1026 1542 Τούτου
1054 1489 1288 1561 ἄναρχος
1325 1488 1477 1552 Θεὸς,
1522 1489 1617 1540 καὶ
1642 1488 1746 1540 Λό-

172 1598 265 1650 γος
287 1583 346 1633 ἐν
368 1581 569 1650 ἀγάμῳ
598 1581 732 1653 κόρῃ
784 1579 1079 1651 σαρκοῦται
1100 1622 1113 1641 ,
1150 1581 1245 1634 καὶ
1277 1579 1464 1651 ὥσπερ
1512 1578 1751 1650 πυροφό-

172 1688 262 1742 ρον
282 1669 457 1734 τόξον,
485 1670 518 1740 ἢ
548 1670 622 1734 ὡς
647 1670 1045 1742 δυναμώτερον,
1082 1670 1297 1725 ἅπαντα
1340 1671 1542 1740 κόσμον
1575 1672 1749 1740 φανή-

172 1779 343 1823 σεται,
375 1760 604 1815 ἁλιεύων
631 1764 753 1826 τοὺς
778 1762 1114 1833 ἀνθρώπους,
1147 1762 1336 1833 ὥσπερ
1375 1763 1531 1832 ἰχθύα
1566 1764 1630 1815 ἐκ
1651 1760 1744 1814 τοῦ

1842 566 2070 637 Apollo;
2116 565 2251 633 Quis
2291 578 2374 624 est
2404 569 2516 633 hic,
2554 569 2664 629 die,
2716 566 2876 636 cujus
2908 575 2992 622 est
3036 568 3209 620 altare
3241 566 3334 620 cui
3364 574 3421 619 tu

1843 659 2034 715 astas?
2073 657 2211 714 Tum
2247 660 2442 731 Apollo
2477 660 2550 714 ait
2586 681 2599 714 :
2645 657 2779 726 Quae
2841 659 3060 729 quidem
3124 658 3189 713 ad
3251 660 3426 719 virtu-

1842 758 1951 805 tem
1991 765 2046 806 et
2076 751 2329 807 decorem
2363 762 2635 823 spectant,
2668 769 2899 824 quaeque
2932 769 3030 807 vos
3067 752 3249 808 facere
3301 769 3423 822 per-

1842 842 2158 907 timescitis,
2213 843 2377 900 facite
2427 855 2632 899 tamen.
2696 844 2808 915 Ego
2841 860 3073 915 namque
3113 844 3312 897 mando
3340 855 3426 899 ter

1844 950 2016 988 unum
2050 951 2285 1006 superne
2323 946 2665 1007 regnantem,
2728 938 2888 1007 cujus
2926 938 3151 991 verbum
3189 955 3297 992 non
3329 953 3423 992 vo-

1846 1024 1984 1089 cale,
2017 1025 2072 1079 in
2104 1027 2284 1096 puella
2311 1027 2561 1083 inclusus
2591 1028 2715 1092 erit,
2750 1028 2840 1098 qui
2871 1028 3026 1097 quasi
3060 1042 3223 1082 arcus
3256 1028 3424 1098 ignita

1848 1116 2072 1177 mittens
2105 1118 2233 1183 tela,
2269 1126 2443 1173 totum
2483 1120 2745 1173 mundum
2776 1128 2993 1189 captum
3029 1121 3177 1174 Patri
3217 1120 3269 1174 in
3321 1121 3424 1176 do-

1849 1245 1980 1283 num
2015 1229 2221 1284 oll‘erct.
2262 1229 2428 1283 Maria
2470 1238 2648 1285 autem
2687 1240 2769 1287 est
2797 1233 2988 1301 puellae
3017 1250 3234 1289 nomen.
3286 1233 3426 1289 Pro-

1851 1321 2046 1391 phetia:
2071 1337 2200 1377 vero
2219 1322 2331 1377 haec
2356 1330 2440 1378 est
2470 1324 2853 1394 explicatio....
2881 1326 2947 1380 de
2971 1327 3175 1396 templo
3215 1327 3427 1397 primus

1852 1428 2033 1469 sermo
2055 1414 2396 1483 intelligitur.
2428 1413 2796 1486 Quaecunque,
2831 1417 2925 1480 ait,
2953 1418 3018 1471 ad
3052 1418 3235 1488 templi
3261 1434 3426 1472 orna-

1852 1514 1965 1560 tum
2000 1514 2054 1562 et
2083 1506 2335 1563 decorem
2380 1517 2640 1579 praestare
2668 1512 2937 1580 poteritis,
2968 1512 3077 1567 Deo
3105 1522 3159 1566 et
3189 1512 3426 1567 homini-

1852 1598 1955 1651 bus
1991 1600 2189 1669 placita
2235 1610 2418 1654 erunt.
2483 1601 2593 1670 Ego
2627 1618 2862 1669 namque
2909 1604 3146 1658 arbitror
3199 1618 3321 1659 esse
3367 1604 3425 1658 in

1854 1691 2017 1754 cmlo,
2066 1692 2118 1746 in
2177 1693 2354 1749 tribus
2386 1694 2774 1764 hypostaslbus
2810 1711 3065 1765 magnum
3096 1696 3424 1752 altissimum

1856 1782 2074 1852 Regem.
2129 1784 2301 1855 Hujus
2352 1784 2569 1855 (illius)
2600 1804 2798 1856 expers
2832 1788 2970 1841 initii
3010 1788 3153 1843 Deus
3198 1797 3251 1844 et
3293 1787 3427 1843 Ver-

172 1854 333 1925 βυθοῦ
358 1854 457 1925 τῆς
490 1854 765 1917 ἀπιστίας,
810 1856 903 1907 καὶ
939 1854 1232 1922 ἀγνωσίας,
1286 1852 1538 1916 οὕστινας
1583 1870 1752 1924 προσ-

1858 1874 2007 1937 bum,
2039 1875 2266 1945 innupta
2302 1876 2355 1929 in
2384 1876 2593 1946 virgine
2624 1877 2960 1942 incarnatur,
2992 1888 3047 1934 et
3076 1881 3233 1949 quasi
3265 1894 3427 1935 arcus

170 1947 286 2013 ἀξει
310 1945 388 2016 τῷ
422 1946 613 1999 ἑαυτοῦ
644 1947 817 2017 Πατρὶ
843 1945 1033 2017 δῶρον’
1058 1947 1243 2017 Μαρία
1262 1945 1316 1998 δὲ
1346 1945 1406 1998 τὸ
1437 1946 1609 2015 ὄνομα
1656 1946 1749 1997 αύ-

167 2040 287 2108 τῆς.
340 2037 453 2090 Καὶ
494 2037 653 2091 τοῦτο
684 2038 778 2108 μὲν
804 2037 1160 2108 προφητεύων
1202 2038 1231 2088 6
1272 2036 1541 2089 Ἀπόλλων
1605 2030 1747 2091 εἷπε.

170 2127 345 2180 Τίτων
371 2127 508 2197 ἔφη·
559 2126 705 2192 "HE:
731 2130 764 2198 ἡ
798 2128 1088 2198 ἀνίσχουσα
1130 2129 1259 2198 ἡμῖν
1297 2126 1505 2198 μέλλων
1534 2128 1623 2180 τὸν
1656 2127 1747 2179 οὐ·

176 2217 357 2286 ράνιον
384 2216 480 2269 τοῦ
515 2216 648 2269 Θεοῦ
685 2218 777 2270 καὶ
800 2217 1014 2287 Πατρὸς
1060 2218 1222 2269 παῖδα
1257 2218 1289 2286 ἡ
1321 2216 1582 2285 ἄνανδρος
1609 2218 1745 2289 κόρη

173 2304 311 2359 κύει.
342 2307 475 2369 Βίας
506 2301 689 2359 εἷπε-ι’
712 2301 879 2371 Οὗτός
910 2311 1054 2361 ἐστιν
1081 2307 1189 2360 ἀπὸ
1204 2306 1447 2379 οὐρανῶν
1479 2307 1749 2377 βεϐηκὼς,

174 2397 370 2465 φλογὸς
397 2397 680 2451 ὑποϐαλὼν
702 2398 965 2452 ἀθάνατον
998 2398 1108 2471 πῦρ
1135 2418 1146 2430 ν
1184 2399 1242 2451 ὃν
1287 2400 1479 2469 τρέμει
1500 2399 1749 2470 ούρανὸς,

172 2489 246 2558 γῆ
275 2506 358 2553 τε,
387 2488 651 2552 θάλασσα,
671 2490 951 2562 τάρταροι,
976 2493 1069 2544 καὶ
1094 2490 1264 2561 βύθιοι
1292 2492 1565 2562 δαίμονες,
1603 2492 1755 2545 αύτο-

177 2580 367 2653 πάτωρ
414 2582 739 2654 τρισόλϐιος.
794 2583 970 2636 Σόλων
990 2578 1170 2636 εἶπενο
1208 2584 1334 2653 Ὀψέ
1365 2602 1492 2637 ποτε
1528 2584 1620 2637 ἐπὶ
1649 2585 1747 2655 τὴν

180 2674 370 2745 σχεδὴν
395 2674 598 2746 ταύτην
631 2675 809 2728 ἐλάσει
854 2675 984 2739 Θεὸς
1018 2679 1168 2744 γαῖα,
1206 2678 1299 2730 καὶ
1330 2676 1453 2747 δίχα
1500 2677 1752 2748 σφάλμα-

178 2783 267 2830 τος
305 2764 445 2838 σὰρξ
465 2767 750 2837 γενήσεται
781 2768 1065 2837 ἀκαμάτου
1092 2767 1362 2838 θεότητος,
1396 2770 1629 2822 ἀνιάτων
1649 2786 1754 2823 πα-

179 2857 286 2909 θῶν
329 2856 515 2920 λύσεις
547 2857 807 2929 φοροῦσα,
846 2859 938 2911 καὶ
989 2859 1180 2911 τούτου
1222 2860 1421 2930 μικρὸν
1467 2862 1752 2931 γενήσεται

179 2947 371 3017 φθόνου
391 2948 548 3013 λαοῦ,
577 2950 670 3003 καὶ
701 2951 837 3022 πρὸς
868 2950 1000 3020 ὕψος
1027 2952 1377 3023 κρεμασθεὶς,
1404 2951 1479 3015 ὡς
1518 2951 1750 3007 θανάτου

180 3039 489 3104 κατάδικος,
516 3044 595 3104 εἰς
619 3042 796 3095 πάντα
821 3044 992 3113 πρᾶος
1021 3046 1284 3097 πεσεῖται.
1315 3043 1522 3096 Χείλων
1552 3040 1704 3097 εἶπεν
1735 3061 1749 3075 ·

193 3129 504 3201 Ἀκάματος
533 3132 694 3199 φύσις
724 3129 857 3184 Θεοῦ
891 3132 1197 3203 γενήσεται,
1232 3130 1289 3197 ἐξ
1323 3130 1484 3184 αὐτοῦ
1514 3131 1572 3185 δὲ
1600 3133 1628 3184 ό
1658 3133 1757 3185 αὐ-

184 3223 278 3286 τὸς
305 3222 487 3283 οὐσία,
538 3224 632 3275 κα)⁸
685 3222 873 3291 Λόγος.
911 3223 1189 3293 Θουκήδης
1227 3219 1379 3275 εἴπεο
1415 3222 1545 3275 Θεὸν
1593 3222 1751 3276 σέϐου

182 3314 276 3367 καὶ
298 3313 542 3384 μάνθανε
562 3336 573 3346 ·
604 3313 678 3385 μὴ
699 3313 848 3385 ζήτει
873 3314 929 3367 δὲ
952 3314 1033 3376 τίς
1059 3315 1198 3378 ἐστι,
1227 3314 1319 3367 καὶ
1344 3313 1460 3377 πῶς
1484 3330 1498 3378 ;
1534 3315 1608 3366 Οὐ
1645 3314 1751 3387 γάρ

181 3407 327 3457 ἐστιν
346 3406 437 3457 ὅτε
467 3405 568 3457 οὐκ
592 3403 755 3467 ἐστιν,
787 3404 862 3467 ὡς
893 3405 1019 3457 ὄντα
1050 3404 1236 3458 τοῦτον
1275 3404 1434 3458 σέϐου
1468 3405 1561 3458 καί
1621 3404 1756 3476 μάν-

182 3493 341 3547 θανε·
371 3492 575 3563 ἀσεϐὴς
607 3492 716 3565 γὰρ
746 3495 837 3547 τὸν
860 3493 983 3547 νοῦν
1020 3495 1048 3546 ό
1082 3494 1248 3546 θέλων
1273 3494 1563 3565 μανθάνειν
1597 3492 1750 3549 Θεόν.

181 3584 497 3655 Μένανδρος
532 3581 682 3637 εἶπεν
704 3601 715 3613 ο
759 3586 820 3637 'U
850 3585 1075 3648 παλαιὸς
1114 3585 1253 3648 νέος,
1311 3585 1405 3638 καὶ
1426 3585 1454 3636 6
1484 3585 1599 3647 νέος
1653 3584 1755 3655 ἀρ-

181 3679 369 3747 χαῖος*
402 3679 432 3729 6
464 3674 652 3745 Πατὴρ
715 3675 892 3745 μόνος,
941 3676 1034 3728 καὶ
1080 3675 1299 3746 ό,μόνος
1325 3677 1515 3747 Πατήρ
1544 3691 1559 3705 ο
1609 3674 1669 3727 τὸ
1698 3673 1757 3727 ἓν

181 3766 333 3839 τρία,
359 3766 539 3819 καὶτὰ
565 3766 691 3836 τρία
711 3766 770 3818 ἓν
801 3783 815 3796 ·
850 3765 1089 3837 ἀσαρκον
1147 3767 1425 3837 σαρκικόν.
1462 3767 1534 3836 Γῆ
1574 3766 1757 3818 τέτοκε

180 3860 277 3913 τὸν
330 3859 581 3931 οὐράνιον
628 3857 869 3927 βασιλέα.
928 3857 1151 3910 Πλάτων
1206 3853 1388 3910 εἶπενο
1461 3856 1678 3926 Ἐπειδὴ
1717 3857 1758 3930 ,ὁ

181 3949 319 4014 Θεὸς
370 3947 594 4017 ἀγαθὸς,
634 3948 693 4000 οὐ
740 3948 950 4001 πάντων
980 3939 1119 4000 εἶναι
1148 3946 1337 4009 αἴτιος,
1393 3947 1469 4009 ὡς
1496 3948 1544 3998 οἱ
1574 3944 1759 3997 πολλοὶ

181 4040 422 4109 λέγουσι.
458 4037 674 4093 Πολλῶν
689 4038 745 4090 δὲ
759 4037 1023 4101 ἀναίτιοςο
1055 4039 1149 4091 καὶ
1166 4036 1273 4090 τῶν
1312 4037 1407 4107 μὲν
1427 4035 1645 4104 ἀγαθῶν
1668 4035 1759 4087 ού-

180 4129 275 4181 δὲν
305 4127 434 4182 ἄλλο
462 4127 640 4197 φαμὲν
662 4126 830 4179 αἴτ.ον
864 4122 999 4179 εἶναι
1029 4126 1186 4194 μόνον
1205 4125 1314 4179 τῶν
1340 4125 1542 4189 καλῶν,
1573 4124 1760 4179 κακῶν

181 4221 242 4275 δὲ
266 4220 469 4283 οὐκέτι.
507 4216 583 4272 Αὖ
615 4219 775 4272 πάλιν
803 4219 1007 4289 ἔφησαν
1027 4214 1171 4273 οὗτοι
1194 4221 1244 4274 οἱ
1271 4221 1409 4275 ἐπτά
1451 4221 1543 4274 καί¹
1570 4216 1721 4274 εἷπον
1742 4236 1757 4252 ο

181 4313 250 4366 Εἰ
275 4312 376 4383 μὲν
397 4312 525 4383 περὶ
556 4311 657 4380 τῆς
682 4310 774 4364 τοῦ
804 4312 1039 4383 Χριστοῦ
1056 4313 1384 4383 οἰκονομίας,
1404 4314 1497 4366 καὶ
1521 4312 1762 4386 περὶτῆς

182 4401 353 4471 ἁγίας
386 4401 634 4472 Τριάδος.
687 4401 875 4465 ’Ἄλλος
922 4402 978 4455 δέ
1020 4419 1104 4465 τις
1146 4401 1253 4455 τῶν
1294 4402 1561 4474 Ἑλλήνων
1598 4402 1762 4472 σοφὸς

185 4492 310 4565 μεθ’
338 4493 540 4566 ἐτέρων
564 4492 743 4556 τινῶν,
792 4493 1117 4563 Ἀσκληπιὸς
1153 4493 1462 4564 λεγόμενος,
1505 4493 1761 4564 αἰτησάν-

183 4600 300 4636 των
328 4582 629 4652 ἑρμηνείαν
656 4582 765 4635 τῶν
793 4582 1008 4636 πάντων
1036 4582 1339 4652 φιλοσόφων
1398 4582 1763 4652 φιλοσοφώτεο

188 4684 286 4741 ρον
329 4667 514 4723 δοῦναι
576 4668 759 4732 αὐτοῖς
814 4669 968 4738 λόγον
1021 4669 1147 4743 περὶ
1185 4669 1322 4722 Θεοῦ
1376 4671 1618 4737 φύσεως·
1653 4670 1764 4723 όδὲ

198 4756 414 4829 Ἑρμῆς
442 4758 620 4812 λαϐὼν
642 4759 880 4829 σιφέριον
913 4760 1147 4833 ἔγραψεν
1178 4760 1349 4825 οὕτως
1371 4780 1383 4792 ο
1416 4764 1478 4814 Εἰ
1509 4763 1582 4832 μὴ
1633 4762 1765 4834 πρό-

186 4850 312 4903 νοιά
329 4865 416 4913 τις
446 4851 538 4904 τοῦ
564 4849 674 4903 τῶν
716 4852 930 4905 πάντων
960 4853 1186 4923 Κυρίου,
1230 4854 1291 4905 οὐ
1324 4853 1428 4923 μὴν
1466 4854 1557 4907 τὸν
1608 4853 1766 4921 λόγον

184 4940 380 4994 τοῦτον
432 4940 781 5010 ἀποκαλύψαι
826 4941 1140 5010 ἠϐούλοντοο
1171 4943 1290 4995 οὐδὲ
1319 4945 1351 5012 ἡ
1363 4946 1467 5012 μᾶς
1508 4944 1767 5005 τοιούτοις

187 5031 379 5104 ἔργοις
403 5035 671 5102 κατεῖχεν,
737 5033 821 5085 ἵνα
855 5033 982 5102 περὶ
1035 5035 1238 5086 τούτων
1284 5035 1642 5103 ἐρωτήσηται.
1689 5033 1765 5085 Οὐ

187 5125 302 5196 γὰρ
335 5126 553 5193 ἐφικτόν
569 5126 716 5176 ἐστιν
732 5125 811 5189 είς
833 5125 1108 5195 ἀμυήτους
1141 5125 1363 5177 τοιαῦτα
1391 5125 1766 5196 παρασχέσθαι

194 5222 503 5291 μυστήρια’
533 5218 669 5271 ἀλλά
693 5217 770 5287 τῷ
820 5217 900 5270 νοῖ
935 5219 1285 5271 ἀκουσάντων
1327 5217 1617 5271 ἀκούσατε.
1673 5217 1767 5269 Ἓν

193 5308 363 5379 μόνον
400 5304 501 5378 ἦν·
538 5307 653 5375 φῶς
687 5308 867 5377 νοερὸν
925 5308 1031 5378 πρὸ
1065 5308 1239 5376 φωτὸς
1298 5307 1509 5377 νοεροῦ,
1556 5308 1649 5361 καὶ
1700 5303 1771 5378 ἦν

174 5402 335 5456 ,αὐτὰ
363 5401 556 5462 ἓνωσις
584 5400 649 5452 ἐκ
669 5400 760 5452 τοῦ
784 5399 875 5453 νοῦ
906 5400 1067 5469 φωτὶ,
1097 5399 1191 5452 καὶ
1215 5398 1504 5468 πνεύματι.
1530 5400 1609 5452 Τὰ
1631 5400 1761 5454 πάν-

186 5510 264 5548 τα
291 5492 353 5556 ἐξ
376 5491 567 5549 αὐτοῦ,
600 5490 697 5543 καὶ
733 5491 813 5553 εἰς
845 5491 1030 5552 αὐτὸν,
1058 5492 1138 5554 εἰς
1164 5489 1383 5559 γόνιμον
1415 5492 1480 5543 ἐκ
1522 5491 1767 5560 γονίμου,

191 5583 478 5640 κατελθὼν
506 5584 602 5635 ἐπὶ
626 5581 838 5652 γονίμῳ
878 5581 1031 5634 ὕδατι
1055 5580 1253 5648 ἔγκυον
1282 5580 1341 5633 τὸ
1372 5581 1518 5652 ὕδωρ
1574 5583 1769 5652 ἐποίη-

190 5692 309 5730 σεν.
347 5671 516 5737 Οἶδας
541 5672 661 5736 πῶς
692 5674 741 5725 οί
772 5672 879 5725 τῶν
922 5673 1185 5742 Ἑλλήνων
1220 5672 1405 5734 παῖδες
1441 5674 1774 5744 προεφήτευ-

189 5783 319 5830 σαν,
354 5768 449 5819 καὶ
479 5765 570 5817 τὸν
604 5763 943 5835 προάναρχον
969 5761 1117 5827 Θεὸν,
1148 5764 1241 5815 καὶ
1302 5761 1392 5814 τὸν
1442 5762 1773 5832 σδνάναρχον

1853 1965 2021 2033 ignita
2068 1967 2289 2021 mittens
2334 1966 2461 2029 tela,
2499 1981 2596 2022 seu
2627 1977 2687 2021 ut
2735 1969 3011 2039 quidpiam
3052 1986 3118 2023 eo
3170 1971 3426 2037 validius,

1852 2064 2025 2109 totum
2060 2057 2321 2112 mundum
2363 2059 2687 2128 piscabitur,
2726 2060 2976 2116 homines
3023 2062 3233 2117 scilicet
3266 2063 3429 2132 quasi

1854 2149 2031 2217 pisces
2060 2166 2123 2203 ex
2155 2150 2426 2219 profundo
2445 2150 2782 2207 inﬁdelitatis
2810 2164 2865 2207 et
2899 2152 3217 2222 ignorantia:
3243 2165 3428 2209 extra-

1854 2238 1965 2301 het,
1999 2256 2136 2309 quos
2162 2239 2306 2295 Patri
2340 2242 2394 2296 in
2426 2242 2628 2296 donum
2657 2243 2868 2298 oﬂ'erct.
2911 2244 3077 2299 Maria
3113 2253 3291 2299 autem
3322 2261 3426 2300 no-

1854 2348 1978 2385 men
2033 2333 2153 2402 ejus
2208 2335 2329 2388 erit.
2364 2333 2429 2387 Et
2480 2334 2595 2390 lucc
2645 2336 2861 2406 quidem
2905 2337 3254 2391 vaticinando
3290 2337 3429 2393 dixit

1852 2424 2065 2491 Apollo.
2124 2423 2284 2479 Titon
2344 2426 2571 2480 dixit....
2628 2428 2916 2482 Ctrlestem
2974 2426 3064 2482 Dei
3140 2438 3195 2482 et
3248 2427 3427 2482 Patris

1856 2511 2020 2582 528
2054 2511 2248 2567 Filium
2307 2515 2411 2569 viri
2467 2532 2662 2586 expers
2716 2518 2893 2587 puella
2952 2518 3005 2571 in
3044 2526 3199 2572 utero
3225 2525 3423 2588 gestat.

1855 2604 1979 2659 Bias
2024 2605 2197 2674 inquit
2232 2625 2245 2660 :
2284 2605 2384 2660 Hic
2436 2617 2519 2663 est
2566 2609 2657 2678 qui
2692 2609 2758 2662 de
2810 2610 2948 2664 (-(elo
2995 2610 3161 2670 venit,
3222 2609 3429 2680 quique

1852 2694 2222 2752 ﬂammantem
2244 2706 2507 2754 aeternum
2543 2700 2721 2769 ignem
2753 2701 3032 2755 submittet
3067 2721 3079 2756 :
3109 2716 3269 2772 quem
3314 2711 3426 2756 tre-

1854 2794 2009 2841 munt
2044 2789 2267 2854 caelum,
2303 2799 2470 2854 terra,
2512 2808 2681 2857 mare,
2728 2792 2941 2856 tartari,
2974 2801 3029 2848 et
3056 2794 3110 2847 in
3151 2793 3426 2863 profundo

1852 2899 2086 2956 demersi
2139 2901 2435 2968 daemones,
2480 2906 2776 2976 imperator
2815 2905 3189 2962 felicissimus.
3247 2876 3417 2961 Solon

1854 2994 1928 3047 ait
1958 3012 1971 3047 :
2004 2993 2096 3048 Vel
2154 3010 2278 3052 sero
2332 2998 2549 3052 tandem
2604 3000 2657 3052 in
2692 2999 2792 3052 hac
2823 2999 3073 3054 navicula
3102 3000 3168 3053 ad
3218 3007 3420 3053 terram

1857 3088 2088 3156 appellet
2118 3087 2284 3153 Deus,
2325 3100 2378 3144 et
2404 3090 2610 3160 absque
2635 3099 2858 3160 peccato
2886 3092 2976 3146 lict
3004 3106 3132 3146 caro
3169 3089 3425 3159 infatiga-

1782 3178 1827 3238 C
1859 3179 1983 3232 bilis
2003 3179 2241 3243 deitatis,
2259 3197 2380 3251 quae
2398 3181 2791 3239 insanabilibus
2822 3183 3026 3238 morbis
3049 3183 3311 3237 medelam
3344 3183 3425 3235 al-

1855 3270 2033 3325 latura
2069 3280 2173 3327 est.
2206 3271 2304 3327 llic
2333 3274 2399 3327 ad
2433 3274 2705 3329 tantillum
2739 3275 3002 3344 temporis
3031 3276 3292 3345 spatium,
3331 3290 3427 3343 po-

1857 3364 1969 3434 puli
1998 3364 2214 3418 invidize
2235 3365 2579 3435 subjicietur.
2618 3367 2675 3419 In
2707 3367 2874 3420 ahum
2911 3382 3233 3436 suspensus,
3267 3368 3428 3435 quasi

1856 3457 1922 3511 ad
1963 3465 2193 3511 mortem
2222 3458 2533 3522 damnatus,
2586 3474 2714 3529 erga
2746 3460 2927 3512 omnia
2970 3465 3288 3513 mansuetus
3335 3472 3429 3511 ca-

1855 3552 1967 3604 det.
2027 3549 2223 3605 Chilon
2280 3551 2459 3620 inquit
2494 3569 2506 3605 :
2540 3550 2896 3620 infatigabilis
2948 3551 3051 3605 erit
3083 3548 3176 3603 Dei
3209 3558 3425 3615 natura,

1856 3660 1923 3699 ex
1964 3644 2084 3713 ipso
2148 3651 2326 3698 autem
2380 3653 2463 3699 est
2511 3643 2601 3714 qui
2634 3642 2944 3697 substantia
2978 3649 3064 3696 est
3106 3648 3269 3710 atque
3296 3639 3431 3695 Ver-

1857 3737 2006 3790 bum.
2060 3735 2410 3807 Thucydides
2432 3736 2507 3790 ait
2542 3753 2558 3790 :
2596 3734 2766 3790 Deum
2811 3750 3095 3813 venerare,
3142 3749 3207 3788 ac
3261 3733 3430 3787 disci-

1861 3842 1914 3884 to
1940 3829 2091 3883 illum
2126 3849 2139 3884 :
2180 3845 2250 3884 ne
2288 3836 2471 3883 tamen
2499 3842 2713 3898 quaeras
2734 3827 2858 3895 quis
2888 3832 2982 3880 aut
3009 3824 3284 3896 quomodo
3335 3825 3427 3878 sit.

1857 3921 1976 3978 Non
2010 3923 2154 3977 enim
2180 3930 2265 3978 est
2294 3928 2508 3993 tempus
2541 3936 2650 3992 quo
2682 3921 2774 3975 ille
2813 3935 2924 3975 non
2954 3921 3048 3983 sit,
3073 3926 3133 3973 ut
3161 3919 3431 3973 exsistet!-

1860 4023 1966 4071 tem
1998 4016 2137 4079 cole,
2176 4022 2339 4085 atque
2378 4014 2453 4068 ita
2484 4014 2669 4069 edisce
2695 4013 2871 4067 illum.
2932 4011 3140 4081 Impius
3190 4024 3430 4078 namque

1859 4115 2041 4163 mente
2090 4114 2196 4171 est,
2242 4107 2335 4177 qui
2363 4106 2493 4162 velit
2530 4105 2775 4161 ediscere
2814 4103 2948 4174 quid
3002 4103 3074 4158 sit
3107 4100 3271 4157 Deus.
3318 4100 3431 4156 Me-

1859 4201 2071 4257 nander
2116 4202 2191 4256 ait
2227 4220 2241 4255 :
2279 4200 2553 4269 Antiquus
2591 4213 2788 4260 novus,
2824 4204 2879 4252 et
2917 4209 3094 4251 novus
3126 4193 3427 4265 antiquus:

1860 4289 2022 4346 Pater
2075 4291 2226 4346 solus
2276 4298 2331 4345 et
2382 4291 2534 4346 solus
2590 4288 2753 4344 Pater
2783 4308 2797 4343 :
2830 4285 3011 4342 Unum
3062 4284 3165 4340 tria
3224 4290 3280 4339 et
3327 4282 3432 4337 tria

1862 4399 2031 4437 unum
2065 4403 2078 4438 :
2110 4384 2294 4439 carnis
2319 4397 2515 4452 expers
2545 4383 2803 4438 carnale.‘
2851 4378 3023 4435 Terra
3067 4376 3276 4448 peperit
3320 4389 3435 4430 cce-

1865 4476 2052 4530 lestem
2116 4490 2315 4547 regem.
2379 4475 2532 4529 Plato
2577 4472 2716 4529 dixit
2758 4491 2771 4527 :
2807 4470 3076 4538 Quoniam
3113 4468 3291 4524 bonus
3346 4472 3434 4522 est

1869 4565 2032 4629 Deus,
2095 4583 2203 4621 non
2253 4567 2498 4621 omnium
2531 4581 2653 4621 esse
2695 4578 2859 4620 causa
2890 4568 3087 4632 potest.
3139 4558 3430 4612 Multorum

1867 4675 1977 4712 non
2001 4668 2086 4714 est
2111 4660 2201 4713 ille
2230 4674 2417 4715 causa.
2454 4657 2520 4710 Et
2557 4658 2826 4711 bonorum
2875 4652 3093 4723 quidem
3147 4650 3294 4704 nulla
3326 4646 3433 4700 alia

1867 4764 2034 4804 causa
2069 4758 2245 4818 potest
2293 4764 2459 4804 esse:
2512 4748 2780 4801 malorum
2831 4761 2940 4799 non
2982 4744 3131 4797 item.
3190 4740 3431 4796 Rursum

1869 4841 1905 4893 ii
1948 4848 2156 4911 septem
2207 4840 2412 4900 dixere,
2476 4842 2547 4891 ita
2579 4836 2799 4908 quidem
2842 4836 2911 4890 de
2961 4832 3166 4888 Christi
3210 4846 3434 4886 (nconc-

1868 4932 1997 4997 mia,
2066 4940 2122 4987 et
2176 4933 2244 4986 de
2300 4931 2565 4985 Trinitate
2614 4929 2868 5001 (dictum
2897 4927 2966 4982 sit
2996 4935 3037 4993 ).
3073 4924 3228 4979 Alius
3271 4937 3437 4993 porro

1868 5025 2178 5079 Graecorum
2231 5021 2351 5086 fuit,
2383 5022 2467 5074 vir
2519 5020 2761 5091 sapiens,
2813 5016 3166 5086 Esculapius
3191 5015 3435 5077 nomine,

1869 5129 1992 5169 cum
2021 5112 2345 5183 Quibusdam
2377 5112 2499 5166 aliis
2528 5131 2541 5165 :
2578 5110 3019 5180 philosophisque
3061 5105 3316 5161 omnibus
3350 5107 3437 5158 in-

1870 5207 2311 5276 terpretationem
2372 5204 2619 5272 aliquam
2667 5200 3090 5269 postulantibus,
3157 5205 3319 5266 atque
3370 5196 3439 5250 de

1870 5299 1979 5353 Deo
2009 5297 2389 5353 reconditioris
2418 5294 2768 5363 philosophia:
2792 5294 2956 5347 verba
2991 5290 3181 5346 audire
3213 5289 3439 5358 cupien-

1872 5392 2055 5454 tibus;
2110 5398 2335 5457 accvpto
2385 5386 2686 5441 Mercurius
2731 5384 2962 5447 calamo,
3019 5384 3132 5436 hzec
3171 5380 3434 5450 scripsit:

1870 5479 1984 5536 Nisi
2033 5479 2373 5551 providentia
2423 5475 2669 5547 quaedam
2719 5482 2867 5531 esset
2916 5473 3161 5528 omnium
3198 5470 3437 5534 Domirii,

1872 5588 2149 5641 nunquam
2191 5569 2503 5638 hujusmodi
2537 5580 2847 5622 sermonem
2906 5563 3151 5618 revelare
3209 5562 3438 5627 vellent,

1873 5680 2049 5734 neque
2088 5679 2187 5717 nos
2229 5663 2317 5716 ille
2358 5662 2410 5714 in
2451 5657 2721 5728 ejusmodi
2760 5656 3018 5727 operibus
3057 5655 3344 5716 detineret,
3385 5658 3443 5705 ut

1876 5762 1942 5817 de
1981 5760 2065 5815 his
2119 5757 2449 5828 qumstiones
2482 5752 2836 5807 haberentur.
2896 5746 3082 5817 Neque
3130 5746 3272 5802 enim
3311 5743 3445 5800 viris
