3976 6388
539 368 668 426 “Si

1697 377 1755 432 S.
1799 370 2264 435 ATIIANASIUS.
2303 409 2371 420 -—
2407 376 2681 433 SPURIA.

3642 365 3763 432 ’1451

532 501 644 542 ncn
672 487 899 543 initiatis
932 489 1193 558 possibile
1219 501 1301 546 est
1341 485 1607 561 ejusmodi
1640 493 1781 548 tradi
1817 497 2100 565 mysteria,

2221 495 2371 549 ιὺτοῦ
2387 496 2531 555 Υἱὸν,
2553 497 2646 550 καὶ
2661 495 2853 563 Λόγον,
2876 495 2970 547 καὶ
2989 493 3048 546 τὸ
3063 491 3358 565 σύνθρονον
3372 492 3538 547 αὐτοῦ
3555 493 3648 546 καὶ
3660 495 3766 564 ὁμο-

532 575 630 634 sezl
662 578 864 644 audite,
904 572 968 634 ac
1023 589 1202 636 meme
1235 584 1429 638 attenti
1473 592 1666 640 estote.
1713 584 1890 640 Unum
1931 587 2109 640 soluat

530 677 672 724 erat.
737 667 853 724 Lux
925 671 1228 740 spiritualis
1294 681 1422 728 ante
1472 674 1647 730 lucem
1717 675 2105 746 spiritualem:

2217 587 2395 641 οὐσιον
2426 587 2650 658 Πνεῦμα
2679 583 3078 659 προεκήρυξαν,
3109 585 3209 638 καὶ
3229 584 3300 637 τὰ
3317 583 3473 654 τίμια.
3497 583 3593 637 τοῦ
3634 601 3765 638 arau-

2219 675 2313 745 ροῦ
2348 675 2493 744 πάθη
2517 673 2899 746 προεκήρυξαν
2918 690 2931 702 ·
2968 673 3112 745 αὐτῷ
3139 675 3174 744 ἡ
3206 673 3356 740 δόξα.
3393 673 3571 728 καὶτὸ
3596 675 3766 746 κράτος

529 767 798 830 erantque
832 761 922 816 illa
942 803 957 827 ,
986 764 1302 834 coniunctio
1332 765 1534 822 mentis
1574 783 1698 820 cum
1733 768 1855 822 luce
1885 776 1940 821 et
1979 783 2105 822 cum

2221 769 2314 820 σὺν
2343 766 2422 836 τῷ
2446 766 2666 839 ἀνάρχῳ
2687 768 2880 838 Πατρὶ,
2912 767 3005 820 καὶ
3028 765 3104 837 τῷ
3122 766 3382 836 παναγίῳ
3413 765 3685 836 Ιινεύματι
3702 769 3767 830 εἰς

533 851 764 921 Spiritu.
801 851 996 908 Omnia
1025 872 1090 911 ex
1134 857 1256 926 ipso
1291 865 1347 912 et
1387 858 1441 912 in
1474 858 1676 930 ipsum,
1709 859 1763 912 in
1798 859 2105 929 prolilicum

2221 860 2339 922 τοὺς
2368 859 2572 924 αἰῶνας
2593 860 2702 913 τῶν
2731 859 2963 913 αἰώνων.
2994 860 3187 930 Ἀμήν.

529 961 594 1001 es
652 946 918 1016 prolilico.
983 947 1331 1006 Descendens
1391 953 1448 1006 in
1514 950 1815 1022 proliﬁcam
1883 966 2104 1021 aquam,
2135 963 2502 1022 przegnaulcm
2530 951 2709 1006 elfccit
2771 967 2990 1022 aquam.
3030 950 3224 1006 Viden’
3257 966 3368 1021 quo
3438 958 3602 1021 pacto
3641 950 3767 1007 Grae-

529 1040 579 1094 ci
647 1041 1062 1110 prophetavere.
1109 1059 1174 1098 ac
1223 1060 1348 1101 eum
1403 1047 1498 1116 qui
1552 1057 1678 1101 ante
1723 1061 1888 1102 omne
1937 1045 2269 1118 principium
2343 1056 2496 1110 erat,
2555 1047 2760 1118 quique
2803 1062 2912 1101 una
2956 1062 3077 1102 cum
3131 1047 3227 1101 illo
3283 1061 3484 1116 expers
3535 1048 3766 1118 principii

529 1145 634 1199 est,
690 1133 888 1192 Filium
946 1145 1001 1193 et
1057 1135 1295 1194 Verbum
1333 1155 1596 1196 :necnon
1635 1141 1882 1210 ejusdem
1924 1143 2112 1205 throni
2154 1142 2483 1212 participem
2531 1150 2585 1198 et
2622 1143 3150 1198 consubstantialem
3205 1141 3514 1213 Spiritum,
3561 1145 3769 1214 itemque

531 1231 896 1289 venerandam
935 1233 1120 1290 crucis
1158 1235 1469 1305 passionem
1512 1238 1970 1308 praenuntiarunt.
2013 1237 2123 1308 Ipsi
2177 1239 2354 1308 gloria
2391 1246 2447 1292 et
2487 1223 2802 1308 imperiunm,
2843 1253 2970 1294 cum
3009 1238 3174 1295 Patre
3213 1239 3498 1310 principio
3537 1249 3768 1300 carente,

530 1331 584 1377 et
649 1324 1002 1380 sanctissimo
1073 1324 1305 1398 Spiritu,
1376 1329 1434 1383 in
1492 1331 1692 1385 saecula
1757 1331 2105 1386 saeculorum.
2146 1331 2336 1385 Amen.

1264 1631 1332 1687 IN
1373 1631 1802 1688 TRACTATUM
1843 1633 1930 1687 DE
1967 1630 2290 1689 CORPORE
2327 1631 2417 1687 ΕΤ
2457 1633 2673 1688 ANIMA
2711 1631 3050 1688 MONITUM.

598 1767 682 1824 En
707 1771 822 1834 tibi,
855 1768 1044 1824 Lector
1074 1769 1298 1833 erudite,
1323 1789 1444 1826 eum
1480 1773 1718 1826 sistimus
1743 1781 2050 1829 tractatum.
2075 1788 2226 1842 quem
2252 1773 2557 1826 memoravit
2597 1769 2865 1824 Cerardus
2902 1769 3118 1824 Vossius
3149 1774 3205 1826 in
3233 1769 3484 1842 Gregorii
3526 1773 3773 1828 Thauma-

529 1865 670 1936 turgi
717 1863 946 1920 editione
991 1865 1288 1921 Parisiensi
1323 1885 1461 1922 anno
1494 1867 1654 1930 1622,
1684 1885 1735 1937 ρ.
1780 1866 1904 1926 ίῖο.
1945 1866 2045 1920 Ubi
2077 1877 2154 1921 ait
2191 1867 2306 1930 ille,
2338 1877 2547 1922 exstare
2591 1865 2769 1921 Cra‘ce
2809 1865 2992 1921 Roma:
3042 1869 3098 1921 in
3148 1865 3470 1918 bibliotheca
3521 1864 3774 1924 Sfortiaua

528 1976 676 2015 num.
713 1960 805 2024 77,
839 1960 1116 2031 pulchram
1149 1960 1321 2014 sancti
1345 1957 1629 2012 Athanasii
1656 1958 1886 2026 episcopi
1915 1956 2266 2010 Alexandrini
2295 1958 2686 2021 tractationem,
2717 1955 2782 2008 de
2813 1966 3008 2008 natura
3037 1955 3274 2022 corporis
3299 1963 3350 2006 et
3395 1954 3630 2015 anima.
3655 1965 3697 2007 et
3723 1954 3779 2008 de

527 2054 862 2123 separatione
901 2053 1094 2108 anima:
1125 2069 1158 2104 α
1182 2067 1416 2121 corpore.
1452 2051 1517 2103 At
1541 2065 1721 2105 vereor
1751 2058 1807 2104 ut
1839 2049 1918 2102 vir
1953 2047 2192 2103 eruditus
2223 2064 2401 2119 (equus
2427 2050 2525 2101 hac
2555 2049 2608 2101 in
2639 2059 2792 2118 parte
2821 2061 2996 2102 rerum
3031 2047 3330 2100 a'stimator
3353 2045 3775 2116 deprehendatur.

529 2147 766 2203 Tametsi
795 2163 1019 2218 namque
1060 2145 1304 2217 qua’dam
1336 2145 1421 2199 llic
1455 2155 1599 2211 sunt,
1632 2161 1748 2215 qua:
1777 2161 1880 2197 non
1913 2143 2008 2197 abs
2047 2160 2103 2198 re
2129 2143 2380 2197 dicuntur
2401 2185 2417 2208 ,
2451 2145 2560 2197 alia
2591 2153 2766 2199 tamen
2814 2152 2935 2199 sunt
2968 2142 3149 2212 [utilia
3179 2151 3228 2197 et
3262 2142 3568 2198 Athanasio
3613 2161 3778 2214 magno

525 2240 765 2312 indigna,
797 2238 1094 2310 cujusmodi
1119 2251 1197 2294 est
1223 2238 1422 2311 [rigida
1450 2238 1546 2292 illa
1583 2239 1778 2292 anima:
1805 2236 2068 2306 deﬁnitio,
2095 2244 2146 2289 et
2193 2237 2396 2290 similia
2427 2253 2544 2307 quia
2589 2245 2698 2292 tute
2730 2237 2996 2292 advertas.
3037 2235 3185 2291 Unde
3214 2253 3377 2305 porro
3414 2235 3539 2305 jam
3586 2235 3779 2308 prodeat

525 2331 622 2386 hoc
653 2331 986 2400 opusculum,
1025 2345 1092 2386 ea:
1122 2330 1264 2386 hisce
1290 2329 1520 2385 Joannis
1563 2327 1815 2384 Cuillotii
1850 2329 2022 2382 nostri
2047 2325 2214 2382 verbis
2245 2329 2449 2396 accipe,
2473 2329 2562 2398 qui
2589 2345 2689 2383 sua
2720 2345 2879 2383 manu
2903 2329 3208 2399 exscripsit,
3246 2327 3510 2400 nobisque
3553 2331 3780 2382 transmi-

525 2421 618 2477 sit.
651 2419 736 2474 Ea:
767 2421 886 2476 cod.
921 2419 1104 2476 (ἔπινον
1139 2419 1466 2476 bibliotheca:
1507 2419 1800 2482 Vaticana,
1832 2435 1976 2472 num.
2015 2417 2140 2480 700,
2177 2417 2231 2471 in
2280 2418 2467 2472 charta
2492 2436 2810 2491 papyracea,
2840 2421 3046 2478 ridetur
3092 2423 3286 2480 habere
3329 2425 3443 2480 £00
3486 2441 3672 2478 annos.
3700 2421 3778 2476 Est

524 2512 753 2585 eleganti
780 2529 966 2576 manu,
991 2511 1081 2568 sed
1116 2510 1428 2565 minusculis
1455 2509 1648 2564 litteris
1668 2517 1944 2564 exaratus.
1979 2506 2074 2562 Est
2100 2506 2342 2562 collectio
2385 2507 2714 2566 diversorum
2751 2529 2988 2584 operum,
3010 2525 3065 2571 st
3093 2515 3527 2589 fragmentorum
3557 2515 3659 2574 SS.
3688 2514 3778 2571 Pa.

529 2615 688 2662 trum.
740 2605 979 2664 Csntinet
1016 2609 1151 2662 inter
1191 2616 1382 2661 cwtera
1416 2620 1634 2675 sequens
1664 2602 1992 2673 opusculum.

1515 2823 1679 2896 529
1730 2825 1868 2880 ΤΟΥ
1906 2825 1995 2878 ΕΝ
2032 2822 2259 2879 ΑΓΙΟΙΣ
2295 2822 2566 2877 ΠΛΤΡΟΣ
2602 2822 2803 2877 ΗΜΩΝ

1843 2988 2480 3078 ΑΘΑΝΑΣΙΟΥ

1618 3171 1814 3242 ⁵ΠΕΡΙ
1857 3172 2193 3228 ΣΩΜΑΊὈΣ
2232 3171 2360 3225 ΚΑΙ
2406 3170 2680 3227 arma.

1556 3456 1650 3545 S.
1715 3458 1823 3544 P.
1899 3461 2018 3548 N.
2099 3460 2746 3551 ATHANASII

1695 3653 1796 3708 DE
1826 3651 2168 3710 CORPORE
2215 3653 2311 3708 ET
2351 3654 2618 3710 ΛΝΙΜΑ.

2143 3791 2210 3802 ...-

603 3873 956 3944 Esploratum
983 3879 1068 3928 est
1092 3885 1294 3942 corpus
1315 3871 1766 3927 constitutionem
1793 3886 1947 3926 suam
1972 3873 2116 3928 acci‘

2291 3877 2460 3948 Σῶμα
2506 3876 2583 3949 τῷ
2615 3877 2791 3949 ἔχοντι
2831 3879 2931 3952 τὴν
2977 3878 3226 3934 σύνθεσιν
3253 3882 3322 3936 ἐκ
3369 3883 3486 3938 τῶν
3533 3883 3795 3954 στοιχείων

532 3981 661 4038 pere
679 3981 747 4021 ex
773 3964 1060 4021 elementis
1075 4002 1090 4027 ,
1117 3963 1430 4034 pariterque
1450 3961 1890 4019 dissolutionem.
1913 3962 2116 4030 Quam-

532 4059 720 4113 obrem
764 4071 996 4126 corpora
1035 4055 1151 4114 sive
1183 4055 1466 4110 hominum
1501 4053 1618 4110 sive
1649 4063 1972 4110 cancrorum
2007 4055 2118 4110 ani-

537 4151 803 4204 mantium
852 4149 1009 4204 facile
1048 4157 1478 4218 corrumpuntur
1516 4163 1582 4204 ac
1616 4147 1948 4211 moriuntur,
1989 4162 2115 4202 cum

535 4258 603 4297 ex
633 4251 871 4312 quatuor
895 4241 1183 4294 elementis
1213 4239 1326 4294 sint
1354 4239 1658 4310 composita
1682 4280 1696 4304 ,
1725 4253 1920 4308 nempe
1942 4245 2114 4301 terra,

537 4335 674 4397 sole,
704 4347 843 4403 aqua
869 4340 924 4388 et
949 4346 1097 4394 aere,
1121 4347 1243 4401 qua:
1270 4337 1326 4384 et
1351 4331 1470 4400 ipsa
1503 4345 1604 4386 nec
1635 4332 1812 4398 senio,
1837 4346 1941 4386 nec
1972 4345 2116 4384 mar-

537 4442 666 4482 core
686 4426 860 4482 libera
885 4430 1127 4486 manent,
1155 4422 1613 4494 quemadmodum
1636 4432 1692 4479 et
1711 4437 1962 4493 corpora,
1991 4437 2116 4476 cum

536 4532 768 4588 ccrpora
797 4517 982 4570 omnia
1011 4530 1078 4570 es
1107 4522 1253 4570 terra
1285 4513 1396 4568 sint
1423 4513 1585 4568 facta.
1619 4513 1731 4570 Res
1768 4517 1950 4569 autem
1981 4513 2118 4568 sim-

537 4611 708 4680 plices
741 4625 843 4664 uec
873 4607 1191 4678 compositae
1235 4606 1394 4662 facile
1441 4612 1829 4676 perseverant,
1862 4613 1918 4660 et
1942 4621 2119 4675 usque

538 4701 607 4755 ad
658 4699 1188 4754 consummationem
1239 4697 1576 4754 indissoluta:
1623 4705 1886 4752 manent:
1934 4697 2117 4766 qualia

539 4801 690 4857 sunt,
715 4793 796 4850 sol
815 4834 828 4853 .
852 4791 1091 4848 hominis
1113 4793 1318 4853 anima,
1343 4792 1457 4854 lux,
1481 4790 1796 4851 luminaria,
1819 4803 1932 4854 aer,
1952 4802 2115 4858 aqua,

539 4885 717 4955 ignis,
751 4885 980 4955 spiritus
1001 4927 1014 4950 ,
1047 4886 1232 4941 omnia
1259 4887 1478 4940 demum
1509 4887 1801 4958 simplicia.
1836 4888 1909 4943 De
1937 4889 2119 4943 anima

537 4991 670 5031 vero
692 4976 808 5031 haec
831 4977 1070 5032 dicimus
1102 4995 1116 5030 :
1143 4982 1288 5047 quod
1314 4977 1526 5032 scilicet
1550 4978 1607 5033 in
1636 4979 1728 5034 illa
1751 4979 1860 5033 sint
1879 4980 2119 5050 quinque

539 5070 864 5139 passiones;
889 5085 1012 5140 quae
1044 5070 1333 5140 passiones
1363 5070 1631 5125 animales
1656 5078 1946 5126 vocantur.
1981 5068 2120 5124 Sunt

540 5171 720 5217 autem
751 5162 896 5217 illae:
928 5163 1048 5225 lra-,
1081 5161 1312 5218 tristitia
1334 5201 1350 5226 ,
1377 5162 1566 5228 timor,
1593 5161 1942 5228 sollicitudo,
1970 5160 2122 5216 invi-

2209 3966 2454 4040 .δέκεται,
2478 3971 2573 4023 καὶ
2604 3970 2864 4037 διάλυσιν,
2901 3970 2997 4024 καὶ
3040 3972 3388 4041 ἀφανίζεται.
3427 3975 3528 4030 Διὰ
3556 3974 3706 4028 τοῦτο
3729 3973 3792 4025 τὶ

2220 4056 2472 4129 σώματα,
2505 4060 2602 4113 καὶ
2630 4059 2952 4132 ἀνθρώπων,
2983 4063 3076 4115 καὶ
3109 4061 3288 4129 ζώων,
3306 4062 3594 4137 εὔφθαρτά
3627 4081 3685 4116 τε
3705 4062 3788 4116 καὶ

2219 4147 2455 4222 εὕθνητα
2495 4152 2876 4222 τυγχάνουσιν,
2911 4153 2977 4206 ἐκ
3030 4153 3317 4224 τεσσάρων
3363 4155 3644 4226 στοιχείων
3675 4171 3788 4207 σννσ

2221 4243 2509 4313 ιστάμενα,
2552 4243 2695 4312 λέγω
2739 4243 2827 4314 δὴ,
2859 4245 2982 4316 γῆς,
3014 4244 3190 4316 ἡλίου,
3225 4245 3442 4310 ὓδατος,
3485 4249 3579 4301 καὶ
3620 4247 3786 4318 ἀέρος,

2219 4337 2314 4390 καὶ
2345 4336 2484 4391 αὐτὰ
2504 4337 2604 4390 οὐκ
2631 4337 2900 4408 ἀγήρατα.
2923 4339 3022 4392 οὐκ
3045 4339 3340 4409 ἀμάραντα
3370 4341 3448 4404 ὼς
3475 4341 3544 4394 τὰ
3577 4337 3792 4410 σώματα

2223 4428 2392 4498 μένει,
2416 4428 2552 4482 ἀλλὰ
2581 4429 2803 4501 θνήσκει
2828 4430 2970 4484 καθὰ
2989 4431 3085 4483 καὶ
3101 4431 3168 4484 τὰ
3195 4430 3451 4502 σώματα,
3470 4431 3792 4502 ποιηθέντων

2221 4521 2439 4575 πάντων
2471 4521 2741 4592 σωμάτων
2773 4523 2840 4576 ὲκ
2861 4522 2986 4592 γῆς.
3009 4523 3090 4576 Τὰ
3121 4523 3178 4577 δὲ
3223 4526 3376 4579 ἁπλᾶ
3403 4525 3502 4580 καὶ
3530 4523 3790 4578 ἀσύνθετα

2217 4612 2327 4667 τῶν
2355 4613 2696 4685 πραγμάτων
2737 4614 3050 4686 εὐδιάμονα,
3090 4618 3188 4669 καὶ
3217 4617 3325 4680 ἕως
3359 4620 3459 4687 τῆς
3493 4612 3790 4673 συντελείας

2221 4707 2534 4762 ἁκατάλυτα
2563 4704 2713 4776 μένει
2733 4723 2746 4736 ·
2769 4705 2881 4760 οἷον
2907 4709 2936 4760 ὁ
2963 4707 3133 4776 ἥλιος,
3156 4707 3305 4779 ψυχὴ
3334 4707 3644 4779 ἀνθρώπου,
3663 4703 3794 4774 φῶς,

2223 4798 2526 4868 φυητῆρες,
2555 4797 2684 4870 ἀὴρ,
2714 4795 2900 4860 ὕδατα,
2937 4797 3070 4867 πῦρ,
3105 4797 3351 4868 πνεῦμα,
3383 4799 3480 4852 καὶ
3517 4798 3692 4850 πάντα
3728 4794 3792 4844 τὶ

2222 4889 2388 4951 ἁπλᾶ,
2420 4890 2514 4943 καὶ
2544 4891 2602 4942 ὲν
2631 4889 2756 4961 ἰδίᾳ.
2773 4889 2909 4960 Περὶ
2934 4887 2991 4942 δὲ
3011 4887 3192 4958 ψυχῆς
3219 4888 3453 4958 λέγομεν
3479 4885 3653 4948 οὕτως
3671 4901 3686 4914 ⁶
3716 4885 3792 4937 ὅτι

2221 4980 2329 5033 εἰσὶ
2380 4979 2540 5032 πέντε
2570 4979 2716 5050 πάθη
2757 4981 2814 5031 ἐν
2855 4979 3021 5048 αὐτῇ,
3073 4978 3234 5032 ἅτινα
3272 4978 3483 5048 ψυχικὰ
3523 4977 3668 5048 πάθη
3700 4991 3793 5028 κα-

2221 5071 2455 5124 λοῦνται.
2481 5070 2602 5123 Εἰσὶ
2631 5070 2688 5124 δὲ
2728 5069 2899 5122 ταῦτα
2917 5085 2932 5100 ο
2955 5069 3114 5140 ὀργὴ,
3145 5068 3316 5140 λύπη.
3345 5069 3529 5138 φόϐος,
3560 5067 3789 5140 φροντὶς,

2221 5163 2315 5216 καὶ
2365 5161 2576 5230 φθόνος.
2610 5162 2670 5215 Ὀ
2727 5156 2820 5214 οὖν
2877 5161 3136 5232 φρόνιμον
3179 5159 3322 5230 ἔχων
3357 5161 3450 5215 τὸν
3505 5158 3790 5230 λογισμὸν,

541 5258 650 5312 dia.
670 5257 774 5323 Qui
798 5272 929 5314 vero
953 5257 1136 5328 sagaci
1155 5258 1460 5312 instructus
1475 5267 1559 5312 est
1575 5257 1924 5328 cogitatione,
1941 5254 2116 5310 omni-

2223 5253 2444 5308 δύναται
2477 5253 2656 5307 πάντα
2706 5256 2949 5325 κρατεῖν.
2986 5254 3051 5306 Ἡ
3101 5253 3160 5306 δὲ
3209 5253 3358 5324 ψυχὴ
3400 5254 3632 5326 ὑπάρχει
3674 5247 3792 5304 καθ’

537 5351 642 5405 bus
681 5357 859 5419 potest
895 5350 1187 5420 imperare.
1229 5348 1426 5402 Anima
1484 5363 1652 5412 vero,
1693 5347 1999 5404 secundum
2057 5361 2116 5401 se

539 5443 756 5498 exsistit
783 5443 942 5513 quasi
971 5442 1113 5512 ignis
1141 5441 1362 5498 ardens.
1381 5441 1852 5508 Quemadmodum
1880 5441 2022 5512 ignis
2051 5455 2116 5494 ea

541 5549 663 5601 qua:
691 5534 745 5586 in
775 5534 1004 5588 lebetem
1036 5533 1408 5599 conjiciuntur
1429 5532 1722 5601 concoquit
1745 5549 1760 5592 :
1783 5531 1860 5584 ita
1880 5541 1932 5586 et
1961 5531 2114 5600 ignea

542 5624 726 5676 anima
781 5625 935 5679 cibos
981 5625 1036 5677 in
1082 5631 1327 5677 ventrem
1369 5623 1650 5677 immissos
1693 5622 2016 5677 comminuit
2062 5627 2117 5675 et

543 5717 836 5770 consumit.
871 5717 1100 5773 Etiamsi
1129 5733 1291 5788 porro
1317 5717 1461 5788 ψυχή
1497 5733 1592 5773 seu
1626 5718 1806 5770 anima
1835 5730 2118 5785 nuncupa-

547 5816 656 5870 tur,
685 5821 792 5862 non
821 5808 895 5862 ita
921 5816 1102 5864 tamen
1131 5820 1377 5875 vocatur,
1407 5808 1552 5879 quod
1581 5809 1653 5866 sit
1683 5807 1866 5880 ψυχρά
1891 5822 1986 5862 seu
2020 5805 2120 5874 [ri-

2223 5348 2444 5418 ὲαυτῆς,
2465 5345 2541 5409 ὡς
2569 5344 2680 5418 πῦρ
2718 5347 3025 5416 καιόμενον.
3052 5348 3266 5416 ’Ὠσπερ
3286 5348 3348 5400 τὸ
3377 5347 3489 5419 πῦρ
3515 5347 3584 5400 τΞι
3611 5342 3795 5415 5:116-

2229 5456 2365 5510 μενα
2418 5441 2498 5501 είς
2551 5437 2646 5490 τὸν
2684 5437 2888 5508 λέϐητα
2933 5437 3074 5506 ἕψει,
3121 5437 3266 5490 οὕτω
3317 5439 3414 5492 καὶ
3455 5440 3489 5510 ἡ
3547 5433 3794 5508 πυρώδης

2222 5529 2366 5600 ψυχὴ
2415 5529 2484 5582 τὲ
2524 5529 3003 5600 παραπεμπόμενα
3041 5532 3161 5582 σῖτα
3202 5533 3268 5601 τῇ
3303 5529 3483 5602 κοιλίᾳ.
3512 5527 3795 5582 λεπτύνει.

2225 5621 2319 5675 καὶ
2345 5620 2577 5690 δαπανᾷ.
2603 5619 2722 5673 Κᾶν
2744 5620 2801 5674 δὲ
2822 5619 2967 5691 ψυχὴ
2995 5619 3237 5688 λέγεται,
3265 5622 3327 5674 οὐ
3369 5621 3584 5690 λέγεται
3617 5619 3710 5672 διὰ
3735 5614 3794 5666 rb

2224 5711 2396 5775 οὕτως
2424 5707 2562 5765 εἶναι
2591 5711 2804 5784 ψυχρὰν
2835 5713 2932 5780 τὴν
2953 5711 3163 5775 οὐσίαν,
3199 5711 3278 5777 ὥς
3298 5731 3446 5777 τινες
3466 5712 3570 5767 τῶν
3594 5709 3793 5765 ἁπλουι

2231 5803 2434 5874 στέρων
2479 5802 2790 5873 διενόησαν·
2839 5801 2973 5858 ἀλλὰ
3013 5802 3104 5857 διὰ
3141 5804 3202 5858 τὸ
3247 5807 3315 5859 ὲκ
3365 5804 3564 5868 πολλῆς
3601 5799 3790 5856 029w?-
