3976 6388
247 351 387 405 1455

1203 350 1269 408 ΙΝ
1308 352 1558 410 LIBROS
1595 354 1685 409 DE
1719 352 2095 415 TRINITATE
2127 361 2544 425 ADMONITIO.:

3357 358 3496 415 ιιδι

245 485 407 539 τητο;
436 467 816 540 ἀναξηραίνειν
855 470 1025 541 αὐτὴν
1051 470 1121 525 τὰ
1159 472 1323 545 ὑγρὰ,
1356 476 1433 538 ὡς
1465 474 1580 530 ἔστι
1615 476 1818 547 πληρο-
1848 535 1850 539 ,

1929 482 2045 551 quia
2067 523 2083 544 ,
2115 494 2171 539 ut
2196 501 2262 540 ex
2290 484 2720 557 simplicioribus
2744 483 2964 555 quidam
2990 484 3367 547 arbitrantur;
3399 481 3497 537 sed

247 560 571 633 φορηθῖψαι,
596 562 688 615 καὶ
726 564 791 615 ὲκ
818 563 918 633 τῆς
957 564 1237 635 ἐνεργείας
1265 566 1358 620 τοῦ
1387 568 1541 635 ἡλίου
1566 585 1581 601 ·
1605 567 1680 621 ὢν
1717 569 1825 640 γὰρ

247 652 526 724 πυρώδης,
562 654 655 711 καὶ
703 654 986 727 θερμώδης
1017 657 1187 727 πηλὸν
1228 655 1493 728 ξηραίνει,
1535 662 1630 714 καὶ
1687 662 1824 715 πάν-

247 761 421 816 υγραν
467 745 751 814 ἀνιμᾶται.
795 747 918 798 Ὅτι
955 745 1077 816 δὲή
1122 746 1269 818 ψυχὴ
1316 748 1490 820 θερμή
1535 751 1652 803 ἐστι
1685 750 1828 804 κατὰ

247 834 428 904 φύσιν.
462 836 646 890 πείθου
691 836 978 908 τοιγαροῦν
1009 839 1073 890 ἐκ
1115 837 1752 911 τῶν.ἁποθνησκόντων·

246 927 356 999 γὰρ
383 929 505 1000 ὥρᾳ
546 930 579 999 ὴ
615 928 758 999 ψυχὴ
795 928 1059 1000 χωρίσθη¹
1087 928 1195 982 ἀπὸ
1221 930 1314 983 τοῦ
1355 929 1625 1001 σώματος,
1649 933 1827 988 πάντα

256 1019 316 1073 τὰ
350 1019 485 1091 μέλη
525 1020 865 1090 εὑρίσκονται
913 1017 1318 1089 κρυσταλλώδη,
1352 1020 1446 1073 καὶ
1479 1020 1629 1074 οὐδὲν
1666 1016 1826 1092 ἧττον

250 1111 445 1174 πάθοις
469 1110 768 1182 χειμερίου.
800 1110 944 1173 Ἕως
985 1111 1092 1181 γὰρ
1116 1110 1228 1181 ἔχει
1257 1112 1290 1181 ἡ
1320 1110 1464 1181 ψυχὴ
1497 1112 1597 1182 τὴν
1624 1113 1828 1184 τροφὴν

248 1206 329 1268 είς
356 1203 638 1273 ἀφθονίαν,
656 1203 716 1255 τὸ
744 1202 902 1273 σῶμα
922 1201 1123 1265 θάλλει,
1146 1202 1241 1255 καὶ
1266 1202 1571 1256 ἀνδαίνεται
1589 1220 1604 1235 θ
1625 1204 1828 1257 ὁπόταν

247 1296 305 1349 δὲ
336 1296 589 1367 ἀπορήσῃ
625 1294 833 1357 σιτίων,
860 1293 993 1345 αὐτὸ
1030 1293 1091 1345 τὸ
1135 1293 1294 1363 σῶμα
1323 1293 1444 1346 dicti.
1473 1294 1680 1365 τροφῆς
1708 1295 1831 1348 ἀντ-

250 1387 365 1458 ἐχει
399 1386 538 1459 πρὸς
589 1385 688 1456 τὴν
726 1385 1036 1456 θερμότητα
1077 1387 1177 1456 τῆς
1225 1384 1425 1455 ψυχῆς.
1451 1385 1661 1458 Ὥσπερ
1705 1384 1827 1440 οὕτε

247 1479 468 1548 ἀγγεῖον
494 1477 748 1548 χαλκοῦν,
767 1477 883 1547 ἦτοι
915 1476 1079 1547 λέϐης
1103 1476 1196 1528 ἐπὶ
1219 1474 1496 1540 κλιϐάνου,
1521 1477 1582 1530 οὐ
1612 1477 1828 1531 δύναται

247 1570 377 1626 ἄνευ
408 1568 594 1633 ὓδατος
618 1568 803 1640 φέρειν
825 1568 920 1639 τὴν
945 1569 1278 1641 σζοδρὸτητα
1299 1568 1391 1623 τοῦ
1416 1570 1607 1642 πυρὸς,
1627 1571 1831 1644 ἐκφρύ..

247 1677 404 1728 γεται
419 1659 528 1731 γὰρ
558 1658 652 1712 καὶ
671 1657 941 1712 διαλύεται
965 1658 1167 1711 τέλειον
1186 1676 1198 1688 ·
1236 1658 1378 1713 οὕτω
1400 1661 1493 1714 καὶ
1509 1662 1537 1713 ὁ
1551 1660 1607 1715 λέ
1616 1663 1713 1734 6ης
1733 1659 1826 1715 τοῦ

249 1746 525 1820 σώματος,
563 1748 636 1819 μὴ
670 1747 806 1818 ἔχων
844 1747 942 1819 τὴν
975 1748 1204 1818 τροφὴν,
1229 1748 1381 1818 παρὰ
1415 1749 1516 1819 τῆς
1548 1750 1827 1821 πυρώδους

246 1839 427 1911 ψυχῆς
455 1839 919 1912 ὑπολικμούμενος
945 1840 1296 1893 ἀπολείπεται
1327 1842 1690 1895 παντάπασιν.
1731 1844 1826 1895 Ἂν

250 1934 412 2005 θέλῃς
445 1934 735 2003 δοκιμάσαι
773 1933 962 2004 μαθεῖν
989 1933 1138 2004 παρά
1165 1949 1332 1993 τινος,
1358 1932 1477 1996 πῶς
1501 1931 1769 1986 διάκειται
1792 1933 1826 2003 ἡ

233 2025 393 2098 ψυχὴ
425 2029 482 2078 ὲν
529 2024 607 2096 τῷ
645 2024 879 2096 σώματι,
912 2023 1187 2096 ἐρώτησον
1225 2024 1409 2077 αὐτόν·
1458 2024 1592 2077 Εἰπέ
1626 2042 1737 2095 μοι,
1770 2025 1828 2078 ἐν

248 2117 354 2188 ὅλῳ
391 2117 471 2188 τῷ
502 2115 712 2187 σώματι
742 2119 986 2169 κατοικεῖ
1010 2117 1042 2187 ἡ
1070 2115 1217 2185 ψυχὴ
1242 2113 1335 2168 τοῦ
1368 2114 1675 2185 ἀνθρώπου,
1706 2114 1739 2186 ἢ
1769 2116 1828 2167 ὲν

248 2210 332 2263 ἐνὶ
364 2209 551 2279 τόπῳ;
582 2208 693 2261 Καὶ
723 2207 817 2261 ἐὰν
852 2207 980 2278 εἴπῃ
1016 2224 1098 2259 σοι
1132 2208 1212 2259 ότι
1252 2207 1309 2259 ἐν
1350 2207 1453 2276 ὅλῳ
1480 2206 1557 2276 τῷ
1596 2205 1827 2277 σώματι,

252 2301 375 2353 εἰπὲ
405 2298 585 2369 αὐτῷ·
615 2299 728 2351 Καὶ
757 2299 873 2360 πῶς
894 2297 1151 2367 τέμνουσι
1179 2297 1278 2367 τὴν
1307 2300 1485 2369 χεῖρα,
1515 2298 1548 2368 ἢ
1580 2297 1669 2350 τὸν
1693 2298 1830 2351 πόδα

248 2394 343 2446 τοῦ
378 2392 689 2463 ἀνθρώπου,
718 2392 813 2445 καὶ
854 2394 914 2446 οὐ
948 2393 1206 2447 κόπτεται
1235 2394 1266 2464 ἡ
1302 2392 1467 2463 ψυχὴ,
1506 2392 1640 2446 ἀλλὰ
1670 2393 1829 2447 πάλιν

252 2485 318 2556 ζῇ
353 2487 382 2538 ὁ
414 2484 699 2555 ἄνθρωπος
738 2485 831 2537 καὶ
862 2483 964 2535 οὐκ
994 2483 1358 2556 ἀποθνήσκεις
1395 2486 1457 2537 El
1483 2484 1538 2536 δὲ
1569 2486 1694 2556 εῐπη
1724 2501 1829 2551 σοι’

248 2577 332 2630 ὃτι
365 2579 424 2630 ὲν
450 2576 531 2629 ἐν).
552 2575 722 2646 τόπῳ,
746 2575 866 2628 εἰπὲ
892 2574 1039 2646 αὐτῷ
1065 2576 1168 2637 ὅτι,
1199 2575 1310 2629 Καὶ
1342 2575 1459 2639 πῶς
1477 2577 1583 2629 είσι
1607 2576 1673 2631 τὰ
1696 2576 1831 2631 ἄλλα

252 2666 388 2737 μέλη
415 2664 511 2718 τοῦ
537 2664 822 2736 ἀνθρώπου
850 2664 1017 2735 χωρὶς
1040 2663 1215 2737 ψυχῆς
1231 2680 1245 2728 ;
1262 2666 1376 2717 Πᾶν
1395 2664 1503 2736 γὰρ
1526 2664 1588 2717 τὸ
1616 2666 1689 2735 μὴ
1710 2664 1830 2735 ἔχον

248 2757 428 2828 ψυχὴν
458 2756 653 2827 νεκρόν
682 2758 829 2820 ἐστι,
869 2755 962 2809 καὶ
992 2756 1092 2807 οὐκ
1122 2751 1239 2809 οἶδα
1277 2755 1330 2807 τί
1371 2755 1567 2824 λέγεις.
1607 2754 1746 2825 Ἐγὼ
1776 2755 1832 2809 δὲ

251 2849 393 2901 εἴπω
428 2864 512 2900 σοι
558 2848 617 2899 ὲν
666 2846 803 2917 ποίῳ
843 2846 1014 2916 τόπῳ,
1051 2845 1145 2898 καὶ
1177 2845 1315 2917 ποίῳ
1343 2847 1548 2918 τρόπῳ,
1594 2847 1688 2900 καὶ
1727 2845 1830 2900 ποῦ

250 2941 651 3011 ἁναπαύεταιή
682 2940 826 3011 ψυχή
847 2957 861 2970 ·
898 2942 954 2994 ἐν
997 2939 1145 3010 τρισὶ
1173 2939 1361 3003 τόποις
1398 2940 1712 3008 ἀναγκαίοις
1735 2939 1830 2993 τοῦ

251 3033 507 3105 σώματός
544 3034 692 3085 ἐστιν
734 3032 1086 3104 ὲνιδρυμένη’
1116 3032 1212 3086 καὶ
1250 3032 1439 3105 ὥσπερ
1466 3034 1498 3103 ἡ
1547 3032 1703 3097 ἀκτὶς
1734 3031 1829 3085 τοῦ

1927 575 2055 643 quia
2107 576 2447 632 vehementia
2494 576 2695 633 caloris
2746 576 2968 631 humida
3013 578 3278 642 exsiccat,
3326 584 3384 631 ut
3426 590 3495 630 ex

1927 669 2061 722 solis
2090 668 2143 721 vi
2172 678 2226 724 et
2255 668 2495 724 efficacia
2548 676 2886 739 compertum
2922 676 3005 723 est
3035 689 3048 724 :
3084 684 3207 723 cum
3244 668 3316 723 sit
3349 667 3497 721 enim

1925 758 2117 826 igneus
2161 760 2515 830 calidusque,
2561 761 2733 813 lutum
2766 760 3038 821 exsiccat,
3072 768 3127 814 et
3155 758 3499 813 humiditatis

1926 849 2144 918 plenum
2174 852 2454 920 quodlibet
2484 852 2539 905 in
2568 851 2939 906 exhalationes
2968 852 3146 906 solvit.
3192 850 3347 917 Quod
3397 864 3499 903 au-

1927 949 2034 994 tem
2068 940 2247 994 anima
2278 942 2350 996 sit
2381 950 2574 994 natura
2610 955 2708 997 sua
2742 941 2920 995 calida
2948 960 2961 1007 ;
2996 941 3051 995 id
3084 956 3217 996 sane
3247 948 3498 996 mortuo-

1927 1045 2046 1083 rum
2075 1031 2382 1099 exemplum
2429 1032 2522 1085 tibi
2565 1032 2923 1101 persuadeat:
2955 1046 3062 1100 qua
3092 1032 3235 1085 enim
3286 1030 3417 1084 hora
3466 1042 3498 1082 a

1927 1136 2154 1199 corpore
2199 1124 2379 1176 anima
2425 1130 2678 1192 separata
2708 1129 2828 1185 cst,
2861 1122 3043 1176 omnia
3072 1122 3315 1177 membra
3358 1136 3496 1175 con-

1929 1212 2101 1280 gelata
2153 1212 2676 1283 deprehenduntur;
2730 1214 2903 1268 nihilo
2944 1215 3126 1268 minus
3170 1228 3332 1282 quam
3370 1211 3498 1281 quis

1928 1305 2104 1360 hieme
2129 1306 2384 1375 patiatur.
2408 1304 2662 1371 Quandiu
2690 1306 2833 1360 enim
2861 1306 3040 1359 anima
3068 1306 3248 1360 cibum
3278 1305 3499 1374 copiose

1928 1395 2157 1464 recipit,
2190 1395 2335 1465 viget
2364 1411 2563 1465 corpus
2590 1410 2653 1449 ac
2682 1403 2933 1465 vegetum
2962 1408 3042 1450 est
3070 1413 3085 1462 ;
3118 1396 3210 1449 ubi
3240 1410 3370 1449 vero
3401 1394 3502 1448 ali-

1927 1496 2111 1542 mento
2140 1487 2404 1555 privatur,
2432 1487 2609 1556 ipsum
2638 1502 2842 1557 corpus
2866 1488 2973 1540 cibi
3007 1488 3125 1540 loco
3149 1486 3367 1541 obsistit
3392 1485 3505 1539 aui-

1928 1594 2029 1633 mae
2058 1578 2248 1633 calori.
2282 1577 2752 1643 Quemadmodum
2784 1592 2881 1631 vas
2922 1593 3130 1630 aznetnn
3153 1615 3170 1641 ,
3213 1593 3309 1631 seu
3355 1577 3503 1631 lebcs

1929 1670 1984 1723 in
2015 1670 2234 1723 clibano
2259 1711 2273 1737 ,
2310 1685 2419 1724 non
2454 1676 2633 1739 potest
2665 1669 2783 1723 sine
2814 1683 2954 1738 aqua
2988 1667 3131 1723 l‘erre
3172 1668 3315 1737 ignis
3339 1667 3503 1722 vehe-

1928 1759 2222 1824 mentium;
2251 1765 2492 1812 torretur
2514 1757 2660 1811 enim
2691 1772 2755 1810 ac
2781 1751 3008 1826 prorsus
3031 1754 3385 1820 dissolvitur;
3411 1770 3506 1809 eo-

1860 1832 1898 1885 B
1927 1849 2049 1904 dem
2078 1865 2296 1919 quoque
2327 1850 2489 1904 modo
2509 1850 2758 1919 corporis
2782 1850 2951 1912 lehcs,
2977 1848 3021 1903 si
3043 1856 3192 1903 caret
3223 1848 3504 1909 alimento,

1926 1940 1998 1994 ab
2025 1940 2182 2010 ignea
2213 1940 2395 1992 anima
2425 1954 2653 2009 prorsus
2684 1936 2992 1993 labefactus
3036 1937 3261 1991 omnino
3304 1936 3503 1990 delicit.

1929 2028 1986 2083 Si
2014 2031 2208 2099 cupias
2234 2030 2302 2083 ab
2325 2030 2508 2099 aliquo
2537 2028 2782 2084 ediscere
2808 2029 2901 2099 qui
2928 2044 2986 2083 se
3014 2028 3210 2082 habeat
3238 2028 3419 2081 anima
3449 2027 3506 2081 in

1927 2136 2186 2192 corpore,
2217 2121 2297 2177 sic
2324 2121 2660 2190 interrogato
2692 2122 2866 2175 illum.
2895 2120 2989 2174 Dic
3015 2120 3146 2173 mihi
3169 2160 3183 2183 ,
3228 2120 3281 2187 in
3321 2126 3509 2174 totone

1927 2226 2161 2280 corpore
2191 2211 2402 2265 habitat
2433 2212 2611 2266 anima
2645 2210 2884 2265 hominis
2904 2251 2919 2273 ,
2951 2226 3020 2262 an
3048 2210 3231 2279 aliquo
3260 2210 3312 2262 in
3343 2206 3508 2262 loco?

1929 2300 2085 2367 Quod
2117 2304 2163 2356 si
2197 2301 2397 2356 dixerit
2425 2303 2523 2356 tibi
2561 2322 2573 2357 :
2608 2302 2666 2356 ιιι
2715 2311 2828 2355 ιυῑο
2858 2316 3124 2371 corpore,
3158 2300 3247 2353 dic
3286 2299 3358 2352 illi
3389 2317 3403 2352 :
3436 2298 3506 2352 Et

1928 2395 2021 2464 qui
2067 2395 2158 2460 ﬁt,
2199 2402 2257 2449 ut
2296 2394 2544 2450 abscissa
2591 2409 2754 2447 manu
2793 2394 2879 2448 vel
2927 2392 3061 2462 pede
3089 2392 3361 2453 hominis,
3394 2406 3506 2445 non

1930 2495 2145 2543 secetur
2175 2489 2354 2541 anima
2374 2529 2389 2553 ,
2421 2488 2516 2542 sed
2546 2487 2725 2541 adhuc
2753 2486 2918 2540 homo
2946 2486 3122 2544 vivat.
3155 2499 3257 2538 nec
3298 2483 3508 2537 moria-

1930 2582 2059 2637 tur?
2090 2580 2186 2635 Sin
2218 2580 2419 2636 dixerit
2465 2579 2607 2633 tibi:
2659 2578 2719 2632 In
2770 2593 2882 2632 uno
2921 2578 3086 2643 loco;
3136 2590 3337 2646 repone
3385 2574 3506 2630 illi:

1930 2673 2214 2740 Quomodo
2267 2688 2398 2744 ergo
2450 2671 2762 2727 subsistunt
2817 2670 2923 2723 alia
2979 2668 3163 2723 omnia
3217 2667 3511 2721 membra?

1931 2764 2203 2835 Quidquid
2231 2765 2375 2820 enim
2404 2764 2584 2818 anima
2613 2769 2764 2818 caret
2783 2801 2796 2823 ,
2826 2769 3098 2814 mortuum
3124 2767 3243 2825 est,
3275 2773 3371 2813 nec
3396 2760 3512 2813 scio

1931 2855 2060 2925 quid
2109 2855 2294 2911 dicere
2324 2855 2481 2909 velis.
2519 2854 2631 2925 Ego
2661 2861 2841 2908 autem
2875 2852 2999 2905 dico
3028 2851 3161 2914 tibi,
3197 2856 3320 2919 'quo
3352 2849 3511 2913 loco,

1931 2962 2038 3017 qua
2068 2948 2279 3001 ratione
2299 2986 2315 3009 ,
2350 2955 2405 3001 et
2433 2945 2526 3001 ubi
2557 2947 2863 3015 requiescat
2890 2943 3070 2995 anima
3102 2961 3113 2995 :
3143 2941 3315 2997 tribes
3343 2941 3396 2995 in
3430 2942 3514 2994 lo-

1931 3041 2013 3095 cis
2041 3040 2289 3110 corporis
2321 3041 2475 3092 ﬁrma
2504 3037 2801 3101 consistit;
2833 3050 2896 3088 ac
2929 3034 3386 3104 quemadmodum
3419 3047 3511 3085 ra-

249 3126 405 3196 ἠλίου
431 3126 519 3177 ἀεὶ
547 3124 647 3178 ἕνα
673 3124 833 3177 τόπον
856 3129 1042 3197 χωρεῖ.
1074 3127 1168 3179 καὶ
1201 3126 1503 3197 εἰσέρχεται
1534 3126 1625 3180 τὸν
1659 3121 1829 3193 οἷκον,

1934 3129 2057 3185 dius
2084 3131 2218 3185 solis
2249 3130 2304 3182 in
2335 3144 2502 3182 unum
2542 3143 2756 3194 semper
2798 3126 2994 3179 domus
3036 3125 3214 3177 locum
3262 3120 3517 3177 concedit

252 3218 479 3287 φωτίζει
511 3217 567 3271 δὲ
616 3217 793 3271 πάντα
841 3219 931 3272 τὸν
968 3215 1145 3282 οἷκον,
1182 3217 1324 3270 οὕτω
1369 3217 1464 3270 καὶ
1501 3218 1534 3288 ἡ
1586 3216 1731 3289 ψυχὴ
1773 3219 1831 3270 ὲν

251 3311 400 3379 τρισὶ
427 3308 615 3371 τόποις
665 3309 759 3362 τοῦ
808 3308 1059 3379 σώματος
1102 3307 1431 3363 κατοικοῢσα
1474 3307 1698 3379 φωτίζει
1739 3308 1832 3361 τὸν

252 3398 399 3454 οἷκον
430 3400 549 3453 ὅλον
577 3399 673 3453 τοῦ
718 3400 990 3471 σώματος.
1023 3401 1284 3452 Κατοικεῖ
1314 3398 1372 3451 δὲ
1412 3400 1470 3452 ὲν
1512 3402 1578 3470 τῇ
1610 3397 1827 3470 καρδίᾳ,

252 3495 329 3564 τῷ
358 3493 586 3547 ὄπισθεν
613 3491 769 3562 μέρει
796 3493 895 3561 τῆς
923 3491 1187 3562 κεφαλῆς,
1227 3490 1364 3562 ὅπερ
1389 3488 1613 3544 κότυλον
1640 3489 1835 3560 ὀνομά-

254 3586 430 3650 ζουσι,
483 3587 577 3638 καὶ
608 3587 666 3637 ὲν
705 3586 825 3647 ταῖς
857 3583 1163 3654 βασιλικαῖς
1217 3582 1463 3652 φλέὅαις.
1500 3583 1586 3635 Ἐν
1620 3580 1829 3645 τούτοις

255 3682 368 3742 τοῖς
400 3677 551 3749 τρισὶ
582 3676 775 3747 μέρεσι
808 3677 1109 3746 κατοικεῖὴ
1136 3674 1302 3745 ψυχή.
1337 3678 1434 3727 Διὰ
1463 3673 1622 3726 τοῦτο
1714 3672 1833 3744 ὥρᾳ

257 3771 500 3843 κρουσθῇ
529 3771 562 3839 ἠ
598 3768 829 3840 κεφαλὴ,
874 3769 907 3838 ἦ
940 3770 974 3839 ὴ
1019 3766 1233 3838 καρδία.
1268 3768 1302 3838 ἢ
1333 3769 1366 3838 ἡ
1412 3764 1663 3836 βασιλικὴ
1692 3764 1833 3835 φλὲψ

255 3863 495 3936 ὲκρεύσῃ
516 3857 656 3932 αἷμα
679 3861 834 3925 πολὺ,
855 3861 949 3913 καὶ
966 3859 1125 3922 εὐθὺς
1141 3860 1436 3929 χωρίζεται
1459 3856 1554 3911 τοῦ
1585 3855 1839 3926 σώματος

254 3957 288 4024 ἡ
317 3955 488 4026 ψυχὴ,
518 3954 613 4007 καὶ
631 3953 822 4023 νεκρὸν
858 3953 919 4006 τὸ
952 3951 1109 4022 σῶμα
1137 3950 1471 4021 εὑρίσκεται.
1494 3947 1838 4002 Κατοικοῦσα

252 4047 309 4101 δὲ
335 4051 367 4118 ή
391 4046 559 4118 ψυχὴ,
580 4048 637 4100 ὲν
666 4049 780 4109 τοῖς
811 4046 957 4116 τρισὶ
992 4044 1205 4115 μέρεσι,
1236 4042 1587 4113 μεταδίδωσιν
1624 4040 1731 4111 ὅλῳ
1752 4038 1832 4109 τῷ

257 4139 474 4212 σώματι
498 4140 599 4210 τῆς
641 4139 846 4201 οἰκείας
879 4138 1191 4208 φωτισμοὺς
1214 4134 1519 4205 δυνάμεως.

262 4294 561 4310 ψ

1935 3230 1991 3274 et
2027 3217 2350 3288 ingreditur,
2398 3217 2783 3285 illuminatque
2824 3221 2995 3268 totam
3041 3212 3304 3276 domum;
3351 3211 3423 3263 ita
3460 3217 3517 3264 ct

1936 3311 2117 3364 anima
2141 3310 2321 3363 tribus
2348 3310 2404 3363 in
2435 3308 2572 3363 locis
2598 3307 2850 3377 corporis
2882 3304 3139 3358 habitans
3160 3343 3174 3365 ,
3205 3309 3373 3355 totam
3399 3315 3519 3354 cor-

1935 3403 2084 3472 poris
2114 3401 2334 3457 domum
2356 3402 2661 3457 collustrat.
2692 3398 2911 3452 llahitat
2942 3414 3106 3468 porro
3139 3397 3193 3450 in
3225 3393 3390 3448 corde
3410 3431 3425 3456 ,
3458 3392 3515 3446 in

1935 3495 2239 3564 posteriore
2266 3492 2463 3562 capitis
2498 3500 2687 3561 parte,
2720 3505 2880 3559 qutm
2925 3489 3164 3559 cotylum
3197 3494 3427 3547 vocant,
3461 3487 3518 3536 et

1933 3584 1988 3638 in
2023 3583 2265 3637 basilicis
2295 3597 2389 3637 seu
2418 3583 2582 3650 regiis
2609 3580 2781 3634 venis.
2815 3578 2871 3631 ln
2895 3579 3047 3632 hisce
3069 3577 3243 3630 tribus
3271 3572 3520 3643 partibus

1935 3672 2146 3728 habitat
2172 3671 2375 3725 anima.
2405 3669 2772 3735 Quamobrem
2807 3680 2912 3737 qua
2940 3668 3071 3721 hora
3099 3663 3403 3734 percutitur
3424 3674 3519 3713 ca-

1938 3771 2065 3835 put,
2100 3770 2194 3815 aut
2223 3778 2354 3825 cor,
2375 3769 2469 3814 aut
2495 3777 2561 3815 ex
2596 3759 2824 3814 basilica
2853 3774 2990 3814 vena
3027 3763 3247 3811 emanat
3289 3752 3515 3821 copiose

1944 3856 2200 3926 sanguis,
2225 3854 2411 3909 statim
2439 3868 2468 3906 a
2493 3866 2724 3922 corpore
2750 3852 2932 3905 anima
2954 3856 3260 3918 separatur,
3285 3860 3348 3899 ac
3370 3859 3519 3897 mor-

1944 3956 2093 4001 tuum
2129 3962 2330 4015 corpus
2359 3944 2655 3999 invenitur.
2683 3941 2879 3996 Anima
2909 3956 3071 4011 porro
3091 3940 3144 3991 in
3168 3937 3343 3991 tribus
3367 3935 3519 3988 hisce

1945 4037 2193 4107 partibus
2223 4036 2479 4090 habitans
2507 4036 2605 4088 toti
2632 4033 2849 4103 corpori
2884 4030 3120 4103 prepria:
3146 4027 3366 4083 virtutis
3395 4026 3519 4080 illu-

1941 4128 2263 4183 strationem
2294 4127 2600 4196 dispensat.

1108 4435 1270 4508 530
1307 4432 1375 4487 IN
1414 4429 1666 4487 LIBROS
1703 4427 1792 4482 DE
1830 4424 2208 4481 TBINITATE
2248 4424 2652 4483 ADMONITIO.

327 4599 505 4655 Hulta
541 4599 606 4653 de
644 4597 785 4651 hisce
822 4595 974 4651 libris
1014 4600 1299 4647 occurrunt
1338 4584 1743 4656 investiganda:
1777 4600 1902 4637 nam
1942 4592 2000 4635 ut
2039 4583 2270 4636 incertus
2311 4591 2518 4644 auctor,
2560 4581 2638 4635 sic
2675 4582 2824 4635 uaria
2861 4595 3040 4634 eorum
3078 4579 3280 4648 forma,
3316 4578 3525 4633 diversa

259 4692 469 4748 omnino
518 4688 688 4757 operis
739 4687 900 4740 totius
950 4683 1301 4738 distributio:
1355 4696 1445 4733 nec
1494 4676 1717 4730 minoris
1763 4684 1843 4729 est
1893 4691 2067 4744 opera:
2120 4676 2494 4746 primigenium
2543 4681 2594 4726 et
2646 4674 2882 4725 nativum
2932 4671 3207 4740 assignare
3244 4669 3522 4733 ordinem,

254 4800 415 4855 quam
451 4783 542 4852 qui
579 4782 645 4833 sit
686 4780 887 4849 antiqui
925 4778 1140 4847 hujusce
1177 4775 1330 4844 [wtus
1369 4782 1518 4842 pater
1574 4769 1834 4825 indicare.
1894 4769 1963 4823 In
2017 4770 2397 4838 manuscriptis
2437 4783 2567 4820 sane
2606 4765 2846 4820 omnibus
2872 4802 2888 4828 ,
2927 4771 2985 4815 ut
3023 4771 3071 4814 et
3109 4763 3162 4814 iu
3201 4760 3357 4815 editis
3395 4776 3524 4830 quos

251 4852 513 4944 inapicere
551 4871 749 4936 licuit,
791 4886 921 4940 opus
962 4867 1260 4924 Athanasio
1301 4863 1612 4919 ascribitur.
1654 4863 1722 4915 At
1763 4880 1867 4917 non
1904 4878 2005 4929 par
2042 4860 2234 4929 ubique
2286 4858 2538 4912 librorum
2592 4872 2862 4909 numerus.
2918 4852 3212 4906 Discrimen
3263 4860 3428 4906 totum
3464 4861 3525 4905 ut

255 4971 443 5031 lectori
482 4968 820 5023 exhibeamus
846 5010 862 5035 ,
902 4966 992 5038 qui
1031 4967 1087 5018 in
1126 4960 1505 5029 manuscriptis
1530 5001 1545 5025 ,
1585 4960 1776 5030 quique
1814 4960 1871 5013 in
1908 4959 2067 5013 editis
2108 4957 2176 5009 sit
2221 4956 2393 5023 operis
2432 4962 2605 5008 status
2633 4993 2647 5014 ,
2688 4966 2804 5021 qua:
2842 4946 3075 5002 conditio
3106 4983 3121 5008 ,
3152 4947 3273 5013 jam
3310 4960 3527 4997 enarre-

255 5081 398 5118 mus.
441 5060 509 5116 lu
546 5034 1120 5129 manuscripto'itaque
1158 5063 1339 5108 nostro
1375 5050 1823 5120 Sangermanensi
1849 5088 1865 5112 ,
1899 5065 1953 5103 η.
1994 5047 2120 5107 γει,
2159 5056 2529 5101 sexcentarum
2557 5043 2772 5096 circiter
2806 5053 3088 5102 annorum,
3123 5034 3216 5087 hoc
3246 5035 3523 5100 prtemisso

255 5155 418 5210 titulo
451 5169 469 5206 :
528 5150 726 5223 Incipit
781 5152 918 5206 liber
969 5152 1145 5207 sancti
1181 5148 1466 5204 Athanasii
1502 5146 1745 5216 episc0pi
1788 5146 1861 5201 De
1902 5156 2093 5202 sancta
2133 5144 2443 5206 Trinitate,
2483 5141 2626 5195 hisce
2664 5137 2832 5193 verbis
2873 5135 3152 5191 inchoatur
3180 5151 3199 5189 :
3241 5134 3325 5190 Tu
3377 5150 3523 5193 unus

255 5251 403 5307 Deus
440 5251 621 5310 Pater,
660 5258 715 5305 et
752 5250 1070 5319 unigenitus
1112 5250 1254 5305 Deus
1294 5245 1487 5307 Filius,
1532 5247 1675 5300 Deus
1716 5245 1960 5315 Spiritus
2001 5248 2249 5298 sanctus.
2291 5240 2464 5311 Atque
2501 5238 2586 5292 hic
2625 5248 2703 5293 est
2741 5238 2875 5292 liber
2911 5237 3132 5305 primus.

326 5348 412 5402 Ad
465 5347 659 5401 librum
708 5344 995 5401 secundum
1034 5345 1145 5399 haec
1181 5352 1260 5398 est
1298 5342 1575 5410 inscriptio
1604 5356 1623 5394 :
1662 5340 1859 5410 Incipit
1898 5340 2038 5392 liber
2079 5336 2358 5393 secundus
2382 5376 2397 5401 ,
2440 5335 2517 5390 De
2553 5334 2793 5404 propriis
2836 5329 3089 5403 personis
3114 5368 3129 5391 ,
3168 5335 3225 5383 et
3263 5328 3331 5384 de
3365 5327 3524 5382 unito

255 5443 481 5500 nomine
518 5441 844 5497 divinitatis.
889 5439 1084 5493 Postea
1121 5440 1199 5493 sic
1235 5437 1515 5492 exordium
1555 5435 1758 5490 habet:
1800 5433 2189 5505 Interrogatio.
2228 5433 2387 5489 Nunc
2424 5446 2524 5504 per
2578 5430 2796 5502 singula
2848 5428 3068 5485 nomina
3112 5443 3476 5499 personarum
3505 5470 3520 5497 _.

254 5552 317 5594 ut
352 5550 555 5591 nomen
592 5533 809 5589 deitatis
849 5534 989 5587 mihi
1021 5548 1263 5604 exponas
1300 5533 1541 5604 postulo.

326 5629 410 5684 Ad
443 5627 638 5683 librum
673 5628 882 5681 tertium
905 5643 923 5680 :
956 5627 1150 5697 Incipit
1183 5628 1319 5684 liber
1351 5644 1432 5693 tn,
1468 5627 1543 5682 De
1571 5627 1945 5697 assumptione
1980 5624 2239 5679 hominis.
2274 5623 2440 5693 Cujus
2478 5622 2696 5676 initium
2719 5634 2739 5674 :
2762 5613 3231 5685 Quemadmodum
3265 5629 3375 5670 una
3408 5612 3527 5668 dei-

254 5735 407 5795 tate,
447 5725 806 5794 eamdemque
842 5738 1007 5777 unam
1047 5722 1412 5792 mqualitatem
1452 5720 1735 5776 conliteris
1772 5718 1971 5774 Filium
2013 5735 2155 5775 esse.

328 5820 410 5873 Ad
438 5804 688 5891 quartum
719 5816 912 5871 librum
933 5831 948 5867 :
968 5814 1161 5884 Incipit
1189 5814 1326 5870 liber
1356 5820 1606 5886 quartus,
1628 5812 1702 5869 De
1725 5813 1961 5884 singulis
1996 5811 2330 5871 nominibus.
2364 5810 2628 5867 adversus
2656 5806 2926 5864 novellam
2949 5800 3196 5859 ἣξει-θείω
3222 5797 3522 5858 Potentiai.
