3976 6388
468 317 610 375 μεθ
1602 313 1660 368 S.
1701 307 2163 365 ATIIANASIUS.
2199 336 2264 348 —
2315 304 2586 361 SPURIA.
3577 291 3706 348 N56

466 432 636 504 Cujus
678 433 990 503 principium
1046 443 1123 486 est
1151 447 1170 484 :
1200 435 1396 488 Interr.
1454 429 1554 484 lIic
1595 431 1705 501 jam
1751 428 1820 482 de
1858 426 2088 498 singulis
2123 424 2437 479 nominibus
2478 433 2645 493 atque
2682 418 2935 491 personis
2999 414 3301 471 identidem
3344 412 3520 469 refers
3561 412 3708 468 mihi.

536 503 620 577 Ad
658 524 897 594 quintum
926 536 945 574 :
984 522 1178 589 Incipit
1216 521 1357 575 liber
1394 519 1640 588 quintus,
1665 516 1743 571 De
1780 517 1931 571 unita
1968 530 2032 569 ac
2072 514 2400 583 sempiterna
2439 512 2749 568 substantia
2787 508 3091 561 Trinitatis.
3138 506 3472 574 Principium
3512 504 3588 557 sic
3621 503 3713 558 ha-

469 616 596 667 bet:
635 615 832 667 Interr.
872 612 972 666 Hic
1011 609 1441 665 contradicentis
1480 620 1713 678 persona
1765 611 1851 660 est
1906 602 2393 657 Ariomanitarum.
2434 601 2548 656 Cur
2580 613 2864 654 connexus
2902 612 2961 651 es
2996 596 3431 666 sempiternum,
3468 605 3578 647 etc.

537 697 618 754 Ad
657 715 861 752 sextum
890 713 909 751 :
938 697 1129 768 Incipit
1161 699 1302 755 liber
1333 708 1544 760 sextus,
1578 697 1653 750 De
1680 694 2019 751 beatitudine
2050 695 2172 749 lidei
2197 734 2212 759 ,
2246 703 2300 749 et
2328 694 2743 765 praescriptione
2772 702 2933 747 secta:
2961 689 3235 758 pessimae.
3271 687 3439 758 Cujus
3469 686 3709 739 initium:

468 795 738 867 Interrog.
781 796 957 852 Posco
998 811 1027 849 a
1065 805 1118 851 te
1156 797 1223 851 de
1263 799 1419 852 unito
1456 798 1680 855 deitatis
1719 799 1946 853 nomine
1985 796 2287 853 multifarie
2327 796 2570 858 dictum,
2613 804 2671 848 ut
2709 790 3003 847 identidem
3041 795 3281 855 repetas.

546 890 628 943 Ad
669 890 948 959 septimum
978 906 997 943 :
1021 888 1214 960 Incipit
1243 890 1384 946 liber
1435 893 1723 961 septimus,
1775 890 1851 945 De
1898 888 2241 960 professione
2294 887 2519 960 Regulae
2570 885 2853 941 catholica:
2899 897 3021 937 cum
3071 878 3452 947 increpatione
3504 875 3714 929 han-eti.

466 998 678 1039 eorum.
728 980 895 1051 Cujus
944 984 1194 1036 initium:
1242 982 1473 1053 Propter
1523 984 1670 1054 quod
1717 983 2124 1054 impensissime
2168 983 2399 1037 obsecro
2448 991 2594 1035 tuam
2634 976 2989 1033 sublimitatis
3029 974 3293 1044 gloriam,
3333 979 3394 1025 ut
3430 970 3650 1039 elonges
3683 983 3713 1020 a

468 1079 725 1135 sensibus
772 1080 1000 1135 nostris.

537 1170 621 1224 Ad
659 1181 943 1226 octavum:
983 1171 1173 1243 Incipit
1207 1175 1348 1230 liber
1384 1182 1613 1231 octavus
1639 1215 1654 1240 ,
1695 1174 1772 1231 De
1809 1174 1961 1229 Fidei
2005 1174 2236 1228 unitate.
2281 1171 2450 1241 Cujus
2489 1169 2812 1239 principium
2849 1177 2971 1221 est:
3006 1161 3158 1218 Fidei
3208 1159 3377 1214 unius
3404 1153 3717 1212 substantia:

466 1265 755 1321 Trinitatis
782 1306 797 1330 ,
834 1267 938 1321 hoc
974 1277 1058 1322 est
1084 1308 1099 1330 ,
1142 1268 1322 1325 Patris
1361 1276 1416 1324 et
1453 1268 1579 1325 Filii
1620 1278 1675 1325 et
1714 1270 1894 1324 sancti
1937 1269 2199 1339 Spiritus.

540 1359 768 1415 Octavus
805 1376 962 1429 porro
1008 1362 1140 1415 liber
1178 1363 1229 1415 in
1269 1364 1377 1417 hac
1418 1365 1571 1417 rerba
1609 1365 1847 1418 desinit:
1886 1363 2102 1417 Corona
2156 1368 2337 1415 autem
2390 1358 2587 1429 capitis
2639 1359 2888 1412 continet
2941 1367 3240 1426 purpuram
3287 1357 3343 1406 et
3398 1349 3717 1415 hominem;

468 1469 637 1506 unum
692 1453 976 1522 imperium
1029 1455 1250 1509 virtutis
1302 1456 1586 1511 ostendit:
1641 1457 1721 1510 sic
1774 1454 1935 1509 Pater
1988 1453 2045 1507 in
2082 1450 2223 1505 Filio
2272 1460 2328 1506 et
2383 1449 2562 1505 Filius
2611 1450 2666 1503 in
2723 1447 2928 1503 Patre:
2973 1444 3212 1516 Spiritus
3263 1449 3447 1497 autem
3506 1450 3721 1495 sanctus

469 1544 829 1612 conjunctio,
886 1543 1060 1598 deitas
1099 1545 1273 1615 (Reg.
1318 1547 1583 1617 deitatis)
1624 1550 1800 1602 virtus
1855 1554 1908 1601 et
1965 1546 2148 1600 unitas
2197 1543 2508 1599 Trinitatis.
2566 1541 2762 1598 Postea
2811 1543 2924 1593 hate
2972 1538 3255 1607 leguntur:
3306 1533 3551 1604 Explieit
3596 1532 3724 1585 liber

469 1643 701 1689 octavus
754 1635 848 1690 Dei
899 1636 1081 1692 Patris
1131 1650 1183 1703 et
1225 1620 1345 1694 Filii
1400 1651 1454 1696 et
1508 1643 1746 1712 Spiritus
1784 1642 1992 1702 sancti,
2046 1639 2331 1693 Athanasii
2370 1638 2637 1708 episcopi.
2683 1636 2792 1692 Hos
2832 1635 3044 1690 libellos
3084 1647 3182 1686 vni
3224 1628 3598 1699 transcripsi,
3635 1628 3721 1697 qui

469 1727 644 1783 multa
684 1728 868 1782 addita
908 1738 960 1783 et
999 1730 1287 1786 immutata
1328 1734 1629 1787 continent.
1674 1733 1866 1801 Incipit
1907 1732 2121 1785 libellus
2160 1729 2282 1784 ﬁdei
2307 1770 2321 1791 ,
2364 1728 2545 1786 Patris
2586 1736 2639 1783 et
2668 1725 2792 1782 Filii
2825 1736 2879 1781 et
2910 1723 3149 1795 Spiritus
3187 1720 3406 1786 sancti,
3445 1718 3724 1773 Athanasii

470 1817 739 1888 episcopi.
786 1815 978 1871 Postea
1016 1819 1093 1871 sic
1132 1820 1421 1888 incipitur:
1464 1821 1602 1875 Cum
1642 1822 1839 1891 legeris
1867 1830 1976 1891 ‘per
2016 1820 2155 1873 hanc
2193 1820 2376 1885 ﬁdem,
2418 1834 2613 1873 moneo
2654 1826 2714 1872 ut
2753 1818 2859 1872 mei
2901 1831 3111 1870 memor
3150 1814 3228 1868 sis
3276 1812 3333 1867 in
3382 1809 3724 1865 orationibus

472 1909 603 1964 tuis.
642 1908 718 1963 Ne
758 1908 988 1963 forsitan
1026 1910 1360 1980 negligenter
1396 1914 1685 1983 quisquam
1725 1914 1827 1968 hoc
1868 1915 2205 1967 obtrectator
2246 1914 2569 1983 contingat,
2611 1913 2740 1982 quia
2785 1909 3050 1979 scriptum
3091 1913 3219 1961 est:
3254 1923 3273 1956 ι
3308 1902 3389 1959 Ne
3419 1901 3719 1974 projiciatis

470 2004 796 2075 margaritas
848 2012 975 2058 ante
1026 2018 1222 2073 porcos
1261 2004 1330 2055 ⁸¹.
1364 2020 1382 2054 ι
1416 2003 1594 2057 Credo
1621 2003 1677 2056 in
1729 2003 1896 2057 Deum
1929 2002 2145 2055 Patrem
2174 2004 2602 2071 omnipotentem
2626 2044 2641 2068 ,
2680 2013 2734 2056 et
2766 2001 2819 2055 in
2860 1998 3204 2068 unigenitum
3232 2036 3246 2061 ,
3288 2003 3401 2049 etc.
3448 1993 3580 2048 Post
3617 2009 3726 2047 eam

468 2100 595 2168 ﬁdei
636 2102 1012 2170 confessionem
1051 2101 1162 2155 htrc
1202 2099 1594 2170 subsequuntur
1620 2116 1638 2153 :
1678 2100 1915 2170 Explicit
1954 2098 2234 2167 Expositio
2270 2100 2433 2165 ﬁdei,
2477 2100 2666 2168 incipit
2700 2097 2945 2167 ejusdem
2987 2095 3054 2150 de
3096 2093 3371 2148 Trinitate
3410 2098 3465 2145 et
3506 2091 3575 2145 de
3614 2086 3727 2159 Spi-

471 2190 581 2244 ritu
633 2200 843 2246 sancto.
903 2190 1124 2247 Initiunt
1177 2210 1337 2262 porro
1390 2196 1466 2249 sic
1521 2194 1725 2249 habet:
1765 2194 1861 2248 IIis
1912 2194 2005 2263 qui
2056 2192 2252 2248 Filium
2306 2194 2399 2249 Dei
2442 2204 2687 2249 creatum
2731 2209 2854 2247 esse
2892 2190 3239 2262 proﬁtentur,
3282 2201 3631 2256 nequaquam
3666 2186 3729 2240 de

474 2280 681 2352 Spiritu
722 2291 915 2337 sancto
953 2284 1208 2339 dabimus
1250 2300 1578 2357 responsum
1603 2323 1618 2348 ,
1660 2291 1767 2339 etc.
1811 2281 1940 2337 Post
1980 2283 2175 2336 huncce
2216 2284 2404 2337 librum
2447 2282 2808 2352 superioribus
2842 2281 3185 2350 prolixiorem
3214 2323 3228 2347 ,
3276 2281 3513 2351 legitur:
3546 2279 3728 2333 Sancti

472 2376 759 2433 Athanasii
802 2377 1042 2447 episcopi
1084 2379 1151 2433 de
1186 2376 1454 2433 Trinitate
1494 2380 1627 2435 liber
1664 2380 1908 2451 explicit.
1948 2380 2140 2451 Incipit
2177 2379 2476 2433 Altercatio
2517 2380 2576 2434 S.
2619 2376 2899 2431 Athanasii
2948 2377 3190 2446 episcopi
3244 2384 3439 2428 contra
3489 2374 3716 2438 Arium,

476 2470 774 2528 Sabellium
814 2475 899 2529 vel
935 2473 1229 2529 Photinum
1267 2473 1577 2529 haereticos.
1620 2472 1773 2540 Quod
1813 2491 1941 2544 opus
1980 2484 2099 2543 post
2140 2475 2302 2528 libros
2341 2474 2403 2529 de
2445 2475 2706 2529 Trinitate
2745 2489 2776 2525 a
2818 2471 2968 2526 nobis
3006 2470 3248 2525 codicum
3274 2471 3496 2541 vestigio
3533 2471 3727 2524 haren-

475 2564 613 2617 tibus
653 2574 951 2634 reponetur.
3598 2626 3603 2633 .

544 2655 615 2709 In
671 2657 846 2711 codice
895 2656 1018 2728 Reg.
1070 2657 1242 2722 36:24,
1297 2656 1436 2711 idem
1486 2658 1615 2711 ordo
1663 2668 1924 2713 servatur.
1971 2657 2036 2712 In
2087 2658 2191 2728 ﬁne
2244 2674 2404 2729 porro
2454 2654 2592 2712 octo'
2628 2657 2882 2710 libroruin
2933 2658 3009 2711 sic
3048 2659 3285 2728 legitur:
3324 2657 3566 2729 Explicit
3600 2657 3725 2712 liber

474 2761 709 2810 octavus
758 2752 914 2810 Fidei
968 2754 1151 2809 Patris
1217 2762 1270 2809 et
1322 2752 1448 2808 Filii
1492 2735 1548 2810 et
1599 2755 1837 2826 Spiritus
1890 2756 2103 2820 sancti,
2156 2755 2438 2810 Athanasii
2491 2754 2755 2824 episcopi.
2814 2752 3010 2807 Deinde
3058 2756 3135 2805 ita
3172 2752 3379 2806 habet:
3448 2752 3725 2825 Expositio

476 2845 600 2900 ﬁdei
644 2848 947 2903 catholicae.
988 2849 1165 2903 Credo
1207 2848 1261 2900 in
1303 2847 1471 2903 Deum
1501 2887 1516 2913 ,
1554 2858 1661 2903 etc.
1690 2890 1706 2916 ,
1745 2851 1824 2903 uti
1863 2866 2048 2919 supra.
2087 2847 2308 2919 Reliqua
2346 2848 2526 2903 eodem
2562 2864 2664 2917 quo
2707 2846 3175 2917 Sangermancusis
3216 2848 3381 2901 codex
3420 2847 3628 2903 ordine.

548 2935 617 2991 1η
658 2939 888 2995 editione
925 2958 1137 3011 operum
1176 2945 1461 2999 Athanasii
1501 2962 1639 2999 anno
1683 2946 1822 3000 1556
1850 2986 1865 3008 ,
1906 2947 2132 3001 L’asilea.’
2157 2985 2173 3010 ,
2211 2955 2261 3000 et
2303 2947 2356 2999 in
2396 2945 2850 3008 Commeliniana,
2890 2954 3080 3013 septem
3121 2952 3330 2997 tantum
3370 2945 3576 3014 priores
3614 2942 3725 2997 libri

478 3040 813 3098 comparent,
856 3036 1065 3088 omissis
1105 3036 1170 3089 iis
1210 3037 1451 3089 omnibus
1484 3054 1601 3107 qua:
1637 3047 1752 3105 post
1796 3037 1960 3091 libros
1998 3037 2061 3091 de
2103 3037 2368 3091 Trinitate
2408 3037 2464 3089 in
2504 3036 2881 3104 manuscriptis
2923 3037 3188 3105 leguntur.

552 3119 618 3173 In
655 3122 879 3176 editione
916 3133 1091 3178 autem
1130 3126 1424 3185 Porisiensi
1463 3130 1894 3198 Cnseo-Latina,
1935 3133 2174 3187 undecim
2207 3134 2329 3186 libri
2360 3132 2659 3187 habentur:
2690 3133 2939 3185 nimirum
2975 3132 3269 3199 prtcmissis
3310 3142 3507 3199 septem
3547 3131 3725 3194 libris,

477 3225 536 3269 ut
571 3227 785 3272 exstant
824 3222 876 3273 in
916 3221 1336 3279 Commeliuiana
1375 3228 1639 3290 editione,
1683 3238 1896 3282 octarus
1933 3233 2007 3282 sic
2050 3229 2401 3282 inscribitur:
2450 3226 2524 3279 De
2572 3226 2778 3278 Ariana
2826 3234 2881 3279 et
2936 3224 3207 3278 catholica
3259 3225 3616 3280 confessione
3659 3222 3725 3277 ad

479 3306 866 3378 TheOpliilum.
925 3312 1090 3382 Cujus
1139 3317 1349 3370 initium
1376 3334 1394 3371 :
1430 3319 1618 3373 Ariani
1660 3320 1892 3385 dicunt,
1935 3319 2134 3373 Filium
2177 3318 2272 3372 Dei
2323 3334 2433 3373 non
2482 3316 2550 3371 de
2601 3317 2910 3370 substantia
2961 3315 3054 3368 Dei
3090 3314 3273 3370 Patris
3314 3317 3557 3385 genitum
3585 3356 3604 3382 ,
3639 3315 3725 3371 sed

476 3401 825 3458 extrinsecus
877 3415 1118 3462 creatum
1159 3429 1172 3464 :
1214 3412 1303 3482 qui
1342 3412 1473 3466 liber
1512 3430 1613 3467 non
1668 3422 1745 3467 est
1798 3417 1851 3467 in
1902 3415 2280 3481 manuscriptis
2340 3413 2573 3474 nostris,
2629 3427 2721 3465 nec
2771 3415 2861 3481 qui
2910 3426 3031 3464 mox
3082 3413 3340 3481 sequitur.
3389 3410 3625 3466 Nonus:
3660 3409 3728 3467 De

478 3490 611 3549 Fide
648 3512 744 3550 sua
779 3498 854 3558 ad
895 3499 1290 3573 TheOphilum,
1329 3506 1479 3575 cujus
1519 3509 1771 3561 initium:
1812 3506 2047 3563 Credere
2081 3507 2337 3575 jnbemur
2376 3509 2429 3559 in
2473 3506 2566 3559 Dei
2602 3505 2783 3560 Patris
2823 3504 3317 3574 omnipotentiam,
3357 3514 3413 3560 et
3456 3505 3580 3561 Filii
3617 3502 3728 3573 eius

476 3582 607 3640 Jesu
647 3587 873 3646 Cnri‘s’t'i.
915 3592 1182 3659 Decimus.
1227 3598 1301 3654 De
1343 3606 1552 3657 unitate
1591 3602 1741 3657 Fidei
1783 3603 1850 3657 ad
1892 3602 2276 3671 Theophilum,
2327 3600 2479 3669 cujus
2533 3601 2779 3665 initium,
2838 3596 2987 3652 Fidei
3044 3600 3204 3653 unius
3252 3599 3583 3655 substantia:
3620 3598 3730 3653 Triv

477 3680 666 3736 nitatis
693 3725 707 3746 .
750 3686 855 3740 hoc
894 3696 1015 3754 est,
1057 3689 1235 3747 Patris
1273 3702 1327 3749 et
1365 3695 1489 3752 Filii
1530 3706 1584 3753 et
1624 3698 1864 3767 Spiritus
1900 3697 2096 3751 sancti.
2155 3694 2258 3747 Hic
2309 3704 2524 3747 octavus
2576 3694 2747 3761 fertur
2798 3694 2853 3746 in
2909 3708 3037 3746 mss.
3098 3692 3419 3747 Undecimus
3444 3733 3462 3758 ,
3526 3694 3600 3750 De
3637 3696 3730 3750 ﬁde

478 3777 704 3834 unitatis
742 3788 797 3834 et
835 3781 1119 3842 Trinitatis
1143 3829 1157 3851 ,
1201 3789 1381 3847 Patris
1420 3802 1473 3846 et
1506 3792 1631 3847 Filii
1671 3802 1724 3847 et
1767 3792 2004 3862 Spiritus
2045 3790 2242 3845 sancti.
2281 3788 2448 3856 Cujus
2487 3789 2737 3842 initium:
2777 3788 2953 3843 Credo
2992 3787 3047 3839 in
3086 3784 3255 3840 Deum
3294 3786 3517 3843 Patrem
3555 3788 3724 3842 omni-

477 3876 749 3933 potentem
775 3912 790 3936 ,
826 3881 881 3926 et
919 3875 972 3928 in
1012 3877 1346 3948 unigenitum
1371 3923 1385 3943 .
1425 3894 1530 3937 etc.
1576 3881 1705 3936 llwc
1741 3893 1815 3936 est
1856 3879 2012 3934 Fidei
2051 3880 2307 3948 confessio
2355 3896 2471 3947 qua'
2508 3880 2563 3933 in
2602 3896 2729 3933 mss.
2771 3877 3107 3947 subsequitur
3142 3887 3259 3944 post
3298 3888 3417 3933 octo
3450 3878 3614 3933 libros
3658 3878 3718 3932 de

482 3962 742 4021 Trinitate
785 3969 855 4022 ad
897 3970 1257 4043 Theophilum.
1307 3977 1441 4031 Iluic
1476 3978 1791 4047 confessioni
1831 3986 2204 4046 consequenter
2261 3976 2573 4046 adjungitur
2616 3975 2746 4029 liber
2801 3974 2890 4029 ille
2948 3982 3033 4026 sat
3086 3974 3328 4041 prolixus
3378 3977 3471 4045 qui
3528 3977 3582 4030 in
3625 3992 3729 4029 ma-

479 4061 761 4126 nuscriptis
799 4066 1034 4133 sequitur
1068 4079 1183 4136 post
1227 4069 1381 4127 Fidei
1418 4072 1818 4141 confessionem,
1857 4072 2041 4142 hisque
2080 4071 2247 4125 verbis
2282 4070 2563 4125 inchoatur
2590 4087 2609 4123 :
2649 4069 2744 4125 His
2781 4070 2876 4140 qui
2926 4067 3126 4122 Filium
3178 4065 3274 4122 Dei
3320 4076 3569 4122 creatum
3619 4083 3730 4123 esse

481 4148 802 4215 proﬁtentur
841 4170 1182 4227 nequaquam
1223 4159 1288 4212 de
1329 4158 1534 4229 Spiritu
1578 4169 1789 4216 sancto.

553 4237 746 4297 Petrus
803 4243 1124 4302 Franciscus
1174 4248 1461 4320 Chiﬂletius
1536 4268 1564 4304 e
1614 4251 1877 4306 Societate
1925 4250 2098 4317 Jesu,
2152 4254 2241 4322 qui
2304 4251 2529 4305 Victoris
2596 4250 2825 4305 Vitensis
2894 4260 2943 4304 et
3007 4250 3190 4321 Vigilii
3246 4248 3536 4317 Tapsensis
3587 4265 3731 4318 opera

477 4331 683 4388 εάεηάα
722 4341 926 4392 Curari!
956 4359 1102 4398 anno
1146 4343 1285 4397 16in
1310 4384 1325 4407 ,
1364 4348 1458 4398 hos
1497 4345 1564 4399 de
1604 4344 1874 4400 Trinitate
1915 4346 2079 4400 libros
2124 4346 2302 4416 Vigilii
2341 4347 2549 4398 nomine
2583 4345 2789 4399 edidit:
2820 4346 2943 4415 jure
2988 4360 3057 4397 an
3109 4342 3315 4411 injuria
3349 4342 3400 4396 ei
3438 4343 3731 4411 ascripserit

480 4447 605 4485 mox
635 4436 983 4503 eapendemus
1016 4433 1155 4495 lam
1195 4442 1429 4495 ordinem
1468 4442 1606 4511 quod
1645 4453 1886 4509 spectat,
1930 4452 2046 4496 octo
2085 4444 2285 4512 priores
2322 4440 2485 4496 libros
2525 4452 2583 4495 ut
2612 4443 2667 4496 in
2705 4442 3080 4509 manuscriptis
3116 4439 3311 4509 digesti
3346 4438 3628 4498 habentur.
3658 4455 3733 4492 re-

475 4529 700 4582 censuit.
745 4527 932 4583 Nonus
973 4546 1149 4585 autem
1188 4544 1308 4594 est,
1353 4532 1594 4588 Libellus
1637 4534 1813 4602 Fidei,
1877 4538 2026 4606 cujus
2063 4538 2275 4591 initium
2307 4552 2325 4590 :
2354 4536 2533 4592 Credo
2562 4537 2618 4591 in
2661 4535 2829 4591 Deum
2861 4535 3078 4589 Patrem
3119 4534 3560 4602 omnipotentem
3587 4575 3603 4599 ,
3644 4532 3732 4586 illa

474 4624 674 4679 scilicet
717 4625 873 4682 Fidei
910 4629 1172 4700 confessio
1210 4638 1450 4702 superius
1493 4647 1810 4693 memerata.
1854 4639 2101 4693 Decimus
2127 4682 2142 4705 ,
2186 4639 2470 4708 Expositio
2501 4638 2625 4694 ﬁdei
2659 4638 2945 4692 catholica:
2970 4678 2984 4699 ,
3021 4636 3173 4705 cujus
3210 4636 3477 4688 initium:
3508 4634 3731 4689 Credere

470 4719 731 4788 jubelnur
769 4724 823 4778 in
865 4724 957 4779 Dei
1002 4725 1182 4783 Patris
1221 4732 1699 4801 omnipotentiam.
1741 4734 1850 4800 Qui
1889 4734 2024 4789 liber
2062 4751 2227 4789 nonus
2269 4736 2439 4804 fertur
2477 4735 2533 4788 in
2571 4735 2799 4788 editione
2832 4732 3014 4786 Paris.
3056 4730 3380 4785 Undecimus
3407 4767 3424 4794 ,
3467 4727 3731 4782 Professio

474 4808 711 4873 Ariana.
755 4821 808 4867 et
846 4814 1126 4873 confessio
1164 4818 1435 4873 catholica
1476 4823 1654 4876 sancti
1694 4822 1980 4879 Athanasii
2012 4865 2027 4887 ,
2069 4824 2220 4893 cujus
2261 4825 2515 4878 initium:
2549 4824 2734 4877 Ariani
2772 4822 2963 4876 dicunt
2994 4821 3190 4876 Filium
3225 4821 3318 4876 Dei
3358 4836 3473 4875 non
3508 4819 3577 4874 de
3613 4819 3732 4874 sub-

473 4907 675 4961 stantia
715 4907 891 4963 Patris
929 4912 1193 4980 genitum.
1236 4912 1435 4984 Estque
1495 4915 1628 4970 liber
1664 4930 1884 4973 octavus
1921 4920 1973 4970 in
2009 4917 2136 4971 edit.
2185 4918 2361 4971 Paris.
2409 4916 2784 4981 Duodecimus,
2841 4914 2916 4970 De
2962 4915 3255 4978 Trinitate,
3298 4922 3353 4969 et
3404 4913 3474 4968 de
3531 4911 3729 4982 Spiritu

473 5009 700 5061 sancto.
743 5003 896 5070 cujus
933 5005 1247 5073 principium
1287 5015 1410 5060 est:
1444 5006 1541 5063 llis
1572 4992 1662 5079 qui
1696 5008 1892 5064 Filium
1935 5008 2025 5062 Dei
2061 5018 2304 5063 creatum
2347 5025 2470 5064 esse
2510 5009 2857 5079 proﬁtentur.
2897 5022 3265 5077 nequaquam,
3310 5021 3443 5073 etc.,
3482 5009 3573 5078 qui
3611 5004 3731 5059 liber

472 5093 530 5148 in
566 5095 694 5151 edit.
740 5095 920 5152 Paris.
963 5110 1337 5169 consequenter
1372 5104 1589 5172 ponitur
1625 5115 1742 5173 post
1782 5105 1906 5173 fidei
1946 5104 2325 5173 confessionem
2381 5105 2474 5157 sub
2531 5120 2635 5157 uno
2673 5114 2890 5173 uterque
2942 5101 3121 5157 titulo.
3167 5101 3251 5155 Ea:
3291 5105 3434 5156 hisce
3472 5119 3630 5173 porro
3668 5100 3728 5152 li-

471 5189 689 5258 quidum
725 5200 803 5245 est
839 5209 997 5262 quam
1038 5193 1217 5246 multis
1259 5196 1604 5251 varietatibus
1628 5199 2112 5270 mutationibusque
2133 5201 2388 5255 obnoxius
2413 5198 2570 5265 fuerit
2592 5196 2835 5250 horumce
2857 5193 3115 5247 librorum
3138 5193 3268 5249 ordo
3290 5206 3448 5266 atque
3468 5213 3724 5250 numerus.

476 5275 587 5332 Nec
628 5282 851 5335 minores
891 5284 945 5337 in
987 5294 1293 5341 contextum
1334 5290 1551 5344 invecta:
1589 5299 1712 5344 sunt
1735 5295 2050 5348 mutationes
2082 5307 2129 5349 et
2154 5295 2449 5347 ndditiones
2471 5333 2486 5353 .
2526 5303 2581 5344 ut
2616 5292 2817 5344 monuit
2847 5290 3015 5342 nostri
3049 5290 3246 5345 codicis
3273 5295 3591 5361 exscriptor,
3621 5305 3726 5363 qua!

475 5377 648 5424 tamen
682 5374 739 5426 in
777 5374 1161 5431 Athanasianis
1199 5380 1356 5434 editis
1396 5399 1499 5435 non
1538 5396 1863 5452 comparent.
1912 5384 1979 5438 Ut
2022 5396 2195 5438 autem
2238 5385 2421 5438 lectori
2480 5384 2723 5438 studioso
2769 5382 2822 5435 in
2878 5392 3122 5447 promptu
3160 5382 3269 5446 sit,
3322 5399 3413 5437 eas
3467 5400 3500 5436 a
3548 5381 3724 5451 primi-

470 5466 624 5536 genio
663 5477 910 5523 contequ
947 5470 1278 5537 discernere,
1317 5474 1524 5527 uncinis
1564 5475 1877 5529 inclusimus
1916 5474 2171 5545 quidquid
2210 5477 2329 5530 novi
2370 5492 2435 5528 ea:
2473 5473 2852 5542 manuscriptis
2893 5470 2995 5523 huc
3035 5475 3413 5527 transmissum
3453 5475 3575 5544 fuit.
3614 5471 3725 5526 Ha-

472 5566 873 5635 ttuscriptorum
912 5587 1069 5641 porro
1105 5574 1375 5644 sequimur
1415 5575 1691 5639 ordinem,
1734 5594 1796 5629 ac
1838 5576 2092 5631 librorum
2126 5595 2405 5632 numerum
2431 5619 2445 5641 ,
2478 5578 2568 5648 qui
2609 5575 2890 5630 Ilincmari
2931 5583 3158 5638 tempore
3194 5565 3336 5619 idem
3377 5567 3541 5636 fuisse
3578 5561 3720 5634 53],

474 5659 682 5713 uidetur
725 5676 743 5714 :
781 5680 904 5717 nam
942 5675 1058 5719 octo
1098 5666 1260 5724 libros
1299 5670 1652 5726 Athanasium
1696 5683 1878 5729 contra
1919 5676 2148 5731 Arianos
2188 5676 2419 5732 edidisse
2460 5684 2683 5730 testatur
2722 5674 2852 5738 ille;
2896 5667 3115 5726 totidem
3172 5664 3416 5729 scilicet,
3476 5671 3599 5733 quot
3638 5671 3725 5714 e1-

551 5773 596 5805 ”
637 5772 825 5831 Matth.
860 5792 933 5832 ru
957 5822 969 5845 ,
1001 5779 1056 5831 6.
