3976 6388
260 304 393 359 M'ﬂ
1174 298 1241 354 IN
1279 298 1527 355 LIBROS
1565 297 1652 352 DE
1687 292 2061 352 TRINITATE
2097 293 2492 351 ADMONITIO.
3354 285 3495 341 1438

258 428 403 473 stant
426 435 480 471 tn
519 416 793 472 codicibus.
813 415 1010 469 nostris
1038 417 1430 485 manuscriptis.
1455 419 1531 469 Ac
1557 415 1674 469 licet
1694 416 1803 485 ipse
1826 414 2019 470 librum
2040 413 2324 470 Athanasii
2349 411 2608 466 decimum
2630 408 2694 462 de
2723 406 2987 462 Trinitate
3003 403 3204 470 laudet,
3226 400 3494 472 pag.497,

257 527 360 564 non
393 525 453 564 eo
479 509 534 564 id
556 512 665 581 agit
679 509 818 580 quod
849 508 980 564 liber
1001 509 1089 563 ille
1106 509 1293 564 decimi
1322 511 1714 578 inscriptionem
1748 511 1906 578 ferret
1925 512 1979 565 in
2001 509 2290 572 codicibus,
2312 508 2450 561 alias
2481 505 2617 558 enim
2636 502 2738 557 sibi
2766 502 2867 570 ipsi
2898 507 3209 569 repugnaret
3232 496 3492 551 Ilincma-

257 619 372 665 rus,
402 603 494 673 qui
524 611 640 656 οιεο
663 609 868 655 tantum
896 599 1024 654 alibi
1051 601 1345 664 recensuit;
1375 600 1464 655 sed
1495 601 1743 669 fortassis
1777 609 2066 655 tractatum
2096 599 2250 653 illunt
2281 598 2344 651 de
2388 596 2646 650 Trinitate
2675 603 2821 678 uocat
2860 591 3138 651 decimum,
3193 589 3319 658 quia
3375 590 3497 655 post

257 706 375 749 octo
395 695 602 750 libellos
639 696 970 764 supradictos
995 694 1101 750 duo
1127 704 1416 766 sequuntur
1445 696 1701 764 opuscula
1744 694 2027 749 Athanasii
2059 693 2286 756 nomine,
2333 705 2554 760 quorum
2573 696 2889 756 postremum
2905 684 2967 737 de
3003 682 3261 736 Trinitate
3286 692 3493 733 nuncu~

254 799 460 858 patum,
484 788 742 864 decimum
770 797 936 858 potest
959 788 1065 843 dici
1093 791 1139 844 si
1177 807 1297 843 cum
1328 788 1733 858 praecedentibus
1763 799 2084 843 numeretur.
2120 787 2229 841 Illa
2256 796 2431 840 autent
2455 793 2721 853 postrema
2761 780 2867 835 duo
2922 777 3197 848 opuscula,
3247 782 3305 827 ut
3340 786 3492 864 nemo

258 897 362 934 non
393 882 553 945 uidet,
585 885 724 937 alius
756 891 877 937 sunt
906 885 1198 952 argumenti
1222 900 1242 949 ;
1273 893 1428 946 atque
1445 882 1574 938 adeo
1596 883 1862 952 prioribus
1892 882 2044 937 libris
2079 883 2289 936 minime
2308 876 2736 939 annumeranda;
2759 885 2814 927 ut
2848 890 2939 927 nec
2970 871 3073 925 duo
3099 869 3194 922 alii
3239 864 3361 920 libri
3397 863 3489 932 qui

257 989 359 1026 non
390 984 691 1035 comparent
723 974 778 1025 in
809 973 1183 1041 manuscriptis
1212 975 1430 1039 nostris,
1464 973 1667 1027 scilicet
1715 974 1806 1044 qui
1855 982 2070 1026 octavus
2114 973 2283 1040 fertur
2323 971 2379 1023 in
2432 968 2657 1022 editione
2692 965 2988 1020 Parisiensi
3008 1005 3022 1027 ,
3049 959 3330 1029 incipitque
3355 955 3433 1008 ita
3465 970 3486 1008 :

256 1064 443 1119 Ariani
470 1066 660 1119 dicunt
691 1063 887 1117 Filium
914 1061 1036 1129 Dei;
1072 1065 1198 1118 item
1230 1064 1319 1134 qui
1345 1081 1513 1118 nonus
1539 1064 1731 1118 ibidem
1752 1063 1996 1128 habetur,
2026 1063 2178 1133 cujus
2211 1063 2422 1116 initium
2448 1079 2465 1114 :
2494 1059 2730 1116 Credere
2762 1057 3022 1127 jubentur
3072 1052 3126 1106 in
3181 1050 3275 1104 Dei
3306 1046 3486 1101 Patris

255 1156 730 1227 omnipotentiam.
762 1156 939 1222 Quare
963 1155 1116 1210 hosce
1149 1155 1310 1210 libros
1333 1154 1403 1208 ad
1433 1156 1631 1210 calcem
1659 1166 1773 1211 octo
1801 1160 2040 1225 priorum
2078 1154 2388 1224 rejiciendos
2430 1153 2748 1207 censuimus.
2788 1150 2865 1203 De
2899 1149 3149 1215 scriptore
3178 1157 3336 1214 porro
3391 1139 3487 1192 ho-

254 1261 434 1303 rumce
469 1261 684 1315 operum
712 1246 871 1300 uarice
896 1256 1017 1299 sunt
1049 1244 1313 1314 opiniones
1334 1260 1353 1298 :
1391 1252 1441 1297 et
1468 1244 1696 1310 primum
1716 1246 1855 1298 inter
1880 1260 2058 1299 omnes
2091 1243 2328 1297 convenit
2358 1259 2462 1295 non
2486 1258 2598 1295 esse
2641 1239 2942 1299 Athanasii,
2973 1236 3110 1307 quod
3141 1235 3316 1303 utique
3358 1244 3485 1300 pro-

254 1337 435 1405 palant
462 1344 627 1391 estea:
650 1336 830 1390 multis
862 1333 1109 1406 loquendi
1133 1334 1407 1405 generibus
1443 1335 1739 1390 Athanasio
1764 1336 1976 1389 minime
2005 1333 2388 1404 familiaribus,
2420 1341 2529 1385 tum
2556 1332 2715 1388 etiam
2740 1331 2875 1400 quod
2908 1330 3113 1383 nativus
3136 1326 3380 1378 horumce
3419 1321 3487 1376 li-

254 1428 510 1483 bellorum
570 1430 761 1499 stylus,
790 1428 1011 1482 Latinus
1034 1445 1136 1482 non
1159 1427 1371 1482 Gracus
1399 1428 1656 1492 videatur,
1686 1445 1777 1483 nec
1804 1445 2113 1500 aquoquant
2144 1438 2370 1482 ueterum
2398 1434 2715 1481 mentoretur
2756 1423 2995 1476 ercunt
3026 1416 3285 1488 ejusmodi
3318 1414 3486 1470 Atha-

253 1519 393 1573 nasii
421 1535 572 1589 opus,
599 1520 745 1588 cujus
773 1521 894 1573 item
924 1521 1129 1576 nullum
1158 1521 1430 1592 vestigium
1460 1533 1636 1577 exstat
1658 1524 1710 1577 in
1734 1521 1930 1577 Gratcis
1967 1523 2246 1576 Athanasii
2272 1537 2483 1589 operum
2531 1518 2823 1574 codicibus.
2858 1515 2924 1570 Id
2983 1516 3145 1584 igitur
3204 1529 3298 1582 pro
3343 1528 3488 1566 com-

252 1625 400 1683 perto
431 1613 676 1678 habetur,
708 1614 991 1671 Athanasii
1020 1635 1123 1673 non
1154 1636 1266 1674 esse
1287 1621 1379 1673 hos
1408 1617 1638 1673 libellos.
1679 1618 1879 1689 Vigilio
1904 1617 2164 1687 Tapsensi
2192 1615 2462 1671 ascribunt
2488 1617 2584 1670 viri
2610 1612 2919 1673 clarissimi,
2955 1607 3288 1670 Sirmondus,
3347 1605 3489 1658 Lab~

250 1711 413 1785 beus,
445 1719 497 1763 et
530 1709 836 1780 Chi/ﬂetius,
862 1714 951 1783 qui
979 1726 1269 1783 postremus
1295 1716 1574 1771 duodecim
1602 1715 1763 1770 libros
1784 1715 1847 1769 de
1884 1715 2144 1769 Trinitate
2184 1714 2367 1784 Vigilii
2404 1713 2612 1767 nomine
2649 1710 2812 1765 edidit
2842 1724 2980 1762 anno
3023 1704 3180 1767 1664,
3209 1720 3270 1757 ac
3318 1701 3483 1756 eidem

246 1799 329 1854 his
365 1801 600 1855 vindicat
630 1801 694 1856 de
721 1804 917 1856 causis.
967 1805 1020 1857 1ο
1047 1805 1198 1871 Quod
1232 1822 1359 1874 opus
1413 1804 1551 1860 illud
1595 1806 1650 1859 in
1686 1804 1953 1859 codicibus
2001 1804 2377 1871 manuscriptis
2418 1801 2680 1871 jungatur
2740 1815 2858 1852 cum
2898 1795 3268 1849 Altercatione
3295 1798 3486 1846 contra

244 1893 455 1960 Arium,
483 1892 774 1948 Sabellium
810 1895 892 1949 vel
921 1894 1213 1951 Photinum
1245 1898 1546 1960 haareticos,
1578 1896 1716 1966 quod
1741 1911 1868 1964 opus
1899 1905 2105 1949 constat
2131 1910 2243 1949 esse
2280 1893 2482 1962 Vigilii.
2514 1892 2571 1946 2°
2603 1888 2756 1957 Quod
2786 1890 2837 1942 in
2870 1887 3182 1957 prwfationc
3215 1882 3337 1937 libri
3363 1897 3488 1935 con-

247 1998 332 2042 tra
352 1988 713 2052 Marivadum,
746 1989 956 2045 ldatius
989 1990 1203 2056 Clarus,
1236 2009 1347 2057 seu,
1372 2000 1430 2049 ut
1455 1992 1703 2055 opinatur
1730 1990 2041 2062 Chiﬂletius,
2065 1993 2174 2060 ipse
2211 1990 2433 2060 Vigilius
2465 1990 2722 2051 laruatus,
2750 2002 2862 2039 sese
2887 1983 3076 2054 prodat
3107 1982 3323 2051 hujusce
3363 1995 3486 2045 ope-

244 2081 318 2134 ris
348 2081 796 2145 auctorem,hisce
817 2083 987 2137 verbis
1022 2099 1040 2137 :
1072 2083 1304 2150 Dudum,
1335 2083 1678 2139 dilectissimi
1719 2082 1943 2146 fratres,
1981 2083 2036 2137 in
2066 2081 2289 2152 Neapoli
2322 2081 2455 2135 urbe
2480 2078 2788 2149 Campania:
2810 2076 3168 2136 constitutus,
3194 2072 3485 2140 cujusdam

243 2169 524 2226 Yarimadi
549 2173 763 2228 Arianae
791 2181 952 2228 sectae
983 2175 1199 2231 diaconi
1234 2177 1724 2248 propositionibus,
1762 2191 1793 2229 a
1835 2176 2069 2246 quodam
2109 2175 2357 2230 studioso
2381 2189 2445 2229 ac
2478 2171 2895 2243 religiosissima
2928 2172 3047 2224 viro
3077 2166 3210 2222 mihi
3261 2164 3483 2223 oblatis.

245 2263 453 2318 rustico
476 2262 693 2332 quidem
725 2279 979 2320 sermone
1001 2268 1358 2338 respondens,
1384 2270 1438 2322 in
1464 2283 1574 2323 uno
1598 2282 1828 2337 corpore
1852 2268 2017 2323 simul
2065 2266 2281 2322 libellos
2309 2266 2376 2320 de
2406 2266 2615 2320 unitate
2669 2262 2958 2316 Trinitatis
2989 2261 3212 2331 digessi.
3253 2260 3323 2311 At
3373 2256 3487 2325 pri-

240 2370 382 2407 mum
404 2353 542 2425 quod
576 2354 799 2422 affertur
846 2355 953 2410 leve
1001 2355 1284 2410 admodum
1316 2365 1433 2420 est;
1470 2357 1586 2409 licet
1626 2359 1764 2409 enim
1799 2356 1853 2409 in
1884 2354 2152 2409 codicibus
2191 2354 2489 2425 jungantur
2512 2354 2566 2407 hi
2597 2354 2721 2407 libri
2749 2368 2865 2404 cum
2900 2349 3263 2404 Allercalione
3291 2354 3484 2402 contra

239 2445 454 2508 Arium,
500 2443 792 2500 Sabellium
819 2452 874 2500 et
904 2444 1215 2511 Photinum,
1263 2462 1590 2517 nequaquam
1615 2446 1736 2500 hinc
1765 2447 2044 2516 conficitur
2069 2455 2347 2516 utrumque
2376 2462 2505 2515 opus
2530 2444 2763 2515 ejusdem
2784 2462 2898 2500 esse
2938 2446 3247 2515 scriptoris;
3276 2441 3485 2497 librarii

242 2537 381 2592 enim
404 2537 678 2602 complura
702 2539 757 2592 in
781 2537 959 2594 eodem
989 2539 1165 2594 codice
1192 2539 1352 2595 etiam
1379 2538 1659 2609 disparata
1694 2556 1852 2610 opera
1882 2539 2207 2610 compingere
2235 2539 2428 2604 solent,
2453 2540 2717 2611 multoque
2738 2541 2981 2596 libentius
3004 2558 3065 2594 ea
3090 2539 3336 2608 copulant
3364 2553 3482 2610 qua:

245 2625 479 2694 ejusdem
503 2628 775 2692 scriptOris
810 2644 995 2682 nomen
1025 2628 1332 2698 praeferunt,
1368 2627 1506 2699 quod
1523 2628 1607 2682 hic
1632 2646 1760 2683 sane
1786 2630 2025 2696 contigit.

313 2718 694 2773 Testimonium
719 2719 885 2774 ldatii
907 2718 1046 2793 quod
1074 2728 1298 2788 spectat,
1337 2736 1463 2774 sane
1479 2729 1721 2789 apertum
1746 2719 1884 2774 illud
1908 2719 2368 2792 indubitatumque
2394 2720 2618 2785 videtur,
2650 2733 2699 2776 et
2732 2722 2962 2791 fortasse
3010 2724 3088 2779 uel
3141 2724 3313 2777 solum
3341 2732 3480 2777 esset

235 2811 305 2863 ad
330 2809 574 2882 Chiﬂletii
608 2813 920 2872 sententiam
947 2809 1267 2881 firmandam
1309 2813 1462 2874 satis,
1487 2812 1535 2865 si
1564 2811 1777 2881 perinde
1799 2813 2142 2882 exploratum
2172 2824 2327 2877 esset,
2350 2813 2587 2868 eumdem
2620 2831 2730 2868 esse
2761 2813 2998 2868 Idalium
3019 2816 3169 2868 tllunt
3191 2816 3340 2879 cuius
3369 2831 3480 2868 no-

236 2921 354 2959 men
378 2904 433 2958 in
460 2904 781 2974 quibusdam
809 2905 1190 2974 manuscriptis
1214 2906 1580 2972 praemittitur,
1607 2918 1760 2976 atque
1799 2905 2089 2976 Vigilium;
2125 2923 2213 2960 seu
2234 2908 2408 2974 potius
2449 2906 2701 2977 Vigilium
2732 2906 2904 2961 ldatii
2948 2924 3131 2961 nomen
3173 2907 3472 2975 affectasse.

235 2998 305 3053 At
332 3016 416 3055 res
444 3000 657 3055 minime
700 3008 849 3055 vacat
881 3000 1214 3071 difﬁcultate.
1236 3001 1366 3067 Qua:
1390 3018 1484 3071 pro
1511 3001 1702 3072 Vigilio
1735 3003 2032 3071 afferuntur
2052 3003 2162 3056 haec
2185 3013 2340 3057 sunt:
2376 3002 2440 3056 In
2464 3004 2799 3074 subsequenti
2826 3003 3191 3057 Altercatione
3212 3001 3477 3056 adversus

232 3092 446 3157 Arium,
472 3090 767 3146 Sabellium
790 3099 844 3148 et
865 3091 1182 3158 Photinum,
1224 3094 1444 3166 Vigilius
1474 3095 1620 3150 illius
1642 3098 1831 3166 operis,
1865 3107 1922 3151 ut
1951 3107 2191 3167 putatur,
2230 3108 2435 3163 auctor,
2465 3098 2573 3152 hac
2603 3098 2784 3153 scribit
2818 3102 2855 3153 l.
2890 3114 2948 3163 Il,
2968 3117 3021 3152 η.
3042 3098 3111 3153 45
3136 3115 3148 3149 :
3176 3097 3476 3151 Audiamus

234 3192 418 3237 autem
441 3192 497 3238 et
528 3182 922 3238 beatissimum
945 3183 1195 3251 Paulum,
1239 3186 1306 3240 de
1336 3186 1439 3240 hoc
1463 3193 1652 3241 eodem
1685 3189 1944 3257 mysterio
1975 3200 2216 3257 apertius
2241 3188 2618 3257 disserentem,
2649 3199 2703 3246 et
2735 3201 2846 3245 tres
2877 3206 3042 3244 unum
3072 3189 3237 3244 Deum
3270 3188 3474 3243 contir-

232 3285 506 3344 mantem;
537 3277 680 3332 sicut
712 3279 767 3332 in
791 3277 934 3334 libro
961 3292 1124 3347 quem
1153 3275 1419 3330 adversus
1452 3275 1815 3342 Maribadum,
1846 3277 2097 3332 nefanda:
2152 3277 2422 3335 haereseos
2451 3290 2645 3335 vestra:
2675 3281 2965 3336 diaconum
3011 3281 3280 3335 edidimus
3302 3319 3316 3338 .
3361 3279 3476 3349 ple-

232 3368 467 3424 nissime
499 3378 714 3425 constat
741 3384 1098 3439 espressum;
1130 3367 1197 3422 de
1244 3381 1354 3436 quo
1381 3382 1527 3420 nunc
1575 3367 1629 3420 in
1680 3367 1785 3420 hoc
1824 3367 1947 3422 loco
1975 3384 2247 3438 perpauca
2281 3369 2676 3425 interserimns.
2712 3370 2877 3425 Dum,
2901 3386 3032 3440 ergo
3066 3370 3154 3423 ille
3183 3369 3471 3437 objiceret,

232 3459 381 3529 quod
425 3461 557 3515 unio
589 3461 845 3516 excludat
868 3456 1196 3529 atqualitatis
1226 3455 1575 3520 Trinitatem,
1603 3463 1656 3509 et
1688 3455 1974 3525 aequalitas
2005 3457 2233 3527 repellat
2258 3458 2539 3521 unionem,
2575 3460 2720 3512 inter
2750 3460 2854 3512 alia
2893 3459 3061 3511 multa
3107 3458 3213 3511 hoc
3248 3472 3349 3526 ego
3383 3472 3473 3510 re-

232 3553 354 3607 tuli.
401 3554 566 3621 Audi,
615 3556 860 3625 inquam,
907 3554 1228 3624 Apostolum
1265 3550 1406 3605 hanc
1455 3551 1737 3607 Trinitatis
1793 3551 2049 3606 unionem
2082 3553 2346 3607 calcatius
2375 3553 2781 3623 praedicantem,
2810 3562 2917 3607 etc.
2980 3553 3169 3607 Totum
3193 3552 3264 3604 ibi
3302 3553 3473 3606 locum

232 3645 393 3714 affert
441 3647 531 3716 qui
558 3663 611 3700 η.
663 3647 733 3702 45
762 3649 1241 3716 comprehenditur,
1276 3648 1367 3700 ubi
1394 3657 1619 3717 quatuor
1647 3649 1941 3717 afferuntur
1960 3664 2024 3702 ex
2049 3647 2205 3702 Pauli
2231 3648 2484 3717 Epistolis
2508 3650 2797 3704 sententiw.
2838 3648 3003 3702 Putat
3052 3650 3213 3719 igitur
3265 3647 3475 3719 Chiﬂle-

232 3736 360 3804 tius,
386 3736 730 3792 Maribadum
760 3739 843 3793 hic
871 3752 1240 3802 memoratum,
1267 3738 1418 3793 illunt
1450 3739 1623 3808 ipsum
1650 3755 1760 3793 esse
1783 3740 1872 3807 qui
1909 3738 2228 3794 Varimadus
2259 3748 2502 3805 vocatur;
2533 3742 2618 3793 cui
2657 3740 2797 3793 haud
2821 3739 3082 3793 illibencer
3123 3740 3468 3800 assentimur,

229 3830 483 3901 proclivis
516 3833 656 3886 enim
690 3833 976 3887 admodum
1010 3836 1134 3890 levis
1164 3834 1260 3888 illa
1289 3834 1591 3887 litterarum
1618 3833 2003 3898 commutatio;
2026 3850 2143 3887 cum
2175 3836 2407 3888 maxime
2435 3844 2633 3888 certum
2679 3834 2748 3886 sit
2791 3832 2929 3885 alios
2971 3848 3087 3884 cum
3132 3828 3470 3883 Maribadunt

228 3925 407 3992 illum,
441 3938 552 3981 tum
602 3928 947 3983 Varimadum
977 3928 1224 3983 celebrem
1252 3926 1528 3996 quemdant
1561 3927 1722 3997 fuisse
1755 3928 2012 3981 Arianum
2030 3931 2336 3993 diaconum,
2359 3930 2447 3999 qui
2479 3936 2662 3981 contra
2693 3943 2864 3981 verant
2897 3924 2960 3979 de
3005 3924 3266 3979 Trinitate
3311 3923 3469 3994 fidem

226 4021 462 4087 scripsit.
493 4020 574 4074 Ea
607 4023 774 4091 igitur
792 4022 845 4075 in
873 4038 928 4075 re
951 4019 1204 4093 Chiﬁletio
1236 4020 1448 4073 minime
1474 4035 1850 4089 repugnamus.
1880 4019 1948 4071 At
1982 4035 2085 4073 non
2112 4036 2256 4090 teque
2286 4030 2604 4088 compertum
2628 4028 2726 4081 est.
2750 4019 2944 4074 librum
2990 4028 3184 4074 contra
3237 4018 3471 4073 Mariba-

227 4111 361 4166 dum
390 4115 656 4182 superiore
677 4114 790 4168 loco
817 4112 1112 4181 laudatum,
1137 4130 1254 4166 eum
1289 4113 1461 4182 ipsum
1500 4129 1611 4166 esse
1662 4119 1945 4165 tractatum
1978 4113 2068 4181 qui
2100 4112 2411 4165 inscribitur
2447 4111 2614 4166 ldatii
2657 4112 2809 4169 Clari
2844 4119 3034 4165 contra
3093 4109 3467 4173 Varimadum,

230 4203 377 4257 locus
407 4205 590 4274 quippe
618 4205 707 4258 ille
732 4213 814 4258 sat
844 4204 1081 4274 prolixus
1108 4205 1197 4266 qui
1230 4205 1283 4257 in
1318 4203 1661 4257 altercatione
1690 4212 1877 4257 contra
1906 4203 2090 4256 Arium
2111 4219 2176 4257 ea:
2213 4203 2346 4257 libro
2385 4213 2574 4260 contra
2609 4205 2948 4265 Meribadum
3000 4211 3244 4280 affertur,
3269 4222 3466 4277 nequa-

226 4314 389 4368 quam
417 4310 591 4354 exstat
614 4302 669 4354 in
693 4300 858 4355 tribus
888 4298 1058 4353 ldatii
1081 4304 1271 4353 contra
1305 4295 1655 4351 Varimadum
1687 4297 1855 4350 libris.
1891 4294 2002 4350 Nec
2036 4298 2330 4352 audiendus
2362 4299 2614 4356 laudatus
2653 4304 2731 4358 rir
2765 4305 3074 4378 Chiﬂietius,
3113 4306 3202 4375 qui
3226 4315 3280 4358 ut
3300 4313 3469 4357 totum

226 4391 364 4445 illud
385 4393 735 4464 fragmentum
766 4395 1005 4463 superius
1037 4393 1289 4454 allatum,
1316 4410 1372 4446 tn
1402 4392 1555 4447 libris
1594 4392 1773 4464 Vigitii
1808 4395 2057 4463 reperiat,
2091 4397 2382 4451 sententias
2409 4408 2457 4450 et
2488 4398 2717 4455 Paulina
2750 4403 2864 4457 loca
2890 4404 3009 4456 hinc
3046 4401 3167 4457 inde
3198 4401 3466 4457 corradit:

225 4489 334 4544 imo
354 4507 419 4544 ea:
456 4491 766 4546 duodecimo
800 4491 872 4546 De
899 4491 1164 4547 Trinitate
1189 4491 1322 4545 libro
1347 4501 1513 4544 totum
1546 4491 1754 4543 initium
1786 4490 2013 4561 collegit,
2041 4494 2130 4562 qui
2157 4502 2330 4547 tanten
2381 4493 2521 4548 tiber'
2568 4500 2816 4568 nuspiam
2840 4500 3125 4565 inscriptus
3152 4506 3229 4550 est
3275 4502 3467 4550 contra

226 4579 581 4637 Varimadum
607 4584 684 4639 vel
709 4583 1068 4647 Marivadum,
1097 4594 1153 4637 ut
1194 4601 1285 4638 nec
1304 4585 1484 4637 cwteri
1518 4583 1582 4637 de
1615 4582 1878 4638 Trinitate
1903 4583 2049 4637 libri.
2103 4583 2236 4639 Cum
2268 4587 2431 4655 igitur
2462 4587 2607 4641 locus
2652 4590 2741 4643 ille
2790 4592 2843 4643 in
2895 4589 3043 4643 libris
3092 4587 3259 4641 Idatii
3318 4583 3466 4639 Clari

226 4672 492 4731 adversus
524 4674 875 4730 Varimadum
913 4678 1127 4731 mintnte
1157 4684 1481 4745 compareat,
1517 4690 1835 4744 consequens
1862 4675 2017 4743 plane
2054 4675 2212 4744 fuerit
2271 4676 2464 4729 librum
2503 4677 2682 4748 Vigilii
2725 4682 2987 4734 adversus
3019 4678 3375 4737 Illaribadum,
3402 4691 3467 4728 ea:
3501 4701 3504 4704 ~

224 4781 328 4833 quo
367 4765 477 4832 ipse
500 4766 818 4833 superiorem
845 4766 1100 4835 excerpsit
1132 4764 1325 4827 locum,
1370 4763 1633 4816 diversum
1680 4778 1792 4815 esse
1821 4779 1854 4815 a
1887 4761 2056 4816 tribus
2084 4763 2193 4817 illis
2227 4763 2399 4817 Idatii
2450 4764 2600 4820 Clari
2651 4767 2825 4821 libris.
2872 4767 2962 4821 Vir
2993 4767 3323 4820 clarissimus
3354 4765 3466 4816 An-

224 4856 474 4911 thelmius
491 4858 696 4911 erudite
721 4857 902 4912 istha’c
925 4875 987 4911 ac
1012 4858 1127 4927 fuse
1147 4857 1475 4927 persequitur
1507 4856 1561 4908 in
1580 4870 1678 4908 sua
1702 4853 1765 4906 de
1796 4852 2048 4924 Symbola
2084 4854 2449 4909 Athanasiano
2474 4856 2858 4926 disquisitione.
2885 4859 2970 4910 cui
3000 4861 3242 4910 lectorem
3291 4855 3467 4908 remit-

224 4950 423 5002 timus:
464 4946 616 5002 nobis
650 4949 908 5002 enimnon
932 4949 1053 5002 licet
1079 4965 1191 5003 esse
1227 4957 1333 5001 tant
1367 4946 1615 5016 prolixis.
1646 4945 1776 5000 Ha'c
1807 4958 2004 5006 tanten,
2028 4946 2082 4998 ni
2104 4946 2289 5013 fallor,
2323 4950 2457 5002 satis
2484 4959 2658 5010 erunt,
2701 4959 2758 5001 ut
2795 4950 2995 5019 liquido
3045 4957 3241 5003 constet
3280 4950 3467 5001 imme-

222 5042 326 5094 rito
364 5040 561 5094 ascribi
590 5039 752 5094 libros
780 5039 948 5095 ldatii
977 5041 1129 5096 Clari
1166 5041 1357 5110 Vigilio
1391 5039 1645 5109 Tapsensi
1675 5039 1828 5108 Afro.
1875 5038 2008 5093 Cum
2038 5040 2202 5108 igitur
2241 5038 2423 5094 [datio
2462 5040 2811 5104 adiudicandi
2868 5040 3143 5094 videantur
3171 5041 3295 5094 libri
3357 5050 3463 5093 tres

222 5141 414 5189 contra
446 5131 823 5194 Varimadum,
854 5133 973 5186 hinc
998 5134 1332 5203 consequitur
1357 5132 1559 5187 libellos
1582 5132 1647 5187 de
1668 5134 1923 5187 Trinitate
1970 5149 2099 5203 quos
2131 5149 2162 5185 a
2193 5148 2247 5186 se
2276 5132 2505 5201 digestos
2537 5141 2795 5187 memorat
2828 5132 3038 5188 ldatius
3057 5134 3109 5187 in
3131 5133 3314 5187 iisdem
3335 5147 3466 5186 con-

223 5237 302 5280 tra
326 5224 683 5280 Varimadum
717 5224 889 5290 libris,
909 5223 1141 5293 ejusdem
1173 5222 1366 5287 ldatii,
1396 5240 1500 5277 non
1540 5223 1722 5295 Vigilii
1749 5238 1882 5277 esse.
1905 5221 2048 5288 Quia
2072 5231 2246 5275 tamen
2276 5222 2332 5275 in
2364 5220 2605 5276 omnibus
2662 5222 2925 5277 codicibus
2960 5239 3145 5276 nomen
3184 5222 3464 5291 pra’fertur

221 5320 509 5375 Athanasii
529 5328 580 5373 et
607 5318 853 5388 fortassis
883 5319 995 5387 ipso
1028 5319 1300 5386 scriptoris
1341 5317 1581 5383 consilio,
1617 5318 1764 5373 nobis
1790 5317 1972 5387 religio
1995 5316 2096 5387 fuit
2125 5316 2412 5370 Athanasii
2431 5331 2722 5386 expungere
2769 5333 2954 5372 nomen
2980 5358 2996 5383 ,
3045 5315 3182 5389 quod
3234 5317 3462 5384 scriptor

222 5418 332 5486 ipse
363 5412 701 5483 pramissum
731 5411 914 5466 voluit.
936 5476 939 5479 γ

288 5508 419 5577 Quis
442 5523 603 5578 porro
637 5507 706 5561 sit
731 5504 941 5560 ldatius
965 5507 1063 5561 iste
1092 5508 1305 5561 minime
1329 5516 1555 5561 constat.
1596 5507 1713 5561 Duo
1742 5506 1950 5577 quidem
2000 5514 2359 5561 memorantur
2397 5502 2563 5558 Idatii
2601 5504 2881 5573 scriptores
2904 5543 2920 5564 ,
2979 5501 3131 5556 ambo
3187 5499 3457 5572 Hispani;

218 5600 352 5655 alter
383 5599 690 5670 cognomine
721 5597 935 5664 Clarus,
955 5600 1044 5669 qui
1065 5599 1312 5654 adversus
1337 5600 1736 5656 Priscillianum
1766 5602 2004 5671 scripsit,
2040 5618 2101 5655 ac
2134 5600 2426 5655 Theodosio
2453 5599 2659 5652 seniore
2686 5607 2736 5652 et
2775 5597 3145 5653 Valentiniano
3198 5598 3465 5665 imperan-

216 5694 355 5750 tibus
388 5692 529 5747 dient
554 5690 751 5747 clausit
781 5700 1087 5760 extremum,
1118 5702 1243 5749 teste
1268 5692 1476 5749 Isidoro
1504 5695 1692 5763 capit.
1728 5695 1875 5750 Alter
1905 5705 1980 5749 est
2006 5694 2217 5750 ldatius
2247 5694 2529 5765 provincicc
2558 5692 2826 5747 Galla'ciw
2852 5694 3143 5762 episcopus,
3167 5688 3465 5747 Chronico-
