3976 6388
512 292 649 348 uso
1663 294 1719 349 s.
1760 293 2216 352 mumsws.
2260 328 2329 337 -
2369 275 2655 353 sruma.’
3612 296 3739 350 tuo

512 422 632 460 rum
664 408 907 477 scriptor,
939 407 1257 463 Lenticensis
1281 427 1313 462 ιι
1353 408 1620 479 Sigeberto
1639 422 1874 475 vocatus,
1901 411 1991 480 qui
2023 409 2192 466 Leone
2220 412 2507 479 imperante
2539 412 2675 467 diem
2712 410 2861 465 obiit.
2898 408 3074 475 Prior,
3127 412 3382 465 adversus
3413 409 3743 464 Haricadum

510 500 666 554 illum
688 499 967 554 diaconum
997 500 1277 566 Ariannm,
1301 503 1414 571 qui,
1447 512 1503 554 ut
1540 502 1616 555 ait
1652 501 1832 555 Victor
1874 502 2120 567 l'itensis,
2155 503 2421 559 llunerico
2456 507 2563 574 regi
2602 504 2891 572 {antiliaris
2925 504 3046 571 fuit,
3079 505 3357 572 scripsisse
3393 504 3605 572 nequit;
3659 520 3744 558 nec

514 597 674 650 trium
707 596 967 650 adversus
988 593 1340 649 Variuiadum
1372 596 1627 649 librorum
1657 606 1845 649 auctor
1867 597 2001 659 erit;
2051 598 2100 651 si
2149 608 2320 651 tamen
2380 597 2515 650 idem
2564 599 2672 665 ipse
2703 600 2773 652 sit
2825 597 3157 657 Maribadus.
3190 598 3283 667 qui
3319 595 3660 660 Varimadus,
3693 607 3746 652 ut

514 705 634 744 vero
658 688 788 741 satis
828 686 999 741 simile
1037 697 1136 741 cst.
1174 687 1342 741 Alteri
1370 703 1516 759 ergo,
1549 688 1868 759 chronologo
1906 688 2129 754 scilicet,
2160 690 2490 757 probabilius
2522 691 2862 744 ascribuntur
2888 705 2907 743 :
2933 691 3016 744 cui
3056 688 3208 745 Clari
3245 689 3480 758 fortasse
3512 704 3693 742 nomen
3716 706 3745 743 ι

513 781 756 850 quopiam
781 779 1002 832 librario
1025 780 1186 850 fuerit
1217 779 1503 850 adjectum.

585 872 849 928 Craterum
877 875 1155 941 opinamur
1180 883 1299 927 octo
1336 883 1539 927 tantum
1559 875 1762 943 priores
1794 874 1956 928 libros
1981 874 2051 927 ad
2083 873 2320 928 Idalium
2350 875 2644 943 pertinere;
2689 892 2813 929 nam
2856 875 3126 943 sequentia
3175 873 3459 943 opuscula,
3487 888 3590 942 quo
3627 875 3748 926 scri-

510 974 659 1035 ptore
686 964 973 1033 prodierint
1004 966 1313 1034 ignoratur;
1342 966 1531 1019 etenim
1570 968 1656 1019 cui
1708 967 1812 1020 sint
1841 965 2151 1020 asCribenda
2178 967 2357 1019 nullus
2397 965 2582 1030 codex,
2614 967 2792 1019 nullus
2811 968 3039 1036 scriptor
3065 967 3156 1035 qui
3204 968 3259 1019 in
3293 981 3487 1018 manus
3513 965 3747 1020 inciderit

512 1067 748 1121 nostras,
771 1058 995 1113 indicat.
1022 1060 1127 1114 Sed
1156 1061 1287 1113 liber
1312 1061 1403 1129 qui
1420 1072 1721 1127 postremus
1752 1063 1805 1115 in
1830 1062 2206 1127 manuscriptis
2230 1072 2277 1114 et
2306 1061 2359 1115 in
2389 1062 2536 1129 prius
2559 1062 2714 1115 editis
2739 1062 2981 1129 habetur,
3000 1062 3099 1115 hoc
3138 1062 3299 1116 titulo
3322 1078 3341 1115 :
3383 1060 3461 1116 De
3495 1061 3750 1116 Trinitate

512 1155 569 1203 ct
595 1148 663 1202 de
694 1146 897 1217 Spiritu
921 1158 1135 1216 sancto,
1161 1162 1207 1206 et
1240 1151 1380 1207 hisce
1410 1153 1577 1207 verbis
1603 1154 1911 1208 inchoatur:
1930 1156 2026 1210 llis
2054 1156 2147 1223 qui
2176 1152 2371 1207 Filium
2405 1153 2497 1207 Dei
2539 1162 2786 1209 creatum
2813 1171 2936 1210 esse
2957 1155 3305 1224 proﬁtentur,
3368 1155 3523 1209 nobis
3561 1152 3752 1208 videtur

515 1240 799 1296 Athanasii
828 1259 941 1297 esse
966 1286 979 1299 .
1016 1249 1249 1316 apprime
1277 1249 1415 1302 enim
1459 1250 1691 1303 conrenit
1716 1266 1832 1304 cum
1859 1251 1982 1305 aliis
2016 1250 2328 1320 πολεμικοῖς
2365 1253 2471 1305 sire
2492 1250 2687 1320 stylum
2707 1262 2902 1319 spectes
2934 1252 3042 1307 sive
3064 1260 3421 1323 argumenta:
3442 1267 3607 1323 quare
3627 1252 3753 1305 inter

514 1348 767 1403 germana
804 1335 1087 1392 Athanasii
1113 1353 1269 1407 opera
1299 1353 1438 1393 tomo
1476 1341 1649 1410 primo
1688 1357 1845 1395 cusus
1869 1341 1994 1409 fuit,
2026 1340 2117 1395 ubi
2138 1339 2204 1393 de
2234 1340 2326 1394 illo
2357 1339 2550 1410 fusius.

1219 1670 1415 1793 DE
1499 1669 2111 1800 SANCTA
2188 1673 3049 1803 ΤΒΙΝΙΤΑΤΕ

1834 1929 2162 2018 LIBRI
2252 1931 2440 2018 XI.

1031 2141 1194 2201 (Vide
1229 2143 1560 2216 Patrologiw
1590 2144 1798 2200 Latina
1823 2149 1956 2199 tom.
1986 2139 2148 2210 LXII,
2178 2142 2286 2198 col.
2320 2142 2580 2209 257-507,
2618 2144 2672 2198 in
2709 2141 2899 2214 V’igilio
2930 2142 3244 2215 'l‘apscnsi.)

1037 2604 1104 2659 IN
1144 2604 1712 2661 DISPUTATIONEM
1754 2604 1812 2661 S.
1852 2603 2226 2659 ATHANASII
2255 2603 2534 2661 CONTRA
2576 2602 2797 2659 ARIUM
2847 2603 3248 2660 ADMONITIO.

603 2749 797 2820 Vigilio
829 2748 1082 2818 Tapsensi
1114 2750 1209 2802 hoc
1235 2765 1362 2818 opus
1399 2749 1608 2815 iamdiu
1650 2750 1930 2805 vindicavit
1977 2749 2228 2820 Georgius
2256 2747 2557 2805 Cassander
2586 2750 2641 2803 in
2673 2749 2801 2804 edit.
2842 2747 3026 2804 Colon.
3060 2766 3200 2805 anno
3231 2750 3396 2815 1555,
3426 2760 3477 2805 et
3511 2761 3626 2821 post
3653 2766 3756 2805 eam

525 2842 760 2896 eruditus
810 2842 887 2895 vir
940 2841 1247 2913 Chiﬁletius,
1290 2858 1355 2896 ex
1390 2851 1571 2910 aperto
1596 2842 1795 2896 scilicet
1841 2843 2013 2913 ipsius
2047 2841 2229 2913 Vigilii
2270 2842 2586 2904 testimonio,
2628 2844 2717 2912 qui
2767 2842 2821 2895 in
2859 2841 2992 2895 libro
3042 2858 3078 2896 v
3120 2842 3395 2897 adversus
3451 2842 3755 2915 Eutychem,

526 2950 641 3002 cap.
672 2934 706 2988 2
731 2934 841 2987 Iure
867 2934 1019 2987 habet
1045 2952 1063 2988 :
1089 2935 1152 2988 Et
1179 2953 1518 3008 quanquam,
1546 2940 1739 3007 inquit,
1768 2939 1833 2993 «le
1868 2939 2226 2993 conciliorum
2260 2937 2493 2992 diversis
2531 2937 2933 2999 sanctionibus.
2964 2946 3018 2991 et
3056 2936 3347 2990 nominum
3387 2924 3645 3008 religiose
3675 2934 3759 2988 ad-

527 3030 656 3083 ditis
690 3029 1044 3095 novitatibus,
1077 3030 1389 3099 plenissime
1434 3034 1487 3086 in
1538 3034 1619 3088 eis
1674 3033 1845 3097 libris,
1876 3048 2015 3102 quos
2042 3034 2306 3087 adversus
2346 3029 2667 3092 Sabell‘nnn,
2714 3028 3005 3082 Photinnm
3027 3070 3041 3091 ,
3081 3040 3134 3082 et
3164 3028 3383 3091 Arium,
3414 3030 3521 3084 sub
3559 3029 3758 3083 nomine

529 3120 809 3174 Athanasii
848 3130 1105 3189 tanquam
1136 3124 1183 3174 si
1208 3132 1501 3188 prmscntes
1526 3140 1649 3177 cum
1682 3125 2044 3193 pra-sentibus
2077 3133 2322 3194 agerent,
2358 3121 2451 3175 ubi
2491 3121 2654 3175 etiam
2686 3120 2985 3189 cognituris
3020 3134 3251 3188 persona
3285 3119 3511 3173 videtur
3535 3120 3759 3181 inducta,

530 3211 978 3278 causeripsimus,
1009 3218 1115 3264 etc.
1161 3211 1391 3282 Hujusce
1420 3232 1537 3270 vero
1570 3219 1739 3285 operis
1772 3217 1891 3271 dua:
1920 3227 2043 3271 sunt
2074 3234 2166 3271 nec
2203 3216 2462 3270 modicum
2504 3215 2639 3267 inter
2671 3230 2725 3266 se
2770 3213 3122 3280 discrepantes
3148 3212 3360 3280 formte.
3394 3213 3558 3267 Prior
3585 3229 3694 3281 qum
3716 3210 3762 3262 in

530 3307 676 3372 prius
728 3306 882 3360 editis
913 3307 1194 3360 Athanasii
1223 3318 1507 3375 comparet,
1544 3310 1940 3363 altercationem
1994 3309 2153 3379 refert
2198 3307 2549 3362 Athanasium
2588 3307 2724 3358 inter
2761 3314 2808 3358 et
2850 3305 3031 3357 Arium
3062 3306 3234 3359 solum
3261 3320 3281 3357 :
3309 3306 3580 3370 posterior
3606 3303 3762 3371 priore

533 3401 681 3471 longe
714 3404 921 3457 auctior
950 3420 982 3455 a
1009 3402 1262 3473 Chi/[letio
1288 3403 1429 3457 edita
1461 3405 1807 3474 disputationi
1855 3406 2118 3459 interserit
2153 3402 2443 3457 Sabellium
2483 3409 2531 3454 et
2572 3398 2886 3460 Photinum;
2922 3406 2970 3449 et
3003 3396 3055 3449 in
3090 3397 3196 3464 [me
3222 3395 3421 3463 adjicit
3461 3394 3761 3447 sententiam

532 3494 728 3559 iudicis
757 3494 942 3550 Probi.
976 3495 1171 3549 Ambas
1225 3497 1347 3551 illas
1394 3500 1621 3569 integras
1649 3499 1860 3554 rediere
1901 3501 2068 3553 risum
2112 3498 2234 3567 fuit.
2291 3495 2449 3549 Putat
2488 3495 2802 3566 Chiﬂletius.
2840 3493 3066 3562 priorem
3098 3512 3131 3548 a
3175 3492 3401 3563 Vigilio,
3436 3501 3547 3543 tum
3587 3490 3761 3543 editam

532 3588 697 3658 fuisse
720 3608 836 3644 cum
872 3593 1042 3645 adhuc
1088 3591 1447 3648 Vandalorum
1463 3596 1594 3665 jugo
1622 3606 1963 3664 premeretur,
2002 3596 2233 3666 adeoque
2263 3594 2378 3664 ejus
2412 3602 2600 3646 auctor
2640 3591 2851 3660 agnosci
2889 3587 3084 3651 nollet;
3122 3583 3470 3654 posteriorem
3500 3596 3634 3641 vero,
3663 3594 3763 3631 tum

534 3693 683 3738 extra
718 3702 900 3739 eorum
934 3695 1243 3754 potestatem
1268 3695 1401 3738 esset
1427 3701 1444 3737 :
1468 3687 1650 3754 quippe
1681 3689 1734 3737 in
1766 3703 1868 3755 qua
1893 3703 1946 3740 se
1974 3695 2023 3739 et
2073 3685 2357 3738 Athanasii
2406 3699 2681 3751 personam
2726 3681 3026 3735 ementitum
3070 3693 3201 3739 esse,
3234 3684 3286 3728 et
3337 3672 3677 3727 Maribadum
3715 3683 3766 3721 ac

538 3762 841 3836 Palladium
875 3784 1102 3836 Arianos
1131 3784 1341 3863 scriptis
1372 3782 1523 3835 libris
1554 3782 1855 3850 confutasse
1893 3782 2071 3850 palam
2107 3782 2404 3851 proﬁtetur.
2447 3779 2547 3834 Sed
2578 3781 2755 3849 palam
2787 3786 2863 3830 est
2898 3776 3007 3828 Iuro
3037 3769 3387 3841 conjectando
3421 3777 3627 3822 tantum
3657 3764 3764 3819 dici.

541 3872 651 3929 Nec
679 3895 795 3947 qua:
823 3895 985 3931 causa
1003 3880 1071 3930 sit
1095 3887 1256 3930 tantw
1279 3882 1412 3932 inter
1441 3891 1716 3949 utramque
1744 3878 1971 3948 formam
2003 3879 2298 3941 varietatis,
2328 3877 2460 3930 satis
2492 3882 2813 3943 compertum
2835 3871 3073 3925 habetur.

1087 4206 1814 4300 DISPUTATIO
1886 4210 2531 4301 ATHANASH
2609 4207 2842 4297 CUM
2940 4200 3232 4294 ARIO

1759 4418 1998 4475 CORAM
2031 4420 2260 4478 PROBO
2294 4420 2552 4476 JUDICE.

1125 4579 1283 4652 (Vide
1315 4578 1641 4652 Patrologice
1676 4578 1878 4635 Latina:
1912 4591 2041 4636 tom.
2072 4580 2234 4645 LXII,
2268 4583 2375 4637 col.
2418 4581 2541 4647 l5-3,
2572 4581 2629 4636 in
2667 4580 2865 4653 Vigilio
2894 4578 3234 4650 Tapsensi.»

1350 4828 2100 4920 ALTERCATIO
2174 4832 2269 4918 S.
2347 4830 2987 4920 ATHANASII

1244 5023 1473 5085 Contra
1503 5020 1751 5092 Arium,
1787 5018 2133 5092 Sabellum
2177 5020 2278 5082 vel
2320 5020 2661 5087 l‘hminum
2712 5018 3067 5084 hmrelicos.

1829 5181 1988 5260 (Vide
2005 5172 2181 5253 ἷΙηᾶ..
2217 5189 2321 5242 col.
2360 5177 2505 5261 179.)
