3976 6388
257 314 382 370 MM
1144 313 1415 369 PONTIF.
1460 316 1624 371 ROM.
1665 316 1753 370 ΕΤ
1789 322 1810 372 Α

1919 318 2157 373 [ΑΝᾹΒΠ
2201 321 2581 378 EPISTOLAE.

1375 471 1482 486 ἡ

1486 474 1740 486 *ι’-

1743 476 2120 488 —————.———___

1213 588 1281 641 IN
1323 589 1732 656 SEQUENTES
1772 592 2150 649 EPISTOLAS
2187 596 2528 654 MONITUM.

319 707 661 780 532-597
693 706 768 760 En
798 706 912 770 tibi,
937 705 1123 760 Lector
1169 708 1393 770 erudite,
1417 709 1654 763 sistimus
1706 712 1958 778 epistolas
1995 716 2262 768 variorum
2309 717 2617 785 pontiﬁcum
2653 716 2722 769 ad
2761 714 3136 783 Athanasium,
3176 731 3225 776 et
3261 725 3489 781 vicissim

252 806 530 859 Athanasii
554 805 623 858 ad
652 805 943 872 pontiﬁces,
982 805 1045 858 ab
1078 808 1256 860 otiosis
1289 807 1587 861 hominibus
1617 812 1958 877 conscriptas.
2004 812 2136 865 Duce
2177 816 2377 881 priores
2433 814 2609 869 Gm'ce
2640 816 2852 885 jamdiu
2884 828 3096 871 exstant
3128 820 3180 873 in
3223 824 3488 880 codicibus

250 895 651 956 Athanasianis,
693 895 857 964 iisque
874 898 1218 965 perantiquis,
1259 907 1483 965 suntque
1514 899 1741 962 imperiti
1774 899 2001 954 Cra’culi
2034 918 2160 969 opus
2195 919 2213 956 :
2244 921 2365 957 nam
2395 922 2510 972 qum
2554 907 2619 961 de
2645 908 2905 966 Trinitate
2935 915 3060 969 istic
3103 920 3486 988 praedicantur,

248 990 524 1043 ἀούστατα
554 990 854 1058 plerumque
883 1001 1026 1051 sunt.
1050 1002 1098 1045 et
1125 992 1190 1046 ab
1221 993 1433 1045 usitatis
1461 993 1757 1047 Atltanasio
1796 995 2038 1064 loquendi
2072 998 2316 1065 formulis
2345 1015 2561 1066 prorsus
2604 1005 2798 1061 aliena.
2841 1007 3003 1063 Prior
3034 1013 3259 1079 epistola
3289 1013 3490 1072 Liberii

249 1079 318 1133 ad
346 1081 715 1146 Athanasium,
743 1080 928 1133 mutila
958 1081 1159 1134 videtur
1190 1082 1363 1144 initio,
1400 1091 1458 1133 ut
1488 1082 1689 1135 indicat
1716 1085 1878 1139 codex
1921 1083 2295 1154 Seguerianus.
2341 1092 2428 1156 qui
2460 1092 2611 1145 habet
2638 1095 2706 1147 ad
2747 1101 3067 1169 marginem,
3105 1103 3257 1175 ζήτει
3290 1107 3486 1179 ἀρχήν,

248 1187 429 1242 quaere
477 1171 713 1225 initium.
765 1169 1004 1225 Secunda
1040 1188 1155 1241 qum
1195 1182 1273 1225 est
1308 1172 1590 1227 Athanasii
1621 1174 1687 1226 ad
1719 1176 2007 1242 Liberium,
2064 1182 2267 1234 nullam
2308 1183 2521 1251 praefert
2567 1186 2805 1255 epistola:
2857 1193 3105 1261 formam,
3141 1169 3232 1252 sed
3274 1169 3488 1255 estne-eu

246 1267 421 1335 inepta
447 1264 710 1336 quwdam,
740 1276 789 1318 et
821 1263 1101 1318 admodum
1138 1267 1411 1334 implicata
1445 1266 1570 1335 fidei
1591 1273 1867 1337 expositio.
1903 1272 2099 1343 Estque
2139 1286 2417 1345 utrumque
2460 1282 2789 1347 apusculum,
2819 1296 2873 1335 ut
2905 1300 2969 1338 ea:
2999 1288 3163 1342 verbis
3194 1293 3489 1361 conjectare

248 1360 387 1418 licet.
412 1359 477 1412 ab
523 1358 987 1449 eodemqscriptore
1014 1371 1314 1415 exaratum.
1377 1361 1557 1438 Nemo,
1595 1377 1790 1432 autem,
1832 1378 1888 1421 ut
1922 1371 2123 1437 opinor,
2154 1371 2230 1424 ecl
2261 1373 2525 1425 tantillum
2561 1377 2780 1443 peritus,
2812 1379 2920 1432 hazc
2973 1392 3065 1434 aut
3107 1358 3340 1449 Liberip,
3394 1399 3488 1442 αυι

244 1450 538 1502 Athanasio
563 1447 965 1517 adjudicaturus
999 1461 1094 1505 est.
1134 1451 1272 1505 Nam
1304 1463 1497 1521 pra‘ter
1518 1456 1642 1525 styli
1672 1457 2080 1527 discrepantiam
2114 1463 2267 1529 plane
2288 1465 2643 1531 conspicuam,
2672 1483 2773 1519 non
2802 1468 2927 1524 leris
2957 1482 3033 1525 est
3056 1475 3188 1527 illud
3215 1447 3485 1546 momenti,

242 1546 459 1616 quodin
485 1556 632 1599 tanta
656 1563 827 1600 rerum
858 1547 1334 1600 ecclesiasticarum
1357 1550 1774 1613 perturbatione,
1808 1563 2009 1619 quanta
2052 1554 2261 1607 ineunte
2290 1553 2499 1610 Liberio
2529 1558 2917 1627 pontiﬁcatum,
2956 1563 3009 1615 in
3041 1574 3146 1618 toto
3181 1567 3486 1625 Christiano

242 1640 366 1693 orbe
395 1640 734 1701 versabatur;
775 1655 864 1692 nec
916 1639 979 1692 de
1026 1649 1315 1705 temporum
1359 1641 1680 1704 conditione,
1714 1660 1806 1696 nec
1860 1645 1924 1699 de
1969 1651 2337 1702 controversiis
2374 1648 2677 1706 Catholicos
2716 1654 2852 1706 inter
2899 1661 2948 1706 el
2980 1654 3235 1721 Arianos,
3298 1663 3486 1729 quibus

248 1730 434 1786 Oriens
456 1732 657 1800 pariter
678 1742 724 1785 et
754 1731 1004 1785 Occidens
1045 1747 1103 1785 eo
1144 1743 1368 1800 tempore
1422 1733 1845 1803 conﬂagrabant,
1882 1738 2049 1791 ullam
2094 1740 2297 1808 faciant
2342 1745 2674 1797 mentionem.
2708 1742 2775 1797 In
2814 1746 2896 1799 his
2925 1749 3085 1801 etiam
3120 1749 3230 1804 hare
3253 1754 3487 1820 formula

246 1843 342 1879 usu
371 1828 503 1881 venit
536 1842 555 1880 :
582 1825 817 1887 Patrem,
849 1823 1051 1878 Filium
1083 1835 1131 1879 et
1164 1823 1420 1895 Spiritum
1448 1836 1712 1892 sanctum,
1768 1846 1931 1884 unum
1979 1849 2092 1886 esse
2118 1834 2438 1899 ὑποστάσει,
2467 1853 2582 1905 qua:
2618 1837 2737 1892 licet
2767 1838 3049 1893 Athanasii
3092 1854 3317 1911 tempore
3356 1863 3488 1903 non-

245 1924 366 1977 dum
396 1924 689 1991 proscripta
710 1930 864 1983 esset,
901 1938 933 1973 a
971 1931 1151 1974 sancto
1195 1930 1368 1975 tamen
1411 1921 1623 1977 doctore
1655 1941 1923 1996 nunquam
1969 1939 2280 1997 usurpatur.
2319 1928 2451 1983 Eam
2502 1932 2847 1987 nihilominus
2891 1937 2944 1988 in
2977 1937 3220 2006 confesso
3253 1958 3386 2009 esse,
3425 1961 3489 1998 ac

242 2025 380 2077 inter
401 2038 533 2075 certe
559 2020 682 2090 ﬁdei
705 2019 976 2073 clausulas
1003 2021 1174 2073 locum
1207 2021 1415 2090 habere,
1445 2034 1677 2080 statuere
1703 2027 1908 2081 videtur
1935 2031 2025 2099 qui
2050 2032 2299 2085 ententito
2327 2031 2522 2086 Liberii
2553 2044 2603 2088 et
2634 2036 2918 2091 Athanasii
2947 2041 3156 2094 nomine
3189 2039 3285 2092 has
3322 2039 3489 2096 edidit

241 2116 513 2187 epistolas.
1718 2192 1723 2193 γ

310 2211 555 2280 Reliquas
578 2218 751 2263 autem
787 2209 1189 2280 epistolas,quce
1206 2207 1391 2265 Latine
1410 2221 1588 2279 postea
1606 2213 2018 2284 subsequuntur,
2037 2216 2287 2273 haesimus
2323 2220 2610 2289 aliquando
2653 2220 2822 2284 dubii,
2861 2239 2929 2275 an
2966 2222 3255 2289 cderemus,
3288 2238 3445 2278 arcae
3467 2239 3486 2277 :

239 2303 364 2374 quia
395 2303 665 2365 nimirum.
715 2303 940 2371 exceptis
962 2305 1226 2374 prioribus
1252 2307 1478 2373 duabus,
1514 2308 1636 2364 alia:
1667 2326 1843 2363 omnes
1883 2328 1915 2364 a
1945 2311 2377 2368 Commelinianis
2406 2325 2455 2368 et
2476 2315 2885 2383 Parisiensibus,
2916 2317 3053 2386 quod
3086 2317 3282 2372 nullius
3305 2321 3483 2387 pretii,

241 2415 305 2452 ac
324 2415 386 2452 ne
414 2397 765 2452 memoranda:
796 2398 1004 2470 quidem
1042 2401 1340 2468 videantur,
1367 2405 1863 2473 pra'termittuntur.
1896 2404 1966 2457 Et
1992 2422 2119 2460 sane
2146 2409 2450 2461 commentis
2476 2418 2597 2462 sunt
2623 2419 2671 2462 et
2698 2408 2980 2462 mendaciis
3015 2424 3285 2476 respersa;
3326 2424 3491 2479 exque

238 2496 401 2549 rariis
424 2496 549 2549 locis
596 2497 994 2559 consarcinatae,
1029 2504 1084 2547 ut
1119 2511 1181 2548 ne
1230 2495 1472 2548 umbram
1505 2495 1714 2565 quidem
1738 2496 2092 2566 γνησιότητος
2137 2498 2390 2567 referant.
2452 2497 2639 2551 Verum
2688 2514 2750 2551 ne
2781 2496 2907 2568 quid
2947 2500 3000 2550 in
3044 2508 3225 2551 nostra
3259 2496 3489 2553 editione

239 2587 406 2642 lector
429 2584 505 2641 u‘el
539 2603 605 2641 ex.
631 2588 826 2656 spuriis
860 2586 1201 2648 desideraret,
1236 2586 1402 2639 visum
1432 2595 1508 2640 est
1537 2602 1626 2639 eas
1658 2586 1828 2640 denuo
1853 2584 2142 2654 publicare.

320 2681 389 2736 Ut
426 2694 601 2738 autem
634 2684 1103 2752 primoconspectu
1131 2681 1361 2735 advertet
1394 2681 1635 2735 eruditus
1660 2681 1824 2735 lector
1844 2723 1858 2746 ,
1885 2697 1989 2734 non
2012 2692 2134 2735 sunt
2161 2683 2346 2738 isthtec
2384 2684 2487 2737 nisi
2520 2682 2750 2749 iacinite,
2785 2697 2850 2735 ea:
2888 2680 3123 2738 llistoria
3163 2680 3482 2753 Triparlita,

230 2794 304 2833 ea:
328 2778 508 2832 multis
536 2776 878 2848 synodalibus
900 2777 1160 2847 epistolis,
1182 2784 1231 2830 et
1262 2776 1485 2831 decretis
1524 2775 1889 2837 conciliorum.
1929 2775 2050 2829 hinc
2097 2778 2217 2832 inde
2242 2788 2519 2846 excerptas,
2549 2792 2600 2833 et
2635 2795 2668 2831 α
2702 2778 2926 2847 falsario
2952 2777 3178 2848 quodam
3208 2781 3477 2834 consarci-

236 2876 400 2929 natae,
424 2868 514 2937 qui
544 2876 602 2920 ut
625 2867 803 2936 fucum
829 2866 1115 2938 legentibus
1142 2866 1359 2934 faceret,
1392 2866 1606 2920 nomina
1643 2879 1872 2934 perswpe
1892 2867 2107 2932 propria
2139 2868 2457 2934 immolauit,
2511 2883 2678 2922 annos
2719 2867 2982 2920 arbitratu
3009 2884 3126 2932 suo,
3160 2876 3211 2921 et
3243 2871 3485 2924 consules

227 2960 507 3030 ascripsit.
537 2958 621 3013 Ad
650 2961 939 3030 marginem
958 2975 1052 3013 nos
1080 2957 1346 3012 undenam
1376 2958 1587 3013 lacinia:
1609 2955 1871 3024 eiusmodi
1896 2956 2173 3024 prodeant,
2205 2974 2298 3029 pro
2326 2958 2583 3029 facultate
2610 2960 3044 3030 signiﬁcavimus.

689 3136 1060 3194 ATHANASH
1100 3136 1187 3191 ET
1228 3134 1668 3204 QUORUMDAM
1714 3134 2155 3194 ROMANORUM
2194 3135 2610 3195 PONTIFICUM
2650 3137 3032 3195 EPISTOLIE.

228 3237 529 3304 Διϐερίου,
574 3234 910 3306 ἐπισκόπου
954 3232 1190 3306 Ῥώμης,
1216 3235 1509 3302 ἐπιστολὴ
1536 3237 1683 3303 πρὸς
1712 3237 1810 3291 τὸν

1919 3234 2135 3296 Liberii,
2157 3235 2386 3306 episcopi
2418 3233 2875 3306 Roma:,_epistola
2901 3235 2970 3306 ad
3000 3234 3347 3306 Athanasium
3371 3237 3482 3306 rpi-

303 3302 492 3361 αὑτὸν
547 3303 910 3368 Ἀθανάσιον,
946 3304 1034 3357 ὅτι
1056 3302 1298 3359 τέλειον
1336 3306 1649 3373 ἄνθρωπον
1666 3302 1816 3360 ἔλα-

304 3379 408 3431 ϐεν
442 3381 475 3431 ὀ
509 3375 653 3441 Θεὸς
686 3378 895 3444 Λόγος.

309 3484 621 3543 Ἔστιν-οῦν
657 3491 787 3559 ἡμῖν
818 3490 851 3557 ἡ
878 3486 1154 3557 ὁμολογία,
1190 3487 1481 3558 ἐπιπόθητέ
1518 3505 1606 3557 μοι
1657 3488 1816 3542 Ἀθα-

228 3581 407 3645 νάσιε,
443 3581 612 3648 Λόγος
631 3578 785 3643 Θεοῦ,
814 3579 939 3642 Υἱὸς
972 3578 1114 3631 κατά
1136 3577 1314 3645 φύσιν,
1349 3579 1412 3631 ἐκ
1443 3577 1535 3631 τοῦ
1562 3578 1695 3631 Θεοῦ
1718 3579 1815 3633 καὶ

228 3674 450 3746 Πατρὸς
479 3672 779 3742 γεννηθεὶς,
813 3671 872 3725 οὐ
908 3669 1165 3732 κτισοεὶς,
1201 3669 1315 3723 ἀλλ’
1344 3670 1429 3722 ἀεὶ¹
1455 3669 1529 3722 ὢν
1551 3671 1814 3743 συναναρ-

227 3784 324 3838 χος
357 3764 435 3836 τῷ
469 3765 587 3835 Θεῷ
612 3765 703 3816 καὶ
733 3765 926 3834 Πατρὶ,
960 3765 1052 3816 καὶ
1083 3762 1516 3826 ἀκαταπαύστως
1555 3763 1615 3814 τὸ
1656 3762 1813 3832 βασί-

226 3859 376 3912 λειον
405 3856 543 3926 ἔχων
569 3858 649 3918 εἰς
677 3856 801 3917 τοὺς
828 3854 1213 3926 ἁτελευτήτους
1240 3855 1460 3919 αἰῶνας.
1480 3853 1670 3925 Ἀμήν.
1701 3854 1814 3908 Καὶ

226 3949 295 4004 τὺ
325 3947 551 4018 Πνεῦμα
579 3946 635 3999 δὲ
662 3946 722 3998 τὸ
739 3947 891 4013 ἅγιον
922 3944 1137 4015 ἀληθῶς
1162 3948 1225 3998 ὲκ
1257 3944 1349 3998 τοῦ
1378 3943 1511 3998 Θεοῦ
1543 3946 1683 3999 κατὰ
1710 3945 1810 4014 φῦ-

226 4061 317 4097 σιν
339 4044 407 4113 τῇ
437 4040 597 4109 φύσει
618 4037 726 4109 (28)
760 4037 911 4099 Θεὸν,
939 4037 1231 4109 ἀμέριστον
1268 4040 1331 4090 ὲκ
1363 4035 1496 4090 Θεοῦ
1532 4036 1673 4090 κατὰ
1715 4036 1814 4101 τὰς

223 4134 392 4203 ἁγίας
441 4129 663 4203 Γραφάς
686 4145 699 4158 ·
756 4127 852 4181 τοῦ
907 4123 1043 4181 εἶναι
1088 4126 1302 4198 ἀληθῶς
1325 4126 1416 4179 τὸν
1447 4128 1684 4199 Πατέρα,
1719 4127 1813 4181 καὶ

219 4224 324 4282 τοῦ
353 4223 497 4278 εἶναι
540 4220 756 4293 ἀληθῶς
787 4221 874 4273 τὸν
907 4218 1056 4281 Υἰὸν,
1091 4219 1186 4271 καὶ
1223 4219 1317 4272 τοῦ
1349 4215 1485 4272 εἶναι
1512 4218 1725 4290 ἀληθῶς
1752 4218 1812 4272 τὸ

223 4323 385 4391 ἅγιον
416 4317 662 4387 Πνεῦμα,
719 4316 947 4369 ἕκαστον
999 4313 1170 4384 ὄνομα
1222 4314 1295 4383 μὴ
1347 4313 1810 4385 μεταϐαλὶόμενυν

221 4416 319 4470 ἐπὶ
347 4410 650 4481 ἁναΟὲματι
677 4410 739 4461 ἐκ
769 4409 866 4477 τῆς
897 4407 1102 4468 οἰκείας
1131 4406 1496 4477 ὲπονομασίας
1516 4423 1528 4435 ’
1552 4404 1646 4458 τοῦ
1672 4400 1811 4458 εἶναι

217 4508 322 4579 τὴν
350 4503 557 4576 Τριὰδα
593 4499 806 4570 ἀληθῶς
844 4499 1050 4568 Τριάδα
1104 4499 1160 4551 ἐν
1213 4499 1310 4568 μιᾷ
1359 4497 1591 4567 θεότητι,
1626 4497 1719 4549 καὶ
1753 4497 1810 4548 ὲν

1990 3321 2205 3375 scopum
2224 3304 2581 3357 Alexandriar.
2601 3303 2754 3368 Quod
2775 3306 2913 3360 Deus
2930 3305 3170 3371 Verbum,
3195 3303 3483 3375 perfectum

1986 3374 2245 3427 hominem
2290 3379 2651 3442 assumpserit.

1988 3480 2112 3536 Haec
2133 3481 2299 3552 igitur
2315 3488 2398 3536 est
2420 3490 2608 3537 nostra
2626 3481 2921 3547 confessio,
2944 3485 3284 3555 optatissime
3309 3485 3480 3541 Atha-

1916 3572 2060 3635 nasi,
2122 3571 2359 3627 Verbum
2403 3572 2496 3627 Dei
2544 3570 2716 3629 Filius
2760 3576 3059 3629 secundum
3112 3585 3390 3640 naturam,
3414 3593 3482 3631 ex

1914 3664 2027 3720 Deo
2056 3672 2110 3719 et
2127 3664 2287 3721 Patre
2318 3654 2554 3736 genitus,
2586 3682 2693 3720 non
2718 3677 2965 3732 creatus;
2997 3667 3090 3723 sed
3124 3684 3337 3737 semper
3363 3670 3483 3725 sine

1915 3758 2071 3813 initio
2097 3774 2205 3811 una
2227 3772 2350 3811 cum
2387 3755 2496 3812 Deo
2528 3764 2581 3811 et
2624 3757 2804 3821 Patre,
2839 3766 2892 3813 et
2915 3759 3032 3813 sine
3065 3757 3169 3813 line
3194 3760 3481 3828 imperium

1915 3848 2122 3903 habens
2151 3864 2248 3917 per
2268 3845 2478 3900 inﬁnita
2507 3846 2728 3901 saecula.
2764 3847 2956 3901 Amen.
2989 3847 3117 3901 Item
3160 3846 3480 3918 (credimus)

1916 3937 2178 4010 Spiritum
2211 3948 2458 3995 sanctum
2493 3954 2619 3993 vere
2649 3955 2713 3993 ex
2747 3936 2858 3993 Deo
2893 3936 3198 3993 secundum
3226 3945 3482 3992 naturam

1913 4040 1966 4084 et
1989 4037 2183 4084 natura
2209 4027 2400 4094 Deum,
2436 4029 2730 4083 indivisum
2770 4044 2800 4083 a
2825 4028 2936 4083 Deo
2960 4029 3258 4084 secundum
3294 4043 3507 4085 sacras!

1916 4118 2272 4191 Scripturas;
2309 4121 2383 4173 ita
2424 4128 2483 4173 ut
2511 4120 2583 4175 sit
2636 4136 2761 4175 vere
2807 4118 2988 4186 Pater,
3019 4136 3147 4176 vere
3194 4118 3390 4183 Filius,
3427 4129 3484 4175 et

1912 4228 2040 4267 vere
2082 4211 2318 4283 Spiritus
2360 4219 2606 4277 sanctus,
2635 4212 2968 4281 vetitumque
2996 4217 3079 4266 est
3124 4210 3228 4266 sub
3258 4210 3485 4265 anathe-

1913 4304 2076 4360 matis
2105 4317 2266 4359 no‘na
2314 4304 2591 4373 quodlibet
2643 4318 2844 4356 nomen
2880 4317 2909 4356 a
2936 4302 3155 4372 propria
3201 4298 3498 4371 signiﬁca?

1914 4391 2059 4447 tione
2088 4392 2424 4458 transferre;
2469 4392 2541 4445 ita
2589 4397 2647 4444 ut
2690 4389 2932 4445 Trinitas
2966 4392 3038 4446 sit
3070 4407 3195 4446 vere
3239 4382 3482 4446 Trinitas

1915 4484 1970 4539 in
1996 4501 2105 4539 una
2161 4485 2380 4551 deitate,
2413 4484 2467 4537 in
2494 4499 2599 4537 una
2631 4491 2921 4553 potestate,
2964 4484 3016 4536 in
3066 4499 3172 4536 una
3215 4482 3478 4545 essentia,

224 4600 330 4671 μιᾷ
346 4596 596 4665 δυνάμει,
623 4591 716 4644 καὶ
749 4592 804 4643 ὲν
831 4590 928 4660 μιᾷ
952 4587 1129 4659 οὐσίᾳ,
1150 4589 1254 4644 ,καὶ
1275 4589 1333 4640 ἐν
1363 4590 1460 4659 μιᾷ
1490 4587 1806 4640 ὑποστάσει,

1919 4583 1965 4630 ct
1996 4576 2050 4630 in
2079 4591 2183 4630 una
2214 4576 2539 4631 substantia.
2596 4573 2948 4643 Nequaquam
3007 4573 3152 4627 enim
3218 4572 3481 4626 dividitur

220 4688 300 4743 οὐ
357 4685 466 4755 γὰρ
510 4680 790 4753 μερίζεται
817 4680 845 4731 ὁ
875 4677 1002 4740 Υἱὸς
1038 4679 1102 4729 ὲκ
1137 4677 1237 4746 τῆς
1276 4678 1548 4748 πατρικῆς
1569 4676 1805 4729 ὑποστά-

221 4794 388 4839 σεως,
425 4774 545 4828 οὐδὲ
604 4772 665 4826 τὸ
714 4770 949 4840 Πνεῦμα,
969 4767 1027 4821 τὸ
1053 4767 1225 4835 ἆγιον,
1254 4768 1350 4838 τῆς
1376 4767 1687 4838 πληρούσης
1716 4766 1806 4820 τὸν

217 4864 449 4938 οὐρανὸν
468 4862 563 4916 καὶ
586 4859 683 4931 τὴν
713 4860 838 4929 γῆν.
878 4860 1065 4911 Ἔστιν
1088 4852 1200 4918 οῦν,
1235 4854 1417 4913 καθὼς
1449 4857 1730 4926 προεῖπον,
1770 4855 1804 4925 ὴ

220 4958 398 5030 Τριὰς
428 4959 484 5008 ὲν
516 4955 617 5025 μιᾷ
642 4950 933 5005 ὑποστάσει
967 4949 1040 5020 μὴ
1079 4946 1424 5019 μεριζομένη,
1446 4946 1540 4999 καὶ
1560 4948 1625 5016 τῇ
1651 4944 1807 5017 οὐσίᾳ

220 5051 304 5114 ἐν,
338 5050 435 5103 καὶ
455 5049 521 5119 τῇ
548 5045 757 5116 θεότητι
781 5043 859 5103 ἓν,
890 5042 984 5095 καὶ
1017 5043 1082 5111 τῇ
1116 5038 1338 5109 δυνάμει
1372 5037 1451 5101 ἓν,
1482 5038 1577 5092 καὶ
1604 5040 1669 5108 τῇ
1710 5036 1806 5107 βα-

221 5142 405 5213 σιλεία
428 5140 512 5201 ἓν,
546 5138 640 5191 καὶ
668 5139 733 5207 τῇ
760 5133 1035 5204 δοξολογίᾳ
1065 5132 1144 5196 ἓν,
1184 5130 1276 5184 καὶ
1307 5132 1372 5200 τῇ
1410 5129 1577 5182 εἰκόνι
1609 5128 1687 5190 ἓν,
1712 5128 1807 5182 καὶ

218 5235 300 5306 τῷ
328 5233 609 5302 Πνεῦματι
633 5229 690 5281 ἓν
712 5245 724 5257 ·
762 5224 984 5296 Πνεῦμα
1011 5223 1118 5295 γὰρ
1150 5223 1210 5275 οὐ
1248 5219 1547 5292 μερίζεται,
1590 5218 1808 5273 Ἀνάθε-

222 5345 304 5397 μα
326 5322 422 5378 οὖν
450 5323 596 5389 λέγω
623 5317 908 5371 Σαϐελλίου
934 5315 994 5368 τὸ
1013 5314 1189 5383 δόγμα
1217 5312 1312 5364 καὶ
1334 5310 1569 5382 ’Λρείου.
1594 5312 1688 5363 καὶ
1708 5311 1806 5373 τὰς

218 5410 790 5488 προαπηγορευμὲνας
814 5406 1167 5479 αἰρέσεις,είς
1193 5402 1415 5456 αἰωνίαν
1446 5401 1688 5459 κόλασιν,
1708 5418 1808 5454 κα-

215 5486 290 5560 τὰ
317 5504 417 5576 τὴν
445 5500 542 5556 τοῦ
577 5499 824 5569 Σωτῆρος
854 5494 1057 5564 φωνήν.
1086 5491 1266 5563 Ταύτῃ
1302 5486 1392 5543 οῦν
1421 5490 1486 5560 τῇ
1524 5490 1804 5561 ὁμολογίᾳ,

217 5598 423 5666 ἀδελφὲ
456 5591 766 5654 Ἀθανάσιε,
797 5591 864 5659 τῇ
892 5586 1027 5658 οὔσῃ
1066 5584 1199 5656 μόνῃ
1244 5583 1337 5637 καὶ
1376 5581 1593 5652 ἀληθῶς
1624 5581 1805 5634 πίστει

300 5753 415 5821 (Ξῖ)
478 5749 556 5802 lta
606 5745 987 5817 chnerianus.
1033 5740 1089 5795 In
1130 5740 1322 5804 editis,
1362 5755 1428 5808 τῃ
1467 5735 1621 5805 φύσει
1667 5734 1839 5790 deest.

1914 4667 2104 4731 Filius,
2150 4684 2325 4738 neque
2365 4667 2600 4737 Spiritus
2641 4673 2864 4720 sanctus
2892 4680 2922 4717 a
2955 4675 3178 4733 paterna
3223 4665 3482 4718 substan-

1912 4759 2008 4821 tia,
2059 4774 2176 4827 quaa
2208 4759 2393 4826 implet
2439 4757 2636 4810 caelum
2668 4766 2722 4811 et
2760 4765 2984 4811 terram.
3028 4752 3124 4809 Est
3175 4754 3359 4824 igitur,
3400 4755 3479 4808 uti

1914 4864 2081 4919 supra
2116 4849 2250 4912 dixi,
2288 4846 2528 4902 Trinitas
2554 4849 2607 4901 in
2640 4862 2747 4901 una
2779 4845 3326 4915 substantia;estque
3350 4847 3481 4901 sub-

1914 4938 2113 4994 stantia
2148 4954 2338 5002 unum,
2361 4939 2562 4994 deitate
2591 4945 3066 5008 unum,potestate
3096 4953 3284 4999 unum,
3312 4952 3483 5006 regno

1916 5046 2106 5097 unum,
2139 5031 2533 5101 gloriﬁcatione
2563 5047 2754 5094 unum,
2784 5030 3019 5102 imagine
3051 5045 3240 5092 unum,
3272 5027 3478 5097 Spiritu

1914 5136 2081 5176 unum
2118 5140 2131 5175 :
2159 5119 2398 5192 Spiritus
2425 5138 2659 5191 namque
2691 5138 2796 5175 non
2848 5120 3129 5175 dividitur.
3176 5119 3480 5174 Anathema

1910 5215 2077 5285 igitur
2106 5214 2400 5281 pronuntio
2426 5215 2481 5268 in
2510 5213 2731 5268 Sabellii
2770 5222 2823 5268 et
2864 5212 2975 5265 Arii
3007 5212 3225 5278 dogma,
3268 5227 3479 5266 necnon

1912 5308 1968 5363 in
1994 5320 2149 5363 antea
2187 5307 2524 5377 proscriptas
2549 5305 2805 5367 haereses,
2835 5304 2899 5358 ad
2936 5302 3322 5371 sempiternum
3351 5318 3482 5372 sup—

1914 5400 2160 5468 plicium,
2217 5399 2373 5468 juxta
2431 5395 2730 5450 Salvatoris
2761 5405 2970 5449 vocem.
3011 5393 3066 5448 Si
3093 5393 3278 5462 igitur,
3315 5392 3483 5448 frater

1911 5490 2201 5551 Athanasi,
2227 5491 2281 5543 in
2303 5488 2405 5542 hac
2436 5486 2801 5548 confessione,
2832 5500 2952 5555 qua:
2978 5485 3092 5540 sola
3116 5492 3171 5539 et
3195 5499 3320 5538 vera
3346 5484 3480 5540 ﬁdes

1911 5591 1995 5638 est
2018 5582 2072 5636 in
2099 5590 2292 5637 sancta
2307 5578 2572 5635 catholica
2592 5586 2643 5633 et
2669 5578 2963 5647 apostolica
2981 5575 3244 5641 Ecclesia,
3269 5589 3481 5631 mecum
