  <div class='ocr_page' id='page_1' title='image "/cluster/home/n/w/nwhite01/storage/ocr_20150623/28/hvd.32044019207737/740.png"; bbox 0 0 3976 6388; ppageno 0'>
   <div class='ocr_carea' id='block_1_1' title="bbox 243 334 381 395">
    <p class='ocr_par' dir='ltr' id='par_1_1' title="bbox 243 334 381 395">
     <span class='ocr_line' id='line_1_1' title="bbox 243 334 381 395; baseline 0.036 -5"><span class='ocrx_word' id='word_1_1' title='bbox 243 334 381 395; x_wconf 68' lang='grc' dir='ltr'><strong>ωδ</strong></span> 
     </span>
    </p>
   </div>
   <div class='ocr_carea' id='block_1_2' title="bbox 1050 325 2497 384">
    <p class='ocr_par' dir='ltr' id='par_1_2' title="bbox 1050 325 2497 384">
     <span class='ocr_line' id='line_1_2' title="bbox 1050 325 2497 384; baseline -0.001 -2"><span class='ocrx_word' id='word_1_2' title='bbox 1050 325 1320 384; x_wconf 79' lang='lat' dir='ltr'><strong>PONTIF.</strong></span> <span class='ocrx_word' id='word_1_3' title='bbox 1362 326 1530 383; x_wconf 65' lang='lat' dir='ltr'><strong>R0“.</strong></span> <span class='ocrx_word' id='word_1_4' title='bbox 1571 327 1658 382; x_wconf 83' lang='grc' dir='ltr'><strong>ΕΤ</strong></span> <span class='ocrx_word' id='word_1_5' title='bbox 1700 326 2074 382; x_wconf 63' lang='lat' dir='ltr'><strong>ATIIA&#39;NASII</strong></span> <span class='ocrx_word' id='word_1_6' title='bbox 2113 325 2497 383; x_wconf 50' lang='lat' dir='ltr'><strong>EPISTOLIE.</strong></span> 
     </span>
    </p>
   </div>
   <div class='ocr_carea' id='block_1_3' title="bbox 3352 331 3496 386">
    <p class='ocr_par' dir='ltr' id='par_1_3' title="bbox 3352 331 3496 386">
     <span class='ocr_line' id='line_1_3' title="bbox 3352 331 3496 386; baseline 0.007 -3"><span class='ocrx_word' id='word_1_7' title='bbox 3352 331 3496 386; x_wconf 68' lang='grc'><strong>1416</strong></span> 
     </span>
    </p>
   </div>
   <div class='ocr_carea' id='block_1_4' title="bbox 241 443 1812 522">
    <p class='ocr_par' dir='ltr' id='par_1_4' title="bbox 241 445 1812 522">
     <span class='ocr_line' id='line_1_4' title="bbox 241 445 1812 522; baseline -0.006 -17"><span class='ocrx_word' id='word_1_8' title='bbox 241 451 364 515; x_wconf 82' lang='grc' dir='ltr'>σίας</span> <span class='ocrx_word' id='word_1_9' title='bbox 408 450 556 522; x_wconf 72' lang='grc' dir='ltr'><strong>μιᾶς,</strong></span> <span class='ocrx_word' id='word_1_10' title='bbox 587 446 892 516; x_wconf 79' lang='grc' dir='ltr'><strong>δοξολογίας</strong></span> <span class='ocrx_word' id='word_1_11' title='bbox 927 448 1077 517; x_wconf 80' lang='grc' dir='ltr'>μιᾶς,</span> <span class='ocrx_word' id='word_1_12' title='bbox 1103 446 1424 517; x_wconf 82' lang='grc' dir='ltr'><strong>κυριότητος</strong></span> <span class='ocrx_word' id='word_1_13' title='bbox 1462 448 1610 517; x_wconf 83' lang='grc' dir='ltr'>μιᾶς,</span> <span class='ocrx_word' id='word_1_14' title='bbox 1669 445 1812 516; x_wconf 75' lang='grc' dir='ltr'>βασι-</span> 
     </span>
    </p>
   </div>
   <div class='ocr_carea' id='block_1_5' title="bbox 1914 443 3502 522">
    <p class='ocr_par' dir='ltr' id='par_1_5' title="bbox 1923 443 3502 517">
     <span class='ocr_line' id='line_1_5' title="bbox 1923 443 3502 517; baseline 0.005 -19"><span class='ocrx_word' id='word_1_15' title='bbox 1923 443 2272 514; x_wconf 89' lang='lat' dir='ltr'><strong>omnipotcns</strong></span> <span class='ocrx_word' id='word_1_16' title='bbox 2314 460 2343 500; x_wconf 87' lang='lat' dir='ltr'><strong>a</strong></span> <span class='ocrx_word' id='word_1_17' title='bbox 2374 443 2535 500; x_wconf 88' lang='lat' dir='ltr'><strong>nobis</strong></span> <span class='ocrx_word' id='word_1_18' title='bbox 2563 444 2808 500; x_wconf 74' lang='lat' dir='ltr'><strong>creditur</strong></span> <span class='ocrx_word' id='word_1_19' title='bbox 2843 467 2854 498; x_wconf 73' lang='grc' dir='ltr'><strong>τ</strong></span> <span class='ocrx_word' id='word_1_20' title='bbox 2889 445 3119 517; x_wconf 86' lang='lat' dir='ltr'><strong>ideoque</strong></span> <span class='ocrx_word' id='word_1_21' title='bbox 3156 446 3289 504; x_wconf 89' lang='lat' dir='ltr'><strong>ﬁdes</strong></span> <span class='ocrx_word' id='word_1_22' title='bbox 3310 455 3502 506; x_wconf 83' lang='lat' dir='ltr'><strong>nostra</strong></span> 
     </span>
    </p>
   </div>
   <div class='ocr_carea' id='block_1_6' title="bbox 237 524 1816 610">
    <p class='ocr_par' dir='ltr' id='par_1_6' title="bbox 237 524 1816 610">
     <span class='ocr_line' id='line_1_6' title="bbox 237 524 1816 610; baseline -0.006 -16"><span class='ocrx_word' id='word_1_23' title='bbox 237 540 384 604; x_wconf 80' lang='grc' dir='ltr'>λείας</span> <span class='ocrx_word' id='word_1_24' title='bbox 416 540 544 610; x_wconf 82' lang='grc' dir='ltr'><strong>μιᾶς</strong></span> <span class='ocrx_word' id='word_1_25' title='bbox 566 556 581 567; x_wconf 88' lang='grc'><strong>·</strong></span> <span class='ocrx_word' id='word_1_26' title='bbox 623 537 829 601; x_wconf 83' lang='grc' dir='ltr'><strong>εἰκόνος</strong></span> <span class='ocrx_word' id='word_1_27' title='bbox 859 535 961 605; x_wconf 81' lang='grc' dir='ltr'><strong>τῆς</strong></span> <span class='ocrx_word' id='word_1_28' title='bbox 983 535 1212 607; x_wconf 80' lang='grc' dir='ltr'><strong>Τριάδος</strong></span> <span class='ocrx_word' id='word_1_29' title='bbox 1238 534 1553 605; x_wconf 82' lang='grc' dir='ltr'><strong>ὁμοούσιον·</strong></span> <span class='ocrx_word' id='word_1_30' title='bbox 1588 554 1607 587; x_wconf 69' lang='grc' dir='ltr'>ι</span> <span class='ocrx_word' id='word_1_31' title='bbox 1646 535 1721 586; x_wconf 83' lang='grc' dir='ltr'><strong>Δι’</strong></span> <span class='ocrx_word' id='word_1_32' title='bbox 1753 524 1816 584; x_wconf 77' lang='grc' dir='ltr'>οὗ</span> 
     </span>
    </p>
   </div>
   <div class='ocr_carea' id='block_1_7' title="bbox 236 620 1819 699">
    <p class='ocr_par' dir='ltr' id='par_1_7' title="bbox 236 620 1819 699">
     <span class='ocr_line' id='line_1_7' title="bbox 236 620 1819 699; baseline -0.006 -13"><span class='ocrx_word' id='word_1_33' title='bbox 236 631 306 686; x_wconf 77' lang='grc' dir='ltr'><strong>τὰ</strong></span> <span class='ocrx_word' id='word_1_34' title='bbox 336 632 512 688; x_wconf 80' lang='grc' dir='ltr'>πάντα</span> <span class='ocrx_word' id='word_1_35' title='bbox 542 630 786 699; x_wconf 77' lang='grc' dir='ltr'><strong>ἐγένετοο</strong></span> <span class='ocrx_word' id='word_1_36' title='bbox 814 646 832 678; x_wconf 75' lang='grc' dir='ltr'><strong><em>ι</em></strong></span> <span class='ocrx_word' id='word_1_37' title='bbox 856 626 998 681; x_wconf 74' lang='grc' dir='ltr'><strong>οὕτω</strong></span> <span class='ocrx_word' id='word_1_38' title='bbox 1027 627 1121 680; x_wconf 72' lang='grc' dir='ltr'><strong>καὶ</strong></span> <span class='ocrx_word' id='word_1_39' title='bbox 1163 626 1363 698; x_wconf 80' lang='grc' dir='ltr'><strong>σαρκὸς</strong></span> <span class='ocrx_word' id='word_1_40' title='bbox 1394 620 1690 681; x_wconf 76' lang='grc' dir='ltr'><strong>ἀνάστασιν</strong></span> <span class='ocrx_word' id='word_1_41' title='bbox 1729 644 1819 678; x_wconf 78' lang='grc' dir='ltr'><strong>πι-</strong></span> 
     </span>
    </p>
   </div>
   <div class='ocr_carea' id='block_1_8' title="bbox 238 716 1820 795">
    <p class='ocr_par' dir='ltr' id='par_1_8' title="bbox 238 716 1820 795">
     <span class='ocr_line' id='line_1_8' title="bbox 238 716 1820 795; baseline -0.005 -18"><span class='ocrx_word' id='word_1_42' title='bbox 238 723 521 795; x_wconf 80' lang='grc' dir='ltr'><strong>στεύομεν,</strong></span> <span class='ocrx_word' id='word_1_43' title='bbox 561 721 825 784; x_wconf 83' lang='grc' dir='ltr'><strong>τουτέστι,</strong></span> <span class='ocrx_word' id='word_1_44' title='bbox 873 717 969 772; x_wconf 82' lang='grc' dir='ltr'><strong>τοῦ</strong></span> <span class='ocrx_word' id='word_1_45' title='bbox 1025 717 1272 789; x_wconf 76' lang='grc' dir='ltr'><strong>σώματος</strong></span> <span class='ocrx_word' id='word_1_46' title='bbox 1330 717 1489 790; x_wconf 80' lang='grc' dir='ltr'>ἡμῶν</span> <span class='ocrx_word' id='word_1_47' title='bbox 1542 717 1685 772; x_wconf 84' lang='grc' dir='ltr'><strong>κατὰ</strong></span> <span class='ocrx_word' id='word_1_48' title='bbox 1720 716 1820 781; x_wconf 80' lang='grc' dir='ltr'><strong>τὰς</strong></span> 
     </span>
    </p>
   </div>
   <div class='ocr_carea' id='block_1_9' title="bbox 237 808 1818 886">
    <p class='ocr_par' dir='ltr' id='par_1_9' title="bbox 237 808 1818 886">
     <span class='ocr_line' id='line_1_9' title="bbox 237 808 1818 886; baseline -0.005 -17"><span class='ocrx_word' id='word_1_49' title='bbox 237 815 399 884; x_wconf 84' lang='grc' dir='ltr'>ἁγίας</span> <span class='ocrx_word' id='word_1_50' title='bbox 428 814 669 886; x_wconf 67' lang='grc' dir='ltr'><strong>Γραφὰῖ,</strong></span> <span class='ocrx_word' id='word_1_51' title='bbox 698 812 791 866; x_wconf 81' lang='grc' dir='ltr'><strong>τοῦ</strong></span> <span class='ocrx_word' id='word_1_52' title='bbox 838 810 1079 883; x_wconf 77' lang='grc' dir='ltr'>φθαρτοῦ</span> <span class='ocrx_word' id='word_1_53' title='bbox 1110 812 1204 863; x_wconf 72' lang='grc' dir='ltr'><strong>καὶ</strong></span> <span class='ocrx_word' id='word_1_54' title='bbox 1228 810 1422 882; x_wconf 79' lang='grc' dir='ltr'><strong>ϐνητοῦ</strong></span> <span class='ocrx_word' id='word_1_55' title='bbox 1456 808 1622 863; x_wconf 80' lang='grc' dir='ltr'>αὑτοῦ</span> <span class='ocrx_word' id='word_1_56' title='bbox 1654 826 1818 880; x_wconf 84' lang='grc' dir='ltr'><strong>μετα-</strong></span> 
     </span>
    </p>
   </div>
   <div class='ocr_carea' id='block_1_10' title="bbox 235 899 1815 974">
    <p class='ocr_par' dir='ltr' id='par_1_10' title="bbox 235 899 1815 974">
     <span class='ocr_line' id='line_1_10' title="bbox 235 899 1815 974; baseline -0.003 -18"><span class='ocrx_word' id='word_1_57' title='bbox 235 904 563 974; x_wconf 78' lang='grc' dir='ltr'><strong>ϐαλλομένου</strong></span> <span class='ocrx_word' id='word_1_58' title='bbox 610 904 690 967; x_wconf 73' lang='grc' dir='ltr'><strong>εἰς</strong></span> <span class='ocrx_word' id='word_1_59' title='bbox 743 900 1050 974; x_wconf 80' lang='grc' dir='ltr'><strong>ἀφθαρσίαν</strong></span> <span class='ocrx_word' id='word_1_60' title='bbox 1088 901 1182 954; x_wconf 76' lang='grc' dir='ltr'>καὶ</span> <span class='ocrx_word' id='word_1_61' title='bbox 1228 901 1522 956; x_wconf 78' lang='grc' dir='ltr'><strong>ἀθανασίαν</strong></span> <span class='ocrx_word' id='word_1_62' title='bbox 1573 900 1678 953; x_wconf 83' lang='grc' dir='ltr'><strong>ὑπὸ</strong></span> <span class='ocrx_word' id='word_1_63' title='bbox 1717 899 1815 954; x_wconf 76' lang='grc' dir='ltr'><strong>τοῦ</strong></span> 
     </span>
    </p>
   </div>
   <div class='ocr_carea' id='block_1_11' title="bbox 235 998 623 1069">
    <p class='ocr_par' dir='ltr' id='par_1_11' title="bbox 235 998 623 1069">
     <span class='ocr_line' id='line_1_11' title="bbox 235 998 623 1069; baseline 0 -18"><span class='ocrx_word' id='word_1_64' title='bbox 235 998 396 1052; x_wconf 77' lang='grc' dir='ltr'>Θεοῦ.</span> <span class='ocrx_word' id='word_1_65' title='bbox 427 998 623 1069; x_wconf 80' lang='grc' dir='ltr'><strong>Ἀμήν.</strong></span> 
     </span>
    </p>
   </div>
   <div class='ocr_carea' id='block_1_12' title="bbox 1921 537 3499 610">
    <p class='ocr_par' dir='ltr' id='par_1_12' title="bbox 1921 537 3499 610">
     <span class='ocr_line' id='line_1_12' title="bbox 1921 537 3499 610; baseline 0.004 -19"><span class='ocrx_word' id='word_1_66' title='bbox 1921 545 2026 600; x_wconf 90' lang='lat' dir='ltr'><strong>est,</strong></span> <span class='ocrx_word' id='word_1_67' title='bbox 2054 537 2108 591; x_wconf 93' lang='lat' dir='ltr'><strong>in</strong></span> <span class='ocrx_word' id='word_1_68' title='bbox 2167 552 2336 591; x_wconf 91' lang='lat' dir='ltr'><strong>unum</strong></span> <span class='ocrx_word' id='word_1_69' title='bbox 2373 537 2542 592; x_wconf 91' lang='lat' dir='ltr'><strong>Deum</strong></span> <span class='ocrx_word' id='word_1_70' title='bbox 2591 537 2805 593; x_wconf 80' lang='lat' dir='ltr'><strong>Patrem</strong></span> <span class='ocrx_word' id='word_1_71' title='bbox 2859 540 3310 610; x_wconf 88' lang='lat' dir='ltr'><strong>onmipotentem,</strong></span> <span class='ocrx_word' id='word_1_72' title='bbox 3348 552 3402 597; x_wconf 91' lang='lat' dir='ltr'><strong>et</strong></span> <span class='ocrx_word' id='word_1_73' title='bbox 3444 544 3499 598; x_wconf 94' lang='lat' dir='ltr'><strong>in</strong></span> 
     </span>
    </p>
   </div>
   <div class='ocr_carea' id='block_1_13' title="bbox 1920 626 3501 699">
    <p class='ocr_par' dir='ltr' id='par_1_13' title="bbox 1920 626 3501 699">
     <span class='ocr_line' id='line_1_13' title="bbox 1920 626 3501 699; baseline 0.006 -18"><span class='ocrx_word' id='word_1_74' title='bbox 1920 626 2119 683; x_wconf 91' lang='lat' dir='ltr'><strong>Filium</strong></span> <span class='ocrx_word' id='word_1_75' title='bbox 2155 628 2276 699; x_wconf 89' lang='lat' dir='ltr'><strong>ejus</strong></span> <span class='ocrx_word' id='word_1_76' title='bbox 2303 628 2594 685; x_wconf 88' lang='lat' dir='ltr'><strong>Dominum</strong></span> <span class='ocrx_word' id='word_1_77' title='bbox 2624 638 2873 685; x_wconf 89' lang='lat' dir='ltr'><strong>nostrum</strong></span> <span class='ocrx_word' id='word_1_78' title='bbox 2905 630 3091 689; x_wconf 86' lang='lat' dir='ltr'><strong>Jesum</strong></span> <span class='ocrx_word' id='word_1_79' title='bbox 3123 632 3425 697; x_wconf 87' lang='lat' dir='ltr'><strong>Christum,</strong></span> <span class='ocrx_word' id='word_1_80' title='bbox 3445 643 3501 689; x_wconf 90' lang='lat' dir='ltr'><strong>ct</strong></span> 
     </span>
    </p>
   </div>
   <div class='ocr_carea' id='block_1_14' title="bbox 1920 717 3497 793">
    <p class='ocr_par' dir='ltr' id='par_1_14' title="bbox 1920 717 3497 793">
     <span class='ocr_line' id='line_1_14' title="bbox 1920 717 3497 793; baseline 0.003 -20"><span class='ocrx_word' id='word_1_81' title='bbox 1920 718 1976 773; x_wconf 87' lang='lat' dir='ltr'><strong>in</strong></span> <span class='ocrx_word' id='word_1_82' title='bbox 2026 717 2292 789; x_wconf 90' lang='lat' dir='ltr'><strong>Spiritum</strong></span> <span class='ocrx_word' id='word_1_83' title='bbox 2339 728 2613 793; x_wconf 85' lang='lat' dir='ltr'><strong>sanctum.</strong></span> <span class='ocrx_word' id='word_1_84' title='bbox 2656 720 2783 776; x_wconf 65' lang='lat' dir='ltr'><strong>Haec</strong></span> <span class='ocrx_word' id='word_1_85' title='bbox 2816 730 2996 777; x_wconf 87' lang='lat' dir='ltr'><strong>autem</strong></span> <span class='ocrx_word' id='word_1_86' title='bbox 3031 739 3095 778; x_wconf 84' lang='lat' dir='ltr'><strong>ex</strong></span> <span class='ocrx_word' id='word_1_87' title='bbox 3128 725 3338 779; x_wconf 88' lang='lat' dir='ltr'><strong>unitate</strong></span> <span class='ocrx_word' id='word_1_88' title='bbox 3367 740 3497 790; x_wconf 89' lang='lat' dir='ltr'><strong>uua,</strong></span> 
     </span>
    </p>
   </div>
   <div class='ocr_carea' id='block_1_15' title="bbox 1921 812 3495 885">
    <p class='ocr_par' dir='ltr' id='par_1_15' title="bbox 1921 812 3495 885">
     <span class='ocr_line' id='line_1_15' title="bbox 1921 812 3495 885; baseline 0.003 -19"><span class='ocrx_word' id='word_1_89' title='bbox 1921 812 2127 867; x_wconf 84' lang='lat' dir='ltr'><strong>v’irtute</strong></span> <span class='ocrx_word' id='word_1_90' title='bbox 2183 826 2317 878; x_wconf 88' lang='lat' dir='ltr'><strong>una,</strong></span> <span class='ocrx_word' id='word_1_91' title='bbox 2358 813 2667 869; x_wconf 77' lang='lat' dir='ltr'><strong>substantia</strong></span> <span class='ocrx_word' id='word_1_92' title='bbox 2728 829 2860 879; x_wconf 91' lang='lat' dir='ltr'><strong>una,</strong></span> <span class='ocrx_word' id='word_1_93' title='bbox 2916 815 3315 885; x_wconf 88' lang='lat' dir='ltr'><strong>gloriﬁcatione</strong></span> <span class='ocrx_word' id='word_1_94' title='bbox 3364 832 3495 880; x_wconf 89' lang='lat' dir='ltr'><strong>una,</strong></span> 
     </span>
    </p>
   </div>
   <div class='ocr_carea' id='block_1_16' title="bbox 1921 904 3499 980">
    <p class='ocr_par' dir='ltr' id='par_1_16' title="bbox 1921 904 3499 980">
     <span class='ocr_line' id='line_1_16' title="bbox 1921 904 3499 980; baseline 0.004 -21"><span class='ocrx_word' id='word_1_95' title='bbox 1921 904 2295 960; x_wconf 82' lang='lat' dir='ltr'><strong>dominatione</strong></span> <span class='ocrx_word' id='word_1_96' title='bbox 2340 922 2470 971; x_wconf 91' lang='lat' dir='ltr'><strong>una,</strong></span> <span class='ocrx_word' id='word_1_97' title='bbox 2518 923 2688 978; x_wconf 81' lang='lat' dir='ltr'><strong>regno</strong></span> <span class='ocrx_word' id='word_1_98' title='bbox 2740 924 2872 976; x_wconf 92' lang='lat' dir='ltr'><strong>uno,</strong></span> <span class='ocrx_word' id='word_1_99' title='bbox 2906 908 3159 980; x_wconf 78' lang='lat' dir='ltr'><strong>imaginis</strong></span> <span class='ocrx_word' id='word_1_100' title='bbox 3215 908 3499 965; x_wconf 86' lang='lat' dir='ltr'><strong>Trinitatis</strong></span> 
     </span>
    </p>
   </div>
   <div class='ocr_carea' id='block_1_17' title="bbox 1919 994 3492 1068">
    <p class='ocr_par' dir='ltr' id='par_1_17' title="bbox 1919 994 3492 1068">
     <span class='ocr_line' id='line_1_17' title="bbox 1919 994 3492 1068; baseline 0 -20"><span class='ocrx_word' id='word_1_101' title='bbox 1919 994 2393 1050; x_wconf 90' lang='lat' dir='ltr'><strong>consubstantiale</strong></span> <span class='ocrx_word' id='word_1_102' title='bbox 2430 1014 2443 1050; x_wconf 87' lang='lat'>:</span> <span class='ocrx_word' id='word_1_103' title='bbox 2477 1014 2495 1046; x_wconf 74' lang='grc' dir='ltr'>ι</span> <span class='ocrx_word' id='word_1_104' title='bbox 2532 994 2635 1052; x_wconf 88' lang='lat' dir='ltr'><strong>Per</strong></span> <span class='ocrx_word' id='word_1_105' title='bbox 2654 1012 2816 1068; x_wconf 90' lang='lat' dir='ltr'><strong>quem</strong></span> <span class='ocrx_word' id='word_1_106' title='bbox 2835 997 3019 1052; x_wconf 91' lang='lat' dir='ltr'><strong>omnia</strong></span> <span class='ocrx_word' id='word_1_107' title='bbox 3054 996 3198 1052; x_wconf 91' lang='lat' dir='ltr'><strong>facta</strong></span> <span class='ocrx_word' id='word_1_108' title='bbox 3233 1005 3362 1054; x_wconf 87' lang='lat' dir='ltr'><strong>sunt</strong></span> <span class='ocrx_word' id='word_1_109' title='bbox 3389 998 3492 1050; x_wconf 78' lang='grc'><strong>³⁸.»</strong></span> 
     </span>
    </p>
   </div>
   <div class='ocr_carea' id='block_1_18' title="bbox 233 1082 3498 1160">
    <p class='ocr_par' dir='ltr' id='par_1_18' title="bbox 233 1082 3498 1160">
     <span class='ocr_line' id='line_1_18' title="bbox 233 1082 3498 1160; baseline -0 -15"><span class='ocrx_word' id='word_1_110' title='bbox 233 1089 314 1145; x_wconf 88' lang='lat' dir='ltr'><strong>lta</strong></span> <span class='ocrx_word' id='word_1_111' title='bbox 339 1098 395 1145; x_wconf 87' lang='lat' dir='ltr'><strong>et</strong></span> <span class='ocrx_word' id='word_1_112' title='bbox 444 1091 630 1145; x_wconf 89' lang='lat' dir='ltr'><strong>carnis</strong></span> <span class='ocrx_word' id='word_1_113' title='bbox 663 1087 1126 1145; x_wconf 87' lang='lat' dir='ltr'><strong>resurrectionem</strong></span> <span class='ocrx_word' id='word_1_114' title='bbox 1162 1085 1460 1150; x_wconf 88' lang='lat' dir='ltr'><strong>credimus,</strong></span> <span class='ocrx_word' id='word_1_115' title='bbox 1483 1085 1587 1140; x_wconf 90' lang='lat' dir='ltr'><strong>hoc</strong></span> <span class='ocrx_word' id='word_1_116' title='bbox 1618 1091 1723 1149; x_wconf 89' lang='lat' dir='ltr'><strong>est,</strong></span> <span class='ocrx_word' id='word_1_117' title='bbox 1752 1085 2001 1155; x_wconf 86' lang='lat' dir='ltr'><strong>corporis</strong></span> <span class='ocrx_word' id='word_1_118' title='bbox 2026 1082 2220 1152; x_wconf 83' lang='lat' dir='ltr'><strong>nostri,</strong></span> <span class='ocrx_word' id='word_1_119' title='bbox 2258 1087 2561 1142; x_wconf 89' lang='lat' dir='ltr'><strong>secundum</strong></span> <span class='ocrx_word' id='word_1_120' title='bbox 2596 1104 2785 1145; x_wconf 84' lang='lat' dir='ltr'><strong>sacras</strong></span> <span class='ocrx_word' id='word_1_121' title='bbox 2803 1088 3136 1160; x_wconf 89' lang='lat' dir='ltr'><strong>Scripturas,</strong></span> <span class='ocrx_word' id='word_1_122' title='bbox 3166 1099 3498 1145; x_wconf 83' lang='lat' dir='ltr'><strong>commutato</strong></span> 
     </span>
    </p>
   </div>
   <div class='ocr_carea' id='block_1_19' title="bbox 232 1180 3273 1254">
    <p class='ocr_par' dir='ltr' id='par_1_19' title="bbox 232 1180 3273 1254">
     <span class='ocr_line' id='line_1_19' title="bbox 232 1180 3273 1254; baseline 0.001 -18"><span class='ocrx_word' id='word_1_123' title='bbox 232 1196 298 1236; x_wconf 87' lang='lat' dir='ltr'><strong>eo</strong></span> <span class='ocrx_word' id='word_1_124' title='bbox 325 1183 474 1253; x_wconf 88' lang='lat' dir='ltr'><strong>quod</strong></span> <span class='ocrx_word' id='word_1_125' title='bbox 504 1181 861 1253; x_wconf 90' lang='lat' dir='ltr'><strong>ccrruptibile</strong></span> <span class='ocrx_word' id='word_1_126' title='bbox 888 1189 942 1236; x_wconf 89' lang='lat' dir='ltr'><strong>et</strong></span> <span class='ocrx_word' id='word_1_127' title='bbox 970 1182 1201 1235; x_wconf 88' lang='lat' dir='ltr'><strong>mortale</strong></span> <span class='ocrx_word' id='word_1_128' title='bbox 1226 1186 1362 1248; x_wconf 85' lang='lat' dir='ltr'><strong>erat,</strong></span> <span class='ocrx_word' id='word_1_129' title='bbox 1404 1181 1459 1234; x_wconf 92' lang='lat' dir='ltr'><strong>in</strong></span> <span class='ocrx_word' id='word_1_130' title='bbox 1492 1180 2066 1251; x_wconf 89' lang='lat' dir='ltr'><strong>incorruptibilitatem</strong></span> <span class='ocrx_word' id='word_1_131' title='bbox 2098 1188 2152 1236; x_wconf 89' lang='lat' dir='ltr'><strong>et</strong></span> <span class='ocrx_word' id='word_1_132' title='bbox 2186 1183 2675 1248; x_wconf 74' lang='lat' dir='ltr'><strong>immortalitatem,</strong></span> <span class='ocrx_word' id='word_1_133' title='bbox 2709 1200 2802 1254; x_wconf 91' lang='lat' dir='ltr'><strong>per</strong></span> <span class='ocrx_word' id='word_1_134' title='bbox 2844 1183 3034 1239; x_wconf 88' lang='lat' dir='ltr'><strong>Deum.</strong></span> <span class='ocrx_word' id='word_1_135' title='bbox 3074 1184 3273 1240; x_wconf 82' lang='lat' dir='ltr'><strong>Amen.</strong></span> 
     </span>
    </p>
   </div>
   <div class='ocr_carea' id='block_1_20' title="bbox 232 1317 3496 1393">
    <p class='ocr_par' dir='ltr' id='par_1_20' title="bbox 232 1317 3496 1393">
     <span class='ocr_line' id='line_1_20' title="bbox 232 1317 3496 1393; baseline -0.001 -12"><span class='ocrx_word' id='word_1_136' title='bbox 232 1324 429 1393; x_wconf 84' lang='lat' dir='ltr'><strong>Incipit</strong></span> <span class='ocrx_word' id='word_1_137' title='bbox 463 1323 743 1378; x_wconf 81' lang='lat' dir='ltr'><strong>Athanasii</strong></span> <span class='ocrx_word' id='word_1_138' title='bbox 770 1321 1016 1391; x_wconf 78' lang='lat' dir='ltr'><strong>epistola,</strong></span> <span class='ocrx_word' id='word_1_139' title='bbox 1048 1330 1094 1375; x_wconf 87' lang='lat' dir='ltr'><strong>et</strong></span> <span class='ocrx_word' id='word_1_140' title='bbox 1135 1318 1510 1393; x_wconf 43' lang='lat' dir='ltr'><strong>{Egyptiorum</strong></span> <span class='ocrx_word' id='word_1_141' title='bbox 1540 1319 1872 1393; x_wconf 78' lang='lat' dir='ltr'><strong>pontiﬁcum,</strong></span> <span class='ocrx_word' id='word_1_142' title='bbox 1908 1319 1978 1373; x_wconf 83' lang='lat' dir='ltr'><strong>ad</strong></span> <span class='ocrx_word' id='word_1_143' title='bbox 2008 1317 2256 1393; x_wconf 67' lang='lat' dir='ltr'><strong>Marcum</strong></span> <span class='ocrx_word' id='word_1_144' title='bbox 2292 1318 2499 1393; x_wconf 73' lang='lat' dir='ltr'><strong>Papam</strong></span> <span class='ocrx_word' id='word_1_145' title='bbox 2522 1336 2618 1388; x_wconf 87' lang='lat' dir='ltr'><strong>pro</strong></span> <span class='ocrx_word' id='word_1_146' title='bbox 2646 1322 3035 1391; x_wconf 68' lang='lat' dir='ltr'><strong>exemplaribus</strong></span> <span class='ocrx_word' id='word_1_147' title='bbox 3069 1321 3279 1378; x_wconf 69' lang='lat' dir='ltr'><strong>Nicaéni</strong></span> <span class='ocrx_word' id='word_1_148' title='bbox 3319 1326 3496 1380; x_wconf 87' lang='lat' dir='ltr'><strong>conci-</strong></span> 
     </span>
    </p>
   </div>
   <div class='ocr_carea' id='block_1_21' title="bbox 1143 1390 2572 1460">
    <p class='ocr_par' dir='ltr' id='par_1_21' title="bbox 1143 1390 2572 1460">
     <span class='ocr_line' id='line_1_21' title="bbox 1143 1390 2572 1460; baseline 0 -15"><span class='ocrx_word' id='word_1_149' title='bbox 1143 1391 1224 1457; x_wconf 79' lang='lat' dir='ltr'><strong>lii,</strong></span> <span class='ocrx_word' id='word_1_150' title='bbox 1251 1391 1378 1460; x_wconf 85' lang='lat' dir='ltr'><strong>quia</strong></span> <span class='ocrx_word' id='word_1_151' title='bbox 1404 1391 1596 1444; x_wconf 77' lang='lat' dir='ltr'><strong>Ariani</strong></span> <span class='ocrx_word' id='word_1_152' title='bbox 1623 1406 1807 1445; x_wconf 87' lang='lat' dir='ltr'><strong>eorum</strong></span> <span class='ocrx_word' id='word_1_153' title='bbox 1850 1391 2178 1460; x_wconf 67' lang='lat' dir='ltr'><strong>exemplaria</strong></span> <span class='ocrx_word' id='word_1_154' title='bbox 2210 1390 2572 1445; x_wconf 81' lang='lat' dir='ltr'><strong>incenderant.</strong></span> 
     </span>
    </p>
   </div>
   <div class='ocr_carea' id='block_1_22' title="bbox 303 1522 1816 1604">
    <p class='ocr_par' dir='ltr' id='par_1_22' title="bbox 303 1522 1816 1604">
     <span class='ocr_line' id='line_1_22' title="bbox 303 1522 1816 1604; baseline -0.005 -12"><span class='ocrx_word' id='word_1_155' title='bbox 303 1535 536 1592; x_wconf 91' lang='lat' dir='ltr'><strong>Domino</strong></span> <span class='ocrx_word' id='word_1_156' title='bbox 560 1542 772 1600; x_wconf 88' lang='lat' dir='ltr'><strong>sancto,</strong></span> <span class='ocrx_word' id='word_1_157' title='bbox 797 1542 851 1589; x_wconf 91' lang='lat' dir='ltr'><strong>ct</strong></span> <span class='ocrx_word' id='word_1_158' title='bbox 876 1532 1164 1604; x_wconf 86' lang='lat' dir='ltr'><strong>apostolici</strong></span> <span class='ocrx_word' id='word_1_159' title='bbox 1194 1530 1455 1587; x_wconf 86' lang='lat' dir='ltr'><strong>culminis</strong></span> <span class='ocrx_word' id='word_1_160' title='bbox 1475 1522 1816 1596; x_wconf 82' lang='lat' dir='ltr'><strong>venerando,</strong></span> 
     </span>
    </p>
   </div>
   <div class='ocr_carea' id='block_1_23' title="bbox 231 1621 1819 1695">
    <p class='ocr_par' dir='ltr' id='par_1_23' title="bbox 231 1621 1819 1695">
     <span class='ocr_line' id='line_1_23' title="bbox 231 1621 1819 1695; baseline -0.004 -11"><span class='ocrx_word' id='word_1_161' title='bbox 231 1627 440 1695; x_wconf 77' lang='lat' dir='ltr'><strong>Marco,</strong></span> <span class='ocrx_word' id='word_1_162' title='bbox 476 1634 682 1681; x_wconf 73' lang='lat' dir='ltr'><strong>sanetae</strong></span> <span class='ocrx_word' id='word_1_163' title='bbox 711 1623 971 1679; x_wconf 69' lang='lat' dir='ltr'><strong>Romanaa</strong></span> <span class='ocrx_word' id='word_1_164' title='bbox 1001 1633 1056 1679; x_wconf 88' lang='lat' dir='ltr'><strong>et</strong></span> <span class='ocrx_word' id='word_1_165' title='bbox 1081 1623 1397 1694; x_wconf 68' lang='lat' dir='ltr'><strong>apostolicae</strong></span> <span class='ocrx_word' id='word_1_166' title='bbox 1440 1621 1612 1688; x_wconf 89' lang='lat' dir='ltr'><strong>sedis,</strong></span> <span class='ocrx_word' id='word_1_167' title='bbox 1647 1630 1819 1693; x_wconf 90' lang='lat' dir='ltr'><strong>atque</strong></span> 
     </span>
    </p>
   </div>
   <div class='ocr_carea' id='block_1_24' title="bbox 233 1714 1817 1786">
    <p class='ocr_par' dir='ltr' id='par_1_24' title="bbox 233 1714 1817 1786">
     <span class='ocr_line' id='line_1_24' title="bbox 233 1714 1817 1786; baseline -0.003 -12"><span class='ocrx_word' id='word_1_168' title='bbox 233 1716 561 1774; x_wconf 84' lang='lat' dir='ltr'><strong>universalis</strong></span> <span class='ocrx_word' id='word_1_169' title='bbox 615 1714 874 1771; x_wconf 85' lang='lat' dir='ltr'><strong>Ecclesiae</strong></span> <span class='ocrx_word' id='word_1_170' title='bbox 929 1731 1102 1786; x_wconf 68' lang='lat' dir='ltr'><strong>papae,</strong></span> <span class='ocrx_word' id='word_1_171' title='bbox 1130 1714 1465 1772; x_wconf 85' lang='lat' dir='ltr'><strong>Athanasius</strong></span> <span class='ocrx_word' id='word_1_172' title='bbox 1496 1723 1550 1771; x_wconf 92' lang='lat' dir='ltr'><strong>et</strong></span> <span class='ocrx_word' id='word_1_173' title='bbox 1573 1715 1817 1772; x_wconf 89' lang='lat' dir='ltr'><strong>universi</strong></span> 
     </span>
    </p>
   </div>
   <div class='ocr_carea' id='block_1_25' title="bbox 233 1809 911 1883">
    <p class='ocr_par' dir='ltr' id='par_1_25' title="bbox 233 1809 911 1883">
     <span class='ocr_line' id='line_1_25' title="bbox 233 1809 911 1883; baseline -0.003 -16"><span class='ocrx_word' id='word_1_174' title='bbox 233 1811 621 1883; x_wconf 68' lang='lat' dir='ltr'><strong>Egyptiorum</strong></span> <span class='ocrx_word' id='word_1_175' title='bbox 645 1809 911 1880; x_wconf 83' lang='lat' dir='ltr'><strong>episcopi.</strong></span> 
     </span>
    </p>
   </div>
   <div class='ocr_carea' id='block_1_26' title="bbox 300 1897 1816 1970">
    <p class='ocr_par' dir='ltr' id='par_1_26' title="bbox 300 1897 1816 1970">
     <span class='ocr_line' id='line_1_26' title="bbox 300 1897 1816 1970; baseline -0.003 -15"><span class='ocrx_word' id='word_1_176' title='bbox 300 1901 385 1956; x_wconf 83' lang='lat' dir='ltr'><strong>Ad</strong></span> <span class='ocrx_word' id='word_1_177' title='bbox 429 1916 532 1956; x_wconf 87' lang='lat' dir='ltr'><strong>vos</strong></span> <span class='ocrx_word' id='word_1_178' title='bbox 576 1898 893 1970; x_wconf 86' lang='lat' dir='ltr'><strong>pervenisse</strong></span> <span class='ocrx_word' id='word_1_179' title='bbox 944 1914 1052 1953; x_wconf 93' lang='lat' dir='ltr'><strong>non</strong></span> <span class='ocrx_word' id='word_1_180' title='bbox 1091 1897 1441 1965; x_wconf 86' lang='lat' dir='ltr'><strong>dubitamus,</strong></span> <span class='ocrx_word' id='word_1_181' title='bbox 1492 1904 1699 1969; x_wconf 88' lang='lat' dir='ltr'><strong>quanta</strong></span> <span class='ocrx_word' id='word_1_182' title='bbox 1761 1904 1816 1952; x_wconf 88' lang='lat' dir='ltr'><strong>et</strong></span> 
     </span>
    </p>
   </div>
   <div class='ocr_carea' id='block_1_27' title="bbox 232 1989 1817 2065">
    <p class='ocr_par' dir='ltr' id='par_1_27' title="bbox 232 1989 1817 2065">
     <span class='ocr_line' id='line_1_27' title="bbox 232 1989 1817 2065; baseline -0.001 -18"><span class='ocrx_word' id='word_1_183' title='bbox 232 1993 417 2065; x_wconf 80' lang='lat' dir='ltr'><strong>qualia</strong></span> <span class='ocrx_word' id='word_1_184' title='bbox 445 1991 515 2047; x_wconf 90' lang='lat' dir='ltr'><strong>ab</strong></span> <span class='ocrx_word' id='word_1_185' title='bbox 535 1990 829 2050; x_wconf 63' lang='lat' dir='ltr'><strong>haereticis.</strong></span> <span class='ocrx_word' id='word_1_186' title='bbox 851 2000 903 2044; x_wconf 89' lang='lat' dir='ltr'><strong>et</strong></span> <span class='ocrx_word' id='word_1_187' title='bbox 926 1990 1157 2044; x_wconf 80' lang='lat' dir='ltr'><strong>maxime</strong></span> <span class='ocrx_word' id='word_1_188' title='bbox 1186 1989 1255 2044; x_wconf 90' lang='lat' dir='ltr'><strong>ab</strong></span> <span class='ocrx_word' id='word_1_189' title='bbox 1298 1989 1538 2054; x_wconf 86' lang='lat' dir='ltr'><strong>Arianis,</strong></span> <span class='ocrx_word' id='word_1_190' title='bbox 1571 1989 1817 2060; x_wconf 85' lang='lat' dir='ltr'><strong>quotidie</strong></span> 
     </span>
    </p>
   </div>
   <div class='ocr_carea' id='block_1_28' title="bbox 232 2082 1812 2154">
    <p class='ocr_par' dir='ltr' id='par_1_28' title="bbox 232 2082 1812 2154">
     <span class='ocr_line' id='line_1_28' title="bbox 232 2082 1812 2154; baseline -0.003 -14"><span class='ocrx_word' id='word_1_191' title='bbox 232 2085 495 2154; x_wconf 84' lang='lat' dir='ltr'><strong>patimur.</strong></span> <span class='ocrx_word' id='word_1_192' title='bbox 530 2082 799 2150; x_wconf 86' lang='lat' dir='ltr'><strong>Quoniam</strong></span> <span class='ocrx_word' id='word_1_193' title='bbox 840 2082 895 2136; x_wconf 91' lang='lat' dir='ltr'><strong>in</strong></span> <span class='ocrx_word' id='word_1_194' title='bbox 949 2090 1159 2135; x_wconf 88' lang='lat' dir='ltr'><strong>tantum</strong></span> <span class='ocrx_word' id='word_1_195' title='bbox 1195 2082 1265 2137; x_wconf 88' lang='lat' dir='ltr'><strong>ab</strong></span> <span class='ocrx_word' id='word_1_196' title='bbox 1300 2082 1382 2137; x_wconf 90' lang='lat' dir='ltr'><strong>eis</strong></span> <span class='ocrx_word' id='word_1_197' title='bbox 1410 2083 1812 2153; x_wconf 88' lang='lat' dir='ltr'><strong>persequimur,</strong></span> 
     </span>
    </p>
   </div>
   <div class='ocr_carea' id='block_1_29' title="bbox 233 2173 1817 2245">
    <p class='ocr_par' dir='ltr' id='par_1_29' title="bbox 233 2173 1817 2245">
     <span class='ocr_line' id='line_1_29' title="bbox 233 2173 1817 2245; baseline 0.001 -13"><span class='ocrx_word' id='word_1_198' title='bbox 233 2185 291 2232; x_wconf 85' lang='lat' dir='ltr'><strong>ut</strong></span> <span class='ocrx_word' id='word_1_199' title='bbox 322 2177 488 2233; x_wconf 86' lang='lat' dir='ltr'><strong>etiam</strong></span> <span class='ocrx_word' id='word_1_200' title='bbox 518 2177 699 2231; x_wconf 77' lang='lat' dir='ltr'><strong>vivere</strong></span> <span class='ocrx_word' id='word_1_201' title='bbox 724 2175 836 2245; x_wconf 87' lang='lat' dir='ltr'><strong>jam</strong></span> <span class='ocrx_word' id='word_1_202' title='bbox 867 2190 968 2230; x_wconf 91' lang='lat' dir='ltr'><strong>nos</strong></span> <span class='ocrx_word' id='word_1_203' title='bbox 1004 2173 1198 2228; x_wconf 71' lang='lat' dir='ltr'><strong>taedeat</strong></span> <span class='ocrx_word' id='word_1_204' title='bbox 1230 2192 1244 2228; x_wconf 89' lang='lat'><strong>:</strong></span> <span class='ocrx_word' id='word_1_205' title='bbox 1276 2190 1399 2228; x_wconf 90' lang='lat' dir='ltr'><strong>nam</strong></span> <span class='ocrx_word' id='word_1_206' title='bbox 1431 2174 1657 2230; x_wconf 82' lang='lat' dir='ltr'><strong>instanti</strong></span> <span class='ocrx_word' id='word_1_207' title='bbox 1687 2182 1817 2233; x_wconf 83' lang='lat' dir='ltr'><strong>tem-</strong></span> 
     </span>
    </p>
   </div>
   <div class='ocr_carea' id='block_1_30' title="bbox 230 2266 1817 2341">
    <p class='ocr_par' dir='ltr' id='par_1_30' title="bbox 230 2266 1817 2341">
     <span class='ocr_line' id='line_1_30' title="bbox 230 2266 1817 2341; baseline 0.002 -18"><span class='ocrx_word' id='word_1_208' title='bbox 230 2284 384 2340; x_wconf 88' lang='lat' dir='ltr'><strong>pore,</strong></span> <span class='ocrx_word' id='word_1_209' title='bbox 421 2267 607 2323; x_wconf 90' lang='lat' dir='ltr'><strong>subito</strong></span> <span class='ocrx_word' id='word_1_210' title='bbox 657 2275 710 2321; x_wconf 92' lang='lat' dir='ltr'><strong>et</strong></span> <span class='ocrx_word' id='word_1_211' title='bbox 741 2266 1019 2336; x_wconf 87' lang='lat' dir='ltr'><strong>insperate</strong></span> <span class='ocrx_word' id='word_1_212' title='bbox 1060 2268 1114 2320; x_wconf 91' lang='lat' dir='ltr'><strong>in</strong></span> <span class='ocrx_word' id='word_1_213' title='bbox 1146 2282 1248 2322; x_wconf 89' lang='lat' dir='ltr'><strong>nos</strong></span> <span class='ocrx_word' id='word_1_214' title='bbox 1278 2267 1572 2333; x_wconf 86' lang='lat' dir='ltr'><strong>irruentes,</strong></span> <span class='ocrx_word' id='word_1_215' title='bbox 1605 2286 1817 2341; x_wconf 83' lang='lat' dir='ltr'><strong>nosque</strong></span> 
     </span>
    </p>
   </div>
   <div class='ocr_carea' id='block_1_31' title="bbox 226 2357 1817 2432">
    <p class='ocr_par' dir='ltr' id='par_1_31' title="bbox 226 2357 1817 2432">
     <span class='ocr_line' id='line_1_31' title="bbox 226 2357 1817 2432; baseline 0.001 -17"><span class='ocrx_word' id='word_1_216' title='bbox 226 2361 385 2432; x_wconf 79' lang='lat' dir='ltr'><strong>juxta</strong></span> <span class='ocrx_word' id='word_1_217' title='bbox 417 2368 745 2431; x_wconf 57' lang='lat' dir='ltr'><strong>praeceptum</strong></span> <span class='ocrx_word' id='word_1_218' title='bbox 781 2357 1021 2423; x_wconf 85' lang='lat' dir='ltr'><strong>Domini,</strong></span> <span class='ocrx_word' id='word_1_219' title='bbox 1053 2361 1145 2428; x_wconf 91' lang='lat' dir='ltr'><strong>qui</strong></span> <span class='ocrx_word' id='word_1_220' title='bbox 1188 2360 1263 2414; x_wconf 85' lang='lat' dir='ltr'><strong>ait</strong></span> <span class='ocrx_word' id='word_1_221' title='bbox 1291 2377 1304 2410; x_wconf 87' lang='lat'><strong><em>:</em></strong></span> <span class='ocrx_word' id='word_1_222' title='bbox 1344 2358 1405 2414; x_wconf 88' lang='lat' dir='ltr'><strong>Si</strong></span> <span class='ocrx_word' id='word_1_223' title='bbox 1437 2376 1526 2417; x_wconf 80' lang='lat' dir='ltr'><strong>vos</strong></span> <span class='ocrx_word' id='word_1_224' title='bbox 1559 2364 1817 2432; x_wconf 79' lang='lat' dir='ltr'><strong>persecuti</strong></span> 
     </span>
    </p>
   </div>
   <div class='ocr_carea' id='block_1_32' title="bbox 229 2450 1815 2527">
    <p class='ocr_par' dir='ltr' id='par_1_32' title="bbox 229 2450 1815 2527">
     <span class='ocr_line' id='line_1_32' title="bbox 229 2450 1815 2527; baseline 0.002 -20"><span class='ocrx_word' id='word_1_225' title='bbox 229 2452 431 2522; x_wconf 75' lang='lat' dir='ltr'><strong>fuerint</strong></span> <span class='ocrx_word' id='word_1_226' title='bbox 456 2452 509 2505; x_wconf 89' lang='lat' dir='ltr'><strong>in</strong></span> <span class='ocrx_word' id='word_1_227' title='bbox 532 2468 691 2505; x_wconf 88' lang='lat' dir='ltr'><strong>unam</strong></span> <span class='ocrx_word' id='word_1_228' title='bbox 710 2452 992 2517; x_wconf 83' lang='lat' dir='ltr'><strong>civitatem,</strong></span> <span class='ocrx_word' id='word_1_229' title='bbox 1021 2450 1184 2521; x_wconf 82' lang='lat' dir='ltr'><strong>fugite</strong></span> <span class='ocrx_word' id='word_1_230' title='bbox 1203 2453 1256 2504; x_wconf 86' lang='lat' dir='ltr'><strong>in</strong></span> <span class='ocrx_word' id='word_1_231' title='bbox 1279 2452 1446 2506; x_wconf 82' lang='lat' dir='ltr'><strong>aliam</strong></span> <span class='ocrx_word' id='word_1_232' title='bbox 1464 2455 1507 2485; x_wconf 72' lang='grc'><strong>³⁵⁷</strong></span> <span class='ocrx_word' id='word_1_233' title='bbox 1527 2473 1540 2517; x_wconf 87' lang='grc'><strong>;</strong></span> <span class='ocrx_word' id='word_1_234' title='bbox 1562 2455 1815 2527; x_wconf 87' lang='lat' dir='ltr'><strong>fugiendo</strong></span> 
     </span>
    </p>
   </div>
   <div class='ocr_carea' id='block_1_33' title="bbox 232 2541 1814 2616">
    <p class='ocr_par' dir='ltr' id='par_1_33' title="bbox 232 2541 1814 2616">
     <span class='ocr_line' id='line_1_33' title="bbox 232 2541 1814 2616; baseline 0.003 -18"><span class='ocrx_word' id='word_1_235' title='bbox 232 2553 459 2616; x_wconf 87' lang='lat' dir='ltr'><strong>propter</strong></span> <span class='ocrx_word' id='word_1_236' title='bbox 493 2541 702 2597; x_wconf 90' lang='lat' dir='ltr'><strong>cladem</strong></span> <span class='ocrx_word' id='word_1_237' title='bbox 760 2543 943 2612; x_wconf 90' lang='lat' dir='ltr'><strong>populi</strong></span> <span class='ocrx_word' id='word_1_238' title='bbox 976 2558 1070 2596; x_wconf 82' lang='lat' dir='ltr'><strong>eos</strong></span> <span class='ocrx_word' id='word_1_239' title='bbox 1106 2542 1468 2609; x_wconf 88' lang='lat' dir='ltr'><strong>declinantes,</strong></span> <span class='ocrx_word' id='word_1_240' title='bbox 1519 2563 1620 2603; x_wconf 87' lang='lat' dir='ltr'><strong>nos</strong></span> <span class='ocrx_word' id='word_1_241' title='bbox 1660 2565 1814 2604; x_wconf 88' lang='lat' dir='ltr'><strong>com-</strong></span> 
     </span>
    </p>
   </div>
   <div class='ocr_carea' id='block_1_34' title="bbox 232 2635 1813 2711">
    <p class='ocr_par' dir='ltr' id='par_1_34' title="bbox 232 2635 1813 2711">
     <span class='ocr_line' id='line_1_34' title="bbox 232 2635 1813 2711; baseline 0.003 -20"><span class='ocrx_word' id='word_1_242' title='bbox 232 2637 577 2709; x_wconf 84' lang='lat' dir='ltr'><strong>prehendere</strong></span> <span class='ocrx_word' id='word_1_243' title='bbox 601 2650 707 2690; x_wconf 92' lang='lat' dir='ltr'><strong>non</strong></span> <span class='ocrx_word' id='word_1_244' title='bbox 741 2637 1049 2698; x_wconf 84' lang='lat' dir='ltr'><strong>valuerunt,</strong></span> <span class='ocrx_word' id='word_1_245' title='bbox 1092 2635 1185 2690; x_wconf 91' lang='lat' dir='ltr'><strong>sed</strong></span> <span class='ocrx_word' id='word_1_246' title='bbox 1210 2640 1392 2693; x_wconf 87' lang='lat' dir='ltr'><strong>omnia</strong></span> <span class='ocrx_word' id='word_1_247' title='bbox 1425 2648 1612 2694; x_wconf 91' lang='lat' dir='ltr'><strong>nostra</strong></span> <span class='ocrx_word' id='word_1_248' title='bbox 1643 2640 1813 2711; x_wconf 90' lang='lat' dir='ltr'><strong>depo-</strong></span> 
     </span>
    </p>
   </div>
   <div class='ocr_carea' id='block_1_35' title="bbox 232 2725 1814 2807">
    <p class='ocr_par' dir='ltr' id='par_1_35' title="bbox 232 2725 1814 2807">
     <span class='ocr_line' id='line_1_35' title="bbox 232 2725 1814 2807; baseline 0.004 -26"><span class='ocrx_word' id='word_1_249' title='bbox 232 2727 406 2798; x_wconf 92' lang='lat' dir='ltr'><strong>pulati</strong></span> <span class='ocrx_word' id='word_1_250' title='bbox 431 2734 584 2807; x_wconf 82' lang='lat' dir='ltr'><strong>sunt.</strong></span> <span class='ocrx_word' id='word_1_251' title='bbox 616 2725 672 2781; x_wconf 89' lang='lat' dir='ltr'><strong>In</strong></span> <span class='ocrx_word' id='word_1_252' title='bbox 704 2734 916 2780; x_wconf 89' lang='lat' dir='ltr'><strong>tantum</strong></span> <span class='ocrx_word' id='word_1_253' title='bbox 945 2728 1109 2781; x_wconf 89' lang='lat' dir='ltr'><strong>etiam</strong></span> <span class='ocrx_word' id='word_1_254' title='bbox 1142 2739 1329 2785; x_wconf 87' lang='lat' dir='ltr'><strong>nostra</strong></span> <span class='ocrx_word' id='word_1_255' title='bbox 1358 2740 1727 2795; x_wconf 87' lang='lat' dir='ltr'><strong>vastaverunt,</strong></span> <span class='ocrx_word' id='word_1_256' title='bbox 1754 2742 1814 2788; x_wconf 91' lang='lat' dir='ltr'><strong>ut</strong></span> 
     </span>
    </p>
   </div>
   <div class='ocr_carea' id='block_1_36' title="bbox 231 2820 1817 2895">
    <p class='ocr_par' dir='ltr' id='par_1_36' title="bbox 231 2820 1817 2895">
     <span class='ocr_line' id='line_1_36' title="bbox 231 2820 1817 2895; baseline 0.005 -21"><span class='ocrx_word' id='word_1_257' title='bbox 231 2835 333 2875; x_wconf 87' lang='lat' dir='ltr'><strong>nec</strong></span> <span class='ocrx_word' id='word_1_258' title='bbox 352 2820 546 2881; x_wconf 82' lang='lat' dir='ltr'><strong>libros,</strong></span> <span class='ocrx_word' id='word_1_259' title='bbox 575 2836 675 2874; x_wconf 86' lang='lat' dir='ltr'><strong>nec</strong></span> <span class='ocrx_word' id='word_1_260' title='bbox 700 2821 1022 2874; x_wconf 85' lang='lat' dir='ltr'><strong>vestimenta</strong></span> <span class='ocrx_word' id='word_1_261' title='bbox 1051 2823 1448 2891; x_wconf 84' lang='lat' dir='ltr'><strong>ecclesiastica,</strong></span> <span class='ocrx_word' id='word_1_262' title='bbox 1481 2825 1694 2895; x_wconf 89' lang='lat' dir='ltr'><strong>aliaque</strong></span> <span class='ocrx_word' id='word_1_263' title='bbox 1731 2842 1817 2881; x_wconf 86' lang='lat' dir='ltr'><strong>or-</strong></span> 
     </span>
    </p>
   </div>
   <div class='ocr_carea' id='block_1_37' title="bbox 231 2912 1814 2980">
    <p class='ocr_par' dir='ltr' id='par_1_37' title="bbox 231 2912 1814 2980">
     <span class='ocr_line' id='line_1_37' title="bbox 231 2912 1814 2980; baseline 0.003 -15"><span class='ocrx_word' id='word_1_264' title='bbox 231 2919 511 2973; x_wconf 90' lang='lat' dir='ltr'><strong>namenta,</strong></span> <span class='ocrx_word' id='word_1_265' title='bbox 542 2927 642 2966; x_wconf 88' lang='lat' dir='ltr'><strong>nec</strong></span> <span class='ocrx_word' id='word_1_266' title='bbox 675 2912 883 2980; x_wconf 85' lang='lat' dir='ltr'><strong>reliqua</strong></span> <span class='ocrx_word' id='word_1_267' title='bbox 906 2913 1163 2968; x_wconf 64' lang='lat' dir='ltr'><strong>utensilia</strong></span> <span class='ocrx_word' id='word_1_268' title='bbox 1191 2915 1350 2969; x_wconf 89' lang='lat' dir='ltr'><strong>uobis</strong></span> <span class='ocrx_word' id='word_1_269' title='bbox 1379 2914 1814 2970; x_wconf 87' lang='lat' dir='ltr'><strong>dimiserint.Li-</strong></span> 
     </span>
    </p>
   </div>
   <div class='ocr_carea' id='block_1_38' title="bbox 229 3003 1814 3076">
    <p class='ocr_par' dir='ltr' id='par_1_38' title="bbox 229 3003 1814 3076">
     <span class='ocr_line' id='line_1_38' title="bbox 229 3003 1814 3076; baseline 0.004 -19"><span class='ocrx_word' id='word_1_270' title='bbox 229 3003 358 3058; x_wconf 82' lang='lat' dir='ltr'><strong>bros</strong></span> <span class='ocrx_word' id='word_1_271' title='bbox 401 3003 568 3075; x_wconf 79' lang='lat'><strong>599</strong></span> <span class='ocrx_word' id='word_1_272' title='bbox 597 3019 725 3058; x_wconf 86' lang='lat' dir='ltr'><strong>vero</strong></span> <span class='ocrx_word' id='word_1_273' title='bbox 757 3013 976 3060; x_wconf 84' lang='lat' dir='ltr'><strong>nostros</strong></span> <span class='ocrx_word' id='word_1_274' title='bbox 1004 3022 1175 3076; x_wconf 89' lang='lat' dir='ltr'><strong>usque</strong></span> <span class='ocrx_word' id='word_1_275' title='bbox 1202 3006 1268 3061; x_wconf 90' lang='lat' dir='ltr'><strong>ad</strong></span> <span class='ocrx_word' id='word_1_276' title='bbox 1307 3007 1592 3062; x_wconf 88' lang='lat' dir='ltr'><strong>minimum</strong></span> <span class='ocrx_word' id='word_1_277' title='bbox 1630 3008 1814 3063; x_wconf 90' lang='lat' dir='ltr'><strong>incen-</strong></span> 
     </span>
    </p>
   </div>
   <div class='ocr_carea' id='block_1_39' title="bbox 192 3096 1813 3204">
    <p class='ocr_par' dir='ltr' id='par_1_39' title="bbox 192 3096 1813 3204">
     <span class='ocr_line' id='line_1_39' title="bbox 192 3096 1813 3204; baseline 0.003 -54"><span class='ocrx_word' id='word_1_278' title='bbox 192 3096 444 3204; x_wconf 65' lang='lat' dir='ltr'><strong>.dentes,</strong></span> <span class='ocrx_word' id='word_1_279' title='bbox 476 3113 577 3150; x_wconf 83' lang='lat' dir='ltr'><strong>nec</strong></span> <span class='ocrx_word' id='word_1_280' title='bbox 605 3097 715 3150; x_wconf 92' lang='lat' dir='ltr'><strong>iota</strong></span> <span class='ocrx_word' id='word_1_281' title='bbox 761 3113 928 3152; x_wconf 90' lang='lat' dir='ltr'><strong>unum</strong></span> <span class='ocrx_word' id='word_1_282' title='bbox 977 3098 1370 3169; x_wconf 83' lang='lat' dir='ltr'><strong>relinquentes,</strong></span> <span class='ocrx_word' id='word_1_283' title='bbox 1416 3107 1641 3170; x_wconf 88' lang='lat' dir='ltr'><strong>propter</strong></span> <span class='ocrx_word' id='word_1_284' title='bbox 1669 3105 1813 3155; x_wconf 89' lang='lat' dir='ltr'><strong>veri-</strong></span> 
     </span>
    </p>
   </div>
   <div class='ocr_carea' id='block_1_40' title="bbox 228 3281 1806 3353">
    <p class='ocr_par' dir='ltr' id='par_1_40' title="bbox 228 3281 1806 3353">
     <span class='ocr_line' id='line_1_40' title="bbox 228 3281 1806 3353; baseline 0 -17"><span class='ocrx_word' id='word_1_285' title='bbox 228 3283 466 3353; x_wconf 90' lang='lat' dir='ltr'><strong>populus</strong></span> <span class='ocrx_word' id='word_1_286' title='bbox 501 3282 869 3345; x_wconf 87' lang='lat' dir='ltr'><strong>imbuebatur,</strong></span> <span class='ocrx_word' id='word_1_287' title='bbox 904 3290 958 3336; x_wconf 89' lang='lat' dir='ltr'><strong>et</strong></span> <span class='ocrx_word' id='word_1_288' title='bbox 991 3281 1226 3336; x_wconf 85' lang='lat' dir='ltr'><strong>maxime</strong></span> <span class='ocrx_word' id='word_1_289' title='bbox 1248 3281 1360 3351; x_wconf 85' lang='lat' dir='ltr'><strong>jam</strong></span> <span class='ocrx_word' id='word_1_290' title='bbox 1403 3282 1594 3336; x_wconf 82' lang='lat' dir='ltr'><strong>imbuti</strong></span> <span class='ocrx_word' id='word_1_291' title='bbox 1629 3291 1806 3347; x_wconf 87' lang='lat' dir='ltr'><strong>erant,</strong></span> 
     </span>
    </p>
   </div>
   <div class='ocr_carea' id='block_1_41' title="bbox 227 3374 1806 3439">
    <p class='ocr_par' dir='ltr' id='par_1_41' title="bbox 227 3374 1806 3439">
     <span class='ocr_line' id='line_1_41' title="bbox 227 3374 1806 3439; baseline 0.001 -13"><span class='ocrx_word' id='word_1_292' title='bbox 227 3374 283 3429; x_wconf 91' lang='lat' dir='ltr'><strong>in</strong></span> <span class='ocrx_word' id='word_1_293' title='bbox 311 3374 701 3428; x_wconf 76' lang='lat' dir='ltr'><strong>contumeliam</strong></span> <span class='ocrx_word' id='word_1_294' title='bbox 737 3383 981 3429; x_wconf 85' lang='lat' dir='ltr'><strong>nostram</strong></span> <span class='ocrx_word' id='word_1_295' title='bbox 999 3380 1052 3428; x_wconf 90' lang='lat' dir='ltr'><strong>ct</strong></span> <span class='ocrx_word' id='word_1_296' title='bbox 1073 3374 1316 3428; x_wconf 90' lang='lat' dir='ltr'><strong>omnium</strong></span> <span class='ocrx_word' id='word_1_297' title='bbox 1341 3374 1806 3439; x_wconf 87' lang='lat' dir='ltr'><strong>Christianorum,</strong></span> 
     </span>
    </p>
   </div>
   <div class='ocr_carea' id='block_1_42' title="bbox 227 3464 1809 3535">
    <p class='ocr_par' dir='ltr' id='par_1_42' title="bbox 227 3464 1809 3535">
     <span class='ocr_line' id='line_1_42' title="bbox 227 3464 1809 3535; baseline 0.002 -17"><span class='ocrx_word' id='word_1_298' title='bbox 227 3464 614 3521; x_wconf 87' lang='lat' dir='ltr'><strong>incenderunt.</strong></span> <span class='ocrx_word' id='word_1_299' title='bbox 653 3466 998 3535; x_wconf 87' lang='lat' dir='ltr'><strong>Quapropter</strong></span> <span class='ocrx_word' id='word_1_300' title='bbox 1030 3480 1350 3535; x_wconf 89' lang='lat' dir='ltr'><strong>precamur,</strong></span> <span class='ocrx_word' id='word_1_301' title='bbox 1396 3464 1558 3520; x_wconf 86' lang='lat' dir='ltr'><strong>Pater</strong></span> <span class='ocrx_word' id='word_1_302' title='bbox 1601 3466 1809 3521; x_wconf 78' lang='lat' dir='ltr'><strong>beatis-</strong></span> 
     </span>
    </p>
   </div>
   <div class='ocr_carea' id='block_1_43' title="bbox 227 3557 1811 3627">
    <p class='ocr_par' dir='ltr' id='par_1_43' title="bbox 227 3557 1811 3627">
     <span class='ocr_line' id='line_1_43' title="bbox 227 3557 1811 3627; baseline 0.001 -16"><span class='ocrx_word' id='word_1_303' title='bbox 227 3557 388 3622; x_wconf 89' lang='lat' dir='ltr'><strong>sime,</strong></span> <span class='ocrx_word' id='word_1_304' title='bbox 426 3558 557 3627; x_wconf 89' lang='lat' dir='ltr'><strong>quia</strong></span> <span class='ocrx_word' id='word_1_305' title='bbox 592 3573 700 3612; x_wconf 88' lang='lat' dir='ltr'><strong>non</strong></span> <span class='ocrx_word' id='word_1_306' title='bbox 747 3557 1063 3611; x_wconf 87' lang='lat' dir='ltr'><strong>dubitamus</strong></span> <span class='ocrx_word' id='word_1_307' title='bbox 1107 3558 1251 3627; x_wconf 88' lang='lat' dir='ltr'><strong>apud</strong></span> <span class='ocrx_word' id='word_1_308' title='bbox 1284 3572 1380 3611; x_wconf 89' lang='lat' dir='ltr'><strong>vos</strong></span> <span class='ocrx_word' id='word_1_309' title='bbox 1420 3557 1661 3626; x_wconf 86' lang='lat' dir='ltr'><strong>plenaria</strong></span> <span class='ocrx_word' id='word_1_310' title='bbox 1687 3572 1811 3613; x_wconf 86' lang='lat' dir='ltr'><strong>esse</strong></span> 
     </span>
    </p>
   </div>
   <div class='ocr_carea' id='block_1_44' title="bbox 226 3648 1811 3719">
    <p class='ocr_par' dir='ltr' id='par_1_44' title="bbox 226 3648 1811 3719">
     <span class='ocr_line' id='line_1_44' title="bbox 226 3648 1811 3719; baseline -0.002 -16"><span class='ocrx_word' id='word_1_311' title='bbox 226 3649 435 3705; x_wconf 74' lang='lat' dir='ltr'><strong>Nicaeni</strong></span> <span class='ocrx_word' id='word_1_312' title='bbox 490 3650 710 3704; x_wconf 89' lang='lat' dir='ltr'><strong>concilii</strong></span> <span class='ocrx_word' id='word_1_313' title='bbox 777 3648 1144 3719; x_wconf 85' lang='lat' dir='ltr'><strong>exemplaria,</strong></span> <span class='ocrx_word' id='word_1_314' title='bbox 1199 3655 1259 3702; x_wconf 91' lang='lat' dir='ltr'><strong>ut</strong></span> <span class='ocrx_word' id='word_1_315' title='bbox 1306 3648 1398 3701; x_wconf 88' lang='lat' dir='ltr'><strong>illa</strong></span> <span class='ocrx_word' id='word_1_316' title='bbox 1454 3648 1649 3714; x_wconf 90' lang='lat' dir='ltr'><strong>nobis,</strong></span> <span class='ocrx_word' id='word_1_317' title='bbox 1689 3662 1811 3717; x_wconf 60' lang='lat' dir='ltr'><strong>quas</strong></span> 
     </span>
    </p>
   </div>
   <div class='ocr_carea' id='block_1_45' title="bbox 228 3735 1808 3808">
    <p class='ocr_par' dir='ltr' id='par_1_45' title="bbox 228 3735 1808 3808">
     <span class='ocr_line' id='line_1_45' title="bbox 228 3735 1808 3808; baseline -0.004 -14"><span class='ocrx_word' id='word_1_318' title='bbox 228 3749 438 3794; x_wconf 68' lang='lat' dir='ltr'><strong>sanctae</strong></span> <span class='ocrx_word' id='word_1_319' title='bbox 463 3739 864 3794; x_wconf 82' lang='lat' dir='ltr'><strong>recordationis</strong></span> <span class='ocrx_word' id='word_1_320' title='bbox 894 3738 1312 3807; x_wconf 71' lang='lat' dir='ltr'><strong>prmdecessoris</strong></span> <span class='ocrx_word' id='word_1_321' title='bbox 1346 3737 1511 3792; x_wconf 79' lang='lat' dir='ltr'><strong>vestri</strong></span> <span class='ocrx_word' id='word_1_322' title='bbox 1545 3735 1808 3808; x_wconf 75' lang='lat' dir='ltr'><strong>Sylvcstri</strong></span> 
     </span>
    </p>
   </div>
   <div class='ocr_carea' id='block_1_46' title="bbox 223 3828 1810 3898">
    <p class='ocr_par' dir='ltr' id='par_1_46' title="bbox 223 3828 1810 3898">
     <span class='ocr_line' id='line_1_46' title="bbox 223 3828 1810 3898; baseline -0.003 -13"><span class='ocrx_word' id='word_1_323' title='bbox 223 3832 474 3892; x_wconf 88' lang='lat' dir='ltr'><strong>fuerunt,</strong></span> <span class='ocrx_word' id='word_1_324' title='bbox 506 3831 611 3885; x_wconf 85' lang='lat' dir='ltr'><strong>sub</strong></span> <span class='ocrx_word' id='word_1_325' title='bbox 636 3838 750 3883; x_wconf 90' lang='lat' dir='ltr'><strong>tuta</strong></span> <span class='ocrx_word' id='word_1_326' title='bbox 778 3829 1008 3883; x_wconf 90' lang='lat' dir='ltr'><strong>mittatis</strong></span> <span class='ocrx_word' id='word_1_327' title='bbox 1040 3828 1564 3898; x_wconf 79' lang='lat' dir='ltr'><strong>stipulationc.Nam</strong></span> <span class='ocrx_word' id='word_1_328' title='bbox 1588 3828 1810 3898; x_wconf 85' lang='lat' dir='ltr'><strong>quando</strong></span> 
     </span>
    </p>
   </div>
   <div class='ocr_carea' id='block_1_47' title="bbox 222 3920 1806 3994">
    <p class='ocr_par' dir='ltr' id='par_1_47' title="bbox 222 3920 1806 3994">
     <span class='ocr_line' id='line_1_47' title="bbox 222 3920 1806 3994; baseline -0.003 -16"><span class='ocrx_word' id='word_1_329' title='bbox 222 3924 503 3994; x_wconf 57' lang='lat' dir='ltr'><strong>praedicta:</strong></span> <span class='ocrx_word' id='word_1_330' title='bbox 567 3920 778 3993; x_wconf 83' lang='lat' dir='ltr'><strong>synodo</strong></span> <span class='ocrx_word' id='word_1_331' title='bbox 820 3937 945 3976; x_wconf 93' lang='lat' dir='ltr'><strong>cum</strong></span> <span class='ocrx_word' id='word_1_332' title='bbox 996 3920 1254 3992; x_wconf 86' lang='lat' dir='ltr'><strong>pontiﬁce</strong></span> <span class='ocrx_word' id='word_1_333' title='bbox 1302 3929 1531 3987; x_wconf 86' lang='lat' dir='ltr'><strong>nostro,</strong></span> <span class='ocrx_word' id='word_1_334' title='bbox 1589 3920 1645 3974; x_wconf 93' lang='lat' dir='ltr'><strong>id</strong></span> <span class='ocrx_word' id='word_1_335' title='bbox 1686 3929 1806 3986; x_wconf 89' lang='lat' dir='ltr'><strong>est,</strong></span> 
     </span>
    </p>
   </div>
   <div class='ocr_carea' id='block_1_48' title="bbox 221 4016 1811 4087">
    <p class='ocr_par' dir='ltr' id='par_1_48' title="bbox 221 4016 1811 4087">
     <span class='ocr_line' id='line_1_48' title="bbox 221 4016 1811 4087; baseline 0.001 -18"><span class='ocrx_word' id='word_1_336' title='bbox 221 4016 617 4071; x_wconf 66' lang='lat' dir='ltr'><strong>Alexandrina:</strong></span> <span class='ocrx_word' id='word_1_337' title='bbox 665 4032 874 4087; x_wconf 78' lang='lat' dir='ltr'><strong>magnae</strong></span> <span class='ocrx_word' id='word_1_338' title='bbox 909 4017 1148 4072; x_wconf 85' lang='lat' dir='ltr'><strong>civitatis</strong></span> <span class='ocrx_word' id='word_1_339' title='bbox 1190 4016 1486 4086; x_wconf 86' lang='lat' dir='ltr'><strong>episcopo,</strong></span> <span class='ocrx_word' id='word_1_340' title='bbox 1529 4017 1583 4070; x_wconf 89' lang='lat' dir='ltr'><strong>in</strong></span> <span class='ocrx_word' id='word_1_341' title='bbox 1626 4016 1811 4071; x_wconf 86' lang='lat' dir='ltr'><strong>diaco-</strong></span> 
     </span>
    </p>
   </div>
   <div class='ocr_carea' id='block_1_49' title="bbox 221 4108 1811 4178">
    <p class='ocr_par' dir='ltr' id='par_1_49' title="bbox 221 4108 1811 4178">
     <span class='ocr_line' id='line_1_49' title="bbox 221 4108 1811 4178; baseline 0.001 -16"><span class='ocrx_word' id='word_1_342' title='bbox 221 4116 392 4163; x_wconf 87' lang='lat' dir='ltr'><strong>natus</strong></span> <span class='ocrx_word' id='word_1_343' title='bbox 438 4108 791 4162; x_wconf 74' lang='lat' dir='ltr'><strong>interfuimus</strong></span> <span class='ocrx_word' id='word_1_344' title='bbox 845 4110 1057 4175; x_wconf 84' lang='lat' dir='ltr'><strong>ollieio,</strong></span> <span class='ocrx_word' id='word_1_345' title='bbox 1108 4109 1211 4163; x_wconf 87' lang='lat' dir='ltr'><strong>sub</strong></span> <span class='ocrx_word' id='word_1_346' title='bbox 1260 4120 1459 4164; x_wconf 56' lang='lat' dir='ltr'><strong>nostra</strong></span> <span class='ocrx_word' id='word_1_347' title='bbox 1509 4110 1811 4178; x_wconf 74' lang='lat' dir='ltr'><strong>praesentiae</strong></span> 
     </span>
    </p>
   </div>
   <div class='ocr_carea' id='block_1_50' title="bbox 220 4195 1811 4269">
    <p class='ocr_par' dir='ltr' id='par_1_50' title="bbox 220 4195 1811 4269">
     <span class='ocr_line' id='line_1_50' title="bbox 220 4195 1811 4269; baseline 0 -19"><span class='ocrx_word' id='word_1_348' title='bbox 220 4197 576 4265; x_wconf 86' lang='lat' dir='ltr'><strong>testimonio,</strong></span> <span class='ocrx_word' id='word_1_349' title='bbox 598 4213 696 4268; x_wconf 88' lang='lat' dir='ltr'><strong>per</strong></span> <span class='ocrx_word' id='word_1_350' title='bbox 728 4199 915 4253; x_wconf 88' lang='lat' dir='ltr'><strong>beatos</strong></span> <span class='ocrx_word' id='word_1_351' title='bbox 941 4196 1400 4263; x_wconf 87' lang='lat' dir='ltr'><strong>viros,Vietorem</strong></span> <span class='ocrx_word' id='word_1_352' title='bbox 1428 4195 1726 4269; x_wconf 78' lang='lat' dir='ltr'><strong>[Vitonem]</strong></span> <span class='ocrx_word' id='word_1_353' title='bbox 1757 4209 1811 4252; x_wconf 89' lang='lat' dir='ltr'><strong>et</strong></span> 
     </span>
    </p>
   </div>
   <div class='ocr_carea' id='block_1_51' title="bbox 224 4285 1805 4357">
    <p class='ocr_par' dir='ltr' id='par_1_51' title="bbox 224 4285 1805 4357">
     <span class='ocr_line' id='line_1_51' title="bbox 224 4285 1805 4357; baseline 0 -19"><span class='ocrx_word' id='word_1_354' title='bbox 224 4286 577 4341; x_wconf 84' lang='lat' dir='ltr'><strong>Vincentium</strong></span> <span class='ocrx_word' id='word_1_355' title='bbox 596 4286 965 4356; x_wconf 86' lang='lat' dir='ltr'><strong>presbyteros,</strong></span> <span class='ocrx_word' id='word_1_356' title='bbox 999 4287 1313 4355; x_wconf 83' lang='lat' dir='ltr'><strong>apostolicae</strong></span> <span class='ocrx_word' id='word_1_357' title='bbox 1342 4286 1487 4342; x_wconf 86' lang='lat' dir='ltr'><strong>sedis</strong></span> <span class='ocrx_word' id='word_1_358' title='bbox 1512 4285 1805 4357; x_wconf 87' lang='lat' dir='ltr'><strong>apocrisia-</strong></span> 
     </span>
    </p>
   </div>
   <div class='ocr_carea' id='block_1_52' title="bbox 220 4378 1812 4449">
    <p class='ocr_par' dir='ltr' id='par_1_52' title="bbox 220 4378 1812 4449">
     <span class='ocr_line' id='line_1_52' title="bbox 220 4378 1812 4449; baseline -0.001 -14"><span class='ocrx_word' id='word_1_359' title='bbox 220 4381 363 4445; x_wconf 87' lang='lat' dir='ltr'><strong>rios,</strong></span> <span class='ocrx_word' id='word_1_360' title='bbox 385 4381 555 4436; x_wconf 89' lang='lat' dir='ltr'><strong>missa</strong></span> <span class='ocrx_word' id='word_1_361' title='bbox 571 4385 699 4433; x_wconf 84' lang='lat' dir='ltr'><strong>sunt</strong></span> <span class='ocrx_word' id='word_1_362' title='bbox 716 4378 972 4449; x_wconf 70' lang='lat' dir='ltr'><strong>praedicto</strong></span> <span class='ocrx_word' id='word_1_363' title='bbox 990 4393 1143 4449; x_wconf 78' lang='lat' dir='ltr'><strong>papa:</strong></span> <span class='ocrx_word' id='word_1_364' title='bbox 1160 4378 1437 4449; x_wconf 89' lang='lat' dir='ltr'><strong>Sylvcstro</strong></span> <span class='ocrx_word' id='word_1_365' title='bbox 1461 4393 1584 4433; x_wconf 91' lang='lat' dir='ltr'><strong>cum</strong></span> <span class='ocrx_word' id='word_1_366' title='bbox 1607 4378 1812 4448; x_wconf 87' lang='lat' dir='ltr'><strong>astipu-</strong></span> 
     </span>
    </p>
   </div>
   <div class='ocr_carea' id='block_1_53' title="bbox 222 4470 1813 4543">
    <p class='ocr_par' dir='ltr' id='par_1_53' title="bbox 222 4470 1813 4543">
     <span class='ocr_line' id='line_1_53' title="bbox 222 4470 1813 4543; baseline -0.003 -14"><span class='ocrx_word' id='word_1_367' title='bbox 222 4476 431 4529; x_wconf 88' lang='lat' dir='ltr'><strong>latione</strong></span> <span class='ocrx_word' id='word_1_368' title='bbox 456 4473 704 4529; x_wconf 84' lang='lat' dir='ltr'><strong>subnexa</strong></span> <span class='ocrx_word' id='word_1_369' title='bbox 733 4472 1096 4543; x_wconf 86' lang='lat' dir='ltr'><strong>capitulorum</strong></span> <span class='ocrx_word' id='word_1_370' title='bbox 1123 4472 1487 4542; x_wconf 79' lang='lat' dir='ltr'><strong>septuaginta.</strong></span> <span class='ocrx_word' id='word_1_371' title='bbox 1508 4470 1651 4528; x_wconf 88' lang='lat' dir='ltr'><strong>Sane</strong></span> <span class='ocrx_word' id='word_1_372' title='bbox 1672 4486 1813 4541; x_wconf 71' lang='lat' dir='ltr'><strong>pras-</strong></span> 
     </span>
    </p>
   </div>
   <div class='ocr_carea' id='block_1_54' title="bbox 1921 1529 3495 1602">
    <p class='ocr_par' dir='ltr' id='par_1_54' title="bbox 1921 1529 3495 1602">
     <span class='ocr_line' id='line_1_54' title="bbox 1921 1529 3495 1602; baseline 0.003 -17"><span class='ocrx_word' id='word_1_373' title='bbox 1921 1544 2154 1602; x_wconf 85' lang='lat' dir='ltr'><strong>guarum</strong></span> <span class='ocrx_word' id='word_1_374' title='bbox 2201 1530 2571 1601; x_wconf 81' lang='lat' dir='ltr'><strong>septuaginta,</strong></span> <span class='ocrx_word' id='word_1_375' title='bbox 2600 1529 2736 1584; x_wconf 90' lang='lat' dir='ltr'><strong>tanti</strong></span> <span class='ocrx_word' id='word_1_376' title='bbox 2771 1537 2825 1586; x_wconf 90' lang='lat' dir='ltr'><strong>et</strong></span> <span class='ocrx_word' id='word_1_377' title='bbox 2875 1541 2984 1588; x_wconf 89' lang='lat' dir='ltr'><strong>tam</strong></span> <span class='ocrx_word' id='word_1_378' title='bbox 3015 1533 3334 1588; x_wconf 80' lang='lat' dir='ltr'><strong>excellentis</strong></span> <span class='ocrx_word' id='word_1_379' title='bbox 3361 1548 3495 1589; x_wconf 87' lang='lat' dir='ltr'><strong>con-</strong></span> 
     </span>
    </p>
   </div>
   <div class='ocr_carea' id='block_1_55' title="bbox 1920 1623 3492 1696">
    <p class='ocr_par' dir='ltr' id='par_1_55' title="bbox 1920 1623 3492 1696">
     <span class='ocr_line' id='line_1_55' title="bbox 1920 1623 3492 1696; baseline 0.002 -19"><span class='ocrx_word' id='word_1_380' title='bbox 1920 1623 2030 1678; x_wconf 91' lang='lat' dir='ltr'><strong>cilii</strong></span> <span class='ocrx_word' id='word_1_381' title='bbox 2083 1623 2275 1679; x_wconf 88' lang='lat' dir='ltr'><strong>ﬁerent</strong></span> <span class='ocrx_word' id='word_1_382' title='bbox 2323 1624 2584 1694; x_wconf 87' lang='lat' dir='ltr'><strong>capitula,</strong></span> <span class='ocrx_word' id='word_1_383' title='bbox 2634 1639 2759 1696; x_wconf 70' lang='lat' dir='ltr'><strong>qua:</strong></span> <span class='ocrx_word' id='word_1_384' title='bbox 2792 1640 3008 1680; x_wconf 91' lang='lat' dir='ltr'><strong>omnem</strong></span> <span class='ocrx_word' id='word_1_385' title='bbox 3056 1625 3492 1680; x_wconf 84' lang='lat' dir='ltr'><strong>Christianorum</strong></span> 
     </span>
    </p>
   </div>
   <div class='ocr_carea' id='block_1_56' title="bbox 1918 1716 3493 1785">
    <p class='ocr_par' dir='ltr' id='par_1_56' title="bbox 1918 1716 3493 1785">
     <span class='ocr_line' id='line_1_56' title="bbox 1918 1716 3493 1785; baseline 0.001 -13"><span class='ocrx_word' id='word_1_386' title='bbox 1918 1716 2282 1772; x_wconf 83' lang='lat' dir='ltr'><strong>inlormarent</strong></span> <span class='ocrx_word' id='word_1_387' title='bbox 2340 1717 2530 1773; x_wconf 88' lang='lat' dir='ltr'><strong>orbem</strong></span> <span class='ocrx_word' id='word_1_388' title='bbox 2559 1759 2575 1785; x_wconf 92' lang='lat'><strong>,</strong></span> <span class='ocrx_word' id='word_1_389' title='bbox 2629 1727 2684 1774; x_wconf 87' lang='lat' dir='ltr'><strong>et</strong></span> <span class='ocrx_word' id='word_1_390' title='bbox 2736 1733 2929 1774; x_wconf 91' lang='lat' dir='ltr'><strong>omnes</strong></span> <span class='ocrx_word' id='word_1_391' title='bbox 3000 1719 3104 1775; x_wconf 85' lang='lat' dir='ltr'><strong>sub</strong></span> <span class='ocrx_word' id='word_1_392' title='bbox 3169 1720 3493 1775; x_wconf 84' lang='lat' dir='ltr'><strong>sacerdotali</strong></span> 
     </span>
    </p>
   </div>
   <div class='ocr_carea' id='block_1_57' title="bbox 1850 1805 3493 1895">
    <p class='ocr_par' dir='ltr' id='par_1_57' title="bbox 1850 1805 3493 1895">
     <span class='ocr_line' id='line_1_57' title="bbox 1850 1805 3493 1895; baseline 0 -35"><span class='ocrx_word' id='word_1_393' title='bbox 1850 1840 1893 1895; x_wconf 77' lang='grc' dir='ltr'>Β</span> <span class='ocrx_word' id='word_1_394' title='bbox 1920 1806 2162 1871; x_wconf 91' lang='lat' dir='ltr'><strong>nomine,</strong></span> <span class='ocrx_word' id='word_1_395' title='bbox 2194 1814 2248 1861; x_wconf 90' lang='lat' dir='ltr'><strong>et</strong></span> <span class='ocrx_word' id='word_1_396' title='bbox 2281 1805 2597 1863; x_wconf 84' lang='lat' dir='ltr'><strong>Christiano</strong></span> <span class='ocrx_word' id='word_1_397' title='bbox 2637 1805 2921 1878; x_wconf 73' lang='lat' dir='ltr'><strong>degentes,</strong></span> <span class='ocrx_word' id='word_1_398' title='bbox 2960 1822 3070 1862; x_wconf 93' lang='lat' dir='ltr'><strong>una</strong></span> <span class='ocrx_word' id='word_1_399' title='bbox 3113 1807 3269 1866; x_wconf 88' lang='lat' dir='ltr'><strong>ﬁdes.</strong></span> <span class='ocrx_word' id='word_1_400' title='bbox 3303 1816 3357 1862; x_wconf 88' lang='lat' dir='ltr'><strong>et</strong></span> <span class='ocrx_word' id='word_1_401' title='bbox 3386 1823 3493 1861; x_wconf 88' lang='lat' dir='ltr'><strong>una</strong></span> 
     </span>
    </p>
   </div>
   <div class='ocr_carea' id='block_1_58' title="bbox 1918 1899 3494 1973">
    <p class='ocr_par' dir='ltr' id='par_1_58' title="bbox 1918 1899 3494 1973">
     <span class='ocr_line' id='line_1_58' title="bbox 1918 1899 3494 1973; baseline 0.001 -19"><span class='ocrx_word' id='word_1_402' title='bbox 1918 1899 2281 1958; x_wconf 87' lang='lat' dir='ltr'><strong>sacerdotalis</strong></span> <span class='ocrx_word' id='word_1_403' title='bbox 2310 1909 2522 1973; x_wconf 89' lang='lat' dir='ltr'><strong>regeret</strong></span> <span class='ocrx_word' id='word_1_404' title='bbox 2547 1915 2734 1956; x_wconf 85' lang='lat' dir='ltr'><strong>norma</strong></span> <span class='ocrx_word' id='word_1_405' title='bbox 2761 1899 2897 1971; x_wconf 77' lang='lat'><strong>(52),</strong></span> <span class='ocrx_word' id='word_1_406' title='bbox 2929 1916 3030 1956; x_wconf 91' lang='lat' dir='ltr'><strong>nec</strong></span> <span class='ocrx_word' id='word_1_407' title='bbox 3062 1901 3295 1972; x_wconf 87' lang='lat' dir='ltr'><strong>quisque</strong></span> <span class='ocrx_word' id='word_1_408' title='bbox 3320 1915 3351 1954; x_wconf 88' lang='lat' dir='ltr'><strong>a</strong></span> <span class='ocrx_word' id='word_1_409' title='bbox 3392 1916 3494 1955; x_wconf 84' lang='lat' dir='ltr'><strong>suo</strong></span> 
     </span>
    </p>
   </div>
   <div class='ocr_carea' id='block_1_59' title="bbox 1916 1991 3492 2065">
    <p class='ocr_par' dir='ltr' id='par_1_59' title="bbox 1916 1991 3492 2065">
     <span class='ocr_line' id='line_1_59' title="bbox 1916 1991 3492 2065; baseline -0.001 -16"><span class='ocrx_word' id='word_1_410' title='bbox 1916 1991 2206 2051; x_wconf 84' lang='lat' dir='ltr'><strong>dissideret</strong></span> <span class='ocrx_word' id='word_1_411' title='bbox 2240 1995 2437 2065; x_wconf 87' lang='lat' dir='ltr'><strong>capite.</strong></span> <span class='ocrx_word' id='word_1_412' title='bbox 2475 1992 2631 2048; x_wconf 87' lang='lat' dir='ltr'><strong>Nunc</strong></span> <span class='ocrx_word' id='word_1_413' title='bbox 2659 2009 2824 2064; x_wconf 86' lang='lat' dir='ltr'><strong>ergo,</strong></span> <span class='ocrx_word' id='word_1_414' title='bbox 2879 1995 3006 2064; x_wconf 86' lang='lat' dir='ltr'><strong>quia</strong></span> <span class='ocrx_word' id='word_1_415' title='bbox 3027 2034 3043 2059; x_wconf 95' lang='lat'><strong>,</strong></span> <span class='ocrx_word' id='word_1_416' title='bbox 3077 2001 3139 2049; x_wconf 92' lang='lat' dir='ltr'><strong>ut</strong></span> <span class='ocrx_word' id='word_1_417' title='bbox 3176 1994 3492 2065; x_wconf 76' lang='lat' dir='ltr'><strong>prmdietum</strong></span> 
     </span>
    </p>
   </div>
   <div class='ocr_carea' id='block_1_60' title="bbox 1917 2085 3488 2151">
    <p class='ocr_par' dir='ltr' id='par_1_60' title="bbox 1917 2085 3488 2151">
     <span class='ocr_line' id='line_1_60' title="bbox 1917 2085 3488 2151; baseline 0 -9"><span class='ocrx_word' id='word_1_418' title='bbox 1917 2095 2021 2151; x_wconf 88' lang='lat' dir='ltr'><strong>est,</strong></span> <span class='ocrx_word' id='word_1_419' title='bbox 2046 2087 2253 2142; x_wconf 90' lang='lat' dir='ltr'><strong>inimici</strong></span> <span class='ocrx_word' id='word_1_420' title='bbox 2286 2096 2493 2142; x_wconf 71' lang='lat' dir='ltr'><strong>sancta:</strong></span> <span class='ocrx_word' id='word_1_421' title='bbox 2518 2086 2610 2142; x_wconf 90' lang='lat' dir='ltr'><strong>Dei</strong></span> <span class='ocrx_word' id='word_1_422' title='bbox 2634 2085 2917 2151; x_wconf 70' lang='lat' dir='ltr'><strong>Ecclesiae,</strong></span> <span class='ocrx_word' id='word_1_423' title='bbox 2938 2095 2991 2143; x_wconf 90' lang='lat' dir='ltr'><strong>et</strong></span> <span class='ocrx_word' id='word_1_424' title='bbox 3018 2088 3252 2142; x_wconf 80' lang='lat' dir='ltr'><strong>maxime</strong></span> <span class='ocrx_word' id='word_1_425' title='bbox 3277 2087 3488 2151; x_wconf 78' lang='lat' dir='ltr'><strong>Ariani,</strong></span> 
     </span>
    </p>
   </div>
   <div class='ocr_carea' id='block_1_61' title="bbox 1918 2178 3493 2251">
    <p class='ocr_par' dir='ltr' id='par_1_61' title="bbox 1918 2178 3493 2251">
     <span class='ocr_line' id='line_1_61' title="bbox 1918 2178 3493 2251; baseline 0 -17"><span class='ocrx_word' id='word_1_426' title='bbox 1918 2195 1947 2234; x_wconf 87' lang='lat' dir='ltr'><strong>a</strong></span> <span class='ocrx_word' id='word_1_427' title='bbox 1977 2181 2179 2251; x_wconf 88' lang='lat' dir='ltr'><strong>quibus</strong></span> <span class='ocrx_word' id='word_1_428' title='bbox 2205 2180 2447 2250; x_wconf 88' lang='lat' dir='ltr'><strong>quotidie</strong></span> <span class='ocrx_word' id='word_1_429' title='bbox 2472 2194 2852 2250; x_wconf 87' lang='lat' dir='ltr'><strong>cxpugnamur</strong></span> <span class='ocrx_word' id='word_1_430' title='bbox 2871 2189 2925 2233; x_wconf 89' lang='lat' dir='ltr'><strong>et</strong></span> <span class='ocrx_word' id='word_1_431' title='bbox 2947 2178 3328 2248; x_wconf 78' lang='lat' dir='ltr'><strong>Opprimimur,</strong></span> <span class='ocrx_word' id='word_1_432' title='bbox 3355 2193 3493 2249; x_wconf 75' lang='lat' dir='ltr'><strong>pra:-</strong></span> 
     </span>
    </p>
   </div>
   <div class='ocr_carea' id='block_1_62' title="bbox 1917 2267 3493 2341">
    <p class='ocr_par' dir='ltr' id='par_1_62' title="bbox 1917 2267 3493 2341">
     <span class='ocr_line' id='line_1_62' title="bbox 1917 2267 3493 2341; baseline 0.001 -18"><span class='ocrx_word' id='word_1_433' title='bbox 1917 2267 2028 2323; x_wconf 86' lang='lat' dir='ltr'><strong>fata</strong></span> <span class='ocrx_word' id='word_1_434' title='bbox 2073 2270 2417 2341; x_wconf 75' lang='lat' dir='ltr'><strong>septuaginta</strong></span> <span class='ocrx_word' id='word_1_435' title='bbox 2469 2268 2672 2324; x_wconf 65' lang='lat' dir='ltr'><strong>Nicarni</strong></span> <span class='ocrx_word' id='word_1_436' title='bbox 2726 2267 2946 2323; x_wconf 90' lang='lat' dir='ltr'><strong>concilii</strong></span> <span class='ocrx_word' id='word_1_437' title='bbox 2992 2269 3228 2338; x_wconf 91' lang='lat' dir='ltr'><strong>capitula</strong></span> <span class='ocrx_word' id='word_1_438' title='bbox 3262 2283 3383 2339; x_wconf 70' lang='lat' dir='ltr'><strong>quae</strong></span> <span class='ocrx_word' id='word_1_439' title='bbox 3423 2269 3493 2324; x_wconf 88' lang='lat' dir='ltr'><strong>dc</strong></span> 
     </span>
    </p>
   </div>
   <div class='ocr_carea' id='block_1_63' title="bbox 1916 2359 3490 2433">
    <p class='ocr_par' dir='ltr' id='par_1_63' title="bbox 1916 2359 3490 2433">
     <span class='ocr_line' id='line_1_63' title="bbox 1916 2359 3490 2433; baseline 0.001 -18"><span class='ocrx_word' id='word_1_440' title='bbox 1916 2359 2135 2431; x_wconf 80' lang='lat' dir='ltr'><strong>pra-fata</strong></span> <span class='ocrx_word' id='word_1_441' title='bbox 2182 2360 2391 2433; x_wconf 84' lang='lat' dir='ltr'><strong>synodo</strong></span> <span class='ocrx_word' id='word_1_442' title='bbox 2432 2361 2545 2430; x_wconf 87' lang='lat' dir='ltr'><strong>jam</strong></span> <span class='ocrx_word' id='word_1_443' title='bbox 2601 2362 2778 2423; x_wconf 90' lang='lat' dir='ltr'><strong>facta,</strong></span> <span class='ocrx_word' id='word_1_444' title='bbox 2819 2359 3047 2428; x_wconf 88' lang='lat' dir='ltr'><strong>jubente</strong></span> <span class='ocrx_word' id='word_1_445' title='bbox 3098 2360 3330 2416; x_wconf 89' lang='lat' dir='ltr'><strong>Domino</strong></span> <span class='ocrx_word' id='word_1_446' title='bbox 3369 2376 3490 2416; x_wconf 91' lang='lat' dir='ltr'><strong>meo</strong></span> 
     </span>
    </p>
   </div>
   <div class='ocr_carea' id='block_1_64' title="bbox 1914 2451 3488 2523">
    <p class='ocr_par' dir='ltr' id='par_1_64' title="bbox 1914 2451 3488 2523">
     <span class='ocr_line' id='line_1_64' title="bbox 1914 2451 3488 2523; baseline 0.001 -18"><span class='ocrx_word' id='word_1_447' title='bbox 1914 2452 2264 2517; x_wconf 82' lang='lat' dir='ltr'><strong>Alexandro,</strong></span> <span class='ocrx_word' id='word_1_448' title='bbox 2317 2452 2562 2507; x_wconf 91' lang='lat' dir='ltr'><strong>omnium</strong></span> <span class='ocrx_word' id='word_1_449' title='bbox 2610 2451 2995 2523; x_wconf 90' lang='lat' dir='ltr'><strong>episcoporum</strong></span> <span class='ocrx_word' id='word_1_450' title='bbox 3045 2452 3267 2508; x_wconf 89' lang='lat' dir='ltr'><strong>decreto</strong></span> <span class='ocrx_word' id='word_1_451' title='bbox 3297 2454 3488 2521; x_wconf 91' lang='lat' dir='ltr'><strong>attuli,</strong></span> 
     </span>
    </p>
   </div>
   <div class='ocr_carea' id='block_1_65' title="bbox 1916 2534 3490 2612">
    <p class='ocr_par' dir='ltr' id='par_1_65' title="bbox 1916 2534 3490 2612">
     <span class='ocr_line' id='line_1_65' title="bbox 1916 2534 3490 2612; baseline 0.001 -17"><span class='ocrx_word' id='word_1_452' title='bbox 1916 2557 2036 2612; x_wconf 86' lang='lat' dir='ltr'><strong>quae</strong></span> <span class='ocrx_word' id='word_1_453' title='bbox 2084 2543 2247 2597; x_wconf 87' lang='lat' dir='ltr'><strong>etiam</strong></span> <span class='ocrx_word' id='word_1_454' title='bbox 2297 2557 2484 2597; x_wconf 87' lang='lat' dir='ltr'><strong>coram</strong></span> <span class='ocrx_word' id='word_1_455' title='bbox 2538 2542 2795 2598; x_wconf 90' lang='lat' dir='ltr'><strong>omnibus</strong></span> <span class='ocrx_word' id='word_1_456' title='bbox 2850 2542 3076 2596; x_wconf 88' lang='lat' dir='ltr'><strong>recitavi</strong></span> <span class='ocrx_word' id='word_1_457' title='bbox 3121 2550 3284 2610; x_wconf 87' lang='lat' dir='ltr'><strong>atque</strong></span> <span class='ocrx_word' id='word_1_458' title='bbox 3336 2534 3490 2596; x_wconf 80' lang='lat' dir='ltr'><strong>tran-</strong></span> 
     </span>
    </p>
   </div>
   <div class='ocr_carea' id='block_1_66' title="bbox 1916 2634 3491 2705">
    <p class='ocr_par' dir='ltr' id='par_1_66' title="bbox 1916 2634 3491 2705">
     <span class='ocr_line' id='line_1_66' title="bbox 1916 2634 3491 2705; baseline 0 -15"><span class='ocrx_word' id='word_1_459' title='bbox 1916 2634 2133 2704; x_wconf 90' lang='lat' dir='ltr'><strong>scripsi,</strong></span> <span class='ocrx_word' id='word_1_460' title='bbox 2174 2641 2303 2690; x_wconf 90' lang='lat' dir='ltr'><strong>sunt</strong></span> <span class='ocrx_word' id='word_1_461' title='bbox 2341 2634 2466 2703; x_wconf 84' lang='lat' dir='ltr'><strong>igne</strong></span> <span class='ocrx_word' id='word_1_462' title='bbox 2501 2634 2830 2700; x_wconf 88' lang='lat' dir='ltr'><strong>combusta;</strong></span> <span class='ocrx_word' id='word_1_463' title='bbox 2863 2645 3117 2705; x_wconf 86' lang='lat' dir='ltr'><strong>optamus</strong></span> <span class='ocrx_word' id='word_1_464' title='bbox 3146 2641 3261 2688; x_wconf 90' lang='lat' dir='ltr'><strong>uta</strong></span> <span class='ocrx_word' id='word_1_465' title='bbox 3296 2644 3491 2690; x_wconf 69' lang='lat' dir='ltr'><strong>vestra:</strong></span> 
     </span>
    </p>
   </div>
   <div class='ocr_carea' id='block_1_67' title="bbox 1915 2724 3491 2796">
    <p class='ocr_par' dir='ltr' id='par_1_67' title="bbox 1915 2724 3491 2796">
     <span class='ocr_line' id='line_1_67' title="bbox 1915 2724 3491 2796; baseline -0.001 -15"><span class='ocrx_word' id='word_1_466' title='bbox 1915 2735 2118 2781; x_wconf 80' lang='lat' dir='ltr'><strong>sanctae</strong></span> <span class='ocrx_word' id='word_1_467' title='bbox 2160 2725 2308 2781; x_wconf 88' lang='lat' dir='ltr'><strong>sedis</strong></span> <span class='ocrx_word' id='word_1_468' title='bbox 2340 2724 2597 2780; x_wconf 64' lang='lat' dir='ltr'><strong>Ecclesia:</strong></span> <span class='ocrx_word' id='word_1_469' title='bbox 2640 2726 2993 2791; x_wconf 85' lang='lat' dir='ltr'><strong>auctoritate,</strong></span> <span class='ocrx_word' id='word_1_470' title='bbox 3025 2741 3146 2796; x_wconf 68' lang='lat' dir='ltr'><strong>qua:</strong></span> <span class='ocrx_word' id='word_1_471' title='bbox 3189 2736 3271 2781; x_wconf 87' lang='lat' dir='ltr'><strong>est</strong></span> <span class='ocrx_word' id='word_1_472' title='bbox 3304 2730 3491 2782; x_wconf 70' lang='lat' dir='ltr'><strong>water</strong></span> 
     </span>
    </p>
   </div>
   <div class='ocr_carea' id='block_1_68' title="bbox 1914 2817 3487 2887">
    <p class='ocr_par' dir='ltr' id='par_1_68' title="bbox 1914 2817 3487 2887">
     <span class='ocr_line' id='line_1_68' title="bbox 1914 2817 3487 2887; baseline -0.001 -15"><span class='ocrx_word' id='word_1_473' title='bbox 1914 2825 1968 2872; x_wconf 88' lang='lat' dir='ltr'><strong>et</strong></span> <span class='ocrx_word' id='word_1_474' title='bbox 1996 2824 2161 2887; x_wconf 86' lang='lat' dir='ltr'><strong>caput</strong></span> <span class='ocrx_word' id='word_1_475' title='bbox 2189 2818 2433 2872; x_wconf 89' lang='lat' dir='ltr'><strong>omnium</strong></span> <span class='ocrx_word' id='word_1_476' title='bbox 2467 2817 2862 2882; x_wconf 84' lang='lat' dir='ltr'><strong>Ecclesiarum,</strong></span> <span class='ocrx_word' id='word_1_477' title='bbox 2890 2832 2953 2873; x_wconf 90' lang='lat' dir='ltr'><strong>ea</strong></span> <span class='ocrx_word' id='word_1_478' title='bbox 3001 2819 3067 2871; x_wconf 87' lang='lat' dir='ltr'><strong>ad</strong></span> <span class='ocrx_word' id='word_1_479' title='bbox 3093 2818 3487 2872; x_wconf 81' lang='lat' dir='ltr'><strong>correctionem</strong></span> 
     </span>
    </p>
   </div>
   <div class='ocr_carea' id='block_1_69' title="bbox 1913 2910 3490 2981">
    <p class='ocr_par' dir='ltr' id='par_1_69' title="bbox 1913 2910 3490 2981">
     <span class='ocr_line' id='line_1_69' title="bbox 1913 2910 3490 2981; baseline 0 -16"><span class='ocrx_word' id='word_1_480' title='bbox 1913 2916 1968 2965; x_wconf 87' lang='lat' dir='ltr'><strong>et</strong></span> <span class='ocrx_word' id='word_1_481' title='bbox 2008 2911 2399 2965; x_wconf 88' lang='lat' dir='ltr'><strong>recreatiouem</strong></span> <span class='ocrx_word' id='word_1_482' title='bbox 2450 2910 2690 2965; x_wconf 89' lang='lat' dir='ltr'><strong>ﬁdelium</strong></span> <span class='ocrx_word' id='word_1_483' title='bbox 2738 2911 3171 2965; x_wconf 79' lang='lat' dir='ltr'><strong>orthodoxurum</strong></span> <span class='ocrx_word' id='word_1_484' title='bbox 3208 2912 3490 2981; x_wconf 48' lang='lat' dir='ltr'><strong>percipere</strong></span> 
     </span>
    </p>
   </div>
   <div class='ocr_carea' id='block_1_70' title="bbox 1915 3004 3489 3074">
    <p class='ocr_par' dir='ltr' id='par_1_70' title="bbox 1915 3004 3489 3074">
     <span class='ocr_line' id='line_1_70' title="bbox 1915 3004 3489 3074; baseline 0.001 -18"><span class='ocrx_word' id='word_1_485' title='bbox 1915 3018 2012 3073; x_wconf 82' lang='lat' dir='ltr'><strong>per</strong></span> <span class='ocrx_word' id='word_1_486' title='bbox 2040 3010 2340 3072; x_wconf 68' lang='lat' dir='ltr'><strong>praesentes</strong></span> <span class='ocrx_word' id='word_1_487' title='bbox 2370 3004 2577 3073; x_wconf 80' lang='lat' dir='ltr'><strong>legatos</strong></span> <span class='ocrx_word' id='word_1_488' title='bbox 2604 3018 2952 3066; x_wconf 88' lang='lat' dir='ltr'><strong>mereamur,</strong></span> <span class='ocrx_word' id='word_1_489' title='bbox 2993 3011 3265 3074; x_wconf 73' lang='lat' dir='ltr'><strong>quatenus</strong></span> <span class='ocrx_word' id='word_1_490' title='bbox 3305 3014 3489 3057; x_wconf 74' lang='lat' dir='ltr'><strong>vestra</strong></span> 
     </span>
    </p>
   </div>
   <div class='ocr_carea' id='block_1_71' title="bbox 1914 3095 3489 3167">
    <p class='ocr_par' dir='ltr' id='par_1_71' title="bbox 1914 3095 3489 3167">
     <span class='ocr_line' id='line_1_71' title="bbox 1914 3095 3489 3167; baseline 0 -18"><span class='ocrx_word' id='word_1_491' title='bbox 1914 3095 2034 3150; x_wconf 83' lang='lat' dir='ltr'><strong>fulti</strong></span> <span class='ocrx_word' id='word_1_492' title='bbox 2064 3096 2414 3161; x_wconf 88' lang='lat' dir='ltr'><strong>auctoritate,</strong></span> <span class='ocrx_word' id='word_1_493' title='bbox 2436 3097 2741 3167; x_wconf 85' lang='lat' dir='ltr'><strong>vestrisque</strong></span> <span class='ocrx_word' id='word_1_494' title='bbox 2764 3097 3018 3166; x_wconf 87' lang='lat' dir='ltr'><strong>precibus</strong></span> <span class='ocrx_word' id='word_1_495' title='bbox 3045 3096 3308 3157; x_wconf 88' lang='lat' dir='ltr'><strong>roborali.</strong></span> <span class='ocrx_word' id='word_1_496' title='bbox 3335 3096 3489 3151; x_wconf 75' lang='lat' dir='ltr'><strong>illaesi</strong></span> 
     </span>
    </p>
   </div>
   <div class='ocr_carea' id='block_1_72' title="bbox 227 3188 3486 3263">
    <p class='ocr_par' dir='ltr' id='par_1_72' title="bbox 227 3188 3486 3263">
     <span class='ocr_line' id='line_1_72' title="bbox 227 3188 3486 3263; baseline 0 -19"><span class='ocrx_word' id='word_1_497' title='bbox 227 3192 359 3245; x_wconf 90' lang='lat' dir='ltr'><strong>tatis</strong></span> <span class='ocrx_word' id='word_1_498' title='bbox 415 3191 575 3244; x_wconf 83' lang='lat' dir='ltr'><strong>fidem</strong></span> <span class='ocrx_word' id='word_1_499' title='bbox 597 3230 612 3253; x_wconf 91' lang='lat'><strong>,</strong></span> <span class='ocrx_word' id='word_1_500' title='bbox 668 3190 944 3251; x_wconf 59' lang='lat' dir='ltr'><strong>Nicenam</strong></span> <span class='ocrx_word' id='word_1_501' title='bbox 1004 3190 1271 3263; x_wconf 82' lang='lat' dir='ltr'><strong>synodum</strong></span> <span class='ocrx_word' id='word_1_502' title='bbox 1299 3230 1315 3257; x_wconf 95' lang='lat'><strong>,</strong></span> <span class='ocrx_word' id='word_1_503' title='bbox 1354 3207 1461 3262; x_wconf 87' lang='lat' dir='ltr'><strong>qua</strong></span> <span class='ocrx_word' id='word_1_504' title='bbox 1517 3193 1698 3248; x_wconf 87' lang='lat' dir='ltr'><strong>clerus</strong></span> <span class='ocrx_word' id='word_1_505' title='bbox 1754 3201 1809 3248; x_wconf 90' lang='lat' dir='ltr'><strong>et</strong></span> <span class='ocrx_word' id='word_1_506' title='bbox 1836 3205 1879 3262; x_wconf 76' lang='grc' dir='ltr'>ο</span> <span class='ocrx_word' id='word_1_507' title='bbox 1911 3206 1941 3243; x_wconf 91' lang='lat' dir='ltr'><strong>a</strong></span> <span class='ocrx_word' id='word_1_508' title='bbox 1963 3191 2280 3245; x_wconf 87' lang='lat' dir='ltr'><strong>memoratis</strong></span> <span class='ocrx_word' id='word_1_509' title='bbox 2300 3189 2512 3245; x_wconf 69' lang='lat' dir='ltr'><strong>aemulis</strong></span> <span class='ocrx_word' id='word_1_510' title='bbox 2537 3197 2741 3245; x_wconf 73' lang='lat' dir='ltr'><strong>sanctze</strong></span> <span class='ocrx_word' id='word_1_511' title='bbox 2771 3188 2864 3243; x_wconf 90' lang='lat' dir='ltr'><strong>Dei</strong></span> <span class='ocrx_word' id='word_1_512' title='bbox 2892 3188 3151 3244; x_wconf 69' lang='lat' dir='ltr'><strong>Ecclesiae</strong></span> <span class='ocrx_word' id='word_1_513' title='bbox 3176 3197 3230 3244; x_wconf 90' lang='lat' dir='ltr'><strong>et</strong></span> <span class='ocrx_word' id='word_1_514' title='bbox 3256 3189 3486 3252; x_wconf 84' lang='lat' dir='ltr'><strong>nostris.</strong></span> 
     </span>
    </p>
   </div>
   <div class='ocr_carea' id='block_1_73' title="bbox 1911 3280 3486 3353">
    <p class='ocr_par' dir='ltr' id='par_1_73' title="bbox 1911 3280 3486 3353">
     <span class='ocr_line' id='line_1_73' title="bbox 1911 3280 3486 3353; baseline -0.001 -17"><span class='ocrx_word' id='word_1_515' title='bbox 1911 3280 2165 3347; x_wconf 84' lang='lat' dir='ltr'><strong>evadere,</strong></span> <span class='ocrx_word' id='word_1_516' title='bbox 2189 3282 2459 3352; x_wconf 88' lang='lat' dir='ltr'><strong>nobisque</strong></span> <span class='ocrx_word' id='word_1_517' title='bbox 2480 3283 2807 3336; x_wconf 88' lang='lat' dir='ltr'><strong>commissos</strong></span> <span class='ocrx_word' id='word_1_518' title='bbox 2833 3297 3028 3336; x_wconf 87' lang='lat' dir='ltr'><strong>eruere</strong></span> <span class='ocrx_word' id='word_1_519' title='bbox 3055 3284 3330 3337; x_wconf 87' lang='lat' dir='ltr'><strong>valeamus</strong></span> <span class='ocrx_word' id='word_1_520' title='bbox 3350 3282 3486 3353; x_wconf 78' lang='grc'>(55).</span> 
     </span>
    </p>
   </div>
   <div class='ocr_carea' id='block_1_74' title="bbox 1910 3369 3488 3445">
    <p class='ocr_par' dir='ltr' id='par_1_74' title="bbox 1910 3369 3488 3445">
     <span class='ocr_line' id='line_1_74' title="bbox 1910 3369 3488 3445; baseline 0.004 -22"><span class='ocrx_word' id='word_1_521' title='bbox 1910 3369 2051 3426; x_wconf 79' lang='lat' dir='ltr'><strong>Vere</strong></span> <span class='ocrx_word' id='word_1_522' title='bbox 2089 3374 2342 3445; x_wconf 84' lang='lat' dir='ltr'><strong>novimus</strong></span> <span class='ocrx_word' id='word_1_523' title='bbox 2379 3372 2721 3442; x_wconf 90' lang='lat' dir='ltr'><strong>apostolatus</strong></span> <span class='ocrx_word' id='word_1_524' title='bbox 2765 3374 2933 3427; x_wconf 85' lang='lat' dir='ltr'><strong>vestri</strong></span> <span class='ocrx_word' id='word_1_525' title='bbox 2974 3388 3070 3428; x_wconf 91' lang='lat' dir='ltr'><strong>cor</strong></span> <span class='ocrx_word' id='word_1_526' title='bbox 3095 3376 3267 3445; x_wconf 86' lang='lat' dir='ltr'><strong>gratia</strong></span> <span class='ocrx_word' id='word_1_527' title='bbox 3312 3375 3488 3430; x_wconf 87' lang='lat' dir='ltr'><strong>sancti</strong></span> 
     </span>
    </p>
   </div>
   <div class='ocr_carea' id='block_1_75' title="bbox 1912 3460 3486 3532">
    <p class='ocr_par' dir='ltr' id='par_1_75' title="bbox 1912 3460 3486 3532">
     <span class='ocr_line' id='line_1_75' title="bbox 1912 3460 3486 3532; baseline 0.001 -15"><span class='ocrx_word' id='word_1_528' title='bbox 1912 3460 2152 3532; x_wconf 84' lang='lat' dir='ltr'><strong>Spiritus</strong></span> <span class='ocrx_word' id='word_1_529' title='bbox 2208 3461 2264 3515; x_wconf 89' lang='lat' dir='ltr'><strong>in</strong></span> <span class='ocrx_word' id='word_1_530' title='bbox 2317 3469 2529 3515; x_wconf 92' lang='lat' dir='ltr'><strong>tantum</strong></span> <span class='ocrx_word' id='word_1_531' title='bbox 2581 3477 2703 3517; x_wconf 90' lang='lat' dir='ltr'><strong>esse</strong></span> <span class='ocrx_word' id='word_1_532' title='bbox 2758 3477 3087 3527; x_wconf 86' lang='lat' dir='ltr'><strong>accensum,</strong></span> <span class='ocrx_word' id='word_1_533' title='bbox 3121 3469 3182 3516; x_wconf 87' lang='lat' dir='ltr'><strong>ut</strong></span> <span class='ocrx_word' id='word_1_534' title='bbox 3232 3465 3486 3519; x_wconf 58' lang='lat' dir='ltr'><strong>omnbus</strong></span> 
     </span>
    </p>
   </div>
   <div class='ocr_carea' id='block_1_76' title="bbox 1910 3553 3484 3626">
    <p class='ocr_par' dir='ltr' id='par_1_76' title="bbox 1910 3553 3484 3626">
     <span class='ocr_line' id='line_1_76' title="bbox 1910 3553 3484 3626; baseline 0.001 -17"><span class='ocrx_word' id='word_1_535' title='bbox 1910 3554 2191 3626; x_wconf 89' lang='lat' dir='ltr'><strong>oppressis</strong></span> <span class='ocrx_word' id='word_1_536' title='bbox 2243 3553 2585 3608; x_wconf 89' lang='lat' dir='ltr'><strong>succurratis</strong></span> <span class='ocrx_word' id='word_1_537' title='bbox 2628 3571 2641 3607; x_wconf 91' lang='lat'><strong>:</strong></span> <span class='ocrx_word' id='word_1_538' title='bbox 2686 3562 2893 3623; x_wconf 90' lang='lat' dir='ltr'><strong>quanto</strong></span> <span class='ocrx_word' id='word_1_539' title='bbox 2944 3556 3118 3624; x_wconf 88' lang='lat' dir='ltr'><strong>magis</strong></span> <span class='ocrx_word' id='word_1_540' title='bbox 3160 3556 3352 3614; x_wconf 85' lang='lat' dir='ltr'><strong>nobis.</strong></span> <span class='ocrx_word' id='word_1_541' title='bbox 3391 3557 3484 3626; x_wconf 88' lang='lat' dir='ltr'><strong>qui</strong></span> 
     </span>
    </p>
   </div>
   <div class='ocr_carea' id='block_1_77' title="bbox 1910 3645 3485 3718">
    <p class='ocr_par' dir='ltr' id='par_1_77' title="bbox 1910 3645 3485 3718">
     <span class='ocr_line' id='line_1_77' title="bbox 1910 3645 3485 3718; baseline 0 -16"><span class='ocrx_word' id='word_1_542' title='bbox 1910 3648 2035 3702; x_wconf 90' lang='lat' dir='ltr'><strong>licet</strong></span> <span class='ocrx_word' id='word_1_543' title='bbox 2066 3645 2245 3716; x_wconf 83' lang='lat' dir='ltr'><strong>exigui</strong></span> <span class='ocrx_word' id='word_1_544' title='bbox 2279 3645 2509 3707; x_wconf 90' lang='lat' dir='ltr'><strong>ordinis,</strong></span> <span class='ocrx_word' id='word_1_545' title='bbox 2549 3652 2733 3700; x_wconf 87' lang='lat' dir='ltr'><strong>tamen</strong></span> <span class='ocrx_word' id='word_1_546' title='bbox 2760 3646 2931 3700; x_wconf 86' lang='lat' dir='ltr'><strong>vestri</strong></span> <span class='ocrx_word' id='word_1_547' title='bbox 2971 3661 3185 3709; x_wconf 90' lang='lat' dir='ltr'><strong>sumus,</strong></span> <span class='ocrx_word' id='word_1_548' title='bbox 3221 3648 3485 3718; x_wconf 88' lang='lat' dir='ltr'><strong>vobisque</strong></span> 
     </span>
    </p>
   </div>
   <div class='ocr_carea' id='block_1_78' title="bbox 1910 3737 3487 3804">
    <p class='ocr_par' dir='ltr' id='par_1_78' title="bbox 1910 3737 3487 3804">
     <span class='ocr_line' id='line_1_78' title="bbox 1910 3737 3487 3804; baseline 0.002 -12"><span class='ocrx_word' id='word_1_549' title='bbox 1910 3737 2225 3793; x_wconf 84' lang='lat' dir='ltr'><strong>obedientes</strong></span> <span class='ocrx_word' id='word_1_550' title='bbox 2259 3753 2382 3792; x_wconf 92' lang='lat' dir='ltr'><strong>cum</strong></span> <span class='ocrx_word' id='word_1_551' title='bbox 2425 3738 2683 3792; x_wconf 88' lang='lat' dir='ltr'><strong>omnibus</strong></span> <span class='ocrx_word' id='word_1_552' title='bbox 2724 3738 2884 3792; x_wconf 92' lang='lat' dir='ltr'><strong>nobis</strong></span> <span class='ocrx_word' id='word_1_553' title='bbox 2927 3739 3270 3804; x_wconf 91' lang='lat' dir='ltr'><strong>commissis,</strong></span> <span class='ocrx_word' id='word_1_554' title='bbox 3304 3748 3356 3794; x_wconf 84' lang='lat' dir='ltr'><strong>et</strong></span> <span class='ocrx_word' id='word_1_555' title='bbox 3391 3756 3487 3795; x_wconf 86' lang='lat' dir='ltr'><strong>su-</strong></span> 
     </span>
    </p>
   </div>
   <div class='ocr_carea' id='block_1_79' title="bbox 1910 3822 3486 3901">
    <p class='ocr_par' dir='ltr' id='par_1_79' title="bbox 1910 3822 3486 3901">
     <span class='ocr_line' id='line_1_79' title="bbox 1910 3822 3486 3901; baseline 0.003 -19"><span class='ocrx_word' id='word_1_556' title='bbox 1910 3846 2054 3893; x_wconf 89' lang='lat' dir='ltr'><strong>mus,</strong></span> <span class='ocrx_word' id='word_1_557' title='bbox 2073 3838 2268 3884; x_wconf 88' lang='lat' dir='ltr'><strong>etesse</strong></span> <span class='ocrx_word' id='word_1_558' title='bbox 2301 3844 2515 3898; x_wconf 90' lang='lat' dir='ltr'><strong>semper</strong></span> <span class='ocrx_word' id='word_1_559' title='bbox 2541 3830 2812 3885; x_wconf 87' lang='lat' dir='ltr'><strong>volumus.</strong></span> <span class='ocrx_word' id='word_1_560' title='bbox 2845 3830 2970 3886; x_wconf 83' lang='lat' dir='ltr'><strong>Ideo</strong></span> <span class='ocrx_word' id='word_1_561' title='bbox 3000 3822 3176 3894; x_wconf 88' lang='lat' dir='ltr'><strong>decet,</strong></span> <span class='ocrx_word' id='word_1_562' title='bbox 3196 3843 3249 3885; x_wconf 91' lang='lat' dir='ltr'><strong>et</strong></span> <span class='ocrx_word' id='word_1_563' title='bbox 3269 3841 3486 3901; x_wconf 83' lang='lat' dir='ltr'><strong>oportet</strong></span> 
     </span>
    </p>
   </div>
   <div class='ocr_carea' id='block_1_80' title="bbox 1910 3919 3483 3994">
    <p class='ocr_par' dir='ltr' id='par_1_80' title="bbox 1910 3919 3483 3994">
     <span class='ocr_line' id='line_1_80' title="bbox 1910 3919 3483 3994; baseline 0.005 -21"><span class='ocrx_word' id='word_1_564' title='bbox 1910 3934 2010 3974; x_wconf 90' lang='lat' dir='ltr'><strong>vos</strong></span> <span class='ocrx_word' id='word_1_565' title='bbox 2038 3920 2197 3974; x_wconf 88' lang='lat' dir='ltr'><strong>nobis</strong></span> <span class='ocrx_word' id='word_1_566' title='bbox 2248 3919 2363 3975; x_wconf 73' lang='lat' dir='ltr'><strong>haec</strong></span> <span class='ocrx_word' id='word_1_567' title='bbox 2398 3936 2519 3990; x_wconf 65' lang='lat' dir='ltr'><strong>quae</strong></span> <span class='ocrx_word' id='word_1_568' title='bbox 2567 3937 2845 3994; x_wconf 75' lang='lat' dir='ltr'><strong>rogamus,</strong></span> <span class='ocrx_word' id='word_1_569' title='bbox 2891 3930 2946 3977; x_wconf 88' lang='lat' dir='ltr'><strong>et</strong></span> <span class='ocrx_word' id='word_1_570' title='bbox 2991 3923 3097 3977; x_wconf 89' lang='lat' dir='ltr'><strong>alia</strong></span> <span class='ocrx_word' id='word_1_571' title='bbox 3133 3939 3254 3994; x_wconf 73' lang='lat' dir='ltr'><strong>quae</strong></span> <span class='ocrx_word' id='word_1_572' title='bbox 3286 3940 3483 3981; x_wconf 89' lang='lat' dir='ltr'><strong>neces-</strong></span> 
     </span>
    </p>
   </div>
   <div class='ocr_carea' id='block_1_81' title="bbox 1912 4011 3481 4086">
    <p class='ocr_par' dir='ltr' id='par_1_81' title="bbox 1912 4011 3481 4086">
     <span class='ocr_line' id='line_1_81' title="bbox 1912 4011 3481 4086; baseline 0.004 -20"><span class='ocrx_word' id='word_1_573' title='bbox 1912 4011 2056 4066; x_wconf 86' lang='lat' dir='ltr'><strong>saria</strong></span> <span class='ocrx_word' id='word_1_574' title='bbox 2081 4011 2236 4082; x_wconf 76' lang='lat' dir='ltr'><strong>juxta</strong></span> <span class='ocrx_word' id='word_1_575' title='bbox 2270 4012 2595 4082; x_wconf 86' lang='lat' dir='ltr'><strong>sapientiam</strong></span> <span class='ocrx_word' id='word_1_576' title='bbox 2634 4029 2798 4084; x_wconf 89' lang='lat' dir='ltr'><strong>quam</strong></span> <span class='ocrx_word' id='word_1_577' title='bbox 2827 4014 2984 4070; x_wconf 84' lang='lat' dir='ltr'><strong>vobis</strong></span> <span class='ocrx_word' id='word_1_578' title='bbox 3025 4017 3281 4086; x_wconf 67' lang='lat' dir='ltr'><strong>praestitit</strong></span> <span class='ocrx_word' id='word_1_579' title='bbox 3308 4017 3481 4073; x_wconf 79' lang='lat' dir='ltr'><strong>Altis-</strong></span> 
     </span>
    </p>
   </div>
   <div class='ocr_carea' id='block_1_82' title="bbox 1912 4103 3484 4180">
    <p class='ocr_par' dir='ltr' id='par_1_82' title="bbox 1912 4103 3484 4180">
     <span class='ocr_line' id='line_1_82' title="bbox 1912 4103 3484 4180; baseline 0.003 -21"><span class='ocrx_word' id='word_1_580' title='bbox 1912 4103 2105 4168; x_wconf 88' lang='lat' dir='ltr'><strong>simus,</strong></span> <span class='ocrx_word' id='word_1_581' title='bbox 2151 4120 2275 4159; x_wconf 91' lang='lat' dir='ltr'><strong>esse</strong></span> <span class='ocrx_word' id='word_1_582' title='bbox 2317 4106 2723 4176; x_wconf 87' lang='lat' dir='ltr'><strong>cognoveritis,</strong></span> <span class='ocrx_word' id='word_1_583' title='bbox 2777 4107 2987 4178; x_wconf 87' lang='lat' dir='ltr'><strong>absque</strong></span> <span class='ocrx_word' id='word_1_584' title='bbox 3034 4108 3295 4164; x_wconf 89' lang='lat' dir='ltr'><strong>tarditate</strong></span> <span class='ocrx_word' id='word_1_585' title='bbox 3340 4125 3484 4180; x_wconf 76' lang='lat' dir='ltr'><strong>prm-</strong></span> 
     </span>
    </p>
   </div>
   <div class='ocr_carea' id='block_1_83' title="bbox 1912 4199 3483 4270">
    <p class='ocr_par' dir='ltr' id='par_1_83' title="bbox 1912 4199 3483 4270">
     <span class='ocr_line' id='line_1_83' title="bbox 1912 4199 3483 4270; baseline 0.003 -18"><span class='ocrx_word' id='word_1_586' title='bbox 1912 4204 2080 4260; x_wconf 87' lang='lat' dir='ltr'><strong>stare,</strong></span> <span class='ocrx_word' id='word_1_587' title='bbox 2106 4204 2166 4251; x_wconf 92' lang='lat' dir='ltr'><strong>ut</strong></span> <span class='ocrx_word' id='word_1_588' title='bbox 2194 4204 2359 4252; x_wconf 61' lang='lat' dir='ltr'><strong>tanta;</strong></span> <span class='ocrx_word' id='word_1_589' title='bbox 2394 4199 2624 4253; x_wconf 67' lang='lat' dir='ltr'><strong>miseria:</strong></span> <span class='ocrx_word' id='word_1_590' title='bbox 2665 4200 2950 4270; x_wconf 85' lang='lat' dir='ltr'><strong>squalores</strong></span> <span class='ocrx_word' id='word_1_591' title='bbox 2989 4215 3020 4253; x_wconf 88' lang='lat' dir='ltr'><strong>a</strong></span> <span class='ocrx_word' id='word_1_592' title='bbox 3052 4200 3291 4256; x_wconf 83' lang='lat' dir='ltr'><strong>ﬁdelium</strong></span> <span class='ocrx_word' id='word_1_593' title='bbox 3327 4218 3483 4257; x_wconf 90' lang='lat' dir='ltr'><strong>men-</strong></span> 
     </span>
    </p>
   </div>
   <div class='ocr_carea' id='block_1_84' title="bbox 1910 4287 3479 4363">
    <p class='ocr_par' dir='ltr' id='par_1_84' title="bbox 1910 4287 3479 4363">
     <span class='ocr_line' id='line_1_84' title="bbox 1910 4287 3479 4363; baseline 0.004 -23"><span class='ocrx_word' id='word_1_594' title='bbox 1910 4287 2058 4343; x_wconf 90' lang='lat' dir='ltr'><strong>tibus</strong></span> <span class='ocrx_word' id='word_1_595' title='bbox 2081 4287 2457 4359; x_wconf 88' lang='lat' dir='ltr'><strong>detergantur,</strong></span> <span class='ocrx_word' id='word_1_596' title='bbox 2481 4297 2537 4343; x_wconf 91' lang='lat' dir='ltr'><strong>et</strong></span> <span class='ocrx_word' id='word_1_597' title='bbox 2563 4291 2721 4359; x_wconf 89' lang='lat' dir='ltr'><strong>quasi</strong></span> <span class='ocrx_word' id='word_1_598' title='bbox 2746 4291 2949 4348; x_wconf 85' lang='lat' dir='ltr'><strong>vulnus</strong></span> <span class='ocrx_word' id='word_1_599' title='bbox 2978 4293 3198 4363; x_wconf 84' lang='lat' dir='ltr'><strong>corpori</strong></span> <span class='ocrx_word' id='word_1_600' title='bbox 3231 4293 3479 4362; x_wconf 79' lang='lat' dir='ltr'><strong>inﬁxum,</strong></span> 
     </span>
    </p>
   </div>
   <div class='ocr_carea' id='block_1_85' title="bbox 1911 4379 3488 4449">
    <p class='ocr_par' dir='ltr' id='par_1_85' title="bbox 1911 4379 3488 4449">
     <span class='ocr_line' id='line_1_85' title="bbox 1911 4379 3488 4449; baseline 0.004 -17"><span class='ocrx_word' id='word_1_601' title='bbox 1911 4379 2103 4434; x_wconf 91' lang='lat' dir='ltr'><strong>auditu</strong></span> <span class='ocrx_word' id='word_1_602' title='bbox 2158 4388 2322 4435; x_wconf 72' lang='lat' dir='ltr'><strong>tanta:</strong></span> <span class='ocrx_word' id='word_1_603' title='bbox 2361 4381 2599 4437; x_wconf 71' lang='lat' dir='ltr'><strong>miseriae</strong></span> <span class='ocrx_word' id='word_1_604' title='bbox 2643 4383 2933 4449; x_wconf 82' lang='lat' dir='ltr'><strong>obserata,</strong></span> <span class='ocrx_word' id='word_1_605' title='bbox 2989 4385 3216 4442; x_wconf 87' lang='lat' dir='ltr'><strong>salutari</strong></span> <span class='ocrx_word' id='word_1_606' title='bbox 3260 4394 3488 4440; x_wconf 87' lang='lat' dir='ltr'><strong>curetur</strong></span> 
     </span>
    </p>
   </div>
   <div class='ocr_carea' id='block_1_86' title="bbox 1913 4471 3484 4548">
    <p class='ocr_par' dir='ltr' id='par_1_86' title="bbox 1913 4471 3484 4548">
     <span class='ocr_line' id='line_1_86' title="bbox 1913 4471 3484 4548; baseline 0.003 -22"><span class='ocrx_word' id='word_1_607' title='bbox 1913 4471 2179 4538; x_wconf 88' lang='lat' dir='ltr'><strong>antidoto,</strong></span> <span class='ocrx_word' id='word_1_608' title='bbox 2217 4481 2277 4527; x_wconf 90' lang='lat' dir='ltr'><strong>ut</strong></span> <span class='ocrx_word' id='word_1_609' title='bbox 2317 4473 2502 4528; x_wconf 89' lang='lat' dir='ltr'><strong>divino</strong></span> <span class='ocrx_word' id='word_1_610' title='bbox 2532 4472 2654 4530; x_wconf 81' lang='lat' dir='ltr'><strong>freti</strong></span> <span class='ocrx_word' id='word_1_611' title='bbox 2701 4475 3007 4546; x_wconf 86' lang='lat' dir='ltr'><strong>juvamine,</strong></span> <span class='ocrx_word' id='word_1_612' title='bbox 3048 4488 3340 4548; x_wconf 86' lang='lat' dir='ltr'><strong>vestraque</strong></span> <span class='ocrx_word' id='word_1_613' title='bbox 3383 4494 3484 4531; x_wconf 86' lang='lat' dir='ltr'><strong>au-</strong></span> 
     </span>
    </p>
   </div>
   <div class='ocr_carea' id='block_1_87' title="bbox 221 4543 3484 4637">
    <p class='ocr_par' dir='ltr' id='par_1_87' title="bbox 221 4543 3484 4637">
     <span class='ocr_line' id='line_1_87' title="bbox 221 4543 3484 4637; baseline -0.002 -11"><span class='ocrx_word' id='word_1_614' title='bbox 221 4570 479 4626; x_wconf 89' lang='lat' dir='ltr'><strong>sentibus</strong></span> <span class='ocrx_word' id='word_1_615' title='bbox 528 4565 723 4631; x_wconf 87' lang='lat' dir='ltr'><strong>nobis,</strong></span> <span class='ocrx_word' id='word_1_616' title='bbox 771 4566 1045 4637; x_wconf 81' lang='lat' dir='ltr'><strong>octoginta</strong></span> <span class='ocrx_word' id='word_1_617' title='bbox 1093 4564 1331 4634; x_wconf 89' lang='lat' dir='ltr'><strong>capitula</strong></span> <span class='ocrx_word' id='word_1_618' title='bbox 1388 4565 1444 4619; x_wconf 91' lang='lat' dir='ltr'><strong>in</strong></span> <span class='ocrx_word' id='word_1_619' title='bbox 1511 4571 1807 4620; x_wconf 84' lang='lat' dir='ltr'><strong>memorata</strong></span> <span class='ocrx_word' id='word_1_620' title='bbox 1840 4543 1885 4599; x_wconf 77' lang='lat' dir='ltr'><strong>D</strong></span> <span class='ocrx_word' id='word_1_621' title='bbox 1914 4564 2167 4619; x_wconf 86' lang='lat' dir='ltr'><strong>ctoritate</strong></span> <span class='ocrx_word' id='word_1_622' title='bbox 2193 4570 2357 4634; x_wconf 90' lang='lat' dir='ltr'><strong>atque</strong></span> <span class='ocrx_word' id='word_1_623' title='bbox 2380 4564 2586 4619; x_wconf 82' lang='lat' dir='ltr'><strong>auxilio</strong></span> <span class='ocrx_word' id='word_1_624' title='bbox 2616 4543 2884 4632; x_wconf 82' lang='lat' dir='ltr'><strong>roborati,</strong></span> <span class='ocrx_word' id='word_1_625' title='bbox 2926 4543 3332 4622; x_wconf 77' lang='lat' dir='ltr'><strong>adversantium</strong></span> <span class='ocrx_word' id='word_1_626' title='bbox 3369 4576 3484 4621; x_wconf 75' lang='lat' dir='ltr'><strong>ter-</strong></span> 
     </span>
    </p>
   </div>
   <div class='ocr_carea' id='block_1_88' title="bbox 222 4655 1807 4730">
    <p class='ocr_par' dir='ltr' id='par_1_88' title="bbox 222 4655 1807 4730">
     <span class='ocr_line' id='line_1_88' title="bbox 222 4655 1807 4730; baseline -0.003 -14"><span class='ocrx_word' id='word_1_627' title='bbox 222 4668 461 4716; x_wconf 87' lang='lat' dir='ltr'><strong>tractata</strong></span> <span class='ocrx_word' id='word_1_628' title='bbox 498 4669 633 4714; x_wconf 88' lang='lat' dir='ltr'><strong>sunt</strong></span> <span class='ocrx_word' id='word_1_629' title='bbox 665 4657 878 4730; x_wconf 81' lang='lat' dir='ltr'><strong>synodo</strong></span> <span class='ocrx_word' id='word_1_630' title='bbox 909 4657 1100 4722; x_wconf 87' lang='lat' dir='ltr'><strong>semel,</strong></span> <span class='ocrx_word' id='word_1_631' title='bbox 1135 4665 1191 4712; x_wconf 91' lang='lat' dir='ltr'><strong>et</strong></span> <span class='ocrx_word' id='word_1_632' title='bbox 1211 4656 1574 4727; x_wconf 82' lang='lat' dir='ltr'><strong>quadraginta</strong></span> <span class='ocrx_word' id='word_1_633' title='bbox 1603 4671 1634 4709; x_wconf 90' lang='lat' dir='ltr'><strong>a</strong></span> <span class='ocrx_word' id='word_1_634' title='bbox 1656 4655 1807 4712; x_wconf 66' lang='lat' dir='ltr'><strong>Grat-</strong></span> 
     </span>
    </p>
   </div>
   <div class='ocr_carea' id='block_1_89' title="bbox 218 4748 1801 4824">
    <p class='ocr_par' dir='ltr' id='par_1_89' title="bbox 218 4748 1801 4824">
     <span class='ocr_line' id='line_1_89' title="bbox 218 4748 1801 4824; baseline -0.005 -11"><span class='ocrx_word' id='word_1_635' title='bbox 218 4757 307 4813; x_wconf 87' lang='lat' dir='ltr'><strong>cis</strong></span> <span class='ocrx_word' id='word_1_636' title='bbox 337 4756 529 4811; x_wconf 59' lang='lat' dir='ltr'><strong>Graeca</strong></span> <span class='ocrx_word' id='word_1_637' title='bbox 578 4753 726 4808; x_wconf 89' lang='lat' dir='ltr'><strong>dicta</strong></span> <span class='ocrx_word' id='word_1_638' title='bbox 766 4752 970 4824; x_wconf 78' lang='lat' dir='ltr'><strong>lingua,</strong></span> <span class='ocrx_word' id='word_1_639' title='bbox 1007 4759 1062 4806; x_wconf 90' lang='lat' dir='ltr'><strong>et</strong></span> <span class='ocrx_word' id='word_1_640' title='bbox 1096 4749 1457 4822; x_wconf 86' lang='lat' dir='ltr'><strong>quadraginta</strong></span> <span class='ocrx_word' id='word_1_641' title='bbox 1496 4764 1528 4803; x_wconf 92' lang='lat' dir='ltr'><strong>a</strong></span> <span class='ocrx_word' id='word_1_642' title='bbox 1568 4748 1801 4814; x_wconf 88' lang='lat' dir='ltr'><strong>Latinis,</strong></span> 
     </span>
    </p>
   </div>
   <div class='ocr_carea' id='block_1_90' title="bbox 218 4840 1806 4913">
    <p class='ocr_par' dir='ltr' id='par_1_90' title="bbox 218 4840 1806 4913">
     <span class='ocr_line' id='line_1_90' title="bbox 218 4840 1806 4913; baseline -0.005 -9"><span class='ocrx_word' id='word_1_643' title='bbox 218 4848 481 4904; x_wconf 87' lang='lat' dir='ltr'><strong>similiter</strong></span> <span class='ocrx_word' id='word_1_644' title='bbox 519 4844 668 4900; x_wconf 88' lang='lat' dir='ltr'><strong>dicta</strong></span> <span class='ocrx_word' id='word_1_645' title='bbox 710 4842 904 4898; x_wconf 88' lang='lat' dir='ltr'><strong>Latina</strong></span> <span class='ocrx_word' id='word_1_646' title='bbox 950 4844 1154 4913; x_wconf 88' lang='lat' dir='ltr'><strong>lingua.</strong></span> <span class='ocrx_word' id='word_1_647' title='bbox 1197 4840 1304 4896; x_wconf 88' lang='lat' dir='ltr'><strong>Sed</strong></span> <span class='ocrx_word' id='word_1_648' title='bbox 1356 4840 1531 4895; x_wconf 88' lang='lat' dir='ltr'><strong>visum</strong></span> <span class='ocrx_word' id='word_1_649' title='bbox 1571 4847 1656 4896; x_wconf 91' lang='lat' dir='ltr'><strong>est</strong></span> <span class='ocrx_word' id='word_1_650' title='bbox 1695 4850 1806 4896; x_wconf 85' lang='lat' dir='ltr'><strong>tre-</strong></span> 
     </span>
    </p>
   </div>
   <div class='ocr_carea' id='block_1_91' title="bbox 215 4929 1801 5001">
    <p class='ocr_par' dir='ltr' id='par_1_91' title="bbox 215 4929 1801 5001">
     <span class='ocr_line' id='line_1_91' title="bbox 215 4929 1801 5001; baseline -0.005 -8"><span class='ocrx_word' id='word_1_651' title='bbox 215 4939 401 4994; x_wconf 87' lang='lat' dir='ltr'><strong>centis</strong></span> <span class='ocrx_word' id='word_1_652' title='bbox 436 4936 626 4991; x_wconf 87' lang='lat' dir='ltr'><strong>decem</strong></span> <span class='ocrx_word' id='word_1_653' title='bbox 670 4941 723 4990; x_wconf 89' lang='lat' dir='ltr'><strong>et</strong></span> <span class='ocrx_word' id='word_1_654' title='bbox 747 4941 872 4989; x_wconf 90' lang='lat' dir='ltr'><strong>octo</strong></span> <span class='ocrx_word' id='word_1_655' title='bbox 909 4931 1183 4996; x_wconf 87' lang='lat' dir='ltr'><strong>Patribus,</strong></span> <span class='ocrx_word' id='word_1_656' title='bbox 1227 4938 1416 4985; x_wconf 82' lang='lat' dir='ltr'><strong>sancto</strong></span> <span class='ocrx_word' id='word_1_657' title='bbox 1461 4929 1667 5001; x_wconf 89' lang='lat' dir='ltr'><strong>Spiritu</strong></span> <span class='ocrx_word' id='word_1_658' title='bbox 1712 4946 1801 4986; x_wconf 89' lang='lat' dir='ltr'><strong>re-</strong></span> 
     </span>
    </p>
   </div>
   <div class='ocr_carea' id='block_1_92' title="bbox 212 5024 1804 5102">
    <p class='ocr_par' dir='ltr' id='par_1_92' title="bbox 212 5024 1804 5102">
     <span class='ocr_line' id='line_1_92' title="bbox 212 5024 1804 5102; baseline -0.003 -17"><span class='ocrx_word' id='word_1_659' title='bbox 212 5030 495 5102; x_wconf 81' lang='lat' dir='ltr'><strong>pletis,&#39;in</strong></span> <span class='ocrx_word' id='word_1_660' title='bbox 521 5026 785 5099; x_wconf 64' lang='lat' dir='ltr'><strong>praedicto</strong></span> <span class='ocrx_word' id='word_1_661' title='bbox 811 5027 1047 5083; x_wconf 87' lang='lat' dir='ltr'><strong>concilio</strong></span> <span class='ocrx_word' id='word_1_662' title='bbox 1081 5024 1447 5095; x_wconf 86' lang='lat' dir='ltr'><strong>congregatis,</strong></span> <span class='ocrx_word' id='word_1_663' title='bbox 1490 5033 1545 5078; x_wconf 86' lang='lat' dir='ltr'><strong>et</strong></span> <span class='ocrx_word' id='word_1_664' title='bbox 1570 5024 1804 5080; x_wconf 87' lang='lat' dir='ltr'><strong>maxime</strong></span> 
     </span>
    </p>
   </div>
   <div class='ocr_carea' id='block_1_93' title="bbox 203 5115 1803 5193">
    <p class='ocr_par' dir='ltr' id='par_1_93' title="bbox 203 5115 1803 5193">
     <span class='ocr_line' id='line_1_93' title="bbox 203 5115 1803 5193; baseline -0.006 -14"><span class='ocrx_word' id='word_1_665' title='bbox 203 5125 335 5193; x_wconf 88' lang='lat' dir='ltr'><strong>jam</strong></span> <span class='ocrx_word' id='word_1_666' title='bbox 363 5122 515 5178; x_wconf 91' lang='lat' dir='ltr'><strong>dicto</strong></span> <span class='ocrx_word' id='word_1_667' title='bbox 553 5120 902 5179; x_wconf 83' lang='lat' dir='ltr'><strong>Alexandro.</strong></span> <span class='ocrx_word' id='word_1_668' title='bbox 935 5126 990 5174; x_wconf 88' lang='lat' dir='ltr'><strong>et</strong></span> <span class='ocrx_word' id='word_1_669' title='bbox 1028 5117 1350 5189; x_wconf 85' lang='lat' dir='ltr'><strong>apostolicae</strong></span> <span class='ocrx_word' id='word_1_670' title='bbox 1392 5115 1538 5171; x_wconf 88' lang='lat' dir='ltr'><strong>sedis</strong></span> <span class='ocrx_word' id='word_1_671' title='bbox 1583 5116 1803 5186; x_wconf 85' lang='lat' dir='ltr'><strong>apocri-</strong></span> 
     </span>
    </p>
   </div>
   <div class='ocr_carea' id='block_1_94' title="bbox 211 5209 1837 5283">
    <p class='ocr_par' dir='ltr' id='par_1_94' title="bbox 211 5209 1837 5283">
     <span class='ocr_line' id='line_1_94' title="bbox 211 5209 1837 5283; baseline -0.004 -13"><span class='ocrx_word' id='word_1_672' title='bbox 211 5216 431 5280; x_wconf 85' lang='lat' dir='ltr'><strong>siariis,</strong></span> <span class='ocrx_word' id='word_1_673' title='bbox 463 5222 523 5268; x_wconf 90' lang='lat' dir='ltr'><strong>ut</strong></span> <span class='ocrx_word' id='word_1_674' title='bbox 553 5212 741 5268; x_wconf 88' lang='lat' dir='ltr'><strong>decem</strong></span> <span class='ocrx_word' id='word_1_675' title='bbox 777 5212 1015 5283; x_wconf 86' lang='lat' dir='ltr'><strong>capitula</strong></span> <span class='ocrx_word' id='word_1_676' title='bbox 1059 5210 1437 5265; x_wconf 88' lang='lat' dir='ltr'><strong>adunarentur</strong></span> <span class='ocrx_word' id='word_1_677' title='bbox 1471 5209 1615 5277; x_wconf 90' lang='lat' dir='ltr'><strong>aliis,</strong></span> <span class='ocrx_word' id='word_1_678' title='bbox 1639 5216 1837 5281; x_wconf 42' lang='lat' dir='ltr'><strong>atque.</strong></span> 
     </span>
    </p>
   </div>
   <div class='ocr_carea' id='block_1_95' title="bbox 208 5300 1805 5376">
    <p class='ocr_par' dir='ltr' id='par_1_95' title="bbox 208 5300 1805 5376">
     <span class='ocr_line' id='line_1_95' title="bbox 208 5300 1805 5376; baseline -0.004 -14"><span class='ocrx_word' id='word_1_679' title='bbox 208 5307 487 5376; x_wconf 79' lang='lat' dir='ltr'><strong>congruis</strong></span> <span class='ocrx_word' id='word_1_680' title='bbox 526 5306 582 5359; x_wconf 91' lang='lat' dir='ltr'><strong>in</strong></span> <span class='ocrx_word' id='word_1_681' title='bbox 623 5305 759 5360; x_wconf 90' lang='lat' dir='ltr'><strong>locis</strong></span> <span class='ocrx_word' id='word_1_682' title='bbox 798 5305 1205 5368; x_wconf 86' lang='lat' dir='ltr'><strong>insererentur,</strong></span> <span class='ocrx_word' id='word_1_683' title='bbox 1247 5310 1302 5358; x_wconf 90' lang='lat' dir='ltr'><strong>et</strong></span> <span class='ocrx_word' id='word_1_684' title='bbox 1348 5300 1416 5356; x_wconf 90' lang='lat' dir='ltr'><strong>ad</strong></span> <span class='ocrx_word' id='word_1_685' title='bbox 1454 5300 1684 5355; x_wconf 89' lang='lat' dir='ltr'><strong>formam</strong></span> <span class='ocrx_word' id='word_1_686' title='bbox 1720 5317 1805 5357; x_wconf 66' lang='lat' dir='ltr'><strong>se«</strong></span> 
     </span>
    </p>
   </div>
   <div class='ocr_carea' id='block_1_96' title="bbox 206 5392 1805 5472">
    <p class='ocr_par' dir='ltr' id='par_1_96' title="bbox 206 5392 1805 5472">
     <span class='ocr_line' id='line_1_96' title="bbox 206 5392 1805 5472; baseline -0.004 -19"><span class='ocrx_word' id='word_1_687' title='bbox 206 5398 510 5472; x_wconf 84' lang='lat' dir='ltr'><strong>ptuaginta</strong></span> <span class='ocrx_word' id='word_1_688' title='bbox 537 5396 954 5466; x_wconf 90' lang='lat' dir='ltr'><strong>discipulorum,</strong></span> <span class='ocrx_word' id='word_1_689' title='bbox 997 5395 1077 5450; x_wconf 91' lang='lat' dir='ltr'><strong>vel</strong></span> <span class='ocrx_word' id='word_1_690' title='bbox 1107 5396 1275 5450; x_wconf 89' lang='lat' dir='ltr'><strong>totius</strong></span> <span class='ocrx_word' id='word_1_691' title='bbox 1314 5392 1464 5449; x_wconf 91' lang='lat' dir='ltr'><strong>orbis</strong></span> <span class='ocrx_word' id='word_1_692' title='bbox 1504 5402 1663 5448; x_wconf 72' lang='lat' dir='ltr'><strong>terra:</strong></span> <span class='ocrx_word' id='word_1_693' title='bbox 1698 5393 1805 5447; x_wconf 87' lang='lat' dir='ltr'><strong>liu-</strong></span> 
     </span>
    </p>
   </div>
   <div class='ocr_carea' id='block_1_97' title="bbox 1912 4654 3482 4728">
    <p class='ocr_par' dir='ltr' id='par_1_97' title="bbox 1912 4654 3482 4728">
     <span class='ocr_line' id='line_1_97' title="bbox 1912 4654 3482 4728; baseline 0.002 -20"><span class='ocrx_word' id='word_1_694' title='bbox 1912 4654 2310 4725; x_wconf 81' lang='lat' dir='ltr'><strong>giversationes</strong></span> <span class='ocrx_word' id='word_1_695' title='bbox 2360 4655 2590 4710; x_wconf 87' lang='lat' dir='ltr'><strong>evadere</strong></span> <span class='ocrx_word' id='word_1_696' title='bbox 2642 4656 2943 4720; x_wconf 81' lang='lat' dir='ltr'><strong>valeamus,</strong></span> <span class='ocrx_word' id='word_1_697' title='bbox 2987 4669 3153 4728; x_wconf 88' lang='lat' dir='ltr'><strong>atque</strong></span> <span class='ocrx_word' id='word_1_698' title='bbox 3190 4656 3482 4711; x_wconf 84' lang='lat' dir='ltr'><strong>inconfuso</strong></span> 
     </span>
    </p>
   </div>
   <div class='ocr_carea' id='block_1_98' title="bbox 1910 4748 3483 4820">
    <p class='ocr_par' dir='ltr' id='par_1_98' title="bbox 1910 4748 3483 4820">
     <span class='ocr_line' id='line_1_98' title="bbox 1910 4748 3483 4820; baseline -0.001 -16"><span class='ocrx_word' id='word_1_699' title='bbox 1910 4749 2096 4814; x_wconf 87' lang='lat' dir='ltr'><strong>vultu,</strong></span> <span class='ocrx_word' id='word_1_700' title='bbox 2144 4764 2253 4803; x_wconf 92' lang='lat' dir='ltr'><strong>non</strong></span> <span class='ocrx_word' id='word_1_701' title='bbox 2310 4748 2502 4804; x_wconf 87' lang='lat' dir='ltr'><strong>fraude</strong></span> <span class='ocrx_word' id='word_1_702' title='bbox 2537 4750 2864 4820; x_wconf 90' lang='lat' dir='ltr'><strong>cujusquam</strong></span> <span class='ocrx_word' id='word_1_703' title='bbox 2916 4750 3185 4820; x_wconf 88' lang='lat' dir='ltr'><strong>perculsi,</strong></span> <span class='ocrx_word' id='word_1_704' title='bbox 3224 4750 3483 4805; x_wconf 82' lang='lat' dir='ltr'><strong>assistere</strong></span> 
     </span>
    </p>
   </div>
   <div class='ocr_carea' id='block_1_99' title="bbox 1912 4840 3484 4914">
    <p class='ocr_par' dir='ltr' id='par_1_99' title="bbox 1912 4840 3484 4914">
     <span class='ocr_line' id='line_1_99' title="bbox 1912 4840 3484 4914; baseline 0.003 -18"><span class='ocrx_word' id='word_1_705' title='bbox 1912 4848 2120 4896; x_wconf 66' lang='lat' dir='ltr'><strong>aeterno</strong></span> <span class='ocrx_word' id='word_1_706' title='bbox 2147 4840 2322 4910; x_wconf 88' lang='lat' dir='ltr'><strong>judici</strong></span> <span class='ocrx_word' id='word_1_707' title='bbox 2352 4856 2682 4907; x_wconf 90' lang='lat' dir='ltr'><strong>mereamur,</strong></span> <span class='ocrx_word' id='word_1_708' title='bbox 2705 4851 2761 4898; x_wconf 93' lang='lat' dir='ltr'><strong>et</strong></span> <span class='ocrx_word' id='word_1_709' title='bbox 2785 4857 2971 4897; x_wconf 90' lang='lat' dir='ltr'><strong>vocem</strong></span> <span class='ocrx_word' id='word_1_710' title='bbox 3003 4842 3197 4897; x_wconf 90' lang='lat' dir='ltr'><strong>audire</strong></span> <span class='ocrx_word' id='word_1_711' title='bbox 3228 4844 3484 4914; x_wconf 88' lang='lat' dir='ltr'><strong>inquien-</strong></span> 
     </span>
    </p>
   </div>
   <div class='ocr_carea' id='block_1_100' title="bbox 1910 4932 3483 5007">
    <p class='ocr_par' dir='ltr' id='par_1_100' title="bbox 1910 4932 3483 5007">
     <span class='ocr_line' id='line_1_100' title="bbox 1910 4932 3483 5007; baseline 0.004 -19"><span class='ocrx_word' id='word_1_712' title='bbox 1910 4941 2062 4989; x_wconf 86' lang='lat' dir='ltr'><strong>tem:</strong></span> <span class='ocrx_word' id='word_1_713' title='bbox 2100 4933 2261 5003; x_wconf 85' lang='lat' dir='ltr'><strong>Euge,</strong></span> <span class='ocrx_word' id='word_1_714' title='bbox 2299 4948 2442 4988; x_wconf 80' lang='lat' dir='ltr'><strong>serve</strong></span> <span class='ocrx_word' id='word_1_715' title='bbox 2489 4932 2618 4988; x_wconf 87' lang='lat' dir='ltr'><strong>bone</strong></span> <span class='ocrx_word' id='word_1_716' title='bbox 2655 4943 2705 4988; x_wconf 87' lang='lat' dir='ltr'><strong>et</strong></span> <span class='ocrx_word' id='word_1_717' title='bbox 2733 4935 2927 5004; x_wconf 79' lang='lat' dir='ltr'><strong>ﬁdelis,</strong></span> <span class='ocrx_word' id='word_1_718' title='bbox 2958 4935 3083 5004; x_wconf 85' lang='lat' dir='ltr'><strong>quia</strong></span> <span class='ocrx_word' id='word_1_719' title='bbox 3132 4951 3289 5005; x_wconf 80' lang='lat' dir='ltr'><strong>super</strong></span> <span class='ocrx_word' id='word_1_720' title='bbox 3311 4954 3483 5007; x_wconf 86' lang='lat' dir='ltr'><strong>pauca</strong></span> 
     </span>
    </p>
   </div>
   <div class='ocr_carea' id='block_1_101' title="bbox 1908 5024 3481 5095">
    <p class='ocr_par' dir='ltr' id='par_1_101' title="bbox 1908 5024 3481 5095">
     <span class='ocr_line' id='line_1_101' title="bbox 1908 5024 3481 5095; baseline 0.003 -16"><span class='ocrx_word' id='word_1_721' title='bbox 1908 5025 2062 5095; x_wconf 79' lang='lat' dir='ltr'><strong>fuisti</strong></span> <span class='ocrx_word' id='word_1_722' title='bbox 2103 5024 2313 5095; x_wconf 82' lang='lat' dir='ltr'><strong>ﬁdelis,</strong></span> <span class='ocrx_word' id='word_1_723' title='bbox 2360 5039 2522 5093; x_wconf 87' lang='lat' dir='ltr'><strong>supra</strong></span> <span class='ocrx_word' id='word_1_724' title='bbox 2564 5025 2733 5079; x_wconf 86' lang='lat' dir='ltr'><strong>multa</strong></span> <span class='ocrx_word' id='word_1_725' title='bbox 2775 5035 2822 5079; x_wconf 88' lang='lat' dir='ltr'><strong>te</strong></span> <span class='ocrx_word' id='word_1_726' title='bbox 2858 5027 3199 5081; x_wconf 86' lang='lat' dir='ltr'><strong>constituam.</strong></span> <span class='ocrx_word' id='word_1_727' title='bbox 3244 5025 3397 5082; x_wconf 81' lang='lat' dir='ltr'><strong>Intra</strong></span> <span class='ocrx_word' id='word_1_728' title='bbox 3427 5031 3481 5083; x_wconf 91' lang='lat' dir='ltr'><strong>in</strong></span> 
     </span>
    </p>
   </div>
   <div class='ocr_carea' id='block_1_102' title="bbox 1902 5115 2629 5188">
    <p class='ocr_par' dir='ltr' id='par_1_102' title="bbox 1902 5115 2629 5188">
     <span class='ocr_line' id='line_1_102' title="bbox 1902 5115 2629 5188; baseline -0.003 -17"><span class='ocrx_word' id='word_1_729' title='bbox 1902 5118 2157 5188; x_wconf 84' lang='lat' dir='ltr'><strong>gaudium</strong></span> <span class='ocrx_word' id='word_1_730' title='bbox 2197 5115 2413 5170; x_wconf 86' lang='lat' dir='ltr'><strong>Domini</strong></span> <span class='ocrx_word' id='word_1_731' title='bbox 2464 5119 2541 5169; x_wconf 88' lang='lat' dir='ltr'><strong>tui</strong></span> <span class='ocrx_word' id='word_1_732' title='bbox 2563 5118 2629 5169; x_wconf 82' lang='grc'><strong>⁸⁸.</strong></span> 
     </span>
    </p>
   </div>
   <div class='ocr_carea' id='block_1_103' title="bbox 1975 5207 3481 5281">
    <p class='ocr_par' dir='ltr' id='par_1_103' title="bbox 1975 5207 3481 5281">
     <span class='ocr_line' id='line_1_103' title="bbox 1975 5207 3481 5281; baseline 0.003 -19"><span class='ocrx_word' id='word_1_733' title='bbox 1975 5208 2042 5262; x_wconf 84' lang='grc' dir='ltr'><strong>Ει</strong></span> <span class='ocrx_word' id='word_1_734' title='bbox 2060 5208 2423 5277; x_wconf 84' lang='lat' dir='ltr'><strong>subscriptio:</strong></span> <span class='ocrx_word' id='word_1_735' title='bbox 2444 5207 2701 5264; x_wconf 90' lang='lat' dir='ltr'><strong>Orantem</strong></span> <span class='ocrx_word' id='word_1_736' title='bbox 2730 5226 2826 5279; x_wconf 90' lang='lat' dir='ltr'><strong>pro</strong></span> <span class='ocrx_word' id='word_1_737' title='bbox 2846 5212 3004 5267; x_wconf 88' lang='lat' dir='ltr'><strong>nobis</strong></span> <span class='ocrx_word' id='word_1_738' title='bbox 3023 5208 3270 5266; x_wconf 79' lang='lat' dir='ltr'><strong>Sanctum</strong></span> <span class='ocrx_word' id='word_1_739' title='bbox 3290 5221 3481 5281; x_wconf 85' lang='lat' dir='ltr'><strong>aposto</strong></span> 
     </span>
    </p>
   </div>
   <div class='ocr_carea' id='block_1_104' title="bbox 1904 5301 3481 5375">
    <p class='ocr_par' dir='ltr' id='par_1_104' title="bbox 1904 5301 3481 5375">
     <span class='ocr_line' id='line_1_104' title="bbox 1904 5301 3481 5375; baseline 0.002 -20"><span class='ocrx_word' id='word_1_740' title='bbox 1904 5302 2072 5356; x_wconf 92' lang='lat' dir='ltr'><strong>latum</strong></span> <span class='ocrx_word' id='word_1_741' title='bbox 2107 5310 2349 5356; x_wconf 86' lang='lat' dir='ltr'><strong>vestrum</strong></span> <span class='ocrx_word' id='word_1_742' title='bbox 2371 5302 2628 5373; x_wconf 71' lang='lat' dir='ltr'><strong>longazvis</strong></span> <span class='ocrx_word' id='word_1_743' title='bbox 2660 5301 2924 5360; x_wconf 85' lang='lat' dir='ltr'><strong>Dominus</strong></span> <span class='ocrx_word' id='word_1_744' title='bbox 2946 5311 3233 5361; x_wconf 84' lang='lat' dir='ltr'><strong>conservet</strong></span> <span class='ocrx_word' id='word_1_745' title='bbox 3269 5311 3481 5375; x_wconf 86' lang='lat' dir='ltr'><strong>tempo-</strong></span> 
     </span>
    </p>
   </div>
   <div class='ocr_carea' id='block_1_105' title="bbox 1905 5394 2082 5450">
    <p class='ocr_par' dir='ltr' id='par_1_105' title="bbox 1905 5394 2082 5450">
     <span class='ocr_line' id='line_1_105' title="bbox 1905 5394 2082 5450; baseline -0.011 -2"><span class='ocrx_word' id='word_1_746' title='bbox 1905 5394 2082 5450; x_wconf 88' lang='lat' dir='ltr'><strong>ribus.</strong></span> 
     </span>
    </p>
   </div>
   <div class='ocr_carea' id='block_1_106' title="bbox 292 5570 2036 5650">
    <p class='ocr_par' dir='ltr' id='par_1_106' title="bbox 292 5570 2036 5650">
     <span class='ocr_line' id='line_1_106' title="bbox 292 5570 2036 5650; baseline -0.006 -16"><span class='ocrx_word' id='word_1_747' title='bbox 292 5578 543 5650; x_wconf 63' lang='lat' dir='ltr'><strong>“Joan.</strong></span> <span class='ocrx_word' id='word_1_748' title='bbox 581 5591 620 5642; x_wconf 84' lang='lat' dir='ltr'><strong>I,</strong></span> <span class='ocrx_word' id='word_1_749' title='bbox 656 5575 711 5630; x_wconf 84' lang='grc'><strong>’5.</strong></span> <span class='ocrx_word' id='word_1_750' title='bbox 784 5575 828 5606; x_wconf 83' lang='grc'><strong>³⁷</strong></span> <span class='ocrx_word' id='word_1_751' title='bbox 868 5571 1057 5629; x_wconf 78' lang='lat' dir='ltr'><strong>Matth.</strong></span> <span class='ocrx_word' id='word_1_752' title='bbox 1094 5588 1148 5638; x_wconf 86' lang='lat' dir='ltr'><strong>x,</strong></span> <span class='ocrx_word' id='word_1_753' title='bbox 1181 5570 1272 5627; x_wconf 68' lang='lat'><strong>2&#39;5.</strong></span> <span class='ocrx_word' id='word_1_754' title='bbox 1346 5573 1393 5607; x_wconf 82' lang='grc'>⁸⁸</span> <span class='ocrx_word' id='word_1_755' title='bbox 1432 5571 1623 5628; x_wconf 80' lang='lat' dir='ltr'><strong>Matth.</strong></span> <span class='ocrx_word' id='word_1_756' title='bbox 1656 5586 1783 5638; x_wconf 81' lang='lat' dir='ltr'><strong>xxv,</strong></span> <span class='ocrx_word' id='word_1_757' title='bbox 1815 5571 1879 5627; x_wconf 69' lang='lat' dir='ltr'><strong>2i</strong></span> <span class='ocrx_word' id='word_1_758' title='bbox 1945 5570 2036 5641; x_wconf 64' lang='lat'><strong>25.</strong></span> 
     </span>
    </p>
   </div>
   <div class='ocr_carea' id='block_1_107' title="bbox 293 5731 915 5809">
    <p class='ocr_par' dir='ltr' id='par_1_107' title="bbox 293 5731 915 5809">
     <span class='ocr_line' id='line_1_107' title="bbox 293 5731 915 5809; baseline -0.011 -18"><span class='ocrx_word' id='word_1_759' title='bbox 293 5735 407 5809; x_wconf 75' lang='grc'><strong>(52)</strong></span> <span class='ocrx_word' id='word_1_760' title='bbox 447 5734 507 5790; x_wconf 83' lang='lat' dir='ltr'><strong>S.</strong></span> <span class='ocrx_word' id='word_1_761' title='bbox 545 5731 679 5799; x_wconf 84' lang='lat' dir='ltr'><strong>Leo,</strong></span> <span class='ocrx_word' id='word_1_762' title='bbox 710 5748 778 5802; x_wconf 88' lang='lat' dir='ltr'><strong>ep</strong></span> <span class='ocrx_word' id='word_1_763' title='bbox 828 5731 915 5787; x_wconf 64' lang='grc'><strong>84.</strong></span> 
     </span>
    </p>
   </div>
   <div class='ocr_carea' id='block_1_108' title="bbox 1962 5723 3009 5798">
    <p class='ocr_par' dir='ltr' id='par_1_108' title="bbox 1962 5723 3009 5798">
     <span class='ocr_line' id='line_1_108' title="bbox 1962 5723 3009 5798; baseline -0.001 -15"><span class='ocrx_word' id='word_1_764' title='bbox 1962 5723 2094 5798; x_wconf 56' lang='lat' dir='ltr'><strong>i(33)</strong></span> <span class='ocrx_word' id='word_1_765' title='bbox 2127 5727 2336 5783; x_wconf 88' lang='lat' dir='ltr'><strong>Concil.</strong></span> <span class='ocrx_word' id='word_1_766' title='bbox 2368 5726 2673 5783; x_wconf 78' lang='lat' dir='ltr'><strong>Romanum</strong></span> <span class='ocrx_word' id='word_1_767' title='bbox 2703 5743 2847 5785; x_wconf 90' lang='lat' dir='ltr'><strong>anno</strong></span> <span class='ocrx_word' id='word_1_768' title='bbox 2889 5726 3009 5783; x_wconf 73' lang='grc'><strong>721.</strong></span> 
     </span>
    </p>
   </div>
  </div>
