3976 6388
561 285 700 342 1447
1719 290 1777 348 S.
1816 292 2131 350 ATHANAS

2190 295 2276 354 JS.
2317 329 2384 338 —
2427 295 2696 354 SPURIA.
3655 315 3760 370 ίιιε

558 422 885 495 Rescriptum
930 426 1100 481 Marci
1138 443 1309 496 papa',
1345 428 1409 483 de
1467 431 1712 486 missione
1753 435 2120 521 capitulorum.
2156 439 2364 524 Nica'ni
2407 445 2618 498 concilii
2665 443 2992 509 Athanasio,
3035 456 3086 501 et
3137 448 3384 504 omnibus
3428 450 3762 524 ﬁgyptimm

2034 524 2312 580 episcopis.

627 605 868 662 Dominis
883 610 1284 664 venerabilibus
1308 611 1588 679 fratribus,
1609 615 1908 673 Athanasio
1927 627 1982 675 et
2003 623 2130 678 uni-
2156 630 2203 686 Α
2231 625 2458 689 scrinio,
2494 625 2685 682 eadem
2731 645 2852 698 qua:
2895 639 3102 688 sancta:
3146 635 3550 695 recordationis
3591 642 3762 711 prede-

555 697 732 752 versis
771 696 1152 768 {Egyptiorum
1193 701 1469 772 episcopis
1493 743 1509 768 ,
1548 704 1764 762 Marcus
1793 717 1996 766 sancta:
2025 713 2126 765 Ro-
2224 718 2435 773 cessori
2477 734 2598 774 meo
2643 696 2920 791 Sylvestro
2970 732 3098 778 sunt
3140 726 3350 783 directa
3373 769 3388 792 ,
3427 696 3758 802 septuaginta,

557 800 748 850 mante,
785 791 1200 862 apostolicaaque
1231 792 1388 849 Sedis
1417 802 1472 850 et
1503 797 1831 856 universalis
1864 800 2124 858 Ecclesiae
2223 804 2366 859 sicut
2390 804 2766 874 signifieastis,
2802 811 3040 880 capitula
3082 791 3415 872 invenimus.
3456 791 3578 889 Ipsa
3615 791 3758 879 autem

555 880 864 948 episcopus.
2221 895 2400 960 vobis,
2430 905 2658 968 propter
2689 903 3064 958 auctoritatem
3094 911 3152 958 et
3181 880 3640 980 subscriptionem
3663 922 3762 969 tan-

623 990 809 1056 Doleo,
845 993 1060 1059 fratres,
1104 1004 1158 1051 et
1202 999 1427 1054 nimium
1457 1003 1756 1058 contristor
1791 1018 1956 1074 super
1988 1003 2122 1057 ami-
2221 992 2400 1040 ῑυτυίη
2453 986 2792 1054 Palmm,“
2839 992 2961 1063 eius
3016 997 3200 1068 ωθεηί
3255 1000 3520 1064 conﬁnio
3570 1003 3761 1061 minime

551 1081 734 1136 ριίοηε
777 1093 994 1150 vestra,
1039 1089 1132 1143 sed
1181 1091 1379 1160 oppido
1438 1097 1715 1159 consolor,
1763 1096 1910 1166 quod
1960 1107 2120 1151 νεηιο
2221 1079 2505 1142 misimus,
2543 1083 2638 1137 sed
2682 1099 2780 1153 per
2808 1086 3032 1151 eadem,
3083 1103 3383 1161 coramque
3415 1095 3760 1162 apocrisiariis

550 1173 750 1242 “suam
786 1191 892 1230 non
930 1179 1064 1233 estis
1102 1184 1334 1247 arundo,
1379 1184 1474 1239 sed
1523 1187 1662 1241 remi
1711 1188 1766 1241 in
1819 1186 1950 1252 ﬁde,
1976 1187 2120 1243 ἰηιει.
2219 1171 2436 1233 vestris,
2466 1172 2570 1226 alia
2606 1175 2828 1240 similia,
2853 1177 3104 1234 eumdem
3141 1196 3456 1250 numerum,
3491 1187 3762 1258 eademque

548 1277 741 1319 omnes
769 1267 1128 1334 procellarum
1162 1281 1218 1326 et
1269 1276 1550 1330 turbinum
1597 1275 1942 1345 alﬁictiones,
1973 1279 2118 1334 inter

2219 1261 2404 1325 verba,
2444 1271 2499 1318 et
2529 1265 2702 1334 ipsam
2751 1267 3212 1340 subscriptionem
3244 1279 3609 1342 continentia,
3633 1281 3761 1338 vobis

549 1370 740 1410 onmes
777 1359 1198 1418 colluctationes
1219 1405 1234 1429 ,
1278 1367 1619 1421 incessanter
1649 1368 1978 1437 perduratis.
2010 1369 2116 1426 Le-
2218 1355 2540 1421 rescribere,
2577 1366 2632 1412 ει
2663 1360 2766 1414 θυι)
2788 1360 2953 1431 600
2978 1373 3130 1417 cena
3171 1364 3535 1434 S‘iPUla‘lone
3563 1379 3618 1425 θι
3651 1389 3763 1427 00n-

548 1447 654 1500 ctis
681 1461 812 1517 ergo
841 1450 1199 1507 fraternitatis
1230 1467 1424 1509 vestrae
1453 1457 1674 1521 litteris,
1707 1459 1949 1528 vigorem
1977 1476 2116 1514 con-

2219 1447 2524 1502 ﬁrmatione
2550 1449 2766 1504 mittere
2794 1453 3128 1519 curavimus.
3160 1454 3224 1510 Et
3263 1457 3390 1527 quis
3427 1469 3516 1515 est
3547 1463 3637 1532 qui
3672 1465 3763 1518 fra-

550 1539 764 1594 stantim
789 1552 1004 1604 vestrm,
1034 1561 1198 1612 quam
1229 1547 1355 1600 olim
1391 1563 1739 1610 noveramus.
1772 1553 2111 1621 agnovimus.
2215 1538 2391 1593 "ibus
2416 1539 2546 1592 "illa
2575 1556 2775 1611 ιιθεπθ
2800 1543 3033 1597 “mea”
3055 1545 3185 1600 Nam
3218 1563 3328 1602 "0"
3352 1553 3603 1620 “983M”
3628 1555 3763 1611 ηθυίε

547 1629 1007 1699 Congratulantes
1045 1636 1220 1699 vobis,
1263 1639 1408 1708 quod
1439 1639 1504 1693 ad
1545 1641 1959 1696 custodiendum
1991 1659 2116 1714 gre-

2215 1627 2330 1682 ha'c
2381 1630 2558 1684 sancti
2615 1629 2856 1700 Spiritus
2900 1634 3041 1689 dona
3098 1635 3371 1695 Dominus
3417 1642 3640 1708 docuit,
3684 1647 3762 1701 sed

548 1739 690 1792 gem,
727 1727 1274 1796 pastoralemmuram
1315 1731 1606 1800 vigilantes
1637 1732 2009 1803 insequimini.
2039 1735 2113 1790 Ne

2216 1717 2444 1774 ﬁdeliter
2492 1724 2819 1786 exercenda,
2865 1737 2920 1780 et
2973 1727 3238 1785 fratribus
3271 1734 3677 1800 contradenda,
3719 1745 3763 1792 et

547 1813 684 1885 lupi,
716 1815 810 1884 qui
843 1817 946 1870 sub
992 1819 1174 1887 specie
1222 1819 1404 1873 ovium
1439 1823 1855 1885 subintrarunt,
1895 1823 2110 1878 bestiali

2213 1810 2457 1866 docenda
2483 1814 2765 1870 distribuit
2793 1817 2924 1888 (54).
2956 1817 3082 1876 Haec
3112 1825 3490 1892 apostolorum
3525 1828 3642 1882 viva
3671 1837 3764 1883 tra-

547 1908 755 1961 saevitia
787 1908 1064 1978 simplices
1103 1925 1348 1980 quasque
1390 1911 1709 1968 dilacerent.
1747 1915 1850 1980 Qui
1897 1930 2005 1969 non
2041 1916 2107 1970 ad

2212 1900 2366 1966 ditio,
2404 1903 2516 1958 haec
2557 1913 2642 1961 est
2671 1923 2797 1962 vera
2843 1909 3108 1977 charitas,
3139 1928 3260 1982 quae
3289 1915 3640 1984 prmdicanda
3672 1929 3761 1984 est,

545 1997 650 2051 hoc
683 1998 1083 2064 subintraruut,
1110 2011 1169 2055 ut
1202 1979 1383 2073 aliqua
1427 2005 2105 2076 correctioneprotieiant,
2139 1979 2182 2033 Β
2210 2001 2261 2047 ei
2288 1997 2562 2066 υνωοίριιο
2589 1999 2862 2067 diligenda
2886 2016 2950 2056 ³ο
2974 2001 3226 2071 fovenda:
3261 2018 3430 2077 θυμω
3455 2009 3762 2069 ίῖάυεῖειίιθτ

545 2091 639 2146 sed
677 2098 736 2144 ιιι
763 2105 850 2154 ea,
881 2107 1002 2161 qua,
1017 2103 1142 2146 sum
1165 2108 1320 2159 sana,
1355 2105 1731 2166 corrumpam.
1765 2099 2108 2169 Quapropter
2209 2083 2276 2138 ab
2301 2088 2555 2142 omnibus
2579 2090 2843 2145 tenenda:
2877 2093 2991 2148 hmc
3025 2106 3214 2150 saneta
3243 2106 3300 2152 et
3329 2103 3634 2169 apostolica
3666 2121 3754 2160 ma-

539 2199 738 2238 monm
769 2193 823 2239 ει
873 2184 1064 2239 honor
1105 2185 1452 2241 dilectionem
1501 2199 1762 2254 “suam,
1805 2201 1864 2244 ιη
1905 2192 2105 2246 bouum
2209 2184 2294 2230 ter
2323 2179 2569 2232 omnium
2619 2179 3024 2248 Ecclesiarum,
3079 2186 3286 2242 Christi
3339 2190 3625 2259 Ecclesia,
3659 2212 3763 2265 quae

541 2277 686 2346 quod
718 2277 988 2347 coepistis,
1026 2278 1454 2335 adminiculante
1475 2281 1660 2336 divina
1701 2284 1901 2353 gratia,
1932 2300 2107 2355 usque

2208 2285 2305 2340 per
2333 2273 2725 2342 omnipotentis
2754 2271 2847 2330 Dei
2886 2280 3114 2348 gratiam
3141 2295 3171 2332 a
3218 2283 3440 2338 tramite
3469 2289 3760 2356 apostolica!

540 2371 597 2426 in
631 2372 790 2425 ﬁnem
843 2372 1143 2440 perducere
1191 2375 1489 2440 satagatis,
1527 2376 1776 2431 veritatis
1817 2391 1949 2431 voce
1989 2393 2106 2430 ma-

2209 2361 2516 2418 traditionis
2555 2380 2832 2436 nunquam
2876 2385 3092 2426 errasse
3127 2373 3411 2442 probatur,
3464 2393 3571 2432 nec
3613 2379 3760 2435 luere-

540 2469 743 2515 nente:
793 2459 986 2515 Beatus
1015 2462 1104 2531 qui
1125 2467 1525 2530 perseveraverit
1565 2465 1618 2518 in
1651 2465 1806 2534 ﬁnem
1828 2466 1916 2520 "2
1953 2464 2104 2521 Unde

2207 2452 2439 2506 ticorum
2473 2457 2806 2513 novitatibus
2833 2458 3179 2529 depravanda
3210 2464 3552 2532 succubuit;
3579 2471 3668 2524 sed
3710 2478 3759 2524 ut

538 2552 685 2609 enim
719 2552 873 2606 beata
915 2555 1319 2623 perseverantia
1341 2594 1357 2618 ,
1398 2555 1505 2610 nisi
1539 2555 1606 2610 de
1659 2557 1856 2611 virtute
1889 2561 2102 2627 patien-

2205 2543 2260 2598 in
2307 2547 2533 2602 exordio
2579 2563 2825 2604 normam
2873 2551 2993 2607 ﬁdei
3044 2553 3374 2612 Christianae
3422 2563 3664 2632 percepit
3702 2563 3759 2618 ab

541 2645 664 2700 tite?
705 2644 836 2699 Nam
873 2645 1028 2715 juxta
1069 2646 1432 2716 Apostolum:
1472 2645 1663 2702 Omnes
1705 2648 1795 2718 qui
1845 2650 2102 2704 voluerim
2205 2639 2522 2695 auctoribus
2575 2641 2690 2697 suis
2737 2645 3106 2713 apostolorum
3161 2647 3366 2704 Christi
3409 2652 3756 2722 principibus,

536 2737 620 2804 pie
641 2737 806 2791 vivere
828 2737 882 2790 in
905 2734 1135 2802 Christo,
1155 2729 1560 2806 persecutionem
1583 2740 1848 2808 patientur
1868 2741 1936 2796 ".
1972 2741 2104 2808 Quae

2204 2726 2409 2783 illibata
2444 2729 2550 2784 ﬁne
2585 2737 2748 2788 tenus
2781 2740 2981 2798 manet,
3017 2737 3321 2791 secundum
3354 2739 3535 2808 ipsius
3562 2739 3755 2797 Domini

538 2845 649 2885 non
688 2829 745 2883 in
791 2844 858 2882 eo
888 2835 1099 2882 tantum
1150 2830 1514 2900 computanda
1550 2842 1670 2896 est,
1719 2833 1862 2900 quod
1910 2843 2101 2888 contra
2205 2818 2507 2877 Salvatoris
2564 2819 2805 2878 divinam
2856 2827 3353 2895 pollicitationem,
3404 2833 3502 2902 qui
3552 2849 3758 2889 suorum

536 2919 902 2974 Christianam
941 2917 1216 2987 pietatem,
1254 2927 1348 2973 aut
1387 2919 1556 2983 ferro.
1591 2929 1684 2976 aut
1725 2923 1943 2992 ignibus
1985 2925 2100 2996 agi-
2202 2911 2596 2984 ἀίδοίρυίονυπι
2623 2917 2855 2987 Ρτίηυῖρί
2888 2919 2941 2972 in
2968 2919 3084 2974 θυῖε
3111 2919 3260 2975 films
3290 2930 3377 2976 εει
3419 2923 3756 2996 Ενειηεειίίεε

537 3021 660 3075 tur,
706 3020 799 3064 aut
837 3010 1256 3080 quibuscunque
1313 3013 1628 3082 suppliciis,
1665 3031 1789 3068 cum
1839 3031 2098 3085 persecu-

2202 2997 2377 3063 Petre,
2407 3002 2696 3072 inquiens,
2741 3020 2856 3058 ecce
2905 3005 3075 3060 Satan
3117 3010 3370 3080 expetivit
3413 3023 3472 3066 ut
3515 3015 3757 3068 cribrum

536 3103 750 3156 tionum
810 3101 1072 3156 saevitiam
1117 3101 1427 3170 suppleant,
1481 3103 1578 3158 sed
1621 3104 2098 3165 dissimilitudines

2219 3107 2308 3155 vos,
2373 3093 2508 3146 sicut
2561 3095 2651 3164 qui
2697 3094 2895 3149 cribrat
2935 3099 3168 3152 triticum
3200 3116 3220 3155 :
3257 3118 3352 3172 ego
3385 3114 3564 3158 autem
3602 3121 3692 3175 pro
3719 3117 3789 3182 te.

535 3207 772 3255 morum,
800 3200 856 3248 et
889 3191 1244 3246 contumaciae
1269 3193 1690 3248 inobedientium
1711 3235 1726 3259 ,
1758 3205 1812 3250 et
1836 3200 2096 3272 maligna-

2198 3183 2400 3252 rogavi,
2447 3193 2504 3237 ut
2555 3201 2657 3240 non
2705 3185 2917 3256 deﬁciat
2948 3189 3080 3258 ﬁdes
3130 3202 3244 3257 tua,
3281 3205 3334 3249 et
3369 3210 3427 3250 tu
3479 3199 3757 3270 aliquando

531 3299 654 3340 rum
679 3285 782 3339 tela
800 3283 1128 3354 linguarum,
1147 3284 1344 3354 quibus
1370 3285 1860 3344 conﬂictationibus
1878 3298 2098 3346 etcom-

2199 3294 2476 3334 convcmts
2499 3283 2757 3351 conﬁrma
2779 3284 2972 3353 fratres
2998 3295 3114 3340 tuos
3132 3287 3200 3343 ‘°.
3229 3287 3561 3348 Consideret
3588 3293 3759 3362 itaque

531 3375 718 3430 munia
750 3390 962 3446 semper
991 3376 1234 3430 membra
1272 3377 1580 3445 pulsantur,
1614 3387 1674 3432 ut
1707 3379 1854 3434 nulla
1884 3383 2094 3451 piorum

2199 3375 2380 3422 vestra
2415 3371 2686 3427 excellens
2729 3374 3038 3442 prudentia,
3089 3392 3253 3446 quam
3291 3380 3498 3437 bonum
3538 3385 3611 3437 sit
3645 3399 3757 3453 per-

531 3469 712 3538 Ροηεο
771 3467 1170 3523 conﬂictatione
1225 3468 1296 3523 εει
1346 3469 1534 3534 libera,
1593 3477 1651 3524 υι
1682 3485 1782 3526 nec
1821 3473 2093 3541 periculis,
2197 3461 2393 3516 sistere
2449 3462 2504 3516 in
2550 3463 2959 3532 dispensatione
2987 3468 3142 3524 vobis
3187 3471 3422 3537 credita,
3454 3483 3511 3528 et
3563 3473 3618 3528 in
3663 3474 3758 3529 fide

531 3573 632 3614 nec
649 3559 760 3614 otio
775 3569 1012 3622 careant,
1029 3576 1127 3614 nec
1143 3559 1484 3616 labore.Nam
1509 3561 1642 3626 hate,
1657 3570 1710 3618 et
1727 3565 1909 3617 omnia
1928 3565 2098 3620 incre-

2195 3559 2366 3616 recta,
2393 3560 2555 3624 atque
2580 3553 2852 3610 haereticis
2877 3565 2932 3610 et
2955 3559 3168 3614 aemulis
3197 3559 3407 3616 Christi
3435 3578 3755 3635 repugnare.

529 3660 710 3706 menta
728 3651 1086 3722 probabilium
1104 3651 1430 3716 studiorum,
1445 3653 1566 3708 etin
1581 3654 1662 3710 eis
1679 3671 1848 3725 usque
1862 3657 1914 3710 in
1934 3657 2093 3711 ﬁnem

2193 3653 2246 3696 et
2281 3658 2557 3714 nunquam
2581 3661 2613 3699 a
2647 3646 2890 3702 veritatis
2913 3649 3129 3705 tramite
3157 3651 3464 3710 declinare.
3497 3658 3753 3732 Quoniam

526 3744 1016 3814 perseverantium,
1048 3752 1211 3813 atque
1240 3743 1394 3799 bona:
1417 3746 1711 3801 voluntatis
1733 3747 2090 3813 incrementa,

2192 3731 2456 3791 Dominus
2493 3745 2546 3792 et
2577 3735 2826 3793 Salvator
2848 3741 3114 3802 omnium,
3153 3745 3318 3814 cujus
3353 3748 3490 3803 fides
3533 3759 3640 3811 est,
3669 3749 3753 3819 qui

526 3839 592 3894 ad
624 3837 828 3892 Christi
873 3837 1104 3906 gratiam
1155 3851 1370 3906 semper
1413 3845 1542 3892 sunt
1584 3838 1890 3904 referenda,
1923 3847 1982 3894 ut
2035 3840 2090 3894 in

2191 3843 2292 3897 pro
2330 3829 2488 3884 nobis
2518 3831 2656 3884 mori
2695 3846 2805 3886 non
2837 3833 3137 3900 dubitavit,
3177 3850 3233 3892 et
3267 3842 3494 3910 pr0prio
3526 3857 3628 3898 nos
3661 3859 3754 3898 suo

435 3947 447 3957 ε
525 3929 780 3982 omnibus
803 3943 925 3998 quae
956 3927 1190 3995 agimus,
1215 3925 1358 3980 Deus
1395 3927 1541 3981 omni
1571 3927 1808 3998 perfecte
1840 3928 2090 3984 laudetur
2189 3921 2456 3989 sanguine
2491 3920 2738 3986 redemit,
2779 3925 2870 3994 qui
2902 3926 3058 3980 ﬁdem
3091 3927 3234 3982 beati
3273 3928 3420 3986 Petri
3456 3949 3566 3987 non
3614 3935 3754 3990 defe-

524 4030 787 4091 tempore.
823 4019 898 4074 De
925 4019 1288 4089 capitulorum
1328 4033 1560 4088 namque
1605 4019 1835 4076 veritate
1879 4029 1933 4076 et
1982 4038 2087 4076 nu-
2187 4019 2396 4064 cturam
2445 4014 2710 4082 promisit,
2749 4022 2802 4070 et
2835 4018 3161 4074 conﬁrmare
3207 4035 3335 4074 eum
3381 4022 3583 4080 fratres
3627 4041 3752 4080 suos

522 4125 675 4164 mero
701 4109 902 4163 Nicami
938 4110 1180 4175 concilii,
1210 4109 1410 4180 quibus
1447 4126 1540 4166 vos
1569 4111 1905 4176 interfuisse,
1942 4113 2088 4168 litte--

2185 4103 2488 4158 admonuit.
2513 4103 2666 4169 Quod
2702 4108 3034 4175 apostolicos
3064 4110 3355 4178 pontiﬁces
3388 4129 3522 4169 mete
3551 4117 3749 4185 exigui-

522 4201 602 4255 ris
639 4207 835 4254 vestrae
869 4197 1232 4255 fraternitatis
1263 4199 1635 4270 signiﬁcastis,
1673 4218 1701 4256 a
1735 4204 1961 4270 nostris,
1989 4204 2085 4274 qui

2183 4192 2312 4248 tatis
2358 4196 2790 4262 praedecessores
2852 4199 3192 4255 conﬁdenter
3241 4203 3486 4268 fecisse,
3544 4221 3750 4275 semper

520 4307 628 4346 una
660 4291 942 4346 vobiscum
991 4290 1384 4355 interfuerunt,
1423 4293 1858 4363 diligentioribus
1901 4296 2085 4365 requi-
2181 4287 2393 4339 ευηοῑίε
2422 4295 2505 4340 εει
2545 4287 2842 4356 cognitu")-
2874 4286 3117 4354 Quomm
3153 4299 3209 4345 ει
3265 4295 3543 4362 Ρυείηίιειε
3599 4311 3744 4358 mea-

519 4383 748 4439 sivimus
773 4381 1246 4437 collocutionibus.
1280 4381 1382 4448 Qui
1417 4383 1514 4448 ita,
1553 4390 1610 4436 ut
1646 4393 1840 4440 vestrae
1871 4393 2082 4440 testata:
2177 4371 2305 4426 Ῑίοθῑ
2327 4373 2502 4444 impar
2531 4375 2602 4429 Sil
2629 4383 2682 4428 οι
2709 4377 2915 4440 inﬁma,
2941 4393 3042 4446 PI'O
3067 4391 3325 4450 suscepta
3359 4389 3542 4438 tamen
3567 4385 3746 4438 divina

517 4484 648 4532 sunt
677 4476 888 4539 litterae,
921 4489 1138 4529 onmem
1187 4473 1346 4528 nobis
1388 4474 1632 4528 ordinem
1675 4484 2074 4546 exposuerunt,
2177 4463 2526 4537 dignatione,
2568 4469 2874 4524 ministerio
2919 4471 3220 4541 pedisequa
3261 4475 3416 4544 cupit
3461 4477 3742 4530 exsistere.

513 4575 570 4624 et
601 4574 836 4621 vestram
867 4565 1153 4635 epistolam
1189 4579 1284 4634 per
1309 4563 1492 4618 omnia
1523 4580 1702 4620 veram
1731 4582 1852 4622 esse
1893 4567 2076 4624 testati
2179 4558 2269 4613 ναξ
2315 4559 2460 4612 enim
2503 4559 2609 4614 erit
2655 4560 2847 4625 ηοῦίεν
2904 4562 2996 4631 (illi
3042 4561 3207 4632 huius
3259 4565 3553 4620 ministerii
3606 4580 3742 4620 0"“5

514 4667 663 4727 sunt,
713 4673 823 4712 non
869 4665 928 4711 ut
979 4657 1182 4726 aliquid
1235 4657 1520 4712 sinistrum
1572 4667 1753 4712 vestra
1803 4675 1867 4714 ex
1920 4670 2075 4730 parte
2104 4663 2151 4723 ο
2178 4659 2490 4720 susceptum
2525 4651 2809 4717 habemus,
2841 4653 2886 4706 si
2911 4653 3194 4708 veritatem
3233 4653 3541 4712 Salvatoris
3570 4657 3741 4713 nostri

511 4749 862 4809 arbitremur,
895 4745 989 4802 sed
1045 4763 1145 4801 nos
1177 4753 1231 4800 et
1275 4762 1394 4809 vos,
1445 4745 1675 4815 illosque
1711 4747 1917 4818 absque
1966 4751 2075 4803 ulla
2173 4741 2300 4797 Jesu
2331 4742 2560 4809 Christi.
2599 4757 2762 4812 (ιιιεηη
2813 4745 3044 4813 θροεῑοίί
3095 4746 3572 4815 Ρηάίοδνεΐυηῑο
3607 4765 3741 4820 Ρτε²

510 4841 564 4895 in
591 4848 860 4907 posterum
885 4838 1210 4891 titubatione
1241 4852 1406 4890 unum
1439 4837 1640 4891 sentire
1663 4844 1998 4906 optaremus,
2021 4847 2076 4892 et
2172 4833 2354 4889 dicare
2383 4834 2805 4904 neglexerimus.
2826 4833 2918 4890 Va?
2944 4836 3108 4890 etiam
3131 4837 3238 4892 θτίι
3267 4839 3452 4903 ηοδίεο
3490 4841 3537 4896 Si
3570 4843 3738 4896 Silcn‘

507 4939 698 4986 sancta
733 4929 976 4983 Romana
1015 4929 1278 4991 Ecclesia,
1311 4944 1432 4998 quae
1475 4943 1690 5000 semper
1724 4929 2070 4983 immaculata
2167 4925 2246 4976 tio
2269 4927 2551 4978 veritatem
2593 4927 3048 4995 oppresserimus,
3101 4928 3195 4997 qui
3230 4944 3462 5000 etagare
3485 4947 3742 4985 nummu-

507 5023 728 5084 mansit,
760 5030 814 5075 et
852 5020 1080 5076 Domino
1133 5021 1489 5088 providente,
1529 5027 1582 5074 et
1630 5020 1790 5074 beato
1824 5021 2070 5088 apostolo
2169 5015 2320 5070 lariis
2349 5016 2642 5086 iubemur,
2695 5017 2750 5071 id
2803 5027 2908 5082 est,
2949 5018 3294 5077 Christianos
3349 5024 3582 5092 pepulos
3634 5023 3738 5075 im-

505 5113 665 5170 Petro
695 5129 852 5184 opem
904 5113 1127 5171 ferente.
1171 5112 1226 5166 in
1271 5113 1456 5166 futuro
1505 5113 1768 5176 manebit,
1808 5114 1924 5168 sine
1959 5112 2068 5166 ulla
2167 5107 2356 5173 buere,
2412 5117 2465 5164 et
2510 5109 2728 5164 docere.
2780 5109 2920 5176 Quid
2973 5110 3028 5164 in
3073 5110 3250 5181 ipsius
3294 5111 3504 5168 Christi
3554 5116 3734 5167 futuro

505 5204 883 5259 haereticorum
919 5201 1294 5262 insultatione,
1325 5201 1478 5254 ﬁrma
1513 5210 1568 5256 et
1598 5202 1891 5257 immobilis
1919 5200 2067 5254 omni
2121 5253 2129 5261 _
2165 5200 2362 5254 dicturi
2393 5217 2584 5257 sumus
2613 5203 2880 5264 examine,
2917 5202 2962 5257 si
2997 5205 3270 5258 sermonis
3300 5206 3424 5274 ejus
3451 5207 3732 5260 veritatem

505 5301 748 5362 tempore
791 5295 1063 5362 persistet.
1105 5293 1201 5350 His
1250 5295 1433 5364 itaque
1477 5295 1734 5363 peractis,
1781 5294 2070 5364 diligenter
2165 5291 2556 5346 confundimur
2597 5294 2934 5364 praedicare?
2969 5294 3108 5360 Quid
3153 5295 3259 5350 erit
3289 5297 3361 5352 de
3391 5297 3569 5362 nobis,
3601 5308 3728 5349 cum

500 5385 861 5454 requirentes,
896 5385 952 5440 in
983 5396 1173 5442 sancto
1216 5393 1419 5444 nostrae
1465 5394 1519 5441 et
1555 5386 1868 5456 apostolicae
1920 5384 2066 5440 sedis
2163 5383 2231 5438 de
2262 5384 2573 5440 commissis
2617 5385 2778 5442 nobis
2814 5384 3124 5452 animabus,
3155 5393 3213 5441 et
3239 5387 3310 5444 de
3337 5386 3515 5446 cilicio
3537 5397 3726 5444 susce-

571 5539 640 5573 ⁸⁸·
673 5539 860 5596 Matth.
893 5557 1043 5606 ntv,
1081 5543 1166 5598 l3.
1204 5543 1248 5576 ⁸⁸
1288 5542 1333 5598 ΙΙ
1371 5541 1512 5598 Tim.
1547 5557 1628 5610 ιιι,
1664 5541 1749 5596 12.
1823 5542 1870 5573 ⁸⁸
1907 5537 2042 5596 Luc.
2077 5557 2141 5596 xx

893 5557 1043 5606 ntv,
1081 5543 1166 5598 l3.
1204 5543 1248 5576 ⁸⁸
1288 5542 1333 5598 ΙΙ
1371 5541 1512 5598 Tim.
1547 5557 1628 5610 ιιι,
1664 5541 1749 5596 12.
1823 5542 1870 5573 ⁸⁸
1907 5537 2042 5596 Luc.
2077 5557 2216 5608 xxii,
2250 5543 2338 5609 5|,
2373 5544 2461 5599 δὲ.

565 5695 685 5765 (54)
714 5697 925 5769 Agatho
963 5655 1031 5756 ad.
1053 5701 1242 5758 Const.
1275 5702 1604 5773 Augustum,
1634 5708 1740 5758 act.
1775 5702 1808 5758 4
1836 5703 2049 5759 concilii
2075 5719 2127 5758 vn
2169 5717 2292 5775 gen.
