  <div class='ocr_page' id='page_1' title='image "/cluster/home/n/w/nwhite01/storage/ocr_20150623/28/hvd.32044019207737/742.png"; bbox 0 0 3976 6388; ppageno 0'>
   <div class='ocr_carea' id='block_1_1' title="bbox 298 268 438 325">
    <p class='ocr_par' dir='ltr' id='par_1_1' title="bbox 298 268 438 325">
     <span class='ocr_line' id='line_1_1' title="bbox 298 268 438 325; baseline 0.014 -2"><span class='ocrx_word' id='word_1_1' title='bbox 298 271 323 323; x_wconf 72' lang='grc'>1</span> <span class='ocrx_word' id='word_1_2' title='bbox 333 268 438 325; x_wconf 63' lang='grc'><strong>449</strong></span> 
     </span>
    </p>
   </div>
   <div class='ocr_carea' id='block_1_2' title="bbox 1193 263 2613 325">
    <p class='ocr_par' dir='ltr' id='par_1_2' title="bbox 1193 263 2613 325">
     <span class='ocr_line' id='line_1_2' title="bbox 1193 263 2613 325; baseline -0.004 -2"><span class='ocrx_word' id='word_1_3' title='bbox 1193 269 1462 325; x_wconf 74' lang='lat' dir='ltr'><strong>PONTIF.</strong></span> <span class='ocrx_word' id='word_1_4' title='bbox 1502 267 1668 325; x_wconf 80' lang='lat' dir='ltr'><strong>ROM.</strong></span> <span class='ocrx_word' id='word_1_5' title='bbox 1702 268 1789 322; x_wconf 85' lang='lat' dir='ltr'><strong>ET</strong></span> <span class='ocrx_word' id='word_1_6' title='bbox 1827 265 2194 322; x_wconf 84' lang='lat' dir='ltr'><strong>ATHANASII</strong></span> <span class='ocrx_word' id='word_1_7' title='bbox 2234 263 2613 321; x_wconf 60' lang='lat' dir='ltr'><strong>EPISTOLIE.</strong></span> 
     </span>
    </p>
   </div>
   <div class='ocr_carea' id='block_1_3' title="bbox 3353 259 3545 347">
    <p class='ocr_par' dir='ltr' id='par_1_3' title="bbox 3353 259 3545 347">
     <span class='ocr_line' id='line_1_3' title="bbox 3353 259 3545 347; baseline 0.005 -32"><span class='ocrx_word' id='word_1_8' title='bbox 3353 320 3359 329; x_wconf 49' lang='lat'><strong>,</strong></span> <span class='ocrx_word' id='word_1_9' title='bbox 3413 259 3545 347; x_wconf 71' lang='lat' dir='ltr'><strong>uss</strong></span> 
     </span>
    </p>
   </div>
   <div class='ocr_carea' id='block_1_4' title="bbox 300 372 3551 455">
    <p class='ocr_par' dir='ltr' id='par_1_4' title="bbox 300 372 3551 455">
     <span class='ocr_line' id='line_1_4' title="bbox 300 372 3551 455; baseline -0.004 -16"><span class='ocrx_word' id='word_1_10' title='bbox 300 392 413 455; x_wconf 87' lang='lat' dir='ltr'><strong>pto,</strong></span> <span class='ocrx_word' id='word_1_11' title='bbox 448 386 715 439; x_wconf 82' lang='lat' dir='ltr'><strong>rationem</strong></span> <span class='ocrx_word' id='word_1_12' title='bbox 769 383 954 453; x_wconf 87' lang='lat' dir='ltr'><strong>justus</strong></span> <span class='ocrx_word' id='word_1_13' title='bbox 995 383 1161 453; x_wconf 73' lang='lat' dir='ltr'><strong>judex</strong></span> <span class='ocrx_word' id='word_1_14' title='bbox 1195 384 1445 439; x_wconf 74' lang='lat' dir='ltr'><strong>Christus</strong></span> <span class='ocrx_word' id='word_1_15' title='bbox 1495 382 1635 437; x_wconf 87' lang='lat' dir='ltr'><strong>Deus</strong></span> <span class='ocrx_word' id='word_1_16' title='bbox 1678 382 1869 437; x_wconf 83' lang='lat' dir='ltr'><strong>distri-</strong></span> <span class='ocrx_word' id='word_1_17' title='bbox 1900 388 1939 441; x_wconf 81' lang='grc' dir='ltr'>Α</span> <span class='ocrx_word' id='word_1_18' title='bbox 1973 380 2067 449; x_wconf 97' lang='lat' dir='ltr'><strong>qui</strong></span> <span class='ocrx_word' id='word_1_19' title='bbox 2130 377 2446 448; x_wconf 85' lang='lat' dir='ltr'><strong>diligentius</strong></span> <span class='ocrx_word' id='word_1_20' title='bbox 2499 374 2640 446; x_wconf 89' lang='lat' dir='ltr'><strong>quod</strong></span> <span class='ocrx_word' id='word_1_21' title='bbox 2678 373 2742 428; x_wconf 87' lang='lat' dir='ltr'><strong>ad</strong></span> <span class='ocrx_word' id='word_1_22' title='bbox 2796 374 3028 429; x_wconf 86' lang='lat' dir='ltr'><strong>salutem</strong></span> <span class='ocrx_word' id='word_1_23' title='bbox 3077 372 3387 429; x_wconf 68' lang='lat' dir='ltr'><strong>commissa:</strong></span> <span class='ocrx_word' id='word_1_24' title='bbox 3442 374 3551 431; x_wconf 86' lang='lat' dir='ltr'><strong>sibi</strong></span> 
     </span>
    </p>
   </div>
   <div class='ocr_carea' id='block_1_5' title="bbox 299 475 1867 544">
    <p class='ocr_par' dir='ltr' id='par_1_5' title="bbox 299 475 1867 544">
     <span class='ocr_line' id='line_1_5' title="bbox 299 475 1867 544; baseline -0.001 -14"><span class='ocrx_word' id='word_1_25' title='bbox 299 485 440 531; x_wconf 80' lang='lat' dir='ltr'><strong>ctam</strong></span> <span class='ocrx_word' id='word_1_26' title='bbox 468 478 681 544; x_wconf 78' lang='lat' dir='ltr'><strong>egerit?</strong></span> <span class='ocrx_word' id='word_1_27' title='bbox 716 476 861 539; x_wconf 83' lang='lat' dir='ltr'><strong>Ideo.</strong></span> <span class='ocrx_word' id='word_1_28' title='bbox 906 479 1123 541; x_wconf 75' lang='lat' dir='ltr'><strong>fratres,</strong></span> <span class='ocrx_word' id='word_1_29' title='bbox 1153 478 1343 531; x_wconf 88' lang='lat' dir='ltr'><strong>bortor</strong></span> <span class='ocrx_word' id='word_1_30' title='bbox 1383 475 1730 529; x_wconf 78' lang='lat' dir='ltr'><strong>dilectionem</strong></span> <span class='ocrx_word' id='word_1_31' title='bbox 1776 491 1867 528; x_wconf 87' lang='lat' dir='ltr'><strong>vc-</strong></span> 
     </span>
    </p>
   </div>
   <div class='ocr_carea' id='block_1_6' title="bbox 299 565 1869 638">
    <p class='ocr_par' dir='ltr' id='par_1_6' title="bbox 299 565 1869 638">
     <span class='ocr_line' id='line_1_6' title="bbox 299 565 1869 638; baseline -0.003 -17"><span class='ocrx_word' id='word_1_32' title='bbox 299 577 494 631; x_wconf 89' lang='lat' dir='ltr'><strong>stram,</strong></span> <span class='ocrx_word' id='word_1_33' title='bbox 534 569 797 629; x_wconf 85' lang='lat' dir='ltr'><strong>obtestor,</strong></span> <span class='ocrx_word' id='word_1_34' title='bbox 845 579 899 623; x_wconf 91' lang='lat' dir='ltr'><strong>et</strong></span> <span class='ocrx_word' id='word_1_35' title='bbox 935 584 1149 631; x_wconf 82' lang='lat' dir='ltr'><strong>nioneo,</strong></span> <span class='ocrx_word' id='word_1_36' title='bbox 1195 577 1254 622; x_wconf 93' lang='lat' dir='ltr'><strong>ut</strong></span> <span class='ocrx_word' id='word_1_37' title='bbox 1301 582 1408 638; x_wconf 88' lang='lat' dir='ltr'><strong>qua</strong></span> <span class='ocrx_word' id='word_1_38' title='bbox 1459 568 1671 621; x_wconf 82' lang='lat' dir='ltr'><strong>debetis</strong></span> <span class='ocrx_word' id='word_1_39' title='bbox 1715 565 1869 620; x_wconf 89' lang='lat' dir='ltr'><strong>solli-</strong></span> 
     </span>
    </p>
   </div>
   <div class='ocr_carea' id='block_1_7' title="bbox 300 656 1873 728">
    <p class='ocr_par' dir='ltr' id='par_1_7' title="bbox 300 656 1873 728">
     <span class='ocr_line' id='line_1_7' title="bbox 300 656 1873 728; baseline -0.001 -20"><span class='ocrx_word' id='word_1_40' title='bbox 300 656 563 721; x_wconf 83' lang='lat' dir='ltr'><strong>citudine,</strong></span> <span class='ocrx_word' id='word_1_41' title='bbox 605 658 838 727; x_wconf 71' lang='lat' dir='ltr'><strong>vigiletis</strong></span> <span class='ocrx_word' id='word_1_42' title='bbox 875 659 939 712; x_wconf 84' lang='lat' dir='ltr'><strong>ad</strong></span> <span class='ocrx_word' id='word_1_43' title='bbox 996 658 1407 728; x_wconf 78' lang='lat' dir='ltr'><strong>investigandos</strong></span> <span class='ocrx_word' id='word_1_44' title='bbox 1457 656 1777 710; x_wconf 68' lang='lat' dir='ltr'><strong>IIIBI&#39;CIICOS.</strong></span> <span class='ocrx_word' id='word_1_45' title='bbox 1818 662 1873 707; x_wconf 90' lang='lat' dir='ltr'><strong>et</strong></span> 
     </span>
    </p>
   </div>
   <div class='ocr_carea' id='block_1_8' title="bbox 301 746 1873 816">
    <p class='ocr_par' dir='ltr' id='par_1_8' title="bbox 301 746 1873 816">
     <span class='ocr_line' id='line_1_8' title="bbox 301 746 1873 816; baseline -0.001 -17"><span class='ocrx_word' id='word_1_46' title='bbox 301 747 555 802; x_wconf 86' lang='lat' dir='ltr'><strong>inimicos</strong></span> <span class='ocrx_word' id='word_1_47' title='bbox 589 757 791 803; x_wconf 84' lang='lat' dir='ltr'><strong>sanetae</strong></span> <span class='ocrx_word' id='word_1_48' title='bbox 819 750 912 804; x_wconf 86' lang='lat' dir='ltr'><strong>Dei</strong></span> <span class='ocrx_word' id='word_1_49' title='bbox 948 748 1228 816; x_wconf 78' lang='lat' dir='ltr'><strong>Ecclesiae,</strong></span> <span class='ocrx_word' id='word_1_50' title='bbox 1250 760 1305 804; x_wconf 90' lang='lat' dir='ltr'><strong>et</strong></span> <span class='ocrx_word' id='word_1_51' title='bbox 1335 763 1364 801; x_wconf 88' lang='lat' dir='ltr'><strong>a</strong></span> <span class='ocrx_word' id='word_1_52' title='bbox 1404 748 1558 803; x_wconf 90' lang='lat' dir='ltr'><strong>sanis</strong></span> <span class='ocrx_word' id='word_1_53' title='bbox 1595 746 1873 800; x_wconf 78' lang='lat' dir='ltr'><strong>mentibus</strong></span> 
     </span>
    </p>
   </div>
   <div class='ocr_carea' id='block_1_9' title="bbox 299 840 1869 912">
    <p class='ocr_par' dir='ltr' id='par_1_9' title="bbox 299 840 1869 912">
     <span class='ocr_line' id='line_1_9' title="bbox 299 840 1869 912; baseline 0.001 -21"><span class='ocrx_word' id='word_1_54' title='bbox 299 855 366 893; x_wconf 89' lang='lat' dir='ltr'><strong>ne</strong></span> <span class='ocrx_word' id='word_1_55' title='bbox 418 843 592 910; x_wconf 78' lang='lat' dir='ltr'><strong>pestis</strong></span> <span class='ocrx_word' id='word_1_56' title='bbox 648 842 762 897; x_wconf 73' lang='lat' dir='ltr'><strong>lucc</strong></span> <span class='ocrx_word' id='word_1_57' title='bbox 819 844 982 898; x_wconf 83' lang='lat' dir='ltr'><strong>latius</strong></span> <span class='ocrx_word' id='word_1_58' title='bbox 1037 842 1369 912; x_wconf 81' lang='lat' dir='ltr'><strong>divulgetur,</strong></span> <span class='ocrx_word' id='word_1_59' title='bbox 1415 840 1706 896; x_wconf 89' lang='lat' dir='ltr'><strong>severitate</strong></span> <span class='ocrx_word' id='word_1_60' title='bbox 1759 853 1869 908; x_wconf 87' lang='lat' dir='ltr'><strong>qua</strong></span> 
     </span>
    </p>
   </div>
   <div class='ocr_carea' id='block_1_10' title="bbox 299 932 1863 1005">
    <p class='ocr_par' dir='ltr' id='par_1_10' title="bbox 299 932 1863 1005">
     <span class='ocr_line' id='line_1_10' title="bbox 299 932 1863 1005; baseline 0.001 -23"><span class='ocrx_word' id='word_1_61' title='bbox 299 935 545 999; x_wconf 83' lang='lat' dir='ltr'><strong>potestis,</strong></span> <span class='ocrx_word' id='word_1_62' title='bbox 584 951 685 1005; x_wconf 88' lang='lat' dir='ltr'><strong>pro</strong></span> <span class='ocrx_word' id='word_1_63' title='bbox 740 936 949 991; x_wconf 86' lang='lat' dir='ltr'><strong>viribus</strong></span> <span class='ocrx_word' id='word_1_64' title='bbox 998 936 1338 1005; x_wconf 78' lang='lat' dir='ltr'><strong>exstirpetis.</strong></span> <span class='ocrx_word' id='word_1_65' title='bbox 1392 936 1665 1001; x_wconf 82' lang='lat' dir='ltr'><strong>Quantum</strong></span> <span class='ocrx_word' id='word_1_66' title='bbox 1718 932 1863 986; x_wconf 86' lang='lat' dir='ltr'><strong>enim</strong></span> 
     </span>
    </p>
   </div>
   <div class='ocr_carea' id='block_1_11' title="bbox 296 1024 1858 1096">
    <p class='ocr_par' dir='ltr' id='par_1_11' title="bbox 296 1024 1858 1096">
     <span class='ocr_line' id='line_1_11' title="bbox 296 1024 1858 1096; baseline -0.001 -20"><span class='ocrx_word' id='word_1_67' title='bbox 296 1025 518 1079; x_wconf 84' lang='lat' dir='ltr'><strong>habebit</strong></span> <span class='ocrx_word' id='word_1_68' title='bbox 569 1042 599 1081; x_wconf 87' lang='lat' dir='ltr'><strong>a</strong></span> <span class='ocrx_word' id='word_1_69' title='bbox 651 1025 760 1081; x_wconf 91' lang='lat' dir='ltr'><strong>Deo</strong></span> <span class='ocrx_word' id='word_1_70' title='bbox 808 1028 983 1096; x_wconf 62' lang='lat' dir='ltr'><strong>dignm</strong></span> <span class='ocrx_word' id='word_1_71' title='bbox 1024 1027 1502 1082; x_wconf 61' lang='lat' dir='ltr'><strong>remunerationis</strong></span> <span class='ocrx_word' id='word_1_72' title='bbox 1542 1024 1858 1095; x_wconf 63' lang='lat' dir='ltr'><strong>proemium,</strong></span> 
     </span>
    </p>
   </div>
   <div class='ocr_carea' id='block_1_12' title="bbox 1970 462 3551 540">
    <p class='ocr_par' dir='ltr' id='par_1_12' title="bbox 1970 462 3551 540">
     <span class='ocr_line' id='line_1_12' title="bbox 1970 462 3551 540; baseline -0.002 -18"><span class='ocrx_word' id='word_1_73' title='bbox 1970 471 2144 540; x_wconf 85' lang='lat' dir='ltr'><strong>plebis</strong></span> <span class='ocrx_word' id='word_1_74' title='bbox 2190 470 2394 539; x_wconf 84' lang='lat' dir='ltr'><strong>prosit,</strong></span> <span class='ocrx_word' id='word_1_75' title='bbox 2449 466 2610 522; x_wconf 84' lang='lat' dir='ltr'><strong>fuerit</strong></span> <span class='ocrx_word' id='word_1_76' title='bbox 2656 474 2983 532; x_wconf 82' lang='lat' dir='ltr'><strong>exsecutus;</strong></span> <span class='ocrx_word' id='word_1_77' title='bbox 3032 465 3108 518; x_wconf 88' lang='lat' dir='ltr'><strong>ita</strong></span> <span class='ocrx_word' id='word_1_78' title='bbox 3153 473 3279 521; x_wconf 89' lang='lat' dir='ltr'><strong>ante</strong></span> <span class='ocrx_word' id='word_1_79' title='bbox 3310 462 3551 519; x_wconf 86' lang='lat' dir='ltr'><strong>tribunal</strong></span> 
     </span>
    </p>
   </div>
   <div class='ocr_carea' id='block_1_13' title="bbox 1974 558 3547 629">
    <p class='ocr_par' dir='ltr' id='par_1_13' title="bbox 1974 558 3547 629">
     <span class='ocr_line' id='line_1_13' title="bbox 1974 558 3547 629; baseline -0.001 -16"><span class='ocrx_word' id='word_1_80' title='bbox 1974 562 2189 615; x_wconf 86' lang='lat' dir='ltr'><strong>Domini</strong></span> <span class='ocrx_word' id='word_1_81' title='bbox 2229 560 2296 616; x_wconf 91' lang='lat' dir='ltr'><strong>de</strong></span> <span class='ocrx_word' id='word_1_82' title='bbox 2341 571 2494 614; x_wconf 85' lang='lat' dir='ltr'><strong>reatu</strong></span> <span class='ocrx_word' id='word_1_83' title='bbox 2526 558 2870 629; x_wconf 67' lang='lat' dir='ltr'><strong>negligentiae</strong></span> <span class='ocrx_word' id='word_1_84' title='bbox 2906 574 2964 613; x_wconf 89' lang='lat' dir='ltr'><strong>se</strong></span> <span class='ocrx_word' id='word_1_85' title='bbox 2998 574 3105 611; x_wconf 88' lang='lat' dir='ltr'><strong>non</strong></span> <span class='ocrx_word' id='word_1_86' title='bbox 3139 558 3339 627; x_wconf 84' lang='lat' dir='ltr'><strong>poterit</strong></span> <span class='ocrx_word' id='word_1_87' title='bbox 3377 574 3547 613; x_wconf 77' lang='lat' dir='ltr'><strong>exeu-</strong></span> 
     </span>
    </p>
   </div>
   <div class='ocr_carea' id='block_1_14' title="bbox 1975 648 3552 722">
    <p class='ocr_par' dir='ltr' id='par_1_14' title="bbox 1975 648 3552 722">
     <span class='ocr_line' id='line_1_14' title="bbox 1975 648 3552 722; baseline 0 -16"><span class='ocrx_word' id='word_1_88' title='bbox 1975 668 2138 715; x_wconf 84' lang='lat' dir='ltr'><strong>sare,</strong></span> <span class='ocrx_word' id='word_1_89' title='bbox 2192 652 2505 721; x_wconf 82' lang='lat' dir='ltr'><strong>quicunque</strong></span> <span class='ocrx_word' id='word_1_90' title='bbox 2564 648 2774 719; x_wconf 80' lang='lat' dir='ltr'><strong>plebem</strong></span> <span class='ocrx_word' id='word_1_91' title='bbox 2827 665 2982 705; x_wconf 87' lang='lat' dir='ltr'><strong>suam</strong></span> <span class='ocrx_word' id='word_1_92' title='bbox 3035 658 3227 705; x_wconf 83' lang='lat' dir='ltr'><strong>contra</strong></span> <span class='ocrx_word' id='word_1_93' title='bbox 3270 651 3552 722; x_wconf 62' lang='lat' dir='ltr'><strong>sacrilega:</strong></span> 
     </span>
    </p>
   </div>
   <div class='ocr_carea' id='block_1_15' title="bbox 1974 742 3543 816">
    <p class='ocr_par' dir='ltr' id='par_1_15' title="bbox 1974 742 3543 816">
     <span class='ocr_line' id='line_1_15' title="bbox 1974 742 3543 816; baseline -0.003 -17"><span class='ocrx_word' id='word_1_94' title='bbox 1974 744 2350 816; x_wconf 85' lang='lat' dir='ltr'><strong>persuasionis</strong></span> <span class='ocrx_word' id='word_1_95' title='bbox 2381 750 2633 797; x_wconf 86' lang='lat' dir='ltr'><strong>auctores</strong></span> <span class='ocrx_word' id='word_1_96' title='bbox 2667 742 2905 797; x_wconf 91' lang='lat' dir='ltr'><strong>noluerit</strong></span> <span class='ocrx_word' id='word_1_97' title='bbox 2946 743 3246 798; x_wconf 84' lang='lat' dir='ltr'><strong>custodire.</strong></span> <span class='ocrx_word' id='word_1_98' title='bbox 3287 742 3423 797; x_wconf 88' lang='lat' dir='ltr'><strong>Data</strong></span> <span class='ocrx_word' id='word_1_99' title='bbox 3450 756 3543 797; x_wconf 77' lang='grc' dir='ltr'><strong>νιιι</strong></span> 
     </span>
    </p>
   </div>
   <div class='ocr_carea' id='block_1_16' title="bbox 1975 830 3543 901">
    <p class='ocr_par' dir='ltr' id='par_1_16' title="bbox 1975 830 3543 901">
     <span class='ocr_line' id='line_1_16' title="bbox 1975 830 3543 901; baseline -0.001 -14"><span class='ocrx_word' id='word_1_100' title='bbox 1975 834 2095 888; x_wconf 78' lang='lat' dir='ltr'><strong>Kal.</strong></span> <span class='ocrx_word' id='word_1_101' title='bbox 2129 833 2474 892; x_wconf 79' lang='lat' dir='ltr'><strong>Novembris.</strong></span> <span class='ocrx_word' id='word_1_102' title='bbox 2506 832 2805 901; x_wconf 57' lang='lat' dir='ltr'><strong>bepotiauo</strong></span> <span class='ocrx_word' id='word_1_103' title='bbox 2839 840 2893 888; x_wconf 83' lang='lat' dir='ltr'><strong>et</strong></span> <span class='ocrx_word' id='word_1_104' title='bbox 2946 830 3218 899; x_wconf 87' lang='lat' dir='ltr'><strong>Secundo,</strong></span> <span class='ocrx_word' id='word_1_105' title='bbox 3260 833 3394 888; x_wconf 89' lang='lat' dir='ltr'><strong>viris</strong></span> <span class='ocrx_word' id='word_1_106' title='bbox 3436 834 3543 887; x_wconf 47' lang='lat' dir='ltr'><strong>cla.</strong></span> 
     </span>
    </p>
   </div>
   <div class='ocr_carea' id='block_1_17' title="bbox 1973 925 2593 990">
    <p class='ocr_par' dir='ltr' id='par_1_17' title="bbox 1973 925 2593 990">
     <span class='ocr_line' id='line_1_17' title="bbox 1973 925 2593 990; baseline -0.002 -11"><span class='ocrx_word' id='word_1_107' title='bbox 1973 926 2233 990; x_wconf 86' lang='lat' dir='ltr'><strong>rissimis,</strong></span> <span class='ocrx_word' id='word_1_108' title='bbox 2254 925 2593 980; x_wconf 89' lang='lat' dir='ltr'><strong>consulibus.</strong></span> 
     </span>
    </p>
   </div>
   <div class='ocr_carea' id='block_1_18' title="bbox 398 1131 3443 1269">
    <p class='ocr_par' dir='ltr' id='par_1_18' title="bbox 398 1131 3443 1269">
     <span class='ocr_line' id='line_1_18' title="bbox 398 1131 3443 1269; baseline -0.005 -69"><span class='ocrx_word' id='word_1_109' title='bbox 398 1143 648 1215; x_wconf 81' lang='lat' dir='ltr'><strong>Epistola</strong></span> <span class='ocrx_word' id='word_1_110' title='bbox 681 1148 1032 1217; x_wconf 84' lang='lat' dir='ltr'><strong>increpatoria</strong></span> <span class='ocrx_word' id='word_1_111' title='bbox 1054 1147 1191 1201; x_wconf 81' lang='lat' dir='ltr'><strong>Julii</strong></span> <span class='ocrx_word' id='word_1_112' title='bbox 1220 1163 1371 1216; x_wconf 80' lang='lat' dir='ltr'><strong>papae</strong></span> <span class='ocrx_word' id='word_1_113' title='bbox 1402 1146 1471 1199; x_wconf 88' lang='lat' dir='ltr'><strong>ad</strong></span> <span class='ocrx_word' id='word_1_114' title='bbox 1504 1144 1802 1269; x_wconf 47' lang='lat' dir='ltr'><strong>Orielnztales</strong></span> <span class='ocrx_word' id='word_1_115' title='bbox 1834 1131 2251 1265; x_wconf 29' lang='lat' dir='ltr'><strong>episqﬂopqsnpro</strong></span> <span class='ocrx_word' id='word_1_116' title='bbox 2282 1139 2459 1191; x_wconf 85' lang='lat' dir='ltr'><strong>causis</strong></span> <span class='ocrx_word' id='word_1_117' title='bbox 2488 1135 2794 1201; x_wconf 72' lang='lat' dir='ltr'><strong>Athanasii,</strong></span> <span class='ocrx_word' id='word_1_118' title='bbox 2825 1143 2874 1189; x_wconf 89' lang='lat' dir='ltr'><strong>et</strong></span> <span class='ocrx_word' id='word_1_119' title='bbox 2907 1136 3202 1190; x_wconf 75' lang='lat' dir='ltr'><strong>excessibus</strong></span> <span class='ocrx_word' id='word_1_120' title='bbox 3258 1144 3443 1190; x_wconf 89' lang='lat' dir='ltr'><strong>contra</strong></span> 
     </span>
     <span class='ocr_line' id='line_1_19' title="bbox 1669 1225 2255 1269; baseline -0.014 0"><span class='ocrx_word' id='word_1_121' title='bbox 1669 1229 1916 1269; x_wconf 77' lang='lat' dir='ltr'><strong>omanem</strong></span> <span class='ocrx_word' id='word_1_122' title='bbox 1990 1228 2047 1264; x_wconf 89' lang='lat' dir='ltr'><strong>cc</strong></span> <span class='ocrx_word' id='word_1_123' title='bbox 2070 1225 2255 1263; x_wconf 67' lang='lat' dir='ltr'><strong>escam.</strong></span> 
     </span>
    </p>
   </div>
   <div class='ocr_carea' id='block_1_19' title="bbox 1669 1225 2255 1269">
    <p class='ocr_par' dir='ltr' id='par_1_19' title="bbox 1669 1225 2255 1269">
     <span class='ocr_line' id='line_1_20' title="bbox 1669 1225 2255 1269; baseline -0.014 0"><span class='ocrx_word' id='word_1_124' title='bbox 1669 1229 1916 1269; x_wconf 77' lang='lat' dir='ltr'><strong>omanem</strong></span> <span class='ocrx_word' id='word_1_125' title='bbox 1943 1225 2255 1265; x_wconf 16' lang='lat' dir='ltr'><strong>bccte‘stam.</strong></span> 
     </span>
    </p>
   </div>
   <div class='ocr_carea' id='block_1_20' title="bbox 363 1324 1877 1388">
    <p class='ocr_par' dir='ltr' id='par_1_20' title="bbox 363 1324 1877 1388">
     <span class='ocr_line' id='line_1_21' title="bbox 363 1324 1877 1388; baseline 0.001 -7"><span class='ocrx_word' id='word_1_126' title='bbox 363 1324 788 1385; x_wconf 80' lang='lat' dir='ltr'><strong>Vcnerabilibus</strong></span> <span class='ocrx_word' id='word_1_127' title='bbox 846 1328 1110 1385; x_wconf 78' lang='lat' dir='ltr'><strong>fratribus</strong></span> <span class='ocrx_word' id='word_1_128' title='bbox 1173 1332 1448 1388; x_wconf 83' lang='lat' dir='ltr'><strong>universis</strong></span> <span class='ocrx_word' id='word_1_129' title='bbox 1497 1329 1877 1387; x_wconf 87' lang='lat' dir='ltr'><strong>Orientalibus</strong></span> 
     </span>
    </p>
   </div>
   <div class='ocr_carea' id='block_1_21' title="bbox 294 1417 822 1489">
    <p class='ocr_par' dir='ltr' id='par_1_21' title="bbox 294 1417 822 1489">
     <span class='ocr_line' id='line_1_22' title="bbox 294 1417 822 1489; baseline 0.004 -18"><span class='ocrx_word' id='word_1_130' title='bbox 294 1417 591 1489; x_wconf 88' lang='lat' dir='ltr'><strong>episcopis,</strong></span> <span class='ocrx_word' id='word_1_131' title='bbox 625 1417 822 1474; x_wconf 84' lang='lat' dir='ltr'><strong>Julius.</strong></span> 
     </span>
    </p>
   </div>
   <div class='ocr_carea' id='block_1_22' title="bbox 366 1506 1874 1574">
    <p class='ocr_par' dir='ltr' id='par_1_22' title="bbox 366 1506 1874 1574">
     <span class='ocr_line' id='line_1_23' title="bbox 366 1506 1874 1574; baseline 0.002 -13"><span class='ocrx_word' id='word_1_132' title='bbox 366 1506 636 1562; x_wconf 87' lang='lat' dir='ltr'><strong>Deeuerat</strong></span> <span class='ocrx_word' id='word_1_133' title='bbox 688 1524 825 1573; x_wconf 80' lang='lat' dir='ltr'><strong>vos,</strong></span> <span class='ocrx_word' id='word_1_134' title='bbox 881 1509 1112 1574; x_wconf 69' lang='lat' dir='ltr'><strong>ﬁ&#39;atres,</strong></span> <span class='ocrx_word' id='word_1_135' title='bbox 1161 1511 1299 1567; x_wconf 88' lang='lat' dir='ltr'><strong>alios</strong></span> <span class='ocrx_word' id='word_1_136' title='bbox 1352 1511 1745 1566; x_wconf 86' lang='lat' dir='ltr'><strong>ecclesiasticis</strong></span> <span class='ocrx_word' id='word_1_137' title='bbox 1788 1512 1874 1564; x_wconf 91' lang='lat' dir='ltr'><strong>in-</strong></span> 
     </span>
    </p>
   </div>
   <div class='ocr_carea' id='block_1_23' title="bbox 1975 1318 3540 1382">
    <p class='ocr_par' dir='ltr' id='par_1_23' title="bbox 1975 1318 3540 1382">
     <span class='ocr_line' id='line_1_24' title="bbox 1975 1318 3540 1382; baseline 0 -4"><span class='ocrx_word' id='word_1_138' title='bbox 1975 1324 2109 1378; x_wconf 87' lang='lat' dir='ltr'><strong>catis</strong></span> <span class='ocrx_word' id='word_1_139' title='bbox 2144 1322 2361 1375; x_wconf 78' lang='lat' dir='ltr'><strong>nostris.</strong></span> <span class='ocrx_word' id='word_1_140' title='bbox 2388 1319 2731 1382; x_wconf 82' lang='lat' dir='ltr'><strong>Charissimi,</strong></span> <span class='ocrx_word' id='word_1_141' title='bbox 2762 1321 2807 1373; x_wconf 89' lang='lat' dir='ltr'><strong>si</strong></span> <span class='ocrx_word' id='word_1_142' title='bbox 2841 1319 2977 1373; x_wconf 84' lang='lat' dir='ltr'><strong>Deus</strong></span> <span class='ocrx_word' id='word_1_143' title='bbox 3007 1318 3193 1374; x_wconf 75' lang='lat' dir='ltr'><strong>dilexit</strong></span> <span class='ocrx_word' id='word_1_144' title='bbox 3223 1338 3340 1379; x_wconf 86' lang='lat' dir='ltr'><strong>nos.</strong></span> <span class='ocrx_word' id='word_1_145' title='bbox 3375 1331 3423 1375; x_wconf 93' lang='lat' dir='ltr'><strong>et</strong></span> <span class='ocrx_word' id='word_1_146' title='bbox 3448 1339 3540 1378; x_wconf 86' lang='lat' dir='ltr'><strong>nos</strong></span> 
     </span>
    </p>
   </div>
   <div class='ocr_carea' id='block_1_24' title="bbox 1976 1412 3535 1484">
    <p class='ocr_par' dir='ltr' id='par_1_24' title="bbox 1976 1412 3535 1484">
     <span class='ocr_line' id='line_1_25' title="bbox 1976 1412 3535 1484; baseline 0.002 -17"><span class='ocrx_word' id='word_1_147' title='bbox 1976 1412 2224 1469; x_wconf 81' lang='lat' dir='ltr'><strong>debemus</strong></span> <span class='ocrx_word' id='word_1_148' title='bbox 2253 1413 2470 1469; x_wconf 83' lang='lat' dir='ltr'><strong>invicem</strong></span> <span class='ocrx_word' id='word_1_149' title='bbox 2491 1413 2731 1482; x_wconf 82' lang='lat' dir='ltr'><strong>diligere.</strong></span> <span class='ocrx_word' id='word_1_150' title='bbox 2765 1412 2930 1465; x_wconf 87' lang='lat' dir='ltr'><strong>Deum</strong></span> <span class='ocrx_word' id='word_1_151' title='bbox 2957 1429 3106 1466; x_wconf 89' lang='lat' dir='ltr'><strong>nemo</strong></span> <span class='ocrx_word' id='word_1_152' title='bbox 3129 1412 3255 1467; x_wconf 86' lang='lat' dir='ltr'><strong>vidit</strong></span> <span class='ocrx_word' id='word_1_153' title='bbox 3293 1429 3535 1484; x_wconf 80' lang='lat' dir='ltr'><strong>unquam.</strong></span> 
     </span>
    </p>
   </div>
   <div class='ocr_carea' id='block_1_25' title="bbox 1978 1503 3545 1576">
    <p class='ocr_par' dir='ltr' id='par_1_25' title="bbox 1978 1503 3545 1576">
     <span class='ocr_line' id='line_1_26' title="bbox 1978 1503 3545 1576; baseline -0.002 -16"><span class='ocrx_word' id='word_1_154' title='bbox 1978 1503 2040 1561; x_wconf 90' lang='lat' dir='ltr'><strong>Si</strong></span> <span class='ocrx_word' id='word_1_155' title='bbox 2077 1505 2366 1576; x_wconf 77' lang='lat' dir='ltr'><strong>diligamus</strong></span> <span class='ocrx_word' id='word_1_156' title='bbox 2390 1504 2640 1564; x_wconf 83' lang='lat' dir='ltr'><strong>invicem,</strong></span> <span class='ocrx_word' id='word_1_157' title='bbox 2666 1503 2809 1557; x_wconf 86' lang='lat' dir='ltr'><strong>Deus</strong></span> <span class='ocrx_word' id='word_1_158' title='bbox 2853 1504 2905 1556; x_wconf 90' lang='lat' dir='ltr'><strong>in</strong></span> <span class='ocrx_word' id='word_1_159' title='bbox 2943 1503 3093 1558; x_wconf 88' lang='lat' dir='ltr'><strong>nobis</strong></span> <span class='ocrx_word' id='word_1_160' title='bbox 3121 1513 3315 1567; x_wconf 86' lang='lat' dir='ltr'><strong>manet,</strong></span> <span class='ocrx_word' id='word_1_161' title='bbox 3339 1514 3388 1558; x_wconf 89' lang='lat' dir='ltr'><strong>et</strong></span> <span class='ocrx_word' id='word_1_162' title='bbox 3418 1505 3545 1558; x_wconf 86' lang='lat' dir='ltr'><strong>cha-</strong></span> 
     </span>
    </p>
   </div>
   <div class='ocr_carea' id='block_1_26' title="bbox 296 1594 3531 1693">
    <p class='ocr_par' dir='ltr' id='par_1_26' title="bbox 296 1594 3531 1693">
     <span class='ocr_line' id='line_1_27' title="bbox 296 1594 3531 1693; baseline 0.001 -40"><span class='ocrx_word' id='word_1_163' title='bbox 296 1605 513 1653; x_wconf 83' lang='lat' dir='ltr'><strong>struere</strong></span> <span class='ocrx_word' id='word_1_164' title='bbox 539 1599 871 1670; x_wconf 82' lang='lat' dir='ltr'><strong>disciplinis,</strong></span> <span class='ocrx_word' id='word_1_165' title='bbox 909 1609 956 1655; x_wconf 91' lang='lat' dir='ltr'><strong>et</strong></span> <span class='ocrx_word' id='word_1_166' title='bbox 994 1616 1101 1655; x_wconf 90' lang='lat' dir='ltr'><strong>non</strong></span> <span class='ocrx_word' id='word_1_167' title='bbox 1145 1602 1347 1655; x_wconf 84' lang='lat' dir='ltr'><strong>talibus</strong></span> <span class='ocrx_word' id='word_1_168' title='bbox 1385 1616 1616 1671; x_wconf 84' lang='lat' dir='ltr'><strong>arguere</strong></span> <span class='ocrx_word' id='word_1_169' title='bbox 1661 1604 1873 1656; x_wconf 75' lang='lat' dir='ltr'><strong>maelii—</strong></span> <span class='ocrx_word' id='word_1_170' title='bbox 1906 1640 1946 1693; x_wconf 71' lang='grc' dir='ltr'><strong>Β</strong></span> <span class='ocrx_word' id='word_1_171' title='bbox 1977 1599 2112 1651; x_wconf 89' lang='lat' dir='ltr'><strong>ritas</strong></span> <span class='ocrx_word' id='word_1_172' title='bbox 2144 1596 2257 1665; x_wconf 80' lang='lat' dir='ltr'><strong>ejus</strong></span> <span class='ocrx_word' id='word_1_173' title='bbox 2287 1597 2342 1650; x_wconf 90' lang='lat' dir='ltr'><strong>in</strong></span> <span class='ocrx_word' id='word_1_174' title='bbox 2370 1596 2517 1650; x_wconf 85' lang='lat' dir='ltr'><strong>nobis</strong></span> <span class='ocrx_word' id='word_1_175' title='bbox 2538 1595 2769 1665; x_wconf 78' lang='lat' dir='ltr'><strong>perfecta</strong></span> <span class='ocrx_word' id='word_1_176' title='bbox 2802 1604 2900 1650; x_wconf 89' lang='lat' dir='ltr'><strong>est.</strong></span> <span class='ocrx_word' id='word_1_177' title='bbox 2937 1595 3002 1648; x_wconf 86' lang='lat' dir='ltr'><strong>In</strong></span> <span class='ocrx_word' id='word_1_178' title='bbox 3042 1594 3137 1650; x_wconf 88' lang='lat' dir='ltr'><strong>hoc</strong></span> <span class='ocrx_word' id='word_1_179' title='bbox 3180 1596 3531 1665; x_wconf 71' lang='lat' dir='ltr'><strong>intelligimuS.</strong></span> 
     </span>
    </p>
   </div>
   <div class='ocr_carea' id='block_1_27' title="bbox 298 1688 1866 1759">
    <p class='ocr_par' dir='ltr' id='par_1_27' title="bbox 298 1688 1866 1759">
     <span class='ocr_line' id='line_1_28' title="bbox 298 1688 1866 1759; baseline 0.003 -15"><span class='ocrx_word' id='word_1_180' title='bbox 298 1691 593 1754; x_wconf 86' lang='lat' dir='ltr'><strong>uamentis,</strong></span> <span class='ocrx_word' id='word_1_181' title='bbox 636 1691 852 1746; x_wconf 77' lang='lat' dir='ltr'><strong>dicente</strong></span> <span class='ocrx_word' id='word_1_182' title='bbox 896 1688 1165 1745; x_wconf 87' lang='lat' dir='ltr'><strong>Domino:</strong></span> <span class='ocrx_word' id='word_1_183' title='bbox 1216 1690 1493 1747; x_wconf 84' lang='lat' dir='ltr'><strong>Neminem</strong></span> <span class='ocrx_word' id='word_1_184' title='bbox 1525 1696 1866 1759; x_wconf 84' lang='lat' dir='ltr'><strong>concutiatis,</strong></span> 
     </span>
    </p>
   </div>
   <div class='ocr_carea' id='block_1_28' title="bbox 299 1783 1872 1855">
    <p class='ocr_par' dir='ltr' id='par_1_28' title="bbox 299 1783 1872 1855">
     <span class='ocr_line' id='line_1_29' title="bbox 299 1783 1872 1855; baseline 0.004 -20"><span class='ocrx_word' id='word_1_185' title='bbox 299 1799 458 1853; x_wconf 89' lang='lat' dir='ltr'><strong>neque</strong></span> <span class='ocrx_word' id='word_1_186' title='bbox 491 1783 815 1836; x_wconf 84' lang='lat' dir='ltr'><strong>calumniam</strong></span> <span class='ocrx_word' id='word_1_187' title='bbox 854 1784 1069 1853; x_wconf 78' lang='lat' dir='ltr'><strong>faciatis</strong></span> <span class='ocrx_word' id='word_1_188' title='bbox 1099 1785 1166 1850; x_wconf 78' lang='lat'><strong>°‘,</strong></span> <span class='ocrx_word' id='word_1_189' title='bbox 1201 1794 1256 1839; x_wconf 86' lang='lat' dir='ltr'><strong>et</strong></span> <span class='ocrx_word' id='word_1_190' title='bbox 1290 1786 1523 1854; x_wconf 73' lang='lat' dir='ltr'><strong>reliqua“.</strong></span> <span class='ocrx_word' id='word_1_191' title='bbox 1560 1787 1633 1840; x_wconf 89' lang='lat' dir='ltr'><strong>De</strong></span> <span class='ocrx_word' id='word_1_192' title='bbox 1666 1802 1771 1855; x_wconf 87' lang='lat' dir='ltr'><strong>qua</strong></span> <span class='ocrx_word' id='word_1_193' title='bbox 1814 1802 1872 1842; x_wconf 89' lang='lat' dir='ltr'><strong>re</strong></span> 
     </span>
    </p>
   </div>
   <div class='ocr_carea' id='block_1_29' title="bbox 299 1875 1869 1944">
    <p class='ocr_par' dir='ltr' id='par_1_29' title="bbox 299 1875 1869 1944">
     <span class='ocr_line' id='line_1_30' title="bbox 299 1875 1869 1944; baseline 0.003 -17"><span class='ocrx_word' id='word_1_194' title='bbox 299 1876 583 1944; x_wconf 82' lang='lat' dir='ltr'><strong>apostolus</strong></span> <span class='ocrx_word' id='word_1_195' title='bbox 612 1875 816 1930; x_wconf 85' lang='lat' dir='ltr'><strong>Paulus</strong></span> <span class='ocrx_word' id='word_1_196' title='bbox 845 1893 948 1933; x_wconf 90' lang='lat' dir='ltr'><strong>nos</strong></span> <span class='ocrx_word' id='word_1_197' title='bbox 976 1879 1234 1937; x_wconf 88' lang='lat' dir='ltr'><strong>instruit,</strong></span> <span class='ocrx_word' id='word_1_198' title='bbox 1262 1880 1453 1933; x_wconf 86' lang='lat' dir='ltr'><strong>dicens</strong></span> <span class='ocrx_word' id='word_1_199' title='bbox 1477 1897 1491 1933; x_wconf 89' lang='lat'><strong>:</strong></span> <span class='ocrx_word' id='word_1_200' title='bbox 1548 1879 1790 1940; x_wconf 85' lang='lat' dir='ltr'><strong>Fratres.</strong></span> <span class='ocrx_word' id='word_1_201' title='bbox 1822 1879 1869 1932; x_wconf 91' lang='lat' dir='ltr'><strong>si</strong></span> 
     </span>
    </p>
   </div>
   <div class='ocr_carea' id='block_1_30' title="bbox 295 1968 1873 2041">
    <p class='ocr_par' dir='ltr' id='par_1_30' title="bbox 295 1968 1873 2041">
     <span class='ocr_line' id='line_1_31' title="bbox 295 1968 1873 2041; baseline 0.003 -22"><span class='ocrx_word' id='word_1_202' title='bbox 295 1976 692 2036; x_wconf 78' lang='lat' dir='ltr'><strong>prteoccupatus</strong></span> <span class='ocrx_word' id='word_1_203' title='bbox 726 1968 886 2038; x_wconf 88' lang='lat' dir='ltr'><strong>fuerit</strong></span> <span class='ocrx_word' id='word_1_204' title='bbox 918 1970 1073 2023; x_wconf 89' lang='lat' dir='ltr'><strong>homo</strong></span> <span class='ocrx_word' id='word_1_205' title='bbox 1105 1971 1158 2023; x_wconf 88' lang='lat' dir='ltr'><strong>in</strong></span> <span class='ocrx_word' id='word_1_206' title='bbox 1201 1970 1378 2040; x_wconf 88' lang='lat' dir='ltr'><strong>aliquo</strong></span> <span class='ocrx_word' id='word_1_207' title='bbox 1418 1969 1629 2031; x_wconf 88' lang='lat' dir='ltr'><strong>delicto.</strong></span> <span class='ocrx_word' id='word_1_208' title='bbox 1661 1987 1750 2025; x_wconf 79' lang='lat' dir='ltr'><strong>vos</strong></span> <span class='ocrx_word' id='word_1_209' title='bbox 1782 1972 1873 2041; x_wconf 90' lang='lat' dir='ltr'><strong>qui</strong></span> 
     </span>
    </p>
   </div>
   <div class='ocr_carea' id='block_1_31' title="bbox 297 2060 1870 2129">
    <p class='ocr_par' dir='ltr' id='par_1_31' title="bbox 297 2060 1870 2129">
     <span class='ocr_line' id='line_1_32' title="bbox 297 2060 1870 2129; baseline 0.001 -16"><span class='ocrx_word' id='word_1_210' title='bbox 297 2060 606 2129; x_wconf 83' lang='lat' dir='ltr'><strong>spirituales</strong></span> <span class='ocrx_word' id='word_1_211' title='bbox 639 2061 787 2126; x_wconf 83' lang='lat' dir='ltr'><strong>estis,</strong></span> <span class='ocrx_word' id='word_1_212' title='bbox 820 2061 1068 2114; x_wconf 87' lang='lat' dir='ltr'><strong>instruite</strong></span> <span class='ocrx_word' id='word_1_213' title='bbox 1108 2061 1412 2129; x_wconf 73' lang='lat' dir='ltr'><strong>huiusmodi</strong></span> <span class='ocrx_word' id='word_1_214' title='bbox 1432 2062 1486 2115; x_wconf 88' lang='lat' dir='ltr'><strong>in</strong></span> <span class='ocrx_word' id='word_1_215' title='bbox 1518 2062 1709 2129; x_wconf 90' lang='lat' dir='ltr'><strong>spiritu</strong></span> <span class='ocrx_word' id='word_1_216' title='bbox 1736 2062 1870 2115; x_wconf 88' lang='lat' dir='ltr'><strong>leni-</strong></span> 
     </span>
    </p>
   </div>
   <div class='ocr_carea' id='block_1_32' title="bbox 298 2151 1873 2221">
    <p class='ocr_par' dir='ltr' id='par_1_32' title="bbox 298 2151 1873 2221">
     <span class='ocr_line' id='line_1_33' title="bbox 298 2151 1873 2221; baseline 0.002 -18"><span class='ocrx_word' id='word_1_217' title='bbox 298 2153 447 2209; x_wconf 84' lang='lat' dir='ltr'><strong>tatis.</strong></span> <span class='ocrx_word' id='word_1_218' title='bbox 484 2151 827 2205; x_wconf 82' lang='lat' dir='ltr'><strong>considerans</strong></span> <span class='ocrx_word' id='word_1_219' title='bbox 873 2152 1117 2221; x_wconf 85' lang='lat' dir='ltr'><strong>teipsum.</strong></span> <span class='ocrx_word' id='word_1_220' title='bbox 1160 2168 1223 2205; x_wconf 94' lang='lat' dir='ltr'><strong>ne</strong></span> <span class='ocrx_word' id='word_1_221' title='bbox 1252 2160 1302 2205; x_wconf 93' lang='lat' dir='ltr'><strong>et</strong></span> <span class='ocrx_word' id='word_1_222' title='bbox 1346 2162 1401 2205; x_wconf 88' lang='lat' dir='ltr'><strong>tu</strong></span> <span class='ocrx_word' id='word_1_223' title='bbox 1449 2154 1659 2207; x_wconf 90' lang='lat' dir='ltr'><strong>tenteris</strong></span> <span class='ocrx_word' id='word_1_224' title='bbox 1702 2155 1769 2215; x_wconf 83' lang='grc'><strong>⁶¹,</strong></span> <span class='ocrx_word' id='word_1_225' title='bbox 1817 2161 1873 2209; x_wconf 87' lang='lat' dir='ltr'><strong>et</strong></span> 
     </span>
    </p>
   </div>
   <div class='ocr_carea' id='block_1_33' title="bbox 297 2239 1872 2310">
    <p class='ocr_par' dir='ltr' id='par_1_33' title="bbox 297 2239 1872 2310">
     <span class='ocr_line' id='line_1_34' title="bbox 297 2239 1872 2310; baseline 0.002 -18"><span class='ocrx_word' id='word_1_226' title='bbox 297 2241 531 2310; x_wconf 79' lang='lat' dir='ltr'><strong>reliqua.</strong></span> <span class='ocrx_word' id='word_1_227' title='bbox 567 2240 632 2292; x_wconf 88' lang='lat' dir='ltr'><strong>Et</strong></span> <span class='ocrx_word' id='word_1_228' title='bbox 664 2241 792 2295; x_wconf 87' lang='lat' dir='ltr'><strong>alibi</strong></span> <span class='ocrx_word' id='word_1_229' title='bbox 832 2239 1025 2295; x_wconf 86' lang='lat' dir='ltr'><strong>Petrus</strong></span> <span class='ocrx_word' id='word_1_230' title='bbox 1056 2244 1340 2310; x_wconf 85' lang='lat' dir='ltr'><strong>apostolus</strong></span> <span class='ocrx_word' id='word_1_231' title='bbox 1368 2242 1441 2295; x_wconf 89' lang='lat' dir='ltr'><strong>ait</strong></span> <span class='ocrx_word' id='word_1_232' title='bbox 1470 2260 1482 2295; x_wconf 91' lang='lat'>:</span> <span class='ocrx_word' id='word_1_233' title='bbox 1515 2241 1707 2296; x_wconf 83' lang='lat' dir='ltr'><strong>Omnes</strong></span> <span class='ocrx_word' id='word_1_234' title='bbox 1737 2259 1872 2295; x_wconf 89' lang='lat' dir='ltr'><strong>una-</strong></span> 
     </span>
    </p>
   </div>
   <div class='ocr_carea' id='block_1_34' title="bbox 298 2332 1871 2403">
    <p class='ocr_par' dir='ltr' id='par_1_34' title="bbox 298 2332 1871 2403">
     <span class='ocr_line' id='line_1_35' title="bbox 298 2332 1871 2403; baseline 0.003 -18"><span class='ocrx_word' id='word_1_235' title='bbox 298 2333 464 2385; x_wconf 75' lang='lat' dir='ltr'><strong>nimes</strong></span> <span class='ocrx_word' id='word_1_236' title='bbox 494 2332 547 2385; x_wconf 90' lang='lat' dir='ltr'><strong>in</strong></span> <span class='ocrx_word' id='word_1_237' title='bbox 570 2332 808 2386; x_wconf 88' lang='lat' dir='ltr'><strong>oratione</strong></span> <span class='ocrx_word' id='word_1_238' title='bbox 853 2342 1039 2399; x_wconf 87' lang='lat' dir='ltr'><strong>estote,</strong></span> <span class='ocrx_word' id='word_1_239' title='bbox 1083 2335 1479 2403; x_wconf 89' lang='lat' dir='ltr'><strong>compatientes,</strong></span> <span class='ocrx_word' id='word_1_240' title='bbox 1518 2335 1871 2403; x_wconf 80' lang='lat' dir='ltr'><strong>fraternitatis</strong></span> 
     </span>
    </p>
   </div>
   <div class='ocr_carea' id='block_1_35' title="bbox 298 2424 1871 2490">
    <p class='ocr_par' dir='ltr' id='par_1_35' title="bbox 298 2424 1871 2490">
     <span class='ocr_line' id='line_1_36' title="bbox 298 2424 1871 2490; baseline 0.003 -15"><span class='ocrx_word' id='word_1_241' title='bbox 298 2433 590 2485; x_wconf 87' lang='lat' dir='ltr'><strong>amatores,</strong></span> <span class='ocrx_word' id='word_1_242' title='bbox 628 2424 1017 2488; x_wconf 87' lang='lat' dir='ltr'><strong>misericordes,</strong></span> <span class='ocrx_word' id='word_1_243' title='bbox 1058 2426 1302 2490; x_wconf 84' lang='lat' dir='ltr'><strong>modesti,</strong></span> <span class='ocrx_word' id='word_1_244' title='bbox 1338 2426 1582 2489; x_wconf 85' lang='lat' dir='ltr'><strong>humiles,</strong></span> <span class='ocrx_word' id='word_1_245' title='bbox 1620 2444 1723 2481; x_wconf 87' lang='lat' dir='ltr'><strong>non</strong></span> <span class='ocrx_word' id='word_1_246' title='bbox 1752 2427 1871 2481; x_wconf 86' lang='lat' dir='ltr'><strong>red-</strong></span> 
     </span>
    </p>
   </div>
   <div class='ocr_carea' id='block_1_36' title="bbox 295 2514 1868 2586">
    <p class='ocr_par' dir='ltr' id='par_1_36' title="bbox 295 2514 1868 2586">
     <span class='ocr_line' id='line_1_37' title="bbox 295 2514 1868 2586; baseline 0.004 -21"><span class='ocrx_word' id='word_1_247' title='bbox 295 2514 476 2569; x_wconf 85' lang='lat' dir='ltr'><strong>dentes</strong></span> <span class='ocrx_word' id='word_1_248' title='bbox 510 2515 711 2568; x_wconf 89' lang='lat' dir='ltr'><strong>malum</strong></span> <span class='ocrx_word' id='word_1_249' title='bbox 745 2530 839 2584; x_wconf 88' lang='lat' dir='ltr'><strong>pro</strong></span> <span class='ocrx_word' id='word_1_250' title='bbox 872 2517 1034 2581; x_wconf 89' lang='lat' dir='ltr'><strong>malo,</strong></span> <span class='ocrx_word' id='word_1_251' title='bbox 1081 2517 1160 2572; x_wconf 82' lang='lat' dir='ltr'><strong>vel</strong></span> <span class='ocrx_word' id='word_1_252' title='bbox 1199 2516 1535 2571; x_wconf 86' lang='lat' dir='ltr'><strong>maledictum</strong></span> <span class='ocrx_word' id='word_1_253' title='bbox 1572 2533 1668 2586; x_wconf 89' lang='lat' dir='ltr'><strong>pro</strong></span> <span class='ocrx_word' id='word_1_254' title='bbox 1706 2519 1868 2571; x_wconf 81' lang='lat' dir='ltr'><strong>male-</strong></span> 
     </span>
    </p>
   </div>
   <div class='ocr_carea' id='block_1_37' title="bbox 295 2609 1875 2680">
    <p class='ocr_par' dir='ltr' id='par_1_37' title="bbox 295 2609 1875 2680">
     <span class='ocr_line' id='line_1_38' title="bbox 295 2609 1875 2680; baseline 0.003 -22"><span class='ocrx_word' id='word_1_255' title='bbox 295 2609 463 2674; x_wconf 89' lang='lat' dir='ltr'><strong>dicto,</strong></span> <span class='ocrx_word' id='word_1_256' title='bbox 493 2609 583 2662; x_wconf 90' lang='lat' dir='ltr'><strong>sed</strong></span> <span class='ocrx_word' id='word_1_257' title='bbox 605 2613 904 2662; x_wconf 84' lang='lat' dir='ltr'><strong>econtrario</strong></span> <span class='ocrx_word' id='word_1_258' title='bbox 933 2609 1309 2668; x_wconf 84' lang='lat' dir='ltr'><strong>benedicentes.</strong></span> <span class='ocrx_word' id='word_1_259' title='bbox 1341 2612 1467 2680; x_wconf 83' lang='lat' dir='ltr'><strong>quia</strong></span> <span class='ocrx_word' id='word_1_260' title='bbox 1497 2612 1550 2664; x_wconf 89' lang='lat' dir='ltr'><strong>in</strong></span> <span class='ocrx_word' id='word_1_261' title='bbox 1582 2612 1679 2665; x_wconf 87' lang='lat' dir='ltr'><strong>hoc</strong></span> <span class='ocrx_word' id='word_1_262' title='bbox 1703 2613 1875 2665; x_wconf 82' lang='lat' dir='ltr'><strong>vocati</strong></span> 
     </span>
    </p>
   </div>
   <div class='ocr_carea' id='block_1_38' title="bbox 293 2701 1875 2769">
    <p class='ocr_par' dir='ltr' id='par_1_38' title="bbox 293 2701 1875 2769">
     <span class='ocr_line' id='line_1_39' title="bbox 293 2701 1875 2769; baseline -0.002 -11"><span class='ocrx_word' id='word_1_263' title='bbox 293 2703 446 2763; x_wconf 76' lang='lat' dir='ltr'><strong>estis,</strong></span> <span class='ocrx_word' id='word_1_264' title='bbox 490 2714 547 2754; x_wconf 90' lang='lat' dir='ltr'><strong>ut</strong></span> <span class='ocrx_word' id='word_1_265' title='bbox 592 2701 1001 2756; x_wconf 84' lang='lat' dir='ltr'><strong>benedictionem</strong></span> <span class='ocrx_word' id='word_1_266' title='bbox 1040 2701 1345 2756; x_wconf 74' lang='lat' dir='ltr'><strong>haereditate</strong></span> <span class='ocrx_word' id='word_1_267' title='bbox 1388 2702 1728 2769; x_wconf 80' lang='lat' dir='ltr'><strong>possidentis.</strong></span> <span class='ocrx_word' id='word_1_268' title='bbox 1768 2701 1875 2767; x_wconf 85' lang='lat' dir='ltr'><strong>Qui</strong></span> 
     </span>
    </p>
   </div>
   <div class='ocr_carea' id='block_1_39' title="bbox 293 2795 1873 2866">
    <p class='ocr_par' dir='ltr' id='par_1_39' title="bbox 293 2795 1873 2866">
     <span class='ocr_line' id='line_1_40' title="bbox 293 2795 1873 2866; baseline -0.001 -17"><span class='ocrx_word' id='word_1_269' title='bbox 293 2797 434 2849; x_wconf 87' lang='lat' dir='ltr'><strong>enim</strong></span> <span class='ocrx_word' id='word_1_270' title='bbox 458 2795 568 2849; x_wconf 84' lang='lat' dir='ltr'><strong>vult</strong></span> <span class='ocrx_word' id='word_1_271' title='bbox 592 2797 751 2849; x_wconf 65' lang='lat' dir='ltr'><strong>vitam</strong></span> <span class='ocrx_word' id='word_1_272' title='bbox 768 2795 1006 2866; x_wconf 83' lang='lat' dir='ltr'><strong>diligere,</strong></span> <span class='ocrx_word' id='word_1_273' title='bbox 1029 2806 1078 2848; x_wconf 90' lang='lat' dir='ltr'><strong>et</strong></span> <span class='ocrx_word' id='word_1_274' title='bbox 1105 2795 1276 2848; x_wconf 88' lang='lat' dir='ltr'><strong>videre</strong></span> <span class='ocrx_word' id='word_1_275' title='bbox 1301 2795 1413 2849; x_wconf 88' lang='lat' dir='ltr'><strong>dies</strong></span> <span class='ocrx_word' id='word_1_276' title='bbox 1433 2795 1615 2858; x_wconf 85' lang='lat' dir='ltr'><strong>bonos,</strong></span> <span class='ocrx_word' id='word_1_277' title='bbox 1639 2804 1873 2849; x_wconf 82' lang='lat' dir='ltr'><strong>coerceat</strong></span> 
     </span>
    </p>
   </div>
   <div class='ocr_carea' id='block_1_40' title="bbox 296 2887 1876 2957">
    <p class='ocr_par' dir='ltr' id='par_1_40' title="bbox 296 2887 1876 2957">
     <span class='ocr_line' id='line_1_41' title="bbox 296 2887 1876 2957; baseline 0.002 -19"><span class='ocrx_word' id='word_1_278' title='bbox 296 2887 535 2957; x_wconf 82' lang='lat' dir='ltr'><strong>linguam</strong></span> <span class='ocrx_word' id='word_1_279' title='bbox 570 2905 722 2941; x_wconf 88' lang='lat' dir='ltr'><strong>suam</strong></span> <span class='ocrx_word' id='word_1_280' title='bbox 768 2905 801 2942; x_wconf 92' lang='lat' dir='ltr'><strong>a</strong></span> <span class='ocrx_word' id='word_1_281' title='bbox 843 2889 1007 2952; x_wconf 90' lang='lat' dir='ltr'><strong>malo,</strong></span> <span class='ocrx_word' id='word_1_282' title='bbox 1053 2898 1102 2944; x_wconf 90' lang='lat' dir='ltr'><strong>et</strong></span> <span class='ocrx_word' id='word_1_283' title='bbox 1146 2890 1287 2943; x_wconf 81' lang='lat' dir='ltr'><strong>labia</strong></span> <span class='ocrx_word' id='word_1_284' title='bbox 1334 2905 1433 2941; x_wconf 89' lang='lat' dir='ltr'><strong>sua</strong></span> <span class='ocrx_word' id='word_1_285' title='bbox 1482 2904 1545 2941; x_wconf 79' lang='lat' dir='ltr'><strong>ne</strong></span> <span class='ocrx_word' id='word_1_286' title='bbox 1590 2888 1876 2957; x_wconf 85' lang='lat' dir='ltr'><strong>loquantur</strong></span> 
     </span>
    </p>
   </div>
   <div class='ocr_carea' id='block_1_41' title="bbox 1973 1686 3546 1758">
    <p class='ocr_par' dir='ltr' id='par_1_41' title="bbox 1973 1686 3546 1758">
     <span class='ocr_line' id='line_1_42' title="bbox 1973 1686 3546 1758; baseline -0.002 -17"><span class='ocrx_word' id='word_1_287' title='bbox 1973 1689 2223 1758; x_wconf 89' lang='lat' dir='ltr'><strong>quoniam</strong></span> <span class='ocrx_word' id='word_1_288' title='bbox 2250 1689 2308 1742; x_wconf 91' lang='lat' dir='ltr'><strong>in</strong></span> <span class='ocrx_word' id='word_1_289' title='bbox 2346 1705 2404 1741; x_wconf 85' lang='lat' dir='ltr'><strong>eo</strong></span> <span class='ocrx_word' id='word_1_290' title='bbox 2445 1703 2739 1747; x_wconf 88' lang='lat' dir='ltr'><strong>manemus,</strong></span> <span class='ocrx_word' id='word_1_291' title='bbox 2771 1694 2821 1740; x_wconf 90' lang='lat' dir='ltr'><strong>et</strong></span> <span class='ocrx_word' id='word_1_292' title='bbox 2851 1686 2961 1754; x_wconf 89' lang='lat' dir='ltr'><strong>ipse</strong></span> <span class='ocrx_word' id='word_1_293' title='bbox 2994 1687 3048 1740; x_wconf 90' lang='lat' dir='ltr'><strong>in</strong></span> <span class='ocrx_word' id='word_1_294' title='bbox 3091 1686 3241 1739; x_wconf 86' lang='lat' dir='ltr'><strong>nobis</strong></span> <span class='ocrx_word' id='word_1_295' title='bbox 3261 1724 3277 1748; x_wconf 94' lang='lat'><strong>,</strong></span> <span class='ocrx_word' id='word_1_296' title='bbox 3299 1686 3546 1755; x_wconf 83' lang='lat' dir='ltr'><strong>quoniam</strong></span> 
     </span>
    </p>
   </div>
   <div class='ocr_carea' id='block_1_42' title="bbox 1973 1775 3547 1848">
    <p class='ocr_par' dir='ltr' id='par_1_42' title="bbox 1973 1775 3547 1848">
     <span class='ocr_line' id='line_1_43' title="bbox 1973 1775 3547 1848; baseline -0.001 -18"><span class='ocrx_word' id='word_1_297' title='bbox 1973 1778 2038 1833; x_wconf 88' lang='lat' dir='ltr'><strong>de</strong></span> <span class='ocrx_word' id='word_1_298' title='bbox 2066 1778 2260 1848; x_wconf 81' lang='lat' dir='ltr'><strong>spiritu</strong></span> <span class='ocrx_word' id='word_1_299' title='bbox 2293 1794 2390 1832; x_wconf 89' lang='lat' dir='ltr'><strong>suo</strong></span> <span class='ocrx_word' id='word_1_300' title='bbox 2413 1778 2557 1832; x_wconf 86' lang='lat' dir='ltr'><strong>dedit</strong></span> <span class='ocrx_word' id='word_1_301' title='bbox 2596 1777 2768 1830; x_wconf 89' lang='lat' dir='ltr'><strong>nobis.</strong></span> <span class='ocrx_word' id='word_1_302' title='bbox 2803 1775 2871 1829; x_wconf 85' lang='lat' dir='ltr'><strong>Et</strong></span> <span class='ocrx_word' id='word_1_303' title='bbox 2896 1793 2990 1831; x_wconf 87' lang='lat' dir='ltr'><strong>nos</strong></span> <span class='ocrx_word' id='word_1_304' title='bbox 3018 1776 3272 1840; x_wconf 66' lang='lat' dir='ltr'><strong>vidimus,</strong></span> <span class='ocrx_word' id='word_1_305' title='bbox 3306 1786 3356 1830; x_wconf 88' lang='lat' dir='ltr'><strong>et</strong></span> <span class='ocrx_word' id='word_1_306' title='bbox 3393 1777 3547 1830; x_wconf 88' lang='lat' dir='ltr'><strong>testi-</strong></span> 
     </span>
    </p>
   </div>
   <div class='ocr_carea' id='block_1_43' title="bbox 1972 1866 3548 1942">
    <p class='ocr_par' dir='ltr' id='par_1_43' title="bbox 1972 1866 3548 1942">
     <span class='ocr_line' id='line_1_44' title="bbox 1972 1866 3548 1942; baseline -0.001 -17"><span class='ocrx_word' id='word_1_307' title='bbox 1972 1874 2221 1936; x_wconf 73' lang='lat' dir='ltr'><strong>ﬁcamur,</strong></span> <span class='ocrx_word' id='word_1_308' title='bbox 2254 1874 2505 1942; x_wconf 88' lang='lat' dir='ltr'><strong>quoniam</strong></span> <span class='ocrx_word' id='word_1_309' title='bbox 2529 1870 2697 1924; x_wconf 88' lang='lat' dir='ltr'><strong>Pater</strong></span> <span class='ocrx_word' id='word_1_310' title='bbox 2736 1871 2882 1924; x_wconf 86' lang='lat' dir='ltr'><strong>misit</strong></span> <span class='ocrx_word' id='word_1_311' title='bbox 2924 1868 3125 1922; x_wconf 77' lang='lat' dir='ltr'><strong>Filium</strong></span> <span class='ocrx_word' id='word_1_312' title='bbox 3165 1884 3318 1923; x_wconf 82' lang='lat' dir='ltr'><strong>suum</strong></span> <span class='ocrx_word' id='word_1_313' title='bbox 3360 1866 3548 1924; x_wconf 81' lang='lat' dir='ltr'><strong>Salua-</strong></span> 
     </span>
    </p>
   </div>
   <div class='ocr_carea' id='block_1_44' title="bbox 1975 1961 3548 2034">
    <p class='ocr_par' dir='ltr' id='par_1_44' title="bbox 1975 1961 3548 2034">
     <span class='ocr_line' id='line_1_45' title="bbox 1975 1961 3548 2034; baseline 0 -19"><span class='ocrx_word' id='word_1_314' title='bbox 1975 1973 2136 2018; x_wconf 87' lang='lat' dir='ltr'><strong>torem</strong></span> <span class='ocrx_word' id='word_1_315' title='bbox 2158 1963 2358 2017; x_wconf 88' lang='lat' dir='ltr'><strong>mundi.</strong></span> <span class='ocrx_word' id='word_1_316' title='bbox 2386 1962 2642 2034; x_wconf 83' lang='lat' dir='ltr'><strong>Quisquis</strong></span> <span class='ocrx_word' id='word_1_317' title='bbox 2662 1964 2955 2033; x_wconf 84' lang='lat' dir='ltr'><strong>confessus,</strong></span> <span class='ocrx_word' id='word_1_318' title='bbox 2989 1963 3239 2031; x_wconf 88' lang='lat' dir='ltr'><strong>quoniam</strong></span> <span class='ocrx_word' id='word_1_319' title='bbox 3276 1961 3433 2016; x_wconf 81' lang='lat' dir='ltr'><strong>Jesus</strong></span> <span class='ocrx_word' id='word_1_320' title='bbox 3469 1977 3548 2017; x_wconf 84' lang='lat' dir='ltr'><strong>est</strong></span> 
     </span>
    </p>
   </div>
   <div class='ocr_carea' id='block_1_45' title="bbox 1974 2053 3549 2123">
    <p class='ocr_par' dir='ltr' id='par_1_45' title="bbox 1974 2053 3549 2123">
     <span class='ocr_line' id='line_1_46' title="bbox 1974 2053 3549 2123; baseline 0.001 -15"><span class='ocrx_word' id='word_1_321' title='bbox 1974 2053 2021 2108; x_wconf 68' lang='grc' dir='ltr'><em>Ρ</em></span> <span class='ocrx_word' id='word_1_322' title='bbox 2025 2056 2150 2109; x_wconf 87' lang='lat' dir='ltr'><strong>ilius</strong></span> <span class='ocrx_word' id='word_1_323' title='bbox 2173 2053 2292 2120; x_wconf 88' lang='lat' dir='ltr'><strong>Dei,</strong></span> <span class='ocrx_word' id='word_1_324' title='bbox 2318 2053 2457 2109; x_wconf 80' lang='lat' dir='ltr'><strong>Deus</strong></span> <span class='ocrx_word' id='word_1_325' title='bbox 2490 2055 2545 2107; x_wconf 89' lang='lat' dir='ltr'><strong>in</strong></span> <span class='ocrx_word' id='word_1_326' title='bbox 2567 2072 2628 2108; x_wconf 89' lang='lat' dir='ltr'><strong>eo</strong></span> <span class='ocrx_word' id='word_1_327' title='bbox 2651 2065 2849 2118; x_wconf 88' lang='lat' dir='ltr'><strong>manet,</strong></span> <span class='ocrx_word' id='word_1_328' title='bbox 2886 2064 2937 2109; x_wconf 87' lang='lat' dir='ltr'><strong>et</strong></span> <span class='ocrx_word' id='word_1_329' title='bbox 2959 2056 3069 2123; x_wconf 90' lang='lat' dir='ltr'><strong>ipse</strong></span> <span class='ocrx_word' id='word_1_330' title='bbox 3105 2056 3162 2108; x_wconf 86' lang='lat' dir='ltr'><strong>in</strong></span> <span class='ocrx_word' id='word_1_331' title='bbox 3194 2054 3325 2109; x_wconf 91' lang='lat' dir='ltr'><strong>Deo.</strong></span> <span class='ocrx_word' id='word_1_332' title='bbox 3358 2054 3428 2108; x_wconf 85' lang='lat' dir='ltr'><strong>Et</strong></span> <span class='ocrx_word' id='word_1_333' title='bbox 3455 2072 3549 2110; x_wconf 91' lang='lat' dir='ltr'><strong>nos</strong></span> 
     </span>
    </p>
   </div>
   <div class='ocr_carea' id='block_1_46' title="bbox 1973 2145 3550 2218">
    <p class='ocr_par' dir='ltr' id='par_1_46' title="bbox 1973 2145 3550 2218">
     <span class='ocr_line' id='line_1_47' title="bbox 1973 2145 3550 2218; baseline -0.001 -17"><span class='ocrx_word' id='word_1_334' title='bbox 1973 2149 2343 2218; x_wconf 82' lang='lat' dir='ltr'><strong>cognouimus,</strong></span> <span class='ocrx_word' id='word_1_335' title='bbox 2394 2156 2445 2200; x_wconf 90' lang='lat' dir='ltr'><strong>et</strong></span> <span class='ocrx_word' id='word_1_336' title='bbox 2499 2146 2817 2200; x_wconf 82' lang='lat' dir='ltr'><strong>credidimus</strong></span> <span class='ocrx_word' id='word_1_337' title='bbox 2863 2146 3114 2199; x_wconf 89' lang='lat' dir='ltr'><strong>charitati</strong></span> <span class='ocrx_word' id='word_1_338' title='bbox 3138 2185 3154 2209; x_wconf 90' lang='lat'><strong>,</strong></span> <span class='ocrx_word' id='word_1_339' title='bbox 3198 2162 3357 2215; x_wconf 88' lang='lat' dir='ltr'><strong>quam</strong></span> <span class='ocrx_word' id='word_1_340' title='bbox 3396 2145 3550 2200; x_wconf 84' lang='lat' dir='ltr'><strong>habet</strong></span> 
     </span>
    </p>
   </div>
   <div class='ocr_carea' id='block_1_47' title="bbox 1979 2233 3551 2305">
    <p class='ocr_par' dir='ltr' id='par_1_47' title="bbox 1979 2233 3551 2305">
     <span class='ocr_line' id='line_1_48' title="bbox 1979 2233 3551 2305; baseline 0.001 -18"><span class='ocrx_word' id='word_1_341' title='bbox 1979 2233 2114 2288; x_wconf 85' lang='lat' dir='ltr'><strong>Deus</strong></span> <span class='ocrx_word' id='word_1_342' title='bbox 2148 2235 2205 2288; x_wconf 87' lang='lat' dir='ltr'><strong>in</strong></span> <span class='ocrx_word' id='word_1_343' title='bbox 2261 2233 2435 2289; x_wconf 90' lang='lat' dir='ltr'><strong>nobis.</strong></span> <span class='ocrx_word' id='word_1_344' title='bbox 2482 2234 2624 2288; x_wconf 83' lang='lat' dir='ltr'><strong>Deus</strong></span> <span class='ocrx_word' id='word_1_345' title='bbox 2655 2235 2893 2289; x_wconf 88' lang='lat' dir='ltr'><strong>charitas</strong></span> <span class='ocrx_word' id='word_1_346' title='bbox 2939 2244 3039 2300; x_wconf 88' lang='lat' dir='ltr'><strong>est,</strong></span> <span class='ocrx_word' id='word_1_347' title='bbox 3066 2245 3117 2289; x_wconf 87' lang='lat' dir='ltr'><strong>et</strong></span> <span class='ocrx_word' id='word_1_348' title='bbox 3153 2238 3244 2305; x_wconf 92' lang='lat' dir='ltr'><strong>qui</strong></span> <span class='ocrx_word' id='word_1_349' title='bbox 3290 2246 3463 2290; x_wconf 86' lang='lat' dir='ltr'><strong>manet</strong></span> <span class='ocrx_word' id='word_1_350' title='bbox 3495 2237 3551 2288; x_wconf 89' lang='lat' dir='ltr'><strong>in</strong></span> 
     </span>
    </p>
   </div>
   <div class='ocr_carea' id='block_1_48' title="bbox 1974 2324 3552 2395">
    <p class='ocr_par' dir='ltr' id='par_1_48' title="bbox 1974 2324 3552 2395">
     <span class='ocr_line' id='line_1_49' title="bbox 1974 2324 3552 2395; baseline 0.001 -17"><span class='ocrx_word' id='word_1_351' title='bbox 1974 2325 2256 2389; x_wconf 88' lang='lat' dir='ltr'><strong>charitate,</strong></span> <span class='ocrx_word' id='word_1_352' title='bbox 2286 2328 2341 2379; x_wconf 89' lang='lat' dir='ltr'><strong>in</strong></span> <span class='ocrx_word' id='word_1_353' title='bbox 2383 2325 2488 2380; x_wconf 90' lang='lat' dir='ltr'><strong>Deo</strong></span> <span class='ocrx_word' id='word_1_354' title='bbox 2518 2334 2717 2392; x_wconf 88' lang='lat' dir='ltr'><strong>manet,</strong></span> <span class='ocrx_word' id='word_1_355' title='bbox 2757 2334 2808 2380; x_wconf 89' lang='lat' dir='ltr'><strong>et</strong></span> <span class='ocrx_word' id='word_1_356' title='bbox 2836 2324 2979 2379; x_wconf 88' lang='lat' dir='ltr'><strong>Deus</strong></span> <span class='ocrx_word' id='word_1_357' title='bbox 3003 2327 3056 2380; x_wconf 88' lang='lat' dir='ltr'><strong>in</strong></span> <span class='ocrx_word' id='word_1_358' title='bbox 3091 2341 3170 2380; x_wconf 87' lang='lat' dir='ltr'><strong>eo.</strong></span> <span class='ocrx_word' id='word_1_359' title='bbox 3202 2324 3269 2380; x_wconf 85' lang='lat' dir='ltr'><strong>In</strong></span> <span class='ocrx_word' id='word_1_360' title='bbox 3304 2326 3402 2379; x_wconf 89' lang='lat' dir='ltr'><strong>hoc</strong></span> <span class='ocrx_word' id='word_1_361' title='bbox 3431 2342 3552 2395; x_wconf 88' lang='lat' dir='ltr'><strong>per-</strong></span> 
     </span>
    </p>
   </div>
   <div class='ocr_carea' id='block_1_49' title="bbox 1974 2418 3551 2489">
    <p class='ocr_par' dir='ltr' id='par_1_49' title="bbox 1974 2418 3551 2489">
     <span class='ocr_line' id='line_1_50' title="bbox 1974 2418 3551 2489; baseline -0.001 -16"><span class='ocrx_word' id='word_1_362' title='bbox 1974 2419 2113 2487; x_wconf 89' lang='lat' dir='ltr'><strong>fecta</strong></span> <span class='ocrx_word' id='word_1_363' title='bbox 2136 2430 2215 2474; x_wconf 90' lang='lat' dir='ltr'><strong>est</strong></span> <span class='ocrx_word' id='word_1_364' title='bbox 2246 2420 2480 2474; x_wconf 85' lang='lat' dir='ltr'><strong>choritas</strong></span> <span class='ocrx_word' id='word_1_365' title='bbox 2513 2418 2816 2484; x_wconf 87' lang='lat' dir='ltr'><strong>nobiscum,</strong></span> <span class='ocrx_word' id='word_1_366' title='bbox 2867 2430 2926 2473; x_wconf 90' lang='lat' dir='ltr'><strong>ut</strong></span> <span class='ocrx_word' id='word_1_367' title='bbox 2970 2419 3223 2489; x_wconf 74' lang='lat' dir='ltr'><strong>fiduciam</strong></span> <span class='ocrx_word' id='word_1_368' title='bbox 3264 2419 3551 2475; x_wconf 82' lang='lat' dir='ltr'><strong>habeamus</strong></span> 
     </span>
    </p>
   </div>
   <div class='ocr_carea' id='block_1_50' title="bbox 1974 2513 3552 2582">
    <p class='ocr_par' dir='ltr' id='par_1_50' title="bbox 1974 2513 3552 2582">
     <span class='ocr_line' id='line_1_51' title="bbox 1974 2513 3552 2582; baseline 0.002 -17"><span class='ocrx_word' id='word_1_369' title='bbox 1974 2514 2030 2566; x_wconf 91' lang='lat' dir='ltr'><strong>in</strong></span> <span class='ocrx_word' id='word_1_370' title='bbox 2060 2513 2146 2567; x_wconf 88' lang='lat' dir='ltr'><strong>die</strong></span> <span class='ocrx_word' id='word_1_371' title='bbox 2181 2513 2397 2582; x_wconf 88' lang='lat' dir='ltr'><strong>judicii,</strong></span> <span class='ocrx_word' id='word_1_372' title='bbox 2429 2514 2555 2582; x_wconf 87' lang='lat' dir='ltr'><strong>quia</strong></span> <span class='ocrx_word' id='word_1_373' title='bbox 2598 2513 2734 2568; x_wconf 85' lang='lat' dir='ltr'><strong>sicut</strong></span> <span class='ocrx_word' id='word_1_374' title='bbox 2775 2513 2866 2566; x_wconf 90' lang='lat' dir='ltr'><strong>ille</strong></span> <span class='ocrx_word' id='word_1_375' title='bbox 2911 2523 3016 2575; x_wconf 90' lang='lat' dir='ltr'><strong>est,</strong></span> <span class='ocrx_word' id='word_1_376' title='bbox 3047 2522 3097 2567; x_wconf 90' lang='lat' dir='ltr'><strong>et</strong></span> <span class='ocrx_word' id='word_1_377' title='bbox 3138 2529 3235 2567; x_wconf 90' lang='lat' dir='ltr'><strong>nos</strong></span> <span class='ocrx_word' id='word_1_378' title='bbox 3283 2529 3465 2567; x_wconf 90' lang='lat' dir='ltr'><strong>sumus</strong></span> <span class='ocrx_word' id='word_1_379' title='bbox 3496 2515 3552 2568; x_wconf 89' lang='lat' dir='ltr'><strong>in</strong></span> 
     </span>
    </p>
   </div>
   <div class='ocr_carea' id='block_1_51' title="bbox 1975 2603 3553 2673">
    <p class='ocr_par' dir='ltr' id='par_1_51' title="bbox 1975 2603 3553 2673">
     <span class='ocr_line' id='line_1_52' title="bbox 1975 2603 3553 2673; baseline 0.002 -17"><span class='ocrx_word' id='word_1_380' title='bbox 1975 2603 2072 2658; x_wconf 86' lang='lat' dir='ltr'><strong>hoc</strong></span> <span class='ocrx_word' id='word_1_381' title='bbox 2097 2605 2314 2658; x_wconf 84' lang='lat' dir='ltr'><strong>mundo.</strong></span> <span class='ocrx_word' id='word_1_382' title='bbox 2355 2604 2536 2659; x_wconf 85' lang='lat' dir='ltr'><strong>Timor</strong></span> <span class='ocrx_word' id='word_1_383' title='bbox 2557 2622 2661 2660; x_wconf 90' lang='lat' dir='ltr'><strong>non</strong></span> <span class='ocrx_word' id='word_1_384' title='bbox 2687 2615 2766 2661; x_wconf 89' lang='lat' dir='ltr'><strong>est</strong></span> <span class='ocrx_word' id='word_1_385' title='bbox 2795 2606 2850 2660; x_wconf 89' lang='lat' dir='ltr'><strong>in</strong></span> <span class='ocrx_word' id='word_1_386' title='bbox 2892 2605 3171 2667; x_wconf 80' lang='lat' dir='ltr'><strong>charitate,</strong></span> <span class='ocrx_word' id='word_1_387' title='bbox 3194 2605 3284 2660; x_wconf 88' lang='lat' dir='ltr'><strong>sed</strong></span> <span class='ocrx_word' id='word_1_388' title='bbox 3320 2606 3553 2673; x_wconf 85' lang='lat' dir='ltr'><strong>perfecta</strong></span> 
     </span>
    </p>
   </div>
   <div class='ocr_carea' id='block_1_52' title="bbox 1975 2697 3551 2767">
    <p class='ocr_par' dir='ltr' id='par_1_52' title="bbox 1975 2697 3551 2767">
     <span class='ocr_line' id='line_1_53' title="bbox 1975 2697 3551 2767; baseline 0.002 -19"><span class='ocrx_word' id='word_1_389' title='bbox 1975 2697 2209 2750; x_wconf 86' lang='lat' dir='ltr'><strong>charitas</strong></span> <span class='ocrx_word' id='word_1_390' title='bbox 2244 2697 2391 2766; x_wconf 88' lang='lat' dir='ltr'><strong>foras</strong></span> <span class='ocrx_word' id='word_1_391' title='bbox 2413 2698 2575 2751; x_wconf 87' lang='lat' dir='ltr'><strong>mittit</strong></span> <span class='ocrx_word' id='word_1_392' title='bbox 2601 2699 2859 2764; x_wconf 81' lang='lat' dir='ltr'><strong>timorem,</strong></span> <span class='ocrx_word' id='word_1_393' title='bbox 2876 2699 3129 2767; x_wconf 86' lang='lat' dir='ltr'><strong>quoniam</strong></span> <span class='ocrx_word' id='word_1_394' title='bbox 3166 2698 3323 2751; x_wconf 89' lang='lat' dir='ltr'><strong>timor</strong></span> <span class='ocrx_word' id='word_1_395' title='bbox 3346 2712 3551 2764; x_wconf 72' lang='lat' dir='ltr'><strong>poenam</strong></span> 
     </span>
    </p>
   </div>
   <div class='ocr_carea' id='block_1_53' title="bbox 1974 2786 3548 2857">
    <p class='ocr_par' dir='ltr' id='par_1_53' title="bbox 1974 2786 3548 2857">
     <span class='ocr_line' id='line_1_54' title="bbox 1974 2786 3548 2857; baseline 0.003 -20"><span class='ocrx_word' id='word_1_396' title='bbox 1974 2786 2150 2841; x_wconf 88' lang='lat' dir='ltr'><strong>habet.</strong></span> <span class='ocrx_word' id='word_1_397' title='bbox 2183 2787 2288 2852; x_wconf 90' lang='lat' dir='ltr'><strong>Qui</strong></span> <span class='ocrx_word' id='word_1_398' title='bbox 2317 2798 2491 2842; x_wconf 79' lang='lat' dir='ltr'><strong>autem</strong></span> <span class='ocrx_word' id='word_1_399' title='bbox 2530 2791 2698 2850; x_wconf 87' lang='lat' dir='ltr'><strong>timet,</strong></span> <span class='ocrx_word' id='word_1_400' title='bbox 2748 2806 2853 2844; x_wconf 85' lang='lat' dir='ltr'><strong>non</strong></span> <span class='ocrx_word' id='word_1_401' title='bbox 2894 2796 2971 2841; x_wconf 85' lang='lat' dir='ltr'><strong>est</strong></span> <span class='ocrx_word' id='word_1_402' title='bbox 3019 2788 3279 2857; x_wconf 82' lang='lat' dir='ltr'><strong>perfectus</strong></span> <span class='ocrx_word' id='word_1_403' title='bbox 3327 2790 3379 2840; x_wconf 88' lang='lat' dir='ltr'><strong>in</strong></span> <span class='ocrx_word' id='word_1_404' title='bbox 3419 2788 3548 2842; x_wconf 76' lang='lat' dir='ltr'><strong>cha-</strong></span> 
     </span>
    </p>
   </div>
   <div class='ocr_carea' id='block_1_54' title="bbox 1978 2879 3549 2951">
    <p class='ocr_par' dir='ltr' id='par_1_54' title="bbox 1978 2879 3549 2951">
     <span class='ocr_line' id='line_1_55' title="bbox 1978 2879 3549 2951; baseline 0.001 -19"><span class='ocrx_word' id='word_1_405' title='bbox 1978 2880 2158 2935; x_wconf 87' lang='lat' dir='ltr'><strong>ritate.</strong></span> <span class='ocrx_word' id='word_1_406' title='bbox 2215 2879 2329 2934; x_wconf 88' lang='lat' dir='ltr'><strong>Nos</strong></span> <span class='ocrx_word' id='word_1_407' title='bbox 2374 2897 2501 2950; x_wconf 88' lang='lat' dir='ltr'><strong>ergo</strong></span> <span class='ocrx_word' id='word_1_408' title='bbox 2551 2882 2837 2951; x_wconf 84' lang='lat' dir='ltr'><strong>diligamus</strong></span> <span class='ocrx_word' id='word_1_409' title='bbox 2868 2882 3062 2942; x_wconf 88' lang='lat' dir='ltr'><strong>Deum,</strong></span> <span class='ocrx_word' id='word_1_410' title='bbox 3108 2881 3357 2950; x_wconf 87' lang='lat' dir='ltr'><strong>quoniam</strong></span> <span class='ocrx_word' id='word_1_411' title='bbox 3408 2880 3549 2934; x_wconf 85' lang='lat' dir='ltr'><strong>Deus</strong></span> 
     </span>
    </p>
   </div>
   <div class='ocr_carea' id='block_1_55' title="bbox 295 2971 3551 3053">
    <p class='ocr_par' dir='ltr' id='par_1_55' title="bbox 295 2971 3551 3053">
     <span class='ocr_line' id='line_1_56' title="bbox 295 2971 3551 3053; baseline -0.001 -22"><span class='ocrx_word' id='word_1_412' title='bbox 295 2978 501 3031; x_wconf 89' lang='lat' dir='ltr'><strong>dolum.</strong></span> <span class='ocrx_word' id='word_1_413' title='bbox 540 2978 771 3032; x_wconf 80' lang='lat' dir='ltr'><strong>Declinat</strong></span> <span class='ocrx_word' id='word_1_414' title='bbox 804 2996 837 3032; x_wconf 92' lang='lat' dir='ltr'><strong>a</strong></span> <span class='ocrx_word' id='word_1_415' title='bbox 866 2980 1039 3043; x_wconf 89' lang='lat' dir='ltr'><strong>malo,</strong></span> <span class='ocrx_word' id='word_1_416' title='bbox 1071 2990 1120 3034; x_wconf 92' lang='lat' dir='ltr'><strong>et</strong></span> <span class='ocrx_word' id='word_1_417' title='bbox 1162 2982 1329 3049; x_wconf 79' lang='lat' dir='ltr'><strong>faciat</strong></span> <span class='ocrx_word' id='word_1_418' title='bbox 1372 2979 1598 3043; x_wconf 86' lang='lat' dir='ltr'><strong>bonum,</strong></span> <span class='ocrx_word' id='word_1_419' title='bbox 1635 2981 1872 3049; x_wconf 86' lang='lat' dir='ltr'><strong>inquirat</strong></span> <span class='ocrx_word' id='word_1_420' title='bbox 1901 2997 1942 3053; x_wconf 70' lang='grc' dir='ltr'><strong>ρ</strong></span> <span class='ocrx_word' id='word_1_421' title='bbox 1975 2974 2124 3040; x_wconf 79' lang='lat' dir='ltr'><strong>prior</strong></span> <span class='ocrx_word' id='word_1_422' title='bbox 2162 2971 2353 3025; x_wconf 63' lang='lat' dir='ltr'><strong>dilexit</strong></span> <span class='ocrx_word' id='word_1_423' title='bbox 2403 2989 2517 3027; x_wconf 74' lang='lat' dir='ltr'><strong>n08.</strong></span> <span class='ocrx_word' id='word_1_424' title='bbox 2569 2972 2630 3028; x_wconf 85' lang='lat' dir='ltr'><strong>Si</strong></span> <span class='ocrx_word' id='word_1_425' title='bbox 2673 2973 2789 3043; x_wconf 76' lang='lat' dir='ltr'><strong>quis</strong></span> <span class='ocrx_word' id='word_1_426' title='bbox 2827 2973 3056 3034; x_wconf 69' lang='lat' dir='ltr'><strong>dixerit.</strong></span> <span class='ocrx_word' id='word_1_427' title='bbox 3089 2974 3339 3041; x_wconf 86' lang='lat' dir='ltr'><strong>quoniam</strong></span> <span class='ocrx_word' id='word_1_428' title='bbox 3384 2972 3551 3042; x_wconf 81' lang='lat' dir='ltr'><strong>diligo</strong></span> 
     </span>
    </p>
   </div>
   <div class='ocr_carea' id='block_1_56' title="bbox 292 3071 1872 3142">
    <p class='ocr_par' dir='ltr' id='par_1_56' title="bbox 292 3071 1872 3142">
     <span class='ocr_line' id='line_1_57' title="bbox 292 3071 1872 3142; baseline 0.001 -19"><span class='ocrx_word' id='word_1_429' title='bbox 292 3086 501 3138; x_wconf 87' lang='lat' dir='ltr'><strong>pacem,</strong></span> <span class='ocrx_word' id='word_1_430' title='bbox 530 3081 578 3124; x_wconf 90' lang='lat' dir='ltr'><strong>et</strong></span> <span class='ocrx_word' id='word_1_431' title='bbox 608 3084 951 3141; x_wconf 79' lang='lat' dir='ltr'><strong>persequatur</strong></span> <span class='ocrx_word' id='word_1_432' title='bbox 978 3088 1115 3135; x_wconf 86' lang='lat' dir='ltr'><strong>eam,</strong></span> <span class='ocrx_word' id='word_1_433' title='bbox 1149 3073 1275 3142; x_wconf 84' lang='lat' dir='ltr'><strong>quia</strong></span> <span class='ocrx_word' id='word_1_434' title='bbox 1308 3072 1447 3125; x_wconf 89' lang='lat' dir='ltr'><strong>oculi</strong></span> <span class='ocrx_word' id='word_1_435' title='bbox 1481 3071 1691 3125; x_wconf 87' lang='lat' dir='ltr'><strong>Domini</strong></span> <span class='ocrx_word' id='word_1_436' title='bbox 1716 3089 1872 3141; x_wconf 86' lang='lat' dir='ltr'><strong>super</strong></span> 
     </span>
    </p>
   </div>
   <div class='ocr_carea' id='block_1_57' title="bbox 287 3159 1871 3230">
    <p class='ocr_par' dir='ltr' id='par_1_57' title="bbox 287 3159 1871 3230">
     <span class='ocr_line' id='line_1_58' title="bbox 287 3159 1871 3230; baseline 0.001 -16"><span class='ocrx_word' id='word_1_437' title='bbox 287 3161 489 3230; x_wconf 84' lang='lat' dir='ltr'><strong>justas,</strong></span> <span class='ocrx_word' id='word_1_438' title='bbox 516 3168 566 3212; x_wconf 89' lang='lat' dir='ltr'><strong>et</strong></span> <span class='ocrx_word' id='word_1_439' title='bbox 598 3176 751 3213; x_wconf 90' lang='lat' dir='ltr'><strong>aures</strong></span> <span class='ocrx_word' id='word_1_440' title='bbox 786 3160 901 3229; x_wconf 85' lang='lat' dir='ltr'><strong>ejus</strong></span> <span class='ocrx_word' id='word_1_441' title='bbox 948 3162 1001 3213; x_wconf 87' lang='lat' dir='ltr'><strong>in</strong></span> <span class='ocrx_word' id='word_1_442' title='bbox 1032 3176 1210 3230; x_wconf 82' lang='lat' dir='ltr'><strong>preces</strong></span> <span class='ocrx_word' id='word_1_443' title='bbox 1236 3177 1438 3216; x_wconf 87' lang='lat' dir='ltr'><strong>eorum.</strong></span> <span class='ocrx_word' id='word_1_444' title='bbox 1482 3159 1669 3215; x_wconf 81' lang='lat' dir='ltr'><strong>Vultus</strong></span> <span class='ocrx_word' id='word_1_445' title='bbox 1695 3174 1871 3215; x_wconf 84' lang='lat' dir='ltr'><strong>autem</strong></span> 
     </span>
    </p>
   </div>
   <div class='ocr_carea' id='block_1_58' title="bbox 302 3248 1868 3322">
    <p class='ocr_par' dir='ltr' id='par_1_58' title="bbox 302 3248 1868 3322">
     <span class='ocr_line' id='line_1_59' title="bbox 302 3248 1868 3322; baseline 0.002 -22"><span class='ocrx_word' id='word_1_446' title='bbox 302 3248 535 3311; x_wconf 85' lang='lat' dir='ltr'><strong>Domini,</strong></span> <span class='ocrx_word' id='word_1_447' title='bbox 575 3265 731 3317; x_wconf 85' lang='lat' dir='ltr'><strong>super</strong></span> <span class='ocrx_word' id='word_1_448' title='bbox 773 3249 1022 3317; x_wconf 86' lang='lat' dir='ltr'><strong>facientes</strong></span> <span class='ocrx_word' id='word_1_449' title='bbox 1076 3250 1220 3304; x_wconf 90' lang='lat' dir='ltr'><strong>mala</strong></span> <span class='ocrx_word' id='word_1_450' title='bbox 1249 3251 1316 3305; x_wconf 74' lang='grc'><strong>⁸³.</strong></span> <span class='ocrx_word' id='word_1_451' title='bbox 1367 3252 1506 3317; x_wconf 83' lang='lat' dir='ltr'><strong>Quid</strong></span> <span class='ocrx_word' id='word_1_452' title='bbox 1550 3252 1707 3322; x_wconf 78' lang='lat' dir='ltr'><strong>pejus</strong></span> <span class='ocrx_word' id='word_1_453' title='bbox 1763 3264 1868 3318; x_wconf 72' lang='grc' dir='ltr'><strong>εει,</strong></span> 
     </span>
    </p>
   </div>
   <div class='ocr_carea' id='block_1_59' title="bbox 299 3341 1869 3412">
    <p class='ocr_par' dir='ltr' id='par_1_59' title="bbox 299 3341 1869 3412">
     <span class='ocr_line' id='line_1_60' title="bbox 299 3341 1869 3412; baseline 0.004 -20"><span class='ocrx_word' id='word_1_454' title='bbox 299 3341 522 3403; x_wconf 85' lang='lat' dir='ltr'><strong>fratres,</strong></span> <span class='ocrx_word' id='word_1_455' title='bbox 543 3357 705 3409; x_wconf 89' lang='lat' dir='ltr'><strong>quam</strong></span> <span class='ocrx_word' id='word_1_456' title='bbox 731 3342 871 3409; x_wconf 87' lang='lat' dir='ltr'><strong>quod</strong></span> <span class='ocrx_word' id='word_1_457' title='bbox 906 3343 1219 3397; x_wconf 85' lang='lat' dir='ltr'><strong>sacerdotes</strong></span> <span class='ocrx_word' id='word_1_458' title='bbox 1243 3342 1479 3406; x_wconf 88' lang='lat' dir='ltr'><strong>Domini,</strong></span> <span class='ocrx_word' id='word_1_459' title='bbox 1510 3346 1602 3412; x_wconf 89' lang='lat' dir='ltr'><strong>qui</strong></span> <span class='ocrx_word' id='word_1_460' title='bbox 1632 3345 1702 3398; x_wconf 90' lang='lat' dir='ltr'><strong>ab</strong></span> <span class='ocrx_word' id='word_1_461' title='bbox 1722 3346 1869 3399; x_wconf 73' lang='lat' dir='ltr'><strong>onini</strong></span> 
     </span>
    </p>
   </div>
   <div class='ocr_carea' id='block_1_60' title="bbox 297 3432 1872 3503">
    <p class='ocr_par' dir='ltr' id='par_1_60' title="bbox 297 3432 1872 3503">
     <span class='ocr_line' id='line_1_61' title="bbox 297 3432 1872 3503; baseline 0.003 -19"><span class='ocrx_word' id='word_1_462' title='bbox 297 3433 440 3484; x_wconf 89' lang='lat' dir='ltr'><strong>mala</strong></span> <span class='ocrx_word' id='word_1_463' title='bbox 473 3432 938 3503; x_wconf 85' lang='lat' dir='ltr'><strong>coinquinatione,</strong></span> <span class='ocrx_word' id='word_1_464' title='bbox 966 3443 1018 3487; x_wconf 90' lang='lat' dir='ltr'><strong>et</strong></span> <span class='ocrx_word' id='word_1_465' title='bbox 1037 3448 1066 3486; x_wconf 86' lang='lat' dir='ltr'><strong>a</strong></span> <span class='ocrx_word' id='word_1_466' title='bbox 1097 3443 1428 3490; x_wconf 86' lang='lat' dir='ltr'><strong>noculneuto</strong></span> <span class='ocrx_word' id='word_1_467' title='bbox 1450 3437 1690 3489; x_wconf 87' lang='lat' dir='ltr'><strong>omnium</strong></span> <span class='ocrx_word' id='word_1_468' title='bbox 1710 3435 1872 3489; x_wconf 85' lang='lat' dir='ltr'><strong>Chri-</strong></span> 
     </span>
    </p>
   </div>
   <div class='ocr_carea' id='block_1_61' title="bbox 296 3526 1872 3597">
    <p class='ocr_par' dir='ltr' id='par_1_61' title="bbox 296 3526 1872 3597">
     <span class='ocr_line' id='line_1_62' title="bbox 296 3526 1872 3597; baseline 0.001 -18"><span class='ocrx_word' id='word_1_469' title='bbox 296 3526 607 3579; x_wconf 82' lang='lat' dir='ltr'><strong>stianorum</strong></span> <span class='ocrx_word' id='word_1_470' title='bbox 643 3526 806 3579; x_wconf 87' lang='lat' dir='ltr'><strong>alieni</strong></span> <span class='ocrx_word' id='word_1_471' title='bbox 835 3526 1034 3580; x_wconf 85' lang='lat' dir='ltr'><strong>debent</strong></span> <span class='ocrx_word' id='word_1_472' title='bbox 1060 3526 1349 3587; x_wconf 77' lang='lat' dir='ltr'><strong>exsistere.</strong></span> <span class='ocrx_word' id='word_1_473' title='bbox 1388 3535 1593 3597; x_wconf 87' lang='lat' dir='ltr'><strong>quanto</strong></span> <span class='ocrx_word' id='word_1_474' title='bbox 1634 3528 1808 3597; x_wconf 84' lang='lat' dir='ltr'><strong>magis</strong></span> <span class='ocrx_word' id='word_1_475' title='bbox 1841 3542 1872 3581; x_wconf 86' lang='lat' dir='ltr'><strong>a</strong></span> 
     </span>
    </p>
   </div>
   <div class='ocr_carea' id='block_1_62' title="bbox 295 3613 1873 3687">
    <p class='ocr_par' dir='ltr' id='par_1_62' title="bbox 295 3613 1873 3687">
     <span class='ocr_line' id='line_1_63' title="bbox 295 3613 1873 3687; baseline 0.004 -22"><span class='ocrx_word' id='word_1_476' title='bbox 295 3613 531 3667; x_wconf 88' lang='lat' dir='ltr'><strong>fratrum</strong></span> <span class='ocrx_word' id='word_1_477' title='bbox 560 3623 614 3669; x_wconf 87' lang='lat' dir='ltr'><strong>et</strong></span> <span class='ocrx_word' id='word_1_478' title='bbox 647 3616 1103 3685; x_wconf 86' lang='lat' dir='ltr'><strong>coepiscoporum</strong></span> <span class='ocrx_word' id='word_1_479' title='bbox 1163 3618 1380 3675; x_wconf 88' lang='lat' dir='ltr'><strong>insidiis</strong></span> <span class='ocrx_word' id='word_1_480' title='bbox 1402 3661 1416 3685; x_wconf 92' lang='lat'><strong>,</strong></span> <span class='ocrx_word' id='word_1_481' title='bbox 1454 3634 1595 3687; x_wconf 84' lang='lat' dir='ltr'><strong>quos</strong></span> <span class='ocrx_word' id='word_1_482' title='bbox 1626 3620 1768 3674; x_wconf 89' lang='lat' dir='ltr'><strong>tueri</strong></span> <span class='ocrx_word' id='word_1_483' title='bbox 1819 3628 1873 3672; x_wconf 90' lang='lat' dir='ltr'><strong>et</strong></span> 
     </span>
    </p>
   </div>
   <div class='ocr_carea' id='block_1_63' title="bbox 296 3704 1872 3777">
    <p class='ocr_par' dir='ltr' id='par_1_63' title="bbox 296 3704 1872 3777">
     <span class='ocr_line' id='line_1_64' title="bbox 296 3704 1872 3777; baseline 0.001 -18"><span class='ocrx_word' id='word_1_484' title='bbox 296 3705 594 3759; x_wconf 84' lang='lat' dir='ltr'><strong>sublevare</strong></span> <span class='ocrx_word' id='word_1_485' title='bbox 623 3704 841 3765; x_wconf 80' lang='lat' dir='ltr'><strong>debent.</strong></span> <span class='ocrx_word' id='word_1_486' title='bbox 879 3721 1018 3775; x_wconf 69' lang='lat' dir='ltr'><strong>quos</strong></span> <span class='ocrx_word' id='word_1_487' title='bbox 1048 3706 1234 3762; x_wconf 84' lang='lat' dir='ltr'><strong>fovere</strong></span> <span class='ocrx_word' id='word_1_488' title='bbox 1266 3716 1321 3761; x_wconf 87' lang='lat' dir='ltr'><strong>et</strong></span> <span class='ocrx_word' id='word_1_489' title='bbox 1372 3708 1599 3777; x_wconf 79' lang='lat' dir='ltr'><strong>diligere</strong></span> <span class='ocrx_word' id='word_1_490' title='bbox 1630 3722 1872 3762; x_wconf 88' lang='lat' dir='ltr'><strong>summo-</strong></span> 
     </span>
    </p>
   </div>
   <div class='ocr_carea' id='block_1_64' title="bbox 306 3800 1873 3868">
    <p class='ocr_par' dir='ltr' id='par_1_64' title="bbox 306 3800 1873 3868">
     <span class='ocr_line' id='line_1_65' title="bbox 306 3800 1873 3868; baseline 0.001 -18"><span class='ocrx_word' id='word_1_491' title='bbox 306 3812 436 3866; x_wconf 88' lang='lat' dir='ltr'><strong>pere</strong></span> <span class='ocrx_word' id='word_1_492' title='bbox 487 3804 724 3865; x_wconf 78' lang='lat' dir='ltr'><strong>oportet,</strong></span> <span class='ocrx_word' id='word_1_493' title='bbox 769 3806 1174 3867; x_wconf 80' lang='lat' dir='ltr'><strong>persequuntur</strong></span> <span class='ocrx_word' id='word_1_494' title='bbox 1206 3813 1335 3863; x_wconf 89' lang='lat' dir='ltr'><strong>eos,</strong></span> <span class='ocrx_word' id='word_1_495' title='bbox 1385 3800 1587 3868; x_wconf 74' lang='lat' dir='ltr'><strong>ejicere</strong></span> <span class='ocrx_word' id='word_1_496' title='bbox 1639 3808 1691 3853; x_wconf 85' lang='lat' dir='ltr'><strong>et</strong></span> <span class='ocrx_word' id='word_1_497' title='bbox 1723 3815 1873 3853; x_wconf 86' lang='lat' dir='ltr'><strong>com-</strong></span> 
     </span>
    </p>
   </div>
   <div class='ocr_carea' id='block_1_65' title="bbox 301 3890 1873 3963">
    <p class='ocr_par' dir='ltr' id='par_1_65' title="bbox 301 3890 1873 3963">
     <span class='ocr_line' id='line_1_66' title="bbox 301 3890 1873 3963; baseline 0.001 -21"><span class='ocrx_word' id='word_1_498' title='bbox 301 3891 453 3943; x_wconf 90' lang='lat' dir='ltr'><strong>muni</strong></span> <span class='ocrx_word' id='word_1_499' title='bbox 493 3905 553 3943; x_wconf 86' lang='lat' dir='ltr'><strong>re</strong></span> <span class='ocrx_word' id='word_1_500' title='bbox 604 3891 821 3958; x_wconf 77' lang='lat' dir='ltr'><strong>privare</strong></span> <span class='ocrx_word' id='word_1_501' title='bbox 873 3890 1190 3963; x_wconf 78' lang='lat' dir='ltr'><strong>decertant?</strong></span> <span class='ocrx_word' id='word_1_502' title='bbox 1229 3891 1336 3947; x_wconf 80' lang='lat' dir='ltr'><strong>Nec</strong></span> <span class='ocrx_word' id='word_1_503' title='bbox 1377 3893 1745 3947; x_wconf 89' lang='lat' dir='ltr'><strong>recordamini</strong></span> <span class='ocrx_word' id='word_1_504' title='bbox 1774 3891 1873 3945; x_wconf 87' lang='lat' dir='ltr'><strong>Sa-</strong></span> 
     </span>
    </p>
   </div>
   <div class='ocr_carea' id='block_1_66' title="bbox 298 3979 1872 4053">
    <p class='ocr_par' dir='ltr' id='par_1_66' title="bbox 298 3979 1872 4053">
     <span class='ocr_line' id='line_1_67' title="bbox 298 3979 1872 4053; baseline 0.002 -22"><span class='ocrx_word' id='word_1_505' title='bbox 298 3980 584 4048; x_wconf 78' lang='lat' dir='ltr'><strong>pientiam,</strong></span> <span class='ocrx_word' id='word_1_506' title='bbox 621 3996 741 4048; x_wconf 64' lang='lat' dir='ltr'><strong>qua:</strong></span> <span class='ocrx_word' id='word_1_507' title='bbox 772 3981 880 4032; x_wconf 85' lang='lat' dir='ltr'><strong>ait:</strong></span> <span class='ocrx_word' id='word_1_508' title='bbox 906 3979 1174 4034; x_wconf 70' lang='lat' dir='ltr'><strong>Perversce</strong></span> <span class='ocrx_word' id='word_1_509' title='bbox 1198 3984 1337 4035; x_wconf 86' lang='lat' dir='ltr'><strong>enim</strong></span> <span class='ocrx_word' id='word_1_510' title='bbox 1362 3983 1701 4053; x_wconf 84' lang='lat' dir='ltr'><strong>cogitationes</strong></span> <span class='ocrx_word' id='word_1_511' title='bbox 1721 3999 1872 4050; x_wconf 87' lang='lat' dir='ltr'><strong>sepa-</strong></span> 
     </span>
    </p>
   </div>
   <div class='ocr_carea' id='block_1_67' title="bbox 302 4073 1874 4146">
    <p class='ocr_par' dir='ltr' id='par_1_67' title="bbox 302 4073 1874 4146">
     <span class='ocr_line' id='line_1_68' title="bbox 302 4073 1874 4146; baseline 0.002 -20"><span class='ocrx_word' id='word_1_512' title='bbox 302 4084 424 4127; x_wconf 80' lang='lat' dir='ltr'><strong>rant</strong></span> <span class='ocrx_word' id='word_1_513' title='bbox 467 4074 706 4127; x_wconf 86' lang='lat' dir='ltr'><strong>homines</strong></span> <span class='ocrx_word' id='word_1_514' title='bbox 733 4090 763 4126; x_wconf 90' lang='lat' dir='ltr'><strong>a</strong></span> <span class='ocrx_word' id='word_1_515' title='bbox 796 4073 901 4127; x_wconf 85' lang='lat' dir='ltr'><strong>Deo</strong></span> <span class='ocrx_word' id='word_1_516' title='bbox 928 4075 992 4135; x_wconf 78' lang='lat'><strong>“,</strong></span> <span class='ocrx_word' id='word_1_517' title='bbox 1019 4084 1225 4143; x_wconf 84' lang='lat' dir='ltr'><strong>quanto</strong></span> <span class='ocrx_word' id='word_1_518' title='bbox 1259 4078 1433 4145; x_wconf 85' lang='lat' dir='ltr'><strong>magis</strong></span> <span class='ocrx_word' id='word_1_519' title='bbox 1460 4092 1622 4146; x_wconf 82' lang='lat' dir='ltr'><strong>opera</strong></span> <span class='ocrx_word' id='word_1_520' title='bbox 1655 4076 1874 4146; x_wconf 80' lang='lat' dir='ltr'><strong>iniqua?</strong></span> 
     </span>
    </p>
   </div>
   <div class='ocr_carea' id='block_1_68' title="bbox 298 4168 1872 4239">
    <p class='ocr_par' dir='ltr' id='par_1_68' title="bbox 298 4168 1872 4239">
     <span class='ocr_line' id='line_1_69' title="bbox 298 4168 1872 4239; baseline 0.002 -19"><span class='ocrx_word' id='word_1_521' title='bbox 298 4168 439 4233; x_wconf 80' lang='lat' dir='ltr'><strong>Quid</strong></span> <span class='ocrx_word' id='word_1_522' title='bbox 471 4169 618 4222; x_wconf 85' lang='lat' dir='ltr'><strong>enim</strong></span> <span class='ocrx_word' id='word_1_523' title='bbox 671 4168 901 4236; x_wconf 88' lang='lat' dir='ltr'><strong>nequius</strong></span> <span class='ocrx_word' id='word_1_524' title='bbox 931 4178 1031 4230; x_wconf 88' lang='lat' dir='ltr'><strong>est,</strong></span> <span class='ocrx_word' id='word_1_525' title='bbox 1082 4183 1248 4237; x_wconf 90' lang='lat' dir='ltr'><strong>quam</strong></span> <span class='ocrx_word' id='word_1_526' title='bbox 1291 4177 1351 4221; x_wconf 91' lang='lat' dir='ltr'><strong>ut</strong></span> <span class='ocrx_word' id='word_1_527' title='bbox 1396 4169 1539 4227; x_wconf 88' lang='lat' dir='ltr'><strong>illos,</strong></span> <span class='ocrx_word' id='word_1_528' title='bbox 1575 4170 1641 4223; x_wconf 88' lang='lat' dir='ltr'><strong>de</strong></span> <span class='ocrx_word' id='word_1_529' title='bbox 1671 4171 1872 4239; x_wconf 90' lang='lat' dir='ltr'><strong>quibus</strong></span> 
     </span>
    </p>
   </div>
   <div class='ocr_carea' id='block_1_69' title="bbox 298 4259 1873 4331">
    <p class='ocr_par' dir='ltr' id='par_1_69' title="bbox 298 4259 1873 4331">
     <span class='ocr_line' id='line_1_70' title="bbox 298 4259 1873 4331; baseline 0.001 -19"><span class='ocrx_word' id='word_1_530' title='bbox 298 4261 570 4314; x_wconf 83' lang='lat' dir='ltr'><strong>Dominus</strong></span> <span class='ocrx_word' id='word_1_531' title='bbox 600 4259 714 4312; x_wconf 89' lang='lat' dir='ltr'><strong>ait:</strong></span> <span class='ocrx_word' id='word_1_532' title='bbox 743 4260 846 4325; x_wconf 88' lang='lat' dir='ltr'><strong>Qui</strong></span> <span class='ocrx_word' id='word_1_533' title='bbox 879 4277 966 4313; x_wconf 78' lang='lat' dir='ltr'><strong>nos</strong></span> <span class='ocrx_word' id='word_1_534' title='bbox 1002 4261 1188 4328; x_wconf 88' lang='lat' dir='ltr'><strong>tangit,</strong></span> <span class='ocrx_word' id='word_1_535' title='bbox 1236 4266 1403 4331; x_wconf 85' lang='lat' dir='ltr'><strong>tangit</strong></span> <span class='ocrx_word' id='word_1_536' title='bbox 1430 4262 1687 4331; x_wconf 85' lang='lat' dir='ltr'><strong>pupillam</strong></span> <span class='ocrx_word' id='word_1_537' title='bbox 1734 4264 1873 4316; x_wconf 88' lang='lat' dir='ltr'><strong>oculi</strong></span> 
     </span>
    </p>
   </div>
   <div class='ocr_carea' id='block_1_70' title="bbox 1976 3063 3550 3133">
    <p class='ocr_par' dir='ltr' id='par_1_70' title="bbox 1976 3063 3550 3133">
     <span class='ocr_line' id='line_1_71' title="bbox 1976 3063 3550 3133; baseline 0.001 -17"><span class='ocrx_word' id='word_1_538' title='bbox 1976 3063 2169 3128; x_wconf 85' lang='lat' dir='ltr'><strong>Deum,</strong></span> <span class='ocrx_word' id='word_1_539' title='bbox 2199 3073 2249 3116; x_wconf 86' lang='lat' dir='ltr'><strong>et</strong></span> <span class='ocrx_word' id='word_1_540' title='bbox 2281 3064 2504 3133; x_wconf 87' lang='lat' dir='ltr'><strong>fratrem</strong></span> <span class='ocrx_word' id='word_1_541' title='bbox 2532 3064 2724 3129; x_wconf 83' lang='lat' dir='ltr'><strong>oderit,</strong></span> <span class='ocrx_word' id='word_1_542' title='bbox 2762 3064 2992 3119; x_wconf 74' lang='lat' dir='ltr'><strong>mendas:</strong></span> <span class='ocrx_word' id='word_1_543' title='bbox 3011 3074 3110 3119; x_wconf 88' lang='lat' dir='ltr'><strong>est.</strong></span> <span class='ocrx_word' id='word_1_544' title='bbox 3136 3064 3239 3129; x_wconf 85' lang='lat' dir='ltr'><strong>Qui</strong></span> <span class='ocrx_word' id='word_1_545' title='bbox 3272 3065 3412 3118; x_wconf 85' lang='lat' dir='ltr'><strong>enim</strong></span> <span class='ocrx_word' id='word_1_546' title='bbox 3442 3082 3550 3118; x_wconf 83' lang='lat' dir='ltr'><strong>non</strong></span> 
     </span>
    </p>
   </div>
   <div class='ocr_carea' id='block_1_71' title="bbox 1977 3156 3550 3228">
    <p class='ocr_par' dir='ltr' id='par_1_71' title="bbox 1977 3156 3550 3228">
     <span class='ocr_line' id='line_1_72' title="bbox 1977 3156 3550 3228; baseline 0.001 -20"><span class='ocrx_word' id='word_1_547' title='bbox 1977 3158 2154 3227; x_wconf 83' lang='lat' dir='ltr'><strong>diligit</strong></span> <span class='ocrx_word' id='word_1_548' title='bbox 2185 3158 2405 3226; x_wconf 87' lang='lat' dir='ltr'><strong>fratrem</strong></span> <span class='ocrx_word' id='word_1_549' title='bbox 2450 3174 2625 3219; x_wconf 87' lang='lat' dir='ltr'><strong>suum,</strong></span> <span class='ocrx_word' id='word_1_550' title='bbox 2656 3173 2806 3226; x_wconf 88' lang='lat' dir='ltr'><strong>quem</strong></span> <span class='ocrx_word' id='word_1_551' title='bbox 2852 3157 3024 3219; x_wconf 80' lang='lat' dir='ltr'><strong>uidet,</strong></span> <span class='ocrx_word' id='word_1_552' title='bbox 3061 3156 3320 3228; x_wconf 86' lang='lat' dir='ltr'><strong>quomodo</strong></span> <span class='ocrx_word' id='word_1_553' title='bbox 3346 3157 3514 3211; x_wconf 87' lang='lat' dir='ltr'><strong>Deum</strong></span> <span class='ocrx_word' id='word_1_554' title='bbox 3534 3196 3550 3220; x_wconf 93' lang='lat'><strong>,</strong></span> 
     </span>
    </p>
   </div>
   <div class='ocr_carea' id='block_1_72' title="bbox 1976 3246 3557 3316">
    <p class='ocr_par' dir='ltr' id='par_1_72' title="bbox 1976 3246 3557 3316">
     <span class='ocr_line' id='line_1_73' title="bbox 1976 3246 3557 3316; baseline 0 -17"><span class='ocrx_word' id='word_1_555' title='bbox 1976 3262 2130 3316; x_wconf 88' lang='lat' dir='ltr'><strong>quem</strong></span> <span class='ocrx_word' id='word_1_556' title='bbox 2192 3264 2297 3301; x_wconf 87' lang='lat' dir='ltr'><strong>non</strong></span> <span class='ocrx_word' id='word_1_557' title='bbox 2352 3247 2530 3309; x_wconf 75' lang='lat' dir='ltr'><strong>ridet,</strong></span> <span class='ocrx_word' id='word_1_558' title='bbox 2580 3257 2751 3313; x_wconf 88' lang='lat' dir='ltr'><strong>potest</strong></span> <span class='ocrx_word' id='word_1_559' title='bbox 2810 3248 3070 3315; x_wconf 78' lang='lat' dir='ltr'><strong>diligere?</strong></span> <span class='ocrx_word' id='word_1_560' title='bbox 3126 3246 3199 3300; x_wconf 85' lang='lat' dir='ltr'><strong>Et</strong></span> <span class='ocrx_word' id='word_1_561' title='bbox 3258 3246 3356 3300; x_wconf 87' lang='lat' dir='ltr'><strong>hoc</strong></span> <span class='ocrx_word' id='word_1_562' title='bbox 3402 3263 3557 3300; x_wconf 83' lang='lat' dir='ltr'><strong>man-</strong></span> 
     </span>
    </p>
   </div>
   <div class='ocr_carea' id='block_1_73' title="bbox 1975 3340 3557 3411">
    <p class='ocr_par' dir='ltr' id='par_1_73' title="bbox 1975 3340 3557 3411">
     <span class='ocr_line' id='line_1_74' title="bbox 1975 3340 3557 3411; baseline 0 -18"><span class='ocrx_word' id='word_1_563' title='bbox 1975 3341 2162 3395; x_wconf 89' lang='lat' dir='ltr'><strong>datum</strong></span> <span class='ocrx_word' id='word_1_564' title='bbox 2212 3341 2462 3395; x_wconf 86' lang='lat' dir='ltr'><strong>habemus</strong></span> <span class='ocrx_word' id='word_1_565' title='bbox 2500 3358 2532 3394; x_wconf 91' lang='lat' dir='ltr'><strong>a</strong></span> <span class='ocrx_word' id='word_1_566' title='bbox 2592 3341 2722 3405; x_wconf 87' lang='lat' dir='ltr'><strong>Deo,</strong></span> <span class='ocrx_word' id='word_1_567' title='bbox 2757 3352 2815 3396; x_wconf 86' lang='lat' dir='ltr'><strong>ut</strong></span> <span class='ocrx_word' id='word_1_568' title='bbox 2870 3342 2961 3411; x_wconf 89' lang='lat' dir='ltr'><strong>qui</strong></span> <span class='ocrx_word' id='word_1_569' title='bbox 3006 3341 3182 3411; x_wconf 80' lang='lat' dir='ltr'><strong>diligit</strong></span> <span class='ocrx_word' id='word_1_570' title='bbox 3222 3340 3423 3405; x_wconf 88' lang='lat' dir='ltr'><strong>Deum,</strong></span> <span class='ocrx_word' id='word_1_571' title='bbox 3473 3342 3557 3393; x_wconf 58' lang='lat' dir='ltr'><strong>di.</strong></span> 
     </span>
    </p>
   </div>
   <div class='ocr_carea' id='block_1_74' title="bbox 1976 3433 3556 3503">
    <p class='ocr_par' dir='ltr' id='par_1_74' title="bbox 1976 3433 3556 3503">
     <span class='ocr_line' id='line_1_75' title="bbox 1976 3433 3556 3503; baseline 0.002 -18"><span class='ocrx_word' id='word_1_572' title='bbox 1976 3433 2111 3502; x_wconf 86' lang='lat' dir='ltr'><strong>ligat</strong></span> <span class='ocrx_word' id='word_1_573' title='bbox 2165 3443 2215 3486; x_wconf 91' lang='lat' dir='ltr'><strong>et</strong></span> <span class='ocrx_word' id='word_1_574' title='bbox 2268 3433 2490 3501; x_wconf 87' lang='lat' dir='ltr'><strong>fratrem</strong></span> <span class='ocrx_word' id='word_1_575' title='bbox 2561 3449 2713 3486; x_wconf 85' lang='lat' dir='ltr'><strong>suum</strong></span> <span class='ocrx_word' id='word_1_576' title='bbox 2765 3435 2832 3487; x_wconf 79' lang='grc'><strong>⁸⁷.</strong></span> <span class='ocrx_word' id='word_1_577' title='bbox 2891 3433 3026 3487; x_wconf 82' lang='lat' dir='ltr'><strong>Nam</strong></span> <span class='ocrx_word' id='word_1_578' title='bbox 3093 3435 3209 3503; x_wconf 88' lang='lat' dir='ltr'><strong>ipsa</strong></span> <span class='ocrx_word' id='word_1_579' title='bbox 3281 3433 3556 3503; x_wconf 88' lang='lat' dir='ltr'><strong>Sapientia</strong></span> 
     </span>
    </p>
   </div>
   <div class='ocr_carea' id='block_1_75' title="bbox 1975 3523 3551 3595">
    <p class='ocr_par' dir='ltr' id='par_1_75' title="bbox 1975 3523 3551 3595">
     <span class='ocr_line' id='line_1_76' title="bbox 1975 3523 3551 3595; baseline 0 -18"><span class='ocrx_word' id='word_1_580' title='bbox 1975 3524 2051 3578; x_wconf 87' lang='lat' dir='ltr'><strong>ait</strong></span> <span class='ocrx_word' id='word_1_581' title='bbox 2096 3540 2110 3576; x_wconf 90' lang='lat'><strong>:</strong></span> <span class='ocrx_word' id='word_1_582' title='bbox 2169 3523 2376 3593; x_wconf 85' lang='lat' dir='ltr'><strong>Lingua</strong></span> <span class='ocrx_word' id='word_1_583' title='bbox 2422 3525 2739 3591; x_wconf 87' lang='lat' dir='ltr'><strong>sapientium</strong></span> <span class='ocrx_word' id='word_1_584' title='bbox 2809 3536 2961 3578; x_wconf 89' lang='lat' dir='ltr'><strong>ornat</strong></span> <span class='ocrx_word' id='word_1_585' title='bbox 3032 3525 3341 3588; x_wconf 80' lang='lat' dir='ltr'><strong>scimtiam,</strong></span> <span class='ocrx_word' id='word_1_586' title='bbox 3391 3526 3551 3595; x_wconf 72' lang='grc' dir='ltr'><strong>θοι</strong></span> 
     </span>
    </p>
   </div>
   <div class='ocr_carea' id='block_1_76' title="bbox 1976 3615 3557 3683">
    <p class='ocr_par' dir='ltr' id='par_1_76' title="bbox 1976 3615 3557 3683">
     <span class='ocr_line' id='line_1_77' title="bbox 1976 3615 3557 3683; baseline 0.001 -15"><span class='ocrx_word' id='word_1_587' title='bbox 1976 3633 2036 3670; x_wconf 75' lang='grc' dir='ltr'><strong><em>οδ</em></strong></span> <span class='ocrx_word' id='word_1_588' title='bbox 2090 3616 2359 3683; x_wconf 84' lang='lat' dir='ltr'><strong>fatuorum</strong></span> <span class='ocrx_word' id='word_1_589' title='bbox 2395 3616 2579 3670; x_wconf 87' lang='lat' dir='ltr'><strong>ebullit</strong></span> <span class='ocrx_word' id='word_1_590' title='bbox 2639 3615 2944 3670; x_wconf 87' lang='lat' dir='ltr'><strong>stultitiam.</strong></span> <span class='ocrx_word' id='word_1_591' title='bbox 2981 3616 3044 3669; x_wconf 86' lang='lat' dir='ltr'><strong>In</strong></span> <span class='ocrx_word' id='word_1_592' title='bbox 3079 3621 3221 3671; x_wconf 89' lang='lat' dir='ltr'><strong>omni</strong></span> <span class='ocrx_word' id='word_1_593' title='bbox 3257 3617 3369 3669; x_wconf 88' lang='lat' dir='ltr'><strong>loco</strong></span> <span class='ocrx_word' id='word_1_594' title='bbox 3415 3618 3557 3670; x_wconf 88' lang='lat' dir='ltr'><strong>oculi</strong></span> 
     </span>
    </p>
   </div>
   <div class='ocr_carea' id='block_1_77' title="bbox 1982 3707 3553 3776">
    <p class='ocr_par' dir='ltr' id='par_1_77' title="bbox 1982 3707 3553 3776">
     <span class='ocr_line' id='line_1_78' title="bbox 1982 3707 3553 3776; baseline 0.001 -17"><span class='ocrx_word' id='word_1_595' title='bbox 1982 3707 2199 3761; x_wconf 89' lang='lat' dir='ltr'><strong>Domini</strong></span> <span class='ocrx_word' id='word_1_596' title='bbox 2262 3709 2679 3776; x_wconf 88' lang='lat' dir='ltr'><strong>contemplantur</strong></span> <span class='ocrx_word' id='word_1_597' title='bbox 2745 3709 2905 3763; x_wconf 87' lang='lat' dir='ltr'><strong>bonos</strong></span> <span class='ocrx_word' id='word_1_598' title='bbox 2972 3717 3021 3761; x_wconf 87' lang='lat' dir='ltr'><strong>et</strong></span> <span class='ocrx_word' id='word_1_599' title='bbox 3090 3709 3281 3761; x_wconf 89' lang='lat' dir='ltr'><strong>malos.</strong></span> <span class='ocrx_word' id='word_1_600' title='bbox 3346 3707 3553 3776; x_wconf 88' lang='lat' dir='ltr'><strong>Lingua</strong></span> 
     </span>
    </p>
   </div>
   <div class='ocr_carea' id='block_1_78' title="bbox 1973 3797 3553 3868">
    <p class='ocr_par' dir='ltr' id='par_1_78' title="bbox 1973 3797 3553 3868">
     <span class='ocr_line' id='line_1_79' title="bbox 1973 3797 3553 3868; baseline -0.001 -16"><span class='ocrx_word' id='word_1_601' title='bbox 1973 3797 2250 3866; x_wconf 76' lang='lat' dir='ltr'><strong>placabilis</strong></span> <span class='ocrx_word' id='word_1_602' title='bbox 2286 3837 2301 3861; x_wconf 95' lang='lat'><strong>,</strong></span> <span class='ocrx_word' id='word_1_603' title='bbox 2364 3798 2561 3868; x_wconf 89' lang='lat' dir='ltr'><strong>lignum</strong></span> <span class='ocrx_word' id='word_1_604' title='bbox 2637 3799 2754 3852; x_wconf 64' lang='lat' dir='ltr'><strong>vita</strong></span> <span class='ocrx_word' id='word_1_605' title='bbox 2792 3815 2812 3853; x_wconf 91' lang='lat'><strong><em>:</em></strong></span> <span class='ocrx_word' id='word_1_606' title='bbox 2875 3814 2990 3868; x_wconf 70' lang='lat' dir='ltr'><strong>quia</strong></span> <span class='ocrx_word' id='word_1_607' title='bbox 3044 3807 3218 3851; x_wconf 86' lang='lat' dir='ltr'><strong>autem</strong></span> <span class='ocrx_word' id='word_1_608' title='bbox 3300 3797 3553 3851; x_wconf 85' lang='lat' dir='ltr'><strong>immode-</strong></span> 
     </span>
    </p>
   </div>
   <div class='ocr_carea' id='block_1_79' title="bbox 1978 3889 3551 3958">
    <p class='ocr_par' dir='ltr' id='par_1_79' title="bbox 1978 3889 3551 3958">
     <span class='ocr_line' id='line_1_80' title="bbox 1978 3889 3551 3958; baseline 0.001 -16"><span class='ocrx_word' id='word_1_609' title='bbox 1978 3898 2100 3942; x_wconf 90' lang='lat' dir='ltr'><strong>rata</strong></span> <span class='ocrx_word' id='word_1_610' title='bbox 2133 3900 2247 3951; x_wconf 87' lang='lat' dir='ltr'><strong>est,</strong></span> <span class='ocrx_word' id='word_1_611' title='bbox 2282 3898 2511 3943; x_wconf 77' lang='lat' dir='ltr'><strong>conteret</strong></span> <span class='ocrx_word' id='word_1_612' title='bbox 2558 3891 2824 3956; x_wconf 84' lang='lat' dir='ltr'><strong>spiritum.</strong></span> <span class='ocrx_word' id='word_1_613' title='bbox 2864 3890 3061 3943; x_wconf 85' lang='lat' dir='ltr'><strong>Domus</strong></span> <span class='ocrx_word' id='word_1_614' title='bbox 3104 3889 3269 3957; x_wconf 83' lang='lat' dir='ltr'><strong>justi,</strong></span> <span class='ocrx_word' id='word_1_615' title='bbox 3318 3889 3551 3958; x_wconf 87' lang='lat' dir='ltr'><strong>plurima</strong></span> 
     </span>
    </p>
   </div>
   <div class='ocr_carea' id='block_1_80' title="bbox 1976 3980 3551 4051">
    <p class='ocr_par' dir='ltr' id='par_1_80' title="bbox 1976 3980 3551 4051">
     <span class='ocr_line' id='line_1_81' title="bbox 1976 3980 3551 4051; baseline 0 -16"><span class='ocrx_word' id='word_1_616' title='bbox 1976 3980 2256 4050; x_wconf 88' lang='lat' dir='ltr'><strong>fortitudo,</strong></span> <span class='ocrx_word' id='word_1_617' title='bbox 2295 3992 2345 4035; x_wconf 90' lang='lat' dir='ltr'><strong>et</strong></span> <span class='ocrx_word' id='word_1_618' title='bbox 2389 3983 2442 4034; x_wconf 90' lang='lat' dir='ltr'><strong>in</strong></span> <span class='ocrx_word' id='word_1_619' title='bbox 2488 3981 2749 4051; x_wconf 83' lang='lat' dir='ltr'><strong>fructibus</strong></span> <span class='ocrx_word' id='word_1_620' title='bbox 2792 3983 2940 4050; x_wconf 88' lang='lat' dir='ltr'><strong>impii</strong></span> <span class='ocrx_word' id='word_1_621' title='bbox 2978 3983 3334 4035; x_wconf 83' lang='lat' dir='ltr'><strong>conturbatio.</strong></span> <span class='ocrx_word' id='word_1_622' title='bbox 3378 3980 3551 4035; x_wconf 87' lang='lat' dir='ltr'><strong>Labia</strong></span> 
     </span>
    </p>
   </div>
   <div class='ocr_carea' id='block_1_81' title="bbox 1977 4077 3551 4147">
    <p class='ocr_par' dir='ltr' id='par_1_81' title="bbox 1977 4077 3551 4147">
     <span class='ocr_line' id='line_1_82' title="bbox 1977 4077 3551 4147; baseline -0.001 -17"><span class='ocrx_word' id='word_1_623' title='bbox 1977 4079 2293 4144; x_wconf 86' lang='lat' dir='ltr'><strong>sapientium</strong></span> <span class='ocrx_word' id='word_1_624' title='bbox 2324 4077 2743 4130; x_wconf 86' lang='lat' dir='ltr'><strong>disseminabunt</strong></span> <span class='ocrx_word' id='word_1_625' title='bbox 2779 4078 3117 4147; x_wconf 83' lang='lat' dir='ltr'><strong>sapientiam,</strong></span> <span class='ocrx_word' id='word_1_626' title='bbox 3149 4093 3239 4130; x_wconf 86' lang='lat' dir='ltr'><strong>cor</strong></span> <span class='ocrx_word' id='word_1_627' title='bbox 3265 4078 3551 4130; x_wconf 88' lang='lat' dir='ltr'><strong>stultorum</strong></span> 
     </span>
    </p>
   </div>
   <div class='ocr_carea' id='block_1_82' title="bbox 1977 4168 3551 4237">
    <p class='ocr_par' dir='ltr' id='par_1_82' title="bbox 1977 4168 3551 4237">
     <span class='ocr_line' id='line_1_83' title="bbox 1977 4168 3551 4237; baseline -0.001 -14"><span class='ocrx_word' id='word_1_628' title='bbox 1977 4169 2237 4223; x_wconf 89' lang='lat' dir='ltr'><strong>dissimile</strong></span> <span class='ocrx_word' id='word_1_629' title='bbox 2264 4171 2385 4223; x_wconf 92' lang='lat' dir='ltr'><strong>erit.</strong></span> <span class='ocrx_word' id='word_1_630' title='bbox 2440 4168 2677 4223; x_wconf 76' lang='lat' dir='ltr'><strong>Victima:</strong></span> <span class='ocrx_word' id='word_1_631' title='bbox 2707 4170 2985 4237; x_wconf 77' lang='lat' dir='ltr'><strong>impiorum</strong></span> <span class='ocrx_word' id='word_1_632' title='bbox 3016 4169 3394 4222; x_wconf 81' lang='lat' dir='ltr'><strong>abominabiles</strong></span> <span class='ocrx_word' id='word_1_633' title='bbox 3427 4182 3551 4223; x_wconf 82' lang='lat' dir='ltr'><strong>sunt</strong></span> 
     </span>
    </p>
   </div>
   <div class='ocr_carea' id='block_1_83' title="bbox 1979 4263 3615 4334">
    <p class='ocr_par' dir='ltr' id='par_1_83' title="bbox 1979 4263 3615 4334">
     <span class='ocr_line' id='line_1_84' title="bbox 1979 4263 3615 4334; baseline 0.001 -17"><span class='ocrx_word' id='word_1_634' title='bbox 1979 4265 2223 4328; x_wconf 87' lang='lat' dir='ltr'><strong>Domino,</strong></span> <span class='ocrx_word' id='word_1_635' title='bbox 2251 4276 2373 4318; x_wconf 80' lang='lat' dir='ltr'><strong>vo&#39;a</strong></span> <span class='ocrx_word' id='word_1_636' title='bbox 2391 4265 2659 4334; x_wconf 85' lang='lat' dir='ltr'><strong>justorum</strong></span> <span class='ocrx_word' id='word_1_637' title='bbox 2689 4264 2996 4331; x_wconf 89' lang='lat' dir='ltr'><strong>placabilia.</strong></span> <span class='ocrx_word' id='word_1_638' title='bbox 3034 4263 3139 4329; x_wconf 90' lang='lat' dir='ltr'><strong>Qui</strong></span> <span class='ocrx_word' id='word_1_639' title='bbox 3178 4265 3415 4333; x_wconf 86' lang='lat' dir='ltr'><strong>sequitur</strong></span> <span class='ocrx_word' id='word_1_640' title='bbox 3455 4263 3555 4333; x_wconf 85' lang='lat' dir='ltr'><strong>ju-</strong></span> <span class='ocrx_word' id='word_1_641' title='bbox 3608 4300 3615 4306; x_wconf 88' lang='lat'><strong>-</strong></span> 
     </span>
    </p>
   </div>
   <div class='ocr_carea' id='block_1_84' title="bbox 296 4350 3554 4424">
    <p class='ocr_par' dir='ltr' id='par_1_84' title="bbox 296 4350 3554 4424">
     <span class='ocr_line' id='line_1_85' title="bbox 296 4350 3554 4424; baseline 0 -17"><span class='ocrx_word' id='word_1_642' title='bbox 296 4356 395 4407; x_wconf 88' lang='lat' dir='ltr'><strong>mei</strong></span> <span class='ocrx_word' id='word_1_643' title='bbox 428 4355 499 4415; x_wconf 75' lang='grc'><strong>⁸⁵,</strong></span> <span class='ocrx_word' id='word_1_644' title='bbox 559 4352 855 4422; x_wconf 85' lang='lat' dir='ltr'><strong>quisquam</strong></span> <span class='ocrx_word' id='word_1_645' title='bbox 907 4364 1187 4415; x_wconf 80' lang='lat' dir='ltr'><strong>evertere,</strong></span> <span class='ocrx_word' id='word_1_646' title='bbox 1245 4356 1538 4424; x_wconf 88' lang='lat' dir='ltr'><strong>persequi,</strong></span> <span class='ocrx_word' id='word_1_647' title='bbox 1588 4356 1871 4411; x_wconf 83' lang='lat' dir='ltr'><strong>destruere</strong></span> <span class='ocrx_word' id='word_1_648' title='bbox 1906 4350 1947 4403; x_wconf 87' lang='lat' dir='ltr'><strong>D</strong></span> <span class='ocrx_word' id='word_1_649' title='bbox 1977 4355 2202 4415; x_wconf 84' lang='lat' dir='ltr'><strong>stitiam,</strong></span> <span class='ocrx_word' id='word_1_650' title='bbox 2251 4353 2491 4423; x_wconf 86' lang='lat' dir='ltr'><strong>diligitur</strong></span> <span class='ocrx_word' id='word_1_651' title='bbox 2525 4372 2557 4406; x_wconf 92' lang='lat' dir='ltr'><strong>a</strong></span> <span class='ocrx_word' id='word_1_652' title='bbox 2606 4353 2834 4407; x_wconf 88' lang='lat' dir='ltr'><strong>Domino</strong></span> <span class='ocrx_word' id='word_1_653' title='bbox 2866 4353 2931 4407; x_wconf 80' lang='lat'><strong>“.</strong></span> <span class='ocrx_word' id='word_1_654' title='bbox 2990 4351 3118 4408; x_wconf 89' lang='lat' dir='ltr'><strong>Item</strong></span> <span class='ocrx_word' id='word_1_655' title='bbox 3167 4354 3341 4409; x_wconf 83' lang='lat' dir='ltr'><strong>alibi:</strong></span> <span class='ocrx_word' id='word_1_656' title='bbox 3385 4353 3554 4407; x_wconf 89' lang='lat' dir='ltr'><strong>Labia</strong></span> 
     </span>
    </p>
   </div>
   <div class='ocr_carea' id='block_1_85' title="bbox 294 4444 1870 4519">
    <p class='ocr_par' dir='ltr' id='par_1_85' title="bbox 294 4444 1870 4519">
     <span class='ocr_line' id='line_1_86' title="bbox 294 4444 1870 4519; baseline 0 -18"><span class='ocrx_word' id='word_1_657' title='bbox 294 4448 542 4501; x_wconf 87' lang='lat' dir='ltr'><strong>nitatur?</strong></span> <span class='ocrx_word' id='word_1_658' title='bbox 576 4444 811 4499; x_wconf 87' lang='lat' dir='ltr'><strong>Probata</strong></span> <span class='ocrx_word' id='word_1_659' title='bbox 843 4453 1022 4499; x_wconf 88' lang='lat' dir='ltr'><strong>autem</strong></span> <span class='ocrx_word' id='word_1_660' title='bbox 1067 4447 1241 4502; x_wconf 75' lang='lat' dir='ltr'><strong>virtus</strong></span> <span class='ocrx_word' id='word_1_661' title='bbox 1281 4456 1478 4517; x_wconf 84' lang='lat' dir='ltr'><strong>portat,</strong></span> <span class='ocrx_word' id='word_1_662' title='bbox 1524 4450 1783 4519; x_wconf 80' lang='lat' dir='ltr'><strong>protegit,</strong></span> <span class='ocrx_word' id='word_1_663' title='bbox 1816 4457 1870 4501; x_wconf 80' lang='lat' dir='ltr'><strong>et</strong></span> 
     </span>
    </p>
   </div>
   <div class='ocr_carea' id='block_1_86' title="bbox 294 4540 1866 4611">
    <p class='ocr_par' dir='ltr' id='par_1_86' title="bbox 294 4540 1866 4611">
     <span class='ocr_line' id='line_1_87' title="bbox 294 4540 1866 4611; baseline -0.002 -15"><span class='ocrx_word' id='word_1_664' title='bbox 294 4541 619 4596; x_wconf 88' lang='lat' dir='ltr'><strong>consolatur</strong></span> <span class='ocrx_word' id='word_1_665' title='bbox 677 4553 1009 4609; x_wconf 80' lang='lat' dir='ltr'><strong>oppressos,</strong></span> <span class='ocrx_word' id='word_1_666' title='bbox 1063 4549 1116 4595; x_wconf 90' lang='lat' dir='ltr'><strong>et</strong></span> <span class='ocrx_word' id='word_1_667' title='bbox 1168 4541 1327 4594; x_wconf 62' lang='lat' dir='ltr'><strong>docnt</strong></span> <span class='ocrx_word' id='word_1_668' title='bbox 1383 4542 1725 4611; x_wconf 83' lang='lat' dir='ltr'><strong>insipientes.</strong></span> <span class='ocrx_word' id='word_1_669' title='bbox 1773 4540 1866 4593; x_wconf 78' lang='lat' dir='ltr'><strong>Est</strong></span> 
     </span>
    </p>
   </div>
   <div class='ocr_carea' id='block_1_87' title="bbox 294 4630 1868 4700">
    <p class='ocr_par' dir='ltr' id='par_1_87' title="bbox 294 4630 1868 4700">
     <span class='ocr_line' id='line_1_88' title="bbox 294 4630 1868 4700; baseline -0.004 -12"><span class='ocrx_word' id='word_1_670' title='bbox 294 4634 431 4688; x_wconf 89' lang='lat' dir='ltr'><strong>enim</strong></span> <span class='ocrx_word' id='word_1_671' title='bbox 464 4633 611 4686; x_wconf 87' lang='lat' dir='ltr'><strong>testis</strong></span> <span class='ocrx_word' id='word_1_672' title='bbox 650 4631 870 4683; x_wconf 88' lang='lat' dir='ltr'><strong>humani</strong></span> <span class='ocrx_word' id='word_1_673' title='bbox 898 4630 1094 4695; x_wconf 84' lang='lat' dir='ltr'><strong>cordis,</strong></span> <span class='ocrx_word' id='word_1_674' title='bbox 1122 4641 1490 4700; x_wconf 63' lang='lat' dir='ltr'><strong>scrutator-que</strong></span> <span class='ocrx_word' id='word_1_675' title='bbox 1516 4647 1663 4684; x_wconf 85' lang='lat' dir='ltr'><strong>verus</strong></span> <span class='ocrx_word' id='word_1_676' title='bbox 1693 4631 1868 4700; x_wconf 81' lang='lat' dir='ltr'><strong>singu-</strong></span> 
     </span>
    </p>
   </div>
   <div class='ocr_carea' id='block_1_88' title="bbox 292 4723 1866 4792">
    <p class='ocr_par' dir='ltr' id='par_1_88' title="bbox 292 4723 1866 4792">
     <span class='ocr_line' id='line_1_89' title="bbox 292 4723 1866 4792; baseline -0.003 -13"><span class='ocrx_word' id='word_1_677' title='bbox 292 4724 468 4779; x_wconf 81' lang='lat' dir='ltr'><strong>larum</strong></span> <span class='ocrx_word' id='word_1_678' title='bbox 504 4723 967 4781; x_wconf 82' lang='lat' dir='ltr'><strong>conscientiarum,</strong></span> <span class='ocrx_word' id='word_1_679' title='bbox 1003 4733 1050 4775; x_wconf 91' lang='lat' dir='ltr'><strong>et</strong></span> <span class='ocrx_word' id='word_1_680' title='bbox 1080 4723 1379 4791; x_wconf 86' lang='lat' dir='ltr'><strong>linguarum</strong></span> <span class='ocrx_word' id='word_1_681' title='bbox 1409 4723 1737 4792; x_wconf 87' lang='lat' dir='ltr'><strong>singularum</strong></span> <span class='ocrx_word' id='word_1_682' title='bbox 1767 4740 1866 4775; x_wconf 65' lang='lat' dir='ltr'><strong>au»</strong></span> 
     </span>
    </p>
   </div>
   <div class='ocr_carea' id='block_1_89' title="bbox 292 4812 1868 4883">
    <p class='ocr_par' dir='ltr' id='par_1_89' title="bbox 292 4812 1868 4883">
     <span class='ocr_line' id='line_1_90' title="bbox 292 4812 1868 4883; baseline -0.001 -15"><span class='ocrx_word' id='word_1_683' title='bbox 292 4816 456 4879; x_wconf 87' lang='lat' dir='ltr'><strong>ditor,</strong></span> <span class='ocrx_word' id='word_1_684' title='bbox 489 4814 741 4883; x_wconf 84' lang='lat' dir='ltr'><strong>quoniam</strong></span> <span class='ocrx_word' id='word_1_685' title='bbox 768 4812 988 4880; x_wconf 86' lang='lat' dir='ltr'><strong>spiritus</strong></span> <span class='ocrx_word' id='word_1_686' title='bbox 1014 4813 1226 4864; x_wconf 89' lang='lat' dir='ltr'><strong>Domini</strong></span> <span class='ocrx_word' id='word_1_687' title='bbox 1256 4812 1470 4879; x_wconf 71' lang='lat' dir='ltr'><strong>replevit</strong></span> <span class='ocrx_word' id='word_1_688' title='bbox 1498 4813 1673 4865; x_wconf 88' lang='lat' dir='ltr'><strong>orbem</strong></span> <span class='ocrx_word' id='word_1_689' title='bbox 1705 4821 1868 4866; x_wconf 88' lang='lat' dir='ltr'><strong>terra-</strong></span> 
     </span>
    </p>
   </div>
   <div class='ocr_carea' id='block_1_90' title="bbox 291 4904 1867 4973">
    <p class='ocr_par' dir='ltr' id='par_1_90' title="bbox 291 4904 1867 4973">
     <span class='ocr_line' id='line_1_91' title="bbox 291 4904 1867 4973; baseline -0.003 -12"><span class='ocrx_word' id='word_1_690' title='bbox 291 4923 436 4970; x_wconf 87' lang='lat' dir='ltr'><strong>rum,</strong></span> <span class='ocrx_word' id='word_1_691' title='bbox 480 4915 530 4959; x_wconf 90' lang='lat' dir='ltr'><strong>et</strong></span> <span class='ocrx_word' id='word_1_692' title='bbox 583 4904 679 4956; x_wconf 89' lang='lat' dir='ltr'><strong>hoc</strong></span> <span class='ocrx_word' id='word_1_693' title='bbox 728 4904 865 4973; x_wconf 83' lang='lat' dir='ltr'><strong>quod</strong></span> <span class='ocrx_word' id='word_1_694' title='bbox 908 4906 1136 4957; x_wconf 88' lang='lat' dir='ltr'><strong>continet</strong></span> <span class='ocrx_word' id='word_1_695' title='bbox 1181 4905 1357 4957; x_wconf 88' lang='lat' dir='ltr'><strong>omnia</strong></span> <span class='ocrx_word' id='word_1_696' title='bbox 1404 4904 1679 4957; x_wconf 89' lang='lat' dir='ltr'><strong>scientiam</strong></span> <span class='ocrx_word' id='word_1_697' title='bbox 1714 4904 1867 4958; x_wconf 86' lang='lat' dir='ltr'><strong>habet</strong></span> 
     </span>
    </p>
   </div>
   <div class='ocr_carea' id='block_1_91' title="bbox 294 4994 1865 5066">
    <p class='ocr_par' dir='ltr' id='par_1_91' title="bbox 294 4994 1865 5066">
     <span class='ocr_line' id='line_1_92' title="bbox 294 4994 1865 5066; baseline -0.002 -13"><span class='ocrx_word' id='word_1_698' title='bbox 294 4999 433 5053; x_wconf 78' lang='lat' dir='ltr'><strong>uocis</strong></span> <span class='ocrx_word' id='word_1_699' title='bbox 459 4997 625 5050; x_wconf 74' lang='lat' dir='ltr'><strong>“.Et</strong></span> <span class='ocrx_word' id='word_1_700' title='bbox 660 4996 795 5050; x_wconf 86' lang='lat' dir='ltr'><strong>alias</strong></span> <span class='ocrx_word' id='word_1_701' title='bbox 836 4996 974 5050; x_wconf 87' lang='lat' dir='ltr'><strong>idem</strong></span> <span class='ocrx_word' id='word_1_702' title='bbox 1005 4996 1120 5066; x_wconf 81' lang='lat' dir='ltr'><strong>ipse</strong></span> <span class='ocrx_word' id='word_1_703' title='bbox 1168 4997 1278 5049; x_wconf 88' lang='lat' dir='ltr'><strong>ait:</strong></span> <span class='ocrx_word' id='word_1_704' title='bbox 1316 4994 1452 5049; x_wconf 87' lang='lat' dir='ltr'><strong>Deus</strong></span> <span class='ocrx_word' id='word_1_705' title='bbox 1487 4995 1722 5048; x_wconf 88' lang='lat' dir='ltr'><strong>charitas</strong></span> <span class='ocrx_word' id='word_1_706' title='bbox 1763 5005 1865 5052; x_wconf 88' lang='lat' dir='ltr'><strong>est.</strong></span> 
     </span>
    </p>
   </div>
   <div class='ocr_carea' id='block_1_92' title="bbox 295 5085 1867 5154">
    <p class='ocr_par' dir='ltr' id='par_1_92' title="bbox 295 5085 1867 5154">
     <span class='ocr_line' id='line_1_93' title="bbox 295 5085 1867 5154; baseline -0.001 -15"><span class='ocrx_word' id='word_1_707' title='bbox 295 5085 361 5139; x_wconf 78' lang='lat' dir='ltr'><strong>In</strong></span> <span class='ocrx_word' id='word_1_708' title='bbox 387 5090 484 5140; x_wconf 87' lang='lat' dir='ltr'><strong>hoc</strong></span> <span class='ocrx_word' id='word_1_709' title='bbox 525 5086 768 5153; x_wconf 83' lang='lat' dir='ltr'><strong>apparuit</strong></span> <span class='ocrx_word' id='word_1_710' title='bbox 799 5085 1034 5139; x_wconf 86' lang='lat' dir='ltr'><strong>charitas</strong></span> <span class='ocrx_word' id='word_1_711' title='bbox 1076 5085 1168 5139; x_wconf 89' lang='lat' dir='ltr'><strong>Dei</strong></span> <span class='ocrx_word' id='word_1_712' title='bbox 1196 5086 1252 5138; x_wconf 84' lang='lat' dir='ltr'><strong>in</strong></span> <span class='ocrx_word' id='word_1_713' title='bbox 1277 5085 1449 5150; x_wconf 89' lang='lat' dir='ltr'><strong>nobis,</strong></span> <span class='ocrx_word' id='word_1_714' title='bbox 1480 5086 1731 5154; x_wconf 90' lang='lat' dir='ltr'><strong>quoniam</strong></span> <span class='ocrx_word' id='word_1_715' title='bbox 1768 5085 1867 5137; x_wconf 84' lang='lat' dir='ltr'><strong>Fi-</strong></span> 
     </span>
    </p>
   </div>
   <div class='ocr_carea' id='block_1_93' title="bbox 296 5176 1865 5244">
    <p class='ocr_par' dir='ltr' id='par_1_93' title="bbox 296 5176 1865 5244">
     <span class='ocr_line' id='line_1_94' title="bbox 296 5176 1865 5244; baseline 0 -16"><span class='ocrx_word' id='word_1_716' title='bbox 296 5177 423 5230; x_wconf 90' lang='lat' dir='ltr'><strong>lium</strong></span> <span class='ocrx_word' id='word_1_717' title='bbox 454 5192 608 5230; x_wconf 88' lang='lat' dir='ltr'><strong>suum</strong></span> <span class='ocrx_word' id='word_1_718' title='bbox 656 5176 982 5244; x_wconf 82' lang='lat' dir='ltr'><strong>unigenitum</strong></span> <span class='ocrx_word' id='word_1_719' title='bbox 1026 5177 1167 5229; x_wconf 90' lang='lat' dir='ltr'><strong>misit</strong></span> <span class='ocrx_word' id='word_1_720' title='bbox 1209 5176 1349 5230; x_wconf 85' lang='lat' dir='ltr'><strong>Deus</strong></span> <span class='ocrx_word' id='word_1_721' title='bbox 1389 5177 1444 5230; x_wconf 88' lang='lat' dir='ltr'><strong>in</strong></span> <span class='ocrx_word' id='word_1_722' title='bbox 1481 5176 1766 5242; x_wconf 89' lang='lat' dir='ltr'><strong>mundum,</strong></span> <span class='ocrx_word' id='word_1_723' title='bbox 1808 5187 1865 5229; x_wconf 91' lang='lat' dir='ltr'><strong>ut</strong></span> 
     </span>
    </p>
   </div>
   <div class='ocr_carea' id='block_1_94' title="bbox 295 5266 1868 5339">
    <p class='ocr_par' dir='ltr' id='par_1_94' title="bbox 295 5266 1868 5339">
     <span class='ocr_line' id='line_1_95' title="bbox 295 5266 1868 5339; baseline -0.001 -17"><span class='ocrx_word' id='word_1_724' title='bbox 295 5271 531 5323; x_wconf 79' lang='lat' dir='ltr'><strong>vivamus</strong></span> <span class='ocrx_word' id='word_1_725' title='bbox 564 5283 655 5336; x_wconf 88' lang='lat' dir='ltr'><strong>per</strong></span> <span class='ocrx_word' id='word_1_726' title='bbox 674 5283 814 5321; x_wconf 89' lang='lat' dir='ltr'><strong>eum.</strong></span> <span class='ocrx_word' id='word_1_727' title='bbox 842 5266 908 5320; x_wconf 90' lang='lat' dir='ltr'><strong>In</strong></span> <span class='ocrx_word' id='word_1_728' title='bbox 936 5268 1031 5321; x_wconf 91' lang='lat' dir='ltr'><strong>hoc</strong></span> <span class='ocrx_word' id='word_1_729' title='bbox 1061 5279 1136 5321; x_wconf 87' lang='lat' dir='ltr'><strong>est</strong></span> <span class='ocrx_word' id='word_1_730' title='bbox 1177 5269 1434 5332; x_wconf 78' lang='lat' dir='ltr'><strong>Charitas,</strong></span> <span class='ocrx_word' id='word_1_731' title='bbox 1460 5286 1564 5323; x_wconf 88' lang='lat' dir='ltr'><strong>non</strong></span> <span class='ocrx_word' id='word_1_732' title='bbox 1594 5270 1749 5339; x_wconf 89' lang='lat' dir='ltr'><strong>quasi</strong></span> <span class='ocrx_word' id='word_1_733' title='bbox 1775 5284 1868 5321; x_wconf 88' lang='lat' dir='ltr'><strong>nos</strong></span> 
     </span>
    </p>
   </div>
   <div class='ocr_carea' id='block_1_95' title="bbox 293 5360 1869 5431">
    <p class='ocr_par' dir='ltr' id='par_1_95' title="bbox 293 5360 1869 5431">
     <span class='ocr_line' id='line_1_96' title="bbox 293 5360 1869 5431; baseline -0.002 -15"><span class='ocrx_word' id='word_1_734' title='bbox 293 5362 636 5417; x_wconf 74' lang='lat' dir='ltr'><strong>dilexerimus</strong></span> <span class='ocrx_word' id='word_1_735' title='bbox 666 5360 855 5423; x_wconf 89' lang='lat' dir='ltr'><strong>Deum,</strong></span> <span class='ocrx_word' id='word_1_736' title='bbox 907 5360 997 5414; x_wconf 90' lang='lat' dir='ltr'><strong>sed</strong></span> <span class='ocrx_word' id='word_1_737' title='bbox 1044 5364 1296 5431; x_wconf 89' lang='lat' dir='ltr'><strong>quoniam</strong></span> <span class='ocrx_word' id='word_1_738' title='bbox 1334 5363 1445 5429; x_wconf 84' lang='lat' dir='ltr'><strong>ipse</strong></span> <span class='ocrx_word' id='word_1_739' title='bbox 1487 5362 1634 5425; x_wconf 84' lang='lat' dir='ltr'><strong>prior</strong></span> <span class='ocrx_word' id='word_1_740' title='bbox 1683 5361 1869 5415; x_wconf 78' lang='lat' dir='ltr'><strong>dilexit</strong></span> 
     </span>
    </p>
   </div>
   <div class='ocr_carea' id='block_1_96' title="bbox 296 5452 1867 5524">
    <p class='ocr_par' dir='ltr' id='par_1_96' title="bbox 296 5452 1867 5524">
     <span class='ocr_line' id='line_1_97' title="bbox 296 5452 1867 5524; baseline -0.003 -13"><span class='ocrx_word' id='word_1_741' title='bbox 296 5473 415 5521; x_wconf 87' lang='lat' dir='ltr'><strong>nos,</strong></span> <span class='ocrx_word' id='word_1_742' title='bbox 438 5469 489 5509; x_wconf 91' lang='lat' dir='ltr'><strong>et</strong></span> <span class='ocrx_word' id='word_1_743' title='bbox 520 5454 667 5508; x_wconf 89' lang='lat' dir='ltr'><strong>misit</strong></span> <span class='ocrx_word' id='word_1_744' title='bbox 698 5452 747 5506; x_wconf 86' lang='lat' dir='ltr'><em>F</em></span> <span class='ocrx_word' id='word_1_745' title='bbox 751 5454 904 5507; x_wconf 90' lang='lat' dir='ltr'><strong>ilium</strong></span> <span class='ocrx_word' id='word_1_746' title='bbox 934 5470 1089 5507; x_wconf 87' lang='lat' dir='ltr'><strong>suum</strong></span> <span class='ocrx_word' id='word_1_747' title='bbox 1128 5454 1558 5523; x_wconf 84' lang='lat' dir='ltr'><strong>propitiationem</strong></span> <span class='ocrx_word' id='word_1_748' title='bbox 1597 5470 1693 5522; x_wconf 88' lang='lat' dir='ltr'><strong>pro</strong></span> <span class='ocrx_word' id='word_1_749' title='bbox 1743 5470 1867 5524; x_wconf 89' lang='lat' dir='ltr'><strong>pec-</strong></span> 
     </span>
    </p>
   </div>
   <div class='ocr_carea' id='block_1_97' title="bbox 368 5617 1401 5685">
    <p class='ocr_par' dir='ltr' id='par_1_97' title="bbox 368 5617 1401 5685">
     <span class='ocr_line' id='line_1_98' title="bbox 368 5617 1401 5685; baseline -0.004 -10"><span class='ocrx_word' id='word_1_750' title='bbox 368 5622 408 5653; x_wconf 81' lang='grc'><strong>⁶¹</strong></span> <span class='ocrx_word' id='word_1_751' title='bbox 452 5621 587 5677; x_wconf 82' lang='lat' dir='ltr'><strong>Luc.</strong></span> <span class='ocrx_word' id='word_1_752' title='bbox 626 5636 715 5685; x_wconf 83' lang='grc' dir='ltr'><strong>ιιι,</strong></span> <span class='ocrx_word' id='word_1_753' title='bbox 753 5620 841 5674; x_wconf 61' lang='lat' dir='ltr'><strong>Ii.</strong></span> <span class='ocrx_word' id='word_1_754' title='bbox 921 5620 983 5661; x_wconf 65' lang='grc' dir='ltr'><strong>ρ⁶¹</strong></span> <span class='ocrx_word' id='word_1_755' title='bbox 1023 5617 1199 5673; x_wconf 87' lang='lat' dir='ltr'><strong>Galat.</strong></span> <span class='ocrx_word' id='word_1_756' title='bbox 1232 5635 1315 5677; x_wconf 79' lang='lat' dir='ltr'><strong>Vl,</strong></span> <span class='ocrx_word' id='word_1_757' title='bbox 1353 5620 1401 5671; x_wconf 87' lang='lat' dir='ltr'><strong>I.</strong></span> 
     </span>
    </p>
   </div>
   <div class='ocr_carea' id='block_1_98' title="bbox 295 5687 1754 5758">
    <p class='ocr_par' dir='ltr' id='par_1_98' title="bbox 295 5687 1754 5758">
     <span class='ocr_line' id='line_1_99' title="bbox 295 5687 1754 5758; baseline -0.003 -10"><span class='ocrx_word' id='word_1_758' title='bbox 295 5691 366 5758; x_wconf 76' lang='grc'><strong>6,</strong></span> <span class='ocrx_word' id='word_1_759' title='bbox 402 5692 457 5747; x_wconf 87' lang='grc'><strong>7.</strong></span> <span class='ocrx_word' id='word_1_760' title='bbox 552 5693 592 5723; x_wconf 81' lang='grc'><strong>⁸⁷</strong></span> <span class='ocrx_word' id='word_1_761' title='bbox 631 5693 646 5745; x_wconf 97' lang='lat' dir='ltr'><strong>I</strong></span> <span class='ocrx_word' id='word_1_762' title='bbox 683 5691 840 5745; x_wconf 82' lang='lat' dir='ltr'><strong>Joan.</strong></span> <span class='ocrx_word' id='word_1_763' title='bbox 883 5706 956 5750; x_wconf 87' lang='lat' dir='ltr'><strong>tv,</strong></span> <span class='ocrx_word' id='word_1_764' title='bbox 992 5689 1148 5743; x_wconf 71' lang='lat'><strong>9-21.</strong></span> <span class='ocrx_word' id='word_1_765' title='bbox 1225 5692 1269 5720; x_wconf 75' lang='grc'><strong>⁸⁸</strong></span> <span class='ocrx_word' id='word_1_766' title='bbox 1311 5687 1471 5744; x_wconf 87' lang='lat' dir='ltr'><strong>Prov.</strong></span> <span class='ocrx_word' id='word_1_767' title='bbox 1512 5705 1601 5753; x_wconf 83' lang='lat' dir='ltr'><strong>xv,</strong></span> <span class='ocrx_word' id='word_1_768' title='bbox 1634 5690 1754 5744; x_wconf 75' lang='lat'><strong>2-9.</strong></span> 
     </span>
    </p>
   </div>
   <div class='ocr_carea' id='block_1_99' title="bbox 614 5782 1366 5844">
    <p class='ocr_par' dir='ltr' id='par_1_99' title="bbox 614 5782 1366 5844">
     <span class='ocr_line' id='line_1_100' title="bbox 614 5782 1366 5844; baseline -0.001 0"><span class='ocrx_word' id='word_1_769' title='bbox 614 5785 888 5844; x_wconf 75' lang='grc' dir='ltr'><strong>Ριιτιιοι..</strong></span> <span class='ocrx_word' id='word_1_770' title='bbox 922 5782 1038 5842; x_wconf 83' lang='lat' dir='ltr'><strong>Gn.</strong></span> <span class='ocrx_word' id='word_1_771' title='bbox 1072 5782 1366 5843; x_wconf 75' lang='lat' dir='ltr'><strong>XXVIII.</strong></span> 
     </span>
    </p>
   </div>
   <div class='ocr_carea' id='block_1_100' title="bbox 1503 5618 2106 5679">
    <p class='ocr_par' dir='ltr' id='par_1_100' title="bbox 1503 5618 2106 5679">
     <span class='ocr_line' id='line_1_101' title="bbox 1503 5618 2106 5679; baseline 0.007 -8"><span class='ocrx_word' id='word_1_772' title='bbox 1503 5619 1547 5650; x_wconf 68' lang='grc' dir='ltr'>υ</span> <span class='ocrx_word' id='word_1_773' title='bbox 1585 5618 1605 5672; x_wconf 89' lang='grc'><strong>1</strong></span> <span class='ocrx_word' id='word_1_774' title='bbox 1642 5618 1785 5674; x_wconf 89' lang='lat' dir='ltr'><strong>Petr.</strong></span> <span class='ocrx_word' id='word_1_775' title='bbox 1823 5618 2106 5679; x_wconf 63' lang='lat' dir='ltr'><strong>nus-12.</strong></span> 
     </span>
    </p>
   </div>
   <div class='ocr_carea' id='block_1_101' title="bbox 1831 5689 2636 5758">
    <p class='ocr_par' dir='ltr' id='par_1_101' title="bbox 1831 5689 2636 5758">
     <span class='ocr_line' id='line_1_102' title="bbox 1831 5689 2636 5758; baseline -0.004 -12"><span class='ocrx_word' id='word_1_776' title='bbox 1831 5691 1875 5721; x_wconf 80' lang='lat'>&quot;</span> <span class='ocrx_word' id='word_1_777' title='bbox 1905 5689 2077 5753; x_wconf 80' lang='lat' dir='ltr'><strong>Prov.</strong></span> <span class='ocrx_word' id='word_1_778' title='bbox 2114 5705 2146 5743; x_wconf 73' lang='grc' dir='ltr'><strong>ι</strong></span> <span class='ocrx_word' id='word_1_779' title='bbox 2173 5730 2188 5758; x_wconf 84' lang='grc'><em>,</em></span> <span class='ocrx_word' id='word_1_780' title='bbox 2225 5690 2328 5756; x_wconf 79' lang='lat'><strong>5&#39;2;</strong></span> <span class='ocrx_word' id='word_1_781' title='bbox 2369 5708 2443 5755; x_wconf 70' lang='lat' dir='ltr'><strong>XI,</strong></span> <span class='ocrx_word' id='word_1_782' title='bbox 2482 5690 2636 5745; x_wconf 75' lang='lat'><strong>5-11.</strong></span> 
     </span>
    </p>
   </div>
   <div class='ocr_carea' id='block_1_102' title="bbox 1970 4445 3553 4514">
    <p class='ocr_par' dir='ltr' id='par_1_102' title="bbox 1970 4445 3553 4514">
     <span class='ocr_line' id='line_1_103' title="bbox 1970 4445 3553 4514; baseline 0.002 -16"><span class='ocrx_word' id='word_1_783' title='bbox 1970 4447 2109 4514; x_wconf 85' lang='lat' dir='ltr'><strong>justi</strong></span> <span class='ocrx_word' id='word_1_784' title='bbox 2165 4446 2501 4499; x_wconf 86' lang='lat' dir='ltr'><strong>considerant</strong></span> <span class='ocrx_word' id='word_1_785' title='bbox 2555 4446 2789 4513; x_wconf 89' lang='lat' dir='ltr'><strong>placida,</strong></span> <span class='ocrx_word' id='word_1_786' title='bbox 2843 4461 2900 4499; x_wconf 90' lang='lat' dir='ltr'><strong>os</strong></span> <span class='ocrx_word' id='word_1_787' title='bbox 2950 4445 3232 4513; x_wconf 84' lang='lat' dir='ltr'><strong>impiorum</strong></span> <span class='ocrx_word' id='word_1_788' title='bbox 3290 4462 3553 4514; x_wconf 86' lang='lat' dir='ltr'><strong>perversa.</strong></span> 
     </span>
    </p>
   </div>
   <div class='ocr_carea' id='block_1_103' title="bbox 1977 4537 3555 4607">
    <p class='ocr_par' dir='ltr' id='par_1_103' title="bbox 1977 4537 3555 4607">
     <span class='ocr_line' id='line_1_104' title="bbox 1977 4537 3555 4607; baseline -0.001 -16"><span class='ocrx_word' id='word_1_789' title='bbox 1977 4538 2303 4605; x_wconf 81' lang='lat' dir='ltr'><strong>Simplicitas</strong></span> <span class='ocrx_word' id='word_1_790' title='bbox 2323 4538 2594 4607; x_wconf 82' lang='lat' dir='ltr'><strong>justorum</strong></span> <span class='ocrx_word' id='word_1_791' title='bbox 2615 4537 2803 4606; x_wconf 88' lang='lat' dir='ltr'><strong>diriget</strong></span> <span class='ocrx_word' id='word_1_792' title='bbox 2832 4556 2940 4596; x_wconf 88' lang='lat' dir='ltr'><strong>eos.</strong></span> <span class='ocrx_word' id='word_1_793' title='bbox 2968 4547 3016 4590; x_wconf 92' lang='lat' dir='ltr'><strong>et</strong></span> <span class='ocrx_word' id='word_1_794' title='bbox 3046 4538 3406 4605; x_wconf 82' lang='lat' dir='ltr'><strong>supplantatio</strong></span> <span class='ocrx_word' id='word_1_795' title='bbox 3436 4554 3555 4604; x_wconf 80' lang='lat' dir='ltr'><strong>per-</strong></span> 
     </span>
    </p>
   </div>
   <div class='ocr_carea' id='block_1_104' title="bbox 1975 4628 3554 4684">
    <p class='ocr_par' dir='ltr' id='par_1_104' title="bbox 1975 4628 3554 4684">
     <span class='ocr_line' id='line_1_105' title="bbox 1975 4628 3554 4684; baseline -0.001 0"><span class='ocrx_word' id='word_1_796' title='bbox 1975 4645 2243 4684; x_wconf 69' lang='lat' dir='ltr'><strong>tversorum</strong></span> <span class='ocrx_word' id='word_1_797' title='bbox 2283 4629 2509 4682; x_wconf 86' lang='lat' dir='ltr'><strong>vastabit</strong></span> <span class='ocrx_word' id='word_1_798' title='bbox 2550 4629 2694 4683; x_wconf 87' lang='lat' dir='ltr'><strong>illos.</strong></span> <span class='ocrx_word' id='word_1_799' title='bbox 2736 4628 2963 4682; x_wconf 85' lang='lat' dir='ltr'><strong>Justitia</strong></span> <span class='ocrx_word' id='word_1_800' title='bbox 3005 4636 3266 4680; x_wconf 84' lang='lat' dir='ltr'><strong>rectorum</strong></span> <span class='ocrx_word' id='word_1_801' title='bbox 3311 4629 3554 4683; x_wconf 86' lang='lat' dir='ltr'><strong>liberabit</strong></span> 
     </span>
    </p>
   </div>
   <div class='ocr_carea' id='block_1_105' title="bbox 1972 4717 3554 4788">
    <p class='ocr_par' dir='ltr' id='par_1_105' title="bbox 1972 4717 3554 4788">
     <span class='ocr_line' id='line_1_106' title="bbox 1972 4717 3554 4788; baseline -0.001 -12"><span class='ocrx_word' id='word_1_802' title='bbox 1972 4739 2082 4785; x_wconf 77' lang='lat' dir='ltr'><strong>eos,</strong></span> <span class='ocrx_word' id='word_1_803' title='bbox 2114 4731 2163 4776; x_wconf 89' lang='lat' dir='ltr'><strong>et</strong></span> <span class='ocrx_word' id='word_1_804' title='bbox 2191 4723 2243 4774; x_wconf 89' lang='lat' dir='ltr'><strong>in</strong></span> <span class='ocrx_word' id='word_1_805' title='bbox 2268 4722 2475 4774; x_wconf 86' lang='lat' dir='ltr'><strong>insidiis</strong></span> <span class='ocrx_word' id='word_1_806' title='bbox 2500 4722 2612 4773; x_wconf 87' lang='lat' dir='ltr'><strong>suis</strong></span> <span class='ocrx_word' id='word_1_807' title='bbox 2634 4722 2907 4788; x_wconf 85' lang='lat' dir='ltr'><strong>capientur</strong></span> <span class='ocrx_word' id='word_1_808' title='bbox 2928 4721 3114 4787; x_wconf 89' lang='lat' dir='ltr'><strong>iniqui.</strong></span> <span class='ocrx_word' id='word_1_809' title='bbox 3146 4717 3338 4774; x_wconf 85' lang='lat' dir='ltr'><strong>Justus</strong></span> <span class='ocrx_word' id='word_1_810' title='bbox 3367 4720 3430 4773; x_wconf 89' lang='lat' dir='ltr'><strong>de</strong></span> <span class='ocrx_word' id='word_1_811' title='bbox 3455 4738 3554 4774; x_wconf 88' lang='lat' dir='ltr'><strong>an-</strong></span> 
     </span>
    </p>
   </div>
   <div class='ocr_carea' id='block_1_106' title="bbox 1974 4812 3556 4886">
    <p class='ocr_par' dir='ltr' id='par_1_106' title="bbox 1974 4812 3556 4886">
     <span class='ocr_line' id='line_1_107' title="bbox 1974 4812 3556 4886; baseline -0.001 -19"><span class='ocrx_word' id='word_1_812' title='bbox 1974 4817 2151 4886; x_wconf 88' lang='lat' dir='ltr'><strong>gustia</strong></span> <span class='ocrx_word' id='word_1_813' title='bbox 2186 4814 2514 4872; x_wconf 88' lang='lat' dir='ltr'><strong>liberabitur.</strong></span> <span class='ocrx_word' id='word_1_814' title='bbox 2552 4823 2601 4867; x_wconf 90' lang='lat' dir='ltr'><strong>et</strong></span> <span class='ocrx_word' id='word_1_815' title='bbox 2646 4814 2885 4866; x_wconf 88' lang='lat' dir='ltr'><strong>tradetur</strong></span> <span class='ocrx_word' id='word_1_816' title='bbox 2910 4813 3105 4879; x_wconf 88' lang='lat' dir='ltr'><strong>impius</strong></span> <span class='ocrx_word' id='word_1_817' title='bbox 3132 4827 3227 4880; x_wconf 86' lang='lat' dir='ltr'><strong>pro</strong></span> <span class='ocrx_word' id='word_1_818' title='bbox 3257 4830 3337 4868; x_wconf 88' lang='lat' dir='ltr'><strong>eo.</strong></span> <span class='ocrx_word' id='word_1_819' title='bbox 3372 4812 3556 4867; x_wconf 83' lang='lat' dir='ltr'><strong>Simu-</strong></span> 
     </span>
    </p>
   </div>
   <div class='ocr_carea' id='block_1_107' title="bbox 1975 4904 3554 4974">
    <p class='ocr_par' dir='ltr' id='par_1_107' title="bbox 1975 4904 3554 4974">
     <span class='ocr_line' id='line_1_108' title="bbox 1975 4904 3554 4974; baseline 0.001 -16"><span class='ocrx_word' id='word_1_820' title='bbox 1975 4907 2117 4960; x_wconf 89' lang='lat' dir='ltr'><strong>lator</strong></span> <span class='ocrx_word' id='word_1_821' title='bbox 2143 4921 2232 4959; x_wconf 90' lang='lat' dir='ltr'><strong>ore</strong></span> <span class='ocrx_word' id='word_1_822' title='bbox 2260 4905 2451 4974; x_wconf 83' lang='lat' dir='ltr'><strong>decipit</strong></span> <span class='ocrx_word' id='word_1_823' title='bbox 2483 4906 2713 4959; x_wconf 89' lang='lat' dir='ltr'><strong>amicum</strong></span> <span class='ocrx_word' id='word_1_824' title='bbox 2760 4922 2935 4971; x_wconf 85' lang='lat' dir='ltr'><strong>suum,</strong></span> <span class='ocrx_word' id='word_1_825' title='bbox 2971 4905 3110 4973; x_wconf 84' lang='lat' dir='ltr'><strong>justi</strong></span> <span class='ocrx_word' id='word_1_826' title='bbox 3136 4914 3312 4959; x_wconf 90' lang='lat' dir='ltr'><strong>autem</strong></span> <span class='ocrx_word' id='word_1_827' title='bbox 3358 4904 3554 4960; x_wconf 85' lang='lat' dir='ltr'><strong>libera-</strong></span> 
     </span>
    </p>
   </div>
   <div class='ocr_carea' id='block_1_108' title="bbox 1974 4994 3551 5065">
    <p class='ocr_par' dir='ltr' id='par_1_108' title="bbox 1974 4994 3551 5065">
     <span class='ocr_line' id='line_1_109' title="bbox 1974 4994 3551 5065; baseline 0.001 -15"><span class='ocrx_word' id='word_1_828' title='bbox 1974 4997 2169 5050; x_wconf 89' lang='lat' dir='ltr'><strong>buntur</strong></span> <span class='ocrx_word' id='word_1_829' title='bbox 2192 4998 2429 5052; x_wconf 86' lang='lat' dir='ltr'><strong>scientia.</strong></span> <span class='ocrx_word' id='word_1_830' title='bbox 2459 4994 2524 5048; x_wconf 87' lang='lat' dir='ltr'><strong>In</strong></span> <span class='ocrx_word' id='word_1_831' title='bbox 2546 4996 2696 5049; x_wconf 90' lang='lat' dir='ltr'><strong>bonis</strong></span> <span class='ocrx_word' id='word_1_832' title='bbox 2710 4996 2979 5065; x_wconf 82' lang='lat' dir='ltr'><strong>justorum</strong></span> <span class='ocrx_word' id='word_1_833' title='bbox 2998 4996 3326 5051; x_wconf 72' lang='lat' dir='ltr'><strong>exaltabitur</strong></span> <span class='ocrx_word' id='word_1_834' title='bbox 3341 4997 3551 5063; x_wconf 81' lang='lat' dir='ltr'><strong>civitas,</strong></span> 
     </span>
    </p>
   </div>
   <div class='ocr_carea' id='block_1_109' title="bbox 1974 5088 3549 5158">
    <p class='ocr_par' dir='ltr' id='par_1_109' title="bbox 1974 5088 3549 5158">
     <span class='ocr_line' id='line_1_110' title="bbox 1974 5088 3549 5158; baseline 0.002 -17"><span class='ocrx_word' id='word_1_835' title='bbox 1974 5098 2022 5141; x_wconf 91' lang='lat' dir='ltr'><strong>et</strong></span> <span class='ocrx_word' id='word_1_836' title='bbox 2060 5089 2116 5141; x_wconf 87' lang='lat' dir='ltr'><strong>in</strong></span> <span class='ocrx_word' id='word_1_837' title='bbox 2146 5090 2438 5158; x_wconf 85' lang='lat' dir='ltr'><strong>perditione</strong></span> <span class='ocrx_word' id='word_1_838' title='bbox 2468 5089 2749 5154; x_wconf 85' lang='lat' dir='ltr'><strong>impiorum</strong></span> <span class='ocrx_word' id='word_1_839' title='bbox 2798 5091 2898 5142; x_wconf 86' lang='lat' dir='ltr'><strong>erit</strong></span> <span class='ocrx_word' id='word_1_840' title='bbox 2931 5088 3194 5142; x_wconf 87' lang='lat' dir='ltr'><strong>laudatio.</strong></span> <span class='ocrx_word' id='word_1_841' title='bbox 3240 5089 3307 5143; x_wconf 87' lang='lat' dir='ltr'><strong>In</strong></span> <span class='ocrx_word' id='word_1_842' title='bbox 3347 5089 3549 5144; x_wconf 86' lang='lat' dir='ltr'><strong>benedi-</strong></span> 
     </span>
    </p>
   </div>
   <div class='ocr_carea' id='block_1_110' title="bbox 1977 5180 3552 5250">
    <p class='ocr_par' dir='ltr' id='par_1_110' title="bbox 1977 5180 3552 5250">
     <span class='ocr_line' id='line_1_111' title="bbox 1977 5180 3552 5250; baseline 0.002 -16"><span class='ocrx_word' id='word_1_843' title='bbox 1977 5182 2145 5234; x_wconf 89' lang='lat' dir='ltr'><strong>ctione</strong></span> <span class='ocrx_word' id='word_1_844' title='bbox 2172 5180 2442 5250; x_wconf 87' lang='lat' dir='ltr'><strong>justorum</strong></span> <span class='ocrx_word' id='word_1_845' title='bbox 2478 5181 2806 5237; x_wconf 75' lang='lat' dir='ltr'><strong>exaltabitur</strong></span> <span class='ocrx_word' id='word_1_846' title='bbox 2839 5181 3047 5243; x_wconf 73' lang='lat' dir='ltr'><strong>civitas,</strong></span> <span class='ocrx_word' id='word_1_847' title='bbox 3078 5190 3126 5234; x_wconf 88' lang='lat' dir='ltr'><strong>et</strong></span> <span class='ocrx_word' id='word_1_848' title='bbox 3164 5182 3218 5234; x_wconf 86' lang='lat' dir='ltr'><strong>in</strong></span> <span class='ocrx_word' id='word_1_849' title='bbox 3251 5199 3339 5236; x_wconf 87' lang='lat' dir='ltr'><strong>ore</strong></span> <span class='ocrx_word' id='word_1_850' title='bbox 3366 5182 3552 5249; x_wconf 88' lang='lat' dir='ltr'><strong>impio-</strong></span> 
     </span>
    </p>
   </div>
   <div class='ocr_carea' id='block_1_111' title="bbox 1978 5272 3553 5345">
    <p class='ocr_par' dir='ltr' id='par_1_111' title="bbox 1978 5272 3553 5345">
     <span class='ocr_line' id='line_1_112' title="bbox 1978 5272 3553 5345; baseline 0.003 -19"><span class='ocrx_word' id='word_1_851' title='bbox 1978 5290 2097 5326; x_wconf 86' lang='lat' dir='ltr'><strong>rum</strong></span> <span class='ocrx_word' id='word_1_852' title='bbox 2134 5272 2459 5327; x_wconf 84' lang='lat' dir='ltr'><strong>subvertetur</strong></span> <span class='ocrx_word' id='word_1_853' title='bbox 2495 5273 2560 5325; x_wconf 82' lang='lat'><strong>&quot;.</strong></span> <span class='ocrx_word' id='word_1_854' title='bbox 2607 5272 2717 5327; x_wconf 86' lang='lat' dir='ltr'><strong>Nec</strong></span> <span class='ocrx_word' id='word_1_855' title='bbox 2768 5272 3152 5338; x_wconf 84' lang='lat' dir='ltr'><strong>consideratis,</strong></span> <span class='ocrx_word' id='word_1_856' title='bbox 3210 5275 3302 5345; x_wconf 89' lang='lat' dir='ltr'><strong>qui</strong></span> <span class='ocrx_word' id='word_1_857' title='bbox 3356 5274 3553 5331; x_wconf 81' lang='lat' dir='ltr'><strong>fratres</strong></span> 
     </span>
    </p>
   </div>
   <div class='ocr_carea' id='block_1_112' title="bbox 1979 5364 3555 5437">
    <p class='ocr_par' dir='ltr' id='par_1_112' title="bbox 1979 5364 3555 5437">
     <span class='ocr_line' id='line_1_113' title="bbox 1979 5364 3555 5437; baseline 0.005 -20"><span class='ocrx_word' id='word_1_858' title='bbox 1979 5365 2235 5435; x_wconf 87' lang='lat' dir='ltr'><strong>persequi</strong></span> <span class='ocrx_word' id='word_1_859' title='bbox 2280 5381 2388 5420; x_wconf 92' lang='lat' dir='ltr'><strong>non</strong></span> <span class='ocrx_word' id='word_1_860' title='bbox 2429 5366 2683 5427; x_wconf 87' lang='lat' dir='ltr'><strong>cessatis,</strong></span> <span class='ocrx_word' id='word_1_861' title='bbox 2733 5366 2917 5435; x_wconf 89' lang='lat' dir='ltr'><strong>qualia</strong></span> <span class='ocrx_word' id='word_1_862' title='bbox 2966 5364 3071 5421; x_wconf 79' lang='lat' dir='ltr'><strong>Job</strong></span> <span class='ocrx_word' id='word_1_863' title='bbox 3121 5368 3555 5437; x_wconf 85' lang='lat' dir='ltr'><strong>patientissimus</strong></span> 
     </span>
    </p>
   </div>
   <div class='ocr_carea' id='block_1_113' title="bbox 1978 5457 3556 5528">
    <p class='ocr_par' dir='ltr' id='par_1_113' title="bbox 1978 5457 3556 5528">
     <span class='ocr_line' id='line_1_114' title="bbox 1978 5457 3556 5528; baseline 0.006 -20"><span class='ocrx_word' id='word_1_864' title='bbox 1978 5458 2122 5509; x_wconf 90' lang='lat' dir='ltr'><strong>inter</strong></span> <span class='ocrx_word' id='word_1_865' title='bbox 2149 5464 2343 5511; x_wconf 75' lang='lat' dir='ltr'><strong>caetera</strong></span> <span class='ocrx_word' id='word_1_866' title='bbox 2376 5471 2630 5522; x_wconf 84' lang='lat' dir='ltr'><strong>exorsus,</strong></span> <span class='ocrx_word' id='word_1_867' title='bbox 2667 5457 2911 5528; x_wconf 90' lang='lat' dir='ltr'><strong>loquitur</strong></span> <span class='ocrx_word' id='word_1_868' title='bbox 2943 5476 2957 5511; x_wconf 86' lang='lat'><strong>:</strong></span> <span class='ocrx_word' id='word_1_869' title='bbox 2987 5458 3149 5513; x_wconf 81' lang='lat' dir='ltr'><strong>Auris</strong></span> <span class='ocrx_word' id='word_1_870' title='bbox 3180 5460 3400 5515; x_wconf 89' lang='lat' dir='ltr'><strong>audiens</strong></span> <span class='ocrx_word' id='word_1_871' title='bbox 3430 5460 3556 5518; x_wconf 81' lang='lat' dir='ltr'><strong>bea-</strong></span> 
     </span>
    </p>
   </div>
   <div class='ocr_carea' id='block_1_114' title="bbox 2216 5618 3558 5696">
    <p class='ocr_par' dir='ltr' id='par_1_114' title="bbox 2216 5618 3558 5696">
     <span class='ocr_line' id='line_1_115' title="bbox 2216 5618 3558 5696; baseline 0.004 -19"><span class='ocrx_word' id='word_1_872' title='bbox 2216 5618 2431 5696; x_wconf 41' lang='lat' dir='ltr'><strong>°_“Sap.</strong></span> <span class='ocrx_word' id='word_1_873' title='bbox 2468 5633 2523 5696; x_wconf 78' lang='lat' dir='ltr'><strong>I_.</strong></span> <span class='ocrx_word' id='word_1_874' title='bbox 2722 5623 2765 5654; x_wconf 69' lang='grc'><strong>⁸³</strong></span> <span class='ocrx_word' id='word_1_875' title='bbox 2807 5624 2971 5680; x_wconf 85' lang='lat' dir='ltr'><strong>Zacb.</strong></span> <span class='ocrx_word' id='word_1_876' title='bbox 3010 5642 3070 5689; x_wconf 82' lang='grc' dir='ltr'><strong>ιι,</strong></span> <span class='ocrx_word' id='word_1_877' title='bbox 3115 5625 3168 5679; x_wconf 87' lang='grc'><strong>8.</strong></span> <span class='ocrx_word' id='word_1_878' title='bbox 3249 5630 3295 5659; x_wconf 75' lang='grc'>³⁸</span> <span class='ocrx_word' id='word_1_879' title='bbox 3337 5626 3462 5696; x_wconf 83' lang='lat' dir='ltr'><strong>Sap.</strong></span> <span class='ocrx_word' id='word_1_880' title='bbox 3504 5643 3558 5694; x_wconf 84' lang='grc' dir='ltr'><strong>ι,</strong></span> 
     </span>
    </p>
   </div>
   <div class='ocr_carea' id='block_1_115' title="bbox 3201 5787 3278 5849">
    <p class='ocr_par' dir='ltr' id='par_1_115' title="bbox 3201 5787 3278 5849">
     <span class='ocr_line' id='line_1_116' title="bbox 3201 5787 3278 5849; baseline 0.026 -2"><span class='ocrx_word' id='word_1_881' title='bbox 3201 5787 3278 5849; x_wconf 68' lang='lat' dir='ltr'><strong>Mi</strong></span> 
     </span>
    </p>
   </div>
  </div>
