3976 6388
469 299 603 358 ΜΞὶί

1605 291 1661 349 S.
1703 289 2162 347 ATHANASIUS.
2190 321 2261 332 --
2297 290 2590 348 SPURIA.’

3585 289 3707 346 1452

468 421 710 492 tiﬁcabat
757 434 859 485 me,
896 428 945 474 et
985 419 1166 473 oculus
1196 417 1372 472 uidens
1407 416 1761 470 testimonium
1792 413 2038 468 reddebat
2069 421 2114 476 Α
2143 412 2302 468 aliter
2347 421 2737 483 praesumptum
2771 427 2801 466 a
2849 411 3177 484 quibusdam
3226 409 3410 476 fuerit,
3441 409 3497 465 in
3523 427 3707 468 vanum

467 513 618 578 mihi,
653 531 712 568 eo
742 513 880 585 quod
909 513 1210 566 liberassem
1247 525 1528 579 pauperem
1561 509 1954 576 vociferantem,
1987 515 2036 560 et

464 607 746 676 pupillum,
779 607 866 660 cui
904 621 1008 660 non
1048 613 1180 658 esset
1222 603 1456 672 adjutor.
1490 601 1792 657 Benedictio
1816 599 2039 669 perituri

465 715 624 768 super
651 715 733 752 me
756 699 1008 761 ueniebat,
1038 705 1088 750 et
1115 711 1206 749 cor
1235 694 1404 749 vidua:
1436 694 1741 748 consolatus
1773 708 1923 758 sum;
1949 694 2040 755 iu-

465 791 616 846 stitia
641 788 856 843 indutus
883 805 1020 853 sum,
1051 798 1100 842 et
1127 789 1328 842 vestivit
1358 803 1438 841 me
1479 787 1614 840 sicut
1665 785 1964 840 vestimento
1989 791 2040 838 et

464 885 788 949 diademate,
793 884 1000 955 judicio
1017 883 1356 940 meo.0culus
1371 885 1450 953 {ui
1467 896 1623 946 neco,
1651 890 1702 936 et
1719 896 1806 950 pes
1823 879 2035 937 claudo.

462 977 629 1031 Pater
655 993 801 1030 eram
840 991 1150 1044 pauperum,
1173 983 1222 1028 et
1252 990 1472 1028 causam
1533 989 1691 1043 quam
1721 969 2034 1034 nesciebam,

459 1069 860 1140 diligentissime
915 1067 1312 1137 inuestigabam.
1346 1065 1688 1120 Conterebam
1737 1069 1906 1118 molas
1935 1064 2041 1118 ini-

459 1161 570 1230 qui,
603 1169 655 1214 et
691 1159 1018 1214 dedentibus
1057 1160 1203 1213 illius
1243 1159 1573 1213 conferebam
1618 1157 1854 1227 praedam
1875 1157 1942 1209 '°.
1970 1155 2037 1209 Et

461 1251 623 1323 paulo
651 1260 816 1316 post:
852 1249 911 1306 Si
951 1252 1156 1322 negaui,
1195 1252 1392 1322 inquit,
1423 1249 1561 1321 quod
1599 1250 1860 1311 uolebant,
1901 1264 2036 1317 pau-

458 1345 686 1413 peribus,
730 1353 782 1398 et
819 1343 999 1398 oculos
1049 1342 1219 1398 viduae
1247 1354 1552 1413 exspectare
1587 1343 1709 1412 feci.
1747 1341 1808 1396 Si
1831 1343 2036 1396 comedi

459 1435 747 1490 buceellam
771 1451 942 1489 meam
963 1434 1133 1497 solus,
1155 1443 1205 1488 et
1226 1451 1329 1488 non
1349 1432 1572 1488 comedit
1598 1432 1836 1502 pupillus
1859 1447 1924 1486 ea;
1948 1447 2032 1492 ea,

457 1530 583 1599 quia
621 1527 685 1582 ab
717 1528 950 1598 infantia
979 1543 1097 1580 mea
1123 1527 1282 1580 crevit
1314 1541 1516 1579 mecum
1553 1524 1845 1588 miseratio,
1881 1532 1931 1576 et
1969 1521 2032 1575 de

459 1629 609 1675 utero
638 1619 827 1673 matris
857 1633 984 1671 mea:
1002 1633 1214 1687 egressa
1233 1625 1314 1671 est
1343 1633 1542 1671 mecum
1567 1617 1636 1670 '“.
1654 1614 1816 1680 Nam,
1837 1615 1884 1669 si
1909 1614 2032 1684 quis

457 1709 574 1764 haec
598 1715 750 1763 recto
780 1706 964 1762 omnia
1001 1707 1430 1762 consideraverit
1468 1707 1649 1772 oculo,
1683 1721 2030 1776 nequaquam

457 1803 658 1857 fratres
695 1815 918 1860 nocere.
959 1799 1054 1855 sed
1099 1799 1332 1854 liberare
1375 1797 1673 1854 festinabit.
1711 1797 1850 1865 Quia
1895 1797 2030 1852 nihil

457 1895 700 1952 deterius
728 1901 832 1956 est,
859 1907 1022 1964 quam
1052 1890 1199 1946 cives
1221 1890 1432 1944 civibus
1455 1890 1718 1953 invidere,
1748 1898 1804 1946 et
1831 1889 2031 1944 fratres

461 1984 721 2038 fratribus
769 1981 1038 2044 insidiari,
1085 1991 1178 2033 aut
1215 1979 1521 2034 calumnias
1567 1978 1768 2034 facere.
1805 1979 2031 2035 Talibus

456 2076 602 2132 enim
650 2073 939 2144 suffragari
979 2072 1226 2126 volentes
1268 2069 1482 2125 insidiis
1523 2071 1720 2136 sancti,
1760 2069 2030 2141 synodum

457 2171 923 2237 congregaverunt
951 2161 1258 2234 generalem
1297 2161 1355 2216 in
1398 2159 1600 2225 Nicaea,
1640 2161 1808 2214 vitam
1850 2161 2029 2215 corri-

456 2272 583 2327 gere
597 2255 880 2312 hominum
898 2253 1183 2325 cupientes
1205 2254 1259 2308 in
1283 2252 1526 2308 Ecclesia
1549 2254 2026 2307 commorantium.

455 2347 606 2404 Licet
627 2347 832 2403 dudum
863 2346 1114 2406 instituta
1141 2355 1458 2401 sanctorum
1487 2343 1712 2399 Patrum
1742 2345 1912 2398 multa
1942 2359 2030 2400 es-

455 2447 579 2496 sent
623 2438 956 2508 conscripta,
992 2444 1292 2507 posuerunt
1323 2437 1490 2506 leges,
1538 2452 1678 2506 quos
1716 2450 1906 2491 sacros
1939 2450 2032 2490 ca-

451 2547 626 2588 nones
670 2530 1030 2602 appellamus,
1073 2531 1274 2600 quibus
1302 2531 1476 2584 multa
1510 2531 1920 2600 pernecessaria
1963 2529 2031 2584 ad

451 2631 656 2679 statum
685 2622 946 2679 Ecclesia:
979 2631 1182 2679 sancta:
1217 2622 1330 2685 Dei,
1366 2631 1422 2676 et
1459 2624 1902 2692 supplementum
1933 2637 2031 2677 co-

453 2714 766 2768 lumnarum
789 2714 931 2784 ejus,
967 2714 1023 2769 id
1049 2723 1155 2780 est,
1188 2715 1594 2785 episcoporum,
1627 2715 1720 2785 qui
1748 2731 1869 2770 eam
1909 2730 2033 2784 pro-

417 2803 586 2870 .priis
623 2803 867 2860 humeris
896 2810 1132 2875 gestant.
1175 2813 1235 2858 ut
1264 2805 1358 2875 qui
1387 2805 1516 2858 talia
1556 2806 1904 2871 tentaverint,
1938 2814 2032 2859 aut

447 2893 530 2948 eis
562 2909 760 2950 nocere
777 2897 1248 2967 prmsumpserint,
1278 2897 1323 2952 si
1347 2896 1568 2966 quidem
1595 2897 1776 2952 clerici
1805 2897 2028 2964 fuerint,

455 3001 487 3041 e
519 2989 742 3058 proprio
761 2987 934 3060 gradu
958 2988 1231 3045 decident.
1269 2987 1325 3043 Si
1347 3004 1477 3045 vero
1507 2987 1763 3042 monachi
1787 2995 1880 3042 aut
1905 2987 2027 3043 laici

2143 505 2446 560 deducatur
2465 504 2608 574 quod
2635 504 2867 574 egerint,
2900 517 3003 558 nec
3030 503 3178 558 inter
3207 503 3582 558 ecclesiastica
3608 504 3705 560 ullo

2142 595 2304 653 modo
2332 596 2753 666 reputabuntur.

2215 688 2264 741 l.
2318 686 2420 756 Ipsi
2469 701 2600 740 vero
2649 687 2836 756 prima:
2886 685 3031 741 sedis
3080 685 3364 749 Ecclesiae,
3415 702 3708 742 convocan-

2140 779 2329 832 darum
2361 777 2694 849 generalium
2741 776 3076 848 synodorum
3112 777 3242 847 jura
3273 785 3328 834 et
3363 776 3573 847 judicia
3608 781 3709 849 epi-

2141 885 2456 940 scoporum,
2503 870 2770 940 singulari
2799 869 3082 940 privilegio
3111 869 3470 940 evangelicis.
3500 878 3556 925 et
3586 887 3707 940 apo-

2139 963 2370 1028 stolicis,
2417 971 2581 1032 atque
2618 963 2898 1016 canonicis
2945 975 3212 1016 concessa
3259 973 3388 1018 sunt
3431 964 3707 1033 institutis,

2138 1073 2260 1127 qua:
2285 1071 2500 1126 semper
2529 1055 2639 1125 (55)
2672 1053 2906 1123 majores
2929 1068 3111 1108 causa:
3144 1053 3213 1107 ad
3273 1057 3459 1111 sedem
3489 1056 3709 1126 Aposto-

2138 1147 2296 1201 licam
2339 1145 2528 1201 multis
2560 1143 2979 1200 auctoritatibus
3014 1142 3210 1198 referri
3253 1156 3539 1214 praecepta!
3569 1152 3704 1202 sunt.

2136 1236 2246 1294 Nec
2268 1237 2380 1292 ullo
2410 1237 2571 1292 modo
2602 1244 2780 1308 potest
2811 1235 2987 1304 major
3018 1251 3047 1290 a
3071 1236 3288 1291 minore
3309 1236 3574 1304 judicari.
3600 1237 3708 1308 Ipsa

2136 1345 2372 1401 namque
2414 1329 2670 1384 omnibus
2711 1327 2887 1396 major
2933 1335 2988 1382 et
3025 1328 3254 1396 prmlata
3300 1335 3385 1382 est
3430 1327 3704 1386 Ecclesiis.

2135 1423 2266 1490 Qum
2311 1440 2422 1478 non
2461 1421 2804 1478 solummodo
2839 1436 3135 1486 canonum,
3171 1430 3228 1476 et
3270 1432 3588 1477 sanctorum
3615 1421 3710 1478 Pa-

2135 1531 2281 1577 trum
2316 1521 2574 1584 decretis,
2620 1519 2714 1576 sed
2757 1517 2972 1573 Domini
3005 1517 3308 1574 Salvatoris
3353 1519 3530 1574 nostri
3565 1533 3704 1584 voce,

2135 1612 2463 1682 singularem
2494 1611 2730 1665 obtinuit
2759 1609 3146 1679 principatum.
3183 1607 3263 1662 Tu
3307 1625 3363 1662 es
3389 1609 3703 1680 (inquiens)

2137 1702 2349 1764 Petrus.
2400 1713 2464 1775 et
2489 1717 2644 1770 super
2681 1699 2815 1753 hanc
2848 1710 3050 1770 petram
3095 1699 3376 1768 ardiﬁcabo
3421 1697 3706 1754 Ecclesium

2064 1767 2107 1824 Β
2137 1813 2304 1849 meam
2337 1795 2404 1858 ⁷³,
2438 1767 2760 1864 et-reliqua.
2815 1767 2884 1846 Et
2924 1809 3244 1863 quascunque
3283 1793 3530 1863 ligaveris
3563 1809 3708 1864 super

2137 1901 2358 1954 terram,
2389 1899 2438 1944 et
2467 1889 2706 1954 solveris,
2737 1895 2892 1942 erunt
2924 1887 3088 1957 ligata
3119 1894 3168 1940 et
3199 1885 3379 1940 soluta
3408 1885 3463 1939 in
3491 1885 3637 1956 cado,
3661 1898 3704 1940 et

2134 1999 2190 2036 in
2219 1992 2361 2036 terra
2383 1981 2450 2035 τδ.

2202 2073 2256 2128 2.
2292 2073 2465 2128 Porro
2492 2070 2698 2126 dudum
2731 2086 2761 2125 a
2791 2070 2998 2126 sanctis
3036 2071 3324 2141 apostolis,
3367 2070 3704 2126 successori-

2136 2166 2344 2234 husque
2371 2178 2584 2226 eorum,
2615 2162 2671 2216 in
2711 2161 2952 2232 prazfatis
2982 2163 3224 2232 antiquis
3257 2161 3484 2216 statutis
3525 2161 3707 2217 decre-

2133 2265 2249 2310 tum
2281 2255 2458 2309 fuerat
2481 2254 2618 2324 (56),
2641 2269 2762 2323 qua:
2778 2252 3046 2307 hactenus
3077 2259 3269 2306 sancta
3299 2259 3353 2304 et
3384 2251 3704 2324 universalis

2134 2347 2432 2418 apostolica
2463 2355 2611 2400 tenet
2637 2344 2901 2408 Ecclesia,
2935 2359 3046 2398 non
3069 2349 3327 2413 oportere
3350 2351 3554 2412 praeter
3588 2358 3705 2397 sen-

2135 2441 2357 2494 tentiam
2401 2437 2631 2492 Romani
2675 2436 2951 2506 pontiﬁcis
2990 2435 3222 2490 concilia
3269 2433 3566 2499 celebrari,
3611 2450 3702 2490 nec

2133 2533 2446 2602 epiStopuin
2487 2529 2754 2593 damnari,
2802 2529 3059 2600 quoniam
3107 2535 3357 2583 sanctam
3407 2525 3703 2581 Romanam

2134 2621 2431 2677 Ecclesiam
2463 2621 2749 2692 primatem
2777 2619 3022 2675 omnium
3059 2619 3432 2674 Ecclesiarum
3463 2635 3589 2676 esse
3618 2635 3704 2675 vo-

2133 2715 2372 2771 luerunt.
2408 2714 2472 2768 Et
2503 2715 2646 2769 sicut
2689 2714 2882 2770 beatus
2927 2713 3120 2768 Petrus
3165 2715 3456 2783 apostolus
3504 2714 3704 2784 primus

2135 2806 2236 2862 fuit
2269 2807 2510 2860 omnium
2548 2805 2944 2883 apostolorum,
2986 2804 3061 2858 ita
3103 2811 3157 2858 et
3186 2805 3302 2858 haec
3332 2803 3579 2862 Ecclesia
3609 2818 3703 2860 suo

2133 2896 2355 2950 nomine
2403 2901 2724 2950 consecrata
2777 2893 3007 2950 Domino
3045 2895 3388 2956 instituente,
3436 2897 3614 2966 prima
3653 2907 3703 2952 et

2132 2998 2296 3062 caput
2325 2990 2395 3046 sit
2419 2999 2740 3045 caeteras-um
2769 3008 2784 3043 :
2831 3001 2883 3044 et
2914 2990 2981 3044 ad
3007 3005 3147 3049 eam.
3177 2991 3336 3060 quasi
3369 2990 3437 3046 ad
3479 3003 3700 3046 matrem

449 3076 674 3144 fuerint,
699 3078 1256 3134 anathematizantur.
1281 3077 1489 3144 Quibus
1511 3077 1708 3134 armati
1731 3077 2020 3148 exemplis,
2049 3107 2092 3162 ο
2133 3089 2294 3151 atque
2337 3080 2567 3150 apicem,
2605 3094 2796 3134 omnes
2838 3079 3075 3150 majores
3116 3077 3379 3134 Ecclesia:
3422 3095 3624 3146 causa,
3652 3089 3703 3136 et

445 3179 700 3238 oportere
745 3168 998 3223 arbitrati
1035 3182 1230 3224 sumus
1263 3168 1332 3222 ab
1363 3168 1736 3238 omnipotente
1788 3165 1898 3223 Deo
1937 3167 2020 3221 in-

445 3262 660 3331 spirati,
731 3270 791 3314 ut
845 3260 990 3314 hanc
1055 3274 1340 3315 accensam
1393 3259 1680 3315 discordia:
1744 3261 2019 3314 ﬂammam

443 3351 794 3420 exstinguere
813 3349 1134 3414 debeamus,
1161 3349 1458 3420 apostolica
1477 3350 1824 3416 auctoritate,
1837 3359 1891 3406 et
1907 3366 2018 3405 non

442 3441 742 3497 concedere
782 3455 904 3496 eam
942 3441 1174 3497 ulterius
1207 3441 1419 3497 animas
1454 3441 1673 3511 depasci
1722 3441 2012 3496 humanas.

441 3533 786 3605 Quapropter
813 3549 922 3587 una
955 3549 1080 3588 cum
1109 3535 1363 3590 omnibus
1404 3533 1716 3604 apostolica:
1751 3533 2014 3603 subjectis

441 3625 662 3698 Regulae
692 3627 992 3692 sancimus,
1025 3642 1094 3682 ne
1121 3627 1412 3698 quisquam
1457 3627 1717 3697 deinceps
1745 3625 2014 3682 Christia-

439 3732 633 3773 norum
663 3718 794 3774 talia
825 3728 1172 3790 perpetrare,
1191 3728 1284 3772 aut
1305 3718 1578 3788 episcopis
1607 3718 1735 3771 talia
1769 3731 2014 3772 asserere

437 3819 787 3873 nocumenta,
820 3819 1024 3866 temere
1045 3817 1363 3881 praesumat,
1389 3825 1514 3864 cum
1541 3808 1739 3864 Doctor
1768 3811 2011 3880 gentium

434 3899 489 3953 id
523 3900 700 3970 ipsum
726 3901 1032 3970 prohibeat,
1063 3902 1289 3958 dicens:
1324 3902 1595 3958 Seniorem
1617 3920 1680 3958 ne
1711 3905 2012 3974 increpave-

433 3994 531 4056 ris,
574 3993 665 4049 sed
707 3994 921 4049 obsecra
961 4002 1016 4048 ut
1065 4004 1270 4064 patrem
1295 3996 1366 4059 ⁷³,
1411 4003 1465 4052 et
1512 3997 1744 4069 reliqua.
1797 3996 2010 4052 Bonum

431 4092 521 4138 est
569 4100 808 4156 namque
836 4086 1236 4157 proculdubio,
1285 4095 1340 4143 et
1389 4089 1645 4143 omnibus
1689 4088 2011 4143 timentibus

435 4173 609 4230 Deum
636 4177 1017 4240 desiderabile,
1053 4177 1310 4233 cohibere
1357 4178 1732 4234 dissensiones
1760 4186 1814 4232 et
1845 4181 2012 4232 alter-

432 4267 701 4331 cationes,
731 4265 994 4322 fratribus
1033 4267 1344 4332 subvenire,
1375 4278 1428 4323 et
1459 4271 1693 4325 invicem
1721 4285 1830 4323 non
1863 4271 2008 4324 invi-

429 4357 581 4423 dere,
617 4358 712 4414 sed
747 4359 1024 4429 adjuvare.
1057 4357 1346 4424 Audiatur,
1391 4361 1590 4431 inquit,
1625 4361 1740 4432 jam
1771 4361 1916 4416 dicta
1951 4361 2008 4416 in

2121 3172 2330 3244 judicia
2371 3171 2755 3242 episcoporum
2794 3177 3102 3234 recurrant,
3137 3170 3371 3241 ejusque
3409 3170 3569 3239 juxta
3601 3180 3703 3226 ter-

2123 3266 2332 3320 minum
2385 3272 2605 3320 sumant
2655 3261 3004 3318 sententiam.
3052 3261 3164 3317 Nec
3195 3270 3353 3317 extra
3399 3262 3701 3318 Romanum

2122 3357 2420 3428 quidquam
2451 3371 2517 3412 ex
2548 3355 2634 3412 his
2664 3353 2864 3410 debere
2891 3353 3116 3408 decerni
3147 3355 3490 3424 pontificem,
3525 3364 3704 3426 quate-

2118 3465 2224 3505 nus
2263 3463 2373 3503 non
2422 3449 2497 3501 ita
2543 3455 2816 3517 proterve,
2847 3451 2901 3500 et
2945 3460 3045 3516 pro
3089 3445 3247 3500 Iibitu
3297 3445 3556 3517 cuiquam
3602 3459 3699 3502 suo

2117 3540 2342 3612 proprio
2407 3538 2636 3592 arbitrio
2683 3538 2996 3608 quibusque
3060 3537 3508 3607 metropolitanis
3559 3538 3698 3593 sicut

2117 3647 2278 3702 agere
2308 3630 2542 3694 solebat,
2575 3629 2737 3685 liceat
2765 3629 3082 3684 inconsulto
3128 3629 3384 3685 Romano
3418 3630 3696 3700 pontiﬁce,

2115 3729 2210 3776 aut
2242 3720 2480 3790 majores
2499 3718 2761 3774 Ecclesiae
2791 3733 2990 3775 causas
3017 3718 3334 3788 deturbare,
3369 3730 3466 3773 aut
3489 3721 3702 3790 episco-

2115 3829 2216 3885 pos
2246 3813 2551 3879 damnare;
2583 3809 2680 3867 sed
2723 3811 3005 3866 communi
3032 3819 3240 3868 sanctae
3267 3811 3534 3868 Romanae
3559 3811 3700 3868 sedis

2113 3903 2355 3974 episcOpi
2381 3904 2636 3970 consilio,
2667 3912 2721 3959 et
2740 3903 3003 3959 concordi
3034 3904 3273 3972 actione,
3305 3920 3540 3976 quaeque
3578 3912 3700 3960 sunt

2111 3993 2320 4048 Christi
2345 3995 2462 4047 zelo
2484 3992 2714 4064 agenda,
2743 3992 3039 4062 disponant
3063 3993 3423 4059 unanimiter,
3446 4002 3700 4063 recteque

2113 4085 2376 4150 sentiant,
2422 4093 2478 4140 et
2519 4100 2583 4140 ea
2611 4101 2733 4156 qua:
2775 4083 3072 4147 senserint,
3120 4099 3229 4139 non
3282 4085 3448 4141 nobis
3486 4085 3698 4140 sibimet

2111 4175 2498 4247 discrepando,
2531 4176 2628 4232 sed
2653 4175 2765 4232 Deo
2795 4176 2996 4248 placita
3029 4175 3343 4247 perﬁciant.

2180 4269 2236 4325 '5.
2276 4267 2372 4324 Est
2393 4269 2555 4324 etiam
2585 4268 2642 4322 in
2668 4268 2781 4338 jam
2811 4267 2921 4324 fata
2953 4265 3176 4323 Nicaena
3206 4266 3422 4338 synodo
3462 4281 3696 4322 concor-

2111 4362 2253 4418 diter
2271 4367 2557 4426 statutum,
2584 4369 2645 4416 ut
2667 4369 3022 4418 accusatores
3050 4369 3105 4416 et
3129 4361 3536 4426 accusationes,
3563 4373 3697 4429 quas

429 4448 609 4505 Nicaea
638 4453 860 4507 civitate
893 4452 1155 4522 synodus,
1173 4455 1267 4508 cui
1289 4463 1346 4510 et
1368 4469 1468 4524 ego
1499 4455 1616 4522 ipse
1643 4454 2004 4509 conscientia:
2037 4445 2082 4500 D
2111 4452 2296 4508 saeculi
2337 4453 2483 4522 leges
2514 4469 2624 4507 non
2663 4453 2980 4518 admittunt,
3011 4468 3040 4506 a
3073 4453 3410 4510 sacerdotali
3451 4453 3696 4507 funditus

425 4555 563 4597 mea!
595 4545 802 4598 cultum
839 4543 1097 4600 decenter
1139 4546 1382 4614 exhibui,
1420 4547 1554 4601 nihil
1601 4547 1750 4601 aliud
1790 4548 2006 4612 volens,

425 4649 592 4704 quam
623 4635 974 4692 concordiam
1007 4637 1262 4694 omnibus
1307 4639 1598 4703 fabricare,
1628 4649 1684 4694 et
1724 4654 1836 4708 prae
1870 4655 2009 4694 cun-

425 4726 531 4782 ctis
567 4741 817 4794 arguere,
856 4734 912 4783 et
942 4742 1222 4784 removere
1250 4730 1392 4784 hanc
1424 4731 1805 4786 insidiantium
1837 4734 2005 4788 alter-

423 4816 716 4873 cationem.
749 4817 896 4885 Quas
931 4820 1287 4890 praevidentes
1320 4823 1499 4878 sancti
1532 4821 1729 4879 Patres
1775 4825 2006 4882 insidias

421 4915 482 4962 et
506 4908 911 4974 altercationes,
931 4911 1262 4968 unanimiter
1291 4914 1344 4968 in
1370 4914 1628 4983 praedicta
1646 4914 1863 4970 Nicaena
1893 4925 2008 4970 sta-

424 5010 650 5060 tuerunt
681 5003 910 5076 synodo,
952 5011 1012 5059 ut
1051 5004 1234 5060 nullus
1265 5006 1578 5075 episcopus,
1614 5005 1724 5060 nisi
1773 5006 1828 5060 in
1873 5007 2005 5076 legi-

423 5096 556 5148 tima
586 5095 812 5165 synodo.
846 5102 900 5148 et
926 5109 1029 5150 suo
1059 5103 1304 5164 tempore
1335 5096 1640 5164 apostolica
1672 5097 2003 5152 auctoritate

423 5191 745 5247 convocata,
779 5199 944 5254 super
973 5183 1304 5254 quibusdam
1341 5168 1824 5243 criminationibus
1878 5189 2003 5258 pul-

423 5283 576 5329 satus
603 5275 876 5342 audiatur,
905 5275 960 5330 id
989 5284 1092 5344 est,
1119 5277 1416 5348 judicetur,
1449 5279 1533 5333 vel
1561 5279 1875 5335 damnetur.
1906 5279 2003 5333 Sin

495 5427 542 5458 ⁷⁰
579 5425 680 5482 Job
715 5444 880 5493 xm,
940 5431 1129 5488 "-17.

1227 5433 1272 5464 '”
1309 5432 1411 5490 Job
1461 5449 1627 5504 sim,
1693 5433 1885 5490 16-18.

421 5493 473 5528 '"
510 5494 654 5552 Psal.
689 5512 834 5551 cxxx
857 5539 874 5564 ,
912 5500 961 5552 1.

499 5670 612 5742 (35)
643 5671 917 5730 lnnocent.
949 5690 1036 5746 ep.
1079 5675 1132 5732 Ξ.

2002 5435 2048 5467 ⁷⁸
2088 5431 2109 5486 Ι
2148 5432 2290 5488 Tim.
2343 5453 2396 5500 ν,
2469 5435 2521 5490 1.

2111 4550 2430 4597 avertantur
2451 4549 2804 4597 nocumento.
2825 4541 2980 4608 Ecce,
3005 4543 3181 4614 inquit
3209 4543 3508 4614 Propheta,
3538 4557 3695 4614 quam

2111 4633 2301 4688 bonum
2323 4642 2374 4687 et
2387 4649 2545 4704 quam
2559 4633 2859 4703 jucundum
2882 4635 3126 4689 habitare
3147 4635 3342 4705 fratres
3368 4637 3423 4690 in
3449 4623 3700 4718 unum’ﬁ'

2109 4723 2191 4779 llli
2235 4741 2366 4780 vero
2409 4741 2518 4779 non
2552 4726 2609 4780 in
2653 4742 2822 4782 unum
2861 4727 3133 4791 habitant,
3169 4728 3260 4797 qui
3299 4743 3330 4782 a
3373 4728 3603 4783 fratrum
3635 4743 3694 4783 se

2108 4817 2304 4870 solatio
2325 4817 2679 4882 subtrahunt,
2701 4825 2797 4872 aut
2820 4818 3082 4873 fratribus
3105 4819 3339 4874 insidias
3360 4805 3694 4891 praeparant.

2110 4905 2229 4961 Non
2260 4909 2438 4972 aliter,
2477 4909 2697 4971 fratres,
2733 4925 2830 4965 vos
2869 4909 3154 4980 patiamini
3195 4923 3425 4980 peccato
3453 4913 3690 4982 gravari,

2111 4999 2239 5068 quia
2269 5002 2415 5069 quod
2451 5017 2678 5058 necesse
2701 5011 2806 5070 est,
2840 5018 2942 5057 nos
2967 5001 3154 5056 dicere
3186 5019 3468 5070 veremur,
3501 5005 3554 5058 id
3585 5011 3688 5066 est,

2111 5106 2182 5146 nc
2209 5091 2368 5160 cujus
2406 5095 2598 5166 religio
2626 5095 2948 5166 dissipatur,
2990 5095 3296 5165 indignatio
3340 5105 3688 5166 provocetur.

2111 5180 2230 5236 Prae
2269 5185 2446 5239 oculis
2493 5186 2708 5248 habete,
2750 5195 2804 5242 et
2837 5192 2949 5239 tota
2982 5186 3184 5240 mentis
3233 5185 3353 5240 acie
3383 5193 3690 5241 reverenter

2111 5274 2361 5342 aspicite,
2399 5278 2542 5334 beati
2573 5277 2719 5334 Petri
2752 5278 3006 5348 gloriam,
3037 5283 3090 5328 et
3129 5293 3255 5329 cum
3289 5277 3412 5346 ipso
3447 5289 3689 5330 commu-

2658 5435 2704 5468 ⁷⁸
2743 5431 2934 5486 Matth.
2972 5446 3060 5484 xw
3086 5471 3100 5493 ,
3143 5431 3230 5485 18.
3340 5431 3390 5462 ⁷⁸
3436 5431 3569 5487 ibid.
3597 5429 3686 5488 ΞΘ.

2177 5673 2290 5746 (36)
2325 5674 2380 5730 ln
2411 5674 2672 5733 decretali
2703 5677 2948 5750 epistola
2975 5675 3283 5736 Eleutherii
3323 5693 3496 5750 papae.
