3976 6388
314 312 447 366 H33

1215 311 1479 368 PONTIF.
1520 312 1687 367 ROM.
1730 313 1816 366 ET
1854 309 2222 367 ATHANASII
2259 307 2642 367 EPISTOLE.

3419 308 3559 369 κει

311 442 406 483 nos
434 424 676 481 omnium
719 428 1086 497 apostolorum
1133 443 1388 496 coronas,
1437 440 1873 503 cunctornmque
1901 438 1946 493 Α
1975 441 2081 486 tur.
2115 428 2281 493 Nam,
2308 430 2446 483 sicut
2465 430 2520 483 in
2550 445 2654 484 uno
2683 443 2899 497 corpore
2929 430 3162 483 membra
3200 427 3370 482 multa
3401 429 3562 486 habe-

308 528 605 589 martyrum
650 519 880 588 palmas,
926 521 1020 591 qui
1073 536 1171 591 pro
1220 522 1450 576 fratrum
1496 540 1603 578 non
1652 524 1871 581 destru-

309 610 505 672 ctione,
555 612 652 666 sed
699 612 1107 670 conﬁrmatione
1157 623 1211 670 et
1263 615 1494 671 veritate
1544 617 1600 670 in
1652 616 1873 673 Christo

309 704 455 773 passi
493 711 644 759 sunt.

376 794 430 848 4.
467 794 577 850 Nos
594 810 742 866 ergo,
765 797 856 866 qui
890 796 1101 851 Domini
1126 798 1402 868 discipuli,
1432 807 1485 853 et
1513 799 1642 866 dici,
1670 808 1723 855 et
1752 814 1874 855 esse

308 886 581 951 volumus,
613 896 832 957 portare
861 903 1076 944 crucem
1107 888 1333 954 Christi,
1370 899 1423 945 et
1452 892 1686 960 compati
1719 888 1873 945 fratri

307 975 588 1038 debemus.
642 984 696 1032 et
746 993 853 1033 non
898 980 1170 1051 persequi.
1201 980 1537 1045 Subtrahite,
1591 996 1869 1052 rogamus.

307 1076 463 1124 actus
516 1071 982 1141 cogitationesque
1010 1087 1040 1125 a
1065 1073 1264 1126 talibus
1294 1073 1659 1136 nocumentis,
1687 1074 1732 1128 si
1764 1090 1870 1127 non

308 1162 472 1216 vultis
504 1161 677 1232 ipsam
722 1165 998 1233 suscipere
1046 1164 1101 1217 in
1152 1179 1247 1218 vos
1281 1163 1563 1229 ultionem,
1613 1165 1872 1233 quoniam

306 1252 561 1306 talionem
603 1259 861 1317 meretur,
904 1253 999 1324 qui
1043 1255 1197 1307 fratri
1231 1253 1441 1309 foveam
1480 1262 1773 1325 praparat.
1811 1253 1875 1309 Et

306 1359 403 1398 vos
434 1346 632 1399 scitote
676 1345 932 1415 deinceps
979 1345 1126 1400 hunc
1158 1344 1269 1417 (37)
1318 1345 1542 1415 typhum
1590 1361 1700 1400 non
1750 1361 1873 1401 esse

307 1446 590 1501 passuros,
618 1440 676 1486 ut
705 1448 788 1498 ea,
819 1448 939 1503 qua
972 1434 1038 1488 ad
1080 1434 1222 1489 hanc
1266 1434 1578 1504 specialiter
1625 1444 1871 1490 sanctam

311 1525 582 1591 pertinent
615 1522 819 1584 sedem,
846 1525 987 1579 sicut
1011 1524 1217 1594 judicia
1250 1525 1657 1595 episcoporum,
1682 1536 1734 1580 et
1758 1541 1873 1579 ma-

304 1613 453 1682 jores
476 1629 694 1678 causas,
725 1624 784 1669 ut
814 1617 976 1686 paulo
1002 1618 1251 1686 superius
1272 1618 1614 1686 pralibatum
1640 1628 1746 1680 eSt,
1777 1632 1872 1672 vos

308 1705 590 1774 patiamini
624 1707 781 1761 nobis
816 1707 1143 1762 inconsultis
1174 1707 1430 1762 invadere
1458 1709 1665 1778 absque
1700 1710 1869 1763 vestri

309 1806 488 1853 status
534 1799 799 1869 periculo.
848 1797 955 1855 Sed
1002 1799 1052 1855 si
1098 1799 1222 1870 quis
1262 1800 1329 1854 ab
1382 1799 1646 1855 hodierna
1678 1800 1787 1863 die,
1821 1809 1874 1855 et

307 1889 566 1961 deinceps
587 1891 747 1961 602
784 1891 1099 1962 episcOpum
1135 1899 1334 1961 prater
1366 1890 1530 1961 hujus
1559 1901 1762 1945 sancta
1792 1907 1877 1945 se-

308 1981 393 2037 dis
422 1984 747 2037 sententiatn
792 1983 1071 2047 damnare,
1106 1992 1200 2038 aut
1237 1984 1455 2053 propria
1502 1983 1704 2053 pellere
1751 1985 1878 2038 sede

309 2077 739 2144 praesumpserit,
780 2077 920 2130 sciat
964 2091 1024 2131 se
1064 2075 1564 2145 irrecuperabiliter
1611 2092 1734 2132 esse
1779 2079 1877 2130 da-

308 2172 576 2228 mnatum,
613 2173 667 2220 et
697 2165 916 2236 proprio
961 2180 1149 2222 carere
1188 2168 1447 2237 perpetim
1471 2167 1699 2223 honore.
1735 2167 1866 2225 Eos-

308 2273 415 2327 que
458 2258 552 2327 qui
598 2259 804 2327 absque
854 2258 1017 2327 hujus
1046 2258 1193 2313 sedis
1223 2269 1350 2314 sunt
1384 2259 1542 2329 ejecti
1582 2262 1872 2326 sententia,

308 2351 394 2403 vel
431 2350 674 2404 damnati
707 2351 826 2405 sine
871 2350 1035 2419 hujus
1076 2358 1279 2406 sancta
1313 2351 1460 2406 sedis
1508 2353 1871 2417 auctoritate,

284 2440 504 2495 scitote
526 2440 811 2510 pristinam
839 2442 1081 2512 recipere
1106 2443 1566 2507 communionem,
1593 2452 1651 2499 et
1674 2444 1728 2498 in
1758 2460 1876 2515 pro-

307 2532 445 2601 priis
473 2531 688 2587 restitui
719 2533 959 2589 sedibus.
992 2533 1260 2600 Quoniam
1297 2542 1352 2590 et
1382 2536 1534 2605 prius
1568 2550 1599 2589 a
1628 2543 1872 2607 tempore

306 2626 519 2680 scilicet
546 2626 916 2695 apostolorum
944 2627 1058 2683 hac
1080 2627 1208 2683 huic
1234 2637 1437 2683 sancta
1465 2628 1580 2684 sedi
1608 2645 1872 2686 concessa

307 2723 455 2770 sunt.
494 2715 559 2769 Et
588 2724 775 2785 postea
807 2717 861 2771 in
894 2728 1189 2773 memorata
1220 2717 1439 2774 Nicana
1478 2719 1709 2792 synodo,
1749 2737 1876 2791 pro-

306 2816 431 2878 pter
470 2822 760 2876 pravorum
790 2809 1072 2864 hominum
1119 2809 1526 2874 infestationes,
1573 2820 1737 2882 atque
1766 2812 1877 2867 ha-

308 2903 605 2954 reticorum
635 2900 1064 2969 persecutiones,
1095 2910 1151 2956 et
1174 2902 1552 2958 insidiantium
1594 2904 1874 2958 molimina

309 2991 567 3055 fratrum,
591 2998 722 3046 sunt
746 2993 1093 3049 concorditer
1119 2994 1188 3049 ab
1211 2997 1470 3053 omnibus
1496 2998 1872 3061 corroborata,

308 3095 367 3137 ut
410 3084 584 3154 magis
616 3084 817 3154 singuli
847 3084 1184 3154 provideant,
1226 3102 1295 3141 ne
1328 3087 1455 3141 talia
1484 3088 1722 3142 audeant
1751 3103 1873 3158 per-

1975 540 2113 587 mus,
2145 521 2325 575 omnia
2360 530 2536 575 autem
2562 522 2796 576 membra
2827 536 2929 574 non
2955 520 3196 575 eumdem
3243 531 3419 574 actum
3461 522 3561 577 Ita-

1975 615 2113 678 bent,
2154 616 2230 668 ita
2258 616 2414 668 multi
2444 631 2609 667 unum
2638 631 2828 683 corpus
2856 630 3038 669 sumus
3067 615 3122 668 in
3163 612 3396 669 Christo.
3433 614 3559 670 Sin-

1972 706 2083 777 guli
2114 715 2308 769 autem,
2333 707 2472 760 alter
2493 707 2712 760 alterius
2729 707 2962 760 membra
2984 707 3051 759 ".
3076 702 3367 762 Contextio
3388 709 3556 765 totius

1973 795 2241 864 corporis,
2290 808 2456 847 unam
2504 796 2817 860 sanitatem,
2875 811 3036 850 unam
3087 792 3559 866 pulchritudinem

1974 884 2125 941 facit.
2154 885 2220 939 Et
2245 886 2360 939 hac
2386 884 2610 956 quidem
2644 886 2927 943 contextio
2948 884 3395 956 totius'corporis
3423 903 3564 942 una-

1973 977 2278 1031 nimitatem
2301 977 2557 1047 requirit,
2587 978 2679 1033 sed
2704 979 2974 1051 praecipue
2994 979 3161 1049 exigit
3203 982 3559 1035 concordiam

1974 1068 2345 1124 sacerdotum.
2393 1069 2608 1135 Quibus
2649 1070 2751 1125 etsi
2796 1071 3032 1140 dignitas
3083 1075 3392 1129 communis
3447 1090 3558 1128 non

1975 1166 2092 1221 est,
2131 1166 2317 1213 tamen
2371 1160 2507 1213 ordo
2551 1160 2821 1230 generalis
2867 1168 2971 1214 est.
3013 1161 3282 1227 Quoniam
3321 1172 3376 1217 et
3418 1164 3559 1219 inter

1976 1249 2323 1304 beatissimos
2360 1252 2662 1320 apostolos,
2697 1251 2751 1305 in
2791 1252 3149 1309 similitudine
3190 1254 3419 1310 honoris
3449 1256 3558 1310 fuit

1978 1342 2223 1408 quadam
2273 1340 2535 1396 discretio
2565 1344 2873 1412 potestatis,
2908 1353 2960 1401 et
3008 1359 3132 1399 cum
3175 1348 3420 1415 gnuium
3458 1364 3559 1420 par

1979 1435 2124 1484 esset
2157 1429 2371 1491 electio,
2408 1430 2501 1482 uni
2536 1437 2718 1484 tamen
2742 1429 2928 1485 datum
2958 1441 3020 1485 ut
3048 1434 3262 1488 cateris
3318 1439 3560 1505 praemi~

1977 1527 2153 1573 neret.
2198 1517 2275 1573 De
2308 1534 2416 1589 qua
2447 1518 2619 1574 forma
2651 1521 3057 1590 episcoporum,
3087 1524 3338 1593 quadam
3365 1538 3558 1583 exorta

1976 1620 2062 1665 est
2093 1612 2374 1666 distinctio
2393 1651 2408 1674 ,
2438 1619 2493 1666 et
2519 1625 2715 1681 magna
2752 1613 3101 1669 ordinatione
3128 1618 3408 1684 provisum
3447 1630 3555 1685 est,

1977 1719 2047 1758 ne
2094 1718 2285 1758 omnes
2334 1703 2439 1758 sibi
2482 1705 2668 1757 omnia
2726 1703 3092 1771 vindicarent,
3131 1707 3226 1761 sed
3264 1718 3449 1764 essent
3497 1713 3555 1766 in

1910 1817 1948 1870 Β
1978 1794 2210 1864 singulis
2266 1794 2567 1864 provinciis
2607 1794 2829 1865 singuli.
2880 1794 3125 1862 Quorum
3180 1800 3323 1854 inter
3361 1800 3559 1858 fratres

1978 1886 2270 1940 haberetur
2287 1884 2463 1956 prima
2490 1887 2786 1949 sententia,
2809 1896 2863 1941 et
2879 1879 3099 1943 rursum
3122 1891 3342 1960 quidam
3373 1893 3429 1946 in
3452 1909 3565 1948 ma.

1972 1978 2187 2049 joribus
2214 1978 2442 2033 urbibus
2465 1979 2772 2046 constituti,
2797 1980 3219 2037 sollicitudinem
3241 1984 3363 2052 ejus
3392 1988 3561 2043 susci-

1976 2078 2168 2141 perent
2210 2064 2550 2141 ampliorem,
2597 2087 2694 2142 per
2732 2087 2873 2142 quos
2909 2072 2979 2127 ad
3016 2090 3182 2129 unam
3224 2077 3368 2131 beati
3408 2077 3556 2134 Petri

1976 2164 2193 2231 sedem,
2248 2165 2577 2221 universalis
2636 2164 2896 2220 Ecclesia
2946 2182 3079 2221 cura
3130 2169 3450 2237 conflueret,
3503 2182 3560 2228 ct.

1975 2258 2113 2312 nihil
2144 2273 2375 2328 usquam
2409 2273 2439 2311 a
2474 2274 2577 2313 suo
2604 2260 2786 2328 capite
2824 2259 3137 2315 dissideret.
3170 2261 3275 2328 Qui
3300 2280 3430 2334 ergo
3452 2268 3557 2319 scit

1976 2362 2036 2403 se
2075 2348 2403 2418 quibusdam
2450 2348 2826 2418 prapositum,
2860 2365 2969 2403 non
3008 2351 3237 2406 moleste
3281 2352 3419 2408 ferat
3456 2355 3558 2408 ali.

1974 2454 2137 2509 quem
2179 2440 2284 2494 sibi
2318 2454 2442 2495 esse
2473 2441 2782 2509 praelatum,
2832 2441 2926 2497 sed
2962 2442 3345 2509 obedientiam,
3390 2460 3555 2515 quam

1981 2529 2173 2599 exigit,
2217 2528 2382 2584 etiam
2433 2530 2551 2599 ipse
2587 2529 2869 2599 rependat.
2914 2529 3097 2586 Nolite
3141 2532 3319 2602 itaque
3351 2550 3555 2598 errare,

1977 2623 2171 2691 fratres
2200 2623 2299 2676 mei
2332 2621 2664 2677 dilectissimi
2685 2638 2703 2686 ;
2734 2621 2988 2677 doctrinis
3018 2624 3181 2678 variis
3208 2628 3257 2679 e't
3286 2628 3555 2681 extraneis

1978 2715 2137 2768 nolite
2171 2714 2365 2767 abduci
2393 2714 2463 2778 ",
2493 2722 2549 2767 at
2602 2714 2855 2769 instituta
2903 2715 3274 2783 apostolorum
3317 2724 3375 2770 et
3423 2732 3556 2788 apo-

1978 2806 2305 2861 stolicorum
2345 2806 2627 2869 virorum,
2681 2818 3032 2875 canonesque
3101 2806 3398 2871 habentes,
3467 2809 3555 2865 bis

1976 2896 2259 2960 fruamini,
2306 2895 2392 2949 his
2432 2893 2872 2961 circumdemini,
2927 2896 3014 2951 his
3053 2895 3418 2961 delectemini,
3465 2899 3553 2953 his

1976 2986 2285 3052 armemini,
2326 2996 2387 3041 ut
2424 2987 2510 3043 his
2548 2987 2709 3055 freti,
2750 2988 3108 3057 circumdati,
3146 2988 3417 3050 delectati,
3464 3005 3555 3045 ar-

1977 3080 2130 3143 mati,
2170 3087 2363 3134 contra
2409 3090 2606 3136 cuncta
2682 3082 3032 3136 inimicorum
3073 3082 3256 3151 jacula
3297 3082 3555 3137 resistere

307 3185 554 3244 petrare;
598 3182 653 3230 et
695 3184 943 3241 caveant,
984 3176 1032 3232 si
1082 3192 1189 3231 non
1238 3185 1461 3248 propter
1497 3175 1787 3232 Dominum
1818 3171 1946 3234 etC
1977 3171 2221 3226 valeatis.
2269 3169 2600 3227 SaliS'enim
2641 3172 2923 3244 indignum
2965 3181 3052 3228 est
3091 3187 3420 3243 quemquam
3468 3172 3553 3226 vel

307 3281 553 3322 amorem
602 3265 856 3332 fratrum,
900 3258 1081 3322 tamen
1124 3279 1346 3339 pr0ptcr
1381 3269 1732 3339 opprobrium
1772 3270 1871 3323 lto-

304 3359 517 3415 minum
545 3359 800 3413 ruborem
829 3374 1010 3423 suum,
1047 3368 1209 3430 atque
1234 3363 1554 3416 canonicam
1585 3361 1869 3424 ultionem,

305 3452 503 3505 saltem
534 3449 648 3506 hac
684 3450 879 3505 timore
915 3458 971 3505 ct
1009 3451 1336 3506 verecundia
1362 3466 1673 3520 compressa
1701 3450 1871 3506 silen-

305 3542 385 3595 tio
447 3541 899 3610 comprimantur,
952 3549 1232 3610 amputato
1287 3541 1498 3595 scilicet
1548 3541 1716 3595 totius
1756 3539 1869 3611 (38)

304 3630 683 3703 usurpationis
704 3646 954 3687 excessu.
975 3631 1112 3698 Quia
1138 3631 1320 3686 nullus
1355 3632 1513 3686 debet
1545 3645 1873 3700 praesumere

304 3736 428 3793 qua
464 3721 570 3777 sibi
605 3736 715 3775 non
763 3721 1016 3776 videntur
1055 3736 1176 3777 esse
1218 3736 1501 3775 concessa.
1550 3720 1724 3787 Quam
1755 3720 1873 3775 cul—

303 3825 433 3886 pam
468 3811 785 3882 potuissetis
820 3811 969 3866 nullo
994 3813 1156 3865 modo
1187 3811 1443 3874 incidere,
1480 3812 1525 3866 si
1556 3810 1701 3867 unde
1738 3826 1871 3865 con-

302 3904 671 3961 secrationem
716 3904 940 3959 honoris
983 3903 1251 3973 accipitis,
1299 3902 1426 3957 inde
1478 3903 1646 3973 legem
1701 3903 1871 3957 totius

304 3995 669 4050 observantia
689 3994 995 4048 sumeretis.
1022 3992 1086 4045 Et
1100 3993 1245 4046 beati
1270 3992 1411 4046 l’etri
1438 3991 1667 4060 apostoli
1689 3990 1866 4052 sedes,

303 4103 428 4158 qua
454 4087 614 4142 vobis
660 4085 1016 4141 sacerdotalis
1047 4093 1221 4139 mater
1263 4092 1347 4139 est
1378 4083 1678 4154 dignitatis.
1722 4089 1870 4138 esset

302 4180 697 4236 ecclesiastica
749 4179 1009 4248 magistra
1056 4178 1303 4232 rationis.
1366 4175 1542 4240 Unde,
1578 4176 1720 4230 sicut
1770 4190 1872 4230 nos

304 4276 538 4329 multum
577 4287 641 4327 ea
668 4286 790 4342 qua
821 4271 973 4325 vobis
1013 4270 1100 4340 pie
1144 4277 1400 4340 recteque
1441 4275 1570 4323 sunt
1599 4278 1744 4332 acta,
1777 4269 1871 4322 la-

305 4368 541 4427 tificant,
578 4366 651 4418 ita
697 4364 925 4417 nimittm
963 4379 1028 4418 ea
1066 4379 1188 4434 qua
1218 4372 1349 4419 sunt
1389 4377 1671 4432 perperam
1695 4371 1871 4431 gesta,

303 4457 657 4515 contristant.
699 4454 969 4520 Quoniam
1001 4470 1227 4510 necesse
1254 4462 1357 4519 est,
1412 4462 1533 4523 post
1578 4452 1872 4506 multarum

300 4549 499 4605 talium
561 4548 933 4618 experimenta
976 4561 1289 4610 causarum,
1334 4547 1448 4599 hac
1493 4545 1548 4597 in
1592 4551 1873 4613 posterum

301 4639 597 4699 sollicitius
622 4640 881 4708 prospici,
911 4645 965 4693 et
984 4639 1300 4708 diligentius
1324 4641 1641 4708 pracaveri,
1679 4645 1872 4707 quate-

303 4750 410 4790 nus
458 4748 523 4789 ea
551 4749 673 4803 qua
719 4744 847 4788 sunt
891 4735 959 4787 ab
1003 4733 1263 4803 apostolis
1304 4745 1605 4799 eorumque
1649 4744 1875 4785 succes-

303 4829 523 4886 soribus
569 4836 795 4892 statuta,
844 4827 993 4881 nulla
1043 4825 1251 4880 desidia
1305 4824 1670 4893 negligantur,
1724 4822 1872 4876 nulla

303 4922 653 4979 dissensione
681 4920 975 4983 violentur,
1025 4918 1174 4973 nulla
1208 4916 1617 4971 concertatione
1643 4915 1871 4969 turben-

1973 3262 2316 3330 pontificum,
2344 3262 2426 3316 vel
2450 3262 2705 3317 ordinum
2733 3265 3184 3334 subsequentintn
3219 3264 3361 3318 hanc
3397 3279 3556 3334 regu-

1973 3351 2081 3404 lam
2105 3351 2363 3414 refutare,
2382 3368 2544 3423 quam
2579 3354 2724 3408 beati
2750 3354 2897 3409 Petri
2925 3356 3084 3411 fidem
3104 3356 3280 3411 valeat
3309 3365 3363 3412 et
3392 3356 3546 3427 sequi

1972 3452 2025 3495 et
2055 3441 2273 3496 docere.
2318 3440 2543 3512 Multum
2582 3445 2726 3499 enim
2768 3448 3021 3502 convenit
3047 3457 3106 3501 ut
3138 3456 3309 3502 toturn
3344 3462 3544 3517 corpus

1973 3530 2227 3588 Ecclesia
2267 3533 2325 3587 in
2365 3534 2466 3588 hac
2509 3535 2727 3590 sibimet
2768 3538 3152 3593 observatione
3215 3539 3545 3603 concordet,

1972 3638 2093 3692 qua
2134 3624 2260 3679 inde
2303 3627 2686 3681 auctoritatem
2723 3628 2905 3693 habet,
2942 3630 3033 3684 ubi
3076 3628 3339 3684 Dominus
3369 3629 3553 3684 Eccle-

1972 3716 2067 3769 sia
2100 3715 2268 3771 totius
2309 3719 2492 3787 posuit
2522 3719 2910 3788 principatum,
2954 3721 3173 3776 dicente
3213 3719 3498 3790 Scriptura
3533 3740 3549 3776 :

1975 3806 2251 3863 Ordinavit
2300 3808 2356 3861 in
2401 3825 2482 3862 me
2530 3809 2845 3864 charitatem
2883 3810 2952 3862 ⁷⁸.
2999 3811 3064 3865 Et
3120 3813 3247 3867 item
3297 3828 3310 3863 :
3358 3810 3553 3867 Omnia

1973 3915 2092 3953 cum
2144 3899 2332 3954 ordine
2376 3902 2510 3969 [iant
2549 3902 2617 3956 "’.
2671 3902 2981 3975 lterttmque
3015 3902 3308 3960 Psaltuista
3350 3904 3551 3974 pradi-

1973 4001 2133 4045 cante
2196 4010 2208 4046 :
2259 3991 2599 4049 Circumdate
2656 3994 2786 4049 Sion
2837 4007 2887 4051 et
2942 3997 3350 4065 complectimini
3409 4014 3550 4060 eam,

1973 4093 2191 4137 narrate
2239 4085 2293 4136 in
2352 4085 2585 4139 turribus
2632 4086 2769 4155 ejus.
2818 4087 3012 4149 Ponite
3063 4090 3227 4143 corda
3271 4100 3444 4144 vestra
3498 4093 3554 4145 in

1973 4176 2163 4230 virtute
2201 4175 2338 4245 ejus,
2368 4187 2426 4230 ut
2457 4184 2715 4234 enarratis
2756 4182 2812 4234 in
2840 4183 3107 4254 progenies
3139 4183 3335 4237 alteras
3374 4199 3391 4235 :
3422 4200 3554 4253 quo-

1975 4268 2119 4321 niam
2156 4267 2240 4320 hic
2280 4279 2356 4322 est
2400 4269 2656 4325 Dominus
2692 4271 2833 4327 Deus
2875 4282 3054 4328 noster
3096 4276 3150 4328 in
3196 4284 3474 4334 wlernum.
3503 4286 3554 4330 et

1974 4362 2086 4430 ipse
2116 4370 2250 4431 reget
2282 4377 2377 4415 nos
2414 4363 2466 4415 in
2501 4363 2698 4417 saecula
2724 4364 2792 4417 ⁸ο.
2821 4362 2993 4420 Ofﬁcii
3033 4367 3180 4420 enim
3209 4368 3386 4423 nostri
3417 4382 3555 4421 con-

1977 4453 2344 4518 sideratione,
2392 4467 2503 4508 non
2560 4463 2645 4510 est
2694 4456 2853 4512 nobis
2892 4457 3262 4524 dissimulare,
3301 4475 3411 4515 non
3467 4468 3555 4515 est

1910 4529 1952 4583 Ῑ)
1977 4551 2162 4600 tacere
2203 4545 2468 4611 liberum,
2507 4548 2708 4618 quibus
2744 4549 2920 4618 major
2970 4551 3186 4605 cunctis
3228 4550 3555 4607 Christiana

1980 4637 2261 4707 religionis
2310 4640 2460 4693 zelus
2507 4639 2803 4704 incumbit,
2842 4656 2914 4695 ne
2953 4657 3049 4711 per
3086 4643 3551 4709 taciturnitatem,

1978 4743 2072 4787 aut
2119 4733 2325 4797 favere,
2368 4741 2462 4786 aut
2510 4735 2822 4790 consentire
2869 4734 3151 4790 videamur
3190 4736 3418 4791 fratrum
3450 4753 3553 4791 no-

1976 4826 2264 4879 cumentis.
2305 4823 2500 4878 Datum
2542 4824 2803 4881 Kalendis
2858 4825 3138 4891 Octobris,
3180 4825 3460 4883 Feliciano
3496 4839 3553 4886 ct

1978 4913 2324 4981 Maximiano,
2360 4917 2495 4971 viris
2523 4912 2869 4986 clarissimis,
2898 4920 3243 4976 consulibus.
3558 4906 3563 4911 ’

371 5146 416 5177 ⁷⁸
454 5146 612 5200 Rom.
650 5157 757 5206 ιιι,
789 5139 859 5209 4,
895 5140 949 5195 5.
1023 5137 1068 5170 ⁷⁷
1104 5135 1264 5192 Hebr.
1302 5151 1399 5188 xm
1426 5176 1441 5202 ,
1476 5136 1529 5190 9.
1605 5134 1651 5166 ⁷⁸
1690 5133 1847 5189 Cant.

1994 5138 2045 5193 4.
2118 5138 2163 5169 ⁷⁸
2204 5137 2224 5190 l
2258 5136 2384 5199 Cor.
2423 5154 2532 5204 MV,
2568 5139 2657 5235 ἑο.
2733 5140 2780 5175 ⁸⁸
2817 5138 2962 5199 Psal.
3001 5159 3169 5210 XLVII,
3208 5146 3394 5204 13-15,

369 5367 484 5436 (37)
514 5364 759 5421 Africani
786 5363 889 5418 PP.
919 5364 976 5418 in
1001 5378 1088 5433 ep.
1113 5362 1178 5417 ad
1209 5358 1565 5414 Bonifacium.

2042 5358 2152 5431 (58)
2193 5357 2251 5416 S.
2281 5358 2408 5425 Leo,
2442 5376 2531 5431 ep.
2566 5363 2656 5419 84.
