3976 6388
454 329 592 386 αδδ

1636 321 1698 376 S.
1745 318 2211 375 ATHANASICS.
2252 349 2317 357 ——~
2352 317 2627 372 SPL'RLL

3558 320 3690 377 1ιέἱῦ

518 492 763 564 Epistula
793 486 1145 546 Orientalium
1175 484 1247 537 ad
1288 482 1498 536 Iuliani
1528 497 1723 550 papam
1778 481 2143 564 conantium.
2181 480 2320 549 quod
2354 482 2406 533 in
2437 481 2857 535 communionem
2900 482 3147 550 receperit
3179 480 3550 548 Athanasium,
3575 494 3625 539 et

1572 565 1788 605 ceteros
1817 569 1949 621 quos
1982 553 2085 619 ipsi
2110 552 2519 606 damnat-erant.

518 680 750 736 Domino
796 678 1141 736 beatissimo,
1185 682 1241 729 et
1288 672 1597 727 honorabili
1649 671 1801 725 Patri
1851 669 2019 735 Julio,
2051 686 2097 734 Α
2124 672 2349 741 eligitis,
2387 680 2519 727 tunc
2566 673 2757 742 liquet,
2789 672 2934 743 quod
2984 687 3084 728 nos
3141 672 3371 743 perdere
3415 676 3597 737 vultis,
3639 685 3692 736 et

448 775 763 844 apostolica
815 769 962 824 sedis
1012 767 1309 820 venerabili
1368 767 1665 838 episcopo,
1724 765 2019 827 Eusebius,

451 860 965 934 Theogonius,(59)
1019 857 1367 921 Theodorus,
1418 867 1473 913 et
1528 857 1859 921 Berintbus,
1914 873 2022 910 una

446 973 572 1012 cum
616 954 841 1023 reliquis
888 951 1151 1005 fratribus
1197 960 1254 1005 et
1302 951 1647 1021 coepiscopis
1698 951 1905 1005 nostris
1967 951 2022 1004 in

444 1048 730 1103 Antiochia
763 1044 1130 1113 congregatis.

513 1140 624 1207 (ιθ)
680 1136 834 1190 Licet
880 1134 1028 1187 circa
1079 1149 1273 1189 omnes
1341 1132 1641 1187 Ecclesium
1719 1130 2020 1186 Romanam

443 1232 689 1286 sciamus
732 1245 857 1284 esse
898 1230 1239 1289 muniﬁcam,
1297 1237 1351 1280 et
1404 1226 1762 1296 apostolicam
1818 1226 2022 1279 habere

442 1337 657 1385 uram,
687 1328 744 1376 et
767 1330 996 1376 matrem
1025 1335 1243 1389 semper
1267 1318 1537 1373 exsistere
1566 1318 1809 1388 pietatis,
1846 1332 2026 1387 quan-

441 1431 608 1485 quam
671 1416 743 1470 ab
789 1416 1016 1469 Oriente
1063 1414 1132 1468 ad
1186 1428 1309 1467 eam
1358 1412 1745 1482 praedicatores
1801 1412 2021 1481 pietatis

443 1509 803 1569 advenerunt,
836 1516 1023 1563 tamen
1069 1515 1385 1577 Optaremus
1410 1521 1511 1560 vos
1552 1506 1838 1559 nobiscum
1884 1519 2016 1558 con-

445 1600 705 1663 cordare,
743 1610 800 1656 et
840 1615 984 1670 quos
1022 1613 1054 1652 a
1091 1598 1482 1652 communione
1531 1596 1944 1664 suspendimns,
1988 1610 2021 1648 a

446 1692 601 1745 vobis
624 1706 751 1746 esse
774 1706 1099 1760 suspensos.
1124 1688 1189 1741 Et
1216 1704 1355 1759 quos
1394 1688 1449 1741 in
1491 1688 1685 1742 ordine
1730 1686 2022 1740 confirma-

442 1801 566 1840 mus
591 1786 997 1856 quiscoporum,
1026 1799 1059 1837 a
1089 1784 1245 1839 vobis
1271 1797 1397 1838 esse
1435 1780 1755 1844 ﬁrmandos,
1790 1796 1889 1835 nec
1920 1795 2021 1836 nos

441 1877 692 1932 secundo
747 1877 871 1931 loco
918 1875 1203 1930 habendos
1244 1890 1368 1927 cum
1400 1874 1470 1928 iis
1508 1874 1603 1943 qui
1642 1889 1709 1927 ex
1747 1873 1834 1927 his
1896 1888 2023 1943 par-

440 1970 592 2023 tibus
633 1970 703 2022 ad
739 1984 837 2024 vos
876 1985 1050 2038 usque
1080 1967 1516 2037 dogmatizantes
1550 1967 1783 2037 apostoli
1830 1981 2019 2036 perves

2129 779 2238 816 non
2278 772 2337 815 nt
2370 774 2525 833 pater
2573 764 2716 817 tilios
2776 764 2975 820 fovere.
3034 764 3229 818 Dicunt
3277 766 3424 820 enim
3454 778 3504 822 et
3555 771 3690 823 amr-

2130 864 2301 912 ruant.
2334 864 2445 908 tam
2478 856 2630 912 cives
2668 858 2923 919 istorum,
2963 872 3127 927 quam
3158 859 3581 915 consacerdotes
3607 878 3694 917 eo-

2131 962 2273 1008 rum,
2321 946 2422 1002 hos
2472 947 2656 1003 fovere
2699 965 2797 1004 vos
2841 951 2998 1014 velle,
3054 950 3379 1014 homicidas,
3421 968 3691 1008 sacrorum

2128 1041 2452 1109 templorum
2484 1056 2790 1101 eversores.
2820 1042 3088 1112 virginum
3121 1052 3484 1114 stupratores,
3519 1062 3696 1099 sacro-

2129 1146 2250 1183 rum
2298 1133 2566 1186 librorum
2608 1135 2950 1195 incensores,
2980 1150 3376 1206 sacrorumque.
3423 1153 3691 1203 vasorum,

2126 1230 2183 1276 et
2209 1233 2530 1276 exterorum
2561 1239 2845 1281 sacrorum
2874 1226 3300 1281 ministeriorum
3334 1226 3691 1293 fraudatores,

2126 1314 2426 1368 oﬂieiorum
2466 1316 2828 1385 neglectores,
2870 1318 3262 1388 imperatorum
3316 1320 3536 1379 inlidos.
3573 1339 3696 1392 gen-

2127 1406 2200 1462 tis
2229 1416 2281 1462 et
2317 1410 2505 1477 patriae
2534 1408 2863 1478 proditores,
2901 1420 2957 1465 et
2994 1412 3137 1466 inter
3165 1414 3483 1469 sacerdotes
3531 1416 3696 1471 maxi-

2127 1514 2271 1551 mam
2304 1510 2629 1570 generantes
2667 1502 3023 1567 discordiam,
3057 1520 3123 1558 eo
3173 1505 3325 1573 quod
3364 1506 3693 1561 substantia-

2128 1590 2298 1646 litatis
2333 1607 2542 1657 vocem,
2587 1610 2709 1663 quae
2757 1595 2961 1664 scripta
3010 1612 3118 1649 non
3170 1596 3454 1651 invenitur
3496 1599 3548 1652 in
3580 1600 3694 1655 ﬁdei

2125 1682 2399 1746 doctrina,
2448 1693 2771 1755 posuerunt.
2831 1686 2970 1753 Quid
3021 1689 3176 1757 plura
3228 1706 3554 1747 enumerare
3605 1708 3695 1747 ue-

2127 1792 2281 1831 eesse
2308 1786 2414 1844 est,
2449 1794 2574 1832 cum
2611 1788 2831 1850 propter
2860 1796 2958 1835 eos
2989 1783 3168 1846 nobis,
3198 1790 3254 1837 et
3280 1785 3497 1840 cunctis
3528 1787 3695 1856 regio-

2128 1871 2214 1924 nis
2239 1870 2404 1939 hujus
2425 1871 2830 1928 habitatoribus
2863 1874 3183 1936 scientibus,
3213 1883 3365 1930 tanta
3398 1880 3575 1934 caules
3610 1882 3695 1934 lno-

2126 1963 2337 2017 minum
2368 1965 2439 2017 sit
2481 1976 2811 2034 perpetrata,
2851 1975 2910 2020 ut
2940 1968 3175 2038 amplius
3210 1986 3375 2040 quam
3412 1972 3561 2026 mille
3604 1972 3693 2024 ho-

442 2064 647 2117 nerint.
687 2061 797 2118 Nec
818 2064 964 2118 enim
986 2078 1089 2117 nos
1110 2062 1268 2116 vobis
1300 2060 1557 2115 reluctati
1591 2074 1803 2121 sumus,
1829 2073 2025 2128 quam-
2050 2044 2098 2103 Β
2126 2058 2303 2109 mines
2352 2057 2463 2109 sint
2498 2059 2801 2126 prostrati?
2844 2057 3066 2115 Talibus
3096 2071 3278 2117 autem
3313 2062 3519 2130 favere,
3571 2064 3693 2134 quid

441 2156 526 2209 vis
561 2156 665 2209 hoc
712 2170 874 2226 agere
913 2155 1308 2224 potuissemus,
1341 2150 1564 2223 quando
1609 2150 1945 2206 Novatianus
1986 2166 2017 2204 a

442 2247 687 2302 Romana
729 2248 923 2318 pulsus
960 2257 1047 2302 est
1080 2246 1347 2302 Ecclesia.
1390 2244 1697 2311 Quoniam,
1746 2245 1823 2297 uti
1860 2245 2017 2312 juxta

438 2343 716 2413 vulgarem
796 2340 1251 2397 consuetudinem
1322 2339 1650 2409 loquamur,
1706 2338 2017 2391 inimicitias

436 2436 626 2506 quierit
671 2434 845 2488 omnis
887 2434 979 2503 qui
1013 2433 1122 2487 vult
1173 2432 1415 2486 recedere
1458 2431 1524 2484 ab
1574 2431 1745 2484 amico
1798 2429 1865 2482 ⁸⁸.
1909 2427 2019 2483 Nec

436 2529 668 2582 crimine
709 2542 900 2582 carere
925 2533 1129 2597 potest,
1174 2526 1271 2596 qui
1306 2525 1537 2580 alterius
1574 2523 2019 2579 excommunica-

437 2629 552 2674 tnm
593 2619 800 2690 absque
840 2618 963 2687 ejus
1009 2618 1251 2677 licentia,
1285 2632 1316 2670 a
1356 2631 1467 2687 quo
1508 2617 1897 2670 communione
1934 2623 2020 2670 est

436 2712 708 2782 privatus,
748 2711 803 2764 in
828 2708 1270 2765 communionem
1329 2709 1668 2778 susceperit,
1713 2708 2017 2763 canonibus

437 2804 605 2858 semel
644 2802 1006 2873 iubentibus,
1053 2803 1565 2857 excommunicatus
1618 2800 1689 2853 ab
1736 2800 1894 2864 aliis,
1951 2799 2021 2853 ab

436 2898 560 2953 aliis
626 2912 737 2952 non
775 2895 1133 2962 suscipiatur,
1191 2894 1499 2948 viventibus
1553 2892 1702 2953 illis,
1744 2908 1774 2944 a
1817 2891 2018 2961 quibus

435 2990 824 3044 communione
856 2987 1104 3059 privatus
1132 3000 1254 3040 esse
1299 2985 1661 3055 dignoscitur.
1698 2982 1808 3039 Nec
1836 2985 2017 3039 solum

437 3083 492 3136 in
520 3081 608 3136 his
637 3080 799 3135 nobis
817 3079 1205 3133 contumeliam
1229 3077 1506 3145 irrogatis,
1525 3074 1621 3130 sed
1649 3078 1815 3128 etiam
1845 3076 1901 3129 in
1929 3075 2015 3130 bis

436 3172 686 3242 quaedam
715 3170 948 3227 consilia
983 3178 1172 3222 nostra
1199 3166 1527 3230 dissolvitis,
1558 3181 1735 3236 neque
1763 3181 1827 3222 ea
1871 3175 2018 3220 recte

437 3265 677 3320 deﬁnitis
710 3278 856 3319 esse.
887 3262 1032 3316 Sunt
1060 3276 1299 3331 namque
1339 3276 1371 3314 a
1404 3260 1587 3325 nobis,
1624 3266 1677 3314 et
1718 3259 1955 3313 maxime
1986 3274 2018 3312 a

437 3358 611 3410 totius
661 3355 904 3409 Orientis
978 3351 1254 3422 episcopis
1315 3350 1597 3413 damnati,
1681 3349 2017 3403 Athanasius

436 3445 864 3509 Alexandrinus,
880 3420 1087 3498 Paulus
1107 3420 1769 3512 constantinopolitanus,
1787 3439 2017 3495 Marcel-
2045 3420 2091 3482 (ἶ

439 3540 527 3593 lus
544 3538 789 3601 Aneiraz,
824 3536 1110 3606 Asclepios
1139 3535 1329 3599 Gazae,
1352 3533 1737 3602 Lucianusque
1764 3531 2014 3605 [Lucius]

442 3624 918 3695 Adrianopolites,
991 3639 1093 3693 pro
1154 3623 1323 3679 certis
1397 3622 1760 3687 criminibus,
1816 3623 2019 3692 quibus

439 3713 739 3769 adversarii
768 3723 898 3769 sunt
935 3713 1081 3784 apud
1127 3729 1228 3769 nos
1275 3714 1551 3784 inscripti,
1593 3730 1715 3784 qua:
1750 3729 1848 3784 per
1882 3730 2023 3783 pne-

434 3817 623 3861 sentes
694 3806 860 3876 hujus
909 3808 1156 3875 epistolae
1214 3807 1419 3862 latores
1467 3807 1653 3861 omnia
1709 3807 1814 3860 sub
1868 3815 2019 3860 certa

438 3898 701 3953 relatione
730 3909 928 3954 vestra:
950 3900 1294 3955 innotescere
1329 3914 1437 3953 non
1471 3899 1775 3954 omittimus
1808 3902 2018 3953 sancti-

438 3992 561 4047 tati.
592 3991 805 4057 Quibus
836 3994 1061 4063 agnitis,
1097 3993 1142 4048 si
1174 3993 1382 4047 nostris
1412 3993 1629 4062 placitis
1656 3991 1831 4061 magis
1852 4006 2018 4060 quam

433 4097 628 4138 eorum
660 4084 1157 4140 machinationibus
1180 4085 1448 4140 assentire
1467 4124 1482 4147 ,
1507 4092 1560 4138 et
1584 4084 1868 4139 ordinatos
1904 4083 2019 4153 epi-

439 4188 638 4244 scopos
666 4175 725 4228 in
755 4173 1139 4234 damnatorum
1173 4176 1299 4231 loco
1329 4176 1551 4230 ﬁrmare
1581 4175 1803 4241 eligitis,
1826 4191 2018 4246 pacem

437 4263 747 4325 vobiscum,
787 4270 844 4317 et
890 4265 1336 4319 communionem
1382 4264 1587 4319 habere
1626 4265 1907 4320 volumus.
1958 4262 2017 4319 Si

438 4368 573 4409 vero
596 4354 756 4408 aliter
776 4354 1020 4425 egeritis,
1047 4362 1103 4409 et
1138 4356 1219 4410 eis
1253 4356 1489 4425 amplius
1509 4370 1672 4425 quam
1700 4358 1860 4412 nobis
1885 4373 2020 4413 con-

437 4444 645 4500 sentire
665 4444 830 4516 603
865 4445 1268 4515 judicaveritis,
1293 4448 1572 4501 contraria
1595 4447 2016 4513 celebrabimus,

439 4545 494 4591 et
544 4537 824 4593 vobiscum
859 4536 1120 4607 deinceps
1167 4554 1271 4593 nec
1320 4540 1663 4609 congregari,
1714 4556 1815 4596 nec
1861 4543 2018 4598 vobis

437 4633 682 4699 obedire,
720 4649 824 4688 nec
848 4633 1006 4689 vobis
1038 4634 1346 4703 vestrisque
1389 4633 1573 4689 favere
1616 4635 1890 4700 volumus,
1921 4637 2017 4691 sed

438 4741 534 4795 per
564 4742 671 4782 nos
702 4725 969 4797 quidquid
999 4727 1197 4782 melius
1224 4727 1552 4798 elegerimus
1585 4742 1748 4798 agere
1789 4730 2016 4784 conabi-

435 4838 579 4878 mur.
615 4822 749 4877 Nam
780 4825 968 4878 nullus
1002 4834 1089 4878 est
1120 4824 1174 4878 in
1194 4824 1298 4878 hac
1331 4832 1486 4894 parte
1511 4832 1780 4880 terrarum
1801 4834 2014 4881 nitatem

432 4914 665 4979 habens,
701 4918 795 4987 qui
828 4916 1044 4987 ignoret
1096 4918 1483 4987 praedictorum
1530 4918 1812 4973 volumina
1846 4920 2015 4973 sedu-

431 5017 668 5061 ctorum.
696 5006 929 5078 Propter
949 5024 1047 5064 eos
1070 5010 1215 5064 enim
1239 5012 1414 5063 multa
1444 5020 1573 5066 sunt
1600 5012 1739 5064 mala
1771 5019 2015 5081 peracta,

433 5099 606 5152 multa
643 5100 876 5154 concilia
918 5100 1155 5155 diversis
1197 5108 1253 5155 et
1291 5101 1505 5171 asperis
1556 5103 1893 5171 temporibus
1925 5119 2016 5157 ce-

434 5190 664 5255 lebrata,
698 5192 884 5247 multae
920 5193 1293 5256 seductiones,
1330 5194 1516 5248 multae
1554 5195 2008 5257 machinationes,

433 5284 605 5339 multa
641 5285 803 5339 nobis
849 5286 1142 5356 opprobria
1180 5286 1354 5349 illata,
1404 5295 1457 5342 et
1506 5286 1613 5339 alia
1658 5287 1851 5350 multa,
1890 5302 2013 5357 qua:

434 5390 755 5434 enumerare
799 5380 1119 5451 perlongum
1154 5388 1259 5435 est.
1303 5378 1463 5444 Nam,
1488 5380 1535 5434 si
1574 5379 1661 5436 his
1697 5382 2011 5437 consentire

506 5556 551 5590 ἰ
588 5556 749 5611 Prov.
783 5575 953 5623 xvm,
988 5561 1039 5613 l.
1115 5562 1159 5593 ⁸¹
1201 5559 1355 5613 Rom.
1393 5576 1445 5625 ι,
1480 5561 1568 5614 52.

508 5731 620 5797 (39)
659 5731 980 5791 Theodorus
1002 5735 1335 5793 Perinthius.

2126 2148 2271 2200 aliud
2296 2156 2403 2210 est,
2436 2164 2600 2219 quam
2633 2151 2933 2207 sceleribus
2963 2168 3152 2207 eorum
3184 2156 3537 2211 consentire?
3569 2159 3694 2214 Cum

2122 2255 2278 2294 sacra
2305 2239 2343 2293 S
2378 2243 2587 2312 riptura
2623 2243 2737 2299 haec
2766 2245 3070 2314 prohibeat,
3105 2247 3296 2302 dicens
3326 2266 3341 2301 :
3376 2247 3502 2303 Non
3533 2251 3696 2305 solum

2119 2334 2211 2402 qui
2241 2334 2445 2401 faciunt
2479 2336 2767 2403 culpabiles
2797 2339 3081 2402 exsistunt,
3131 2341 3223 2392 sed
3262 2343 3428 2394 etiam
3463 2345 3555 2413 qui
3580 2359 3695 2396 cono

2120 2428 2352 2479 sentiunt
2387 2428 2710 2495 facientibus
2744 2429 2811 2484 ε’.
2849 2428 3078 2485 Talibus
3115 2433 3264 2487 enim
3303 2450 3402 2489 vos
3433 2436 3695 2491 obsistere

2122 2520 2253 2573 totis
2282 2520 2493 2575 viribus
2525 2523 2815 2592 optimum,
2846 2539 2914 2578 ne
2936 2524 3293 2580 involvamini
3328 2530 3572 2597 peccatis
3604 2544 3693 2583 eo-

2121 2627 2266 2676 rum,
2316 2629 2386 2667 ne
2441 2616 3066 2672 excommunicationem
3120 2633 3314 2672 eorum
3362 2620 3691 2692 suscipiatis.

2122 2705 2282 2759 Tales
2320 2706 2465 2761 enim
2495 2720 2526 2758 a
2548 2707 2705 2761 vobis
2738 2708 2925 2777 procul
2955 2709 3194 2778 abjicite,
3227 2727 3299 2765 ne
3336 2720 3558 2781 propter
3587 2714 3695 2768 ani-

2124 2798 2431 2853 mositatem
2468 2800 2673 2869 populi,
2707 2800 2976 2870 sacrilega
2990 2801 3339 2857 dissensione
3362 2802 3690 2874 dispeream,

2123 2890 2308 2959 itaque
2336 2891 2603 2960 optimum
2632 2907 2729 2947 vos
2762 2892 3025 2962 improbis
3051 2894 3225 2963 probe
3254 2896 3537 2952 resistere.
3567 2895 3694 2962 Qua-

2122 2988 2345 3051 propter
2386 2982 2431 3036 si
2485 2983 2838 3053 neglexeritis
2866 2984 3162 3038 deturbare
3186 3001 3503 3055 perversos,
3534 2987 3692 3056 liquet

2120 3074 2268 3142 quod
2318 3088 2510 3128 eorum
2562 3075 2864 3145 protegatis
2909 3090 3173 3130 errorem.
3219 3076 3331 3133 Nec
3385 3094 3516 3133 vero
3555 3087 3693 3133 caret

2121 3166 2381 3235 scrupulo
2414 3166 2693 3222 societatis
2717 3167 2968 3230 occultae,
2997 3168 3090 3238 qui
3116 3169 3410 3225 manifeste
3439 3170 3692 3224 facinori-

2120 3257 2225 3313 bus
2253 3258 2454 3312 desinit
2489 3259 2736 3314 obviare.
2767 3264 2925 3314 Decet
2953 3261 3099 3314 enim
3134 3277 3233 3316 vos
3266 3262 3334 3316 ad
3370 3261 3691 3332 arguendaai

2122 3352 2451 3421 proterviam
2494 3366 2708 3412 eorum,
2750 3352 2987 3422 linguam
3022 3364 3261 3408 vestram
3310 3370 3599 3420 exacuere,
3645 3363 3692 3409 et

2121 3439 2269 3494 velut
2311 3455 2619 3497 venenosos
2666 3458 2697 3495 a
2752 3445 2906 3499 vobis
2948 3446 3232 3515 repellere,
3283 3461 3355 3500 ne
3391 3462 3581 3501 eorum
3610 3462 3692 3500 ve-

2122 3546 2266 3585 neno
2294 3546 2412 3595 vos,
2446 3535 2725 3604 vestrique
2752 3537 2806 3589 in
2837 3537 3021 3607 aliquo
3042 3541 3388 3594 sauciemini.
3421 3539 3691 3595 Sulliciant

2123 3624 2206 3679 ba:
2234 3625 2392 3680 vobis
2437 3627 2801 3697 querimonia:
2834 3637 3030 3684 contra
3061 3646 3158 3685 eos
3183 3631 3400 3695 delatae,
3440 3634 3689 3703 quoniam

2120 3720 2458 3791 derelinquet
2482 3738 2585 3777 nos
2610 3731 2848 3794 tempus,
2875 3725 3175 3779 secundum
3196 3726 3344 3795 quod
3366 3728 3445 3779 ait
3466 3728 3692 3798 Aposto-

2124 3813 2232 3875 lus,
2269 3814 2315 3868 si
2365 3814 2706 3870 voluerimus
2741 3817 2990 3871 omnium
3038 3818 3452 3888 obloquentium
3488 3820 3691 3874 oblatas

2122 3914 2314 3960 contra
2358 3921 2456 3961 eos
2504 3906 2808 3976 producere
2837 3908 3108 3978 querelas.
3140 3911 3378 3964 maxime
3410 3925 3539 3964 cum
3587 3911 3689 3963 haec

2122 3999 2284 4053 nobis
2329 3996 2622 4061 suﬂiciant,
2657 4014 2778 4069 quae
2802 4000 3054 4069 superius
3088 4001 3235 4054 dicta
3265 4008 3418 4056 sunt.
3461 4000 3573 4056 Nec
3599 4015 3690 4055 no-

2122 4090 2209 4143 bis
2259 4104 2489 4145 necesse
2541 4090 2740 4146 iterum
2791 4107 2982 4148 eorum
3034 4092 3316 4163 divulgare
3364 4095 3533 4160 mala,
3576 4108 3690 4148 cum

2120 4183 2239 4253 ipsa
2276 4198 2374 4253 per
2414 4198 2475 4238 se
2514 4185 2802 4253 prodeant,
2834 4193 2890 4240 et
2916 4184 3151 4241 maxime
3178 4201 3374 4242 omnes
3406 4188 3690 4244 orientales

2121 4284 2289 4330 testes
2320 4291 2487 4347 super
2527 4292 2719 4330 eorum
2754 4277 2915 4332 malis
2959 4277 3251 4333 exsistant.
3304 4276 3370 4331 In
3401 4295 3492 4333 ore
3536 4279 3685 4337 enim,

2115 4367 2273 4436 juxta
2303 4365 2450 4436 quod
2482 4368 2751 4437 scriptum
2782 4376 2889 4435 est,
2921 4368 3146 4424 duorum
3175 4370 3255 4423 rel
3288 4372 3449 4423 trium
3492 4372 3689 4425 testium

2120 4456 2283 4511 stabit
2333 4471 2485 4510 omne
2517 4456 2728 4510 verbum
2773 4458 2840 4514 ⁸³.
2879 4458 3094 4524 Quanto
3124 4460 3301 4530 magis
3350 4461 3405 4515 in
3453 4461 3690 4515 multitu-

2119 4549 2248 4604 dine
2292 4555 2571 4603 tantorum
2620 4550 2989 4616 sacerdotum,
3022 4554 3374 4623 p0pulorum,
3417 4554 3686 4613 abbatum.

2119 4642 2207 4697 vel
2235 4641 2653 4707 monachorum,
2685 4654 2740 4698 et
2767 4646 2975 4714 scripto
3011 4653 3065 4699 et
3103 4659 3243 4704 voce
3278 4653 3473 4699 contra
3505 4647 3686 4699 borum

2048 4763 2091 4817 ι)
2121 4733 2448 4803 pravitatem
2486 4734 2732 4803 quotidie
2766 4735 3228 4789 acclamantium?
3276 4736 3391 4791 Nos
3439 4752 3571 4793 vero
3600 4736 3686 4792 diu

2120 4826 2562 4895 exspectavimus
2601 4842 2718 4889 eos,
2758 4843 2855 4897 per
2893 4829 3119 4882 multam
3151 4828 3495 4899 patientiam,
3528 4838 3586 4882 ut
3615 4826 3689 4881 fa-

2119 4924 2307 4972 cerent
2337 4933 2495 4980 uvas.
2516 4917 2615 4973 sed
2640 4918 2715 4971 illi
2739 4935 2770 4974 e
2796 4919 3075 4973 contrario
3110 4918 3361 4975 fecerunt
3390 4920 3685 4976 labrusms.

2120 5010 2233 5065 Vos
2286 5026 2419 5082 ergo
2463 5028 2572 5066 non
2618 5013 2885 5082 optimum
2937 5011 3005 5066 de
3053 5020 3253 5067 czetero
3289 5014 3585 5085 negligere,
3640 5021 3687 5066 et

2118 5102 2339 5158 dill'erre
2383 5105 2545 5169 tales,
2577 5120 2645 5159 ne
2689 5104 2855 5175 (quod
2886 5102 3092 5174 absit!)
3126 5116 3428 5160 memorata
3472 5105 3683 5160 crimina

2119 5209 2310 5247 eorum
2340 5194 2734 5249 subimitemiui
2778 5194 3229 5251 irrationabiliter
3269 5198 3561 5268 episcopos
3601 5211 3683 5266 po-

2120 5294 2334 5342 nentes.
2376 5286 2483 5357 lpsi
2508 5288 2677 5351 enim,
2710 5287 2820 5341 nisi
2849 5287 2959 5341 cito
2984 5286 3352 5357 corrigentur,
3373 5289 3528 5357 juxta
3552 5284 3679 5357 quod

2120 5380 2313 5435 beatus
2366 5381 2662 5450 Apostolus
2704 5387 3061 5449 protestalur,
3117 5379 3422 5435 Secundum
3446 5380 3697 5435 duritiam

1673 5560 1692 5591 ³
1732 5560 1919 5615 Matth.
1963 5576 2129 5625 xviii,
2170 5560 2252 5616 l6.

2190 5735 2298 5801 (40)
2334 5734 2457 5791 llaec
2486 5752 2550 5792 ex
2597 5734 2838 5789 Historia
2880 5734 3176 5796 tripartito.
