3976 6388
328 412 465 466 M37

1241 409 1511 465 PONTIF.
1553 410 1719 467 ROM.
1762 410 1850 465 ET
1889 408 2258 465 ATHANASII
2297 408 2678 464 EPISTOL/E.‘

3408 406 3548 465 “58

312 540 514 588 eorum,
547 532 598 577 et
630 539 719 577 cor
756 523 1079 591 impmnitens
1127 522 1485 577 thesaurizant
1521 526 1635 583 sibi
1664 527 1796 578 iram
1828 524 1880 576 in
1912 530 1955 583 Α
1988 530 2207 593 propter
2239 538 2363 576 eum
2395 522 2505 576 sint
2532 529 2774 593 peracta,
2810 521 2902 576 sed
2942 521 3105 576 etiam
3134 520 3350 591 quidem
3381 537 3410 575 a
3435 522 3546 590 jam

311 616 396 672 die
428 618 543 678 ἕνα»,
577 625 625 669 et
655 615 985 669 reuelationis
1023 615 1163 684 justi
1179 614 1373 683 judicia"
1421 614 1538 678 Dei,
1585 617 1673 685 qui
1702 614 1877 669 reddet

308 709 589 778 unicuique
634 706 918 761 secundum
949 722 1106 776 opera
1134 707 1246 776 ejus
1300 709 1366 764 ⁸⁸,
1415 707 1516 775 Qui
1545 708 1877 781 {corrigendi

309 808 458 863 sunt,
494 814 591 867 per
621 797 972 867 temporalem
1015 795 1450 862 delectationem,
1498 807 1551 854 et
1597 814 1691 868 per
1735 815 1882 852 men-

306 891 485 953 dacia,
508 897 669 959 atque
690 890 941 959 ﬁgmenta
976 904 1096 952 sua,
1128 889 1283 944 vobis
1317 890 1396 944 eis
1426 905 1709 945 assensum
1743 906 1878 960 prm-

308 981 588 1043 bentibus,
629 987 829 1033 aeterna
876 978 1103 1048 perdent
1134 979 1374 1048 praemia,
1406 995 1525 1049 quae
1557 995 1653 1049 per
1693 994 1875 1033 veram

307 1073 689 1144 pteuitentiam
717 1071 978 1140 consequi
1008 1077 1257 1139 possunt.
1293 1068 1404 1123 Nec
1442 1071 1555 1124 haec
1583 1085 1702 1140 quae
1747 1085 1880 1139 prae-

306 1164 451 1217 dicta
506 1171 633 1216 sunt
684 1163 1026 1217 solummodo
1101 1161 1400 1216 Athanasio
1447 1169 1503 1216 et
1550 1162 1878 1231 sequacibus

307 1251 425 1321 ejus
459 1252 784 1321 irrogamus,
834 1250 928 1305 sed
979 1250 1168 1317 etiam,
1198 1250 1343 1319 quod
1392 1258 1584 1304 contra
1633 1251 1875 1321 regulam

306 1343 495 1413 egerit,
533 1358 696 1413 quam
727 1357 828 1398 nos
855 1342 1296 1397 decreveramus.
1333 1341 1471 1408 Quia
1518 1357 1627 1397 non
1655 1342 1877 1397 decreto

306 1436 614 1489 communis
663 1434 881 1488 concilii
926 1435 1306 1505 episcoporum
1371 1433 1575 1503 recepit
1623 1432 1879 1488 sacerdoo

307 1527 463 1588 tium,
513 1525 607 1581 sed
647 1527 863 1581 sibimet
908 1526 1235 1596 arrogando,
1291 1526 1589 1581 Ecclesiam
1639 1524 1742 1581 fuit
1792 1526 1876 1580 iu-

306 1632 553 1685 gressus,
589 1626 643 1673 et
684 1619 740 1673 in
772 1618 899 1673 sede
945 1619 1167 1683 resedit,
1202 1634 1326 1673 cum
1356 1618 1561 1674 dudum
1594 1618 1874 1675 decretum

307 1708 504 1763 fuisset
538 1710 747 1763 nullum
779 1725 808 1762 a
838 1710 1096 1780 pauciore
1130 1724 1359 1765 numero
1394 1710 1608 1766 restitui
1655 1710 1871 1772 debere,

307 1813 470 1867 quem
495 1798 800 1868 depositum
832 1800 1000 1854 fuisse
1029 1807 1325 1854 constaret.
1366 1798 1592 1862 Deinde,
1615 1800 1871 1870 quoniam

1980 614 2128 667 dicto
2159 612 2458 667 Athanasio
2496 614 2642 673 czesi,
2668 611 2944 681 iudicibus
2974 611 3230 665 dicuntur
3257 625 3381 667 esse
3417 626 3549 665 cou-

1980 705 2186 759 traditi.
2242 704 2402 771 llaec,
2441 712 2493 759 et
2550 704 2654 757 alia
2713 702 3129 757 innumerabilia
3187 710 3315 757 sunt
3368 702 3437 757 ab
3484 717 3550 757 eo

1980 794 2204 862 suisque
2252 793 2580 861 sequacibus
2629 792 2984 862 impudenter,
3011 800 3360 861 perpetrata,
3409 807 3549 862 quos

1980 885 2507 948 cveommunicatos,
2539 883 2933 948 communioni,
2967 892 3027 937 ut
3056 884 3382 943 audivimus.
3410 900 3546 939 con-

1977 982 2063 1028 tra
2112 977 2353 1045 regulam
2391 975 2445 1028 in
2496 975 2879 1030 contumeliam
2913 975 3157 1028 omnium
3188 972 3547 1028 Orientalium

1979 1066 2250 1121 sociastis.
2289 1064 2522 1120 Prml‘ato
2548 1067 2729 1135 itaque
2763 1065 2959 1120 debitae
2990 1065 3336 1120 salutationis
3369 1063 3546 1120 olﬁcio

1979 1166 2199 1224 propter
2225 1155 2366 1209 beati
2395 1153 2540 1210 Petri
2575 1156 2860 1219 honorem,
2898 1156 3144 1224 impense
3180 1156 3542 1225 postulamus,

1978 1255 2039 1299 ut
2066 1248 2322 1317 deinceps
2352 1247 2418 1301 ad
2471 1258 2677 1303 vestras
2727 1247 2855 1302 hinc
2903 1247 3184 1301 venientes
3234 1261 3394 1302 aures
3433 1261 3545 1301 non

1976 1348 2085 1392 tam
2119 1338 2275 1392 facile
2326 1337 2644 1392 admittatis.
2679 1337 2861 1408 Neque
2911 1353 2941 1391 a
2986 1337 3144 1392 uobis
3173 1337 3548 1394 excommuni-

1977 1441 2128 1488 catos
2157 1432 2296 1487 ultra
2333 1431 2508 1486 velitis
2541 1433 2815 1502 excipere,
2848 1449 2915 1487 ne
2944 1446 3213 1487 canonum
3237 1440 3544 1504 transgres-

1978 1538 2131 1579 sores
2164 1522 2540 1585 inveniamini,
2573 1521 2668 1576 sed
2704 1523 2874 1593 magis
2901 1523 3048 1577 salva
3085 1523 3321 1577 fraterna
3363 1523 3547 1577 chari-

1978 1623 2109 1678 tate,
2145 1624 2387 1670 erratum
2423 1614 2526 1668 hoc
2566 1615 2621 1668 in
2674 1623 2951 1685 posterum
2986 1616 3207 1669 minime
3239 1615 3541 1686 patiamini.

1976 1704 2044 1759 Et
2086 1706 2421 1774 subscriptio
2454 1703 2749 1759 :Orantcm
2804 1720 2905 1775 pro
2960 1705 3118 1760 nobis
3181 1708 3543 1776 apostolatum

1977 1805 2218 1852 vestrum
2266 1794 2528 1851 Dominus
2576 1811 2692 1850 aevo
2732 1795 3006 1851 custodiat
3052 1796 3313 1867 longiore,
3345 1796 3547 1852 beatis-

307 1887 428 1955 ejus
462 1867 694 1944 adventu
736 1890 808 1944 sit
849 1889 1006 1944 turba
1037 1896 1328 1956 commota,
1358 1867 1687 1960 plurimique
1731 1889 1876 1944 sedi-
1908 1867 1947 1923 Β
1980 1889 2117 1944 sime
2144 1886 2326 1944 Pater.
2360 1892 2554 1944 Amen.

309 1975 457 2031 tione
508 1977 620 2032 sint
648 1979 868 2044 mortui,
913 1987 968 2033 et
1017 1994 1127 2033 non
1160 1979 1338 2033 solum
1371 1979 1484 2033 hazc
1534 1994 1630 2049 per
1669 1994 1791 2033 eum
1821 1985 1876 2032 et

898 2093 1226 2163 Rescriptum
1255 2095 1393 2148 Julii
1440 2111 1590 2165 papa:
1620 2103 1805 2149 contra
1847 2095 2144 2152 Orientales
2181 2112 2276 2165 pro
2307 2097 2599 2153 Athanasio
2630 2109 2679 2155 et
2718 2102 2945 2155 ueteris.

374 2202 566 2261 Julius
601 2216 804 2261 sanctae
845 2207 1104 2263 Romanae
1153 2218 1205 2264 et
1251 2210 1565 2280 apostolica:
1614 2208 1871 2265 Ecclesia:

307 2296 617 2365 cpisc0pus,
652 2296 907 2361 Eusebio,
939 2296 1276 2369 Theogonio,
1326 2298 1635 2366 Theodoro,
1678 2298 1869 2355 Berin-

308 2387 423 2451 tbo,
459 2393 514 2440 et
543 2387 753 2440 eteteris
783 2386 1153 2443 Orientalibus
1180 2389 1472 2461 episcopis.

378 2476 491 2547 (ll)
536 2475 798 2531 Det-uerat
842 2492 938 2531 vos
973 2477 1233 2533 adversus
1280 2485 1525 2535 sanctam
1577 2477 1872 2533 Romanam

306 2577 361 2623 et
391 2570 743 2639 apostolicam
796 2569 1117 2635 Ecclesiam,
1170 2571 1373 2633 limale,
1404 2578 1457 2625 et
1506 2587 1616 2625 nou
1670 2571 1875 2625 ironice

308 2660 477 2729 loqui.
540 2659 807 2726 Quoniam
869 2669 923 2715 et
980 2662 1095 2731 ipse
1150 2660 1414 2716 Dominus
1474 2670 1662 2717 noster
1714 2661 1875 2716 Jesus

305 2751 561 2805 Christus
596 2766 714 2805 eam
765 2752 1024 2807 decenter
1071 2753 1363 2817 allocutus,
1412 2754 1528 2809 ait:
1565 2754 1642 2807 Tu
1683 2770 1759 2818 es,
1793 2754 1877 2807 in-

308 2843 448 2912 quit,
481 2842 693 2906 Petrus,
723 2853 771 2896 et
804 2859 957 2911 super
982 2843 1116 2897 hanc
1144 2855 1344 2913 petram
1382 2844 1656 2915 aediﬁcabo
1690 2843 1875 2898 Eccle-

308 2934 445 2987 sium
485 2951 675 3000 meam,
706 2944 754 2988 et
784 2945 950 3003 porta:
980 2936 1137 3004 inferi
1177 2952 1279 2990 non
1307 2937 1664 3005 pravalebunt
1692 2938 1876 2991 adver-

308 3040 399 3077 sus
432 3040 571 3087 eam,
600 3033 650 3077 et
685 3025 777 3078 tibi
807 3025 942 3079 dabo
975 3028 1144 3081 claves
1180 3030 1325 3098 regni
1371 3028 1618 3083 caelorum
1649 3029 1718 3085 ⁸⁵.
1771 3029 1879 3083 Ha-

308 3116 399 3169 bet
470 3116 615 3169 enim
695 3124 1017 3186 potestatem
1085 3119 1349 3189 singulari
1420 3120 1700 3191 privilegio
1770 3122 1873 3176 sibi

308 3222 664 3271 concessam,
718 3211 932 3280 aperire
981 3220 1034 3265 et
1085 3212 1339 3267 claudere
1386 3213 1585 3281 januas
1637 3214 1877 3270 caelestis

310 3302 483 3371 regni,
534 3300 733 3370 quibus
785 3303 1033 3358 voluerit.
1073 3302 1206 3357 Nam
1240 3304 1286 3359 si
1321 3305 1369 3358 ei
1418 3304 1726 3370 detrahere,
1758 3322 1878 3377 quze

310 3389 528 3446 Domini
576 3409 671 3449 ore
724 3404 956 3461 sacrata,
1014 3405 1176 3467 atque
1221 3397 1456 3466 desuper
1486 3399 1719 3454 exaltata
1773 3409 1874 3467 est,

310 3499 418 3537 non
464 3487 748 3551 timuistis,
781 3502 880 3542 nec
918 3489 1114 3543 mirum
1151 3489 1198 3545 si
1230 3489 1491 3545 fratribus
1524 3492 1764 3561 irrogare
1793 3492 1876 3545 in-

303 3574 482 3641 jurias
519 3575 740 3631 minime
769 3581 1018 3634 cessatis.
1046 3578 1200 3634 Unde
1240 3581 1349 3649 jam
1384 3581 1601 3636 silentio
1642 3598 1749 3636 non
1797 3592 1878 3638 te-

309 3672 535 3732 guntur,
562 3680 683 3733 qua:
715 3674 896 3721 vestro
922 3670 1156 3723 concilio
1185 3672 1520 3735 turbulento,
1555 3680 1718 3743 atque
1753 3690 1877 3727 cum

310 3760 581 3821 potestate
626 3755 841 3810 decreta
902 3759 1031 3813 sint.
1089 3760 1326 3829 Apparet
1388 3763 1568 3825 enim,
1620 3764 1879 3833 quoniam

309 3842 547 3911 quadam
608 3846 946 3901 tumultuosa
998 3848 1496 3919 indisciplinatione
1544 3853 1745 3907 veritas
1797 3861 1882 3908 est

310 3946 594 4000 oppressa.
648 3933 757 4003 (4:2)
791 3933 959 3991 Vobis
1003 3939 1202 4008 quippe
1247 3955 1353 3993 non
1403 3942 1878 3999 considerantibus

311 4036 432 4089 quae
464 4023 680 4090 platent
705 4022 830 4087 Deo,
855 4038 1074 4095 propter
1098 4029 1300 4099 jurgia,
1327 4045 1446 4099 quae
1474 4038 1666 4084 contra
1694 4033 1878 4100 proxi-

311 4131 431 4171 mos
464 4125 677 4174 vestros
718 4119 948 4184 habetis,
1000 4130 1122 4177 vota
1164 4133 1340 4180 vestra
1391 4127 1722 4181 inevitabilia
1756 4144 1877 4183 esse

311 4208 661 4265 contenditis.
723 4209 827 4266 Sed
884 4215 989 4267 erit
1047 4230 1184 4283 opus
1241 4216 1439 4271 divinae
1500 4219 1872 4288 providentim,

311 4309 584 4368 quatenus
628 4318 658 4354 e
711 4304 984 4358 contrario
1016 4320 1045 4356 a
1080 4314 1230 4375 parte
1282 4308 1617 4382 deprehensa
1665 4309 1877 4378 possint

310 4394 586 4447 evacuari.
631 4393 693 4447 Et
731 4396 992 4466 quidquid
1025 4398 1135 4452 illic
1170 4404 1578 4465 convenientes,
1613 4403 1728 4456 sine
1767 4403 1878 4457 ulla

311 4485 551 4551 qualibet
582 4487 777 4554 gratia,
808 4490 953 4552 odio,
988 4499 1079 4544 aut
1114 4492 1522 4547 inimicitiarum
1554 4510 1720 4550 causa
1754 4511 1873 4565 ges-

312 4575 484 4637 sistis,
519 4575 765 4632 funditus
788 4582 992 4650 repelli.
1023 4581 1385 4653 QuaprOpter,
1405 4601 1528 4638 cum
1548 4588 1694 4639 omni
1723 4586 1875 4640 festi-

309 4667 533 4721 natione
561 4683 656 4723 vos
683 4683 872 4725 omnes
913 4672 980 4726 ad
1013 4674 1176 4742 hujus
1216 4684 1417 4730 sancta:
1447 4677 1596 4731 sedis
1628 4692 1879 4732 reveren-

311 4756 440 4810 tiam
475 4758 599 4811 volo
630 4774 975 4825 concurrere,
1009 4771 1280 4833 quatenus
1310 4774 1585 4835 gestorum
1615 4767 1759 4836 apud
1784 4783 1878 4821 vos

310 4846 676 4917 integritatem
713 4867 806 4919 per
839 4867 935 4907 vos
970 4853 1117 4923 ipsos
1151 4856 1374 4924 possitis
1406 4857 1715 4912 ostendere.
1741 4858 1874 4912 Nam

308 4952 414 4992 nec
464 4938 715 4994 dubitare
767 4957 863 4995 vos
907 4944 1068 4998 credo
1116 4946 1491 5010 Athanasium,
1536 4962 1705 5001 sacra:
1748 4948 1879 5018 legis
1912 4928 1955 4981 D

310 5030 614 5095 doctorem,
648 5048 757 5087 non
791 5036 966 5091 solum
996 5052 1025 5089 a
1053 5038 1233 5102 nobis,
1271 5037 1365 5093 sed
1403 5039 1567 5092 etiam
1603 5055 1632 5092 a
1659 5039 1876 5095 Nicaana

312 5121 544 5191 synodo,
610 5140 748 5178 verae
816 5125 936 5181 ﬁdei
1000 5127 1165 5200 θοῇ,
1223 5130 1486 5183 cultorem
1549 5145 1671 5185 esse
1726 5148 1874 5185 com-

315 5213 620 5281 probatum.
653 5214 754 5280 Qui
784 5216 1040 5273 defuncto
1074 5219 1380 5275 Alexandro
1432 5220 1666 5275 mirabili
1718 5240 1868 5287 sene,

314 5303 408 5370 qui
430 5301 545 5357 Arii
607 5315 977 5375 prostraverat
1029 5310 1412 5380 blasphemias.
1471 5321 1593 5382 post
1639 5316 1877 5385 quinque

312 5411 536 5453 menses
564 5397 766 5456 Nicaeni
798 5403 1035 5470 concilii,
1086 5405 1574 5459 Alexandrinorum
1623 5406 1878 5463 Ecclesia:

385 5554 431 5585 ⁸⁸
471 5554 631 5613 Rom.
668 5575 740 5623 ιι,
774 5561 840 5621 5.
877 5562 932 5613 6.
1009 5563 1052 5594 ⁸³
1096 5563 1283 5618 Matth.
1322 5580 1431 5626 xvi,
1470 5564 1571 5630 l8,
1608 5566 1696 5621 l9.

322 5798 352 5841 ς
392 5717 506 5839 (ιὲ)
533 5718 658 5777 llaec
679 5737 742 5776 ex
775 5720 1013 5776 Ilistaria
1072 5724 1339 5790 tripertita
1396 5726 1521 5781 hinc
1555 5735 1608 5781 et
1630 5728 1754 5781 inde
1784 5744 1875 5782 ex-

355 5801 452 5841 οη)
479 5803 529 5841 a.
942 5798 947 5807 '

355 5798 529 5855 crpta.
942 5798 947 5807 '

1977 2211 2217 2279 suscepit
2238 2212 2606 2280 praesulatum.
2629 2212 2908 2268 Adversus
2932 2225 3091 2281 quem
3116 2210 3344 2279 ejusque
3366 2215 3547 2264 secta-

1977 2306 2145 2363 tores,
2198 2300 2368 2354 multa
2419 2301 2701 2355 mendacia
2749 2310 3016 2365 texentes,
3069 2308 3122 2355 et
3163 2299 3340 2355 nudas
3386 2301 3541 2354 vahle

1975 2390 2297 2456 calumnias,
2333 2393 2490 2460 quasi
2520 2407 2676 2446 veras
2708 2393 3087 2447 accusationes
3129 2401 3539 2461 componentes.

1976 2482 2136 2535 nobis
2165 2482 2461 2535 multorum
2498 2483 2761 2535 malorum
2797 2497 2920 2536 cum
2954 2497 3198 2545 causam,
3235 2487 3347 2535 tum
3380 2488 3544 2550 caput

1975 2588 2097 2627 esse
2133 2573 2506 2641 perhibuistis.
2567 2571 2630 2625 Et
2670 2589 2781 2627 non
2828 2573 3003 2628 solum
3040 2572 3184 2641 apud
3220 2569 3541 2641 Egyptum,

1977 2660 2070 2715 sed
2111 2662 2275 2716 etiam
2323 2661 2467 2731 apud
2518 2659 2864 2715 Palaestinam
2926 2668 2981 2716 et
3024 2659 3369 2731 rPhtnniicem,
3400 2660 3540 2714 vici-

1977 2768 2184 2824 nasque
2237 2730 2426 2823 gentes
2467 2755 2688 2823 scriptis
2730 2753 2928 2809 vestris
2981 2730 3129 2806 illam
3174 2752 3547 2823 perturbatio-

1977 2859 2100 2900 nem
2148 2859 2269 2900 esse
2322 2844 2691 2914 signiticastis.
2742 2843 2860 2908 Qua
2907 2842 2975 2896 de
3006 2858 3064 2896 re
3109 2841 3544 2896 ecclesiasticam

1978 2944 2269 3005 sequentes
2304 2921 2568 3005 regulam,
2598 2951 2695 2989 vos
2728 2944 2781 2989 et
2827 2934 2971 2997 illos,
3006 2932 3191 2986 Romae
3222 2932 3548 3003 regulariter

1978 3026 2046 3081 ad
2074 3026 2343 3096 judicium
2374 3028 2463 3081 die
2492 3033 2716 3091 statuta,
2748 3042 2856 3081 non
2890 3026 2994 3080 sub
3023 3033 3255 3095 angusto
3286 3025 3543 3095 temporis

1979 3119 2177 3188 spatio,
2215 3125 2275 3171 ut
2301 3119 2586 3173 excusatio
2613 3119 2789 3171 locum
2820 3132 2929 3171 non
2964 3116 3224 3180 inveniat,
3265 3115 3464 3171 litteris
3490 3124 3546 3170 et

1979 3211 2350 3280 apocrisiariis
2388 3211 2757 3266 evocavimus.
2804 3209 2995 3280 Illique
3036 3210 3319 3264 vocatione
3358 3224 3547 3265 susce-

1980 3309 2092 3369 pta,
2144 3301 2212 3354 ad
2269 3300 2409 3355 diem
2457 3302 2818 3370 praestitutum
2877 3315 3096 3355 venere.
3155 3299 3262 3355 Sed
3307 3314 3428 3365 vos,
3476 3316 3547 3355 ne

1980 3394 2177 3447 vestris
2224 3393 2524 3448 mendaciis
2556 3394 2908 3464 caperemini,
2948 3403 3240 3464 vestraque
3272 3393 3548 3447 calumnia

1979 3484 2330 3547 euudaretur,
2365 3488 2553 3541 venire
2579 3485 2896 3542 distulistis.
2929 3486 3041 3541 Nec
3071 3487 3156 3541 his
3190 3486 3548 3540 machinatio-

1980 3578 2142 3632 nibus
2172 3578 2515 3632 solummodo
2543 3580 2785 3632 contenti
2815 3579 2972 3643 estis,
3017 3579 3112 3633 sed
3143 3578 3306 3632 etiam
3357 3576 3549 3631 viden-

1981 3676 2063 3725 tes
2097 3685 2225 3724 oves
2272 3671 2586 3740 pastoribus
2624 3670 2919 3736 desolatas,
2972 3672 3127 3740 lupos
3179 3684 3276 3740 pro
3307 3670 3547 3741 pastori-

1980 3763 2083 3818 bus
2114 3777 2277 3831 super
2309 3778 2405 3816 eos
2435 3762 2717 3831 posuistis.
2775 3760 3037 3817 Decuerat
3077 3777 3206 3832 ergo
3247 3775 3305 3816 ut
3351 3762 3418 3816 ad
3459 3778 3547 3816 re-

1980 3856 2222 3925 gularem
2258 3855 2519 3908 veniretis
2567 3855 3039 3920 convocationem,
3098 3870 3207 3924 quo
3253 3855 3320 3909 de
3366 3854 3452 3908 his
3492 3861 3548 3908 et

1981 3946 2050 4001 de
2084 3946 2207 4000 aliis
2233 3947 2433 4001 vestris
2461 3946 2978 4015 praesumptionibus
3031 3947 3333 4002 redderetis
3378 3946 3549 4000 ratio-

1981 4054 2126 4091 nem.
2146 4037 2409 4103 Quoniam
2446 4047 2758 4093 occurreret
2792 4038 3015 4102 veritas,
3046 4039 3092 4094 si
3123 4039 3330 4095 falsitas
3356 4039 3550 4109 displi-

1982 4136 2146 4183 ceret.
2190 4128 2254 4181 Et
2298 4129 2485 4185 nullus
2523 4129 2737 4183 dubitat
2776 4130 2922 4199 quod
2952 4130 3312 4199 itajudicium
3342 4146 3549 4187 nocens

1983 4220 2331 4291 subterfugit,
2367 4222 2823 4292 quemadmodum
2871 4223 2964 4291 qui
3008 4232 3092 4279 est
3126 4224 3434 4288 tinnoceus,
3486 4232 3548 4278 ut

1982 4313 2325 4378 absolvatur,
2386 4315 2635 4385 requirit.
2688 4315 2799 4371 Nec
2862 4317 3175 4387 suspicione
3227 4324 3411 4382 caret,
3454 4318 3546 4387 qui

1987 4407 2150 4458 alium
2187 4406 2472 4462 calumniis
2491 4409 2740 4479 objurgat
2766 4408 2900 4465 falsa
2929 4411 3151 4472 dixisse,
3176 4427 3299 4465 cum
3337 4411 3451 4481 ipse
3480 4409 3550 4464 ad

1979 4496 2268 4565 judicium,
2321 4507 2379 4551 ut
2430 4502 2621 4569 probtt
2663 4516 2783 4570 quae
2837 4502 3039 4564 intulit,
3073 4510 3333 4557 evocatus
3366 4502 3551 4557 venire

1989 4587 2280 4643 distulerit.
2313 4588 2516 4644 Vellem
2551 4593 2696 4647 enim
2741 4607 2838 4647 vos
2883 4594 3055 4662 magis
3082 4593 3150 4646 ad
3192 4592 3298 4659 iam
3347 4592 3549 4646 dictam

1986 4676 2277 4731 convenire
2302 4679 2659 4741 vocationem,
2682 4687 2742 4732 ut
2772 4693 2957 4732 coram
2991 4677 3284 4731 universali
3314 4675 3549 4730 concilio

1986 4774 2284 4831 redderetis
2314 4776 2601 4839 rationem,
2633 4792 2731 4830 cur
2775 4775 3041 4846 synodum
3090 4774 3157 4827 ad
3197 4781 3396 4828 statum
3445 4770 3547 4827 Ec-

1984 4865 2275 4919 clesiarum
2305 4872 2359 4918 et
2404 4866 2632 4919 fratrum
2682 4866 2735 4918 in
2783 4865 3068 4919 Antiochia
3099 4864 3543 4926 subvertendum,

1985 4963 2039 5009 et
2092 4954 2294 5009 Nicreni
2350 4956 2531 5026 magni
2575 4956 2793 5010 concilii
2843 4956 3268 5010 destructionem
3317 4953 3544 5018 fecistis,

1986 5053 2079 5097 aut
2111 5059 2210 5097 cur
2260 5045 2419 5099 nobis
2449 5045 2775 5100 inconsultis
2826 5045 3117 5115 episcopos
3159 5045 3227 5099 ad
3257 5060 3375 5100 eam
3408 5058 3545 5099 con~

1985 5136 2242 5200 vocastis,
2272 5137 2339 5190 ad
2386 5152 2549 5207 quam
2584 5153 2685 5192 nec
2714 5135 2983 5192 Maximus
3022 5135 3547 5208 Hierosolymitanus

1983 5226 2160 5290 venit,
2218 5242 2320 5281 nec
2381 5237 2569 5282 nostra
2644 5225 2892 5280 interfuit
2956 5227 3173 5297 legatio.
3228 5226 3547 5282 Canonibus

1983 5318 2180 5387 quippe
2224 5318 2280 5372 in
2327 5317 2541 5372 Nicaeua
2576 5317 2785 5390 synodo
2821 5318 3159 5389 jubentibus,
3193 5332 3300 5371 non
3349 5316 3548 5373 debere

1986 5418 2178 5479 praeter
2233 5411 2558 5467 sententiam
2607 5409 2834 5466 Romani
2890 5409 3185 5481 pontiﬁcis,
3229 5409 3342 5464 ullo
3383 5409 3546 5464 modo

2058 5726 2169 5797 (42)
2211 5725 2333 5781 Haec
2390 5727 2498 5785 fere
2548 5728 2615 5783 ad
2665 5726 2885 5782 verbum
2937 5728 2990 5780 in
3057 5741 3142 5796 cp.
3202 5720 3545 5779 Constantini

1991 5799 2132 5861 apud
2158 5797 2363 5854 Athan.
