3976 6388
482 401 619 457 1459

1581 402 1639 456 S.
1683 398 2141 456 ATIIANASIUS.
2179 428 2250 442 —
2286 398 2556 455 SPURIA.

3573 395 3684 451 1466

481 523 715 577 concilia
741 520 1025 583 celebrari,
1057 537 1157 577 nec
1182 509 1473 592 episcopos
1510 512 1781 577 damnari.
1812 523 1919 576 Ant
1949 538 2049 576 cur
2076 528 2122 583 Α
2152 532 2287 588 ιιιιιι,
2325 539 2434 577 non
2471 522 2700 577 moleste
2743 519 2881 576 ferat
2932 520 3165 589 aliquem
3214 518 3320 573 sibi
3353 533 3475 573 esse
3517 519 3684 588 praela-

481 616 536 667 in
573 614 950 684 praedictorum
988 614 1106 667 loco
1159 613 1389 667 fratrum
1443 614 1581 669 alios
1622 614 1900 669 adulteros
1940 629 2039 683 po-

479 706 703 768 suistis,
759 713 1047 775 antequam
1095 720 1261 773 penes
1313 719 1448 766 nos.
1506 712 1600 757 aut
1652 704 2040 774 apocrisiarios

478 808 720 861 nostros,
755 811 941 851 eorum
986 811 1153 851 causa
1210 796 1474 850 canonice
1520 802 1665 851 esset
1710 796 2037 858 examinata,

479 890 747 958 finemque
774 888 1074 958 perciperet
1104 894 1332 942 rectum.
1369 886 1463 942 lsti
1497 887 1665 949 enim,
1707 886 1801 954 qui
1829 887 1893 941 ad
1930 902 2040 940 me-

478 987 741 1035 moratam
807 980 1048 1057 regulam
1098 994 1333 1042 venere,
1409 979 1747 1033 vocationem
1795 978 2040 1033 videntes

475 1087 573 1126 vos
620 1086 649 1123 a
701 1069 975 1140 praedictis
1022 1070 1343 1125 subtrahere
1389 1068 1701 1136 calumniis,
1742 1069 1913 1123 multa
1946 1067 2042 1122 ad-

475 1179 668 1219 versus
698 1178 793 1217 vos
845 1162 1214 1233 lacrymabilia
1264 1169 1318 1216 et
1380 1160 1663 1215 doloribus
1698 1160 1855 1230 plena
1898 1159 2041 1214 refe-

478 1262 621 1309 runt.
667 1255 1005 1309 Accusantes
1031 1268 1126 1307 vos
1156 1262 1211 1307 et
1238 1247 1503 1315 dicentes,
1538 1251 1704 1304 multa
1738 1266 1797 1305 se
1838 1250 2041 1319 impor-

476 1346 659 1401 tabilia
712 1360 742 1398 a
788 1345 940 1400 vobis
972 1359 1094 1400 esse
1135 1358 1347 1413 passos.
1374 1341 1486 1398 Vos
1527 1358 1659 1412 ergo
1704 1341 2039 1413 refugientes

474 1435 691 1497 venire,
749 1434 981 1504 illosque
1035 1443 1449 1504 perseverantes
1506 1432 1560 1486 in
1622 1448 1746 1488 vera
1807 1433 2036 1497 ratione,

474 1536 710 1597 suasque
754 1525 1058 1580 calumnias
1106 1524 1486 1584 reclamantes.
1536 1539 1699 1594 super
1747 1524 1946 1593 quibus
1985 1533 2040 1580 et

476 1602 851 1691 (Egyptiorum
911 1616 1153 1686 episcopi
1203 1616 1403 1671 litteris
1470 1613 1625 1670 nobis
1677 1615 1860 1669 missis
1908 1631 2037 1685 pro-

474 1716 743 1764 testantur
769 1708 906 1769 suis.
947 1707 1082 1765 falsa
1104 1722 1246 1773 esse,
1281 1722 1401 1777 quae
1426 1714 1617 1761 contra
1648 1706 2036 1773 Athanasium,

476 1816 714 1871 suosque
760 1806 1059 1856 sectatores
1090 1798 1492 1863 machinantur,
1525 1805 1832 1869 cunctaque
1875 1798 2035 1853 Aria-

2148 624 2283 679 tum,
2315 615 2408 669 sed
2457 613 2961 684 obtenipcrantiam,
2996 625 3156 681 quam
3189 610 3261 664 ab
3297 611 3419 665 aliis
3456 610 3683 680 requirit,

2148 709 2317 778 gratis
2362 714 2416 760 et
2470 707 2584 775 ipse
2633 706 2915 775 rependat.
2975 704 3317 774 Quapropter
3375 703 3683 773 increpando

2147 797 2301 850 vobis
2335 795 2535 851 scribo.
2569 795 2707 860 Quia
2741 808 2850 848 non
2886 802 3031 849 recte
3060 793 3335 848 tractastis
3357 792 3507 847 viros
3533 794 3681 846 incub

2147 895 2322 958 patos.
2361 896 2415 941 et
2449 902 2478 940 a
2525 887 2682 942 nobis
2710 887 2932 941 minime
2963 887 3303 943 examinatos
3341 885 3410 940 de
3458 885 3575 939 suis
3601 885 3677 940 Ec-

2148 978 2328 1033 clesiis
2382 978 2763 1033 communione
2812 978 3051 1048 privatos
3101 978 3383 1048 pellentes,
3429 985 3482 1030 et
3527 975 3685 1030 eccle-

2148 1071 2382 1125 siasticm
2426 1068 2728 1139 disciplinae
2778 1069 3032 1137 injuriam
3067 1068 3394 1139 irrogantcs,
3436 1069 3685 1121 constitu-

2147 1172 2370 1232 tumque
2421 1161 2621 1216 Niczeni
2673 1161 2891 1216 concilii
2942 1160 3165 1215 minime
3214 1170 3529 1223 servantes,
3574 1157 3686 1211 talia

2148 1253 2553 1323 indisciplinate
2575 1268 2729 1324 agere
2772 1268 2877 1307 non
2914 1251 3268 1307 formidastis.
3305 1249 3538 1312 Idcirco,
3567 1264 3689 1319 quo-

2144 1346 2287 1400 niam
2318 1346 2521 1400 dudum
2550 1348 2733 1400 venire
2766 1347 2943 1398 vocati
2984 1343 3261 1405 renuistis,
3292 1342 3456 1396 modo
3486 1340 3552 1395 ad
3581 1355 3688 1395 cer-

2145 1446 2258 1492 tum
2304 1437 2468 1502 diem,
2506 1439 2556 1491 id
2605 1445 2709 1499 est.
2743 1455 2811 1492 xv
2839 1437 2959 1493 Kal.
2995 1435 3338 1496 Novembris,
3369 1448 3470 1488 vos
3508 1434 3688 1487 iterum

2144 1527 2467 1597 regulariter
2499 1528 2706 1585 litteris.
2741 1528 3032 1597 missisque
3062 1540 3375 1587 evocamus,
3407 1532 3468 1578 ut
3517 1539 3687 1578 coram

2144 1614 2298 1671 vobis
2356 1616 2706 1671 ostendamus
2763 1631 2863 1671 nos
2905 1616 3107 1685 justam
3159 1615 3212 1669 in
3263 1629 3360 1670 eos
3408 1615 3692 1685 protulisse

2144 1704 2489 1769 sententiam,
2519 1711 2572 1760 et
2607 1706 2675 1760 de
2706 1713 2903 1761 caetero
2938 1720 3045 1759 non
3087 1705 3213 1759 talia
3245 1721 3368 1762 esse
3411 1721 3686 1776 passuros.

2147 1792 2239 1848 Est
2271 1796 2468 1850 etenim
2507 1796 2560 1850 in
2591 1797 2828 1867 antiquis
2864 1796 3117 1852 Ecclesia:
3145 1798 3366 1854 statutis
3401 1798 3686 1857 decretum.

476 1910 672 1948 norum
727 1893 1033 1950 machinata
1082 1893 1458 1963 blasphemiis.
1525 1891 1746 1949 Talibus
1802 1889 2111 1964 namqueB
2142 1894 2201 1939 ut
2234 1887 2327 1956 qui
2376 1888 2551 1941 aliena
2602 1887 2832 1954 invadit,
2885 1903 2993 1943 non
3043 1896 3197 1943 exeat
3241 1889 3564 1957 impunitus,
3606 1888 3689 1944 sed

476 1983 744 2053 figmentis
779 1983 947 2053 liquet
977 1998 1073 2038 eos
1101 1998 1223 2038 esse
1266 1983 1649 2053 inculpabiles,
1682 2001 1887 2055 vosque
1914 1987 2035 2040 cul-

475 2074 679 2143 pabiles
712 2091 728 2129 :
765 2075 893 2144 quia
942 2073 989 2128 si
1045 2074 1111 2128 de
1160 2088 1284 2129 vera
1319 2074 1667 2131 confideretis
1698 2076 2031 2144 innocentia,

473 2165 625 2219 nullo
654 2166 815 2219 modo
845 2181 874 2219 a
894 2166 1004 2234 jam
1038 2164 1183 2220 dicta
1222 2181 1321 2221 vos
1349 2167 1611 2222 canonica
1642 2167 2034 2225 subtraheretis

468 2258 805 2320 evocatione,
849 2274 970 2329 quae
1014 2274 1123 2313 non
1165 2259 1373 2321 subito,
1430 2259 1525 2315 sed
1555 2261 1789 2330 spatiose
1824 2262 2032 2317 denun-

469 2345 601 2399 tiata
646 2353 730 2400 est
774 2364 787 2400 :
826 2346 920 2400 sed
974 2346 1123 2401 omni
1174 2346 1441 2402 subducta
1494 2349 1770 2418 apologia,
1828 2351 2033 2421 absque

469 2436 779 2492 tardatione
825 2437 1027 2504 venire,
1075 2446 1129 2491 et
1169 2453 1367 2495 causas
1402 2439 1629 2495 reddere
1676 2440 2030 2499 festinaretis.

467 2521 677 2587 Quibus
705 2523 781 2576 ita
814 2524 1004 2593 gestis,
1042 2526 1239 2595 scripsi
1272 2528 1450 2591 vobis,
1485 2534 1539 2581 et
1563 2529 1820 2585 omnibus
1848 2532 1939 2601 qui
1974 2533 2030 2587 in

466 2613 753 2667 Antiochia
784 2623 973 2669 contra
1007 2618 1362 2686 apostolicam
1407 2621 1836 2693 canonicamque
1868 2639 2029 2694 regu-

466 2702 573 2756 lam
595 2703 751 2758 nobls
772 2703 1095 2762 inconsultis
1122 2706 1370 2773 fueratis,
1416 2724 1649 2781 arguens
1673 2729 1770 2768 vos
1795 2714 2027 2784 primum

465 2790 531 2843 de
584 2790 800 2860 injuriis
862 2794 1197 2860 litterarum,
1262 2796 1480 2853 demum
1526 2814 1627 2854 cur
1672 2801 2026 2859 Athanasium

464 2895 703 2950 mosque
748 2893 1152 2941 consectatores
1183 2886 1250 2941 ad
1291 2895 1533 2943 vestrum
1570 2890 1862 2944 concilium
1896 2907 2028 2946 con-

464 2971 797 3039 vocassetis;
856 2976 1163 3031 can‘onibus
1199 2979 1367 3032 semel
1399 2980 1860 3050 praecipientibus,
1892 2983 2028 3039 nihil

461 3068 615 3115 extra
674 3061 977 3119 Romanum
1029 3066 1251 3122 decerni
1305 3069 1647 3138 pontificem;
1678 3074 1766 3127 cui
1800 3074 1935 3139 haec,
1974 3085 2029 3131 et

464 3151 669 3221 majora
699 3152 1067 3210 Ecclesiarum
1096 3160 1333 3227 negotia,
1369 3170 1481 3215 tam
1523 3163 1592 3216 ab
1626 3163 1744 3233 ipso
1774 3163 2023 3233 Domino,

2143 1995 2266 2034 cum
2315 1979 2763 2049 multiplicatione
2794 1980 3065 2034 restituat.
3106 1978 3257 2034 Unde
3287 1988 3342 2034 et
3372 1981 3426 2034 in
3462 1979 3688 2049 Erange.

2145 2071 2216 2124 lio
2252 2072 2513 2140 scriptum
2545 2078 2629 2126 est
2657 2090 2670 2125 :
2700 2069 2851 2136 Quod
2879 2072 2926 2126 si
2951 2070 3152 2142 aliquid
3181 2070 3514 2141 defraudaoi,
3541 2071 3688 2125 reddo

2140 2162 2492 2232 quadruplum
2521 2162 2588 2215 ⁸⁸.
2626 2162 2683 2217 In
2717 2164 2830 2233 lege
2861 2175 3337 2243 quoque‘cautum
3368 2172 3452 2219 cst
3482 2184 3495 2219 :
3531 2162 3691 2218 Male-

2140 2254 2309 2308 dictus
2340 2254 2531 2318 omnis,
2562 2255 2652 2324 qui
2682 2254 2938 2324 transfert
2970 2256 3218 2309 terminos
3245 2255 3478 2324 proximi
3519 2255 3620 2314 sui,
3644 2263 3688 2309 et

2138 2346 2270 2397 dicet
2307 2346 2475 2398 omnis
2507 2345 2726 2414 populus
2755 2345 2820 2397 ⁸⁷.
2847 2345 3021 2399 Amen.
3059 2345 3239 2411 Quare
3273 2346 3445 2401 miror
3473 2362 3569 2401 vos
3586 2353 3686 2400 tam

2139 2437 2376 2491 audaces
2405 2450 2547 2500 esse,
2577 2444 2631 2489 et
2669 2446 2773 2488 tam
2808 2435 3177 2505 imprudenter
3202 2436 3403 2506 egisse,
3432 2443 3488 2490 et
3512 2435 3688 2490 termi-

2136 2539 2260 2587 nos,
2291 2540 2353 2579 ac
2382 2525 2505 2595 jura
2541 2525 2682 2580 beati
2711 2522 2857 2579 Petri
2902 2526 3269 2595 apostolorum
3316 2526 3580 2596 principis
3612 2526 3686 2580 in-

2136 2618 2363 2672 vasisse.
2400 2615 2498 2672 Sui
2530 2618 2698 2681 enim,
2722 2623 2782 2671 ut
2814 2616 2974 2686 paulo
3006 2619 3258 2687 superius
3282 2618 3685 2687 comprobatum

2133 2717 2238 2771 est,
2274 2708 2417 2775 juris
2445 2718 2584 2773 erat,
2612 2717 2670 2761 ut
2700 2708 2906 2778 absque
2936 2708 3055 2778 ejus
3084 2717 3286 2764 sancta:
3329 2710 3478 2768 sedis
3508 2716 3687 2763 aucto-

2136 2799 2296 2853 ritate
2353 2798 2537 2853 nullus
2580 2798 2803 2853 deberet
2846 2806 2939 2851 aut
2984 2798 3214 2851 concilia
3259 2797 3557 2863 celebrare,
3603 2802 3686 2850 aut

2135 2894 2419 2963 episcopos
2476 2891 2544 2946 ad
2600 2891 2864 2961 synodum
2912 2905 3244 2953 convocare,
3300 2890 3385 2945 vel
3439 2889 3686 2944 damnare

2134 2999 2252 3048 eos,
2293 2993 2387 3038 aut
2420 2983 2657 3053 propriis
2701 2983 2900 3052 pellere
2932 2982 3173 3046 sedibus,
3206 2992 3300 3036 aut
3339 2982 3478 3037 alios
3509 2983 3562 3035 in
3603 2996 3685 3036 eo-

2134 3091 2254 3130 rum
2304 3075 2428 3129 loco
2468 3074 2742 3136 ordinare,
2776 3088 2896 3143 quae
2934 3073 3118 3127 omnia
3154 3088 3253 3128 vos
3288 3079 3557 3127 temerare
3585 3089 3687 3127 non

2134 3169 2412 3223 timuistis.
2468 3165 2606 3233 Quid
2654 3181 2783 3235 ergo
2828 3166 2972 3220 aliud
3017 3174 3101 3221 est
3151 3165 3277 3219 talis
3319 3166 3684 3237 praesumptio,

461 3257 627 3311 quam
647 3243 715 3299 ab
732 3245 985 3302 omnibus
1008 3248 1380 3304 universorum
1396 3254 1749 3317 conciliorum
1776 3254 2029 3315 Patrihus
2057 3234 2098 3289 θ
2133 3258 2237 3315 nisi
2293 3258 2438 3330 quod
2492 3257 2857 3327 apostolorum
2926 3272 3259 3327 suorumque
3307 3272 3684 3313 successorum

462 3335 686 3405 speciali
714 3343 863 3403 sunt,
904 3348 963 3392 ut
986 3342 1097 3409 jam
1132 3341 1336 3396 dictum
1360 3352 1463 3408 est,
1497 3347 1777 3419 privilegio
1807 3351 2025 3407 tradita.

463 3424 633 3488 Vobis
671 3445 802 3501 ergo
854 3430 1271 3503 refugientibus,
1320 3444 1374 3491 et
1420 3422 1495 3493 ad
1536 3441 1829 3496 concilium
1866 3444 2028 3501 toties

458 3522 772 3578 convocatis
807 3522 1001 3580 adesse
1037 3526 1369 3590 nolentibus,
1421 3529 1528 3585 illis
1557 3512 1774 3602 quoque
1820 3534 1874 3589 in
1928 3553 2025 3592 sua

460 3612 864 3680 reclamatione,
899 3623 952 3671 et
997 3616 1147 3686 justa
1196 3619 1409 3675 ratione
1456 3624 1898 3692 persistentibus,
1931 3645 2025 3684 ve-

458 3709 681 3773 straque
723 3715 1117 3775 cognoscentes
1161 3710 1413 3775 crimina.
1461 3720 1515 3767 et
1556 3714 1773 3770 illorum
1818 3719 2023 3784 justam

454 3800 834 3856 cxaminantes
862 3801 1147 3866 rationem,
1177 3818 1475 3874 omnesque
1501 3820 1596 3862 eos
1634 3806 1855 3864 Nicaeno
1885 3826 2023 3864 con-

453 3888 582 3943 cilio
609 3900 986 3961 cooperantes,
1017 3902 1071 3948 et
1098 3893 1303 3949 nosrris
1334 3897 1654 3965 apostolicis
1678 3899 2022 3969 jussionibus

452 3981 910 4051 obtemperantes,
941 3986 1121 4040 visum
1165 3994 1251 4042 est
1281 3989 1458 4052 nobis,
1506 4004 1570 4043 ac
1602 3992 1860 4047 universo
1889 4008 2023 4047 con-

452 4069 602 4131 cilio.
637 4078 696 4126 ut
740 4087 842 4127 nos
872 4073 1073 4129 divinis
1112 4077 1418 4145 prmceptis.
1453 4085 1506 4132 et
1541 4080 1858 4147 apostolicis
1906 4097 2021 4136 mo-

453 4159 583 4219 nitis
610 4162 910 4227 informati,
941 4165 1035 4235 qui
1064 4181 1163 4233 pro
1196 4167 1439 4222 omnium
1482 4168 1848 4225 Ecclesiarum
1876 4180 2017 4228 statu

451 4252 684 4325 intpigro
725 4255 948 4325 vigilare
985 4256 1248 4312 debemus
1278 4259 1493 4325 effectu,
1531 4261 1575 4315 si
1608 4263 1905 4332 quidquam
1933 4280 2019 4318 re-

450 4346 803 4418 prehensioni
858 4362 1089 4417 usquam
1145 4349 1421 4405 invenitur
1469 4354 1804 4418 obnoxium,
1855 4356 2017 4410 celeri

450 4436 815 4494 sollicitudine
863 4438 931 4491 ab
966 4439 1287 4508 ignorantia;
1332 4443 1601 4511 imperitia
1657 4452 1752 4499 aut
1801 4460 1831 4498 a
1880 4461 2018 4515 prmo

449 4530 775 4600 smiiptionis
808 4532 1162 4601 usurpatione
1193 4547 1538 4589 revocemus.

520 4620 569 4675 l.
591 4620 686 4676 His
704 4621 885 4677 taliter
900 4621 1262 4678 consideratis
1280 4630 1442 4693 atque
1461 4624 1734 4685 discretis.
1752 4632 2007 4697 tanquam

440 4713 686 4767 omnium
714 4728 900 4768 curam
931 4721 1201 4783 gerentes,
1230 4723 1451 4785 propter
1487 4716 1633 4771 sedis
1672 4718 1906 4788 propriae
1927 4718 2012 4772 di-

444 4804 724 4872 gnitatem,
747 4802 1090 4871 suscepimus
1114 4818 1210 4858 eos
1234 4805 1288 4859 in
1318 4805 1640 4869 orationem,
1673 4807 2009 4876 singulisque

444 4909 568 4947 eum
597 4894 922 4949 auctoritate
951 4893 1116 4963 hujus
1140 4903 1345 4951 sancta:
1376 4897 1523 4952 sedis
1549 4898 1732 4959 rebus.
1757 4899 2006 4967 proprias

443 4985 777 5041 reddidimus
813 4984 1111 5051 Ecclesias,
1168 4986 1281 5056 (45)
1337 4988 1597 5058 quoniam
1639 4989 1765 5043 huic
1806 5000 2007 5045 sancta:

444 5074 582 5138 sedi,
617 5081 838 5144 propter
892 5075 1233 5144 privatorum
1290 5075 1567 5132 hominum
1602 5076 1849 5140 insidias,
1887 5079 2007 5149 ipso

445 5162 670 5229 Domino
699 5163 1039 5231 instituente,
1078 5172 1133 5221 et
1166 5167 1372 5221 sanctis
1401 5168 1681 5236 apostolis,
1708 5182 2004 5238 eorumque

446 5256 855 5313 successoribus
904 5273 1001 5327 per
1049 5260 1263 5329 singula
1318 5260 1548 5314 concilia
1597 5261 1999 5327 roborantibus,

446 5356 545 5402 hoc
573 5363 786 5418 semper
819 5349 993 5414 licuit,
1025 5351 1587 5420 licebitque,Domino
1611 5352 1928 5417 auxiliante,
1948 5352 2000 5408 in

448 5451 783 5515 perpetuum.
830 5443 1005 5511 Unde,
1048 5448 1140 5517 qui
1172 5452 1278 5502 scit
1312 5464 1370 5504 se
1408 5450 1531 5505 aliis
1575 5465 1697 5506 esse
1744 5452 2003 5520 praeposi-

432 5661 436 5664 .
508 5598 556 5628 ⁸³
594 5596 729 5653 Luc.
771 5614 897 5664 ιιι,
935 5601 991 5656 8.
1065 5602 1109 5633 ⁸⁷
1150 5600 1306 5656 Deut.
1342 5618 1522 5667 xxvn,
1560 5603 1641 5657 l7.

2128 3350 2341 3404 decreta
2366 3347 2694 3418 transgredi,
2724 3355 2778 3401 et
2800 3346 3229 3401 maledictionem
3265 3349 3518 3417 superius
3544 3354 3696 3402 com:

2130 3442 2475 3511 prehensam,
2527 3443 2580 3495 in
2611 3440 2726 3511 lege
2775 3438 2942 3493 semel
2985 3447 3221 3503 cautam,
3255 3456 3419 3510 quam
3459 3439 3685 3509 populus

2127 3550 2235 3588 uno
2258 3549 2373 3596 ore,
2410 3547 2755 3602 consonaque
2783 3532 3138 3601 responsione
3168 3547 3261 3601 per
3288 3547 3463 3591 amen,
3510 3530 3565 3584 id
3605 3537 3685 3585 est

2127 3627 2240 3687 ttat,
2267 3623 2629 3688 confirmavit,
2659 3623 2937 3692 suscipere
2969 3638 3073 3677 non
3102 3618 3399 3675 timuistis?
3439 3616 3682 3684 Necnon,

2126 3728 2185 3770 ut
2234 3732 2380 3780 reor,
2442 3717 2641 3770 talibus
2696 3714 3193 3785 transgressionum
3252 3712 3510 3769 funiculis
3555 3726 3686 3768 con-

2125 3808 2322 3873 stricti,
2376 3815 2662 3868 nostrum,
2714 3822 2784 3861 ne
2834 3813 3013 3861 vestra
3068 3806 3428 3876 proderentur
3465 3805 3683 3877 flagitia,

2123 3914 2350 3954 examen
2378 3898 2712 3964 declinastis,
2743 3904 2796 3950 et
2830 3896 2898 3951 ad
2938 3896 3303 3965 supradictam
3345 3896 3682 3951 vocationem

2122 3993 2308 4046 venire
2337 3991 2653 4047 distulistis.
2705 3987 2847 4043 Sane
2875 3988 3222 4043 manifestum
3266 3997 3369 4049 est,
3403 4004 3564 4044 suum
3592 4002 3683 4042 eos

2122 4086 2370 4139 confiteri
2402 4084 2632 4146 crimen.
2665 4082 2759 4152 qui
2785 4081 2947 4137 toties
2980 4079 3190 4136 evocati
3225 4080 3433 4151 absque
3458 4079 3683 4135 inevita-

2119 4176 2217 4230 bili
2249 4190 2413 4230 causa
2437 4173 2627 4229 venire
2645 4172 2996 4238 distulerunt,
3021 4179 3075 4226 et
3104 4169 3371 4242 purgandi
3401 4186 3461 4225 se
3495 4170 3683 4224 volun-

2120 4273 2232 4320 tate
2266 4281 2373 4320 non
2401 4273 2646 4319 utuntur.
2675 4262 2808 4316 Nam
2843 4262 2891 4318 si
2925 4261 2992 4316 de
3022 4262 3221 4317 vestris
3245 4260 3410 4314 dictis
3441 4258 3680 4314 conﬁde-

2119 4355 2269 4417 retis,
2301 4355 2464 4409 etiam
2518 4355 2572 4407 in
2625 4351 2820 4408 faciem
2874 4352 3104 4422 probare
3146 4367 3254 4405 non
3302 4349 3680 4405 distulissetis.

2121 4444 2278 4501 Tales
2326 4444 2674 4499 insidiatores
2731 4443 2925 4514 spiritu
2970 4441 3332 4511 praevidentes
3370 4441 3551 4495 sancti
3581 4438 3681 4492 Pa-

2044 4572 2087 4625 D
2118 4544 2230 4591 tres
2274 4538 2328 4592 in
2366 4535 2543 4591 Nicaea
2591 4533 2926 4605 congregati,
2978 4533 3125 4602 leges
3168 4540 3497 4592 statuerunt,
3546 4543 3683 4600 quas

2115 4645 2216 4685 nos
2251 4643 2491 4684 canones
2524 4627 2875 4697 appellamus,
2913 4638 2979 4678 ne
3007 4622 3167 4678 facile
3192 4622 3346 4692 probi
3376 4622 3447 4677 ab
3477 4621 3686 4690 impro-

2114 4722 2199 4777 bis
2243 4721 2658 4777 damnarentur.
2713 4717 2979 4787 Equibus
3032 4714 3326 4770 nonnullas
3381 4713 3687 4770 sententias

2112 4813 2202 4868 hic
2230 4813 2399 4869 inseri
2425 4810 2812 4882 judicavimus,
2837 4817 2896 4864 ut
2930 4815 3207 4864 tantorum
3236 4806 3462 4861 Patrum
3492 4812 3683 4860 aucto-

2111 4908 2305 4970 ritate,
2358 4914 2548 4961 nostra
2575 4906 2926 4961 roboraretur
2966 4903 3234 4974 epistola,
3281 4910 3443 4972 atque
3490 4914 3683 4955 omnes

2110 4996 2411 5052 Orientales
2456 4997 2570 5052 sive
2612 4996 2944 5065 reliquarum
2987 4995 3226 5063 partium
3268 4992 3534 5064 episcopi,
3568 4990 3682 5043 hmo

2109 5086 2416 5145 audientes.
2453 5085 2514 5138 in
2570 5092 2773 5140 tantam
2829 5085 3038 5140 foveam
3100 5098 3207 5137 non
3274 5081 3555 5142 incidant,
3612 5092 3681 5131 ne

2105 5175 2507 5231 damnationem
2580 5192 2611 5230 a
2675 5175 2927 5230 Patribus
3001 5174 3278 5229 decretam
3350 5172 3676 5242 percipiant.

2106 5266 2422 5335 Sequuntur
2484 5268 2628 5323 enim
2692 5283 2756 5323 ex
2832 5264 3092 5337 praedicto
3162 5252 3397 5320 concilio
3458 5261 3679 5317 Nicamo

2107 5358 2269 5429 605
2330 5360 2599 5430 capitula,
2657 5360 2708 5412 id
2756 5366 2873 5419 est.
2930 5372 3104 5422 xvut,
3152 5373 3268 5414 nx.
3322 5372 3455 5418 nt,
3513 5370 3675 5409 nui.

2110 5466 2272 5518 xxvr,
2335 5468 2518 5516 xxvii,
2562 5466 2762 5516 xxvttl,
2810 5432 3009 5515 xsxm,
3062 5464 3193 5513 ιιι,
3244 5456 3406 5514 etv,
3466 5461 3581 5510 vn,
3622 5451 3674 5497 et

507 5775 623 5839 (45)
664 5773 910 5832 Canones
944 5778 1336 5843 subsequentcs
1378 5796 1439 5835 ex
1474 5779 1886 5835 Sardicensibus
1925 5790 1974 5835 et
2006 5797 2068 5834 ex
2104 5781 2223 5836 aliis
2258 5782 2619 5837 consarcinati
2654 5790 2797 5835 sunt.
