3976 6388
307 374 440 431 “(il

1169 369 1440 427 PONTIF.
1482 370 1648 427 ROM.
1690 369 1775 424 ET
1815 368 2192 426 ATHANASll
2233 370 2611 427 EPISTOLAE.

3404 371 3542 427 “6‘2

303 506 420 555 vm,
482 503 545 543 ac
584 503 658 552 LI,
704 502 799 551 ιιι,
835 502 953 552 LIII,
986 503 1095 553 LIV,
1140 502 1230 554 ιν,
1265 504 1400 555 ινιι,
1434 503 1586 555 ινιιι,
1618 503 1732 552 ιιι,
1775 503 1866 552 Lx,

1983 487 2235 540 tuendum
2268 487 2415 555 quod
2454 488 2569 558 ipse
2598 486 2746 556 juste
2783 485 3077 542 censuerit.
3109 484 3174 539 Et
3201 499 3411 554 omnes,
3447 490 3542 557 qui

302 597 409 642 LXI,
444 590 577 642 LXll,
608 594 774 633 LXVII.

369 671 425 727 ‘2.
458 669 522 724 Et
548 685 737 723 omnes
775 669 1015 739 episcopi
1051 669 1143 739 qui
1166 669 1222 723 in
1249 669 1572 740 quibusdam
1603 667 1870 740 graviori-

301 762 406 816 bus
455 760 761 830 pulsantur,
794 759 876 813 vel
913 760 1273 814 criminantur
1314 761 1516 823 causis,
1540 760 1753 829 quoties
1773 775 1870 815 ne-

301 866 457 905 cesse
491 850 673 912 fuerit,
726 849 893 904 libere
945 850 1300 918 apostolicam
1338 849 1609 917 appellent
1660 848 1866 903 sedem.

298 943 475 1011 Atque
503 941 570 994 ad
597 955 715 995 eam
763 938 919 1009 quasi
954 940 1021 994 ad
1073 946 1300 993 matrem
1338 922 1675 1009 confugiant,
1712 945 1771 991 ut
1800 938 1870 994 ab

298 1050 383 1097 ea,
416 1034 560 1089 sicut
608 1047 823 1101 semper
850 1032 969 1094 fuit,
1005 1034 1096 1102 pie
1126 1032 1441 1096 fulciantur,
1486 1030 1869 1096 defendantur,

298 1134 353 1178 σι
384 1125 707 1179 liberentur.
732 1123 903 1191 Cujus
934 1122 1281 1193 dispositioni
1307 1136 1498 1176 omnes
1523 1122 1758 1190 majores
1779 1137 1870 1176 ec-

300 1214 640 1271 clesiasticas
669 1229 882 1277 causas,
914 1222 968 1268 et
994 1214 1372 1284 episcoporum
1396 1211 1627 1280 judicia,
1649 1212 1870 1282 antiqua

298 1309 695 1379 apostolorum,
731 1322 1027 1376 eorumque
1059 1320 1461 1367 successorum,
1493 1315 1658 1374 atque
1703 1321 1870 1360 cano-

300 1416 430 1453 num
462 1400 761 1455 auctoritas
790 1399 1107 1454 reservavit.
1142 1397 1409 1463 Quoniam
1444 1397 1737 1465 culpantur
1756 1396 1872 1466 epi-

300 1491 452 1560 scopi
495 1491 588 1561 qui
623 1491 782 1545 aliter
800 1504 929 1558 erga
961 1489 1156 1545 fratres
1192 1489 1402 1560 egerint
1433 1504 1595 1559 quam
1626 1487 1870 1558 ejusdem

299 1583 448 1639 sedis
478 1597 630 1653 papa:
661 1582 774 1636 ﬁeri
805 1582 1092 1651 placuerit.

364 1674 421 1727 5.
456 1672 662 1728 Placuit
701 1681 762 1727 ut
802 1683 1092 1729 accusatus
1126 1673 1212 1728 vel
1237 1672 1518 1744 judicatus
1556 1687 1586 1726 a
1617 1687 1873 1744 compro-

298 1766 625 1820 vincialibus
665 1767 719 1820 in
760 1767 944 1837 aliqua
983 1781 1149 1821 causa
1172 1767 1486 1836 episcopus,
1520 1766 1747 1820 licenter
1775 1782 1871 1836 ap-

298 1858 483 1928 pellet,
509 1867 561 1913 et
587 1857 744 1913 adeat
772 1859 1082 1929 apostolica:
1109 1858 1255 1913 sedis
1284 1856 1614 1928 pontiﬁcem.
1646 1858 1747 1923 Qui
1771 1868 1866 1912 aut

297 1966 396 2022 per
422 1966 502 2014 se,
537 1958 631 2004 aut
662 1966 758 2021 per
789 1951 1020 2006 vicarios
1049 1967 1200 2014 suos,
1239 1950 1358 2021 ejus
1382 1950 1669 2004 retractari
1699 1966 1868 2020 nego-

299 2043 432 2096 tium
462 2054 741 2111 procuret.
767 2042 833 2096 Et
853 2043 980 2096 dum
1017 2045 1213 2097 iterato
1234 2042 1443 2112 judicio
1472 2041 1712 2110 pontifex
1737 2056 1871 2096 cau-

298 2148 417 2188 sam
442 2134 572 2202 agit,
604 2134 787 2189 nullus
815 2134 956 2188 alius
990 2134 1043 2187 in
1074 2133 1195 2201 ejus
1220 2134 1340 2187 loco
1374 2142 1629 2203 ponatur,
1662 2141 1756 2187 aut
1777 2149 1869 2188 or-

296 2222 517 2279 dinetur
543 2225 851 2295 episcopus.
878 2226 1167 2291 Quoniam,
1185 2240 1492 2296 quanquam
1527 2226 1871 2295 comprovin-

296 2317 532 2371 cialihus
561 2317 837 2387 episcopis
861 2319 1103 2373 accusati
1156 2333 1338 2372 coram
1370 2317 1573 2373 eisdem
1599 2318 1870 2387 pontiﬁci-

296 2408 402 2463 bus
458 2416 581 2462 acta
612 2410 842 2464 scrutari
868 2410 1051 2473 liceat,
1083 2425 1190 2464 non
1223 2417 1399 2465 tamen
1423 2409 1648 2465 deﬁnire
1680 2412 1869 2465 incon-

297 2499 445 2553 sulto
468 2498 716 2554 Romano
756 2500 1013 2571 pontiﬁce
1042 2502 1367 2571 permissum
1414 2509 1516 2555 est.
1549 2501 1682 2555 Cum
1711 2503 1868 2558 beato

294 2588 462 2644 Petro
503 2591 749 2659 apostolo
779 2605 887 2645 non
937 2592 1005 2645 ab
1054 2592 1161 2645 alio
1207 2606 1369 2661 quam
1412 2592 1480 2645 ab
1512 2592 1635 2661 ipso
1662 2593 1871 2647 dictum

294 2676 377 2735 εἰ(
431 2679 698 2737 Domino:
757 2682 1087 2753 Quwcunque
1142 2683 1386 2753 ligaveris
1439 2700 1595 2753 super
1640 2694 1867 2750 terram,

294 2781 450 2825 erunt
473 2771 636 2841 ligata
661 2783 710 2826 et
744 2774 796 2827 in
829 2775 1013 2840 cwlis;
1042 2785 1094 2829 el
1121 2792 1441 2847 quacunque
1462 2776 1679 2831 solveris
1714 2794 1871 2847 super

294 2876 518 2926 terram,
549 2876 702 2919 erant
732 2867 909 2920 soluta
941 2878 992 2919 et
1023 2870 1076 2921 in
1099 2869 1242 2923 caelis
1276 2869 1343 2923 ".

366 2956 421 3010 4.
457 2956 512 3010 Si
548 2958 674 3026 quis
707 2958 978 3027 putaverit
1019 2973 1078 3014 se
1109 2974 1141 3013 a
1182 2962 1604 3032 metr0politano
1629 2961 1865 3032 gravari,

295 3048 444 3118 apud
486 3049 773 3117 primatem
819 3049 1142 3117 dioeceseos,
1191 3061 1287 3106 aut
1333 3067 1500 3121 penes
1543 3054 1866 3109 universalis

296 3145 610 3212 apostolicae
639 3142 894 3199 Ecclesia:
915 3159 1107 3214 papam
1134 3144 1432 3214 judicetur.

367 3236 418 3291 5.
447 3236 832 3300 Accusatores,
856 3244 910 3291 et
954 3236 1356 3300 accusationes,
1398 3252 1536 3306 quas
1568 3236 1713 3308 leges
1761 3253 1866 3292 sae.

295 3328 406 3383 culi
438 3343 547 3382 non
572 3328 873 3391 asciscunt,
897 3336 949 3382 et
978 3344 1076 3382 nos
1105 3329 1434 3383 unanimiter
1459 3328 1867 3398 submovenms,

295 3436 368 3477 ne
400 3420 493 3474 ﬁat
541 3419 849 3475 indistricta
891 3422 1211 3489 probatione
1251 3421 1525 3492 impietas,
1561 3437 1685 3476 cum
1715 3432 1866 3477 recta

295 3514 577 3586 sitjudicii
609 3517 661 3569 in
693 3515 957 3570 electione
986 3515 1279 3569 sententia.

369 3608 424 3662 6.
452 3607 643 3661 Nullus
669 3608 960 3677 episcopus
989 3606 1212 3661 alterius
1241 3607 1631 3676 parochianum
1664 3622 1867 3677 praesu-

296 3708 414 3753 mat
437 3700 690 3762 retinere,
727 3706 820 3752 aut
860 3697 1137 3761 ordinare,
1169 3698 1376 3767 absque
1409 3699 1525 3768 ejus
1567 3699 1862 3764 voluntate,

296 3792 384 3847 vel
427 3772 694 3861 judicare,
739 3791 889 3845 salva
940 3797 1120 3845 tamen
1164 3790 1219 3843 in
1274 3791 1528 3845 omnibus
1570 3791 1864 3860 apostolica

298 3881 656 3947 auctoritate;
681 3881 826 3951 quia,
846 3880 989 3936 sicut
1018 3880 1172 3934 irrita
1201 3881 1304 3935 erit
1326 3881 1444 3950 ejus
1470 3881 1762 3944 ordinatio,
1792 3882 1864 3935 ita

297 3981 355 4029 et
396 3973 748 4042 dijudicatio;
781 3972 1041 4043 quoniam
1086 3987 1375 4027 censemus
1404 3972 1605 4025 nullam
1641 3972 1865 4027 alterius

296 4064 523 4136 iudicis,
547 4064 651 4119 nisi
692 4064 775 4117 sui
802 4064 1068 4118 sententia
1101 4063 1270 4117 teneri
1306 4080 1320 4116 :
1355 4078 1477 4116 nam
1504 4063 1594 4133 qui
1623 4077 1745 4118 eum
1776 4078 1867 4117 or-

296 4156 491 4210 dinare
522 4168 629 4208 non
663 4153 857 4223 potuit,
884 4167 983 4206 nec
1000 4151 1247 4220 judicare
1282 4152 1555 4206 ullatenus
1576 4153 1793 4220 poterit.
1842 4170 1855 4188 ν

373 4246 425 4299 7.
460 4244 517 4298 Si
551 4244 675 4314 quis
715 4258 841 4312 erga
875 4243 1192 4312 episcopum
1239 4243 1323 4297 vel
1365 4252 1581 4299 actores
1610 4240 1733 4297 Ec“
1819 4266 1823 4270 ι

296 4355 360 4396 se
382 4338 664 4409 proprium
692 4336 888 4390 habere
910 4335 1201 4390 crediderit
1231 4336 1534 4405 negotium,
1579 4350 1688 4390 non
1716 4349 1863 4401 prius

297 4432 459 4486 adeat
484 4430 718 4499 judiccs,
749 4443 910 4497 quam
941 4426 1007 4481 ad
1041 4443 1136 4484 eos
1163 4436 1429 4494 recurrat,
1452 4427 1737 4482 cbaritatis
1758 4433 1864 4479 stu-

1977 576 2241 634 adversus
2271 577 2461 633 Patres
2489 585 2792 644 armantur,
2826 576 3058 632 infames
3087 591 3210 632 esse
3230 590 3539 633 censemus.

1974 666 2161 737 Neque
2204 684 2297 725 eos
2329 670 2423 739 qui
2450 684 2574 723 cum
2605 668 2846 723 inimicis
2873 675 3177 733 morantur,
3219 667 3287 722 ad
3314 682 3543 725 accusa-

1972 758 2175 812 tionem
2210 759 2291 813 vel
2332 759 2399 812 ad
2435 758 2806 813 testimonium
2837 756 3200 827 recipiendos.

2049 849 2133 902 ll.
2166 847 2375 904 Placuit
2408 859 2469 903 ut
2492 864 2706 920 semper
2734 850 2787 903 in
2809 850 3160 905 accusatione
3191 848 3537 915 clericorum,

1973 941 2151 1011 primo
2190 956 2447 1011 persona,
2481 941 2634 1007 fides,
2659 942 2766 996 vita
2808 948 2862 995 et
2903 940 3245 996 conversatio
3270 941 3538 1010 blasphe-

1972 1031 2240 1084 mantium
2265 1038 2657 1101 perscrutetur.
2693 1030 2828 1084 Nam
2860 1031 2992 1086 ﬁdes
3040 1045 3229 1085 omnes
3251 1039 3407 1085 actus
3436 1031 3539 1085 ho-

1971 1122 2136 1176 minis
2178 1122 2484 1193 pmedere
2522 1123 2680 1178 debet
2712 1141 2725 1177 :
2759 1122 2889 1192 quia
2924 1122 3146 1189 dubius,
3176 1121 3412 1178 infidelis
3433 1130 3537 1187 est,

1969 1228 2071 1267 nec
2093 1212 2175 1268 eis
2204 1215 2426 1269 omnino
2453 1229 2575 1269 esse
2606 1212 2961 1281 credendum,
2993 1216 3084 1283 qui
3109 1214 3356 1269 veritatis
3380 1213 3538 1268 fidem

1970 1306 2248 1375 ignorant,
2287 1321 2391 1361 nec
2438 1314 2588 1360 recte
2619 1308 3050 1362 conversationis
3080 1307 3247 1361 vitam
3290 1307 3538 1371 ducunt;

1972 1396 2235 1468 quoniam
2277 1397 2437 1462 tales,
2487 1407 2542 1453 et
2586 1398 2766 1462 facile,
2797 1407 2852 1454 et
2895 1398 3267 1455 indifferenter
3297 1398 3542 1453 lacerant

1969 1497 2025 1545 et
2061 1490 2423 1546 criminantur
2470 1502 2618 1547 recte
2646 1502 2700 1547 et
2742 1491 2825 1561 pie
2858 1491 3118 1547 viventes.
3148 1489 3275 1545 Ideo
3299 1490 3541 1560 suspicio

1971 1597 2163 1637 eorum
2197 1582 2542 1639 discutienda
2580 1592 2664 1640 est
2692 1586 2868 1655 primo
2895 1593 2951 1638 et
2980 1582 3321 1654 corrigenda.
3354 1583 3540 1653 Neque

1971 1675 2391 1730 accusatoribus
2440 1677 2737 1746 suspectis,
2779 1685 2832 1733 ct
2877 1677 2946 1732 de
2991 1677 3331 1731 inimicorum
3376 1676 3540 1730 domo

1971 1766 2369 1837 prodeuntibus
2396 1767 2750 1823 credendum.

2046 1855 2133 1910 12.
2166 1856 2321 1923 Quod
2369 1874 2477 1913 nou
2513 1860 2631 1914 alia:
2682 1860 3114 1931 metropolitanae
3148 1856 3425 1922 Ecclesiae,
3455 1855 3539 1909 vel

1968 1950 2226 2017 primates
2255 1950 2386 2014 sint,
2415 1950 2521 2005 nisi
2553 1951 2651 2017 illi,
2686 1952 2777 2020 qui
2812 1951 2964 2021 prius
2994 1951 3253 2020 primates
3278 1955 3454 2012 erant,
3488 1956 3543 2001 et

1969 2051 2093 2111 post
2106 2041 2313 2095 Christi
2334 2041 2626 2097 adventum
2644 2044 2968 2097 auctoritate
2991 2042 3287 2113 apostolica
3301 2048 3354 2096 et
3378 2056 3543 2111 syno-

1969 2135 2104 2197 dali,
2167 2135 2463 2205 primatum
2517 2134 2719 2189 habere
2763 2140 3099 2188 meruerunt.
3142 2131 3384 2202 Reliqua:
3431 2147 3542 2185 non

1968 2225 2250 2295 primates,
2280 2224 2376 2281 sed
2412 2226 2737 2294 metr0polcs
2767 2231 3051 2289 vocentur,
3095 2237 3394 2292 eorumque
3420 2222 3542 2291 cpi--

1969 2319 2122 2388 scopi
2174 2335 2286 2373 non
2338 2319 2652 2389 primatum,
2687 2318 2782 2372 sed
2829 2325 2921 2372 aut
2969 2317 3539 2387 metropolitanorum,

1971 2420 2068 2466 aut
2095 2411 2636 2481 archiepiscoporum
2661 2410 2883 2466 nomine
2910 2408 3182 2464 fruantur.

2039 2503 2126 2558 15.
2160 2501 2393 2559 lnfames
2411 2517 2535 2557 esse
2562 2516 2850 2557 censemus
2876 2514 3087 2563 omnes,
3113 2500 3205 2570 qui
3235 2513 3391 2554 suam
3444 2505 3539 2553 aut

1967 2594 2335 2650 Christianam
2376 2592 2803 2662 praevaricantur
2849 2589 3047 2660 legem,
3078 2596 3173 2642 aut
3214 2589 3539 2644 canonicam

1968 2690 2299 2755 postponunt
2336 2681 2736 2736 auctoritatem.

2041 2777 2129 2830 l4.
2162 2774 2324 2829 Salvo
2369 2774 2422 2827 in
2467 2772 2723 2828 omnibus
2756 2769 3014 2825 Romanae
3062 2769 3319 2825 Ecclesiae
3363 2770 3537 2840 privi—

1969 2865 2131 2935 legio,
2192 2864 2377 2919 nullus
2432 2861 2887 2932 metropolitanus
2943 2861 3149 2931 absque
3210 2867 3532 2916 caeterorum

1968 2956 2210 3012 omnium
2261 2953 2799 3024 comprovincialium
2850 2951 3227 3021 episcoporum
3276 2952 3533 3013 astantia,

1972 3048 2277 3117 aliquorum
2310 3062 2379 3101 ex
2401 3045 2509 3099 illis
2532 3058 2746 3107 causas,
2774 3043 2902 3113 quia
2933 3043 3100 3098 irrita:
3139 3050 3321 3108 erunt,
3350 3043 3459 3097 imo
3480 3050 3536 3097 et

1896 3156 1940 3214 ο
1972 3152 2195 3194 causam
2223 3138 2278 3191 in
2309 3136 2517 3208 synodo
2538 3150 2636 3205 pro
2670 3134 2815 3189 facto
2836 3133 3007 3189 dabit.

2043 3228 2131 3281 15.
2164 3227 2373 3281 Alienis
2400 3225 2682 3281 erroribus
2711 3223 3000 3287 sociatum,
3035 3221 3120 3276 vel
3156 3236 3185 3275 a
3217 3221 3302 3276 sui
3338 3236 3538 3291 propo-

1972 3321 2064 3377 siti
2099 3320 2319 3374 tramite
2349 3318 2716 3383 recedentem,
2747 3324 2841 3370 aut
2893 3315 3066 3370 sacris
3105 3314 3409 3369 canonibus
3448 3314 3537 3374 ina

1970 3410 2334 3475 obedientem,
2358 3409 2638 3481 suscipere
2669 3422 2777 3462 non
2800 3421 3112 3477 possumus.
3147 3403 3258 3460 Nec
3282 3406 3540 3475 impetere

1970 3508 2120 3556 recte
2146 3499 2451 3565 credentes,
2476 3500 2559 3553 vel
2582 3504 2895 3551 sanctorum
2917 3494 3138 3550 Patrum
3162 3493 3538 3550 sanctionibus

1971 3594 2415 3662 obtemperantes
2444 3590 2833 3661 permittimus.

2043 3684 2136 3737 l6.
2189 3681 2483 3752 Peregrina
2523 3681 2729 3750 judicia
2769 3680 3006 3751 generali
3034 3677 3317 3734 sanctione
3349 3676 3537 3747 prohi—

1971 3773 2183 3829 bemus.
2218 3772 2357 3839 Quia
2407 3772 2688 3843 indiguum
2720 3779 2805 3826 est
2836 3781 2895 3825 ut
2922 3771 2990 3825 ab
3012 3771 3214 3825 exteris
3237 3769 3538 3839 judicetur,

1971 3868 2064 3937 qui
2115 3867 2479 3937 provinciales
2517 3874 2572 3921 et
2602 3881 2632 3920 a
2676 3882 2736 3923 se
2773 3866 2977 3921 electos
3017 3863 3176 3920 debet
3219 3864 3420 3920 habere
3447 3862 3539 3933 ju-

1970 3958 2141 4014 dices.

2044 4050 2132 4107 17.
2168 4048 2328 4104 Salva
2357 4048 2670 4120 apostolicae
2702 4046 2959 4103 Ecclesia:
2977 4048 3323 4110 auctoritate,
3353 4046 3538 4103 nullus

1970 4142 2260 4213 episcopus
2284 4150 2437 4198 extra
2459 4157 2613 4198 suam
2644 4141 2972 4217 provinciam
2997 4141 3065 4195 ad
3082 4140 3348 4211 judicium
3373 4140 3539 4196 devo-

1971 4246 2148 4298 cetur,
2172 4233 2266 4289 sed
2293 4243 2486 4288 vocato
2507 4248 2572 4288 eo
2599 4232 2882 4299 canonice,
2910 4233 2964 4286 in
2991 4233 3113 4287 loco
3133 4233 3387 4287 omnibus
3408 4245 3541 4285 con-

1974 4340 2134 4395 gruo,
2183 4335 2427 4397 tempore
2474 4326 2745 4398 synodali,
2781 4326 2850 4382 ab
2895 4324 3152 4380 omnibus
3188 4323 3537 4395 comprovin-

1971 4420 2207 4478 cialibus
2254 4422 2530 4492 episcopis
2573 4421 2848 4486 audiatur,
2891 4419 2985 4489 qui
3032 4417 3325 4473 concilium
3376 4431 3542 4485 super

296 4523 411 4586 dio,
444 4528 503 4575 ut
531 4519 785 4574 familiari
820 4519 1092 4588 colloquio
1112 4520 1431 4573 commoniti
1460 4534 1523 4574 ea
1551 4534 1747 4575 sanare
1771 4518 1865 4574 de-
1895 4512 1942 4568 D
1969 4527 2119 4579 eum,
2170 4513 2599 4583 canonicamque
2657 4511 2902 4581 proferre
2942 4510 3140 4565 debent
3190 4509 3536 4564 sententiam.

296 4615 483 4679 beant,
521 4628 642 4682 quas
686 4612 742 4665 in
786 4611 1183 4681 querimoniam
1230 4609 1593 4665 deducuntur.
1629 4610 1784 4676 Quod
1816 4611 1865 4666 si

296 4708 459 4761 aliter
488 4705 681 4777 egerit,
711 4704 1092 4759 communione
1114 4703 1376 4773 privetur.

366 4801 423 4856 8.
459 4798 630 4853 Nemo
651 4797 966 4868 pontificum
999 4796 1256 4866 deinceps
1285 4797 1517 4867 aliquem
1547 4796 1863 4866 episcopum

295 4891 415 4947 suis
442 4888 806 4959 exspoliatum
833 4886 1018 4953 rebus,
1040 4893 1132 4939 aut
1164 4900 1194 4939 a
1224 4884 1351 4939 sede
1375 4886 1610 4954 pulsum,
1644 4899 1864 4938 excom-

294 4983 583 5038 municare
606 4986 699 5033 aut
721 4979 966 5049 judicare
997 4983 1307 5049 praasumat,
1343 4977 1469 5046 quia
1500 4991 1607 5031 non
1633 4984 1715 5032 est
1755 4977 1866 5047 pri-

295 5074 555 5145 vilegium
578 5087 688 5143 quo
710 5072 932 5141 spoliari
968 5072 1142 5143 possit
1170 5068 1281 5139 jam
1308 5067 1587 5123 nudatus.'

362 5165 419 5217 9.
452 5161 580 5215 Pari
625 5168 814 5216 tenore
866 5161 1233 5220 decernimus,
1285 5171 1393 5210 non
1437 5157 1585 5211 credi
1639 5171 1866 5210 accusa-

293 5259 429 5318 tori,
455 5254 549 5325 qui
577 5254 803 5308 absente
827 5253 1141 5307 adversario
1166 5264 1388 5305 causam
1419 5250 1680 5319 suggerit,
1705 5261 1866 5319 atque

297 5347 591 5413 utriusque
640 5344 812 5412 partis
861 5342 1282 5401 discussionem,
1341 5355 1440 5395 nec
1494 5348 1862 5405 accusatores,

296 5438 379 5490 vel
417 5442 591 5488 testes
621 5432 850 5501 suscipi,
878 5431 971 5499 qui
1001 5444 1107 5483 non
1139 5424 1266 5481 sunt
1290 5427 1491 5483 idonei.

366 5528 461 5583 10.
494 5524 729 5586 Placuit,
769 5532 829 5577 ut
876 5523 924 5576 si
980 5528 1270 5574 accusatus
1300 5519 1381 5571 vel
1429 5518 1720 5573 damnatus
1752 5519 1867 5588 epi-

297 5635 502 5691 scopus
546 5616 894 5688 appellaverit
935 5613 1238 5669 Romanum
1283 5611 1610 5682 pontiﬁcem,
1662 5610 1715 5665 id
1760 5619 1881 5691 sta-_

370 5804 418 5833 ’δ
459 5801 647 5857 Matth.
683 5815 767 5851 xvi
792 5840 804 5864 ,
844 5796 930 5851 l9.

1972 4604 2245 4671 Quoniam
2277 4604 2326 4659 si
2367 4604 2470 4659 hoc
2498 4604 2823 4667 minoribus,
2846 4614 2954 4658 tam
2987 4600 3203 4656 clericis
3242 4613 3404 4669 quam
3439 4599 3539 4651 lai-

1971 4697 2073 4759 cis,
2098 4710 2420 4750 concessum
2447 4702 2552 4757 est,
2575 4701 2781 4763 quanto
2810 4692 2986 4762 magis
3017 4690 3083 4745 de
3116 4688 3386 4761 episcopis
3418 4702 3535 4742 ser-

1973 4788 2088 4841 vari
2115 4786 2398 4841 convenit!
2431 4784 2567 4838 Nam
2591 4784 2637 4843 si
2664 4784 2780 4852 ipse
2808 4781 3308 4852 metropolitanum,
3339 4778 3540 4848 autju-

1971 4879 2124 4933 dices
2168 4885 2453 4946 suspectos
2501 4874 2782 4939 habuerit,
2839 4882 2932 4927 aut
2985 4872 3231 4928 infensos
3281 4871 3536 4933 senserit,

1971 4968 2119 5039 apud
2149 4968 2412 5037 primates
2432 4966 2756 5028 dioeceseos,
2789 4972 2884 5018 aut
2916 4964 3058 5035 apud
3094 4962 3353 5018 Romanae
3390 4961 3537 5019 sedis

1971 5058 2254 5130 pontiﬁces
2278 5056 2575 5125 judicetur.

2045 5152 2134 5207 l8.
2167 5150 2382 5204 Nemini
2403 5150 2472 5204 de
2492 5164 2552 5203 se
2579 5148 2833 5203 confesso
2861 5146 3010 5202 credi
3036 5153 3212 5217 potest
3244 5160 3409 5215 super
3428 5145 3538 5200 cri-

1970 5257 2095 5296 men
2138 5241 2396 5295 alienum.
2432 5237 2698 5303 Quoniam
2732 5237 2853 5306 ejus
2881 5244 3042 5305 atque
3080 5233 3259 5289 omnis
3289 5233 3367 5289 rei
3411 5249 3538 5303 pro-

1973 5332 2141 5388 fessio
2199 5329 2527 5402 periculosa,
2573 5338 2628 5385 et
2679 5327 2893 5383 admitti
2938 5326 3200 5382 adversus
3245 5325 3540 5395 quemlibet

1972 5442 2080 5483 non
2105 5425 2287 5481 debet.

2045 5520 2133 5575 l9.
2177 5519 2390 5574 Incerta
2435 5531 2595 5573 nemo
2640 5529 2880 5586 unquam
2931 5510 3248 5584 pontiﬁcum
3295 5507 3545 5579 judicare

1977 5618 2291 5685 praesumat.
2316 5610 2453 5676 Quia
2486 5609 2735 5680 quamvis
2764 5620 2888 5661 vera
2919 5605 3057 5671 sint,
3089 5618 3197 5659 non
3221 5610 3403 5658 tamen
3425 5615 3543 5656 cz“:-
