3976 6388
478 376 598 435 £33

465 588 565 642 nisi
593 604 716 657 qua
739 589 1032 642 manifesto
1071 590 1280 657 judicio
1308 590 1730 653 convincuntur,
1760 590 1866 643 nisi
1895 605 2018 658 qua:

467 683 745 735 uliciario
771 683 964 735 ordine
995 683 1358 750 publicantur.

527 775 617 826 2".
648 773 1070 828 Criminstiones
1119 775 1392 840 majorum
1447 783 1577 828 natu
1633 789 1732 843 per
1772 775 1909 828 alios
1949 789 2022 827 ne

463 863 613 924 fiant,
645 864 748 917 nisi
773 879 870 934 per
895 865 1044 932 ipsos
1063 865 1156 934 qui
1173 865 1406 918 crimina
1427 864 1737 930 intendunt,
1762 866 1808 920 si
1838 875 2020 918 tamen

467 952 562 1019 ὴ)έί
601 952 747 1019 ἀίειιί
775 960 832 1006 et
861 953 1369 1021 irreprebensibiles
1394 956 1768 1024 apparuerint,
1797 965 1851 1008 et
1883 956 2022 1008 actis

465 1043 746 1097 dccnerint
771 1044 1006 1112 publicis
1027 1046 1273 1098 omnium
1299 1061 1360 1100 se
1379 1061 1567 1099 carere
1593 1047 1909 1114 suspicione
1939 1054 2023 1097 at-

461 1151 567 1201 que
609 1136 916 1201 inimicitia,
959 1145 1016 1190 et
1067 1139 1629 1208 imprebensibilem-
1655 1141 1814 1194 tidem
1859 1150 2024 1210 atque

459 1227 930 1280 conversationem
958 1226 1182 1279 ducere.

527 1315 618 1369 ει.
647 1315 714 1368 Et
759 1318 1109 1384 provincialis
1159 1317 1402 1389 synodus
1449 1328 1774 1373 retractetur
1818 1335 1914 1388 per
1947 1321 2028 1373 vi-

460 1409 641 1462 earios
663 1409 816 1464 urbis
837 1409 1025 1462 llomze
1047 1411 1313 1480 episcopi,
1343 1413 1390 1464 si
1421 1412 1538 1480 ipse
1563 1413 1882 1466 decreverit.

528 1499 618 1552 22.
665 1497 876 1554 Placuit
911 1509 970 1553 ut
1013 1516 1044 1554 a
1077 1501 1500 1570 quibuscumque
1531 1502 1812 1570 judicibus
1852 1503 2028 1556 eccle-

462 1590 700 1646 siasticis
735 1591 802 1644 ad
837 1593 976 1646 alios
998 1591 1214 1661 judices
1245 1594 1665 1655 ecclesiasticos,
1703 1594 1790 1646 ubi
1821 1603 1904 1646 est
1926 1610 2028 1646 au-

461 1681 692 1737 ctoritas
729 1682 930 1751 major,
981 1681 1146 1735 fuerit
1191 1692 1568 1751 provocatum,
1600 1682 1873 1736 audientia
1919 1697 2028 1735 non

463 1783 655 1841 negem
665 1790 708 1827 r.

1581 379 1639 432 S.
1681 376 2145 438 ATHANASIL'S.
2179 413 2248 422 —
2288 381 2562 439 Sl’L'RlL

463 496 654 558 ﬂenda,
681 497 789 552 nisi
820 511 944 566 quc
967 495 1272 551 manifestis
1297 496 1522 566 judiciis
1565 497 2017 566 comprobantur,
2047 501 2094 556 Α

3545 387 3675 444 1364

2187 500 2276 552 28.
2303 499 2672 560 Detractores,
2699 502 2792 569 qui
2816 501 3001 554 divina
3021 500 3348 555 auctoritate
3366 500 3674 557 eradicandi

2119 603 2268 653 sunt,
2301 601 2356 646 et
2383 591 2624 646 fautores
2647 594 3014 652 inimicorum.
3047 593 3117 646 ab
3136 593 3432 662 episcopali
3461 595 3678 648 submo-

2116 698 2310 738 vemus
2339 684 2712 738 accusatione.
2751 684 3015 738 Similiter
3047 701 3120 740 ne
3156 699 3496 739 summorum
3527 685 3675 752 quis-

2117 777 2264 845 piam
2319 777 2590 829 minorum
2623 776 3067 832 accusationibus
3123 775 3414 845 impetatur
3451 783 3544 828 aut
3570 777 3679 829 dis-

2119 839 2326 934 pereat,
2371 880 2550 934 neque
2591 865 2646 918 ln
2693 864 2941 920 redubia
2977 873 3125 919 certa
3167 839 3332 918 detr
3355 839 3372 860 δ
3395 864 3676 926 sententia,

2121 971 2222 1008 nec
2273 957 2444 1009 nilum
2497 955 2787 1025 judicium,
2833 959 2939 1010 nisi
2981 955 3278 1025 prudenter
3333 954 3578 1008 habitum
3605 962 3681 1009 te-

2121 1057 2285 1102 neatu
2293 1065 2340 1100 Γ.

2193 1143 2283 1195 29.
2315 1141 2476 1194 Plura
2499 1141 2568 1195 de
2593 1139 2684 1194 his
2713 1139 2836 1193 ideo
2861 1139 2950 1192 hic
2973 1155 3082 1193 non
3115 1139 3471 1202 inseruins,
3501 1152 3573 1191 ne
3597 1152 3684 1189 va-

2121 1246 2309 1290 cuare,
2343 1231 2570 1284 vilemve
2605 1229 2787 1284 facere
2813 1229 3126 1298 prodictam
3163 1228 3432 1298 synodum
3471 1227 3680 1280 videre-

2123 1338 2267 1382 mur.
2298 1331 2392 1374 aut
2441 1322 2720 1376 fastidium
2754 1322 3057 1387 legentibus
3083 1318 3542 1388 audientibusqne
3569 1334 3684 1387 pro-

2125 1415 2232 1467 lixa
2265 1414 2466 1468 faceret
2493 1414 2742 1483 epistola.
2775 1411 2830 1466 Si
2861 1412 2989 1480 quis
3018 1422 3198 1464 autem
3224 1411 3295 1464 de
3317 1410 3407 1463 bis
3428 1411 3684 1476 ampliora

2125 1513 2288 1574 atque
2327 1489 2728 1558 abundantiora
2757 1504 2901 1558 scire
2937 1502 3191 1565 voluerit,
3227 1501 3282 1554 in
3317 1515 3479 1555 sacro
3508 1508 3690 1554 nostro

2127 1599 2274 1651 sedis
2305 1595 2558 1652 Ecclesia
2591 1596 2819 1658 scrinio,
2854 1601 2908 1648 et
2937 1609 3002 1648 ea
3034 1609 3158 1663 quae
3197 1594 3571 1664 praediximus,
3609 1594 3689 1646 in-

2127 1686 2313 1740 venire
2347 1688 2546 1756 poterit
2581 1704 2596 1739 :
2627 1700 2815 1738 verum
2847 1698 2934 1738 me
2955 1684 3161 1744 dicere,
3197 1684 3354 1736 testis
3377 1692 3465 1736 est
3493 1681 3690 1734 Diiini.

2129 1788 2232 1833 tas.
2270 1778 2344 1832 De
2377 1781 2688 1847 receptione
2729 1790 2863 1830 vero
2889 1777 3058 1836 sedis,
3085 1782 3144 1830 et
3185 1775 3500 1837 sacerdotii,
3535 1783 3692 1844 alque

531 1864 621 1916 23.
651 1861 709 1917 Si
742 1865 868 1934 quis
913 1865 1366 1935 metropolitanus
1407 1867 1718 1936 episcopus,
1755 1863 1858 1920 nisi
1883 1865 2024 1934 quod
2059 1843 2100 1903 Β
2131 1873 2376 1936 honoris,
2407 1843 2530 1943 qua:
2577 1870 2796 1927 dixistis
2825 1869 3188 1926 Athanasium
3224 1869 3438 1938 absque
3476 1843 3690 1922 concilii

464 1955 531 2010 ad
559 1972 712 2010 suam
748 1957 1091 2011 solummodo
1121 1959 1394 2028 propriam
1429 1960 1662 2027 pertinet
1687 1960 2026 2026 parochiam,

465 2050 586 2103 sine
629 2049 862 2104 consilio
907 2059 959 2103 et
991 2050 1268 2103 voluntate
1303 2050 1546 2104 omnium
1597 2050 2030 2120 comprovincia-

465 2139 597 2194 lium
627 2141 1010 2210 episcoporum
1046 2141 1253 2210 aliquid
1281 2157 1444 2211 agere
1484 2142 1797 2202 tentaverit,
1828 2140 2030 2209 gradus

464 2233 551 2288 sui
579 2233 823 2304 periculo
849 2234 1178 2301 subjacebit,
1205 2243 1260 2289 et
1286 2235 1431 2304 quod
1455 2236 1648 2302 egerit,
1681 2235 1894 2287 irritum
1927 2234 2032 2286 erit

463 2334 520 2380 et
542 2339 794 2381 vacuum.
829 2325 934 2380 Sed
967 2326 1232 2396 quidquid
1254 2325 1324 2380 de
1355 2325 1894 2395 comprovincialium
1918 2324 2034 2394 epi-

466 2434 756 2488 scoporum
800 2420 1004 2481 causis,
1037 2435 1371 2490 suarumque
1415 2419 1806 2484 Ecclesiarum,
1834 2427 1890 2472 et
1918 2418 2031 2471 cle-

467 2512 724 2572 ricorum,
749 2517 915 2580 atque
939 2510 1283 2565 sacularium
1308 2511 1729 2565 necessitatibus
1756 2523 1914 2578 agere
1941 2514 2035 2560 aut

466 2603 756 2671 disponere
777 2617 1000 2657 necesse
1023 2602 1208 2665 fuerit,
1231 2602 1333 2656 hoc
1349 2617 1475 2656 cum
1493 2603 1736 2654 omnium
1761 2599 2040 2654 consensu

468 2694 1014 2764 comprovincialium
1066 2701 1259 2764 agatur
1305 2693 1642 2762 pontificum.
1692 2691 1812 2745 Non
1853 2692 2036 2760 aliquo

468 2784 858 2841 dominationis
885 2783 1052 2850 (astu,
1083 2784 1178 2840 sed
1223 2785 1529 2840 humillima
1568 2792 1622 2840 et
1651 2783 1910 2839 concordi
1939 2783 2038 2835 ad-

471 2877 894 2944 ministratione,
927 2881 1069 2934 sicut
1121 2879 1385 2932 Dominus
1425 2879 1500 2930 ait
1534 2897 1548 2931 :
1583 2875 1708 2930 Non
1745 2876 1858 2929 ueni
1881 2875 2038 2927 mini-

470 2969 655 3032 strari,
685 2968 855 3038 6m
883 2967 974 3021 sed
1003 2967 1312 3020 ministrare
1343 2968 1410 3020 ".
1439 2965 1503 3018 Et
1532 2966 1662 3019 alibi
1697 2983 1712 3018 :
1739 2965 1842 3028 Qui
1866 2963 2040 3030 major

470 3070 546 3114 est
575 3071 827 3122 nstrum,
852 3061 952 3113 erit
977 3060 1215 3112 minister
1239 3069 1403 3112 vester
1433 3058 1500 3123 ³⁸,
1533 3065 1586 3112 et
1615 3058 1844 3126 reliqua.
1877 3054 2040 3109 Simi-

2127 1967 2347 2020 decrcto
2405 1965 2703 2032 suscipere,
2755 1977 2862 2016 non
2888 1963 2962 2014 ita
3011 1963 3322 2014 invenimus
3361 1961 3510 2012 sicut
3550 1957 3692 2010 calu-

2127 2059 2317 2112 mniati
2348 2058 2501 2112 estis.
2530 2056 2634 2111 Sed
2656 2054 3018 2125 quorumdam
3048 2053 3432 2122 episcoporum
3461 2051 3696 2106 concilio

2129 2160 2293 2222 atque
2317 2150 2538 2204 decreto
2553 2149 2758 2218 recepit
2779 2162 2959 2208 suum,
2975 2147 3123 2215 quod
3142 2144 3346 2212 injuste
3366 2141 3694 2214 perdiderat,

2130 2243 2518 2305 sacerdotium,
2544 2256 2610 2295 ac
2643 2241 2844 2295 resedit
2871 2240 2928 2293 in
2957 2239 3107 2294 sede.
3137 2235 3294 2302 Quod
3325 2251 3454 2289 cum
3481 2235 3699 2305 scripsi~

2131 2334 2251 2393 stis,
2276 2348 2382 2386 non
2414 2346 2578 2401 posse
2601 2345 2726 2384 eum
2745 2344 2775 2382 a
2793 2329 3049 2398 pauciore
3071 2341 3302 2380 numero
3318 2327 3699 2394 episcopon

2133 2423 2367 2486 restitui,
2424 2437 2586 2492 quam
2622 2422 2905 2490 depositus
2952 2419 3150 2481 fuerat,
3194 2433 3304 2471 non
3355 2419 3430 2470 ita
3459 2424 3567 2470 est.
3597 2414 3701 2469 Nec

2133 2517 2249 2569 haec
2286 2515 2472 2583 regula
2505 2512 2938 2566 orthodoxorum
2965 2518 3172 2565 sancta:
3192 2509 3452 2562 Ecclesia
3481 2515 3568 2561 est
3590 2507 3704 2575 epi-

2134 2620 2448 2673 scoporum,
2477 2602 2573 2657 sed
2618 2603 2964 2662 Arianorum,
3006 2601 3284 2655 sociorum
3335 2599 3590 2653 videlicet
3615 2611 3703 2673 re-

2138 2672 2376 2750 strorum
2418 2695 2532 2748 haec
2559 2693 2894 2755 adinventio,
2932 2693 2998 2747 ad
3033 2691 3404 2762 perditionem
3446 2672 3704 2744 orthodo-

2139 2803 2330 2841 xonnn
2376 2788 2756 2855 episcoporum
2793 2791 3044 2837 contexta
3079 2789 3186 2836 est.
3217 2779 3376 2846 Nam,
3397 2788 3464 2832 ut
3501 2779 3706 2831 vobisa

2136 2879 2422 2933 veracibus
2463 2884 2549 2932 est
2577 2875 2812 2931 testibus
2855 2874 3107 2937 relatum,
3149 2871 3378 2942 quando
3407 2867 3705 2924 Antiochia:

2140 2987 2238 3041 pro
2263 2970 2614 3024 damnatione
2658 2968 2782 3022 tidei
2809 2967 2879 3021 de
2901 2965 3475 3021 consubstantialitate
3501 2963 3704 3032 prolata

2141 3063 2326 3118 fuistis
2346 3061 2684 3130 congregati,
2715 3061 2843 3114 odio
2871 3057 3115 3130 pradicti
3145 3056 3433 3110 Athanasii
3455 3055 3598 3108 hanc
3627 3067 3708 3106 re-

473 3153 597 3207 liter
619 3160 674 3206 et
705 3153 807 3222 ipsi
828 3152 1315 3220 comprovinciales
1342 3150 1585 3218 episcOpi
1615 3165 1738 3202 cum
1765 3164 1884 3218 ejus
1907 3164 2039 3202 con-
2065 3185 2108 3241 ϐ
2142 3157 2322 3224 gulam
2353 3152 2680 3224 protulistis,
2711 3167 2834 3221 qua:
2874 3151 3054 3204 nullas
3081 3149 3244 3202 habet
3273 3148 3441 3209 vires,
3475 3160 3578 3200 nec
3611 3143 3704 3197 ha-

473 3243 621 3303 cilio,
649 3243 756 3297 nisi
788 3250 1052 3312 quantum
1083 3242 1151 3296 ad
1185 3244 1435 3312 proprias
1471 3240 1700 3310 pertinet
1730 3240 2038 3310 parochias,

475 3340 639 3404 agant
666 3333 824 3402 juxta
861 3341 1174 3388 sanctorum
1223 3335 1521 3389 constituta
1567 3332 1809 3397 Patrum,
1839 3343 1892 3386 et
1933 3346 2042 3386 uno

476 3425 681 3489 animo,
710 3439 820 3479 uno
847 3439 964 3488 ore,
986 3426 1331 3480 concorditer
1357 3434 1544 3481 sancta
1569 3424 1901 3495 glorificetur
1921 3421 2045 3476 Tri-

477 3516 626 3571 nitas
650 3516 704 3570 in
734 3516 957 3570 saecula.

547 3605 638 3659 24.
671 3605 912 3660 Caveant
937 3606 1150 3674 judices
1171 3605 1450 3668 Ecclesize,
1481 3621 1548 3661 ne
1577 3606 1804 3660 absente
1829 3620 1897 3660 eo
1941 3619 2043 3658 cu-

477 3697 570 3768 jus
623 3713 791 3752 causa
843 3699 1134 3752 ventilatur
1191 3699 1517 3754 sententiam
1571 3700 1868 3770 prolerant,
1913 3697 2044 3766 quia

483 3791 636 3844 irrita
661 3791 786 3852 erit,
805 3797 860 3844 et
891 3792 1150 3844 rationem
1183 3805 1280 3860 pro
1310 3791 1523 3846 actione
1547 3789 1775 3845 reddent
1797 3793 1852 3843 in
1883 3804 2048 3859 syno-

481 3883 575 3948 do,
625 3892 700 3944 et,
750 3889 812 3936 ut
855 3881 1150 3952 proditoris
1199 3882 1495 3946 calumnia,
1562 3899 1662 3936 nec
1713 3897 1903 3936 eorum
1953 3895 2048 3950 po-

485 3983 600 4030 stea
639 3991 741 4029 vox
787 3975 1057 4030 audiatur.
1090 3975 1256 4028 Nemo
1297 3977 1443 4030 enim
1482 3975 1780 4029 debitorem
1813 3973 2049 4042 amplius

483 4077 664 4138 potest
691 4081 1041 4137 cognoscere,
1082 4083 1244 4137 quam
1279 4067 1372 4120 ille
1407 4066 1500 4138 qui
1530 4049 1786 4136 injuriatn
1821 4065 2051 4135 ejusque

486 4160 753 4215 sustinuit
783 4159 1100 4228 nequitiam.

555 4251 625 4304 25
671 4249 726 4304 Si
761 4251 885 4319 quis
907 4265 1069 4315 super
1092 4248 1426 4319 quibuslibet
1449 4248 1770 4302 criminibus
1794 4247 2049 4300 clericum

487 4341 814 4410 pulsandum
845 4340 1137 4394 crediderit
1161 4340 1214 4392 in
1244 4340 1546 4410 provincia,
1588 4339 1642 4392 in
1671 4354 1775 4408 qua
1814 4339 1902 4392 ille
1922 4353 2054 4392 cou-

486 4436 633 4488 sistit
668 4433 761 4504 qui
809 4435 1078 4503 pulsatur,
1111 4447 1241 4488 suas
1285 4439 1536 4487 exerceat
1573 4432 1910 4484 exactiones.
1941 4431 2051 4485 Nec

2144 3247 2270 3300 bere
2301 3245 2521 3314 poterit.
2554 3242 2824 3310 Quoniam
2853 3257 2954 3296 nec
2982 3241 3053 3294 ab
3083 3239 3410 3294 orthodoxis
3442 3236 3708 3307 episcopis

2141 3337 2246 3390 hoc
2281 3334 2574 3389 concilium
2595 3341 2777 3386 actum
2799 3339 2903 3395 est,
2933 3344 3036 3384 nec
3061 3327 3320 3382 Romana:
3349 3325 3612 3380 Ecclesia:
3635 3325 3710 3378 le—

2141 3427 2290 3498 satio
2321 3424 2585 3480 interfuit.
2616 3422 2934 3478 Canonibus
2961 3418 3428 3490 praecipientibus,
3456 3417 3580 3471 sine
3597 3414 3710 3483 ejus

2142 3515 2468 3570 auctoritate
2491 3513 2724 3568 concilia
2763 3511 2879 3566 ﬁeri
2903 3525 3013 3565 non
3042 3510 3268 3571 debere,
3297 3523 3402 3562 nec
3436 3507 3606 3560 ullum
3628 3520 3712 3558 ra-

2145 3620 2262 3665 tum
2290 3619 2371 3664 est
2395 3615 2490 3662 aut
2519 3609 2624 3661 erit
2668 3619 2910 3676 unquam
2939 3603 3262 3667 concilium,
3296 3601 3445 3672 quod
3477 3615 3590 3654 non
3619 3597 3714 3652 ful-

2145 3714 2260 3758 tum
2293 3701 2458 3756 fuerit
2493 3699 2615 3770 ejus
2643 3698 2986 3753 auctoritate.

2220 3797 2307 3850 ιο.
2343 3795 2512 3864 Igitur
2534 3795 2605 3850 de
2631 3794 2779 3864 fuga,
2813 3806 2979 3862 super
3005 3804 3115 3860 qua
3141 3787 3505 3842 Athanasium
3537 3799 3714 3856 repre-

2147 3888 2408 3948 henditis,
2441 3902 2550 3941 non
2581 3895 2730 3941 recte
2759 3885 2941 3956 agitis,
2968 3896 3095 3936 cum
3132 3879 3254 3950 ipse
3281 3876 3552 3932 Dominus
3577 3891 3719 3930 man-

2147 3979 2334 4034 datum
2365 3979 2470 4032 hoc
2489 3977 2650 4032 nobis
2680 3977 2893 4031 dederit
2923 3995 2937 4029 :
2965 3973 3100 4028 Cum
3127 3973 3388 4040 persecuti
3413 3986 3506 4024 vos
3531 3967 3716 4038 fuerint

2149 4073 2202 4126 in
2230 4088 2338 4124 una
2363 4071 2594 4132 civitate,
2629 4069 2795 4140 fugite
2821 4069 2874 4121 in
2903 4067 3072 4120 aliam
3089 4065 3184 4118 ’°'.
3206 4063 3273 4118 Et
3311 4063 3434 4132 ipse
3463 4060 3718 4114 Boius

2149 4179 2246 4232 per
2267 4163 2616 4230 semetipsum
2639 4159 2945 4229 exemplum
2967 4155 3128 4210 nobis
3148 4152 3572 4209 demonstravit.
3595 4147 3724 4202 Pha-

2151 4251 2293 4304 risaei
2323 4249 2614 4304 concilium
2641 4247 2890 4302 fecerunt
2917 4243 3184 4298 adversus
3218 4257 3369 4305 eum,
3393 4247 3457 4294 ut
3487 4253 3612 4294 eum
3631 4250 3721 4291 oc-

2152 4343 2398 4398 ciderent
2433 4364 2444 4395 :
2475 4340 2658 4395 Sciens
2697 4350 2868 4394 autem
2907 4336 3085 4400 Iesus,
3125 4337 3374 4390 discessit
3413 4333 3538 4388 inde
3558 4335 3624 4389 ".
3659 4330 3724 4386 Ει

2154 4434 2282 4488 alibi
2315 4452 2328 4486 :
2362 4432 2614 4485 Tulerunt
2645 4431 2842 4498 lapides
2871 4427 3072 4490 Iudici,
3107 4437 3168 4479 ut
3203 4429 3476 4479 mitterent
3507 4426 3564 4478 in
3591 4440 3722 4478 eum.

487 4527 760 4581 existimet
801 4525 894 4596 qui
939 4524 1192 4579 eumdem
1236 4531 1481 4588 accusat,
1513 4523 1665 4585 alibi,
1712 4531 1804 4575 aut
1840 4523 2054 4592 longius
2085 4521 2128 4575 D
2155 4523 2311 4578 Iesus
2344 4533 2520 4577 autent
2553 4521 2828 4576 abscondit
2853 4536 2928 4580 se,
2953 4529 3001 4572 et
3030 4519 3194 4572 exivit
3216 4519 3282 4571 de
3309 4518 3505 4586 templo
3527 4518 3594 4570 ".
3625 4515 3725 4569 Et:

487 4617 914 4687 protrahendum
949 4616 1016 4670 ad
1067 4616 1354 4686 judicium.
1388 4615 1468 4669 Illi
1501 4629 1632 4668 vero
1672 4615 1764 4683 qui
1805 4614 2053 4683 pulsatus

489 4712 670 4775 fuerit,
720 4711 768 4765 si
794 4709 1008 4780 judices
1035 4716 1322 4778 suspectos
1366 4706 1638 4770 habuerit,
1671 4707 1833 4762 liceat
1869 4707 2054 4776 appel-

487 4805 621 4858 lare.
1979 4859 1987 4867 .

556 4895 647 4949 23.
675 4893 943 4950 Primates
983 4899 1302 4948 accusatum
1337 4891 1693 4946 discutientes
1713 4891 2053 4961 episcOpum,

485 5003 598 5042 non
631 4995 757 5042 ante
783 4986 1112 5044 sententiam
1159 4983 1439 5054 proferant
1467 4983 1858 5048 damnationis,
1888 4997 2052 5053 quam

489 5081 790 5156 apostolica
837 5078 959 5134 freti
998 5080 1344 5140 auctoritate,
1381 5085 1475 5130 aut
1513 5090 1640 5129 reus
1673 5090 1770 5144 per
1793 5074 2054 5142 seipsum,

489 5180 582 5225 aut
611 5187 705 5241 per
725 5171 1048 5225 innocentes
1069 5176 1122 5223 et
1141 5167 1406 5222 canonice
1433 5165 1774 5220 examinatus
1797 5165 2061 5234 regulari-

489 5271 574 5316 ter
601 5269 771 5318 testes
807 5260 1188 5314 convincatur.

558 5353 648 5407 27.
685 5353 893 5406 lrritam
936 5366 1061 5407 esse
1108 5349 1366 5418 injustam
1409 5349 1791 5418 episcoporum
1833 5349 2060 5402 damna-

490 5445 718 5509 tionem,
743 5427 946 5498 idcirco
970 5458 999 5495 a
1026 5441 1236 5513 synodo
1264 5439 1612 5494 retractando
1639 5444 2063 5506 retractandum,

493 5536 569 5590 ita
601 5545 663 5589 nt
689 5551 955 5605 oppresso
988 5535 1057 5588 ab
1083 5534 1343 5588 omnibus
1377 5534 1433 5586 in
1461 5533 1676 5588 cunctis
1715 5533 2066 5588 subveniatur

493 5641 698 5681 CilllSlS.

567 5746 614 5775 ‘"
651 5744 840 5798 Matth.
878 5763 971 5808 xx,
1005 5747 1094 5800 28.
1197 5748 1244 5779 ’°
1283 5746 1472 5800 Matth.
1510 5761 1641 5800 xxm
1665 5785 1678 5810 ,
1711 5745 1793 5798 il.

496 5816 541 5848 ”
578 5813 706 5870 Luc.
745 5830 818 5880 tv,
849 5815 936 5870 50.
1014 5818 1059 5848 "
1097 5816 1139 5870 ll
1170 5816 1293 5872 Cor.
1330 5833 1418 5883 xi,
1452 5817 1540 5870 35.

1899 5745 1962 5778 οο·
2006 5744 2198 5805 Matth.
2229 5764 2284 5814 ι,
2315 5746 2407 5801 25.

2160 4617 2445 4670 Transiens
2471 4632 2562 4684 per
2575 4615 2801 4669 medium
2823 4628 3001 4668 eorum
3022 4610 3210 4677 abicit,
3231 4622 3281 4665 et
3306 4612 3386 4664 ita
3405 4610 3647 4664 discessit
3665 4607 3726 4661 ’³.

2156 4708 2376 4764 Necnon
2393 4717 2447 4762 et
2476 4707 2730 4778 discipuli
2749 4712 2968 4775 propter
2993 4699 3528 4756 metumludaaorum
3557 4712 3733 4754 reces-

2161 4808 2370 4862 serunt,
2394 4800 2636 4853 celantes
2655 4797 2996 4865 semetipsos.
3023 4791 3089 4846 Et
3107 4791 3316 4846 Paulus
3331 4791 3388 4844 iu
3419 4789 3683 4844 Damaseo
3702 4801 3731 4840 a

2161 4892 2406 4960 principe
2436 4891 2700 4960 quasitus
2729 4889 2924 4960 gentis,
2946 4887 3014 4942 de
3042 4901 3205 4940 muro
3227 4885 3284 4939 in
3309 4891 3500 4953 sporta
3530 4881 3734 4952 positus

2162 4991 2267 5046 est,
2308 4991 2362 5036 et
2389 4997 2585 5037 manus
2609 4979 2910 5050 quaerentis
2926 4977 3118 5046 eﬂ'ugit
3143 4977 3214 5030 “.
3249 4975 3317 5029 Et
3342 4975 3436 5028 alii
3453 4971 3736 5044 quamplu-

2165 5073 2289 5126 rimi
2321 5081 2375 5126 et
2410 5073 2832 5127 innumerabiles
2862 5069 3059 5134 sancti,
3096 5075 3215 5122 tam
3245 5069 3305 5122 in
3333 5065 3524 5121 Veteri
3557 5063 3738 5120 Testa-

2165 5171 2369 5227 mento,
2403 5178 2568 5232 quam
2596 5162 2650 5216 in
2677 5160 2848 5226 Novo,
2875 5159 3075 5228 fugisse
3108 5159 3396 5229 leguntur.
3427 5155 3487 5210 Si
3516 5169 3644 5224 ergo
3663 5151 3736 5205 fu-

2165 5269 2286 5326 gam
2349 5256 2731 5326 improperatis
2781 5251 3136 5322 fugientibus,
3198 5251 3512 5305 erubescitc
3565 5246 3738 5316 potius

2167 5346 2443 5414 persequi,
2474 5353 2529 5400 et
2555 5344 2819 5414 quiescite
2847 5340 3114 5402 insidiari,
3149 5340 3550 5409 quiescentque
3569 5333 3737 5390 conti-

2165 5454 2277 5492 nuo
2312 5438 2600 5508 fugientes.
2625 5435 2759 5490 Nam
2784 5435 2900 5490 sive
2927 5432 3215 5502 perimatis
3239 5447 3361 5494 eos,
3386 5445 3537 5484 mors
3555 5435 3736 5482 contra

2167 5549 2268 5588 vos
2297 5548 2512 5602 semper
2533 5533 2805 5588 exclamat
2829 5549 2842 5583 :
2877 5527 2992 5582 sive
3021 5541 3224 5580 rursus
3253 5525 3452 5580 exsilia
3485 5533 3736 5592 superpo-

2169 5627 2335 5691 natis,
2365 5627 2567 5697 ubique
2588 5627 2643 5680 in
2675 5637 2770 5677 vos
2787 5621 2911 5675 mali
2928 5618 3252 5672 memoriam
3269 5617 3548 5672 destinam
3569 5607 3737 5666 nosci-

2513 5745 2556 5779 "
2596 5741 2784 5798 Matth.
2831 5753 2940 5804 xu,
2976 5735 3061 5790 l5.
3179 5737 3225 5768 η
3263 5732 3422 5789 Joan.
3459 5745 3590 5794 vtu,
3647 5723 3731 5780 59.
