3976 6388
230 330 362 386 “('5

1170 344 1434 403 PONTIF.
1479 348 1642 406 ROM.
1686 351 1771 406 ET
1814 353 2178 412 ATHANASH
2218 358 2600 416 EPISTOLJZ.

3318 368 3458 424 ιιδθ

227 460 436 554 inor,
459 451 534 554 illi
560 456 812 554 patiendo
835 459 937 514 sibi
968 463 1277 533 proficiunt,
1297 469 1439 524 unde
1460 478 1512 524 et
1536 469 1796 529 Dominus
1824 484 1868 539 Α
1898 477 2060 547 plena
2094 478 2450 549 inquisitione
2488 483 2781 537 discutere.
2812 480 2921 538 Nec
2970 484 3038 539 de
3077 484 3187 540 illis
3217 499 3338 554 quae
3372 486 3458 539 in-

226 543 301 597 sit
332 561 346 597 :
381 541 562 599 Nolite
591 548 771 602 timere
802 566 887 604 eos
925 554 1014 621 qui
1047 555 1287 611 occidunt
1320 574 1527 627 corpus,
1557 564 1787 616 animam

225 642 399 687 autem
429 652 533 690 non
560 650 780 705 possunt
822 644 1093 709 occidere;
1125 647 1214 700 sed
1243 651 1416 716 potius
1454 668 1571 705 eum
1619 656 1793 707 timete

223 729 310 797 qui
336 738 508 795 potest
536 748 722 802 corpus
749 746 797 788 et
822 738 1055 792 animum
1084 740 1296 807 perdere
1322 745 1373 796 in
1406 744 1686 813 gehennam
1718 750 1815 800 9’.‘

222 819 423 879 Multos
455 824 600 879 enim
630 830 987 898 cognovimus
1017 833 1267 900 pessimis
1297 835 1793 895 machinationibus

221 912 427 980 injuste
466 915 765 985 depositos.
818 918 942 976 ldeo
981 938 1323 990 summopere
1359 926 1514 988 mihi,
1554 928 1645 980 cui
1675 929 1807 987 \ice~

219 1006 594 1072 apostolorum
648 1011 913 1080 principis
973 1015 1300 1070 universalis
1349 1015 1606 1072 Ecclesiae
1657 1033 1789 1072 cura

218 1097 515 1151 commissa
545 1107 650 1160 est,
677 1102 1089 1170 providendum,
1113 1105 1408 1160 auxiliante
1429 1107 1546 1176 ipso
1577 1123 1790 1162 summo

220 1188 492 1255 apostolo,
524 1206 591 1245 ne
614 1190 872 1263 de‘nceps
899 1196 1024 1249 talia
1045 1195 1192 1250 ﬁant.
1218 1199 1417 1268 Nempe
1438 1200 1564 1254 huic
1589 1210 1791 1254 sanctae

217 1276 334 1330 sedi
383 1278 609 1347 praefata
648 1283 927 1355 privilegia
981 1286 1103 1341 ideo
1136 1290 1448 1357 specialiter
1482 1300 1610 1346 sunt
1658 1308 1791 1345 con-

218 1383 399 1434 cessa,
423 1371 905 1445 decongregandis
932 1380 1201 1441 conciliis,
1224 1388 1331 1434 tam
1363 1381 1428 1437 de
1451 1384 1674 1452 judiciis
1726 1399 1790 1439 ac

218 1460 660 1519 restitutionibus
681 1466 1082 1536 episcoporum,
1101 1487 1262 1540 quam
1277 1473 1343 1527 de
1358 1476 1586 1529 summis
1607 1475 1791 1532 Eccle-

218 1552 428 1605 siarum
457 1556 711 1624 negotiis,
741 1564 800 1611 ut
830 1559 905 1636 ab
926 1576 989 1614 ea
1017 1576 1208 1618 omnes
1237 1566 1482 1634 Oppressi
1504 1567 1787 1631 auxilium,

217 1651 270 1695 et
299 1642 504 1711 injuste
530 1646 770 1701 damnati
794 1651 1197 1708 restitutionem
1230 1667 1469 1717 sumant,
1492 1667 1545 1711 et
1575 1658 1701 1711 talia
1724 1658 1791 1712 ab

221 1736 509 1802 improbis,
568 1753 637 1794 ne
696 1750 1098 1808 prtesumantur
1153 1745 1360 1815 absque
1410 1747 1637 1810 ultione,
1688 1764 1790 1803 nec

1895 584 2155 623 concessa
2188 578 2337 635 sunt,
2376 573 2486 627 ullo
2519 574 2680 629 modo
2702 573 2967 643 judicium
3001 592 3349 645 praesumere,
3378 580 3463 632 in-

1894 662 2205 729 terrogandi
2228 678 2291 717 ae
2314 667 2645 735 proponendi
2667 667 3028 736 audiendique
3050 669 3308 738 patientia
3334 685 3465 739 pne-

1895 752 2006 804 bita
2035 753 2195 822 607
2228 756 2297 808 ab
2335 770 2422 817 eo,
2456 765 2515 811 ut
2548 757 2618 811 ibi
2652 758 2798 813 actio
2845 760 3078 828 partium
3117 760 3343 814 limitata
3389 761 3462 815 sit

1896 844 2147 911 pleniter.
2188 845 2299 901 Nec
2324 850 2478 917 prius
2517 850 2855 921 litigantibus
2901 865 2999 906 sua
3033 851 3160 905 velit
3191 852 3461 905 sententia

1893 936 2136 999 obviare,
2169 954 2337 1007 quam
2365 940 2445 993 illi
2474 942 2708 1010 peractis
2732 943 3011 1005 omnibus,
3034 942 3144 1011 jam
3176 942 3311 995 nihil
3345 958 3461 994 am-

1896 1029 2037 1095 plius
2071 1029 2362 1084 habuerint
2391 1032 2445 1084 in
2480 1034 2780 1101 quaestione
2807 1034 2954 1103 quod
2987 1042 3308 1102 proponant.
3348 1031 3463 1089 Nec

1895 1127 2108 1187 oportet
2136 1138 2461 1193 queinquam
2490 1126 2723 1193 judicari
2758 1135 2851 1179 aut
2883 1126 3127 1179 damnari
3169 1133 3461 1194 antequam

1896 1228 2027 1267 suos
2070 1223 2420 1270 accusatores
2460 1224 2758 1286 praesentes
2795 1217 3010 1280 habeat,
3044 1218 3332 1286 locumque
3365 1217 3463 1271 de.

1896 1304 2149 1359 fendendi
2192 1307 2425 1375 accipiat
2459 1307 2761 1376 spatiosum
2793 1307 2861 1361 ad
2908 1307 3179 1361 abluenda
3206 1306 3459 1362 crimina.

1963 1395 2052 1451 '52.
2096 1394 2284 1450 Simile
2323 1397 2377 1449 in
2403 1397 2514 1465 jam
2550 1380 2669 1450 fata.
2703 1397 2912 1469 synodo
2955 1406 3216 1452 statutum
3255 1404 3361 1461 est,
3401 1404 3464 1453 ut

1897 1487 2042 1540 ultra
2086 1486 2382 1555 provincia!
2425 1485 2689 1541 terminos
2738 1487 3034 1540 accusandi
3086 1486 3302 1541 licentia
3350 1501 3465 1541 non

1894 1578 2297 1649 progrediatur,
2331 1579 2436 1633 nisi
2481 1579 2547 1632 ad
2580 1579 2721 1633 hanc
2773 1579 3125 1648 apostolicam
3162 1578 3329 1633 fuerit
3372 1593 3461 1633 sc-

1896 1672 2018 1726 dem
2067 1681 2443 1741 provocatum.
2484 1672 2570 1725 Ad
2598 1687 2761 1741 quam
2803 1687 2993 1726 omnes
3033 1671 3127 1740 qui
3168 1670 3461 1734 voluerint,

1895 1764 2067 1820 libere
2107 1772 2160 1819 et
2203 1765 2407 1834 absque
2449 1765 2562 1818 ullo
2606 1762 2993 1833 impedimento
3046 1762 3102 1816 in
3138 1762 3465 1831 quibusdam

219 1839 583 1882 exerceantur
603 1829 811 1900 absque.
835 1847 933 1885 sua
957 1833 1325 1892 damnatione.
1354 1835 1471 1890 Non
1495 1855 1625 1907 ergo
1646 1847 1794 1894 recte
1826 1840 1866 1895 ll
1896 1857 2118 1927 agendis
2147 1829 2422 1910 εοηιιηλτθ
2453 1855 2674 1909 δεθείη.

219 1919 432 1988 egistis,
458 1921 604 1990 quod
642 1923 931 1992 praedictos
951 1924 1147 1982 fratres
1180 1928 1494 1983 calumniati
1524 1932 1678 1993 estis,
1707 1931 1791 1984 di-

218 2016 379 2065 cente
408 2009 641 2066 Domino
671 2032 684 2066 :
716 2012 836 2068 Non
868 2015 1031 2084 facies
1063 2018 1385 2073 calumniam
1413 2022 1651 2088 proximo
1676 2030 1790 2086 tuo,

218 2118 311 2158 nec
344 2105 392 2157 vi
418 2106 675 2173 opprimes
697 2123 812 2159 eum
844 2109 909 2163 “.
935 2107 1051 2163 Non
1076 2118 1221 2165 recte
1246 2113 1434 2183 egistis
1456 2113 1602 2183 quod
1632 2114 1791 2169 nobis

219 2197 551 2255 inconsultis
582 2201 875 2254 concilium
909 2204 1249 2267 celebrastis,
1275 2220 1476 2275 eosque
1508 2206 1574 2260 ad
1605 2206 1788 2260 conci-

218 2287 352 2340 lium
384 2290 646 2353 vocastis,
682 2297 736 2344 et
784 2291 1044 2347 damnare
1094 2295 1538 2365 prmsumpsistis.
1565 2295 1791 2350 canoni-

219 2377 346 2441 bus,
399 2385 457 2431 ut
500 2379 840 2448 praemissum
891 2389 995 2443 εει,
1048 2381 1365 2450 iubentibus
1413 2385 1548 2439 nihil
1592 2401 1657 2439 ex
1708 2386 1791 2441 his

217 2469 427 2539 absque
462 2470 627 2539 hujus
661 2481 864 2525 sancta:
898 2472 1045 2528 sedis
1074 2475 1398 2529 auctoritate
1429 2477 1544 2531 tieri
1572 2475 1788 2531 debere.

215 2560 337 2615 Non
365 2568 513 2616 recte
542 2563 755 2633 egistis,
785 2564 928 2633 quod
969 2566 1291 2635 regulariter
1319 2583 1349 2621 a
1378 2568 1536 2622 nobis
1564 2568 1632 2622 ad
1652 2584 1791 2623 con-

215 2650 406 2704 cilium
441 2654 615 2707 vocati
642 2653 956 2710 distulistis.
985 2655 1102 2710 Non
1136 2666 1282 2712 recte
1302 2659 1512 2728 egistis,
1547 2659 1691 2729 quod
1723 2661 1791 2717 de

216 2742 305 2796 his
339 2744 607 2798 rationem
640 2746 884 2811 reddere,
922 2755 982 2800 ut
1009 2758 1189 2802 vestra
1221 2766 1346 2817 erga
1389 2764 1507 2815 eos,
1534 2760 1628 2805 aut
1661 2767 1791 2822 pro-

217 2835 441 2890 baretur
466 2845 610 2892 recta
631 2839 920 2904 sententia,
947 2848 1041 2895 aut
1062 2840 1481 2911 improbaretur,
1506 2859 1612 2897 non
1640 2844 1792 2899 venio

217 2930 341 2984 stis.
358 2928 470 2983 Nec
485 2930 805 2985 rationalem
826 2933 1126 2987 mandastis
1142 2949 1363 2989 causam
1387 2944 1609 3006 propter
1628 2953 1790 3006 quam

220 3021 337 3075 haec
371 3022 652 3076 renuistis.
698 3021 795 3078 His
825 3038 956 3093 ergo
983 3025 1236 3080 omnibus
1277 3027 1582 3096 perpensis,
1614 3030 1793 3085 mani-

217 3112 421 3167 festum
445 3120 530 3166 est
558 3127 654 3168 vos
679 3129 801 3169 reos
823 3116 1108 3180 exsistere,
1136 3123 1190 3169 et
1212 3117 1334 3171 illos
1365 3118 1681 3175 innocentes
1707 3137 1785 3176 re

217 3218 463 3266 manere,
484 3211 538 3257 et
564 3218 660 3257 vos
682 3212 827 3258 recte
851 3206 1372 3271 excommunicatos,
1402 3208 1631 3278 illosque
1650 3209 1797 3278 juste
1824 3203 1864 3257 C

219 3295 464 3350 liberari.
500 3294 685 3349 Noluit
715 3311 950 3365 namque
982 3296 1244 3353 Dominus
1288 3305 1399 3352 tam
1439 3301 1631 3356 leviter
1664 3317 1793 3357 suos

219 3387 442 3441 tractari
492 3388 794 3449 ministros.
840 3389 982 3442 sicut
1038 3388 1238 3453 facitis,
1282 3398 1378 3444 aut
1424 3406 1455 3445 a
1490 3392 1645 3448 vobis
1697 3393 1795 3447 da~

221 3479 400 3533 mnari
424 3499 437 3533 :
457 3480 575 3542 sed,
594 3480 737 3534 sicut
753 3488 1108 3535 memoratum
1122 3489 1227 3546 est,
1243 3483 1427 3551 abghac
1441 3494 1629 3538 sancta
1643 3484 1792 3548 sede,

220 3571 308 3625 cui
351 3572 634 3626 commissi
679 3581 829 3634 sunt,
867 3579 962 3626 aut
995 3587 1095 3628 suo
1128 3574 1399 3628 reservari
1446 3575 1675 3643 judicio.
1707 3577 1796 3631 Ait

218 3665 368 3718 enim
403 3682 418 3718 :
454 3664 559 3728 Qui
589 3681 674 3718 vos
703 3666 1057 3728 contristabit,
1092 3683 1172 3720 me
1219 3667 1550 3721 contristabit
1583 3669 1650 3719 υτ.
1689 3668 1793 3734 Qui

219 3756 404 3825 fecerit
453 3755 594 3810 vobis
640 3757 913 3825 injuriam,
957 3747 1168 3827 recipiét
1199 3759 1251 3811 id
1294 3760 1430 3829 quod
1470 3760 1645 3827 inique
1680 3775 1796 3828 ges—

220 3848 293 3902 sit
325 3850 393 3903 9‘.
426 3846 492 3901 Et
539 3859 743 3917 quanta
782 3864 944 3920 poena
992 3858 1269 3919 exspectet
1314 3865 1408 3905 eos
1445 3850 1538 3919 qui
1582 3849 1795 3904 Domini

222 3940 605 3996 scandalizant
633 3941 952 4011 discipulos,
988 3942 1331 4013 Evangelium
1362 3943 1689 3998 sullicienter
1709 3960 1797 3999 ex-

222 4035 396 4106 ponit,
431 4035 525 4088 ubi
556 4034 625 4090 de
672 4037 1167 4093 srandalizantibus
1201 4038 1499 4108 discipulos
1531 4039 1790 4107 loquitur.

220 4125 356 4181 Nam
389 4128 538 4197 quod
567 4142 598 4179 a
628 4128 782 4182 vobis
823 4145 927 4182 non
957 4130 1068 4183 sint
1105 4131 1424 4195 damnandi,
1467 4133 1560 4187 sed
1599 4140 1693 4185 aut
1726 4134 1796 4189 ab

222 4221 323 4276 hac
358 4232 577 4283 saneta,
600 4228 658 4275 ut
696 4221 981 4291 praefatum
1021 4232 1126 4288 est,
1166 4223 1312 4289 sede,
1344 4232 1439 4278 aut
1468 4225 1570 4279 sibi
1619 4241 1796 4283 reser-

220 4313 411 4380 vandi,
453 4314 572 4383 ipse
605 4314 892 4368 manifeste
923 4315 1017 4367 dat
1049 4317 1378 4385 exemplum,
1414 4319 1631 4387 quando
1672 4335 1796 4389 pee-

218 4417 411 4461 eantes
449 4405 788 4471 sacerdotes,
821 4422 1052 4475 quorum
1093 4409 1273 4463 locum
1319 4411 1481 4464 modo
1513 4411 1569 4464 in
1603 4419 1792 4466 sancta

218 4494 466 4553 Ecclesia
496 4495 738 4564 episc0pi
782 4504 986 4559 tenent,
1019 4514 1126 4551 non
1155 4514 1250 4567 per
1270 4500 1458 4565 alium,
1488 4500 1577 4553 sed
1600 4518 1694 4570 per
1714 4518 1794 4556 se-

218 4590 502 4657 metipsum
526 4586 800 4641 uendentes
843 4599 891 4642 et
932 4600 1156 4643 ementes
1186 4593 1338 4660 ejecit
1386 4594 1450 4646 de
1494 4594 1702 4661 templo,
1743 4606 1793 4649 et

215 4696 429 4734 mensas
463 4679 944 4734 nummulariorum
966 4685 1133 4750 primo
1157 4686 1335 4737 evertit
1357 4685 1594 4755 ﬂagello,
1619 4697 1669 4739 et
1692 4687 1798 4756 eje-

214 4772 285 4825 cit
308 4771 372 4825 de
400 4771 597 4840 templo
626 4772 692 4825 ’9.
730 4771 790 4825 Et
825 4772 940 4841 ipse
971 4775 1103 4828 alibi
1134 4777 1211 4828 ait
1237 4798 1249 4828 ;
1280 4776 1541 4830 Dominus
1572 4780 1712 4832 stetit
1744 4782 1796 4833 in

217 4861 505 4934 Sgnagoga
532 4863 772 4926 deorum,
801 4866 856 4917 in
884 4865 1054 4919 medio
1097 4877 1269 4921 autem
1309 4869 1433 4922 deos
1472 4868 1721 4923 discernit
1757 4874 1792 4924 '.

212 4955 278 5009 Et
319 4955 537 5026 reliqua
568 4956 719 5019 talia,
763 4956 960 5026 bisque
991 4958 1212 5011 similia.
1249 4958 1311 5011 Et
1341 4960 1467 5012 alibi
1502 4958 1641 5014 idem
1682 4961 1798 5029 ipse

214 5050 326 5103 ait:
365 5047 843 5117 Nolitejudicare,
879 5060 936 5103 ut
972 5067 1075 5104 non
1090 5051 1425 5120 judicemini.
1464 5051 1645 5106 Nolite
1669 5070 1797 5106 con-

212 5143 489 5204 demnare,
522 5150 579 5193 ut
613 5157 715 5194 non
749 5141 1186 5198 condemnemini.
1222 5143 1286 5195 In
1317 5160 1417 5213 quo
1439 5145 1577 5198 enim
1592 5145 1798 5215 judicio

204 5233 604 5302 judicaveritis,
625 5232 1000 5301 judicabimini
1034 5237 1075 5290 '.

280 5328 373 5382 3i.
401 5326 752 5395 Quapropter
786 5341 896 5380 non
944 5335 1055 5381 tam
1100 5337 1322 5392 temere,
1364 5336 1423 5382 ut
1456 5345 1552 5385 vos
1595 5329 1797 5396 facitis,

211 5420 509 5490 quisquam
540 5432 694 5471 suam
723 5428 1016 5488 praesumat
1044 5436 1296 5475 evomere
1314 5421 1674 5492 iniquitatem,
1701 5424 1792 5478 sed

205 5509 552 5582 iudicantem
575 5519 787 5581 oportet
813 5520 1011 5566 cuncta
1043 5513 1317 5578 rimari,et
1345 5516 1589 5571 ordinem
1618 5533 1787 5575 rerum

281 5670 328 5701 9‘
372 5667 566 5722 Matth.
607 5667 794 5738 L728.
871 5668 917 5698 "
958 5668 1128 5722 Levit.
1166 5687 1286 5738 xix,
1327 5671 1411 5725 15.

214 5752 413 5799 unt,
458 5739 505 5792 l.
588 5739 606 5769 ’
646 5737 833 5792 Matth.
875 5755 979 5799 vn,
1022 5740 1084 5803 l,
1120 5747 1172 5794 τε.

1489 5675 1531 5704 ’7
1567 5672 1697 5727 Luc.
1737 5691 1802 5740 Χ,
1840 5674 1922 5729 16.

1965 1948 2055 2002 ‘53.
2099 1946 2362 2000 Similiter
2387 1947 2439 2000 in
2466 1945 2683 2015 pratixa
2719 1944 2928 2015 synodo
2962 1942 3367 2005 estdecretum,
3396 1955 3467 1997 ne

1896 2042 2160 2111 suspecti,
2189 2039 2441 2103 infames,
2475 2041 2558 2094 vel
2602 2039 2909 2101 criminosi,
2959 2047 3052 2090 aut
3093 2037 3336 2106 gratiosi,
3372 2042 3468 2089 aut

1894 2134 2343 2198 calumniatores,
2379 2133 2462 2187 vel
2497 2132 2704 2194 attines,
2736 2139 2830 2185 aut
2875 2129 3148 2192 scelerati,
3185 2136 3278 2182 aut
3307 2127 3466 2183 facile

1897 2226 2173 2296 litigantes
2227 2223 2599 2293 suscipiantur
2628 2229 2998 2283 accusatores,
3056 2218 3152 2273 sed
3196 2219 3335 2273 tales
3371 2218 3465 2287 qui

1896 2316 2045 2371 omni
2086 2325 2314 2368 careant
2342 2313 2678 2383 suspicione.
2712 2311 2851 2377 Quia
2880 2311 3163 2364 columnas
3194 2323 3325 2363 suas
3358 2305 3467 2360 Βο-

1898 2409 2080 2462 minus
2120 2408 2349 2461 tirtniter
2395 2412 2542 2460 stare
2587 2405 2780 2467 voluit,
2829 2417 2931 2457 nec
2975 2417 3005 2455 a
3049 2402 3468 2471 quibuscunque

1897 2499 2114 2570 agitari.
3256 2513 3269 2517 ‘

1965 2592 2053 2646 54.
2097 2591 2362 2645 Similiter
2415 2588 2521 2642 fata
2566 2588 2753 2643 statuit
2806 2588 3084 2657 synodus,
3147 2594 3206 2637 ut
3254 2584 3465 2637 nullum

1899 2683 2171 2739 sententia
2206 2698 2313 2736 non
2346 2697 2375 2733 a
2404 2696 2505 2735 suo
2531 2680 2717 2748 judice
2743 2676 2889 2733 dicta
2918 2677 3277 2746 constringat.
3313 2672 3467 2729 ludi-

1897 2792 1989 2832 ces
2021 2785 2200 2830 autem
2234 2775 2324 2828 alii
2354 2789 2475 2840 esse
2516 2788 2623 2826 non
2657 2772 2879 2833 debent,
2909 2769 3015 2823 nisi
3043 2782 3184 2838 quos
3225 2767 3339 2836 ipse
3372 2763 3468 2835 qui

1898 2872 2179 2943 impetitur
2207 2871 2450 2941 elegerit,
2477 2877 2570 2922 aut
2599 2884 2737 2939 quos
2762 2882 2863 2923 suo
2890 2881 3013 2920 cum
3045 2878 3315 2919 consensu
3351 2861 3468 2915 haec

1897 2974 2088 3022 sancta
2127 2963 2308 3025 sedes,
2346 2970 2439 3016 aut
2469 2962 2589 3031 ejus
2625 2962 2912 3032 primates,
2942 2956 3268 3010 auctoritate
3302 2952 3468 3021 hujus

1898 3068 2101 3112 sanctae
2141 3056 2289 3111 sedis
2328 3054 2716 3125 delegaverint.
2764 3053 2820 3106 ln
2862 3051 2949 3106 his
2993 3060 3172 3103 autem
3219 3053 3274 3101 et
3319 3044 3465 3108 aliis,

1898 3165 2019 3220 quae
2054 3158 2162 3202 tam
2199 3155 2251 3202 ιιι
2291 3147 2395 3200 hac
2423 3154 2611 3202 saneta
2642 3148 2793 3209 sede,
2826 3158 2991 3213 quam
3025 3149 3078 3194 et
3107 3139 3175 3192 ab
3206 3137 3468 3208 apostolis

1896 3257 2195 3310 eorumque
2228 3238 2643 3295 successoribus
2674 3243 2803 3292 sunt
2848 3241 3073 3293 statuta,
3110 3229 3247 3284 nihil
3273 3226 3469 3299 praefa-

1897 3334 1967 3388 tis
1997 3332 2274 3404 episcopis
2319 3330 2697 3394 concessistis,
2730 3327 2824 3384 sed
2861 3327 2970 3381 vim
3021 3325 3102 3379 eis
3148 3321 3465 3382 inferentes,

1896 3426 2228 3496 injusteque,
2281 3431 2340 3477 ut
2384 3423 2637 3493 superius
2687 3424 3172 3476 commemoratum
3222 3420 3328 3477 est,
3372 3428 3467 3467 eos

1896 3520 2242 3582 damnantes,
2281 3518 2495 3586 aliquos
2535 3517 2790 3569 absentes
2818 3511 3127 3580 expulistis,
3153 3506 3298 3575 quod
3319 3504 3467 3559 omni

1895 3607 2220 3663 Christianae
2252 3605 2505 3674 religioni
2547 3613 2630 3658 est
2680 3602 2987 3682 inimicum.
3030 3598 3089 3651 ln
3118 3595 3320 3666 quibus
3371 3608 3469 3662 ap.

1897 3708 2048 3770 paret
2092 3699 2240 3769 quod
2282 3713 2382 3752 nec
2424 3697 2653 3750 Domino
2708 3709 2809 3749 sua
2859 3690 3124 3749 servastis
3166 3687 3314 3757 jura,
3363 3701 3467 3740 nec

1899 3790 2024 3844 huic
2067 3795 2272 3843 sancta:
2299 3786 2461 3840 matri
2498 3794 2552 3839 et
2575 3783 2888 3853 apostolica:
2922 3781 3203 3846 Ecclesia,
3232 3795 3372 3852 quae,
3407 3787 3466 3831 ut

1895 3880 2275 3950 praescriptum
2316 3886 2419 3941 est,
2463 3893 2565 3932 suo
2589 3875 2815 3946 judicio,
2848 3883 2940 3928 aut
2972 3874 3100 3928 huic
3144 3874 3260 3929 sedi
3291 3872 3466 3926 voluit

1896 3971 2188 4033 reservari,
2228 3985 2297 4025 ne
2325 3984 2355 4022 a
2394 3976 2504 4023 tam
2542 3968 2745 4037 pravis,
2778 3967 2922 4021 sicut
2959 3965 3115 4028 estis,
3153 3962 3466 4019 hominibus

1895 4064 2286 4117 damnarentur
2330 4069 2425 4115 aut
2467 4059 2818 4130 ejicerentur.
2852 4058 2910 4112 In
2959 4058 3047 4111 his
3089 4056 3342 4110 omnibus
3369 4070 3466 4108 vos

1894 4156 2091 4211 stultos
2137 4163 2191 4209 et
2231 4155 2675 4225 praevaricatores
2722 4149 3138 4219 Evangeliorum
3185 4154 3240 4203 et
3299 4161 3465 4200 cano-

1895 4265 2024 4305 num
2057 4263 2199 4312 esse,
2249 4248 2384 4301 nulli
2417 4262 2550 4301 sane
2583 4245 2888 4312 sapientum
2938 4252 3023 4296 est
3061 4240 3464 4295 absconditum.

1963 4341 2053 4395 55.
2095 4338 2205 4394 Nec
2246 4339 2331 4393 his
2375 4336 2617 4391 contenti
2658 4336 2795 4391 estis
2824 4334 2880 4387 in
2909 4340 3089 4388 vestra
3132 4330 3462 4402 praevarica-

1894 4435 2066 4497 tione,
2098 4434 2193 4487 sed
2219 4433 2384 4486 etiam
2418 4433 2570 4497 prius
2601 4429 2861 4499 expulsos
2901 4443 2997 4481 eos
3029 4432 3083 4480 et
3121 4426 3235 4480 suis
3264 4437 3462 4491 exspo-

1824 4545 1869 4598 ι)
1901 4523 2059 4577 liatos
2096 4522 2261 4577 rebus
2295 4520 2534 4575 vocastis
2565 4527 2726 4587 atque
2755 4517 3080 4578 damnastis,
3110 4530 3233 4568 cum
3278 4513 3465 4567 nullus

1894 4616 2222 4686 regulariter
2248 4613 2593 4667 damnandus
2611 4614 2704 4675 sit,
2738 4611 2846 4666 nisi
2875 4610 3039 4663 fuerit
3071 4608 3379 4663 restitutus,
3411 4613 3465 4658 et

1893 4720 1992 4760 sua
2034 4706 2215 4759 omnia
2270 4705 2320 4759 ei
2372 4702 2581 4772 legibus
2635 4702 2747 4757 sint
2792 4698 3142 4768 integerrime
3187 4696 3462 4749 restituta.

1891 4794 1987 4850 Est
2034 4809 2270 4862 namque
2305 4794 2360 4846 in
2398 4808 2540 4862 saepe
2576 4792 2682 4861 jam
2733 4791 2880 4845 dicta
2929 4797 3113 4843 sancta
3144 4787 3352 4857 synodo
3394 4787 3464 4841 ab

1890 4884 2145 4940 omnibus
2186 4884 2521 4937 unanimiter
2548 4884 2850 4945 decretum,
2888 4889 2942 4934 et
2971 4881 3298 4932 auctoritate
3335 4889 3466 4945 apo-

1893 4976 2085 5031 stolica
2144 4976 2483 5036 roboratam,
2536 4983 2597 5028 ut
2641 4974 2687 5028 si
2733 4977 2857 5043 quis
2909 4973 3289 5042 episcoporum
3347 4970 3463 5024 suis

1894 5064 2061 5118 fuerit
2095 5066 2258 5119 rebus
2295 5064 2655 5134 exspolialus,
2703 5070 2754 5117 et
2787 5064 2840 5116 in
2891 5063 3242 5117 accusatione
3271 5061 3463 5132 pulsa-

1892 5154 2393 5215 tus,,ordinatione
2446 5155 2761 5223 pontiﬁcum
2811 5162 3025 5223 oportet
3063 5163 3116 5207 et
3141 5151 3297 5208 decet
3343 5167 3469 5208 san-

1892 5253 2041 5300 ctum
2094 5247 2431 5315 propositum
2468 5250 2638 5317 prima
2690 5249 2869 5302 fronte
2903 5256 3146 5313 certare;
3188 5255 3247 5299 ut
3282 5246 3465 5299 omnia

1895 5353 2015 5406 quae
2042 5353 2138 5406 per
2179 5339 2558 5408 suggestiones
2603 5340 2953 5393 inimicorum
2999 5353 3223 5392 suorum
3266 5338 3467 5392 amise-

1895 5439 1999 5492 tat,
2056 5431 2302 5500 legaliter
2345 5432 2522 5500 primo
2565 5433 2819 5499 potestati
2864 5432 2985 5502 ejus
3032 5430 3102 5484 ab
3159 5430 3466 5486 honorabili

1894 5520 2129 5574 concilio
2160 5520 2622 5591 redintegrentur,
2655 5532 2708 5577 et
2741 5523 2938 5592 prysul
2964 5522 3288 5594 regulariter
3314 5523 3467 5594 prius

2637 5680 2680 5711 9"
2696 5677 2887 5734 Matth.
2927 5695 3040 5745 XXI,
3063 5677 3148 5736 12.

2003 5676 2047 5708 ⁹⁸
2086 5676 2299 5734 Coloss.
2338 5693 2434 5744 ut,
2471 5678 2561 5735 25.
2637 5677 2887 5734 9"Matth.
2927 5677 3148 5744 xxt,l2.
3260 5682 3274 5713 ι
3315 5679 3460 5738 Psal.
