3976 6388
534 367 559 423 1
579 365 673 425 367

1627 349 1690 405 S.
1728 338 2193 401 ATllANASlUS.
2231 367 2301 377 —
2341 333 2614 391 SPURIA.

3636 320 3762 373 1483

535 484 705 542 statui
735 480 969 553 pristino
1017 475 1299 539 reddatur,
1329 482 1385 528 et
1423 472 1541 542 ipse
1570 465 1841 538 depositis
1878 462 2098 519 ordina—
2126 469 2173 523 Α
2202 463 2315 512 stra
2340 453 2591 509 consulta
2624 443 3162 553 rescriberemuszin
3195 448 3407 495 tantum
3437 445 3498 492 ut
3530 437 3590 541 si.
3609 438 3760 491 etiam

535 582 714 647 tizque
739 574 904 628 rebus
933 569 1070 631 suis,
1107 575 1239 620 tunc
1283 564 1350 619 ad
1394 571 1610 631 tempus
1638 557 1820 613 veniat
1858 555 1925 609 ad
1964 567 2099 606 cau-

533 640 672 724 sam.
717 663 781 717 Et
818 662 863 717 si
894 667 968 716 ita
999 660 1146 730 juste
1172 656 1406 717 videzur,
1442 651 1821 707 accusantium
1851 640 2102 715 proposi-

533 756 773 811 tionibus
810 751 1156 821 respondeat.
1200 747 1380 813 Quare
1422 760 1552 815 ergo
1599 735 1936 809 transgressi
1965 732 2102 788 estis

535 849 795 901 terminos
844 844 1091 905 Patrum,
1160 839 1470 910 judicantes
1527 840 1582 889 et
1628 832 1950 887 damnantes
2006 839 2102 879 eos

532 952 674 1009 quos
746 951 853 989 non
906 931 1216 989 debuistis?
1266 928 1445 994 Quare
1487 922 1775 993 iudicastis
1823 934 1917 974 eos
1964 929 2102 988 quos

530 1006 640 1081 non
658 1023 976 1095 regulariter
998 1018 1364 1091 approbastis,
1378 1014 1522 1086 quod
1545 1014 1601 1068 in
1627 1011 1937 1081 Regncrum
1963 1006 2102 1061 libro

530 1118 793 1188 scriptum
824 1125 906 1170 est
930 1133 944 1169 :
977 1112 1098 1166 Non
1120 1109 1381 1182 quomodo
1404 1107 1541 1163 videt
1568 1111 1744 1170 homo,
1781 1102 1915 1155 videt
1940 1098 2099 1162 Deus,

528 1210 654 1280 quia
672 1210 826 1262 homo
849 1207 983 1261 videt
1010 1208 1064 1259 in
1086 1204 1243 1274 facie,
1271 1201 1412 1255 Deus
1435 1207 1609 1252 autem
1644 1198 1695 1250 in
1724 1192 1879 1249 corde
1900 1190 2100 1276 .videt'.

530 1270 597 1354 lit
623 1300 680 1354 in
724 1270 1195 1367 Paralipomenis:
1223 1292 1416 1349 Omnia
1443 1288 1608 1344 corda
1640 1270 1911 1341 scrutatur
1937 1282 2101 1345 Deus,

528 1400 579 1445 et
632 1406 836 1444 omnem
882 1389 1254 1459 cogitationem
1300 1382 1505 1438 norit“.
1559 1379 1627 1433 Et
1667 1378 1795 1433 alibi
1837 1376 2100 1445 scriptum

528 1494 614 1539 est
644 1501 657 1537 :
687 1480 810 1535 Non
831 1490 1001 1551 potest
1035 1481 1262 1532 humano
1298 1471 1637 1531 condemnari
1667 1469 1926 1530 examine,
1954 1483 2104 1537 quem

529 1573 671 1628 Deus
700 1588 796 1627 suo
831 1579 1059 1626 reseruat
1073 1568 1279 1639 judicio
1296 1566 1339 1617 ⁸.
1376 1563 1502 1618 Haec
1532 1561 1715 1617 omnia
1747 1573 2096 1628 summopere

529 1663 887 1736 praecavenda
912 1668 1062 1725 sunt,
1090 1673 1190 1715 nec
1221 1655 1501 1711 accusatio
1531 1654 1913 1723 episcoporum
1948 1648 2105 1703 facile

529 1765 614 1813 et
646 1754 978 1825 recipienda,
1012 1753 1226 1806 dicente
1257 1749 1483 1804 Domino
1510 1764 1523 1799 :
1553 1744 1675 1798 Non
1719 1742 1977 1811 suscipias
2016 1757 2105 1794 ro-

2200 546 2496 618 quidquam
2548 556 2712 613 grave
2783 535 3301 604 intolerandumque
3345 529 3760 590 commisissent,

2200 646 2389 693 nostra
2410 632 2776 706 exspectanda
2809 629 3040 685 censura
3057 666 3073 690 ,
3092 635 3149 681 et
3177 626 3309 680 nihil
3336 623 3489 694 prius
3512 628 3606 674 aut
3625 620 3762 675 aliud

2200 734 2518 796 decernere,
2548 745 2713 801 quam
2741 727 2885 799 quod
2913 726 3074 780 nobis
3107 723 3324 793 placere
3349 720 3762 791 coguovissetis,

2202 823 2276 880 ita
2313 832 2372 877 ut
2416 838 2447 875 a
2490 819 2690 889 regulis
2716 815 3034 888 praestitutis
3090 813 3243 868 nulla
3285 818 3379 865 aut
3442 809 3764 880 negligentia

2203 925 2298 971 aut
2348 913 2772 986 praesumptione
2823 907 3172 964 recederetis.
3215 904 3407 960 Cesset
3458 901 3765 971 hujusmodi

2204 1020 2393 1079 pressa
2423 1004 2750 1059 auctoritate
2786 998 3160 1071 praesumptio,
3189 998 3432 1051 vitentur
3462 992 3766 1063 hujusmodi

2205 1102 2553 1160 nocumenta,
2598 1092 2728 1163 quia
2767 1104 3110 1160 nequaquam
3161 1087 3289 1140 talia
3336 1086 3608 1156 patienter
3637 1084 3771 1139 ferre

2206 1202 2499 1259 possumus
2551 1184 3008 1239 machinamenta.
3056 1180 3325 1246 Quoniam
3379 1176 3639 1231 convenit
3677 1192 3770 1232 nos

2205 1285 2553 1347 paternarum
2603 1273 2947 1329 sanctionum
2988 1269 3276 1340 diligentes
3316 1282 3442 1323 esse
3495 1265 3767 1321 custodes.

2207 1367 2402 1423 Merito
2429 1380 2664 1435 namque
2692 1378 2794 1418 nos
2837 1376 3003 1417 causa
3054 1361 3297 1430 respicit,
3346 1360 3393 1414 si
3437 1357 3661 1414 silentio
3695 1357 3771 1411 ia-

2205 1472 2428 1513 veamus
2456 1454 2651 1509 errori.

2273 1550 2362 1604 56.
2404 1547 2500 1602 Est
2545 1547 2768 1617 insuper
2801 1545 2854 1599 in
2884 1544 3142 1615 praedicta
3191 1550 3382 1597 sancta
3430 1539 3650 1594 Nicama
3692 1556 3772 1611 sy.

2204 1640 2350 1695 nodo
2380 1646 2663 1699 statutum,
2694 1644 2753 1690 ut
2792 1652 2951 1691 nemo
2980 1636 3266 1688 anathema
3296 1634 3353 1686 in
3384 1641 3577 1687 nostra
3610 1632 3775 1685 susei-

2207 1735 2389 1803 piatur
2425 1730 2793 1792 accusatione,
2828 1742 2928 1782 nec
2968 1727 3042 1781 illi
3108 1725 3203 1795 qui
3235 1739 3337 1778 nos
3366 1725 3421 1778 in
3452 1737 3555 1778 sua
3594 1722 3774 1775 nolunt

531 1862 641 1899 ccm
664 1843 986 1898 mendacii“.
1017 1842 1390 1912 ElApostolus
1423 1839 1651 1909 tnquit",
1681 1837 1951 1891 adversus
1974 1849 2100 1903 prc-
2136 1821 2176 1875 Β
2208 1825 2450 1893 recipere
2483 1822 2705 1892 querela
2746 1820 2831 1875 vel
2880 1818 3232 1873 accusatione
3263 1835 3276 1870 :
3310 1829 3439 1869 cum
3480 1828 3585 1868 nos
3620 1828 3775 1884 sulm

532 1937 811 2007 sbyterum
861 1933 1272 2005 inscriptionem
1320 1947 1429 1986 non
1477 1927 1843 1999 recipiendam
1896 1925 2101 1993 absque

532 2029 747 2083 duobus
796 2027 881 2082 vel
915 2027 1092 2081 tribus
1123 2025 1337 2080 idoneis
1367 2024 1621 2079 testibus.
1658 2020 1715 2075 Si
1748 2022 1861 2076 haec
1890 2018 1956 2072 de
1980 2033 2103 2087 pre-

533 2121 791 2191 sbyteris,
846 2120 929 2173 vel
984 2117 1200 2173 caneris
1248 2116 1500 2171 ﬁdelibus
1552 2125 1679 2171 sunt
1723 2110 2101 2185 praecavenda,

532 2221 737 2281 quanto
765 2211 939 2279 magis
965 2210 1030 2264 de
1058 2208 1363 2280 episcopis?
1393 2207 1606 2274 Quibus
1634 2206 1892 2272 cognitis,
1930 2203 2102 2271 magis

534 2319 632 2359 vos
661 2302 927 2358 dominari
960 2302 1099 2357 velle
1144 2300 1491 2356 manifestum
1535 2306 1641 2363 est,
1689 2311 1853 2367 quam
1901 2310 2104 2349 consu-

535 2396 652 2449 lere
714 2393 988 2457 ﬁdelibus,
1025 2401 1120 2447 aut
1155 2400 1467 2448 sustentare
1495 2406 1610 2446 eos.
1645 2389 1782 2455 Quia
1816 2389 1992 2442 honor
2018 2388 2104 2440 in-

534 2487 628 2542 ﬁat
658 2486 723 2540 ad
748 2486 1058 2556 superbiam
1093 2492 1148 2539 et
1177 2484 1325 2556 quod
1358 2484 1640 2553 provisum
1671 2492 1752 2537 est
1780 2480 1846 2534 ad
1873 2493 2105 2534 concor-

532 2579 704 2643 diam,
735 2577 907 2632 tendit
928 2577 995 2631 ad
1018 2591 1240 2631 noxam.
1273 2574 1542 2629 Decuerat
1568 2586 1803 2641 namque
1831 2585 1928 2624 vos
1948 2570 2103 2637 juxta

536 2667 791 2737 praefatas
827 2667 1063 2736 regulas,
1113 2667 1158 2720 si
1197 2662 1402 2735 aliquid
1431 2664 1671 2732 egissent
1713 2668 1907 2715 contra
1941 2673 2101 2712 suum

536 2757 806 2824 ordinem,
836 2754 1097 2813 mandare
1120 2756 1278 2812 nobis
1310 2764 1365 2810 et
1389 2763 1709 2825 exspectare
1738 2749 1868 2823 quid
1904 2749 1970 2802 ad
2006 2762 2100 2802 ve-

2208 1916 2333 1970 illos
2364 1915 2605 1969 sciamus
2628 1928 2658 1965 a
2685 1911 2912 1966 Domino
2937 1912 3291 1974 constitutos,
3317 1924 3443 1963 non.
3465 1908 3593 1963 illos
3622 1924 3776 1977 super

2207 2024 2329 2063 nos.
2364 2006 2429 2060 Et
2466 2007 2609 2061 sicut
2640 2004 2813 2073 major
2844 2018 2953 2056 non
2983 2008 3163 2072 potest
3208 2017 3239 2054 a
3283 2001 3502 2055 minore
3523 1999 3773 2069 judicari,

2208 2115 2310 2154 nec
2350 2100 2424 2153 ita
2455 2096 2721 2167 colligari,
2754 2097 2882 2165 quia
2928 2102 3109 2148 ratum
3162 2100 3246 2147 est
3277 2107 3445 2146 omne
3475 2090 3628 2161 quod
3673 2105 3777 2143 ma-

2206 2209 2372 2266 gnum
2412 2198 2514 2245 est.
2548 2190 2841 2244 Portamus
2896 2201 3064 2241 onera
3107 2185 3353 2240 omnium
3401 2184 3499 2254 qui
3565 2197 3777 2254 gravano

2207 2294 2329 2352 tur;
2375 2284 2622 2355 quinimo
2657 2283 2773 2336 haec
2802 2288 2980 2349 portat
3008 2280 3063 2333 in
3087 2279 3245 2334 nobis
3273 2278 3473 2333 beatus
3501 2277 3776 2346 apostolus

2204 2375 2421 2439 Petrus,
2456 2374 2616 2443 cujus
2636 2372 2756 2428 vice
2788 2371 3067 2441 [erigimur
3100 2370 3394 2439 legatione,
3424 2377 3487 2422 et-
3514 2369 3675 2438 cujus
3700 2383 3777 2422 re-

2201 2467 2327 2538 gula
2378 2465 2759 2528 informamur,
2807 2467 3081 2531 quatenus
3119 2459 3243 2529 ejus
3288 2458 3415 2513 fulti
3449 2459 3679 2521 auxilio,
3716 2457 3777 2510 ab

2204 2557 2456 2615 omnibus
2497 2569 2643 2609 nunc
2690 2561 2744 2609 et
2796 2553 2852 2606 in
2903 2558 3165 2622 perpetuo
3211 2559 3472 2606 tueamur
3520 2550 3775 2605 adversis.

2206 2650 2343 2704 Data
2370 2647 2489 2701 Kal.
2523 2645 2870 2708 Novembris,
2908 2642 3185 2699 Feliciano
3212 2651 3269 2699 et
3300 2641 3637 2699 Maximiano
3650 2639 3788 2696 viris.

2207 2740 2533 2799 clarissimis
2562 2739 2907 2796 consulibus.

890 2895 1127 2966 Epistola
1153 2895 1436 2949 Athanasii
1467 2904 1517 2949 et
1541 2891 1915 2964 .Egyptiorum
1945 2890 2016 2943 ad
2039 2886 2279 2944 eumdem
2312 2900 2505 2956 papam
2536 2882 2599 2937 de
2629 2883 3054 2952 oppressionibus
3081 2881 3433 2935 Arianorum.

610 3038 837 3094 Domino
883 3038 1223 3102 beatissimo,
1267 3044 1322 3092 et
1366 3035 1675 3091 honorabili
1727 3040 1916 3090 sancto
1949 3031 2101 3085 Patri

537 3127 752 3186 Liberio
780 3146 951 3201 papze,
975 3129 1335 3195 Athanasius,
1367 3137 1422 3183 et
1451 3127 1688 3182 universi
1721 3123 2101 3196 Egyptiorum

536 3221 815 3290 episcopi,
876 3222 932 3273 in
992 3234 1160 3272 unum
1213 3218 1477 3289 synodice
1524 3217 1667 3288 apud
1719 3216 2104 3272 Alexandriam

536 3310 872 3379 congregati.

608 3400 724 3471 (Η)
762 3397 969 3455 Vestrze
1014 3400 1342 3457 beatissime
1387 3399 1732 3470 paternitatis
1769 3399 1897 3470 jura
1943 3413 2108 3469 penes

539 3488 710 3545 Deum
739 3491 850 3545 sint
874 3490 1186 3555 manifesta,
1216 3491 1347 3546 dum
1377 3491 1859 3560 praedicationibus
1901 3489 2110 3545 scilicet

539 3584 895 3654 apostolicis,
948 3594 1003 3640 et
1043 3585 1310 3640 doctrinis
1359 3600 1503 3640 vera:
1550 3583 1673 3640 ﬁdei
1725 3585 1939 3640 cultura
1996 3582 2113 3637 uni-

536 3691 697 3732 versa
742 3677 948 3748 repleta
981 3677 1052 3733 sit
1093 3686 1263 3732 terra.
1292 3679 1398 3733 Per
1425 3676 1733 3732 divinorum
1762 3684 1945 3732 tamen
1985 3692 2112 3731 eru-

536 3769 798 3825 ditionem
851 3771 1216 3841 eloquiorum,
1272 3778 1458 3826 vestra
1517 3771 1820 3825 instruente
1863 3768 2111 3824 admoni-

538 3855 689 3910 tione
716 3857 1110 3923 exhortatoria,
1136 3857 1601 3928 superaediﬁcatur
1622 3859 1929 3914 orthodoxa
1952 3856 2109 3911 Chri-

538 3946 608 4000 sti
637 3945 904 4012 Ecclesia,
930 3948 1228 4017 apostolica
1259 3948 1604 4003 institutione
1630 3948 1875 4013 fundata,
1906 3959 1961 4003 et
1984 3963 2014 4001 a
2047 3946 2112 4000 ﬁ-

537 4038 752 4094 delibus
804 4041 1061 4096 Patribus
1108 4040 1421 4097 ﬁrmissime
1470 4042 1748 4097 roborata.
1806 4042 1887 4097 Ad
1946 4056 2110 4111 quam

538 4144 728 4184 omnes
752 4129 1054 4185 beatissimi
1088 4133 1344 4201 apostoli.
1380 4133 1497 4202 pari
1541 4133 1766 4188 honoris
1787 4140 1841 4187 et
1865 4140 2110 4202 potesta-

539 4220 611 4273 tis
643 4221 925 4275 consortio
965 4222 1200 4292 praediti,
1259 4224 1581 4293 populorum
1620 4225 1841 4294 agmina
1888 4237 2111 4277 conver-

540 4320 738 4378 tentes,
789 4313 876 4384 pie
919 4323 1220 4386 sancteque
1271 4316 1339 4371 de
1386 4317 1631 4372 tenebris
1676 4316 1745 4371 ad
1792 4317 1997 4377 lumen,
2043 4315 2111 4369 de

538 4409 694 4477 lapsu
725 4409 792 4463 ad
825 4425 1008 4464 veram
1053 4409 1236 4477 ﬁdem,
1266 4409 1333 4466 de
1360 4418 1535 4465 morte
1560 4408 1627 4463 ad
1664 4411 1831 4463 vitam
1861 4410 2109 4464 homines

538 4497 736 4553 divina:
765 4499 1266 4569 prtedestinationis
1304 4501 1478 4571 gratia
1513 4500 1817 4569 praescitos,
1848 4497 2110 4552 salutari-

537 4586 643 4643 bus
686 4591 973 4660 praeceptis
1025 4604 1091 4645 ac
1140 4591 1365 4647 monitis
1417 4589 1812 4659 perduxerunt.
1866 4588 2111 4654 Quorum

540 4685 853 4734 sanctorum
908 4681 1284 4751 apostolorum
1338 4686 1523 4735 vestra
1569 4678 1890 4734 fraternitas
1940 4678 2113 4733 hono-

540 4770 711 4826 randa
744 4787 981 4842 sequens
1013 4773 1228 4837 merita,
1259 4779 1312 4827 et
1335 4770 1633 4841 perfectius
1664 4769 1896 4838 implens
1923 4785 2115 4825 exem-

540 4865 651 4935 pla,
696 4863 997 4920 Ecclesiam
1036 4862 1131 4919 Dei
1185 4878 1398 4917 morum
1450 4862 1726 4931 probitate
1781 4869 1837 4916 et
1888 4870 2115 4916 actuum

541 4956 834 5010 sanctitate
882 4954 1235 5019 condecorat,
1275 4963 1330 5010 et
1380 4954 1484 5009 ﬁde
1531 4969 1713 5015 sacra,
1751 4953 2114 5010 Christianis-

543 5059 650 5114 que
680 5044 926 5099 moribus
960 5059 1188 5113 augens,
1224 5058 1345 5112 qua;
1392 5042 1511 5096 ﬁeri
1542 5037 1653 5094 Deo
1679 5041 1878 5110 placita
1925 5041 2117 5110 praeci-

545 5136 645 5205 pit,
678 5135 879 5190 studiis
910 5135 1318 5205 pontiﬁcalibus
1349 5132 1721 5187 indesinenter
1772 5138 2033 5202 cperatur
2063 5139 2116 5187 et

549 5224 779 5294 perﬁcit,
812 5239 1036 5279 servans
1069 5223 1204 5294 legis
1254 5220 1452 5277 divinae
1498 5222 1755 5276 mandata
1787 5220 1968 5287 :Quia
2012 5238 2116 5274 non

534 5315 675 5388 tegis
718 5315 1007 5379 auditores,
1026 5314 1164 5382 justi
1191 5323 1315 5367 sunt
1352 5312 1490 5382 apud
1537 5312 1722 5377 Deum,
1759 5313 1902 5368 sicut
1929 5320 2118 5366 narrat

623 5487 1118 5591 "lxRe§.‘§\'l,h7.
1194 5490 1217 5521 δ
1254 5488 1275 5543 l
1311 5488 1489 5546 Paral.
1522 5506 1728 5556 xxvm,
1763 5492 1819 5546 9.

937 5566 1005 5591 σιη
1108 5574 1236 5591 νιν-υ
1291 5560 1356 5591 AO

555 5572 631 5623 tt,
665 5559 750 5613 15.
823 5556 843 5591 δ
883 5556 1071 5613 Matth.
1108 5574 1255 5624 xxw,
1291 5560 1376 5613 12.

1899 5492 1919 5522 ⁸
1960 5490 1979 5543 1
2010 5486 2140 5543 Cor.
2177 5503 2250 5555 1v,
2286 5492 2340 5545 5.

2209 3027 2527 3099 Apostolus,
2573 3022 2662 3078 sed
2694 3023 2919 3092 factores
2968 3022 3097 3092 legis
3120 3018 3630 3091 justiﬁcabuntur‘.
3680 3016 3785 3074 Nos

2209 3120 2353 3174 enim
2389 3118 2502 3172 hac
2545 3115 2794 3170 meditari
2832 3113 3138 3183 cupientes,
3168 3119 3223 3167 et
3271 3127 3338 3166 ea
3370 3125 3499 3181 qua:
3527 3126 3559 3164 a
3600 3122 3778 3166 sancta

2132 3197 2176 3257 C
2207 3207 2337 3265 sede
2377 3214 2579 3269 vestra,
2626 3203 2999 3275 apostolorum
3048 3215 3355 3269 eorumque
3404 3212 3781 3255 successorum

2209 3299 2599 3370 praedicatione
2626 3297 2793 3367 608
2820 3294 3189 3364 suscepimus,
3228 3299 3395 3362 atque
3427 3308 3554 3362 quae
3599 3292 3652 3345 in
3697 3290 3780 3345 Ni—

2209 3407 2359 3446 caena
2399 3389 2608 3462 synodo
2660 3387 2916 3442 roborata
2958 3386 3320 3455 cognovimus
3368 3384 3691 3454 praedicare,
3733 3391 3781 3436 et

2207 3482 2539 3536 Arianorum
2592 3477 2980 3548 blasphemias,
3026 3483 3193 3545 atque
3235 3475 3471 3528 aliorum
3510 3475 3777 3527 lueretico-

2210 3589 2332 3628 rum
2363 3571 2660 3642 repellere:
2689 3568 2783 3639 qui
2812 3565 3057 3637 quotidie
3082 3566 3150 3618 ab
3181 3564 3269 3621 his
3295 3564 3707 3635 persequimur,
3734 3573 3779 3616 et

2209 3660 2546 3717 damnationi
2575 3658 2867 3722 tradimur,
2890 3664 3055 3726 atque
3079 3656 3246 3710 morti
3272 3656 3646 3711 destinantur.
3676 3654 3781 3720 Qua

2211 3755 2280 3810 de
2302 3770 2362 3809 re
2388 3767 2700 3825 precamur,
2732 3757 2792 3805 ut
2816 3749 3015 3804 vestris
3035 3747 3544 3811 exhortationibus,
3571 3755 3679 3802 tam
3702 3762 3784 3817 per

2210 3860 2309 3901 vos
2335 3860 2498 3915 quam
2539 3854 2594 3898 et
2636 3840 3028 3912 apocrisiarius
3060 3849 3278 3896 vestros
3318 3840 3672 3910 adjuvemur,
3704 3854 3784 3901 ne,

2211 3939 2338 3994 dum
2376 3937 2453 3991 illi
2486 3941 2742 3990 crescunt
2791 3942 2849 3989 et
2883 3948 2987 3989 nos
3030 3934 3351 3994 minuimur,
3378 3948 3514 3988 vera
3544 3931 3678 3986 ﬁdes
3700 3930 3787 3984 de-

2212 4041 2480 4096 struatur,
2522 4036 2577 4084 et
2623 4044 2811 4084 eorum
2865 4027 3091 4082 limresis
3135 4027 3281 4082 ultra
3334 4025 3500 4081 ﬁdem
3550 4033 3783 4080 nostram

2210 4131 2447 4180 crescat.
2477 4121 2746 4188 Quoniam
2774 4122 2939 4174 timeo
2974 4126 3056 4182 ut,
3095 4125 3385 4187 postquam
3429 4117 3784 4172 abundaverit

2209 4214 2494 4284 iniquitas,
2529 4212 2855 4280 refrigescat
2885 4209 3128 4263 cbaritas
3163 4208 3465 4262 multorum
3491 4208 3537 4259 ’.
3563 4207 3671 4261 Pro
3689 4221 3784 4277 qua

2210 4323 2290 4369 re,
2329 4306 2497 4361 multa
2538 4312 2733 4358 vestrae
2764 4315 2936 4357 sacrae
2964 4299 3248 4364 doctrinae,
3280 4305 3392 4353 tam
3425 4300 3573 4369 apud
3630 4298 3784 4353 Deum

2210 4412 2372 4466 quam
2399 4394 2543 4465 apud
2572 4401 2804 4448 cunctos
2842 4390 3047 4453 ﬁdeles,
3078 4404 3293 4444 merces
3320 4397 3375 4444 et
3409 4390 3534 4445 laus
3560 4389 3785 4460 reposita

2216 4496 2322 4549 est.
2352 4488 2398 4543 si
2430 4494 2611 4542 vestra
2639 4495 2957 4542 resecentur
2988 4484 3334 4537 auctoritate.
3367 4481 3627 4537 Nostram
3652 4481 3786 4536 enim

2223 4581 2405 4647 ﬁdem,
2429 4595 2593 4649 quam
2634 4594 2664 4632 a
2693 4580 2898 4634 sanctis
2930 4576 3187 4632 Pati-ibus
3216 4576 3535 4645 accepimus
3558 4584 3616 4630 et
3649 4583 3786 4629 tene-

2221 4688 2366 4734 mus,
2399 4679 2563 4740 atque
2596 4670 2877 4733 docenms,
2908 4669 3096 4723 subter
3124 4667 3483 4722 inseruimus.
3521 4665 3592 4720 Ut
3622 4668 3668 4720 si
3698 4664 3785 4717 ali-

2221 4764 2345 4833 quis
2379 4764 2536 4818 vobis
2562 4763 2721 4816 aliter
2765 4776 2866 4816 nos
2895 4759 3140 4822 credere,
3177 4767 3273 4812 aut
3320 4763 3543 4823 docere,
3581 4768 3675 4811 aut
3706 4771 3787 4809 ac-

2208 4855 2489 4919 cusando,
2530 4863 2624 4908 aut
2674 4854 3017 4910 mussitando
3050 4852 3320 4913 retulerit,
3346 4851 3429 4904 vel
3462 4849 3787 4905 detrahendo

2216 4948 2437 5018 scriptis
2486 4946 2852 5010 mandaverit,
2897 4961 2993 5016 per
3039 4945 3181 4998 banc
3233 4942 3531 4998 manifeste
3584 4958 3685 4998 nos
3722 4941 3785 4994 ita

2217 5039 2443 5093 credere
2468 5048 2523 5092 et
2560 5038 2760 5092 docere
2787 5037 3122 5107 agnoscatis.
3155 5034 3446 5089 Credimus
3482 5050 3715 5104 namque
3736 5033 3783 5085 in

2218 5145 2385 5183 unum
2411 5128 2577 5184 Deum
2604 5127 2822 5183 Patrem
2854 5127 3313 5197 omnipotentem,
3341 5127 3595 5179 omnium
3623 5123 3785 5179 visibi-

2216 5221 2374 5285 lium,
2428 5234 2639 5274 necuon
2695 5227 2750 5273 et
2800 5218 3158 5272 iuvisibilium
3214 5216 3588 5271 conditorem.
3640 5214 3698 5267 Et
3738 5214 3783 5265 in

2221 5329 2388 5367 unum
2436 5312 2727 5367 Dominum
2768 5319 3016 5366 nostrum
3049 5308 3237 5365 Jesum
3290 5308 3574 5364 Christum
3605 5306 3779 5362 Filium

2419 5493 2439 5523 °
2478 5491 2649 5546 Exod.
2689 5506 2859 5560 xxut,
2900 5490 2950 5544 1.
3026 5490 3045 5520 ⁷
3086 5485 3105 5540 1
3142 5486 3287 5540 Tim.
3323 5503 3379 5552 ν,
3414 5485 3506 5541 19.
3580 5486 3603 5518 ⁸
3638 5480 3775 5537 Rom.

629 5711 740 5785 (44)
768 5714 901 5771 Vide
929 5714 1164 5771 Victoris
1186 5715 1632 5786 Carthaginiensis
1663 5715 1821 5786 epist.
1852 5714 1917 5769 ad
1951 5713 2296 5770 Theodorum
2329 5727 2543 5782 papam.
