3976 6388
192 339 330 395 1469
1104 340 1374 399 PONTIF.
1413 341 1581 401 BOM.
1620 344 1709 399 ΕΤ
1745 350 1762 400 l

1854 345 2112 401 HANASII
2152 345 2527 404 EPISTOLAS.
3286 347 3424 405 “70

194 453 283 506 Dei
327 459 515 506 natum
557 468 620 507 ex
654 451 816 510 Patre
854 456 1215 528 unigenitum,
1248 460 1351 515 hoc
1380 469 1485 525 est,
1522 476 1588 516 ex
1632 462 1765 517 sub-
1791 470 1837 524 Α
1866 465 1933 517 tis
1962 465 2052 533 qui
2070 463 2379 534 propltetant
2413 466 2469 519 in
2496 464 2704 519 nomine
2730 479 2842 519 meo
2871 462 3201 518 mendacium
3226 478 3246 517 :
3268 474 3425 518 erunt

189 545 389 598 stantia
437 546 618 600 Patris
656 566 669 600 :
703 546 871 602 Deum
922 566 991 603 ex
1036 549 1164 615 Deo,
1197 554 1382 621 lumen
1422 554 1489 609 de
1528 555 1753 619 lumine,
1863 557 2082 625 projecti
2120 557 2174 609 in
2196 557 2291 611 viis
2326 556 2649 624 Jerusalem,
2673 565 2722 610 ct
2745 555 3072 610 conculcatio
3088 556 3316 609 omnium
3341 556 3425 626 pic

185 635 354 693 Deum
400 651 589 690 verum
640 653 704 691 ex
746 638 856 692 Deo
903 655 1053 705 vero,
1099 652 1287 698 natum
1338 660 1446 699 non
1490 653 1754 709 creatum,
1858 647 2215 716 conﬁtentium
2268 663 2369 708 me.
2412 656 2463 701 et
2517 663 2620 700 non
2675 646 2775 700 erit
2816 646 2907 716 qui
2970 646 3187 715 sepeliet
3244 663 3329 700 eos
3352 647 3418 703 ¹².

188 727 537 788 bomousion.
572 728 675 784 hoc
705 738 808 792 est,
845 731 1090 798 ejusdem
1128 749 1251 788 cum
1288 734 1451 791 Patre
1501 738 1756 792 substanc
1855 737 2026 792 Nemo
2064 741 2210 792 enim
2263 739 2597 794 abscondere
2641 744 2819 808 potest
2862 738 3187 807 quibusdam
3229 737 3422 792 subre-

185 820 295 871 tite.
323 818 428 873 Per
452 834 613 889 quem
643 822 827 875 omnia
859 822 1000 877 facta
1040 833 1189 892 sunt,
1220 826 1465 881 caelestia
1503 835 1558 880 et
1585 833 1760 882 terre-
1790 821 1796 827 ’
1858 829 2137 898 ptionihus
2159 828 2637 891 commendatitiis,
2668 828 2811 882 sicut
2838 843 2938 883 nec
2973 827 3115 882 foliis
3156 827 3240 882 ﬁci
3278 828 3421 884 anti-

186 910 344 964 stria.
376 909 482 976 Qui
513 920 736 981 prepter
763 928 864 967 nos
889 915 1160 981 homines,
1189 925 1243 972 et
1268 925 1491 986 propter
1512 928 1756 972 nostram
1857 933 2001 988 quus
2035 926 2410 987 transgressor
2462 918 2717 988 praecepti
2756 917 2926 971 Adam
2957 918 3154 987 potuit,
3202 921 3293 986 qui
3324 931 3421 986 per

186 1000 419 1055 salutem
464 1000 748 1056 descendit
777 1003 844 1058 de
885 1005 1062 1061 cadis.
1099 1006 1165 1060 Et
1210 1009 1530 1063 incarnatus
1553 1017 1655 1070 est,
1704 1016 1759 1064 et
1859 1009 2130 1079 propriam
2176 1010 2412 1079 linguam
2462 1009 2827 1064 inverecunde
2880 1008 3418 1079 nudaturzLaqueus

188 1093 351 1147 homo
380 1092 580 1154 factus,
616 1108 815 1163 passus
844 1106 947 1161 est,
999 1106 1054 1154 et
1100 1102 1402 1155 resurrexit
1449 1102 1606 1156 tertia
1648 1103 1753 1156 die.
1856 1098 1994 1152 enim
2021 1098 2176 1166 [ortis
2202 1100 2311 1152 viro
2338 1098 2481 1152 labia
2503 1097 2637 1166 ejus,
2667 1107 2717 1152 et
2755 1108 2935 1166 captus
2959 1099 3184 1166 propriis
3220 1114 3423 1158 sermo-

184 1183 446 1239 Ascendit
472 1186 529 1239 in
559 1187 779 1248 coelum,
812 1187 937 1243 inde
964 1197 1228 1245 venturus
1252 1191 1504 1260 judicare
1526 1194 1678 1249 vivos
1701 1201 1756 1247 et
1858 1190 2032 1250 nibus.
2061 1200 2111 1244 et
2134 1205 2288 1259 opera
2317 1206 2566 1243 manuum
2591 1189 2727 1254 eius,
2755 1188 3024 1243 retributio
3062 1201 3236 1243 autem
3265 1190 3420 1246 labo-

186 1284 454 1330 mortuos.
489 1276 553 1329 Et
603 1278 659 1332 in
688 1277 950 1348 Spiritum
988 1289 1261 1336 sanctum.
1306 1282 1414 1338 Eos
1453 1293 1631 1337 autem
1663 1283 1755 1354 qui
1858 1298 1974 1335 rum
2020 1282 2132 1350 ejus
2174 1281 2388 1334 dabitur
2434 1282 2501 1346 ei,
2561 1289 2611 1334 et
2657 1281 2943 1348 impietatis
2994 1282 3321 1351 reprehensio
3346 1280 3415 1338 ⁸⁸.

184 1364 399 1429 dicunt,
438 1365 567 1420 Erat
599 1376 811 1438 tempus
851 1371 1071 1440 quando
1107 1388 1216 1427 non
1268 1381 1385 1427 erat
1419 1393 1431 1428 :
1461 1383 1537 1435 et.
1566 1373 1757 1428 Prius-
1857 1371 2089 1440 Arguam
2120 1380 2187 1430 te,
2221 1370 2419 1439 inquit,
2450 1379 2499 1424 et
2529 1379 2764 1422 statuam
2809 1379 2993 1423 contra
3029 1370 3216 1439 faciem
3251 1381 3418 1436 tuam,

186 1473 352 1527 quam
387 1466 707 1514 nasceretur
736 1476 842 1515 non
873 1472 990 1517 erat
1015 1482 1030 1517 :
1056 1472 1130 1525 et,
1165 1464 1302 1530 Quia
1336 1481 1401 1520 ex
1431 1466 1596 1522 nullis
1626 1467 1760 1521 sub.
1856 1462 2177 1515 existimasti
2215 1462 2412 1531 inique,
2443 1460 2580 1530 quod
2629 1476 2791 1514 essem
2842 1460 2936 1513 tibi
2979 1462 3168 1516 similis
3194 1462 3255 1517 "2
3288 1463 3424 1519 Pro-

186 1550 513 1604 sistentibus
543 1549 718 1607 factus
740 1561 847 1615 est,
877 1563 970 1607 aut
997 1570 1063 1609 ex
1095 1555 1199 1608 alia
1225 1556 1532 1610 substantia
1558 1557 1639 1610 vel
1668 1572 1756 1613 es-

1857 1560 2056 1619 pterea,
2087 1550 2232 1604 sicut
2263 1549 2396 1604 dicit
2430 1548 2694 1604 Dominus
2722 1550 2787 1603 ad
2817 1548 3057 1613 Gedeon,
3103 1551 3423 1620 deponantus

184 1640 380 1703 sentia,
404 1639 598 1695 dicunt
627 1656 749 1698 esse
775 1645 1207 1709 convertibilem,
1240 1653 1406 1715 atque
1438 1647 1756 1701 mutabilem
1856 1658 1944 1695 eos
1973 1642 2043 1694 ad
2077 1656 2269 1707 aquam
2299 1656 2432 1694 cera:
2461 1639 2813 1703 discretionis,
2846 1652 2896 1694 et
2926 1641 3199 1710 probemus
3230 1662 3317 1698 eos
3349 1646 3422 1699 ibi

184 1727 383 1782 Filium
436 1729 568 1784 Dei:
598 1731 697 1785 hos
737 1733 1157 1788 anatliematizat
1197 1737 1466 1789 catholica
1514 1745 1571 1791 et
1624 1752 1758 1807 apo-
1790 1801 1825 1807 _
1860 1732 2092 1802 regulari
2138 1732 2526 1786 examinatione
2574 1735 2629 1786 in
2666 1732 2897 1801 idipsum
2943 1749 3131 1801 pronos
3180 1750 3424 1790 corruen-
3458 1762 3463 1766 ~

183 1820 379 1874 stolica
433 1819 697 1877 Ecclesia.
746 1821 898 1877 lianc
934 1826 1296 1880 venerabilem
1332 1825 1490 1881 ﬁdem
1528 1829 1753 1883 trecenti

1862 1834 1937 1878 tes
1961 1823 2028 1887 ⁸⁵,
2081 1839 2176 1893 per
2222 1822 2589 1879 ostensionem
2653 1824 2804 1893 pravi
2848 1824 3157 1880 intellectus
3210 1841 3420 1889 eorum.

183 1910 404 1978 quidem
433 1911 621 1966 decem
669 1922 724 1967 et
756 1922 903 1977 octo,
945 1924 999 1970 et
1030 1924 1404 1987 cognoverunt
1435 1925 1489 1973 et
1522 1919 1755 1989 amplexi
1858 1924 2039 1969 utrum
2075 1930 2143 1969 ne
2168 1914 2279 1969 sint
2301 1913 2445 1984 apud
2479 1929 2538 1968 se
2568 1916 2843 1983 sapientes
2879 1914 3050 1969 divini
3073 1916 3223 1971 verbi
3247 1918 3423 1972 scien-

185 2008 334 2062 sunt,
367 2009 420 2055 et
444 2012 812 2057 consonantes
833 2012 887 2058 et
921 2007 1212 2061 unanimes
1234 2007 1457 2077 scriptis
1488 2009 1759 2063 exclama-
1857 2006 1987 2058 tiam
2026 2004 2357 2075 ignorantes.
2392 2004 2656 2071 Quoniam
2690 2004 2935 2061 dicentes
2966 2021 3026 2062 se
3067 2022 3188 2062 esse
3219 2009 3427 2077 sapien-

184 2099 400 2146 verunt.
437 2092 543 2149 Sed
582 2095 765 2159 modo,
795 2100 1051 2167 quoniam
1095 2111 1280 2154 contra
1311 2100 1425 2154 bmc
1464 2116 1529 2155 ex
1557 2103 1757 2157 nostris
1858 2106 1961 2160 tes.
1996 2097 2147 2151 ειυιῑί
2177 2096 2304 2151 facti
2347 2103 2496 2160 sum.
2543 2106 2598 2152 ει
2626 2104 2976 2152 mutaverunt
3010 2099 3236 2169 gloriam
3263 2100 3307 2131 ¹⁶
3332 2115 3418 2156 ca-

185 2184 311 2238 talia
353 2196 677 2256 exsurgunt,
706 2190 886 2259 qualia
926 2206 1033 2245 non
1068 2191 1283 2246 debent.
1329 2194 1510 2248 venite
1540 2200 1602 2248 et
1636 2209 1753 2257 vos,
1859 2188 2071 2242 tbolica:
2098 2187 2352 2242 Ecclesiae.
2380 2188 2599 2257 propria
2622 2189 2880 2256 novitate,
2910 2188 3025 2244 sive
3054 2205 3147 2259 per
3177 2205 3241 2246 ea
3304 2207 3425 2261 quae

184 2274 534 2329 dilectissimi
580 2275 799 2343 fratres,
843 2295 969 2332 eum
1011 2278 1141 2343 Deo,
1176 2290 1231 2335 et
1263 2281 1658 2338 descendamus
1688 2282 1756 2336 ad
1856 2280 2047 2334 illicite
2092 2279 2148 2333 in
2192 2279 2312 2348 ejus
2348 2276 2663 2334 defensione
2709 2286 2861 2349 gesta
2928 2286 3082 2341 sunt,
3113 2279 3421 2336 luereticam

184 2364 577 2434 visitationem,
632 2368 684 2422 id
716 2378 822 2432 est,
862 2370 1274 2441 inquisitionem
1321 2388 1629 2428 sermonum
1662 2390 1758 2429 θοι
1855 2369 2239 2424 turbulentiam
2290 2367 2721 2431 introducentes,
2759 2368 2893 2422 illud
2942 2376 3315 2438 competenter
3354 2369 3422 2423 ad

183 2470 326 2514 rum.
377 2463 433 2509 et
463 2457 869 2514 contendamus
903 2476 998 2529 per
1036 2462 1483 2530 approbationem
1529 2464 1758 2519 verissio
1854 2475 1954 2515 nos
1983 2462 2298 2517 retinentes.
2327 2460 2470 2531 quod
2502 2460 2638 2514 bene
2672 2459 2741 2514 ad
2769 2457 2956 2515 Iesum
2984 2459 3177 2515 Filium
3208 2460 3419 2517 Siracbi

183 2560 326 2599 mam
359 2546 560 2601 ihidetn
595 2549 806 2616 linguas
853 2563 1045 2603 eorum
1088 2551 1327 2605 clevatas
1358 2562 1545 2606 contra
1582 2553 1760 2607 scien-
1854 2551 2058 2604 dictqu
2101 2558 2221 2605 est:
2253 2548 2423 2622 Usque
2448 2550 2515 2604 ad
2550 2558 2770 2602 mortem
2801 2558 2944 2602 certa
2971 2566 3066 2619 pro
3108 2551 3342 2614 veritate,
3372 2561 3423 2605 et

183 2637 314 2689 tiam
357 2637 621 2703 unigeniti
654 2636 773 2691 Filii
810 2637 928 2701 Dei,
962 2638 1301 2708 iniquitatem
1330 2640 1383 2694 in
1416 2642 1755 2695 altitudinem
1855 2640 2109 2695 Dominus
2151 2639 2400 2710 pugnabit
2433 2655 2527 2708 pro
2569 2649 2616 2695 te
2639 2641 2703 2694 ".
2733 2638 2906 2709 Hujus
2946 2640 3024 2694 rei
3074 2641 3247 2711 gratia
3296 2642 3423 2695 uni-

184 2726 545 2782 humanitatis
591 2728 712 2796 ejus
764 2729 1048 2798 loquentes
1079 2730 1492 2799 :Dirumpamus
1547 2733 1758 2785 vincula
1854 2732 2082 2788 versalis
2115 2731 2271 2786 vobis
2313 2745 2344 2784 a
2389 2730 2609 2787 Christo
2633 2729 2763 2785 Jesu
2794 2732 3090 2785 commissa
3123 2739 3209 2786 est
3237 2730 3423 2786 Eccle-

184 2831 392 2880 eorum,
423 2832 522 2886 per
552 2818 791 2887 gladium
822 2819 1186 2889 spiritualem,
1225 2822 1367 2891 quod
1411 2830 1493 2876 est
1521 2820 1755 2877 Verbum
1855 2823 1958 2884 sia,
1990 2831 2049 2876 ut
2072 2837 2169 2892 pro
2194 2822 2449 2878 omnibus
2470 2822 2748 2884 laboretis,
2781 2829 2835 2876 et
2862 2822 3079 2876 cunctis
3100 2837 3255 2892 opem
3282 2821 3423 2878 ferre

181 2905 298 2970 Dei,
354 2917 406 2963 et
433 2909 775 2977 projiciamus
809 2928 841 2963 a
881 2911 1028 2966 nobis
1060 2912 1248 2981 jugum
1293 2914 1527 2982 ipsarum
1555 2914 1622 2977 ⁸ο,
1661 2929 1757 2983 per
1855 2929 1964 2968 non
2011 2913 2297 2984 negligatis
2323 2932 2337 2967 :
2362 2912 2522 2979 Quia,
2548 2912 2672 2966 dum
2703 2912 2857 2982 {ortis
2892 2920 3129 2966 armatus
3182 2911 3421 2967 custodit

180 3001 642 3071 expugnationem
669 3001 880 3071 profani
904 3005 1351 3059 sensusillorum.
1380 3002 1533 3059 Tunc
1556 3006 1755 3060 etenim
1856 3007 2053 3060 atrium
2097 3022 2272 3069 suum,
2307 3006 2364 3059 in
2410 3020 2538 3073 pare
2589 3014 2711 3060 sunt
2743 3004 2920 3058 omnia
2950 3020 3065 3075 qua:
3099 3004 3327 3073 possidet
3355 3005 3398 3034 "

179 3090 301 3161 ipse
343 3106 564 3161 quoque
593 3091 848 3147 Dominus
878 3093 1118 3148 irridebit
1157 3112 1265 3160 eos,
1310 3105 1359 3148 et
1390 3094 1755 3159 subsannabit,
1790 3156 1825 3165 _
1858 3095 2087 3164 Ideoque
2109 3102 2258 3149 tanta
2291 3104 2512 3165 urgente
2538 3093 2883 3155 necessitate,
2914 3107 3256 3162 summopere
3276 3107 3423 3147 com-

173 3191 227 3236 et
284 3192 413 3235 tunc
437 3181 677 3252 loquetur
709 3183 777 3237 ad
817 3201 902 3238 eos
937 3186 990 3238 in
1025 3186 1108 3238 ira
1141 3201 1259 3249 sua,
1293 3194 1341 3239 et
1372 3186 1423 3237 in
1452 3185 1627 3254 furore
1662 3201 1756 3239 suo
1784 3156 1825 3210 ϐ
1863 3185 2082 3255 primite
2111 3193 2294 3240 vestra
2325 3156 2537 3240 summa
2563 3183 2888 3238 auctoritate
2916 3181 3165 3247 infestos,
3189 3182 3423 3239 relevata

177 3272 519 3327 conturbabit
545 3290 631 3327 eos
656 3275 719 3337 “;
755 3276 1054 3329 secundum
1086 3276 1301 3330 beatum
1327 3274 1638 3339 Jcremiam,
1674 3275 1760 3329 di-
1862 3292 2175 3348 oppressos,
2208 3287 2263 3331 ut
2290 3277 2495 3345 absque
2524 3277 2694 3346 gravi,
2722 3274 2950 3329 Domino
2974 3274 3292 3345 opitulante,
3319 3272 3422 3328 dif-

175 3379 353 3420 cens:
392 3363 563 3419 Falso
605 3368 870 3435 propheta:
914 3368 1007 3421 isti
1047 3368 1401 3421 vaticinantur
1444 3368 1497 3420 in
1551 3368 1759 3420 nomine
1864 3368 2123 3430 ﬁcultate,
2171 3368 2275 3437 ipsi
2320 3375 2599 3436 gratanter
2636 3368 2784 3421 omni
2828 3374 3071 3435 tempore
3115 3365 3424 3422 sacriﬁcare

177 3472 314 3510 meo.
349 3453 478 3508 Non
519 3456 657 3508 enim
699 3456 820 3510 misi
849 3474 957 3523 eos,
989 3468 1039 3512 et
1074 3475 1176 3511 non
1218 3458 1437 3525 pra’cepi
1468 3458 1564 3519 eis,
1596 3473 1758 3526 neque
1862 3473 2169 3513 mereamur
2196 3458 2366 3513 illaesi.
2409 3458 2472 3510 Et
2502 3458 2832 3527 subscriptio
2861 3477 2875 3511 :
2906 3457 3134 3511 Aiterna
3167 3466 3218 3512 te
3242 3466 3425 3512 servet

178 3548 393 3602 locutus
419 3565 538 3602 sum
566 3549 637 3602 ad
669 3565 755 3603 eos
780 3565 800 3602 :
832 3551 1083 3604 risionem
1118 3549 1436 3614 mendacem,
1469 3560 1517 3603 et
1558 3550 1756 3603 divina.
1862 3548 2145 3613 Divinitas,
2194 3563 2287 3617 per
2333 3548 2535 3603 multos
2567 3562 2764 3611 annos,
2817 3546 3162 3601 sanctissime
3202 3544 3424 3600 Patrum

176 3644 399 3703 tionem,
435 3650 484 3694 et
513 3641 951 3709 fraudulentiam,
994 3650 1044 3694 et
1075 3641 1427 3695 seductionem
1463 3641 1637 3694 cordis
1671 3644 1755 3695 sui
1861 3637 2043 3693 Pater.
2078 3637 2272 3693 Amen.

176 3733 497 3803 prophetarit
521 3731 684 3786 vobis.
717 3729 845 3786 Ideo
873 3730 982 3786 haec
1005 3732 1135 3784 dicit
1168 3731 1422 3784 Dominus
1444 3729 1508 3783 de
1538 3730 1757 3799 prophe-

1233 3841 1559 3907 Rescriptum
1591 3840 1786 3895 Liberii
1809 3856 1957 3909 papa:
1984 3840 2053 3894 ad
2081 3838 2309 3895 eosdem.

245 3960 625 4016 Dilectissimo
654 3959 764 4013 ﬁlio
785 3957 1106 4021 Athanasio,
1133 3967 1186 4013 et
1213 3957 1469 4012 omnibus
1499 3957 1555 4010 in
1587 3972 1753 4010 unum
1862 3971 2025 4025 super
2045 3970 2150 4025 qua
2171 3962 2225 4010 et
2258 3954 2370 4009 Deo
2398 3954 2602 4024 gratias
2633 3954 2936 4009 uberrimas
2980 3953 3289 4009 retulimus.
3316 3948 3427 4007 Pro

178 4054 556 4127 congregatis,
590 4057 645 4107 et
674 4053 741 4107 de
771 4050 1058 4106 Trinitatis
1089 4049 1193 4105 ﬁde
1222 4056 1369 4104 recte
1398 4048 1758 4105 sentientibus
1861 4063 1966 4118 qua
1988 4064 2096 4102 non
2119 4046 2460 4103 solummodo
2488 4047 2894 4117 persecutiones
2936 4056 2989 4100 et
3030 4046 3310 4115 passiones
3332 4062 3421 4101 su-

180 4145 568 4217 IEgyptiorum
599 4143 890 4213 episc0pis,
923 4141 1173 4197 Liberius
1204 4155 1361 4211 papa.
1861 4139 2065 4195 stinere
2084 4139 2367 4195 vobiscum
2391 4138 2562 4207 parati
2588 4153 2798 4199 sumus.
2822 4136 2916 4193 sed
2947 4136 3107 4192 etiam
3131 4135 3178 4191 si
3200 4150 3425 4191 necesse

255 4236 372 4309 (45)
416 4235 557 4290 Olim
590 4242 642 4289 et
668 4234 736 4288 ab
758 4234 912 4287 initio
933 4240 1138 4287 tantam
1161 4230 1499 4302 percepimus
1532 4245 1563 4285 a
1596 4230 1756 4285 beato
1861 4230 2047 4293 fuerit,
2072 4231 2211 4285 mori
2243 4245 2340 4301 pro
2363 4228 2566 4285 Christi
2594 4229 2837 4293 nomine,
2869 4229 2923 4283 in
2951 4235 3213 4298 quantum
3238 4235 3425 4300 nostra

183 4327 350 4384 Petro
384 4327 753 4398 apostolorum
785 4326 1033 4395 principe
1063 4324 1338 4387 ﬁduciam,
1371 4331 1429 4377 ut
1461 4322 1757 4377 habeamus
1862 4322 2329 4392 sinit-fragilitas,
2372 4337 2481 4377 non
2530 4322 2861 4392 respuimus.
2898 4319 3068 4392 Igitur
3109 4319 3424 4391 praedictum

181 4421 574 4477 auctoritatem
609 4433 707 4488 pro
744 4416 1039 4471 universali
1068 4412 1311 4471 Ecclesia
1335 4414 1400 4469 ad
1426 4422 1627 4469 rectam
1658 4412 1755 4467 ds-
1797 4487 1806 4488 ί
1863 4422 2136 4479 sanctum,
2163 4421 2221 4468 ut
2252 4414 2499 4483 legimus.
2536 4412 2832 4466 concilium
2859 4411 3102 4466 deﬁnivit
3122 4409 3423 4474 Nicanum,

181 4517 517 4574 lendendam
555 4487 734 4572 ﬁdem,
766 4518 1037 4587 quatenu;
1054 4509 1186 4563 nulli
1219 4508 1378 4563 liceat
1406 4514 1607 4563 statum
1630 4521 1754 4561 san-
1788 4487 1833 4541 Ῐ)
1863 4506 1979 4576 (46)
2006 4506 2165 4560 aliam
2216 4507 2372 4561 ﬁdem
2419 4508 2553 4561 nulli
2583 4506 2748 4561 licere
2781 4504 3024 4575 proferre
3054 4510 3148 4556 aut
3174 4501 3425 4557 conscri-

180 4616 287 4663 ctae
328 4603 586 4659 Ecclesia:
637 4614 979 4655 commovere
1016 4599 1083 4653 ad
1136 4599 1409 4653 laesionem
1453 4604 1597 4651 recte
1638 4611 1759 4651 cre-
1862 4599 2011 4662 bere,
2037 4599 2122 4652 vel
2155 4613 2502 4669 componere,
2535 4606 2630 4650 aut
2660 4610 2871 4665 sapere,
2907 4595 2990 4647 vel
3021 4594 3217 4647 docere
3247 4592 3422 4654 aliter,

180 4698 457 4761 dentium,
504 4693 711 4762 absque
749 4690 833 4745 sui
873 4689 1117 4760 periculo
1149 4688 1394 4742 honoris.
1452 4686 1755 4757 Epistolam
1861 4702 1962 4740 nec
1995 4685 2292 4756 quidquam
2327 4687 2381 4738 in
2406 4685 2507 4739 ﬁde
2532 4684 2735 4739 sentire
2760 4689 2854 4735 aut
2880 4678 3141 4749 proferre,
3174 4676 3317 4746 quod
3342 4677 3426 4732 bis

182 4789 460 4861 siquidem
486 4794 726 4842 vestram
751 4783 1019 4852 nobisque
1050 4780 1339 4843 directam,
1381 4786 1507 4833 ante
1535 4794 1637 4833 nos
1672 4793 1748 4831 re-
1795 4818 1805 4829 .
1860 4777 2081 4831 Patrum
2107 4777 2308 4846 regulis
2344 4775 2519 4846 possit
2546 4774 2789 4828 obviare.
2815 4771 2916 4837 Qui
2949 4778 3126 4861 autem
3167 4783 3423 4861 praesum-

180 4858 345 4937 citari
374 4877 625 4939 fecimus,
662 4873 1043 4928 tribulationes
1072 4878 1127 4927 et
1156 4871 1584 4942 persecutiones,
1620 4883 1758 4940 quas
1863 4868 2035 4939 pserit
2062 4868 2221 4921 aliam
2258 4867 2415 4921 ﬁdem
2438 4880 2784 4935 componere.
2814 4870 2906 4916 aut
2937 4860 3198 4932 proferre,
3221 4859 3303 4913 vel
3329 4858 3427 4911 do-

180 4989 287 5047 prp
320 4978 472 5026 recta
503 4966 607 5021 ﬁde
632 4964 903 5036 patimini,
934 4964 1320 5019 intelleximus.
1356 4961 1532 5031 Super
1557 4961 1756 5031 quibus
1863 4976 2006 5022 cere,
2030 4965 2122 5012 aut
2142 4957 2358 5012 tradere
2380 4956 2523 5009 aliud
2557 4956 2882 5047 symbolum,
2909 4952 2976 5006 ad
3016 4950 3157 5047 viam
3181 4948 3426 5047 veritatis

178 5038 364 5129 etnos
388 5077 497 5117 una
516 5060 796 5116 vobiscum
817 5056 1192 5120 condolemus,
1210 5063 1264 5111 ct
1288 5055 1536 5109 laborare
1554 5068 1650 5123 pro
1674 5067 1758 5105 vo-
1863 5049 2106 5104 converti
2143 5047 2581 5101 desiderantibus
2629 5045 2696 5100 de
2741 5057 3065 5114 quacunque
3094 5039 3310 5101 haeresi,
3339 5038 3427 5093 vel

180 5159 295 5220 bis,
330 5163 391 5211 ut
423 5160 579 5226 pater
607 5166 706 5221 pro
753 5149 899 5211 ﬁliis,
947 5150 1116 5220 parati
1151 5163 1359 5205 sumus.
1408 5144 1594 5201 Fidem
1626 5158 1756 5198 vero
1862 5159 1929 5197 ex
1963 5140 2167 5195 Iudaeis
2204 5148 2297 5194 aut
2322 5139 2547 5209 paganis
2578 5138 2922 5191 Christianos
2957 5149 3016 5188 se
3058 5130 3172 5185 ﬁeri
3200 5129 3419 5226 volenti.

180 5249 394 5307 Nicami
416 5223 636 5315 concilii
660 5243 713 5297 in
737 5242 925 5298 eadem
944 5242 1174 5312 epistola
1203 5248 1407 5297 rectam
1434 5240 1757 5308 reperimus,
1864 5236 2000 5305 bus;
2021 5233 2077 5287 hi
2110 5233 2154 5286 si
2181 5233 2422 5301 episcopi
2446 5229 2649 5285 fuerint.
2671 5236 2764 5283 aut
2788 5227 2995 5289 clerici,
3028 5226 3291 5279 alienatos
3313 5223 3419 5293 qui~

275 5471 321 5506 "
372 5470 520 5527 Psal.
580 5488 640 5526 ll.
692 5470 745 5522 5.
853 5468 894 5498 ”
936 5464 1063 5519 ibid.
1095 5462 1235 5517 4.5.
1325 5463 1368 5495 "
1406 5459 1602 5520 Jerein.
1647 5473 1757 5521 xw,
1795 5461 1845 5515 ll

1848 5458 1979 5514 ι-ι6.
2088 5456 2136 5527 _"
2193 5456 2496 5527 Provsvt,
2552 5452 2705 5517 2,5.
2833 5452 2877 5483 “
2916 5450 3062 5507 Psal.
3127 5443 3418 5515 XLIX,S.L

181 5542 234 5580 ⁸³
268 5525 453 5600 Judic.
491 5558 602 5600 vn,
630 5525 685 5594 4.
765 5539 807 5569 ¹⁶
851 5537 1004 5592 Ιῐοιη.
1044 5551 1092 5600 I,
1128 5533 1227 5595 22,
1263 5532 1350 5587 25.
1432 5531 1471 5562 ³⁷
1512 5528 1677 5585 Eccli.
1715 5547 1751 5583 ις

879 5541 1004 5592 :om.
1044 5551 1092 5600 ι,
1128 5533 1227 5595 22,
1263 5532 1350 5587 25.
1432 5531 1471 5562 ³⁷
1512 5528 1677 5585 Eccli.
1715 5547 1790 5596 tv,
2005 5528 2047 5559 ³⁸
2086 5525 2214 5579 Luc.
2254 5541 2328 5588 st,
2362 5526 2449 5578 21.

254 5703 369 5766 (ς)ξῆ
407 5702 538 5763 Leo,
564 5698 721 5765 epist.
756 5696 842 5749 24.
1939 5687 2051 5761 (l6)
2084 5688 2155 5741 Ex
2187 5702 2344 5744 conc.
2381 5684 2636 5739 Lateran.
2680 5695 2823 5737 anno
2852 5680 2976 5747 6&9,
3007 5680 3196 5736 multa.
