3976 6388
548 382 682 442 Νη

547 499 672 552 dem
711 495 997 564 episcopos
1023 489 1094 542 ab
1130 487 1466 556 episcopatu,
1496 483 1726 538 clericos
1774 495 1805 533 a
1847 479 2016 533 clero.
2056 473 2114 529 Si
2142 485 2192 536 Α

549 587 714 658 609
736 599 864 639 vero
897 580 1171 644 monachi,
1205 587 1298 632 aut
1333 574 1453 630 laici
1501 575 1735 635 fuerint,
1771 571 2116 626 anathemate

555 677 722 731 feriri.
755 675 1100 726 Protestatur
1142 669 1288 724 enim
1326 666 1519 720 beatus
1548 662 1861 733 Apostolus,
1891 661 2110 714 dicens:

552 767 612 818 Si
637 764 754 833 quis
807 769 1006 822 certat,
1032 775 1133 812 non
1186 765 1491 821 coronatur,
1539 753 1640 807 nisi
1693 752 1918 822 legitime
1951 758 2116 802 certa-

552 857 680 908 verit
711 854 774 907 ¹⁹.
807 853 872 906 Et
905 852 1100 906 iterum
1155 849 1416 902 Dominus
1448 847 1524 899 ait
1551 862 1563 897 :
1601 845 1706 911 Qui
1731 854 1904 896 autem
1944 857 2118 910 perse-

554 945 804 998 veraverit
827 959 988 1012 usque
1016 943 1070 996 in
1091 942 1270 1010 ﬁnem,
1301 939 1384 991 hic
1424 936 1598 992 salsus
1621 937 1720 989 erit
1755 936 1821 989 ὀ.
1855 933 2119 988 Videlicet

553 1033 945 1088 certaminibus
969 1030 1141 1084 sacris
1159 1028 1450 1098 propositis
1471 1027 1647 1091 nobis,
1681 1041 1778 1095 pro
1805 1023 2120 1080 defensione

553 1127 835 1180 catholicae
866 1123 1141 1186 Ecclesiae,
1169 1137 1469 1193 magnaque
1493 1121 1666 1174 salute
1684 1135 1750 1172 ex
1780 1117 1882 1172 hoc
1903 1125 2120 1188 sperata

557 1218 625 1272 ab
652 1218 893 1270 omnium
923 1215 1186 1268 bonorum
1209 1213 1397 1267 datore
1419 1212 1547 1273 Deo,
1582 1227 1692 1266 non
1721 1209 1973 1265 deﬁciant
2002 1224 2120 1263 ma-

557 1322 662 1361 nus
687 1314 912 1369 nostrae,
937 1304 1278 1358 dilectissimi
1301 1302 1518 1367 fratres,
1545 1317 1638 1372 per
1660 1303 2002 1356 occasionem
2027 1316 2126 1353 cu-

553 1398 780 1467 juslibet
813 1396 1039 1450 desidiae
1091 1395 1406 1457 dissolutae,
1439 1393 1533 1448 sed
1590 1391 1788 1448 fratres
1829 1392 2124 1447 elliciamur

559 1506 656 1559 per
677 1489 907 1560 gratiam
932 1487 1165 1549 Domini,
1197 1495 1362 1556 atque
1387 1487 1640 1540 virtutem
1674 1485 1926 1555 potentiae
1959 1485 2080 1554 ejus
2106 1501 2118 1536 :

562 1581 828 1646 Quoniam
850 1579 1063 1648 perfecit
1089 1580 1236 1650 pedes
1285 1591 1495 1634 nostros
1547 1588 1797 1648 tanquam
1826 1593 2122 1640 cervorum,

559 1684 609 1727 et
641 1689 796 1742 super
819 1672 1025 1726 excelsa
1055 1672 1263 1726 ﬁrmius
1317 1670 1508 1726 statuit
1539 1669 1587 1702 ¹¹
1607 1709 1622 1733 ,
1661 1684 1757 1738 per
1791 1668 2125 1723 intellectum

538 1775 787 1820 summa:
801 1765 922 1834 ejus
957 1763 1310 1817 humanitatis
1343 1770 1566 1832 propter
1597 1771 1840 1817 nostram
1871 1762 2124 1824 salutem,

1637 365 1694 420 S.
1737 357 2200 419 ATHA‘SASIUS.
2235 381 2308 396 --
2343 349 2613 409 SPURIA.

3641 332 3774 388 M71

2220 478 2371 526 sunt.
2409 466 2688 534 Scriptum
2727 467 2814 516 est
2848 457 2993 514 enim
3021 457 3074 510 in
3119 451 3360 508 Ieremia
3391 465 3406 501 :
3442 444 3779 502 Probatoren

2219 562 2344 616 dedi
2374 571 2422 614 te
2451 561 2503 612 in
2537 555 2729 625 populo
2753 568 2864 606 meo
2895 548 3186 612 robustum,
3221 554 3272 599 et
3303 543 3438 596 scies
3465 551 3517 594 et
3542 538 3780 610 probabis

2221 653 2360 705 viam
2388 663 2570 704 eorum
2601 646 2668 696 ’⁷.
2705 641 2868 696 Multa
2905 652 3130 706 namque
3173 633 3334 689 nobis
3363 629 3678 686 necessaria
3703 635 3784 684 est

2221 741 2524 813 vigilantia,
2552 745 2608 792 et
2657 743 2810 790 tanta
2841 731 3038 786 divinae
3078 726 3360 798 sapientiae
3401 715 3646 786 rimatio,
3675 734 3787 790 (ιιικ

2222 811 2438 888 occulta
2489 828 2844 886 tenebrarum
2884 823 3087 878 revelat
3129 818 3198 872 ad
3234 814 3656 886 requisitionem
3695 811 3788 865 hu-

2219 925 2463 999 jusmodi
2483 927 2581 990 rei,
2607 932 2660 976 et
2680 919 3090 977 scrutationem,
3105 929 3225 984 qua:
3249 912 3382 966 latet
3392 905 3788 978 quodammodo

2224 1026 2278 1072 et
2301 1013 2676 1076 absconditur,
2711 1009 2909 1077 vixque
2947 999 3449 1074 comprehenditur,
3481 999 3676 1052 dolosa
3703 1013 3790 1052 ex-

2227 1110 2429 1165 sistens
2478 1102 2708 1164 malitia,
2747 1115 2846 1170 pro
2882 1113 2952 1154 eo
2978 1095 3121 1166 quod
3158 1093 3264 1148 sibi
3299 1093 3564 1162 pietatem
3608 1087 3796 1142 callide

2227 1197 2562 1258 blandiatur,
2603 1203 2660 1248 ut
2696 1193 2871 1246 valeat
2909 1184 3273 1244 scrutantium
3316 1190 3561 1236 mentem
3607 1179 3792 1232 latere.

2228 1289 2384 1357 Quod
2407 1289 2596 1357 utique
2617 1285 2800 1339 sciens
2826 1283 3015 1336 beatus
3042 1275 3360 1348 Apostolus,
3380 1273 3458 1326 ait
3486 1287 3504 1323 :
3537 1269 3680 1323 Nam
3707 1270 3796 1321 hu-

2220 1383 2462 1455 jusmodi
2488 1376 2932 1451 pseudoapostoli,
2975 1383 3024 1428 et
3051 1371 3278 1441 operarii
3323 1367 3562 1430 subdoli,
3589 1362 3797 1431 transfi-

2230 1485 2422 1547 garant
2453 1491 2508 1529 se
2557 1473 2613 1526 in
2644 1467 2909 1539 apostolos
2939 1464 3140 1521 Clu-isti
3174 1465 3240 1517 ’⁸.
3271 1459 3382 1516 Sed
3419 1475 3534 1514 non
3583 1458 3796 1520 mirum,

2231 1565 2491 1636 quoniam
2528 1569 2581 1617 et
2607 1562 2715 1630 ipse
2745 1557 2977 1614 Satanas
3012 1553 3362 1624 transfigurat
3389 1566 3447 1604 se
3475 1548 3619 1604 velut
3653 1562 3799 1617 ange-

2233 1657 2314 1711 lus
2342 1656 2474 1709 lucis
2502 1656 2572 1708 ”.
2606 1651 2671 1704 Et
2702 1651 2822 1705 ideo
2853 1664 2960 1702 non
2978 1647 3179 1702 mirum
3201 1645 3249 1700 si
3277 1659 3389 1698 non
3423 1641 3668 1695 ministri
3688 1639 3798 1706 ejus

2235 1746 2716 1816 transﬁgurantur,
2768 1742 2915 1796 velut
2968 1735 3201 1792 ministri
3253 1733 3512 1804 justitiae,
3549 1729 3798 1802 quoniam

563 1855 798 1909 maxime
841 1862 1018 1910 tamen
1049 1854 1311 1908 habentes
1359 1851 1664 1920 impositam
1709 1861 2022 1907 sanctorum
2051 1860 2132 1906 te-
2164 1823 2202 1875 Β
2235 1841 2358 1894 [illis
2413 1836 2712 1893 secundm“
2745 1847 2909 1902 ope”
2951 1844 3163 1885 θοιύηι·
3349 1833 3428 1920 εί-
3460 1823 3800 1920 ξλξωίηυεὶίη

565 1947 730 2001 stium
754 1946 949 2000 nubem
974 1963 986 1998 :
1016 1944 1335 2010 Deponentes
1364 1959 1486 2013 ergo
1519 1957 1668 1997 omne
1688 1941 1914 2009 pondus,
1941 1950 1991 1994 et
2021 1942 2129 1994 cir-

563 2046 908 2090 cumstantem
933 2035 1357 2089 adversariorum
1381 2036 1682 2098 novitatem,
1707 2049 1798 2102 per
1821 2035 2131 2102 patientiam

565 2143 840 2180 curramus
869 2128 1176 2194 aspicientes
1207 2127 1258 2180 in
1309 2136 1573 2180 auctorem
1626 2126 1770 2195 ﬁdei,
1802 2135 1851 2179 et
1886 2141 2132 2179 consum-

565 2227 820 2271 matorem
857 2216 1038 2270 Iesum
1054 2219 1122 2278 υ.
1145 2219 1262 2287 qui,
1291 2219 1570 2287 proposito
1587 2217 1743 2272 nobis
1765 2227 1984 2286 propter
2007 2232 2131 2271 eum

564 2311 802 2380 negotio,
828 2307 1091 2378 Spit-itum
1127 2324 1242 2366 suae
1263 2308 1505 2365 veritatis
1531 2309 1800 2364 condonet
1827 2311 2134 2378 loquentem

566 2403 622 2454 in
676 2403 872 2463 nobis,
919 2410 1082 2472 atque
1136 2401 1512 2470 perhibentem
1553 2401 1820 2470 magnalia
1865 2399 2007 2464 ﬁdei,
2041 2413 2136 2467 per

566 2489 874 2544 doctrinam
907 2498 1222 2546 sanctorum
1257 2489 1501 2552 Patrum,
1544 2502 1682 2558 quos
1721 2487 2018 2542 adversarii
2050 2503 2137 2541 ca-

567 2579 904 2632 lumniantur
931 2580 1190 2649 quotidie.
1213 2582 1267 2632 In
1292 2579 1566 2648 prophetis
1595 2594 1828 2646 namque
1861 2579 2091 2632 habetur
2116 2600 2127 2633 :

566 2667 789 2737 Propter
812 2669 942 2724 Sion
967 2686 1068 2723 non
1107 2669 1306 2731 tacebo,
1361 2679 1412 2724 et
1475 2679 1684 2738 propter
1714 2666 2010 2723 Jerusalem
2033 2686 2135 2722 non

566 2757 851 2827 quiescam,
881 2756 1042 2810 donec
1075 2757 1376 2828 egrediatur
1414 2768 1470 2810 ut
1495 2756 1742 2826 splendor
1777 2755 1965 2810 Justus
1997 2757 2132 2825 ejus,

567 2855 615 2899 et
656 2845 908 2901 Salvator
953 2848 1066 2916 ejus
1107 2857 1164 2900 ut
1201 2848 1404 2915 lampas
1431 2846 1752 2900 accendatur
1778 2847 1844 2900 ³³.
1883 2846 2136 2902 Profecto

568 2938 838 2993 catholica
869 2939 1132 3000 Ecclesia,
1163 2955 1284 3009 quae
1306 2955 1430 2994 vera
1459 2941 1712 2993 consistit
1737 2936 1890 3004 Sion,
1919 2946 1972 2991 et
2003 2939 2138 2993 civi-

571 3039 654 3085 tas
679 3030 881 3085 Christi
919 3033 1184 3086 caelorum
1220 3031 1385 3101 regis,
1415 3047 1512 3101 per
1531 3045 1798 3084 annorum
1846 3030 2020 3098 spatia
2049 3044 2138 3083 ex-

569 3130 807 3192 pugnata
849 3123 920 3176 ab
965 3122 1383 3176 adversantibus
1430 3122 1597 3176 verbo
1651 3119 1910 3190 fidei,qui
1959 3135 2136 3190 neque

571 3212 742 3267 Deum
771 3214 981 3272 timent,
1015 3229 1193 3283 neque
1244 3213 1516 3268 hominem
1547 3222 1886 3277 reverentur,
1925 3212 2018 3267 sed
2052 3212 2137 3266 in—

572 3317 790 3357 cassum
845 3302 1270 3371 perducentibus
1321 3303 1438 3372 pias
1489 3312 1540 3358 et
1563 3303 1858 3357 canonicas
1911 3302 1980 3357 de
2033 3302 2138 3357 hoc

575 3391 738 3446 Verbo
770 3392 1072 3458 doctrinas,
1105 3389 1237 3445 dum
1271 3407 1301 3445 a
1327 3392 1560 3447 diversis
1591 3392 1869 3462 tantisque
1911 3393 2136 3462 scripto,

572 3490 626 3537 et
654 3483 772 3538 sine
828 3483 1074 3554 scripto,
1128 3484 1616 3539 contestationibus
1655 3484 1862 3538 invitati
1909 3483 2141 3540 fuissent

571 3575 850 3645 corrigere
871 3577 1147 3646 propriam
1181 3584 1232 3631 et
1260 3592 1290 3629 a
1318 3592 1375 3632 se
1409 3576 1610 3646 pellere
1657 3575 1926 3630 haeresim.
1958 3576 2134 3632 Sicuti

571 3675 628 3722 et
669 3682 766 3737 per
793 3669 1122 3723 anteriorem
1157 3668 1525 3738 cognitionem
1554 3668 1892 3724 luculentius
1918 3667 2143 3722 demon-

574 3771 804 3816 stratum
826 3773 931 3824 est,
961 3769 1070 3814 tam
1100 3777 1197 3830 per
1231 3761 1462 3827 libellos,
1497 3776 1662 3830 quam
1707 3777 1802 3831 per
1839 3761 2145 3830 suggestio-

573 3868 672 3908 nes
712 3853 1293 3909 reverendissimorum
1343 3853 1722 3918 sacerdotum,
1762 3861 1817 3908 et
1855 3853 2142 3907 venerabi-

573 3943 706 3998 lium
759 3945 1040 4009 abbatum,
1076 3942 1338 4014 Apostolo
1371 3954 1705 4014 protesmnte
1745 3943 1925 4008 nobis,
1967 3953 2022 3997 ut
2051 3943 2146 3998 ho-

575 4037 768 4090 minem
789 4036 1110 4099 Inereticum,
1136 4046 1251 4104 post
1283 4037 1512 4104 primum
1547 4045 1596 4090 et
1628 4035 1912 4091 secundam
1937 4053 2146 4106 correp-

577 4129 792 4191 tionem,
823 4129 1017 4182 evitare
1063 4129 1364 4183 debeamus.
1417 4127 1681 4191 Scientes,
1707 4129 1834 4201 quia
1869 4129 2144 4184 subversas

576 4229 654 4274 est
683 4219 1006 4288 Itujusmodi,
1038 4230 1085 4273 et
1121 4219 1340 4290 deliquit
1363 4223 1576 4290 proprio
1599 4221 1805 4289 judicio
1829 4221 2144 4274 condemna-

580 4321 662 4365 tus
681 4311 761 4364 "‘?
783 4309 942 4366 Nullo
973 4312 1134 4365 modo
1159 4321 1373 4381 oportet
1402 4329 1502 4368 nos
1541 4313 1800 4384 deinceps
1831 4321 2011 4368 tacere
2053 4321 2147 4366 aut

578 4405 880 4474 quiescere,
912 4419 980 4458 ne
1020 4419 1239 4474 quoquo
1276 4403 1436 4456 modo
1459 4405 1986 4474 iniquijudicemur,
2027 4405 2145 4460 odi-

2231 1931 2336 1986 hoc
2358 1925 2724 1998 pmmuniens
2752 1939 2876 1988 nos,
2909 1921 2983 1974 ait
3009 1918 3308 1973 :Auendite
3341 1932 3374 1968 a
3401 1913 3564 1982 falsis
3591 1910 3798 1980 prophe-

2234 2024 2324 2084 tis,
2347 2021 2436 2091 qui
2458 2018 2669 2073 vsniunt
2691 2015 2760 2069 ad
2793 2031 2881 2069 eos
2915 2013 2972 2065 in
3003 2013 3307 2065 uestimento
3337 2008 3541 2070 ovium,
3563 2003 3800 2058 intrinse-

2232 2130 2323 2168 cus
2347 2122 2524 2165 autem
2555 2117 2678 2164 sunt
2707 2107 2815 2174 lupi
2847 2119 3084 2172 rapaces.
3108 2103 3150 2154 Α
3189 2099 3458 2169 fructibus
3489 2113 3674 2152 eorum
3719 2109 3801 2150 co-

2231 2203 2492 2276 gnoscetis
2521 2217 2608 2256 eos
2633 2200 2700 2253 ³⁸.
2731 2197 2870 2267 Ergo
2895 2196 2951 2250 in
2979 2195 3214 2264 idipsum
3244 2208 3310 2246 es
3354 2198 3474 2244 toto
3505 2189 3674 2244 corde
3730 2186 3799 2243 fe-

2235 2304 2418 2352 rentes
2442 2300 2569 2347 ante
2596 2291 2780 2345 omnia
2825 2303 2990 2358 super
3017 2286 3112 2340 tali
3137 2284 3447 2356 quaestione
3476 2281 3804 2352 deprecatio-

2234 2402 2382 2449 nem,
2407 2393 2461 2440 et
2512 2385 2758 2438 dicentes
2792 2397 2916 2436 cum
2952 2377 3158 2432 David:
3205 2375 3398 2430 Ret-cla
3435 2373 3625 2427 oculos
3654 2387 3800 2434 meas,

2231 2489 2282 2534 et
2310 2475 2654 2532 considerabo
2678 2471 2950 2528 mirabilia
2979 2471 3044 2523 de
3087 2469 3196 2539 lege
3231 2478 3346 2522 tua.
3379 2465 3632 2520 Lucerna
3675 2465 3805 2518 enim

2232 2572 2447 2640 pedibus
2480 2571 2606 2623 meis
2645 2567 2852 2621 verbum
2885 2575 3051 2627 tuum,
3072 2561 3314 2621 Domine,
3335 2571 3387 2614 et
3419 2559 3602 2612 lumen
3623 2557 3807 2611 semitis

2238 2665 2362 2718 meis
2392 2664 2456 2728 ³³,
2491 2661 2749 2732 quoniam
2800 2658 2974 2728 ipsius
3003 2663 3116 2719 est,
3150 2660 3296 2708 sicut
3333 2653 3413 2706 ait
3463 2652 3665 2705 beatus
3697 2647 3806 2700 Da-

2237 2756 2344 2810 niel
2375 2754 2674 2824 pr0pbeta:
2707 2749 2980 2819 Sapientia
3007 2757 3058 2800 et
3095 2744 3353 2814 fortitudo
3379 2743 3476 2797 dat
3505 2743 3806 2811 sapientiam

2237 2845 2586 2915 sapientibus,
2617 2854 2666 2897 et
2695 2842 2970 2896 scientiam
3007 2835 3424 2908 intelligentibus
3453 2835 3806 2902 disciplinam.

2240 2938 2360 3007 Ipse
2388 2938 2582 2992 revelat
2608 2931 2874 3005 profunda
2897 2939 2949 2986 et
2977 2929 3312 2992 abscondita,
3341 2938 3394 2980 et
3424 2927 3571 2980 norit
3602 2927 3655 2978 in
3686 2934 3809 2978 terte-

2238 3031 2345 3084 bris
2374 3030 2680 3089 constituta,
2703 3035 2751 3081 et
2776 3026 2868 3078 tua:
2901 3040 3020 3078 cum
3052 3039 3112 3077 eo
3145 3030 3244 3076 est.
3291 3019 3436 3086 Quia
3483 3017 3810 3086 sapientiam,

2240 3122 2440 3190 inquit,
2473 3129 2524 3174 et
2574 3116 2940 3186 fortitudinem
2989 3113 3183 3168 dedisti
3237 3110 3410 3174 mihi,
3449 3120 3504 3164 et
3549 3106 3812 3163 ostendisti

2241 3215 2389 3278 mihi,
2419 3229 2536 3282 quia
2562 3211 2738 3282 rogavi
2771 3221 2821 3263 te
2855 3209 2921 3262 ³⁸.
2947 3207 3083 3262 Cum
3121 3221 3224 3275 ope
3241 3203 3430 3258 divina
3467 3201 3816 3268 uniuscujus-

2239 3320 2344 3374 que
2402 3317 2648 3373 persome
2695 3299 2995 3368 descripta,
3047 3311 3238 3351 eorum
3271 3294 3362 3364 qui
3413 3308 3518 3363 pro
3561 3291 3816 3346 novitatis

2239 3405 2548 3449 commento
2597 3392 2840 3447 accusati
2892 3389 2962 3444 de
3009 3387 3305 3442 venerabili
3362 3396 3564 3441 nostro
3624 3385 3817 3440 scrinio

2242 3485 2775 3548 obsecundantibus,
2807 3490 2862 3538 et
2908 3481 3065 3536 nobis
3112 3478 3502 3534 ordinabiliter
3553 3475 3816 3530 offerenti-

2241 3578 2366 3641 bus,
2425 3576 2680 3631 solertius
2727 3573 3102 3634 intendamus,
3151 3571 3229 3624 ita
3277 3579 3338 3622 ut
3387 3571 3483 3638 qui
3538 3571 3658 3624 haec
3695 3583 3818 3638 prae-

2243 3669 2576 3739 sumpserint
2632 3665 3003 3737 praevaricati,
3064 3663 3305 3732 primum
3367 3661 3596 3731 quidem
3646 3661 3818 3728 subj:-

2243 3771 2404 3816 ceant
2445 3761 2654 3830 judicio
2713 3757 2946 3813 terribili
3013 3753 3411 3824 omnipotentis
3458 3752 3580 3815 Dei,
3636 3751 3818 3806 deinde

2245 3860 2424 3907 autem
2472 3851 2912 3922 qualemcunque
2945 3845 3184 3916 regalem
3215 3845 3652 3914 indignationem
3683 3857 3818 3897 reve-

2245 3950 2490 3997 reantur.
2525 3939 2626 3993 Per
2667 3953 2832 4008 quam
2865 3934 3138 4004 siquidem
3185 3931 3456 4000 episcopi,
3505 3941 3604 3984 aut
3646 3929 3816 3984 clerici

2245 4033 2467 4096 fuerint,
2507 4049 2536 4084 a
2569 4031 2655 4085 sui
2711 4026 3025 4092 sacerdotii,
3074 4024 3266 4094 sive'a
3313 4023 3399 4076 sui
3447 4024 3588 4077 cleri
3642 4021 3816 4076 ordine

2249 4128 2428 4183 modis
2455 4127 2712 4180 omnibus
2737 4121 3014 4179 excidant.
3049 4117 3146 4173 Sin
3171 4128 3350 4174 autem
3386 4117 3649 4172 monachi
3681 4125 3813 4174 sunt,

2247 4226 2624 4290 segregentur,
2657 4226 2713 4270 et
2754 4215 2916 4270 alieni
2965 4214 3074 4268 sint
3105 4228 3138 4265 a
3169 4211 3287 4268 suis
3313 4209 3477 4266 locis.
3517 4206 3617 4261 Sin
3654 4218 3815 4261 autem

2247 4311 2590 4381 dignitatem,
2645 4314 2738 4360 aut
2789 4303 3090 4374 cingulum.
3119 4310 3214 4356 aut
3257 4301 3519 4354 militiam
3568 4299 3813 4354 habeant,

2248 4405 2526 4460 nudentur
2567 4401 2668 4455 eis.
2702 4397 2857 4464 Quod
2907 4396 2954 4451 si
2995 4394 3216 4465 privati,
3259 4395 3306 4447 si
3355 4389 3587 4461 quidem
3625 4386 3816 4444 nobiles

579 4494 742 4548 bilem
769 4492 877 4548 Deo
909 4501 1117 4563 partem
1151 4493 1851 4563 amplectentes.Quoniam
1876 4495 2140 4564 scriptum
2179 4491 2218 4545 ἢ
2247 4495 2577 4557 consistunt,
2609 4505 2833 4546 suarum
2881 4485 3313 4544 substantiarum
3362 4481 3813 4552 proscriptionem

577 4594 708 4640 est:
757 4583 937 4640 Zelavi
981 4585 1036 4638 in
1074 4586 1430 4654 peccatoribus
1478 4601 1657 4652 pacem
1697 4596 2026 4654 peccatorum
2077 4587 2152 4640 ri-

575 4677 702 4733 dens
733 4679 798 4734 ".
823 4678 889 4732 Et
917 4679 1133 4734 dicatur
1153 4677 1314 4732 etiam
1350 4677 1416 4732 de
1456 4679 1614 4734 nobis
1651 4696 1666 4733 :
1701 4677 2011 4732 Sacerdotes
2036 4679 2140 4732 mei

577 4777 996 4838 contempserunt
1019 4785 1187 4822 meam
1217 4769 1398 4838 legem,
1429 4778 1479 4822 et
1507 4767 1810 4836 polluerunt
1841 4768 2149 4820 sanctuariu

581 4877 716 4924 mea,
741 4863 876 4914 inter
897 4870 1140 4914 sanctum
1178 4871 1220 4913 et
1245 4859 1525 4928 profanum
1555 4874 1658 4911 non
1679 4857 1904 4912 habuere
1934 4857 2145 4910 distan-

581 4951 732 5012 tiam,
764 4961 812 5005 et
845 4953 980 5006 inter
1024 4951 1286 5020 pollutum
1325 4962 1375 5005 et
1417 4950 1672 5004 mundum
1720 4967 1821 5004 non
1879 4949 2148 5003 intellexe-

580 5053 704 5098 runt
733 5045 799 5098 “.
832 5042 939 5098 Sed
954 5059 1284 5114 consurgere
1309 5058 1410 5098 nos
1428 5042 1685 5098 convenit
1709 5058 1833 5096 cum
1863 5040 1994 5105 Deo,
2018 5055 2150 5096 con-

581 5137 775 5193 sistere
803 5145 1071 5208 prompte,
1109 5137 1400 5192 induentes
1431 5150 1582 5190 arma
1615 5132 1854 5206 Spiritus
1887 5135 2152 5188 adversus

581 5232 946 5301 malignantes
1004 5237 1194 5284 contra
1258 5227 1414 5283 fidem
1465 5228 1624 5297 ejus,
1679 5237 1736 5280 ut
1789 5228 2150 5298 approbemus

585 5319 825 5392 Spiritus
856 5323 1151 5392 sapienter,
1188 5319 1242 5374 id
1267 5329 1375 5383 est,
1412 5323 1578 5375 verba
1607 5335 1820 5382 eorum,
1851 5321 1898 5374 si
1941 5335 2005 5374 ex
2041 5319 2148 5374 Deo

659 5543 702 5576 “
740 5542 779 5596 ll
814 5542 957 5598 Tim.
993 5560 1028 5596 ιι
1056 5584 1070 5602 .
1239 5545 1283 5575 ²⁰
1325 5543 1514 5596 Matth.
1553 5557 1583 5594 Χ
1607 5583 1621 5603 ,
1651 5539 1740 5593 9.2.

589 5627 676 5673 nt,
709 5614 806 5672 10,
839 5613 924 5666 11.
1001 5614 1044 5645 ³⁵
1083 5611 1226 5668 Psal.
1267 5629 1402 5675 uti,
1436 5613 1488 5665 5.
1565 5612 1612 5642 ³⁸
1652 5609 1845 5663 Ezech.
1885 5624 2035 5666 xxii,
2069 5607 2156 5660 ‘26.

593 5681 637 5714 ⁸³
676 5681 864 5736 Matth.
899 5699 1010 5745 vn,
1050 5685 1150 5748 1:5,
1190 5685 1274 5736 lti.
1351 5684 1389 5713 ³¹
1435 5681 1575 5736 Psal.
1615 5696 1800 5739 (τι-(ιιι,
1839 5681 1919 5739 IS,
1964 5677 2080 5729 Ιυῗί.

2249 4587 2550 4656 patiantur.
2618 4581 2712 4636 Sin
2763 4589 2941 4634 autem
2986 4576 3257 4646 ignobiles
3309 4574 3674 4635 consistunt,
3720 4584 3813 4623 non

2251 4681 2428 4736 solum
2460 4679 2516 4732 in
2555 4690 2784 4745 corpore
2825 4673 3200 4733 verberentur,
3241 4669 3338 4723 sed
3390 4668 3597 4722 exsilio
3635 4679 3808 4738 perpe-

2251 4781 2346 4827 tuo
2394 4771 2754 4841 castigentur,
2782 4773 2842 4820 ut
2891 4777 3082 4818 omnes
3117 4762 3312 4814 timore
3352 4757 3451 4812 Dei
3503 4754 3812 4828 compressi.

2251 4869 2306 4918 et
2349 4861 2683 4917 comminata
2727 4857 2806 4912 eis
2835 4855 2998 4924 digna
3033 4850 3300 4922 supplicia
3341 4857 3697 4914 reverentes,
3727 4848 3811 4900 im-

2253 4954 2508 5010 mobilem
2540 4959 2594 5008 et
2626 4952 2746 5006 sine
2783 4947 3096 5002 turbatione
3147 4957 3334 5016 pacem
3370 4953 3694 4996 sanctarum
3733 4939 3810 4993 Dei

2253 5044 2619 5102 Ecclesiarum
2662 5039 2997 5096 custodiant.
3039 5036 3175 5090 Data
3217 5049 3313 5089 VIII
3354 5032 3480 5087 Kal.
3525 5032 3697 5098 Junii,
3728 5032 3812 5084 As-

2252 5135 2427 5205 clepio
2497 5144 2553 5189 et
2614 5130 2852 5186 Dcodato
2906 5124 3307 5182 venerabilibus
3359 5137 3512 5178 coss.
3580 5121 3807 5192 Erplicit.

2254 5225 2438 5282 Gloria
2495 5223 2716 5280 Christo
2757 5219 2884 5275 Jesu
2935 5217 3168 5272 Domino
3221 5222 3434 5270 nostro.
3482 5213 3595 5268 Pax
3657 5212 3807 5266 vobis.

2257 5317 2445 5371 Amen.

1845 5543 1886 5571 "
1914 5537 2059 5592 Psal.
2097 5553 2136 5590 ιι

2237 5575 2243 5592 .
2279 5535 2368 5588 54.
2441 5535 2488 5566 ’⁸
2528 5532 2688 5586 Hebr.
2725 5549 2834 5597 χιι,
2869 5533 2920 5595 1,
2953 5530 3008 5584 2.
3083 5507 3131 5564 ’δ
3167 5529 3272 5585 lsa.
3312 5549 3458 5597 ιιιι,
3497 5532 3550 5586 1.
3639 5530 3681 5562 ’δ
3714 5521 3801 5597 T3.

2235 5606 2276 5635 ’⁷
2317 5603 2516 5658 lcrem.
2553 5605 2642 5672 γιξ,
2675 5602 2763 5655 9.7.
2822 5595 2886 5632 ἠ
2926 5599 2967 5653 ιι
2998 5600 3128 5656 Cor.
3166 5619 3244 5665 ιι.
3281 5605 3366 5659 l5.
3445 5595 3452 5597 ἡ
3483 5604 3530 5636 ³³
3571 5600 3696 5655 ibid.
3728 5595 3798 5654 ίίέ.

2158 5676 2198 5706 ³³
2241 5673 2372 5728 Dan.
2411 5689 2447 5727 ιι
2471 5714 2486 5738 ,
2522 5673 2612 5735 21,
2647 5675 2738 5725 22.
