3976 6388
104 5554 125 5607 ἰ

175 354 307 411 147⁸5

1076 340 1334 399 PONTIF.
1376 338 1540 395 ROTd.
1584 338 1669 391 ET
1712 336 2079 391 ATHANASII
2113 334 2493 392 EPISTOLAS.

3258 338 3397 390 “7-5

652 480 890 551 Epistola
918 476 1284 549 zEgypu'orum
1314 474 1619 544 pontiﬁcum
1647 470 1714 526 ad
1744 472 1966 526 Felicem
1999 471 2062 526 de
2092 470 2513 541 infestationibus
2547 471 2863 525 Arianorum

238 574 606 661 Domino'ter
655 600 976 656 beatissimo
1001 638 1016 662 ,
1065 605 1120 652 et
1175 594 1486 651 honorabili
1540 600 1731 647 sancto
1759 598 1804 653 Α
1833 605 1933 645 nos
1956 606 2152 661 capere
2177 592 2410 661 possint,
2438 590 2548 644 sint
2575 590 2818 654 incensa,
2856 588 3125 659 nobisque
3161 591 3398 647 sublata.

175 698 316 754 Patri
347 694 516 750 Felici
551 699 752 748 sanctae
801 689 948 745 sedis
996 687 1308 757 apostolica:
1350 684 1504 738 urbis
1548 681 1732 736 Romae

174 805 352 862 papae;
398 784 752 847 Athanasius,
775 780 1017 835 universi
1051 777 1456 849 Egyptiorum,
1491 773 1730 827 Thebai-

175 883 297 937 dum
338 889 392 934 et
458 879 749 948 Lihyorum
818 871 1080 943 episcopi,
1128 871 1181 923 in
1232 880 1420 925 sancta
1494 866 1732 921 Alexan-

174 976 325 1029 drina
354 972 558 1043 synodo
589 969 756 1040 gratia
785 967 878 1021 Dei
906 961 1236 1035 congregati.

241 1065 439 1120 Vestro
505 1069 691 1116 sancto
742 1058 1084 1128 suggerimus
1130 1050 1480 1124 apostolatui,
1529 1056 1590 1102 ut
1629 1063 1733 1101 no-

180 1157 299 1219 stri,
334 1168 487 1208 more
518 1151 698 1213 solito,
739 1147 1160 1203 sollicitudinem
1193 1157 1381 1213 gerere
1410 1136 1731 1209 dignemini.

174 1244 322 1311 juxta
377 1247 615 1295 vestram
666 1235 1148 1297 nrudentissimam
1200 1231 1562 1301 sapientiam,
1615 1241 1735 1297 qua:

174 1333 427 1387 omnibus
475 1331 596 1384 luce
637 1329 838 1387 clarius
871 1326 1161 1381 manifesta
1208 1331 1312 1387 est,
1350 1322 1477 1391 quia
1516 1329 1735 1390 aposto-

176 1425 293 1480 licis
342 1433 525 1478 vestra
570 1421 845 1476 beatitudo
889 1418 1189 1472 visceribus
1231 1422 1524 1475 commota,
1558 1427 1736 1481 super

177 1515 527 1570 tribulatione
557 1522 765 1574 nostra,
802 1525 901 1566 nos
928 1524 1119 1564 onmes
1151 1508 1368 1561 hortata
1402 1512 1487 1559 est
1524 1503 1590 1556 ad
1628 1502 1735 1555 tui-

176 1606 377 1659 tionem
415 1604 699 1657 catholicm
723 1609 775 1657 et
806 1600 1120 1670 apostolica:
1152 1596 1427 1658 Ecclesiae,
1466 1594 1518 1647 in
1563 1609 1733 1647 unum

173 1692 487 1755 convenire,
522 1699 576 1744 et
617 1691 683 1745 de
733 1697 925 1744 nostra
966 1688 1229 1742 canonice
1271 1684 1626 1755 oppressione
1681 1689 1735 1737 et

173 1783 503 1837 unanimiter
525 1790 775 1844 tractare,
795 1780 923 1834 dum
946 1786 1160 1834 constat
1184 1792 1283 1831 nos
1305 1792 1411 1830 una
1430 1790 1552 1829 cum
1577 1773 1736 1828 beato

173 1874 342 1933 Paulo
365 1874 613 1945 apostolo
646 1873 832 1927 eadem
867 1870 1321 1941 compassibiliter
1350 1867 1571 1922 dicere:
1604 1864 1734 1929 Quis

1835 680 1951 747 Qua
2004 681 2072 735 de
2120 698 2180 735 re.
2233 681 2334 736 hac
2390 682 2607 735 inventa
2663 682 2972 745 occasione,
3033 681 3404 738 intliﬁerenter

1833 773 1983 826 omni
2038 773 2302 826 canonica
2349 780 2404 827 et
2451 772 2747 842 apostolica
2800 773 3103 842 postposita
3162 774 3404 827 auctori-

1834 871 1963 927 tate,
2011 879 2113 917 nos
2164 864 2217 919 vi
2267 878 2296 915 a
2338 863 2595 932 propriis,
2642 862 2797 916 vobis
2834 863 3181 920 inconsultis.
3215 863 3402 917 illicite

1832 954 2110 1022 expellunt
2145 954 2390 1015 sedibus,
2414 968 2652 1021 ovesque
2687 952 2845 1007 nobis
2876 968 2905 1004 a
2928 952 3149 1007 Christo
3173 952 3401 1007 Domino

1838 1046 2136 1114 apostolica
2185 1046 2509 1100 commissas
2559 1045 2767 1114 gratia,
2822 1045 3106 1108 invadunt,
3143 1046 3402 1115 gradibus

1836 1136 2049 1204 privant
2083 1150 2105 1184 ε.
2128 1141 2180 1188 et
2218 1136 2361 1203 quod
2402 1138 2697 1204 pessimum
2739 1143 2843 1195 est.
2877 1143 2930 1189 et
2967 1136 3220 1191 omnibus
3243 1136 3403 1189 Chri-

1836 1227 2030 1282 stianis
2078 1227 2287 1296 legibus
2361 1227 2640 1280 inimicum
2668 1267 2683 1287 ,
2749 1227 3053 1282 interﬁcere
3099 1228 3403 1281 decertant.

1842 1317 1946 1371 Vos
1973 1332 2102 1386 ergo
2130 1326 2189 1370 ut
2218 1333 2435 1386 semper
2468 1327 2659 1372 vestrm
2685 1319 2798 1372 sedi
2840 1328 3043 1372 saneta:
3069 1321 3406 1374 consuetudo

1836 1409 1958 1471 fuit,
2000 1409 2437 1479 periclitantibus
2469 1411 2777 1473 subvenite,
2809 1426 3102 1481 oppressos
3129 1411 3403 1474 roborato,

1836 1501 2114 1556 tribulatis
2146 1516 2370 1555 manum
2412 1502 2694 1571 porrigite,
2743 1503 2977 1572 taliaque
3022 1504 3324 1572 prohibete.
3354 1511 3410 1559 ct

1839 1594 1986 1657 leges
2018 1593 2301 1662 imponite,
2343 1601 2401 1646 ut
2434 1593 2734 1663 apostolica
2767 1594 3037 1657 doctrina,
3068 1611 3188 1663 quae
3214 1596 3265 1648 in
3301 1595 3410 1650 Deo

1836 1694 1955 1748 est,
2009 1686 2118 1739 cito
2171 1685 2237 1739 ad
2289 1685 2556 1740 victorum
2595 1686 2860 1755 judicium
2898 1686 3194 1755 perducere
3234 1689 3412 1744 valeat

1838 1785 2110 1839 nostrum,
2149 1792 2361 1846 nosque
2388 1778 2762 1845 apostolorum
2794 1777 3037 1846 principe
3081 1776 3414 1847 suﬁragante

1840 1868 2025 1928 Petro,
2076 1869 2145 1922 ab
2168 1867 2578 1922 imminentibus
2604 1868 2857 1937 periculis
2882 1868 3114 1923 liberare
3145 1868 3278 1935 (48).
3312 1869 3416 1923 Νι)-

173 1968 500 2035 in/irmatur,
533 1974 581 2018 et
620 1980 711 2034 ego
758 1979 861 2016 non
904 1963 1190 2031 iuﬁrmor?
1237 1958 1367 2025 Quis
1405 1954 1738 2010 scandaliza-
1773 1949 1813 2003 Β
1846 1961 2021 2015 vimus
2058 1974 2291 2029 namque
2329 1959 2384 2012 in
2411 1958 2525 2027 jam
2555 1957 2666 2012 fata
2716 1958 2931 2013 Nicena
2955 1960 3164 2030 synodo
3185 1976 3415 2031 genera-

173 2068 276 2120 tur,
312 2066 361 2111 et
382 2072 474 2126 ego
508 2072 609 2108 non
640 2071 763 2107 uror
778 2053 857 2106 ³³⁸2
890 2051 1229 2123 Satagentes,
1265 2066 1331 2104 ne
1356 2050 1534 2119 aliqua
1559 2048 1624 2103 de
1653 2049 1740 2113 iis,

172 2164 290 2216 quae
336 2146 493 2200 vobis
543 2145 764 2200 creditae
808 2150 937 2198 sunt
989 2139 1404 2196 rationabilibus
1447 2139 1661 2200 ovibus,
1711 2152 1742 2190 a

171 2240 360 2294 bestiis
394 2239 660 2307 capiatur.
695 2236 839 2299 ldeo,
872 2235 1030 2288 Pater
1056 2231 1393 2292 beatissime,
1423 2231 1549 2299 quia
1600 2244 1744 2282 sem-

170 2347 266 2401 per
296 2338 679 2384 antecessores
709 2327 906 2388 nostri,
935 2333 989 2381 et
1024 2339 1126 2380 nos
1151 2339 1180 2377 a
1216 2331 1396 2377 vestra
1445 2321 1742 2390 apostolica

174 2432 366 2479 sancta
414 2422 544 2475 sede
577 2418 839 2472 auxilium
870 2416 1176 2479 hausimus,
1207 2421 1256 2468 et
1290 2411 1464 2467 nostri
1504 2426 1602 2466 vos
1644 2410 1742 2463 ha-

170 2514 303 2569 bere
334 2527 525 2566 curam
571 2510 855 2575 novimus,
889 2506 1168 2578 prtel'atam
1198 2505 1361 2576 610
1390 2502 1741 2573 apostolicam

172 2615 226 2660 et
269 2606 545 2658 summam
605 2600 928 2670 expetimus,
977 2598 1131 2666 juxta
1184 2611 1453 2650 canonum
1502 2594 1740 2656 decreta,

172 2696 380 2759 sedem,
420 2701 480 2747 ut
526 2680 652 2747 inde
696 2689 961 2744 auxilium
1010 2688 1312 2758 capiamus,
1346 2684 1488 2740 unde
1529 2683 1742 2755 praede-

170 2799 426 2842 cessores
474 2782 649 2837 nostri
699 2780 1076 2836 ordinationes
1130 2785 1184 2833 et
1238 2776 1524 2846 dogmata,
1583 2784 1743 2844 atque

171 2877 580 2934 sublevationes
629 2880 931 2927 traxerunt.
967 2870 1047 2925 Ad
1077 2885 1195 2926 eam
1228 2885 1442 2938 quoque
1487 2869 1643 2937 quasi
1676 2867 1745 2921 ad

171 2979 402 3022 matrem
454 2965 812 3024 recurrimus,
850 2973 906 3014 ut
953 2963 1072 3030 ejus
1107 2959 1364 3014 uberibus
1415 2959 1739 3023 nutriamur,

170 3058 434 3130 quoniam
463 3070 570 3109 non
599 3063 774 3124 potest
793 3060 967 3107 mater
992 3050 1241 3106 oblivisci
1273 3049 1531 3137 infantem
1560 3064 1740 3103 suum.

169 3151 267 3207 Sic
301 3159 360 3205 et
392 3164 489 3203 vos
530 3148 697 3201 nolite
741 3144 987 3199 oblivisci
1041 3158 1142 3197 nos
1193 3143 1346 3197 vobis
1396 3143 1739 3195 commissos.

171 3243 447 3309 Quoniam
499 3255 610 3293 non
662 3238 875 3291 levibus
929 3250 1030 3289 nos
1076 3233 1284 3288 inimici
1333 3232 1508 3286 nostri
1567 3229 1741 3300 impli-

169 3339 433 3394 cuerunt,
456 3339 510 3385 et
526 3327 768 3399 quotidie
800 3326 976 3380 facere
999 3325 1299 3380 moliuntur
1332 3322 1737 3384 amictionihus,

169 3432 225 3479 et
259 3420 707 3493 apprehendere,
737 3434 801 3473 ac
837 3417 948 3488 (47)
986 3414 1145 3472 ferris
1175 3432 1275 3471 nos
1304 3413 1600 3484 constringi
1636 3413 1739 3465 mi-

172 3522 399 3579 nantur,
439 3511 547 3567 nisi
579 3526 769 3565 eorum
812 3510 1221 3564 consentiamus
1253 3507 1553 3568 erroribus,
1598 3503 1741 3574 quod

171 3619 523 3676 nequaquam
558 3601 714 3656 vobis
756 3601 1083 3654 inconsultis
1137 3614 1295 3669 agere
1344 3596 1740 3667 prmsumimus.

170 3699 498 3754 Canonibus
533 3696 731 3765 quippe
751 3694 1072 3763 jubentibus
1103 3693 1313 3762 absque
1345 3691 1590 3744 Romano
1616 3704 1748 3758 pon-

171 3793 325 3846 tiﬁce
378 3805 485 3844 nos
513 3788 580 3842 de
618 3786 919 3855 majoribus
956 3787 1138 3839 causis
1167 3784 1300 3838 nihil
1339 3782 1534 3837 debere
1565 3781 1747 3836 decer-

169 3897 325 3936 nere.
373 3877 614 3947 Ideoque
661 3876 725 3929 ad
778 3875 1115 3945 propositum
1164 3878 1528 3934 recurrentes,
1577 3881 1627 3924 et
1681 3871 1745 3923 ad

170 3973 430 4028 bravium
484 3980 860 4039 properantes,
897 3982 1090 4021 vesme
1125 3965 1435 4035 apostolica:
1473 3964 1617 4018 sedis
1648 3963 1749 4016 im-

171 4065 462 4135 ploramus
506 4061 790 4114 auxilium.
828 4059 997 4125 Quia,
1040 4064 1098 4111 ut
1144 4058 1437 4113 credimus.
1498 4071 1605 4108 non
1653 4055 1747 4107 de-

171 4153 361 4224 spexit
394 4150 542 4205 Deus
572 4164 763 4218 preces
797 4164 922 4201 eum
956 4147 1209 4217 lacrymis
1256 4146 1357 4199 sibi
1396 4146 1605 4200 oblatas
1635 4161 1749 4199 ser-

172 4259 372 4297 vorum
415 4256 661 4305 suorum,
710 4240 803 4295 sed
859 4241 929 4295 ob
978 4240 1031 4294 id
1080 4254 1178 4295 vos
1216 4238 1751 4310 prmdecessoresque

169 4344 419 4400 vestros,
462 4332 794 4403 apostolicos
842 4330 1091 4385 videlicet
1136 4333 1395 4401 prmsulcs
1440 4331 1495 4385 in
1528 4332 1752 4386 summi-

169 4430 310 4484 tatis
341 4442 472 4481 arce
516 4424 823 4487 constituit,
868 4424 1217 4493 omniumque
1259 4422 1624 4478 Ecclesiarum
1656 4440 1752 4478 cu-

170 4536 295 4574 ram
324 4517 529 4573 habere
559 4517 835 4587 prtecepit,
870 4523 929 4568 ut
964 4516 1121 4571 nobis
1147 4516 1504 4581 succurratis,
1541 4533 1753 4587 nosque

1843 2051 1963 2104 liter
2012 2066 2134 2105 esse
2180 2051 2496 2114 decretum,
2540 2056 2601 2103 ut
2648 2052 2830 2104 nullus
2887 2054 3113 2120 passim,
3170 2068 3414 2122 vageque

1842 2144 2147 2212 episcopos,
2178 2150 2273 2195 aut
2302 2143 2686 2212 praesumptive
2718 2144 2980 2207 lacerare,
3009 2152 3102 2197 aut
3132 2158 3411 2208 accusare,

1841 2242 1897 2288 et
1957 2234 2050 2303 qui
2098 2249 2207 2287 non
2256 2241 2385 2287 sunt
2435 2243 2597 2287 rectm
2646 2232 2770 2287 ﬁdei
2812 2234 2894 2287 vel
2939 2234 3095 2287 boum
3140 2234 3284 2302 vitae,
3329 2236 3414 2289 vel

1842 2325 2005 2379 clara:
2069 2324 2544 2387 conversationis,
2600 2324 2868 2379 infamare
2938 2337 3250 2395 prasumat.
3307 2326 3413 2382 Sed

1843 2416 1999 2485 prius
2029 2417 2073 2470 si
2106 2431 2233 2486 erga
2264 2416 2571 2485 episcopos,
2603 2415 2686 2470 vel
2703 2424 2957 2470 auctores
2982 2419 3237 2473 Ecclesiae
3258 2420 3415 2489 quis-

1840 2524 2004 2579 quam
2051 2523 2274 2563 causam
2316 2506 2588 2569 habuerit,
2641 2523 2736 2562 eos
2786 2523 2909 2561 cum
2960 2511 3227 2565 cbaritate
3258 2527 3414 2566 nien-

1844 2608 1996 2657 suete
2043 2600 2359 2661 conveniat,
2420 2607 2479 2651 ut
2532 2599 2601 2652 ab
2645 2599 2725 2653 eis
2785 2601 2985 2654 vulnus
3035 2603 3176 2656 unde
3216 2605 3412 2673 agitur,

1842 2699 1989 2745 recte
2019 2698 2262 2743 sanetur.
2305 2688 2414 2740 Aut
2460 2687 2594 2755 ipse,
2623 2689 2667 2742 si
2691 2704 2850 2744 secus
2892 2692 3087 2758 egerit,
3124 2703 3416 2747 aceusator

1842 2785 2367 2841 excommunicetur.
2397 2783 2549 2849 Quod
2590 2783 2634 2836 si
2667 2784 2736 2837 ab
2768 2785 2847 2838 eis
2890 2785 3022 2837 nihil
3056 2793 3202 2840 recte
3231 2787 3417 2842 value-

1843 2879 1914 2931 rit
1948 2877 2245 2948 percipere,
2280 2884 2409 2927 tunc
2443 2875 2619 2943 primo
2651 2889 2896 2928 summos
2933 2874 3093 2928 adeat
3130 2875 3410 2944 primates,

1843 2976 1897 3022 et
1937 2968 2037 3036 ipsi
2087 2976 2327 3035 tempore
2373 2980 2615 3035 congruo
2668 2966 2933 3019 canonice
2978 2980 3074 3020 eos
3109 2981 3415 3023 convocare

1843 3060 2138 3115 debebunt.
2171 3056 2273 3123 Qui
2320 3057 2365 3111 si
2402 3064 2496 3110 aut
2547 3056 2661 3111 suis
2700 3057 2866 3110 rebus
2908 3056 3221 3126 exspoliati,
3254 3066 3347 3111 aut
3382 3075 3412 3111 a

1846 3150 2081 3221 propriis
2116 3149 2338 3205 sedibus
2381 3148 2563 3215 ejecti,
2601 3158 2693 3200 aut
2730 3147 2986 3212 exsiliati,
3018 3148 3102 3202 vel
3140 3140 3410 3219 Oppressi,

1846 3248 1940 3294 aut
1992 3240 2177 3310 iuique
2232 3241 2450 3293 tractati
2508 3238 2729 3301 fuerint,
2780 3238 2958 3307 primo
3013 3250 3297 3303 eruantur,
3360 3248 3415 3294 et

1845 3332 2110 3387 canonice
2158 3333 2540 3391 restituantur.
2597 3337 2761 3399 atque
2815 3328 2999 3383 omnia
3063 3331 3168 3385 sibi
3227 3331 3414 3387 subla-

1845 3432 1898 3477 ta
1926 3422 2060 3495 (49)
2090 3423 2435 3491 integerrime
2485 3420 2564 3475 eis
2630 3420 2841 3489 legibus
2911 3420 3228 3475 reddantur.
3271 3423 3418 3488 Quo-

1846 3517 1991 3569 niam
2064 3515 2378 3584 priusquam
2440 3512 2554 3566 bazc
2621 3512 2797 3574 ﬁant,
2874 3521 2933 3565 ut
3023 3514 3078 3567 in
3156 3515 3414 3584 praedicto

1846 3609 2201 3664 constitutum
2244 3614 2328 3673 est
2361 3606 2615 3668 concilio,
2664 3621 2765 3659 nec
2806 3606 3069 3661 canonice
3100 3609 3414 3669 convocari,

1847 3716 1949 3754 nec
1990 3697 2244 3767 distringi
2286 3711 2315 3748 a
2361 3710 2691 3764 quocunque
2733 3703 2980 3763 possunt.
3011 3694 3278 3760 Quoniam
3316 3713 3416 3751 nec

1849 3790 2033 3844 saeculi
2076 3790 2220 3857 leges
2268 3787 2381 3841 haec
2424 3787 2538 3840 ﬁeri
2588 3787 2939 3856 permittunt,
2986 3795 3190 3856 quanto
3233 3788 3416 3844 minus

1848 3881 2273 3937 ecclesiasticae?
2306 3880 2570 3935 Similiter
2617 3888 2672 3934 et
2706 3894 2735 3932 a
2786 3880 3117 3948 supradictis
3160 3878 3417 3936 Patribus
3450 3940 3453 3941 ν

1849 3980 1933 4026 est
1998 3970 2281 4026 deﬁnitum
2324 3978 2712 4031 consonanter,
2766 3976 2825 4022 ut
2873 3970 2918 4022 si
2960 3970 3247 4039 quisquam
3302 3972 3419 4040 cpi-

1854 4078 2113 4133 scopum,
2144 4071 2237 4116 aut
2267 4063 2876 4131 metropolitantzm,aut
2909 4061 3416 4130 comprovinciales,

1850 4157 1936 4209 vel
1974 4155 2189 4225 judiecs
2233 4163 2520 4223 suspectos
2559 4153 2832 4217 habuerit,
2880 4160 3117 4207 vestram
3169 4162 3416 4207 sanctam

1850 4246 2153 4300 Romanam
2200 4244 2543 4314 interpellent
2576 4243 2783 4306 sedem,
2818 4242 2906 4296 cui
2944 4242 3014 4296 ab
3043 4243 3162 4312 ipso
3190 4242 3419 4298 Domino

1850 4345 2094 4409 potestas
2140 4335 2367 4406 ligandi,
2411 4352 2475 4390 ac
2509 4335 2847 4400 absolvendi,
2900 4335 3123 4406 speciali
3173 4344 3256 4390 est
3310 4337 3420 4405 pri-

1852 4429 2048 4500 vilegio
2080 4444 2244 4499 super
2274 4428 2410 4483 alios
2440 4442 2722 4483 concessa.
2750 4425 2870 4497 Ipsa
2907 4427 3053 4481 enim
3089 4425 3199 4498 (50)
3235 4426 3419 4481 ﬁrma-

1853 4528 2131 4592 mentum;
2163 4537 2194 4575 a
2257 4521 2366 4575 Deo
2432 4520 2599 4575 ﬁxum
2672 4527 2726 4575 et
2811 4520 3089 4574 immobile
3154 4520 3418 4589 percepit.

171 4619 421 4674 tuentes,
478 4608 677 4679 quibus
716 4623 879 4663 omne
934 4609 1313 4677 episcoporum
1355 4609 1620 4678 judicium
1669 4618 1753 4664 est
1786 4615 2116 4687 unoniam
2173 4614 2346 4684 ipsam
2402 4613 2635 4668 formam
2698 4612 3080 4665 universorum
3139 4610 3419 4663 titulorum

167 4704 581 4765 commissum,
634 4703 871 4757 liberare
924 4702 992 4755 ab
1045 4701 1299 4757 hostibus
1358 4703 1565 4757 nostris
1641 4718 1752 4758 non

169 4796 491 4867 negligatis.
524 4793 661 4848 Nam
712 4795 919 4848 scimus
954 4794 1008 4847 in
1053 4792 1271 4847 Nicama
1311 4809 1503 4865 magna
1544 4795 1753 4867 synodo

172 4896 557 4943 trecentorum
591 4886 776 4941 decem
809 4897 862 4941 et
903 4894 1028 4940 octo
1055 4886 1457 4955 cpiseOportun,
1489 4887 1555 4941 ab
1577 4887 1756 4942 omni-

168 4977 284 5031 bus
315 4975 667 5030 concorditer
688 4990 809 5030 esse
833 4974 1167 5037 roboratum,
1186 4990 1294 5028 non
1324 4975 1521 5030 debere
1550 4978 1754 5046 absque

168 5068 417 5122 Romani
463 5067 738 5136 pontilicis
768 5067 1038 5121 sententia
1068 5067 1300 5120 concilia
1337 5068 1624 5132 celebrari,
1658 5084 1756 5124 nec

172 5160 481 5229 episcopos
516 5156 801 5222 damnare,
835 5156 962 5210 licet
988 5156 1103 5209 haec
1132 5165 1185 5210 et
1222 5157 1481 5227 synodica
1517 5159 1755 5227 capitula

175 5251 290 5305 alia
326 5250 616 5319 complura
645 5248 1072 5318 pernecessaria,
1117 5248 1185 5302 ab
1226 5248 1518 5314 haereticis,
1545 5251 1757 5320 quinos

176 5342 434 5416 quotidie
480 5339 744 5395 infestant
772 5348 826 5396 et
856 5339 1083 5411 perdere
1130 5339 1401 5408 nituntur,
1435 5348 1494 5395 ut
1540 5342 1756 5397 facilius

250 5495 300 5527 ³⁸
337 5493 384 5550 ιι
412 5493 545 5548 Cor.
579 5508 670 5557 ιι,
701 5493 792 5548 ‘29.
867 5493 912 5525 "
950 5492 1137 5546 Matth.
1176 5508 1304 5549 xvr.
1340 5492 1429 5548 18.

255 5613 365 5683 (47)
406 5609 721 5683 §tephanus
758 5607 1015 5683 Dorensis
1042 5607 1109 5661 ad
1135 5606 1428 5683 Martinam
1468 5620 1679 5683 papam.

253 5676 368 5753 ('48)
406 5676 650 5753 Habetur
674 5679 935 5753 in_epist.;
962 5676 1318 5735 decret.Julii
1349 5676 1537 5732 contra
1554 5676 1752 5731 Orien-

169 5749 319 5810 zales
351 5749 454 5822 pro
489 5749 823 5820 Athanasio._

1856 4704 2250 4760 lucidissimam
2336 4703 2598 4758 Dominus
2670 4701 2831 4756 Jesus
2905 4700 3159 4755 Christus
3234 4715 3420 4754 verant

1857 4796 2215 4864 apostolicam
2255 4795 2540 4848 constituit
2572 4793 2776 4847 sedem.
2812 4794 2934 4862 lpsa
2961 4801 3045 4845 est
3077 4789 3222 4845 enim
3267 4806 3423 4844 sacer

1855 4895 2066 4953 vertex,
2100 4887 2155 4939 in
2184 4902 2294 4954 quo
2329 4900 2518 4939 omnes
2546 4891 2852 4945 vertuntur,
2897 4890 3293 4946 sustentantur,
3342 4882 3420 4934 le-

1857 4986 2075 5039 vantur,
2109 4986 2163 5030 et
2198 4977 2340 5031 sicut
2376 4976 2430 5030 in
2462 4976 2679 5030 Christo
2706 4974 3003 5028 Christiani
3026 5013 3041 5036 ,
3076 4982 3128 5027 et
3164 4974 3217 5026 in
3246 4983 3420 5043 petra,

1855 5071 1907 5125 id
1937 5080 2020 5125 est
2047 5070 2286 5135 Christo,
2316 5070 2532 5134 Petrus,
2577 5069 2723 5123 Petri
2756 5077 3089 5122 renovantur
3119 5066 3376 5121 Ecclesiae
3405 5084 3418 5120 :

1857 5163 1933 5216 Tu
1995 5179 2048 5217 es
2097 5163 2278 5223 enim,
2333 5162 2475 5215 sicut
2529 5161 2778 5215 divinum
2855 5160 3124 5214 veraciter
3186 5165 3422 5212 testatur

1857 5253 2156 5324 eloquium,
2188 5252 2378 5306 Petrus
2403 5252 2469 5317 ",
2506 5260 2561 5307 et
2593 5267 2758 5321 super
2809 5250 3219 5315 fundamentum
3266 5257 3421 5302 tuum

1857 5346 2118 5403 Ecclesia:
2151 5345 2426 5411 columna,
2453 5346 2508 5400 id
2540 5354 2645 5410 est,
2690 5342 2953 5415 epiSCOpi,
2985 5343 3079 5412 qui
3122 5341 3421 5397 Ecclesium

1936 5601 2045 5670 (49)
2083 5601 2213 5656 Adr.
2244 5604 2368 5657 coll.
2401 5603 2490 5659 '55.

1932 5673 2044 5743 (50)
2072 5672 2297 5755 §ergius
2321 5675 2505 5743 Cypri,
2533 5678 2692 5748 epist.
2721 5681 2788 5737 ad
2818 5679 3025 5738 Thcod.
3058 5698 3253 5755 papam
3276 5698 3424 5742 cons.

1864 5762 1903 5800 ιι
1943 5745 2138 5800 eoneil.
2169 5745 2422 5800 Laterau.
