3976 6388
589 309 728 364 H75

1696 305 1754 362 S.
1797 301 2256 359 ATIIANASIUS.
2298 331 2365 341 -—
2402 298 2676 354 SPURIA.

3689 301 3813 356 1476

589 424 896 488 sustinere,
948 431 1004 478 et
1055 418 1293 492 propriis
1341 418 1595 489 humeris
1651 427 1874 490 portare
1923 417 2160 480 debent,
2192 418 2236 474 A
2262 412 2436 468 eidem
2489 422 2692 468 sancta:
2731 409 2846 467 sedi
2886 418 3078 468 vestra:
3131 410 3186 466 in
3229 410 3493 468 honorem
3532 412 3819 468 beatissimi

590 520 720 569 sunt
773 511 1104 568 confirmati.
1171 509 1405 581 Tibique
1461 511 1646 566 claves
1691 509 1844 580 regni
1893 508 2160 563 cmlorum

593 607 896 670 commisit,
930 613 1094 675 atque
1121 605 1312 674 ligare,
1340 613 1395 658 et
1417 603 1627 659 solvere
1662 602 2007 673 potestative,
2042 612 2164 669 quas

590 699 646 752 in
685 703 830 751 terra
879 705 934 749 et
982 709 1102 764 quae
1152 695 1207 749 in
1259 695 1416 750 cwlis
1462 703 1612 758 sunt,
1665 693 2045 764 promulgavit.
2080 689 2164 745 Tu

591 787 941 858 profanarum
975 787 1240 842 limresum
1261 825 1277 850 ,
1308 794 1364 840 et
1404 771 1776 858 impetitorum
1803 825 1818 849 ,
1856 793 2018 854 atque
2046 797 2165 837 om-

593 879 742 932 nium
789 877 1166 945 infestantium
1207 877 1512 948 depositor,
1550 885 1604 931 et
1653 877 1924 947 princeps,
1960 882 2014 928 et
2062 872 2164 928 do-

591 979 732 1032 ctor,
779 977 1049 1040 caputque
1101 970 1347 1024 omnium
1409 969 1726 1024 orthodoxa:
1783 967 2044 1024 doctrinae
2111 973 2166 1021 et

591 1061 956 1116 immaculata:
1026 1060 1150 1115 fidei
1209 1060 1456 1116 exsistis.
1532 1059 1703 1131 Igitur
1763 1076 1832 1115 ne
1891 1059 2165 1129 despicias

591 1151 812 1208 Patrum
853 1163 1094 1215 tuorum,
1128 1152 1307 1217 Pater,
1342 1153 1616 1224 pietatem,
1649 1153 1958 1222 bonamque
1989 1151 2168 1205 inten-

592 1243 817 1299 tionem.
874 1243 940 1297 Et
1000 1245 1144 1300 sicut
1205 1245 1284 1300 illi
1336 1243 1528 1299 Patres
1597 1253 1652 1300 et
1731 1245 2168 1316 praedecessores

590 1345 812 1391 nostros
861 1351 890 1389 a
941 1337 1129 1393 multis
1192 1337 1563 1394 liberaverunt
1613 1337 2068 1408 oppressionibus
2115 1344 2170 1392 et

591 1427 882 1497 angustiis,
919 1427 993 1480 ita
1025 1442 1128 1482 nos
1157 1427 1396 1483 liberare
1427 1428 1689 1498 digneris.
1729 1425 1864 1480 Nam
1902 1426 2004 1480 fuit
2027 1440 2172 1480 sem-

591 1534 688 1589 per
731 1527 924 1574 vestrae
977 1528 1180 1574 sanctae
1215 1528 1270 1574 et
1300 1521 1608 1590 apostolicae
1639 1519 1754 1575 sedi
1793 1520 2012 1574 licentia
2039 1559 2054 1584 ,
2087 1518 2172 1572 in-

591 1613 739 1678 juste
793 1609 1083 1666 damnatos
1127 1611 1211 1666 vel
1255 1611 1795 1676 excommunicatos,
1847 1611 2173 1682 potestative

592 1717 695 1758 sua
739 1703 1068 1758 auctoritate
1113 1703 1425 1770 restituere,
1465 1710 1520 1759 et
1565 1719 1664 1759 sua
1713 1703 1797 1760 eis
1833 1703 2015 1758 omnia
2044 1701 2174 1757 red-

594 1791 745 1855 dere,
775 1799 830 1847 et
873 1791 996 1847 illos
1023 1793 1114 1862 qui
1142 1806 1237 1848 eos
1265 1793 1786 1858 condemnaverunt,
1819 1800 1912 1847 aut
1939 1807 2163 1847 excom-
2200 1781 2241 1836 Β

598 1885 1043 1949 municaverunt,
1084 1883 1386 1955 apostolico
1416 1884 1610 1953 punire
1649 1885 1931 1956 privilegio
1970 1901 1984 1938 :
2031 1883 2172 1937 sicut

594 1975 762 2038 etiam
786 1976 993 2031 nostris
1037 1984 1093 2030 et
1134 1975 1575 2031 antecessoribus
1605 1977 1959 2046 cognovimus
1989 1982 2170 2031 actum

597 2069 954 2140 temporibus.
978 2067 1150 2124 Porro
1186 2079 1241 2125 et
1288 2070 1391 2140 ipsi
1435 2072 1715 2140 primates,
1743 2070 1836 2142 qui
1881 2071 2170 2142 episcopo-

597 2177 719 2217 rum
752 2169 806 2218 et
839 2177 1180 2217 summorum
1225 2162 1731 2218 ecclesiasticorum
1768 2177 1969 2218 causas
1999 2163 2175 2219 susci-

597 2270 726 2324 pere
795 2253 1015 2317 debent,
1083 2255 1149 2308 in-
1205 2252 1426 2324 praefixa
1492 2251 1711 2308 Nicazna
1775 2255 1986 2326 synodo
2045 2263 2174 2310 sunt

595 2346 952 2410 dinumerati,
983 2361 1050 2401 ne
1082 2347 1136 2400 in
1167 2354 1450 2416 posterum
1492 2360 1556 2400 es
1606 2345 1712 2400 hoc
1749 2345 2032 2401 contentio
2061 2348 2170 2402 ori-

597 2445 774 2493 retur.
807 2439 920 2508 (51)
955 2436 1000 2493 Ο
1042 2437 1392 2493 sanctissime
1435 2435 1596 2493 Pater
1627 2437 1875 2504 Patrum,
1911 2440 2174 2495 abscinde

598 2533 965 2602 blasphemias
1011 2539 1066 2586 et
1112 2530 1433 2601 iactantiam
1478 2531 1894 2602 vaniloquorum
1941 2541 1995 2588 et
2041 2531 2176 2586 insi-

597 2623 868 2676 diantium
949 2621 1376 2683 infestationes,
1428 2634 1530 2675 nos
1582 2629 1636 2676 et
1691 2621 1890 2677 fratres
1950 2631 2174 2676 nostros

600 2713 1044 2784 opprimentium,
1071 2723 1234 2783 atque
1260 2711 1490 2782 perdere
1511 2712 1832 2774 volentium.
1856 2712 1950 2782 qui
1980 2711 2048 2766 ad
2078 2727 2174 2768 vos

600 2806 755 2875 quasi
791 2804 856 2858 ad
889 2811 1054 2876 caput
1077 2803 1448 2874 confugimus,
1486 2811 1546 2857 ut
1573 2813 1756 2860 vestro
1785 2802 1992 2859 suﬁ‘ulti
2015 2804 2174 2857 auxi-

601 2898 674 2952 lio
704 2897 1016 2958 liberemur,
1051 2906 1106 2952 et
1126 2897 1286 2954 vobis
1315 2896 1583 2968 nobisque
1616 2895 1819 2952 Christi
1849 2896 2175 2953 commissas

601 3001 733 3043 oves
793 3001 823 3041 a
891 2988 1146 3059 luporum
1221 3002 1350 3052 ore,
1412 2986 1647 3040 Domino
1711 2985 2171 3051 adminiculante,

602 3085 892 3148 antequam
937 3077 1331 3148 deglutiantur,
1371 3077 1675 3147 rapiamus.
1708 3075 1820 3131 Nec
1867 3077 2010 3130 enim
2060 3076 2174 3146 (52)

605 3170 688 3226 fas
737 3179 821 3226 est
872 3171 1184 3241 supplicum
1232 3169 1544 3240 apostolicae
1603 3168 1750 3226 sedis
1801 3169 2027 3240 scripto,
2081 3178 2176 3224 aut

603 3263 724 3318 sine
769 3262 1000 3332 scripto,
1039 3275 1230 3332 preces
1262 3261 1473 3316 oblatas
1506 3260 1808 3332 despicere,
1833 3262 1928 3318 sed
1961 3269 2022 3316 ut
2051 3276 2180 3316 con-

603 3355 782 3422 decet,
826 3361 881 3409 et
915 3343 1258 3424 privilegium
1309 3365 1504 3408 vestra:
1547 3352 1695 3408 sedis
1739 3361 1846 3417 est,
1876 3360 1930 3408 et
1961 3369 2084 3417 nos,
2124 3363 2180 3410 et

604 3445 684 3500 illi
723 3445 1119 3500 canonicaliter
1168 3458 1556 3512 convocemur,
1591 3453 1646 3500 et
1685 3451 1811 3500 ante
1843 3461 1940 3501 vos
1977 3446 2044 3500 de
2074 3461 2177 3501 no-

604 3537 738 3594 stris
788 3537 1193 3608 objectionibus
1235 3538 1497 3592 canonice
1543 3552 1668 3592 cum
1717 3537 1866 3592 omni
1907 3537 2182 3608 probitate

603 3639 1010 3685 concertemus.
1073 3629 1227 3684 Sicut
1290 3629 1722 3700 praedecessores
1775 3629 1952 3684 nostri
2011 3644 2181 3699 penes

605 3730 819 3777 vestros
852 3720 1099 3776 fecerunt
1123 3727 1522 3785 antecessores,
1552 3728 1607 3775 et
1645 3720 1788 3777 sicut
1827 3721 2089 3776 canonica
2123 3721 2179 3776 in

605 3813 863 3885 praedicta
928 3823 1116 3868 sancta
1185 3815 1396 3884 synodo
1456 3814 1654 3870 docent
1721 3815 2056 3882 Constituta,
2125 3824 2182 3872 et

604 3906 772 3960 veluti
843 3905 1042 3976 paleati
1107 3905 1257 3960 verbi
1331 3921 1428 3976 per
1480 3905 1840 3961 ventilabrum
1907 3909 2182 3963 canonica:

603 3997 1022 4052 cxaminationis
1078 3997 1295 4068 plenam
1346 3999 1748 4068 purgationem,
1797 3998 1851 4052 in
1901 4001 2181 4054 communi

603 4091 972 4146 consistentes
1011 4090 1302 4155 auditorio,
1341 4090 1408 4144 de
1454 4091 1684 4146 maturis
1722 4101 1776 4146 et
1811 4093 2181 4148 nutrientibus

604 4183 888 4238 catholicae
947 4182 1204 4240 Ecclesiae
1265 4183 1643 4254 dogmatibus,
1685 4198 1809 4254 quae
1857 4183 2182 4239 conﬁrmant

604 4287 700 4326 cor
725 4271 985 4335 hominis,
1021 4288 1120 4342 per
1153 4273 1624 4343 participationem
1659 4280 2010 4343 paternarum
2044 4289 2180 4328 con-

605 4379 904 4434 sequamur
942 4363 1378 4420 institutionum.
1405 4365 1515 4437 (5'5)
1545 4364 1799 4434 Antiquis
1833 4365 1978 4418 enim
2024 4380 2184 4437 regu-

2261 503 2432 570 Petri,
2461 503 2687 559 Patrum
2729 505 2948 573 decreta
2978 504 3307 577 peculiarem
3345 505 3653 562 decrevisse
3677 519 3818 560 reve-

2263 598 2496 654 rentiam
2545 596 2675 663 Dei,
2717 612 2817 668 pro
2864 598 3030 654 rebus
3069 596 3414 668 inquirendis
3459 604 3622 666 atque
3660 597 3821 652 deter-

2265 690 2562 755 minandis,
2617 705 2758 761 quas
2804 690 3054 744 sollicite
3093 688 3253 745 decet
3309 690 3565 758 justeque
3612 689 3678 743 ab
3715 689 3824 758 ipso

2265 782 2560 852 prassulum
2634 780 2940 835 examinari
2996 779 3200 834 vertice
3285 779 3620 850 apostolico,
3681 781 3824 848 cujus

2267 873 2580 930 sollicitudo
2622 889 2839 944 semper
2893 872 2997 926 fuit
3028 880 3082 928 ct
3111 879 3200 928 est
3237 879 3350 926 tam
3395 871 3538 925 mala
3589 871 3827 925 damnare

2268 983 2431 1039 quam
2489 967 2725 1038 probare
2784 966 3073 1021 laudanda.
3133 963 3408 1032 Quoniam
3481 963 3828 1018 humillimum

2267 1070 2450 1116 vestro
2481 1057 2794 1130 apostolico
2825 1057 3048 1112 culmini
3088 1057 3471 1126 persolventes
3499 1054 3829 1124 obsequium,

2271 1161 2330 1206 ut
2374 1152 2490 1222 ipse
2539 1148 2801 1205 Dominus
2835 1148 3121 1220 praecepit,
3165 1156 3225 1203 et
3268 1156 3586 1204 sanctorum
3627 1145 3830 1201 decreta

2270 1243 2498 1299 Patrum
2584 1249 2924 1306 statuerunt,
2995 1256 3117 1295 cum
3195 1240 3457 1312 lacrymis
3511 1241 3834 1309 suggerimus

2271 1337 2418 1410 quod
2473 1339 2592 1394 sine
2633 1337 2833 1408 gemitu
2892 1334 3074 1392 cordis
3120 1335 3355 1390 reticere
3416 1351 3530 1389 non
3583 1335 3831 1392 valemus.

2273 1429 2408 1484 Nam
2475 1430 2531 1484 in
2605 1436 2816 1482 tantum
2877 1442 2909 1482 a
2968 1426 3418 1498 persecutoribus
3489 1436 3694 1480 sancta:
3749 1424 3833 1482 Dei

2274 1521 2532 1578 Ecclesiae
2599 1521 2914 1592 nostrisque
2989 1519 3230 1574 inimicis
3322 1519 3732 1589 persequimur,
3783 1529 3837 1572 ut

2272 1615 2433 1687 611
2468 1615 2643 1685 magis
2673 1629 2775 1668 nos
2822 1612 3024 1677 vivere,
3056 1625 3219 1682 quam
3259 1615 3397 1665 mori
3443 1611 3660 1666 taedeat.
3702 1609 3838 1665 Unde

2276 1722 2389 1778 pra:
2425 1707 2682 1762 omnibus
2711 1704 2966 1768 fatemur,
2995 1704 3050 1758 in
3078 1711 3294 1757 tantum
3325 1717 3424 1756 cor
3455 1717 3582 1758 esse
3603 1711 3837 1758 nostrum

2272 1799 2614 1854 vulneratum
2643 1837 2658 1862 ,
2689 1804 2748 1851 ut
2780 1795 3161 1866 propheticum
3220 1794 3373 1848 illum
3422 1793 3705 1863 planctum
3731 1808 3843 1848 exo-

2271 1893 2511 1957 ptemus,
2541 1885 2786 1941 dicentes
2814 1903 2828 1940 :
2857 1884 2990 1950 Quis
3015 1883 3163 1937 dabit
3201 1883 3364 1951 capiti
3387 1899 3503 1937 meo
3537 1891 3842 1952 aquam,ast

2277 1979 2446 2034 oculis
2475 1977 2671 2032 nostris
2712 1977 2910 2046 [autem
2966 1977 3348 2046 lucrymarum,
3383 1983 3444 2027 ut
3469 1973 3706 2028 sedentes
3745 1975 3844 2042 pto-

2272 2087 2444 2126 remus
2477 2070 2562 2125 die
2581 2087 2644 2125 ac
2668 2080 2815 2124 nocte
2835 2069 2880 2101 ³⁸
2900 2071 2926 2122 ‘2’
2981 2067 3122 2122 Ecce
3161 2067 3309 2122 enim
3339 2082 3495 2130 oves,
3529 2083 3654 2138 qua:
3702 2067 3846 2121 nimis

2272 2163 2622 2232 infestantur,
2647 2170 2810 2232 atque
2831 2176 2862 2216 a
2907 2163 3092 2232 pravis
3123 2161 3366 2216 amoveri
3405 2161 3727 2216 hominibus
3759 2163 3847 2216 im-

2273 2257 2572 2328 pelluntur.
2627 2254 3066 2310 Christianorum
3125 2269 3258 2310 vero
3291 2269 3460 2310 voces
3520 2269 3587 2308 ac
3638 2254 3848 2326 gemitus

2273 2348 2652 2419 epis00porum
2689 2347 2850 2418 longe
2883 2346 3104 2416 lateque
3139 2361 3181 2400 rt
3203 2353 3428 2410 sonant,
3477 2346 3750 2401 novitates
3775 2348 3846 2401 in-

2275 2445 2527 2509 surgunt,
2575 2436 2862 2492 calumnia:
2888 2443 3168 2502 crescunt,
3201 2435 3526 2505 persecutio
3557 2443 3850 2507 grassatur,

2273 2533 2508 2604 perditio
2542 2531 2598 2586 fit
2630 2531 2976 2603 populorum.
3031 2526 3290 2584 Vestrum
3337 2538 3424 2584 est
3456 2519 3634 2584 nobis
3653 2543 3853 2582 manum

2277 2625 2573 2696 porrigere,
2629 2624 2785 2679 vobis
2829 2623 2974 2678 enim
3033 2621 3317 2678 commissi
3358 2635 3580 2685 smnus,
3631 2631 3854 2677 vestrum

2273 2729 2359 2776 est
2407 2737 2509 2776 nos
2552 2719 2845 2775 defendere
2873 2727 3036 2787 atque
3069 2716 3332 2782 liberare,
3374 2721 3742 2788 nostrumque
3783 2715 3860 2770 est

2275 2827 2304 2865 a
2338 2810 2491 2866 vobis
2523 2810 2786 2864 auxilium
2823 2815 3100 2879 expetere,
3135 2813 3192 2861 et
3213 2805 3413 2861 vestris
3443 2819 3646 2876 parere
3672 2805 3861 2874 jnssio-

2275 2905 2458 2960 nibus.
2501 2903 2606 2958 Pro
2635 2903 2804 2958 nimio
2866 2919 2996 2974 ergo
3043 2900 3255 2962 dolore,
3306 2907 3477 2970 atque
3500 2898 3712 2968 gemitu
3757 2911 3864 2951 om-

2276 2997 2425 3052 nium
2497 3012 2620 3068 quae
2677 3011 2778 3052 nos
2843 2994 3105 3050 infestant
3172 2992 3494 3049 necessario
3577 2989 3862 3052 recordari,

2202 3124 2245 3181 ο
2278 3088 2542 3160 vobisque
2587 3087 2900 3158 significare
2954 3087 3273 3158 nequimus.
3332 3083 3464 3139 Ideo
3521 3086 3736 3181 ali-num
3779 3099 3867 3136 ve-

2278 3189 2454 3236 strum
2480 3191 2774 3234 exoramus
2804 3177 3196 3248 apostolatum,
3231 3181 3293 3229 ut
3327 3189 3502 3244 super
3546 3173 3639 3229 bis
3689 3175 3866 3245 legem,

2276 3286 2398 3342 qua:
2436 3269 2493 3325 in
2538 3276 2840 3324 memorata
2867 3267 3089 3323 Nicaena
3119 3267 3332 3340 synodo
3357 3275 3446 3322 est
3495 3267 3858 3338 promulgata,

2277 3359 2526 3431 quamvis
2549 3358 2932 3430 praedictorum
2956 3358 3370 3422 insidiatorum,
3403 3363 3461 3410 et
3489 3357 3736 3410 aliorum
3765 3370 3872 3410 ma-

2285 3453 2461 3506 lorum
2492 3450 2809 3519 hominum,
2836 3466 2946 3522 quo
2985 3449 3202 3505 facilius
3247 3451 3547 3521 episcopos
3578 3447 3678 3504 Dei
3718 3449 3868 3502 mini-

2280 3549 2427 3598 stros
2477 3542 2692 3596 valeant
2721 3540 3038 3612 illaqueare,
3081 3550 3168 3596 est
3212 3539 3508 3604 sull‘ocata,
3570 3539 3868 3611 reparetis:

2279 3645 2333 3690 et
2360 3652 2481 3707 qua:
2525 3639 2835 3691 necessaria
2861 3634 2976 3690 fore
3023 3634 3386 3704 cognoscitis,
3435 3642 3650 3690 vestra:
3677 3642 3872 3690 sancta:

2280 3730 2427 3786 sedis
2464 3729 2788 3783 auctoritate
2817 3743 2916 3784 nos
2947 3736 3290 3798 cunctosque
3317 3727 3526 3783 fratres
3553 3726 3876 3788 i'nformetis,

2281 3830 2340 3876 ut
2384 3820 2650 3875 malorum
2679 3819 2908 3876 insidias
2943 3819 3249 3885 hominum,
3283 3829 3477 3874 vestra
3531 3819 3663 3875 fulti
3692 3829 3875 3874 aucto-

2281 3911 2442 3966 ritate
2483 3909 2657 3973 illaesi,
2693 3907 2920 3963 Domino
2941 3907 3268 3979 opitulante,
3300 3908 3544 3962 evadere
3582 3908 3876 3962 valeamus.

2281 4003 2408 4074 quia
2457 4000 2686 4057 insidias
2714 4001 2967 4071 luporum
2997 3999 3326 4070 praevidere,
3369 4013 3488 4053 non
3538 3999 3733 4054 ovium
3754 3995 3877 4066 (54).

2283 4094 2376 4148 sed
2405 4101 2684 4165 pastorum
2719 4102 2825 4148 est.
2861 4091 3080 4146 Scimus
3110 4091 3256 4146 enim
3283 4089 3432 4161 quod
3463 4089 3522 4145 id
3556 4106 3779 4162 semper
3807 4105 3884 4142 ve-

2282 4197 2406 4240 atra!
2438 4185 2584 4240 sedis
2611 4184 2896 4256 praesules,
2919 4185 3098 4254 primo
3133 4183 3393 4253 apostoli,
3431 4183 3649 4238 deinde
3675 4197 3884 4239 succes-

2283 4293 2436 4332 sores
2449 4291 2636 4332 eorum
2667 4274 2936 4332 fecerunt.
2960 4275 3078 4346 (55)
3107 4271 3219 4330 Vos
3240 4274 3590 4330 universalis
3614 4273 3884 4332 Ecclesiae.

2283 4375 2338 4422 et
2367 4368 2602 4421 maxime
2657 4367 3043 4438 episcoporum
3107 4366 3201 4436 qui
3231 4365 3382 4420 oculi
3413 4363 3647 4420 Domini
3675 4371 3884 4437 propter

606 4455 674 4512 iis
699 4455 969 4511 sancitum
1005 4463 1109 4521 est,
1141 4467 1199 4510 ut
1230 4456 1520 4527 quidquid,
1581 4457 1832 4526 quamvis
1865 4457 1920 4511 in
1961 4457 2182 4512 remotis
2217 4473 2264 4532 ι)
2287 4459 2796 4528 contemplationem
2829 4466 2882 4513 et
2896 4458 3332 4528 speculationem
3366 4468 3678 4524 vocantur,
3711 4473 3886 4514 curam

605 4557 700 4602 aut
728 4547 783 4600 in
827 4546 1141 4617 longinquis
1170 4547 1368 4618 positis
1409 4547 1729 4617 provinciis,
1771 4561 1936 4616 super
1969 4548 2182 4616 episco-

608 4654 798 4708 porum
837 4639 1075 4708 querelis
1117 4646 1214 4692 aut
1261 4637 1711 4694 accusationibus
1748 4645 2021 4707 ageretur,
2069 4653 2179 4692 non

605 4731 758 4800 prius
786 4731 1132 4785 tractandum
1166 4730 1253 4786 vel
1285 4728 1660 4800 accipiendum
1707 4738 1878 4791 esset,
1915 4741 2077 4798 quam
2115 4729 2184 4784 ad

605 4823 854 4878 notitiam
905 4824 1061 4878 almae
1107 4823 1256 4878 sedis
1307 4833 1510 4877 vestrae
1567 4820 1762 4877 fuisset
1807 4821 2187 4890 pronuntiatio

604 4915 790 4990 facta,
835 4929 944 4985 qua
987 4913 1381 4977 inﬁrmaretur,
1422 4922 1517 4968 aut
1554 4913 1882 4968 firmaretur.
1943 4912 2182 4984 Indeque

603 5015 886 5064 sumerent
921 5022 1192 5072 normam,
1227 5007 1374 5062 unde
1403 5005 1661 5060 Ecclesia:
1702 5019 1986 5074 sumpsere
2019 5020 2180 5059 exor-

603 5099 754 5152 dium
799 5096 1230 5168 praedicationis,
1279 5113 1348 5152 ne
1400 5097 1602 5166 passim
1651 5096 1722 5149 ab
1769 5095 2182 5152 insidiatoribus

605 5191 872 5247 columna:
901 5199 1276 5246 everterentur
1309 5188 1586 5246 Ecclesiae.
1631 5186 1852 5244 Certum
1900 5196 1986 5244 est
2031 5189 2176 5244 enim

676 5345 722 5380 ³⁸
757 5313 956 5402 Jerem:
993 5361 1084 5411 ιι,
1121 5347 1171 5399 1.
1249 5345 1296 5377 ³⁸
1328 5343 1472 5401 Psal.
1511 5359 1562 5410 ι,
1596 5343 1651 5398 2.

679 5507 789 5578 (51)
813 5507 972 5578 idem,
990 5504 1236 5576 Sergius.

679 5577 791 5647 (52)
821 5577 1087 5648 Martinus
1118 5592 1277 5648 papa,
1300 5577 1523 5634 ibidem.

683 5644 792 5718 :55)
823 5647 928 5702 PP.
959 5644 1225 5719 Africiih
1263 5663 1349 5718 ep.
1396 5649 1462 5704 ad
1503 5646 1708 5705 Theod.
1761 5661 1953 5719 papam
2010 5656 2168 5699 conc.

609 5713 863 5774 Lateran.
900 5731 1029 5772 ann.
1059 5715 1188 5773 649.

2281 4567 2488 4622 gerere,
2535 4566 2600 4606 ac
2647 4551 2714 4604 de
2749 4549 3083 4604 revelatione
3143 4557 3199 4604 et
3253 4549 3377 4618 lege
3422 4559 3632 4604 nostra
3677 4548 3884 4607 assidue

2282 4643 2526 4718 cogitare
2554 4641 2787 4706 debetis,
2819 4641 2965 4697 sicut
2991 4641 3258 4710 scriptum
3287 4650 3374 4696 est
3405 4657 3420 4694 :
3446 4639 3660 4697 Beatus
3689 4642 3781 4711 qui
3795 4655 3886 4693 πιε-

2281 4732 2486 4786 ditatur
2507 4733 2562 4786 in
2591 4732 2696 4803 lege
2732 4731 2941 4786 Domini
2971 4730 3058 4785 die
3097 4748 3162 4784 ac
3192 4741 3345 4786 nocte
3373 4732 3442 4786 ³⁸.
3487 4732 3633 4800 Quae
3665 4733 3884 4788 medita-

2283 4823 2382 4888 tio,
2433 4838 2544 4878 non
2595 4823 2828 4878 lectione
2873 4837 2972 4893 per
3019 4821 3252 4894 figuram
3307 4823 3636 4880 litterarum
3686 4833 3883 4879 tantum

2288 4925 2608 4985 conspecta,
2661 4913 2757 4970 sed
2796 4915 3066 4970 uberante
3091 4915 3148 4969 in
3195 4915 3358 4971 vobis
3385 4915 3610 4974 Christi
3639 4917 3817 4992 gratia
3837 4917 3881 4968 iu

2285 5017 2468 5064 vestra
2514 5007 2866 5080 cognoscitur
2893 5009 3242 5064 conscientia
3275 5011 3657 5067 immobiliter
3709 5008 3878 5067 insita.

2285 5110 2339 5154 et
2360 5101 2671 5157 nullatenus
2717 5099 2786 5156 de
2828 5103 3014 5157 vestro
3036 5103 3208 5157 corde
3239 5101 3543 5161 recedente
3589 5106 3716 5176 lege
3739 5102 3881 5158 Chri-

2285 5191 2356 5245 sti
2388 5190 2478 5246 Dei
2520 5204 2897 5258 sacrosancta,
2929 5193 3075 5251 sicut
3109 5196 3166 5249 in
3209 5193 3458 5255 Psalmis
3493 5199 3632 5256 dicit
3653 5193 3878 5266 Prophe-

2344 5503 2475 5578 .._(__5__i_)
2506 5503 2680 5578 Cone.
2711 5505 2958 5578 utRom.
3004 5508 3109 5563 sub
3141 5509 3508 5578 Symmacho.

2353 5574 2466 5658 (ξεῖ)
2495 5573 2714 5658 _Victor.
2759 5577 2949 5658 Carth.
2987 5594 3077 5658 cp.
3122 5573 3199 5636 ad
3229 5580 3448 5642 Theod.
3486 5600 3710 5658 papam,
3746 5582 3871 5640 nale

2279 5646 2452 5699 multa
2495 5646 2602 5702 huc
2637 5647 2850 5704 invecta
2879 5646 3033 5704 sunt.
