3976 6388
191 329 318 383 ΗΠ

1107 329 1376 386 PONTIF.
1412 328 1578 384 ROM.
1622 328 1708 380 ET
1746 325 2115 382 ATl‘lANASll
2155 323 2536 381 EPISTOLIE.

3292 327 3427 382 M78

190 457 230 499 ta
252 465 263 499 :
289 445 361 501 0s
409 447 544 513 justi
575 446 914 500 meditabitur
947 448 1279 516 sapientiam,
1329 458 1376 502 et
1417 449 1598 517 lingua
1628 447 1742 516 ejus
1774 452 1819 508 Α
1846 461 2057 511 versos,
2088 445 2218 498 nihil
2252 444 2397 498 aliud
2426 454 2509 500 est
2533 459 2692 514 quam
2723 443 2922 499 fovere.
2963 444 3072 500 Nec
3095 454 3246 501 caret
3275 463 3404 504 scru

187 539 409 606 loquetur
445 538 730 607 judicium,
790 540 872 592 lea:
909 539 1003 593 Dei
1041 541 1155 608 ejus
1203 542 1258 593 in
1299 541 1452 593 corde
1494 541 1658 606 ipsius
1677 539 1742 602 ³⁷,

185 647 277 684 non
306 638 633 694 atramento,
686 631 781 686 sed
811 631 1005 699 spiritu
1041 629 1136 685 Dei
1171 631 1279 684 vivi
1317 631 1517 685 vestris
1556 631 1611 683 in
1655 645 1746 682 ιιι-ο-

185 723 322 776 canis
357 723 686 792 conscripta,
741 738 916 791 neque
951 722 1004 775 in
1047 723 1246 777 tabulis
1273 723 1522 793 lapideis,
1563 722 1657 776 sed
1689 722 1743 774 in

183 814 370 868 tabulis
417 814 602 867 cordis
632 814 966 878 carnalibus,
1001 813 1145 868 sicut
1176 812 1476 867 beatissimi
1511 810 1744 881 apostoli

184 901 320 956 Pauli
359 901 429 955 ad
457 902 768 956 Corinthios
796 904 960 956 missa
997 917 1098 957 nos
1131 903 1287 956 docet
1321 901 1580 971 Epistola.
1611 900 1739 964 Qui-

183 995 272 1049 bus
300 993 598 1063 praamissis
630 993 1002 1062 signiﬁcamus
1035 993 1140 1047 Deo
1173 993 1383 1062 placitae
1414 991 1740 1046 fraternitati

183 1092 362 1139 vestra:
389 1085 474 1138 die
506 1083 737 1152 septimo
766 1082 1129 1137 Kalendarum
1155 1081 1544 1152 Augustarum,
1605 1080 1744 1133 indi-

182 1176 364 1231 ctionis
393 1182 885 1245 quart.c,nostram
921 1174 1284 1228 humilitatem
1323 1172 1506 1226 divina
1542 1172 1739 1241 gratia,

181 1283 272 1323 suo
315 1276 375 1320 ut
412 1267 666 1336 praecepit
717 1281 941 1320 munere
971 1264 1357 1333 praeveniente,
1391 1263 1588 1316 vestris
1615 1277 1743 1315 san-

179 1363 274 1414 ctis
298 1374 361 1412 ac
390 1357 498 1411 Deo
522 1357 702 1427 dignis
735 1356 1009 1426 precibus,
1052 1356 1106 1408 in
1141 1362 1328 1408 sancta
1361 1351 1601 1404 Romana
1639 1349 1742 1403 Ec-

178 1449 333 1504 clesia
392 1445 719 1517 pontiﬁcalis
764 1445 985 1498 honoris
1033 1444 1310 1511 accepisse
1366 1442 1739 1497 consecratio-

178 1557 292 1596 nem
319 1549 372 1595 et
401 1540 616 1602 stolam,
649 1538 702 1592 in
731 1554 837 1608 quo
860 1537 1137 1610 dignitatis
1163 1534 1381 1605 fastigio
1417 1540 1476 1587 ut
1501 1533 1607 1586 Deo
1628 1547 1738 1587 om-

178 1634 446 1702 nipotente
511 1629 779 1684 altissimo
847 1642 1120 1698 regamur,
1179 1633 1232 1680 et
1280 1639 1310 1678 a
1367 1625 1525 1677 malis
1562 1623 1738 1677 omni-

177 1724 271 1777 bus
315 1722 633 1776 liberemur.
687 1717 754 1772 Ut
782 1733 892 1771 non
923 1715 1260 1772 sacerdotale
1290 1729 1481 1768 nomen
1504 1723 1732 1775 tantum,

1852 539 1977 607 pulo
2006 538 2284 592 societatis
2325 540 2571 600 occultae,
2616 537 2707 606 qui
2749 537 3040 593 manifesto
3071 538 3299 594 facinori
3330 542 3399 597 de

1848 631 1978 684 sinit
2013 630 2253 684 obviare.
2319 629 2606 685 Manifesta
2647 639 2749 694 est,
2801 631 3002 685 Doctor
3049 633 3400 688 sanctissime

1846 713 2114 774 venenosa
2157 728 2467 787 serpentum
2511 720 2629 774 sine
2660 721 3008 790 simplicitate
3035 725 3258 787 astutia,
3291 724 3412 778 durr

1845 808 2134 862 manifesta
2183 818 2268 863 est
2300 811 2490 865 dolosa
2526 811 2872 865 inimicorum
2907 814 3140 868 fallacia.
3183 815 3408 870 Succur-

1844 899 1968 961 rite,
2019 915 2356 969 qutcsumus,
2393 905 2694 972 oppressis,
2720 904 2946 960 liberate
2994 921 3095 960 nos
3145 906 3211 962 de
3253 923 3416 961 manu

1845 995 2310 1059 persequentium,
2339 1002 2396 1046 ut
2431 983 2555 1048 cum
2591 995 2748 1049 beato
2795 993 2895 1050 Job
2927 998 3158 1052 cantetis
3197 1017 3210 1052 :
3247 998 3414 1053 Bene-

1842 1083 2002 1135 dictio
2032 1086 2252 1151 perituri
2281 1102 2436 1154 super
2472 1104 2551 1141 me
2574 1088 2829 1152 veniebat,
2877 1099 2925 1142 et
2970 1106 3060 1143 cor
3092 1090 3262 1146 vidum
3290 1109 3414 1146 con-

1842 1172 2044 1225 solatus
2067 1190 2204 1235 sum,
2229 1175 2445 1241 justitia
2469 1177 2686 1232 indutus
2717 1196 2854 1242 sum,
2877 1189 2925 1233 et
2961 1181 3139 1233 uestiui
3175 1198 3273 1246 me,
3309 1184 3414 1236 sic-

1841 1270 1898 1312 ut
1929 1266 2228 1317 vestimento
2251 1275 2296 1316 et
2319 1267 2637 1333 diademate,
2677 1269 2880 1338 judicio
2911 1289 3042 1325 meo.
3081 1271 3278 1327 Oculus
3337 1274 3414 1339 tui

1838 1369 1995 1417 cwco,
2026 1364 2073 1407 et
2098 1371 2183 1422 pes
2217 1356 2428 1412 claudo.
2461 1358 2622 1412 Pater
2652 1377 2797 1412 eram
2822 1378 3130 1429 pauperum,
3162 1380 3412 1417 causam-

1838 1461 1935 1514 que
1947 1462 2101 1515 quam
2123 1447 2433 1511 nesciebam,
2453 1448 2844 1518 diligentissime
2860 1453 3249 1522 inuestigabam.
3267 1455 3412 1509 Con-

1839 1536 2066 1589 terebam
2085 1537 2252 1591 molas
2286 1539 2475 1609 iniqui,
2495 1549 2541 1592 et
2565 1539 2628 1594 de
2655 1541 2892 1595 dentibus
2915 1560 3092 1596 eorum
3111 1545 3411 1614 auferebam

1836 1627 2069 1694 prmdam
2093 1629 2158 1692 ³⁸,
2187 1636 2240 1681 et
2270 1629 2496 1698 reliqua.
2525 1628 2634 1684 Nos
2668 1631 2832 1694 enim,
2869 1647 3003 1700 quos
3035 1640 3125 1686 tua
3176 1636 3410 1690 maxima

1837 1719 2118 1778 exspectat
2155 1727 2308 1775 cura,
2337 1713 2388 1766 id
2423 1720 2528 1776 est,
2595 1715 2836 1784 episc0pi
2871 1731 3084 1781 omnes,
3142 1719 3410 1788 prazcipue

178 1816 265 1870 sed
291 1815 486 1869 Christi
519 1812 732 1866 Domini
769 1812 941 1866 nostri
978 1809 1068 1864 Dei
1099 1817 1416 1879 protegente
1446 1808 1649 1862 auxilio
1675 1815 1728 1861 et
1759 1801 1800 1856 Β
1831 1806 1982 1854 tuum
2039 1802 2302 1858 debemus
2332 1807 2524 1859 mereri
2556 1805 2852 1875 Ῑυάίοίιιῐην
2898 1817 2952 1862 ει
3007 1824 3114 1862 non
3159 1810 3228 1865 ab
3285 1811 3410 1866 aliis

176 1908 423 1962 meritum
454 1906 772 1966 habeamus,
812 1902 1010 1957 vestris
1043 1902 1248 1957 sanctis
1295 1915 1358 1954 ac
1415 1899 1523 1954 Deo
1575 1915 1729 1954 acce-

174 1998 460 2068 ptabilibus
489 2011 590 2050 nos
611 1993 1052 2049 commendantes
1074 1992 1429 2054 orationibus,
1457 1993 1730 2060 poscimus

173 2100 432 2158 quatenus
488 2096 540 2141 et
567 2086 766 2141 vestris
815 2084 1291 2155 deprccationibus
1335 2099 1432 2154 pro
1471 2083 1627 2137 nobis
1663 2084 1730 2137 ad

173 2181 334 2236 Deum
391 2179 578 2235 ellusis
628 2180 846 2242 muniti,
897 2188 951 2234 et
1005 2179 1408 2233 eruditionibus
1443 2178 1600 2232 bonis
1647 2178 1729 2231 in-

171 2272 383 2334 structi,
421 2272 570 2342 digni
627 2270 922 2325 eﬁiciamur
960 2285 1082 2324 cum
1133 2270 1280 2322 omni
1326 2268 1482 2322 nobis
1533 2269 1731 2338 populo

169 2361 478 2414 Christiano
527 2359 822 2413 commisso
858 2358 1034 2422 illaesi,
1072 2357 1282 2427 protegi
1313 2357 1616 2410 velamento
1647 2355 1730 2409 di-

169 2452 309 2504 vino.
347 2449 428 2504 Ad
464 2448 846 2503 salutationem
871 2463 1001 2516 ergo
1028 2456 1226 2501 vestrae
1254 2453 1454 2499 sanctae
1481 2455 1533 2500 et
1560 2445 1728 2498 hono-

169 2541 347 2598 randae
382 2539 762 2602 fraternitatis,
790 2539 907 2593 vice
943 2546 1155 2600 nostra,
1179 2537 1526 2591 Benedictum
1555 2537 1732 2590 immi-

168 2635 264 2690 lem
293 2641 543 2688 nostrum
560 2631 780 2686 fratrem
808 2638 1053 2685 vestrum
1073 2630 1408 2699 episcopum,
1431 2638 1484 2683 et
1504 2630 1732 2683 Alexan-

166 2725 319 2779 drum
361 2723 760 2794 presbyterum,
808 2720 1120 2789 Crispinum
1153 2736 1370 2790 quoque
1417 2719 1728 2785 diaconum,

165 2824 376 2870 vestros
413 2814 644 2868 famulos
676 2813 1090 2867 destinavimus.
1123 2811 1348 2880 Propter
1378 2827 1513 2882 quos
1546 2819 1732 2882 postu-

167 2911 340 2962 lamus
371 2907 608 2961 celerius
637 2905 796 2959 nohis
828 2919 856 2957 a
892 2913 1072 2959 vestra
1099 2903 1434 2959 beatitudine
1473 2902 1728 2973 persolvi,

168 3008 221 3052 ut
261 2999 461 3054 vestris
491 2996 960 3051 cohortationibus
989 2995 1250 3059 roborati,
1283 2995 1476 3048 vestris
1506 2994 1727 3062 regulis,

163 3091 402 3148 inimicis
448 3090 697 3144 videlicet
742 3090 1091 3156 compressis,
1146 3087 1443 3150 informati,
1491 3087 1557 3140 ad
1604 3101 1728 3155 pro-

163 3186 308 3253 prias
332 3185 628 3254 prudenter
665 3181 930 3236 consolati
979 3182 1258 3235 valeamus
1312 3179 1573 3234 ecclesias
1608 3186 1732 3230 ante

161 3277 394 3330 hiemem
448 3273 675 3342 Domino
731 3271 966 3340 propitio
1022 3285 1284 3324 remeare.
1339 3269 1587 3324 Vestrum
1652 3275 1735 3323 est

159 3368 380 3435 quippe,
436 3363 598 3416 Pater
646 3362 1018 3424 sanctissime,
1059 3360 1322 3413 canonica
1372 3359 1734 3413 instructione

159 3459 392 3512 sollicite
426 3455 810 3510 ecclesiastica
855 3453 1049 3522 regula:
1078 3449 1508 3508 adversantibus,
1542 3456 1594 3502 et
1627 3447 1736 3499 fra-

158 3561 300 3603 trum
334 3545 750 3603 insidiatoribus
777 3544 1015 3606 obviare,
1050 3558 1150 3596 nec
1185 3541 1495 3610 permittere
1520 3538 1733 3593 noviter

157 3641 266 3694 dici
328 3637 473 3708 quod
511 3635 731 3690 Patrum
762 3633 1146 3689 venerabilinm
1169 3633 1460 3685 auctoritas
1511 3629 1732 3683 omnino

156 3745 265 3783 non
307 3727 544 3782 censuit.
599 3724 710 3778 Nos
739 3725 881 3779 enim
915 3723 1144 3778 humiles
1201 3723 1384 3786 corde,
1435 3721 1726 3790 sapientes,

152 3821 446 3889 adjuvante
476 3817 724 3879 Domino,
753 3830 871 3884 quae
894 3824 1038 3868 recta
1071 3821 1197 3868 sunt
1227 3829 1334 3867 uno
1361 3813 1577 3866 vinculo
1602 3813 1731 3866 cha-

153 3912 339 3966 ritatis
380 3910 662 3962 vobiscum
688 3923 879 3962 sumus
905 3906 1213 3970 constricti,
1243 3920 1424 3959 veram
1457 3904 1612 3958 ﬁdem
1664 3919 1727 3958 ac

152 4003 480 4072 religionem
542 3998 869 4054 catholicam
917 3997 970 4050 in
1003 3997 1256 4051 omnibus
1295 3996 1504 4050 fortiter
1540 3995 1728 4049 defen-

156 4104 371 4148 santes.
457 4091 770 4144 Studiosius
823 4090 1004 4158 itaque
1037 4103 1066 4141 a
1111 4086 1426 4141 Catholicis
1466 4087 1725 4157 improbis

152 4187 323 4255 probe
365 4185 623 4238 resistere
658 4180 936 4234 nitendum
988 4186 1091 4241 est,
1127 4194 1194 4232 ne
1231 4186 1524 4247 torpentes,
1581 4179 1726 4234 desi-

148 4279 238 4330 dia
261 4276 536 4346 oppressi,
557 4273 728 4341 culpae
751 4270 1140 4324 taciturnitatis
1164 4276 1445 4323 teneamur
1474 4269 1718 4334 obnoxii,
1735 4341 1756 4349 -

145 4382 198 4425 et
259 4367 423 4439 quasi
473 4365 712 4419 favorem
768 4364 1136 4432 impendentes
1184 4361 1510 4430 judicemur.
1573 4361 1723 4418 Unde

143 4461 361 4516 dictum
392 4464 476 4513 est
507 4474 521 4510 :
559 4455 858 4525 Negligere,
901 4469 1025 4507 cum
1071 4453 1250 4524 possis
1278 4453 1570 4508 deturbare
1600 4469 1722 4522 per-

1833 1890 2098 1946 devorari.
2165 1893 2357 1948 Merito
2378 1911 2507 1965 ergo
2537 1912 2634 1951 nos
2660 1897 2973 1959 sacerdotes
2997 1899 3207 1956 Domini
3242 1916 3406 1956 causa

1831 1984 2074 2052 respicit,
2104 1984 2149 2039 si
2179 1985 2397 2040 silentio
2427 1987 2538 2056 (56)
2568 1989 2848 2043 faveamus
2888 1991 3083 2044 errori.
3105 1990 3161 2045 Si
3188 1993 3406 2062 quidem

1831 2075 2196 2145 corripiantur
2223 2077 2557 2146 huiusmodi,
2585 2095 2685 2134 nec
2716 2081 2787 2135 sit
2821 2081 3052 2136 liberum
3079 2083 3159 2138 eis
3189 2098 3290 2153 pro
3320 2098 3410 2140 vo.

1831 2166 2037 2222 luntate
2059 2169 2260 2240 habere
2295 2169 2583 2237 judicium,
2617 2171 2940 2241 desinatque
2982 2174 3195 2229 novitas
3224 2175 3406 2230 inces-

1831 2273 1950 2314 sere
1979 2267 2326 2323 vetustatem,
2379 2261 2590 2315 desinat
2619 2263 2986 2318 Ecclesiarum
3035 2265 3273 2335 quietem
3323 2267 3405 2320 in-

1831 2351 2090 2420 quietudo
2138 2351 2377 2406 turbare.
2418 2351 2552 2405 Nam
2596 2369 2788 2409 omnes
2846 2358 3272 2427 metropolitani,
3318 2361 3404 2414 vel

1830 2441 2024 2509 reliqui
2055 2441 2320 2510 episcopi,
2351 2456 2449 2496 sua
2483 2442 2607 2495 odia
2636 2451 2728 2496 aut
2754 2444 3026 2499 vindictas
3055 2447 3108 2500 in
3160 2448 3402 2516 reliquos

1831 2533 2114 2602 episcopos
2138 2549 2392 2588 exercere
2421 2549 2530 2587 non
2559 2535 2794 2588 valeant.
2830 2535 2956 2591 Ideo
2992 2539 3311 2592 nominatim
3344 2541 3401 2592 in

1832 2624 2046 2678 Nicasna
2077 2626 2284 2695 synodo
2331 2627 2576 2696 expressi
2613 2637 2741 2680 sunt
2781 2628 3065 2696 primates,
3127 2631 3221 2700 qui
3271 2631 3405 2684 reli«

1831 2731 1967 2784 quos
1997 2717 2280 2786 episcopos
2311 2717 2498 2771 audire
2525 2725 2576 2771 et
2611 2717 2858 2786 judicare
2904 2720 3157 2785 debeant,
3190 2736 3259 2777 ne
3286 2722 3399 2775 ulla

1833 2805 1983 2861 fraus
2037 2808 2092 2860 in
2139 2807 2346 2876 judicio
2384 2810 2763 2878 episc0porum
2800 2809 2975 2878 possit
3010 2810 3238 2868 irruere.
3293 2811 3400 2867 Vos

1831 2912 1960 2966 ergo
1995 2898 2084 2966 qui
2133 2899 2187 2952 in
2217 2914 2429 2953 summo
2463 2900 2688 2968 speculo
2717 2901 2906 2969 gratia:
2931 2900 3021 2954 Dei
3055 2901 3190 2957 estis
3232 2901 3402 2973 depo-

1833 2987 1943 3052 siti,
1975 2989 2254 3043 attendere
2276 3004 2394 3051 eos,
2427 2998 2480 3044 et
2507 2991 2812 3060 Opprimere
2833 2999 3064 3060 oportet,
3095 2993 3187 3062 qui
3218 2993 3272 3046 in
3297 2993 3402 3047 fra-

1833 3088 1944 3134 tres
1997 3079 2294 3136 seditiones
2349 3081 2462 3152 (57)
2496 3093 2547 3136 et
2576 3082 2829 3137 scandala
2868 3082 3130 3136 excitant.
3167 3082 3402 3155 Ideoque

1834 3187 2140 3237 exoramus,
2199 3183 2257 3227 ut
2315 3174 2535 3229 minime
2584 3174 2898 3244 despiciatis
2946 3175 3269 3232 humilitatis
3299 3192 3402 3231 no-

1835 3277 1980 3328 strae,
2011 3273 2064 3320 et
2091 3268 2332 3320 omnium
2375 3267 2733 3322 Orientalium
2762 3268 3186 3339 orthodoxorum
3218 3264 3401 3326 sacer-

1833 3353 2036 3419 domm,
2095 3364 2147 3410 et
2203 3359 2522 3426 p0pulorum
2566 3358 2884 3415 alllictiones
2918 3368 2970 3415 et
2998 3361 3396 3427 damnationes,

1832 3460 1955 3498 cum
1993 3446 2247 3516 lacrymis
2272 3449 2500 3502 oblatas.
2527 3443 2628 3504 Sed
2661 3451 2804 3505 sicut
2825 3453 3112 3506 luminaria
3145 3454 3399 3510 universo

1833 3535 2055 3598 mundo,
2087 3537 2308 3590 verbum
2337 3538 2458 3592 vita:
2483 3540 2795 3605 retinentes,
2821 3541 3161 3597 introductas
3184 3544 3397 3596 exstin-

1832 3629 1976 3699 guite
1999 3630 2246 3684 tenebras
2277 3630 2792 3686 nefandissimorum
2819 3633 3224 3700 insidiatorum,
3258 3643 3395 3690 tem-

1831 3723 2054 3793 poribus
2086 3723 2246 3777 etiam
2272 3723 2476 3777 nostris
2509 3724 2818 3792 procaciter
2856 3725 3186 3793 germinatas
3214 3744 3226 3779 :
3259 3740 3395 3796 qua-

1829 3825 1987 3870 tenus
2035 3815 2278 3870 funditus
2319 3817 2583 3870 exstincta
2626 3816 2936 3884 hujusmodi
2968 3817 3217 3886 caligine,
3260 3818 3394 3872 luci-

1831 3907 1909 3961 fer
1935 3908 2090 3961 nobis
2125 3907 2466 3976 reSplendeat
2496 3923 2592 3976 per
2613 3923 2729 3973 vos,
2756 3909 3102 3963 sanctissime
3136 3909 3316 3975 Pater,
3339 3919 3394 3966 et

1827 3997 2130 4066 dogmatica
2176 3996 2417 4050 deﬁnitio
2449 3998 2648 4066 ubique
2695 4012 2887 4053 omnes
2921 3998 3219 4063 laetiﬁcans,
3285 4015 3392 4069 qua

1824 4087 2045 4158 gloriosi
2077 4087 2247 4142 sancti
2276 4086 2465 4142 Patres
2503 4103 2597 4157 per
2626 4089 2842 4158 propria
2876 4090 3120 4159 piissime
3142 4091 3392 4160 dogmata

1825 4185 1880 4236 in
1915 4189 2122 4234 aeterme
2152 4179 2274 4232 vita:
2314 4178 2522 4232 ﬁrmam
2549 4179 2914 4235 haereditatem
2947 4181 3271 4250 praedicasse
3295 4197 3394 4235 no-

1826 4282 2074 4327 scuntur.
2097 4271 2160 4325 Et
2190 4273 2518 4341 subscriptio
2555 4291 2566 4326 :
2601 4271 2930 4326 Incolumem
2968 4283 3107 4335 te,et
3134 4274 3394 4344 benepla-
3417 4299 3439 4319 υ

1822 4367 1988 4418 citum
2044 4364 2175 4428 Deo,
2224 4365 2569 4420 sanctissime
2625 4363 2786 4418 Pater
2844 4363 3092 4426 Patrum,
3149 4375 3380 4422 orantetl

1821 4471 1920 4526 pro
1945 4455 2102 4512 nobis
2128 4456 2391 4512 Dominus
2422 4455 2693 4511 custodiat
2728 4457 2782 4510 in
2807 4472 3002 4511 aevum.
3030 4459 3228 4512 Amen.

1221 4569 1544 4638 Rescriptum
1575 4569 1765 4625 Felicis
1791 4587 1939 4642 papa:
1977 4572 2046 4626 ad
2071 4571 2298 4628 eosdem.

212 4690 387 4761 612
426 4686 915 4742 Reverendissimis
953 4694 1113 4753 atque
1143 4684 1506 4738 dilectissimis
1539 4685 1722 4738 fratri-
1754 4695 1798 4750 D
1829 4689 1956 4741 tiam
1986 4688 2221 4758 Spiritus
2249 4690 2444 4753 sancti,
2478 4697 2531 4744 et
2568 4687 2677 4743 Deo
2711 4688 2971 4757 placitum
2991 4688 3229 4741 studium
3258 4703 3388 4741 con-

137 4785 254 4836 lius
287 4779 616 4840 Athanasio,
658 4787 710 4832 et
766 4778 1032 4831 universis
1061 4774 1461 4845 Egyptiorum,
1494 4776 1726 4830 Thebai-

133 4876 302 4937 dum,
354 4871 759 4941 Libyorumquc
788 4871 1056 4938 episcopis
1098 4869 1153 4921 in
1182 4876 1368 4922 sancta
1405 4866 1723 4921 Alexandri-

130 4983 211 5022 na
253 4964 468 5036 synodo
517 4961 878 5032 congregatis,
911 4959 1061 5013 Felix
1098 4959 1251 5012 alma:
1278 4957 1537 5012 Romanae
1570 4959 1724 5014 urbis

129 5071 190 5116 et
237 5056 576 5113 universalis
625 5054 879 5108 Ecclesiae
911 5053 1217 5120 cpiscopus,
1252 5059 1306 5106 et
1346 5061 1532 5106 sancta
1562 5067 1724 5121 syno-

127 5156 270 5215 dus,
321 5164 446 5220 quas
478 5151 533 5200 in
578 5147 764 5199 urbem
805 5143 1031 5197 Ruinam
1089 5144 1360 5206 convenit,
1405 5144 1458 5196 in
1491 5143 1719 5197 Domino

125 5245 406 5300 salutem.

208 5336 443 5389 Sacram
493 5338 732 5385 vestram
781 5327 1092 5399 synodicam
1138 5327 1418 5396 epistolam
1463 5341 1560 5395 per
1596 5341 1718 5396 gra-

203 5493 255 5524 ⁸⁷
294 5490 449 5545 Psal.
487 5502 690 5551 xxxvi,
730 5485 829 5550 '50,
861 5485 948 5538 5|.
1026 5483 1070 5514 "
1106 5481 1208 5536 Job
1244 5498 1406 5546 xxrx,
1446 5480 1629 5534 13-17.

228 5645 323 5712 56)
360 5645 438 5696 Ex
469 5642 636 5711 epist.
665 5639 686 5711 1
729 5635 1005 5693 ϐωιθεῑὶιιί
1039 5636 1054 5688 1
1089 5635 1152 5688 ad
1189 5633 1394 5688 Gallos.

202 5647 332 5787 ἕδη.
357 5714 632 5783 Steph-an.
665 5708 942 5770 Dorensis,
975 5706 1039 5759 ad
1069 5705 1333 5776 synodum
1367 5704 1394 5756 Ι.

1826 4781 2107 4850 scriptam.
2132 4791 2324 4836 vestra:
2355 4797 2382 4834 a
2413 4781 2519 4835 Deo
2552 4779 2881 4834 honoranda:
2929 4779 3236 4834 sanctitatis
3269 4795 3389 4848 gra-

1827 4871 1897 4924 tia
1929 4872 2163 4925 libenter
2216 4871 2575 4940 suscepimus,
2609 4877 2770 4938 atque
2800 4870 3067 4923 instanter
3095 4878 3280 4922 nostra
3330 4869 3386 4922 in

1827 4964 2033 5032 synodo
2083 4963 2313 5016 recitare
2347 4977 2443 5030 per
2500 4962 2711 5030 singula
2749 4961 3037 5029 jussimus,
3090 4971 3144 5014 et
3196 4974 3386 5016 omnes

1827 5053 2029 5105 intente
2077 5051 2196 5120 ejus
2228 5052 2480 5122 colligere
2540 5051 2706 5104 verba
2765 5053 3142 5121 praecepiums.
3207 5048 3384 5120 Super

1825 5159 1945 5212 qua:
1992 5143 2120 5197 dum
2156 5144 2322 5197 laetari
2365 5143 2722 5212 sperabamus
2748 5150 2801 5197 et
2838 5143 3208 5214 cupiebamus,
3236 5157 3383 5196 versa

1816 5235 1974 5290 estin
2010 5234 2207 5286 luctum
2252 5234 2458 5287 cithara
2511 5244 2692 5288 nostra
2712 5235 2776 5300 ³⁸³,
2825 5243 2878 5290 et
2899 5235 3138 5316 cantatio
3168 5235 3221 5288 in
3266 5235 3382 5304 plo-

1817 5329 2100 5389 rationem,
2133 5333 2187 5381 et
2216 5325 2438 5381 omnino
2469 5327 2636 5382 totius
2666 5327 2856 5398 synodi
2886 5327 3140 5398 gaudium
3163 5326 3219 5382 in
3246 5337 3384 5384 mas-

1705 5479 1750 5511 ³⁹
1789 5478 1891 5534 Job
1924 5496 2026 5534 xxx
2051 5520 2064 5543 ,
2103 5481 2190 5535 3|.

227 5697 332 5787 δή
357 5697 632 5783 Steph-an.
665 5708 942 5770 Dorensis,
975 5706 1039 5759 ad
1069 5705 1333 5776 synodum
1367 5700 1793 5759 Luteranensem
1823 5713 1965 5756 anno
2001 5697 2119 5753 6l9.
