3976 6388
593 279 730 336 “79

1737 272 1794 325 S.
1821 271 2284 325 Al‘llANASIUS.
2313 299 2381 309 -—
2423 269 2696 320 Sl’LlllA.

3701 270 3829 326 ιιδιι

529 369 532 372 ἢ
593 410 768 450 rorem
831 390 1150 447 translatum
1202 396 1305 450 est,
1369 386 1496 458 quia
1549 401 1652 441 non
1681 385 1962 449 decuerat,
2018 395 2077 440 ut
2123 385 2159 438 ii
2193 395 2237 446 Α
2265 384 2322 437 in
2353 383 2607 436 volumen
2651 381 2957 433 litterarum
2991 386 3296 432 vestrarum
3339 380 3710 448 comperimus
3757 401 3834 441 re.

592 484 682 558 qui
711 497 912 552 corpus
946 481 1057 552 (58)
1101 478 1308 533 Christi
1339 476 1582 548 quotidie
1616 475 1835 545 preprio
1869 475 2166 528 conficiunt

592 590 704 638 ore,
759 581 964 626 tantam
1012 576 1330 640 paterentur
1378 566 1834 636 persecutionem.
1899 562 2165 630 Quoniam

593 664 854 718 Dominus
897 661 1038 716 Dens
1091 667 1277 714 noster
1332 659 1565 713 salutem
1621 656 1916 726 providens
1949 655 2166 724 generis

592 756 838 816 humani,
877 753 1150 807 mandavit
1201 749 1611 822 persecutiones
1646 763 1754 802 non
1797 748 1934 810 fieri,
1987 762 2168 815 neque

590 844 968 897 fluctuationes
1018 839 1230 904 inferri,
1261 848 1356 891 aut
1413 839 1640 892 invideri
1694 838 2066 890 lahorantilms
2112 838 2164 890 in

591 949 722 1004 agro
782 930 1014 995 Domini,
1069 946 1245 1000 neque
1306 930 1714 999 dispensatores
1777 929 1957 997 magni
2001 927 2166 996 Regis

591 1023 792 1085 vexari,
833 1028 926 1073 aut
955 1019 1168 1088 expelli.
1198 1019 1492 1084 Quem-ite,
1520 1019 1696 1086 inquit
1749 1025 1936 1074 sancta
1972 1033 2166 1085 magna

591 1112 807 1168 Nicasna
851 1112 1116 1182 synodus,
1159 1117 1214 1163 et
1257 1109 1425 1162 nolite
1469 1107 1723 1176 persequi
1780 1121 1875 1160 eos
1915 1105 2008 1173 qui
2058 1104 2166 1159 Deo

589 1205 832 1277 perfecte
889 1203 1222 1262 ministrant,
1275 1210 1327 1254 et
1369 1199 1583 1253 sincera
1627 1201 1906 1252 voluntate
1941 1197 2164 1266 superni

592 1298 689 1354 Dei
721 1294 978 1351 mandata
1007 1292 1347 1354 custodiunt,
1395 1300 1450 1344 et
1482 1291 1688 1345 nostris
1718 1291 1927 1359 legibus
1977 1289 2167 1357 subju-

591 1397 814 1461 gantur.
850 1384 988 1454 Quia
1042 1399 1142 1439 nec
1188 1383 1343 1438 decet
1392 1397 1494 1436 nec
1539 1382 1673 1436 ordo
1707 1383 1932 1450 patitur,
1974 1388 2031 1433 ut
2061 1380 2162 1434 ini-

591 1481 684 1552 qui
719 1487 774 1535 et
807 1477 1056 1533 carnales
1115 1474 1430 1544 spirituales
1485 1479 1918 1544 persequantur.
1977 1470 2166 1524 Omnis

591 1571 736 1627 enim
789 1569 880 1639 qui
915 1567 1120 1621 resistit
1151 1565 1336 1628 alicui,
1387 1579 1534 1618 nunc
1590 1562 1870 1626 vertendo,
1904 1576 2047 1615 nunc
2075 1577 2160 1614 ce-

592 1659 758 1714 lando
802 1658 1104 1717 veritatem,
1165 1656 1426 1710 mentitur
1482 1654 1749 1710 adversus
1794 1669 1916 1708 eum
1953 1663 2161 1707 'contra

2268 483 2590 536 tractemus,
2653 481 2708 526 et
2767 472 2871 525 alia
2933 471 3196 526 nonnulla
3259 471 3518 526 instantis
3584 479 3834 546 temporis

2265 569 2576 624 necessaria
2626 573 2787 634 prout
2840 565 3022 634 petitis
3063 580 3352 634 ponamus.

2337 659 2449 730 (69.)
2488 661 2536 712 l.
2571 656 2664 710 Est
2695 672 2932 726 namque
2959 654 3532 726 synodicisdeeretum
3555 657 3832 725 institutis,

2266 758 2326 805 ut
2353 765 2514 804 nemo
2559 749 2882 818 episcopum
2927 762 3094 818 penes
3145 747 3441 801 saeculares
3478 749 3717 806 arbitros
3752 767 3836 806 ac-

2266 850 2442 905 cuset,
2476 840 2570 895 sed
2598 839 2664 893 ad
2707 855 2952 894 summos
2989 839 3276 909 primates.

2335 933 2388 986 2.
2431 929 2489 986 Si
2529 932 2652 1000 quis
2697 931 2964 985 adversus
3007 931 3599 1002 episcopumausam
3638 933 3834 988 habue-

2266 1025 2356 1088 rit,
2397 1039 2506 1078 non
2537 1021 2692 1092 prius
2729 1022 2867 1076 alios
2899 1021 3188 1092 episcopos
3217 1020 3403 1084 adeat,
3437 1035 3496 1077 ut
3526 1039 3652 1079 eum
3685 1041 3838 1079 aecuo

2267 1121 2370 1176 set,
2415 1127 2581 1183 quam
2633 1111 2977 1166 familiariter
3013 1110 3060 1164 ei
3102 1127 3263 1166 suam
3301 1111 3506 1167 indicet
3542 1115 3834 1183 querelam,

2264 1213 2318 1259 et
2356 1204 2424 1258 ab
2461 1219 2528 1259 eo
2550 1203 2754 1272 justam
2793 1201 3232 1257 emendationem
3261 1241 3278 1262 .
3319 1211 3416 1257 aut
3461 1204 3836 1259 rationabilem

2267 1294 2535 1365 percipiat
2571 1295 3007 1356 excusationem,
3054 1294 3179 1366 ipsa
3231 1309 3330 1348 nos
3369 1295 3680 1350 instruente
3709 1297 3838 1350 veri—

2265 1395 2375 1440 tate
2406 1405 2419 1440 :
2456 1385 2514 1440 Si
2547 1388 2833 1460 peccaverit
2864 1387 2917 1440 in
2941 1396 2988 1440 te
3020 1387 3192 1456 frater
3232 1395 3378 1451 tuus,
3410 1385 3544 1440 vade
3567 1396 3619 1440 et
3648 1389 3840 1457 corripe

2263 1495 2380 1532 eum
2409 1481 2548 1533 inter
2579 1489 2626 1532 te
2657 1489 2707 1532 et
2737 1481 2906 1548 ipsum
2934 1481 3122 1533 solum.
3157 1479 3219 1534 Si
3249 1489 3300 1532 te
3319 1495 3424 1532 non
3465 1479 3722 1540 audierit,
3754 1482 3839 1532 ad-

2263 1570 2378 1624 hibe
2405 1570 2538 1625 duos
2568 1573 2646 1624 vel
2671 1582 2774 1624 (res
2809 1580 2994 1624 tecum.
3027 1569 3096 1624 Et
3140 1570 3314 1624 sinon
3357 1569 3612 1634 audierit,
3648 1573 3734 1624 dic
3758 1569 3838 1624 Ec-

2265 1661 2438 1716 clesia:
2462 1661 2530 1726 δ’,
2565 1660 2615 1716 id
2643 1670 2747 1722 est.
2785 1677 2984 1716 accusa
3007 1677 3132 1716 eum
3165 1663 3410 1731 publice,
3440 1669 3496 1715 et
3525 1676 3636 1716 non
3669 1663 3837 1731 priva-

593 1767 757 1822 quem
781 1750 977 1820 litigat.
1019 1747 1084 1801 Et
1119 1747 1210 1817 qui
1253 1746 1485 1800 infestus
1507 1756 1588 1801 est
1619 1747 1800 1809 alicui,
1841 1744 2024 1798 omnia
2053 1743 2162 1799 sic-
2194 1737 2234 1794 Β
2265 1751 2384 1813 tim,
2407 1760 2460 1805 et
2489 1751 2717 1820 reliqua.

595 1851 656 1897 ut
709 1842 883 1896 hostis
932 1840 1062 1910 agit,
1120 1847 1174 1894 et
1247 1839 1468 1906 insuper
1510 1838 1656 1908 loqui
1712 1837 2008 1892 contendit.
2061 1834 2168 1890 Vos

595 1935 743 1989 enim
795 1947 1080 1986 monemus
1114 1930 1311 1983 lratres
1344 1930 1397 1983 in
1433 1929 1676 1998 speculis
1703 1945 1826 1983 esse
1855 1928 2072 1992 debere,
2111 1939 2170 1982 ut

593 2028 650 2081 in
681 2034 946 2096 quantum
977 2039 1101 2078 esse
1131 2023 1359 2092 potestis
1395 2029 1450 2076 et
1492 2020 1756 2076 Dominus
1784 2023 2044 2076 auxilium
2075 2021 2173 2075 de-

594 2119 761 2184 derit,
791 2119 992 2172 talibus
1025 2128 1211 2170 nostra
1249 2114 1552 2184 apostolica
1600 2123 1893 2184 vestraque
1931 2115 2171 2168 auctori-

596 2218 705 2265 tate
749 2209 1036 2268 resistatis.
1099 2223 1199 2261 nec
1250 2209 1539 2278 quisquam
1601 2213 1845 2260 vestrum
1896 2220 1926 2258 a
1981 2205 2168 2259 fratris

596 2299 803 2352 auxilio
844 2313 906 2352 se
953 2296 1276 2360 subtrahat,
1330 2295 1424 2350 sed
1481 2309 1582 2364 pro
1619 2293 1826 2347 viribus
1871 2292 2173 2346 adminicu-

597 2393 708 2447 lum
727 2397 962 2462 praestet.
990 2389 1426 2454 Quoniam.lieet
1451 2387 1610 2458 pauci
1641 2385 1783 2449 sitis,
1815 2386 1861 2440 si
1888 2387 2174 2440 unanimes

598 2485 837 2550 fueritis,
875 2483 1208 2542 nullatenus,
1251 2481 1468 2550 justitia
1523 2479 1878 2548 sull‘ragante,
1944 2475 2173 2531 Domino

595 2591 816 2648 quoque
851 2590 1007 2645 opem
1040 2573 1268 2636 ferente,
1298 2570 1693 2642 superabimini
1731 2587 1744 2623 :
1791 2567 1930 2635 Quia
1969 2567 2177 2629 {unicu-

598 2670 682 2726 (ιε
718 2667 909 2735 triplex
939 2665 1169 2734 difﬁcile
1205 2665 1467 2734 rumpitur
1487 2663 1553 2716 ⁸⁸.
1589 2661 1721 2716 Nam
1761 2663 1806 2715 si
1846 2659 2036 2713 ciliciis
2075 2673 2175 2712 sas—

596 2760 882 2817 cnlaribus
921 2756 1036 2827 (59)
1086 2756 1323 2810 humana
1377 2755 1459 2808 lex
1497 2753 1769 2818 subvenit,
1808 2759 2014 2822 quanto
2061 2765 2177 2804 ma-

591 2853 684 2921 gis
703 2850 1116 2913 ecclesiasticis,
1150 2855 1205 2903 et
1231 2845 1445 2901 Domini
1476 2844 1877 2903 sacerdotibus.
1915 2844 2178 2897 maxime-

591 2959 706 3014 que
761 2939 1133 3013 pontiﬁcibus,
1187 2938 1283 3008 qui
1339 2937 1560 3008 pupillae
1615 2935 1902 2989 oculorum
1962 2933 2175 2990 Domini

2306 1841 2356 1894 5.
2395 1838 2452 1894 Si
2491 1841 2615 1912 quis
2673 1841 2990 1911 episcopum
3027 1840 3258 1911 posthac
3297 1841 3526 1911 elegerit
3568 1856 3835 1905 accusare,

2269 1933 2498 1988 summis
2527 1933 2852 2002 primatibus
2879 1935 3259 2002 episcoporum
3295 1949 3454 1988 suam
3488 1933 3696 1986 indicet
3725 1950 3836 1986 can-

2269 2041 2408 2088 sam,
2436 2034 2626 2082 etnon
2662 2026 3052 2092 saaenlarilms,
3095 2025 3187 2096 qui
3223 2026 3396 2096 magis
3423 2025 3492 2078 ad
3532 2027 3832 2096 pae.-ni(6.'.)

2269 2135 2432 2191 quam
2483 2119 2548 2172 ad
2599 2118 2869 2187 judicium
2920 2133 3018 2173 eos
3073 2125 3358 2178 revocent,
3402 2125 3464 2168 ut
3510 2119 3752 2171 charitas
3788 2117 3832 2169 in

2269 2211 2526 2265 omnibus
2578 2218 2632 2264 et
2687 2211 2756 2264 ab
2809 2209 3067 2264 omnibus
3121 2208 3494 2263 custodiatur.
3557 2207 3614 2261 Si
3651 2211 3834 2278 prima-

2273 2308 2354 2356 tes
2409 2310 2756 2355 accnsatores
2796 2301 3180 2369 episcoporum
3246 2315 3372 2352 cum
3429 2301 3514 2353 eis
3569 2301 3834 2368 pacificate

2274 2391 2615 2445 familiariter
2669 2391 2891 2445 minime
2943 2391 3244 2460 potuerint,
3307 2396 3442 2444 tunc
3487 2397 3731 2458 tempore
3771 2389 3834 2442 le-

2271 2481 2463 2550 gitimo
2501 2495 2597 2534 eos
2629 2479 2695 2533 ad
2725 2479 2992 2550 synodum
3023 2479 3288 2534 canonice
3325 2489 3714 2540 convocatam,
3741 2494 3831 2531 non

2273 2568 2413 2624 infra
2449 2579 2679 2639 angusta
2725 2578 2967 2638 tempora
3002 2571 3268 2624 canonice
3299 2581 3637 2634 convocem,
3667 2581 3830 2624 etnon

2274 2659 2588 2729 priusquam
2622 2662 2702 2716 eis
2733 2676 2827 2731 per
2859 2661 3064 2730 scripta
3091 2662 3405 2731 significent
3448 2663 3582 2732 quid
3627 2663 3833 2734 opponi-

2277 2762 2384 2814 tur,
2419 2760 2476 2805 ut
2499 2753 2564 2806 ad
2601 2753 3013 2822 responsionem
3043 2754 3338 2822 praeparati
3372 2751 3694 2807 adveniant.
3721 2753 3832 2806 Nam

2277 2843 2322 2897 si
2349 2851 2441 2895 aut
2480 2843 2553 2905 vi,
2594 2851 2688 2896 aut
2723 2844 2918 2897 timore
2943 2843 3124 2912 ejecti,
3175 2852 3271 2896 aut
3297 2844 3418 2899 suis
3459 2846 3630 2899 rebus
3667 2860 3836 2914 exspo-

2276 2937 2388 2992 liati
2450 2935 2690 2999 fuerint,
2750 2951 2850 2990 nec
2883 2935 3150 2990 canonice
3195 2937 3416 2990 evocari
3470 2935 3544 2990 ad
3593 2937 3834 3008 synodum

597 3035 966 3106 appellantur,
1021 3031 1203 3086 divina
1253 3037 1414 3100 atque
1445 3027 1709 3082 canonica
1753 3027 1834 3081 lex
1891 3027 2175 3098 suffragari
2203 3071 2245 3127 ε
2279 3036 2544 3099 possunt,
2603 3043 2705 3082 nec
2760 3027 3092 3100 respondere
3143 3029 3360 3084 azrnulis
3412 3027 3644 3103 debent,
3694 3036 3837 3082 ante-

599 3127 806 3182 debet?
851 3124 941 3178 Ait
985 3123 1130 3178 enim
1157 3121 1406 3176 divinum
1438 3118 1506 3174 de
1533 3119 1813 3188 episcopis
1857 3119 2132 3188 eloquium
2159 3137 2172 3172 :

602 3218 708 3284 Qui
753 3235 841 3272 vos
897 3215 1087 3286 tangit,
1121 3213 1286 3283 tangit
1323 3211 1576 3281 pupillam
1623 3209 1762 3262 oculi
1799 3211 1899 3264 inci
1926 3210 1988 3264 “.
2021 3209 2084 3262 Et
2129 3210 2177 3266 si

601 3311 894 3367 saecularcs
920 3308 1172 3362 homines
1222 3305 1459 3358 humana
1491 3302 1870 3372 multipliciter
1888 3303 2179 3372 exploran-

599 3411 692 3456 tur
728 3401 866 3470 lege.
912 3405 967 3452 et
1009 3396 1395 3467 requisitiones
1430 3405 1592 3463 atque
1631 3393 1866 3448 induciae
1890 3393 1996 3447 illis
2037 3393 2178 3446 mul-

599 3501 782 3547 torum
817 3490 1087 3546 mensium
1136 3486 1530 3549 conceduntur,
1571 3501 1641 3541 ne
1682 3486 1880 3555 injuste
1914 3485 2179 3540 damnen-

601 3596 731 3652 tur;
760 3591 966 3654 quanto
991 3580 1165 3650 magis
1193 3578 1486 3648 episcopis,
1518 3579 1609 3648 qui
1657 3579 2015 3649 ρι-οχίηιίοτθε
2051 3584 2178 3632 sum

599 3675 734 3739 Deo,
789 3683 842 3730 et
896 3689 1060 3741 super
1115 3687 1212 3727 eos
1262 3680 1390 3727 sunt
1447 3671 1752 3734 constituti,
1805 3671 2076 3740 positique
2123 3671 2177 3724 in

602 3767 812 3824 cmlesti
868 3764 1084 3830 militia,
1138 3778 1259 3834 quas
1309 3763 1611 3832 impensius
1675 3762 2023 3832 ponderanda
2071 3770 2175 3825 est,

604 3868 960 3930 temporaque
1010 3865 1141 3911 sunt
1191 3855 1538 3910 concedenda
1573 3855 1742 3907 multo
1779 3853 2067 3922 ampliora,
2110 3867 2179 3908 ne

601 3968 634 4005 a
665 3949 996 4021 quibusdam
1036 3958 1332 4018 graventur
1387 3956 1482 4000 aut
1517 3947 1919 4016 opprimantur,
1967 3944 2051 3998 vel
2083 3959 2178 3998 su-

605 4044 721 4099 bito
768 4043 1114 4097 damnentur.
1153 4040 1264 4111 (60)
1293 4038 1656 4108 Inspiciamus
1691 4053 1843 4107 ergo,
1884 4037 2178 4104 adjuvante

607 4135 718 4190 Deo
757 4144 812 4190 et
849 4144 1041 4189 sancto
1079 4133 1328 4202 apostolo
1361 4129 1543 4192 Petro,
1593 4145 1688 4199 per
1739 4145 1900 4198 quem
1953 4137 2008 4183 et
2045 4143 2177 4197 apo-

551 4258 575 4282 ο
609 4226 844 4280 stolatas
883 4234 934 4279 et
973 4225 1320 4292 episcopatus
1342 4223 1396 4275 in
1424 4221 1643 4274 Christo
1672 4219 1838 4288 cmpit
1865 4219 2173 4281 exordium,

610 4333 773 4389 quam
805 4317 988 4387 plures
1018 4325 1160 4381 sepe
1193 4321 1536 4368 emerserunt
1563 4326 1765 4375 causa},
1798 4326 1918 4382 quae
1965 4313 2018 4365 in
2049 4313 2174 4381 qui-

2278 3133 2439 3188 quam
2487 3117 2752 3172 canonice
2807 3117 3186 3183 restituantur,
3217 3126 3272 3174 et
3307 3135 3410 3173 sua
3444 3120 3532 3176 eis
3571 3120 3750 3175 omnia
3775 3120 3836 3171 le-

2278 3209 2467 3281 galiter
2504 3207 2820 3263 reddantur.

2349 3302 2406 3355 4.
2450 3300 2506 3354 Si
2543 3302 2667 3370 quis
2711 3301 3089 3370 episcoporum
3133 3301 3251 3356 suis
3303 3299 3477 3355 fuerit
3549 3303 3712 3358 relus
3761 3318 3837 3356 ei-

2279 3391 2566 3462 spoliatus,
2601 3401 2694 3446 aut
2736 3407 2766 3445 a
2801 3407 2899 3446 sua
2947 3393 3193 3447 Ecclesia
3224 3393 3274 3446 vi
3313 3403 3407 3448 aut
3441 3396 3642 3450 timore
3679 3397 3838 3464 expul-

2277 3503 2393 3551 sus,
2445 3487 2591 3558 quod
2640 3487 2788 3541 omni
2828 3487 3139 3541 Christiano
3178 3488 3394 3544 nomini
3425 3498 3518 3544 est
3559 3490 3836 3548 inimicum,

2277 3589 2489 3649 oportet
2527 3590 2580 3634 et
2621 3581 2777 3635 decet
2823 3581 3205 3650 episc0pornm
3247 3585 3614 3652 przepositum
3656 3599 3839 3652 semper

2279 3673 2452 3742 prima
2495 3671 2671 3726 fronte
2714 3672 3004 3726 sollicitum
3033 3688 3180 3737 esse,
3208 3682 3268 3726 ut
3297 3676 3516 3739 omnia,
3558 3691 3680 3746 qua:
3695 3677 3738 3730 ei
3764 3678 3839 3729 ai}-

2277 3764 2386 3818 lata
2433 3772 2598 3828 sunt,
2655 3764 2906 3832 potestati
2959 3763 3080 3832 ejus
3129 3765 3384 3833 legaliter
3434 3768 3756 3830 reddantur,
3795 3773 3838 3818 et

2277 3857 2478 3925 praesul
2500 3857 2652 3925 prius
2685 3857 3024 3910 restituatur.
3057 3853 3125 3908 Et
3159 3865 3350 3927 postea
3386 3875 3507 3913 non
3535 3861 3738 3921 statim,
3761 3857 3837 3913 Sed

2277 3947 2370 4002 diu
2401 3956 2454 4001 et
2489 3964 2580 4017 per
2617 3949 2856 4018 spatiosa
2887 3957 3152 4017 tempora,
3185 3949 3306 4004 suis
3347 3954 3683 4018 potestative
3709 3954 3838 4020 depo-

2278 4041 2420 4103 sitis,
2454 4047 2508 4093 et
2542 4039 2608 4092 ad
2643 4055 2796 4094 suam
2830 4041 3214 4095 necessitatem
3259 4049 3618 4112 prmparatis,
3652 4048 3713 4102 ad
3735 4058 3838 4100 tem-

2279 4148 2382 4202 pus
2422 4132 2601 4186 veniat
2641 4131 2708 4184 ad
2745 4145 2990 4186 causam.
3041 4131 3108 4184 Et
3150 4133 3196 4187 si
3239 4135 3400 4204 juste
3446 4140 3634 4194 visum
3683 4141 3833 4198 fuerit.

2277 4224 2690 4280 accusatoribus
2716 4224 3040 4292 respondeat
3080 4226 3220 4280 suis.

2351 4315 2404 4370 ὅ.
2447 4313 2590 4368 Nulli
2647 4315 2834 4368 infami
2873 4315 2984 4386 (64)
3021 4324 3185 4386 atque
3215 4319 3499 4390 sacrilego
3527 4322 3598 4378 de
3629 4337 3836 4392 quocun-

612 4408 840 4463 husdam
883 4421 992 4460 non
1035 4413 1192 4460 erant
1231 4417 1436 4466 causa,
1471 4401 1566 4458 sed
1595 4402 1846 4456 crimina.
1891 4401 2028 4467 Quia
2060 4417 2174 4454 ma-
2206 4419 2249 4473 ι)
2279 4420 2384 4475 que
2429 4405 2592 4460 liceat
2627 4405 2864 4475 negotio,
2904 4405 3170 4463 adversus
3212 4410 3552 4480 religiosum
3601 4413 3836 4468 Christia-

613 4501 714 4571 gis,
750 4507 809 4554 ut
841 4498 1230 4568 comperimus.
1264 4496 1566 4566 :iniquitate
1607 4494 1872 4551 fratribus
1911 4503 2042 4550 sunt
2075 4497 2178 4549 im-

613 4591 828 4662 positas,
869 4604 1032 4660 quam
1066 4588 1351 4643 charitate.
1406 4586 1472 4641 Et
1505 4597 1564 4642 ut
1598 4587 1665 4642 de
1722 4596 1918 4642 czetero
1975 4588 2178 4642 sollici-

612 4682 743 4738 tudo
769 4684 862 4746 sit,
891 4697 960 4736 ne
991 4681 1120 4735 talia
1159 4680 1470 4744 deveniant,
1492 4679 1730 4749 capitula
1765 4679 2032 4746 quLedam,
2057 4696 2178 4748 qua:

612 4790 640 4828 a
671 4775 880 4830 sanctis
917 4773 1196 4838 Patribus,
1250 4780 1362 4824 tam
1398 4772 1452 4826 in
1491 4769 1710 4826 Nicaeaa
1739 4770 1968 4842 synodo,
2011 4786 2175 4840 quam

612 4868 667 4922 in
702 4868 803 4922 hac
829 4867 956 4922 sede
988 4866 1286 4921 constituta
1313 4871 1462 4930 sunt,
1492 4879 1781 4934 ponamus.
1819 4863 2028 4930 Quibus
2069 4863 2174 4916 fra-

613 4967 724 5013 tres
753 4966 808 5013 et
843 4958 1151 5028 coepisc0pi
1192 4956 1363 5011 nostri
1399 4956 1537 5021 fulti,
1571 4955 1800 5009 insidias
1830 4954 2172 5007 inimicorum

611 5051 842 5108 Domino
866 5053 1012 5106 auin
1035 5059 1162 5105 ante
1204 5049 1420 5104 valeant
1447 5047 1697 5109 evadere,
1723 5054 1777 5101 et
1808 5054 1966 5115 prout
1991 5042 2175 5098 Domi-

615 5162 721 5201 nus
746 5145 954 5200 dederit
979 5159 1155 5214 posse,
1188 5138 1664 5212 paucioribus(6l)
1693 5145 1970 5190 tantorum
2000 5136 2172 5188 malo-

619 5251 736 5291 rum
767 5236 946 5292 verbis
979 5237 1255 5289 imitemur
1283 5231 1683 5302 compendium,
1723 5237 1777 5284 et
1803 5229 2030 5282 strictim
2055 5242 2175 5297 qua:

690 5389 736 5423 “
774 5389 1063 5454 Eccle.’iv,
1099 5389 1188 5444 12.
1261 5388 1304 5420 ⁸⁸
1341 5385 1568 5441 Zachar.
1605 5397 1683 5444 ιι,
1715 5381 1769 5435 8.

713 5500 802 5567 58)
833 5499 1145 5571 Hieronym.
1172 5501 1330 5571 epist.
1362 5498 1425 5552 ad
1455 5495 1838 5567 Nepotianum.

717 5573 805 5641 {59)
837 5570 892 5641 ὃ.
930 5569 1090 5641 Greg.
1113 5569 1345 5640 epfl‘20,
1374 5571 1409 5622 1.
1439 5585 1533 5623 vn.

714 5639 802 5708 60)
839 5639 890 5691 In
901 5656 1022 5692 noc.
1049 5639 1154 5708 'ep.’
1173 5642 1225 5695 2.

696 5708 806 5773 (61)
838 5709 1016 5763 lnnoe.
1046 5727 1132 5775 ep.
1159 5710 1206 5763 7.

2276 4514 2430 4557 num,
2463 4500 2714 4567 quamvis
2749 4499 2968 4554 humilis
3002 4501 3337 4572 Servilisquc
3366 4519 3612 4573 persona
3662 4508 3745 4568 sit,
3775 4514 3836 4556 Ie-

2275 4589 2596 4643 stimonium
2627 4587 2831 4652 dicere,
2865 4605 2965 4642 nec
2997 4590 3065 4644 de
3113 4593 3364 4659 quzlibet
3399 4599 3626 4653 actione
3662 4599 3736 4652 vel
3773 4599 3835 4648 in-

2275 4681 2571 4750 scriptione
2601 4680 2974 4735 Christiannm
3007 4683 3292 4752 impetere.

2341 4768 2395 4821 6.
2434 4767 2491 4822 Si
2528 4769 2648 4838 quis
2682 4770 2976 4840 episcopus
3012 4771 3258 4840 legitime
3300 4788 3632 4845 accusatus,
3680 4787 3730 4836 et
3761 4793 3832 4832 sn-

2272 4859 2522 4930 pradicto
2555 4861 2744 4916 ordine
2777 4861 2842 4915 ad
2875 4863 3173 4917 concilium
3205 4867 3487 4924 canonice
3541 4880 3832 4926 convocatus

2275 4949 2458 5016 fuerit,
2524 4954 2729 5024 absque.
2775 4954 3142 5025 trepidatione
3201 4958 3284 5013 ire
3316 4960 3573 5020 debebit.
3620 4963 3747 5019 Etsi
3775 4962 3831 5016 ir!

2275 5057 2384 5096 non
2411 5046 2646 5114 potuerit
2677 5045 2812 5116 (G5),
2847 5060 2945 5116 pro
2966 5061 3028 5102 se
3051 5047 3298 5117 legatum
3342 5053 3416 5107 ad
3459 5057 3718 5126 synodum
3739 5054 3826 5106 mii-

2272 5142 2374 5188 tat.

2350 5227 2400 5282 7.
2436 5227 2607 5282 Nullae
2631 5243 2814 5283 causae
2841 5243 2871 5282 a
2900 5228 3187 5298 judicibus
3215 5235 3620 5297 ecclesiasticis
3645 5238 3819 5294 audian-

1849 5382 1892 5412 ⁸³
1933 5378 2122 5435 Matth.
2161 5397 2331 5445 xvm,
2371 5380 2562 5437 15-17.

2355 5493 2468 5565 (62)
2499 5495 2684 5553 Cartli.
2714 5513 2796 5560 ιιι,
2829 5512 2877 5551 c.
2905 5496 2962 5552 9.

2347 5565 2458 5634 (63)
2488 5567 2673 5620 Carth.
2705 5584 2778 5630 tv,
2803 5585 2854 5622 (ν.
2887 5567 2979 5620 26.

2357 5637 2468 5704 (64)
2505 5639 2575 5688 Fx
2606 5638 2831 5690 Aniano.

2358 5705 2471 5773 (ti-‘3)
2514 5706 2638 5760 Adr.
2671 5723 2722 5762 c.
2811 5713 2862 5762 et
2895 5707 2979 5762 ll.
