3976 6388
295 427 423 482 N81

1231 429 1434 489 PONT.
1478 431 1644 488 ROM.
1681 432 1768 488 ET
1805 431 2174 488 ATHANASII
2208 432 2596 492 EPISTOLzE.

3397 441 3535 496 1452

285 548 395 604 tur,
453 555 573 610 quae
603 541 811 612 legibus
843 557 953 598 non
983 545 1350 615 continentur,
1388 549 1471 604 vel
1507 565 1626 620 qua:
1664 549 1850 620 prohi-
1883 556 1922 611 Α
1954 549 2096 603 dicta
2127 548 2342 603 Nicmna
2373 550 2582 621 synodo
2617 558 2745 604 sunt
2777 549 3080 606 constituti.
3120 547 3334 620 Reliqui
3381 566 3530 615 vero,

285 633 406 687 hitze
437 648 559 688 esse
594 642 914 688 noscuntur.

351 724 404 778 8.
446 723 502 778 Si
537 726 660 794 quis
694 727 853 780 aliter
891 743 1000 783 non
1044 730 1398 800 acquieverit,
1426 731 1528 788 nisi
1551 739 1611 784 ut
1647 732 1857 802 episco-

289 831 416 886 pum
458 826 700 883 accuset,
751 835 915 888 supra
949 829 1133 876 taxato
1166 822 1268 878 hoc
1291 830 1478 878 tenore
1510 837 1668 894 agere
1694 823 1857 878 debe-

283 909 383 975 bit,
421 911 548 979 quia
579 911 736 966 aliter
765 921 881 967 rata
911 929 1018 968 non
1065 922 1242 984 potest
1270 915 1546 970 accusatio
1571 915 1851 970 exsistere.

283 1000 438 1055 Tunc
491 1002 667 1071 primo
704 1005 944 1058 accusati
984 1019 1207 1060 causam
1239 1012 1527 1060 accusator
1568 1005 1678 1076 (66)
1712 1008 1854 1077 apud

282 1092 541 1162 primates
565 1096 826 1150 canonice
855 1095 1080 1152 deferat.
1109 1096 1242 1151 Nam
1267 1111 1298 1150 a
1327 1098 1709 1153 communione
1729 1114 1856 1169 pro-

283 1185 534 1239 hibeatur
564 1194 876 1252 accusatus,
909 1188 1013 1243 nisi
1043 1187 1110 1242 ad
1143 1189 1440 1244 electorum
1465 1188 1730 1256 judicium
1761 1203 1856 1242 ca-

282 1275 479 1332 nonice
512 1289 845 1334 convocatus
884 1279 1025 1334 infra
1076 1289 1188 1335 tres
1220 1287 1315 1334 aut
1356 1295 1474 1344 sex,
1534 1282 1618 1335 vel
1667 1281 1854 1350 plures

280 1379 496 1421 menses
524 1380 622 1435 pro
664 1369 778 1423 suis
806 1370 1071 1424 rationem
1113 1369 1432 1424 redditurus
1458 1371 1642 1426 venire
1675 1371 1851 1426 distu-

281 1453 423 1509 lerit.
457 1454 612 1521 Quod
653 1458 698 1513 si
745 1459 979 1528 probare
1007 1461 1242 1529 potuerit
1281 1459 1424 1532 quod
1459 1461 1708 1526 voluerit,
1755 1463 1851 1518 sed

281 1558 390 1598 non
446 1548 682 1616 potuerit
729 1549 890 1619 613
938 1549 1146 1616 venire,
1198 1549 1332 1604 nihil
1374 1549 1423 1604 ei
1476 1553 1713 1609 nocebit.
1758 1552 1851 1608 llle

281 1650 430 1701 vero,
467 1637 559 1706 qui
587 1638 660 1702 vi,
692 1649 785 1692 aut
818 1641 1011 1694 timore
1042 1655 1070 1692 a
1097 1639 1224 1696 sede
1255 1639 1463 1709 pulsus,
1501 1653 1594 1698 aut
1621 1645 1736 1700 suis
1765 1659 1851 1699 re-

279 1726 385 1781 bus
435 1729 774 1797 exspoliatus
814 1729 996 1796 fuerit,
1027 1746 1134 1785 non
1163 1730 1314 1800 prius
1333 1739 1558 1786 vocetur
1586 1734 1651 1788 ad
1686 1749 1850 1805 syno-

277 1817 432 1881 dum,
461 1834 622 1889 quam
656 1821 705 1875 ei
736 1821 918 1875 omnia
943 1823 1153 1892 legibus
1171 1825 1602 1898 redintegrentur
1621 1825 1754 1898 (67).
1783 1826 1849 1882 Ει

1957 641 2049 708 qui
2078 642 2526 712 metropolitanas
2555 641 2667 712 (7|)
2711 650 2896 696 tenent
2921 644 3100 707 sedes,
3128 643 3530 714 archiepiscopi

1958 741 2238 796 vocantur,
2267 739 2319 784 et
2361 747 2468 784 non
2511 733 2787 800 primates,
2817 734 2966 788 salva
3015 735 3070 787 in
3103 735 3355 790 omnibus
3407 751 3532 806 apo-

1958 822 2164 876 stolica:
2200 821 2345 877 sedis
2366 821 2650 892 dignitate,
2682 840 2801 894 quae
2839 826 2888 879 ei
2930 825 2997 878 ab
3031 825 3146 894 ipso
3181 825 3410 882 Domino
3444 835 3530 882 est

1956 924 2237 974 concess:i,
2266 918 2318 965 et
2348 921 2530 982 postea
2561 928 2590 966 a
2621 915 2827 970 sanctis
2860 913 3115 972 Patribus
3145 917 3416 974 roborata.

2029 999 2113 1053 15.
2151 997 2333 1053 Primo
2363 1015 2576 1071 Semper
2602 1003 2654 1056 in
2685 1005 2832 1057 omni
2869 1006 3252 1075 episcoporum
3293 1021 3522 1060 accusa-

1955 1089 2136 1152 tione,
2185 1104 2438 1160 persona,
2488 1093 2598 1147 vita
2645 1101 2698 1147 et
2755 1096 3096 1151 conversatio
3146 1097 3520 1151 accusantium

1953 1179 2279 1234 enucleatim
2322 1180 2648 1247 inquiratur,
2679 1189 2732 1237 et
2769 1185 3112 1252 postmodum
3148 1200 3210 1239 ea
3239 1199 3358 1254 qua:
3383 1184 3522 1253 obji-

1952 1270 2192 1336 ciuntur,
2226 1271 2452 1326 ﬁdeliter
2498 1284 2913 1342 pertractentur.
2950 1275 3213 1342 Quoniam
3243 1277 3378 1329 nihil
3421 1276 3522 1329 ali-

1953 1368 2036 1413 ter
2071 1360 2186 1416 ﬁeri
2235 1362 2413 1428 debet,
2450 1364 2554 1419 nisi
2598 1364 2962 1434 impolitorum
3009 1368 3160 1437 prius
3210 1369 3520 1438 requiratur

1952 1451 2108 1517 ﬁdes,
2143 1467 2408 1522 personae,
2430 1455 2538 1508 vita
2579 1462 2632 1508 et
2655 1463 2807 1510 actus
2835 1455 3228 1524 discutiantur,
3255 1458 3381 1527 quia
3410 1473 3519 1511 non

1951 1545 2109 1600 debet
2137 1561 2427 1617 pravorum
2452 1555 2544 1600 aut
2569 1547 2939 1602 insidiantium
2968 1548 3242 1603 hominum
3279 1551 3517 1619 pernicie

1949 1637 2058 1690 vita
2090 1638 2319 1693 lacerari
2348 1638 2738 1693 innocentium.
2785 1639 2927 1694 Sane
2958 1640 3255 1708 smpissime
3309 1641 3431 1694 boni
3484 1655 3516 1694 a

1950 1728 2108 1783 malis
2152 1737 2575 1800 persequuntur,
2611 1730 2701 1801 qui
2735 1746 2844 1785 non
2883 1741 3103 1786 ceSsant
3150 1731 3264 1786 suis
3293 1729 3516 1784 calami-

1949 1816 2153 1871 tatibus
2191 1817 2312 1871 aliis
2345 1819 2626 1888 derogare.
2679 1819 2805 1874 ideo
2845 1834 3189 1891 summopere
3216 1821 3514 1891 prmviden-

277 1910 467 1965 tandiu
498 1911 553 1966 in
587 1913 716 1970 sede
751 1915 971 1985 propria
1003 1915 1230 1985 paciﬁce
1262 1928 1315 1972 et
1357 1893 1682 1989 potestative
1703 1893 1845 1974 cun-
1879 1893 1919 1948 Β
1945 1905 2074 1961 dum
2101 1916 2200 1972 εει,
2232 1923 2298 1962 ne
2334 1909 2446 1963 1ιὶεο
2473 1910 2621 1966 ﬁam-

276 2010 362 2055 cta
399 2002 700 2072 disponens
744 2005 1000 2070 resideat,
1041 2006 1285 2076 quandiu
1321 2011 1605 2080 expulsus,
1636 2011 1720 2066 vel
1751 2026 1849 2067 ex-

276 2092 543 2162 spoliatus
591 2109 779 2151 carere
829 2096 981 2153 visus
1034 2105 1118 2154 est
1165 2099 1348 2156 rebus.
1401 2101 1534 2156 Cum
1562 2112 1740 2157 autem
1781 2105 1847 2160 ad

269 2184 543 2255 judicium
570 2189 801 2254 venerit,
832 2189 878 2244 si
919 2190 1153 2245 voluerit
1189 2198 1243 2246 et
1278 2208 1505 2250 necesse
1541 2193 1727 2263 fuerit,
1760 2197 1846 2252 in-

273 2277 447 2332 duciae
486 2277 536 2333 ei
580 2280 782 2349 petenti
824 2295 853 2333 a
888 2280 1136 2337 Patribus
1165 2285 1475 2340 constituta:
1499 2288 1704 2357 absque
1747 2289 1848 2342 im-

273 2368 587 2438 pedimento
627 2371 1021 2435 concedantur,
1054 2382 1108 2429 et
1151 2374 1366 2445 judices
1399 2392 1430 2431 a
1469 2393 1529 2434 se
1561 2379 1717 2434 electi
1746 2381 1846 2434 tri-

272 2460 530 2526 buantur,
564 2469 620 2514 ut
651 2463 707 2516 in
732 2462 850 2518 loco
880 2465 1022 2520 unde
1042 2476 1124 2521 est
1153 2468 1242 2524 ille
1281 2467 1372 2538 qui
1405 2477 1716 2535 accusatur,
1753 2481 1846 2526 aut

271 2552 317 2607 si
352 2553 485 2608 alibi
541 2553 776 2623 alicujus
826 2558 1125 2613 temerariae
1164 2559 1526 2616 multitudinis
1583 2562 1693 2617 vim
1733 2578 1846 2618 me-

271 2644 460 2710 tuerit,
505 2643 685 2700 locum
726 2645 830 2701 sibi
849 2661 1149 2716 congruum
1188 2651 1371 2722 eligat,
1403 2667 1512 2723 quo
1539 2653 1744 2724 absque
1781 2655 1846 2710 ti-

272 2748 425 2791 more
447 2749 597 2803 suos,
621 2736 666 2791 si
691 2738 991 2794 necessitas
1016 2743 1596 2811 expoposcerit,testes
1623 2744 1841 2811 habere,

269 2831 325 2880 et
357 2825 566 2897 absque
614 2826 1001 2897 impedimento
1046 2845 1202 2887 suam
1236 2833 1498 2889 canonice
1521 2836 1844 2890 sententiam

271 2917 430 2973 ﬁnire
457 2917 657 2973 valeat.
1709 2920 1714 2928 '

339 3007 394 3063 9.
434 3007 572 3074 Quia
601 3008 769 3063 multa
819 3024 916 3079 per
944 3009 1351 3082 subreptionem
1384 3011 1604 3069 evenire
1632 3014 1837 3081 solent,

269 3095 383 3168 (68)
414 3096 523 3152 illis
557 3097 881 3154 testiﬁcandi
914 3100 996 3154 vel
1028 3102 1322 3156 accusandi
1360 3102 1576 3158 licentia
1614 3104 1845 3176 denege-

267 3197 378 3255 tur,
403 3189 495 3259 qui
515 3188 841 3245 Christiana:
861 3191 1138 3262 religionis
1157 3201 1209 3247 et
1235 3194 1473 3251 nominis
1523 3197 1835 3270 dignitatem
1865 3224 1906 3283 ο

268 3286 322 3334 et
353 3293 468 3334 suae
496 3279 630 3350 tegis
670 3281 753 3336 vel
783 3280 868 3336 sui
903 3282 1166 3353 propositi
1203 3298 1470 3352 normam,
1497 3295 1588 3342 aut
1622 3291 1836 3360 regula-

269 3365 402 3421 riter
435 3367 728 3438 prohibita,
761 3371 1118 3442 neglexerint.

339 3458 431 3514 10.
472 3459 699 3515 Multum
734 3462 1015 3534 derogatio
1054 3467 1328 3536 praevalet,
1354 3468 1574 3539 quando
1607 3469 1836 3543 (ιρι-οεδ-

269 3555 326 3605 ιο
353 3550 615 3606 creditur.
652 3550 774 3608 Ideo
807 3555 972 3611 variis
1001 3556 1430 3614 detractionibus
1461 3570 1623 3632 atque
1671 3577 1835 3618 accu-

269 3643 577 3702 sationibus
607 3661 716 3701 non
743 3647 897 3702 decet
930 3647 1043 3720 (69)
1065 3649 1380 3706 labefactari
1404 3652 1713 3722 primatem,
1740 3655 1835 3710 sed

265 3737 445 3808 magis
470 3736 695 3792 Patrum
728 3741 929 3811 regulis
969 3741 1248 3808 roborari,
1299 3758 1402 3798 nec
1440 3743 1599 3798 facile
1632 3756 1726 3800 aut
1754 3745 1836 3800 in-

265 3827 583 3885 differenter
633 3832 911 3902 suscipere
960 3834 1339 3891 accusationes
1377 3843 1708 3904 praesumat,
1754 3837 1837 3892 di-

267 3929 424 3978 cente
456 3921 729 3980 Domino:
763 3923 888 3980 Non
938 3928 1196 3998 suscipias
1250 3944 1424 3982 vocem
1477 3929 1831 3996 utendacii";

265 4011 361 4067 sed
393 4012 551 4082 prius
581 4014 814 4083 probare
851 4016 1010 4072 debet
1059 4017 1426 4088 suspicionem
1470 4030 1524 4074 et
1570 4036 1832 4087 causam,

269 4108 363 4156 aut
384 4118 496 4174 quo
527 4106 708 4160 animo
743 4105 845 4161 hoc
879 4107 1044 4162 faciat
1069 4116 1123 4164 et
1149 4112 1499 4180 postmodum
1527 4113 1832 4185 suscipere,

267 4196 394 4264 quia
418 4197 663 4253 veritatis
686 4198 1101 4268 professionem,
1144 4203 1569 4273 prepinquitatis
1595 4245 1611 4270 ,
1656 4205 1837 4260 inimi-

266 4286 428 4349 citiae,
454 4287 688 4355 timoris,
714 4290 938 4354 amoris,
983 4290 1092 4346 odii
1126 4303 1179 4348 et
1215 4295 1530 4364 cupiditatis
1584 4297 1834 4364 intentio,

267 4375 551 4447 impedire,
582 4384 637 4434 et
669 4379 894 4436 adversa
920 4381 1182 4440 fratribus
1224 4385 1467 4456 irrogare
1499 4388 1660 4444 solet.

337 4466 426 4520 11.
469 4466 582 4539 (70)
611 4466 863 4524 Personae
887 4474 1261 4528 accusantium
1298 4477 1430 4533 tales
1461 4493 1584 4534 esse
1613 4479 1835 4547 debent,

2020 1998 2104 2054 1-1.
2146 2000 2337 2056 Nullus
2371 2016 2594 2066 servus,
2630 2002 2741 2074 ('72)
2786 2003 2968 2058 nullus
3012 2003 3271 2071 libertus,
3332 2005 3516 2062 nullus

1949 2088 2165 2155 inﬁdus,
2195 2093 2377 2148 nullus
2404 2093 2726 2148 criminibus
2759 2094 3003 2150 irretitus
3028 2136 3042 2159 ,
3098 2097 3283 2152 nullus
3311 2098 3518 2152 calum-

1947 2183 2145 2247 niator,
2172 2183 2354 2238 nullus
2378 2185 2467 2254 qui
2498 2185 2806 2240 inimicitiis
2837 2187 3040 2251 studet,
3072 2189 3256 2243 nullus
3291 2189 3384 2253 qui
3408 2189 3516 2243 fre-

1945 2282 2172 2342 quenter
2201 2273 2392 2344 litigat,
2419 2283 2471 2330 et
2508 2275 2573 2329 ad
2621 2277 2958 2332 causandum
2992 2277 3074 2331 vel
3119 2277 3513 2332 detrahendum

1945 2375 2028 2422 cst
2054 2367 2249 2431 facilis,
2277 2369 2422 2422 nulla
2455 2369 2672 2426 infamis
2703 2385 2934 2441 persona
2961 2411 2975 2436 ,
3033 2386 3243 2424 necnon
3295 2379 3348 2426 et
3392 2371 3516 2424 uni-

1946 2460 2086 2515 versi
2115 2475 2253 2530 quos
2293 2460 2359 2515 ad
2390 2464 2664 2516 causauda
2698 2463 2914 2532 publice
2960 2462 3191 2517 crimina
3225 2463 3372 2532 leges
3409 2478 3513 2533 pu-

1945 2551 2082 2607 blice
2111 2568 2219 2606 non
2249 2552 2575 2617 admittunt,
2619 2555 2964 2624 permittatur
3004 2556 3292 2626 episcopos
3349 2571 3515 2610 accu-

1945 2657 2084 2698 sare.
2117 2642 2383 2709 Quoniam
2417 2653 2766 2701 accusatores
2816 2654 2871 2701 et
2921 2647 3326 2711 accusationes,
3375 2663 3512 2716 quas

1945 2733 2089 2804 leges
2115 2735 2295 2789 saeculi
2327 2751 2435 2790 non
2466 2735 2756 2806 recipiunt,
2801 2752 2907 2808 qua
2938 2739 3149 2793 ratione
3193 2739 3511 2794 sacerdota-

1945 2823 2010 2880 lis
2040 2842 2132 2882 eas
2162 2828 2400 2897 recipere
2426 2827 2620 2883 debeat
2650 2827 2782 2882 ordo
2832 2829 3075 2885 invenire
3114 2846 3354 2900 nequeo,
3388 2847 3510 2886 cum

1944 2917 2057 2972 haec
2079 2927 2132 2974 et
2164 2920 2218 2974 in
2240 2919 2457 2974 Nicama
2487 2919 2693 2991 synodo
2715 2919 2985 2992 prohibita
3021 2922 3148 2984 sint,
3165 2929 3217 2976 et
3241 2923 3314 2977 illi
3339 2926 3510 2993 magis

1944 3011 2173 3076 abistis,
2195 3029 2302 3067 non
2339 3013 2428 3068 isti
2459 3012 2526 3068 ab
2548 3013 2904 3082 illisjudicari
2929 3013 3180 3080 debeant,
3218 3030 3340 3069 cum
3374 3016 3512 3086 Apo-

1943 3101 2116 3156 stolus
2146 3102 2328 3156 dicat:
2365 3101 2672 3171 Spiritualis
2702 3105 2911 3173 judicat
2943 3108 3155 3172 omnia,
3195 3109 3304 3177 ipse
3337 3125 3455 3164 vero
3477 3128 3510 3163 a

1945 3194 2146 3247 nemine
2174 3194 2451 3263 judicatur
2488 3195 2552 3227 “'

2007 3285 2094 3339 15.
2136 3285 2408 3351 literetici,
2441 3301 2471 3339 a
2501 3286 2701 3356 quibus
2735 3286 2963 3341 nimium
2999 3287 3381 3359 opprimimur,
3408 3305 3508 3346 ex-

1937 3379 2434 3448 communicatique
2454 3417 2468 3442 ,
2498 3378 2815 3444 homicidae,
2869 3379 2984 3446 (75)
3015 3379 3279 3445 maleﬁci,
3317 3379 3467 3436 fures
3489 3421 3505 3444 ,

1935 3469 2206 3540 sacrilegi,
2234 3477 2506 3538 raptores,
2538 3469 2780 3532 veneﬁci,
2810 3468 3064 3534 adulteri,
3089 3478 3144 3525 et
3166 3471 3256 3540 qui
3289 3481 3506 3541 raptum

1937 3557 2185 3624 fecerint,
2227 3561 2310 3614 vel
2341 3561 2538 3615 falsum
2569 3559 2940 3615 testimonium
2971 3559 3246 3626 dixerint,
3281 3578 3376 3620 seu
3413 3564 3506 3636 qui

1936 3650 2004 3705 ad
2052 3651 2340 3722 sortilegos
2405 3666 2703 3721 magosque
2766 3669 2824 3707 se
2871 3654 3220 3718 contulerint,
3273 3656 3507 3711 nullate-

1937 3759 2039 3798 nus
2085 3743 2152 3798 ad
2199 3744 2622 3810 accusationem,
2663 3744 2747 3798 vel
2799 3745 2864 3798 ad
2921 3746 3290 3802 testimonium
3344 3756 3506 3804 erunt

1937 3833 2280 3892 admittendi.

2011 3923 2095 3981 16.
2134 3923 2252 3978 Νοη
2311 3924 2384 3978 ita
2433 3925 2487 3978 in
2530 3925 2918 3982 ecclesiasticis
2949 3927 3061 3997 (74)
3113 3927 3379 3998 agendum
3421 3937 3506 3986 est

1937 4013 2169 4083 negotiis
2191 4014 2333 4068 sicut
2369 4012 2422 4066 in
2459 4013 2836 4070 saecularibus.
2876 4013 3009 4068 Nam
3041 4016 3096 4070 in
3128 4017 3502 4085 saecularibus,

1937 4114 2222 4178 postquam
2246 4107 2458 4177 legibus
2483 4114 2733 4170 vocatus,
2766 4113 2820 4160 et
2848 4106 2902 4160 in
2936 4107 3054 4161 foro
3084 4107 3370 4163 decertare
3393 4123 3506 4164 Cte-

1937 4199 2015 4270 pit
2044 4199 2240 4269 aliquis
2263 4239 2278 4263 ,
2331 4215 2440 4254 non
2468 4199 2592 4253 licet
2629 4205 2755 4253 ante
2803 4206 3075 4269 peractam
3109 4214 3333 4255 causam
3364 4215 3508 4256 rece-

1937 4289 2084 4345 dere.
2115 4288 2171 4344 ln
2214 4289 2604 4345 ecclesiasticis
2648 4304 2812 4357 vero,
2865 4289 3008 4344 dicta
3047 4304 3212 4345 causa
3254 4292 3508 4348 recedere

1937 4379 2082 4442 licet,
2108 4381 2152 4435 si
2178 4395 2403 4436 necesse
2431 4379 2615 4447 fuerit,
2638 4388 2732 4433 aut
2765 4380 2811 4434 si
2841 4394 2900 4434 se
2930 4380 3257 4450 praegravari
3287 4381 3503 4435 viderit.

2007 4472 2096 4526 17.
2135 4471 2578 4542 Quotiescunque
2627 4471 2741 4543 (75)
2795 4471 3085 4542 episcopus
3135 4487 3302 4542 super
3342 4475 3506 4527 certis

263 4571 499 4627 quarum
534 4557 667 4616 ﬁdes
695 4567 748 4615 et
783 4564 1127 4618 conversatio
1158 4571 1214 4618 et
1247 4567 1358 4620 vita
1413 4570 1741 4638 probabilis,
1781 4578 1836 4626 et
1867 4551 1913 4608 Ῑ)
1940 4575 2233 4619 accusatur
2255 4564 2596 4627 criminibus,
2632 4565 2677 4620 si
2703 4565 2838 4619 tales
2872 4562 3075 4618 fuerint
3107 4572 3462 4618 accusatores
3487 4603 3502 4626 ,

263 4649 473 4718 absque
514 4651 940 4720 reprehensione
993 4653 1101 4719 sit,
1144 4664 1198 4710 et
1243 4672 1362 4726 qua:
1413 4659 1560 4712 omni
1613 4666 1836 4714 careant

263 4739 600 4810 suspicione.
626 4741 760 4808 Quia
787 4743 986 4807 ethoc,
1014 4749 1070 4798 te
1099 4753 1386 4814 praesente,
1415 4754 1472 4798 ut
1498 4747 1632 4802 bene
1666 4749 1834 4815 nosti,

263 4829 561 4886 inNicazna
599 4833 830 4904 synodo,
861 4845 1082 4906 propter
1123 4836 1390 4890 malorum
1432 4836 1711 4891 hominum
1760 4837 1837 4892 in-

264 4922 610 4980 festationem
651 4926 720 4981 ab
756 4927 1012 4983 omnibus
1041 4935 1124 4982 est
1148 4925 1451 4991 deﬁnitum,
1487 4927 1614 4982 licet
1640 4943 1836 4998 pravo-

264 5031 384 5071 rum
425 5017 707 5072 hominum
753 5018 967 5075 insidiis
1011 5019 1122 5076 sint
1168 5016 1284 5074 hac
1320 5025 1375 5074 et
1421 5019 1526 5072 alia
1555 5021 1835 5089 complura

264 5110 463 5165 deleta.
1635 5165 1640 5171 .

333 5204 425 5259 12.
468 5203 736 5260 Primates
772 5203 871 5269 illi,
902 5208 956 5258 et
985 5216 1096 5257 non
1130 5199 1224 5256 alii
1252 5212 1401 5268 sunt,
1431 5216 1589 5272 quam
1615 5203 1669 5257 in
1706 5219 1837 5274 prat-

333 5366 379 5400 ”
420 5365 593 5420 Exod.
626 5379 792 5429 χχιιι,
831 5363 882 5416 1.
961 5361 1007 5394 ⁸⁸
1045 5358 1066 5413 l
1097 5360 1223 5415 Cor.
1261 5362 1337 5427 ιι,
1373 5359 1462 5414 15.

333 5543 450 5614 (66)
475 5542 670 5614 Qarth.
712 5556 798 5603 tu,
830 5539 886 5614 '_l.

335 5605 449 5684 (67)
488 5612 648 5667 Rom.
683 5627 737 5675 v,
771 5611 875 5684 sub
906 5605 1251 5684 Symmacho.

333 5673 448 5748 (68)
486 5673 734 5737 Anianus
774 5682 826 5734 in
861 5696 911 5734 e.
947 5673 1004 5748 ’1,
1033 5686 1080 5748 ι.
1114 5677 1170 5748 7,7
1195 5678 1233 5730 l.
1273 5675 1376 5743 16,
1412 5674 1536 5734 cod.
1568 5673 1779 5735 Theod.

335 5747 449 5820 (69)
482 5754 704 5806 Damas.
734 5751 895 5820 epist.
929 5747 996 5820 ad
1031 5747 1293 5819 Illyricos.

338 5819 450 5894 (70)
484 5822 712 5876 Adrian.
744 5819 781 5874 ιι
814 5830 867 5875 et
902 5819 987 5874 15.

543 5919 815 5980 PATROL.
851 5917 965 5976 (in.
993 5915 1283 5978 XXVIII.

1937 4652 2030 4723 qui
2069 4653 2217 4721 juste
2263 4659 2318 4707 et
2347 4653 2610 4706 canonice
2640 4652 2808 4720 recipi
2841 4652 3108 4714 debeant,
3169 4651 3406 4720 legitima
3449 4651 3503 4704 in

1937 4743 2145 4816 synodo
2180 4759 2280 4799 suo
2336 4744 2392 4798 in
2453 4751 2692 4812 tempore
2725 4749 3085 4812 congregata,
3127 4742 3194 4795 ab
3249 4741 3504 4796 omnibus

1936 4837 2200 4892 canonice
2239 4837 2510 4901 audiatur,
2546 4837 2638 4906 qui
2670 4844 2796 4890 sunt
2832 4836 2885 4888 in
2918 4834 3214 4903 provinciis
3240 4833 3502 4902 episc0pi.

1936 4928 2090 4996 Quod
2126 4930 2173 4984 si
2211 4929 2437 5000 legitimi
2469 4944 2577 4982 non
2612 4926 2811 4982 fuerint
2837 4933 3204 4990 accusatores,
3241 4941 3347 4980 non
3381 4924 3504 4978 fati-

1937 5030 2095 5093 getur
2121 5021 2436 5092 episcopus,
2460 5020 2586 5090 quia
2633 5019 2948 5075 sacerdotes
2979 5018 3046 5071 ad
3084 5015 3500 5072 sacriﬁcandum

1936 5125 2132 5165 vacare
2173 5111 2411 5172 debent,
2458 5125 2566 5164 non
2617 5109 2682 5161 ad
2723 5108 3062 5179 litigandum.
3115 5105 3224 5162 Nec
3275 5107 3374 5172 illi,
3410 5109 3503 5177 qui

1936 5201 2120 5256 throni
2170 5201 2264 5257 Dei
2299 5210 2582 5265 vocantur,
2622 5215 2911 5272 pravorum
2961 5198 3243 5254 hominum
3288 5197 3504 5256 insidiis

2029 5532 2119 5595 7|)
2159 5528 2388 5584 Adrian.
2424 5528 2529 5583 col.
2563 5527 2634 5599 23
2665 5535 2717 5584 et
2746 5527 2864 5599 15.,

2035 5603 2121 5660 Ἡ)
2153 5599 2346 5654 Carth.
2384 5614 2484 5660 vlt,
2516 5614 2565 5654 c.
2607 5598 2663 5655 2.

2035 5603 2100 5654 '72
2153 5603 2346 5654 Carth.
2384 5614 2484 5660 vlt,
2516 5614 2539 5652 c

2030 5603 2121 5744 75)
2154 5669 2288 5744 ᾼὰιθ.
2320 5669 2539 5744 col._ti_3.

2031 5739 2116 5804 74)
2153 5739 2282 5805 Leo,
2315 5755 2400 5808 ep.
2437 5739 2523 5794 51.
2592 5763 2600 5771 ·

2030 5812 2116 5884 75)
2152 5809 2281 5865 Atlr.
2321 5810 2411 5863 9.7.

3156 5899 3231 5964 lt?
