3976 6388
530 373 552 426 ιι
571 370 666 424 ῑ85

1645 365 1702 420 S.
1744 365 2204 421 ATHANASIUS.
2238 397 2305 406 συ-
2344 363 2617 420 SPURIA.

3631 368 3751 424 1184

529 482 734 536 turbari
773 493 994 543 ueucnt.
1051 482 1144 538 sed
1189 483 1359 537 libere
1397 483 1616 538 Christo
1652 483 1880 538 Domino
1914 484 2090 537 famu-
2123 493 2163 547 Α
2195 491 2335 535 ctam
2361 482 2543 537 sedem
2588 479 3029 550 interpellaverit,
3078 486 3170 532 aut
3207 479 3314 534 sibi
3345 478 3755 538 defensatricem

528 571 649 626 lari.

597 663 684 718 18.
752 662 1070 733 Quanquam
1135 666 1557 734 provincialibus
1606 668 1915 737 episc0pis,
1983 684 2089 721 una

527 769 649 807 cum
683 769 868 807 eorum
931 757 1350 826 metropolitano
1395 773 1507 812 sua:
1555 759 1848 826 provinciae
1893 774 2128 826 causas,

525 845 924 914 episcoporum,
961 845 1122 901 liceat
1156 848 1474 903 charitative
1503 859 1556 903 et
1599 850 1944 903 concorditer
1972 850 2088 920 agi-

523 943 670 1000 tare;
715 950 818 988 non
853 945 1055 1000 tamen,
1087 939 1229 992 sicut
1263 940 1319 993 in
1363 941 1651 1010 praedicta,
1686 949 1738 996 te
1787 949 2050 1011 praesente
2074 980 2088 1003 ,

522 1022 879 1076 constitutum
909 1031 990 1079 est
1020 1027 1248 1096 synodo,
1279 1027 1405 1083 licet
1435 1028 1659 1083 deﬁnire
1679 1068 1694 1094 ,
1745 1030 1948 1099 absque
1979 1029 2091 1083 Ro-

524 1115 664 1165 niani
699 1116 971 1184 pontificis
1021 1119 1366 1175 auctoritate.
1399 1115 1553 1186 Quod
1602 1121 1648 1176 si
1703 1137 1860 1177 secus
1906 1137 1934 1174 a
1970 1123 2091 1190 qui-

521 1205 750 1260 busdam
789 1216 1174 1278 przesumptum
1216 1210 1396 1275 fuerit,
1435 1213 1536 1282 ipsi
1567 1212 1661 1282 qui
1711 1213 1814 1266 hoc
1841 1223 2089 1282 egerunt,

523 1314 635 1352 sua).
658 1302 1098 1371 praesumptionis
1126 1305 1435 1374 suscipiant
1457 1305 1737 1359 damnum.
1766 1303 1830 1358 Et
1871 1306 1970 1369 illi,
1997 1305 2090 1375 qui

524 1390 591 1442 ab
622 1391 702 1444 eis
745 1407 1023 1461 perperam
1066 1395 1520 1450 excommunicati
1565 1405 1658 1450 aut
1702 1396 1942 1449 damnati
1975 1394 2093 1450 fue-

523 1479 653 1542 rint,
687 1481 1010 1535 auctoritate
1061 1482 1224 1552 hujus
1254 1494 1456 1540 sanctae
1499 1485 1665 1547 sedis,
1697 1493 1749 1538 et
1780 1485 1920 1539 beati
1957 1501 2092 1555 prie-

523 1570 756 1638 ceptoris
789 1571 958 1624 nostri
993 1573 1247 1642 clavigeri
1301 1573 1444 1630 Petri
1486 1583 1751 1646 potestate
1805 1580 2092 1633 solvantur

524 1667 686 1729 atque
725 1662 1104 1718 restituantur.
1145 1663 1263 1733 Ipse
1291 1665 1433 1720 enim
1464 1667 1540 1720 ait
1585 1668 1847 1725 Dominus
1883 1690 1895 1725 :
1933 1670 2092 1736 Quoa-

523 1768 721 1821 cunque
753 1752 965 1806 solveris
1018 1770 1173 1821 super
1223 1764 1455 1821 terram,
1505 1768 1653 1811 erunt
1708 1760 1882 1814 soluta
1933 1769 1982 1814 et
2036 1761 2088 1814 in

527 1852 666 1894 terra
704 1851 753 1895 el
791 1844 844 1895 in
875 1843 1014 1896 caelis
1045 1843 1108 1895 ”.

594 1935 686 1990 19.
710 1934 821 2006 (76)
841 1935 1065 2001 Quoties
1093 1937 1332 2007 episcopi
1353 1953 1410 1992 se
1427 1955 1456 1991 a
1479 1939 1592 1993 suis
1610 1939 2087 2009 comprovinciali-

522 2025 644 2088 bus,
681 2026 761 2079 vel
785 2041 814 2078 a
849 2027 1264 2096 metropolitano
1297 2030 1602 2098 putaverint
1626 2031 1974 2101 praegravari,
1999 2039 2091 2084 aut

522 2138 616 2176 eos
649 2130 934 2190 suspectos
961 2122 1272 2186 habuerint,
1305 2139 1426 2178 mox
1465 2123 1764 2178 Romanam
1817 2125 2090 2194 appellent

522 2213 722 2269 selum.
747 2212 826 2266 Ad
860 2229 1022 2282 quam
1056 2230 1151 2269 eos
1178 2216 1381 2284 absque
1433 2216 1539 2268 ulla
1588 2215 1902 2270 detentione
1927 2255 1940 2278 ,
1995 2223 2089 2269 aut

521 2321 741 2361 suarum
771 2321 951 2360 rerum
975 2305 1271 2370 ablatione,
1301 2303 1523 2361 obedire
1554 2306 1733 2362 liceat.
1772 2307 1836 2360 Et
1865 2309 1992 2362 dum
2023 2308 2088 2361 ad

522 2399 833 2468 praedictam
862 2396 1158 2454 Romanam
1197 2406 1424 2453 matrem
1471 2393 1859 2469 appellaverint
1905 2399 2090 2455 Eccle-

520 2488 679 2552 siam,
711 2496 806 2542 aut
837 2489 904 2542 ab
933 2504 996 2543 ea
1046 2505 1104 2544 se
1160 2487 1335 2544 audiri
1385 2491 1846 2560 expoposcerint,
1905 2491 2088 2546 nullus

519 2595 634 2645 eos,
664 2587 757 2633 aut
784 2581 1292 2644 excommunicare,
1338 2591 1431 2634 aut
1476 2596 1664 2636 eorum
1712 2597 1798 2637 res
1837 2582 2086 2646 auferre,

521 2681 614 2724 aut
636 2671 872 2741 aliquam
898 2672 1004 2726 vim
1035 2671 1234 2727 inferre
1285 2673 1366 2726 eis
1415 2681 1744 2742 praesumat,
1798 2683 2086 2744 antequam

521 2762 714 2815 horum
745 2776 911 2816 causa
950 2761 1175 2815 Romani
1226 2763 1499 2832 pontiﬁcis
1557 2765 1882 2819 auctoritate
1935 2765 2089 2817 ﬁnia-

521 2862 627 2908 tur.
661 2854 816 2919 Quod
846 2855 891 2910 si
918 2855 1076 2910 aliter
1102 2870 1131 2906 a
1159 2869 1430 2925 quoquam
1471 2865 1857 2926 praesumptum
1902 2855 2084 2920 fuerit,

520 2945 654 2997 nihil
682 2945 804 3009 erit,
840 2945 931 2999 sed
967 2945 1173 3000 viribus
1217 2946 1438 3001 carebit.
1502 2944 1637 2999 Nam
1681 2963 1781 3000 nec
1825 2946 1927 3001 hoc
1971 2963 2090 3016 per-

520 3051 703 3104 peram
736 3036 1138 3106 praesumimus,
1161 3037 1256 3092 sed
1305 3044 1358 3091 et
1387 3037 1562 3106 ipsum
1595 3037 1648 3090 in
1674 3036 1890 3092 Nicmna
1926 3053 2087 3108 syno-

519 3125 588 3178 do
617 3128 1011 3190 constitutum,
1049 3135 1102 3182 et
1159 3137 1533 3182 antecessores
1594 3139 1814 3184 nostros
1868 3131 2084 3200 egisse.

519 3213 678 3277 bene,
713 3214 993 3279 Athanasi,
1032 3214 1196 3280 nosti,
1231 3215 1450 3284 quando
1498 3229 1554 3270 tu
1603 3228 1654 3272 et
1700 3217 1902 3274 Paulus
1940 3220 2086 3275 Con-

520 3305 1087 3375 stantinopolitanus,
1138 3307 1424 3376 Asclepius
1456 3305 1644 3372 Gazae,
1703 3318 1757 3364 et
1813 3309 2089 3367 Lucianus

521 3394 766 3467 [Lucius]
786 3397 1243 3468 Adrianopolites,
1265 3399 1332 3453 ab
1345 3400 1615 3470 episcopis
1629 3398 1994 3457 Orientalibus
2006 3404 2088 3457 in-

519 3488 772 3542 consulto
791 3498 996 3544 sancta:
1021 3491 1293 3545 memoria:
1316 3488 1460 3545 Julio
1487 3491 1887 3562 praadeccssore
1903 3503 2090 3549 nostro

517 3577 758 3632 damnati
791 3579 948 3644 estis,
980 3586 1030 3634 et
1064 3579 1131 3634 ad
1159 3595 1304 3645 eum,
1336 3582 1493 3652 quasi
1518 3584 1584 3636 ad
1620 3583 1789 3640 totius
1810 3584 1960 3639 orbis
1995 3599 2089 3638 ca-

516 3676 634 3738 put,
672 3678 731 3724 ut
771 3686 984 3742 semper
1015 3672 1142 3727 huic
1170 3684 1369 3728 sanctae
1400 3675 1513 3729 sedi
1562 3675 1770 3730 licitum
1805 3675 1930 3742 fuit,
1959 3692 2090 3730 con-

517 3763 753 3831 fugistis.
789 3763 1014 3834 Cognita
1041 3778 1229 3817 eorum
1258 3767 1520 3836 nequitia,
1561 3775 1613 3822 et
1643 3776 1820 3822 vestra
1849 3769 2086 3838 justitia,

515 3869 612 3908 vos
639 3856 693 3908 in
727 3854 1110 3910 communione
1150 3859 1430 3927 suscepit,
1480 3866 1532 3912 et
1563 3859 1802 3913 omnium
1849 3869 2086 3914 vestrum

515 3959 702 3997 curam
752 3960 988 4015 gerens,
1039 3953 1264 4015 propter
1315 3947 1460 4003 sedis
1489 3950 1722 4018 propria:
1769 3949 2088 4020 dignitatem

516 4050 645 4091 snas
671 4037 902 4107 singulis
949 4036 1183 4094 reddens
1210 4037 1503 4105 Ecclesias,
1532 4039 1901 4096 Orientalibus
1949 4043 2084 4098 scri-

515 4129 644 4196 psit,
677 4129 906 4196 culpans
936 4142 1030 4183 eos
1062 4127 1210 4199 quod
1243 4144 1352 4184 non
1381 4137 1526 4186 recte
1558 4138 1906 4198 tractassem,
1939 4133 2088 4189 viros

516 4218 870 4288 inculpabiles
892 4219 959 4272 de
986 4219 1100 4276 suis
1129 4219 1390 4277 Eeclesiis
1411 4223 1766 4292 expellentes.
1797 4231 1849 4277 et
1879 4225 2085 4278 consti-

514 4316 630 4362 tuta
657 4308 858 4363 Nicmni
879 4311 1095 4364 concilii
1127 4311 1351 4368 minime
1385 4323 1794 4368 conservantes.
1822 4312 1862 4365 E
1885 4315 2086 4385 quibus

515 4400 580 4453 ad
615 4409 820 4456 certum
845 4400 985 4455 diem
1008 4403 1299 4459 nonnullos
1328 4403 1546 4458 sibimet
1582 4403 1776 4459 adesse
1807 4405 2081 4474 praecepit,

2191 573 2467 636 asciverit,
2490 573 2663 626 donec
2691 571 2958 641 judicium
2988 571 3054 626 de
3095 585 3160 626 eo
3204 579 3406 626 nostrae
3456 575 3759 642 apostolicae

2191 661 2557 725 auctoritatis,
2592 661 2696 715 hoc
2723 669 2827 723 est,
2868 659 3131 730 principis
3187 663 3565 730 apostolorum
3624 661 3758 720 Petri

2192 762 2469 823 agnoscat.
2523 751 2659 817 Quia
2703 751 2878 806 solum
2911 749 3164 807 Christus
3193 751 3355 807 Jesus
3399 753 3529 807 huic
3569 763 3760 809 sanctae

2191 843 2330 907 sedi,
2361 843 2413 896 id
2441 848 2525 896 est
2555 842 2892 912 apostolicae,
2935 841 3037 898 hoc
3083 841 3269 898 facere
3317 845 3613 900 commisit.
3671 845 3760 901 Ut-

2191 941 2315 1001 pote
2347 932 2602 1001 quoniam
2635 933 2819 997 solus,
2868 939 3033 1002 atque
3077 948 3189 1003 pra:
3220 935 3480 990 omnibus
3511 936 3761 1006 praefatus

2191 1024 2443 1093 princeps
2466 1024 2833 1092 apostolorum
2863 1025 3105 1080 creditus
3143 1032 3250 1090 est,
3281 1033 3446 1097 atque
3481 1030 3757 1098 percipere

2191 1114 2389 1168 meruit
2411 1129 2440 1166 a
2467 1112 2608 1183 Rege
2637 1130 2819 1185 regum
2838 1114 3056 1172 Christo
3088 1117 3272 1172 claves
3304 1116 3455 1188 regni
3485 1118 3758 1175 cmlorum.

2259 1205 2348 1260 ΞΟ.
2392 1204 2466 1258 De
2501 1205 2735 1260 induciis
2785 1221 2912 1261 vero
2957 1207 3342 1278 episcoporum
3375 1226 3544 1280 super
3572 1211 3761 1280 quibus

2192 1298 2568 1361 consuluistis,
2596 1297 2842 1352 diversas
2873 1314 2902 1352 a
2934 1298 3190 1354 Patribus
3221 1300 3763 1370 regulas'invenimus

2193 1389 2488 1445 institutas.
2520 1389 2750 1454 Quidam
2776 1389 2919 1443 enim
2958 1389 3024 1444 ad
3058 1391 3366 1460 repellenda
3399 1392 3760 1464 impetitorum

2192 1479 2652 1544 machinamenta,
2685 1489 2740 1536 et
2770 1496 2899 1536 suas
2930 1484 3316 1554 praeparandas
3355 1486 3760 1555 responsiones.

2190 1578 2243 1625 et
2277 1578 2441 1625 testes
2474 1569 2896 1632 conﬁrmandos,
2921 1581 2973 1626 et
2999 1572 3232 1627 concilia
3260 1572 3650 1643 episcoporum
3686 1583 3764 1628 at-

2191 1675 2295 1730 que
2329 1662 2626 1716 amicorum
2663 1663 2952 1731 quzcrenda
2978 1702 2993 1726 ,
3021 1678 3225 1717 annum
3265 1671 3360 1718 aut
3409 1675 3509 1720 sex
3555 1681 3764 1722 menses

2193 1750 2584 1805 mandaverunt
2633 1751 2894 1816 concedi;
2923 1753 3142 1823 quidam
3192 1763 3377 1811 autem
3415 1770 3625 1811 annum
3651 1798 3666 1821 ,
3716 1761 3763 1812 in

2123 1833 2163 1886 Β
2192 1856 2300 1910 (ιυο
2324 1841 2541 1910 plurimi
2565 1843 2917 1897 concordant.
2947 1842 3127 1901 Minus
3155 1861 3287 1901 vero
3309 1862 3480 1918 quam
3498 1864 3600 1904 se:
3622 1865 3766 1905 men-

2192 1949 2280 1990 ses
2311 1950 2420 1988 non
2453 1935 2651 2004 reperi,
2687 1935 2814 2005 quia
2874 1952 2904 1990 a
2954 1937 3104 1992 laicis
3157 1938 3273 1994 hate
3325 1939 3540 1994 indulta
3603 1952 3764 2008 sunt,

2189 2033 2394 2096 quanto
2428 2026 2602 2096 magis
2636 2024 2846 2081 Domini
2902 2027 3319 2084 sacerdotibus?
3354 2027 3492 2085 Nam
3529 2039 3585 2087 et
3615 2048 3645 2087 a
3677 2049 3766 2089 no-

2191 2117 2321 2171 stris
2349 2117 2813 2183 antecessoribus,
2837 2126 2998 2190 atque
3032 2119 3259 2190 reliquis
3285 2123 3492 2178 sanctis
3517 2122 3765 2180 Patribus

2191 2209 2469 2265 multoties
2503 2209 2790 2265 inhibitum
2826 2223 2930 2279 est,
2956 2227 3024 2268 ne
3053 2214 3180 2284 quis
3211 2213 3428 2270 Domini
3470 2217 3766 2273 sacerdoti-

2189 2301 2291 2379 bus
2321 2301 2690 2359 detractiones
2722 2304 2925 2375 irroget
2945 2345 2960 2368 ,
3013 2317 3218 2376 quanto
3252 2308 3428 2379 magis
3461 2310 3764 2366 accusatio-

2189 2374 2288 2447 nes
2333 2407 2440 2448 non
2469 2393 2535 2449 ex
2565 2393 2751 2449 radice
2780 2374 3065 2453 charitatis
3110 2399 3399 2468 prolatas?
3449 2399 3762 2467 Quiescite,

2189 2485 2465 2556 inquiunt,
2497 2495 2550 2542 et
2581 2486 2750 2542 nolite
2783 2490 3034 2560 persequi
3084 2504 3202 2556 eos,
3236 2491 3329 2562 qui
3371 2491 3484 2548 Deo
3533 2496 3764 2565 perfecte

2189 2578 2535 2644 ministrant,
2587 2594 2822 2649 quorum
2875 2581 3213 2639 orationibus
3261 2591 3315 2638 et
3369 2593 3589 2641 terrena
3635 2587 3764 2641 bella

2189 2669 2472 2734 sedantur,
2500 2676 2552 2723 et
2582 2669 2951 2724 recedentium
2977 2685 3007 2725 a
3043 2669 3154 2725 Deo
3199 2673 3524 2744 angelorum
3551 2675 3760 2746 pellun-

2189 2769 2278 2815 tur
2313 2763 2608 2825 incursus,
2662 2763 2864 2833 quique
2904 2777 3109 2819 omnes
3158 2763 3468 2831 daemones,
3511 2769 3606 2838 qui
3644 2784 3762 2824 cer-

2189 2853 2332 2924 rupti
2361 2861 2510 2919 sunt,
2530 2838 2766 2924 precum
2802 2853 3120 2909 assiduitate
3139 2854 3507 2912 confundunt.
3536 2858 3762 2913 lnducim

2187 2959 2424 3014 namque
2456 2959 2566 3000 non
2601 2944 2704 2999 sub
2757 2955 2990 3015 angusto
3019 2953 3284 3017 tempore.
3316 2947 3413 3003 sed
3462 2951 3570 3002 sub
3613 2950 3763 3018 longo

2189 3033 2364 3103 spatio
2386 3032 2745 3088 concedendaa
2768 3043 2918 3097 sunt,
2945 3043 3003 3089 ut
3046 3037 3291 3091 accusati
3333 3052 3395 3092 se
3431 3054 3760 3109 praeparare,

2188 3132 2242 3178 et
2273 3124 2560 3180 universos
2590 3126 3086 3182 communicatores
3117 3127 3171 3181 in
3216 3129 3520 3198 provinciis
3566 3132 3764 3200 positos

2189 3216 2501 3280 convenire,
2528 3227 2581 3270 et
2625 3225 2792 3273 testes
2824 3233 3149 3288 praeparare,
3179 3230 3344 3289 atque
3381 3233 3582 3276 contra
3637 3224 3764 3279 insi-

2191 3306 2430 3362 diatores
2465 3323 2522 3362 se
2562 3308 2793 3378 pleniter
2823 3325 3037 3366 armare
3076 3311 3311 3366 valeant.

2259 3399 2350 3454 21.
2389 3397 2610 3454 Judices
2639 3401 2804 3465 enim,
2831 3408 2886 3455 et
2937 3415 3290 3458 accusatores
3323 3404 3463 3459 tales
3510 3421 3639 3460 esse
3680 3407 3764 3459 de-

2190 3488 2340 3553 bent,
2371 3489 2462 3559 qui
2493 3490 2737 3545 omnium
2765 3502 2987 3546 careant
3015 3493 3330 3564 suspicione
3350 3533 3365 3556 ,
3405 3502 3461 3550 et
3499 3511 3568 3551 ex
3598 3499 3764 3551 radice

2189 3580 2478 3637 charitatis
2537 3597 2692 3635 suam
2745 3581 3057 3638 desiderent
3105 3599 3356 3653 promere
3411 3591 3760 3644 sententiam.

2191 3670 2288 3726 His
2308 3672 2472 3743 igitur
2506 3682 2614 3726 tam
2640 3673 2905 3742 legaliter,
2937 3690 3100 3744 quam
3129 3683 3182 3731 et
3215 3679 3486 3734 canonice
3523 3682 3762 3750 prolatis,

2189 3763 2351 3818 etiam
2389 3765 2634 3819 omnium
2666 3764 3100 3821 Christianorum
3133 3771 3499 3825 reverentiam
3529 3788 3763 3844 congau-

2189 3853 2318 3910 dere
2344 3853 2712 3926 deposcimus,
2754 3856 2987 3926 spiritali
3029 3858 3404 3917 intercedente
3435 3862 3728 3919 dilectione
3749 3905 3762 3925 .

2187 3951 2241 3998 et
2271 3945 2467 3999 timore
2497 3945 2798 4012 Dominico,
2830 3962 2927 4017 per
2969 3963 3130 4018 quem
3164 3949 3406 4005 humana
3455 3965 3763 4010 removetur

2187 4034 2436 4101 oﬂ'ensio,
2473 4043 2526 4090 et
2551 4035 2917 4091 Ecelesiarum
2945 4037 3234 4095 ardiﬁcatio
3265 4045 3612 4113 praeponitur
3644 4048 3762 4100 unt-

2186 4126 2381 4188 versis,
2415 4134 2473 4180 ut
2497 4127 2669 4197 magis
2709 4128 2947 4183 universi
2975 4129 3396 4189 mdiﬁcationem
3424 4133 3660 4191 fratrum
3692 4139 3764 4190 la-

2186 4216 2398 4281 borent,
2428 4233 2590 4286 quam
2621 4219 2686 4272 ad
2722 4218 3147 4286 damnationem,
3178 4226 3440 4293 quoniam
3477 4228 3554 4280 ait
3591 4227 3763 4283 Domi-

2187 4323 2292 4361 nus
2324 4326 2337 4361 :
2375 4307 2442 4360 In
2476 4309 2570 4362 hoc
2599 4319 2906 4378 cognoscent
2936 4327 3135 4377 omnes,
3157 4315 3288 4384 quia
3315 4306 3415 4370 mei
3441 4320 3572 4372 estis
3604 4321 3760 4372 disci-

2185 4400 2320 4467 puli,
2352 4401 2400 4452 si
2451 4402 2779 4454 dilectionem
2835 4402 3122 4460 habueritis
3171 4408 3243 4461 ad
3284 4409 3506 4464 invicem
3547 4412 3612 4464 ⁵⁸.
3646 4411 3762 4465 Jam

514 4497 573 4543 ut
610 4489 677 4544 de
726 4491 924 4546 talibus
973 4493 1487 4562 praesumptionibus
1540 4502 1744 4548 certam
1797 4494 2082 4548 redderent
2113 4514 2159 4572 υ
2185 4493 2328 4548 enim
2386 4493 2613 4548 formam
2661 4495 2930 4563 dedimus,
2960 4509 3015 4553 et
3058 4514 3087 4553 a
3136 4501 3640 4570 prwdecessoribus
3669 4519 3763 4558 no-

511 4582 798 4648 rationem,
830 4595 884 4639 et
916 4600 1098 4640 coram
1123 4587 1202 4641 eis
1225 4584 1555 4652 ostenderet,
1584 4585 1794 4655 justum
1821 4601 1879 4640 se
1919 4601 2085 4656 super

510 4675 589 4728 eis
617 4675 910 4743 protulisse
937 4676 1236 4732 decretum.
1286 4676 1717 4732 Determinatum
1757 4684 1841 4731 est
1873 4677 2036 4732 etiam
2063 4717 2079 4741 ,

508 4781 618 4820 non
650 4768 776 4821 talia
805 4767 1061 4838 deinceps
1095 4769 1294 4825 [ratres
1321 4783 1443 4825 esse
1471 4782 1752 4837 passuros.
1790 4767 1854 4821 Et
1883 4769 1989 4823 nisi
2013 4769 2082 4823 ab

506 4855 824 4926 hujusmodi
880 4860 1394 4930 przesumptionibus
1438 4867 1740 4922 cessarent,
1774 4874 1805 4912 a
1845 4861 2080 4929 propriis

507 4965 631 5004 esse
661 4949 918 5020 gradibus
943 4966 1036 5006 eos
1066 4965 1405 5006 recessuros.
1440 4947 1556 5002 Tali
1581 4950 1726 5003 enim
1761 4949 1926 5019 hujus
1951 4964 2080 5004 san-

507 5048 606 5094 cta:
629 5041 774 5096 sedis
802 5039 1099 5112 privilegio,
1130 5049 1184 5097 et
1209 5049 1269 5095 tu
1297 5050 1352 5096 et
1375 5039 1572 5096 fratres
1601 5041 1679 5095 tui
1709 5041 1958 5112 proprias
1991 5056 2080 5097 re-

506 5131 732 5202 cepistis
766 5131 1059 5197 Ecclesias,
1090 5149 1214 5188 eum
1245 5132 1500 5188 omnibus
1539 5132 1607 5186 ad
1634 5147 1732 5187 vos
1757 5131 2080 5202 pertinenti-

506 5223 629 5278 bus.
659 5223 756 5278 His
794 5224 937 5279 enim
971 5232 1026 5277 et
1047 5223 1170 5278 aliis
1205 5239 1366 5293 quam
1410 5223 1660 5293 plurimis
1689 5221 2033 5277 documentis
2060 5262 2075 5290 ,

506 5314 854 5369 manifeswm
885 5322 990 5380 est,
1019 5315 1226 5368 nullum
1267 5316 1551 5376 damnari,
1589 5320 1683 5366 aut
1734 5312 1849 5368 suis
1880 5327 2078 5382 exspo-

506 5401 629 5454 liari
657 5402 822 5455 rebus
843 5400 1044 5456 debere
1072 5403 1408 5472 episcopum,
1442 5401 1608 5474 615
1645 5401 1739 5471 qui
1770 5401 1911 5456 hanc
1949 5417 2079 5457 san-

577 5552 622 5588 ⁸³
662 5555 849 5610 Matth.
883 5572 992 5623 xw,
1035 5557 1133 5621 19;
1171 5573 1300 5611 xvttt
1325 5597 1338 5622 ,
1376 5557 1460 5613 ιε.
1538 5558 1583 5589 ⁸⁸
1620 5555 1776 5611 Joan.
1818 5572 1947 5624 χιιι,
1983 5558 2070 5612 55.

572 5699 850 5779 (76)1tem
881 5726 944 5762 ex
980 5711 1232 5764 Adriano.

2183 4585 2314 4639 stris
2349 4583 2530 4638 datam
2561 4602 2682 4641 esse
2712 4589 3088 4658 cognovimus,
3122 4599 3182 4646 ut
3217 4594 3263 4648 si
3316 4595 3442 4664 quis
3495 4611 3556 4650 se
3611 4611 3765 4666 agno-

2181 4675 2320 4730 verit
2349 4675 2721 4732 Christianum
2747 4718 2762 4744 ,
2799 4680 2932 4734 illud
2981 4691 3186 4748 servet,
3216 4686 3366 4755 quod
3395 4687 3464 4740 ab
3505 4689 3762 4757 apostolis

2181 4768 2430 4822 noscitur
2457 4783 2580 4823 esse
2629 4769 2926 4837 traditum,
2979 4773 3197 4831 dicente
3247 4778 3501 4848 apostolo
3553 4778 3758 4853 Paulo:

2183 4856 2242 4913 Si
2265 4858 2382 4928 quis
2413 4859 2555 4913 vobis
2600 4863 2990 4917 annuntiaverit
3016 4902 3031 4926 ,
3081 4878 3276 4934 prazter
3308 4885 3469 4938 quam
3503 4871 3643 4940 quod
3675 4887 3764 4923 ac-

2181 4949 2394 5018 cepistis
2415 4993 2429 5017 ,
2460 4952 2741 5006 anathema
2767 4955 2836 5007 sit
2869 4953 2932 5008 ‘7.
2966 4953 3221 5012 Christus
3255 4960 3403 5013 enim
3451 4960 3550 5016 Dei
3597 4960 3762 5015 Filius

2183 5037 2448 5096 Dominus
2475 5049 2681 5108 noster,
2718 5044 2961 5098 humano
3005 5048 3191 5116 generi
3236 5050 3461 5120 propria
3515 5053 3763 5123 passione

2183 5129 2416 5184 salutem
2447 5132 2821 5200 plenissimam
2849 5136 3206 5203 condonavit,
3244 5149 3306 5194 ut
3350 5155 3455 5197 nos
3486 5143 3757 5198 liberaret.

2185 5219 2255 5274 Ut
2288 5220 2335 5276 si
2366 5221 2422 5276 in
2461 5231 2673 5278 tantum
2698 5241 2800 5281 nos
2832 5227 3042 5293 dilexit,
3069 5239 3130 5284 ut
3163 5235 3332 5286 etiam
3373 5237 3603 5304 proprio
3629 5234 3760 5289 Filio

2184 5325 2283 5366 suo
2305 5325 2413 5366 non
2441 5322 2708 5383 parceret,
2738 5317 2831 5372 sed
2857 5332 2957 5389 pro
2993 5317 3151 5374 nobis
3179 5322 3438 5380 omnibus
3468 5325 3620 5380 illum
3648 5335 3759 5380 tra-

2183 5401 2356 5469 deret,
2391 5411 2451 5458 ut
2494 5419 2594 5461 nos
2622 5407 2900 5476 liberaret,
2948 5410 3161 5480 utquid
3208 5429 3312 5469 nos
3344 5431 3456 5472 non
3488 5416 3758 5489 diligimus

2170 5560 2213 5592 ⁵⁷
2253 5558 2428 5616 Galat.
2465 5577 2516 5628 ι,
2550 5563 2602 5616 8.
