3976 6388
278 381 418 437 N85

1392 370 1554 428 'VITA
1583 368 1879 427 SANCTE
1919 364 2391 424 SYNCLETICA‘J.

3381 363 3519 422 1486

278 497 496 560 fratres,
522 501 614 550 aut
643 507 737 550 eos
771 501 968 548 temere
1006 491 1356 563 judicamus?
1400 506 1524 546 cum
1557 489 1848 560 praedictus
1877 493 1918 550 Α
1949 488 2094 543 enim
2145 486 2283 540 liatic
2337 483 2744 555 praeterierunt,
2801 497 2909 538 non
2950 487 3161 535 tantum
3203 479 3315 535 laesi
3368 483 3520 536 deci-

277 589 425 642 dicat
455 586 748 661 Apostolus
777 576 1010 639 :‘Nolite
1045 582 1290 654 judicare
1322 583 1538 636 invicem
1564 619 1579 645 ,
1633 579 1723 633 sed
1751 579 1847 631 hoc

278 679 446 749 magis
469 677 730 747 judicate,
761 693 823 731 ne
870 676 1080 745 ponatis
1129 673 1502 743 oﬁ'endiculum
1547 672 1709 740 fratri
1765 670 1842 724 uel

277 767 589 824 scandalum
613 766 678 823 “.
719 766 852 820 Nam
889 767 933 821 si
975 765 1052 819 illi
1086 766 1179 836 qui
1215 764 1413 819 fratres
1460 763 1731 833 diligunt,
1781 776 1849 814 ex

273 856 390 916 Deo
417 858 529 913 nati
561 865 789 934 sunt,_et
803 857 988 911 vident
1011 855 1298 908 Dominum
1329 871 1343 920 ;
1376 853 1504 923 quid
1532 867 1663 922 ergo
1690 857 1850 908 erunt

277 951 356 1004 illi
380 949 475 1020 qui
507 963 602 1004 eos
639 955 1062 1019 persequuntur,
1095 951 1148 1000 et
1192 959 1290 1000 eos
1320 941 1692 1008 detrahendo,
1737 957 1852 996 ma-

277 1040 585 1104 chinando,
635 1039 976 1104 accusando,
1032 1036 1376 1098 infestando,
1436 1036 1696 1090 damnare
1733 1049 1852 1088 mo.

277 1133 519 1188 liuntur?
565 1132 622 1186 Si
676 1130 752 1186 illi
802 1130 894 1186 lilii
943 1131 1074 1196 Dei,
1139 1129 1325 1201 procul
1383 1128 1549 1182 dubio
1597 1126 1690 1182 filii
1725 1134 1852 1183 sunt

277 1225 504 1290 diaboli,
534 1225 628 1295 qui
664 1232 721 1278 ut
751 1239 964 1294 semper
999 1224 1134 1278 sicut
1185 1222 1265 1276 leo
1299 1222 1508 1292 rugiens
1565 1221 1846 1287 circumit,

276 1332 516 1386 quarens
553 1332 704 1386 quem
732 1315 939 1369 devoret
967 1315 1032 1378 ”,
1067 1314 1140 1367 ita
1190 1313 1390 1368 fratres
1450 1314 1847 1383 insequuntur,

277 1413 340 1459 ut
368 1404 619 1476 perdant.
651 1405 755 1470 Qui
806 1421 936 1460 vero
982 1405 1240 1475 adjuvare
1295 1404 1492 1460 fratres
1529 1403 1805 1474 refugiunt
1830 1442 1847 1470 ,

279 1496 459 1566 majus
489 1503 837 1565 peccatorum
871 1511 1011 1552 onus
1062 1500 1372 1567 acquirunt,
1404 1505 1457 1552 et
1495 1495 1718 1551 fraterni
1761 1511 1849 1553 so-

279 1588 394 1642 latii
430 1590 506 1644 rei
534 1590 845 1646 exsistunt:
892 1590 1015 1654 Vm,
1057 1590 1233 1661 inquit
1261 1589 1530 1662 Propheta
1556 1630 1570 1656 ,
1628 1592 1720 1661 qui
1752 1607 1846 1660 po—

279 1689 392 1734 tum
425 1681 520 1734 dat
559 1683 728 1736 amico
757 1699 875 1747 suo,
906 1684 1127 1737 miscens
1159 1683 1229 1752 fel
1256 1699 1411 1736 suum
1439 1683 1510 1736 ⁵⁸.
1547 1681 1613 1735 Et
1648 1683 1846 1738 iterum

281 1771 720 1842 sapientissimus
757 1771 1012 1828 Salomon
1044 1773 1120 1825 ait
1149 1793 1162 1826 :
1195 1771 1458 1839 Quoniam
1497 1773 1587 1843 qui
1617 1773 1846 1844 loquitur

277 1862 462 1931 iniqua
487 1880 589 1917 non
615 1874 782 1932 potest
819 1864 1013 1933 latere,
1059 1880 1151 1918 nec
1191 1866 1451 1932 prceteriet
1499 1864 1649 1918 illum
1679 1865 1848 1919 carri-3

279 1955 424 2024 piens
449 1954 735 2023 judicium.
785 1955 853 2009 In
905 1956 1313 2026 cogitationibus
1341 1973 1462 2027 ergo
1491 1957 1641 2025 impii
1679 1957 1847 2011 inter-

280 2047 485 2116 rogatio
523 2048 644 2102 erit.
683 2046 994 2102 Sermonum
1039 2057 1211 2102 autem
1245 2049 1390 2102 illius
1417 2047 1486 2101 ad
1522 2048 1686 2102 Deum
1713 2063 1850 2117 prte-

282 2138 557 2194 meditatio
582 2179 598 2204 ,
653 2138 721 2192 ad
760 2142 1136 2210 correptionem
1171 2141 1511 2210 iniquitatum
1559 2141 1727 2205 illius,
1760 2141 1850 2212 qui

281 2231 502 2286 auribus
535 2231 633 2285 zeli
661 2231 812 2284 audit
856 2233 1072 2298 omnia,
1118 2241 1166 2286 et
1213 2232 1468 2286 tumultus
1511 2247 1850 2286 murmuran-

282 2323 414 2376 tium
444 2339 547 2377 non
590 2322 940 2378 abscondetur
967 2326 1034 2377 “.
1075 2323 1199 2379 llaec
1226 2324 1370 2379 enim
1404 2325 1450 2380 si
1477 2326 1728 2396 amplecti
1755 2340 1851 2382 vo-

281 2413 533 2478 luissent,
568 2415 790 2484 proprio
831 2423 886 2469 et
931 2430 1065 2470 sano
1091 2430 1278 2478 sensu,
1308 2416 1375 2470 ad
1406 2417 1694 2487 reprobum
1723 2432 1850 2473 sen-

281 2518 402 2559 sum
431 2505 654 2560 minime
694 2504 1028 2571 laberentur,
1063 2505 1158 2562 sed
1199 2521 1295 2577 per
1325 2506 1419 2562 Dei
1459 2509 1707 2564 timorem
1735 2523 1852 2564 ser-

281 2609 506 2650 monum
566 2612 790 2652 suorum
855 2607 1224 2668 praecaventes
1287 2598 1636 2664 custodiam,
1702 2603 1848 2671 piam

281 2696 598 2744 sanctorum
628 2688 850 2744 Patrum
881 2689 1248 2748 definitionem
1279 2693 1398 2748 sine
1427 2693 1660 2763 quadam
1712 2707 1849 2762 prte-

281 2781 593 2851 sumptione
630 2784 940 2838 nocumenti
983 2785 1198 2855 utrique
1243 2792 1664 2849 conservarent,
1711 2799 1849 2855 quo-

282 2875 430 2930 niam
495 2874 628 2930 dicit
665 2888 882 2931 sacrum
939 2876 1256 2947 eloquium:
1307 2875 1599 2932 Consilium
1657 2877 1848 2933 bonum

281 2964 606 3020 conservabit
636 2971 715 3028 te,
752 2973 802 3019 et
860 2981 1004 3020 mens
1056 2966 1191 3020 bona
1234 2967 1490 3021 custodiet
1525 2977 1573 3021 te
1623 2968 1689 3024 ⁸⁹.
1727 2967 1848 3024 Νοη

281 3055 429 3110 enim
461 3055 528 3111 de
563 3055 806 3112 fontibus
839 3056 1137 3112 salutiferis
1168 3058 1527 3128 spiritualiter
1559 3059 1626 3114 ad
1658 3061 1848 3131 acqui-

281 3147 536 3204 sitionem
567 3155 781 3204 αξιοι-ηδε
805 3148 929 3203 vitae
961 3148 1279 3219 procedunt,
1306 3149 1442 3206 tales
1473 3158 1842 3220 accusatores,

1951 579 2141 632 dentes
2174 593 2205 631 a
2237 575 2679 631 corroboratione
2716 588 2850 637 sua,
2908 571 3003 626 sed
3043 570 3368 640 insipientia:
3405 582 3518 625 sua!

1951 667 2359 736 dereliquerunt
2390 663 2644 719 omnibus
2683 662 3000 717 memoriam
3026 699 3041 726 ,
3078 668 3137 713 ut
3172 660 3278 722 his,
3314 660 3516 728 quibus

1951 767 2348 831 peccaverunt,
2410 756 2633 811 minime
2691 757 2863 812 latere
2920 758 3278 826 potuissent:
3331 759 3513 813 Gloria

1949 852 2086 905 enim
2118 860 2165 904 et
2199 849 2514 905 contumelia
2545 850 2600 903 in
2635 849 2858 920 loquela,
2891 859 2940 903 et
2975 852 3029 904 in
3079 851 3257 922 lingua
3286 852 3510 908 hominis

1949 961 2102 997 casus
2153 944 2296 997 illius
2355 953 2431 998 est
2464 943 2529 998 “.
2593 939 2827 1014 Ideoque
2874 945 3205 1000 conveniens
3253 954 3337 1000 est
3372 946 3511 999 hanc

1951 1035 2366 1090 ostentationem
2393 1073 2408 1098 ,
2458 1042 2511 1090 et
2542 1035 3014 1106 reprehensionem
3062 1036 3275 1090 illorum
3308 1038 3512 1093 nostris

1951 1124 2163 1179 actibus
2188 1124 2375 1189 inseri,
2408 1140 2476 1180 ne
2505 1126 2732 1182 ulterius
2772 1127 2885 1196 jam
2911 1127 3034 1180 talia
3058 1127 3337 1197 patiamini
3364 1166 3378 1191 ,
3421 1144 3510 1184 se-

1950 1218 2283 1273 minantibus
2307 1219 2386 1274 eis
2416 1220 2644 1287 zizania,
2678 1229 2731 1275 et
2771 1220 3061 1288 scandala,
3108 1222 3202 1276 sed
3250 1223 3419 1277 lmtari
3455 1224 3510 1278 in

1949 1308 2140 1363 ofliciis
2175 1318 2230 1364 et
2249 1309 2592 1380 dogmatibus
2619 1312 2814 1366 vestris
2837 1312 3174 1368 mereamini.
3201 1312 3368 1384 Igitur
3388 1329 3514 1368 eru-

1950 1403 2176 1458 bescant
2206 1401 2356 1467 talia,
2385 1409 2438 1456 et
2465 1401 2781 1470 hujusmodi
2824 1403 3136 1474 blasphema
3195 1404 3514 1460 subtrahere

1952 1494 2229 1560 festinent,
2260 1493 2306 1548 si
2345 1493 2620 1548 noluerint
2653 1510 2679 1547 a
2709 1495 3035 1550 sacerdotali
3063 1503 3252 1550 nostro
3280 1495 3512 1566 collegio

1949 1583 2242 1654 segregari,
2271 1593 2324 1638 et
2361 1599 2390 1636 a
2429 1583 2596 1638 totius
2622 1581 2919 1638 Christiani
2941 1585 3121 1655 populi
3155 1585 3413 1640 societate
3429 1584 3512 1640 di-

1947 1679 2092 1735 velli.
2127 1677 2276 1733 Licet
2307 1692 2541 1748 namque
2563 1676 2630 1732 de
2661 1677 2746 1732 his
2774 1678 2927 1748 plura
2978 1671 3033 1734 et
3081 1680 3508 1749 pernecessaria,

1950 1785 2070 1840 quae
2112 1771 2166 1823 in
2193 1769 2424 1825 decretis
2470 1769 2614 1824 sedis
2668 1769 3000 1839 apostolicae,
3043 1778 3097 1826 et
3144 1775 3212 1826 ab
3253 1773 3512 1842 apostolis

1877 1870 1918 1924 B
1947 1875 2243 1930 eorumque
2271 1861 2683 1917 successoribus
2712 1861 2917 1918 nostris
2940 1862 3165 1918 ubilibet
3212 1865 3514 1935 praedeces-

1950 1953 2168 2010 soribus
2217 1960 2418 2008 statuta
2456 1954 2826 2019 inveniuntur,
2859 1954 3043 2010 dicere
3085 1964 3138 2012 et
3167 1957 3514 2013 conscribere

1948 2045 2349 2117 potuissemus,
2397 2053 2576 2100 tamen
2612 2045 2807 2100 melius
2849 2046 3008 2102 nobis
3051 2046 3227 2102 visum
3285 2055 3368 2104 est
3397 2088 3412 2112 ,
3454 2055 3514 2101 ut

1949 2139 2233 2210 epistolam
2261 2138 2508 2194 oratione
2550 2137 2887 2193 claudamus.
2942 2137 3086 2195 Deus
3130 2139 3512 2209 omnipotens,

1948 2239 2003 2286 et
2036 2243 2179 2285 unus
2207 2229 2522 2300 unigenitus
2568 2227 2738 2285 Filius
2773 2235 2827 2284 et
2856 2229 3110 2285 Salvator
3147 2237 3334 2286 noster
3353 2229 3515 2288 Jesus

1947 2322 2221 2386 Christus,
2251 2322 2405 2378 vobis
2438 2322 2644 2377 tribuat
2674 2321 3082 2377 incitamentum
3103 2361 3119 2386 ,
3156 2330 3214 2377 ut
3260 2324 3514 2378 omnibus

1949 2412 2212 2469 fratribus
2251 2421 2305 2470 et
2337 2414 2676 2485 coepiscopis
2703 2415 2932 2480 nostris,
2963 2414 3382 2486 quibuscunque
3409 2417 3512 2471 tri-

1948 2507 2318 2563 bulationibus
2365 2507 2780 2572 laborantibus,
2841 2509 2970 2563 totis
3014 2508 3352 2565 succurratis
3382 2510 3509 2565 viri-

1948 2600 2051 2654 bus
2083 2638 2098 2663 ,
2136 2607 2192 2654 et
2229 2614 2351 2653 cum
2383 2599 2464 2655 eis
2513 2599 2905 2669 compatientes
2934 2639 2950 2660 ,
3005 2612 3224 2655 crucem
3270 2600 3511 2670 ejusdem

1949 2689 2162 2745 Domini
2198 2690 2496 2744 Salvatoris
2518 2691 2779 2760 portetis,
2818 2697 2878 2743 ut
2902 2690 3014 2744 veri
3049 2689 3222 2759 ipsius
3259 2691 3510 2763 discipuli

1947 2799 2128 2839 coram
2146 2785 2397 2839 omnibus
2414 2784 2738 2855 appareatis.
2760 2783 2827 2838 Ut
2843 2792 2896 2838 et
2916 2799 3032 2849 vos,
3051 2791 3104 2838 et
3121 2783 3212 2854 qui
3230 2786 3510 2842 vobiscum

1949 2885 2099 2942 sunt,
2123 2876 2209 2931 hic
2233 2884 2286 2932 et
2303 2876 2356 2930 in
2383 2876 2565 2930 futuro
2582 2876 2801 2931 meliora
2828 2875 3170 2946 possideatis,
3195 2893 3310 2947 qua:
3330 2882 3511 2932 oculus

1949 2984 2048 3021 non
2078 2965 2204 3021 vidit
2221 3006 2236 3030 ,
2264 2982 2354 3020 nec
2378 2967 2524 3020 auris
2550 2965 2771 3033 audivit,
2792 2981 2880 3020 nec
2907 2965 2961 3018 in
2984 2981 3072 3019 cor
3089 2964 3312 3020 hominis
3331 2981 3514 3020 ascen-

1947 3059 2155 3124 derunt,
2177 3075 2294 3130 qua:
2319 3058 2633 3128 praeparavit
2665 3058 2800 3112 Deus
2835 3056 3168 3128 diligentibus
3206 3075 3259 3112 se
3311 3059 3378 3111 ⁸⁸.
3411 3056 3512 3113 Per

1947 3151 2247 3207 Dominum'
2284 3161 2530 3208 nostrum
2571 3149 2754 3208 Jesum
2793 3151 3093 3215 Christum,
3126 3166 3222 3222 per
3265 3165 3423 3220 quem
3459 3157 3514 3205 et

281 3243 336 3291 et
364 3236 721 3302 detractores,
757 3244 920 3308 atque
946 3216 1068 3294 ideo
1116 3246 1484 3308 competenter
1516 3253 1617 3293 nos
1651 3216 1843 3294 beatus
1871 3216 1912 3274 ϐ
1945 3257 2069 3297 cum
2118 3257 2226 3312 quo
2269 3243 2624 3313 omnipotenti
2686 3242 2794 3298 Deo
2843 3241 2986 3298 Patri
3020 3216 3190 3314 gloria
3228 3216 3515 3297 in—szecula

281 3327 490 3383 Paulus
519 3330 797 3398 apostolus
826 3330 1144 3398 admonens,
1177 3330 1252 3384 ait
1280 3348 1293 3384 :
1331 3328 1453 3383 Non
1498 3328 1680 3384 debere
1725 3329 1844 3398 plus
1942 3333 2285 3389 saeculorum.
2313 3334 2504 3390 Amen.
2533 3333 2726 3392 Valere
2763 3350 2859 3392 vos
2889 3343 3036 3406 opto,
3073 3333 3269 3390 fratres
3302 3333 3513 3388 charis-

282 3433 491 3487 sapere,
517 3435 675 3490 quam
709 3429 909 3490 oportet
948 3436 1150 3489 sapere,
1181 3419 1270 3475 sed
1314 3436 1494 3490 sapere
1541 3420 1611 3474 ad
1650 3419 1848 3475 sobrie-
1942 3423 2086 3477 simi.
2145 3422 2275 3476 Data
2313 3422 2494 3479 idibus
2537 3422 2851 3490 Februarii,
2898 3423 3162 3496 Agathio,
3201 3430 3253 3479 et
3269 3421 3510 3486 ’Juliano,

286 3524 448 3570 tatem
497 3513 548 3548 ⁸⁸
581 3515 637 3570 in
693 3515 1006 3572 definitione
1048 3515 1261 3586 pietatis
1321 3515 1700 3586 perdurantes.
1741 3513 1843 3580 Qui
1943 3513 2074 3568 viris
2103 3513 2446 3580 clarissimis,
2479 3516 2812 3571 consulibus.

354 3654 402 3688 ⁸⁸
433 3653 600 3728 lion].
631 3656 863 3728 xgv,il5.
941 3657 986 3728 ξ’
1025 3656 1046 3710 l
1074 3655 1276 3728 Pettv,
1309 3656 1362 3712 8.
1437 3657 1483 3689 ⁸ο
1517 3655 1724 3728 Ηιὼειο.
1762 3673 1798 3712 n
1821 3695 1837 3723 ,

1946 3699 1958 3712 .
2033 3658 2078 3688 ⁸¹
2116 3654 2244 3728 Sap.
2281 3672 2336 3722 l,
2385 3655 2540 3711 8-l0.

283 3739 396 3794 ιιι,
430 3726 486 3781 3.
559 3725 608 3764 ³⁸
649 3726 822 3783 Eccle.
853 3743 908 3794 v,
942 3727 1030 3783 15.
1105 3728 1150 3760 ⁸⁸
1189 3727 1210 3781 l
1243 3726 1369 3782 Cor.
1408 3743 1466 3793 ιι,
1503 3727 1559 3782 9.

2644 3658 2690 3688 ⁸²
2738 3655 2898 3711 Prov.
2951 3673 3024 3722 ll,
3078 3658 3167 3712 il.
3267 3657 3313 3688 ⁸³
3351 3653 3509 3712 Pom.

1009 3992 1169 4064 615
1206 3991 1274 4046 IN
1315 3989 1528 4046 VITAM
1569 3991 1815 4048 ΒΕΑΤᾹΞ
1854 3989 2304 4048 SYNCLETICIE
2345 3991 2748 4049 ADMONITIO.

367 4128 545 4183 Vitam
572 4130 735 4184 beatae
763 4128 1076 4201 Sgncleticce
1094 4129 1520 4202 antiquissimum
1551 4145 1662 4184 esse
1692 4145 1819 4198 opus
1847 4131 2070 4186 suadent
2098 4130 2234 4186 Viue
2260 4130 2478 4187 Patrum
2514 4131 2604 4186 lib.
2633 4148 2663 4184 v
2691 4141 2740 4187 et
2773 4149 2849 4198 v1,
2897 4132 3037 4204 apud
3068 4131 3425 4199 Rosweidum,
3464 4144 3516 4189 et

282 4227 412 4294 ipse
431 4243 558 4281 sane
575 4227 981 4298 antiquissimuz,
1013 4231 1154 4284 circa
1181 4238 1387 4283 sextum
1407 4229 1655 4283 sceculum
1679 4228 1870 4284 Latine
1895 4232 2210 4296 translatae;
2245 4232 2334 4286 ubi
2376 4233 2655 4303 complura
2699 4234 2917 4289 subinde
2974 4241 3256 4291 occurrunt
3285 4248 3351 4286 ea:
3395 4229 3518 4285 Vita

285 4323 452 4376 beata:
475 4318 786 4390 Syncletictz
806 4329 1066 4374 mutuata.
1099 4319 1232 4389 Ejus
1261 4329 1500 4373 auctores
1529 4319 1666 4374 varii
1691 4318 2058 4389 assignantur,
2087 4336 2152 4374 ex
2175 4338 2399 4392 quorum
2422 4338 2641 4376 numero
2675 4322 3021 4390 Athanasius,
3040 4327 3131 4395 qui
3157 4333 3212 4376 ut
3240 4323 3289 4376 vi
3308 4330 3357 4375 et
3377 4335 3517 4391 pra:-

285 4411 491 4466 stantia
511 4413 739 4466 nominis
772 4413 977 4466 cceteris
1009 4413 1158 4482 longe
1185 4411 1487 4466 antecellit:
1517 4411 1636 4465 inde
1653 4427 1779 4465 sane
1810 4411 2027 4481 contigit
2045 4421 2124 4477 ut,
2154 4413 2398 4484 neglectis
2416 4414 2542 4484 ’pene
2563 4417 3266 4488 aliis,quibustpotioriforte
3281 4415 3406 4485 jure
3425 4413 3521 4468 hoc

285 4505 596 4575 opusculum
619 4503 948 4568 tribueretur,
982 4523 1014 4558 a
1034 4506 1212 4559 multis
1235 4521 1326 4558 nec
1349 4503 1660 4574 ignobilibus
1693 4503 2034 4572 scriptoribus
2069 4505 2364 4560 Athanasio
2393 4508 2710 4563 ascribatur.
2739 4507 2850 4564 Nec
2881 4508 3323 4581 prcetermittenda
3357 4504 3520 4559 Nice-

281 4599 440 4667 phori
465 4597 974 4655 Callistii'verba-lib.
1004 4614 1121 4661 vm,
1144 4614 1188 4652 c.
1210 4596 1278 4650 40
1303 4613 1316 4650 :
1339 4597 1449 4669 Τὴν
1465 4596 1743 4651 Ἀντωνίου
1766 4596 1848 4665 φιλ

1946 4597 2077 4666 ιφίαν
2107 4601 2134 4650 ὁ
2153 4597 2223 4652 τὰ
2255 4599 2428 4654 πάντα
2442 4601 3004 4672 ἄριστοςἈΘανάσιος,
3036 4601 3128 4654 καὶ
3159 4599 3306 4670 αὐτῷ
3341 4600 3520 4667 διαφε-

287 4695 490 4764 ρόντως
524 4692 864 4763 φιλούμενος,
883 4690 1017 4761 πρὸς
1050 4689 1241 4742 λεπτὸν
1273 4691 1556 4760 ἱστορήσας
1577 4687 1803 4751 ἐξέδωκε
1825 4686 1953 4750 ’τὰς
1990 4687 2124 4759 μετὰ
2151 4689 2419 4760 δαιμόνων
2449 4690 2624 4753 πάλας
2651 4691 2834 4757 αὑτοῦ,
2878 4691 2973 4744 καὶ
3021 4691 3118 4753 τὰς
3149 4688 3518 4759 ὲξευρημένας

281 4783 480 4855 τέχνας
513 4783 661 4853 αὐτῷ
686 4783 805 4836 κατ’
832 4781 1027 4846 αὐτῶν,
1054 4782 1147 4833 καὶ
1171 4780 1238 4832 τὰ
1255 4779 1518 4833 λοιπὰτοῦ
1551 4778 1665 4848 βίου
1687 4779 1966 4850 τεράστια,
1989 4780 2083 4832 καὶ
2111 4780 2268 4835 πάνθ’
2305 4781 2510 4836 ἕκαστα
2537 4782 2868 4853 διαγράψας·
2901 4782 2976 4845 ὡς
3009 4783 3131 4853 ὅρον
3170 4777 3310 4834 εἶναι
3348 4795 3512 4850 μονα-

282 4875 444 4946 δικῆς
481 4873 752 4937 πολιτείας
779 4872 838 4926 τὸ
863 4872 1214 4944 σύγγραμμα.
1263 4871 1452 4923 ὐποία
1478 4870 1541 4940 δὴ
1577 4872 1605 4922 ὁ
1626 4869 1787 4934 αὐτὸς
1832 4871 2144 4935 Ἀθανάσιος
2169 4873 2271 4925 κάν
2295 4872 2370 4942 τῷ
2412 4873 2510 4944 βίῳ
2566 4871 2937 4943 Συγκλητικῆς
2989 4872 3220 4946 ἔπραξεν
3246 4890 3259 4903 ’
3307 4869 3514 4943 ἀνδρῶν

289 4965 390 5036 μὲν
415 4964 688 5019 πολιτείαν
710 4964 980 5028 ἐντεῦθεν,
1015 4962 1286 5032 γυναικῶν
1325 4961 1367 5013 δ’
1395 4960 1609 5016 ἐκεῖθεν
1626 4962 1848 5016 ὑποτιθέ

1950 4963 2024 5026 ὡς
2045 4965 2102 5017 ἐν
2133 4963 2411 5035 πλάσματι
2442 4965 2762 5037 διηγήσεως.
2797 4965 2862 5019 Id
2890 4976 2987 5035 est,
3012 4968 3230 5022 Antonii
3277 4966 3516 5037 philoso-

287 5057 472 5128 phiam
505 5057 593 5112 vir
618 5057 777 5126 longe
806 5056 1290 5126 praestantissimus
1318 5055 1670 5121 Athanasius,
1695 5056 1786 5126 qui
1809 5057 1972 5110 etiam
2010 5055 2112 5126 ipsi
2148 5056 2250 5111 fuit
2271 5059 2653 5122 charissimus,
2685 5061 2932 5130 pluribus
2962 5060 3290 5131 descriptam
3319 5061 3511 5128 edidit,

286 5153 726 5223 conscripsitque
753 5153 872 5222 ejus
896 5153 1181 5208 adversum
1212 5151 1484 5206 daemones
1517 5151 1844 5215 certamina,
1871 5165 2074 5220 quasve
2106 5159 2252 5206 artes
2267 5153 2333 5206 ad
2366 5153 2513 5223 ipsos
2540 5155 2890 5211 debellandos
2921 5155 3281 5222 adinvenerit,
3301 5171 3512 5212 necnon

285 5247 391 5301 alia
425 5246 552 5302 vitae
571 5245 717 5300 illius
747 5245 990 5314 prodigia
1021 5243 1327 5298 minutatim
1372 5249 1625 5297 enarrata
1655 5241 1676 5298 ε’
1700 5243 1836 5297 adeo
1865 5252 1924 5297 ut
1953 5243 2092 5296 liber
2124 5243 2214 5298 ille
2239 5245 2310 5299 sit
2341 5246 2496 5315 quasi
2530 5247 2656 5302 vitae
2701 5249 3019 5304 monasticae
3049 5265 3262 5306 norma.
3310 5250 3510 5321 Cujus-

287 5342 433 5398 modi
452 5344 584 5397 item
608 5351 737 5397 sunt
759 5355 880 5410 qua:
900 5340 1041 5393 idem
1068 5337 1402 5392 Athanasius
1418 5335 1712 5407 descripsit
1734 5337 1789 5390 in
1811 5338 1923 5392 vita
1946 5335 2301 5407 Syncleticae:
2335 5338 2390 5393 in
2419 5340 2599 5409 priore
2627 5340 2847 5410 quidem
2870 5342 3011 5397 libro
3031 5343 3272 5398 virorum
3298 5344 3512 5400 vivendi

286 5439 590 5505 rationem;
619 5438 673 5490 in
703 5437 950 5506 sequenti
980 5449 1108 5488 vero
1138 5433 1425 5488 mulierum
1465 5447 1798 5502 proponens,
1826 5433 1982 5503 quasi
2015 5432 2118 5487 sub
2150 5433 2320 5487 forma
2351 5436 2698 5491 narrationis.
2737 5436 3004 5492 Praeterea
3047 5439 3101 5492 in
3154 5439 3329 5493 codice
3364 5439 3516 5495 Vati-

286 5545 417 5583 cano
437 5527 564 5590 8'25,
593 5535 720 5580 teste
752 5524 1027 5578 Holstenio
1060 5524 1114 5575 in
1143 5521 1526 5575 animadversis
1549 5523 1618 5574 ad
1645 5521 2086 5591 Martyrologium
2112 5520 2428 5590 Romanum,
2459 5525 2569 5578 ha'c
2592 5526 2697 5578 vita
2729 5527 3011 5583 Athanasii
3036 5544 3221 5583 nomen
3255 5531 3468 5599 prafert
3494 5565 3512 5603 ε

285 5621 509 5690 itemque
531 5619 586 5672 in
621 5617 943 5670 bibliotheca:
973 5615 1318 5670 Scorialensis
1336 5613 1644 5681 exemplari,
1665 5615 1800 5685 quod
1828 5625 2081 5671 memorat
2111 5617 2407 5672 Alexander
2428 5618 2738 5675 Barvoetius
2761 5623 2813 5675 in
2847 5623 3089 5693 catalogo
3126 5625 3274 5679 illius
3320 5625 3520 5683 Biblio-

288 5716 468 5770 thecm.
498 5711 567 5766 ad
596 5711 746 5780 cujus
771 5708 926 5778 [idem
958 5706 1125 5760 David
1154 5706 1406 5774 Colrillus
1437 5705 1689 5762 Latinam
1741 5709 2218 5779 interpretationem
2245 5727 2396 5765 suam
2444 5712 2742 5780 adornauit,
2792 5713 2984 5771 editam
3021 5734 3050 5773 ιι
3085 5717 3352 5775 Bollando
3388 5721 3458 5778 at!
3487 5724 3522 5774 εξ
3615 5748 3620 5753 ~
