3976 6388
259 302 417 391 usa

1376 310 1535 368 VlTA
1575 313 1869 371 SANCTIE
1909 313 2390 373 SYNCLETICE.

3379 321 3399 372 i
3411 319 3516 375 ιοῡ

253 424 356 479 λιν.
397 417 731 478 Ἐπιῖϐαππων
757 423 814 476 δὲ
841 427 1018 483 αὐτῶν
1042 431 1107 501 τῇ
1132 428 1306 500 χώρᾳ,
1330 429 1423 482 καὶ
1449 429 1621 501 μείζω
1647 431 1816 504 εὑρόν-

1934 438 2354 487 concesserunt.
2383 434 2504 497 Quo
2544 445 2672 485 eum
2706 432 3108 502 pervenissent,
3134 447 3198 486 ac
3228 447 3318 489 res
3365 434 3517 503 ipsae

250 534 341 581 τες
362 518 462 586 τῆς
492 517 680 589 φήμης
704 516 773 571 τά
810 518 1126 591 πράγματα,
1159 516 1495 593 φιλοφρόνως
1521 522 1698 592 ᾤκουν
1726 523 1824 577 αύ-

249 609 369 680 τήν.
395 609 471 661 Οὐ
501 608 695 682 πλήθει
721 609 779 663 δὲ
795 598 984 683 δήμων
1012 612 1351 684 συνέχαιρον,
1381 611 1503 666 οὔτε
1532 614 1639 686 μὴν
1672 615 1828 686 οἰκη-

252 701 440 773 μάτων
488 700 796 773 έθαύμαζον
845 704 1071 775 μέγεθος
1090 724 1104 739 ·
1160 706 1341 759 πίστιν
1384 705 1444 759 δὲ
1498 708 1829 780 μονότροπον

248 793 502 865 εὑρόντες
539 795 636 848 σὺν
677 795 957 866 εἰλικρινεῖ
983 797 1193 870 ἀγάπῃ,
1232 796 1490 867 δευτέραν
1519 798 1703 853 ἔθεντο
1729 798 1826 869 τὴν

247 884 455 940 οἰκείαν
483 884 585 956 τῆς
612 887 906 956 μετοικίας.

321 978 375 1033 5.
404 973 514 1033 Ἦν
555 978 613 1033 δὲ
659 979 865 1051 καὶτῷ
906 980 1056 1049 γένει
1103 980 1466 1053 περίϐλεπτος
1505 984 1539 1053 ἡ
1579 982 1826 1053 μακαρία

251 1069 616 1143 Συγκλητικὴ,
643 1072 735 1125 καλ⁴
755 1073 867 1136 τοῖς
906 1072 1085 1137 ἄλλοις
1117 1072 1174 1127 δὲ
1198 1075 1309 1137 τοῖς
1338 1071 1478 1127 κατά
1502 1073 1594 1126 τὸν
1620 1071 1824 1143 κόσμον

246 1158 498 1232 τερπνοῖς
538 1161 912 1233 νομιζομένοις
953 1163 1308 1243 ἐκεκόσμητο.
1352 1165 1544 1235 Παρῆν
1589 1155 1647 1217 δὲ
1684 1162 1821 1234 αὐτῇ

246 1252 342 1305 καὶ
388 1251 590 1324 ἀδελφὴ
630 1252 885 1327 ὁμόφρων
916 1255 1053 1327 ἅμα,
1084 1254 1179 1308 καὶ
1209 1253 1428 1324 ἀδελφοὶ
1478 1254 1592 1319 δύο,
1627 1270 1823 1324 σεμνο-

246 1345 394 1416 τάτῳ
426 1346 522 1400 καὶ
546 1346 699 1401 αὐτοὶ
730 1346 1054 1419 ἀναχθέντες
1092 1346 1219 1418 βίῳ·
1248 1339 1324 1401 ὧν
1355 1349 1384 1401 6
1412 1347 1510 1418 μὲν
1534 1341 1635 1412 εἷς,
1670 1347 1728 1401 ὲν
1755 1348 1822 1418 τῇ

247 1440 470 1512 παιδικῇ
525 1439 710 1513 ἡλικίᾳ
740 1441 1045 1512 τυγχάνων,
1085 1439 1381 1511 ἀπεγένετο
1400 1457 1416 1473 ·
1446 1442 1475 1494 6
1500 1440 1558 1494 δὲ
1616 1440 1823 1512 ἕτερος,

247 1531 443 1596 emet;
468 1531 705 1603 πέμπτῳ
750 1532 842 1586 καὶ
868 1532 1096 1603 εἰκοστῷ
1134 1532 1262 1597 ἔτει,
1294 1530 1446 1604 παρὰ
1475 1530 1584 1586 τῶν
1625 1531 1827 1600 γονέων

245 1626 325 1688 είς
363 1622 540 1694 γάμον
572 1623 964 1696 παρεκαλεῖτο·
1000 1624 1094 1678 καὶ
1123 1624 1342 1678 πάντων
1375 1622 1513 1696 πρὸς
1543 1623 1605 1677 τὸ
1636 1621 1828 1693 ζητού-

249 1729 407 1783 μενον
448 1712 931 1784 εὐτρεπισθέντων,
965 1714 1058 1766 καὶ
1099 1712 1204 1766 τῶν
1237 1712 1297 1778 ἐξ
1328 1710 1515 1776 ἔθνους
1561 1712 1824 1784 συμϐολιη

1934 522 2076 577 fama
2097 522 2334 592 majores
2366 524 2795 593 comperissent.
2829 524 3195 581 libentissime
3228 525 3392 582 isthic
3426 545 3515 584 se-

1929 614 2028 669 des
2061 617 2396 669 statuerunt.
2422 612 2543 667 Non
2572 615 2651 669 illi
2691 615 2760 670 de
2791 615 2981 687 populi
3017 614 3325 689 frequentia
3374 635 3512 693 gau-

1929 703 2152 769 debant,
2189 719 2290 759 nec
2318 704 2518 759 aedium
2550 707 2966 776 amplitudinem
2996 709 3370 780 mirabantur,
3415 712 3513 768 sed

1928 795 2175 849 unanimi
2205 795 2313 850 ﬁde
2357 798 2684 867 sinceraque
2717 799 2987 856 charitate
3010 809 3247 873 reperta,
3300 804 3509 860 incola-

1927 886 2006 940 tui
2027 887 2261 957 patriam
2292 891 2685 959 posthabuere.

1990 977 2045 1033 5.
2085 977 2215 1033 Erat
2248 994 2416 1050 porro
2444 982 2603 1036 beata
2661 982 2974 1054 Synclctica
3036 999 3160 1040 cum
3191 1002 3393 1058 genere
3443 988 3510 1043 il-

1926 1068 2139 1135 lustris,
2162 1078 2276 1126 tum
2311 1071 2436 1128 aliis
2469 1087 2592 1143 qua!
2614 1073 2758 1128 inter
2778 1074 2908 1131 vitae
2932 1079 3221 1135 commoda
3280 1094 3511 1153 compu-

1924 1173 2112 1219 tantur
2166 1165 2461 1219 iustructa.
2495 1164 2625 1219 Erat
2686 1166 2764 1221 illi
2806 1182 2966 1224 soror
2997 1184 3104 1224 una
3153 1185 3386 1229 concors
3442 1189 3508 1228 ac

1925 1255 2171 1328 ejusdem
2208 1256 2402 1320 animi,
2457 1264 2512 1311 et
2561 1258 2762 1314 fratres
2808 1259 2941 1328 duo,
2977 1260 3081 1332 ipsi
3138 1278 3355 1334 quoque
3395 1265 3506 1319 vita

1927 1347 2323 1403 honestissima
2388 1347 2630 1413 educati,
2662 1365 2899 1419 quorum
2931 1351 3070 1408 alter
3099 1361 3313 1410 aetatem
3341 1370 3507 1427 agens

1927 1439 2191 1510 puerilem
2239 1437 2386 1495 diem
2441 1439 2613 1504 obiit;
2672 1441 2810 1497 alter
2855 1459 2988 1499 vero
3035 1444 3127 1501 ubi
3181 1446 3503 1502 vicesimum

1926 1531 2180 1601 quintum
2227 1529 2406 1602 attigit
2466 1546 2693 1593 annum,
2731 1546 2760 1585 a
2792 1534 3112 1603 parentibus
3164 1537 3233 1593 ad
3282 1540 3505 1610 nuptias

1929 1620 2240 1676 destinatus
2268 1626 2375 1676 est.
2412 1621 2665 1692 Cumque
2685 1630 2872 1678 essent
2898 1624 3081 1678 omnia
3116 1625 3182 1680 ad
3214 1626 3268 1681 id
3301 1629 3504 1699 negotii

1930 1719 2138 1785 parata,
2167 1712 2571 1790 pactionesque:
2587 1714 2656 1769 de
2701 1729 2855 1771 more
2883 1724 3071 1772 essent
3120 1716 3294 1783 factae,
3323 1721 3506 1775 evola-

246 1803 361 1859 κῶν
402 1783 826 1877 ὲκτελουμένων,
865 1804 1087 1877 ἀπέπτη
1124 1805 1153 1857 6
1184 1806 1303 1869 νέος
1330 1804 1518 1876 ὥσπερ
1549 1783 1733 1877 ὄρνεον
1759 1805 1816 1859 ὲκ

1926 1783 2003 1860 vit
2029 1803 2353 1859 adolescens
2380 1787 2641 1873 tanquam
2666 1804 2785 1860 avis
2812 1820 2878 1861 ex
2897 1806 3132 1877 laqueis,
3158 1815 3214 1864 et
3245 1823 3502 1880 sponsam

246 1894 475 1966 βρόχων,
500 1893 837 1967 ἀνταλλαγὴν
872 1894 1239 1967 ποιησάμενος
1280 1896 1379 1966 τῆς
1411 1894 1653 1965 ἐπιγείου
1683 1894 1823 1967 νύμ-

245 2004 372 2059 φης,
404 1986 503 2058 τὴν
543 1987 770 2058 ἄμωμον
798 1987 892 2041 καὶ
930 1986 1222 2059 ἐλευθέραν
1252 1987 1360 2041 τῶν
1392 1987 1562 2056 ἁγίων
1587 1986 1821 2049 σύνοδον.

313 2076 369 2133 6.
400 2077 548 2149 Αὕτη
575 2076 631 2130 δὲ
665 2076 745 2131 ἔτι
780 2078 836 2130 ὲν
862 2080 982 2143 ταῖς
1014 2078 1294 2151 πατρῴαις
1323 2081 1590 2150 ἀγκάλαις
1626 2082 1826 2154 τυγχά-

243 2185 430 2236 νουσα,
473 2168 716 2243 φιλοθεῒᾳ
744 2171 842 2242 μὲν
880 2170 940 2224 τὸ
980 2171 1193 2243 πρῶτον
1234 2172 1335 2244 τὴν
1355 2172 1533 2244 ψυχὴν
1562 2175 1783 2243 ἠσκεῖτο
1807 2191 1821 2206 ·

245 2261 337 2313 καὶ
366 2260 468 2331 οὐχ
490 2258 635 2314 οὕτω
685 2261 782 2323 τὰς
813 2260 905 2314 τοῦ
940 2260 1190 2332 σώματος
1216 2261 1529 2333 ἐπιμελείας
1568 2264 1822 2327 ἐποιεῖτο,

246 2350 321 2415 ὡς
350 2350 448 2415 τὰς
479 2351 579 2421 τῆς
608 2351 821 2421 φύσεως
849 2352 1026 2424 ὁρμὰς
1058 2354 1336 2426 ἐπετήρει.

314 2442 368 2498 7.
398 2439 507 2497 Ἦν
526 2443 636 2515 γὰρ
666 2442 760 2497 καὶ
782 2443 924 2496 κατά
950 2444 1011 2497 τὸ
1045 2444 1202 2516 σῶμα
1236 2445 1721 2517 περικαλλεστάτη,
1748 2446 1839 2511 ὡς’

244 2534 337 2588 καὶ
388 2532 618 2598 πολλοὺς
664 2535 799 2606 αὐτῇ
843 2534 1158 2607 μνηστῆρας
1211 2536 1489 2609 προσιέναι
1546 2536 1688 2591 κατὰ
1724 2537 1823 2610 τὴν

244 2624 470 2698 πρώτην
502 2625 743 2698 ἡλικίαν·
788 2626 947 2681 τοῦτο
987 2627 1086 2698 μὲν
1118 2627 1223 2681 ὑπὸ
1258 2628 1355 2701 τῆς
1385 2629 1702 2702 περιουσίας
1741 2631 1824 2684 δε-

241 2716 624 2790 λεαζομένους,
658 2719 815 2774 τοῦτο
843 2719 901 2774 δὲ
946 2720 1038 2773 καὶ
1063 2720 1169 2775 ὑπὸ
1193 2720 1295 2792 τῆς
1333 2722 1441 2775 τῶν
1482 2723 1683 2793 γονέων
1726 2742 1820 2778 κο-

244 2814 553 2884 σμιότητος,
582 2813 676 2867 καὶ
706 2814 841 2885 πρὸς
860 2813 953 2867 ἐπὶ
976 2812 1186 2877 τούτοις
1214 2814 1305 2866 ὑπ’
1326 2814 1496 2884 αὐτῆς
1526 2815 1624 2887 τῆς
1652 2815 1820 2887 κόρης

241 2901 334 2957 τοῦ
361 2888 591 2967 κάλλους
625 2901 1041 2974 έξαπτομένους.
1076 2902 1187 2957 Kal
1214 2901 1344 2972 γοῦν
1372 2904 1422 2957 οἱ
1449 2907 1624 2972 γονεῖς
1650 2905 1819 2975 ἀσμέ-

241 3010 347 3057 νως
389 2993 789 3065 προετρέποντο
831 2992 928 3064 τὴν
973 2991 1100 3047 νέαν
1147 2993 1228 3056 είς
1272 2992 1470 3064 γάμον,
1502 2993 1633 3047 αὐτὸ
1661 2993 1821 3048 τοῦτο

240 3083 572 3155 ὲπείγοντες,
598 3083 674 3148 ὼς
698 3082 755 3150 ἐξ
786 3083 954 3154 αὐτῆς
976 3080 1073 3154 τὴν
1096 3082 1189 3136 τοῦ
1222 3083 1412 3151 γένους
1443 3083 1690 3156 διαδοχὴν
1717 3086 1816 3139 αύ-

239 3177 352 3238 τεῖς
381 3173 740 3245 φυλαχθῆναι.
781 3175 860 3229 Ἦ⁶
876 3175 935 3229 δὲ
960 3173 1190 3247 σώφρων
1223 3174 1317 3228 καὶ
1341 3176 1561 3244 γενναία
1585 3176 1662 3248 τῷ
1683 3194 1815 3249 φρο-

240 3267 462 3337 νήματι,
495 3266 725 3331 ούδόλως
764 3267 1071 3322 συνετίθετο
1104 3269 1222 3332 ταῖς
1254 3269 1530 3334 τοιαύταις
1582 3270 1688 3324 τῶν
1721 3289 1818 3341 γο-

239 3356 375 3410 νέων
420 3356 803 3428 συμϐουλίαις·
838 3357 974 3413 ἀλλά
1009 3359 1186 3430 γάμον
1231 3360 1503 3415 ἀκούουσα
1530 3362 1811 3432 κοσμικόν,

237 3448 416 3519 γάμον
467 3448 610 3504 θεῖον
653 3448 983 3520 ἐφαντάζετο
1003 3468 1018 3484 ·
1072 3454 1166 3506 καὶ
1225 3453 1450 3519 πολλοὺς
1501 3455 1816 3527 μνηστῆρας

240 3540 555 3614 παρορῶσα,
595 3542 675 3606 είς
705 3541 865 3613 μόνον
906 3541 997 3598 τὸν
1033 3544 1282 3616 οὐράνιον
1312 3544 1544 3615 νυμφίον
1594 3540 1705 3615 εἶχε
1753 3546 1815 3600 τὸ

238 3632 435 3704 νεῦμα.
1676 3700 1679 3703 .

308 3724 362 3780 8.
392 3725 505 3781 Kal
529 3719 599 3798 ἦν
628 3726 755 3782 ίδεῖν
781 3727 883 3799 τῆς
922 3729 1197 3802 μακαρίας
1227 3730 1435 3803 Θέκλης
1463 3731 1691 3802 γνησίαν
1719 3748 1815 3803 μα-

236 3816 486 3887 θήτριαν,
513 3818 628 3881 τοῖς
654 3817 837 3883 αὐτοῖς
866 3820 1035 3892 αὐτὴν
1066 3820 1339 3893 ἑπομένην
1366 3820 1673 3892 διδάγμασι.
1702 3822 1814 3875 Kal

233 3905 345 3979 γὰρ
378 3905 486 3961 τῶν
516 3906 609 3962 δύο
630 3902 711 3972 εἷς
739 3910 986 3983 μνηστήρ
1010 3906 1078 3983 ἦν
1104 3913 1134 3964 6
1158 3913 1410 3984 Χριστὸς,
1440 3914 1534 3966 καὶ
1563 3914 1725 3978 αὐτὸς
1745 3908 1814 3986 ἦν

232 3998 343 4053 τῶν
377 4000 706 4072 ἀμφοτέρων
749 4002 1113 4073 νυμφαγωγὸς
1155 4003 1388 4068 Παῦλος·
1423 4000 1575 4076 οἶμαι
1616 4005 1672 4060 δὲ
1720 4007 1814 4060 καὶ

231 4088 325 4144 τὸν
364 4090 603 4164 θάλαμον
636 4092 829 4158 αὐταῖς
857 4095 933 4166 μὴ
979 4096 1348 4150 ἐναλλάττειν·
1377 4090 1457 4160 εἷς
1492 4097 1600 4169 γὰρ
1624 4098 1813 4162 αὐταῖς

235 4184 442 4248 παστὸς
477 4187 510 4256 ἡ
556 4185 871 4258 Ἐκκλησία,
897 4188 992 4241 καὶ
1028 4189 1057 4242 6
1086 4188 1246 4253 αὐτὸς
1272 4189 1435 4243 Δαϐὶδ
1468 4190 1694 4260 μελῳδεῖ
1725 4192 1811 4243 ἐπ’

233 4276 563 4347 ἀμφοτέρων
593 4275 662 4331 τὰ
707 4277 882 4350 σεμνά
912 4280 1005 4333 καὶ
1049 4278 1166 4333 θεῖα
1198 4279 1440 4352 ᾄσματα.
1473 4281 1581 4334 Kal
1612 4280 1721 4351 γὰρ
1755 4281 1812 4334 έν

232 4367 532 4439 κυμϐάλοις
568 4370 784 4442 εύήχοις
813 4371 1002 4443 τέρπει
1032 4370 1130 4436 τὰς
1171 4371 1289 4445 Θεῷ
1321 4372 1675 4435 ἀνατεθείσας
1711 4371 1806 4443 ψυ-

1922 1902 2243 1950 terrestrem
2304 1908 2431 1949 cum
2482 1895 2764 1966 inculpato
2837 1896 3122 1970 liberoque
3182 1909 3503 1957 sanctorum

1926 1999 2073 2043 cmtu
2107 1986 2485 2042 commutavit.
2563 1993 2567 2042 ζ

1998 2076 2053 2132 6.
2094 2075 2215 2148 ipsa
2249 2091 2416 2148 porro
2444 2074 2575 2131 dum
2625 2078 2871 2147 paternis
2905 2078 3085 2135 adhuc
3132 2080 3279 2138 ulnis
3331 2082 3503 2139 hatre-

1925 2177 2031 2236 ret,
2054 2168 2166 2239 jam
2200 2169 2439 2240 primum
2470 2170 2715 2223 animum
2753 2170 3044 2226 exercebat
3078 2171 3132 2226 in
3163 2187 3347 2229 amore
3370 2173 3499 2242 Dei,

1926 2276 2028 2316 nec
2051 2268 2258 2316 tantam
2309 2259 2560 2332 corporis
2591 2275 2804 2326 curam,
2839 2270 3100 2332 quantam
3124 2264 3293 2320 animi
3342 2267 3503 2322 moti-

1924 2353 2029 2409 bus
2061 2353 2423 2410 observandis
2455 2352 2882 2435 sollicitudinem
2919 2356 3179 2424 ponebat.

1997 2446 2048 2500 ’7.
2075 2444 2203 2500 Erat
2228 2459 2464 2515 namque
2517 2444 2692 2529 forma
2753 2447 3002 2517 corporis
3052 2447 3496 2519 elegantissima;

1925 2537 2063 2595 adeo
2090 2549 2150 2593 ut
2181 2537 2285 2595 sub
2314 2537 2546 2609 primam
2601 2537 3024 2593 adolescentiam
3081 2540 3236 2594 multi
3268 2540 3336 2594 ad
3375 2557 3497 2597 eam

1924 2629 2250 2685 accederent
2279 2628 2457 2700 proci,
2486 2630 2681 2700 partim
2717 2629 2937 2699 opibus,
2980 2630 3175 2700 partim
3208 2639 3500 2701 parentum

1923 2718 2192 2790 dignitate
2220 2719 2475 2789 permoti,
2500 2720 2567 2774 ad
2599 2718 2716 2773 haec
2745 2717 2936 2789 puella}
2971 2721 3373 2790 pulchritudine
3402 2738 3497 2777 ac-

1922 2812 2093 2868 censi.
2130 2811 2239 2882 ipsi
2267 2826 2488 2882 quoquc
2517 2820 2776 2881 parentes
2805 2811 3023 2881 placide
3051 2812 3403 2882 juvenculam
3427 2815 3495 2869 ad

1926 2906 2146 2976 nuptias
2198 2903 2602 2959 hortabantur:
2641 2917 2705 2959 ea
2746 2912 2928 2960 mente
2988 2905 3280 2970 instantes,
3334 2914 3398 2960 Lt
3427 2922 3498 2963 cz

1924 2997 2015 3051 illa
2043 2996 2146 3053 sibi
2176 2996 2395 3069 generis
2452 2997 2733 3052 successio
2788 3005 3127 3067 superesset.
3169 2996 3237 3051 At
3265 2998 3358 3052 illa
3394 3014 3495 3069 pu-

1923 3089 2047 3144 dica
2076 3095 2129 3144 et
2159 3088 2341 3143 animo
2380 3103 2667 3157 generosa,
2719 3088 3031 3144 nullatenus
3081 3088 3353 3159 ejusmodi
3397 3103 3495 3160 pa-

1922 3187 2136 3236 rentum
2168 3179 2416 3235 consiliis
2457 3179 2903 3250 obtemperabat;
2968 3178 3218 3251 quinimo
3290 3179 3494 3236 auditis

1920 3271 2214 3326 mundanis
2242 3270 2470 3340 nuptiis,
2504 3270 2720 3325 divinas
2742 3270 3017 3341 cogitabat
3049 3288 3061 3326 :
3099 3286 3163 3326 ac
3192 3272 3393 3328 multos
3421 3272 3494 3326 ilo

1920 3365 2003 3419 los
2027 3363 2336 3432 despiciens
2369 3379 2586 3434 procos,
2620 3366 2674 3418 iu
2714 3380 2881 3420 unum
2914 3364 3197 3421 caelestem
3228 3379 3493 3436 sponsum

1920 3467 2058 3513 nutu
2097 3465 2153 3513 et
2186 3458 2372 3511 animo
2403 3458 2796 3528 propendebat.

1986 3726 2040 3781 8.
2077 3724 2277 3783 Videre
2313 3733 2432 3781 erat
2461 3724 2634 3783 beatae
2653 3724 2867 3781 Thecla:
2892 3738 3207 3796 germanam
3239 3723 3487 3794 discipu-

1916 3816 2046 3880 lam,
2077 3815 2267 3871 eadem
2299 3829 2462 3887 quam
2491 3815 2580 3870 illa
2608 3815 2939 3870 documenta
2988 3820 3331 3883 sequentem.
3357 3813 3490 3866 Am-

1916 3907 2107 3961 barum
2131 3922 2370 3979 namque
2403 3921 2547 3962 unus
2579 3905 2860 3978 pronubus
2890 3911 3010 3961 erat
3037 3903 3320 3969 Christus,
3342 3904 3487 3959 idem

1915 3999 2197 4053 ambarum
2231 3998 2639 4070 paranymphus
2670 3997 2872 4055 Paulus
2905 3997 3075 4068 :quin
3100 4012 3286 4052 earum
3313 3997 3487 4052 thala-

1913 4105 2064 4143 mum
2090 4090 2227 4145 nihil
2258 4090 2541 4147 diversum
2574 4090 2811 4147 arbitror
2842 4110 2855 4146 :
2888 4090 2958 4145 iis
3001 4090 3146 4146 enim
3179 4090 3489 4146 communis

1913 4186 2069 4236 torus
2110 4179 2378 4239 Ecclesia.
2415 4180 2647 4253 Ipseque
2699 4179 2864 4236 David
2901 4180 2970 4236 de
3012 4191 3268 4251 utraque,
3300 4182 3488 4252 gravia

1913 4271 2211 4344 divinaque
2236 4275 2449 4329 cantica
2489 4273 2823 4329 modulatur.
2867 4272 2928 4329 In
2956 4274 3222 4344 cymbalis
3254 4288 3489 4343 namque

1914 4363 2054 4419 bene
2091 4365 2422 4421 sonantibus
2449 4364 2687 4420 oblectat
2724 4365 2937 4429 animas
2964 4363 3074 4420 Deo
3108 4373 3485 4430 consecratas,

229 4460 354 4530 χάς,
385 4460 480 4514 καὶ
507 4461 564 4514 ἐν
593 4462 894 4532 τυμπάνοις
927 4462 1022 4516 καὶ
1046 4463 1104 4516 ἐν
1128 4462 1470 4535 δεκαχόρδοις
1492 4463 1810 4535 ψαλτηρίοις

1925 4463 1966 4509 at
1990 4455 2045 4509 in
2086 4456 2363 4527 tympanis
2407 4470 2472 4512 ac
2498 4456 2860 4513 decachordis
2893 4456 3171 4527 psalteriis
3204 4456 3489 4526 perfectis-

228 4551 330 4622 τὴν
380 4551 720 4624 τελειοτάτην
758 4552 904 4625 ᾠδὴν
950 4554 1282 4626 ἀναπέμπει.
1315 4555 1551 4629 Μαριάμ
1591 4556 1648 4609 δὲ
1695 4558 1811 4620 τοῖς

230 4644 399 4716 ἱεροῖς
450 4643 660 4709 τούτοις
702 4644 903 4717 γάμοις
946 4646 1043 4709 τὰς
1083 4646 1405 4718 χορευτρίας
1455 4646 1684 4717 εἰσάγει,
1716 4646 1806 4700 λέ·-

227 4750 432 4803 γουσα·
463 4734 737 4805 ’ᾼσωμεν
777 4734 858 4801 τῷ
896 4733 1123 4802 Κυρίῳ·
1167 4733 1428 4800 ἐνδόξως
1476 4734 1586 4804 γὰρ
1634 4733 1802 4787 636d-

227 4828 468 4894 ξασται.
500 4829 610 4883 Kal
634 4827 702 4881 τὰ
733 4826 840 4898 ὄψα
871 4826 929 4880 δὲ
952 4827 1047 4881 τοῦ
1080 4826 1225 4881 θείου
1261 4826 1478 4881 δείπνου
1512 4827 1667 4882 κοινά
1694 4829 1807 4891 τοῖς

225 4919 608 4991 ἑστιωμένοις·
651 4920 966 4974 Γεύοεασθε
1006 4918 1136 4992 γὰρ,
1184 4918 1281 4973 καὶ
1323 4917 1499 4986 ἴδετε,
1545 4918 1633 4974 ὅτι
1666 4937 1810 4990 χρη-

225 5007 374 5074 στὸς
399 5010 433 5061 ὀ
459 5008 692 5077 Κύριος.
727 5008 836 5061 Kal
877 5009 910 5080 ἡ
938 5006 1046 5061 τῶν
1091 5007 1375 5079 νυμφικῶν
1407 5006 1464 5061 δὲ
1493 5008 1683 5073 αὐταῖς
1713 5028 1809 5063 πε·-

225 5099 581 5172 ριόλημάτων
613 5083 729 5172 ’μία
760 5119 843 5166 τις
892 5103 1035 5173 ὑφή·
1067 5104 1239 5157 Ὅσοι
1283 5102 1393 5171 γὰρ
1432 5103 1519 5168 είς
1550 5104 1811 5172 Χριστόν

223 5190 701 5259 ἐϐαπτίσθησαν,
740 5194 999 5262 Χριστὸν
1046 5192 1428 5248 ἐνεδύσαντο.
1473 5194 1807 5268 Ὀμότροπος

223 5276 316 5336 οὖν
349 5283 546 5347 αὐταῖς
570 5278 639 5357 ἦν
661 5286 696 5356 ἡ
724 5284 862 5357 πρὸς
888 5283 1090 5357 Κύριον
1111 5283 1296 5357 ἀγάπη
1323 5302 1337 5317 ·
1368 5285 1476 5338 τῶν
1493 5285 1603 5359 γὰρ
1625 5286 1807 5353 αὐτῶν

220 5372 474 5444 ἠξιοῦντο
506 5375 725 5448 δωρεῶν
743 5393 756 5407 ·
787 5375 920 5434 ἀλλά
945 5375 1172 5445 καὶτοῖς
1198 5377 1380 5441 αὐτοῖς
1413 5377 1618 5446 ἀγῶσιν
1637 5378 1801 5453 ἡμιλ-

222 5465 414 5521 λῶντο.
430 5466 513 5521 Τά
533 5468 631 5539 μὲν
642 5466 751 5539 γὰρ
765 5467 867 5538 τῆς
884 5468 1155 5540 μακαρίας
1177 5467 1387 5540 Θέκλης
1402 5469 1579 5524 οὐδενὶ
1595 5469 1797 5543 ἠγνόη-

221 5572 311 5610 ται
347 5555 653 5628 μαρτύρια,
688 5556 872 5623 ὡςδιά
913 5559 1085 5631 πυρὸς
1125 5560 1218 5613 καὶ
1240 5558 1445 5632 θηρίων
1488 5560 1797 5616 ἀτιθάσσων

1910 4548 2113 4603 simum
2163 4548 2371 4604 occinit
2403 4563 2650 4604 carmen.
2717 4547 2887 4603 Maria
2932 4561 3063 4603 vero
3105 4546 3280 4602 sacris
3336 4546 3490 4602 hisce

1911 4648 2117 4719 nuptiis
2150 4648 2382 4704 choreas
2418 4648 2627 4702 inducit
2665 4645 2964 4701 dicentium
3004 4664 3016 4698 :
3049 4643 3335 4699 Contentus
3373 4640 3487 4695 Do-

1914 4741 2094 4804 mina;
2139 4740 2368 4811 gloriose
2409 4739 2549 4793 enim
2607 4737 2979 4807 magniﬁcatus
3035 4746 3114 4790 est
3139 4733 3209 4789 ⁸⁸.
3256 4732 3485 4789 Fercula

1912 4845 2130 4902 quoque
2168 4828 2366 4884 divinae
2421 4842 2614 4895 ouante,
2675 4825 2988 4882 communia
3047 4824 3399 4894 epulantibus
3469 4842 3483 4877 :

1913 4921 2135 4977 Custate
2164 4919 2334 4981 enim.
2367 4917 2569 4989 inquit,
2621 4926 2671 4972 et
2704 4915 2872 4971 videte
2910 4916 3160 4984 quoniam
3206 4915 3383 4968 suavis
3408 4922 3487 4968 est

1910 5012 2171 5068 Dominus
2202 5011 2269 5063 ⁸⁷.
2316 5008 2588 5064 Praeterea
2635 5005 2973 5079 sponsalium
3040 5004 3487 5058 indumentorum

1907 5121 2017 5160 una
2046 5103 2267 5174 utrique
2299 5108 2514 5157 textura
2545 5109 2663 5155 erat
2691 5120 2703 5155 :
2731 5099 3038 5167 Quicunque
3060 5097 3197 5150 enim
3228 5096 3282 5149 in
3327 5093 3487 5149 Chri-

1905 5204 1988 5249 sto
2020 5194 2279 5263 baptizati
2303 5200 2450 5259 sunt,
2484 5190 2756 5245 Christum
2794 5187 3081 5242 induerunt
3117 5187 3182 5238 ⁵⁸.
3220 5183 3325 5239 Par
3358 5184 3487 5238 item

1903 5287 2016 5342 illis
2041 5302 2172 5357 erga
2196 5285 2489 5341 Dominum
2516 5283 2784 5347 charitas,
2818 5282 3026 5337 eisdem
3057 5280 3258 5351 quippe
3298 5292 3489 5333 mune-

1906 5378 2061 5434 ribus
2096 5387 2307 5432 ornatze
2336 5384 2497 5431 erant
2529 5394 2541 5429 :
2568 5376 2680 5431 imo
2709 5374 2873 5429 etiam
2922 5372 3115 5427 iisdem
3176 5368 3492 5425 certamini-

1904 5468 2010 5526 bus
2037 5467 2462 5526 contendebant.
2495 5466 2559 5521 Et
2587 5467 2810 5536 quidem
2835 5466 3009 5521 beata:
3038 5462 3255 5518 Thecla:
3286 5459 3489 5517 nemini

1905 5561 2151 5632 ignotum
2186 5561 2514 5630 martyrium
2534 5569 2588 5616 et
2614 5557 2917 5625 cruciatus,
2946 5555 3093 5627 quod
3154 5569 3250 5626 per
3307 5554 3489 5629 ignem

290 5717 339 5748 ⁸⁸
379 5714 552 5771 Exod.
592 5731 680 5781 xv,
718 5715 769 5771 1.
844 5714 888 5745 ⁵⁷
927 5713 1071 5771 Psal.
1107 5732 1315 5784 χχχιιι,
1353 5716 1405 5771 9.
1490 5716 1535 5752 "
1575 5715 1750 5772 Galat.
1790 5730 1884 5782 ιιι,
1920 5715 2010 5771 27.
2045 5776 2056 5785 ,
