3980 6528
492 449 624 505 1591

1613 449 1670 510 S.
1715 452 2176 513 ATIIANASIUS.
2217 488 2286 497 —
2325 456 2574 514 SPURIA

3602 460 3739 520 “92

494 568 745 636 ferasque
765 560 1059 620 indomitas
1080 563 1435 622 decertaverit
1464 587 1478 621 :
1524 584 1624 623 nec
1645 571 1808 640 hujus
1829 588 2050 642 quoque

2160 577 2318 648 αὐτὴν
2363 576 2745 648 ὲνηθληκέναι’
2777 575 2870 630 καὶ
2909 579 3112 651 ταύτης
3148 582 3274 646 τοὺς
3315 585 3612 653 ἐναρετους
3643 585 3741 638 πό-

493 661 710 714 virtutis
732 673 896 713 causa
921 665 1205 728 susceptus
1238 659 1451 715 labores
1473 661 1830 732 sudoresque,
1871 665 2056 719 multis

493 753 660 807 latere
693 752 968 807 existimo.
999 751 1136 808 Cum
1154 752 1302 808 enim
1328 769 1472 808 unus
1495 755 1574 808 eis
1607 753 1858 812 Salvator
1888 764 2054 821 esset,

491 846 652 914 cujus
678 843 950 900 desiderio
979 844 1300 916 ﬂagrabant,
1341 848 1654 903 necessario
1684 864 1824 904 unus
1842 864 2058 918 quoque

493 938 598 992 illis
623 944 741 991 erat
765 937 1114 992 adversarius
1147 938 1418 995 diabolus.
1454 943 1533 996 Ac
1569 941 1788 1011 quidem
1827 942 1882 996 in
1915 940 2058 995 The-

491 1031 574 1084 cla
605 1031 849 1085 mitiores
877 1030 1039 1100 617
1072 1028 1246 1086 fuisse
1289 1032 1505 1088 labores
1555 1033 1836 1088 existimo.
1874 1035 2058 1104 Expu-

491 1130 652 1191 gnata
701 1121 902 1192 quippe
944 1120 1048 1176 fuit
1105 1123 1314 1177 inimici
1363 1124 1589 1186 malitia,
1633 1140 1731 1194 per
1783 1127 2057 1182 exteriora

492 1228 614 1268 cum
649 1227 714 1268 ea
768 1212 1048 1284 congressi
1079 1230 1092 1266 :
1121 1213 1212 1268 hic
1232 1229 1362 1270 vero
1411 1216 1744 1272 acerbiorem
1795 1212 2058 1287 prodebat

493 1302 780 1369 malitiam,
805 1303 1069 1360 interiore
1099 1320 1285 1377 pugna
1307 1322 1406 1378 per
1460 1307 1722 1364 exitiosae
1769 1308 2057 1379 cogitatio-

491 1412 588 1454 nes
616 1411 967 1468 congressus.

561 1489 613 1544 9.
645 1487 763 1543 Non
804 1487 1093 1545 fascinavit
1121 1490 1311 1546 oculos
1339 1490 1460 1560 ejus
1488 1491 1740 1561 pretiosae
1756 1492 2057 1548 vestistex-

490 1590 634 1647 tura,
686 1595 863 1651 neque
907 1595 1242 1651 gemmarum
1277 1583 1414 1636 varii
1455 1583 1708 1639 colores:
1741 1598 1853 1638 non
1895 1598 2056 1639 aures

491 1675 609 1744 ejus
630 1674 932 1741 cymbalum
963 1673 1197 1743 decepit,
1229 1689 1405 1742 neque
1437 1675 1568 1728 tibia
1601 1675 1772 1729 animi
1809 1675 2054 1746 vigorem

492 1765 705 1820 solvere
734 1765 910 1836 potuit
941 1785 954 1819 :
983 1780 1092 1819 non
1121 1775 1407 1836 parentum
1439 1766 1839 1838 lacrymaz,non
1855 1783 2056 1838 cogna-

491 1863 672 1911 torum
703 1857 912 1926 qumvis
955 1855 1267 1910 cohortatio
1305 1855 1424 1926 ejus
1470 1857 1734 1912 emollivit
1777 1857 2053 1923 animum;

492 1945 584 2001 sed
616 1945 964 2000 adamantina
991 1955 1168 2002 mente
1197 1946 1490 2012 instructa,
1507 1963 1847 2018 nequaquam
1870 1948 2054 2004 animo

493 2037 667 2092 fracta
710 2043 840 2092 est:
872 2046 1209 2109 cunctosque
1259 2053 1457 2094 sensus
1504 2054 1656 2105 suos,
1702 2040 1858 2109 quasi
1905 2038 2056 2095 fene-

494 2138 637 2185 stras
655 2128 968 2195 occludens.
999 2144 1122 2185 cum
1164 2131 1380 2200 Sponso
1403 2145 1504 2186 suo
1525 2131 1752 2186 seorsim
1780 2131 2055 2201 colloque-

491 2221 673 2284 ‘ratur,
706 2223 790 2278 his
813 2221 1111 2291 Scriptura:
1151 2222 1332 2278 verbis
1361 2238 1461 2278 usa
1495 2241 1510 2277 :
1543 2222 1653 2294 Ego
1681 2222 1872 2277 dilecto
1917 2238 2053 2288 meo,

491 2325 541 2370 et
556 2315 776 2370 dilectus
797 2332 939 2370 meus
959 2315 1084 2368 mihi
1099 2315 1166 2369 '9.
1183 2315 1251 2369 At
1274 2315 1366 2370 ubi
1390 2315 1615 2371 fumosae
1639 2317 2056 2388 tenebrosaque

491 2406 960 2462 confabulationes
985 2407 1370 2474 occurrebant,
1396 2422 1488 2463 eas
1523 2407 1850 2479 refugiebat,
1882 2409 1949 2463 ad
1972 2409 2057 2463 in-

490 2506 645 2554 terna
683 2498 849 2554 animi
876 2499 1130 2554 cubicula
1175 2515 1298 2555 sese
1335 2497 1631 2570 recipiens.
1661 2499 1763 2555 Ubi
1807 2515 1938 2556 vero
1974 2499 2058 2554 lu-

491 2590 628 2647 cida:
691 2591 1095 2663 fructuosaeque
1161 2591 1570 2648 adhortationes
1647 2593 2055 2664 comparebant,

492 2691 661 2738 totam
701 2683 976 2754 pandebat
1023 2691 1283 2750 mentem,
1329 2691 1388 2738 ut
1445 2683 1625 2739 oblata
1673 2685 1837 2740 verba
1877 2684 2059 2740 susci-

492 2781 664 2843 peret.

563 2949 648 3009 ιο.
686 2951 869 3024 Neque
923 2969 1048 3010 vero
1106 2952 1412 3026 negligehat
1459 2954 1751 3011 salutarem
1808 2952 2058 3025 corporis

492 3046 790 3112 medelam;
825 3061 950 3100 nam
989 3046 1063 3101 ita
1091 3045 1282 3116 jejunii
1318 3061 1510 3103 amans
1549 3054 1688 3113 erat,
1721 3053 1778 3100 ut
1817 3062 1885 3102 ex
1915 3061 2057 3115 prae-

490 3137 739 3194 sentibus
766 3138 899 3192 nihil
935 3137 1037 3208 ipsi
1081 3154 1179 3208 par
1207 3146 1374 3195 esset.
1405 3139 1544 3194 Illud
1583 3155 1776 3210 nempe
1819 3155 1916 3210 pro
1961 3155 2057 3196 cu-

2159 687 2281 733 νους
2305 687 2364 722 τε
2417 669 2510 723 καὶ
2541 669 2769 742 ἱδρῶτας
2810 666 2961 748 οἶμαι
3000 673 3127 736 τοὺς
3168 673 3398 737 πολλοὺς
3432 674 3510 744 μὴ
3550 673 3742 728 λανθά-

2158 779 2289 818 νειν.
2320 763 2382 815 Εί
2406 761 2512 834 γὰρ
2535 756 2615 826 εἷς
2640 760 2828 834 Σωτὴρ
2851 759 2918 834 ἦν
2939 764 3170 828 αὑταίςὸ
3199 764 3562 836 ποθούμενος,
3584 766 3738 832 ἀναγ-

2158 855 2326 920 καίως
2357 857 2448 909 καὶ
2478 849 2558 920 εἷς
2609 856 2800 919 αὐταῖς
2831 858 2859 909 ὁ
2904 857 3370 926 ἀντιτασσόμενος.
3404 857 3521 910 Καὶ
3549 861 3616 928 τῇ
3644 858 3738 927 μὲν

2157 947 2332 1019 Θέκλῃ
2383 947 2721 1019 πραῢτέρους
2761 948 3124 1019 ὑπολαμϐάνω
3159 950 3283 1011 τοὺς
3323 949 3529 1012 πόνους
3551 967 3567 980 ο
3608 950 3736 1002 καθ-

2155 1041 2326 1114 ῄρητο
2353 1040 2461 1113 γὰρ
2497 1041 2531 1111 ἡ
2558 1039 2652 1094 τοῦ
2685 1039 2879 1112 ἐχθροῦ
2922 1040 3108 1103 κακία,
3136 1039 3224 1093 διά
3251 1041 3363 1094 τῶν
3397 1041 3566 1104 ἐκτὸς
3603 1041 3737 1111 αὐτῇ

2157 1132 2644 1204 προσομιλοῦντος·
2675 1132 2908 1186 ἐνταῦθα
2945 1132 3002 1186 δὲ
3037 1133 3368 1203 δριμυτέραν
3398 1131 3607 1184 ἑαυτοῦ
3645 1135 3740 1203 τὴν

2157 1225 2356 1280 κακίαν
2381 1224 2771 1287 ἁπιδείκνυται,
2815 1225 2880 1277 ὲκ
2903 1223 3011 1277 τῶν
3049 1224 3193 1278 ἔνδον
3222 1223 3310 1277 διὰ
3338 1223 3452 1276 τῶν
3482 1224 3740 1278 ἐναντίων

2157 1317 2251 1372 καὶ
2277 1315 2532 1388 ὀλεθρίων
2565 1315 2758 1369 ἑαυτοῦ
2779 1313 3051 1384 λογισμῶν
3073 1313 3409 1385 κινούμενος.

2223 1497 2278 1553 9.
2306 1496 2420 1550 Οὐκ
2460 1495 2782 1567 ὲγοήτευσεν
2811 1493 2982 1564 αὐτῆς
3011 1493 3070 1546 τὸ
3111 1495 3262 1565 ϐμμα
3297 1492 3552 1563 ποικίλης
3579 1492 3743 1563 ἐσθῆ-

2154 1602 2245 1649 τος
2282 1585 2411 1655 ὑφὴ,
2456 1583 2574 1638 οὐδὲ
2616 1583 2778 1637 λίθων
2816 1582 3118 1636 πολυτελῶν
3156 1582 3385 1656 διάφορα
3421 1583 3700 1656 χρώματα
3722 1601 3739 1614 ο

2155 1678 2254 1731 οὐκ
2280 1677 2559 1748 ἠπάτησεν
2587 1677 2758 1748 αὐτῆς
2781 1677 2881 1748 τὴν
2910 1675 3078 1746 ἀκοὴν
3105 1675 3404 1746 κύμϐαλον,
3434 1677 3542 1730 οὐδ’
3576 1676 3744 1740 nam

2154 1768 2400 1824 διαλῦσαι
2435 1767 2713 1837 δεδύνηται
2746 1767 2836 1821 τὸν
2865 1767 2967 1837 τῆς
2993 1766 3168 1838 ψυχῆς
3198 1767 3369 1837 αὐτῆς
3403 1766 3582 1822 τόνον.
3625 1771 3742 1823 Οὐκ

2156 1857 2422 1930 ἐμάλαξεν
2454 1856 2623 1929 αὐτὴν
2650 1857 2852 1925 γονέων
2883 1857 3114 1928 δάκρυα,
3141 1855 3258 1910 οὐδὲ
3287 1858 3451 1929 ἑτέρα
3487 1874 3576 1921 τις
3606 1876 3740 1927 συγ-

2153 1948 2324 2020 γενῶν
2359 1947 2676 2020 παραίνεσις
2702 1965 2714 1977 ·
2742 1945 2855 2001 ἀλλ’
2897 1945 3083 2018 ῶσπερ
3129 1946 3405 2017 ἀδάμαντα
3449 1948 3540 2000 τὸν
3589 1947 3742 2015 λογι-

2155 2029 2549 2111 σμδνεχουσα,
2591 2035 2652 2092 οὐ
2688 2038 3010 2111 παρετράπη
3053 2038 3142 2092 τὸν
3184 2037 3306 2091 νοῦν
3333 2056 3346 2069 ο
3395 2039 3493 2091 καὶ
3538 2038 3738 2109 ὅπερ

2155 2131 2372 2203 θυρίδας
2424 2131 2521 2195 τὰς
2562 2131 2741 2194 πάσας
2785 2131 3063 2202 αἰσθήσεις
3111 2129 3277 2200 αὐτῆς
3328 2130 3736 2192 ἀποκλείουσα,

2153 2224 2231 2295 τῷ
2275 2225 2472 2296 ἑαυτῆς
2503 2226 2720 2296 νυμφίῳ
2761 2223 3073 2294 καταμόνας
3115 2223 3463 2295 προσωμίλει,
3493 2222 3553 2275 τὸ
3597 2241 3743 2294 γρα-

2157 2318 2314 2386 φικὸν
2347 2318 2521 2371 έκεῖνο
2561 2317 2793 2386 λέγουσα
2818 2333 2834 2347 ο
2880 2316 2974 2381 Ὠς
3003 2315 3116 2385 ἐγὼ
3143 2314 3221 2380 τῷ
3261 2314 3557 2384 ἀδελφιδῷ
3587 2334 3738 2384 μου,

2157 2411 2254 2465 καί
2289 2413 2322 2465 ὁ
2363 2409 2686 2478 ἀδελφιόός
2719 2427 2839 2478 μου
2879 2408 3028 2478 ἐμοί.
3065 2406 3168 2461 Καὶ
3207 2409 3254 2460 εί
3296 2408 3392 2478 μὲν
3422 2407 3740 2472 καπνώδεις

2157 2504 2251 2557 καὶ
2295 2501 2563 2556 σκοτειναῖ¹
2603 2500 2810 2572 ὁμιλίαι
2858 2501 3133 2572 παρῆσαν,
3176 2499 3374 2563 ταύτας
3415 2499 3738 2569 ἀπέφευγε,

2156 2597 2268 2660 τοῖς
2313 2595 2459 2648 ἔνδον
2500 2593 2744 2666 ταμείοις
2785 2593 2885 2663 τῆς
2922 2591 3098 2662 ψυχῆς
3139 2592 3331 2662 ἑαυτὴν
3380 2592 3740 2660 συνάγθυσα·

2156 2689 2286 2743 ὅπου
2312 2687 2369 2740 δὲ
2403 2686 2661 2756 φωτειναὶ
2684 2685 2777 2738 καὶ
2800 2683 3095 2753 ὲπωφελεῖς
3121 2683 3468 2754 παραινέσεις
3493 2681 3742 2752 ἐτύγχα-

2157 2797 2264 2843 νον,
2306 2781 2484 2832 πᾶσαν
2513 2776 2710 2846 ἑαυτῆς
2737 2775 2834 2847 τὴν
2865 2775 3098 2830 διάνοιαν
3141 2772 3307 2826 ἔτεινε
3353 2773 3487 2846 πρὸς
3529 2774 3740 2827 areae-

2157 2869 2256 2943 χὴν
2282 2868 2388 2923 τῶν
2420 2867 2745 2938 λεγομένων.

2230 2961 2317 3015 10.
2353 2961 2466 3013 υύκ
2501 2959 2692 3030 ἡμέλει
2730 2959 2786 3011 δὲ
2825 2957 2919 3011 καὶ
2959 2956 3054 3010 τοῦ
3084 2956 3223 3011 κατὰ
3254 2956 3314 3009 τὸ
3355 2955 3511 3027 σῶμα
3547 2971 3738 3026 σωτη-

2161 3050 2275 3126 ρίου
2317 3050 2604 3124 φαρμάκου
2623 3065 2636 3080 ⁸
2664 3049 2763 3118 τήν
2789 3065 2847 3100 τε
2871 3046 2980 3120 γάρ
3005 3047 3257 3118 νηστείαν
3286 3045 3453 3109 οὕτως
3493 3043 3611 3116 εἶχε
3641 3047 3740 3114 at-

2158 3145 2276 3216 λην,
2309 3143 2383 3207 ὡς
2415 3140 2619 3214 μηδένα
2646 3138 2780 3211 αὐτῇ
2811 3137 2920 3192 τῶν
2963 3138 3243 3209 παρόντων
3274 3138 3383 3191 ίσον
3415 3139 3739 3206 τυγχάνειν.

492 3229 668 3286 stodia
723 3229 976 3294 habebat,
1042 3237 1096 3286 et
1159 3246 1258 3301 pro
1317 3229 1672 3288 fundamento
1739 3241 2057 3288 caeterorum

2160 3234 2405 3306 Φυλακὴν
2431 3232 2537 3306 γὰρ
2568 3230 2660 3287 καὶ
2686 3229 2933 3303 θεμέλιον
2956 3229 3155 3300 ταύτην
3183 3226 3496 3300 ήγεῖτο¹τῶν
3525 3227 3739 3282 ἄλλων.

491 3321 754 3377 omnium.
787 3325 864 3377 Ac
902 3323 950 3378 si
996 3323 1218 3393 quando
1259 3324 1590 3379 necessitate
1628 3331 1856 3394 cogente
1900 3333 2057 3381 extra

492 3419 809 3468 consuetam
844 3414 1032 3468 horam
1065 3413 1270 3484 aliquid
1311 3414 1553 3469 alimenti
1585 3425 1844 3479 sumeret,
1899 3431 2056 3472 secus

493 3503 572 3558 illi
625 3519 689 3558 ac
735 3505 1148 3562 comedentibus
1198 3506 1481 3562 accidebat
1522 3525 1536 3562 :
1574 3507 1808 3576 pallebat
1860 3510 2058 3578 quippe

494 3596 697 3659 vultus,
734 3597 1092 3668 corporisque
1124 3599 1295 3654 moles
1341 3599 1713 3654 minuebatur.
1756 3597 1888 3652 Nam
1937 3615 2055 3653 mo-

493 3696 653 3745 vente
682 3691 1029 3752 contristato,
1069 3704 1176 3744 una
1220 3691 1539 3745 immutatur
1563 3698 1617 3745 et
1658 3691 1958 3761 languescit
2005 3691 2057 3746 id

494 3783 641 3853 quod
670 3791 958 3850 movetur;
986 3783 1229 3853 quolibet
1261 3785 1405 3839 enim
1431 3783 1594 3838 modo
1622 3783 1948 3854 principium
1977 3783 2058 3838 af-

496 3872 696 3930 fectum
721 3874 905 3939 fuerit,
941 3889 1063 3946 quae
1086 3891 1150 3930 ex
1176 3875 1270 3929 illo
1289 3875 1524 3945 pendent
1553 3876 1668 3944 pari
1696 3873 1904 3930 ratione
1932 3875 2060 3930 sub-

498 3974 818 4036 sequuntur.
870 3963 1080 4032 Quibus
1125 3981 1358 4035 namque
1398 3965 1614 4021 oblatus
1684 3965 1840 4020 cibus
1902 3966 2056 4018 volu-

500 4057 632 4128 ptati
664 4065 769 4121 est,
800 4057 870 4111 iis
893 4065 1114 4127 vegetus
1144 4056 1389 4127 corporis
1421 4057 1640 4113 habitus
1667 4065 1784 4112 est:
1813 4056 1905 4126 qui
1929 4039 2059 4111 con-

501 4159 583 4203 tra
613 4147 814 4211 affecti,
844 4148 911 4203 iis
956 4163 1086 4203 caro
1127 4147 1300 4204 macie
1345 4148 1595 4204 confecta
1635 4155 1690 4203 et
1735 4148 1916 4203 tenuis
1952 4155 2056 4202 est.

497 4236 627 4292 Mihi
687 4239 928 4307 loquenti
977 4237 1134 4294 fidem
1198 4237 1405 4293 faciunt
1451 4239 1671 4309 inﬁrmi.
1720 4239 1847 4296 Haec
1895 4239 2060 4310 igitur

496 4331 652 4386 beata
694 4329 860 4400 Virgo
893 4347 1016 4385 cum
1061 4331 1348 4400 elanguido
1385 4347 1508 4387 esse
1558 4348 1785 4402 corpore
1819 4339 2057 4396 curaret,

495 4421 692 4476 anima:
718 4422 955 4492 vigorem
985 4421 1328 4491 praeferebat,
1348 4421 1510 4491 idque
1529 4425 1683 4490 juxta
1703 4422 1948 4493 Apostoli
1971 4422 2058 4476 di-

493 4519 641 4567 ctum
673 4530 685 4566 :
715 4511 924 4578 Quanto
957 4512 1001 4566 is
1033 4513 1121 4581 qui
1155 4511 1287 4581 foris
1318 4523 1394 4566 est
1427 4523 1605 4568 uoster
1633 4514 1784 4568 homo
1818 4531 2059 4568 corrum-

492 4607 658 4674 pitur,
688 4614 837 4658 tanto
869 4605 912 4657 is
953 4605 1042 4674 qui
1075 4604 1213 4657 inm:
1243 4615 1342 4669 est,
1379 4615 1657 4659 renovatur
1677 4607 1743 4659 ⁶⁰.
1780 4605 1856 4659 fta
1887 4606 2054 4677 igitur

491 4694 759 4766 ejusmodi
793 4703 1072 4750 certamen
1118 4694 1286 4748 inibat
1317 4704 1374 4750 ut
1415 4696 1560 4765 vulgi
1589 4697 1766 4752 oculis
1805 4697 2016 4752 lateret.

562 4787 650 4842 Η.
688 4787 980 4857 Postquam
1005 4802 1134 4842 vero
1151 4795 1401 4858 parentes
1426 4787 1544 4858 ejus
1561 4788 1718 4844 linem
1747 4788 1959 4844 vivendi
1980 4789 2056 4846 fe-

490 4887 701 4948 cerant,
719 4881 926 4950 majore
963 4881 1056 4938 Dei
1088 4881 1325 4951 impulsu
1362 4890 1629 4952 permota,
1669 4899 1823 4938 suam
1864 4900 2052 4940 secum

491 4971 657 5027 sumit
678 4987 942 5039 sororem,
965 4989 1086 5044 quae
1113 4983 1230 5028 erat
1253 4990 1450 5044 expers
1478 4977 1758 5031 oculorum
1783 4993 1882 5032 usu
1917 4995 1930 5032 :
1965 4993 2054 5032 re-

490 5064 725 5134 lictaque
762 5072 984 5134 paterna
1027 5066 1188 5122 domo
1217 5067 1271 5121 in
1321 5067 1714 5138 consanguinei
1764 5067 2052 5137 cujusdam

487 5164 896 5212 monumentum
928 5156 1231 5228 ingreditur
1259 5159 1327 5212 ab
1350 5158 1481 5212 urbe
1504 5167 1791 5223 remotum,
1817 5173 2053 5229 cumque

490 5247 590 5303 sibi
632 5248 820 5303 relicta
851 5249 1016 5314 bona,
1047 5249 1261 5303 vendita
1300 5251 1632 5320 pauperibus
1655 5251 2049 5311 distribuisset,

489 5339 663 5394 accito
685 5337 919 5409 quodam
944 5341 1506 5412 presbytero,comam
1531 5343 1631 5397 sihi
1658 5343 1851 5412 capitis
1871 5349 2052 5398 toton-

487 5429 587 5483 dit.
639 5428 796 5486 Tune
855 5440 1110 5486 ornatum
1157 5447 1370 5488 omnem
1414 5442 1468 5487 et
1514 5433 1777 5488 mundum
1821 5435 2050 5502 abjecit;

490 5520 668 5576 solent
692 5523 839 5577 enim
875 5525 1156 5588 mulieres,
1189 5528 1452 5579 mundum
1491 5525 1762 5595 appellare
1802 5526 2048 5596 capillos.

560 5678 604 5712 "
644 5642 916 5748 Canta",
953 5681 1040 5736 16.
1119 5683 1162 5713 ⁶⁰
1202 5679 1244 5736 ll
1277 5681 1404 5737 Cor.
1442 5696 1516 5746 tv,
1552 5679 1636 5735 16.

2158 3330 2267 3386 Καὶ
2304 3327 2358 3382 εί
2405 3343 2535 3381 ποτε
2579 3324 2824 3394 ἀνάγκης
2873 3322 3170 3392 γενομένης
3211 3320 3359 3391 παρά
3395 3320 3484 3372 τὸν
3517 3319 3742 3390 συνήθη

2157 3419 2344 3490 καιρὸν
2373 3417 2606 3489 ἐτράφη,
2637 3413 2698 3468 τδ
2723 3411 2962 3468 ἐναντίον
2993 3411 3249 3480 ὑφίστατο
3274 3412 3384 3474 τοῖς
3415 3409 3696 3463 ἐσθίουσιν
3718 3425 3736 3436 ο

2156 3511 2329 3584 ὠχρία
2357 3510 2464 3582 γὰρ
2491 3507 2659 3580 αὐτῆς
2689 3507 2750 3560 τὸ
2777 3503 3084 3578 πρόσωπον,
3109 3504 3202 3555 καὶ
3231 3501 3548 3554 συνέπιπτεν
3570 3502 3605 3552 ὁ
3629 3498 3738 3552 τοῦ

2160 3603 2407 3674 σώματος
2433 3601 2625 3671 ὄγκος·
2659 3598 2752 3654 τοῦ
2786 3598 2893 3669 γάρ
2927 3596 3197 3659 κινοῦντος
3219 3593 3574 3665 ἀηδισθέντος,
3607 3609 3739 3645 συν-

2158 3692 2460 3749 αλλοιοῦται
2495 3693 2589 3747 καὶ
2618 3691 2679 3746 τὸ
2707 3689 3039 3761 κινούμενον.
3076 3689 3262 3750 Ὅπως
3288 3685 3394 3756 γάρ
3420 3684 3484 3738 ἂν
3513 3688 3545 3755 ἡ
3573 3686 3737 3756 ἀρχὴ

2156 3785 2393 3855 διατεθῇ,
2429 3784 2504 3846 ὡς
2533 3784 2734 3838 ἐπίπαν
2772 3780 3055 3835 ἀκολουθεῖ
3073 3779 3242 3850 ταύτῃ
3274 3780 3368 3833 καὶ
3396 3778 3460 3830 τά
3492 3779 3556 3830 ὲκ
3585 3777 3736 3830 ταύ-

2155 3894 2253 3948 της
2279 3877 2578 3949 ἠρτημένα.
2603 3871 2698 3939 Οἷς
2732 3874 2829 3944 μὲν
2854 3873 2960 3945 γάρ
2994 3873 3028 3943 η
3056 3872 3225 3944 τροφὴ
3251 3871 3343 3924 καὶ
3365 3869 3549 3941 ἡδονὴν
3575 3869 3738 3936 γίνε-

2155 3983 2242 4020 ται
2270 3965 2362 4021 καὶ
2401 3965 2786 4038 προσφέρεται,
2822 3964 3051 4034 εὐθαλὴς
3090 3964 3119 4016 ὁ
3161 3961 3254 4016 τοῦ
3287 3961 3529 4031 σώματος
3555 3959 3737 4028 ὄγκος

2157 4059 2302 4112 ἐστίν
2328 4075 2342 4088 ·
2384 4055 2466 4122 οἷς
2511 4057 2567 4110 δὲ
2607 4057 2668 4110 τὸ
2710 4056 2948 4110 ἐναντίον
2993 4053 3298 4125 συμϐαίνει,
3345 4053 3574 4123 ἄτροφος
3627 4053 3737 4105 καὶ

2156 4149 2323 4222 λεπτὴ
2353 4153 2385 4221 ἢ
2418 4146 2553 4220 σὰρξ
2575 4145 2846 4219 τυγχάνει.
2877 4144 3226 4218 Μαρτυροῦσι
3253 4142 3310 4196 δέ
3338 4161 3434 4214 μου
3464 4141 3543 4211 τῷ
3578 4142 3736 4213 λόγῳ

2157 4243 2206 4296 οἱ
2239 4238 2764 4314 άῤῥωστοι.Ἦ,γοῦν
2795 4237 3040 4309 μακαρία
3066 4234 3224 4304 αὕτη,
3253 4233 3562 4305 νοσηλεύειν
3596 4250 3731 4285 τεει-

2160 4333 2375 4406 ρωμένη
2408 4334 2468 4387 τὸ
2496 4333 2673 4403 σῶμα,
2711 4334 2776 4403 τῇ
2808 4331 2952 4401 ψυχῇ
2996 4329 3055 4382 τὸ
3094 4327 3317 4390 εὐανθὲς
3355 4327 3547 4398 ἔφερε·
3578 4327 3736 4379 κατὰ

2158 4426 2266 4496 γὰρ
2293 4425 2380 4478 τὸν
2423 4423 2739 4476 ’Λπόστολον
2770 4421 2994 4489 λέγοντα
3025 4419 3286 4492 ἔπραττεν
3309 4435 3322 4449 ·
3361 4420 3515 4484 Ὀσῳ
3542 4418 3656 4489 γάρ
3699 4422 3734 4471 ὁ

2159 4517 2378 4581 ἔξωθεν
2415 4514 2582 4585 ἡμῶν
2608 4514 2914 4583 ἅνθρωπος
2957 4513 3268 4582 φθείρεται,
3299 4509 3480 4580 φησιν,
3509 4509 3734 4562 τοσοῦ⁹

2158 4626 2265 4663 τον
2292 4611 2325 4662 ό
2351 4604 2528 4662 ἔνδον
2558 4606 3000 4662 ἀνακαινοῦται.
3042 4604 3198 4658 Οὕτω
3249 4603 3346 4673 μὲν
3384 4596 3476 4656 οὖν
3510 4601 3734 4670 ὲνήθλει

2159 4700 2488 4756 λανθάνουσα
2515 4701 2636 4764 τοὺς
2659 4697 2902 4762 πολλούς.

2231 4796 2316 4850 Η.
2354 4795 2481 4848 Ὅτε
2511 4793 2567 4846 δὲ
2595 4793 2641 4846 oi
2680 4794 2854 4860 γονεῖς
2883 4791 3050 4860 αὐτῆς
3089 4789 3239 4851 τέλος
3269 4787 3426 4856 ἔσχον
3456 4784 3552 4838 τοῦ
3583 4783 3728 4855 βίου,

2159 4886 2252 4940 ἐπὶ
2295 4885 2474 4939 πλεῖον
2519 4883 2904 4953 θεοφορηθεῖσα
2945 4881 3054 4952 (77)
3098 4877 3174 4950 τῷ
3218 4877 3344 4948 θείῳ
3388 4877 3725 4947 φρονήματι,

2157 4975 2420 5047 λαμϐάνει
2452 4975 2544 5027 καὶ
2580 4975 2677 5045 τὴν
2705 4972 2933 5043 ἀδελφὴν
2969 4970 3084 5042 μεθ’
3117 4967 3335 5037 ἑαυτῆς·
3365 4960 3433 5036 ἦν
3460 4963 3572 5034 γάρ
3601 4979 3730 5015 στε-

2161 5066 2382 5138 ρηθεῖσα
2407 5065 2512 5119 τῶν
2537 5064 2734 5134 ὅψεωνο
2763 5065 2856 5117 καὶ
2879 5061 2987 5116 τῶν
3015 5061 3111 5132 μὲν
3138 5057 3400 5128 πατρῴων
3423 5057 3594 5109 οἴκων
3617 5074 3726 5123 χω-

2101 5170 2110 5177 ·
2160 5159 2362 5232 ρίζεται
2383 5177 2396 5190 ·
2434 5160 2513 5221 είς
2542 5157 2598 5211 δέ
2624 5174 2766 5212 τινος
2793 5152 3084 5222 συγγενοῦς
3117 5150 3285 5219 αὐτῆς
3324 5149 3558 5218 ἡρωεῖον
3612 5147 3721 5197 άπ-

2158 5251 2459 5322 ῳκισμένον
2483 5251 2580 5319 τῆς
2614 5249 2814 5309 πόλεως
2858 5245 3155 5312 κατάγεται
3180 5259 3193 5272 ο
3221 5237 3721 5307 κα¹ιδιαπωλήσασα

2162 5347 2336 5398 πᾶσαν
2363 5342 2459 5413 τὴν
2505 5340 2951 5408 καταλειφθεῖσαν
2980 5337 3115 5406 αὐτῇ
3146 5335 3351 5394 οὐσίαν,
3383 5332 3476 5385 καὶ
3509 5328 3720 5384 διανεί-

2163 5449 2308 5502 μασα
2338 5434 2450 5495 τοῖς
2481 5430 2694 5501 πένησι,
2739 5425 3218 5498 προσκαλεσαμένη
3263 5421 3385 5476 τινὰ
3429 5421 3537 5475 τῶν
3587 5435 3718 5489 πρε-

2161 5523 2456 5594 σϐυτέρων,
2501 5521 2770 5593 ἀπέτεμεν
2812 5519 3011 5591 ἑαυτῆς
3044 5517 3168 5581 τοὺς
3205 5513 3540 5587 πλοκάμους.
3581 5509 3713 5565 Τίεε

561 5834 673 5906 (77)
721 5836 810 5891 Sic
869 5838 1101 5894 Cotclcr.
1163 5836 1454 5894 Combefts.
1513 5851 1638 5892 vero
1684 5803 2169 5906 κορυϐαντιάσασα.
