3976 6388
270 287 289 340 1
299 284 404 343 495

1393 283 1554 337 VlTA
1586 278 1876 338 SANL‘TJE
1923 276 2399 334 SYNCLETICIE.

3379 275 3515 332 μοι

264 402 362 474 τὴν
393 404 572 456 πᾶσαν
611 415 878 472 κοσμησιν
910 400 1140 458 ἀπέθετο
1161 419 1174 431 ⁸
1206 402 1323 466 ἔθος
1354 403 1460 476 γάρ
1484 406 1601 467 ταῖς
1627 400 1839 471 γυναιξὶ

1954 397 2167 468 Signum
2208 406 2386 452 autem
2419 395 2552 450 illud
2574 404 2709 459 erat,
2737 397 2980 451 animum
3006 396 3125 467 ejus
3145 395 3292 450 omni
3322 411 3518 465 super-

265 496 466 567 κόσμον
499 495 683 549 καλεῖν
709 493 807 566 τὴν
839 494 1022 564 τρίχα.
1063 495 1334 566 Σύμϐολον
1358 495 1414 548 δὲ
1439 493 1506 566 ἦν
1530 497 1591 549 τὸ
1629 496 1842 565 γινόμε-

265 608 353 643 νον
391 589 487 642 τοῦ
534 588 824 660 ἀπέριττον
874 590 968 641 καὶ
1015 588 1259 660 καθαράν
1309 588 1406 658 τὴν
1460 588 1637 658 ψυχὴν
1675 588 1844 654 αὐτῆς

264 678 614 750 γεγενῆσθαι.
657 679 786 732 Τότε
822 680 917 750 μὲν
947 675 1038 733 οῦν
1073 680 1286 752 πρῶτον
1326 678 1532 751 ἠξιώθη
1563 679 1661 748 τῆς
1705 694 1843 749 παρ-

266 772 486 841 θενικῆς
516 772 906 843 προσηγορίας.

339 862 426 916 12.
461 863 647 915 Πάσαν
682 861 739 914 δὲ
776 861 874 932 τὴν
911 859 1098 913 οὐσίαν
1127 859 1296 929 αὐτῆς
1328 862 1441 922 τοῖς
1469 860 1704 928 πτωχοῖς
1727 857 1842 910 δια-

267 955 523 1026 νείμασα,
555 953 707 1020 ἔλεγε
730 969 744 985 ο
778 950 1028 1019 Μεγάλου
1060 951 1157 1022 μὲν
1179 936 1434 1019 ἧξίωμαι
1457 949 1714 1019 ὀνόματος
1737 966 1751 979 ο
1779 949 1844 1001 Τί

268 1048 324 1101 δὲ
361 1042 724 1098 ἀνταποδώσω
773 1039 991 1118 ἐπάξιον
1023 1039 1099 1111 τῷ
1146 1039 1537 1110 δωρησαμένῳ,
1570 1039 1669 1091 οὐκ
1715 1037 1840 1108 ἔχω.

270 1137 331 1190 Ei
357 1135 466 1206 γάρ
491 1134 585 1188 ἐπὶ
612 1134 721 1187 τῶν
749 1133 905 1196 ἐκτὸς
937 1133 1296 1203 πραγμάτων,
1317 1131 1504 1185 ’ἐνεκεν
1535 1129 1844 1197 ἀξιώματος

270 1225 531 1297 φθαρτοῦ,
550 1225 726 1278 πᾶσαν
738 1223 946 1282 ἑαυτῶν
967 1224 1066 1295 τὴν
1085 1223 1270 1278 οὐσίαν
1289 1223 1670 1278 ἀποϐάλλουσιο
1698 1223 1845 1292 πόσῳ

276 1317 474 1388 μᾶλλον
507 1316 630 1387 ἐμὲ,
669 1315 935 1386 τοσαύτης
970 1313 1289 1380 ἀξιωθεῖσαν
1317 1312 1556 1384 χάριτος,
1591 1311 1690 1364 οὐκ
1739 1312 1845 1380 ἄρα

271 1393 379 1463 ἔδει
429 1408 565 1478 μετὰ
605 1407 712 1461 τῶν
756 1405 1122 1477 νομιζομένων
1165 1405 1518 1476 ὑπαρχόντων
1558 1402 1845 1474 προδοῦναι

271 1505 365 1557 καὶ
407 1502 469 1555 τὸ
513 1501 704 1572 σῶμα;
751 1499 815 1553 Τί
860 1499 917 1552 δὲ
962 1499 1106 1568 λέγω
1154 1497 1405 1568 κτήματα
1451 1497 1485 1566 ἢ
1527 1497 1684 1566 σῶμα
1730 1493 1847 1546 δοῦ-

269 1614 380 1661 ναι,
421 1595 638 1648 πάντων
680 1591 843 1646 αὐτοῦ
885 1591 1271 1662 ὑπαρχόντων;
1325 1588 1434 1642 Τοῦ
1477 1586 1586 1658 γὰρ
1621 1586 1842 1652 Κυρίου

1944 492 2153 546 ﬂuitate
2190 507 2421 546 vacuum
2467 507 2531 546 ac
2567 508 2761 562 purum
2810 491 3063 546 effectum
3116 491 3308 549 fuisse.
3359 491 3515 549 Tunc

1944 594 2126 640 autem
2148 587 2384 656 primum
2414 585 2642 655 virginis
2677 584 3042 654 appellatione
3082 585 3302 653 dignata
3334 593 3437 642 cst.

2018 849 2105 904 12.
2145 847 2441 918 Postquam
2475 849 2761 905 facultates
2794 867 2922 908 suas
2948 852 3283 922 pauperibus
3321 868 3512 924 eroga-

1948 946 2118 1003 verat,
2151 941 2262 994 ait:
2298 925 2491 1010 Magno
2530 941 2886 996 cohonestata
2941 958 3061 996 sum
3097 943 3349 999 nomine:
3377 944 3509 1014 quid

1947 1035 2126 1081 autem
2160 1043 2260 1100 pro
2290 1031 2484 1084 merito
2526 1029 2858 1086 benefactori
2899 1032 3192 1102 rependam
3234 1050 3341 1088 non
3373 1050 3508 1103 sup-

1944 1120 2097 1188 petit.
2130 1119 2266 1173 Nam
2297 1122 2343 1176 si
2376 1121 2432 1176 in
2455 1123 2698 1178 externis
2717 1123 2902 1192 rebus,
2927 1126 3298 1194 corruptibilis
3328 1126 3510 1197 digni-

1946 1211 2077 1266 tatis
2109 1225 2298 1279 causa,
2325 1211 2561 1269 fortunae
2584 1230 2774 1270 omnes
2803 1217 3146 1284 amittuntur,
3171 1225 3374 1288 quanto
3391 1234 3509 1272 uia-

1944 1301 2028 1371 gis
2054 1317 2138 1357 me
2167 1310 2338 1378 tanta,
2361 1304 2614 1359 donatam
2643 1307 2837 1376 gratia,
2874 1308 3029 1362 decet
3074 1309 3248 1378 ipsum
3286 1325 3505 1379 corpus,

1946 1407 2068 1445 cum
2101 1392 2185 1447 bis
2219 1394 2377 1449 bonis
2408 1394 2489 1468 (ut
2539 1397 2818 1468 putantur)
2869 1399 3120 1454 tradere?
3149 1400 3287 1466 Quid
3324 1410 3504 1455 autem

1946 1483 2069 1536 dico
2093 1482 2382 1540 facultates
2399 1495 2452 1541 et
2474 1501 2674 1556 corpus
2693 1487 2794 1557 ipsi
2808 1489 2946 1554 dari,
2967 1491 3125 1559 cujus
3144 1499 3272 1546 sunt
3289 1492 3508 1546 omnia?

1946 1574 2101 1631 Nam.
2146 1575 2358 1630 Domini
2402 1587 2479 1632 est
2522 1587 2663 1633 terra
2687 1589 2735 1634 et
2786 1581 3051 1649 plenitudo
3077 1583 3189 1652 ejus
3220 1583 3284 1638 “.
3332 1584 3507 1654 Atque

270 1689 308 1755 ἡ
352 1685 428 1756 γῆ
465 1685 563 1748 καὶ
594 1683 660 1737 τὸ
695 1681 984 1751 πλήρωμα
1011 1678 1220 1746 αὐτῆς.
1247 1676 1344 1730 Διά
1373 1675 1576 1728 τούτων
1613 1675 1709 1744 μὲν
1739 1675 1844 1726 τῶν

1954 1689 2045 1741 per
2078 1673 2190 1727 lucc
2215 1675 2396 1736 verba,
2429 1675 2784 1730 humilitatem
2815 1676 3027 1748 adepta,
3060 1678 3293 1747 quieten;
3333 1687 3385 1733 et
3420 1695 3507 1734 so-

269 1779 440 1847 λόγων
483 1777 582 1846 τὴν
631 1770 1124 1843 ταπεινοφροσύνην
1169 1767 1656 1838 ὲγκομϐωσαμὲνη,
1701 1764 1830 1835 qau—

268 1870 452 1943 χαζεν.

341 1965 428 2020 15.
461 1959 568 2018 Ἦν
624 1963 720 2033 μὲν
771 1955 863 2016 οῦν
909 1960 1002 2014 καὶ
1056 1960 1112 2012 ὲν
1160 1961 1278 2021 ταῖς
1312 1958 1603 2028 πατρικαῖς
1648 1953 1836 2014 αὐλαῖς

273 2057 476 2120 ἱκανῶς
509 2053 984 2127 προγυμνασθεῖσα
1015 2055 1126 2116 τοῖς
1158 2052 1366 2114 πόνοις·
1397 2049 1490 2101 καὶ⁷
1525 2049 1581 2100 ὲν
1610 2048 1748 2117 αὐτῇ
1780 2044 1836 2097 δὲ

269 2133 335 2220 τῇ
381 2151 532 2219 ἀκμῇ
565 2147 657 2202 τοῦ
698 2146 907 2200 σταδίου
941 2145 1188 2216 ἀχθεῖσα,
1224 2143 1523 2215 προέκοπτε
1567 2141 1685 2201 ταῖς
1710 2139 1839 2208 ἀρε-

272 2244 411 2304 ταῖς.
443 2242 595 2293 Ὅσοι
628 2239 724 2309 μὲν
750 2234 842 2292 οὖν
867 2237 1227 2309 ἀγυμνάστως
1254 2235 1346 2289 καὶ
1371 2235 1656 2295 ἀσκέπτως
1682 2247 1841 2301 προσ-

275 2327 436 2398 ῆλθον
467 2326 546 2397 τῷ
591 2327 720 2396 θείῳ
752 2326 927 2397 τούτῳ
968 2325 1266 2396 μυστηρίῳ,
1303 2324 1570 2392 ἀπέτυχον
1610 2319 1705 2373 τοῦ
1746 2320 1841 2390 ζη-

275 2419 559 2490 τουμένου,
614 2417 688 2488 μὴ
736 2417 1220 2488 προθεωρήσαντες
1272 2414 1341 2466 τά
1399 2412 1519 2468 καθ’
1578 2413 1836 2466 ἕκαστονο

276 2511 464 2582 ὥσπερ
494 2511 549 2564 δὲ
580 2512 628 2562 οῖ
655 2510 954 2580 ὁδοιπορεῖν
989 2507 1268 2578 μέλλοντες
1307 2507 1415 2560 τῶν
1445 2505 1668 2575 ἐφοδίων
1693 2503 1841 2574 πρῶο

277 2618 370 2654 τον
408 2599 813 2671 φροντίζουσιν,
855 2597 1025 2661 οὕτως
1055 2598 1148 2651 καὶ
1186 2595 1345 2667 αῦτη,
1387 2595 1574 2665 ὥσπερ
1616 2593 1844 2662 ἐφοδίοις

279 2692 499 2763 ἑαυτὴν,
541 2693 653 2755 τοῖς
697 2689 864 2744 πάλαι
905 2692 1084 2752 πόνοις
1120 2689 1504 2759 εὐτρεπίσασα,
1545 2686 1716 2750 ἀδεῶς
1748 2686 1846 2755 τὴν

281 2784 373 2836 ἐπὶ⁹
429 2781 497 2835 τὰ
548 2782 658 2835 ἄνω
711 2781 933 2852 πορείαν
979 2781 1308 2850 ἐποιήσατο·
1348 2777 1417 2831 τά
1475 2777 1584 2848 γὰρ
1638 2779 1718 2839 είς
1757 2775 1846 2828 τὸν

282 2874 626 2946 ἀπαρτισμὸν
670 2873 771 2942 τῆς
809 2873 984 2935 οἰκίας
1030 2871 1466 2942 προαποθεμένη,
1511 2867 1846 2939 ὀχυρώτατον

281 2965 373 3018 τὸν
402 2965 596 3035 ἑαυτῆς
639 2963 871 3028 ὲξετέλει
911 2963 1136 3034 πύργον.
1181 2963 1292 3016 Καὶ
1320 2963 1380 3014 τὸ
1412 2961 1509 3032 μὲν
1549 2959 1672 3013 καθ’
1707 2962 1849 3012 ἱστο-

1948 1764 2179 1817 ιῖιοιιὶοιη
2212 1765 2322 1836 egit
2362 1767 2549 1821 vitam.

2019 1943 2106 1996 i5.
2153 1957 2208 1997 ui
2240 1955 2481 2014 paternis
2514 1962 2644 2003 sane
2679 1949 2907 2014 aedibus,
2937 1950 3048 2019 jam
3085 1957 3210 2005 ante
3247 1966 3356 2004 non
3392 1963 3510 2003 mo-

1946 2035 2124 2088 dicam
2172 2038 2656 2096 exercitationibus
2702 2058 2921 2112 operam
2968 2043 3213 2106 dederat,
3273 2051 3511 2112 tuncque

1948 2127 2002 2182 in
2037 2130 2198 2184 stadii
2236 2131 2473 2185 medium
2499 2142 2640 2199 acta,
2671 2135 2963 2192 virtutibus
2989 2135 3326 2206 proficiebat.
3359 2136 3509 2191 Con-

1947 2229 2028 2274 tra
2057 2237 2183 2277 vero
2205 2231 2471 2294 quotquot
2497 2225 2700 2296 absque
2718 2228 3109 2284 exercitatione
3131 2237 3184 2284 et
3205 2232 3511 2301 incogitan-

1947 2315 2055 2368 tius
2085 2314 2151 2367 ad
2184 2315 2285 2370 hoc
2316 2316 2563 2371 divinum
2591 2320 2908 2390 mysterium
2943 2322 3226 2387 accedunt,
3249 2338 3280 2376 a
3306 2339 3510 2395 propo«

1949 2405 2054 2460 sito
2096 2407 2376 2472 excidunt,
2412 2408 2540 2478 quia
2585 2410 2768 2466 animo
2809 2412 3022 2482 singula
3068 2429 3175 2468 non
3227 2429 3511 2485 prospexe-

1949 2503 2092 2550 rant.
2143 2497 2212 2551 At
2253 2498 2366 2563 illa,
2405 2501 2858 2570 quemadmodum
2909 2503 3002 2572 qui
3037 2503 3140 2559 iter
3179 2506 3507 2575 suscipiunt.

1951 2588 2204 2642 viaticum
2231 2591 2408 2659 primo
2433 2591 2534 2646 sibi
2552 2592 2854 2661 provident,
2879 2593 2950 2647 ita
2969 2609 3064 2649 ceu
3089 2596 3304 2659 viatico,
3334 2597 3511 2666 pristi-

1953 2679 2036 2734 nis
2076 2679 2357 2735 laboribus
2394 2681 2712 2744 exercitata,
2744 2691 2900 2737 caute
2929 2683 3094 2753 618
3115 2695 3167 2738 et
3191 2700 3382 2740 secure
3409 2687 3512 2740 iter

1954 2769 2021 2822 ad
2051 2784 2286 2839 superna
2318 2771 2566 2841 ingressa
2595 2779 2678 2828 est
2705 2792 2718 2827 :
2745 2776 3065 2843 praeparatis
3102 2776 3302 2845 quippe
3336 2778 3511 2830 omni-

1955 2860 2056 2915 bus
2078 2877 2196 2931 quae
2225 2869 2407 2917 essent
2438 2861 2504 2916 ad
2532 2865 2918 2920 exstruendam
2954 2866 3173 2920 domum
3205 2867 3358 2932 satis,
3392 2883 3512 2921 mu-

1956 2952 2283 3008 nitissimam
2311 2955 2503 3010 turrim
2535 2956 2640 3011 sibi
2671 2957 2922 3026 absolvit.
2942 2957 3095 3024 Quod
3119 2967 3330 3030 spectat
3365 2961 3509 3015 enim

285 3059 410 3130 ρίαν
459 3057 566 3111 τῶν
615 3057 928 3128 οἰκημάτων
973 3057 1182 3126 ποίημα
1210 3057 1274 3109 ἐκ
1320 3055 1428 3108 τῶν
1471 3053 1667 3120 ἔξωθεν
1711 3051 1844 3104 ὑλῶν

1957 3045 2150 3098 aedium
2179 3052 2531 3112 structuram,
2562 3056 2784 3102 externa
2814 3049 2917 3104 illae
2960 3049 3184 3106 materia
3211 3051 3510 3106 conficiun-

280 3149 777 3214 κατασκευάζεται·
805 3149 942 3220 αῦτη
969 3149 1025 3202 δὲ
1057 3148 1116 3201 τὸ
1151 3148 1389 3202 ἐναντίον
1423 3145 1751 3216 πεποίηκεν·
1784 3146 1844 3198 οὐ

283 3243 392 3313 γάρ
430 3242 528 3306 τάς
560 3242 758 3306 ἔξωθεν
797 3241 928 3305 ὕλας
968 3243 1293 3312 συνήγαγεν,
1336 3240 1470 3294 ἀλλά
1509 3240 1706 3310 μᾶλλον
1751 3238 1849 3302 τὰς

283 3334 486 3388 ἔσωθεν
527 3333 779 3387 ὲκένωσε.
811 3334 892 3387 Τά
936 3333 1044 3404 γάρ
1076 3333 1330 3404 χρήματα
1371 3332 1565 3401 ἑαυτῆς
1599 3330 1848 3385 διοιδοῦσα

281 3431 395 3492 τοῖς
414 3427 627 3498 πένησι,
652 3428 745 3481 καὶ
767 3425 1140 3480 καταλιποῦσα
1161 3424 1326 3498 ὀργὴν
1346 3425 1440 3478 καὶ⁸
1465 3425 1846 3495 μνησικακίαν,

283 3518 619 3589 ἀπωσαμένη
649 3517 704 3571 δὲ
731 3518 825 3571 καὶ
855 3517 1044 3586 φθόνον
1067 3516 1159 3570 καὶ
1194 3515 1510 3583 φιλοδοξίαν,
1534 3512 1848 3585 ᾠκοδόμησε

281 3608 381 3679 τὴν
407 3608 584 3660 οἰκίαν
629 3607 823 3678 ἑαυτῆς
863 3605 953 3658 ἐπὶ
999 3605 1094 3676 τὴν
1133 3605 1354 3677 πέτραν,
1389 3599 1454 3674 ἦς
1497 3603 1798 3674 περιφανὴς
1822 3604 1849 3656 ὁ

283 3701 494 3772 πύργος
526 3700 620 3754 καὶ
643 3699 971 3770 ἀχείμαστος
998 3699 1032 3768 ή
1065 3697 1233 3752 οῖκία.

358 3791 445 3844 14.
484 3791 593 3844 Καὶ
622 3790 674 3843 τί
719 3789 888 3842 πολλὰ
917 3788 1097 3858 λέγω;
1133 3788 1453 3860 ὑπερέϐαινε
1484 3785 1591 3858 γάρ
1629 3785 1715 3840 διὰ
1742 3785 1848 3837 τῶν

283 3881 468 3952 ἀρχῶν
497 3881 590 3934 καὶ
615 3881 712 3944 τὰς
750 3881 806 3933 ὲν
830 3880 939 3944 ἔξει
978 3879 1073 3932 τοῦ
1118 3880 1382 3950 μονήρους
1415 3877 1528 3948 βίου
1555 3875 1849 3946 τυγχανού-

282 3989 402 4036 σας.
437 3973 645 4044 Ὠσπερ
673 3970 778 4043 γάρ
807 3970 876 4025 τὰ
904 3971 1239 4041 εὐφυέστατα
1270 3969 1376 4022 τῶν
1404 3968 1649 4030 παιδίων,
1682 3967 1760 4019 ἔτι
1791 3968 1849 4018 ἐν

279 4069 400 4130 ταῖς
433 4064 720 4129 συλλαϐαῖς
756 4064 904 4130 ὄντα,
938 4063 1268 4135 ἁμιλλῶνται
1295 4064 1406 4125 τοῖς
1443 4063 1500 4113 ὲν
1542 4060 1724 4132 ἡλικίᾳ
1755 4059 1848 4113 καὶ¹

281 4160 454 4213 πλείω
501 4158 689 4230 χρόνον
734 4157 915 4228 ἔχουσι
966 4155 1116 4228 παρά
1154 4159 1264 4220 τοῖς
1298 4154 1660 4236 διδασκάλοιςο
1708 4151 1848 4204 οῦτω

282 4253 377 4306 καὶ
409 4251 568 4321 αὕτη,
603 4251 796 4316 ζέουσα
835 4249 910 4320 τῷ
936 4249 1223 4318 πνεύματι,
1261 4243 1562 4318 παρέτρεχε
1598 4244 1694 4309 τὰς
1736 4243 1848 4302 λοι-

280 4344 410 4407 πάς.

1954 3143 2042 3190 tur
2075 3146 2167 3192 :at
2197 3139 2286 3192 illa
2320 3141 2591 3192 contraria
2617 3141 2773 3211 plane
2801 3142 3031 3205 ratione,
3074 3156 3182 3196 non
3227 3151 3511 3198 externam

1950 3231 2232 3284 materiam
2253 3232 2491 3302 collegit,
2524 3233 2632 3287 ἱιιιο
2650 3234 2834 3304 potius
2857 3233 3126 3288 internam
3152 3234 3333 3303 ejecit.
3363 3235 3509 3290 Bona

1951 3323 2150 3392 quippe
2182 3337 2280 3378 sua
2303 3324 2528 3394 elargita
2559 3325 2911 3395 pauperibus,
2951 3325 3195 3396 deposita
3232 3328 3333 3392 ira,
3375 3328 3510 3398 inju-

1950 3412 2265 3482 riarumque
2297 3413 2580 3478 memoria,
2614 3414 2839 3484 depulsa
2873 3415 3078 3468 invidia
3108 3423 3162 3470 et
3191 3417 3376 3486 gloriae
3415 3431 3513 3470 cu-

1951 3503 2191 3572 piditate,
2246 3504 2466 3558 domum
2509 3521 2663 3559 suam
2717 3508 3006 3562 aedificavit
3053 3523 3220 3577 supra
3278 3516 3509 3576 petram,

1950 3594 2108 3662 cujus
2140 3594 2426 3663 splendida
2459 3596 2628 3650 turris
2657 3605 2793 3663 erat,
2818 3606 2872 3676 et
2893 3598 3060 3651 nullis
3093 3599 3513 3666 tempestatibus

1951 3683 2202 3738 obnoxia.

2022 3775 2109 3830 14.
2146 3775 2251 3831 Sed
2285 3776 2416 3846 quid
2448 3778 2618 3831 multa
2662 3777 2825 3833 dico?
2863 3781 3140 3848 superavit
3183 3779 3384 3850 quippe
3426 3781 3511 3834 vel

1950 3867 2067 3936 ipso
2098 3867 2273 3931 initio,
2305 3884 2400 3924 eas
2442 3885 2563 3939 qua:
2603 3871 2916 3926 monasticae
2971 3872 3096 3928 vita).
3133 3880 3508 3928 assueverant.

1951 3960 2101 4013 Sicut
2155 3960 2298 4014 enim
2357 3962 2510 4031 pueri
2561 3963 2652 4032 qui
2696 3964 2904 4018 acriore
2941 3971 3069 4018 sunt
3121 3964 3322 4034 ingenii
3371 3965 3509 4025 acie,

1949 4051 2197 4119 quamvis
2221 4052 2399 4106 adhuc
2417 4054 2470 4106 in
2507 4055 2730 4125 syllabis
2746 4063 3053 4120 versentur,
3077 4066 3200 4110 cum
3227 4057 3294 4113 iis
3329 4063 3510 4110 tamen

1949 4145 2308 4208 contendunt,
2344 4148 2436 4216 qui
2467 4156 2521 4202 et
2561 4155 2719 4203 aetate
2763 4149 2998 4218 majores
3044 4157 3169 4205 sunt
3205 4165 3271 4205 ac
3305 4150 3511 4206 diutius

1950 4237 2242 4306 magistros
2267 4236 2713 4308 frequentarunt,
2740 4241 2814 4295 ita
2837 4249 2890 4296 et
2924 4241 3014 4295 illa
3053 4243 3248 4312 spiritu
3279 4232 3511 4313 fervens

1951 4334 2179 4382 exteras
2213 4339 2336 4398 post
2363 4344 2422 4385 se
2449 4331 2690 4400 reliquit.

353 4434 441 4488 15.
470 4432 574 4488 Τὸν
606 4432 703 4504 μὲν
734 4428 825 4486 οὖν
858 4431 1175 4503 ἔμπρακτον
1217 4430 1385 4502 αὐτῆς
1419 4429 1513 4482 καὶ
1554 4426 1844 4497 ἀσκητικὸν

2025 4421 2109 4474 15.
2151 4420 2443 4478 Actuosam
2493 4423 2676 4492 itaque
2719 4431 2770 4478 et
2829 4424 3122 4479 asceticam
3168 4423 3332 4477 vitam
3395 4422 3513 4492 ejus

281 4529 395 4597 βίον
434 4527 614 4596 λέγειν
663 4524 1050 4596 ἀδυνατοῦμεν,
1109 4526 1337 4593 ἐπείπερ
1384 4522 1504 4576 οὐδὲ
1555 4517 1846 4591 συνεχώρει

277 4620 402 4675 τινὰ
431 4620 619 4674 τούτου
649 4617 846 4689 θεατὴν
871 4616 1142 4685 γενέσθαι.
1168 4615 1302 4669 Οὐδὲ
1326 4615 1435 4686 γὰρ
1467 4615 1712 4685 κήρυκας
1741 4611 1847 4665 τῶν

279 4713 452 4784 αὐτῆς
484 4711 984 4786 ἀνδραγαθημάτων
1012 4708 1202 4779 ἤθελεν
1233 4702 1368 4762 εἶναι
1395 4708 1520 4769 τοὺς
1552 4705 1842 4776 παρόντας.

278 4808 394 4878 Οὐχ
417 4804 588 4870 οὕτως
611 4804 720 4876 γὰρ
773 4803 835 4857 τὸ
867 4799 1194 4873 εὖπράττειν
1228 4800 1560 4871 ἐφρόντιζεν,
1603 4800 1724 4852 ὅσον
1749 4800 1847 4867 τῆς

278 4897 471 4951 τούτου
500 4894 744 4966 φυλακῆς
769 4911 829 4948 τε
867 4894 961 4947 καὶ
998 4890 1223 4962 κρυϐἦς.
1262 4890 1432 4944 Τοῦτο
1474 4890 1529 4943 δὲ
1571 4890 1743 4944 ἐποίει
1786 4889 1846 4942 οὐ

281 4988 462 5058 φθόνῳ
495 4984 846 5056 συνεχομένη,
874 4984 1009 5038 ἀλλά
1037 4984 1156 5054 θείᾳ
1180 4982 1360 5053 χάριτι
1385 4980 1844 5051 συγκροτουμένη.

281 5079 356 5132 Τδ
387 5078 498 5150 γάρ
533 5071 808 5148 κυριακὸν
846 5077 1021 5128 ὲκεῖνο
1061 5075 1199 5128 κατὰ
1226 5072 1348 5128 νοῦν
1387 5073 1548 5143 ἔφερε
1589 5072 1760 5144 ῥῆμα,
1789 5071 1850 5124 τὸ

279 5171 470 5238 λέγον,
499 5167 576 5232 ὡς
621 5165 696 5221 Εἴ
719 5183 772 5219 τι
799 5166 905 5220 ἐὰν
934 5165 1074 5233 ποιῇ
1105 5167 1141 5233 ἡ
1171 5163 1338 5226 δεξιά
1360 5178 1498 5226 σου,
1531 5162 1618 5232 μὴ
1649 5161 1849 5232 γνώτω

281 5265 320 5326 ἡ
352 5258 634 5330 ἀριστερὰ
650 5273 786 5313 σου.
815 5256 1003 5320 Οὕτως
1034 5257 1130 5327 μὲν
1154 5255 1491 5309 λανθάνουσα
1525 5254 1757 5320 ὲξετέλει
1781 5254 1850 5307 τά

278 5354 564 5425 πρέποντα
583 5349 659 5420 τῷ
696 5349 1090 5431 ὲπαγγέλματι.

353 5442 441 5498 16.
489 5440 621 5496 Ἀπὸ
665 5440 722 5492 δὲ
769 5439 870 5509 τῆς
909 5437 1130 5508 πρώτης
1179 5436 1416 5508 ἡλικίας,
1468 5438 1564 5491 καὶ
1611 5439 1716 5501 ἕως
1753 5439 1852 5508 τῆς

281 5531 654 5606 ἀκμαστικῆς,
679 5532 741 5585 οὐ
781 5531 936 5602 μόνον
965 5530 1160 5594 παντὸς
1189 5529 1379 5601 ἀνδρὸς
1417 5530 1704 5602 συντυχίαν
1744 5530 1850 5586 ἀπ-

356 5689 402 5723 ⁶⁸
439 5685 586 5744 Psal.
623 5701 793 5756 nm,
828 5685 878 5742 1.
955 5686 998 5717 θ’
1036 5683 1224 5740 Matth.
1264 5699 1336 5748 vi,
1372 5685 1423 5738 5.

1951 4525 2208 4566 enarrare
2238 4527 2350 4566 non
2379 4512 2642 4577 valemus,
2681 4514 2899 4582 quando
2933 4514 3139 4567 nullum
3179 4511 3400 4567 admisit
3433 4513 3514 4565 vi-

1952 4610 2019 4657 tae
2047 4619 2160 4658 suae
2189 4611 2570 4673 spectatorem.
2603 4603 2788 4674 Neque
2823 4605 2968 4659 enim
2995 4619 3185 4657 rerum
3222 4619 3252 4656 a
3285 4612 3343 4658 s‘e
3375 4618 3511 4671 pra:-

1950 4697 2094 4750 clare
2122 4706 2400 4766 gestarum
2434 4695 2712 4768 praecones
2751 4712 2874 4753 esse
2900 4697 3116 4751 volebat
3152 4711 3248 4750 eos
3286 4697 3380 4765 qui
3418 4696 3514 4748 ad-

1949 4792 2126 4842 erant.
2151 4784 2263 4842 lmo
2287 4801 2388 4842 nec
2409 4795 2616 4842 tantam
2657 4795 2804 4842 recte
2837 4787 3052 4858 agendi,
3077 4793 3338 4855 quantam
3362 4793 3513 4855 gesta

1951 4892 2048 4932 sua
2063 4877 2371 4932 occultandi
2401 4877 2824 4933 sollicitudinem
2848 4878 3100 4932 habebat.
3124 4876 3258 4930 illud
3281 4874 3516 4944 namque

1953 4968 2296 5024 Dominicum
2323 4969 2530 5028 dictum
2556 4970 2611 5025 in
2643 4981 2824 5025 mente
2841 4969 3098 5025 versabat
3132 4988 3144 5022 :
3179 4966 3238 5022 Si
3269 4969 3394 5039 quid
3439 4968 3516 5036 fe-

1952 5063 2080 5115 cerit
2110 5062 2326 5116 dextera
2358 5072 2470 5128 tua,
2503 5063 2558 5116 id
2583 5063 2781 5118 nesciat
2803 5064 3021 5118 sinistra
3040 5075 3132 5116 tua
3150 5063 3214 5114 “.
3235 5061 3411 5132 Atque
3442 5061 3518 5114 ita

1953 5155 2127 5212 latens
2155 5155 2512 5225 professionis
2554 5171 2667 5211 sua:
2697 5155 2869 5210 cilicia
2915 5155 3277 5224 persolvebat.

2027 5428 2112 5483 16.
2144 5424 2189 5479 A
2223 5423 2400 5495 prima
2429 5422 2495 5477 ad
2524 5421 2764 5476 adultam
2786 5427 3022 5482 aetatem,
3044 5433 3152 5474 non
3175 5417 3338 5472 modo
3362 5425 3527 5474 omne

1955 5525 2056 5580 viri
2091 5518 2427 5579 consortium
2457 5513 2784 5580 declinavit;
2820 5512 2914 5570 sed
2943 5512 3106 5569 etiam
3139 5511 3374 5582 aequales
3413 5508 3526 5580 ple-
