  <div class='ocr_page' id='page_1' title='image "/cluster/home/n/w/nwhite01/storage/ocr_20150623/28/hvd.32044019207737/765.png"; bbox 0 0 3980 6576; ppageno 0'>
   <div class='ocr_carea' id='block_1_1' title="bbox 392 402 529 459">
    <p class='ocr_par' dir='ltr' id='par_1_1' title="bbox 392 402 529 459">
     <span class='ocr_line' id='line_1_1' title="bbox 392 402 529 459; baseline -0.007 0"><span class='ocrx_word' id='word_1_1' title='bbox 392 402 529 459; x_wconf 74' lang='grc' dir='ltr'><strong>14θῦ</strong></span> 
     </span>
    </p>
   </div>
   <div class='ocr_carea' id='block_1_2' title="bbox 1519 383 2497 454">
    <p class='ocr_par' dir='ltr' id='par_1_2' title="bbox 1519 383 2497 454">
     <span class='ocr_line' id='line_1_2' title="bbox 1519 383 2497 454; baseline -0.01 0"><span class='ocrx_word' id='word_1_2' title='bbox 1519 397 1576 454; x_wconf 90' lang='lat' dir='ltr'><strong>S.</strong></span> <span class='ocrx_word' id='word_1_3' title='bbox 1619 383 2081 450; x_wconf 75' lang='lat' dir='ltr'><strong>ATHANASIUS.</strong></span> <span class='ocrx_word' id='word_1_4' title='bbox 2121 418 2189 431; x_wconf 88' lang='lat'><strong>-—-</strong></span> <span class='ocrx_word' id='word_1_5' title='bbox 2224 385 2497 444; x_wconf 67' lang='lat' dir='ltr'><strong>SPURIA.</strong></span> 
     </span>
    </p>
   </div>
   <div class='ocr_carea' id='block_1_3' title="bbox 3521 380 3659 440">
    <p class='ocr_par' dir='ltr' id='par_1_3' title="bbox 3521 380 3659 440">
     <span class='ocr_line' id='line_1_3' title="bbox 3521 380 3659 440; baseline 0 -1"><span class='ocrx_word' id='word_1_6' title='bbox 3521 380 3659 440; x_wconf 65' lang='lat'><strong>“96</strong></span> 
     </span>
    </p>
   </div>
   <div class='ocr_carea' id='block_1_4' title="bbox 392 488 1996 591">
    <p class='ocr_par' dir='ltr' id='par_1_4' title="bbox 392 511 1996 591">
     <span class='ocr_line' id='line_1_4' title="bbox 392 511 1996 591; baseline -0.01 -13"><span class='ocrx_word' id='word_1_7' title='bbox 392 535 624 591; x_wconf 76' lang='lat' dir='ltr'><strong>rumque</strong></span> <span class='ocrx_word' id='word_1_8' title='bbox 654 533 784 576; x_wconf 87' lang='lat' dir='ltr'><strong>suas</strong></span> <span class='ocrx_word' id='word_1_9' title='bbox 814 517 1147 591; x_wconf 80' lang='lat' dir='ltr'><strong>refugiebat,</strong></span> <span class='ocrx_word' id='word_1_10' title='bbox 1196 515 1348 571; x_wconf 83' lang='lat' dir='ltr'><strong>hisce</strong></span> <span class='ocrx_word' id='word_1_11' title='bbox 1377 514 1592 572; x_wconf 88' lang='lat' dir='ltr'><strong>duabus</strong></span> <span class='ocrx_word' id='word_1_12' title='bbox 1638 514 1711 571; x_wconf 91' lang='lat' dir='ltr'><strong>de</strong></span> <span class='ocrx_word' id='word_1_13' title='bbox 1751 511 1957 574; x_wconf 84' lang='lat' dir='ltr'><strong>causis,</strong></span> <span class='ocrx_word' id='word_1_14' title='bbox 1992 546 1996 562; x_wconf 55' lang='grc' dir='ltr'><strong>ι</strong></span> 
     </span>
    </p>
   </div>
   <div class='ocr_carea' id='block_1_5' title="bbox 2102 488 3658 591">
    <p class='ocr_par' dir='ltr' id='par_1_5' title="bbox 2104 488 3658 575">
     <span class='ocr_line' id='line_1_5' title="bbox 2104 488 3658 575; baseline -0.003 -18"><span class='ocrx_word' id='word_1_15' title='bbox 2104 522 2280 573; x_wconf 84' lang='grc' dir='ltr'>ευγεν,</span> <span class='ocrx_word' id='word_1_16' title='bbox 2306 503 2443 559; x_wconf 85' lang='grc' dir='ltr'><strong>ἀλλά</strong></span> <span class='ocrx_word' id='word_1_17' title='bbox 2478 504 2573 559; x_wconf 76' lang='grc' dir='ltr'>καὶ</span> <span class='ocrx_word' id='word_1_18' title='bbox 2602 504 2698 568; x_wconf 77' lang='grc' dir='ltr'>τὰς</span> <span class='ocrx_word' id='word_1_19' title='bbox 2721 488 3025 575; x_wconf 77' lang='grc' dir='ltr'>ὁμοφύλους</span> <span class='ocrx_word' id='word_1_20' title='bbox 3048 501 3115 555; x_wconf 77' lang='grc' dir='ltr'><strong>τὰ</strong></span> <span class='ocrx_word' id='word_1_21' title='bbox 3137 496 3311 555; x_wconf 76' lang='grc' dir='ltr'>πολλὰ</span> <span class='ocrx_word' id='word_1_22' title='bbox 3338 499 3658 571; x_wconf 62' lang='lat' dir='ltr'><strong>mpmst</strong></span> 
     </span>
    </p>
   </div>
   <div class='ocr_carea' id='block_1_6' title="bbox 393 603 1968 680">
    <p class='ocr_par' dir='ltr' id='par_1_6' title="bbox 393 603 1968 680">
     <span class='ocr_line' id='line_1_6' title="bbox 393 603 1968 680; baseline -0.006 -13"><span class='ocrx_word' id='word_1_23' title='bbox 393 613 478 668; x_wconf 84' lang='lat' dir='ltr'><strong>vel</strong></span> <span class='ocrx_word' id='word_1_24' title='bbox 510 612 723 668; x_wconf 88' lang='lat' dir='ltr'><strong>scilicet</strong></span> <span class='ocrx_word' id='word_1_25' title='bbox 750 626 824 667; x_wconf 82' lang='lat' dir='ltr'><strong>ne.</strong></span> <span class='ocrx_word' id='word_1_26' title='bbox 852 611 1079 680; x_wconf 79' lang='lat' dir='ltr'><strong>gloriam</strong></span> <span class='ocrx_word' id='word_1_27' title='bbox 1101 608 1318 665; x_wconf 68' lang='lat' dir='ltr'><strong>eximia:</strong></span> <span class='ocrx_word' id='word_1_28' title='bbox 1340 606 1761 664; x_wconf 73' lang='lat' dir='ltr'><strong>exercitationis</strong></span> <span class='ocrx_word' id='word_1_29' title='bbox 1795 603 1968 660; x_wconf 80' lang='lat' dir='ltr'><strong>refer-</strong></span> 
     </span>
    </p>
   </div>
   <div class='ocr_carea' id='block_1_7' title="bbox 2067 590 3660 667">
    <p class='ocr_par' dir='ltr' id='par_1_7' title="bbox 2067 590 3660 667">
     <span class='ocr_line' id='line_1_7' title="bbox 2067 590 3660 667; baseline -0.006 -15"><span class='ocrx_word' id='word_1_30' title='bbox 2067 598 2160 653; x_wconf 85' lang='grc' dir='ltr'><strong>δύο</strong></span> <span class='ocrx_word' id='word_1_31' title='bbox 2186 598 2391 653; x_wconf 83' lang='grc' dir='ltr'>τούτων</span> <span class='ocrx_word' id='word_1_32' title='bbox 2415 597 2599 659; x_wconf 73' lang='grc' dir='ltr'>ἕνεκα,</span> <span class='ocrx_word' id='word_1_33' title='bbox 2629 596 2664 667; x_wconf 81' lang='grc' dir='ltr'><strong>ἢ</strong></span> <span class='ocrx_word' id='word_1_34' title='bbox 2692 595 2786 649; x_wconf 81' lang='grc' dir='ltr'><strong>τοῦ</strong></span> <span class='ocrx_word' id='word_1_35' title='bbox 2815 594 2889 667; x_wconf 79' lang='grc' dir='ltr'><strong>μή</strong></span> <span class='ocrx_word' id='word_1_36' title='bbox 2917 592 3244 664; x_wconf 67' lang='grc' dir='ltr'>ὼξασθῆναι</span> <span class='ocrx_word' id='word_1_37' title='bbox 3282 594 3355 663; x_wconf 74' lang='grc' dir='ltr'><strong>τῇ</strong></span> <span class='ocrx_word' id='word_1_38' title='bbox 3385 590 3660 663; x_wconf 58' lang='lat' dir='ltr'><strong>augeam</strong></span> 
     </span>
    </p>
   </div>
   <div class='ocr_carea' id='block_1_8' title="bbox 397 679 1996 774">
    <p class='ocr_par' dir='ltr' id='par_1_8' title="bbox 397 679 1969 774">
     <span class='ocr_line' id='line_1_8' title="bbox 397 679 1969 774; baseline -0.004 -14"><span class='ocrx_word' id='word_1_39' title='bbox 397 714 501 771; x_wconf 91' lang='lat' dir='ltr'><strong>ret,</strong></span> <span class='ocrx_word' id='word_1_40' title='bbox 534 706 618 762; x_wconf 87' lang='lat' dir='ltr'><strong>vel</strong></span> <span class='ocrx_word' id='word_1_41' title='bbox 649 720 717 761; x_wconf 91' lang='lat' dir='ltr'><strong>ne</strong></span> <span class='ocrx_word' id='word_1_42' title='bbox 743 679 1018 774; x_wconf 83' lang='lat' dir='ltr'><strong>corporali</strong></span> <span class='ocrx_word' id='word_1_43' title='bbox 1042 702 1374 760; x_wconf 76' lang='lat' dir='ltr'><strong>necessitate</strong></span> <span class='ocrx_word' id='word_1_44' title='bbox 1402 700 1677 757; x_wconf 83' lang='lat' dir='ltr'><strong>avirtutis</strong></span> <span class='ocrx_word' id='word_1_45' title='bbox 1706 698 1969 757; x_wconf 69' lang='lat' dir='ltr'><strong>exercitio</strong></span> 
     </span>
    </p>
   </div>
   <div class='ocr_carea' id='block_1_9' title="bbox 2102 679 3664 774">
    <p class='ocr_par' dir='ltr' id='par_1_9' title="bbox 2102 679 3664 759">
     <span class='ocr_line' id='line_1_9' title="bbox 2102 679 3664 759; baseline -0.006 -16"><span class='ocrx_word' id='word_1_46' title='bbox 2102 688 2167 758; x_wconf 83' lang='grc' dir='ltr'>ἧς</span> <span class='ocrx_word' id='word_1_47' title='bbox 2199 689 2506 759; x_wconf 83' lang='grc' dir='ltr'>ἀσκήσεως,</span> <span class='ocrx_word' id='word_1_48' title='bbox 2537 686 2571 758; x_wconf 81' lang='grc' dir='ltr'><strong>ή</strong></span> <span class='ocrx_word' id='word_1_49' title='bbox 2598 685 2694 739; x_wconf 79' lang='grc' dir='ltr'>τοῦ</span> <span class='ocrx_word' id='word_1_50' title='bbox 2730 686 2804 757; x_wconf 77' lang='grc' dir='ltr'>μὴ</span> <span class='ocrx_word' id='word_1_51' title='bbox 2830 684 3171 755; x_wconf 79' lang='grc' dir='ltr'>ύποσυρῆναι</span> <span class='ocrx_word' id='word_1_52' title='bbox 3201 683 3302 754; x_wconf 79' lang='grc' dir='ltr'>τῆς</span> <span class='ocrx_word' id='word_1_53' title='bbox 3335 679 3549 752; x_wconf 81' lang='grc' dir='ltr'>ἀρετῆς</span> <span class='ocrx_word' id='word_1_54' title='bbox 3577 680 3664 735; x_wconf 81' lang='grc' dir='ltr'><strong>διιά</strong></span> 
     </span>
    </p>
   </div>
   <div class='ocr_carea' id='block_1_10' title="bbox 398 799 740 856">
    <p class='ocr_par' dir='ltr' id='par_1_10' title="bbox 398 799 740 856">
     <span class='ocr_line' id='line_1_10' title="bbox 398 799 740 856; baseline 0 -3"><span class='ocrx_word' id='word_1_55' title='bbox 398 799 740 856; x_wconf 82' lang='lat' dir='ltr'><strong>avelleretur.</strong></span> 
     </span>
    </p>
   </div>
   <div class='ocr_carea' id='block_1_11' title="bbox 469 880 1968 958">
    <p class='ocr_par' dir='ltr' id='par_1_11' title="bbox 469 880 1968 958">
     <span class='ocr_line' id='line_1_11' title="bbox 469 880 1968 958; baseline -0.007 -15"><span class='ocrx_word' id='word_1_56' title='bbox 469 887 558 944; x_wconf 84' lang='lat' dir='ltr'><strong>l7.</strong></span> <span class='ocrx_word' id='word_1_57' title='bbox 605 887 698 944; x_wconf 87' lang='lat' dir='ltr'><strong>Sic</strong></span> <span class='ocrx_word' id='word_1_58' title='bbox 724 902 856 958; x_wconf 74' lang='lat' dir='ltr'><strong>ergo</strong></span> <span class='ocrx_word' id='word_1_59' title='bbox 887 887 1099 958; x_wconf 85' lang='lat' dir='ltr'><strong>primos</strong></span> <span class='ocrx_word' id='word_1_60' title='bbox 1138 885 1302 941; x_wconf 89' lang='lat' dir='ltr'><strong>animi</strong></span> <span class='ocrx_word' id='word_1_61' title='bbox 1350 884 1587 955; x_wconf 84' lang='lat' dir='ltr'><strong>impetus</strong></span> <span class='ocrx_word' id='word_1_62' title='bbox 1616 880 1968 945; x_wconf 73' lang='lat' dir='ltr'><strong>observabat,</strong></span> 
     </span>
    </p>
   </div>
   <div class='ocr_carea' id='block_1_12' title="bbox 2067 778 2756 852">
    <p class='ocr_par' dir='ltr' id='par_1_12' title="bbox 2067 778 2756 852">
     <span class='ocr_line' id='line_1_12' title="bbox 2067 778 2756 852; baseline -0.001 -18"><span class='ocrx_word' id='word_1_63' title='bbox 2067 780 2166 852; x_wconf 76' lang='grc' dir='ltr'><strong>τήν</strong></span> <span class='ocrx_word' id='word_1_64' title='bbox 2196 778 2516 851; x_wconf 70' lang='grc' dir='ltr'>σωματικήν</span> <span class='ocrx_word' id='word_1_65' title='bbox 2543 778 2756 851; x_wconf 81' lang='grc' dir='ltr'><strong>χρείαν.</strong></span> 
     </span>
    </p>
   </div>
   <div class='ocr_carea' id='block_1_13' title="bbox 2142 864 3669 942">
    <p class='ocr_par' dir='ltr' id='par_1_13' title="bbox 2142 864 3669 942">
     <span class='ocr_line' id='line_1_13' title="bbox 2142 864 3669 942; baseline -0.003 -18"><span class='ocrx_word' id='word_1_66' title='bbox 2142 871 2230 925; x_wconf 78' lang='lat' dir='ltr'><strong>l7.</strong></span> <span class='ocrx_word' id='word_1_67' title='bbox 2273 869 2458 935; x_wconf 79' lang='grc' dir='ltr'>Οὕτως</span> <span class='ocrx_word' id='word_1_68' title='bbox 2494 870 2593 942; x_wconf 79' lang='grc' dir='ltr'>μὲν</span> <span class='ocrx_word' id='word_1_69' title='bbox 2618 864 2710 924; x_wconf 79' lang='grc' dir='ltr'>οὖν</span> <span class='ocrx_word' id='word_1_70' title='bbox 2751 869 2850 932; x_wconf 77' lang='grc' dir='ltr'><strong>τὰς</strong></span> <span class='ocrx_word' id='word_1_71' title='bbox 2877 868 3101 940; x_wconf 85' lang='grc' dir='ltr'>πρώτας</span> <span class='ocrx_word' id='word_1_72' title='bbox 3123 868 3223 939; x_wconf 81' lang='grc' dir='ltr'>τῆς</span> <span class='ocrx_word' id='word_1_73' title='bbox 3258 866 3448 938; x_wconf 75' lang='grc' dir='ltr'>ψυχῆς</span> <span class='ocrx_word' id='word_1_74' title='bbox 3482 865 3669 920; x_wconf 69' lang='grc' dir='ltr'>ἐπιδο-</span> 
     </span>
    </p>
   </div>
   <div class='ocr_carea' id='block_1_14' title="bbox 399 958 1996 1049">
    <p class='ocr_par' dir='ltr' id='par_1_14' title="bbox 399 971 1970 1049">
     <span class='ocr_line' id='line_1_14' title="bbox 399 971 1970 1049; baseline -0.007 -12"><span class='ocrx_word' id='word_1_75' title='bbox 399 995 600 1037; x_wconf 84' lang='lat' dir='ltr'><strong>cavens</strong></span> <span class='ocrx_word' id='word_1_76' title='bbox 623 995 693 1035; x_wconf 88' lang='lat' dir='ltr'><strong>ne</strong></span> <span class='ocrx_word' id='word_1_77' title='bbox 726 978 1007 1049; x_wconf 86' lang='lat' dir='ltr'><strong>corporeis</strong></span> <span class='ocrx_word' id='word_1_78' title='bbox 1038 977 1347 1033; x_wconf 88' lang='lat' dir='ltr'><strong>traheretur</strong></span> <span class='ocrx_word' id='word_1_79' title='bbox 1382 975 1798 1047; x_wconf 75' lang='lat' dir='ltr'><strong>cupiditatibus.</strong></span> <span class='ocrx_word' id='word_1_80' title='bbox 1834 971 1970 1027; x_wconf 79' lang='lat' dir='ltr'><strong>Nam</strong></span> 
     </span>
    </p>
   </div>
   <div class='ocr_carea' id='block_1_15' title="bbox 2102 958 3669 1049">
    <p class='ocr_par' dir='ltr' id='par_1_15' title="bbox 2105 958 3669 1036">
     <span class='ocr_line' id='line_1_15' title="bbox 2105 958 3669 1036; baseline -0.004 -17"><span class='ocrx_word' id='word_1_81' title='bbox 2105 964 2168 1029; x_wconf 83' lang='grc' dir='ltr'><strong>ἀς</strong></span> <span class='ocrx_word' id='word_1_82' title='bbox 2198 963 2523 1036; x_wconf 79' lang='grc' dir='ltr'><strong>παρετήρει,</strong></span> <span class='ocrx_word' id='word_1_83' title='bbox 2561 964 2635 1035; x_wconf 80' lang='grc' dir='ltr'>μὴ</span> <span class='ocrx_word' id='word_1_84' title='bbox 2687 961 3047 1034; x_wconf 81' lang='grc' dir='ltr'><strong>συγχωροῦσα</strong></span> <span class='ocrx_word' id='word_1_85' title='bbox 3074 961 3267 1024; x_wconf 80' lang='grc' dir='ltr'>αὑταῖς</span> <span class='ocrx_word' id='word_1_86' title='bbox 3295 958 3669 1028; x_wconf 79' lang='grc' dir='ltr'>σνγκαθέλκε-</span> 
     </span>
    </p>
   </div>
   <div class='ocr_carea' id='block_1_16' title="bbox 404 1064 1974 1132">
    <p class='ocr_par' dir='ltr' id='par_1_16' title="bbox 404 1064 1974 1132">
     <span class='ocr_line' id='line_1_16' title="bbox 404 1064 1974 1132; baseline -0.004 -5"><span class='ocrx_word' id='word_1_87' title='bbox 404 1074 580 1129; x_wconf 86' lang='lat' dir='ltr'><strong>instar</strong></span> <span class='ocrx_word' id='word_1_88' title='bbox 615 1072 832 1127; x_wconf 87' lang='lat' dir='ltr'><strong>arboris</strong></span> <span class='ocrx_word' id='word_1_89' title='bbox 864 1068 1218 1132; x_wconf 78' lang='lat' dir='ltr'><strong>luxuriantis,</strong></span> <span class='ocrx_word' id='word_1_90' title='bbox 1268 1084 1453 1125; x_wconf 89' lang='lat' dir='ltr'><strong>ramos</strong></span> <span class='ocrx_word' id='word_1_91' title='bbox 1481 1066 1841 1124; x_wconf 88' lang='lat' dir='ltr'><strong>abscindebat</strong></span> <span class='ocrx_word' id='word_1_92' title='bbox 1887 1064 1974 1120; x_wconf 89' lang='lat' dir='ltr'><strong>in-</strong></span> 
     </span>
    </p>
   </div>
   <div class='ocr_carea' id='block_1_17' title="bbox 402 1157 1975 1235">
    <p class='ocr_par' dir='ltr' id='par_1_17' title="bbox 402 1157 1975 1235">
     <span class='ocr_line' id='line_1_17' title="bbox 402 1157 1975 1235; baseline -0.007 -13"><span class='ocrx_word' id='word_1_93' title='bbox 402 1165 737 1232; x_wconf 78' lang='lat' dir='ltr'><strong>fructuosos,</strong></span> <span class='ocrx_word' id='word_1_94' title='bbox 766 1164 1015 1235; x_wconf 88' lang='lat' dir='ltr'><strong>sciteque</strong></span> <span class='ocrx_word' id='word_1_95' title='bbox 1030 1164 1320 1219; x_wconf 88' lang='lat' dir='ltr'><strong>amovebat</strong></span> <span class='ocrx_word' id='word_1_96' title='bbox 1344 1167 1696 1232; x_wconf 87' lang='lat' dir='ltr'><strong>erumpentes</strong></span> <span class='ocrx_word' id='word_1_97' title='bbox 1714 1161 1768 1214; x_wconf 90' lang='lat' dir='ltr'><strong>in</strong></span> <span class='ocrx_word' id='word_1_98' title='bbox 1790 1157 1975 1213; x_wconf 88' lang='lat' dir='ltr'><strong>animo</strong></span> 
     </span>
    </p>
   </div>
   <div class='ocr_carea' id='block_1_18' title="bbox 401 1253 1977 1329">
    <p class='ocr_par' dir='ltr' id='par_1_18' title="bbox 401 1253 1977 1329">
     <span class='ocr_line' id='line_1_18' title="bbox 401 1253 1977 1329; baseline -0.005 -15"><span class='ocrx_word' id='word_1_99' title='bbox 401 1257 656 1329; x_wconf 76' lang='lat' dir='ltr'><strong>Spinosas</strong></span> <span class='ocrx_word' id='word_1_100' title='bbox 684 1256 1085 1321; x_wconf 89' lang='lat' dir='ltr'><strong>l&#39;ruticationes,</strong></span> <span class='ocrx_word' id='word_1_101' title='bbox 1121 1254 1508 1327; x_wconf 87' lang='lat' dir='ltr'><strong>perjejunium</strong></span> <span class='ocrx_word' id='word_1_102' title='bbox 1534 1253 1748 1310; x_wconf 85' lang='lat' dir='ltr'><strong>scilicet</strong></span> <span class='ocrx_word' id='word_1_103' title='bbox 1778 1259 1833 1308; x_wconf 91' lang='lat' dir='ltr'><strong>et</strong></span> <span class='ocrx_word' id='word_1_104' title='bbox 1858 1265 1977 1308; x_wconf 86' lang='lat' dir='ltr'><strong>ora-</strong></span> 
     </span>
    </p>
   </div>
   <div class='ocr_carea' id='block_1_19' title="bbox 401 1346 1973 1420">
    <p class='ocr_par' dir='ltr' id='par_1_19' title="bbox 401 1346 1973 1420">
     <span class='ocr_line' id='line_1_19' title="bbox 401 1346 1973 1420; baseline -0.005 -14"><span class='ocrx_word' id='word_1_105' title='bbox 401 1353 630 1407; x_wconf 90' lang='lat' dir='ltr'><strong>tionem.</strong></span> <span class='ocrx_word' id='word_1_106' title='bbox 679 1349 835 1417; x_wconf 86' lang='lat' dir='ltr'><strong>Quod</strong></span> <span class='ocrx_word' id='word_1_107' title='bbox 874 1350 921 1406; x_wconf 89' lang='lat' dir='ltr'><strong>si</strong></span> <span class='ocrx_word' id='word_1_108' title='bbox 958 1349 1044 1405; x_wconf 90' lang='lat' dir='ltr'><strong>vel</strong></span> <span class='ocrx_word' id='word_1_109' title='bbox 1088 1350 1310 1420; x_wconf 87' lang='lat' dir='ltr'><strong>paulum</strong></span> <span class='ocrx_word' id='word_1_110' title='bbox 1359 1348 1590 1419; x_wconf 71' lang='lat' dir='ltr'><strong>singula:</strong></span> <span class='ocrx_word' id='word_1_111' title='bbox 1620 1346 1973 1417; x_wconf 88' lang='lat' dir='ltr'><strong>pullularent,</strong></span> 
     </span>
    </p>
   </div>
   <div class='ocr_carea' id='block_1_20' title="bbox 399 1437 1977 1514">
    <p class='ocr_par' dir='ltr' id='par_1_20' title="bbox 399 1437 1977 1514">
     <span class='ocr_line' id='line_1_20' title="bbox 399 1437 1977 1514; baseline -0.006 -13"><span class='ocrx_word' id='word_1_112' title='bbox 399 1444 567 1501; x_wconf 85' lang='lat' dir='ltr'><strong>variis</strong></span> <span class='ocrx_word' id='word_1_113' title='bbox 623 1442 890 1500; x_wconf 81' lang='lat' dir='ltr'><strong>alliciebat</strong></span> <span class='ocrx_word' id='word_1_114' title='bbox 949 1443 1163 1513; x_wconf 61' lang='lat' dir='ltr'><strong>plenis,</strong></span> <span class='ocrx_word' id='word_1_115' title='bbox 1213 1441 1487 1510; x_wconf 80' lang='lat' dir='ltr'><strong>nullisque</strong></span> <span class='ocrx_word' id='word_1_116' title='bbox 1534 1454 1645 1514; x_wconf 76' lang='lat' dir='ltr'><strong>nep</strong></span> <span class='ocrx_word' id='word_1_117' title='bbox 1695 1437 1977 1493; x_wconf 86' lang='lat' dir='ltr'><strong>laboribus</strong></span> 
     </span>
    </p>
   </div>
   <div class='ocr_carea' id='block_1_21' title="bbox 400 1529 1978 1608">
    <p class='ocr_par' dir='ltr' id='par_1_21' title="bbox 400 1529 1978 1608">
     <span class='ocr_line' id='line_1_21' title="bbox 400 1529 1978 1608; baseline -0.006 -15"><span class='ocrx_word' id='word_1_118' title='bbox 400 1552 611 1608; x_wconf 89' lang='lat' dir='ltr'><strong>corpus</strong></span> <span class='ocrx_word' id='word_1_119' title='bbox 642 1537 980 1593; x_wconf 89' lang='lat' dir='ltr'><strong>macerabat.</strong></span> <span class='ocrx_word' id='word_1_120' title='bbox 1013 1534 1123 1591; x_wconf 86' lang='lat' dir='ltr'><strong>Nec</strong></span> <span class='ocrx_word' id='word_1_121' title='bbox 1163 1535 1299 1591; x_wconf 88' lang='lat' dir='ltr'><strong>satis</strong></span> <span class='ocrx_word' id='word_1_122' title='bbox 1331 1542 1448 1589; x_wconf 87' lang='lat' dir='ltr'><strong>erat</strong></span> <span class='ocrx_word' id='word_1_123' title='bbox 1482 1534 1562 1588; x_wconf 91' lang='lat' dir='ltr'><strong>illi</strong></span> <span class='ocrx_word' id='word_1_124' title='bbox 1613 1532 1770 1603; x_wconf 88' lang='lat' dir='ltr'><strong>panis</strong></span> <span class='ocrx_word' id='word_1_125' title='bbox 1806 1529 1978 1589; x_wconf 85' lang='lat' dir='ltr'><strong>absti-</strong></span> 
     </span>
    </p>
   </div>
   <div class='ocr_carea' id='block_1_22' title="bbox 402 1626 1729 1703">
    <p class='ocr_par' dir='ltr' id='par_1_22' title="bbox 402 1626 1729 1703">
     <span class='ocr_line' id='line_1_22' title="bbox 402 1626 1729 1703; baseline -0.006 -14"><span class='ocrx_word' id='word_1_126' title='bbox 402 1632 606 1701; x_wconf 86' lang='lat' dir='ltr'><strong>nentia,</strong></span> <span class='ocrx_word' id='word_1_127' title='bbox 639 1645 763 1703; x_wconf 59' lang='lat' dir='ltr'><strong>«ina:</strong></span> <span class='ocrx_word' id='word_1_128' title='bbox 789 1630 875 1687; x_wconf 87' lang='lat' dir='ltr'><strong>vel</strong></span> <span class='ocrx_word' id='word_1_129' title='bbox 912 1643 1054 1700; x_wconf 90' lang='lat' dir='ltr'><strong>aqua</strong></span> <span class='ocrx_word' id='word_1_130' title='bbox 1098 1627 1421 1700; x_wconf 85' lang='lat' dir='ltr'><strong>parcissime</strong></span> <span class='ocrx_word' id='word_1_131' title='bbox 1451 1626 1729 1681; x_wconf 89' lang='lat' dir='ltr'><strong>utebatur.</strong></span> 
     </span>
    </p>
   </div>
   <div class='ocr_carea' id='block_1_23' title="bbox 2073 1052 3671 1129">
    <p class='ocr_par' dir='ltr' id='par_1_23' title="bbox 2073 1052 3671 1129">
     <span class='ocr_line' id='line_1_23' title="bbox 2073 1052 3671 1129; baseline -0.004 -17"><span class='ocrx_word' id='word_1_132' title='bbox 2073 1057 2197 1112; x_wconf 92' lang='grc' dir='ltr'>σθαι</span> <span class='ocrx_word' id='word_1_133' title='bbox 2226 1059 2348 1122; x_wconf 84' lang='grc' dir='ltr'>ταῖς</span> <span class='ocrx_word' id='word_1_134' title='bbox 2374 1060 2715 1129; x_wconf 80' lang='grc' dir='ltr'><strong>σωματικαῖς</strong></span> <span class='ocrx_word' id='word_1_135' title='bbox 2748 1055 3068 1127; x_wconf 74' lang='grc' dir='ltr'><strong>ἐπιθυμίαις</strong></span> <span class='ocrx_word' id='word_1_136' title='bbox 3085 1072 3100 1086; x_wconf 89' lang='grc'><strong>·</strong></span> <span class='ocrx_word' id='word_1_137' title='bbox 3131 1052 3324 1125; x_wconf 82' lang='grc' dir='ltr'>ῶσπερ</span> <span class='ocrx_word' id='word_1_138' title='bbox 3350 1052 3415 1106; x_wconf 81' lang='grc' dir='ltr'>δὲ</span> <span class='ocrx_word' id='word_1_139' title='bbox 3455 1052 3671 1124; x_wconf 76' lang='grc' dir='ltr'><strong>δένδρον</strong></span> 
     </span>
    </p>
   </div>
   <div class='ocr_carea' id='block_1_24' title="bbox 2073 1144 3674 1224">
    <p class='ocr_par' dir='ltr' id='par_1_24' title="bbox 2073 1144 3674 1224">
     <span class='ocr_line' id='line_1_24' title="bbox 2073 1144 3674 1224; baseline -0.002 -21"><span class='ocrx_word' id='word_1_140' title='bbox 2073 1149 2480 1223; x_wconf 83' lang='grc' dir='ltr'>καθυλομανοῦν</span> <span class='ocrx_word' id='word_1_141' title='bbox 2502 1149 2891 1224; x_wconf 81' lang='grc' dir='ltr'>περιετέμνετο</span> <span class='ocrx_word' id='word_1_142' title='bbox 2912 1148 3023 1202; x_wconf 83' lang='grc' dir='ltr'><strong>τῶν</strong></span> <span class='ocrx_word' id='word_1_143' title='bbox 3053 1147 3323 1219; x_wconf 81' lang='grc' dir='ltr'><strong>ἀκάρπων</strong></span> <span class='ocrx_word' id='word_1_144' title='bbox 3353 1144 3674 1215; x_wconf 55' lang='grc' dir='ltr'>κλάδων,τά</span> 
     </span>
    </p>
   </div>
   <div class='ocr_carea' id='block_1_25' title="bbox 2076 1234 3677 1314">
    <p class='ocr_par' dir='ltr' id='par_1_25' title="bbox 2076 1234 3677 1314">
     <span class='ocr_line' id='line_1_25' title="bbox 2076 1234 3677 1314; baseline -0.006 -18"><span class='ocrx_word' id='word_1_145' title='bbox 2076 1240 2428 1314; x_wconf 80' lang='grc' dir='ltr'>βλαστήματα</span> <span class='ocrx_word' id='word_1_146' title='bbox 2448 1256 2465 1272; x_wconf 86' lang='grc'><strong>·</strong></span> <span class='ocrx_word' id='word_1_147' title='bbox 2506 1239 2606 1306; x_wconf 79' lang='grc' dir='ltr'><strong>τὰς</strong></span> <span class='ocrx_word' id='word_1_148' title='bbox 2640 1240 2739 1311; x_wconf 86' lang='grc' dir='ltr'>μὲν</span> <span class='ocrx_word' id='word_1_149' title='bbox 2781 1240 2892 1311; x_wconf 88' lang='grc' dir='ltr'><strong>γάρ</strong></span> <span class='ocrx_word' id='word_1_150' title='bbox 2928 1235 3266 1300; x_wconf 80' lang='grc' dir='ltr'><strong>ἀκανθώδεις</strong></span> <span class='ocrx_word' id='word_1_151' title='bbox 3298 1235 3407 1306; x_wconf 79' lang='grc' dir='ltr'>τῆς</span> <span class='ocrx_word' id='word_1_152' title='bbox 3432 1234 3677 1297; x_wconf 70' lang='grc' dir='ltr'>διανοίας</span> 
     </span>
    </p>
   </div>
   <div class='ocr_carea' id='block_1_26' title="bbox 2074 1325 3678 1408">
    <p class='ocr_par' dir='ltr' id='par_1_26' title="bbox 2074 1325 3678 1408">
     <span class='ocr_line' id='line_1_26' title="bbox 2074 1325 3678 1408; baseline -0.007 -19"><span class='ocrx_word' id='word_1_153' title='bbox 2074 1334 2332 1404; x_wconf 72' lang='grc' dir='ltr'><strong>ἐκφύσεις</strong></span> <span class='ocrx_word' id='word_1_154' title='bbox 2354 1335 2615 1408; x_wconf 80' lang='grc' dir='ltr'><strong>ἀφῃρεῖτο</strong></span> <span class='ocrx_word' id='word_1_155' title='bbox 2634 1332 2722 1388; x_wconf 85' lang='grc' dir='ltr'><strong>διά</strong></span> <span class='ocrx_word' id='word_1_156' title='bbox 2743 1349 2803 1386; x_wconf 89' lang='grc' dir='ltr'><strong>τε</strong></span> <span class='ocrx_word' id='word_1_157' title='bbox 2823 1331 2923 1403; x_wconf 82' lang='grc' dir='ltr'><strong>τῆς</strong></span> <span class='ocrx_word' id='word_1_158' title='bbox 2945 1329 3198 1401; x_wconf 75' lang='grc' dir='ltr'><strong>νηστείας</strong></span> <span class='ocrx_word' id='word_1_159' title='bbox 3252 1328 3351 1381; x_wconf 77' lang='grc' dir='ltr'>καὶ</span> <span class='ocrx_word' id='word_1_160' title='bbox 3376 1325 3485 1396; x_wconf 80' lang='grc' dir='ltr'>τῆς</span> <span class='ocrx_word' id='word_1_161' title='bbox 3511 1342 3678 1396; x_wconf 79' lang='grc' dir='ltr'>προσ-</span> 
     </span>
    </p>
   </div>
   <div class='ocr_carea' id='block_1_27' title="bbox 2076 1416 3676 1496">
    <p class='ocr_par' dir='ltr' id='par_1_27' title="bbox 2076 1416 3676 1496">
     <span class='ocr_line' id='line_1_27' title="bbox 2076 1416 3676 1496; baseline -0.008 -16"><span class='ocrx_word' id='word_1_162' title='bbox 2076 1425 2259 1496; x_wconf 79' lang='grc' dir='ltr'>ευχῆς.</span> <span class='ocrx_word' id='word_1_163' title='bbox 2292 1425 2403 1479; x_wconf 72' lang='grc' dir='ltr'><strong>Καὶ</strong></span> <span class='ocrx_word' id='word_1_164' title='bbox 2428 1425 2478 1476; x_wconf 86' lang='grc' dir='ltr'><strong>εί</strong></span> <span class='ocrx_word' id='word_1_165' title='bbox 2511 1421 2684 1494; x_wconf 84' lang='grc' dir='ltr'>βραχύ</span> <span class='ocrx_word' id='word_1_166' title='bbox 2726 1438 2781 1475; x_wconf 88' lang='grc' dir='ltr'><strong>τι</strong></span> <span class='ocrx_word' id='word_1_167' title='bbox 2823 1420 3054 1474; x_wconf 73' lang='grc' dir='ltr'>ἕκαστον</span> <span class='ocrx_word' id='word_1_168' title='bbox 3081 1417 3288 1472; x_wconf 85' lang='grc' dir='ltr'>τούτων</span> <span class='ocrx_word' id='word_1_169' title='bbox 3332 1416 3676 1488; x_wconf 80' lang='grc' dir='ltr'>προέκοπτε,</span> 
     </span>
    </p>
   </div>
   <div class='ocr_carea' id='block_1_28' title="bbox 2077 1507 3681 1584">
    <p class='ocr_par' dir='ltr' id='par_1_28' title="bbox 2077 1507 3681 1584">
     <span class='ocr_line' id='line_1_28' title="bbox 2077 1507 3681 1584; baseline -0.006 -13"><span class='ocrx_word' id='word_1_170' title='bbox 2077 1515 2327 1580; x_wconf 76' lang='grc' dir='ltr'><strong>ποικίλας</strong></span> <span class='ocrx_word' id='word_1_171' title='bbox 2352 1516 2537 1579; x_wconf 82' lang='grc' dir='ltr'>αὐτοῖς</span> <span class='ocrx_word' id='word_1_172' title='bbox 2557 1513 2658 1578; x_wconf 76' lang='grc' dir='ltr'>τὰς</span> <span class='ocrx_word' id='word_1_173' title='bbox 2684 1511 2954 1584; x_wconf 81' lang='grc' dir='ltr'>τιμωρίας</span> <span class='ocrx_word' id='word_1_174' title='bbox 2982 1511 3312 1582; x_wconf 81' lang='grc' dir='ltr'>προσέφερε,</span> <span class='ocrx_word' id='word_1_175' title='bbox 3347 1507 3446 1563; x_wconf 74' lang='grc' dir='ltr'>διὰ</span> <span class='ocrx_word' id='word_1_176' title='bbox 3478 1525 3681 1563; x_wconf 82' lang='grc' dir='ltr'>παντο-</span> 
     </span>
    </p>
   </div>
   <div class='ocr_carea' id='block_1_29' title="bbox 2079 1600 3681 1678">
    <p class='ocr_par' dir='ltr' id='par_1_29' title="bbox 2079 1600 3681 1678">
     <span class='ocr_line' id='line_1_29' title="bbox 2079 1600 3681 1678; baseline -0.006 -14"><span class='ocrx_word' id='word_1_177' title='bbox 2079 1609 2262 1664; x_wconf 84' lang='grc' dir='ltr'>δαπῶν</span> <span class='ocrx_word' id='word_1_178' title='bbox 2310 1608 2491 1663; x_wconf 87' lang='grc' dir='ltr'>πόνων</span> <span class='ocrx_word' id='word_1_179' title='bbox 2530 1608 2590 1661; x_wconf 83' lang='grc' dir='ltr'>τὸ</span> <span class='ocrx_word' id='word_1_180' title='bbox 2634 1607 2793 1678; x_wconf 87' lang='grc' dir='ltr'>σῶμα</span> <span class='ocrx_word' id='word_1_181' title='bbox 2837 1604 3206 1675; x_wconf 66' lang='grc' dir='ltr'>κακουχοῖηα.</span> <span class='ocrx_word' id='word_1_182' title='bbox 3241 1604 3320 1658; x_wconf 84' lang='grc' dir='ltr'><strong>Οὐ</strong></span> <span class='ocrx_word' id='word_1_183' title='bbox 3367 1603 3539 1674; x_wconf 82' lang='grc' dir='ltr'>μόνον</span> <span class='ocrx_word' id='word_1_184' title='bbox 3567 1600 3681 1674; x_wconf 79' lang='grc' dir='ltr'><strong>γάρ</strong></span> 
     </span>
    </p>
   </div>
   <div class='ocr_carea' id='block_1_30' title="bbox 2077 1696 3678 1776">
    <p class='ocr_par' dir='ltr' id='par_1_30' title="bbox 2077 1696 3678 1776">
     <span class='ocr_line' id='line_1_30' title="bbox 2077 1696 3678 1776; baseline -0.006 -18"><span class='ocrx_word' id='word_1_185' title='bbox 2077 1704 2143 1775; x_wconf 82' lang='grc' dir='ltr'>τῇ</span> <span class='ocrx_word' id='word_1_186' title='bbox 2181 1703 2275 1757; x_wconf 76' lang='grc' dir='ltr'>τοῦ</span> <span class='ocrx_word' id='word_1_187' title='bbox 2312 1703 2478 1776; x_wconf 78' lang='grc' dir='ltr'>ἄρτου</span> <span class='ocrx_word' id='word_1_188' title='bbox 2526 1700 2853 1773; x_wconf 77' lang='grc' dir='ltr'>λιμαγχονίᾳ</span> <span class='ocrx_word' id='word_1_189' title='bbox 2894 1700 3136 1772; x_wconf 77' lang='grc' dir='ltr'>ἠρκεῖτο,</span> <span class='ocrx_word' id='word_1_190' title='bbox 3180 1697 3323 1753; x_wconf 86' lang='grc' dir='ltr'><strong>ἀλλά</strong></span> <span class='ocrx_word' id='word_1_191' title='bbox 3358 1714 3429 1768; x_wconf 88' lang='grc' dir='ltr'><strong>γε</strong></span> <span class='ocrx_word' id='word_1_192' title='bbox 3470 1696 3573 1751; x_wconf 78' lang='grc' dir='ltr'>καὶ</span> <span class='ocrx_word' id='word_1_193' title='bbox 3610 1697 3678 1766; x_wconf 77' lang='grc' dir='ltr'><strong>τῇ</strong></span> 
     </span>
    </p>
   </div>
   <div class='ocr_carea' id='block_1_31' title="bbox 2079 1793 2709 1866">
    <p class='ocr_par' dir='ltr' id='par_1_31' title="bbox 2079 1793 2709 1866">
     <span class='ocr_line' id='line_1_31' title="bbox 2079 1793 2709 1866; baseline 0 -17"><span class='ocrx_word' id='word_1_194' title='bbox 2079 1795 2173 1850; x_wconf 82' lang='grc' dir='ltr'>τοῦ</span> <span class='ocrx_word' id='word_1_195' title='bbox 2202 1794 2394 1860; x_wconf 72' lang='grc' dir='ltr'>ὓδατος</span> <span class='ocrx_word' id='word_1_196' title='bbox 2418 1793 2709 1866; x_wconf 69' lang='grc' dir='ltr'>όλιγοδεῖᾳ.</span> 
     </span>
    </p>
   </div>
   <div class='ocr_carea' id='block_1_32' title="bbox 476 1855 1996 1959">
    <p class='ocr_par' dir='ltr' id='par_1_32' title="bbox 476 1884 1978 1958">
     <span class='ocr_line' id='line_1_32' title="bbox 476 1884 1978 1958; baseline -0.005 -12"><span class='ocrx_word' id='word_1_197' title='bbox 476 1892 564 1947; x_wconf 85' lang='lat' dir='ltr'><strong>l8.</strong></span> <span class='ocrx_word' id='word_1_198' title='bbox 591 1888 1041 1958; x_wconf 87' lang='lat' dir='ltr'><strong>Quandocunque</strong></span> <span class='ocrx_word' id='word_1_199' title='bbox 1072 1892 1254 1941; x_wconf 89' lang='lat' dir='ltr'><strong>autem</strong></span> <span class='ocrx_word' id='word_1_200' title='bbox 1269 1884 1506 1942; x_wconf 79' lang='lat' dir='ltr'><strong>infestus</strong></span> <span class='ocrx_word' id='word_1_201' title='bbox 1523 1884 1702 1941; x_wconf 87' lang='lat' dir='ltr'><strong>hostis</strong></span> <span class='ocrx_word' id='word_1_202' title='bbox 1718 1899 1843 1940; x_wconf 92' lang='lat' dir='ltr'><strong>cum</strong></span> <span class='ocrx_word' id='word_1_203' title='bbox 1888 1884 1978 1939; x_wconf 89' lang='lat' dir='ltr'><strong>illa</strong></span> 
     </span>
    </p>
   </div>
   <div class='ocr_carea' id='block_1_33' title="bbox 2102 1855 3680 1959">
    <p class='ocr_par' dir='ltr' id='par_1_33' title="bbox 2158 1855 3680 1959">
     <span class='ocr_line' id='line_1_33' title="bbox 2158 1855 3680 1959; baseline -0.005 -15"><span class='ocrx_word' id='word_1_204' title='bbox 2158 1888 2244 1944; x_wconf 75' lang='grc' dir='ltr'><strong>ιε.</strong></span> <span class='ocrx_word' id='word_1_205' title='bbox 2287 1855 2551 1959; x_wconf 73' lang='grc' dir='ltr'>ὐπηνίκα</span> <span class='ocrx_word' id='word_1_206' title='bbox 2580 1855 2681 1958; x_wconf 76' lang='grc' dir='ltr'>μὲν</span> <span class='ocrx_word' id='word_1_207' title='bbox 2707 1885 2942 1957; x_wconf 82' lang='grc' dir='ltr'>πόλεμος</span> <span class='ocrx_word' id='word_1_208' title='bbox 2980 1885 3074 1941; x_wconf 78' lang='grc' dir='ltr'>τοῦ</span> <span class='ocrx_word' id='word_1_209' title='bbox 3100 1882 3298 1956; x_wconf 80' lang='grc' dir='ltr'>ἐχθροῦ</span> <span class='ocrx_word' id='word_1_210' title='bbox 3337 1882 3480 1957; x_wconf 78' lang='grc' dir='ltr'>πρὸς</span> <span class='ocrx_word' id='word_1_211' title='bbox 3503 1879 3680 1953; x_wconf 67' lang='grc' dir='ltr'>αὐτὴν</span> 
     </span>
    </p>
   </div>
   <div class='ocr_carea' id='block_1_34' title="bbox 404 1978 1982 2051">
    <p class='ocr_par' dir='ltr' id='par_1_34' title="bbox 404 1978 1982 2051">
     <span class='ocr_line' id='line_1_34' title="bbox 404 1978 1982 2051; baseline -0.004 -12"><span class='ocrx_word' id='word_1_212' title='bbox 404 1982 838 2044; x_wconf 78' lang='lat' dir='ltr'><strong>conﬂictaretur,</strong></span> <span class='ocrx_word' id='word_1_213' title='bbox 872 1980 1277 2051; x_wconf 83' lang='lat' dir='ltr'><strong>quamprimum</strong></span> <span class='ocrx_word' id='word_1_214' title='bbox 1308 1994 1405 2049; x_wconf 88' lang='lat' dir='ltr'><strong>per</strong></span> <span class='ocrx_word' id='word_1_215' title='bbox 1449 1979 1751 2034; x_wconf 90' lang='lat' dir='ltr'><strong>orationem</strong></span> <span class='ocrx_word' id='word_1_216' title='bbox 1797 1978 1982 2033; x_wconf 82' lang='lat' dir='ltr'><strong>Domi-</strong></span> 
     </span>
    </p>
   </div>
   <div class='ocr_carea' id='block_1_35' title="bbox 405 2070 1986 2140">
    <p class='ocr_par' dir='ltr' id='par_1_35' title="bbox 405 2070 1986 2140">
     <span class='ocr_line' id='line_1_35' title="bbox 405 2070 1986 2140; baseline -0.003 -10"><span class='ocrx_word' id='word_1_217' title='bbox 405 2080 536 2130; x_wconf 76' lang='lat' dir='ltr'><strong>num</strong></span> <span class='ocrx_word' id='word_1_218' title='bbox 572 2087 734 2129; x_wconf 90' lang='lat' dir='ltr'><strong>suum</strong></span> <span class='ocrx_word' id='word_1_219' title='bbox 758 2073 990 2128; x_wconf 86' lang='lat' dir='ltr'><strong>vocabat</strong></span> <span class='ocrx_word' id='word_1_220' title='bbox 1017 2072 1071 2127; x_wconf 91' lang='lat' dir='ltr'><strong>in</strong></span> <span class='ocrx_word' id='word_1_221' title='bbox 1108 2071 1442 2136; x_wconf 84' lang='lat' dir='ltr'><strong>subsidium,</strong></span> <span class='ocrx_word' id='word_1_222' title='bbox 1491 2085 1592 2126; x_wconf 92' lang='lat' dir='ltr'><strong>nec</strong></span> <span class='ocrx_word' id='word_1_223' title='bbox 1631 2070 1748 2125; x_wconf 89' lang='lat' dir='ltr'><strong>sola</strong></span> <span class='ocrx_word' id='word_1_224' title='bbox 1793 2083 1986 2140; x_wconf 90' lang='lat' dir='ltr'><strong>corpo-</strong></span> 
     </span>
    </p>
   </div>
   <div class='ocr_carea' id='block_1_36' title="bbox 407 2159 1982 2231">
    <p class='ocr_par' dir='ltr' id='par_1_36' title="bbox 407 2159 1982 2231">
     <span class='ocr_line' id='line_1_36' title="bbox 407 2159 1982 2231; baseline -0.003 -11"><span class='ocrx_word' id='word_1_225' title='bbox 407 2164 486 2221; x_wconf 86' lang='lat' dir='ltr'><strong>ris</strong></span> <span class='ocrx_word' id='word_1_226' title='bbox 516 2162 910 2220; x_wconf 74' lang='lat' dir='ltr'><strong>exercitatione</strong></span> <span class='ocrx_word' id='word_1_227' title='bbox 931 2160 1211 2218; x_wconf 87' lang='lat' dir='ltr'><strong>nitebatur</strong></span> <span class='ocrx_word' id='word_1_228' title='bbox 1235 2161 1416 2217; x_wconf 89' lang='lat' dir='ltr'><strong>leonis</strong></span> <span class='ocrx_word' id='word_1_229' title='bbox 1450 2159 1712 2230; x_wconf 83' lang='lat' dir='ltr'><strong>impetum</strong></span> <span class='ocrx_word' id='word_1_230' title='bbox 1741 2160 1982 2231; x_wconf 87' lang='lat' dir='ltr'><strong>compri-</strong></span> 
     </span>
    </p>
   </div>
   <div class='ocr_carea' id='block_1_37' title="bbox 408 2253 1976 2324">
    <p class='ocr_par' dir='ltr' id='par_1_37' title="bbox 408 2253 1976 2324">
     <span class='ocr_line' id='line_1_37' title="bbox 408 2253 1976 2324; baseline -0.004 -9"><span class='ocrx_word' id='word_1_231' title='bbox 408 2271 576 2315; x_wconf 83' lang='lat' dir='ltr'><strong>mere.</strong></span> <span class='ocrx_word' id='word_1_232' title='bbox 607 2253 718 2311; x_wconf 86' lang='lat' dir='ltr'><strong>Nec</strong></span> <span class='ocrx_word' id='word_1_233' title='bbox 773 2269 929 2310; x_wconf 88' lang='lat' dir='ltr'><strong>mora</strong></span> <span class='ocrx_word' id='word_1_234' title='bbox 978 2253 1122 2309; x_wconf 81' lang='lat' dir='ltr'><strong>facta</strong></span> <span class='ocrx_word' id='word_1_235' title='bbox 1160 2253 1395 2324; x_wconf 88' lang='lat' dir='ltr'><strong>supplici</strong></span> <span class='ocrx_word' id='word_1_236' title='bbox 1447 2253 1640 2308; x_wconf 77' lang='lat' dir='ltr'><strong>aderat</strong></span> <span class='ocrx_word' id='word_1_237' title='bbox 1688 2253 1976 2317; x_wconf 85' lang='lat' dir='ltr'><strong>Dominus,</strong></span> 
     </span>
    </p>
   </div>
   <div class='ocr_carea' id='block_1_38' title="bbox 412 2342 1986 2420">
    <p class='ocr_par' dir='ltr' id='par_1_38' title="bbox 412 2342 1986 2420">
     <span class='ocr_line' id='line_1_38' title="bbox 412 2342 1986 2420; baseline -0.001 -18"><span class='ocrx_word' id='word_1_238' title='bbox 412 2347 759 2420; x_wconf 78' lang='lat' dir='ltr'><strong>fugiebatque</strong></span> <span class='ocrx_word' id='word_1_239' title='bbox 788 2346 1158 2403; x_wconf 85' lang='lat' dir='ltr'><strong>adversarius.</strong></span> <span class='ocrx_word' id='word_1_240' title='bbox 1198 2344 1526 2416; x_wconf 85' lang='lat' dir='ltr'><strong>Plerumque</strong></span> <span class='ocrx_word' id='word_1_241' title='bbox 1556 2352 1739 2400; x_wconf 89' lang='lat' dir='ltr'><strong>tamen</strong></span> <span class='ocrx_word' id='word_1_242' title='bbox 1770 2342 1986 2401; x_wconf 83' lang='lat' dir='ltr'><strong>accide-</strong></span> 
     </span>
    </p>
   </div>
   <div class='ocr_carea' id='block_1_39' title="bbox 410 2435 1985 2506">
    <p class='ocr_par' dir='ltr' id='par_1_39' title="bbox 410 2435 1985 2506">
     <span class='ocr_line' id='line_1_39' title="bbox 410 2435 1985 2506; baseline -0.003 -9"><span class='ocrx_word' id='word_1_243' title='bbox 410 2441 522 2506; x_wconf 86' lang='lat' dir='ltr'><strong>bat,</strong></span> <span class='ocrx_word' id='word_1_244' title='bbox 556 2448 617 2495; x_wconf 92' lang='lat' dir='ltr'><strong>ut</strong></span> <span class='ocrx_word' id='word_1_245' title='bbox 644 2440 855 2495; x_wconf 91' lang='lat' dir='ltr'><strong>diutius</strong></span> <span class='ocrx_word' id='word_1_246' title='bbox 887 2438 1122 2494; x_wconf 84' lang='lat' dir='ltr'><strong>instaret</strong></span> <span class='ocrx_word' id='word_1_247' title='bbox 1165 2438 1361 2502; x_wconf 87' lang='lat' dir='ltr'><strong>hostis,</strong></span> <span class='ocrx_word' id='word_1_248' title='bbox 1403 2452 1507 2492; x_wconf 90' lang='lat' dir='ltr'><strong>nec</strong></span> <span class='ocrx_word' id='word_1_249' title='bbox 1549 2435 1816 2492; x_wconf 88' lang='lat' dir='ltr'><strong>Dominus</strong></span> <span class='ocrx_word' id='word_1_250' title='bbox 1862 2449 1985 2492; x_wconf 82' lang='lat' dir='ltr'><strong>sce-</strong></span> 
     </span>
    </p>
   </div>
   <div class='ocr_carea' id='block_1_40' title="bbox 412 2530 1989 2602">
    <p class='ocr_par' dir='ltr' id='par_1_40' title="bbox 412 2530 1989 2602">
     <span class='ocr_line' id='line_1_40' title="bbox 412 2530 1989 2602; baseline -0.001 -14"><span class='ocrx_word' id='word_1_251' title='bbox 412 2533 609 2588; x_wconf 81' lang='lat' dir='ltr'><strong>l-estum</strong></span> <span class='ocrx_word' id='word_1_252' title='bbox 629 2531 992 2602; x_wconf 81' lang='lat' dir='ltr'><strong>propulsaret,</strong></span> <span class='ocrx_word' id='word_1_253' title='bbox 1028 2540 1088 2586; x_wconf 92' lang='lat' dir='ltr'><strong>ut</strong></span> <span class='ocrx_word' id='word_1_254' title='bbox 1126 2546 1192 2586; x_wconf 89' lang='lat' dir='ltr'><strong>eo</strong></span> <span class='ocrx_word' id='word_1_255' title='bbox 1227 2539 1391 2601; x_wconf 90' lang='lat' dir='ltr'><strong>pacto</strong></span> <span class='ocrx_word' id='word_1_256' title='bbox 1438 2530 1738 2586; x_wconf 83' lang='lat' dir='ltr'><strong>virtutibus</strong></span> <span class='ocrx_word' id='word_1_257' title='bbox 1778 2531 1989 2587; x_wconf 84' lang='lat' dir='ltr'><strong>instru-</strong></span> 
     </span>
    </p>
   </div>
   <div class='ocr_carea' id='block_1_41' title="bbox 411 2621 1990 2695">
    <p class='ocr_par' dir='ltr' id='par_1_41' title="bbox 411 2621 1990 2695">
     <span class='ocr_line' id='line_1_41' title="bbox 411 2621 1990 2695; baseline 0.003 -18"><span class='ocrx_word' id='word_1_258' title='bbox 411 2632 512 2678; x_wconf 69' lang='lat' dir='ltr'><strong>cus</strong></span> <span class='ocrx_word' id='word_1_259' title='bbox 539 2622 737 2677; x_wconf 70' lang='lat' dir='ltr'><strong>animae</strong></span> <span class='ocrx_word' id='word_1_260' title='bbox 762 2621 1211 2677; x_wconf 77' lang='lat' dir='ltr'><strong>exercitationem</strong></span> <span class='ocrx_word' id='word_1_261' title='bbox 1240 2630 1481 2692; x_wconf 80' lang='lat' dir='ltr'><strong>augeret.</strong></span> <span class='ocrx_word' id='word_1_262' title='bbox 1515 2621 1636 2693; x_wconf 91' lang='lat' dir='ltr'><strong>Ipsa</strong></span> <span class='ocrx_word' id='word_1_263' title='bbox 1677 2637 1808 2680; x_wconf 90' lang='lat' dir='ltr'><strong>vero</strong></span> <span class='ocrx_word' id='word_1_264' title='bbox 1830 2625 1990 2695; x_wconf 84' lang='lat' dir='ltr'><strong>quasi</strong></span> 
     </span>
    </p>
   </div>
   <div class='ocr_carea' id='block_1_42' title="bbox 416 2712 1991 2780">
    <p class='ocr_par' dir='ltr' id='par_1_42' title="bbox 416 2712 1991 2780">
     <span class='ocr_line' id='line_1_42' title="bbox 416 2712 1991 2780; baseline 0.002 -11"><span class='ocrx_word' id='word_1_265' title='bbox 416 2713 556 2769; x_wconf 73' lang='lat' dir='ltr'><strong>facta</strong></span> <span class='ocrx_word' id='word_1_266' title='bbox 588 2713 855 2770; x_wconf 89' lang='lat' dir='ltr'><strong>donorum</strong></span> <span class='ocrx_word' id='word_1_267' title='bbox 889 2712 1226 2780; x_wconf 85' lang='lat' dir='ltr'><strong>accessione,</strong></span> <span class='ocrx_word' id='word_1_268' title='bbox 1266 2714 1412 2770; x_wconf 86' lang='lat' dir='ltr'><strong>vires</strong></span> <span class='ocrx_word' id='word_1_269' title='bbox 1448 2715 1764 2771; x_wconf 88' lang='lat' dir='ltr'><strong>resumebat</strong></span> <span class='ocrx_word' id='word_1_270' title='bbox 1802 2717 1870 2770; x_wconf 88' lang='lat' dir='ltr'><strong>ad</strong></span> <span class='ocrx_word' id='word_1_271' title='bbox 1907 2718 1991 2772; x_wconf 84' lang='lat' dir='ltr'><strong>vi-</strong></span> 
     </span>
    </p>
   </div>
   <div class='ocr_carea' id='block_1_43' title="bbox 414 2804 1993 2878">
    <p class='ocr_par' dir='ltr' id='par_1_43' title="bbox 414 2804 1993 2878">
     <span class='ocr_line' id='line_1_43' title="bbox 414 2804 1993 2878; baseline 0.001 -16"><span class='ocrx_word' id='word_1_272' title='bbox 414 2807 644 2862; x_wconf 88' lang='lat' dir='ltr'><strong>ctoriam</strong></span> <span class='ocrx_word' id='word_1_273' title='bbox 676 2805 1086 2878; x_wconf 85' lang='lat' dir='ltr'><strong>reportandam.</strong></span> <span class='ocrx_word' id='word_1_274' title='bbox 1117 2804 1304 2876; x_wconf 88' lang='lat' dir='ltr'><strong>Neque</strong></span> <span class='ocrx_word' id='word_1_275' title='bbox 1331 2816 1450 2862; x_wconf 86' lang='lat' dir='ltr'><strong>erat</strong></span> <span class='ocrx_word' id='word_1_276' title='bbox 1476 2807 1525 2861; x_wconf 82' lang='lat' dir='ltr'><strong>ei</strong></span> <span class='ocrx_word' id='word_1_277' title='bbox 1557 2806 1715 2873; x_wconf 84' lang='lat' dir='ltr'><strong>satis,</strong></span> <span class='ocrx_word' id='word_1_278' title='bbox 1749 2821 1810 2863; x_wconf 90' lang='lat' dir='ltr'><strong>se</strong></span> <span class='ocrx_word' id='word_1_279' title='bbox 1847 2808 1993 2865; x_wconf 84' lang='lat' dir='ltr'><strong>cibo-</strong></span> 
     </span>
    </p>
   </div>
   <div class='ocr_carea' id='block_1_44' title="bbox 415 2899 1994 2969">
    <p class='ocr_par' dir='ltr' id='par_1_44' title="bbox 415 2899 1994 2969">
     <span class='ocr_line' id='line_1_44' title="bbox 415 2899 1994 2969; baseline 0.001 -15"><span class='ocrx_word' id='word_1_280' title='bbox 415 2915 538 2954; x_wconf 90' lang='lat' dir='ltr'><strong>rum</strong></span> <span class='ocrx_word' id='word_1_281' title='bbox 566 2899 794 2969; x_wconf 89' lang='lat' dir='ltr'><strong>penuria</strong></span> <span class='ocrx_word' id='word_1_282' title='bbox 818 2914 1118 2964; x_wconf 83' lang='lat' dir='ltr'><strong>macerare,</strong></span> <span class='ocrx_word' id='word_1_283' title='bbox 1152 2914 1341 2956; x_wconf 89' lang='lat' dir='ltr'><strong>verum</strong></span> <span class='ocrx_word' id='word_1_284' title='bbox 1376 2899 1538 2953; x_wconf 88' lang='lat' dir='ltr'><strong>etiam</strong></span> <span class='ocrx_word' id='word_1_285' title='bbox 1566 2899 1634 2955; x_wconf 88' lang='lat' dir='ltr'><strong>ad</strong></span> <span class='ocrx_word' id='word_1_286' title='bbox 1666 2900 1851 2955; x_wconf 85' lang='lat' dir='ltr'><strong>omnia</strong></span> <span class='ocrx_word' id='word_1_287' title='bbox 1898 2915 1994 2956; x_wconf 85' lang='lat' dir='ltr'><strong>vo-</strong></span> 
     </span>
    </p>
   </div>
   <div class='ocr_carea' id='block_1_45' title="bbox 415 2991 1994 3063">
    <p class='ocr_par' dir='ltr' id='par_1_45' title="bbox 415 2991 1994 3063">
     <span class='ocr_line' id='line_1_45' title="bbox 415 2991 1994 3063; baseline 0.002 -18"><span class='ocrx_word' id='word_1_288' title='bbox 415 2991 653 3063; x_wconf 74' lang='lat' dir='ltr'><strong>luptaria</strong></span> <span class='ocrx_word' id='word_1_289' title='bbox 675 2991 856 3048; x_wconf 89' lang='lat' dir='ltr'><strong>studia</strong></span> <span class='ocrx_word' id='word_1_290' title='bbox 887 2992 1094 3048; x_wconf 89' lang='lat' dir='ltr'><strong>aditum</strong></span> <span class='ocrx_word' id='word_1_291' title='bbox 1121 2992 1223 3049; x_wconf 90' lang='lat' dir='ltr'><strong>sibi</strong></span> <span class='ocrx_word' id='word_1_292' title='bbox 1248 2991 1669 3049; x_wconf 86' lang='lat' dir='ltr'><strong>intercludebat.</strong></span> <span class='ocrx_word' id='word_1_293' title='bbox 1691 2991 1994 3048; x_wconf 82' lang='lat' dir='ltr'><strong>Furfuroso</strong></span> 
     </span>
    </p>
   </div>
   <div class='ocr_carea' id='block_1_46' title="bbox 417 3085 1994 3158">
    <p class='ocr_par' dir='ltr' id='par_1_46' title="bbox 417 3085 1994 3158">
     <span class='ocr_line' id='line_1_46' title="bbox 417 3085 1994 3158; baseline -0.001 -15"><span class='ocrx_word' id='word_1_294' title='bbox 417 3085 687 3158; x_wconf 87' lang='lat' dir='ltr'><strong>siquidem</strong></span> <span class='ocrx_word' id='word_1_295' title='bbox 719 3100 858 3157; x_wconf 83' lang='lat' dir='ltr'><strong>pane</strong></span> <span class='ocrx_word' id='word_1_296' title='bbox 884 3086 1231 3151; x_wconf 78' lang='lat' dir='ltr'><strong>vescebatur,</strong></span> <span class='ocrx_word' id='word_1_297' title='bbox 1252 3100 1393 3157; x_wconf 89' lang='lat' dir='ltr'><strong>aqua</strong></span> <span class='ocrx_word' id='word_1_298' title='bbox 1424 3099 1568 3154; x_wconf 64' lang='lat' dir='ltr'><strong>saepe</strong></span> <span class='ocrx_word' id='word_1_299' title='bbox 1599 3099 1829 3155; x_wconf 88' lang='lat' dir='ltr'><strong>prorsus</strong></span> <span class='ocrx_word' id='word_1_300' title='bbox 1866 3085 1994 3142; x_wconf 80' lang='lat' dir='ltr'><strong>abs-</strong></span> 
     </span>
    </p>
   </div>
   <div class='ocr_carea' id='block_1_47' title="bbox 2087 1973 3683 2053">
    <p class='ocr_par' dir='ltr' id='par_1_47' title="bbox 2087 1973 3683 2053">
     <span class='ocr_line' id='line_1_47' title="bbox 2087 1973 3683 2053; baseline -0.006 -17"><span class='ocrx_word' id='word_1_301' title='bbox 2087 1983 2475 2053; x_wconf 84' lang='grc' dir='ltr'>συνεκροτεῖτο,</span> <span class='ocrx_word' id='word_1_302' title='bbox 2520 1979 2943 2051; x_wconf 82' lang='grc' dir='ltr'>προηγουμένως</span> <span class='ocrx_word' id='word_1_303' title='bbox 2973 1979 3071 2051; x_wconf 81' lang='grc' dir='ltr'>μὲν</span> <span class='ocrx_word' id='word_1_304' title='bbox 3109 1978 3201 2031; x_wconf 81' lang='grc' dir='ltr'>τὸν</span> <span class='ocrx_word' id='word_1_305' title='bbox 3231 1977 3435 2048; x_wconf 85' lang='grc' dir='ltr'>ἐαυτῆς</span> <span class='ocrx_word' id='word_1_306' title='bbox 3462 1973 3683 2028; x_wconf 74' lang='grc' dir='ltr'>Δεσπό-</span> 
     </span>
    </p>
   </div>
   <div class='ocr_carea' id='block_1_48' title="bbox 2082 2065 3681 2140">
    <p class='ocr_par' dir='ltr' id='par_1_48' title="bbox 2082 2065 3681 2140">
     <span class='ocr_line' id='line_1_48' title="bbox 2082 2065 3681 2140; baseline -0.003 -18"><span class='ocrx_word' id='word_1_307' title='bbox 2082 2085 2183 2140; x_wconf 91' lang='grc' dir='ltr'><strong>την</strong></span> <span class='ocrx_word' id='word_1_308' title='bbox 2227 2067 2296 2122; x_wconf 83' lang='grc' dir='ltr'><strong>δι’</strong></span> <span class='ocrx_word' id='word_1_309' title='bbox 2329 2068 2495 2139; x_wconf 84' lang='grc' dir='ltr'>εὐχῆς</span> <span class='ocrx_word' id='word_1_310' title='bbox 2526 2066 2710 2121; x_wconf 83' lang='grc' dir='ltr'>ἐκάλει</span> <span class='ocrx_word' id='word_1_311' title='bbox 2741 2068 2878 2138; x_wconf 74' lang='grc' dir='ltr'>πρὸς</span> <span class='ocrx_word' id='word_1_312' title='bbox 2921 2067 3270 2139; x_wconf 83' lang='grc' dir='ltr'>συμμαχίαν·</span> <span class='ocrx_word' id='word_1_313' title='bbox 3318 2066 3381 2120; x_wconf 88' lang='grc' dir='ltr'><strong>ού</strong></span> <span class='ocrx_word' id='word_1_314' title='bbox 3422 2065 3537 2137; x_wconf 88' lang='grc' dir='ltr'><strong>γάρ</strong></span> <span class='ocrx_word' id='word_1_315' title='bbox 3572 2066 3681 2136; x_wconf 64' lang='grc' dir='ltr'><strong>ἠρ-</strong></span> 
     </span>
    </p>
   </div>
   <div class='ocr_carea' id='block_1_49' title="bbox 2085 2157 3682 2231">
    <p class='ocr_par' dir='ltr' id='par_1_49' title="bbox 2085 2157 3682 2231">
     <span class='ocr_line' id='line_1_49' title="bbox 2085 2157 3682 2231; baseline -0.004 -17"><span class='ocrx_word' id='word_1_316' title='bbox 2085 2163 2232 2215; x_wconf 83' lang='grc' dir='ltr'>κεῖτο</span> <span class='ocrx_word' id='word_1_317' title='bbox 2259 2159 2359 2231; x_wconf 78' lang='grc' dir='ltr'>τὴν</span> <span class='ocrx_word' id='word_1_318' title='bbox 2398 2161 2577 2231; x_wconf 79' lang='grc' dir='ltr'>ὁρμὴν</span> <span class='ocrx_word' id='word_1_319' title='bbox 2617 2160 2712 2214; x_wconf 82' lang='grc' dir='ltr'><strong>τοῦ</strong></span> <span class='ocrx_word' id='word_1_320' title='bbox 2745 2159 2958 2224; x_wconf 83' lang='grc' dir='ltr'>λέοντος</span> <span class='ocrx_word' id='word_1_321' title='bbox 3005 2159 3195 2213; x_wconf 78' lang='grc' dir='ltr'>σϐέσαι</span> <span class='ocrx_word' id='word_1_322' title='bbox 3238 2157 3368 2229; x_wconf 76' lang='grc' dir='ltr'>ψιλῇ</span> <span class='ocrx_word' id='word_1_323' title='bbox 3414 2158 3682 2226; x_wconf 74' lang='grc' dir='ltr'>ἀσκήσει.</span> 
     </span>
    </p>
   </div>
   <div class='ocr_carea' id='block_1_50' title="bbox 2085 2250 3687 2324">
    <p class='ocr_par' dir='ltr' id='par_1_50' title="bbox 2085 2250 3687 2324">
     <span class='ocr_line' id='line_1_50' title="bbox 2085 2250 3687 2324; baseline -0.002 -19"><span class='ocrx_word' id='word_1_324' title='bbox 2085 2252 2198 2306; x_wconf 79' lang='grc' dir='ltr'><strong>Καὶ</strong></span> <span class='ocrx_word' id='word_1_325' title='bbox 2227 2253 2378 2323; x_wconf 87' lang='grc' dir='ltr'><strong>παρά</strong></span> <span class='ocrx_word' id='word_1_326' title='bbox 2409 2253 2506 2323; x_wconf 85' lang='grc' dir='ltr'>μὲν</span> <span class='ocrx_word' id='word_1_327' title='bbox 2525 2253 2623 2324; x_wconf 82' lang='grc' dir='ltr'>τῆς</span> <span class='ocrx_word' id='word_1_328' title='bbox 2655 2252 2862 2317; x_wconf 78' lang='grc' dir='ltr'>ἱκεσίας</span> <span class='ocrx_word' id='word_1_329' title='bbox 2894 2254 3075 2323; x_wconf 75' lang='grc' dir='ltr'>παρῆν</span> <span class='ocrx_word' id='word_1_330' title='bbox 3109 2253 3138 2305; x_wconf 86' lang='grc' dir='ltr'><strong>ό</strong></span> <span class='ocrx_word' id='word_1_331' title='bbox 3164 2250 3391 2321; x_wconf 76' lang='grc' dir='ltr'>Κύριος,</span> <span class='ocrx_word' id='word_1_332' title='bbox 3438 2250 3536 2303; x_wconf 76' lang='grc' dir='ltr'>καὶ</span> <span class='ocrx_word' id='word_1_333' title='bbox 3574 2250 3687 2302; x_wconf 79' lang='grc' dir='ltr'>ἀπ-</span> 
     </span>
    </p>
   </div>
   <div class='ocr_carea' id='block_1_51' title="bbox 2086 2340 3689 2418">
    <p class='ocr_par' dir='ltr' id='par_1_51' title="bbox 2086 2340 3689 2418">
     <span class='ocr_line' id='line_1_51' title="bbox 2086 2340 3689 2418; baseline -0.002 -20"><span class='ocrx_word' id='word_1_334' title='bbox 2086 2344 2399 2418; x_wconf 84' lang='grc' dir='ltr'>εδίδρασκεν</span> <span class='ocrx_word' id='word_1_335' title='bbox 2421 2346 2451 2398; x_wconf 84' lang='grc' dir='ltr'>ὁ</span> <span class='ocrx_word' id='word_1_336' title='bbox 2471 2344 2730 2415; x_wconf 90' lang='grc' dir='ltr'>πολέμιος</span> <span class='ocrx_word' id='word_1_337' title='bbox 2748 2362 2764 2377; x_wconf 94' lang='grc'><strong>·</strong></span> <span class='ocrx_word' id='word_1_338' title='bbox 2793 2341 3052 2408; x_wconf 81' lang='grc' dir='ltr'>πολλάκις</span> <span class='ocrx_word' id='word_1_339' title='bbox 3069 2343 3126 2397; x_wconf 79' lang='grc' dir='ltr'>δὲ</span> <span class='ocrx_word' id='word_1_340' title='bbox 3156 2345 3251 2396; x_wconf 70' lang='grc' dir='ltr'>καὶ</span> <span class='ocrx_word' id='word_1_341' title='bbox 3273 2342 3518 2414; x_wconf 80' lang='grc' dir='ltr'>ἐχρόνιζε</span> <span class='ocrx_word' id='word_1_342' title='bbox 3539 2340 3689 2412; x_wconf 63' lang='grc' dir='ltr'>πρὸς</span> 
     </span>
    </p>
   </div>
   <div class='ocr_carea' id='block_1_52' title="bbox 2087 2434 3688 2510">
    <p class='ocr_par' dir='ltr' id='par_1_52' title="bbox 2087 2434 3688 2510">
     <span class='ocr_line' id='line_1_52' title="bbox 2087 2434 3688 2510; baseline -0.004 -17"><span class='ocrx_word' id='word_1_343' title='bbox 2087 2437 2185 2510; x_wconf 74' lang='grc' dir='ltr'>τὴν</span> <span class='ocrx_word' id='word_1_344' title='bbox 2235 2438 2414 2510; x_wconf 83' lang='grc' dir='ltr'>μάχην</span> <span class='ocrx_word' id='word_1_345' title='bbox 2440 2439 2469 2492; x_wconf 84' lang='grc' dir='ltr'><strong>ὁ</strong></span> <span class='ocrx_word' id='word_1_346' title='bbox 2497 2437 2709 2509; x_wconf 76' lang='grc' dir='ltr'>ἐχθρὸς,</span> <span class='ocrx_word' id='word_1_347' title='bbox 2741 2438 2838 2491; x_wconf 76' lang='grc' dir='ltr'>καὶ</span> <span class='ocrx_word' id='word_1_348' title='bbox 2875 2438 2903 2490; x_wconf 88' lang='grc' dir='ltr'>ὁ</span> <span class='ocrx_word' id='word_1_349' title='bbox 2932 2436 3138 2508; x_wconf 82' lang='grc' dir='ltr'>Κύριος</span> <span class='ocrx_word' id='word_1_350' title='bbox 3177 2436 3279 2489; x_wconf 84' lang='grc' dir='ltr'>οὐκ</span> <span class='ocrx_word' id='word_1_351' title='bbox 3320 2436 3566 2505; x_wconf 67' lang='grc' dir='ltr'>ἠμύνετο</span> <span class='ocrx_word' id='word_1_352' title='bbox 3590 2434 3688 2488; x_wconf 73' lang='grc' dir='ltr'>τὸν</span> 
     </span>
    </p>
   </div>
   <div class='ocr_carea' id='block_1_53' title="bbox 2091 2526 3691 2603">
    <p class='ocr_par' dir='ltr' id='par_1_53' title="bbox 2091 2526 3691 2603">
     <span class='ocr_line' id='line_1_53' title="bbox 2091 2526 3691 2603; baseline -0.003 -18"><span class='ocrx_word' id='word_1_353' title='bbox 2091 2532 2449 2603; x_wconf 82' lang='grc' dir='ltr'>παλαμναῖον,</span> <span class='ocrx_word' id='word_1_354' title='bbox 2478 2529 2625 2601; x_wconf 80' lang='grc' dir='ltr'>αύτῷ</span> <span class='ocrx_word' id='word_1_355' title='bbox 2651 2530 2826 2602; x_wconf 84' lang='grc' dir='ltr'>τούτῳ</span> <span class='ocrx_word' id='word_1_356' title='bbox 2866 2530 2963 2600; x_wconf 82' lang='grc' dir='ltr'>τῆς</span> <span class='ocrx_word' id='word_1_357' title='bbox 2993 2529 3247 2600; x_wconf 76' lang='grc' dir='ltr'>ἐναρέτου</span> <span class='ocrx_word' id='word_1_358' title='bbox 3280 2527 3463 2599; x_wconf 70' lang='grc' dir='ltr'>ψυχῆς</span> <span class='ocrx_word' id='word_1_359' title='bbox 3489 2526 3691 2581; x_wconf 75' lang='grc' dir='ltr'>εἰσαύ-</span> 
     </span>
    </p>
   </div>
   <div class='ocr_carea' id='block_1_54' title="bbox 2091 2618 3690 2696">
    <p class='ocr_par' dir='ltr' id='par_1_54' title="bbox 2091 2618 3690 2696">
     <span class='ocr_line' id='line_1_54' title="bbox 2091 2618 3690 2696; baseline -0.004 -18"><span class='ocrx_word' id='word_1_360' title='bbox 2091 2625 2197 2692; x_wconf 84' lang='grc' dir='ltr'>ξων</span> <span class='ocrx_word' id='word_1_361' title='bbox 2227 2624 2323 2696; x_wconf 80' lang='grc' dir='ltr'>τὴν</span> <span class='ocrx_word' id='word_1_362' title='bbox 2354 2623 2678 2694; x_wconf 79' lang='grc' dir='ltr'>γυμνασίαν.</span> <span class='ocrx_word' id='word_1_363' title='bbox 2723 2621 2871 2694; x_wconf 74' lang='grc' dir='ltr'>Αὕτη</span> <span class='ocrx_word' id='word_1_364' title='bbox 2918 2621 2974 2676; x_wconf 78' lang='grc' dir='ltr'>δὲ</span> <span class='ocrx_word' id='word_1_365' title='bbox 3016 2621 3205 2692; x_wconf 86' lang='grc' dir='ltr'>ὥσπερ</span> <span class='ocrx_word' id='word_1_366' title='bbox 3248 2620 3535 2693; x_wconf 77' lang='grc' dir='ltr'>προσθήκῃ</span> <span class='ocrx_word' id='word_1_367' title='bbox 3570 2618 3690 2672; x_wconf 79' lang='grc' dir='ltr'><strong>τῶν</strong></span> 
     </span>
    </p>
   </div>
   <div class='ocr_carea' id='block_1_55' title="bbox 2090 2713 3689 2789">
    <p class='ocr_par' dir='ltr' id='par_1_55' title="bbox 2090 2713 3689 2789">
     <span class='ocr_line' id='line_1_55' title="bbox 2090 2713 3689 2789; baseline -0.001 -19"><span class='ocrx_word' id='word_1_368' title='bbox 2090 2716 2299 2789; x_wconf 83' lang='grc' dir='ltr'>δώρων,</span> <span class='ocrx_word' id='word_1_369' title='bbox 2317 2716 2412 2769; x_wconf 77' lang='grc' dir='ltr'>ἐπὶ</span> <span class='ocrx_word' id='word_1_370' title='bbox 2433 2715 2615 2770; x_wconf 85' lang='grc' dir='ltr'>πλεῖον</span> <span class='ocrx_word' id='word_1_371' title='bbox 2632 2715 2960 2787; x_wconf 73' lang='grc' dir='ltr'>ἐκρατύνετο</span> <span class='ocrx_word' id='word_1_372' title='bbox 2978 2716 3058 2778; x_wconf 81' lang='grc' dir='ltr'><strong>είς</strong></span> <span class='ocrx_word' id='word_1_373' title='bbox 3077 2714 3175 2785; x_wconf 80' lang='grc' dir='ltr'>τὴν</span> <span class='ocrx_word' id='word_1_374' title='bbox 3204 2715 3342 2768; x_wconf 82' lang='grc' dir='ltr'><strong>κατά</strong></span> <span class='ocrx_word' id='word_1_375' title='bbox 3362 2714 3457 2769; x_wconf 78' lang='grc' dir='ltr'><strong>τοῦ</strong></span> <span class='ocrx_word' id='word_1_376' title='bbox 3480 2713 3689 2786; x_wconf 73' lang='grc' dir='ltr'>ἐχθροῦ</span> 
     </span>
    </p>
   </div>
   <div class='ocr_carea' id='block_1_56' title="bbox 2094 2806 3692 2882">
    <p class='ocr_par' dir='ltr' id='par_1_56' title="bbox 2094 2806 3692 2882">
     <span class='ocr_line' id='line_1_56' title="bbox 2094 2806 3692 2882; baseline -0.002 -18"><span class='ocrx_word' id='word_1_377' title='bbox 2094 2809 2271 2882; x_wconf 89' lang='grc' dir='ltr'>νίκην.</span> <span class='ocrx_word' id='word_1_378' title='bbox 2314 2808 2388 2863; x_wconf 86' lang='grc' dir='ltr'><strong>Ού</strong></span> <span class='ocrx_word' id='word_1_379' title='bbox 2427 2808 2586 2879; x_wconf 88' lang='grc' dir='ltr'>μόνον</span> <span class='ocrx_word' id='word_1_380' title='bbox 2624 2807 2732 2881; x_wconf 82' lang='grc' dir='ltr'><strong>γὰρ</strong></span> <span class='ocrx_word' id='word_1_381' title='bbox 2780 2809 3004 2880; x_wconf 82' lang='grc' dir='ltr'>ἠρκεῖτο</span> <span class='ocrx_word' id='word_1_382' title='bbox 3048 2810 3171 2871; x_wconf 86' lang='grc' dir='ltr'>ταῖς</span> <span class='ocrx_word' id='word_1_383' title='bbox 3205 2806 3531 2876; x_wconf 83' lang='grc' dir='ltr'>ὀλιγοδεϊαις</span> <span class='ocrx_word' id='word_1_384' title='bbox 3573 2808 3692 2861; x_wconf 79' lang='grc' dir='ltr'><strong>τῶν</strong></span> 
     </span>
    </p>
   </div>
   <div class='ocr_carea' id='block_1_57' title="bbox 2094 2894 3692 2971">
    <p class='ocr_par' dir='ltr' id='par_1_57' title="bbox 2094 2894 3692 2971">
     <span class='ocr_line' id='line_1_57' title="bbox 2094 2894 3692 2971; baseline -0.001 -19"><span class='ocrx_word' id='word_1_385' title='bbox 2094 2899 2310 2971; x_wconf 83' lang='grc' dir='ltr'>τροφῶν</span> <span class='ocrx_word' id='word_1_386' title='bbox 2344 2898 2542 2970; x_wconf 77' lang='grc' dir='ltr'>ἑαυτὴν</span> <span class='ocrx_word' id='word_1_387' title='bbox 2565 2896 2857 2970; x_wconf 79' lang='grc' dir='ltr'>νεκροῦσα,</span> <span class='ocrx_word' id='word_1_388' title='bbox 2886 2896 3021 2953; x_wconf 84' lang='grc' dir='ltr'><strong>ἀλλά</strong></span> <span class='ocrx_word' id='word_1_389' title='bbox 3045 2914 3110 2969; x_wconf 88' lang='grc' dir='ltr'><strong>γε</strong></span> <span class='ocrx_word' id='word_1_390' title='bbox 3135 2897 3229 2952; x_wconf 81' lang='grc' dir='ltr'>καὶ</span> <span class='ocrx_word' id='word_1_391' title='bbox 3259 2894 3369 2951; x_wconf 89' lang='grc' dir='ltr'><strong>τῶν</strong></span> <span class='ocrx_word' id='word_1_392' title='bbox 3399 2896 3525 2949; x_wconf 88' lang='grc' dir='ltr'>καθ’</span> <span class='ocrx_word' id='word_1_393' title='bbox 3559 2897 3692 2967; x_wconf 72' lang='grc' dir='ltr'>ἡδο-</span> 
     </span>
    </p>
   </div>
   <div class='ocr_carea' id='block_1_58' title="bbox 2096 2990 3691 3065">
    <p class='ocr_par' dir='ltr' id='par_1_58' title="bbox 2096 2990 3691 3065">
     <span class='ocr_line' id='line_1_58' title="bbox 2096 2990 3691 3065; baseline -0.001 -18"><span class='ocrx_word' id='word_1_394' title='bbox 2096 2992 2194 3065; x_wconf 82' lang='grc' dir='ltr'>νὴν</span> <span class='ocrx_word' id='word_1_395' title='bbox 2241 2992 2613 3064; x_wconf 79' lang='grc' dir='ltr'>διαιτημάτων</span> <span class='ocrx_word' id='word_1_396' title='bbox 2659 2992 2918 3063; x_wconf 76' lang='grc' dir='ltr'>ἐπειρᾶτο</span> <span class='ocrx_word' id='word_1_397' title='bbox 2969 2990 3174 3061; x_wconf 75' lang='grc' dir='ltr'>εἵργειν</span> <span class='ocrx_word' id='word_1_398' title='bbox 3223 2992 3442 3062; x_wconf 76' lang='grc' dir='ltr'>ἑαυτήν.</span> <span class='ocrx_word' id='word_1_399' title='bbox 3484 2991 3691 3061; x_wconf 77' lang='grc' dir='ltr'>Ἄρτον</span> 
     </span>
    </p>
   </div>
   <div class='ocr_carea' id='block_1_59' title="bbox 2101 3083 3694 3159">
    <p class='ocr_par' dir='ltr' id='par_1_59' title="bbox 2101 3083 3694 3159">
     <span class='ocr_line' id='line_1_59' title="bbox 2101 3083 3694 3159; baseline -0.001 -19"><span class='ocrx_word' id='word_1_400' title='bbox 2101 3088 2200 3159; x_wconf 77' lang='grc' dir='ltr'>μὲν</span> <span class='ocrx_word' id='word_1_401' title='bbox 2242 3087 2351 3159; x_wconf 85' lang='grc' dir='ltr'>γὰρ</span> <span class='ocrx_word' id='word_1_402' title='bbox 2402 3087 2655 3159; x_wconf 89' lang='grc' dir='ltr'>πιτυρίαν</span> <span class='ocrx_word' id='word_1_403' title='bbox 2694 3086 2910 3157; x_wconf 73' lang='grc' dir='ltr'>ἢσθιεν·</span> <span class='ocrx_word' id='word_1_404' title='bbox 2960 3083 3104 3158; x_wconf 79' lang='grc' dir='ltr'>ὕδωρ</span> <span class='ocrx_word' id='word_1_405' title='bbox 3149 3085 3207 3140; x_wconf 77' lang='grc' dir='ltr'>δὲ</span> <span class='ocrx_word' id='word_1_406' title='bbox 3254 3086 3517 3150; x_wconf 80' lang='grc' dir='ltr'>πολλάκις</span> <span class='ocrx_word' id='word_1_407' title='bbox 3561 3087 3694 3139; x_wconf 70' lang='grc' dir='ltr'>οὑδ-</span> 
     </span>
    </p>
   </div>
   <div class='ocr_carea' id='block_1_60' title="bbox 418 3175 1996 3254">
    <p class='ocr_par' dir='ltr' id='par_1_60' title="bbox 418 3175 1991 3243">
     <span class='ocr_line' id='line_1_60' title="bbox 418 3175 1991 3243; baseline 0 -11"><span class='ocrx_word' id='word_1_408' title='bbox 418 3177 648 3242; x_wconf 90' lang='lat' dir='ltr'><strong>tinebat,</strong></span> <span class='ocrx_word' id='word_1_409' title='bbox 684 3176 835 3231; x_wconf 84' lang='lat' dir='ltr'><strong>humi</strong></span> <span class='ocrx_word' id='word_1_410' title='bbox 874 3178 1083 3234; x_wconf 88' lang='lat' dir='ltr'><strong>cubans</strong></span> <span class='ocrx_word' id='word_1_411' title='bbox 1128 3175 1443 3232; x_wconf 87' lang='lat' dir='ltr'><strong>identidem.</strong></span> <span class='ocrx_word' id='word_1_412' title='bbox 1479 3175 1735 3243; x_wconf 88' lang='lat' dir='ltr'><strong>Quandiu</strong></span> <span class='ocrx_word' id='word_1_413' title='bbox 1791 3176 1991 3232; x_wconf 89' lang='lat' dir='ltr'><strong>bellum</strong></span> 
     </span>
    </p>
   </div>
   <div class='ocr_carea' id='block_1_61' title="bbox 2102 3175 3697 3254">
    <p class='ocr_par' dir='ltr' id='par_1_61' title="bbox 2102 3176 3697 3251">
     <span class='ocr_line' id='line_1_61' title="bbox 2102 3176 3697 3251; baseline -0.001 -16"><span class='ocrx_word' id='word_1_414' title='bbox 2102 3180 2233 3245; x_wconf 83' lang='grc' dir='ltr'>όλως</span> <span class='ocrx_word' id='word_1_415' title='bbox 2265 3179 2573 3251; x_wconf 78' lang='grc' dir='ltr'>ἐλάμϐανε·</span> <span class='ocrx_word' id='word_1_416' title='bbox 2612 3178 2705 3232; x_wconf 77' lang='grc' dir='ltr'>καὶ</span> <span class='ocrx_word' id='word_1_417' title='bbox 2747 3176 3036 3248; x_wconf 82' lang='grc' dir='ltr'>ἐχαμεύνει</span> <span class='ocrx_word' id='word_1_418' title='bbox 3081 3178 3138 3231; x_wconf 86' lang='grc' dir='ltr'>δὲ</span> <span class='ocrx_word' id='word_1_419' title='bbox 3186 3177 3291 3241; x_wconf 78' lang='grc' dir='ltr'>ἓως</span> <span class='ocrx_word' id='word_1_420' title='bbox 3336 3178 3509 3241; x_wconf 79' lang='grc' dir='ltr'>τινός.</span> <span class='ocrx_word' id='word_1_421' title='bbox 3533 3180 3697 3241; x_wconf 77' lang='grc' dir='ltr'>Ἕως</span> 
     </span>
    </p>
   </div>
   <div class='ocr_carea' id='block_1_62' title="bbox 421 3265 1994 3332">
    <p class='ocr_par' dir='ltr' id='par_1_62' title="bbox 421 3265 1994 3332">
     <span class='ocr_line' id='line_1_62' title="bbox 421 3265 1994 3332; baseline 0.001 -9"><span class='ocrx_word' id='word_1_422' title='bbox 421 3269 675 3332; x_wconf 88' lang='lat' dir='ltr'><strong>instaret,</strong></span> <span class='ocrx_word' id='word_1_423' title='bbox 708 3269 917 3323; x_wconf 87' lang='lat' dir='ltr'><strong>talibus</strong></span> <span class='ocrx_word' id='word_1_424' title='bbox 966 3268 1057 3322; x_wconf 89' lang='lat' dir='ltr'><strong>illa</strong></span> <span class='ocrx_word' id='word_1_425' title='bbox 1102 3268 1226 3324; x_wconf 89' lang='lat' dir='ltr'><strong>telis</strong></span> <span class='ocrx_word' id='word_1_426' title='bbox 1261 3269 1541 3323; x_wconf 83' lang='lat' dir='ltr'><strong>utebatur.</strong></span> <span class='ocrx_word' id='word_1_427' title='bbox 1588 3265 1742 3323; x_wconf 89' lang='lat' dir='ltr'><strong>Scuti</strong></span> <span class='ocrx_word' id='word_1_428' title='bbox 1785 3283 1849 3325; x_wconf 91' lang='lat' dir='ltr'><strong>ac</strong></span> <span class='ocrx_word' id='word_1_429' title='bbox 1898 3269 1994 3325; x_wconf 86' lang='lat' dir='ltr'><strong>teli</strong></span> 
     </span>
    </p>
   </div>
   <div class='ocr_carea' id='block_1_63' title="bbox 420 3359 1998 3431">
    <p class='ocr_par' dir='ltr' id='par_1_63' title="bbox 420 3359 1998 3431">
     <span class='ocr_line' id='line_1_63' title="bbox 420 3359 1998 3431; baseline 0.001 -15"><span class='ocrx_word' id='word_1_430' title='bbox 420 3361 546 3416; x_wconf 92' lang='lat' dir='ltr'><strong>loco</strong></span> <span class='ocrx_word' id='word_1_431' title='bbox 582 3369 701 3415; x_wconf 91' lang='lat' dir='ltr'><strong>erat</strong></span> <span class='ocrx_word' id='word_1_432' title='bbox 734 3360 811 3413; x_wconf 90' lang='lat' dir='ltr'><strong>illi</strong></span> <span class='ocrx_word' id='word_1_433' title='bbox 845 3360 1045 3423; x_wconf 88' lang='lat' dir='ltr'><strong>oratio,</strong></span> <span class='ocrx_word' id='word_1_434' title='bbox 1080 3360 1254 3415; x_wconf 87' lang='lat' dir='ltr'><strong>lorica</strong></span> <span class='ocrx_word' id='word_1_435' title='bbox 1275 3375 1341 3415; x_wconf 81' lang='lat' dir='ltr'><strong>ex</strong></span> <span class='ocrx_word' id='word_1_436' title='bbox 1370 3359 1492 3424; x_wconf 84' lang='lat' dir='ltr'><strong>ﬁde,</strong></span> <span class='ocrx_word' id='word_1_437' title='bbox 1532 3375 1627 3431; x_wconf 90' lang='lat' dir='ltr'><strong>spe</strong></span> <span class='ocrx_word' id='word_1_438' title='bbox 1650 3370 1706 3416; x_wconf 88' lang='lat' dir='ltr'><strong>et</strong></span> <span class='ocrx_word' id='word_1_439' title='bbox 1726 3360 1998 3418; x_wconf 89' lang='lat' dir='ltr'><strong>cbaritate</strong></span> 
     </span>
    </p>
   </div>
   <div class='ocr_carea' id='block_1_64' title="bbox 421 3448 1997 3521">
    <p class='ocr_par' dir='ltr' id='par_1_64' title="bbox 421 3448 1997 3521">
     <span class='ocr_line' id='line_1_64' title="bbox 421 3448 1997 3521; baseline 0.001 -14"><span class='ocrx_word' id='word_1_440' title='bbox 421 3457 727 3519; x_wconf 82' lang='lat' dir='ltr'><strong>compacta.</strong></span> <span class='ocrx_word' id='word_1_441' title='bbox 757 3448 994 3505; x_wconf 68' lang='lat' dir='ltr'><strong>Prazibat</strong></span> <span class='ocrx_word' id='word_1_442' title='bbox 1038 3448 1297 3505; x_wconf 90' lang='lat' dir='ltr'><strong>omnibus</strong></span> <span class='ocrx_word' id='word_1_443' title='bbox 1341 3449 1498 3514; x_wconf 81' lang='lat' dir='ltr'><strong>ﬁdes,</strong></span> <span class='ocrx_word' id='word_1_444' title='bbox 1539 3464 1663 3521; x_wconf 85' lang='lat' dir='ltr'><strong>quae</strong></span> <span class='ocrx_word' id='word_1_445' title='bbox 1707 3450 1997 3508; x_wconf 89' lang='lat' dir='ltr'><strong>universos</strong></span> 
     </span>
    </p>
   </div>
   <div class='ocr_carea' id='block_1_65' title="bbox 424 3541 1996 3613">
    <p class='ocr_par' dir='ltr' id='par_1_65' title="bbox 424 3541 1996 3613">
     <span class='ocr_line' id='line_1_65' title="bbox 424 3541 1996 3613; baseline 0 -16"><span class='ocrx_word' id='word_1_446' title='bbox 424 3541 623 3597; x_wconf 67' lang='lat' dir='ltr'><strong>animae</strong></span> <span class='ocrx_word' id='word_1_447' title='bbox 657 3541 805 3597; x_wconf 85' lang='lat' dir='ltr'><strong>illius</strong></span> <span class='ocrx_word' id='word_1_448' title='bbox 835 3541 1239 3613; x_wconf 76' lang='lat' dir='ltr'><strong>constringeret</strong></span> <span class='ocrx_word' id='word_1_449' title='bbox 1281 3542 1567 3598; x_wconf 86' lang='lat' dir='ltr'><strong>articulos.</strong></span> <span class='ocrx_word' id='word_1_450' title='bbox 1616 3543 1820 3598; x_wconf 82' lang='lat' dir='ltr'><strong>Aderat</strong></span> <span class='ocrx_word' id='word_1_451' title='bbox 1869 3543 1996 3599; x_wconf 90' lang='lat' dir='ltr'><strong>item</strong></span> 
     </span>
    </p>
   </div>
   <div class='ocr_carea' id='block_1_66' title="bbox 423 3633 2001 3707">
    <p class='ocr_par' dir='ltr' id='par_1_66' title="bbox 423 3633 2001 3707">
     <span class='ocr_line' id='line_1_66' title="bbox 423 3633 2001 3707; baseline 0.001 -18"><span class='ocrx_word' id='word_1_452' title='bbox 423 3633 797 3705; x_wconf 86' lang='lat' dir='ltr'><strong>eleemosyna,</strong></span> <span class='ocrx_word' id='word_1_453' title='bbox 834 3633 882 3691; x_wconf 89' lang='lat' dir='ltr'><strong>si</strong></span> <span class='ocrx_word' id='word_1_454' title='bbox 912 3648 1023 3689; x_wconf 90' lang='lat' dir='ltr'><strong>non</strong></span> <span class='ocrx_word' id='word_1_455' title='bbox 1050 3641 1200 3701; x_wconf 87' lang='lat' dir='ltr'><strong>actu,</strong></span> <span class='ocrx_word' id='word_1_456' title='bbox 1246 3635 1441 3690; x_wconf 87' lang='lat' dir='ltr'><strong>saltem</strong></span> <span class='ocrx_word' id='word_1_457' title='bbox 1486 3635 1769 3707; x_wconf 87' lang='lat' dir='ltr'><strong>proposito</strong></span> <span class='ocrx_word' id='word_1_458' title='bbox 1795 3642 1851 3691; x_wconf 91' lang='lat' dir='ltr'><strong>et</strong></span> <span class='ocrx_word' id='word_1_459' title='bbox 1897 3650 2001 3691; x_wconf 83' lang='lat' dir='ltr'><strong>vo-</strong></span> 
     </span>
    </p>
   </div>
   <div class='ocr_carea' id='block_1_67' title="bbox 427 3724 660 3780">
    <p class='ocr_par' dir='ltr' id='par_1_67' title="bbox 427 3724 660 3780">
     <span class='ocr_line' id='line_1_67' title="bbox 427 3724 660 3780; baseline 0.009 -2"><span class='ocrx_word' id='word_1_460' title='bbox 427 3724 660 3780; x_wconf 88' lang='lat' dir='ltr'><strong>luntate.</strong></span> 
     </span>
    </p>
   </div>
   <div class='ocr_carea' id='block_1_68' title="bbox 500 3906 2000 3978">
    <p class='ocr_par' dir='ltr' id='par_1_68' title="bbox 500 3906 2000 3978">
     <span class='ocr_line' id='line_1_68' title="bbox 500 3906 2000 3978; baseline 0.002 -17"><span class='ocrx_word' id='word_1_461' title='bbox 500 3906 586 3963; x_wconf 77' lang='lat' dir='ltr'><strong>l9.</strong></span> <span class='ocrx_word' id='word_1_462' title='bbox 622 3906 717 3962; x_wconf 89' lang='lat' dir='ltr'><strong>llis</strong></span> <span class='ocrx_word' id='word_1_463' title='bbox 755 3906 941 3978; x_wconf 90' lang='lat' dir='ltr'><strong>itaque</strong></span> <span class='ocrx_word' id='word_1_464' title='bbox 975 3913 1132 3978; x_wconf 89' lang='lat' dir='ltr'><strong>parta</strong></span> <span class='ocrx_word' id='word_1_465' title='bbox 1168 3906 1239 3964; x_wconf 89' lang='lat' dir='ltr'><strong>de</strong></span> <span class='ocrx_word' id='word_1_466' title='bbox 1283 3908 1442 3963; x_wconf 86' lang='lat' dir='ltr'><strong>hoste</strong></span> <span class='ocrx_word' id='word_1_467' title='bbox 1485 3907 1734 3975; x_wconf 79' lang='lat' dir='ltr'><strong>victoria,</strong></span> <span class='ocrx_word' id='word_1_468' title='bbox 1779 3906 2000 3965; x_wconf 88' lang='lat' dir='ltr'><strong>modum</strong></span> 
     </span>
    </p>
   </div>
   <div class='ocr_carea' id='block_1_69' title="bbox 430 3998 2004 4072">
    <p class='ocr_par' dir='ltr' id='par_1_69' title="bbox 430 3998 2004 4072">
     <span class='ocr_line' id='line_1_69' title="bbox 430 3998 2004 4072; baseline 0 -18"><span class='ocrx_word' id='word_1_469' title='bbox 430 3999 548 4071; x_wconf 85' lang='lat' dir='ltr'><strong>ipsa</strong></span> <span class='ocrx_word' id='word_1_470' title='bbox 592 3999 907 4069; x_wconf 61' lang='lat' dir='ltr'><strong>asperrima;</strong></span> <span class='ocrx_word' id='word_1_471' title='bbox 967 3998 1348 4055; x_wconf 83' lang='lat' dir='ltr'><strong>exercitationi</strong></span> <span class='ocrx_word' id='word_1_472' title='bbox 1393 4001 1656 4070; x_wconf 85' lang='lat' dir='ltr'><strong>ponebat,</strong></span> <span class='ocrx_word' id='word_1_473' title='bbox 1701 3999 1865 4072; x_wconf 89' lang='lat' dir='ltr'><strong>idque</strong></span> <span class='ocrx_word' id='word_1_474' title='bbox 1912 4001 2004 4055; x_wconf 91' lang='lat' dir='ltr'><strong>illa</strong></span> 
     </span>
    </p>
   </div>
   <div class='ocr_carea' id='block_1_70' title="bbox 430 4082 2003 4156">
    <p class='ocr_par' dir='ltr' id='par_1_70' title="bbox 430 4082 2003 4156">
     <span class='ocr_line' id='line_1_70' title="bbox 430 4082 2003 4156; baseline 0.001 -18"><span class='ocrx_word' id='word_1_475' title='bbox 430 4086 742 4155; x_wconf 69' lang='lat' dir='ltr'><strong>przestabat,</strong></span> <span class='ocrx_word' id='word_1_476' title='bbox 762 4099 831 4139; x_wconf 91' lang='lat' dir='ltr'><strong>ne</strong></span> <span class='ocrx_word' id='word_1_477' title='bbox 851 4084 1143 4140; x_wconf 78' lang='lat' dir='ltr'><strong>confestim</strong></span> <span class='ocrx_word' id='word_1_478' title='bbox 1162 4082 1459 4140; x_wconf 82' lang='lat' dir='ltr'><strong>deﬁcerent</strong></span> <span class='ocrx_word' id='word_1_479' title='bbox 1474 4086 1723 4156; x_wconf 91' lang='lat' dir='ltr'><strong>corporis</strong></span> <span class='ocrx_word' id='word_1_480' title='bbox 1738 4086 2003 4149; x_wconf 89' lang='lat' dir='ltr'><strong>membra;</strong></span> 
     </span>
    </p>
   </div>
   <div class='ocr_carea' id='block_1_71' title="bbox 431 4174 2008 4246">
    <p class='ocr_par' dir='ltr' id='par_1_71' title="bbox 431 4174 2008 4246">
     <span class='ocr_line' id='line_1_71' title="bbox 431 4174 2008 4246; baseline 0 -15"><span class='ocrx_word' id='word_1_481' title='bbox 431 4174 578 4246; x_wconf 92' lang='lat' dir='ltr'><strong>quod</strong></span> <span class='ocrx_word' id='word_1_482' title='bbox 603 4190 737 4231; x_wconf 85' lang='lat' dir='ltr'><strong>sane</strong></span> <span class='ocrx_word' id='word_1_483' title='bbox 770 4183 1013 4245; x_wconf 69' lang='lat' dir='ltr'><strong>acceptae</strong></span> <span class='ocrx_word' id='word_1_484' title='bbox 1051 4175 1227 4231; x_wconf 90' lang='lat' dir='ltr'><strong>cladis</strong></span> <span class='ocrx_word' id='word_1_485' title='bbox 1268 4175 1466 4232; x_wconf 74' lang='lat' dir='ltr'><strong>fuisset</strong></span> <span class='ocrx_word' id='word_1_486' title='bbox 1501 4176 1787 4232; x_wconf 91' lang='lat' dir='ltr'><strong>indicium.</strong></span> <span class='ocrx_word' id='word_1_487' title='bbox 1825 4177 2008 4233; x_wconf 90' lang='lat' dir='ltr'><strong>Colla-</strong></span> 
     </span>
    </p>
   </div>
   <div class='ocr_carea' id='block_1_72' title="bbox 431 4266 2006 4339">
    <p class='ocr_par' dir='ltr' id='par_1_72' title="bbox 431 4266 2006 4339">
     <span class='ocr_line' id='line_1_72' title="bbox 431 4266 2006 4339; baseline 0.001 -16"><span class='ocrx_word' id='word_1_488' title='bbox 431 4266 691 4323; x_wconf 88' lang='lat' dir='ltr'><strong>bentibus</strong></span> <span class='ocrx_word' id='word_1_489' title='bbox 724 4281 957 4337; x_wconf 88' lang='lat' dir='ltr'><strong>namque</strong></span> <span class='ocrx_word' id='word_1_490' title='bbox 980 4267 1170 4331; x_wconf 90' lang='lat' dir='ltr'><strong>armis,</strong></span> <span class='ocrx_word' id='word_1_491' title='bbox 1208 4283 1330 4337; x_wconf 71' lang='lat' dir='ltr'><strong>qua:</strong></span> <span class='ocrx_word' id='word_1_492' title='bbox 1375 4283 1505 4337; x_wconf 87' lang='lat' dir='ltr'><strong>spes</strong></span> <span class='ocrx_word' id='word_1_493' title='bbox 1549 4276 1798 4339; x_wconf 88' lang='lat' dir='ltr'><strong>superest</strong></span> <span class='ocrx_word' id='word_1_494' title='bbox 1847 4270 2006 4325; x_wconf 88' lang='lat' dir='ltr'><strong>militi</strong></span> 
     </span>
    </p>
   </div>
   <div class='ocr_carea' id='block_1_73' title="bbox 435 4357 2005 4429">
    <p class='ocr_par' dir='ltr' id='par_1_73' title="bbox 435 4357 2005 4429">
     <span class='ocr_line' id='line_1_73' title="bbox 435 4357 2005 4429; baseline 0 -14"><span class='ocrx_word' id='word_1_495' title='bbox 435 4359 506 4415; x_wconf 88' lang='lat' dir='ltr'><strong>ad</strong></span> <span class='ocrx_word' id='word_1_496' title='bbox 546 4357 797 4429; x_wconf 64' lang='lat' dir='ltr'><strong>praelium</strong></span> <span class='ocrx_word' id='word_1_497' title='bbox 831 4358 1275 4429; x_wconf 85' lang='lat' dir='ltr'><strong>capessendum?</strong></span> <span class='ocrx_word' id='word_1_498' title='bbox 1315 4359 1499 4426; x_wconf 77' lang='lat' dir='ltr'><strong>Quare</strong></span> <span class='ocrx_word' id='word_1_499' title='bbox 1567 4362 1814 4416; x_wconf 87' lang='lat' dir='ltr'><strong>nonnulli</strong></span> <span class='ocrx_word' id='word_1_500' title='bbox 1857 4374 2005 4427; x_wconf 83' lang='lat' dir='ltr'><strong>sunt,</strong></span> 
     </span>
    </p>
   </div>
   <div class='ocr_carea' id='block_1_74' title="bbox 438 4450 2011 4522">
    <p class='ocr_par' dir='ltr' id='par_1_74' title="bbox 438 4450 2011 4522">
     <span class='ocr_line' id='line_1_74' title="bbox 438 4450 2011 4522; baseline 0.002 -16"><span class='ocrx_word' id='word_1_501' title='bbox 438 4451 681 4522; x_wconf 85' lang='lat' dir='ltr'><strong>quicum</strong></span> <span class='ocrx_word' id='word_1_502' title='bbox 724 4466 783 4504; x_wconf 82' lang='lat' dir='ltr'><strong>se</strong></span> <span class='ocrx_word' id='word_1_503' title='bbox 832 4450 1121 4505; x_wconf 86' lang='lat' dir='ltr'><strong>immodice</strong></span> <span class='ocrx_word' id='word_1_504' title='bbox 1156 4459 1210 4505; x_wconf 93' lang='lat' dir='ltr'><strong>et</strong></span> <span class='ocrx_word' id='word_1_505' title='bbox 1247 4450 1649 4509; x_wconf 87' lang='lat' dir='ltr'><strong>inconsiderate</strong></span> <span class='ocrx_word' id='word_1_506' title='bbox 1689 4453 1868 4509; x_wconf 90' lang='lat' dir='ltr'><strong>inedia</strong></span> <span class='ocrx_word' id='word_1_507' title='bbox 1913 4455 2011 4509; x_wconf 86' lang='lat' dir='ltr'><strong>ab-</strong></span> 
     </span>
    </p>
   </div>
   <div class='ocr_carea' id='block_1_75' title="bbox 2106 3268 3695 3344">
    <p class='ocr_par' dir='ltr' id='par_1_75' title="bbox 2106 3268 3695 3344">
     <span class='ocr_line' id='line_1_75' title="bbox 2106 3268 3695 3344; baseline 0 -19"><span class='ocrx_word' id='word_1_508' title='bbox 2106 3273 2205 3344; x_wconf 85' lang='grc' dir='ltr'>μὲν</span> <span class='ocrx_word' id='word_1_509' title='bbox 2233 3268 2326 3327; x_wconf 76' lang='grc' dir='ltr'>οὖν</span> <span class='ocrx_word' id='word_1_510' title='bbox 2372 3275 2744 3342; x_wconf 84' lang='grc' dir='ltr'>συνεκροτεῖτο</span> <span class='ocrx_word' id='word_1_511' title='bbox 2793 3273 2823 3325; x_wconf 89' lang='grc' dir='ltr'>ὁ</span> <span class='ocrx_word' id='word_1_512' title='bbox 2875 3270 3128 3342; x_wconf 87' lang='grc' dir='ltr'>πόλεμος,</span> <span class='ocrx_word' id='word_1_513' title='bbox 3188 3271 3448 3335; x_wconf 84' lang='grc' dir='ltr'>τοιούτοις</span> <span class='ocrx_word' id='word_1_514' title='bbox 3495 3271 3695 3338; x_wconf 64' lang='lat'><strong>67:10:;</strong></span> 
     </span>
    </p>
   </div>
   <div class='ocr_carea' id='block_1_76' title="bbox 2103 3361 3695 3434">
    <p class='ocr_par' dir='ltr' id='par_1_76' title="bbox 2103 3361 3695 3434">
     <span class='ocr_line' id='line_1_76' title="bbox 2103 3361 3695 3434; baseline -0.001 -17"><span class='ocrx_word' id='word_1_515' title='bbox 2103 3362 2368 3434; x_wconf 72' lang='grc' dir='ltr'>ἐκέχρητο</span> <span class='ocrx_word' id='word_1_516' title='bbox 2388 3380 2402 3392; x_wconf 75' lang='grc'><strong><em>⁸</em></strong></span> <span class='ocrx_word' id='word_1_517' title='bbox 2444 3362 2607 3434; x_wconf 80' lang='grc' dir='ltr'>εὐχὴν</span> <span class='ocrx_word' id='word_1_518' title='bbox 2644 3362 2742 3434; x_wconf 77' lang='grc' dir='ltr'>μὲν</span> <span class='ocrx_word' id='word_1_519' title='bbox 2776 3361 3065 3434; x_wconf 80' lang='grc' dir='ltr'>ἐνδυομένη</span> <span class='ocrx_word' id='word_1_520' title='bbox 3099 3363 3220 3416; x_wconf 73' lang='grc' dir='ltr'>ἀντὶ</span> <span class='ocrx_word' id='word_1_521' title='bbox 3255 3362 3418 3416; x_wconf 78' lang='grc' dir='ltr'>ὅπλου</span> <span class='ocrx_word' id='word_1_522' title='bbox 3449 3363 3543 3416; x_wconf 75' lang='grc' dir='ltr'>καὶ</span> <span class='ocrx_word' id='word_1_523' title='bbox 3589 3364 3695 3416; x_wconf 78' lang='grc' dir='ltr'>θυ-</span> 
     </span>
    </p>
   </div>
   <div class='ocr_carea' id='block_1_77' title="bbox 2106 3451 3698 3526">
    <p class='ocr_par' dir='ltr' id='par_1_77' title="bbox 2106 3451 3698 3526">
     <span class='ocr_line' id='line_1_77' title="bbox 2106 3451 3698 3526; baseline 0 -19"><span class='ocrx_word' id='word_1_524' title='bbox 2106 3453 2231 3526; x_wconf 86' lang='grc' dir='ltr'>ρεοῦ</span> <span class='ocrx_word' id='word_1_525' title='bbox 2265 3455 2558 3526; x_wconf 81' lang='grc' dir='ltr'>ἐνδυομένη</span> <span class='ocrx_word' id='word_1_526' title='bbox 2581 3472 2597 3487; x_wconf 91' lang='grc'><strong>·</strong></span> <span class='ocrx_word' id='word_1_527' title='bbox 2632 3456 2666 3526; x_wconf 91' lang='grc' dir='ltr'><strong>ή</strong></span> <span class='ocrx_word' id='word_1_528' title='bbox 2696 3454 2752 3508; x_wconf 85' lang='grc' dir='ltr'>δὲ</span> <span class='ocrx_word' id='word_1_529' title='bbox 2787 3454 3186 3526; x_wconf 69' lang='grc' dir='ltr'>περικεφαλαία</span> <span class='ocrx_word' id='word_1_530' title='bbox 3215 3455 3385 3526; x_wconf 77' lang='grc' dir='ltr'>αὐτῆς</span> <span class='ocrx_word' id='word_1_531' title='bbox 3412 3451 3482 3525; x_wconf 75' lang='grc' dir='ltr'>ἧν</span> <span class='ocrx_word' id='word_1_532' title='bbox 3504 3457 3568 3507; x_wconf 81' lang='grc' dir='ltr'><strong>ἐκ</strong></span> <span class='ocrx_word' id='word_1_533' title='bbox 3599 3456 3698 3508; x_wconf 72' lang='grc' dir='ltr'>πί-</span> 
     </span>
    </p>
   </div>
   <div class='ocr_carea' id='block_1_78' title="bbox 2106 3544 3698 3617">
    <p class='ocr_par' dir='ltr' id='par_1_78' title="bbox 2106 3544 3698 3617">
     <span class='ocr_line' id='line_1_78' title="bbox 2106 3544 3698 3617; baseline 0 -18"><span class='ocrx_word' id='word_1_534' title='bbox 2106 3562 2274 3609; x_wconf 88' lang='grc' dir='ltr'>στεως</span> <span class='ocrx_word' id='word_1_535' title='bbox 2303 3544 2399 3600; x_wconf 78' lang='grc' dir='ltr'>καὶ</span> <span class='ocrx_word' id='word_1_536' title='bbox 2430 3545 2643 3611; x_wconf 78' lang='grc' dir='ltr'>ἐλπίδος</span> <span class='ocrx_word' id='word_1_537' title='bbox 2669 3548 2765 3600; x_wconf 76' lang='grc' dir='ltr'>καὶ</span> <span class='ocrx_word' id='word_1_538' title='bbox 2798 3546 3016 3617; x_wconf 78' lang='grc' dir='ltr'>ἀγάπης</span> <span class='ocrx_word' id='word_1_539' title='bbox 3052 3544 3435 3617; x_wconf 84' lang='grc' dir='ltr'>συγκραθεῖσα.</span> <span class='ocrx_word' id='word_1_540' title='bbox 3485 3546 3549 3598; x_wconf 81' lang='grc' dir='ltr'><strong><em>Ἦ</em></strong></span> <span class='ocrx_word' id='word_1_541' title='bbox 3574 3546 3698 3617; x_wconf 69' lang='grc' dir='ltr'><strong>γὰρ</strong></span> 
     </span>
    </p>
   </div>
   <div class='ocr_carea' id='block_1_79' title="bbox 2106 3634 3700 3709">
    <p class='ocr_par' dir='ltr' id='par_1_79' title="bbox 2106 3634 3700 3709">
     <span class='ocr_line' id='line_1_79' title="bbox 2106 3634 3700 3709; baseline -0.003 -16"><span class='ocrx_word' id='word_1_542' title='bbox 2106 3639 2291 3702; x_wconf 84' lang='grc' dir='ltr'>πίστις</span> <span class='ocrx_word' id='word_1_543' title='bbox 2323 3639 2618 3709; x_wconf 87' lang='grc' dir='ltr'>προηγεῖτο</span> <span class='ocrx_word' id='word_1_544' title='bbox 2650 3637 2887 3702; x_wconf 89' lang='grc' dir='ltr'>πάντων,</span> <span class='ocrx_word' id='word_1_545' title='bbox 2921 3636 3075 3700; x_wconf 81' lang='grc' dir='ltr'>ὅλους</span> <span class='ocrx_word' id='word_1_546' title='bbox 3105 3634 3274 3705; x_wconf 86' lang='grc' dir='ltr'>αύτῆς</span> <span class='ocrx_word' id='word_1_547' title='bbox 3314 3634 3437 3697; x_wconf 77' lang='grc' dir='ltr'>τοὺς</span> <span class='ocrx_word' id='word_1_548' title='bbox 3470 3636 3700 3705; x_wconf 64' lang='grc' dir='ltr'>ἀρμοὺς</span> 
     </span>
    </p>
   </div>
   <div class='ocr_carea' id='block_1_80' title="bbox 2109 3724 3699 3800">
    <p class='ocr_par' dir='ltr' id='par_1_80' title="bbox 2109 3724 3699 3800">
     <span class='ocr_line' id='line_1_80' title="bbox 2109 3724 3699 3800; baseline -0.003 -17"><span class='ocrx_word' id='word_1_549' title='bbox 2109 3729 2504 3800; x_wconf 86' lang='grc' dir='ltr'>συσφίγγουσα.</span> <span class='ocrx_word' id='word_1_550' title='bbox 2539 3728 2727 3800; x_wconf 85' lang='grc' dir='ltr'>Παρῆν</span> <span class='ocrx_word' id='word_1_551' title='bbox 2754 3726 2811 3782; x_wconf 78' lang='grc' dir='ltr'>δὲ</span> <span class='ocrx_word' id='word_1_552' title='bbox 2845 3727 2995 3799; x_wconf 76' lang='grc' dir='ltr'>καὶὴ</span> <span class='ocrx_word' id='word_1_553' title='bbox 3022 3724 3377 3798; x_wconf 80' lang='grc' dir='ltr'>ἐλεημοσύνη,</span> <span class='ocrx_word' id='word_1_554' title='bbox 3401 3726 3448 3778; x_wconf 89' lang='grc' dir='ltr'><strong>εί</strong></span> <span class='ocrx_word' id='word_1_555' title='bbox 3480 3726 3577 3779; x_wconf 82' lang='grc' dir='ltr'>καὶ</span> <span class='ocrx_word' id='word_1_556' title='bbox 3612 3728 3699 3797; x_wconf 74' lang='grc' dir='ltr'>μὴ</span> 
     </span>
    </p>
   </div>
   <div class='ocr_carea' id='block_1_81' title="bbox 2108 3814 3507 3893">
    <p class='ocr_par' dir='ltr' id='par_1_81' title="bbox 2108 3814 3507 3893">
     <span class='ocr_line' id='line_1_81' title="bbox 2108 3814 3507 3893; baseline -0.003 -18"><span class='ocrx_word' id='word_1_557' title='bbox 2108 3822 2143 3893; x_wconf 87' lang='grc' dir='ltr'><strong>ή</strong></span> <span class='ocrx_word' id='word_1_558' title='bbox 2175 3822 2296 3875; x_wconf 85' lang='grc' dir='ltr'>κατ’</span> <span class='ocrx_word' id='word_1_559' title='bbox 2329 3820 2631 3893; x_wconf 84' lang='grc' dir='ltr'>ἐνέργειαν,</span> <span class='ocrx_word' id='word_1_560' title='bbox 2656 3819 2771 3873; x_wconf 87' lang='grc' dir='ltr'>ἀλλ’</span> <span class='ocrx_word' id='word_1_561' title='bbox 2798 3814 2890 3874; x_wconf 77' lang='grc' dir='ltr'>οὖν</span> <span class='ocrx_word' id='word_1_562' title='bbox 2909 3821 3029 3890; x_wconf 84' lang='grc' dir='ltr'>γεὴ</span> <span class='ocrx_word' id='word_1_563' title='bbox 3060 3818 3202 3872; x_wconf 79' lang='grc' dir='ltr'>κατὰ</span> <span class='ocrx_word' id='word_1_564' title='bbox 3231 3816 3507 3889; x_wconf 78' lang='grc' dir='ltr'>πρόθεσιν.</span> 
     </span>
    </p>
   </div>
   <div class='ocr_carea' id='block_1_82' title="bbox 2180 3894 3698 3985">
    <p class='ocr_par' dir='ltr' id='par_1_82' title="bbox 2180 3894 3698 3985">
     <span class='ocr_line' id='line_1_82' title="bbox 2180 3894 3698 3985; baseline -0.005 -17"><span class='ocrx_word' id='word_1_565' title='bbox 2180 3911 2266 3969; x_wconf 75' lang='lat' dir='ltr'><strong>l9.</strong></span> <span class='ocrx_word' id='word_1_566' title='bbox 2294 3913 2394 3968; x_wconf 84' lang='grc' dir='ltr'>Διά</span> <span class='ocrx_word' id='word_1_567' title='bbox 2418 3912 2621 3967; x_wconf 86' lang='grc' dir='ltr'>τούτων</span> <span class='ocrx_word' id='word_1_568' title='bbox 2645 3907 2736 3966; x_wconf 81' lang='grc' dir='ltr'>οὖν</span> <span class='ocrx_word' id='word_1_569' title='bbox 2762 3906 2927 3985; x_wconf 78' lang='grc' dir='ltr'>ἧτταν</span> <span class='ocrx_word' id='word_1_570' title='bbox 2962 3910 3320 3981; x_wconf 85' lang='grc' dir='ltr'>ὑπομένοντος</span> <span class='ocrx_word' id='word_1_571' title='bbox 3344 3909 3434 3963; x_wconf 82' lang='grc' dir='ltr'>τοῦ</span> <span class='ocrx_word' id='word_1_572' title='bbox 3462 3894 3698 3981; x_wconf 59' lang='grc' dir='ltr'>ἐχθροῦ,</span> 
     </span>
    </p>
   </div>
   <div class='ocr_carea' id='block_1_83' title="bbox 2112 4002 3695 4076">
    <p class='ocr_par' dir='ltr' id='par_1_83' title="bbox 2112 4002 3695 4076">
     <span class='ocr_line' id='line_1_83' title="bbox 2112 4002 3695 4076; baseline -0.004 -17"><span class='ocrx_word' id='word_1_573' title='bbox 2112 4004 2206 4059; x_wconf 76' lang='grc' dir='ltr'>καὶ</span> <span class='ocrx_word' id='word_1_574' title='bbox 2257 4003 2394 4076; x_wconf 85' lang='grc' dir='ltr'>αύτὴ</span> <span class='ocrx_word' id='word_1_575' title='bbox 2456 4002 2784 4075; x_wconf 77' lang='grc' dir='ltr'>ἐπεκούφιςε</span> <span class='ocrx_word' id='word_1_576' title='bbox 2837 4003 2937 4075; x_wconf 83' lang='grc' dir='ltr'>τῆς</span> <span class='ocrx_word' id='word_1_577' title='bbox 2988 4002 3319 4074; x_wconf 81' lang='grc' dir='ltr'>δριμυτάτης</span> <span class='ocrx_word' id='word_1_578' title='bbox 3375 4002 3695 4073; x_wconf 73' lang='grc' dir='ltr'>ἀσκήσεως.</span> 
     </span>
    </p>
   </div>
   <div class='ocr_carea' id='block_1_84' title="bbox 2113 4090 3700 4165">
    <p class='ocr_par' dir='ltr' id='par_1_84' title="bbox 2113 4090 3700 4165">
     <span class='ocr_line' id='line_1_84' title="bbox 2113 4090 3700 4165; baseline -0.003 -16"><span class='ocrx_word' id='word_1_579' title='bbox 2113 4094 2282 4149; x_wconf 81' lang='grc' dir='ltr'>Τοῦτο</span> <span class='ocrx_word' id='word_1_580' title='bbox 2307 4094 2362 4148; x_wconf 84' lang='grc' dir='ltr'>δὲ</span> <span class='ocrx_word' id='word_1_581' title='bbox 2394 4094 2569 4148; x_wconf 79' lang='grc' dir='ltr'>ἐποίει</span> <span class='ocrx_word' id='word_1_582' title='bbox 2621 4092 2759 4165; x_wconf 78' lang='grc' dir='ltr'>πρὸς</span> <span class='ocrx_word' id='word_1_583' title='bbox 2798 4092 2857 4147; x_wconf 84' lang='grc' dir='ltr'><strong>τὺ</strong></span> <span class='ocrx_word' id='word_1_584' title='bbox 2905 4092 2980 4164; x_wconf 76' lang='grc' dir='ltr'>μὴ</span> <span class='ocrx_word' id='word_1_585' title='bbox 3028 4091 3240 4163; x_wconf 85' lang='grc' dir='ltr'>ἀθρόως</span> <span class='ocrx_word' id='word_1_586' title='bbox 3279 4090 3595 4160; x_wconf 81' lang='grc' dir='ltr'>διαλυθῆναι</span> <span class='ocrx_word' id='word_1_587' title='bbox 3618 4091 3700 4145; x_wconf 70' lang='grc' dir='ltr'>τὰ</span> 
     </span>
    </p>
   </div>
   <div class='ocr_carea' id='block_1_85' title="bbox 2114 4180 3695 4259">
    <p class='ocr_par' dir='ltr' id='par_1_85' title="bbox 2114 4180 3695 4259">
     <span class='ocr_line' id='line_1_85' title="bbox 2114 4180 3695 4259; baseline -0.001 -19"><span class='ocrx_word' id='word_1_588' title='bbox 2114 4185 2207 4241; x_wconf 73' lang='grc' dir='ltr'><strong>τοῦ</strong></span> <span class='ocrx_word' id='word_1_589' title='bbox 2241 4184 2491 4259; x_wconf 84' lang='grc' dir='ltr'>σώματος</span> <span class='ocrx_word' id='word_1_590' title='bbox 2526 4184 2663 4257; x_wconf 83' lang='grc' dir='ltr'>μέλη</span> <span class='ocrx_word' id='word_1_591' title='bbox 2684 4200 2697 4213; x_wconf 89' lang='grc'><strong>·</strong></span> <span class='ocrx_word' id='word_1_592' title='bbox 2730 4184 2900 4256; x_wconf 72' lang='grc' dir='ltr'>ἥττης</span> <span class='ocrx_word' id='word_1_593' title='bbox 2930 4183 3039 4256; x_wconf 83' lang='grc' dir='ltr'><strong>γὰρ</strong></span> <span class='ocrx_word' id='word_1_594' title='bbox 3074 4180 3142 4255; x_wconf 80' lang='grc' dir='ltr'>ἦν</span> <span class='ocrx_word' id='word_1_595' title='bbox 3180 4183 3334 4238; x_wconf 77' lang='grc' dir='ltr'>τοῦτο</span> <span class='ocrx_word' id='word_1_596' title='bbox 3364 4186 3695 4256; x_wconf 80' lang='grc' dir='ltr'>τεκμήριον.</span> 
     </span>
    </p>
   </div>
   <div class='ocr_carea' id='block_1_86' title="bbox 2115 4275 3700 4352">
    <p class='ocr_par' dir='ltr' id='par_1_86' title="bbox 2115 4275 3700 4352">
     <span class='ocr_line' id='line_1_86' title="bbox 2115 4275 3700 4352; baseline -0.003 -17"><span class='ocrx_word' id='word_1_597' title='bbox 2115 4280 2237 4336; x_wconf 86' lang='grc' dir='ltr'><strong>Τῶν</strong></span> <span class='ocrx_word' id='word_1_598' title='bbox 2266 4281 2373 4352; x_wconf 87' lang='grc' dir='ltr'><strong>γάρ</strong></span> <span class='ocrx_word' id='word_1_599' title='bbox 2410 4278 2588 4333; x_wconf 82' lang='grc' dir='ltr'>ὅπλων</span> <span class='ocrx_word' id='word_1_600' title='bbox 2623 4276 3034 4348; x_wconf 80' lang='grc' dir='ltr'>συμπεσόντων,</span> <span class='ocrx_word' id='word_1_601' title='bbox 3083 4277 3210 4331; x_wconf 87' lang='grc' dir='ltr'>ποία</span> <span class='ocrx_word' id='word_1_602' title='bbox 3264 4275 3419 4341; x_wconf 81' lang='grc' dir='ltr'>ἐλπίς</span> <span class='ocrx_word' id='word_1_603' title='bbox 3464 4278 3700 4347; x_wconf 77' lang='grc' dir='ltr'>ἐστιτῷ</span> 
     </span>
    </p>
   </div>
   <div class='ocr_carea' id='block_1_87' title="bbox 2118 4367 3702 4444">
    <p class='ocr_par' dir='ltr' id='par_1_87' title="bbox 2118 4367 3702 4444">
     <span class='ocr_line' id='line_1_87' title="bbox 2118 4367 3702 4444; baseline -0.001 -18"><span class='ocrx_word' id='word_1_604' title='bbox 2118 4370 2422 4444; x_wconf 81' lang='grc' dir='ltr'>στρατιώτῃ</span> <span class='ocrx_word' id='word_1_605' title='bbox 2466 4372 2545 4436; x_wconf 85' lang='grc' dir='ltr'>εἱς</span> <span class='ocrx_word' id='word_1_606' title='bbox 2591 4369 2856 4442; x_wconf 87' lang='grc' dir='ltr'>πόλεμον;</span> <span class='ocrx_word' id='word_1_607' title='bbox 2906 4367 3062 4433; x_wconf 86' lang='grc' dir='ltr'>Τινὲς</span> <span class='ocrx_word' id='word_1_608' title='bbox 3093 4369 3243 4439; x_wconf 83' lang='grc' dir='ltr'>γοῦν,</span> <span class='ocrx_word' id='word_1_609' title='bbox 3289 4370 3549 4441; x_wconf 82' lang='grc' dir='ltr'>ἀμέτρως</span> <span class='ocrx_word' id='word_1_610' title='bbox 3596 4372 3702 4424; x_wconf 72' lang='grc' dir='ltr'>καὶ</span> 
     </span>
    </p>
   </div>
   <div class='ocr_carea' id='block_1_88' title="bbox 2117 4461 3699 4535">
    <p class='ocr_par' dir='ltr' id='par_1_88' title="bbox 2117 4461 3699 4535">
     <span class='ocr_line' id='line_1_88' title="bbox 2117 4461 3699 4535; baseline -0.003 -16"><span class='ocrx_word' id='word_1_611' title='bbox 2117 4464 2483 4532; x_wconf 77' lang='grc' dir='ltr'>ἀνεξετάστως</span> <span class='ocrx_word' id='word_1_612' title='bbox 2519 4465 2584 4535; x_wconf 78' lang='grc' dir='ltr'>τῇ</span> <span class='ocrx_word' id='word_1_613' title='bbox 2631 4463 2814 4535; x_wconf 75' lang='grc' dir='ltr'>ἀσιτία</span> <span class='ocrx_word' id='word_1_614' title='bbox 2853 4462 3079 4525; x_wconf 78' lang='grc' dir='ltr'>ἑαυτοὺς</span> <span class='ocrx_word' id='word_1_615' title='bbox 3123 4461 3699 4533; x_wconf 83' lang='grc' dir='ltr'>καταδαπανήσαντες,</span> 
     </span>
    </p>
   </div>
   <div class='ocr_carea' id='block_1_89' title="bbox 438 4541 1996 4629">
    <p class='ocr_par' dir='ltr' id='par_1_89' title="bbox 438 4541 1996 4615">
     <span class='ocr_line' id='line_1_89' title="bbox 438 4541 1996 4615; baseline 0.001 -16"><span class='ocrx_word' id='word_1_616' title='bbox 438 4541 832 4613; x_wconf 86' lang='lat' dir='ltr'><strong>sumpsissent,</strong></span> <span class='ocrx_word' id='word_1_617' title='bbox 858 4541 1058 4596; x_wconf 85' lang='lat' dir='ltr'><strong>letbale</strong></span> <span class='ocrx_word' id='word_1_618' title='bbox 1079 4542 1185 4597; x_wconf 88' lang='lat' dir='ltr'><strong>sibi</strong></span> <span class='ocrx_word' id='word_1_619' title='bbox 1206 4544 1404 4600; x_wconf 88' lang='lat' dir='ltr'><strong>vulnus</strong></span> <span class='ocrx_word' id='word_1_620' title='bbox 1425 4544 1748 4609; x_wconf 90' lang='lat' dir='ltr'><strong>intulerunt,</strong></span> <span class='ocrx_word' id='word_1_621' title='bbox 1773 4555 1828 4600; x_wconf 90' lang='lat' dir='ltr'><strong>et</strong></span> <span class='ocrx_word' id='word_1_622' title='bbox 1851 4548 1996 4615; x_wconf 79' lang='lat' dir='ltr'><strong>quas</strong></span> 
     </span>
    </p>
   </div>
   <div class='ocr_carea' id='block_1_90' title="bbox 2102 4541 3702 4629">
    <p class='ocr_par' dir='ltr' id='par_1_90' title="bbox 2112 4553 3702 4629">
     <span class='ocr_line' id='line_1_90' title="bbox 2112 4553 3702 4629; baseline -0.002 -17"><span class='ocrx_word' id='word_1_623' title='bbox 2112 4555 2331 4629; x_wconf 83' lang='grc' dir='ltr'>καιρίαν</span> <span class='ocrx_word' id='word_1_624' title='bbox 2363 4556 2573 4620; x_wconf 77' lang='grc' dir='ltr'>ἑαυτοῖς</span> <span class='ocrx_word' id='word_1_625' title='bbox 2598 4555 2697 4628; x_wconf 79' lang='grc' dir='ltr'>τὴν</span> <span class='ocrx_word' id='word_1_626' title='bbox 2733 4553 2947 4626; x_wconf 83' lang='grc' dir='ltr'>πληγήν</span> <span class='ocrx_word' id='word_1_627' title='bbox 2980 4554 3260 4624; x_wconf 82' lang='grc' dir='ltr'>ἐπήγαγον</span> <span class='ocrx_word' id='word_1_628' title='bbox 3280 4570 3294 4584; x_wconf 82' lang='grc'><strong>·</strong></span> <span class='ocrx_word' id='word_1_629' title='bbox 3323 4553 3509 4626; x_wconf 85' lang='grc' dir='ltr'>ῶσπερ</span> <span class='ocrx_word' id='word_1_630' title='bbox 3537 4554 3596 4608; x_wconf 82' lang='grc' dir='ltr'>δὲ</span> <span class='ocrx_word' id='word_1_631' title='bbox 3634 4557 3702 4609; x_wconf 79' lang='grc' dir='ltr'><strong>ἐν</strong></span> 
     </span>
    </p>
   </div>
   <div class='ocr_carea' id='block_1_91' title="bbox 439 4633 1996 4721">
    <p class='ocr_par' dir='ltr' id='par_1_91' title="bbox 439 4633 1996 4707">
     <span class='ocr_line' id='line_1_91' title="bbox 439 4633 1996 4707; baseline -0.002 -15"><span class='ocrx_word' id='word_1_632' title='bbox 439 4650 565 4692; x_wconf 89' lang='lat' dir='ltr'><strong>cum</strong></span> <span class='ocrx_word' id='word_1_633' title='bbox 593 4633 915 4691; x_wconf 85' lang='lat' dir='ltr'><strong>adversario</strong></span> <span class='ocrx_word' id='word_1_634' title='bbox 933 4633 1192 4704; x_wconf 75' lang='lat' dir='ltr'><strong>congredi</strong></span> <span class='ocrx_word' id='word_1_635' title='bbox 1216 4634 1608 4700; x_wconf 83' lang='lat' dir='ltr'><strong>detrectarent,</strong></span> <span class='ocrx_word' id='word_1_636' title='bbox 1632 4636 1686 4691; x_wconf 91' lang='lat' dir='ltr'><strong>in</strong></span> <span class='ocrx_word' id='word_1_637' title='bbox 1715 4637 1996 4707; x_wconf 81' lang='lat' dir='ltr'><strong>perniciem</strong></span> 
     </span>
    </p>
   </div>
   <div class='ocr_carea' id='block_1_92' title="bbox 2102 4633 3701 4721">
    <p class='ocr_par' dir='ltr' id='par_1_92' title="bbox 2114 4645 3701 4721">
     <span class='ocr_line' id='line_1_92' title="bbox 2114 4645 3701 4721; baseline -0.002 -19"><span class='ocrx_word' id='word_1_638' title='bbox 2114 4650 2444 4721; x_wconf 84' lang='grc' dir='ltr'>παραιτήσει</span> <span class='ocrx_word' id='word_1_639' title='bbox 2476 4646 2570 4701; x_wconf 80' lang='grc' dir='ltr'>τοῦ</span> <span class='ocrx_word' id='word_1_640' title='bbox 2608 4645 2898 4701; x_wconf 76' lang='grc' dir='ltr'>ἀντιπάλου</span> <span class='ocrx_word' id='word_1_641' title='bbox 2939 4646 3241 4717; x_wconf 84' lang='grc' dir='ltr'>γενόμενοι,</span> <span class='ocrx_word' id='word_1_642' title='bbox 3288 4647 3513 4709; x_wconf 78' lang='grc' dir='ltr'>ἑαυτοὺς</span> <span class='ocrx_word' id='word_1_643' title='bbox 3560 4664 3701 4701; x_wconf 65' lang='grc' dir='ltr'>κατ’-</span> 
     </span>
    </p>
   </div>
   <div class='ocr_carea' id='block_1_93' title="bbox 442 4725 1996 4811">
    <p class='ocr_par' dir='ltr' id='par_1_93' title="bbox 442 4725 1996 4799">
     <span class='ocr_line' id='line_1_93' title="bbox 442 4725 1996 4799; baseline -0.001 -14"><span class='ocrx_word' id='word_1_644' title='bbox 442 4743 503 4785; x_wconf 85' lang='lat' dir='ltr'><strong>se</strong></span> <span class='ocrx_word' id='word_1_645' title='bbox 516 4725 891 4797; x_wconf 86' lang='lat' dir='ltr'><strong>conjecerunt.</strong></span> <span class='ocrx_word' id='word_1_646' title='bbox 914 4725 1029 4780; x_wconf 83' lang='lat' dir='ltr'><strong>Non</strong></span> <span class='ocrx_word' id='word_1_647' title='bbox 1055 4725 1135 4781; x_wconf 92' lang='lat' dir='ltr'><strong>sic</strong></span> <span class='ocrx_word' id='word_1_648' title='bbox 1159 4725 1251 4781; x_wconf 85' lang='lat' dir='ltr'><strong>illa</strong></span> <span class='ocrx_word' id='word_1_649' title='bbox 1278 4726 1445 4799; x_wconf 78' lang='lat'><strong>619</strong></span> <span class='ocrx_word' id='word_1_650' title='bbox 1462 4727 1674 4798; x_wconf 77' lang='lat' dir='ltr'><strong>agebat,</strong></span> <span class='ocrx_word' id='word_1_651' title='bbox 1711 4727 1806 4784; x_wconf 90' lang='lat' dir='ltr'><strong>sed</strong></span> <span class='ocrx_word' id='word_1_652' title='bbox 1829 4729 1996 4784; x_wconf 88' lang='lat' dir='ltr'><strong>consi-</strong></span> 
     </span>
    </p>
   </div>
   <div class='ocr_carea' id='block_1_94' title="bbox 2102 4725 3703 4811">
    <p class='ocr_par' dir='ltr' id='par_1_94' title="bbox 2115 4737 3703 4811">
     <span class='ocr_line' id='line_1_94' title="bbox 2115 4737 3703 4811; baseline 0 -18"><span class='ocrx_word' id='word_1_653' title='bbox 2115 4739 2393 4811; x_wconf 86' lang='grc' dir='ltr'>έφθειραν.</span> <span class='ocrx_word' id='word_1_654' title='bbox 2421 4738 2567 4811; x_wconf 78' lang='grc' dir='ltr'>Αὕτη</span> <span class='ocrx_word' id='word_1_655' title='bbox 2600 4738 2657 4792; x_wconf 76' lang='grc' dir='ltr'><strong>δέ</strong></span> <span class='ocrx_word' id='word_1_656' title='bbox 2688 4739 2784 4808; x_wconf 78' lang='grc' dir='ltr'>οὐχ</span> <span class='ocrx_word' id='word_1_657' title='bbox 2821 4737 2993 4802; x_wconf 72' lang='grc' dir='ltr'>οὕτως</span> <span class='ocrx_word' id='word_1_658' title='bbox 3022 4738 3311 4810; x_wconf 82' lang='grc' dir='ltr'>ἔπραττεν,</span> <span class='ocrx_word' id='word_1_659' title='bbox 3349 4737 3484 4791; x_wconf 84' lang='grc' dir='ltr'><strong>ἀλλά</strong></span> <span class='ocrx_word' id='word_1_660' title='bbox 3517 4741 3703 4793; x_wconf 77' lang='grc' dir='ltr'>πάντα</span> 
     </span>
    </p>
   </div>
   <div class='ocr_carea' id='block_1_95' title="bbox 443 4818 1996 4903">
    <p class='ocr_par' dir='ltr' id='par_1_95' title="bbox 443 4818 1996 4894">
     <span class='ocr_line' id='line_1_95' title="bbox 443 4818 1996 4894; baseline 0.002 -19"><span class='ocrx_word' id='word_1_661' title='bbox 443 4822 628 4876; x_wconf 88' lang='lat' dir='ltr'><strong>derate</strong></span> <span class='ocrx_word' id='word_1_662' title='bbox 646 4820 852 4881; x_wconf 85' lang='lat' dir='ltr'><strong>omnia,</strong></span> <span class='ocrx_word' id='word_1_663' title='bbox 885 4818 958 4874; x_wconf 89' lang='lat' dir='ltr'><strong>ita</strong></span> <span class='ocrx_word' id='word_1_664' title='bbox 983 4828 1043 4875; x_wconf 89' lang='lat' dir='ltr'><strong>ut</strong></span> <span class='ocrx_word' id='word_1_665' title='bbox 1076 4830 1301 4877; x_wconf 87' lang='lat' dir='ltr'><strong>strenue</strong></span> <span class='ocrx_word' id='word_1_666' title='bbox 1330 4836 1453 4876; x_wconf 89' lang='lat' dir='ltr'><strong>cum</strong></span> <span class='ocrx_word' id='word_1_667' title='bbox 1487 4821 1645 4878; x_wconf 80' lang='lat' dir='ltr'><strong>hoste</strong></span> <span class='ocrx_word' id='word_1_668' title='bbox 1675 4823 1931 4894; x_wconf 89' lang='lat' dir='ltr'><strong>precibus</strong></span> <span class='ocrx_word' id='word_1_669' title='bbox 1959 4837 1996 4878; x_wconf 54' lang='lat' dir='ltr'><strong>ei</strong></span> 
     </span>
    </p>
   </div>
   <div class='ocr_carea' id='block_1_96' title="bbox 2102 4818 3703 4903">
    <p class='ocr_par' dir='ltr' id='par_1_96' title="bbox 2120 4829 3703 4903">
     <span class='ocr_line' id='line_1_96' title="bbox 2120 4829 3703 4903; baseline 0 -19"><span class='ocrx_word' id='word_1_670' title='bbox 2120 4831 2257 4902; x_wconf 85' lang='grc' dir='ltr'>μετὰ</span> <span class='ocrx_word' id='word_1_671' title='bbox 2280 4831 2601 4902; x_wconf 83' lang='grc' dir='ltr'>διακρίσεως</span> <span class='ocrx_word' id='word_1_672' title='bbox 2634 4831 2807 4883; x_wconf 81' lang='grc' dir='ltr'>ἐποίει</span> <span class='ocrx_word' id='word_1_673' title='bbox 2834 4847 2847 4860; x_wconf 89' lang='grc'><strong>·</strong></span> <span class='ocrx_word' id='word_1_674' title='bbox 2874 4830 2967 4883; x_wconf 72' lang='grc' dir='ltr'>καὶ</span> <span class='ocrx_word' id='word_1_675' title='bbox 2998 4830 3076 4900; x_wconf 82' lang='grc' dir='ltr'><strong>τῷ</strong></span> <span class='ocrx_word' id='word_1_676' title='bbox 3103 4831 3201 4903; x_wconf 78' lang='grc' dir='ltr'>μὲν</span> <span class='ocrx_word' id='word_1_677' title='bbox 3238 4829 3417 4902; x_wconf 78' lang='grc' dir='ltr'>ἐχθρῷ</span> <span class='ocrx_word' id='word_1_678' title='bbox 3447 4831 3703 4902; x_wconf 78' lang='grc' dir='ltr'>σφοδρῶς</span> 
     </span>
    </p>
   </div>
   <div class='ocr_carea' id='block_1_97' title="bbox 442 4910 1996 4992">
    <p class='ocr_par' dir='ltr' id='par_1_97' title="bbox 442 4910 1995 4984">
     <span class='ocr_line' id='line_1_97' title="bbox 442 4910 1995 4984; baseline 0 -16"><span class='ocrx_word' id='word_1_679' title='bbox 442 4911 836 4968; x_wconf 78' lang='lat' dir='ltr'><strong>evcrcitatione</strong></span> <span class='ocrx_word' id='word_1_680' title='bbox 857 4910 1070 4966; x_wconf 89' lang='lat' dir='ltr'><strong>munita</strong></span> <span class='ocrx_word' id='word_1_681' title='bbox 1086 4912 1396 4978; x_wconf 80' lang='lat' dir='ltr'><strong>dimicaret,</strong></span> <span class='ocrx_word' id='word_1_682' title='bbox 1416 4912 1541 4968; x_wconf 88' lang='lat' dir='ltr'><strong>etad</strong></span> <span class='ocrx_word' id='word_1_683' title='bbox 1560 4914 1995 4984; x_wconf 87' lang='lat' dir='ltr'><strong>tranquillitaten</strong></span> 
     </span>
    </p>
   </div>
   <div class='ocr_carea' id='block_1_98' title="bbox 2102 4910 3701 4992">
    <p class='ocr_par' dir='ltr' id='par_1_98' title="bbox 2114 4919 3701 4992">
     <span class='ocr_line' id='line_1_98' title="bbox 2114 4919 3701 4992; baseline -0.003 -14"><span class='ocrx_word' id='word_1_684' title='bbox 2114 4924 2204 4978; x_wconf 88' lang='grc' dir='ltr'><strong>διά</strong></span> <span class='ocrx_word' id='word_1_685' title='bbox 2246 4940 2307 4976; x_wconf 89' lang='grc' dir='ltr'><strong>τε</strong></span> <span class='ocrx_word' id='word_1_686' title='bbox 2358 4921 2467 4976; x_wconf 88' lang='grc' dir='ltr'><strong>τῶν</strong></span> <span class='ocrx_word' id='word_1_687' title='bbox 2507 4920 2682 4992; x_wconf 85' lang='grc' dir='ltr'>εύχῶν</span> <span class='ocrx_word' id='word_1_688' title='bbox 2727 4921 2822 4975; x_wconf 73' lang='grc' dir='ltr'>καὶ</span> <span class='ocrx_word' id='word_1_689' title='bbox 2870 4919 2970 4992; x_wconf 82' lang='grc' dir='ltr'>τῆς</span> <span class='ocrx_word' id='word_1_690' title='bbox 3013 4921 3300 4992; x_wconf 81' lang='grc' dir='ltr'>ἀσκήσεως</span> <span class='ocrx_word' id='word_1_691' title='bbox 3343 4921 3701 4991; x_wconf 82' lang='grc' dir='ltr'>ἀπεμάχετο·</span> 
     </span>
    </p>
   </div>
   <div class='ocr_carea' id='block_1_99' title="bbox 443 4999 2012 5077">
    <p class='ocr_par' dir='ltr' id='par_1_99' title="bbox 443 4999 2012 5077">
     <span class='ocr_line' id='line_1_99' title="bbox 443 4999 2012 5077; baseline 0.004 -20"><span class='ocrx_word' id='word_1_692' title='bbox 443 5002 680 5075; x_wconf 74' lang='lat' dir='ltr'><strong>propriae</strong></span> <span class='ocrx_word' id='word_1_693' title='bbox 693 4999 830 5057; x_wconf 80' lang='lat' dir='ltr'><strong>&#39;navi</strong></span> <span class='ocrx_word' id='word_1_694' title='bbox 866 5004 1287 5072; x_wconf 85' lang='lat' dir='ltr'><strong>procurandam,</strong></span> <span class='ocrx_word' id='word_1_695' title='bbox 1309 5005 1560 5075; x_wconf 87' lang='lat' dir='ltr'><strong>corporis</strong></span> <span class='ocrx_word' id='word_1_696' title='bbox 1585 5020 1774 5060; x_wconf 88' lang='lat' dir='ltr'><strong>curam</strong></span> <span class='ocrx_word' id='word_1_697' title='bbox 1807 5015 2012 5077; x_wconf 84' lang='lat' dir='ltr'><strong>ageret.</strong></span> 
     </span>
    </p>
   </div>
   <div class='ocr_carea' id='block_1_100' title="bbox 443 5099 2017 5168">
    <p class='ocr_par' dir='ltr' id='par_1_100' title="bbox 443 5099 2017 5168">
     <span class='ocr_line' id='line_1_100' title="bbox 443 5099 2017 5168; baseline -0.001 -13"><span class='ocrx_word' id='word_1_698' title='bbox 443 5099 738 5155; x_wconf 83' lang='lat' dir='ltr'><strong>Enimvero</strong></span> <span class='ocrx_word' id='word_1_699' title='bbox 769 5109 950 5155; x_wconf 65' lang='lat' dir='ltr'><strong>nautae</strong></span> <span class='ocrx_word' id='word_1_700' title='bbox 987 5100 1180 5154; x_wconf 90' lang='lat' dir='ltr'><strong>oborta</strong></span> <span class='ocrx_word' id='word_1_701' title='bbox 1218 5105 1543 5168; x_wconf 80' lang='lat' dir='ltr'><strong>tempestate</strong></span> <span class='ocrx_word' id='word_1_702' title='bbox 1587 5105 1642 5153; x_wconf 90' lang='lat' dir='ltr'><strong>et</strong></span> <span class='ocrx_word' id='word_1_703' title='bbox 1693 5099 1949 5168; x_wconf 84' lang='lat' dir='ltr'><strong>procella,</strong></span> <span class='ocrx_word' id='word_1_704' title='bbox 1986 5113 2017 5153; x_wconf 91' lang='lat' dir='ltr'><strong>a</strong></span> 
     </span>
    </p>
   </div>
   <div class='ocr_carea' id='block_1_101' title="bbox 444 5190 2013 5261">
    <p class='ocr_par' dir='ltr' id='par_1_101' title="bbox 444 5190 2013 5261">
     <span class='ocr_line' id='line_1_101' title="bbox 444 5190 2013 5261; baseline -0.001 -14"><span class='ocrx_word' id='word_1_705' title='bbox 444 5191 570 5247; x_wconf 87' lang='lat' dir='ltr'><strong>cibo</strong></span> <span class='ocrx_word' id='word_1_706' title='bbox 598 5190 880 5248; x_wconf 86' lang='lat' dir='ltr'><strong>abstinent</strong></span> <span class='ocrx_word' id='word_1_707' title='bbox 903 5231 918 5253; x_wconf 92' lang='lat'><strong>,</strong></span> <span class='ocrx_word' id='word_1_708' title='bbox 946 5190 1218 5261; x_wconf 86' lang='lat' dir='ltr'><strong>quidquid</strong></span> <span class='ocrx_word' id='word_1_709' title='bbox 1248 5191 1384 5245; x_wconf 87' lang='lat' dir='ltr'><strong>artis</strong></span> <span class='ocrx_word' id='word_1_710' title='bbox 1416 5199 1471 5245; x_wconf 89' lang='lat' dir='ltr'><strong>et</strong></span> <span class='ocrx_word' id='word_1_711' title='bbox 1506 5191 1713 5259; x_wconf 75' lang='lat' dir='ltr'><strong>peritia:</strong></span> <span class='ocrx_word' id='word_1_712' title='bbox 1734 5190 1897 5255; x_wconf 88' lang='lat' dir='ltr'><strong>inest,</strong></span> <span class='ocrx_word' id='word_1_713' title='bbox 1920 5206 2013 5260; x_wconf 87' lang='lat' dir='ltr'><strong>pe-</strong></span> 
     </span>
    </p>
   </div>
   <div class='ocr_carea' id='block_1_102' title="bbox 444 5280 2016 5348">
    <p class='ocr_par' dir='ltr' id='par_1_102' title="bbox 444 5280 2016 5348">
     <span class='ocr_line' id='line_1_102' title="bbox 444 5280 2016 5348; baseline -0.005 -11"><span class='ocrx_word' id='word_1_714' title='bbox 444 5281 623 5337; x_wconf 90' lang='lat' dir='ltr'><strong>riculo</strong></span> <span class='ocrx_word' id='word_1_715' title='bbox 672 5281 744 5337; x_wconf 91' lang='lat' dir='ltr'><strong>ob</strong></span> <span class='ocrx_word' id='word_1_716' title='bbox 791 5281 981 5336; x_wconf 91' lang='lat' dir='ltr'><strong>oculos</strong></span> <span class='ocrx_word' id='word_1_717' title='bbox 1030 5280 1271 5336; x_wconf 88' lang='lat' dir='ltr'><strong>versanti</strong></span> <span class='ocrx_word' id='word_1_718' title='bbox 1312 5286 1680 5348; x_wconf 87' lang='lat' dir='ltr'><strong>opponentes;</strong></span> <span class='ocrx_word' id='word_1_719' title='bbox 1731 5288 2016 5348; x_wconf 86' lang='lat' dir='ltr'><strong>postquam</strong></span> 
     </span>
    </p>
   </div>
   <div class='ocr_carea' id='block_1_103' title="bbox 447 5371 2020 5434">
    <p class='ocr_par' dir='ltr' id='par_1_103' title="bbox 447 5371 2020 5434">
     <span class='ocr_line' id='line_1_103' title="bbox 447 5371 2020 5434; baseline -0.003 -7"><span class='ocrx_word' id='word_1_720' title='bbox 447 5377 630 5427; x_wconf 87' lang='lat' dir='ltr'><strong>autem</strong></span> <span class='ocrx_word' id='word_1_721' title='bbox 664 5371 968 5428; x_wconf 89' lang='lat' dir='ltr'><strong>incolumes</strong></span> <span class='ocrx_word' id='word_1_722' title='bbox 1003 5378 1321 5434; x_wconf 84' lang='lat' dir='ltr'><strong>evaserunt,</strong></span> <span class='ocrx_word' id='word_1_723' title='bbox 1358 5379 1488 5425; x_wconf 92' lang='lat' dir='ltr'><strong>tunc</strong></span> <span class='ocrx_word' id='word_1_724' title='bbox 1531 5372 1786 5425; x_wconf 72' lang='lat' dir='ltr'><strong>secundae</strong></span> <span class='ocrx_word' id='word_1_725' title='bbox 1824 5371 2020 5426; x_wconf 88' lang='lat' dir='ltr'><strong>salutis</strong></span> 
     </span>
    </p>
   </div>
   <div class='ocr_carea' id='block_1_104' title="bbox 446 5463 2022 5534">
    <p class='ocr_par' dir='ltr' id='par_1_104' title="bbox 446 5463 2022 5534">
     <span class='ocr_line' id='line_1_104' title="bbox 446 5463 2022 5534; baseline -0.002 -12"><span class='ocrx_word' id='word_1_726' title='bbox 446 5464 876 5522; x_wconf 73' lang='lat' dir='ltr'><strong>sollicitudinem</strong></span> <span class='ocrx_word' id='word_1_727' title='bbox 914 5464 1146 5532; x_wconf 85' lang='lat' dir='ltr'><strong>habent,</strong></span> <span class='ocrx_word' id='word_1_728' title='bbox 1175 5478 1275 5519; x_wconf 86' lang='lat' dir='ltr'><strong>nec</strong></span> <span class='ocrx_word' id='word_1_729' title='bbox 1305 5471 1478 5518; x_wconf 90' lang='lat' dir='ltr'><strong>totum</strong></span> <span class='ocrx_word' id='word_1_730' title='bbox 1508 5463 1619 5518; x_wconf 90' lang='lat' dir='ltr'><strong>illis</strong></span> <span class='ocrx_word' id='word_1_731' title='bbox 1652 5470 1869 5534; x_wconf 88' lang='lat' dir='ltr'><strong>tempus</strong></span> <span class='ocrx_word' id='word_1_732' title='bbox 1901 5465 2022 5519; x_wconf 80' lang='grc' dir='ltr'>ειυ-</span> 
     </span>
    </p>
   </div>
   <div class='ocr_carea' id='block_1_105' title="bbox 445 5558 2023 5625">
    <p class='ocr_par' dir='ltr' id='par_1_105' title="bbox 445 5558 2023 5625">
     <span class='ocr_line' id='line_1_105' title="bbox 445 5558 2023 5625; baseline -0.001 -10"><span class='ocrx_word' id='word_1_733' title='bbox 445 5558 649 5615; x_wconf 88' lang='lat' dir='ltr'><strong>ctando</strong></span> <span class='ocrx_word' id='word_1_734' title='bbox 674 5559 812 5615; x_wconf 84' lang='lat' dir='ltr'><strong>mari</strong></span> <span class='ocrx_word' id='word_1_735' title='bbox 839 5568 893 5615; x_wconf 86' lang='lat' dir='ltr'><strong>et</strong></span> <span class='ocrx_word' id='word_1_736' title='bbox 924 5560 1082 5615; x_wconf 67' lang='lat' dir='ltr'><strong>aestui</strong></span> <span class='ocrx_word' id='word_1_737' title='bbox 1105 5560 1405 5615; x_wconf 88' lang='lat' dir='ltr'><strong>insumitur</strong></span> <span class='ocrx_word' id='word_1_738' title='bbox 1426 5600 1440 5625; x_wconf 94' lang='lat'><strong>,</strong></span> <span class='ocrx_word' id='word_1_739' title='bbox 1470 5559 1564 5615; x_wconf 87' lang='lat' dir='ltr'><strong>sed</strong></span> <span class='ocrx_word' id='word_1_740' title='bbox 1620 5560 1765 5616; x_wconf 89' lang='lat' dir='ltr'><strong>aeris</strong></span> <span class='ocrx_word' id='word_1_741' title='bbox 1813 5560 2023 5616; x_wconf 76' lang='lat' dir='ltr'><strong>sereni-</strong></span> 
     </span>
    </p>
   </div>
   <div class='ocr_carea' id='block_1_106' title="bbox 446 5650 2020 5722">
    <p class='ocr_par' dir='ltr' id='par_1_106' title="bbox 446 5650 2020 5722">
     <span class='ocr_line' id='line_1_106' title="bbox 446 5650 2020 5722; baseline 0.001 -17"><span class='ocrx_word' id='word_1_742' title='bbox 446 5656 641 5712; x_wconf 84' lang='lat' dir='ltr'><strong>tatem.</strong></span> <span class='ocrx_word' id='word_1_743' title='bbox 670 5665 772 5705; x_wconf 91' lang='lat' dir='ltr'><strong>ceu</strong></span> <span class='ocrx_word' id='word_1_744' title='bbox 799 5650 1181 5707; x_wconf 86' lang='lat' dir='ltr'><strong>brevissimam</strong></span> <span class='ocrx_word' id='word_1_745' title='bbox 1209 5651 1449 5721; x_wconf 89' lang='lat' dir='ltr'><strong>quietem</strong></span> <span class='ocrx_word' id='word_1_746' title='bbox 1475 5658 1531 5707; x_wconf 91' lang='lat' dir='ltr'><strong>et</strong></span> <span class='ocrx_word' id='word_1_747' title='bbox 1570 5651 2020 5722; x_wconf 86' lang='lat' dir='ltr'><strong>tranquillitatem</strong></span> 
     </span>
    </p>
   </div>
   <div class='ocr_carea' id='block_1_107' title="bbox 449 5738 2022 5810">
    <p class='ocr_par' dir='ltr' id='par_1_107' title="bbox 449 5738 2022 5810">
     <span class='ocr_line' id='line_1_107' title="bbox 449 5738 2022 5810; baseline 0.003 -17"><span class='ocrx_word' id='word_1_748' title='bbox 449 5738 729 5810; x_wconf 80' lang='lat' dir='ltr'><strong>accipiunt</strong></span> <span class='ocrx_word' id='word_1_749' title='bbox 768 5755 988 5810; x_wconf 86' lang='lat' dir='ltr'><strong>:neque</strong></span> <span class='ocrx_word' id='word_1_750' title='bbox 1019 5748 1203 5796; x_wconf 86' lang='lat' dir='ltr'><strong>tamen</strong></span> <span class='ocrx_word' id='word_1_751' title='bbox 1232 5742 1307 5795; x_wconf 87' lang='lat' dir='ltr'><strong>ita</strong></span> <span class='ocrx_word' id='word_1_752' title='bbox 1350 5741 1468 5795; x_wconf 92' lang='lat' dir='ltr'><strong>sine</strong></span> <span class='ocrx_word' id='word_1_753' title='bbox 1510 5740 1882 5797; x_wconf 86' lang='lat' dir='ltr'><strong>sollicitudine</strong></span> <span class='ocrx_word' id='word_1_754' title='bbox 1929 5740 2022 5797; x_wconf 87' lang='lat' dir='ltr'><strong>de-</strong></span> 
     </span>
    </p>
   </div>
   <div class='ocr_carea' id='block_1_108' title="bbox 449 5833 2026 5905">
    <p class='ocr_par' dir='ltr' id='par_1_108' title="bbox 449 5833 2026 5905">
     <span class='ocr_line' id='line_1_108' title="bbox 449 5833 2026 5905; baseline 0.003 -20"><span class='ocrx_word' id='word_1_755' title='bbox 449 5838 602 5902; x_wconf 77' lang='lat' dir='ltr'><strong>gunt,</strong></span> <span class='ocrx_word' id='word_1_756' title='bbox 634 5846 809 5901; x_wconf 87' lang='lat' dir='ltr'><strong>neque</strong></span> <span class='ocrx_word' id='word_1_757' title='bbox 864 5847 922 5888; x_wconf 88' lang='lat' dir='ltr'><strong>se</strong></span> <span class='ocrx_word' id='word_1_758' title='bbox 956 5833 1064 5887; x_wconf 89' lang='lat' dir='ltr'><strong>alto</strong></span> <span class='ocrx_word' id='word_1_759' title='bbox 1101 5848 1294 5888; x_wconf 91' lang='lat' dir='ltr'><strong>somno</strong></span> <span class='ocrx_word' id='word_1_760' title='bbox 1344 5833 1519 5904; x_wconf 88' lang='lat' dir='ltr'><strong>abripi</strong></span> <span class='ocrx_word' id='word_1_761' title='bbox 1550 5833 1851 5904; x_wconf 82' lang='lat' dir='ltr'><strong>patiuntur,</strong></span> <span class='ocrx_word' id='word_1_762' title='bbox 1890 5849 2026 5905; x_wconf 71' lang='lat' dir='ltr'><strong>prai-</strong></span> 
     </span>
    </p>
   </div>
   <div class='ocr_carea' id='block_1_109' title="bbox 2119 5012 3704 5086">
    <p class='ocr_par' dir='ltr' id='par_1_109' title="bbox 2119 5012 3704 5086">
     <span class='ocr_line' id='line_1_109' title="bbox 2119 5012 3704 5086; baseline -0.003 -16"><span class='ocrx_word' id='word_1_763' title='bbox 2119 5014 2254 5086; x_wconf 84' lang='grc' dir='ltr'>πρὸς</span> <span class='ocrx_word' id='word_1_764' title='bbox 2286 5013 2342 5067; x_wconf 81' lang='grc' dir='ltr'>δὲ</span> <span class='ocrx_word' id='word_1_765' title='bbox 2386 5012 2485 5085; x_wconf 82' lang='grc' dir='ltr'>τὴν</span> <span class='ocrx_word' id='word_1_766' title='bbox 2512 5013 2748 5083; x_wconf 83' lang='grc' dir='ltr'>γαλήνην</span> <span class='ocrx_word' id='word_1_767' title='bbox 2797 5012 2895 5084; x_wconf 81' lang='grc' dir='ltr'>τῆς</span> <span class='ocrx_word' id='word_1_768' title='bbox 2938 5012 3142 5075; x_wconf 79' lang='grc' dir='ltr'>οἰκείας</span> <span class='ocrx_word' id='word_1_769' title='bbox 3191 5012 3320 5083; x_wconf 81' lang='grc' dir='ltr'>νηὸς</span> <span class='ocrx_word' id='word_1_770' title='bbox 3380 5012 3704 5081; x_wconf 81' lang='grc' dir='ltr'>ἐπεμελεῖτο</span> 
     </span>
    </p>
   </div>
   <div class='ocr_carea' id='block_1_110' title="bbox 2118 5103 3704 5177">
    <p class='ocr_par' dir='ltr' id='par_1_110' title="bbox 2118 5103 3704 5177">
     <span class='ocr_line' id='line_1_110' title="bbox 2118 5103 3704 5177; baseline 0.001 -18"><span class='ocrx_word' id='word_1_771' title='bbox 2118 5105 2212 5159; x_wconf 84' lang='grc' dir='ltr'>τοῦ</span> <span class='ocrx_word' id='word_1_772' title='bbox 2264 5103 2533 5176; x_wconf 86' lang='grc' dir='ltr'>σώματος.</span> <span class='ocrx_word' id='word_1_773' title='bbox 2575 5105 2687 5158; x_wconf 70' lang='grc' dir='ltr'><strong>Καὶ</strong></span> <span class='ocrx_word' id='word_1_774' title='bbox 2721 5104 2831 5176; x_wconf 69' lang='grc' dir='ltr'><strong>γὰρ</strong></span> <span class='ocrx_word' id='word_1_775' title='bbox 2874 5107 2923 5158; x_wconf 81' lang='grc' dir='ltr'>οἱ</span> <span class='ocrx_word' id='word_1_776' title='bbox 2961 5104 3383 5175; x_wconf 84' lang='grc' dir='ltr'>ναυτιλλόμενοι,</span> <span class='ocrx_word' id='word_1_777' title='bbox 3429 5105 3704 5177; x_wconf 85' lang='grc' dir='ltr'>χειμῶνος</span> 
     </span>
    </p>
   </div>
   <div class='ocr_carea' id='block_1_111' title="bbox 2121 5194 3698 5265">
    <p class='ocr_par' dir='ltr' id='par_1_111' title="bbox 2121 5194 3698 5265">
     <span class='ocr_line' id='line_1_111' title="bbox 2121 5194 3698 5265; baseline -0.002 -14"><span class='ocrx_word' id='word_1_778' title='bbox 2121 5196 2215 5251; x_wconf 76' lang='grc' dir='ltr'>καὶ</span> <span class='ocrx_word' id='word_1_779' title='bbox 2245 5194 2511 5259; x_wconf 87' lang='grc' dir='ltr'>κλύδωνος</span> <span class='ocrx_word' id='word_1_780' title='bbox 2554 5194 2971 5259; x_wconf 78' lang='grc' dir='ltr'>καταλαϐόντος,</span> <span class='ocrx_word' id='word_1_781' title='bbox 3006 5195 3181 5249; x_wconf 82' lang='grc' dir='ltr'>ἄσιτοι</span> <span class='ocrx_word' id='word_1_782' title='bbox 3207 5195 3544 5265; x_wconf 86' lang='grc' dir='ltr'>διαμένουσι,</span> <span class='ocrx_word' id='word_1_783' title='bbox 3588 5199 3698 5249; x_wconf 63' lang='grc' dir='ltr'><strong>πᾶν</strong></span> 
     </span>
    </p>
   </div>
   <div class='ocr_carea' id='block_1_112' title="bbox 2124 5283 3700 5359">
    <p class='ocr_par' dir='ltr' id='par_1_112' title="bbox 2124 5283 3700 5359">
     <span class='ocr_line' id='line_1_112' title="bbox 2124 5283 3700 5359; baseline -0.001 -20"><span class='ocrx_word' id='word_1_784' title='bbox 2124 5303 2221 5339; x_wconf 92' lang='grc' dir='ltr'><strong>σαν</strong></span> <span class='ocrx_word' id='word_1_785' title='bbox 2248 5285 2347 5356; x_wconf 78' lang='grc' dir='ltr'>τὴν</span> <span class='ocrx_word' id='word_1_786' title='bbox 2375 5286 2504 5356; x_wconf 87' lang='grc' dir='ltr'>παρ’</span> <span class='ocrx_word' id='word_1_787' title='bbox 2532 5283 2740 5339; x_wconf 83' lang='grc' dir='ltr'>ἑαυτῶν</span> <span class='ocrx_word' id='word_1_788' title='bbox 2783 5285 2978 5357; x_wconf 84' lang='grc' dir='ltr'>τέχνην</span> <span class='ocrx_word' id='word_1_789' title='bbox 3011 5284 3088 5356; x_wconf 80' lang='grc' dir='ltr'>τῷ</span> <span class='ocrx_word' id='word_1_790' title='bbox 3114 5285 3220 5359; x_wconf 86' lang='grc' dir='ltr'>πρὸ</span> <span class='ocrx_word' id='word_1_791' title='bbox 3257 5286 3552 5356; x_wconf 82' lang='grc' dir='ltr'>ὀφθαλμῶν</span> <span class='ocrx_word' id='word_1_792' title='bbox 3585 5304 3700 5340; x_wconf 71' lang='grc' dir='ltr'>κινο</span> 
     </span>
    </p>
   </div>
   <div class='ocr_carea' id='block_1_113' title="bbox 2121 5374 3699 5447">
    <p class='ocr_par' dir='ltr' id='par_1_113' title="bbox 2121 5374 3699 5447">
     <span class='ocr_line' id='line_1_113' title="bbox 2121 5374 3699 5447; baseline -0.002 -18"><span class='ocrx_word' id='word_1_793' title='bbox 2121 5375 2262 5447; x_wconf 86' lang='grc' dir='ltr'>δύνῳ</span> <span class='ocrx_word' id='word_1_794' title='bbox 2291 5374 2681 5439; x_wconf 83' lang='grc' dir='ltr'>ἀντιτιθέντες·</span> <span class='ocrx_word' id='word_1_795' title='bbox 2712 5377 2947 5446; x_wconf 76' lang='grc' dir='ltr'>ὁπηνίκα</span> <span class='ocrx_word' id='word_1_796' title='bbox 2980 5374 3037 5427; x_wconf 87' lang='grc' dir='ltr'><strong>δέ</strong></span> <span class='ocrx_word' id='word_1_797' title='bbox 3064 5375 3268 5445; x_wconf 85' lang='grc' dir='ltr'>τύχωσι</span> <span class='ocrx_word' id='word_1_798' title='bbox 3294 5374 3387 5428; x_wconf 74' lang='grc' dir='ltr'>τοῦ</span> <span class='ocrx_word' id='word_1_799' title='bbox 3424 5375 3545 5447; x_wconf 78' lang='grc' dir='ltr'>ζῇν,</span> <span class='ocrx_word' id='word_1_800' title='bbox 3578 5375 3699 5428; x_wconf 79' lang='grc' dir='ltr'>τότε</span> 
     </span>
    </p>
   </div>
   <div class='ocr_carea' id='block_1_114' title="bbox 2122 5464 3702 5539">
    <p class='ocr_par' dir='ltr' id='par_1_114' title="bbox 2122 5464 3702 5539">
     <span class='ocr_line' id='line_1_114' title="bbox 2122 5464 3702 5539; baseline -0.001 -19"><span class='ocrx_word' id='word_1_801' title='bbox 2122 5468 2223 5538; x_wconf 81' lang='grc' dir='ltr'>τῆς</span> <span class='ocrx_word' id='word_1_802' title='bbox 2248 5466 2505 5538; x_wconf 85' lang='grc' dir='ltr'>δευτέρας</span> <span class='ocrx_word' id='word_1_803' title='bbox 2539 5467 2808 5539; x_wconf 85' lang='grc' dir='ltr'>σωτηρίας</span> <span class='ocrx_word' id='word_1_804' title='bbox 2838 5464 3113 5526; x_wconf 78' lang='grc' dir='ltr'>ποιοῦνται</span> <span class='ocrx_word' id='word_1_805' title='bbox 3143 5467 3241 5537; x_wconf 81' lang='grc' dir='ltr'>τὴν</span> <span class='ocrx_word' id='word_1_806' title='bbox 3274 5467 3560 5539; x_wconf 85' lang='grc' dir='ltr'>φροντίδα·</span> <span class='ocrx_word' id='word_1_807' title='bbox 3608 5468 3702 5519; x_wconf 77' lang='grc' dir='ltr'>καὶ</span> 
     </span>
    </p>
   </div>
   <div class='ocr_carea' id='block_1_115' title="bbox 2124 5558 3701 5632">
    <p class='ocr_par' dir='ltr' id='par_1_115' title="bbox 2124 5558 3701 5632">
     <span class='ocr_line' id='line_1_115' title="bbox 2124 5558 3701 5632; baseline 0.001 -20"><span class='ocrx_word' id='word_1_808' title='bbox 2124 5560 2222 5630; x_wconf 81' lang='grc' dir='ltr'>οὐχ</span> <span class='ocrx_word' id='word_1_809' title='bbox 2248 5560 2394 5624; x_wconf 76' lang='grc' dir='ltr'>ἄπας</span> <span class='ocrx_word' id='word_1_810' title='bbox 2421 5558 2602 5614; x_wconf 83' lang='grc' dir='ltr'>αὐτῶν</span> <span class='ocrx_word' id='word_1_811' title='bbox 2623 5561 2652 5614; x_wconf 83' lang='grc' dir='ltr'>ὁ</span> <span class='ocrx_word' id='word_1_812' title='bbox 2680 5558 2869 5632; x_wconf 86' lang='grc' dir='ltr'>χρόνος</span> <span class='ocrx_word' id='word_1_813' title='bbox 2905 5558 3039 5631; x_wconf 79' lang='grc' dir='ltr'>πρὸς</span> <span class='ocrx_word' id='word_1_814' title='bbox 3065 5560 3155 5613; x_wconf 81' lang='grc' dir='ltr'>τὸν</span> <span class='ocrx_word' id='word_1_815' title='bbox 3184 5559 3343 5614; x_wconf 84' lang='grc' dir='ltr'>σάλον</span> <span class='ocrx_word' id='word_1_816' title='bbox 3372 5560 3471 5630; x_wconf 76' lang='grc' dir='ltr'>τῆς</span> <span class='ocrx_word' id='word_1_817' title='bbox 3501 5559 3701 5614; x_wconf 75' lang='grc' dir='ltr'>θαλάσ-</span> 
     </span>
    </p>
   </div>
   <div class='ocr_carea' id='block_1_116' title="bbox 2129 5651 3701 5725">
    <p class='ocr_par' dir='ltr' id='par_1_116' title="bbox 2129 5651 3701 5725">
     <span class='ocr_line' id='line_1_116' title="bbox 2129 5651 3701 5725; baseline -0.001 -20"><span class='ocrx_word' id='word_1_818' title='bbox 2129 5670 2227 5725; x_wconf 91' lang='grc' dir='ltr'><strong>σης</strong></span> <span class='ocrx_word' id='word_1_819' title='bbox 2254 5652 2739 5707; x_wconf 87' lang='grc' dir='ltr'>καταναλίσκεται·</span> <span class='ocrx_word' id='word_1_820' title='bbox 2784 5653 2974 5724; x_wconf 85' lang='grc' dir='ltr'>ὥσπερ</span> <span class='ocrx_word' id='word_1_821' title='bbox 3012 5651 3069 5707; x_wconf 80' lang='grc' dir='ltr'><strong>δέ</strong></span> <span class='ocrx_word' id='word_1_822' title='bbox 3109 5652 3423 5706; x_wconf 83' lang='grc' dir='ltr'>ἀνάπαυλαν</span> <span class='ocrx_word' id='word_1_823' title='bbox 3461 5652 3701 5721; x_wconf 79' lang='grc' dir='ltr'>δέχονται</span> 
     </span>
    </p>
   </div>
   <div class='ocr_carea' id='block_1_117' title="bbox 2127 5742 3701 5816">
    <p class='ocr_par' dir='ltr' id='par_1_117' title="bbox 2127 5742 3701 5816">
     <span class='ocr_line' id='line_1_117' title="bbox 2127 5742 3701 5816; baseline -0.001 -19"><span class='ocrx_word' id='word_1_824' title='bbox 2127 5744 2236 5797; x_wconf 85' lang='grc' dir='ltr'><strong>τῶν</strong></span> <span class='ocrx_word' id='word_1_825' title='bbox 2263 5745 2439 5799; x_wconf 84' lang='grc' dir='ltr'>πόνων</span> <span class='ocrx_word' id='word_1_826' title='bbox 2470 5743 2568 5815; x_wconf 75' lang='grc' dir='ltr'>τὴν</span> <span class='ocrx_word' id='word_1_827' title='bbox 2599 5743 2943 5816; x_wconf 87' lang='grc' dir='ltr'>βραχυτάτην</span> <span class='ocrx_word' id='word_1_828' title='bbox 2975 5745 3214 5816; x_wconf 81' lang='grc' dir='ltr'>γαλήνην</span> <span class='ocrx_word' id='word_1_829' title='bbox 3234 5761 3247 5774; x_wconf 85' lang='grc'><strong>·</strong></span> <span class='ocrx_word' id='word_1_830' title='bbox 3273 5743 3367 5798; x_wconf 72' lang='grc' dir='ltr'>καὶ</span> <span class='ocrx_word' id='word_1_831' title='bbox 3392 5744 3500 5797; x_wconf 78' lang='grc' dir='ltr'>οὐδ’</span> <span class='ocrx_word' id='word_1_832' title='bbox 3531 5742 3701 5804; x_wconf 75' lang='grc' dir='ltr'>οὕτως</span> 
     </span>
    </p>
   </div>
   <div class='ocr_carea' id='block_1_118' title="bbox 2128 5835 3682 5909">
    <p class='ocr_par' dir='ltr' id='par_1_118' title="bbox 2128 5835 3682 5909">
     <span class='ocr_line' id='line_1_118' title="bbox 2128 5835 3682 5909; baseline -0.005 -15"><span class='ocrx_word' id='word_1_833' title='bbox 2128 5836 2445 5909; x_wconf 79' lang='grc' dir='ltr'>ἀμερίμνως</span> <span class='ocrx_word' id='word_1_834' title='bbox 2489 5837 2785 5908; x_wconf 67' lang='grc' dir='ltr'>διάγουσιν,</span> <span class='ocrx_word' id='word_1_835' title='bbox 2833 5836 2953 5891; x_wconf 73' lang='grc' dir='ltr'>οὔτε</span> <span class='ocrx_word' id='word_1_836' title='bbox 2984 5837 3090 5909; x_wconf 73' lang='grc' dir='ltr'>μὴν</span> <span class='ocrx_word' id='word_1_837' title='bbox 3139 5837 3291 5909; x_wconf 58' lang='lat' dir='ltr'><strong>iiut/.9</strong></span> <span class='ocrx_word' id='word_1_838' title='bbox 3319 5838 3470 5907; x_wconf 82' lang='grc' dir='ltr'>βαθεῖ</span> <span class='ocrx_word' id='word_1_839' title='bbox 3522 5835 3682 5890; x_wconf 82' lang='grc' dir='ltr'>καθέλ</span> 
     </span>
    </p>
   </div>
  </div>
