3980 6544
215 383 367 444 N97

1343 400 1506 458 VITA
1545 404 1838 463 SANCTE
1879 408 2355 468 SYNCLETICE.

3322 412 3345 465 1
3358 411 3462 467 498

210 515 433 566 mat,
464 505 660 575 πεῖραν
701 506 994 577 ἐσχηκότες
1027 512 1136 567 τῶν
1173 515 1535 585 ἀπελθόντων,
1578 522 1673 576 καὶ
1707 522 1764 576 ἐν

1866 579 1869 587 ,
1897 526 2185 582 teritorum
2219 528 2620 598 experimento,
2664 529 3081 599 futurorumque
3115 527 3456 599 praescientia

207 610 372 687 νσιαν
393 594 757 687 λαμδάνοντες
780 602 890 657 τῶν
919 603 1235 672 μελλόντων.
1274 611 1339 664 El
1365 611 1472 684 γάρ
1504 613 1600 668 καὶ
1626 617 1654 669 6
1679 630 1793 687 xar-

210 682 339 753 μὼν
366 686 654 755 ἐκόπασεν,
685 690 800 745 ἀλλ’
833 695 864 765 ἡ
898 692 1140 751 θάλασσα
1169 700 1230 752 o6
1257 682 1584 771 μεμείωται·
1744 711 1793 763 εί

206 775 466 870 παρῆλθε
574 779 840 870 δεύτερον,
855 784 970 839 ἀλλ’
984 786 1132 857 ὅμως
1147 789 1207 843 τὸ
1222 792 1433 863 πρῶτον
1452 792 1675 870 [τρίτον]
1696 798 1793 869 μέ-

202 881 295 918 νει
315 880 331 896 ’
373 866 423 919 εί
456 867 548 921 καὶ
582 869 645 923 τὸ
672 871 959 943 γενόμενον
985 875 1333 949 κεχώρισται,
1360 866 1583 939 ἀλλάίῲ
1605 866 1792 943 ποιοῦν

202 954 500 1025 πάρεστιν.
528 957 713 1022 Οὕτως
738 956 830 1015 οῦν
854 963 948 1017 καὶ
968 965 1060 1017 ἐπὶ
1082 968 1175 1021 τοῦ
1199 971 1487 1042 παρόντος,
1519 977 1569 1031 εἰ
1601 979 1696 1033 καὶ
1728 978 1791 1035 τὸ

200 1045 434 1136 πνεῦμα
458 1049 556 1120 τῆς
586 1050 877 1123 ἐπιθυμίας
898 1055 1225 1127 άπήλασται,
1259 1061 1373 1115 ἀλλ’
1403 1065 1553 1135 ὅμως
1574 1068 1605 1123 6
1635 1069 1790 1136 ἐξου-

201 1135 417 1203 σιάζων
446 1139 636 1195 τούτου
664 1142 726 1195 οὑ
777 1146 994 1218 μακράν
1014 1152 1292 1220 τυγχάνει.
1323 1155 1486 1209 Ὅθεν
1517 1158 1599 1212 δεῖ
1637 1135 1791 1215 ἀδια-

196 1223 447 1321 λείπτως
475 1230 871 1321 προσεύχεσθαι
900 1235 989 1290 διὰ
1017 1238 1079 1292 τὸ
1102 1240 1357 1298 ἀϐέϐαιον
1386 1246 1487 1315 τῆς
1514 1246 1788 1321 θαλάσσης

196 1317 306 1412 καὶ
451 1320 698 1412 ἁλμυρὰν
724 1325 817 1379 τοῦ
841 1326 1033 1398 ἐχθροῦ
1061 1332 1278 1389 κακίαν.
1313 1334 1376 1389 Ἦ
1398 1333 1493 1391 οὖν
1519 1317 1784 1412 μακαρία,

195 1408 456 1480 ἀκριϐῶς
485 1411 656 1466 είδυία
692 1414 754 1468 τὸ
785 1418 956 1490 παρὸν
997 1420 1056 1474 ἐν
1097 1422 1176 1494 τῷ
1210 1423 1311 1496 βίῳ
1351 1408 1658 1495 κλυδώνιον,
1676 1408 1788 1485 καὶ

195 1496 597 1589 προὸλέπουσα
640 1501 740 1567 τὰς
779 1504 886 1558 τῶν
928 1511 1251 1580 πνευμάτων
1283 1511 1473 1579 ζάλας,
1513 1518 1786 1589 ἐπιμελῶς

192 1582 613 1681 ἧνᾼοίακίζουσα
639 1593 702 1648 τὸ
739 1594 866 1649 ἴδιον
899 1597 1105 1670 σκάφος
1133 1605 1200 1674 τῇ
1232 1604 1312 1667 εἰς
1333 1604 1464 1658 Θεὸν
1493 1582 1781 1681 εὐσενϐείᾳλ

193 1678 300 1770 τεαὶ
329 1680 439 1752 γὰρ
478 1683 807 1755 ἀχείμαπον
845 1688 973 1742 αὐτὸ
1012 1689 1093 1761 τῷ
1122 1693 1373 1768 σωτηρίῳ
1412 1695 1589 1767 λιμένι
1620 1678 1785 1770 προσ-ι

1892 612 2167 676 instructi.
2199 619 2333 675 Nam
2363 622 2465 677 etsi
2510 631 2809 694 tempestas
2857 623 3044 680 sedata
3075 623 3167 688 sit,
3208 630 3265 676 at
3306 636 3457 675 mare

1891 709 2238 765 imminutum
2276 727 2384 767 non
2428 714 2551 779 fuit,
2577 723 2632 770 et
2676 714 2723 771 si
2767 715 3068 771 secundum
3112 713 3452 785 praterierit,

1890 803 2117 858 tertium
2148 815 2393 860 remanet
2419 825 2433 862 :
2468 821 2533 863 ac
2561 808 2607 863 si
2640 807 2789 878 quod
2827 806 3029 863 accidit
3056 816 3322 861 remotum
3347 814 3452 872 est,

1888 908 2077 948 verum
2103 895 2258 953 adest
2288 896 2437 954 illius
2464 912 2655 954 causa.
2692 897 2785 955 Sic
2812 898 2980 955 etiam
3004 898 3061 953 in
3087 911 3146 953 re
3171 897 3452 968 praesenti,

1888 977 1991 1042 etsi
2018 987 2248 1057 spiritus
2288 991 2751 1062 concupiscentiae
2797 992 2992 1063 pulsus
3030 990 3164 1055 fuit,
3208 998 3451 1047 attamen

1888 1075 2030 1133 haud
2064 1080 2252 1148 procul
2309 1092 2393 1137 est
2439 1082 2488 1138 is
2542 1083 2645 1138 sub
2672 1082 2832 1153 cujus
2860 1082 3068 1138 ditione
3103 1088 3208 1138 est.
3248 1080 3456 1147 Quam-

1886 1165 2074 1222 obrem
2104 1168 2480 1226 indesinenter
2503 1172 2793 1238 orandum,
2818 1173 2891 1228 ob
2917 1172 3085 1229 maris
3121 1171 3455 1227 instabilita-

1887 1262 1996 1310 tem
2022 1262 2078 1311 et
2101 1245 2499 1329 salsuginosam
2529 1260 2739 1316 inimici
2767 1261 3086 1332 nequitiam.
3132 1260 3298 1317 Beata
3347 1261 3453 1331 ἰδία

1886 1354 1976 1402 tur
2005 1346 2119 1414 illa,
2150 1363 2316 1419 gnara
2337 1357 2718 1421 tempestatum
2735 1352 2900 1424 hujus
2916 1352 3062 1416 vitae,
3088 1352 3450 1423 prospiciens-

1885 1452 1992 1508 que
2014 1446 2300 1495 ventorum
2322 1442 2613 1510 procellas,
2644 1443 2907 1500 naviculae
2940 1459 3054 1500 suae
3079 1442 3448 1515 gubernacula

1883 1530 2085 1601 pietate
2120 1546 2249 1604 erga
2295 1531 2464 1589 Deum
2497 1548 2597 1589 sua
2632 1534 2935 1606 dirigebat,
2978 1550 3216 1608 eamque
3254 1550 3287 1590 ι
3313 1545 3449 1599 tem-

1881 1627 2090 1692 pestate
2124 1620 2456 1679 incolumem
2491 1622 2561 1679 ad
2594 1625 2889 1681 salutarem
2924 1631 3142 1693 portum
3183 1626 3312 1681 iecit
3347 1639 3446 1695 ap—

1883 1714 2106 1785 pellere,
2134 1716 2432 1789 posuitque
2462 1716 2760 1774 anchoratn
2789 1717 3144 1785 tutissimam,
3186 1716 3345 1774 ﬁdem
3386 1718 3445 1772 in

193 1767 471 1915 gippétcev,
502 1774 748 1850 ἄγκυραν
776 1778 1187 1855 ἀσφαλεστάτην
1216 1784 1315 1858 τὴν
1346 1786 1427 1850 είς
1449 1786 1581 1842 Θεὸν
1603 1767 1783 1844 πίστιν
1802 1866 1848 1925 Β

232 1878 310 1925 ep.
342 1879 430 1925 νη.

232 1878 430 1934 εμενη.

1879 1802 2087 1863 Iesum.

266 1954 360 2009 20.
407 1956 781 2024 ’Δποστολικὸς
821 1961 919 2032 μὲν
964 1958 1057 2018 οὖν
1100 1966 1272 2038 αὐτῆς
1321 1969 1351 2023 6
1391 1968 1521 2041 βίος,
1555 1971 1644 2026 διὰ
1686 1973 1766 2028 πί-

1940 1985 2033 2042 20.
2064 1984 2376 2057 Apostolica
2403 1991 2522 2041 erat
2557 1984 2706 2041 illius
2752 1984 2885 2047 vita,
2919 1982 3022 2039 (ide
3049 1989 3104 2038 et
3130 1979 3440 2038 voluntaria

190 2062 373 2111 στεως
401 2049 496 2102 καὶ
522 2050 904 2138 ἀκτημοσόνης
945 2057 1390 2145 συσφιγγόμενος,
1435 2061 1514 2116 ἔτι
1560 2080 1624 2132 γε
1668 2064 1766 2137 μὴν

1871 2049 2190 2145 paupertate
2241 2076 2563 2143 constricta,
2623 2076 2896 2130 charitate
2944 2073 3222 2144 refulgens
3274 2080 3441 2143 atque

186 2138 393 2210 ἀγάπῃ
445 2140 539 2193 καὶ
583 2144 1045 2217 ταπεινοφροσύνῃ
1095 2147 1433 2219 διαλάμπων.
1483 2153 1628 2225 Αὕτη
1677 2155 1766 2209 τοῦ

1871 2138 2200 2222 humilitate.
2237 2167 2361 2237 Ipsa
2412 2138 2672 2223 salutaris
2718 2165 2988 2222 sermonis
3027 2180 3166 2235 cpus
3188 2165 3437 2235 peregit:

189 2230 471 2302 σωτηρίου
512 2230 671 2299 λόγου
718 2233 816 2304 τὴν
859 2236 1058 2307 πρᾶξιν
1104 2239 1437 2305 ἐξετέλεσενο
1481 2245 1770 2316 Ἐπιϐήσῃ

185 2319 304 2391 γὰρ
337 2320 436 2375 ἐπὶ
475 2322 704 2376 ἀσπίδα
732 2325 828 2379 καὶ
867 2326 1262 2396 βασιλίσκον,
1302 2331 1400 2384 καὶ
1430 2332 1529 2385 ἐπὶ
1566 2333 1773 2388 πᾶσαν

184 2410 311 2479 τὴν
334 2410 591 2480 δύναμιν
621 2414 727 2471 τοῦ
759 2415 993 2485 ἐχθροῦ.
1023 2419 1249 2483 Οἰκείως
1274 2421 1409 2493 αὕτη
1444 2423 1643 2494 ἤκουσε
1676 2425 1766 2480 τό·

184 2498 306 2565 Εὖ,
344 2501 531 2558 δοῦλε
566 2505 750 2574 ἀγαθὲ
793 2508 892 2562 καὶ
933 2510 1139 2563 πιστέο
1176 2511 1274 2565 ἐπὶ
1309 2514 1528 2583 ὀλίγων
1570 2512 1645 2586 ἧς
1673 2534 1768 2572 πι-

182 2593 361 2659 στὸς,
397 2593 495 2649 ἐπὶ
539 2596 785 2651 πολλῶν
826 2614 901 2654 σε
942 2603 1320 2669 καταστήσω.
1364 2605 1436 2658 Τὸ
1479 2606 1536 2660 δέ
1580 2608 1764 2679 ῥητὸν,

182 2685 236 2737 εἰ
261 2683 362 2737 καὶ
393 2685 485 2738 ἐπὶ
511 2686 618 2739 τῶν
658 2689 873 2762 δωρεῶν
900 2692 1182 2763 ἀνάγεται,
1212 2695 1325 2749 ἀλλ’
1350 2697 1497 2767 ὅμως
1537 2699 1768 2753 ἐνταῦθα

181 2774 438 2840 νοείσθω,
471 2775 547 2841 ὡς
575 2778 708 2832 "Or:
748 2781 1003 2853 ἐνίκησας
1032 2783 1124 2837 τὸν
1169 2784 1352 2839 ἕνυλον
1392 2787 1645 2857 πόλεμον,
1673 2789 1767 2842 καὶ

182 2866 335 2919 κατὰ
364 2867 459 2919 τοῦ
490 2868 652 2921 ἁθλου
683 2869 739 2923 δὲ
773 2870 1030 2942 τρόπαιον
1062 2874 1271 2945 πήξεις,
1303 2876 1436 2947 ἐμοῦ
1470 2879 1768 2950 ὑπερασπί-

181 2958 376 3023 ζοντός
401 2976 515 3013 σου.
544 2960 840 3016 Γνὼτωσαν
864 2964 924 3017 τὸ
948 2965 1173 3035 μέγεθος
1202 2967 1302 3037 τῆς
1327 2968 1560 3032 πίστεως
1584 2971 1641 3023 al
1662 2971 1766 3024 ὑπὸ

180 3048 283 3103 τοῦ
316 3048 645 3122 θεράποντός
669 3070 768 3123 μου
796 3052 1007 3107 Παύλου
1040 3055 1287 3127 ρηθεῖσαι
1309 3059 1475 3130 ἀρχαὶ
1501 3060 1596 3113 καὶ
1625 3059 1766 3126 ἐξου-

182 3141 331 3195 σίαι·
363 3144 587 3215 νικήσας
625 3144 733 3217 γὰρ
761 3145 859 3209 τὰς
901 3148 1145 3212 ἐναντίας
1173 3148 1452 3221 δυνάμεις,
1498 3169 1762 3225 προσομι-

180 3232 372 3304 λήσεις
397 3233 490 3286 καὶ
515 3237 637 3297 ταῖς
660 3235 978 3306 κρείττοσιν.
1096 3238 1101 3243 ’

255 3324 351 3379 21.
386 3325 572 3390 Οὕτως
604 3326 705 3398 μὲν
736 3323 830 3382 οὗν
858 3328 981 3383 καθ’
1013 3330 1210 3402 ἑαυτὴν
1244 3332 1618 3403 ἀναχωροῦσα,
1644 3333 1753 3388 τῶν

180 3416 408 3486 ἀγαθῶν
444 3416 619 3489 ἔργων
653 3418 1024 3493 τελεσιουργὸς
1058 3423 1281 3491 ἐγίνετο.
1326 3424 1432 3477 Τοῦ
1472 3426 1526 3479 δὲ
1563 3428 1753 3497 χρόνου

182 3508 490 3580 προϊόντος,
512 3510 607 3563 καὶ⁵
631 3508 740 3564 τῶν
770 3511 978 3582 ἀρετῶν
998 3512 1166 3583 αὐτῆς
1191 3512 1483 3579 άνθουσῶν,
1499 3518 1532 3586 ἡ
1560 3516 1755 3570 εὐωδία

181 3599 296 3655 τῶν
327 3599 731 3654 εὐκλεεστάτων
765 3600 935 3672 αὐτῆς
981 3603 1154 3656 πόνων
1190 3605 1271 3668 είς
1298 3605 1524 3669 πολλοὺς
1548 3606 1755 3661 διέϐαιο

180 3710 274 3748 νεν
292 3709 308 3724 ο
340 3692 532 3746 Οὐδὲν
556 3692 686 3765 γὰρ,
718 3693 869 3765 φησὶ,
901 3694 1170 3763 κρυπτὸν
1197 3694 1228 3749 ὃ
1249 3698 1321 3750 οὐ
1342 3700 1756 3768 φανερωθήσε-

180 3802 299 3838 rat.
331 3780 451 3838 οἶδε
484 3782 593 3856 γὰρ
626 3787 654 3839 6
684 3784 815 3851 Θεὸς
851 3787 977 3851 τοὺς
1008 3788 1168 3842 αὐτὸν
1199 3791 1526 3861 ἀγαπῶντας
1570 3795 1663 3847 καὶ
1689 3794 1756 3849 δι’

180 3874 382 3930 ἑαυτοῦ
434 3876 726 3948 κηρύττειν
773 3877 908 3949 πρὸς
950 3879 1234 3953 διόρθωσιν
1278 3883 1385 3936 τῶν
1427 3884 1752 3942 ἀκουόντων.

181 3967 321 4021 Τότε
357 3967 456 4038 μὲν
479 3963 572 4022 οὖν
595 3972 662 4041 τῇ
691 3969 942 4043 βουλήσει
965 3972 1057 4027 τοῦ
1088 3974 1392 4044 κρείττονος
1419 3976 1650 4047 ἧρξαντό
1684 3995 1759 4032 τι-

179 4075 271 4123 νες
296 4058 687 4131 παραϐάλλειν,
718 4062 812 4115 καὶ
835 4063 971 4134 πρὸς
999 4064 1289 4137 οἰκοδομὴν
1319 4068 1525 4121 οἰκείαν
1551 4069 1649 4133 τὰς
1673 4071 1759 4122 ἐνο

178 4151 397 4218 τεύξεις
428 4152 726 4207 ποιεῖσθαι·
760 4156 855 4210 καὶ
897 4155 1005 4229 γὰρ
1042 4156 1132 4211 διὰ
1174 4158 1283 4211 τῶν
1327 4158 1500 4228 λόγων
1545 4161 1615 4216 τά
1661 4160 1757 4216 τοῦ

181 4243 300 4316 βίου
350 4243 524 4315 αὐτῆς
563 4246 998 4317 ἐμπορευόμεναι
1038 4248 1132 4301 ἐπὶ
1176 4249 1335 4303 πλέον
1370 4251 1756 4323 προσήγγιζον,

177 4336 506 4406 ὠφελεῖσθαι
544 4338 885 4409 βουλόμεναι.
920 4340 1080 4395 Κατὰ
1122 4341 1231 4417 γὰρ
1269 4343 1367 4413 τὴν
1404 4344 1603 4415 συνήθη
1638 4345 1761 4398 ἀκο-

177 4427 403 4482 λουθίαν
429 4428 788 4484 ἐπυνθάνοντο
812 4432 982 4502 αὐτῆς
1009 4433 1294 4503 λέγουσαι·
1325 4435 1451 4499 Πῶς
1470 4435 1551 4489 δεῖ
1581 4436 1758 4507 σωθῆ-

1868 2256 2179 2312 Ambulabis
2207 2256 2375 2324 enim,
2394 2257 2591 2328 inquit,
2608 2272 2763 2327 super
2786 2255 3018 2325 aspidem
3043 2264 3092 2309 et
3113 2254 3437 2314 basiliscum,

1868 2357 1917 2402 et
1936 2364 2088 2417 super
2120 2366 2323 2409 omnem
2365 2349 2605 2404 virtutem
2652 2348 2855 2403 inimici
2886 2347 2952 2404 ⁸³.
3008 2346 3266 2401 Audierat
3308 2361 3440 2403 sane

1868 2439 1986 2510 ipsa
2025 2440 2335 2511 hujusmodi
2364 2455 2553 2495 vocem
2593 2456 2609 2492 :
2635 2438 2799 2509 Euge,
2829 2455 2972 2493 serve
3001 2437 3130 2492 bone
3162 2447 3209 2493 et
3240 2436 3436 2506 ﬁdelis,

1866 2530 1995 2601 quia
2017 2546 2172 2599 super
2206 2546 2377 2601 pauca
2403 2530 2555 2601 fuisti
2575 2528 2770 2599 ﬁdelis,
2802 2545 2956 2599 super
2986 2529 3153 2583 multa
3178 2537 3224 2583 te
3240 2528 3437 2582 consti-

1869 2632 2015 2676 tuam
2041 2621 2107 2676 “.
2142 2621 2273 2688 Quae
2318 2622 2540 2693 quidem
2595 2622 2864 2676 sententia
2896 2621 3042 2691 “licet
3072 2620 3339 2677 referatur
3366 2620 3435 2675 ad

1867 2716 2030 2775 dona.
2057 2722 2296 2771 attamen
2329 2716 2433 2770 hoc
2460 2715 2579 2771 loco
2608 2715 2688 2770 sic
2732 2716 3101 2784 intelligatur:
3144 2713 3282 2781 Quia
3312 2729 3435 2769 coro

1867 2809 2037 2877 porali
2062 2808 2240 2864 vicisti
2266 2807 2471 2878 ιιι-ωηο,
2501 2807 2666 2864 etiam
2699 2808 2766 2863 de
2791 2806 3059 2878 spirituali
3096 2806 3323 2860 victoria
3348 2820 3434 2860 me

1865 2900 2163 2955 auxiliante
2216 2908 2479 2972 trop'zeum
2523 2901 2720 2971 eriges.
2760 2899 3000 2956 Noscant
3036 2899 3159 2953 lidci
3185 2906 3291 2953 tune
3320 2915 3434 2952 ma-

1863 2990 2203 3060 gnitudinem
2232 2991 2572 3061 principatus
2601 2997 2653 3045 et
2677 2996 2976 3060 potestates
3009 3002 3038 3041 a
3074 2987 3274 3043 famulo
3311 3002 3434 3042 meo

1864 3079 2033 3135 Paulo
2083 3090 2432 3137 memoratae:
2478 3096 2603 3136 nam
2657 3097 2777 3151 qua:
2821 3081 3093 3151 superasti
3128 3077 3432 3134 contrarias

1864 3180 2185 3245 potestates,
2211 3187 2335 3228 cum
2368 3171 2844 3245 praestantiorihus
2873 3169 3199 3227 versaberis.

1920 3344 2012 3399 21.
2044 3344 2124 3401 Ad
2153 3346 2298 3401 hunc
2312 3361 2444 3415 ergo
2478 3345 2696 3402 modum
2721 3346 2968 3403 solitaria
3018 3346 3301 3411 secedens,
3332 3344 3435 3415 120‘

1854 3439 1942 3494 nis
1971 3438 2230 3509 operibus
2258 3440 2503 3496 vacabat.
2537 3442 2596 3495 ln
2651 3441 2769 3497 dies
2821 3449 3002 3499 autem
3046 3456 3169 3496 cum
3199 3440 3434 3497 virtutes

1853 3528 2005 3586 illius
2033 3528 2310 3597 ﬂorerent,
2341 3531 2523 3587 bonus
2571 3533 2709 3587 odor
2741 3533 3285 3603 praeclarissimorum
3309 3534 3434 3602 ejus

1855 3622 2104 3678 laborum
2131 3622 2199 3677 ad
2232 3623 2435 3679 multos
2464 3623 2799 3694 permeavit:
2839 3622 2992 3677 Nihil
3021 3623 3188 3686 enim,
3231 3623 3437 3693 inquit,

1853 3721 1931 3768 est
1979 3713 2240 3767 occultum
2292 3712 2430 3784 quod
2463 3730 2564 3767 non
2617 3712 2869 3768 reveletur
2913 3713 2980 3768 ⁸⁵.
3027 3710 3178 3767 Solet
3230 3713 3431 3783 quippe

1856 3805 1999 3862 Deus
2029 3821 2126 3862 eos
2156 3805 2249 3877 qui
2286 3821 2346 3862 se
2394 3806 2650 3878 diligunt,
2683 3805 2847 3861 etiam
2879 3820 2976 3877 per
3001 3820 3123 3861 sese
3156 3812 3315 3861 notos
3349 3804 3430 3860 la-

1855 3913 1999 3961 cere,
2023 3897 2091 3963 ad
2114 3897 2507 3953 correctionem
2529 3898 2875 3967 fructumque
2890 3896 3249 3952 audientium.
3274 3895 3430 3952 Tunc

1856 3989 2024 4061 igitur
2070 4004 2139 4045 ex
2176 3988 2346 4044 divini
2392 3986 2644 4046 Numinis
2669 3989 2923 4053 consilio,
2955 3994 3241 4058 coeperunt
3287 4003 3429 4042 non-

1856 4081 2021 4136 nullae
2050 4080 2198 4135 illam
2227 4079 2398 4146 adire,
2433 4087 2490 4136 et
2535 4081 2601 4138 ad
2642 4081 2932 4137 utilitatem
2965 4097 3119 4138 suam
3153 4082 3429 4152 colloquia

1855 4184 1980 4225 cum
2002 4185 2066 4227 ea
2101 4171 2354 4236 miscere,
2386 4186 2453 4227 ex
2474 4171 2765 4242 colloquiis
2798 4172 2946 4228 enim
2973 4172 3097 4228 vita:
3142 4173 3289 4230 illius
3336 4187 3403 4229 ra

1857 4263 2061 4316 tionem
2088 4262 2367 4318 lucrantes
2389 4265 2588 4333 saepius
2619 4265 2971 4331 accedebant,
2998 4266 3279 4338 profectus
3306 4283 3428 4324 am-

1858 4352 2049 4422 plioris
2072 4352 2399 4424 percupidze.
2430 4352 2566 4409 Nam
2600 4370 2703 4426 pro
2739 4363 2960 4427 recepto
2982 4373 3135 4415 more
3161 4360 3427 4431 rogabant

1857 4460 1975 4500 eam
2004 4463 2017 4501 :
2046 4460 2155 4517 qua
2172 4446 2259 4501 via
2282 4447 2510 4504 salutem
2532 4450 2795 4520 consequi
2814 4458 3049 4523 oportet.
3073 4450 3168 4507 llla
3188 4455 3433 4525 graviter

177 4536 312 4584 vat;
367 4521 401 4590 ἡ
446 4521 526 4585 δὲ,
574 4522 874 4588 στενάξασα
921 4524 1082 4596 βαρὺ,
1133 4527 1226 4580 καὶ
1267 4527 1517 4599 δακρύων
1554 4527 1757 4601 πλῆθος

1866 4535 2246 4607 ingemiscens,
2275 4552 2470 4611 magna
2498 4539 2669 4598 ell'usa
2694 4544 2747 4596 vi
2776 4521 3161 4615 lacrymarum,
3202 4561 3314 4602 rem
3338 4562 3428 4603 se-

176 4612 401 4681 άερεῖσα,
434 4613 515 4675 είς
546 4612 744 4684 ἑαυτὴν
767 4613 983 4686 ἐχώρει,
1029 4617 1123 4669 καὶ
1162 4617 1349 4690 ὥσπερ
1393 4619 1481 4673 διὰ
1515 4619 1625 4672 τῶν
1664 4620 1755 4673 δα-

175 4704 366 4777 κρύων
390 4703 489 4775 τὴν
522 4705 812 4775 ἀπόκρισιν
851 4708 1214 4781 ποιησαμένη,
1254 4710 1512 4781 δευτέραν
1548 4711 1757 4783 σιωπὴν

175 4795 360 4866 ἧσκει.
397 4795 463 4847 Αἱ
488 4794 565 4857 δὲ,
592 4795 960 4863 συνελθοῦσαι,
988 4799 1263 4862 ἐϐιάζοντο
1292 4800 1470 4854 λαλεῖν
1497 4802 1664 4873 αὐτὴν
1688 4803 1757 4857 τά

176 4883 445 4956 μεγαλεῖα
488 4885 583 4937 τοῦ
619 4885 785 4939 Θεοῦ·
835 4889 926 4941 καὶ
962 4889 1071 4960 γάρ
1113 4889 1417 4959 ἐθαύμαζον
1451 4892 1554 4945 ὑπὸ
1578 4894 1754 4965 ’μόνης

170 4979 275 5047 τῆς
309 4975 439 5040 θέας
486 4968 1027 5049 καταπληττόμεναιο
1072 4980 1168 5034 καὶ
1206 4978 1360 5046 αὖθις
1411 4986 1753 5056 παρεκάλουν

171 5065 350 5136 αὐτὴν
374 5066 725 5136 φθέγξασθαι.
754 5069 877 5122 Ἐπὶ
906 5071 1039 5125 πολὺ
1061 5072 1119 5126 δὲ
1144 5074 1242 5144 τῆς
1271 5076 1542 5148 μακαρίας
1565 5078 1753 5132 ἐκδια-

172 5153 433 5227 ζομὲνης,
474 5158 609 5228 μετὰ
637 5160 827 5230 χρόνον
868 5162 1070 5227 ἱκανὸν,
1112 5162 1313 5235 πολλῆς
1338 5167 1566 5238 ἡσυχίας
1592 5186 1749 5238 γενο-

174 5249 368 5321 μένης,
419 5253 647 5322 ταπεινῇ
694 5255 759 5322 τῇ
816 5258 966 5326 φωνῇ
1012 5255 1073 5308 τὸ
1113 5257 1381 5328 γραφικὸν
1427 5260 1603 5312 ἐκεῖνο
1646 5258 1749 5332 ἔφη

171 5342 328 5412 ῥῆμα
363 5340 426 5394 τό
445 5356 459 5370 ’
485 5342 582 5409 Μὴ
608 5343 873 5405 ἑκϐιάζου
893 5345 1151 5414 πένητα·
1178 5349 1412 5419 πτωχὸς
1432 5349 1542 5421 γάρ
1560 5352 1748 5407 ἐστιν.

168 5433 240 5485 Al
271 5431 331 5485 δὲ
359 5432 629 5503 παροῦσαι
669 5435 920 5506 ἀσμένως
948 5436 1009 5493 τὸ
1042 5439 1190 5510 ῥῆμα
1216 5439 1524 5511 δεξάμεναι,
1563 5424 1750 5517 ὥσπερ

172 5523 393 5595 μέλιτος
433 5525 528 5578 καὶ
568 5526 761 5597 κηρίου
802 5529 1263 5601 ἀπογευσάμεναι,
1296 5533 1388 5586 ἐπὶ
1430 5534 1612 5588 πλεῖον
1648 5536 1749 5606 τῆς

169 5615 499 5688 ἐρωτήσεως
539 5617 779 5689 εἴχοντο·
822 5619 914 5674 καὶ
960 5620 1142 5677 λοιπὸν
1191 5622 1278 5678 διὰ
1307 5623 1418 5679 τῶν
1460 5625 1747 5698 γραφικῶν

1857 4642 1981 4681 cum
2003 4629 2395 4699 perpendebat,
2431 4645 2495 4686 ac
2522 4633 2681 4702 quasi
2701 4648 2797 4703 per
2814 4635 3081 4706 lacrymas
3111 4636 3427 4707 respondis-

1858 4724 1941 4771 set
1991 4718 2476 4790 interrogantihus.
2508 4722 2563 4776 in
2610 4723 2829 4778 silentio
2862 4724 3059 4779 iterum
3086 4741 3146 4781 se
3182 4727 3426 4782 contine-

1858 4807 1969 4862 bat.
1996 4809 2104 4863 lllae
2133 4825 2265 4865 vero
2296 4826 2403 4865 una
2431 4812 2539 4866 vim
2571 4811 2868 4868 aﬂ‘erebant
2888 4823 2947 4869 ut
2967 4816 3282 4886 loqueretur
3308 4831 3426 4871 ma-

1854 4900 2034 4972 gnalia
2063 4899 2159 4955 Dei
2194 4909 2390 4956 :erant
2411 4903 2556 4958 enim
2591 4904 2713 4960 solo
2736 4906 2817 4961 rei
2850 4907 3166 4977 spectaculo
3200 4917 3427 4980 stupore

1856 4990 2139 5060 perculsae.
2177 4990 2528 5061 Rursumque
2558 4994 2820 5066 rogabant
2852 5012 2970 5052 eam
2996 5006 3054 5052 ut
3085 4999 3419 5069 loqueretur.

1854 5079 2188 5151 Demumque
2229 5081 2281 5136 vi
2333 5085 2638 5155 compulsa,
2692 5096 2817 5156 post
2866 5088 3107 5145 diuturni
3161 5093 3433 5163 temporis

1854 5172 2093 5243 quietem
2126 5188 2191 5228 ac
2219 5174 2522 5241 silentium,
2553 5176 2742 5233 humili
2790 5194 2922 5236 voce
2957 5197 3076 5238 eam
3126 5183 3425 5254 Scriptura:

1851 5265 2076 5336 protulit
2109 5269 2433 5323 sententiam
2469 5288 2483 5325 :
2514 5268 2598 5325 Ne
2640 5271 2810 5341 facias
2836 5273 3136 5329 violentiam
3180 5280 3421 5347 pauperi,

1850 5357 1999 5426 inops
2017 5358 2156 5412 enim
2182 5367 2259 5414 est
2289 5360 2356 5418 “.
2392 5359 2506 5417 Hoc
2534 5362 2739 5418 dictum
2771 5364 2875 5420 illa).
2895 5364 3129 5421 libenter
3147 5369 3423 5437 excipien-

1850 5455 1953 5516 tes,
1988 5451 2148 5520 quasi
2177 5451 2282 5507 mel
2313 5459 2369 5507 et
2390 5452 2572 5509 favum
2613 5455 3016 5527 degustassent,
3043 5458 3419 5517 vehementius

1846 5537 2125 5595 instabant
2144 5540 2552 5615 interrogando,
2579 5547 2858 5604 vocabulis
2886 5547 3145 5621 deinceps
3169 5565 3236 5606 ex
3265 5548 3418 5606 Scri-

1844 5638 2005 5702 ptura
2030 5635 2292 5690 mutuatis
2312 5636 2580 5708 urgebant
2596 5636 2958 5713 dicebantque
2972 5639 3051 5696 illi
3080 5660 3094 5697 :
3120 5638 3299 5699 Gratis
3327 5654 3421 5702 αε-

249 5767 295 5802 “
329 5765 477 5828 Psal.
510 5783 576 5825 xc
599 5809 615 5839 ,
652 5770 757 5842 l5;
792 5771 923 5833 Luc.
960 5792 1029 5844 κ,
1067 5776 1153 5834 l9.
1229 5776 1277 5813 “
1314 5776 1504 5836 Matth.
1541 5796 1668 5854 xxv,
1701 5781 1762 5837 2!

1867 5784 1919 5841 3.
1996 5787 2042 5822 "
2081 5785 2272 5847 Matth.
2304 5805 2373 5859 ι,
2406 5789 2498 5848 26.
2575 5792 2622 5826 ⁸⁸
2651 5791 2809 5853 Prov.
2847 5811 2990 5866 nu,
3020 5797 3112 5858 22.
