3980 6504
517 349 536 400 1
549 349 653 404 499

1663 350 1722 407 S.
1765 351 2230 409 ATHANASIUS‘.
2273 380 2346 395 -ο
2375 351 2656 429 βΡΕΒΙΑ.

3653 351 3787 405 {500

513 465 720 534 cepisti,
751 464 921 536 gratis
945 467 1016 521 da
1040 468 1106 522 ⁸⁷.
1143 467 1287 522 Cave
1320 481 1390 523 ne
1416 470 1537 522 luas
1563 481 1755 538 pmnas
1785 467 2092 524 abseonditi

2220 471 2366 541 ιὺτὴν
2394 470 2652 540 ῥημάτων
2678 468 3029 539 ὲπεφόρτιζον
3049 485 3061 498 ·
3085 468 3266 537 ἔλεγον
3294 484 3404 539 γαρ
3434 466 3578 539 πρὸς
3599 469 3786 537 αὐτὴν,

517 558 702 612 talenti
735 559 911 612 instar
935 559 1078 614 servi
1110 559 1278 614 illius.
1315 557 1454 614 Tum
1489 559 1581 612 illa
1614 561 1930 630 respondit:
1956 560 2101 626 Quid

517 650 593 703 ita
631 651 699 705 de
729 667 814 708 me
845 653 1150 722 peccatrice
1175 651 1462 724 magniﬁce
1497 655 1733 720 sentitis,
1766 655 1925 725 quasi
1965 656 2096 711 boni

519 744 730 814 aliquid
761 743 984 800 fecerim
1017 753 1112 799 aut
1144 743 1412 800 dixerim?
1441 743 1801 802 Communem
1837 747 2102 803 habemus

519 837 840 906 magistrum
860 835 1154 892 Dominum
1175 854 1190 903 ;
1216 852 1284 892 ex
1305 838 1470 909 620
1487 837 1678 894 iisdem
1704 837 1948 895 fontibus
1967 840 2106 893 hau-

519 925 696 981 rimus
733 927 1052 996 Spirituales
1094 927 1325 992 latices;
1357 928 1673 984 earumdem
1709 929 1939 984 uberum
1963 930 2106 986 lacte

523 1017 818 1081 nutrimur,
854 1015 1068 1073 Veteris
1099 1018 1312 1074 scilicet
1340 1016 1586 1090 Novique
1621 1017 1974 1075 Testamenli.
1998 1019 2106 1075 Illae

520 1123 652 1163 vero
687 1126 702 1162 :
741 1106 885 1164 Sane
929 1109 1186 1165 novimus
1215 1123 1316 1165 nos
1348 1125 1568 1180 quoque
1595 1126 1762 1165 unum
1794 1112 1953 1167 nobis
1983 1127 2108 1169 esse

521 1199 897 1270 pedagogum,
929 1197 1270 1270 Scripturam
1298 1200 1572 1264 videlicet,
1606 1199 1967 1272 eumdemque
1992 1218 2108 1256 ma-

523 1291 758 1371 gjstrum
795 1309 808 1346 :
837 1307 1026 1347 verum
1049 1301 1108 1346 tu
1148 1290 1329 1348 studio
1349 1291 1598 1362 pervigili
1625 1292 1891 1347 virtutum
1921 1308 2105 1348 acces-

524 1385 734 1439 sionem
765 1384 1059 1454 accepisti;
1088 1398 1296 1454 parque
1318 1392 1403 1440 est
1423 1399 1517 1440 eas
1540 1400 1663 1455 qua:
1689 1385 1910 1442 virtutis
1945 1402 2106 1442 usum

527 1491 591 1531 ac
619 1478 1070 1532 consuetudinem
1101 1485 1275 1532 nactze
1306 1483 1458 1542 sunt,
1504 1485 1693 1548 utpote
1723 1478 1997 1544 fortiores,
2023 1480 2108 1550 ju-

525 1570 756 1624 venibus
782 1585 940 1640 Opem
965 1569 1128 1634 ferre,
1152 1569 1356 1625 etenim
1385 1571 1490 1625 hoc
1517 1571 1774 1643 praecepit
1799 1573 2110 1629 communis

527 1661 788 1730 magister
815 1667 1024 1715 noster.
1065 1659 1163 1715 His
1193 1659 1397 1717 auditis
1436 1662 1596 1717 beata
1628 1663 1800 1735 virgo,
1831 1663 2004 1718 instar
2026 1665 2110 1718 in-

529 1751 758 1806 fantium
778 1751 1316 1820 lactentium,erupit
1345 1752 1400 1806 in
1429 1752 1718 1823 lacrymas.
1747 1753 1854 1808 Illre
1877 1769 2109 1809 concur-

529 1855 735 1908 rentes,
782 1842 1088 1913 posthabita
1142 1844 1575 1912 percontatione,
1631 1845 1894 1916 rogabant
1927 1853 1985 1900 ut
2029 1847 2103 1900 la-

529 1938 813 2008 erymandi
847 1937 1004 1990 (luem
1029 1937 1253 1992 faceret.
1297 1936 1475 2006 thue
1505 1937 1596 1990 illa
1625 1938 1956 2008 conquievit,
1984 1939 2108 1993 diu~

531 2037 752 2081 turnum
783 2029 964 2082 denuo
999 2026 1101 2080 fuit
1149 2027 1451 2102 silentium.
1501 2024 1710 2084 Exinde
1757 2045 1886 2085 vero
1913 2046 2108 2086 rursus

530 2121 893 2176 hortabantur
922 2121 1105 2175 illam:
1135 2135 1257 2190 qua:
1287 2122 1663 2176 misericordia
1690 2132 1984 2188 commota,
2011 2140 2112 2178 nec
2147 2125 2150 2128 ’

530 2211 788 2282 ignorans
811 2228 932 2282 qua:
964 2212 1179 2268 dictura
1209 2221 1355 2269 esset
1380 2228 1486 2267 non
1529 2213 1634 2268 sibi
1663 2214 1928 2269 honorem
1973 2215 2112 2269 alla-

531 2313 672 2370 tura,
703 2305 797 2360 sed
821 2306 1107 2361 utilitatem
1139 2306 1208 2360 iis
1229 2305 1322 2376 qui
1359 2305 1584 2360 aderant
1627 2305 1882 2374 insitura,
1912 2307 1985 2361 ita
2003 2323 2113 2363 ser-

531 2412 746 2452 monem
772 2411 898 2452 orsa
928 2404 1011 2452 est
1033 2413 1046 2449 ζ

2201 563 2276 626 ὡς
2318 562 2548 631 Δωρεὰν
2575 562 2808 626 ἔλαϐες,
2841 559 3066 628 δωρεὰν
3105 559 3228 626 δός.
3261 559 3370 613 Καί
3411 576 3586 630 φησιν
3606 575 3620 588 ·
3651 560 3787 630 Ὅρα

2206 655 2281 726 μὴ
2309 654 2406 726 τὴν
2447 654 2880 727 κρυψοτάλαντον
2920 653 3042 707 ἀντὶ⁵
3075 653 3166 706 τοῦ
3197 652 3386 706 δούλου
3418 652 3696 719 drancis-1;;
3719 652 3790 704 δί-

2205 765 2328 818 κην.
2347 747 2410 800 Ἠ
2439 747 2496 799 δὲ
2515 747 2866 818 πῴςῖαὑτοὺς
2897 746 2975 817 (a)
3005 742 3180 799 εἶπεν·
3209 744 3274 798 Τί
3299 744 3486 808 οὕτως
3512 746 3644 814 περὶ
3665 743 3789 813 ἐμοῦ

2202 840 2306 911 τῆς
2355 839 2682 912 ἁμαρτωλοῧ
2732 838 3090 910 φαντάζεσθε,
3127 837 3204 902 ὡς
3255 836 3622 908 πραττούσης
3668 853 3717 890 τι
3761 838 3789 904 ἦ

2205 933 2502 1005 λεγούσης;
2535 934 2730 988 Κοινδν
2756 932 2953 1004 ἔχομεν
2989 931 3304 986 διδάσκαλον
3324 931 3422 984 τὸν
3463 929 3709 1001 Κύριονο
3733 933 3791 984 ἐκ

2205 1028 2304 1097 τῆς
2330 1026 2501 1096 αὐτῆς
2540 1025 2722 1096 πηγῆς
2750 1023 3030 1094 ἀρυόμεθα
3053 1023 3126 1076 τά
3153 1022 3516 1094 πνευματικά
3554 1020 3788 1091 νάματα·

2207 1118 2271 1171 ἐκ
2304 1118 2412 1171 τῶν
2441 1115 2619 1171 αὐτῶν
2644 1116 2701 1170 δὲ
2745 1115 2929 1186 μαζῶν
2949 1113 3574 1184 γαλακτοτροφούμεθα,
3610 1113 3706 1182 τῆς
3741 1128 3791 1165 τε

2208 1210 2448 1274 Παλαιᾶς
2481 1209 2576 1264 καὶ
2613 1208 2714 1279 τῆς
2743 1207 2950 1278 Καινῆς
2990 1207 3284 1278 Διαθήκης.
3335 1206 3404 1258 Δί
3443 1204 3507 1258 δὲ
3542 1203 3684 1272 πρὸς
3709 1203 3792 1254 αὖ·

2207 1302 2307 1372 τήν
2339 1319 2503 1370 φασιν
2525 1318 2539 1332 '
2569 1300 2804 1371 Οἴδαμεν
2847 1300 2943 1353 καὶ
2981 1300 3162 1370 ἡμεῖς,
3191 1300 3271 1352 ὅτι
3321 1299 3428 1368 με,
3464 1297 3624 1348 ἐστιν
3653 1294 3793 1363 ἡμῶν

2209 1394 2575 1463 παιδαγωγὸς,
2612 1395 2646 1465 ή
2677 1391 2886 1464 Γραφὴ,
2916 1392 3011 1445 καὶ
3041 1392 3070 1444 ὀ
3098 1391 3259 1453 αὐτὸς
3289 1389 3630 1450 διδάσκαλος
3648 1405 3662 1416 ·
3693 1386 3795 1439 ἀλλ’

2210 1486 2347 1556 αὐτῇ
2371 1485 2444 1555 (b)
2465 1483 2798 1555 ὲπαγρύπνῳ
2818 1483 3020 1554 σπουδῇ
3042 1481 3356 1553 προέκοψας
3390 1484 3529 1544 ταῖς
3557 1481 3791 1549 ἀρεταῖς·

2211 1579 2304 1631 καὶ
2329 1577 2445 1630 δέον
2465 1575 2562 1639 τὰς
2601 1577 2658 1628 ὲν
2687 1574 2796 1640 ἕξει
2823 1574 2932 1628 τῶν
2962 1574 3144 1627 καλῶν
3176 1574 3510 1644 γενομένας,
3543 1572 3627 1633 ὡς
3653 1571 3798 1624 δυνα-

2208 1670 2472 1741 τωτέρας,
2523 1668 2880 1740 ἐπιπράττειν
2928 1671 3041 1730 τοῖς
3086 1665 3394 1737 μειρακίοις
3421 1680 3437 1694 ·
3473 1665 3577 1717 καὶ
3624 1663 3734 1736 γὰρ
3773 1665 3799 1714 6

2213 1763 2390 1826 κοινὸς
2423 1761 2578 1832 ἡμῶν
2605 1760 2920 1823 διδάσκαλος
2961 1758 3119 1811 τοῦτο
3145 1757 3619 1828 παρακελεύεται.
3659 1756 3720 1808 Ἠ
3745 1755 3797 1808 δὲ

2213 1851 2479 1923 μακαρία,
2534 1851 2706 1906 ταῦτα
2766 1849 3080 1912 ἀκούσασα,
3141 1848 3329 1918 ὥσπερ
3381 1848 3458 1901 τὰ
3518 1845 3797 1900 ὑποτίτθια

2213 1944 2406 2014 βρέφη,
2444 1941 2896 2014 ὲκλαυθμύριζεν.
2931 1943 2996 1994 Al
3043 1940 3101 1994 δὲ
3140 1939 3498 1993 συνελθοῦσαι
3530 1952 3546 1966 ‘
3590 1941 3651 1990 ὲν
3689 1937 3801 1990 δευ-

2210 2036 2354 2106 τέρῳ
2383 2034 2608 2106 θέμεναι
2651 2033 2746 2104 τὴν
2789 2034 3074 2104 ἐρώτησιν,
3111 2031 3462 2103 παρεκάλουν
3503 2030 3682 2100 αὐτὴν
3713 2028 3798 2081 τοῦ

2212 2126 2490 2198 κλαυθμοῦ
2544 2125 2872 2179 παύσασθαι.
2921 2124 3032 2178 Καὶ
3089 2123 3164 2188 ὡς
3219 2121 3518 2193 ἡσύχασεν,
3574 2122 3799 2174 ἐπιπολὺ

2217 2218 2377 2272 πάλιν
2422 2217 2620 2287 ἡσυχία
2663 2216 2895 2284 ἐγένετο.
2937 2211 3209 2285 Ἤρξαντο
3251 2213 3307 2266 δὲ
3345 2208 3508 2275 αὖθις
3547 2228 3798 2282 παρακα-

2219 2310 2330 2362 λεῖν
2358 2310 2544 2380 αὐτὴν.
2592 2309 2653 2361 'H
2695 2307 2772 2372 δὲ,
2813 2303 3288 2374 σπλαγχνισθεῖσα,
3333 2306 3428 2356 καὶ
3469 2303 3698 2372 γνοῦσα,
3723 2304 3800 2355 ὅτι

2218 2400 2287 2453 τά
2325 2400 2590 2471 λεγόμενα
2616 2400 2676 2452 οὐ
2726 2401 2880 2470 νέμει
2917 2397 3054 2467 αὐτῇ
3088 2394 3326 2459 ἔπαινον,
3358 2398 3480 2460 ταῖς
3510 2395 3568 2448 δὲ
3601 2394 3801 2466 παρού-

533 2507 653 2555 σαις
678 2491 1036 2563 κατασπείρει
1063 2491 1349 2560 ὠφέλειαν,
1392 2490 1594 2562 ἤρξατο
1624 2491 1802 2561 λέγειν
1833 2493 1969 2565 πρὸς
2009 2493 2174 2559 αὐτὰς
2204 2495 2374 2559 οὕτως
2401 2509 2417 2524 ⁸

601 2603 691 2658 22.
729 2603 954 2672 Filiolaa,
981 2604 1164 2658 cuncti
1191 2619 1256 2658 ac
1287 2615 1500 2659 cuncta:
1529 2606 1802 2670 novimus,
1821 2621 1930 2677 qua
1956 2607 2113 2662 ratio-

533 2711 602 2750 ne
637 2697 866 2752 salutem
899 2711 1326 2766 consequamur,
1373 2698 1468 2752 sed
1493 2697 1706 2751 incuria
1747 2696 2052 2754 decidimus
2082 2713 2111 2751 a

532 2788 726 2845 salute.
750 2787 932 2845 Primo
963 2791 1107 2844 enim
1134 2797 1351 2860 oportet
1377 2805 1440 2845 ea
1463 2805 1684 2846 servare
1716 2807 1838 2862 qua:
1858 2807 1957 2862 per
2002 2791 2111 2845 Do—

533 2882 663 2936 mini
689 2881 920 2952 gratiam
947 2881 1144 2937 tradita
1163 2882 1320 2938 nobis
1343 2891 1492 2938 sunt.
1521 2882 1661 2937 Sunt
1689 2890 1871 2938 autem
1889 2883 2109 2939 isthmc:

533 2972 734 3044 Diliges
781 2974 1066 3029 Dominum
1100 2975 1265 3030 Deum
1290 2984 1438 3029 tuum
1476 2991 1541 3030 ex
1565 2985 1675 3030 tota
1702 2977 1882 3030 anima
1914 2984 2026 3042 tua,
2065 2984 2113 3028 et

2285 2609 2374 2665 2‘2.
2413 2607 2634 2672 Τεκνία,
2670 2610 2868 2672 πάντες
2915 2611 3010 2662 καὶ
3052 2611 3223 2663 πᾶσαι
3257 2607 3318 2661 τὸ
3363 2605 3604 2676 σωθῆναι
3656 2606 3794 2658 0'31-

2220 2719 2337 2774 μεν,
2384 2699 2520 2753 ἀλλά
2561 2699 2650 2753 διά
2695 2699 2792 2768 τῆς
2828 2699 3034 2762 οἰκείας
3076 2697 3333 2770 ἀμελείας
3374 2697 3474 2767 τῆς
3518 2696 3792 2766 mgis;

2217 2791 2640 2862 ἀπολειπόμεθα.
2677 2793 2768 2844 Δεῖ
2801 2791 2909 2863 γὰρ
2945 2791 3158 2860 πρῶτον
3198 2789 3266 2843 τά
3302 2788 3390 2842 διά
3428 2789 3529 2858 τῆς
3571 2788 3792 2857 χάριτος

2217 2886 2311 2939 τοῦ
2351 2885 2553 2957 Κυρίου
2587 2884 2955 2956 γνωρισθέντα
2984 2883 3291 2952 φυλάττειν.
3331 2881 3451 2934 Εἰσὶ
3491 2881 3547 2933 δὲ
3582 2879 3788 2932 ταῦτα·

2233 2976 2582 3047 Ἀγαπήσεις
2632 2976 2741 3030 τὸν
2787 2978 3009 3044 Κύριον
3053 2975 3159 3029 τὸν
3193 2976 3340 3029 Θεόν
3382 2990 3500 3028 σου
3535 2972 3608 3036 ἐξ
3650 2972 3795 3036 ὅλης

531 3067 832 3134 proximum
865 3074 1010 3120 tuum
1033 3067 1170 3121 sicut
1193 3068 1410 3135 teipsum
1441 3067 1505 3121 “.
1522 3066 1598 3121 Ex
1625 3067 1774 3122 hisce
1791 3067 2113 3138 principium

2220 3069 2329 3138 τῆς
2361 3068 2570 3138 ψυχῆς
2592 3084 2731 3134 σου,
2752 3069 2850 3122 καὶ
2883 3067 2991 3122 τὸν
3017 3068 3286 3137 πλησίον
3312 3083 3424 3120 σου
3444 3066 3527 3132 ὡς
3547 3066 3792 3118 ἑαυτόν.

537 3157 671 3226 legis
704 3166 974 3222 servatur,
1011 3159 1067 3213 in
1097 3159 1184 3213 his
1213 3159 1560 3228 conquiescit
1590 3160 1782 3229 gratia:
1806 3159 2108 3230 plenitudo.

535 3245 723 3304 Brevis
753 3239 997 3319 quidem‘
1016 3257 1101 3305 est
1131 3250 1417 3306 verborum
1453 3267 1644 3319 sonus,
1674 3250 1771 3306 sed
1815 3251 1982 3306 multa
2011 3251 2112 3306 im-

537 3355 833 3410 mensaque
863 3341 917 3395 in
947 3343 1027 3397 eis
1059 3341 1255 3397 virtus.
1291 3342 1368 3396 Ex
1407 3343 1492 3399 his
1511 3345 1659 3398 enim
1698 3343 1941 3414 pendent
1977 3359 2113 3397 cun-

535 3439 624 3487 cta
653 3431 845 3488 animae
870 3433 1040 3488 utilia.
1059 3432 1423 3506 Testaturque
1443 3435 1646 3492 Paulus
1664 3435 1824 3492 linem
1844 3437 1977 3508 legis
1993 3453 2114 3490 esse

537 3523 857 3580 charitatem
891 3526 957 3582 “.
983 3525 1164 3593 Quare
1185 3528 1450 3599 quidquid
1485 3529 1735 3585 homines
1767 3529 1900 3584 utile
1929 3545 2117 3584 secun-

537 3615 668 3670 dum
705 3617 933 3688 gratiam
971 3617 1207 3689 Spiritus
1244 3621 1503 3686 dixerint,
1533 3638 1599 3676 ex
1639 3622 1904 3679 charitate
1942 3622 2117 3676 oritur

537 3715 605 3850 et]
623 3709 677 3762 in
716 3723 834 3764 eam
861 3707 1083 3767 desinit.
1119 3711 1376 3784 Adeoque
1406 3714 1521 3769 haec
1565 3721 1650 3770 est
1700 3714 1871 3780 salus,
1916 3714 2115 3785 duplex

538 3811 568 3850 c
613 3798 807 3850 aritas.

538 3798 807 3854 Charitas.

2233 3163 2326 3214 Ἐκ
2367 3161 2569 3215 τούτων
2603 3162 2635 3232 ἡ
2689 3159 2830 3232 ἀρχὴ
2879 3159 2974 3213 τοῦ
3021 3159 3187 3231 νόμου
3236 3159 3578 3230 φυλάττεται,
3613 3158 3714 3210 καὶ
3743 3159 3798 3208 ἐν

2219 3252 2392 3322 τούτῳ
2422 3252 2483 3306 τὸ
2512 3252 2784 3324 πλήρωμα
2814 3251 2914 3322 τῆς
2944 3251 3165 3323 χάριτος
3197 3249 3621 3305 ὲπαναπαύεται.
3661 3249 3802 3320 Βρα-

2220 3349 2342 3416 χεῖα
2375 3346 2470 3416 μὲν
2514 3343 2609 3398 τοῦ
2664 3345 2823 3414 λόγου
2865 3347 2898 3415 ὴ
2947 3343 3275 3416 ὲκφώνησις,
3321 3344 3454 3396 ἀλλά
3491 3343 3668 3413 πολλὴ
3709 3348 3800 3394 καὶ

2221 3438 2445 3509 ἄπειρος
2478 3439 2510 3508 ή
2551 3438 2608 3490 ὲν
2643 3437 2815 3508 τούτῳ
2851 3437 3040 3490 τούτου
3069 3436 3316 3505 δύναμις.
3362 3435 3543 3488 Πάντα
3583 3435 3702 3506 γὰρ
3735 3437 3800 3486 τὰ

2221 3524 2512 3595 ψυχωφελῆ
2543 3525 2606 3578 ὲκ
2634 3523 2836 3577 τούτων
2865 3525 3158 3596 ἤρτηνταια
3207 3525 3301 3578 καὶ
3342 3527 3607 3596 μαρτυρεί
3653 3524 3805 3577 Παῦ-

2222 3616 2330 3680 λος,
2360 3615 2531 3684 λέγων
2569 3615 2644 3678 ὼς
2675 3616 2826 3681 τέλος
2869 3616 3034 3686 νόμου
3080 3611 3219 3669 εἶναι
3248 3615 3347 3688 τὴν
3386 3615 3624 3685 ἀγάπην.
3661 3616 3801 3668 Ὅσα

2227 3707 2326 3779 μὲν
2352 3704 2444 3761 οὖν
2484 3709 2534 3759 oi
2567 3706 2842 3778 ἅνθρωποι
2873 3710 3118 3778 χρήσιμα
3147 3707 3288 3761 κατά
3314 3707 3468 3777 χάριν
3487 3704 3579 3758 τοῦ
3617 3706 3799 3758 Πνεύ-

2227 3815 2394 3869 ματος
2442 3797 2688 3863 εἴπωσιν,
2735 3798 2800 3851 ὲκ
2851 3797 2951 3868 τῆς
2994 3796 3213 3867 ἀγάπης
3259 3796 3394 3861 ἐστὶ,
3441 3796 3534 3849 καὶ
3575 3796 3664 3858 είς
3709 3795 3804 3848 αὖ⁹

539 3895 641 3964 τὴν
683 3894 926 3968 τελευτᾷ.
965 3896 1030 3950 Ἠ
1071 3890 1164 3951 οὖν
1198 3899 1443 3970 σωτηρία
1487 3898 1625 3971 αὕτη
1671 3898 1838 3966 ἐστὶν,
1886 3900 1920 3971 ἡ
1961 3897 2124 3968 διπλῆ
2159 3894 2343 3965 ἀγάπη

607 4007 701 4064 25.
735 4007 801 4062 Ει
840 4008 974 4064 illud
997 4018 1257 4080 prasterea
1281 4009 1615 4074 addendum,
1653 4009 1800 4080 quod
1829 4025 1896 4064 ex
1921 4008 2112 4064 eadem

542 4102 812 4156 cliaritate
839 4101 1228 4171 proﬁciscitur,
1261 4110 1323 4158 ut
1372 4118 1713 4174 unaquaeque
1744 4109 1992 4158 nostrum
2038 4100 2117 4154 in-

545 4193 754 4262 telligat
781 4192 911 4262 quid
933 4193 1005 4247 sit
1036 4201 1292 4265 appetere
1329 4194 1559 4263 majora.
1593 4193 1984 4248 Hzrsitantibus
2009 4192 2117 4246 illis

543 4298 608 4338 ac
630 4282 810 4338 denuo
827 4283 1308 4354 interrogantibus,
1344 4284 1624 4356 respondit
1659 4285 1747 4339 illa
1781 4284 1939 4339 :Non
1960 4284 2117 4354 igno-

545 4377 680 4432 ratis
717 4377 1032 4447 parabolam
1070 4375 1348 4446 Evangelii
1381 4376 1449 4431 de
1491 4377 1813 4441 centesimo,
1843 4377 2119 4447 sexagesi-

548 4484 658 4534 mo,
681 4476 735 4524 et
767 4467 1063 4524 tricesimo.
1101 4467 1466 4524 Centenarius
1502 4484 1786 4532 numerus,
1819 4477 2007 4523 nostra
2036 4476 2121 4524 est

546 4561 849 4633 professio;
878 4561 1292 4632 sexagenarius,
1340 4560 1738 4614 continentium
1777 4569 1986 4630 status;
2023 4563 2124 4616 tri-

546 4652 820 4718 cenarius,
859 4651 914 4706 in
940 4651 1194 4706 castitate
1254 4649 1530 4721 coniugali
1562 4650 1878 4706 viventium.
1899 4649 1964 4704 Et
1993 4666 2124 4720 prae-

547 4746 758 4799 clarum
793 4742 1014 4814 quidem
1050 4751 1136 4798 est
1169 4758 1200 4796 a
1227 4743 1508 4799 tricesimo
1531 4741 1769 4798 transire
1799 4742 1856 4796 in
1893 4757 2118 4812 sexage-

546 4839 768 4902 simum,
793 4836 922 4907 quia
948 4851 979 4890 a
1009 4835 1254 4892 minimis
1287 4834 1356 4889 ad
1387 4834 1595 4904 majora
1622 4834 1908 4904 pervenire
1945 4848 2124 4904 Operae

546 4931 780 5003 pretium
809 4939 912 4986 est.
960 4931 1007 4984 Α
1036 4929 1338 4999 majoribus
1387 4936 1570 4984 autem
1601 4928 1672 4983 ad
1718 4927 1933 4984 minora
1978 4928 2122 4982 bona

544 5020 900 5086 descendere,
933 5036 1044 5076 non
1076 5027 1233 5076 vacat
1260 5020 1525 5091 periculo.
1557 5018 1695 5074 Nam
1731 5020 1822 5090 qui
1856 5019 2024 5074 semel
2055 5018 2122 5073 ad

543 5111 818 5167 deteriora
853 5111 1049 5182 vergit,
1087 5126 1190 5166 nec
1219 5111 1273 5165 in
1304 5110 1538 5166 modicis
1573 5110 1877 5166 consistere
1917 5118 2120 5180 potest,

544 5204 641 5260 sed
668 5203 816 5259 velut
845 5202 912 5258 ad
955 5201 1286 5272 profundum
1336 5202 1598 5274 perniciei
1634 5201 1824 5257 fertur.
1860 5200 2120 5267 Quaedam

543 5295 713 5365 igitur
737 5295 1044 5350 castitatem
1068 5293 1345 5364 pollicitae,
1366 5307 1432 5350 ac
1455 5309 1520 5349 ex
1553 5293 1720 5347 animi
1749 5293 2122 5348 imbecillitate

467 5401 470 5406 '
547 5383 777 5448 allectat,
804 5390 1070 5439 excusant
1090 5383 1478 5439 excusationes
1497 5381 1550 5437 in
1576 5385 1836 5453 peccatis.
1863 5381 1996 5436 Nam
2016 5381 2122 5436 sibi

2290 4005 2378 4059 25.
2409 4007 2500 4058 Δεῖ
2528 4006 2585 4059 δὲ
2629 4005 2722 4059 καὶ
2761 4004 2921 4058 τοῦτο
2971 4001 3383 4077 προσθεῖναι,ὲξ
3428 4001 3593 4072 αὐτῆς
3633 4004 3802 4057 πάλιν

2220 4098 2502 4169 τυγχάνον,
2536 4099 2596 4152 τὸ
2633 4098 2868 4169 ἑκάστην
2885 4094 3526 4170 ήμῶνὲπιγινώσκουσαν
3567 4097 3594 4149 ὃ
3643 4096 3800 4151 ἐστιν

2222 4191 2331 4246 τῶν
2356 4190 2616 4261 μειζόνων
2643 4189 2909 4259 ἐφίεσθαι.
2926 4191 2989 4242 Αἱ
3016 4189 3073 4242 δε
3094 4189 3331 4260 ἠπόρουν
3353 4187 3485 4259 πρὸς
3509 4187 3571 4239 τὸ
3585 4187 3802 4259 λεχθὲν,

2224 4285 2319 4337 καὶ
2358 4279 2513 4347 αὖθις
2550 4283 2896 4354 ἀντηρὼτων.
2931 4283 2999 4336 Ἦ
3040 4283 3097 4336 δὲ
3145 4282 3279 4354 πρὸς
3308 4281 3472 4343 αὐτὰς
3511 4279 3610 4350 ἔφη
3634 4298 3649 4310 ·
3691 4283 3806 4334 Οὐκ

2224 4375 2466 4443 ἀγνοεῖτε
2497 4374 2595 4445 τὴν
2629 4377 2687 4428 ὲν
2715 4373 2792 4444 τῷ
2825 4372 3141 4444 Εὐαγγελίῳ
3179 4370 3489 4443 παραϐολὴν
3526 4371 3658 4439 περὶ
3695 4371 3806 4424 τῶν

2230 4473 2296 4538 ρ’,
2321 4467 2415 4520 καὶ⁵
2431 4466 2494 4533 ξ’,
2519 4467 2612 4520 καὶ
2635 4466 2676 4520 λ’
2692 4485 2704 4498 ·
2724 4467 2756 4537 ἡ
2779 4465 2877 4537 μὲν
2895 4462 2986 4520 οὖν
3007 4464 3298 4528 ὲκατοντάς
3318 4465 3430 4516 ἐστι
3447 4463 3507 4515 τὺ
3534 4461 3808 4532 ἡμέτερον

2228 4556 2580 4627 ἐπάγγελμαο
2616 4557 2650 4626 ἡ
2679 4554 2736 4607 δὲ
2785 4553 3078 4622 ὲξακοντάς
3119 4554 3231 4605 ἐστι
3272 4550 3333 4604 τὸ
3368 4550 3475 4602 τῶν
3517 4547 3807 4618 ὲγκρατῶν

2225 4648 2445 4719 τάγμα·
2491 4649 2526 4718 ἡ
2569 4647 2625 4700 δὲ
2674 4646 3000 4718 τριακοντάς
3038 4644 3145 4697 τῶν
3189 4642 3476 4713 σωφρόνως
3520 4639 3803 4709 βιούντων,

2227 4741 2340 4794 Καὶ
2361 4739 2468 4792 ἀπὺ
2515 4739 2613 4809 μὲν
2645 4737 2754 4794 τῶν
2797 4737 3090 4809 τριάκοντα
3118 4735 3210 4788 ἐπὶ
3251 4734 3320 4787 τά
3348 4733 3608 4802 ἐξήκοντα
3641 4733 3807 4784 καλὸν

2231 4830 2527 4902 μεταϐῆναι
2546 4848 2558 4860 ·
2590 4829 2698 4883 ἀπὸ
2728 4829 2837 4901 γάρ
2862 4829 2970 4882 τῶν
3005 4826 3214 4900 μικρῶν
3242 4827 3332 4879 ἐπὶ
3358 4825 3425 4878 τὰ
3461 4822 3688 4894 μείζονα
3711 4842 3806 4876 κα-

2228 4922 2316 4978 λὸν
2360 4921 2689 4993 προκόπτειν
2709 4937 2722 4952 ·
2760 4920 2868 4975 ἀπὸ
2898 4921 2954 4974 δὲ
2995 4919 3101 4972 τῶν
3143 4916 3401 4989 μειζόνων
3429 4915 3519 4967 ἐπὶ
3550 4913 3617 4967 τὰ
3650 4914 3807 4967 ὲλάτ-

2228 5032 2355 5069 τονα
2385 5014 2763 5086 κατατρέχειν,
2795 5011 3152 5065 ἐπικίνδυνον.
3188 5010 3244 5062 '0
3261 5008 3368 5078 γάρ
3416 5005 3566 5070 ἅπαξ
3609 5006 3806 5068 νεύσας

2228 5109 2320 5162 ἐπὶ
2343 5108 2412 5162 τά
2439 5108 2626 5178 χείρω,
2661 5107 2784 5160 οὐδὲ
2830 5107 2889 5159 ἐν
2935 5107 3046 5167 τοῖς
3077 5102 3273 5170 ὀλίγοις
3308 5101 3497 5170 στῆναι
3540 5100 3798 5152 δύναται·

2227 5198 2340 5252 ἀλλ’
2387 5197 2576 5268 ὥσπερ
2616 5197 2674 5249 ὲν
2721 5194 2868 5266 βυθῷ
2907 5193 3008 5262 τῆς
3050 5189 3322 5254 ἀπωλείας
3363 5189 3608 5260 φέρεται.
3647 5188 3798 5248 Τινὲς

2223 5288 2374 5359 γοῦν,
2401 5288 2701 5358 παρθενίαν
2730 5283 3212 5354 ἐπαγγελλόμεναι,
3246 5281 3338 5334 καὶ
3376 5278 3633 5340 ἀσθενοῦς
3658 5275 3798 5344 γνὼ-

2226 5398 2333 5453 μης
2363 5380 2454 5434 τὸν
2475 5378 2734 5449 λογισμὸν
2763 5375 3188 5448 ὑποσυρόμεναι,
3215 5370 3515 5444 προφάσεις
3541 5371 3598 5426 ὲν
3625 5369 3802 5438 ἁμαρ

545 5475 701 5545 ipsis,
731 5476 842 5532 imo
870 5476 1054 5546 potius
1085 5474 1307 5531 diabolo
1327 5474 1522 5530 dicunt
1552 5493 1567 5531 :
1600 5476 1738 5529 Dum
1766 5474 1962 5545 pudice
1987 5475 2113 5543 (imo

2220 5472 2366 5535 τίαις
2395 5469 2846 5544 προφασίζονται.
2877 5468 3022 5539 Πρὸς
3047 5465 3155 5538 γὰρ
3179 5463 3379 5528 ἑαυτὰς
3407 5462 3642 5531 λέγουσι,
3671 5457 3800 5532 μει.

620 5630 666 5662 ⁸⁷
706 5631 898 5689 Matth.
934 5649 1006 5699 ι.
1041 5633 1096 5689 8.
1173 5632 1220 5666 ⁸⁸
1260 5631 1452 5690 Matth.
1491 5648 1642 5700 ml,
1683 5633 1770 5689 57.
1849 5633 1892 5668 ⁸⁸
1933 5631 1949 5686 I
1987 5631 2128 5686 Tim.
2168 5647 2207 5698 ι,
2245 5631 2294 5686 5.

621 5794 698 5867 (a)
723 5793 901 5858 Forte,
934 5794 1121 5860 αὑτάς.
1157 5793 1292 5849 Ευιτ

2303 5789 2376 5860 (b)
2413 5788 2550 5858 Lege
2577 5788 2736 5857 αὐτή.
2769 5785 2843 5842 In.
