3976 6388
247 343 380 400 1501

1377 357 1535 414 VlTA
1569 357 1861 416 SANCTIE
1903 361 2380 425 SYNCLETICAE.

3360 375 3498 432 {502

241 457 336 513 λον
359 458 417 513 δέ
458 459 597 531 πρὸς
647 460 742 514 τὸν
783 461 1046 528 διάϐολον,
1086 465 1168 520 ὅτι
1207 468 1331 522 Ἐὰν
1389 469 1486 540 μὲν
1530 470 1809 542 σωφρόνως

1920 478 2260 552 insipienter)
2294 483 2612 551 vixerimus,
2669 487 3018 543 tricenarium
3068 488 3260 544 saltem
3296 504 3494 547 conse-

241 550 468 624 (μᾶλλον
498 550 553 604 δὲ
576 552 846 625 ἀφρόνως)
907 555 1213 628 βιώσωμεν,
1249 560 1350 614 κᾶν
1379 559 1473 614 τοῦ
1501 563 1821 634 τριακοστοῦ

239 642 540 713 ἀξιούμεθα
563 660 578 675 ’
616 645 711 697 καὶ
747 647 855 719 γάρ
885 664 1068 718 φησιν,
1106 650 1182 715 ὡς
1225 654 1372 705 πᾶσα
1405 654 1437 724 ὴ
1473 654 1683 708 [Ιαλαιά
1723 655 1822 726 τῆς

239 733 585 797 παιδοποιίας
626 734 823 807 εἴχετο.
867 739 1109 795 Γνωστὸν
1147 738 1239 797 οὖν
1285 743 1423 798 ἐστω
1454 745 1553 817 τὴν
1597 744 1820 817 γνώμην

235 822 443 893 ταύτην
480 823 576 876 τοῦ
620 825 815 897 ἐχθροῦ
865 823 1022 884 εἶναι.
1060 831 1116 885 '0
1154 831 1262 903 γὰρ
1297 835 1360 886 ἐκ
1403 833 1511 886 τῶν
1559 833 1818 905 μειζόνων

235 915 331 969 ἐπὶ
367 915 440 970 τὰ
475 914 683 971 ἐλάττω
715 919 978 991 ἀγόμενος
1005 922 1109 976 ὑπὸ
1142 925 1233 978 τοῦ
1263 926 1502 979 ἐναντίου
1531 927 1818 996 βάλλεται·

235 1007 427 1080 ὥσπερ
460 1009 568 1080 γάρ
612 1011 948 1082 στρατιώτης
995 1015 1190 1085 φυγὰς,
1247 1020 1276 1071 ὀ
1307 1018 1466 1072 τοῦτο
1505 1019 1637 1090 δράς
1690 1021 1811 1092 κρί-

233 1118 386 1155 νεται
405 1117 420 1132 ⁸
455 1102 548 1156 καὶ
587 1103 685 1174 οὐχ
711 1105 790 1157 ὅτι
819 1106 956 1174 πρὸς
977 1107 1076 1179 τὴν
1099 1107 1305 1163 ἐλάττω
1330 1111 1617 1181 στρατείαν
1650 1115 1822 1183 κεχώ-

239 1209 401 1263 ρηκε,
426 1192 758 1265 συγγνώμης
787 1196 1064 1261 ἀξιοῦται·
1096 1199 1210 1252 ἀλλ’
1248 1200 1329 1253 ὅτι
1351 1201 1580 1274 ἀπέδρα,
1610 1203 1708 1274 τὴν
1741 1222 1821 1257 τι-

236 1284 452 1356 μωρίαν
492 1284 774 1354 λαμϐάνει.
808 1290 898 1341 Δεῖ
918 1285 1032 1353 οὖν,
1075 1291 1258 1354 καθὼς
1303 1297 1582 1364 προεῖπον,
1615 1297 1678 1348 ἐκ
1709 1295 1813 1350 τῶι

231 1375 531 1428 ἐλαττόνων
553 1376 646 1430 ἐπὶ
672 1377 740 1431 τά
761 1377 872 1448 (78)
903 1381 1266 1454 προσϐαίνειν.
1285 1387 1392 1439 Καὶ
1420 1387 1575 1441 τοῦτο
1598 1389 1627 1441 ὁ
1655 1389 1812 1442 Ἀπό-

232 1467 418 1531 στολος
430 1468 686 1534 διδάσκει,
705 1469 776 1533 ὡς
804 1471 926 1525 Τῶν
947 1473 1195 1528 ὄπισθεν
1212 1476 1811 1549 ἐπιλανθανομένους,

230 1558 358 1625 τοῖς
399 1560 740 1628 ἔμπροσθεν
778 1563 1220 1620 ἐπεκτείνεσθαι
1257 1568 1394 1637 χρή.
1440 1571 1530 1624 Δεῖ
1565 1567 1657 1625 οῦν
1686 1573 1812 1637 τοὺς

228 1653 332 1723 τὴν
362 1654 691 1708 ἐκατοντάδα
716 1657 1070 1727 κρατοῦντας,
1107 1659 1309 1730 ταύτην
1334 1661 1413 1725 είς
1435 1663 1660 1727 ἐαυτοὺς
1682 1665 1812 1718 ἀνα-

1926 588 2158 643 quemur
2188 594 2201 630 :
2229 592 2463 647 namque
2497 579 2687 636 aiunt:
2726 579 2861 635 Tota
2891 582 2977 637 lex
3004 593 3162 638 vetus
3195 582 3494 640 liberorum

1927 667 2332 736 susceptionem
2363 671 2714 740 praedicabat.
2744 672 2968 730 Noverit
3002 691 3132 746 ergo
3161 679 3250 746 qui
3282 676 3338 731 in
3389 677 3492 732 ista

1927 767 2179 814 versatur
2217 763 2508 828 sententia,
2545 781 2662 820 eam
2694 766 2900 821 inimici
2933 782 3075 822 esse.
3108 766 3243 822 Nam
3275 767 3366 839 qui
3423 783 3492 822 ex

1923 847 2225 916 majoribus
2257 850 2324 904 ad
2356 853 2566 909 minora
2596 856 2833 922 devenit,
2852 857 2921 912 ab
2952 857 3264 914 adversario
3301 857 3493 928 dejici-

1919 943 2029 1001 tur,
2079 949 2246 1011 atque
2276 943 2450 999 instar
2477 947 2663 1004 militis
2700 949 2994 1021 transfugae
3030 949 3308 1020 judicatur
3341 970 3354 1007 :
3387 965 3489 1004 nec

1917 1032 2044 1099 quia
2071 1033 2136 1086 ad
2161 1034 2473 1092 inferiorem
2503 1039 2753 1095 militiam
2785 1043 3004 1098 transiit
3041 1044 3198 1099 venia
3229 1042 3485 1107 donatur,

1921 1121 2017 1176 sed
2046 1122 2172 1191 quia
2206 1125 2435 1199 aufugit,
2460 1143 2651 1200 poenas
2675 1131 2788 1186 dat.
2813 1130 3038 1202 Oportet
3063 1134 3248 1204 igitur,
3294 1142 3354 1188 ut
3379 1149 3480 1190 su-

1919 1209 2104 1277 perius
2134 1211 2268 1276 dixi,
2301 1230 2332 1267 a
2364 1216 2665 1273 minoribus
2691 1220 2942 1292 progredi
2988 1222 3056 1277 ad
3089 1223 3370 1279 ulteriora.
3401 1223 3488 1277 ld-

1921 1313 2028 1370 que
2058 1300 2216 1358 docet
2243 1304 2539 1376 Apostolus
2571 1330 2584 1366 :
2623 1312 2756 1378 Qua:
2782 1323 2920 1368 retro
2949 1326 3070 1370 sunt
3099 1315 3484 1381 obliviscentes,

1919 1390 1990 1445 ad
2015 1410 2079 1449 ea
2105 1411 2222 1466 qua:
2243 1409 2366 1452 sunt
2393 1403 2573 1468 priora
2595 1405 2854 1459 cxtendite
2871 1422 2958 1460 vos
2983 1407 3049 1458 '°.
3081 1405 3186 1460 Par
3214 1416 3296 1462 est
3320 1406 3486 1478 igitur

1918 1496 2014 1540 eos
2039 1485 2132 1555 qui
2165 1493 2541 1546 centenarium
2571 1493 2876 1560 obtinuere,
2917 1497 3068 1550 illum
3097 1496 3162 1551 ad
3197 1512 3259 1552 se
3305 1496 3484 1551 revol-

1917 1592 2064 1646 vere,
2100 1595 2200 1636 nec
2237 1584 2530 1639 terminum
2561 1603 2790 1642 numero
2817 1591 2967 1644 dare.
2992 1589 3079 1643 Ait
3107 1589 3250 1644 enim
3286 1607 3301 1643 :
3350 1587 3484 1645 Cum

1915 1666 2146 1736 feceritis
2179 1673 2376 1739 omnia,
2408 1674 2564 1729 dicite
2597 1692 2616 1729 :
2643 1675 2794 1732 Servi
2827 1678 3038 1732 inutiles
3061 1695 3242 1733 sumus
3273 1679 3340 1734 τί.

231 1745 604 1841 κυκλοῦνηκαὶ
626 1747 801 1841 ,πέρας
836 1748 911 1822 μὴ
937 1749 1132 1803 διδόναι
1159 1750 1236 1822 τῷ
1263 1752 1502 1824 ἀριθμῷ.
1531 1755 1668 1826 Φησὶ
1727 1755 1856 1830 γὰρ,
1898 1759 1979 1812 ὃτι
2024 1763 2123 1815 Ἂν
2152 1762 2448 1834 ποιήσητε
2493 1766 2566 1821 τὰ
2609 1770 3111 1841 προστεταγμένα,
3137 1771 3361 1837 εἴπατε,
3394 1770 3484 1825 ὅτι

235 1836 449 1890 Δοῦλοι
474 1835 704 1904 ἀχρεῖοί
732 1838 937 1907 ἐσμεν.

299 1926 392 1982 24.
418 1929 512 1980 Δεῖ
543 1923 639 1982 οὖν
684 1929 832 1998 ἡμᾶς
861 1930 959 1994 τὰς
998 1931 1059 1984 τὸ
1086 1932 1405 2005 ἐπάγγελμα
1442 1934 1599 1990 τοῦτο
1649 1938 1809 1990 ἐπαν-

1983 1938 2072 1994 24.
2098 1940 2229 2012 (78')
2254 1939 2365 1998 Nos
2394 1942 2573 2015 itaque
2595 1961 2715 2014 quae
2745 1946 3057 2015 hujusmodi
3087 1949 3484 2020 professionem

227 2017 540 2091 ῃρημένας,
579 2019 928 2091 σωφροσύνην
952 2020 1049 2093 τὴν
1081 2024 1159 2085 είς
1183 2023 1349 2096 ἀκρον
1391 2026 1660 2097 κατέχειν.
1701 2028 1810 2082 Καὶ

228 2109 337 2181 γάρ
361 2110 454 2163 καὶ
482 2111 631 2182 παρά
690 2114 808 2175 ταῖς
861 2118 1096 2185 κοσμικῇ
1135 2115 1282 2169 δοκεῖ
1313 2118 1629 2190 σωφροσύνη
1660 2119 1809 2174 πολι-

226 2199 500 2265 τεύεσθαι,
542 2200 678 2255 ἀλλά
722 2203 1097 2275 συμπάρεστιν
1139 2207 1331 2270 αὐταῖς
1373 2211 1467 2261 καὶ
1499 2209 1801 2282 ἀφροσύνη,

227 2291 317 2346 διὰ
349 2293 412 2346 τὸ
457 2295 577 2357 ταῖς
623 2292 812 2358 ἄλλαις
847 2295 1051 2361 πάσαις
1096 2296 1412 2368 αἰσθήσεσιν
1454 2301 1806 2371 ἁμαρτάνειν.

229 2384 338 2439 Καὶ
380 2384 488 2456 γάρ
532 2383 732 2457 ὁρῶσιν
775 2387 1061 2459 ἀπρεπῶς,
1111 2389 1205 2442 καὶ
1247 2389 1478 2457 γελῶσιν
1533 2392 1805 2457 ἀτάκτως.

240 2476 431 2547 Ἡμεῖς
467 2477 544 2539 δὲ,
585 2476 818 2548 μάλιστα
860 2480 955 2534 καὶ
993 2479 1164 2534 ταῦτα
1205 2480 1490 2552 ἀφέμεναι,
1522 2484 1809 2537 ἐπαναὸῶ-

231 2586 330 2640 μεν
358 2572 481 2634 ταῖς
511 2571 753 2642 ἀρεταῖς,
785 2572 880 2625 καὶ
923 2572 1031 2626 ἀπὸ
1061 2573 1169 2625 τῶν
1199 2575 1492 2645 ὀφθαλμῶν
1521 2577 1808 2648 ἀφέλωμεν

227 2662 326 2734 τὴν
366 2663 602 2734 ματαίαν
647 2663 967 2732 φαντασίαν.
1018 2664 1130 2718 Καὶ
1166 2665 1275 2737 γάρ
1321 2683 1484 2737 φησιν
1517 2669 1548 2737 ἡ
1584 2649 1804 2739 Γραφήο

230 2757 294 2808 Ol
353 2755 648 2824 ὀφθαλμοί
694 2771 811 2809 σου
871 2755 1014 2823 ὀρθὰ
1056 2756 1489 2820 βλεπέτωσανσ
1548 2760 1643 2813 καὶ
1707 2760 1808 2830 τὴν

226 2847 470 2916 γλῶτταν
493 2846 722 2900 κωλύειν
751 2847 857 2899 τῶν
894 2847 1149 2903 τοιούτων
1185 2851 1617 2922 ἁμαρτημάτων.
1655 2852 1808 2907 Ἀθε-

229 2956 382 3010 μιτον
409 2938 518 3010 γάρ
552 2938 612 2992 τὸ
647 2939 754 2992 τῶν
795 2937 979 3009 ὕμνων
1023 2940 1256 3012 ὄργανον
1283 2944 1482 3014 αἰσχρά
1514 2944 1806 3016 προφέρειν

227 3033 470 3102 ῥήματα.
508 3031 582 3084 Οὐ
612 3029 772 3101 μόνον
802 3031 858 3085 δὲ
886 3030 1063 3100 λέγειν
1093 3033 1235 3086 αύτά
1256 3035 1638 3106 παραιτητέον,
1671 3035 1807 3089 ἀλλά

225 3125 322 3178 καὶ
355 3123 600 3179 ἀκούειν.
985 3182 993 3191 ,

292 3215 385 3270 25.
413 3214 598 3269 Ταῦτα
633 3214 689 3268 δὲ
725 3213 982 3269 ἀδύνατον
1023 3215 1326 3285 φυλάττειν,
1366 3216 1460 3271 ἐὰν
1509 3221 1629 3282 ταῖς
1675 3236 1806 3291 προ-

1910 2035 2273 2104 suscepimus,
2297 2034 2559 2092 debemus
2580 2039 2899 2108 pudicitiam
2927 2048 3112 2096 tenere
3147 2057 3478 2112 supremam.

1907 2123 2044 2178 Nam
2077 2127 2220 2197 apud
2247 2129 2539 2186 saeculares
2569 2145 2788 2202 quoque
2827 2131 3059 2188 feminas
3085 2131 3301 2188 videtur
3321 2134 3484 2205 pudi-

1907 2216 2037 2271 citia
2081 2219 2325 2287 versari;
2367 2228 2421 2273 at
2468 2221 2611 2276 inest
2655 2223 2764 2277 illis
2794 2221 3146 2294 insipientia,
3177 2225 3306 2295 quia
3356 2224 3483 2282 aliis

1907 2309 2163 2365 omnibus
2209 2311 2469 2367 sensibus
2501 2313 2762 2368 labuntur
2808 2321 2862 2368 et
2911 2323 3159 2384 peccant.
3189 2314 3481 2386 Aspiciuut

1907 2401 2048 2455 enim
2077 2401 2411 2472 indecenter,
2436 2419 2502 2460 ac
2519 2406 2694 2461 rident
2721 2405 2910 2462 eil‘use.
2943 2405 3053 2462 Nos
3076 2423 3204 2462 vero
3223 2407 3339 2462 haec
3363 2407 3481 2477 ipsa

1907 2496 2180 2566 praecipue
2205 2495 2545 2566 abjicicntcs,
2570 2497 2864 2553 virtutibus
2895 2499 3279 2564 ascendamus,
3314 2507 3480 2568 atque

1906 2589 1976 2642 ab
1999 2589 2175 2644 oculis
2207 2589 2519 2646 auferamus
2546 2589 2761 2645 inanem
2793 2591 3042 2661 quamvis
3069 2591 3228 2663 621
3251 2591 3480 2661 phantao

1907 2680 2066 2737 siam.
2102 2681 2380 2752 Siquidem
2418 2683 2495 2736 ait
2526 2682 2808 2753 Scriptura
2843 2703 2856 2738 :
2906 2683 3060 2739 Oculi
3096 2686 3174 2739 tui
3220 2696 3361 2738 recta
3389 2686 3468 2739 vi-

1904 2770 2063 2826 deant
2107 2773 2172 2828 ".
2202 2771 2463 2843 Linguam
2496 2790 2714 2844 quoque
2752 2777 3046 2846 reprimere
3077 2777 3338 2833 debemus
3394 2780 3464 2833 ab

1904 2865 2172 2935 ejusmodi
2195 2867 2456 2936 peccatis.
2486 2865 2650 2924 Nefas
2681 2869 2823 2923 enim
2847 2877 2930 2924 est
2954 2878 3013 2924 ut
3048 2870 3370 2941 hymnorum
3389 2887 3478 2926 or-

1903 2973 2104 3029 ganum
2149 2958 2312 3013 verba
2361 2959 2540 3029 turpia
2587 2959 2849 3029 proferat.
2907 2957 2983 3014 Ea
3012 2975 3140 3015 vero
3172 2977 3282 3016 non
3325 2962 3476 3017 dictu

1904 3048 2086 3114 modo,
2118 3050 2212 3105 sed
2239 3049 2428 3104 auditu
2460 3058 2587 3104 sunt
2623 3051 2946 3122 respuenda.

1974 3207 2068 3262 25.
2107 3206 2216 3278 (79)
2253 3205 2377 3261 Haec
2416 3215 2596 3261 autem
2643 3222 2860 3262 servare
2910 3221 3016 3261 non
3067 3207 3332 3271 valemus,
3367 3206 3476 3260 nisi

221 3307 363 3370 όδοις
425 3306 663 3377 συνεχῶς
711 3305 989 3377 χρώμεθα.
1037 3284 1139 3361 fma
1194 3309 1303 3379 γὰρ
1344 3310 1453 3362 τῶν
1505 3284 1806 3381 αἰσθήσεων

1915 3299 2035 3354 dum
2066 3299 2118 3352 in
2143 3299 2419 3368 publicum
2451 3299 2828 3369 progredimur
2862 3299 3202 3354 considerate
3229 3312 3476 3368 agamus.

221 3398 399 3470 ἡμῶν,
428 3398 528 3452 κᾶν
571 3399 645 3470 μὴ
699 3397 1035 3471 βουλώμεθα,
1075 3403 1124 3453 οἱ
1171 3400 1396 3454 κλέπται
1427 3401 1644 3457 εἰσίασι.
1681 3401 1806 3467 Πῶς

219 3491 329 3564 γάρ
360 3491 585 3546 δύναται
619 3487 782 3557 οἶκος,
823 3492 1027 3547 καπνοῦ
1070 3495 1135 3546 ἐκ
1187 3495 1296 3548 τῶν
1328 3494 1524 3562 ἔξωθεν
1556 3497 1806 3568 κινηθέν-

219 3594 333 3642 τος,
377 3578 472 3630 καὶ
513 3577 622 3633 τῶν
663 3578 890 3650 θυρίδων
925 3582 1263 3650 ἀνοιγεισῶν,
1317 3584 1390 3654 μὴ
1438 3585 1803 3654 μελαίνεσθαι.

232 3667 574 3736 Ἀναγκαίως
605 3664 699 3721 οὖν
733 3669 1112 3740 παραιτεῖσθαι
1157 3675 1421 3745 προσήκει
1458 3672 1556 3735 τὰς
1599 3675 1677 3736 είς
1707 3671 1806 3744 τὴν

217 3758 428 3830 ἀγορὰν
461 3758 820 3828 προελεύσεις.
852 3762 914 3815 El
942 3761 1048 3834 γὰρ
1082 3762 1317 3833 ἐπαχθὲς
1347 3763 1441 3816 καὶ
1468 3764 1604 3835 βαρὺ
1638 3762 1804 3834 ἡγού-

220 3849 362 3920 μεθα
417 3849 679 3918 ἀδελφοὺς
709 3851 802 3904 καὶ
829 3854 1006 3920 γονεῖς
1033 3855 1274 3924 γυμνοὺς
1305 3852 1623 3919 θεάσασθαι,
1656 3853 1807 3925 πόσῳ

220 3941 426 4014 μᾶλλον
485 3941 774 4007 ἐπιδλαὸἐς
831 3945 960 4015 ἡμῖν
1015 3942 1166 3997 ἔσται
1225 3943 1498 4016 θεωρῆσαι
1554 3945 1646 3997 ἐπὶ
1699 3943 1806 3998 τῶν

217 4035 496 4089 πλατειῶν
529 4035 655 4099 τοὺς
681 4035 943 4108 ἀπρεπῶς
973 4035 1450 4106 γεγυμνωμένους,
1482 4035 1563 4088 ἔτι
1598 4052 1661 4104 γε
1695 4036 1803 4106 μὴν

217 4130 316 4184 καὶ
359 4128 636 4182 ἀκόλαστα
681 4129 902 4201 ῥήματα
949 4128 1243 4197 λέγοντας;
1289 4128 1384 4180 Ἐκ
1440 4125 1644 4182 τούτων
1698 4126 1807 4198 γάρ

219 4221 512 4293 συμϐαίνει
555 4221 738 4292 ἀηδεῖς
776 4223 870 4276 καὶ
899 4220 1184 4293 λοιμώδεις
1230 4219 1530 4291 φαντασίας
1575 4221 1808 4293 προσέρ-

219 4314 441 4387 χεσθαι.

1905 3389 2009 3445 Per
2038 3405 2233 3445 sensus
2271 3390 2415 3444 enim
2465 3397 2702 3450 nostros,
2757 3389 2914 3443 nobis
2946 3388 3109 3443 etiam
3150 3389 3357 3453 invitis,
3393 3389 3478 3441 lli-

1905 3483 2228 3556 grediuntur
2271 3481 2436 3537 fures.
2483 3482 2766 3547 Quomodo
2815 3497 3051 3550 namque
3093 3482 3286 3536 domus
3329 3479 3478 3534 fumo

1905 3575 2249 3630 extrinsecus
2275 3573 2492 3626 admoto
2537 3573 2734 3641 poterit
2770 3587 2879 3626 non
2923 3571 3234 3641 denigrari?
3275 3570 3479 3636 Quam-

1905 3667 2090 3722 obrem
2130 3664 2440 3720 necessario
2479 3664 2736 3718 convenit
2779 3670 2834 3715 ul
2869 3679 2897 3716 a
2929 3661 3265 3732 profemibus
3302 3663 3356 3714 in
3394 3659 3479 3714 fu-

1905 3776 2024 3816 rum
2061 3759 2450 3816 abstineamus.
2489 3757 2621 3813 Nam
2655 3759 2700 3814 si
2737 3759 3025 3812 molestum
3057 3765 3111 3810 et
3152 3771 3314 3826 grave
3349 3772 3478 3810 cen-

1906 3869 2089 3910 semus
2120 3852 2303 3908 videre
2329 3851 2527 3906 fratres
2554 3860 2648 3906 aut
2697 3860 2947 3920 parentes
2989 3864 3218 3918 corpore
3261 3848 3474 3913 nudos,

1905 3955 2107 4017 quanto
2135 3945 2308 4016 magis
2333 3945 2552 3999 noxium
2585 3943 2742 3998 nobis
2769 3942 2893 4006 erit,
2921 3957 3016 3996 eos
3040 3941 3094 3995 in
3119 3941 3308 4010 plateis
3356 3955 3474 4008 spe-

1906 4046 2056 4096 ctare
2128 4040 2222 4109 qui
2285 4037 2599 4092 indecenter
2662 4034 3046 4096 denudantur,
3103 4040 3471 4104 praetereaque

1905 4131 2190 4203 proferunt
2219 4131 2493 4200 impudica
2530 4129 2712 4183 verba.
2741 4127 2817 4180 Ex
2845 4126 2940 4196 his
2965 4127 3108 4182 enim
3140 4127 3316 4181 solent
3353 4139 3469 4178 mo-

1907 4221 2056 4276 lestae
2081 4228 2136 4274 et
2176 4219 2448 4291 pestiferae
2467 4219 2765 4290 phantasia:
2793 4216 3016 4274 exoriri.

1977 4401 2067 4456 26.
2106 4399 2334 4468 Quando
2367 4407 2548 4456 autem
2593 4399 2738 4456 domi
2783 4416 2884 4456 nos
2917 4397 3271 4458 recludimus,
3305 4412 3371 4449 ne
3420 4396 3481 4449 il-

1908 4493 1979 4547 lic
2008 4493 2226 4563 quidem
2256 4492 2518 4548 debemus
2539 4492 2657 4548 sine
2689 4490 3054 4548 sollicitudine
3085 4491 3330 4554 versari,
3367 4488 3476 4541 imo

289 4404 383 4460 26.
427 4403 695 4473 Ὀπηνίκα
722 4402 780 4456 δέ
814 4402 906 4456 καὶ
944 4402 1024 4466 είς
1071 4402 1197 4466 τοὺς
1227 4401 1407 4466 οἴκους
1443 4402 1640 4466 ἐαυτάς
1671 4399 1807 4454 καθ-

218 4495 516 4567 είρξωμεν,
543 4492 664 4546 ούδέ
697 4495 812 4547 ἐκεῖ
851 4493 1136 4563 ὀφείλομεν
1180 4491 1325 4562 ἔχειν
1373 4491 1434 4544 τὸ
1480 4491 1804 4562 ἀμέριμνον,

218 4586 336 4641 ἀλλ’
367 4586 662 4656 ἀγρυπνεῖν
681 4602 694 4614 ·
725 4585 1030 4656 γέγραπται
1067 4583 1204 4656 γάρ’
1241 4583 1613 4653 Γρηγορεῖτε.
1645 4583 1807 4635 Ὅσον

1915 4582 2076 4637 etiam
2130 4583 2454 4653 invigilare;
2489 4584 2747 4654 scriptum
2781 4582 2924 4637 enim
2968 4593 3092 4637 est:
3143 4581 3368 4649 Vigilate
3407 4580 3474 4633 ⁷³.

217 4675 276 4729 δὲ
305 4673 505 4736 ἑαυτὰς
537 4671 946 4744 ἀσφαλιζόμεθα
980 4673 1116 4752 πρὸς
1150 4672 1523 4744 σωφροσύνην,
1557 4671 1804 4724 τοσοῦτον

1915 4673 2124 4740 Quanto
2164 4682 2345 4728 autem
2384 4675 2557 4745 magis
2595 4674 3096 4729 conlirmaverimus
3124 4687 3224 4726 nos
3256 4671 3306 4724 in
3340 4678 3478 4723 tem--

218 4765 569 4838 δριμυτέροις
617 4764 996 4836 ωναπτόμεθα
1034 4765 1330 4835 λογισμοῖς.
1373 4765 1435 4816 '0
1467 4763 1575 4833 γὰρ
1621 4777 1805 4830 προσ-

1915 4764 2180 4835 perantia,
2236 4771 2388 4819 tanto
2445 4779 2570 4817 cum
2630 4763 3003 4818 acerbioribus
3057 4761 3479 4833 cogitationibus

221 4854 370 4921 θεὶς,
413 4855 567 4924 φησὶ,
610 4853 868 4923 γνῶσιν,
917 4855 1314 4922 προστίθησιν
1353 4853 1609 4921 ἄλγημα.
1643 4851 1805 4905 Ὅσον

1915 4856 2369 4911 conﬂictabimur.
2412 4854 2548 4909 Nam
2600 4857 2691 4922 qui
2737 4855 2884 4909 addit
2931 4856 3227 4918 scientiam,
3281 4855 3477 4924 inquit,

219 4947 330 5019 γὰρ
363 4946 760 5017 προκόπτουσιν
793 4949 842 5000 οἱ
874 4947 1121 5019 ἀθληταὶ,
1155 4943 1406 4999 τοσοῦτον
1437 4942 1641 5014 μείζοσι
1685 4961 1806 4997 συν-

1915 4947 2060 5002 addit
2102 4947 2338 5002 dolorem
2368 4947 2430 5000 “.
2478 4946 2543 5000 Et
2575 4947 2787 5002 athletae
2819 4962 2926 5016 quo
2959 4947 3132 5018 magis
3162 4945 3477 5016 proficiunt,

220 5039 486 5093 ἀπτονται
535 5039 980 5105 ἀνταγωνισταῖς.
1012 5029 1153 5108 Ὅρα
1196 5035 1359 5087 πόσον
1405 5032 1663 5101 ἀνέπτης,
1709 5033 1804 5085 καὶ

1915 5055 1972 5095 eo
2002 5040 2304 5110 majoribus
2338 5055 2462 5094 cum
2493 5039 2855 5111 antagonistis
2875 5039 3276 5093 conﬂictantur.
3306 5039 3478 5093 Cerne

217 5131 322 5183 οὐκ
353 5131 695 5203 ὀλιγωρήσῃς
740 5130 876 5200 πρὸς
917 5129 985 5182 τά
1033 5129 1292 5201 παρόντα.
1338 5125 1448 5196 Τὴν
1483 5125 1669 5179 ἐνυλον
1712 5126 1806 5179 καὶ

1915 5149 1969 5188 ex
1998 5132 2218 5202 quantis
2243 5132 2566 5196 evolaveris,
2589 5147 2690 5187 nec
2714 5131 3047 5201 negligenter
3075 5137 3128 5184 te
3154 5145 3309 5199 geres
3330 5129 3478 5182 circa

218 5219 543 5292 ἔμπρακτον
588 5222 841 5293 πορνείαν
887 5221 1175 5292 ἐνίκησας;
1219 5219 1318 5290 τὴν
1357 5218 1445 5272 διὰ
1481 5218 1589 5271 τῶν
1617 5217 1805 5289 αἰσθή-

1915 5223 2214 5290 praesentia.
2260 5222 2594 5277 Materialem
2639 5231 2694 5278 et
2730 5230 3010 5277 externam
3063 5219 3478 5275 fornicationem

223 5328 364 5365 σεων
413 5311 606 5384 ἐχθρός
672 5331 753 5368 σοι
811 5313 1096 5386 προθήσει.
1134 5313 1300 5366 Ὅταν
1348 5312 1405 5364 δὲ
1458 5311 1553 5366 καὶ
1599 5311 1804 5382 ταύτης

1915 5314 2198 5369 devicisti?
2249 5329 2366 5368 eam
2397 5329 2516 5384 quae
2547 5330 2645 5384 per
2686 5327 2882 5368 sensus
2910 5320 3192 5367 exercetur
3217 5309 3314 5363 tibi
3341 5306 3482 5376 adji-

221 5404 461 5475 σεαυτὴν
513 5404 784 5478 κωλύσῃς,
839 5407 898 5459 ἐν
947 5407 1060 5468 τοῖς
1113 5403 1253 5458 κατὰ
1297 5403 1532 5458 διάνοιαν
1587 5403 1803 5474 χωρίοις

1915 5407 1980 5461 cit
2014 5408 2292 5464 inimicus.
2337 5409 2583 5478 Cumque
2625 5407 2693 5464 ab
2736 5407 2838 5461 hac
2877 5406 3039 5462 etiam
3097 5415 3147 5460 te
3193 5401 3483 5458 continue-

941 5541 987 5573 “
1021 5539 1154 5598 Luc.
1191 5555 1300 5595 xvn
1324 5583 1341 5607 ,
1373 5539 1463 5595 10.
1537 5541 1584 5571 τ’
1624 5539 1783 5598 Prov.

1924 5541 2017 5600 25.
2090 5542 2137 5575 "
2175 5541 2365 5598 Matth.
2401 5558 2551 5611 xxiv,
2585 5541 2674 5597 42.
2750 5541 2797 5572 ⁷⁸
2838 5540 3012 5596 Eccle.
3053 5554 3102 5607 I,
3141 5537 3228 5597 18.

1982 5675 2095 5747 (79)
2132 5675 2190 5731 In
2236 5675 2369 5731 Vitis
2393 5673 2508 5729 PP.
2533 5674 2570 5731 ι.
2601 5691 2656 5743 ν,
2680 5673 2768 5739 ιι,
2803 5672 2894 5728 52.

291 5542 342 5576 '°
379 5539 616 5612 Philipp.
651 5557 747 5607 in,
780 5542 866 5597 i5.

297 5674 412 5742 (78)
447 5673 724 5745 Excidisse
751 5675 959 5730 videtur
982 5673 1302 5745 vocabulum
1341 5673 1527 5745 μείζω.
1560 5673 1713 5730 Ευιτ.

299 5745 436 5816 (78')
468 5743 741 5802 Bosweid.
777 5747 832 5802 in
874 5745 1004 5802 Vitis
1036 5743 1148 5801 PP.
1186 5746 1223 5801 l.
1267 5763 1318 5811 v,
1343 5743 1402 5814 ll,
1438 5746 1524 5802 41.
