4032 6376
546 331 682 389 15υό

1690 320 1752 374 S.
1785 309 2248 372 ATHANASIUS.
2285 337 2358 350 -—-
2390 302 2661 364 SPURIA.

3661 287 3788 343 1508

546 447 645 510 ris,
688 443 867 499 adhuc
897 441 952 497 in
977 436 1310 509 cOgitatione
1340 449 1441 493 ceu
1490 434 1547 491 in
1591 447 1823 491 caverna
1863 431 1994 485 latet
2021 429 2114 482 ho-

2224 417 2541 493 ίμφωλεύει,
2575 415 2666 471 τὸν
2704 411 2864 469 άῦλόν
2911 428 2992 464 σοι
3027 410 3188 465 κινῶν
3224 406 3484 475 πόλεμον.
3526 400 3791 472 Πρόαυπα

547 539 670 603 stis,
716 544 771 591 et
830 533 1114 605 spirituale
1165 531 1264 586 tibi
1312 529 1514 585 bellum
1575 525 1835 579 concitat.
1882 521 2120 577 Decoros

545 626 690 685 enim
740 625 943 688 vultus,
990 621 1388 690 indecorasque
1444 617 1665 688 ﬁguras,
1723 623 1905 670 vetera
1958 611 2122 666 collo-

546 715 676 787 quia
705 713 947 786 suggerit
995 714 1076 769 eis
1118 726 1240 784 quae
1290 710 1535 767 solitario
1590 707 1801 765 vivunt.
1854 702 1961 760 Sed
2008 718 2120 758 non

546 812 759 876 oportet
818 802 1074 859 assentiri
1128 799 1623 872 phantasmatibus,
1679 796 1807 866 quia
1853 793 2117 864 scriptum

545 879 681 950 θείς
716 893 776 947 Si
809 893 1038 960 Spiritus
1068 899 1376 961 potestatem
1407 887 1642 941 habentis
1682 883 1980 939 ascenderit
2028 898 2119 935 su»

546 1000 639 1055 per
671 991 740 1045 te,
771 983 942 1037 locum
973 991 1119 1034 tuum
1161 995 1222 1033 ne
1269 977 1535 1031 dimiseris
1577 975 1643 1027 ⁷³.
1679 971 1737 1027 In
1774 973 1921 1027 hisce
1964 985 2119 1024 nam-

546 1090 655 1145 que
702 1074 866 1129 rebus
910 1086 1218 1128 conscnsus
1278 1079 1362 1124 est
1412 1082 1537 1122 cum
1578 1064 1825 1121 saeculari
1883 1062 2120 1117 fornica-

547 1166 695 1222 tione
722 1160 1124 1234 comparandus
1152 1178 1167 1216 :
1200 1160 1441 1214 Potentes
1466 1158 1633 1221 enim,
1658 1156 1856 1227 inquit,
1886 1161 2120 1223 potenter

548 1265 810 1313 tormenta
848 1255 1113 1326 patientur
1134 1253 1200 1306 ".
1237 1254 1496 1322 Magnum
1543 1249 1710 1319 igitur
1735 1254 1819 1302 est
1857 1245 2118 1300 adversus

549 1349 929 1405 fornicationis
967 1346 1218 1419 spiritum
1255 1351 1552 1399 certamen.
1586 1339 1829 1409 llludque
1849 1348 1933 1392 est
1955 1344 2119 1407 caput

549 1440 819 1497 malorum
850 1436 1149 1495 adversarii
1182 1435 1250 1490 ad
1279 1435 1472 1489 animae
1509 1431 1826 1503 perniciem.
1856 1427 2009 1495 Quod
2035 1427 2120 1481 in-

550 1548 725 1588 uuens
751 1531 944 1586 beatus
972 1527 1073 1585 Job
1095 1526 1310 1582 dicebat
1337 1526 1405 1581 de
1425 1524 1677 1579 diabolo:
1708 1522 1813 1590 Qui
1842 1521 1991 1575 habet
2016 1520 2119 1574 vir-

552 1632 716 1675 tutem
740 1620 794 1675 in
819 1619 1065 1673 umbilico
1092 1617 1280 1671 ventris
1307 1615 1373 1670 τ’.

619 1710 712 1769 27.
748 1709 930 1764 Multis
973 1712 1160 1779 itaque
1204 1706 1480 1776 variisque
1521 1702 1790 1758 machinis
1835 1699 2115 1756 stimulum

555 1800 937 1857 fornicationis
988 1800 1240 1854 admovet
1303 1797 1552 1852 diabolus
1602 1793 1915 1849 hominibus
1968 1791 2121 1846 Chri-

555 1902 700 1949 stum
741 1890 1114 1962 diligentibus.
1158 1888 1301 1956 Quin
1346 1888 1508 1942 etiam
1552 1901 1694 1957 saepe
1742 1882 1986 1939 nefarius
2030 1882 2120 1936 ille

555 1992 826 2040 veterator
854 1983 1148 2036 fraternum
1177 1995 1414 2033 amorem
1461 1976 1840 2031 trausmutavit
1879 1974 1933 2028 in
1965 1988 2119 2029 suam

557 2076 835 2131 malitiam.
866 2072 1073 2145 Etenim
1100 2071 1339 2144 virgines
1362 2086 1482 2141 quae
1511 2069 1751 2140 nuptias,
1783 2081 1904 2137 qua:
1935 2066 2120 2119 luxum

554 2184 768 2225 omnem
817 2167 999 2223 saeculi
1054 2164 1326 2237 fugerant,
1374 2179 1470 2234 per
1528 2161 1826 2216 fraternum
1870 2155 2119 2211 allectum

555 2258 961 2330 Supplantavit:
1000 2257 1329 2326 insuperque
1359 2253 1658 2309 monachos
1684 2250 1777 2322 qui
1804 2248 1986 2303 omnia
2021 2246 2124 2300 for-

555 2352 893 2407 nicationum
926 2364 1125 2422 genera
1159 2356 1213 2404 et
1254 2349 1355 2417 ipsi
1397 2343 1769 2416 profugerant,
1816 2338 2124 2395 vulneravit

555 2459 619 2499 ac
651 2445 863 2516 decepit
884 2459 980 2513 per
1009 2442 1321 2513 religiosum
1350 2439 1701 2509 colloquium.
1730 2436 1843 2491 Hoc
1873 2443 1957 2490 est
1978 2432 2123 2489 enim

555 2532 762 2588 inimici
813 2531 1125 2600 artiﬁcium,
1171 2532 1364 2587 alienis
1411 2546 1471 2586 se
1518 2530 1794 2598 obtegere,
1845 2543 1944 2583 sua
1996 2540 2124 2581 vero

552 2625 863 2681 clanculum
914 2623 1224 2681 obtrudere.
1274 2622 1522 2679 Ostendit
1567 2636 1793 2692 granum
1844 2619 2122 2682 frumenti,

555 2718 739 2788 ibique
764 2717 1019 2789 supponit
1051 2718 1324 2788 laqueum.
1363 2715 1426 2769 Et
1452 2731 1583 2770 vero
1617 2712 1853 2768 arbitror
1880 2713 1947 2767 de
1976 2710 2127 2766 hisce

555 2807 735 2865 dicere
772 2808 1093 2863 Dominum:
1126 2808 1233 2874 Qui
1266 2809 1475 2862 veniunt
1510 2806 1578 2860 ad
1608 2822 1695 2860 vos
1737 2806 1791 2857 in
1826 2805 2125 2859 vestimento

554 2902 753 2968 ouium,
790 2901 1105 2956 intrinsecus
1139 2908 1313 2955 autem
1354 2909 1474 2954 sunt
1504 2899 1614 2968 lupi
1646 2912 1860 2966 rapaces
1882 2895 1948 2950 ⁷⁸.

2219 489 2328 584 γὰρ
2355 507 2604 582 εὐπρεπῆ
2626 507 2720 561 καὶ
2740 502 2952 576 ὁμιλίας
2981 499 3238 573 ἀρχαίας,
3275 495 3371 550 καὶ
3400 489 3791 565 ἡσυχαζούσαις

2220 602 2598 676 παρεισφέρεί.
2624 601 2717 655 Δεῖ
2741 592 2833 651 οῦν
2864 594 2938 667 μὴ
2984 587 3479 663 συγκατατίθεσθαι
3524 585 3790 676 τοῖςῌφανο

2218 669 2457 767 τάσμασι
2475 669 2507 723 ’⁷
2525 690 2831 763 γέγραπται
2854 688 2983 759 γὰρ,
3011 686 3086 748 ὡς
3123 682 3269 737 Ἐὰν
3309 672 3678 767 πνεῦμα-τοῦ
3703 669 3793 767 ἐξ·

2217 761 2601 849 θυσιάζοντος
2627 761 2822 849 ἀναϐῇ
2859 777 2957 832 ἐπὶ
2987 775 3081 838 σὲ,
3121 774 3314 827 τόπον
3345 785 3462 823 σου
3495 763 3583 836 μὴ
3616 761 3789 833 ἀφῇς.

2229 877 2294 930 Ἠ
2322 875 2429 947 γὰρ
2458 874 2593 947 πρὸς
2622 869 2795 925 ταῦτα
2821 864 3238 937 συγκατάθεσις,
3260 855 3562 947 ὲφάμιλλός
3590 857 3703 907 ἐστι

2217 940 2453 1037 κοσμικῇ
2506 940 2771 1034 πορνεία·
2810 955 3057 1013 Δυνατώ
3124 951 3257 1023 γὰρ,
3312 946 3482 1020 φησὶ,
3532 940 3792 1037 δυνατῶς

2215 1029 2672 1122 ἀασθῆσονται.
2711 1029 2903 1118 Μέγας
2951 1042 3044 1099 οὖν
3078 1045 3107 1098 6
3149 1040 3289 1114 πρὸς
3325 1038 3387 1091 τὸ
3429 1032 3652 1103 πνεῦμα
3698 1029 3793 1122 τῆς

2219 1114 2472 1218 πορνείας
2515 1141 2682 1213 ἁγών.
2738 1114 2944 1208 Τδγὰρ
2992 1135 3050 1187 ὲν
3101 1131 3302 1218 κακοῖς
3346 1123 3646 1218 κεφάλαιον
3703 1114 3791 1218 τοῦ

2217 1205 2410 1309 ἐχθροῦ
2602 1205 2875 1287 ἀπώλειαν
2911 1205 3112 1296 ψυχῆς,
3148 1216 3306 1273 τοῦτό
3341 1216 3481 1309 ἐστι.
3508 1205 3794 1309 Ιςαὶᾳτοῦιτο

2218 1297 2584 1398 α’ίνίττόμενος
2606 1326 2634 1377 6
2672 1322 2936 1394 μακάριος
2977 1313 3120 1377 Ἰὼ6,
3149 1311 3301 1378 ἔλεγε
3327 1301 3587 1398 τδν
3623 1297 3795 1398 διάδο-

2217 1421 2337 1475 λονσ
2374 1392 2440 1473 ’ὁ
2468 1418 2624 1488 ἔχων
2655 1392 2770 1484 τὴν
2795 1412 3052 1480 δύναμιν
3086 1404 3178 1459 ἐπ’
3207 1395 3481 1472 ὀμφαλοῦ
3519 1392 3789 1466 γαστρός.

2286 1706 2379 1761 27.
2409 1703 2637 1765 Πολλαῖς
2682 1700 2780 1771 μὲν
2826 1691 2917 1753 οὖν
2964 1694 3060 1749 καὶ
3106 1689 3381 1761 διαφόροις
3422 1682 3694 1756 μηχαναῖς
3736 1677 3793 1732 1:6

2218 1799 2315 1868 τῆς
2344 1793 2598 1866 πορνείας
2627 1789 2849 1862 κέντρον
2883 1788 3022 1841 κινεῖ
3051 1786 3080 1837 ὁ
3120 1779 3365 1842 διάϐολος
3402 1774 3547 1830 κατά
3572 1772 3680 1868 τῶν
3708 1786 3791 1839 (pt-

2218 1862 2513 1959 λοχρίστων
2562 1881 2883 1953 ἀνθρώπιον.
2940 1874 3207 1936 Πολλάκις
3251 1868 3386 1941 γοῦν
3435 1866 3533 1921 καὶ
3580 1862 3791 1959 ἀγάπην

2218 1954 2513 2049 ἀδελφικὴν
2542 1973 2888 2047 μεθώρμισεν
2939 1972 2969 2024 6
3014 1967 3308 2038 κακόφρων
3344 1962 3426 2025 είς
3457 1959 3561 2030 τὴν
3591 1954 3791 2049 οἰκείαν

2218 2045 2438 2127 κακίαν.
2470 2045 2605 2123 ’κει
2652 2064 2762 2136 γὰρ
2812 2061 3112 2134 παρθένους
3156 2052 3435 2126 φυγούσας
3473 2049 3654 2121 γάμον
3706 2045 3792 2098 καὶ

2220 2159 2515 2231 φαντασίαν
2552 2157 2731 2210 πᾶσαν
2769 2149 3015 2224 βίου,διὰ
3062 2145 3300 2218 σχέσεως
3352 2138 3653 2209 άδελφικῆς
3691 2136 3789 2189 ὑπ-

2220 2228 2464 2306 εσκέλισε
2482 2266 2495 2279 ’
2533 2247 2624 2302 καὶ
2653 2243 2919 2317 μοναχοὺς
2949 2241 3006 2295 δὲ
3032 2239 3256 2310 ἔτρωσε,
3305 2236 3412 2289 πᾶν
3453 2228 3634 2287 ὁτιοῦν
3663 2229 3791 2283 ἀπο·

2222 2343 2491 2413 φυγόντας
2524 2339 2619 2393 καὶ
2652 2336 2850 2399 αὐτοὺς
2879 2331 3135 2404 πορνικὸν
3168 2329 3379 2399 σχῆμαο
3411 2322 3551 2379 ἀλλὰ
3583 2321 3679 2413 καὶ
3705 2321 3794 2413 ςιὐῖ

2220 2409 2345 2497 τοὺς
2368 2432 2616 2503 ἠπάτησε
2657 2428 2723 2482 δι’
2766 2423 3025 2489 εύλαὸοῦς
3051 2420 3286 2493 ὁμιλίας.
3335 2416 3511 2471 Τοῦτο
3555 2412 3666 2485 γὰρ
3706 2409 3793 2503 τοῦ

2223 2500 2417 2595 ἐχθροῦ
2462 2500 2658 2594 ἔργον,
2697 2513 3233 2589 τὸ,ἀμφιεννύμενον
3283 2508 3356 2563 τὰ
3402 2506 3706 2595 ἀλλότρια,
3735 2500 3795 2554 τὰ

2222 2594 2395 2670 οἰκεῖα
2457 2611 2827 2674 λανθανόντως
2872 2602 3291 2680 προϐάλλεσθαι.
3344 2598 3602 2652 Δείκνυσι
3656 2594 3792 2647 σίτου

2224 2706 2446 2769 κόκκον,
2477 2704 2570 2758 καὶ
2603 2700 2921 2771 ὑποτίθησιν
2962 2695 3111 2767 αὑτῷ
3152 2691 3374 2763 παγίδα.
3406 2685 3580 2759 Οἶμαι
3625 2686 3681 2739 δὲ
3712 2684 3794 2737 καὶ

2224 2799 2315 2852 τὸν
2346 2797 2548 2869 Κύριον
2578 2793 2706 2865 περὶ
2728 2793 2914 2845 τούτου
2948 2788 3149 2856 λέγειν,
3190 2786 3267 2865 ᾡς
3298 2786 3621 2850 Ἕρχονται
3658 2776 3793 2844 πρὸς

2224 2888 2379 2960 ὑμᾶς
2415 2889 2482 2942 ἐν
2505 2885 2797 2956 ἐνδύμασι
2826 2881 3151 2953 προϐάτων,
3180 2877 3406 2931 ἔσωθεν
3435 2871 3505 2926 δέ
3534 2874 3657 2926 εἱσι
3700 2868 3795 2922 λύ-

2228 2999 2319 3036 κοι
2347 2981 2627 3050 ἅρπαγες.

625 3076 718 3135 28.
750 3077 889 3145 Quid
916 3092 1045 3148 ergo
1072 3075 1138 3131 ad
1165 3076 1269 3158 hoc
1289 3075 1600 3148 agendum?
1635 3074 1819 3129 Simus
1846 3056 2125 3143 prudentes

2294 3047 2392 3126 28.
2438 3047 2524 3124 Τί-
2566 3065 2657 3122 οὖν
2726 3065 2861 3136 πρὸς
2906 3061 3063 3116 τοῦτο
3124 3058 3474 3128 ποιήσωμεν;
3515 3047 3799 3121 Γενὼμεθα

557 3170 695 3226 sicut
726 3180 1005 3239 serpentes,
1034 3179 1086 3225 et
1113 3168 1377 3240 simplices
1407 3167 1815 3238 sicut‘columba:
1854 3169 1935 3223 7’:
1977 3168 2124 3222 calli-

558 3264 687 3317 dum
714 3270 902 3317 contra
937 3263 1159 3332 laqueos
1188 3262 1307 3331 ejus
1331 3261 1651 3316 adhibentes
1677 3260 1966 3314 consilium
1990 3259 2121 3330 (80).

560 3353 695 3409 Nam
726 3354 895 3409 illud:
933 3352 1115 3409 Estote
1149 3352 1425 3422 prudentes
1455 3352 1589 3406 sicut
1609 3359 1891 3420 serpentes,
1921 3350 2125 3406 dictum

559 3453 662 3509 est,
698 3453 757 3500 ut
788 3446 989 3501 diaboli
1028 3446 1456 3515 nobis'impetus
1488 3459 1595 3499 non
1629 3444 1851 3499 lateant.
1884 3440 2020 3497 Nam
2047 3441 2126 3497 si-

563 3536 689 3595 mile
722 3552 788 3592 ex
817 3536 981 3593 simili
1012 3536 1331 3592 eitissimam
1372 3541 1655 3605 comparat
1688 3534 1986 3589 notionem.
2024 3531 2130 3587 Co-

565 3629 760 3685 lumbae
784 3644 910 3685 vero
942 3627 1262 3698 simplicitas
1288 3626 1524 3683 ostendit
1558 3627 1846 3697 puritatem
1874 3625 2127 3682 actionis.

563 3720 736 3778 Omne
758 3722 922 3793 igitur
950 3722 1151 3778 bonum
1180 3734 1320 3791 opus
1350 3718 1613 3795 consistet
1651 3719 1706 3774 in
1732 3718 1855 3791 fuga
1888 3718 2129 3775 deterio-

564 3813 663 3871 ris.
715 3814 998 3882 Quomodo
1039 3823 1220 3869 autem
1264 3813 1531 3885 fugiemus
1573 3811 1715 3883 quod
1776 3811 2131 3882 ignoramus?

562 3904 927 3973 Quamobrem
972 3913 1187 3976 oportet
1230 3915 1289 3962 ut
1323 3907 1596 3961 intellecta
1628 3905 1833 3960 inimici
1864 3905 2130 3975 nequitia,

563 4010 854 4053 caveamus
887 3997 955 4052 ab
998 3996 1118 4066 ejus
1160 3997 1483 4067 perniciosis
1533 3995 2017 4060 machinamentis;
2062 3995 2135 4048 ait

561 4087 708 4143 enim
744 4102 757 4138 :
790 4086 1010 4149 Circuit,
1052 4103 1287 4154 qucrens
1334 4104 1483 4157 quem
1529 4086 1733 4141 deuoret
1774 4088 1840 4142 ⁸⁸.
1899 4085 1966 4139 Et
2003 4102 2136 4140 escte

562 4178 681 4247 ejus
724 4179 898 4233 electa:
933 4179 999 4231 “.
1042 4178 1229 4250 itaque
1266 4196 1480 4251 semper
1512 4181 1843 4249 vigilandum
1889 4188 1993 4235 est.
2051 4178 2137 4234 Si-

567 4267 788 4339 quidem
820 4284 915 4337 per
942 4277 1194 4325 externas
1226 4286 1315 4324 res
1345 4272 1643 4340 impugnat,
1671 4279 1725 4325 et
1762 4286 1858 4341 per
1893 4271 2137 4328 internas

2222 3164 2495 3234 φρόνιμοι
2521 3159 2665 3214 ὡσεί
2695 3159 2879 3228 ὄφεις,
2912 3155 3010 3210 καί
3036 3151 3301 3219 ἀκέραιοι
3332 3147 3413 3211 ὡς
3440 3140 3797 3234 περιστεραί,

2224 3233 2529 3326 πανοῦργον
2559 3250 2697 3306 κατὰ
2731 3249 2830 3319 τῆς
2864 3245 3085 3315 παγίδος
3123 3239 3289 3297 αὐτοῦ
3336 3236 3620 3298 κινοῦντες
3662 3233 3798 3300 λογι-

2226 3348 2379 3420 σμόψ
2395 3345 2454 3399 τὸ
2476 3344 2572 3417 μὲν
2589 3342 2715 3413 γὰρ,
2732 3340 2982 3393 Γίνεσθε
2998 3335 3266 3405 φρόνιμοι
3283 3329 3430 3420 ὡσεί
3456 3327 3652 3420 ὄφεις,
3670 3326 3802 3420 εἴ

2225 3413 2314 3494 ται
2522 3435 2585 3488 τὸ
2610 3432 2684 3506 μὴ
2702 3429 2981 3485 λανθάνειν
3006 3426 3152 3498 ἡμᾶς
3173 3422 3273 3485 τὰς
3296 3419 3479 3492 ὁρμὰς
3498 3415 3599 3470 τοῦ
3629 3413 3797 3509 διαϐό-

2224 3532 2340 3585 λου.
2354 3504 2428 3582 T6
2443 3526 2552 3599 γὰρ
2573 3504 2756 3595 ὅμοιον
2777 3522 2842 3574 ὲκ
2858 3518 2951 3573 τοῦ
2974 3516 3159 3589 ὁμοίου
3175 3512 3438 3592 ταχίστην
3463 3508 3698 3561 ποιεῖται
3714 3504 3803 3574 τὴν

2225 3598 2535 3691 διάγνωσιν.
2564 3616 2638 3670 Τὸ
2668 3614 2725 3668 δὲ
2758 3612 3012 3684 ἀκέραιον
3056 3609 3155 3679 τῆς
3199 3598 3804 3691 περιστερᾶςδείκνυσι

2226 3711 2288 3765 τὸ
2316 3688 2553 3779 καθαρὸν
2582 3707 2681 3775 τῆς
2711 3701 2980 3774 πράξεως.
3015 3698 3131 3750 Πᾶν
3165 3695 3263 3766 μὲν
3295 3689 3391 3747 οὖν
3421 3689 3631 3759 ἀγαθὸν
3655 3688 3806 3779 ἔργον

2229 3804 2287 3857 ὲν
2320 3776 2573 3868 ἀποφυγῇ
2605 3796 2756 3849 ἔσται
2796 3790 2890 3846 τοῦ
2942 3789 3204 3862 χείρονος.
3243 3784 3371 3849 Πῶς
3394 3782 3454 3836 δὲ
3499 3779 3758 3851 φύγωμεν
3780 3776 3806 3829 ὃ

2235 3894 2309 3966 μὴ
2342 3892 2599 3961 οἵδαμεν;
2650 3889 2741 3941 Δεῖ
2783 3880 2879 3938 οὖν
2916 3884 3082 3953 ἡμᾶς,
3132 3880 3256 3933 κατ’
3290 3877 3502 3931 ἔννοιαν
3545 3871 3806 3933 λαϐούσας

2230 3961 2325 4038 τοῦ
2355 3980 2549 4053 ἐχθροῦ
2580 3979 2679 4051 τὴν
2703 3976 3000 4046 δεινότητα,
3028 3968 3391 4042 φυλάττεσθαι
3428 3966 3542 4022 ἀπὸ
3572 3966 3674 4035 τῆς
3698 3961 3809 4016 τού-

2232 4091 2325 4127 του
2367 4068 2772 4143 κακομηχανίας
2791 4085 2805 4100 ·
2839 4066 2972 4137 φησὶ
2996 4065 3105 4136 γάρ
3124 4081 3137 4095 ο
3178 4064 3277 4129 Ὃς
3307 4058 3578 4129 περιάγει
3633 4053 3807 4125 ζητῶν

2232 4168 2369 4221 τίνα
2408 4163 2690 4231 καταπίῃ.
2725 4160 2834 4215 Καὶ
2875 4158 2947 4212 τὰ
2978 4155 3265 4225 βρώματα
3304 4151 3495 4207 αὐτοῦ
3540 4144 3805 4204 enisuri.

2235 4262 2361 4314 Δέον
2383 4255 2476 4314 οὖν
2502 4258 2734 4313 πάντοτε
2755 4254 3069 4325 γρηγορεῖν.
3088 4250 3199 4302 Καὶ
3230 4248 3339 4318 γὰρ
3371 4245 3462 4299 διά
3486 4243 3600 4298 τῶν
3627 4241 3809 4309 ἔξωθεν

570 4333 925 4429 cogitationes
974 4358 1193 4428 subigit.
1245 4358 1311 4412 Et
1366 4333 1583 4428 quidem
1648 4333 1779 4430 plus.
1828 4367 1987 4415 nocet
2040 4376 2125 4430 pet

2238 4352 2575 4425 πραγμάτων
2627 4349 2874 4418 πολεμεῖ,
2928 4344 3023 4398 καὶ
3060 4341 3149 4396 διὰ
3191 4339 3298 4394 τῶν
3354 4338 3506 4391 ἔνδον
3544 4333 3811 4406 λογισμῶν

570 4449 869 4515 interiora;
904 4464 1028 4503 nam
1062 4427 1157 4502 diu
1203 4427 1475 4518 noctuque
1516 4427 1872 4520 spiritualitcr
1903 4427 2125 4506 accedit.

2240 4444 2489 4515 δαμάζει.
2520 4440 2631 4495 Καὶ
2656 4439 2815 4492 πλέον
2842 4435 2931 4489 διὰ
2958 4434 3067 4488 τῶν
3105 4431 3252 4486 ἔνδον
3271 4448 3284 4461 ο
3320 4429 3416 4482 καὶ
3448 4428 3564 4499 γάρ
3608 4427 3811 4496 νύκτωρ

638 4623 728 4679 29.
753 4624 1050 4691 Cujusnam
1090 4641 1220 4697 ergo
1252 4625 1330 4681 rei
1367 4632 1451 4682 est
1481 4642 1619 4698 opus
1648 4628 1713 4681 ad
1750 4627 1852 4682 hoc
1895 4626 2136 4683 bellum?

567 4713 731 4787 622
762 4716 1003 4786 profecto
1034 4717 1306 4774 laboriosa
1334 4719 1723 4774 exercitatione
1747 4726 1800 4775 et
1836 4719 1987 4788 puris
2011 4734 2134 4788 pre-

569 4808 747 4863 cibus.
778 4806 843 4860 Et
868 4806 983 4862 haec
1022 4807 1237 4877 quidem
1269 4809 1593 4878 generaliter
1624 4808 1675 4862 in
1716 4808 1865 4863 omni
1906 4809 2133 4864 exitiosa

572 4898 903 4970 cogitatione
940 4907 1069 4954 sunt
1094 4900 1351 4955 remedia.
1384 4898 1584 4957 Verum
1611 4914 1834 4956 necesse
1858 4907 1943 4955 est
1981 4899 2135 4955 insu-

574 5005 671 5060 per
711 4988 1078 5060 peculiaribus
1118 4990 1442 5061 quibusdam
1487 4992 1566 5046 uti
1604 4990 1871 5052 consiliis,
1904 4989 1972 5044 ad
2004 5006 2139 5059 prae-

2242 4533 2335 4587 καὶ
2369 4530 2486 4602 μεθ’
2514 4528 2725 4601 ἡμέραν
2754 4524 2931 4588 ἀῢλως
2961 4520 3347 4593 προσέρχεται.

2310 4623 2399 4677 29.
2426 4620 2581 4683 Τίνος
2629 4614 2721 4672 οὖν
2754 4615 2913 4688 χρεία
2947 4612 3080 4684 πρὸς
3125 4611 3218 4663 τὸν
3256 4608 3505 4679 παρόντα
3552 4608 3811 4678 πόλεμον;

2240 4713 2424 4785 Δῆλον,
2455 4711 2531 4772 ὡς
2555 4710 2839 4780 ἀσκήσεως
2879 4704 3136 4758 ἐπιπόνου
3173 4701 3268 4753 καὶ
3309 4698 3564 4770 καθαρᾶς
3596 4714 3813 4769 προσευ⁹

2240 4807 2360 4878 χῆς.
2407 4802 2566 4856 Ἀλλὰ
2591 4799 2767 4855 ταῦτα
2794 4797 2891 4868 μὲν
2929 4793 3160 4865 γενικῶς
3201 4792 3292 4845 ἐπὶ
3326 4789 3529 4852 παντὸς
3566 4785 3813 4857 λογισμοῦ

2240 4895 2482 4967 ὀλεθρίου
2514 4892 2842 4962 ἀλεξητήρια
2875 4888 3087 4957 πέφυκε
3109 4901 3123 4914 ο
3168 4884 3251 4938 δεῖ
3294 4881 3352 4935 δὲ
3386 4882 3485 4934 καὶ
3519 4879 3715 4942 ἰδικαῖς
3747 4894 3816 4929 τι-

2245 5005 2327 5041 σιν
2354 4966 2587 5049 ἐννοίαις
2632 4979 2937 5055 χρήσασθαι
2988 4976 3126 5048 πρὸς
3173 4975 3236 5027 τὺ
3282 4972 3372 5025 τὸν
3426 4970 3678 5041 παρόντα
3728 4966 3815 5035 τῆς

575 5059 783 5137 sentem
805 5080 999 5134 anima:
1033 5059 1238 5150 pestem
1269 5081 1680 5153 depellendam:
1717 5091 1879 5153 atque
1902 5081 2125 5137 instante

2243 5079 2417 5149 ψυχῆς
2459 5075 2646 5148 λοιμὸν
2699 5070 3022 5127 ἀπώσασθαι
3044 5086 3058 5099 ’
3106 5067 3200 5145 καςι
3236 5063 3563 5126 ἐπελθόντος
3606 5060 3701 5114 τοῦ
3741 5059 3813 5110 αξ·

577 5172 891 5242 turpissima
922 5147 1255 5240 cogitatione
1286 5147 1641 5245 ei-opponere
1670 5147 1966 5229 contraria.
2003 5171 2125 5225 Nan

2246 5147 2463 5239 σχίστου
2511 5147 2794 5236 λογισμοῦ,
2828 5157 3223 5228 ἁνθυποφέρειν
3273 5151 3424 5224 αύτῷ
3473 5153 3547 5207 τὰ
3592 5147 3811 5203 ἐναντία.

577 5263 624 5318 si
656 5264 709 5317 in
734 5262 953 5333 regione
981 5264 1180 5319 mentis
1212 5240 1645 5321 formosi-vultus
1671 5262 1954 5334 phantasia
1981 5262 2125 5318 essti

2244 5262 2309 5315 Ei
2330 5260 2438 5331 γὰρ
2462 5258 2668 5328 γένοιτο
2711 5257 2769 5308 ὲν
2812 5254 2924 5314 τοῖς
2963 5248 3106 5314 κατὰ
3138 5248 3379 5301 διάνοιαν
3406 5244 3635 5315 χωρίοις
3659 5240 3813 5308 ὅψεως

579 5353 725 5420 terit,
753 5329 818 5408 id
835 5352 1045 5408 ratione
1075 5355 1451 5426 castigandum
1484 5329 1718 5429 Oportet,
1758 5370 1879 5427 qua:
1913 5356 2125 5410 simula-

2245 5329 2551 5422 εὐπρεποῦς
2578 5343 2865 5417 φαντασία,
2896 5341 2972 5414 τῷ
2992 5340 3134 5410 λόγῳ
3163 5338 3225 5391 τὸ
3257 5337 3433 5408 παρὸν
3468 5329 3811 5405 τιμωρητέον,

580 5505 698 5608 ,ιη
733 5504 912 5561 Ecele.
948 5521 1002 5571 ι,
1040 5506 1123 5563 li.
1194 5508 1240 5542 "
1274 5506 1402 5579 Sap.
1434 5525 1516 5577 vt,
1555 5509 1608 5568 7.
1683 5510 1728 5541 '"
1767 5506 1870 5565 Job
1902 5522 2004 5575 st,
2040 5507 2125 5564 11.

668 5573 871 5631 Hahae.
906 5590 957 5639 ι,
996 5575 1081 5630 16.

2227 5504 2250 5538 ⁸
2281 5503 2469 5560 Matth.
2501 5518 2614 5571 vn,
2650 5501 2738 5558 15.
2813 5499 2859 5534 ⁷⁸
2899 5494 3091 5552 Matth.
3124 5507 3183 5561 ι,
3222 5489 3315 5549 16.
3391 5490 3439 5523 ⁸⁸
3477 5491 3502 5545 I
3531 5486 3655 5545 Pet.
3685 5502 3738 5556 ν,
3761 5478 3810 5538 8.

657 5726 768 5801 (80)
794 5728 852 5784 1η
893 5728 1027 5785 Vitis
1064 5728 1176 5784 PP.
1209 5729 1247 5785 l.
1281 5738 1354 5794 vi,
1389 5729 1438 5796 1,
1466 5727 1517 5780 2.
