4032 6376
223 373 247 426 Ι
258 372 362 427 505

1346 350 1505 420 vm
1547 352 1843 417 SANCTAE
1881 340 2364 415 memmium.

3354 349 3497 408 1506

220 491 316 546 καὶ
342 487 437 542 τοῦ
478 485 695 541 εἰδώλου
741 487 864 549 τοὺς
903 484 1214 557 ὀφθαλμοὺς
1256 484 1659 550 ἐκκολαπτέτω,
1690 480 1800 536 τῶν

1921 481 1981 534 :ri
2003 479 2196 534 oculos
2221 476 2434 544 eradat,
2460 486 2722 547 genarum
2752 478 2953 531 carnes
2977 469 3253 533 detrahat,
3278 470 3496 527 abscin-

220 582 278 636 δὲ
319 579 562 653 παρειῶν
597 580 696 643 τάς
742 580 951 649 σάρκας
991 576 1310 649 ἐξαιρείτω·
1362 576 1711 647 ὑποτεμνέτω
1746 573 1803 628 δὲ

222 673 317 727 καὶ
348 672 417 725 τὰ
447 670 621 743 χείλη,
655 671 750 725 καὶ⁵
793 670 980 724 λοιπὸν
1021 669 1204 741 ὁράτω
1247 670 1443 740 πῆγμα
1486 668 1689 721 ὀστέων
1718 668 1799 738 ψι-

222 762 330 816 λῶν
359 760 597 825 δυσειδὲς
618 778 633 794 ο
667 760 995 814 κατανοείτω
1018 759 1204 815 λοιπὸν
1238 760 1290 813 τί
1332 755 1402 831 ἧν
1432 758 1495 812 τὸ
1522 758 1762 829 ποθούμε
1779 787 1808 799 -

224 870 313 908 νον
332 870 346 883 ·
380 851 525 906 οὑτω
555 851 661 924 γάρ
692 854 721 904 ό
745 852 1004 924 λογισμὸς
1042 851 1387 923 ἀναχαιτίσαι
1418 849 1677 921 δυνηθείη
1708 850 1807 921 τῆς

229 943 463 1015 ματαίας
486 944 715 1013 πλάνης.
744 943 817 996 Τὸ
845 944 952 1015 γάρ
978 942 1302 1014 φιλούμενον
1330 941 1482 994 οὐδὲν
1507 936 1574 1011 ἦν
1603 940 1636 1011 ἢ
1667 935 1806 1011 αἷμα

227 1036 323 1090 σὺν
384 1034 658 1106 φλέγματι
722 1034 1053 1105 μεμιγμένον
1080 1072 1096 1097 ,
1143 1034 1282 1103 ὅπερ
1337 1030 1433 1085 καὶ
1488 1032 1808 1101 ὑφάσματος

225 1126 413 1198 χρείαν
435 1126 663 1196 παρέχει
693 1128 804 1188 τοῖς
829 1124 1007 1190 ζώοις.
1034 1124 1190 1178 Οὒτω
1218 1124 1314 1195 μὲν
1340 1119 1433 1177 οὖν
1462 1123 1558 1175 καὶ
1587 1122 1676 1177 διὰ
1700 1123 1808 1177 τῶν

225 1217 480 1272 τοιούτων
525 1216 801 1287 λογισμῶν
846 1217 991 1281 είκὸς
1036 1214 1418 1271 άποσοϐεῖσθαι
1464 1215 1565 1287 τὴν
1607 1214 1809 1287 μιαρὰν

226 1309 455 1363 κακίαν·
491 1310 583 1363 καὶ
616 1308 868 1382 καθάπερ
906 1308 1020 1380 ἥλῳ
1051 1303 1179 1379 ἧλον
1211 1307 1497 1380 ἐκκρούειν
1541 1309 1809 1380 προσήκει

225 1399 317 1455 τὸν
348 1399 596 1473 δαίμονα.
631 1402 750 1454 Ἔτι
791 1417 857 1470 γε
908 1400 1014 1473 μὴν
1056 1400 1173 1455 δέον
1223 1401 1318 1455 καὶ
1370 1399 1493 1454 καθ’
1539 1399 1660 1453 ὅλον
1714 1399 1808 1453 τοῦ

227 1492 504 1564 ἐρωμένου
546 1490 609 1545 τὸ
641 1490 800 1561 σῶμα
839 1490 970 1562 ἐλκη
1011 1490 1293 1563 βαρύοσμα
1325 1489 1420 1543 καὶ
1464 1488 1807 1560 σηπεδονώδη

228 1583 599 1655 ὑπογράφειν·
631 1583 724 1637 καὶ
770 1582 1047 1654 συντόμως
1079 1584 1265 1653 φάναι,
1304 1582 1483 1654 νεκρῷ
1521 1582 1811 1654 παραπλή-

228 1692 365 1739 σιον,
398 1674 432 1746 ἢ
462 1675 556 1728 καὶ
579 1674 769 1727 ἐαυτὸν
797 1674 989 1746 νεκρὸν
1020 1677 1136 1738 τοίς
1164 1674 1311 1729 ἔνδον
1349 1673 1647 1745 ὀφθαλμοῖς
1680 1674 1811 1728 ὑπο-

226 1762 455 1817 τιθέναι.
489 1761 691 1827 Μεῖζον
732 1762 790 1817 δὲ
833 1764 1051 1819 πάντων
1093 1763 1210 1817 ἐστὶ
1231 1764 1292 1817 τὸ
1323 1763 1558 1835 γαστρὸς
1590 1764 1807 1835 ἄρχειν·

1909 570 2002 625 dat
2039 571 2204 634 labia,
2233 569 2566 640 demumque
2610 568 2794 625 videat
2836 566 3112 623 nudorum
3156 564 3367 621 ossium
3399 571 3498 619 de-

1913 662 2141 717 formem
2174 676 2516 733 compagem,
2541 669 2596 717 et
2643 660 2956 717 consideret
2998 659 3235 728 denique
3274 655 3407 727 quid
3438 654 3497 711 id

1910 762 2059 809 esset
2085 758 2233 824 quod
2270 762 2583 810 amaretur:
2612 754 2688 809 ita
2724 753 2868 809 enim
2900 753 3115 808 inversa
3147 749 3429 821 cogitatio,
3462 760 3499 802 a

1911 862 2054 902 vano
2081 847 2280 917 poterit
2307 863 2494 903 errore
2528 847 2792 903 revocari.
2825 845 2960 900 Nam
2989 844 3133 916 quod
3166 841 3496 913 diligebatur

1912 938 2047 993 nihil
2077 946 2197 994 erat
2244 939 2348 995 nisi
2387 939 2610 1011 sanguis
2649 939 2956 1009 phlegmate
3012 935 3303 997 admistus,
3348 929 3495 1000 quod

1911 1038 1967 1084 et
1992 1030 2226 1086 vestitus
2255 1045 2417 1085 usum
2461 1030 2791 1084 animalibus
2831 1026 3111 1099 relinquit.
3144 1024 3237 1080 Sic
3273 1038 3404 1095 ergo
3431 1037 3498 1076 ac

1914 1137 2014 1192 per
2062 1122 2379 1189 hujusmodi
2427 1122 2807 1192 cogitationes,
2857 1136 2956 1191 par
3006 1127 3093 1175 est
3144 1124 3205 1173 ut
3248 1117 3499 1186 abigatnr

1914 1211 2297 1268 abominabilis
2332 1212 2599 1281 nequitia.
2641 1211 2707 1265 Et
2750 1212 2895 1268 sicut
2943 1211 3158 1265 clavum
3198 1208 3374 1270 clavo,
3418 1204 3497 1260 ita

1914 1302 2170 1358 convenit
2197 1303 2469 1373 expellere
2500 1304 2825 1359 daemonem.
2858 1303 2940 1359 Ad
2968 1304 3102 1373 ;lia:c
3141 1309 3356 1373 oportet
3399 1313 3500 1370 per

1914 1402 2088 1449 totum
2128 1395 2277 1465 quod
2314 1403 2529 1449 amatur
2553 1410 2756 1467 corpus
2788 1396 2971 1451 ult-era
2999 1392 3369 1466 graveolentia
3395 1406 3501 1463 pu-

1915 1486 2170 1555 tridaque
2188 1486 2501 1558 conﬁngere
2518 1528 2533 1552 ,
2560 1501 2623 1541 ac
2653 1502 2762 1542 uno
2789 1487 2979 1553 verbo,
3010 1493 3103 1541 aut
3142 1486 3396 1542 cadaveri
3425 1484 3504 1541 si-

1916 1579 2067 1645 mile,
2101 1586 2198 1633 aut
2241 1578 2410 1633 etiam
2461 1590 2738 1634 mortuum
2783 1578 3016 1634 internis
3057 1579 3234 1635 oculis
3281 1577 3499 1635 oﬂ‘erre.

1916 1669 2033 1726 Hoc
2065 1673 2212 1727 enim
2263 1679 2423 1742 pacto
2458 1686 2488 1725 a
2537 1671 2782 1727 libidinis
2824 1686 2990 1728 sensu
3035 1687 3348 1728 evocamur.
3392 1670 3502 1727 Sed

1917 1762 2064 1832 quod
2096 1764 2395 1818 maximum
2438 1772 2544 1829 est,
2587 1764 2762 1819 ventri
2791 1764 3095 1836 imperare;
3130 1766 3204 1820 ita
3233 1766 3378 1820 enim
3402 1781 3504 1837 ρυ-

227 1852 372 1910 οὑτω
400 1854 511 1929 1&9
564 1854 662 1909 καὶ
707 1855 816 1908 τῶν
867 1854 1245 1927 ὑπογα’στρίων
1289 1854 1494 1927 ἡδονῶν
1538 1857 1811 1927 κρατῆσαι

1921 1855 2143 1910 terimus
2171 1870 2266 1911 eas
2291 1871 2413 1927 qua
2441 1855 2584 1911 infra
2603 1866 2851 1914 ventrem
2881 1865 3011 1913 sunt
3032 1858 3341 1930 voluptates
3370 1873 3503 1914 con-

229 1946 477 2002 δυνατόν.
529 1984 536 1991 .

298 2039 388 2093 '50.
424 2034 534 2091 Ἦν
566 2036 664 2108 μὲν
690 2030 784 2091 οὗν
819 2036 962 2092 θεῖον
999 2036 1300 2109 συμπόσιον
1339 2036 1447 2090 τῶν
1488 2036 1810 2108 παρουσῶν·

228 2133 293 2186 ἐκ
322 2131 432 2204 γάρ
459 2131 569 2185 τῶν
610 2130 711 2201 τῆς
754 2130 946 2199 σοφίας
978 2132 1265 2203 κρατήρων
1296 2129 1676 2201 ηὑφραίνοντο.
1705 2125 1815 2183 Ἦν

228 2224 285 2278 δὲ
314 2226 507 2288 αὑταῖς
531 2224 844 2296 οἰνοχοοῦσα
880 2221 942 2275 τὸ
972 2222 1114 2275 θεῖον
1144 2223 1294 2293 πόμα
1343 2222 1434 2275 καὶ
1466 2223 1615 2292 νᾶμα
1645 2223 1678 2293 ἡ
1714 2238 1817 2293 μα-

229 2315 398 2389 καρία
428 2315 796 2387 Συγκλητική.
836 2312 1076 2382 Ἑκάστη
1115 2313 1172 2367 δέ
1216 2313 1396 2367 αὑτῶν
1437 2313 1649 2384 ἐδέχετο
1678 2315 1813 2386 ὅπερ

230 2408 504 2473 ἐϐούλετο,
550 2408 642 2461 καὶ
688 2407 786 2479 μία
820 2406 929 2460 τῶν
976 2404 1343 2459 συνελθουσῶν
1387 2404 1615 2460 ἐπύθετο
1646 2405 1814 2476 αὑτῆς

228 2502 498 2571 λέγουσα·
548 2500 612 2554 Εἰ
655 2500 857 2553 τέλειον
899 2498 1102 2566 ἀγαθὸν
1147 2500 1180 2569 ὴ
1221 2496 1610 2569 άκτημοσύνη;
1656 2498 1721 2549 Ἢ
1759 2496 1815 2549 δὲ

229 2592 383 2648 εἷπε·
424 2594 538 2646 Καὶ
595 2591 736 2647 πάνυ
787 2590 989 2660 ἀγαθὸν
1036 2592 1155 2653 ταῖς
1197 2589 1538 2662 δυναμέναις.
1595 2589 1661 2642 Αἱ
1707 2587 1815 2660 1&9

230 2684 600 2756 ὑπομένουσαι
630 2682 807 2748 τοῦτο,
833 2681 1010 2751 θλίψιν
1052 2681 1149 2752 μὲν
1194 2680 1376 2753 ἔχουσι
1420 2683 1485 2751 τῇ
1534 2680 1716 2752 σαρκὶ,
1750 2681 1816 2752 τῇ

228 2776 286 2831 δὲ
317 2777 466 2848 ψυχῇ
512 2775 717 2830 ἄνεσιν.
754 2775 965 2846 Ὥσπερ
991 2773 1101 2846 1&9
1130 2773 1198 2827 τά
1248 2774 1450 2846 στερρὰ
1493 2774 1682 2845 ἱμάτια
1712 2791 1819 2826 πα-

229 2869 471 2940 τούμενα
519 2869 613 2921 καί
654 2865 842 2938 βιαίως
891 2866 1363 2938 περιστρεφόμενα
1411 2865 1668 2919 πλύνεται
1723 2866 1818 2920 καὶ

231 2960 599 3024 λευκαίνεται,
626 2956 805 3021 οὕτως
832 2958 926 3033 καὶ
956 2960 990 3029 ἡ
1028 2956 1223 3028 ισχυρὰ
1245 2956 1390 3026 ψυχὴ
1423 2955 1511 3010 διά
1537 2955 1636 3027 τῆς
1667 2958 1820 3010 ἐκου-

234 3055 348 3109 σίου
376 3056 572 3118 πενίας
597 3055 689 3108 ἐπὶ⁵
724 3054 907 3108 πλεῖον
938 3053 1296 3126 κρατύνεται·
1332 3054 1389 3106 αί
1416 3053 1473 3106 δὲ
1506 3052 1821 3106 ἀσθενέστε-

1912 1947 2113 2003 linere.

1982 2038 2073 2093 '50.
2128 2037 2260 2094 Erat
2303 2040 2473 2112 igitur
2504 2040 2748 2097 divinum
2799 2041 3111 2097 convivium
3149 2043 3501 2114 praasentium

1909 2129 2205 2201 virginum.
2241 2128 2379 2185 Nam
2428 2134 2709 2202 sapientia:
2759 2133 3068 2189 crateribus
3109 2132 3502 2189 exhilaraban-

1911 2230 2021 2277 tur.
2053 2220 2234 2277 Divini
2272 2223 2504 2293 liquoris
2552 2224 2876 2280 administra
2908 2232 3028 2281 erat
3069 2225 3227 2280 beata
3273 2223 3503 2297 Syncle-

1912 2313 2042 2368 tica.
2076 2311 2233 2380 Quod
2266 2313 2461 2370 liberet
2484 2316 2712 2386 singulae
2742 2316 3103 2385 accipiebant,
3133 2331 3365 2386 quarum
3391 2335 3501 2375 una

1912 2406 2139 2478 rogabat
2168 2421 2312 2474 eam,
2352 2418 2420 2462 an
2453 2417 2746 2479 paupertas
2770 2407 3073 2480 perfectum
3102 2411 3305 2466 bonum
3331 2421 3500 2469 esset.

1914 2500 2052 2553 Tum
2081 2499 2172 2553 illa
2198 2516 2210 2551 :
2243 2498 2551 2556 Perfectum
2582 2501 2743 2572 plane
2773 2501 2978 2556 bonum
3011 2509 3094 2557 est
3120 2501 3189 2559 iis
3235 2505 3330 2576 qui
3358 2504 3504 2562 ferre

1915 2594 2166 2657 possunt.
2197 2587 2329 2654 Qua:
2358 2590 2504 2645 enim
2540 2590 2644 2645 hoc
2673 2591 2971 2659 sustinent,
2999 2591 3347 2650 atilictionem
3378 2599 3502 2666 qui-

1915 2678 2039 2733 dem
2100 2694 2267 2735 carne
2334 2681 2598 2749 sentiunt,
2659 2682 2842 2736 anima
2898 2694 3032 2739 vero
3096 2685 3499 2741 remissionem.

1918 2769 2383 2835 Quemadmodum
2420 2772 2565 2827 enim
2594 2772 2966 2844 compactiora
2998 2776 3345 2840 vestimenta,
3377 2793 3508 2833 eon-

1918 2863 2165 2927 eulcata,
2225 2863 2600 2935 violenterque
2659 2865 3030 2929 circumacta,
3089 2865 3389 2921 abluuntur
3448 2876 3506 2923 et

1919 2952 2275 3020 dealbantur,
2310 2955 2382 3010 ita
2427 2955 2583 3011 fortis
2620 2957 2799 3010 anima
2841 2971 2941 3026 per
2970 2966 3327 3026 spontaneam
3363 2974 3505 3029 pau-

1919 3052 2185 3113 pertatem
2218 3045 2387 3116 magis
2412 3045 2799 3100 corroboratur
2829 3064 2843 3100 :
2878 3058 3000 3116 quae
3027 3055 3206 3101 autem
3238 3046 3502 3104 debiliore

236 3163 325 3218 ρον
354 3146 449 3200 τὸν
493 3145 753 3218 λογισμὸν
787 3145 1005 3217 ἔχουσαι
1041 3146 1101 3199 τὸ
1133 3145 1373 3199 ἐναντίον
1409 3148 1528 3210 ταῖς
1574 3145 1816 3216 πρώταις

1924 3144 2054 3190 sunt
2085 3142 2284 3201 mente,
2315 3145 2507 3191 contra
2529 3152 2691 3207 quam
2719 3138 2930 3207 priores
2952 3137 3256 3208 patiuntur.
3288 3138 3425 3194 Nam
3455 3138 3502 3196 sl

233 3240 528 3310 πάσχουσι.
557 3240 669 3293 Καὶ
698 3238 808 3310 γὰρ
836 3239 973 3311 πρὸς
1008 3238 1185 3307 ὀλίγον
1216 3237 1499 3301 θλιϐεῖσαι,
1535 3236 1723 3305 ὣσπερ
1750 3236 1818 3290 τὰ

232 3330 574 3404 διερρωγότα
619 3332 831 3402 ἱμάτια,
883 3330 1241 3393 ἀπόλλυνται,
1285 3329 1360 3401 μὴ
1412 3330 1671 3401 φέρουσαι
1719 3329 1819 3399 τὴν

231 3422 322 3477 διά
341 3422 445 3494 τῆς
473 3424 676 3495 ἀρετῆς
698 3422 911 3478 πλύσιν.
944 3423 1054 3476 Καὶ
1095 3417 1176 3486 εἷς
1205 3423 1233 3475 ό
1262 3422 1531 3493 τεχνίτης,
1564 3419 1819 3491 διάφορον

232 3514 290 3567 δὲ
318 3514 431 3568 τῶν
462 3514 690 3584 ἱματίων
721 3513 782 3569 τὸ
823 3513 1005 3578 τέλος·
1037 3514 1105 3568 τά
1136 3515 1235 3585 μὲν
1268 3514 1376 3586 1&9
1417 3515 1677 3586 ῥήγνυται
1725 3514 1820 3567 καὶ

232 3606 557 3672 ἀπόλλυται,
604 3607 667 3660 τὸ
718 3606 777 3660 δὲ
851 3606 1193 3662 λευκαίνεται
1248 3606 1343 3661 καὶ
1392 3606 1814 3672 ἀνακαινίζεται.

230 3698 371 3766 Φαίη
396 3693 493 3752 οὖν
521 3698 588 3753 άν
618 3714 722 3761 τις,
749 3697 955 3768 ἀγαθὸν
981 3699 1261 3769 κειμήλιον
1299 3699 1397 3770 τὴν
1435 3698 1819 3771 ἀκτημοσύνην

230 3787 312 3859 τῷ
366 3788 601 3861 ἀνδρείῳ
652 3790 991 3861 φρονήματι·
1048 3791 1141 3845 καὶ
1188 3791 1297 3863 1&9
1340 3790 1450 3845 τῶν
1501 3791 1818 3863 πρακτικῶν

230 3881 650 3955 ἁμαρτημάτων
688 3880 903 3953 χαλινὸς
932 3882 1209 3955 τυγχάνει.

304 4059 395 4114 51.
436 4058 529 4111 Δεῖ
573 4057 631 4113 δὲ
675 4058 891 4132 πρῶτον
938 4060 1382 4132 ἐηυμνασθῆναι
1437 4063 1551 4125 τοῖς
1598 4062 1812 4127 πόνοις·

232 4150 383 4220 λέγω
424 4149 503 4213 δὲ,
539 4152 761 4223 νηστείᾳ
800 4168 860 4204 τε
908 4152 1002 4205 καὶ
1039 4153 1326 4226 χαμευνίᾳ,
1364 4155 1457 4208 καὶ
1496 4158 1608 4219 τοῖς
1636 4156 1818 4220 ἄλλοις

232 4242 384 4297 κατὰ
430 4241 616 4314 μέρος,
655 4242 749 4297 καὶ
795 4242 968 4308 οὑτως
1000 4244 1201 4314 ταύτην
1233 4245 1329 4317 τὴν
1356 4246 1554 4318 ἀρετὴν
1616 4249 1819 4320 κτήσα-

236 4334 388 4390 σθαι.
432 4335 497 4387 υἱ
527 4334 637 4407 1&9
667 4333 742 4407 μὴ
778 4334 919 4389 οὕτω
967 4336 1325 4408 ποιήσαντες,
1376 4338 1587 4412 ἀθρόως
1625 4340 1682 4395 δὲ
1724 4342 1819 4395 ἐπὶ

234 4425 337 4498 τὴν
361 4424 633 4497 ἀποϐολὴν
678 4426 786 4480 τῶν
818 4427 1115 4499 χρημάτων
1145 4428 1462 4500 δραμόντες,
1503 4429 1579 4496 ὡς
1618 4433 1819 4488 ἐπίπαν

238 4517 537 4590 μεταμέλῳ
559 4517 823 4575 ἐάλωσαν.

308 4610 683 4683 52.Ὄργανον
696 4611 804 4683 γὰρ
819 4610 912 4665 τοῦ
932 4611 1328 4669 ἀπολαυστικοῦ
1345 4614 1461 4686 βίου
1480 4615 1549 4670 τά
1568 4619 1669 4690 χρή
1679 4634 1825 4688 ματα

233 4700 520 4773 τυγχάνει.
572 4702 762 4756 ’Δνελε
811 4698 905 4757 οὖν
953 4703 1169 4775 πρῶτον
1218 4703 1317 4775 τὴν
1368 4706 1561 4760 ἐαυτοῦ
1598 4708 1823 4779 τέχνην,

232 4794 487 4848 τουτέστι
514 4794 614 4866 τὴν
631 4795 1074 4867 γαστριμαργίαν
1104 4797 1200 4850 καὶ
1236 4797 1298 4850 τὸ
1346 4795 1705 4869 ἁϐροδίαιτον,
1732 4803 1826 4855 καὶ

234 4884 416 4950 οὕτως
447 4886 687 4950 εὐκόλως
726 4887 1074 4958 περιτέμνειν
1113 4888 1211 4960 τὴν
1248 4888 1447 4942 σαυτοῦ
1488 4889 1689 4963 δυνήσῃ
1718 4892 1824 4946 τῶν

237 4977 544 5050 χρημάτων
571 4976 724 5048 ὓλην.
755 4978 903 5051 Βαρὺ
943 4978 1052 5051 1&9
1098 4977 1271 5052 οἶμαι,
1300 4981 1494 5054 τέχνης
1522 4983 1824 5056 παρούσης,

236 5068 476 5140 ϐργανον
506 5068 581 5141 μὴ
604 5068 914 5140 τυγχάνειν.
952 5070 1011 5124 '0
1033 5070 1142 5142 γὰρ
1168 5069 1243 5142 μὴ
1265 5070 1554 5127 ἀποϐαλὼν
1585 5076 1647 5129 τὸ
1676 5074 1828 5147 πρῶ-

238 5176 356 5226 τον,
386 5158 504 5223 πῶς
548 5158 609 5213 τδ
658 5158 907 5233 δεύτερον
948 5160 1145 5226 ἐξῶσαι
1189 5148 1506 5235 δυνήσεται;
1539 5168 1637 5220 Διὰ
1671 5167 1828 5220 τοῦτο

240 5252 401 5325 καλό
432 5249 646 5324 Σωτὴρ,
695 5251 833 5323 πρὸς
867 5252 963 5305 τὸν
1009 5251 1260 5307 πλούσιον
1308 5253 1709 5325 διαλεγόμενος,
1726 5258 1827 5311 οὑκ

241 5344 460 5419 ἁθρόως
490 5343 640 5415 αὑτῷ
665 5344 763 5416 τὴν
791 5344 1061 5417 ἀποϐολὴν
1093 5345 1200 5398 τῶν
1228 5364 1333 5418 χρη
1343 5348 1527 5417 μάτων
1555 5348 1828 5420 προστάσ-

244 5451 365 5490 σει·
400 5434 541 5490 ἀλλὰ
564 5437 851 5507 προερωτᾷ
877 5434 1058 5499 αὑτὸν,
1092 5437 1141 5489 εί
1189 5437 1258 5490 τὰ
1303 5437 1399 5491 τοῦ
1432 5438 1598 5510 νόμου
1635 5440 1826 5495 πεποί-

243 5549 371 5603 ηκε.
409 5532 523 5585 Καὶ
552 5530 873 5585 διδασκάλου
906 5529 1128 5601 γνησίου
1172 5532 1464 5603 πρόσωπον
1496 5532 1829 5605 ἀναδεξάμε-

243 5642 337 5691 νος
364 5628 395 5680 ό
426 5623 636 5696 Κύριος
662 5623 870 5695 ἐρωτᾷ·
904 5624 967 5676 El
999 5621 1066 5676 τὰ
1098 5627 1334 5696 στοιχεῖα
1370 5623 1607 5697 ἔμαθες,
1639 5628 1690 5681 εί
1730 5626 1827 5691 τὰς

312 5801 428 5875 (ει)
464 5800 527 5858 lu
562 5800 698 5856 vni.
739 5798 853 5855 ριι.
882 5801 918 5855 l.
950 5817 1002 5867 v,
1037 5800 1090 5865 6,
1122 5800 1209 5856 ιδ.

1924 3228 2009 3283 vel
2040 3228 2274 3284 modicis
2297 3229 2680 3285 aﬂlictionlbus
2712 3231 3053 3300 premantur,
3086 3231 3232 3287 sicut
3255 3232 3510 3288 discissa?

1926 3328 2127 3382 vestes,
2159 3321 2213 3374 in
2238 3321 2538 3391 perniciem
2572 3329 2724 3385 eunt,
2760 3336 2863 3377 nec
2896 3321 3043 3379 ferre
3069 3324 3253 3380 valent
3283 3325 3511 3386 virtutis

1925 3413 2280 3467 ablutionem.
2332 3412 2510 3483 Atque
2549 3427 2654 3466 una
2686 3413 2906 3482 quidem
2952 3416 3010 3470 in
3057 3419 3306 3488 utrisque
3347 3420 3506 3475 ablu--

1924 3503 2089 3557 tionis
2122 3517 2213 3555 ars
2245 3508 2349 3569 est,
2387 3517 2638 3573 unusque
2665 3502 2880 3570 artifex,
2921 3505 3173 3563 diversus
3211 3516 3391 3565 tamen
3419 3519 3510 3568 est

1923 3596 2371 3650 vestimentorum
2408 3594 2568 3649 linis:
2595 3610 2721 3648 nam
2746 3595 2837 3650 illa
2865 3596 3082 3667 quidem
3116 3599 3507 3671 dirumpuntur

1922 3698 1977 3743 et
2009 3694 2262 3759 pereunt,
2298 3687 2412 3743 haec
2434 3681 2613 3742 autem
2637 3687 2925 3744 albescunt
2951 3697 3114 3761 atque
3143 3702 3503 3750 renovantur.

1922 3778 2053 3836 Jure
2088 3780 2253 3851 igitur
2298 3774 2607 3834 voluntaria
2637 3789 2952 3850 paupertas-
2976 3795 3298 3852 praecarum
3332 3787 3504 3842 cime-

1924 3873 2058 3927 lium
2100 3882 2463 3943 nuncupetur,
2494 3869 2641 3928 virili
2683 3887 2877 3942 nempe
2906 3872 3111 3941 animo,
3147 3892 3275 3931 nam
3314 3893 3504 3947 pecca-

1923 3972 2105 4021 torum
2134 3972 2187 4021 et
2218 3964 2520 4020 facinorum
2547 3956 2760 4020 frenum
2797 3975 2902 4021 est.
2981 4004 2985 4009 η

1993 4058 2083 4113 31.
2129 4058 2200 4111 At
2249 4064 2464 4128 Oportet
2501 4057 2654 4139 prius
2690 4054 2932 4113 exerceri
2962 4058 3017 4114 in
3058 4059 3273 4131 primis,
3306 4079 3510 4136 nempe

1919 4148 2151 4221 jejunio,
2189 4148 2341 4204 humi
2390 4150 2704 4215 cubati‘one,
2739 4149 2971 4222 aliisque
3000 4152 3297 4223 ejusmodi,
3327 4171 3506 4227 eoque

1924 4242 2086 4297 modo
2108 4240 2174 4295 ad
2202 4241 2345 4295 hanc
2374 4243 2658 4312 pervenire
2688 4243 2967 4300 virtutem.
2998 4242 3135 4299 Nam
3166 4247 3258 4316 qui
3286 4263 3397 4303 non
3427 4250 3506 4304 ita

1924 4341 2113 4406 agunt,
2144 4333 2239 4391 sed
2263 4334 2555 4405 derepente
2601 4335 2668 4389 ad
2699 4335 2985 4394 facultates
3009 4337 3342 4396 abdicandas
3370 4357 3504 4412 pro-

1926 4435 2141 4499 perant,
2193 4436 2255 4483 ut
2293 4429 2587 4500 plurimum
2640 4429 2891 4486 incidunt
2948 4431 3002 4487 in
3053 4430 3181 4488 facti
3231 4437 3503 4504 pinnitcn-

1856 4531 1898 4588 D
1927 4525 2083 4579 tiam.

1995 4618 2083 4674 52.
2116 4616 2250 4673 Nam
2282 4619 2647 4675 instrumenta
2674 4615 3014 4686 voluptuosa:
3054 4614 3181 4671 vita:
3205 4623 3335 4674 sunt
3360 4617 3502 4674 divi-

1924 4710 2034 4766 tiae.
2066 4708 2311 4764 Primum
2338 4724 2467 4779 ergo
2507 4707 2666 4785 aufer
2688 4715 2858 4762 artem
2890 4716 3062 4769 tuam,
3092 4704 3197 4760 hoc
3240 4717 3347 4772 est,
3378 4722 3503 4762 (ει-αα

1927 4803 2111 4874 pulam
2154 4808 2211 4856 et
2241 4800 2489 4861 delicias,
2518 4799 2708 4868 sicque
2743 4797 2903 4853 facile
2946 4798 3157 4868 poteris
3196 4813 3360 4868 apum
3400 4801 3505 4856 ab-

1926 4891 2180 4950 scindere
2231 4889 2539 4945 maleriam.
2589 4886 2766 4943 Grave
2813 4889 2959 4943 enim
3001 4876 3134 4958 puto
3182 4903 3323 4953 esse,
3384 4897 3509 4946 arte-

1925 4969 2213 5055 praesente,
2251 4980 2446 5037 abesse
2484 4980 2866 5035 instrumenta.
2900 4974 2965 5033 Et
2998 4981 3091 5050 qui
3126 4979 3362 5051 primum
3389 4996 3502 5037 non

1925 5075 2153 5145 expulit,
2189 5075 2306 5147 qui,
2347 5088 2556 5144 quasso,
2620 5074 2821 5144 poterit
2874 5072 3176 5130 secundum
3239 5074 3511 5147 exigere?

1926 5166 2291 5234 Quamobrem
2323 5148 2578 5222 Salvator
2589 5150 2819 5221 divitem
2844 5166 3148 5236 alloquens,
3180 5180 3287 5221 non
3315 5166 3499 5221 statim

1922 5260 2076 5331 jubet
2102 5239 2238 5331 opes
2262 5258 2572 5323 dimittere,
2609 5256 2706 5314 sed
2752 5264 2877 5313 ante
2916 5258 3216 5330 interrogat
3257 5274 3388 5314 num
3422 5261 3505 5315 le-

1928 5352 2012 5425 gis
2055 5350 2313 5407 mandata
2355 5350 2604 5406 servarit.
2639 5351 2705 5406 Et
2746 5352 2989 5421 germani
3025 5353 3271 5422 magistri
3308 5367 3502 5423 perso-

1928 5458 2051 5499 nam
2085 5442 2358 5513 accipiens
2383 5440 2647 5497 Dominus
2670 5443 2981 5498 sciscitatur
3009 5459 3022 5495 :
3047 5444 3095 5499 si
3124 5444 3359 5500 didicisti
3387 5444 3501 5500 ele-

1927 5543 2138 5602 menta;
2169 5535 2215 5591 si
2248 5534 2487 5607 syllabas
2516 5535 2812 5605 accepisti;
2852 5550 2917 5590 ac
2965 5534 3184 5591 demum
3226 5536 3272 5593 si
3312 5550 3503 5593 assue-

1925 5629 2052 5685 visti
2081 5626 2419 5695 nominibus,
2447 5627 2571 5684 veni
2603 5628 2716 5699 jam
2748 5626 2814 5682 ad
2838 5626 3290 5699 perfectissimam
3314 5626 3503 5687 lectio-
