4032 6376
562 352 694 411 1507

1715 350 1775 405 S.
1816 341 2278 403 ATHANASIUS.
2319 372 2388 385 —
2427 339 2700 398 SPURIA.

3666 340 3792 396 1508

561 481 684 522 nem
707 483 724 536 ;
754 466 860 524 hoc
887 474 971 524 est
995 484 1009 521 :
1054 465 1214 532 Vade,
1238 466 1395 521 vende
1423 466 1600 520 omnia
1627 479 1743 534 qua:
1769 461 1949 526 habes,
1973 469 2024 516 et
2055 458 2126 515 da

2230 454 2499 519 συλλαϐὰς
2541 453 2882 526 παρείληφας
2902 494 2917 519 ,
2950 455 3044 508 καὶ
3070 454 3256 518 ἀπλῶς
3291 454 3342 508 εί
3383 453 3492 508 τῶν
3531 453 3796 525 ὀνομάτων

558 557 918 627 pauperibus;
969 567 1020 612 et
1064 558 1200 623 veni,
1250 572 1459 627 sequere
1503 572 1583 609 me
1631 556 1698 610 θ’.
1746 551 2126 620 Arbitrorque,

517 633 525 641 ’
562 649 672 706 nisi
702 648 981 720 professus
1014 647 1228 713 fuisset,
1265 663 1324 703 se
1355 661 1418 702 ea
1450 646 1645 703 fecisse
1671 644 1739 700 de
1775 643 1976 716 quibus
2008 640 2128 697 fue-

563 751 652 796 rat
696 743 1084 812 interrogatus,
1138 753 1479 810 nequaquam
1519 737 1698 809 ipsum
1748 735 1816 792 ad
1859 735 2130 791 bonorum

564 834 960 889 abdicationem
991 831 1294 889 invitasset.
1339 830 1458 899 Qua
1490 832 1636 885 enim
1679 830 1891 884 ratione
1927 826 2131 882 valuis-

565 933 648 980 set
677 924 743 978 ad
783 925 1067 981 lectionem
1096 923 1376 990 accedere,
1411 923 1504 995 qui
1536 923 1842 995 ignorasset
1875 922 1985 978 vim
2027 921 2131 992 syl-

562 1018 809 1073 labarum
829 1017 853 1071 ?

631 1191 718 1245 55.
755 1190 905 1246 Bona
935 1193 1118 1261 itaque
1156 1197 1238 1246 est
1276 1189 1583 1245 voluntaria
1617 1197 1908 1259 paupertas
1937 1187 2004 1242 iis
2033 1187 2126 1257 qui

559 1283 824 1337 virtutum
847 1281 1298 1338 consuetudinem
1331 1280 1474 1336 nacti
1505 1288 1652 1334 sunt.
1685 1277 1824 1331 Nam
1855 1277 2128 1347 superﬂua

559 1375 742 1429 omnia
783 1390 908 1431 cum
950 1374 1269 1445 abjecerint,
1303 1373 1371 1427 ad
1400 1371 1687 1428 Dominum
1708 1377 2016 1433 vertuntur,
2045 1369 2128 1423 di-

559 1468 746 1521 vinum
778 1467 882 1521 hoc
910 1466 1184 1536 eloquium
1223 1478 1360 1535 pura
1389 1469 1567 1518 mente
1594 1463 1890 1531 psallentes
1914 1478 1931 1540 _:
1965 1457 2126 1530 623

563 1555 716 1614 Oculi
737 1559 905 1613 nostri
939 1558 994 1611 in
1023 1565 1070 1610 te
1101 1563 1316 1625 sperant
1342 1569 1360 1608 :
1387 1562 1437 1608 et
1457 1564 1514 1606 tu
1535 1551 1632 1606 das
1664 1567 1839 1607 escam
1861 1550 2129 1622 diligenti-

561 1649 656 1703 bus
685 1660 752 1715 te,
788 1649 844 1716 in
871 1659 1096 1716 tempore
1122 1655 1413 1716 opportuno
1441 1645 1509 1696 ⁸⁸.

2229 546 2286 598 έν
2314 545 2425 612 ἔξει
2457 545 2704 614 γέγονας,
2739 544 2897 617 δεῦρο
2943 544 3125 597 λοιπὸν
3155 544 3248 598 καὶ
3275 545 3370 598 ἐπὶ
3410 544 3510 616 τὴν
3540 545 3794 600 τελεωτάο

2227 654 2328 709 την
2359 638 2662 707 ἀνάγνωσιν
2681 655 2694 668 ·
2730 637 3004 691 τουτέστιν
3025 654 3038 667 ⁸
3071 639 3314 708 Ὕπαγε,
3357 637 3647 706 πώλησόν
3690 655 3793 694 σου

2226 727 2299 781 τὰ
2353 727 2735 797 ὑπάρχοντα,
2785 727 2882 782 καί
2923 727 3100 797 δεῦρο
3153 729 3474 783 ἀκολούθει
3513 718 3642 798 μοι.
3690 729 3790 784 Καὶ

2226 818 2365 890 τάχα
2390 815 2566 888 οἶμαι,
2605 818 2680 882 ὡς
2705 821 2754 872 εί
2795 817 2868 890 μὴ
2904 817 2974 870 τὰ
3001 818 3357 882 ὲξετασθέντα
3397 814 3466 890 ἦν
3497 820 3792 890 ὑποσχόμε-

2227 927 2316 973 νος
2347 909 2723 978 πεποιηκέναι,
2754 910 2850 964 οὐκ
2879 909 2944 963 ἂν
2971 910 3128 962 αὑτὸν
3161 911 3256 963 ἐπὶ
3289 910 3388 980 τὴν
3424 911 3794 982 ἀκτημοσύνην

2231 997 2620 1068 προετρέψατο.
2654 998 2776 1061 Πῶς
2807 997 2913 1069 γὰρ
2954 997 3018 1051 ἂν
3055 997 3291 1068 ἠδύνατο
3332 1000 3469 1070 πρὸς
3505 1001 3795 1071 ἀνάγνωσιν

2227 1089 2488 1158 ὁρμῆσαι,
2516 1089 2613 1160 τὴν
2635 1088 2742 1142 τῶν
2779 1088 3054 1142 συλλαϐῶν
3086 1089 3297 1157 ἀγνοῶν
3328 1091 3594 1162 δύναμιν;

2295 1179 2384 1233 55.
2423 1179 2576 1251 Καλὴ
2607 1175 2699 1234 οῦν
2729 1181 2761 1250 ἡ
2801 1180 3148 1254 ἀκτημοσύνη
3180 1184 3294 1245 τοῖς
3321 1182 3380 1234 ἐν
3420 1182 3532 1247 ἕξει
3563 1184 3671 1237 τῶν
3700 1203 3791 1239 καρ

2225 1267 2332 1322 λῶν
2364 1271 2774 1342 γεγενημένοις·
2814 1273 3029 1325 πάντων
3074 1272 3182 1344 γὰρ
3229 1273 3340 1326 τῶν
3395 1275 3662 1346 περιττῶν
3707 1279 3794 1337 τὴν

2226 1360 2494 1430 ἀποϐολὴν
2526 1363 2898 1433 ποιησάμενοι,
2938 1362 3070 1433 πρὸς
3111 1363 3204 1416 τὸν
3245 1364 3448 1436 Κύριον
3483 1369 3704 1436 φέρουσι
3741 1371 3795 1421 τὸ

2226 1450 2418 1521 νεῦμα,
2456 1451 2515 1505 τὸ
2565 1451 2704 1506 Θεῖον
2755 1455 2928 1506 ἐκεῖνο
2962 1453 3173 1524 ᾄδοντες
3207 1454 3387 1524 λόγιον
3433 1456 3709 1527 καθαρῶς,
3743 1460 3795 1518 τὸ

2226 1539 2428 1615 λέγονο.
2465 1543 2527 1592 Ol
2577 1541 2868 1610 ὀφθαλμοί
2922 1541 3088 1610 ἡμῶν
3135 1545 3285 1611 πρὸς
3341 1544 3415 1598 σὲ
3456 1546 3794 1607 ἐλπίζουσι·

2226 1629 2324 1682 καί
2367 1630 2448 1684 σὺ
2489 1631 2666 1699 δίδως
2714 1633 2827 1700 τὴν
2867 1633 3093 1702 τροφὴν
3137 1634 3262 1701 τοῖς
3302 1636 3581 1706 ἀγαπῶσι
3628 1654 3699 1691 σε
3735 1640 3797 1693 ἐν

2231 1723 2523 1792 εὐκαιρίᾳ.

629 1822 720 1877 54.
751 1819 1018 1876 Praeterea
1045 1834 1298 1892 magnum
1327 1819 1454 1874 hinc
1481 1815 1826 1874 commodum
1850 1817 2122 1885 referunt;

2295 1813 2385 1869 54.
2431 1814 2636 1879 Ἄλλως
2662 1832 2721 1866 τε
2755 1815 2912 1869 πάλιν
2957 1816 3198 1890 μεγάλην
3237 1819 3503 1887 ὠφέλειαν
3535 1824 3790 1892 εἰσπράτο

561 1926 686 1966 cum
720 1911 866 1966 enim
913 1911 980 1964 ad
1033 1918 1348 1966 terrestrem
1395 1910 1709 1965 thesaurum
1751 1909 1991 1964 animum
2021 1925 2132 1965 non

560 2003 849 2071 appellant,
903 2017 1123 2071 regnum
1174 2003 1436 2056 ccelorum
1511 2003 1776 2068 induunt,
1846 2004 2134 2073 palamque

559 2092 708 2146 illam
750 2107 781 2146 a
825 2092 1106 2162 psalmista
1162 2092 1364 2157 Davide
1417 2093 1756 2148 decantatam
1807 2097 2130 2150 sententiam

557 2191 928 2255 exsequuntur
960 2201 976 2239 :
1010 2181 1075 2236 Ut
1108 2183 1409 2252 jumentum
1454 2185 1626 2254 factus
1660 2203 1776 2240 sum
1806 2186 1943 2255 apud
1989 2196 2036 2240 te
2059 2186 2128 2245 ⁸⁸.

555 2276 690 2331 Nam
726 2277 868 2333 sicut
901 2278 1167 2347 iumenta,
1213 2293 1334 2347 qua:
1364 2293 1522 2332 suum
1553 2293 1690 2348 opus
1739 2282 1961 2342 obeunt,
1997 2279 2130 2334 solis

556 2370 622 2424 ad
651 2369 816 2423 vitam
861 2371 1191 2426 necessariis
1232 2370 1507 2424 alimentis
1552 2377 1806 2426 contenta
1844 2378 2007 2436 sunt,
2054 2373 2125 2424 ita

557 2461 897 2531 paupertatis
933 2469 1226 2526 amatores,
1276 2475 1434 2514 usum
1478 2463 1720 2530 pecunia:
1771 2463 1928 2533 quasi
1989 2462 2122 2517 nihil

554 2558 832 2619 reputant,
864 2551 1145 2620 soliusque
1172 2552 1475 2621 quotidiani
1519 2553 1758 2608 alimenti
1800 2568 1965 2608 causa
2002 2547 2127 2608 coi-

555 2655 777 2711 poream
821 2651 1080 2698 exercent
1129 2658 1373 2714 operam.
1420 2645 1483 2699 lli
1545 2653 1727 2699 tenent
1774 2643 1895 2699 ﬁdei
1936 2644 2130 2700 funda-

553 2740 797 2787 mentum
831 2750 845 2786 :
877 2732 944 2787 ad
972 2749 1066 2790 eos
1110 2749 1344 2804 namque
1372 2734 1576 2788 dictum
1606 2735 1709 2788 t’uit
1742 2748 1773 2786 a
1799 2733 2047 2798 Domino,
2067 2742 2128 2789 ut

555 2823 775 2878 solliciti
793 2840 900 2880 non
917 2836 1099 2882 essent
1116 2826 1172 2881 in
1189 2829 1487 2882 crastinum
1507 2846 1520 2882 :
1542 2835 1616 2891 et,
1640 2827 1880 2882 volatilia
1893 2829 2009 2880 caeli
2023 2844 2126 2880 non

553 2925 927 2988 seruatumque
947 2926 1166 2983 metunt,
1186 2929 1236 2972 et
1258 2918 1421 2972 Pater
1465 2919 1685 2973 ccclesiis
1735 2921 1902 2987 pascit
1930 2920 2028 2974 illa
2058 2921 2125 2976 ⁸⁸.

555 3004 653 3062 llis
679 3006 800 3062 freti
822 3009 1168 3064 sermonibus
1197 3008 1366 3078 (Deus
1392 3024 1631 3079 namque
1656 3018 1740 3065 est
1756 3010 1849 3080 qui
1871 3011 2129 3083 loquitur)

553 3098 723 3156 libere
752 3109 808 3155 et
845 3101 1103 3156 audacter
1130 3097 1278 3155 illhm
1316 3099 1614 3172 Scriptura:
1666 3117 1854 3158 vocem
1888 3119 2130 3174 pronun-

553 3191 692 3247 tiant
725 3210 740 3248 :
780 3191 994 3248 Credidi
1022 3201 1234 3262 propter
1265 3194 1402 3262 quod
1431 3193 1634 3247 locutus
1669 3210 1784 3247 sum
1816 3195 1883 3249 "°.

621 3449 710 3505 55.
739 3448 847 3506 Sed
871 3458 926 3506 et
951 3451 1129 3508 hostis
1152 3467 1181 3509 a
1200 3453 1540 3525 paupertatis
1561 3454 1794 3525 hujusce
1816 3457 2124 3516 cultoribus

552 3539 776 3598 facilius"
812 3552 1103 3614 superatur
1145 3564 1159 3599 :
1204 3560 1315 3600 non
1360 3546 1524 3602 habet
1574 3547 1718 3602 enim
1753 3564 1861 3619 quo
1908 3558 2124 3608 noceat.

553 3629 690 3688 Nam
747 3635 981 3689 maxima
1015 3650 1144 3706 pars
1190 3637 1562 3694 molestiarum
1597 3647 1652 3693 et
1676 3640 2037 3696 tentationum
2069 3641 2124 3695 in

554 3726 1108 3800 facultatumjactura
1136 3740 1408 3787 versatur.
1429 3731 1586 3798 Quod
1613 3731 1756 3787 enim
1785 3733 1968 3788 damni
1988 3750 2123 3804 pau-

550 3822 772 3891 peribus
809 3821 1009 3876 inierat
1048 3838 1158 3877 non
1207 3824 1389 3878 habet.
1421 3824 1504 3878 An
1546 3824 1745 3895 praedia
1777 3825 2125 3881 incenderet?

512 3946 519 3952 -
550 3927 660 3967 non
723 3913 942 3969 adsunt.
975 3912 1229 3969 Iumenta
1274 3914 1641 3971 interﬁceret?
1670 3915 1818 3969 nulla
1853 3926 1982 3971 sunt
2019 3919 2118 3973 eis.

551 4003 904 4060 Charissimis
946 4005 1203 4060 noceret?
1256 4021 1443 4061 verum
1488 4006 1608 4061 istis
1639 4021 1856 4077 quoque
1899 4007 2119 4077 longum

550 4095 670 4149 vale
695 4094 972 4150 dixerunt.
1001 4087 1095 4151 Est
1145 4097 1309 4167 igitur
1349 4105 1640 4168 paupertas
1675 4099 1976 4153 maximum
2024 4099 2120 4154 ad-

549 4197 745 4239 versus
788 4184 998 4240 hostem
1031 4187 1358 4257 supplicium
1387 4203 1450 4242 ac
1477 4188 1753 4257 pretiosus
1775 4191 1969 4246 animae
2001 4192 2120 4248 the-

551 4288 771 4330 saurus.

2232 1921 2411 1958 τονται
2432 1922 2444 1934 '
2472 1906 2547 1976 μὴ
2581 1905 2792 1976 ἔχοντες
2832 1907 2936 1978 γὰρ
2962 1907 3052 1961 τὸν
3083 1910 3206 1962 νοῦν
3234 1910 3369 1981 πρὸς
3407 1911 3498 1964 τὸν
3530 1915 3591 1966 ὲν
3609 1917 3677 1985 γῇ
3709 1915 3792 1984 Θηο

2234 1995 2454 2067 σαυρὺν,
2480 1996 2577 2068 τὴν
2605 1995 2848 2066 οὐρανῶν
2879 1996 3151 2066 βασιλείαν
3177 2000 3572 2068 ἀμφιέννυνται
3591 2020 3606 2033 ο
3635 2005 3726 2057 καὶ⁵
3743 2004 3795 2058 τὸ

2230 2081 2335 2135 ὑπὸ
2367 2082 2460 2135 τοῦ
2507 2083 2750 2155 ύμνῳδοῦ
2791 2085 2956 2138 Δαϐὶδ
2995 2087 3144 2156 ῥῆμα
3180 2088 3460 2142 ἐκτελοῦσι
3511 2092 3717 2160 σαφῶς,
3741 2092 3797 2148 τὸ

2231 2173 2387 2241 λέγον
2406 2189 2422 2204 ο
2457 2174 2779 2243 Κτηνὼδης
2803 2177 3094 2245 ἐγενήθην
3121 2179 3280 2246 παρά
3303 2181 3426 2234 σοί.
3461 2182 3674 2254 Ὥσπερ
3701 2185 3800 2254 γὰρ

2229 2265 2300 2318 τὰ
2319 2265 2604 2335 ὑποζύγια,
2623 2267 2720 2339 τὴν
2743 2268 2875 2322 ίδίαν
2898 2270 3157 2340 ἐργασίαν
3185 2271 3506 2343 ποιούμενα,
3528 2279 3650 2339 ταῖς
3673 2277 3794 2347 πρὸς

2229 2356 2288 2410 τὸ
2317 2357 2416 2428 ζῇν
2446 2360 2673 2429 τροφαῖς
2705 2358 2895 2429 μόναις
2927 2359 3250 2431 ἀρκοῦνταιθ
3285 2363 3430 2416 οὕτω
3491 2366 3588 2418 καὶ
3627 2367 3674 2418 cl
3707 2367 3794 2435 τῆς

2231 2449 2611 2522 ἀκτημοσύνης
2635 2451 2884 2520 ὲργάται,
2916 2451 3013 2520 τὴν
3051 2453 3147 2522 μὲν
3175 2453 3266 2506 τοῦ
3306 2455 3572 2528 ἀργυρίου
3614 2457 3794 2527 χρῆσιν

2227 2540 2302 2604 ὡς
2337 2542 2501 2612 μηδὲν
2527 2538 2689 2595 οὖσαν
2727 2541 3056 2609 λογίζονται,
3104 2543 3241 2614 πρὸς
3277 2543 3448 2616 μόνην
3493 2545 3550 2599 δὲ
3579 2547 3674 2617 τὴν
3713 2549 3796 2615 ἐφ·

2229 2631 2434 2702 ήμερον
2450 2633 2652 2703 τροφὴν
2676 2630 2772 2702 τὴν
2794 2630 2883 2683 διὰ
2909 2631 3002 2684 τοῦ
3024 2630 3273 2702 σώματος
3300 2636 3567 2705 ἐργασίαν
3598 2635 3796 2689 ποιοῦν-

2227 2736 2336 2774 ται.
2364 2716 2525 2775 Οὗτοι
2551 2722 2648 2792 τῆς
2668 2721 2902 2783 πίστεως
2930 2723 3026 2792 τὴν
3048 2723 3288 2794 κρηπῖδα
3318 2725 3611 2794 κατέχουσι
3632 2744 3644 2755 ·
3675 2726 3798 2798 πρὸς

2227 2811 2422 2876 αὐτοὺς
2451 2813 2557 2885 γὰρ
2580 2813 2790 2886 εἴρηται
2822 2815 2973 2887 παρά
2994 2813 3085 2866 τοῦ
3121 2815 3325 2885 Κυρίου
3346 2816 3408 2869 τὸ
3431 2817 3508 2887 μὴ
3541 2820 3798 2890 μεριμνᾲν

2229 2904 2356 2975 περὶ
2397 2905 2494 2976 τῆς
2521 2904 2707 2977 αὔριον
2728 2922 2742 2937 ’
2774 2907 2866 2959 καὶ
2895 2907 2997 2970 ὅτι,
3043 2906 3121 2960 Τὰ
3142 2909 3384 2961 πετεινὰ
3417 2909 3526 2962 τοῦ
3551 2910 3799 2977 adparet":

2228 2997 2300 3049 οὐ
2331 2997 2590 3066 σπείρει,
2617 2997 2758 3052 οὐδὲ
2795 2998 3016 3066 θερίζει,
3045 2999 3142 3052 καὶ
3171 3002 3203 3052 ὁ
3230 2999 3434 3069 Πατὴρ
3468 3004 3502 3056 ὁ
3535 3002 3800 3070 οίιράνιος

2230 3087 2426 3157 τρέφει
2467 3089 2637 3143 αὑτά.
2669 3089 2889 3154 Τούτοις
2930 3093 3043 3152 τοῖς
3089 3090 3265 3159 λόγοις
3297 3091 3616 3164 ἐθάρρησαν
3661 3094 3800 3165 (Θεὸς

2155 3165 2200 3226 C
2230 3180 2337 3252 γὰρ
2381 3184 2408 3235 ὁ
2459 3180 2756 3253 λαλήσας),
2802 3184 3371 3255 πεπαρρησιασμένως
3427 3185 3491 3237 τὸ
3538 3188 3801 3256 γραφικὸν

2229 3279 2405 3331 έκεῖνο
2433 3277 2753 3348 φθέγγονται
2790 3279 2960 3350 ῥῆμα,
2993 3279 3054 3331 τὸ
3081 3278 3238 3347 λέγον
3259 3296 3275 3311 ο
3315 3279 3708 3346 Ἐπίστευσα,
3735 3280 3802 3334 δι’

2227 3368 2260 3421 ὃ
2288 3369 2585 3437 ἐλάλησα.

2297 3459 2384 3514 55.
2421 3461 2530 3514 Kal.
2560 3462 2588 3514 ὁ
2610 3461 2799 3532 ἐχθρὸς
2823 3461 2880 3514 δὲ
2914 3459 3136 3513 ἐπὶτῶν
3167 3459 3496 3531 ἀκτημόνων
3535 3461 3699 3515 πλέον
3725 3462 3803 3531 ἠτ-

2225 3552 2382 3605 τᾶται
2402 3568 2416 3581 ·
2440 3553 2492 3605 τί
2518 3551 2625 3622 γὰρ
2669 3552 2867 3626 βλάψῃ,
2896 3553 2995 3606 ούκ
3029 3551 3161 3623 ἔχει.
3196 3553 3262 3605 Al
3291 3555 3402 3624 γάρ
3427 3553 3678 3609 πλεῖσται
3705 3553 3804 3606 τῶν

2225 3641 2407 3695 λυπῶν
2451 3645 2545 3696 καὶ
2581 3644 2690 3696 τῶν
2734 3643 3052 3716 πειρασμῶν
3087 3645 3144 3697 ἒν
3171 3646 3286 3706 ταῖς
3326 3643 3656 3715 ἀφαιρέσεσι
3700 3644 3799 3698 τῶν

2225 3735 2520 3805 Χρημάτων
2559 3735 2817 3804 γίνονται.
2854 3736 2919 3788 Τί
2957 3735 3066 3806 γὰρ
3095 3733 3206 3805 ἔχει
3233 3736 3460 3805 ποιῆσαι
3493 3723 3612 3800 τοῖς
3645 3738 3804 3807 ἀκτή-

2227 3842 2381 3896 μοσιν
2401 3843 2414 3893 ;
2437 3827 2537 3879 οὐκ
2554 3826 2686 3897 ἔχει.
2706 3825 2891 3897 Χωρία
2914 3827 3192 3897 ἐμπρῆσαι
3212 3843 3226 3893 ;
3249 3827 3307 3879 ού
3333 3826 3627 3897 πάρεστιν.
3657 3827 3805 3879 ’Υπο⁶

2223 3915 2383 3983 ζύγια
2439 3919 2694 3990 φθεῖραι;
2731 3917 2845 3971 ἀλλ’
2881 3917 3001 3971 οὐδὲ
3041 3918 3214 3971 ταῦτα
3268 3918 3476 3987 ἔχουσι,
3532 3919 3804 3981 Φιλτάτοις

2223 4007 2496 4078 ἃψασθαι;
2545 4009 2682 4063 ἀλλά
2731 4011 2822 4062 καὶ
2859 4009 3072 4072 τούτοις
3120 4009 3337 4081 μακρὰν
3376 4011 3600 4080 χαίρειν
3640 4007 3799 4064 εἷπον.

2220 4097 2430 4152 Οὐκοῦν
2465 4099 2692 4170 μεγίστη
2719 4099 2860 4152 κατά
2886 4097 2980 4151 τοῦ
3009 4098 3205 4170 ἐχθροῦ
3242 4101 3489 4170 τιμωρία
3521 4101 3620 4154 καὶ
3652 4101 3802 4154 πολύ·

2218 4208 2375 4261 τιμος
2401 4193 2467 4261 τῇ
2497 4191 2644 4264 ψυχῇ
2677 4190 2946 4262 θησαυρὸς
2971 4192 3004 4262 ἡ
3033 4189 3414 4262 ἀκτημοσύνη.

2290 4371 2378 4426 56.
2407 4372 2571 4426 Ὅσον
2599 4371 2699 4443 μὲν
2731 4365 2825 4425 οῦν
2866 4370 3005 4442 αὕτη
3039 4369 3326 4442 θαυμαστὴ
3360 4369 3458 4424 καὶ
3505 4372 3805 4443 ὑπέρογκος

620 4367 711 4422 56.
737 4367 1005 4422 Caeterum
1059 4379 1264 4439 quanto
1325 4383 1617 4444 paupertas
1663 4375 2036 4430 admirabilior
2063 4383 2118 4431 et
2159 4370 2164 4376 ’

551 4460 616 4516 ad
652 4461 908 4518 virtutem
967 4464 1312 4532 pmstautior
1348 4475 1453 4530 est,
1493 4476 1642 4523 tanto
1673 4468 1917 4539 pecunias
1962 4484 2116 4525 amor

2227 4465 2300 4527 είς
2331 4464 2550 4536 ἀρετὴν,
2589 4463 2840 4517 τοσοῦτον
2873 4465 2951 4526 είς
2983 4463 3182 4517 κακίαν
3216 4462 3392 4534 φαύλη
3422 4463 3525 4516 καὶ
3559 4464 3803 4535 μοχθηρά

551 4549 618 4605 ad
657 4550 848 4604 vitium
883 4550 1034 4621 pejor
1059 4560 1115 4607 et
1142 4551 1462 4625 ﬂagitiosior
1511 4564 1596 4612 est
1646 4576 1660 4612 :
1705 4573 1940 4628 vereque
1990 4574 2116 4615 eum

2227 4558 2252 4626 ἡ
2294 4556 2654 4629 φιλαργυρίαο
2687 4555 2780 4609 καὶ
2819 4555 3033 4626 ἀληθῶς
3067 4558 3096 4608 ὁ
3125 4554 3412 4619 θεσπέσιος
3437 4557 3656 4620 Παῦλος
3681 4555 3803 4625 περὶ

549 4643 768 4699 divinus
817 4643 1113 4714 Apostolus
1163 4645 1331 4713 dixit,
1386 4662 1508 4704 esse
1552 4648 1794 4704 omnium
1847 4650 2112 4705 malorum

2227 4645 2424 4716 ταύτης
2449 4647 2699 4718 εἴρηκεν·
2730 4646 2806 4708 ὡς
2832 4646 3048 4699 πάντων
3083 4643 3251 4716 αὐτὴν
3278 4644 3388 4696 τῶν
3419 4645 3609 4698 κακῶν
3632 4647 3800 4698 αἰτίαν

549 4735 848 4789 causam".
901 4734 1038 4789 Nam
1091 4735 1402 4792 divitiarum
1456 4739 1746 4810 cupiditas,
1795 4740 2114 4811 perjurium,

2227 4732 2376 4790 εἶναι.
2419 4737 2712 4807 Ἐπιθυμία
2738 4736 2845 4808 γὰρ
2874 4734 2967 4788 τοῦ
3007 4734 3257 4798 πλούτου,
3295 4736 3575 4806 ἐπιορκία,
3609 4736 3798 4804 κλοπὴ.

549 4825 776 4891 furtum,
835 4827 1046 4896 rapina,
1106 4827 1416 4895 fornicatio,
1450 4831 1675 4895 invidia,
1701 4833 1898 4899 caedes,
1932 4832 2116 4886 odium

2227 4828 2467 4901 ἁρπαγὴ,
2495 4829 2740 4898 πορνεία,
2763 4827 2973 4896 φθόνος,
2998 4825 3341 4896 μισαδελφία,
3369 4827 3633 4895 πόλεμος,
3657 4825 3798 4878 εἰδω-

550 4915 872 4981 fraternum,
907 4917 1130 4982 bellum,
1168 4919 1497 4988 idololatria,
1529 4921 1780 4989 avaritia,
1813 4924 2118 4994 horumque

2227 4918 2527 4992 λολατρεία,
2581 4918 2882 4985 πλεονεξία,
2930 4918 3023 4972 καὶ
3067 4919 3125 4970 αί
3171 4916 3534 4988 παραφυάδες
3577 4917 3796 4977 τούτων,
3825 4981 3838 4998 ‘_

550 5009 782 5074 surculi,
820 5009 1145 5080 hypocrisis,
1179 5011 1442 5080 adulatio,
1468 5013 1761 5082 cachinni;
1797 5017 2003 5080 omnia,
2033 5015 2118 5069 in-

2227 5013 2528 5084 ὑπόκρισις,
2558 5012 2836 5076 κολακεία,
2861 5009 3182 5078 κατάγελως
3199 5025 3214 5041 ο
3241 5009 3460 5062 πάντων
3487 5002 3583 5062 οῦν
3604 5007 3797 5060 τούτων
3837 5007 3840 5012 ’

550 5101 967 5169 quam,isth2ec,
986 5117 1206 5158 causam
1229 5111 1283 5159 et
1305 5105 1571 5176 originem
1602 5106 1804 5163 habere
1830 5107 2115 5164 avaritiam

2227 5104 2369 5157 αἰτία
2403 5104 2747 5174 ὡμολόγηται
2769 5105 2802 5174 ἡ
2834 5101 3186 5174 φιλαργυρία.
3205 5101 3370 5154 Ὅθεν
3387 5100 3619 5162 δικαίως
3638 5097 3794 5165 αὐτὴν

551 5193 608 5247 in
653 5192 909 5250 confesso
936 5203 1041 5252 est.
1077 5184 1378 5266 Undejure
1403 5198 1551 5252 illam
1593 5200 1837 5254 omnium
1885 5208 2114 5255 matrem

2227 5195 2439 5250 πάντων
2469 5195 2578 5250 τῶν
2605 5195 2790 5249 κακῶν
2823 5195 3034 5266 μητέρα
3081 5196 3111 5247 ὁ
3145 5193 3471 5257 Ἀπόστολος
3500 5193 3788 5265 ὠνόμασεν.

551 5282 820 5338 malorum
873 5284 1174 5356 Apostolus
1203 5288 1530 5344 nominavit.
1567 5287 1680 5344 Nec
1717 5291 1896 5345 solum
1937 5289 2007 5345 ab
2033 5289 2114 5344 eis

2227 5288 2295 5341 Οὐ
2331 5288 2492 5360 μόνον
2519 5289 2574 5341 δὲ
2593 5289 2620 5342 ὁ
2655 5287 2786 5352 Θεὸς
2813 5287 3035 5352 τούτους
3065 5289 3394 5359 τιμωρεῖται
3418 5303 3434 5319 ⁸
3457 5286 3600 5342 ἀλλά
3622 5303 3682 5354 γε
3706 5282 3790 5336 καὶ

621 5439 667 5471 ⁸⁸
705 5439 894 5495 Matth.
928 5455 1022 5495 nx
1044 5481 1058 5505 ,
1090 5440 1181 5496 21.
1281 5442 1326 5476 ⁸³
1361 5441 1508 5501 Psal.
1543 5445 1722 5507 exniv,
1758 5444 1845 5500 15.
1947 5441 2023 5507 ιεδ
2058 5439 2127 5498 Ps

2238 5456 2408 5507 uxn,
2444 5442 2534 5497 25.
2641 5441 2686 5474 ⁸⁵
2727 5439 2916 5496 Matth.
2952 5455 3043 5507 vi,
3073 5439 3166 5495 26.
3282 5440 3330 5474 ⁸⁸
3368 5437 3520 5494 Psal.
3555 5451 3676 5502 οη.
3709 5430 3784 5490 l0.

1947 5441 2023 5518 3‘
2058 5439 2204 5498 Psal.
2238 5456 2408 5510 uxn,
2444 5442 2534 5497 25.

558 5508 604 5540 ⁸⁷
641 5508 666 5562 l
698 5509 839 5565 Tim.
876 5525 965 5577 Vl,
1002 5511 1086 5564 10.

1281 5442 1326 5476 ⁸³
1361 5441 1508 5501 Psal.
1543 5445 1722 5511 CXLiV,
1758 5444 1845 5500 15.

622 5710 736 5786 (se)
768 5712 826 5766 n.
867 5710 996 5767 Vm.
1022 5711 1135 5767 PP.
1169 5711 1204 5766 l.
1237 5726 1311 5777 νι,
1347 5711 1399 5776 ι,
1430 5711 1517 5766 es.
