4032 6376
266 326 405 382 1509

1379 335 1539 392 VITA
1581 338 1872 395 SANCTIE
1915 341 2392 400 SYNCLETICAE.

3377 363 3517 422 1510

264 443 469 499 οἴκοθεν
502 444 726 510 ἑαυτοὺς
765 448 1218 521 καταφθείρουσιν
1243 469 1255 482 ·
1290 453 1583 527 ἀκόρεστον
1611 460 1717 531 γὰρ
1744 461 1819 529 φέ·

1942 460 2083 516 Deus
2109 477 2302 532 pmnas
2336 463 2568 536 repetit,
2602 479 2791 521 verum
2820 467 2926 538 ipsi
2953 470 3320 547 sibimetipsis
3357 479 3522 540 inter-

262 549 447 602 ροντες
472 533 570 604 τὴν
597 534 814 601 κακίαν,
843 537 943 590 οὐκ
963 537 1142 608 ἔχουσι
1162 541 1312 607 τέλος
1344 544 1436 598 τοῦ
1465 547 1688 612 σκοποῦ,
1716 548 1837 602 ὅθεν

261 623 474 687 ἀνίατος
506 625 688 688 αύτοὶς
721 628 754 696 ή
785 628 989 700 πληγή.
1031 631 1089 684 '0
1123 632 1291 702 μηδὲν
1324 633 1462 705 ἔχων
1499 635 1696 705 ὀλίγων
1720 639 1838 691 ἐπι-

259 715 451 785 θυμεῖ·
482 717 576 770 καὶ
634 719 808 787 τυχὼν
836 720 1063 786 τούτων,
1107 723 1215 777 τῶν
1261 725 1520 781 πλειόνων
1561 729 1831 800 ὀρέγεται·

269 806 501 860 Ἑκατὸν
525 809 810 879 χρυσίνους
833 810 966 881 ἔχει,
992 814 1085 867 καὶ
1107 815 1347 886 γλίχεται
1361 819 1469 871 τῶν
1497 820 1682 890 χιλίων
1697 837 1709 850 ·
1741 823 1836 876 καὶ

265 896 460 950 τούτων
484 900 812 971 εὐπορήσας,
842 903 977 974 πρὸς
999 906 1222 977 ἄπειρον
1253 909 1407 979 φέρει
1430 910 1489 962 τὸ
1507 911 1697 982 νεῦμα.
1726 914 1834 966 Καὶ

257 988 421 1053 οὕτω,
445 989 518 1060 μὴ
555 991 689 1062 (8⁸2⁸)
711 991 922 1062 ἔχοντες
937 995 1145 1051 ἐαυτῶν
1164 999 1351 1068 στῆναι
1361 1000 1421 1052 τὸ
1441 1000 1610 1064 τέλος,
1626 1003 1712 1055 ἀεὶ
1737 1021 1835 1056 πε-

258 1078 374 1133 νίαν
404 1079 704 1152 ὀδύρονται.
746 1083 904 1154 Φέρει
940 1084 996 1137 δὲ
1027 1087 1058 1155 ή
1103 1087 1434 1160 φιλαργυρία
1485 1091 1602 1161 μεθ’
1637 1093 1833 1164 ἑαυτῆς

254 1169 342 1221 ἀεὶ
366 1170 456 1222 τὸν
483 1171 694 1239 φθόνον.
723 1172 938 1244 Φθείρει
971 1175 1028 1228 δὲ
1052 1178 1147 1231 καὶ
1174 1172 1326 1242 οὗτος
1353 1180 1566 1251 πρῶτον
1596 1183 1685 1235 τὸν
1712 1201 1834 1255 κτη-

255 1261 508 1332 σάμενον.
538 1264 748 1336 Ὥσπερ
775 1265 934 1339 γάρὴ
959 1268 1140 1338 ἔχιδνα
1159 1272 1472 1342 γεννωμένη
1503 1275 1716 1345 πρῶτον
1735 1275 1832 1347 τὴν

257 1354 393 1408 ἰδίαν
430 1355 640 1427 μητέρα
682 1359 914 1429 φθείρει,
951 1362 1080 1426 πρὶν
1117 1363 1182 1416 ἂν
1217 1363 1411 1428 ἄλλους
1447 1367 1714 1440 ἀδικήσῃ·
1741 1369 1832 1423 οὖ-

252 1464 330 1500 τω
382 1449 477 1500 καὶ
502 1451 530 1500 ὁ
559 1448 749 1517 φθόνος
769 1451 860 1503 τὸν
886 1454 1225 1524 κτησάμενον
1253 1460 1676 1531 καταμαραίνει,
1701 1462 1830 1534 πρὶν

251 1535 317 1592 ἂν
345 1540 472 1602 τοὺς
500 1540 564 1592 ἐκ
597 1542 852 1607 γειτόνων
881 1544 1203 1619 διανεμηθῇ.

321 1719 411 1772 37.
439 1720 597 1788 Μέγα
626 1739 692 1792 ην
722 1723 932 1793 χρῆμα,
961 1728 1009 1778 εί
1053 1727 1338 1793 τοσούτους
1363 1731 1671 1802 ἠδυνάμεθα
1698 1736 1828 1789 ὑπο-

1938 553 2072 607 itum
2130 562 2345 624 parant.
2397 555 2533 610 Cum
2571 557 2684 613 sint
2715 559 2861 614 enim
2922 561 3225 623 insatiabili
3271 575 3520 643 nequitia

1935 643 2169 712 praaditi,
2195 645 2406 700 nullum
2441 644 2645 702 habent
2674 651 2942 718 propositi
2970 654 3153 722 tinem,
3179 661 3518 735 proindeque

1935 733 2257 790 insanabilis
2290 734 2438 791 inest
2465 735 2577 790 illis
2606 737 2784 808 plaga.
2818 739 2923 807 Qui
2965 743 3103 798 nihil
3135 746 3321 816 habet,
3342 733 3517 822 pauca

1935 821 2248 891 desiderat;
2283 840 2405 896 quae
2443 835 2659 895 nactus,
2691 831 2846 900 plura
2884 836 3246 906 concupiscit.
3282 821 3513 900 centum

1936 929 2135 969 aureos
2157 915 2340 981 habet,
2359 917 2508 973 mille
2537 922 2742 990 expetit
2775 942 2788 976 :
2821 923 2922 978 hos
2954 936 3306 998 consecutus,
3338 932 3392 988 in
3424 935 3512 989 in-

1935 1004 2148 1059 ﬁnitum
2201 1008 2446 1063 extendit
2490 1012 2868 1082 cupiditatem.
2910 1015 3110 1088 Sicque
3145 1025 3363 1092 quando
3403 1035 3514 1081 ter-

1933 1096 2144 1150 minum
2193 1098 2298 1153 sibi
2333 1102 2670 1158 constituere
2711 1121 2822 1160 non
2852 1118 3104 1176 possunt,
3135 1125 3510 1183 paupertatem

1934 1202 2151 1258 semper
2177 1190 2486 1261 deplorant.
2509 1194 2679 1251 All‘ert
2705 1207 2886 1254 autem
2912 1217 3128 1274 semper
3153 1221 3337 1262 secum
3361 1225 3516 1266 amor

1933 1280 2178 1348 pecuniae
2216 1281 2500 1340 invidiam.
2533 1284 2660 1342 Haec
2691 1305 2820 1344 vero
2847 1275 3160 1359 hujusmodi
3191 1306 3276 1352 est
3301 1308 3359 1353 ut
3389 1302 3509 1370 prio

1933 1386 2080 1424 mum
2114 1372 2402 1428 habentem
2446 1391 2504 1432 se
2532 1378 2828 1437 interimat.
2864 1383 3331 1448 Quemadmodum
3363 1394 3510 1448 enim

1930 1461 2131 1532 vipera:
2161 1465 2439 1521 nascendo
2465 1469 2622 1538 prius
2653 1480 2857 1530 matres
2893 1478 3171 1544 occidunt,
3195 1497 3358 1552 quam
3384 1485 3509 1542 aliis

1930 1564 2194 1620 noceant,
2243 1558 2324 1613 sic
2369 1570 2423 1615 et
2477 1561 2684 1618 invidia
2743 1581 2802 1622 se
2842 1571 3215 1638 possidentem
3250 1579 3513 1635 tabefacit

1930 1647 2250 1719 priusquam
2287 1651 2500 1709 vicinos
2526 1655 2799 1712 absumat.
2831 1710 2836 1716 _

1999 1739 2087 1793 57.
2121 1739 2232 1814 (85)
2281 1741 2610 1800 Praeclarum
2678 1758 2825 1805 esset
2863 1751 2910 1806 si
2968 1759 3050 1807 tot
3097 1754 3315 1813 labores
3365 1758 3508 1816 ferre

255 1809 437 1879 μένειν
473 1811 686 1877 πόνους,
715 1814 1004 1884 ζητοῦντες
1034 1817 1095 1870 τὸ
1120 1819 1340 1890 δόκιμον
1373 1823 1650 1894 ἀργύριον,
1685 1827 1819 1892 ὅσοις

1932 1809 2242 1902 possemus,
2302 1837 2599 1905 quaerendo
2625 1899 2634 1908 _
2657 1840 2948 1909 probatum
3006 1845 3141 1900 illud
3192 1809 3502 1919 argentum,

251 1901 570 1971 ἀνηκέστοις
600 1905 1020 1975 περιπίπτουσιν
1048 1911 1095 1962 oi
1123 1910 1216 1964 τοῦ
1249 1916 1476 1984 ματαίου
1505 1917 1709 1990 κόσμου
1739 1919 1828 1992 θη-

254 1994 434 2063 ραταί.
462 1995 715 2064 Ναυάγια
753 1997 1105 2070 ὑπομένουσι,
1144 2008 1515 2078 πειρατηρίοις
1563 2029 1824 2084 προσομι-

251 2083 424 2150 λοῦσι,
465 2086 686 2158 λῃσταῖς
727 2091 868 2145 κατά
921 2096 1024 2165 γῆς
1066 2097 1512 2167 περιπίπτουσιν·
1545 2083 1826 2175 ἀνέχονται

251 2177 436 2231 λοιπὸν
470 2178 637 2250 ζάλης
677 2182 767 2234 καὶ
800 2188 1125 2256 πνευμάτων
1167 2187 1389 2258 βιαίων·
1431 2193 1524 2246 καὶ
1568 2196 1826 2261 πολλάκις

252 2269 643 2338 κερδαίνοντες,
669 2274 906 2345 πένητας
922 2277 1146 2341 ἑαυτοὺς
1166 2279 1432 2348 φάσκουσι
1447 2282 1534 2336 διὰ
1553 2285 1678 2350 τοὺς
1700 2287 1826 2356 φθο-

249 2357 498 2424 νοῦντας.
539 2362 730 2432 Ἡμεῖς
750 2365 805 2418 δὲ
838 2366 1066 2430 οὐδόλως
1112 2370 1218 2422 τῶν
1264 2371 1517 2428 τοιούτων
1568 2376 1824 2431 κινδύνων

250 2453 678 2525 κατατολμῶμεν
702 2456 841 2529 ὑπὲρ
867 2457 960 2511 τοῦ
981 2459 1233 2530 ἀληθινοῦ
1256 2463 1497 2534 κέρδους.
1522 2467 1585 2519 Εἰ
1616 2467 1672 2520 δέ
1695 2487 1824 2522 ποτε

249 2546 342 2597 καὶ
364 2545 564 2616 μικροῦ
594 2564 739 2611 τινος
765 2549 1179 2622 εὐπορήσωμεν,
1209 2555 1580 2629 μεγαλύνομεν
1603 2561 1821 2628 ἐαυτάς,

250 2640 690 2712 ἐπιδεικνύμεναι
721 2646 832 2708 τοῖς
854 2645 1160 2718 ἀνθρώποις
1178 2663 1193 2680 ·
1219 2651 1314 2704 καὶ
1339 2653 1596 2719 πολλάκις
1626 2658 1744 2712 οὐδὲ
1763 2659 1823 2712 τὸ

249 2732 570 2804 γιγνόμενον
605 2737 952 2808 προφέρομεν
985 2741 1064 2804 είς
1090 2741 1339 2815 διήγησιν
1359 2761 1373 2774 ·
1409 2747 1612 2813 εὐθέως
1649 2751 1704 2803 δὲ
1730 2753 1823 2805 καὶ

246 2824 304 2876 ὃν
334 2825 602 2896 δοκοῦμεν
646 2829 915 2900 σπινθῆρα
950 2832 1114 2885 καλοῦ
1147 2834 1311 2905 ἔχειν,
1343 2838 1448 2891 ὑπὸ
1485 2839 1578 2893 τοῦ
1627 2843 1820 2914 ἐχθροῦ

247 2917 613 2989 κλεπτόμεθα.
658 2921 913 2975 Κάκεῖνοι
943 2925 1024 2990 δὲ,
1073 2927 1241 2982 πολλὰ
1283 2932 1671 3002 κερδαίνοντες,
1713 2937 1821 2991 τῶν

247 3010 509 3064 πλειόνων
561 3011 830 3080 ἐφίενται·
882 3016 976 3069 καὶ
1023 3018 1092 3072 τὰ
1131 3021 1230 3090 μὲν
1264 3024 1502 3094 παρόντα
1538 3028 1614 3091 ὡς
1669 3029 1822 3084 οὐδὲν

243 3102 539 3171 ἡγοῦνται,
597 3104 735 3176 πρὸς
778 3105 834 3159 δὲ
889 3108 957 3162 τὰ
1016 3109 1090 3182 μὴ
1140 3113 1378 3185 παρόντα
1423 3117 1816 3175 ἁποτείνονται.

1929 1931 2064 1992 quot
2111 1925 2481 1994 gravissimos
2529 1928 2785 1994 subeunt,
2827 1932 2922 2002 qui
2972 1933 3117 1989 hunc
3147 1939 3503 1996 vanissimum

1926 2015 2198 2070 v'enantur
2226 2019 2511 2073 mundum.
2539 2017 2826 2077 Sustinent
2871 2024 3180 2097 naufragia,
3206 2029 3505 2099 piratarum

1925 2104 2219 2162 discrimén
2244 2108 2466 2176 adeunt,
2490 2111 2544 2165 in
2571 2123 2714 2168 terra
2744 2114 2992 2170 incidunt
3029 2119 3082 2171 in
3117 2120 3384 2190 latrones,
3405 2124 3504 2180 de-

1925 2215 2190 2256 cumanos
2216 2200 2432 2270 ﬂuctus,
2455 2212 2649 2261 ventos
2682 2207 3193 2267 vehementissimos
3221 2215 3452 2271 tolerant
3486 2236 3500 2273 :

1925 2307 1990 2348 ac
2034 2293 2356 2365 plerumque
2415 2306 2572 2366 parto
2625 2299 2804 2364 lucro,
2838 2316 3105 2371 pauperes
3155 2321 3275 2362 sese
3309 2308 3502 2364 dicunt

1926 2384 2231 2438 invidorum
2263 2400 2449 2440 causa.
2504 2387 2574 2439 At
2603 2403 2704 2444 nos
2737 2405 2834 2459 pro
2869 2406 2999 2447 vero
3029 2408 3092 2447 ac
3119 2409 3378 2464 germano
3414 2397 3502 2452 lu-

1924 2489 2020 2528 cro
2051 2475 2320 2544 ejusmodi
2370 2477 2612 2547 pericula
2661 2480 2811 2536 adire
2845 2498 3077 2553 prorsus
3107 2486 3497 2543 detrectamus.

1925 2563 2079 2630 Quod
2104 2567 2148 2623 si
2173 2569 2376 2638 aliquid
2396 2573 2601 2628 nostris
2625 2573 2790 2628 rebus
2820 2577 3137 2640 accesserit,
3167 2593 3266 2635 nos
3289 2581 3501 2650 magni-

1925 2658 2025 2714 lice
2059 2659 2373 2719 hominibus
2409 2671 2752 2720 ostentamus
2773 2706 2788 2730 ,
2818 2682 2921 2722 nec
2959 2683 3084 2723 raro
3113 2671 3261 2739 quod
3297 2685 3366 2726 ne
3397 2671 3500 2726 fuit

1921 2750 2140 2819 quidem
2167 2752 2499 2820 jactabunde
2518 2771 2806 2814 narramus
2828 2777 2840 2812 :
2863 2759 3007 2814 unde
3039 2762 3219 2815 evenit
3252 2770 3310 2815 ut
3332 2778 3494 2832 quam

1923 2844 2169 2899 videmur
2195 2845 2396 2902 habere
2418 2847 2712 2903 scintillam
2742 2851 2896 2915 boni,
2923 2850 3072 2906 furto
3098 2851 3306 2908 inimici
3335 2857 3497 2910 amit-

1922 2941 2123 2992 tamus.
2150 2935 2215 2988 Et
2242 2937 2317 2990 illi
2341 2937 2559 3007 quidem
2586 2939 2755 2994 multa
2783 2940 2981 2995 lucrati
3015 2942 3173 3012 plura
3195 2952 3492 3014 appetunt;

1923 3027 2208 3095 praesentia
2243 3042 2344 3096 pro
2381 3027 2550 3084 nihilo
2583 3029 2800 3094 habent,
2829 3039 2883 3086 et
2911 3032 2980 3086 ad
3010 3048 3358 3102 eaquarnon
3394 3035 3492 3090 ha-

1923 3118 2052 3172 bent
2112 3119 2296 3174 animo
2337 3121 2691 3175 contendunt.
2733 3121 2843 3178 Nos
2910 3131 3090 3179 autem
3145 3126 3356 3181 etiamsi
3403 3128 3490 3180 ni-

255 3193 450 3264 Ἡμείς
476 3195 555 3260 δὲ,
585 3198 678 3249 καὶ
703 3197 867 3269 μηδὲν
901 3177 1120 3270 ἔχουσαι
1144 3177 1252 3258 τῶν
1281 3203 1646 3277 ζητουμένων,
1669 3212 1818 3265 οὐδὲν

1925 3208 2000 3261 hil
2068 3223 2256 3262 eorum
2310 3224 2431 3280 quae
2496 3212 2701 3282 requiri
2759 3177 2935 3268 solent
2986 3177 3488 3280 habea—musfnihil

243 3283 472 3356 θέλομεν
514 3288 856 3359 κτήσασθαι·
907 3293 1001 3346 καὶ
1034 3293 1222 3356 πενίαν
1265 3297 1500 3371 ἐσχάτην
1545 3302 1816 3368 νοσοῦσαι,

240 3376 507 3442 πλουσίας
558 3379 756 3445 ἑαυτὰς
803 3383 1224 3456 ἀναγορεύομεν.
1267 3389 1445 3443 Καλὸν
1483 3388 1578 3445 οῦν
1623 3395 1712 3447 τὸν
1757 3394 1817 3450 εὖ

241 3469 548 3540 πράττοντα
581 3471 770 3555 μηδενὶ
796 3475 1174 3543 ἀναγγέλλειν·
1210 3480 1408 3549 μᾶλλον
1439 3483 1546 3555 γὰρ
1576 3487 1621 3538 oi
1647 3487 1819 3540 τοιοῦ-

238 3577 318 3614 τοι
348 3553 818 3634 ζημιωθήσονται·
850 3568 942 3620 καὶ
985 3568 1092 3640 γὰρ
1127 3569 1156 3621 ὃ
1197 3570 1441 3627 δοκοῦσιν
1481 3553 1622 3645 ἔχειν
1649 3578 1817 3650 ἀρθή-

240 3668 392 3706 σεται
420 3653 516 3706 ἀπ’
547 3655 750 3713 αὐτῶν.

305 3855 398 3911 58.
427 3856 617 3911 Πᾶσαν
647 3852 738 3912 οὖν
783 3859 1016 3931 σπουδὴν
1047 3860 1165 3914 δέον
1197 3861 1380 3917 θέσθαι
1424 3865 1562 3938 ὑπὲρ
1593 3867 1654 3920 τὸ
1685 3867 1813 3922 λαν-

235 3947 421 4002 θάνειν
449 3947 511 4002 τὺ
539 3949 749 4021 κέρδος.
778 3951 839 4004 Οἱ
859 3951 916 4005 δὲ
942 3951 1012 4005 τὰ
1044 3953 1254 4007 ἑαυτῶν
1291 3956 1687 4028 κατορθώματα
1729 3960 1809 4013 δι-

234 4041 373 4112 ηγού
382 4058 532 4112 μενοι
548 4041 930 4113 πειράσθωσαν
945 4044 1038 4096 καὶ
1058 4043 1125 4097 τὰ
1141 4045 1236 4097 σὺν
1257 4046 1437 4110 αὐτοῖς
1455 4047 1809 4121 ἐλαττώματα

233 4133 414 4200 λέγειν
441 4151 454 4163 ·
490 4132 611 4186 είδὲ
633 4132 806 4186 ταῦτα
834 4134 1192 4206 κρύπτουσιν,
1215 4137 1401 4193 ἕνεκεν
1435 4139 1529 4193 τοῦ
1560 4141 1636 4213 μὴ
1658 4144 1810 4215 παρά

229 4221 342 4274 τῶν
364 4220 668 4274 ἀκουόντων
694 4221 978 4293 ψεχθῆναι,
1008 4223 1141 4279 πολὺ
1166 4226 1366 4296 μᾶλλον
1397 4229 1580 4283 ἐκεῖνα
1640 4231 1808 4300 φυλα-

230 4311 504 4376 κτέον,ὡς
532 4314 597 4367 ἐκ
628 4313 720 4367 τοῦ
737 4314 870 4367 Θεοῦ
896 4315 1300 4388 ἀλλοτριοῦντα.
1328 4321 1438 4373 Καὶ
1459 4322 1589 4390 γοῦν
1614 4324 1663 4376 οἱ
1687 4325 1804 4377 κατ’

226 4404 435 4476 ἀρετὴν
472 4403 712 4475 βιοῦντες
744 4405 804 4458 τὸ
829 4405 1095 4462 ἀνάπαλιν
1118 4408 1352 4476 ποιοῦσι,
1383 4413 1479 4465 καὶ
1499 4413 1569 4467 τὰ
1599 4417 1804 4487 σμικρά

1921 3299 2173 3354 volumus
2227 3315 2584 3374 comparare:
2625 3313 2836 3359 etcum
2883 3315 3124 3361 extrema
3170 3307 3488 3364 laboremus

1921 3401 2258 3462 paupertate,
2301 3409 2403 3449 nos
2451 3395 2647 3451 divites
2686 3398 3068 3466 praedicamus.
3115 3398 3304 3468 Opem:
3357 3417 3490 3470 pre-

1919 3483 2052 3537 tium
2082 3484 2248 3554 igitur
2266 3495 2370 3550 est,
2397 3503 2520 3542 eum
2542 3489 2633 3557 qui
2665 3489 2803 3544 bene
2828 3491 2956 3560 agit,
2979 3491 3030 3544 id
3059 3493 3261 3545 nemini
3293 3507 3492 3546 renun-v

1917 3576 2072 3631 tiare.
2109 3575 2248 3642 Quin
2279 3577 2440 3631 etiam
2474 3579 2565 3648 qui
2597 3579 2866 3647 ejusmodi
2889 3587 3016 3635 sunt
3038 3581 3375 3650 injacturam
3403 3583 3488 3636 in.

1913 3664 2097 3719 cident
2130 3680 2148 3718 :
2177 3680 2304 3719 nam
2346 3666 2491 3736 quod
2534 3668 2790 3723 videntur
2843 3669 3042 3725 habere
3095 3670 3380 3727 auferetur
3416 3673 3484 3728 ab

1914 3755 1994 3810 eis
2013 3756 2078 3810 ³⁸.

1979 3865 2144 3938 624
2168 3867 2256 3922 58.
2281 3866 2442 3923 Omni
2473 3869 2653 3940 itaque
2682 3871 2864 3927 studio
2900 3885 3096 3926 curare
3123 3871 3386 3931 debemus
3419 3885 3481 3931 ut

1912 3956 2076 4012 lateat
2121 3959 2330 4026 lucrum
2395 3971 2662 4016 nostrum.
2727 3962 2830 4028 Qui
2882 3978 3008 4018 vero
3062 3979 3160 4018 sua
3215 3967 3475 4034 praeclare

1910 4056 2062 4118 gesta
2110 4063 2368 4105 enarrare
2424 4051 2620 4116 solent,
2687 4053 2817 4106 vitia
2867 4067 3084 4123 quoque
3149 4054 3215 4109 iis
3246 4055 3480 4125 conjun-

1909 4145 1995 4190 cta
2055 4140 2366 4196 renuntiare
2417 4139 2670 4196 studeant
2718 4160 2730 4196 :
2783 4144 2928 4212 quod
2991 4144 3037 4198 si
3074 4143 3326 4214 vituperii
3381 4160 3480 4198 au—

1907 4229 2173 4284 dientium
2229 4231 2536 4287 declinandi
2601 4248 2768 4290 causa
2838 4234 2954 4290 haec
3030 4235 3243 4300 celant,
3308 4237 3481 4290 multo

1908 4321 2080 4392 magis
2105 4321 2194 4375 illa
2229 4322 2440 4392 aperire
2469 4327 2768 4380 cavendum
2798 4332 2903 4391 est,
2936 4325 3083 4395 quod
3117 4340 3179 4381 ea
3206 4341 3293 4381 res
3326 4339 3356 4379 a
3379 4325 3474 4380 Dei

1906 4413 2187 4468 consortio
2241 4422 2480 4471 revocet.
2534 4414 2746 4470 Etenim
2791 4418 2885 4488 qui
2925 4419 3090 4472 vitam
3123 4432 3246 4472 cum
3279 4417 3480 4473 virtute

227 4492 442 4546 ἑαυτῶν
473 4488 791 4565 πταίσματα
813 4496 952 4567 μετά
973 4498 1066 4551 καὶ
1097 4501 1410 4573 προσθήκης
1435 4497 1508 4557 ὧν
1527 4505 1626 4559 οὐκ
1646 4506 1805 4577 ἔπρα-

1920 4504 2224 4570 instituunt,
2257 4508 2568 4577 appositum
2623 4518 2790 4576 agunt
2824 4529 2836 4564 :
2867 4522 3065 4580 parvos
3106 4510 3317 4565 scilicet
3347 4523 3476 4566 suos

227 4584 349 4649 ξαν,
390 4586 789 4658 ἐκδιηγοῦνται,
844 4589 944 4660 τὴν
991 4590 1149 4658 δόξαν
1179 4591 1289 4646 τῶν
1329 4594 1628 4666 ἀνθρώπων
1669 4598 1805 4650 ἀπο-

224 4676 518 4743 ϐάλλοντες
539 4695 555 4712 ·
585 4680 656 4734 τὰ
687 4681 868 4752 μέντοι
897 4682 1078 4751 ἀγαθά
1097 4683 1448 4754 κρύπτοντες,
1466 4687 1602 4758 πρὸς
1631 4688 1806 4757 ἀσφά-

223 4767 379 4820 λειαν
414 4769 515 4840 τῆς
541 4771 738 4842 ψυχῆς.
776 4772 986 4845 Ὠσπερ
1016 4775 1124 4848 γὰρ
1170 4776 1438 4848 θησαυρὸς
1473 4779 1806 4849 φανερωθεὶς

225 4861 574 4929 σπανίζεται,
617 4863 760 4918 οὕτω
822 4867 918 4920 καὶ
947 4868 1115 4941 ἀρετὴ
1161 4869 1530 4940 γνωριζομένη
1583 4871 1676 4923 καὶ
1707 4871 1804 4944 δη-

226 4956 589 5029 μοσιευομένη
648 4957 997 5028 ἀφανίζεται·
1044 4961 1230 5033 ὥσπερ
1259 4961 1364 5032 γὰρ
1403 4962 1572 5034 κηρὸς
1616 4962 1800 5017 λύεται

221 5048 334 5101 ἀπὸ
361 5049 653 5120 προσώπου
689 5051 878 5123 πυρὸς,
912 5053 1053 5107 οὕτω
1088 5054 1182 5107 καὶ
1225 5053 1369 5125 ψυχὴ
1402 5054 1508 5107 ἀπὸ
1562 5054 1800 5110 ἐπαίνων

221 5140 493 5211 διαχεῖται
517 5143 612 5196 καὶ
631 5142 924 5198 ἀποϐάλλει
946 5145 1037 5198 τὸν
1065 5145 1235 5200 τόνον.

294 5239 385 5298 59.
422 5239 535 5294 Καὶ
560 5239 621 5294 τδ
651 5240 891 5294 ἐναντίον
912 5240 968 5294 δὲ
989 5241 1193 5294 τούτων
1219 5240 1376 5294 πάλιν
1414 5238 1592 5292 ἔσται·
1619 5242 1667 5294 εί
1692 5240 1800 5312 γὰρ

220 5332 255 5401 ἡ
289 5331 566 5403 θερμότης
590 5331 746 5385 ἔλυσε
769 5330 860 5385 τὸν
894 5331 1085 5402 κηρὸν,
1126 5332 1158 5401 ή
1189 5329 1348 5399 ψύξις
1367 5330 1474 5403 ἄρα
1504 5331 1604 5404 τὴν
1632 5331 1797 5402 πῆξιν

290 5510 341 5544 ⁸⁸
375 5507 516 5565 Luc.
550 5523 673 5571 vm,
707 5506 799 5566 18.

288 5691 424 5764 (82‘)
440 5691 734 5764 iCoteler..A
745 5689 1000 5764 χρυσοῦν.

291 5758 414 5831 (εδῑ
437 5763 494 5817 In
533 5761 664 5816 Vitis
687 5758 811 5813 ΙΨ.
841 5761 875 5818 Ι.
901 5776 953 5825 v,
991 5760 1074 5826 10,
1111 5759 1194 5826 70,
1235 5766 1287 5815 et
1327 5774 1399 5824 vl,
1432 5759 1484 5822 4,
1515 5758 1606 5813 24.

1906 4597 2116 4668 lapsus,
2151 4600 2426 4670 adjunctis
2460 4601 2528 4656 iis
2555 4617 2674 4670 quae
2703 4617 2770 4659 ne
2813 4603 3206 4656 commiserum
3233 4600 3476 4670 quidem,

1905 4701 2186 4758 enarrant,
2236 4695 2444 4763 abiecta
2496 4695 2706 4748 scilicet
2755 4692 3036 4746 hominum
3075 4692 3246 4763 gloria
3281 4708 3295 4756 ;
3332 4691 3474 4746 bona

1902 4800 2033 4839 vero
2085 4785 2381 4851 occultant,
2431 4784 2499 4839 ad
2557 4787 2751 4839 anima:
2796 4784 3145 4839 securitatem
3179 4782 3472 4853 (84),Nam

1903 4875 2048 4930 sicut
2079 4876 2371 4931 thesaurus
2403 4876 2807 4939 manifestatus,
2845 4875 3144 4942 minuitur;
3187 4875 3268 4930 sic
3295 4874 3472 4929 virtus

1903 4967 2088 5036 agnita
2146 4976 2202 5022 et
2255 4967 2552 5036 publicata,
2579 4967 2847 5020 aboletur.
2884 4965 2950 5019 Et
2979 4965 3118 5020 sicut
3143 4978 3266 5020 cera
3297 4963 3470 5034 lique-

1903 5057 2007 5111 scit
2041 5071 2070 5110 a
2101 5056 2237 5111 facie
2268 5058 2441 5126 ignis,
2473 5057 2547 5111 ita
2585 5057 2762 5111 anima
2794 5055 3052 5112 laudibus
3080 5053 3464 5124 diﬁluit,vigo-

1902 5160 2128 5216 remque
2168 5148 2390 5202 amittit.

1972 5237 2061 5292 59.
2087 5236 2410 5309 Rursusque
2437 5247 2625 5295 contra
2650 5238 2862 5294 eveniet
2900 5257 2915 5294 :
2947 5252 3072 5292 nam
3102 5235 3151 5291 si
3181 5235 3332 5290 calor
3356 5233 3466 5289 sol-

1899 5331 1978 5386 vit
2008 5347 2211 5397 ceram,
2246 5331 2421 5404 frigus
2449 5333 2758 5404 compinget
2795 5351 2808 5387 :
2851 5332 2898 5388 si
2931 5333 3050 5389 laus
3099 5330 3337 5407 vigorem
3378 5342 3474 5382 atr-

1980 5687 2090 5760 (8t)
2135 5687 2239 5746 Vit.
2269 5690 2384 5745 pp.
2413 5691 2449 5746 1.
2484 5710 2533 5754 ν,
2563 5691 2615 5754 5,
2647 5690 2732 5744 ιθ.
