4032 6376
574 367 705 424 1511

1705 359 1764 415 S.
1805 355 2266 414 ATHANASIUS.
2305 386 2376 398 -—
2413 352 2686 411 SPURIA.

3672 356 3784 413 1512

570 485 678 541 t'ert
711 483 925 542 animae,
959 493 1092 536 sane
1125 475 1481 548 opprobrium
1524 483 1578 532 et
1615 475 1944 530 contumelia
1978 475 2142 528 virtu-

2248 471 2413 524 αὐτοῦ
2441 471 2720 541 ποιήσεται
2743 481 2755 496 ’
2788 465 2880 520 καὶ
2905 465 2954 519 εί
2976 464 3195 528 ἔπαινος
3218 465 3530 534 ἀφαιρεῖται
3548 465 3640 520 τοῦ
3658 467 3784 522 τόνου

571 583 682 631 tem
712 576 831 645 ejus
856 573 1141 643 adaugent.
1170 570 1262 623 Ait
1288 571 1435 625 enim
1475 587 1487 623 :
1525 567 1758 623 Gaudete
1779 578 1828 622 et
1861 568 2143 630 exsultate,

571 684 692 722 cunt
736 681 885 720 omne
939 662 1270 718 mendacium
1319 661 1554 716 homines
1606 661 1838 715 dixerint
1870 660 2147 712 adversum

573 777 660 813 vos
683 760 746 811 ⁸ο.
774 757 842 811 Ει
871 757 975 810 alio
1006 755 1126 810 loco
1159 773 1173 811 :
1207 753 1273 809 In
1306 754 1647 808 tribulatione
1681 753 1926 807 dilatasti
1968 767 2048 805 me
2075 751 2142 808 ’°.

574 849 884 918 lterumque
912 866 924 900 :
952 845 1334 915 Improperium
1362 847 1678 914 exspectavit
1717 845 1898 898 anima
1940 859 2056 896 mea
2095 850 2146 895 et

573 941 927 994 miseriam“.
962 936 1228 992 Sexcenta
1258 951 1476 1006 quoque
1505 937 1608 989 alia
1650 934 1960 1004 hujusmodi
2004 933 2144 987 bona

567 1048 636 1087 ex
663 1030 962 1101 Scripturis
983 1029 1159 1085 sacris
1183 1028 1381 1082 animae
1407 1027 1694 1100 provenire
1722 1027 1882 1080 facile
1904 1025 2148 1080 animad—

570 1125 828 1179 vertitur.

641 1300 731 1355 40.
779 1299 877 1354 Est
928 1314 1062 1354 sane
1107 1297 1334 1354 tristitia
1371 1298 1542 1362 utilis,
1569 1303 1624 1353 et
1659 1304 1744 1352 est
1775 1295 1998 1351 tristitia
2039 1297 2148 1351 exi-

565 1395 733 1449 tiosa.
767 1395 847 1449 Ad
885 1395 1165 1450 tristitiam
1200 1395 1390 1449 utilem
1427 1395 1540 1447 haec
1581 1394 1854 1462 pertinent
1885 1391 1988 1447 :de
2020 1407 2146 1462 pro-

571 1485 707 1555 priis
731 1485 970 1556 peccatis
997 1485 1374 1555 ingemiscere,
1395 1485 1636 1554 itemque
1651 1484 1717 1538 de
1741 1484 1971 1553 proximi
2002 1484 2146 1553 igno-

571 1577 774 1640 rantia,
797 1591 992 1632 cavere
1015 1593 1084 1632 ne
1108 1593 1136 1630 a
1171 1577 1453 1647 proposito
1485 1575 1825 1639 excidamus,
1863 1575 1956 1630 sed
1979 1576 2146 1629 attin-

561 1676 732 1738 satur
755 1668 1156 1737 perfectissima
1183 1669 1419 1722 bonitas.
1451 1665 1575 1721 Ilaec
1597 1667 1780 1736 itaque
1797 1676 1928 1721 sunt
1956 1667 2147 1736 genui-

571 1771 656 1811 na:
691 1757 930 1811 tristitia:
968 1773 1162 1827 genera
1175 1757 1308 1811 ,δεδι
1337 1771 1499 1826 porro
1533 1755 1780 1826 quaedam
1807 1755 1915 1809 alia
1939 1757 2008 1810 ab
2038 1755 2144 1809 ini-

2245 562 2344 633 τὴν
2375 561 2572 632 ψυχὴν,
2603 560 2818 622 πάντως
2847 559 3146 630 ὀνειδισμὸς
3181 559 3276 612 καὶ
3303 557 3459 629 ὕϐρις
3487 560 3568 620 είς
3593 558 3787 630 μέγεθος

2246 651 2413 723 αὐτὴν
2463 653 2564 722 τῆς
2609 650 2810 721 ἀρετῆς
2859 650 2978 718 ἄγει
3007 664 3022 678 ο
3049 649 3291 717 Χαίρετε
3339 647 3467 720 γὰρ,
3516 650 3664 718 φησὶ,
3709 649 3791 703 καὶ

2245 742 2633 814 ἀγαλλιᾶσθε,
2661 743 2744 795 ὅτ’
2778 743 2854 796 ἂν
2879 740 3000 796 πᾶν
3028 739 3254 810 ψεῦδος
3271 741 3483 793 εἴπωσι
3511 740 3792 810 καθ’ὐμῶγ

2245 839 2298 890 οί
2319 836 2634 904 ἅνθρωποι.
2667 837 2777 888 Καὶ
2805 833 3038 904 ἀλλαχοῦ
3061 850 3223 904 φησιν
3246 850 3260 862 ·
3287 835 3397 886 Ἐν
3418 833 3620 901 θλίψει
3644 833 3791 887 ἐπλά-

2245 928 2430 993 τυνὰς
2451 944 2548 996 με.
2584 927 2694 979 Καὶ
2739 926 2925 980 πάλιν·
2969 925 3340 994 Ὀνειδισμὸν
3370 924 3794 992 προσεδόκησεν

2245 1021 2284 1087 ’ἡ
2316 1018 2484 1088 ψυχή
2513 1037 2632 1088 μου
2671 1019 2768 1072 καὶ
2809 1017 3232 1085 ταλαιπωρίαν.
3264 1017 3372 1069 Καὶ
3404 1016 3540 1070 ἄλλα
3567 1015 3623 1067 δὲ
3653 1016 3795 1086 μυρία

2245 1110 2426 1178 ἀγαθά
2460 1109 2681 1162 τοιαῦτα
2716 1111 2779 1161 ὲκ
2808 1109 2914 1162 τῶν
2959 1109 3130 1176 ἁγίων
3161 1107 3391 1178 Γραφῶν
3434 1109 3550 1160 ἔστι
3580 1111 3645 1178 τῇ
3673 1107 3794 1181 ψυχῇ

2247 1203 2682 1275 προσοδευόμενα
2711 1202 3027 1255 θεάσασθαι.

2315 1295 2403 1350 40.
2432 1297 2586 1347 Ἔστι
2639 1295 2780 1366 λύπη
2835 1293 3139 1364 ὲπωφελὴς,
3167 1293 3260 1346 καὶ
3299 1293 3415 1346 ἐστι
3447 1293 3594 1364 λύπη
3631 1295 3799 1366 φθορο-

2246 1386 2415 1448 ποιός.
2447 1387 2559 1456 Τῆς
2587 1386 2686 1456 μὲν
2715 1382 2807 1438 οὖν
2835 1385 3109 1456 χρησίμης
3137 1384 3314 1455 λύπης
3341 1385 3401 1438 τὸ
3429 1385 3528 1455 μέν
3559 1388 3672 1438 ἐστι
3694 1387 3801 1458 περὶ

2243 1477 2351 1530 τῶν
2377 1477 2592 1530 οἰκείων
2643 1477 2927 1548 ἁμαρτιῶν
2976 1477 3183 1529 στένειν
3205 1492 3217 1505 ·
3265 1477 3327 1530 τὸ
3350 1476 3407 1528 δὲ
3443 1478 3539 1528 καὶ
3569 1479 3692 1548 περὶ⁷
3719 1479 3800 1548 τῆς

2243 1568 2352 1621 τῶν
2386 1568 2612 1638 πλησίον
2659 1567 2960 1636 ἀγνωσίας·
2988 1568 3048 1621 τὸ
3086 1568 3142 1620 δὲ
3178 1568 3315 1639 πρὸς
3350 1569 3412 1621 τὸ
3446 1569 3522 1640 μὴ
3576 1572 3802 1625 ἐκπεσεῖν

2243 1658 2343 1728 τῆς
2377 1658 2682 1729 προθέσεως
2699 1676 2712 1688 ·
2740 1657 2802 1710 τὸ
2828 1657 2885 1710 δὲ
2914 1658 3005 1710 καὶ
3025 1658 3370 1726 ἀφικνεῖσθαι
3399 1658 3494 1712 τοῦ
3521 1659 3699 1723 τέλους
3719 1662 3802 1729 τῆς

2245 1749 2622 1819 ἀγαθωσύνης.
2648 1749 2832 1803 Ταῦτα
2857 1749 2957 1820 μὲν
2985 1745 3076 1802 οὖν
3109 1750 3208 1821 τῆς
3229 1751 3459 1819 γνησίας
3487 1753 3583 1805 καὶ
3615 1753 3801 1824 ἀγαθῆς

567 1847 717 1902 mico
749 1848 971 1902 inducta
1005 1847 1254 1912 tristitia,
1283 1862 1407 1917 qua:
1437 1847 1580 1902 solet
1625 1861 1752 1902 cum
1800 1847 1962 1902 dictis
1992 1861 2142 1916 gene-

2245 1839 2422 1910 λύπης
2461 1841 2530 1894 τὰ
2577 1840 2714 1912 εἴδη.
2749 1843 2857 1895 Καὶ
2901 1841 3034 1914 ἄλλη
3075 1841 3130 1894 δέ
3163 1860 3244 1906 τις
3272 1842 3438 1913 λύπη,
3491 1835 3587 1896 τοῦ
3631 1846 3802 1917 ἐχθροῦ

568 1941 726 1995 ribus
773 1941 1063 2012 pullulare.
1117 1937 1253 1992 Nam
1306 1947 1361 1993 et
1414 1938 1530 2008 ipse
1578 1938 1857 1993 tristitiam
1906 1937 2149 1992 immittit

559 2030 930 2086 absurditatis
981 2029 1218 2098 plenam,
1251 2027 1341 2082 cui
1399 2026 1600 2082 aeediae
1641 2041 1841 2082 nomen
1897 2026 2148 2081 indidere

572 2120 841 2174 nonnulli.
875 2116 982 2174 Sed
1009 2115 1324 2187 hujusmodi
1359 2117 1612 2187 spiritum
1643 2123 1859 2186 oportet
1899 2115 2148 2171 oratione

563 2208 871 2281 praesertim
906 2215 961 2263 et
999 2207 1336 2277 psalmorum
1370 2212 1534 2263 cantu
1572 2206 1862 2275 depellere.

637 2301 727 2354 41.
757 2299 868 2356 Nos
898 2301 1084 2370 itaque
1114 2299 1274 2356 bonis
1299 2307 1601 2370 occupatas
1639 2299 1808 2363 curis,
1845 2313 1952 2353 non
1985 2312 2148 2367 opor-

564 2398 646 2448 tet
677 2391 954 2448 aestimare
999 2391 1312 2462 quempiam
1361 2390 1418 2444 in
1459 2390 1562 2443 hac
1603 2389 1713 2444 vita
1757 2399 1945 2444 carere
1993 2390 2147 2444 solli-

561 2483 924 2538 citudinibus.
962 2483 1054 2536 Ait
1109 2482 1255 2536 enim
1313 2480 1597 2550 Scriptura
1631 2498 1645 2534 :
1681 2479 1845 2534 Omne
1893 2489 2049 2548 caput
2091 2480 2146 2534 in

569 2573 772 2638 labore,
804 2583 852 2626 et
876 2589 1026 2626 omne
1051 2573 1214 2625 corin
1242 2587 1462 2624 maerore
1478 2571 1545 2624 ⁹¹.
1577 2569 1694 2626 Una
1723 2570 1825 2623 hac
1853 2571 2142 2636 sententia,

563 2661 812 2736 Spiritus
851 2671 1078 2720 sanctus
1121 2663 1416 2732 descripsit
1456 2677 1580 2716 cum
1613 2664 1998 2727 monasticam,
2030 2673 2144 2717 tum

569 2757 887 2811 saecularem
918 2758 1107 2810 vitam.
1140 2754 1274 2810 Nam
1304 2769 1398 2825 per
1428 2755 1670 2808 laborem
1707 2755 1926 2824 capitis.
1954 2771 2145 2808 mona-

570 2848 763 2902 sticam
795 2847 1084 2901 adumbrat
1120 2864 1134 2900 :
1165 2846 1363 2915 capitis
1381 2846 1524 2899 enim
1553 2853 1638 2898 est
1669 2859 1856 2914 regere
1886 2863 1898 2899 :
1923 2843 2144 2913 Sapien-

571 2939 658 3004 tis,
694 2939 888 3009 inquit,
911 2939 1071 3003 oculi,
1101 2939 1155 2992 in
1185 2938 1356 3007 capite
1393 2936 1586 3006 ejus”:
1629 2934 1816 3006 Itaque
1864 2938 2144 3008 perspica-

569 3029 676 3095 cia,
718 3036 778 3083 ut
802 3029 1063 3093 arbitror,
1088 3028 1144 3082 in
1177 3028 1271 3082 illo
1302 3026 1523 3082 residet.
1559 3027 1664 3082 Per
1693 3027 1932 3082 laborem
1960 3037 2144 3084 autem

571 3119 866 3184 indicatur,
903 3135 1118 3175 omnem
1146 3121 1399 3174 virtutem
1433 3120 1827 3189 germinantem
1859 3119 2138 3177 laboribus

571 3213 801 3269 absolvi.
847 3213 950 3266 Per
979 3226 1268 3266 maerorem
1307 3211 1510 3274 cordis,
1531 3212 1836 3266 instabilem
1871 3223 1922 3267 et
1946 3227 2137 3267 terum-

569 3319 760 3358 nosam
794 3303 1135 3359 saecularium
1174 3302 1539 3358 conditionem
1585 3303 1928 3374 signiﬁcavit.
1970 3306 2139 3360 Aiunt

572 3395 772 3464 quippe
801 3393 1069 3455 nonnulli,
1098 3406 1195 3446 cor
1223 3406 1346 3446 esse
1380 3392 1474 3446 ira:
1529 3405 1594 3446 ac
1646 3393 1881 3446 tristitiae
1930 3394 2136 3449 sedem.

572 3487 707 3542 Cum
743 3500 850 3540 non
896 3485 1208 3549 laudantur,
1247 3484 1429 3539 animo
1460 3490 1690 3539 mcerent
1718 3485 1928 3540 :aliena
1976 3501 2140 3556 appe-

572 3585 766 3638 tentes.
801 3576 1200 3630 conta'bescunt
1233 3593 1246 3629 :
1278 3575 1331 3628 in
1354 3582 1612 3646 egestate,
1645 3575 1996 3645 indignantur
2021 3594 2034 3628 :
2057 3576 2140 3630 di-

569 3669 718 3725 vitiis
739 3667 1014 3732 instructi,
1045 3668 1351 3732 insaniunt,
1386 3683 1452 3722 ne
1491 3669 1666 3724 somni
1705 3669 1924 3739 quidem
1960 3669 2140 3725 locum

570 3761 639 3818 ob
667 3776 856 3816 curam
887 3761 1302 3830 custodiamque
1327 3758 1645 3814 facultatum
1677 3762 2030 3831 reperientes.

639 3852 730 3906 42.
759 3851 837 3906 Ne
881 3852 1060 3922 itaque
1103 3853 1285 3906 animo
1331 3852 1691 3922 deeipiamur,
1725 3869 1831 3908 neu
1867 3853 2138 3918 dicamus,

568 3958 664 4000 eas
681 3959 801 4015 quae
829 3944 884 3997 in
904 3945 1105 3999 saaculo
1125 3951 1416 3999 versantur
1435 3950 1684 4013 expertes
1708 3959 1969 3998 curarum
1996 3961 2137 4001 esse.

571 4033 733 4088 Forte
765 4035 932 4097 enim,
965 4034 1010 4089 si
1056 4043 1251 4088 mutuo
1287 4033 1658 4099 conferamur,
1700 4035 1822 4104 plus
1847 4051 2006 4106 quam
2040 4049 2141 4091 nos

571 4126 947 4181 molestiarum
970 4125 1174 4180 habent
1204 4135 1258 4181 et
1282 4125 1510 4181 laboris.
1532 4125 1784 4182 Mulieres
1820 4142 2055 4196 namque
2085 4126 2140 4180 in

570 4217 797 4282 mundo,
828 4216 1032 4285 ingenti
1069 4224 1129 4270 ut
1165 4216 1459 4286 plurimum
1498 4217 1625 4270 odio
1660 4218 1929 4272 habentur
1961 4235 1973 4271 ε
2001 4233 2142 4287 aegre

569 4317 624 4362 et
654 4309 956 4376 periculose
989 4308 1228 4376 pariunt,
1274 4308 1328 4361 in
1361 4308 1500 4363 lacte
1528 4309 1997 4364 subministrando
2041 4309 2146 4363 mi-

568 4411 688 4450 sere
729 4397 1065 4459 cruciantur,
1103 4413 1224 4452 cum
1263 4399 1652 4468 aegrotantibus
1701 4398 2003 4456 infantibus
2036 4415 2142 4455 una

565 4491 862 4555 aegrotant:
898 4492 1062 4554 atque
1087 4485 1200 4540 haec
1231 4487 1504 4541 sustinent
1533 4486 1651 4541 sine
1677 4487 1862 4557 aliquo
1890 4488 2136 4542 laborum

566 4578 817 4633 termino.
855 4577 1120 4648 Suscepta
1170 4593 1406 4648 namque
1438 4578 1618 4648 proles
1658 4586 1752 4632 aut
1787 4580 1971 4632 mutila
2015 4595 2138 4634 cor-

2248 1929 2658 2002 ὑποτιθεμένου,
2685 1932 2807 2001 ἥτις
2835 1931 3060 1995 ταύταις
3089 1931 3464 2003 προσφύεσθαι
3492 1929 3652 1988 οἶδεν.
3691 1937 3802 2006 Ἐμ-

2247 2021 2430 2075 6ἀλλει
2459 2023 2567 2093 γὰρ
2599 2024 2692 2076 καὶ
2733 2023 2894 2086 αὐτὸς
2925 2023 3103 2094 λύπην
3129 2023 3355 2092 ἀλογίας
3393 2029 3599 2097 μεστήν
3619 2045 3632 2056 ο
3678 2029 3803 2101 ἤπερ

2247 2113 2341 2165 καὶ
2371 2113 2568 2183 ἀκηδία
2598 2114 2735 2184 πρός
2764 2131 2925 2170 τινων
2963 2115 3298 2186 ὠνόμασται.
3330 2119 3422 2169 Δεῖ
3450 2114 3546 2171 οὖν
3576 2119 3723 2172 τοῦτο
3754 2119 3804 2172 τὸ

2247 2205 2464 2276 πνεῦμα
2489 2206 2618 2276 εὐχῇ
2653 2206 2884 2276 μάλιστα
2903 2207 3192 2260 ἀποσοϐεῖν
3219 2209 3312 2260 καὶ
3338 2207 3649 2282 ψαλμιιῆίᾳ.

2316 2294 2404 2348 41.
2441 2293 2561 2346 Τῶν
2593 2291 2684 2347 οὗν
2716 2294 2934 2364 ἀγαθῶν
2959 2295 3237 2369 μεριμνῶν
3267 2297 3535 2366 ἐχομένας
3569 2300 3728 2369 ἡμᾶς,
3754 2299 3803 2351 οὐ

2245 2387 2351 2458 χρὴ
2372 2385 2578 2439 οἴεσθαί
2605 2403 2726 2439 τινα
2748 2388 2805 2439 ἐν
2829 2387 2907 2458 τῷ
2933 2387 3031 2458 βίῳ
3053 2388 3348 2458 ἀφρόντιδα
3375 2385 3530 2442 εἶναι.
3561 2389 3804 2461 Φηεῖγὰρ

2245 2479 2278 2548 ἡ
2311 2478 2528 2548 Γραφή·
2557 2476 2732 2532 Πᾶσα
2748 2480 2980 2547 κεφαλὴ
3009 2483 3096 2544 εὶς
3124 2483 3336 2549 πόνον,
3371 2483 3470 2535 καὶ
3502 2481 3669 2536 πᾶσα
3689 2499 3807 2550 καρ-

2244 2567 2343 2621 διά
2373 2571 2460 2635 είς
2496 2570 2723 2636 λύπην.
2768 2569 2854 2622 Ἐν
2886 2571 2966 2622 ἑνὶ
2994 2570 3136 2641 λόγῳ
3160 2572 3223 2624 τὸ
3257 2573 3411 2640 ἅγιον
3447 2573 3671 2643 Πνεῦμα
3703 2590 3808 2626 συν-

2245 2660 2451 2731 έγραψε
2498 2661 2590 2713 τόν
2656 2678 2715 2713 τε
2763 2663 2970 2733 μονήρη
3007 2662 3121 2734 βίον
3161 2663 3376 2720 καὶτὸν
3417 2666 3699 2736 κοσμικόν.
3725 2666 3806 2719 Διά

2249 2753 2345 2823 μὲν
2379 2751 2487 2824 γὰρ
2510 2752 2602 2805 τοῦ
2631 2752 2791 2806 πόνου
2817 2753 2917 2824 τῆς
2944 2755 3204 2826 κεφαλῆς,
3225 2757 3316 2808 τὸν
3351 2759 3564 2829 μονήρη
3601 2760 3808 2812 αἰνίττε-

2242 2859 2333 2894 ται
2362 2842 2565 2912 τρόπον
2590 2860 2604 2874 ’
2640 2845 2851 2915 κεφαλὴ
2901 2844 3010 2916 γὰρ
3057 2844 3118 2897 τό
3159 2847 3530 2916 ἡγεμονεῦον·
3569 2849 3679 2904 Τοῦ
3716 2851 3807 2922 γὰρ

2243 2932 2462 3001 σοφοῦ,
2491 2935 2674 3004 φησὶν,
2711 2938 2765 2988 οὶ
2798 2935 3092 3004 ὀρθαὶμοὶ
3119 2937 3190 2990 ἐν
3229 2937 3302 3006 τῇ
3334 2938 3575 3008 κεφαλῇ
3619 2941 3807 2996 αὑτοῦ.

2245 3022 2318 3074 Τὸ
2342 3019 2433 3076 οὖν
2472 3023 2794 3094 διορατικὸν,
2821 3025 2896 3088 ῶς
2930 3023 3102 3096 οἶμαι,
3133 3030 3192 3080 ὲν
3219 3029 3358 3100 αὐτῇ
3401 3031 3681 3100 τυγχάνει.
3721 3033 3810 3084 Τδν

2245 3114 2301 3167 δὲ
2333 3115 2492 3169 πόνον
2531 3113 2672 3181 εἷπε,
2704 3117 2838 3170 διότι
2880 3120 3030 3172 πᾶσα
3058 3120 3261 3190 ἀρετῆς
3307 3122 3514 3193 βλάστη
3547 3125 3614 3177 ὲκ
3654 3126 3812 3178 ﬁdum

2245 3205 2619 3277 κατορθοῦται.
2641 3209 2736 3261 Διά
2757 3209 2815 3262 δὲ
2840 3210 2936 3280 τῆς
2955 3212 3014 3264 ἐν
3038 3213 3103 3281 τῇ
3137 3213 3338 3285 καρδία
3360 3213 3563 3286 λύπης,
3597 3217 3656 3270 τὺ
3675 3219 3814 3270 ἄστα-

2241 3315 2333 3351 τον
2363 3299 2457 3351 καὶ
2483 3299 2754 3370 μοχθηρὸν
2780 3301 3049 3373 ἐδήλωσεν
3082 3299 3236 3374 ἦθος.
3269 3305 3459 3377 Θυμοῦ
3491 3309 3605 3378 γὰρ
3623 3312 3714 3361 καὶ
3737 3309 3816 3361 λύ-

2243 3408 2350 3461 πης
2374 3393 2706 3462 οἰκητήριον,
2735 3393 2832 3463 τὴν
2857 3393 3083 3464 καρδίαν
3115 3396 3260 3459 τινὲς
3301 3397 3512 3466 ἔφασαν
3531 3417 3546 3429 ·
3583 3400 3656 3471 μὴ
3676 3399 3815 3465 δοξα-

2243 3478 2488 3550 ζόμενοι,
2549 3481 2879 3536 λυποῦνται’
2940 3483 3048 3536 τῶν
3108 3484 3406 3557 ἀλλοτρίων
3473 3489 3816 3562 ὀρεγόμενοι,

2241 3574 2527 3643 τήκονται·
2560 3575 2862 3644 πενόμενοι,
2910 3575 3270 3648 δυσφοροῦσυ
3309 3579 3694 3648 πλουτοῦντες,
3736 3587 3817 3637 ὲκ·

2245 3667 2542 3738 μαίνονται,
2561 3666 2647 3720 διὰ
2667 3667 2763 3739 τὴν
2785 3667 2894 3720 τῶν
2917 3669 3198 3740 παρόντων
3222 3671 3472 3744 φυλακὴν
3497 3676 3638 3746 μηδὲ
3667 3676 3820 3732 iam

2243 3759 2620 3828 τυγχάνοντες.

2313 3851 2400 3904 42.
2431 3847 2636 3922 Μὴόὖν
2669 3850 2828 3921 ἡμεῖς
2854 3849 3216 3921 ὑποσυρῶμεν
3259 3851 3338 3923 τῷ
3370 3857 3710 3926 φρονήματι,
3745 3857 3823 3909 λέ-

2242 3959 2434 4011 γουσαι
2451 3945 2577 4006 τοὺς
2592 3943 2648 3994 έν
2678 3942 2754 4012 τῷ
2774 3942 2962 4012 κόσμῳ
2983 3943 3321 4013 ἀμερίμνους
3339 3949 3661 4016 τυγχάνειν.
3683 3950 3822 4019 Τάχα

2243 4036 2352 4106 γὰρ
2381 4034 2456 4098 ῶς
2489 4034 2624 4105 πρὸς
2665 4033 2949 4105 σύγκρισιν
2982 4035 3181 4104 μᾶλλον
3208 4035 3366 4106 ἡμῶν
3406 4041 3671 4093 κοπιῶσι.
3701 4043 3823 4102 Ταῖς

2242 4127 2297 4178 δὲ
2329 4124 2574 4193 γυναιξὶν
2600 4125 2675 4188 ῶς
2704 4125 2905 4178 ἐπίπαν
2941 4126 3150 4197 μεγάλη
3195 4128 3253 4179 ὲν
3286 4127 3366 4198 τῷ
3401 4130 3602 4203 κόσμῳ
3650 4135 3683 4203 ὴ
3706 4203 3708 4205 γ
3732 4133 3823 4186 ἀπ-

2246 4216 2460 4286 έχθειαο
2489 4217 2730 4270 τίκτουσι
2773 4218 2879 4288 γὰρ
2909 4216 3162 4286 χαλεπῶς
3188 4221 3284 4272 καὶ
3314 4222 3701 4288 ἐπικινδύνως,
3741 4224 3826 4277 καὶ

2241 4307 2573 4377 τληπαθοῦσι
2629 4307 2764 4379 πρὸς
2797 4308 2895 4377 τὴν
2934 4307 3431 4380 γαλακτοτροιρίαν,
3468 4316 3570 4366 καὶ
3620 4315 3827 4368 νοσοῦσι

2241 4403 2351 4463 τοῖς
2375 4399 2607 4463 παιδίοις
2630 4398 2967 4452 συννοσοῦσιο
2991 4402 3270 4456 καὶταῦτα
3292 4403 3659 4475 ὑπομένουσι,
3685 4408 3828 4471 τέλος

2243 4491 2336 4542 τοῦ
2368 4491 2537 4544 κόπου
2575 4491 2650 4563 μὴ
2678 4491 2916 4562 ἔχουσαι.
2946 4492 3017 4544 Ἢ
3045 4491 3156 4564 γὰρ
3187 4494 3248 4547 τὸ
3279 4495 3444 4567 σῶμα
3471 4501 3749 4571 πηροῦται
3767 4501 3830 4552 τά

2241 4583 2528 4656 κυηθέντα,
2561 4585 2594 4656 ἢ
2626 4588 3003 4658 κακοφροσύνη
3043 4587 3352 4657 ἀναχθέντα
3385 4590 3673 4661 δολοφονεῖ
3714 4595 3829 4654 τοὺς

567 4685 697 4740 pore
738 4679 843 4733 est,
874 4680 968 4725 aut
998 4670 1157 4724 malis
1207 4670 1476 4725 instructa
1519 4671 1788 4735 moribus,
1820 4671 2139 4741 parentibus

2244 4678 2619 4748 γεννήσαντας.
2649 4677 2834 4731 Ταῦτα
2856 4674 2948 4732 οὖν
2976 4679 3192 4744 εἰδυῖαι,
3217 4681 3294 4752 μὴ
3321 4681 3713 4757 δελεασθῶμεν
3734 4685 3830 4738 ὑπὸ

567 4776 752 4816 necem
787 4762 1153 4818 machinatur.
1189 4762 1313 4817 Haec
1361 4778 1483 4818 cum
1536 4764 1795 4827 sciamus,
1829 4779 1895 4818 ne
1929 4765 2138 4822 inesce-

565 4869 689 4908 mur
728 4855 797 4910 ab
823 4855 1069 4920 inimico,
1103 4857 1259 4925 quasi
1293 4856 1398 4910 vita
1427 4855 1696 4924 ejusmodi
1729 4857 2020 4926 tranquilla
2048 4875 2139 4913 cu-

565 4945 750 5016 risque
785 4961 956 5000 vacua
989 4948 1080 5003 sit.
1105 4946 1161 5000 In
1193 4954 1349 5017 partu
1385 4948 1585 5017 quippe
1616 4948 1666 5002 vi
1699 4949 1907 5005 doloris
1929 4951 2137 5004 exstin-

2231 4764 2326 4817 τοῦ
2375 4765 2591 4838 ἐχθροῦ,
2626 4768 2702 4831 ὡς
2743 4769 2932 4822 ἀνέτου
2965 4771 3059 4823 καὶ
3098 4772 3418 4844 ἀμερίμνου
3476 4781 3828 4849 τυγχάνοντος

2231 4857 2325 4910 τοῦ
2357 4857 2493 4928 βίου.
2531 4859 2796 4914 Γεννῶσαι
2821 4863 2918 4932 μὲν
2942 4863 3071 4935 γὰρ,
3100 4863 3191 4918 διὰ
3221 4867 3331 4918 τῶν
3372 4882 3561 4923 πόνων
3591 4872 3830 4943 φθείρον-

2237 4966 2327 5002 ται
2347 4967 2359 4979 ·
2395 4950 2469 5022 μὴ
2502 4953 2779 5006 τίκτουσαι
2802 4955 2879 5018 δὲ,
2911 4957 2986 5021 ὼς
3008 4959 3219 5028 στεῖραι
3250 4960 3349 5013 καὶ
3375 4963 3569 5031 ἄγονοι
3593 4967 3701 5019 ὑπὸ
3732 4964 3828 5018 τῶν

564 5044 838 5108 guuntur;
865 5038 911 5092 si
930 5054 1036 5094 non
1054 5040 1287 5108 pariant,
1317 5039 1621 5094 sterilitatis
1648 5046 1703 5094 et
1725 5039 2133 5098 infecunditatis

2244 5040 2557 5113 ὀνειδισμῶν
2583 5045 2859 5114 τήκονται.

563 5128 859 5196 opprobrio
887 5129 1306 5183 contabescunt.

633 5219 723 5272 45.
759 5217 883 5274 Hzec
914 5219 1069 5274 vobis
1111 5218 1254 5282 dico,
1292 5225 1351 5270 ut
1395 5218 1553 5273 nobis
1583 5220 1652 5273 ab
1685 5218 1999 5276 adversario
2038 5238 2130 5277 ca-

2304 5225 2391 5279 45.
2427 5226 2610 5282 Ταῦτα
2631 5229 2687 5281 δὲ
2716 5230 2842 5301 ύμῖν
2862 5231 3004 5300 λέγω
3035 5233 3172 5305 πρὸς
3199 5236 3264 5288 τὸ
3295 5238 3704 5307 ἀσφαλίζεσθαι
3727 5238 3826 5292 ἀπὺ

561 5321 806 5359 veamus.
842 5303 1027 5374 Neque
1060 5321 1188 5360 vero
1233 5308 1448 5361 cunctis
1479 5309 1814 5363 conveniunt
1838 5325 1958 5380 quae
1983 5312 2128 5366 dicta

2244 5315 2496 5372 ἐναντίου.
2533 5321 2606 5373 Ού
2643 5324 2774 5375 πᾶσι
2802 5323 2857 5376 δὲ
2897 5303 3138 5394 πέφυκεν
3166 5303 3414 5400 ἁρμόδια
3442 5303 3822 5406 ’τὰ-λεγόμεναι

563 5405 712 5462 ευηι,
746 5396 841 5451 sed
887 5398 953 5452 lis
980 5398 1244 5452 duntaxat
1278 5397 1370 5468 qui
1394 5399 1560 5454 vitam
1582 5402 1817 5472 amplexi
1857 5412 1992 5457 sunt
2014 5421 2130 5461 mo-

2244 5409 2371 5462 ἀλλά
2413 5412 2594 5481 μόνοις
2617 5417 2730 5478 τοῖς
2757 5415 2848 5469 τὸν
2884 5418 3093 5490 μονήρη
3121 5396 3255 5489 βίον-
3273 5425 3583 5486 ἐθέλουσιν.
3617 5396 3820 5491 ’ἧσπερ

631 5547 678 5581 "
716 5549 904 5605 Matth.
937 5567 989 5614 v,
1031 5551 1112 5606 l2.
1186 5551 1232 5583 ’°
1273 5552 1524 5620 Psal.,tv,
1561 5555 1614 5608 2.
1691 5557 1733 5588 ἰ
1776 5557 1922 5613 Psal.
1961 5575 2164 5626 vam,
2196 5561 2303 5633 2L
2363 5568 2409 5598 ⁹²
2451 5565 2555 5622 lsa.
2594 5584 2646 5633 ι,
2681 5568 2733 5623 5.
2815 5570 2862 5604 ”
2888 5569 3061 5627 Eccle.
3103 5591 3163 5643 ιι,
3197 5577 3291 5632 14.

635 5721 748 5793 (85)
785 5723 889 5778 vn.
925 5724 1037 5779 re.
1067 5727 1102 5782 ι.
1129 5745 1178 5792 ν,
1215 5730 1301 5793 ιο,
1346 5729 1429 5783 τι.
