4032 6376
537 317 675 375 1525

1663 319 1718 371 S.
1761 317 2222 376 A'i'llANASZUS.
2264 351 2334 360 ——
2376 319 2647 377 SPUIHA.

3649 331 3771 383 £516

535 455 694 497 sacro
731 449 954 495 enntore
987 438 1185 493 Davide
1226 456 1373 493 mare
1412 449 1493 494 est
1545 440 1834 510 appellata.
1871 439 1926 492 In
1962 441 2098 493 mari

2209 443 2310 495 ὑπὸ
2338 441 2432 495 τοῦ
2463 441 2606 514 ἱεροῦ
2633 441 2834 511 ψάλτου
2869 443 3031 496 Δαϐὶδ
3069 441 3306 514 εἴρηται.
3365 440 3526 495 Ἀλλά
3557 442 3657 514 τῆς
3689 443 3773 498 θα-

536 547 702 602 perro
733 533 835 586 alia
871 533 988 586 loca
1023 540 1149 585 sunt
1203 540 1438 600 petrosa,
1485 531 1592 584 alia
1626 531 1888 586 monstris
1921 533 2102 601 plena,

535 625 642 678 alia
672 624 981 693 tranquilla.
1012 621 1120 675 Nos
1155 621 1208 675 in
1245 622 1538 690 tranquilla
1569 624 1737 677 maris
1769 633 1922 692 parte
1955 623 2104 676 vide-

536 733 660 772 mur
678 718 931 786 navigare
957 733 970 780 ;
1006 715 1295 770 saeculares
1317 731 1445 770 vero
1474 716 1794 785 periculosis
1825 716 1877 769 in
1907 716 2100 786 plagis.

536 809 644 865 Nos
673 808 905 864 interdiu
945 808 1286 878 navigamus,
1314 824 1342 862 a
1369 809 1482 863 sole
1505 809 1732 877 justitiaa
1761 810 1893 864 recti
1924 819 1976 864 et
2005 810 2102 863 de-

534 901 716 962 dueti;
751 900 828 955 illi
866 908 1031 954 noctu
1083 900 1389 970 ignorantia
1438 901 1664 955 ferente.
1699 899 1804 955 Sed
1839 901 2106 969 contingit

535 995 852 1066 plerumque
898 1001 954 1048 ut
982 995 1283 1059 saecularis,
1318 997 1372 1048 in
1404 1003 1726 1063 tempestate
1766 1010 1830 1050 ac
1865 993 2106 1048 tenebris

532 1087 824 1150 exsistens,
869 1084 1160 1140 clamando
1188 1094 1242 1140 et
1280 1084 1553 1156 vigilando
1597 1100 1789 1139 navem
1821 1093 2106 1141 conservet

532 1195 686 1235 suam
713 1196 727 1245 ;
759 1193 860 1234 nos
889 1193 1021 1233 vero
1067 1193 1164 1249 per
1200 1178 1467 1232 incuriam
1502 1177 1799 1248 tranquillo
1827 1177 1963 1231 mari
2011 1178 2109 1232 de-

532 1287 866 1344 mergamur,
904 1271 1107 1325 amisso
1135 1270 1362 1340 iustitia:
1398 1271 1572 1324 clavo.

605 1491 692 1545 48.
726 1490 830 1556 Qui
873 1499 979 1545 stat
1019 1489 1204 1559 igitur,
1241 1489 1414 1542 videat
1459 1505 1521 1542 ne
1551 1489 1732 1544 cadat.
1761 1488 1866 1556 Qui
1914 1487 2111 1544 cecidit

533 1582 680 1636 enim
709 1598 874 1636 unam
913 1582 1076 1636 habet
1115 1597 1327 1645 curam,
1359 1589 1418 1634 ut
1457 1582 1666 1638 scilicet
1701 1589 1970 1652 resurgat.
2005 1579 2109 1646 Qui

535 1689 665 1729 vero
702 1682 834 1736 stat,
865 1682 1057 1728 caveat
1079 1673 1184 1727 sibi
1208 1689 1278 1728 ne
1305 1674 1486 1728 cadat.
1521 1673 1670 1728 Varii
1699 1688 1936 1744 namque
1979 1681 2110 1728 sunt

535 1783 719 1822 rasus.
751 1765 857 1832 Qui
885 1765 1202 1820 ceciderunt
1229 1765 1375 1819 enim
1407 1779 1515 1820 non
1544 1766 1685 1819 ultra
1710 1766 1929 1835 quidem
1961 1773 2108 1818 stant

2203 535 2410 606 λάσσης
2430 535 2498 587 τὰ
2521 535 2617 605 μέν
2644 537 2751 588 εἰσι
2778 533 3041 605 πετρώδη,
3068 535 3133 587 τά
3154 534 3210 588 δὲ
3235 535 3330 587 καὶ
3355 534 3558 605 θηρίων
3581 535 3769 608 πλήρη,

2204 628 2324 680 τινὰ
2356 627 2411 680 δὲ
2444 627 2538 679 καὶ
2574 626 2804 698 γαληνὰ.
2845 626 3032 696 Ἡμεῖς
3055 627 3110 679 ἐν
3134 625 3213 696 τῷ
3245 625 3466 696 γαληνῷ
3502 626 3659 698 μέρει
3687 628 3773 698 τῆς

2206 719 2480 788 Θαλάσσης
2508 717 2769 788 δοκοῦμεν
2792 717 2990 780 πλέειν,
3013 719 3060 771 οἱ
3089 717 3147 770 δὲ
3170 717 3425 788 κοσμικοὶ
3451 719 3508 769 ὲν
3535 717 3774 770 κινδυνὼ-

2204 811 2319 863 δεσι
2341 828 2353 840 °
2397 811 2491 863 καὶ
2537 812 2698 881 ἡμεῖς
2731 812 2828 881 μὲν
2864 811 3075 882 ἡμέρας
3108 810 3345 880 πλέομεν
3371 809 3477 862 ὑπὸ
3513 809 3608 863 τοῦ
3635 810 3772 879 ἡλίου

2205 905 2302 974 τῆς
2323 903 2666 976 δικαιοσύνης
2688 903 2884 972 ὁδηγοῦ
2894 920 3062 974 μενοι,
3092 903 3292 955 ἐκεῖνοι
3317 903 3372 955 δὲ
3405 904 3462 955 ἐν
3486 904 3658 967 νυκτὶ,
3681 903 3774 954 ὑπὸ

2206 995 2303 1064 τῆς
2345 993 2618 1062 ἀγνωσίας
2665 995 2972 1065 φερόμενοι.
3034 993 3173 1046 Ἀλλ’
3220 993 3494 1064 ἐνδέχεται
3528 993 3773 1056 πολλάκις

2205 1084 2296 1136 τὸν
2341 1085 2603 1154 κοσμικὸν
2645 1087 2703 1138 ὲν
2743 1084 2968 1156 χειμῶνι
3005 1084 3099 1138 καὶ
3134 1085 3192 1135 ἐν
3227 1084 3403 1136 σκότει
3431 1084 3770 1153 τυγχάνοντα.

2210 1173 2482 1246 βοήσαντα
2515 1175 2608 1228 καὶ
2637 1176 3079 1247 ἀγρυπνήσαντα,
3116 1173 3292 1226 σῶσαι
3321 1174 3382 1226 τὸ
3419 1172 3615 1227 ἑαυτοῦ
3653 1174 3773 1226 σκά-

2209 1283 2328 1334 φος⁹
2364 1267 2511 1336 ἡμᾶς
2540 1266 2594 1319 δὲ
2627 1269 2684 1319 ἐν
2714 1267 2939 1339 γαλήνῃ,
2992 1265 3095 1319 ὑπὸ
3141 1266 3405 1336 ἀμελείας
3442 1265 3772 1334 βυθισθῆναι,

2208 1359 2268 1412 τὸ
2301 1358 2558 1429 πηδάλιον
2582 1360 2680 1430 τῆς
2705 1358 3045 1430 δικαιοσύνης
3074 1359 3332 1426 ἀφέντας.

2279 1489 2369 1542 48.
2411 1489 2689 1543 Βλεπέτω
2738 1486 2830 1544 οὖν
2973 1488 3216 1554 στήκων
3238 1491 3325 1559 μὴ
3363 1488 3547 1558 πέσῃ.
3595 1489 3651 1541 Ὁ
3688 1489 3774 1558 μὲν

2210 1581 2318 1652 γάρ
2349 1580 2531 1634 πεσὼν
2569 1583 2699 1653 μίαν
2742 1582 2856 1652 ἔχει
2889 1583 3164 1653 φροντίδα,
3201 1582 3295 1634 τοῦ
3326 1582 3641 1652 ἀναστῆναι·
3675 1584 3701 1633 6
3726 1581 3775 1631 δὲ

2214 1675 2429 1742 στήκων
2475 1673 2826 1742 φυλαττέσθω
2867 1673 2960 1726 τοῦ
3023 1673 3096 1745 μὴ
3148 1677 3355 1727 πεσεῖν.
3411 1674 3523 1726 Καὶ
3569 1672 3677 1742 γὰρ
3715 1672 3776 1725 τά

2213 1765 2637 1836 παραπτώματα
2663 1766 2914 1836 διάφορα’
2938 1768 2987 1818 οί
3023 1769 3120 1836 μὲν
3146 1767 3254 1836 γάρ
3287 1767 3544 1829 πεσόντες
3567 1765 3660 1818 τοῦ
3686 1764 3776 1834 μὲν

535 1857 736 1921 erecti;
769 1855 865 1911 sed
887 1866 1065 1910 tamen
1081 1855 1354 1925 jacentes,
1380 1871 1488 1911 non
1517 1857 1747 1911 multum
1779 1863 2107 1926 acceperunt

2211 1859 2430 1926 στήκειν
2463 1858 2802 1930 ἐστέρηνται·
2833 1859 3072 1928 κείμενοι
3095 1858 3174 1921 δὲ,
3203 1859 3264 1910 οὐ
3294 1858 3435 1910 πάνυ
3465 1875 3518 1909 τι
3552 1856 3775 1924 ἐϐλάϐη-

536 1947 742 2002 damni.
779 1946 883 2012 Qui
919 1954 1030 2001 stat
1063 1953 1267 2009 autem,
1305 1961 1373 2000 ne
1407 1946 1675 2016 despiciat
1712 1963 1836 2002 eum
1886 1948 1980 2016 qui
2032 1947 2110 2001 la-

538 2054 672 2107 psus
699 2043 804 2101 est,
837 2035 933 2092 sed
962 2035 1282 2090 reformidet
1324 2052 1392 2091 ne
1421 2037 1700 2106 collapsus
1733 2045 1787 2092 et
1833 2037 1948 2108 ipse
1986 2053 2112 2108 per-

536 2141 646 2194 eat,
689 2145 825 2182 neve
869 2129 923 2182 in
977 2128 1226 2182 altiorem
1281 2143 1341 2184 se
1396 2129 1710 2199 voraginem
1761 2130 2106 2200 praecipitet:

541 2221 632 2274 ubi
665 2221 804 2275 forte
824 2219 1105 2290 continget
1143 2227 1201 2272 ut
1237 2219 1385 2290 putei
1411 2219 1785 2290 profunditate
1813 2221 2110 2275 clamorem

544 2319 858 2380 superante,
889 2324 957 2364 ne
979 2317 1164 2380 petere
1185 2309 1402 2379 quidem
1438 2311 1608 2380 possit
1653 2310 1937 2365 auxilium.
1977 2309 2108 2363 Nam

542 2403 708 2475 626
733 2402 914 2473 justus
955 2403 1031 2456 ait
1065 2420 1080 2458 :
1123 2400 1206 2456 Ne
1239 2401 1515 2457 absorbeat
1543 2419 1622 2456 me
1656 2403 1995 2472 profundum,
2021 2419 2112 2455 ne-

537 2511 634 2566 que
676 2503 856 2565 urgeat
881 2509 1040 2564 super
1066 2509 1148 2548 me
1175 2503 1363 2562 puteus
1396 2509 1454 2547 os
1480 2509 1638 2547 suum
1669 2495 1739 2544 ’⁸.
1763 2492 1869 2560 Qui
1900 2493 2109 2564 primus

539 2586 759 2649 cecidit,
783 2586 1001 2640 mansit.
1028 2583 1395 2655 Prospiceltibi
1421 2600 1489 2640 ne
1502 2585 1781 2655 delapsus,
1806 2587 2108 2640 belluarum

541 2678 699 2732 cibus
737 2677 960 2733 evadas.
995 2675 1099 2742 Qui
1147 2676 1294 2731 cadit
1322 2675 1518 2732 domus
1551 2675 1695 2731 fores
1726 2691 1836 2730 non
1866 2677 2107 2730 obserat.

539 2764 643 2830 Tu,
677 2769 921 2838 inquam,
967 2767 1276 2822 nullatenus
1307 2767 1604 2834 dormites;
1647 2767 1743 2822 sed
1784 2782 1997 2838 semper
2023 2768 2109 2822 di-

537 2860 726 2916 vinum
783 2861 1155 2916 illud'dictum
1204 2861 1490 2917 modulare
1544 2878 1558 2914 :
1616 2861 1877 2918 Illumina
1933 2865 2108 2919 oculos

540 2970 679 3008 meo;
731 2971 793 3008 ne
827 2970 1071 3024 unquam
1119 2953 1445 3008 obdormiam
1495 2955 1551 3006 in
1599 2965 1768 3009 morte
1813 2955 1878 3008 ".
1936 2953 2109 3028 Vigila

539 3047 799 3101 continue
833 3053 1054 3115 propter
1075 3060 1204 3099 eum
1229 3045 1321 3115 qui
1350 3052 1607 3114 tanquam
1651 3047 1734 3101 leo
1763 3046 1926 3115 rugit.

609 3160 697 3214 49.
743 3158 919 3214 Verba
955 3159 1141 3214 istha'c
1177 3158 1230 3212 in
1261 3158 1365 3212 hoc
1396 3167 1524 3211 sunt
1557 3158 1732 3223 utilia,
1784 3167 1843 3213 ut
1871 3175 1979 3214 non
2014 3175 2110 3214 ex-

2213 1965 2332 2002 σαν.
2379 1949 2436 2002 Ὀ
2459 1949 2515 2002 δὲ
2539 1947 2710 2012 ἑστὼς
2741 1949 2814 2020 μὴ
2843 1948 3159 2012 εὐτελιζέτω
3179 1947 3269 2000 τὸν
3297 1946 3646 2009 πεπτωκότα,
3672 1945 3775 1997 ἀλλ’

2210 2043 2398 2096 ἑαυτὸν
2425 2041 2712 2111 φοϐείσθω,
2744 2041 2818 2112 μὴ
2849 2039 3028 2093 πεσὼν
3053 2039 3346 2110 διαφθαρῇ,
3379 2039 3474 2096 καὶ
3501 2040 3582 2102 εἰς
3611 2037 3777 2091 κατώ-

2207 2151 2366 2205 τερον
2406 2132 2615 2206 ἀπέλθῃ
2659 2132 2867 2203 βόθρον.
2913 2131 3073 2194 Εἰκὸς
3104 2130 3232 2201 γὰρ,
3271 2129 3362 2182 καὶ
3404 2130 3506 2200 τῆς
3539 2128 3776 2200 κραυγῆς

2208 2223 2536 2295 ἡττηθείσης
2563 2222 2665 2276 ὑπὸ
2692 2222 2785 2274 τοῦ
2817 2221 3011 2291 βάθους
3037 2220 3132 2274 τοῦ
3158 2220 3410 2290 φρέατος,
3439 2220 3515 2290 μὴ
3540 2217 3777 2290 βοήθειαν

2209 2317 2448 2386 αἰτῆσαι.
2478 2315 2614 2386 Φησὶ
2639 2315 2750 2385 γὰρ
2773 2315 2801 2364 6
2830 2314 3056 2376 δίκαιος
3083 2312 3180 2379 Μὴ
3209 2309 3544 2364 καταπιέτω
3570 2326 3648 2378 με
3673 2309 3778 2373 ,βικ-

2210 2407 2332 2473 θὸς,
2362 2405 2517 2476 μηδέ
2551 2405 2829 2474 συσχέτω
2852 2405 2944 2457 ἐπ’
2982 2403 3087 2474 ἐμὲ
3123 2403 3308 2473 φρέαρ
3348 2400 3415 2455 τὸ
3448 2402 3646 2470 στόμα
3684 2402 3780 2452 αὺ-

2208 2499 2336 2553 τοῦ.
2381 2499 2438 2552 '0
2467 2496 2683 2569 πρῶτος
2728 2496 2906 2550 πεσὼν
2941 2496 3173 2568 ἔμεινεν.
3224 2496 3368 2566 Ὅρα
3411 2492 3663 2554 σεαυτὸν,
3710 2489 3778 2561 μὴ

2210 2588 2534 2644 καταπεσὼν
2567 2589 2660 2642 καὶ
2690 2590 2754 2642 σὺ
2781 2587 2929 2659 θοίνη
2957 2587 3159 2659 θηρίων
3191 2586 3343 2658 γένῃ.
3383 2585 3441 2637 '0
3471 2582 3656 2636 πεσὼν
3687 2583 3779 2636 οὐκ

2209 2681 2565 2751 ἁσφαλίζεται
2599 2682 2697 2752 τὴν
2729 2680 2931 2754 θύραν·
2985 2681 3048 2733 σὺ
3089 2679 3146 2733 δὲ
3197 2677 3444 2750 μηδόλως
3494 2677 3774 2746 νυστάξῃςο

2210 2773 2322 2826 ἀλλ’
2356 2775 2445 2827 ἀεὶ
2476 2773 2538 2826 τὸ
2570 2773 2709 2826 θεῖον
2755 2773 2928 2825 ἐκεῖνο
2963 2771 3189 2843 μελῴδιι
3223 2770 3406 2841 ῥητὸν,
3450 2769 3514 2821 τὸ
3559 2768 3777 2836 φάσκον·

2210 2865 2476 2920 Φὼτισον
2505 2866 2647 2932 τοὺς
2676 2865 3020 2935 ὀφθαλμούς
3045 2880 3188 2933 μου,
3218 2861 3304 2931 μή
3349 2878 3494 2915 ποτε
3530 2860 3780 2916 ὐπνὼσω

2208 2961 2294 3024 είς
2325 2957 2602 3012 θάνατον.
2646 2957 2936 3030 Ἀγρύπνει
2967 2956 3024 3010 δὲ
3055 2955 3318 3027 διηνεκῶς
3356 2953 3445 3007 διὰ
3485 2953 3581 3007 τὸν
3620 2954 3783 3026 ὠρυό-

2212 3068 2372 3123 μενον
2404 3051 2612 3106 λέοντα.

2282 3164 2368 3218 49.
2409 3163 2594 3218 Ταῦτα
2627 3163 2695 3217 τὰ
2727 3165 2945 3235 ῥήματα
2975 3160 3217 3215 συντελεί
3244 3160 3381 3234 πρὸς
3408 3161 3472 3214 τὸ
3511 3160 3590 3231 μὴ
3620 3159 3781 3228 iamp-

542 3251 818 3308 tollamur.
846 3248 948 3315 Qui
979 3247 1195 3310 cecidit,
1230 3248 1275 3302 si
1303 3255 1655 3303 convertatur
1681 3259 1735 3304 et
1765 3251 2106 3320 ingemiscat,

2209 3256 2480 3327 αίρεσθαι.
2518 3257 2575 3308 ’0
2605 3253 2783 3308 πεσὼν
2826 3257 2882 3307 ὲν
2924 3253 3001 3324 τῷ
3041 3254 3363 3323 ἐπιστρέψαι
3401 3254 3497 3306 καὶ
3541 3252 3782 3316 στενάξαι

542 3340 772 3394 salutem
808 3339 1176 3394 nanciscetur.
1207 3335 1466 3406 Prospice
1491 3338 1612 3402 tibi,
1659 3354 1782 3410 quae
1825 3349 1957 3395 stas.
2000 3339 2110 3395 Du-

543 3432 665 3502 plu
697 3433 795 3485 tibi
830 3430 1062 3485 formido
1115 3431 1297 3491 instat.
1349 3438 1442 3484 aut
1491 3432 1701 3486 scilicet
1733 3449 1800 3487 ne
1834 3433 1900 3487 ad
1926 3445 2110 3489 vetera

546 3526 861 3586 revertaris,
912 3523 965 3576 in
1012 3533 1064 3577 te
1108 3522 1348 3577 irruente
1386 3533 1609 3594 propter
1655 3525 1960 3580 socordiam
2007 3528 2112 3581 ini-

547 3616 710 3676 mico.
742 3625 832 3670 aut
861 3630 928 3670 ne
961 3615 1103 3671 inter
1127 3618 1460 3671 currendum
1493 3619 1879 3687 supplanteris.
1909 3619 2114 3674 Adver-

2213 3347 2540 3419 σωθήσεται.
2571 3347 2712 3417 Ὅρα
2736 3347 2798 3398 σὺ
2824 3345 3023 3415 σαυτὴν
3044 3347 3076 3416 ὴ
3108 3347 3400 3414 στήκουσα.
3426 3343 3662 3405 Διπλοῦς
3682 3344 3782 3411 γάρ

2211 3457 2293 3493 σοι
2322 3443 2350 3493 6
2382 3438 2547 3508 φόϐος
2577 3439 2868 3501 ἐπίκειται,
2900 3437 2932 3507 ἢ
2957 3436 3049 3489 τοῦ
3091 3436 3163 3506 μὴ
3199 3434 3532 3506 ἐπιστρέψαι
3561 3435 3696 3505 πρὸς
3720 3436 3783 3486 τὰ

2209 3533 2431 3602 ἀρχαῖα,
2455 3529 2520 3583 δι’
2545 3528 2834 3599 ὀλιγωρίας
2862 3545 2941 3581 σοι
2961 3527 3052 3580 τοῦ
3083 3526 3279 3597 ἐχθροῦ
3302 3527 3724 3597 προσπεσόντος,
3749 3526 3780 3596 ἢ

2208 3623 2302 3676 τοῦ
2337 3623 2410 3694 μὴ
2443 3621 2740 3693 τρέχουσαν
2773 3619 3136 3689 σκελισθῆναι.
3186 3619 3243 3671 Ὀ
3277 3618 3384 3690 γὰρ
3414 3618 3612 3689 ἐχθρὸς
3633 3619 3782 3688 ἡμῶν

545 3709 726 3764 sarius
775 3708 976 3778 quippe
1021 3715 1208 3763 noster
1245 3708 1520 3772 diabolus,
1571 3709 1658 3763 vel
1705 3723 1737 3762 a
1777 3718 1929 3780 tergo
1958 3711 2024 3764 ad
2052 3727 2107 3767 se

2209 3714 2502 3784 διάϐολοςῆ
2537 3712 2757 3765 ὄπισθεν
2790 3711 2935 3764 ἕλκει
2972 3712 3108 3782 πρὸς
3138 3712 3349 3774 ἑαυτὸν,
3382 3712 3625 3782 ὁπηνίκα
3655 3712 3782 3781 βρα-

544 3801 830 3871 pertrahit,
858 3816 982 3854 cum
1011 3801 1306 3857 tardiorem
1355 3817 1682 3872 segnemque
1712 3802 1946 3856 animam
1979 3818 2107 3858 con-

2209 3803 2354 3857 δείαν
2395 3803 2489 3856 καὶ
2529 3801 2740 3873 νωθράν
2788 3800 2886 3872 τὴν
2925 3800 3101 3871 ψυχὴν
3134 3799 3416 3871 θεάσηταν
3461 3802 3496 3871 ἢ
3527 3801 3781 3854 δοκοῦσαν

544 3895 804 3963 spexerit.
836 3893 967 3960 Qua:
1015 3893 1062 3947 si
1115 3894 1365 3949 videatur
1394 3894 1627 3963 diligens
1680 3908 1743 3946 ac
1786 3902 2009 3948 strenua
2054 3896 2107 3948 in

2210 3893 2376 3964 αὐτὴν
2413 3893 2705 3946 σπουδαίαν
2747 3888 2882 3945 εἶναι
2922 3893 3014 3944 καὶ
3053 3893 3307 3945 ἐπίπονον
3349 3892 3484 3963 πρὸς
3530 3894 3778 3961 ἄσκησιν,

542 3987 779 4040 ascetica
803 3985 934 4048 vita,
957 3986 1150 4041 callide
1166 3996 1218 4040 et
1239 3986 1452 4040 occulte
1472 3985 1639 4054 serpit
1661 4000 1757 4056 per
1776 3985 2110 4054 superbiam,

541 4086 706 4146 atque
746 4077 820 4130 ita
852 4075 1096 4131 funditus
1140 4077 1318 4148 perdit
1349 4093 1494 4132 eam.
1538 4076 1663 4130 Haec
1702 4077 1954 4131 illecebra
1994 4092 2113 4131 om-

541 4167 693 4219 nium
717 4167 982 4221 malorum
1006 4167 1254 4220 ultimum
1271 4176 1353 4222 est
1381 4183 1444 4221 ac
1477 4182 1812 4250 supremum.
1835 4167 1938 4222 Per
1962 4170 2108 4222 illam

541 4257 796 4313 diabolus
828 4257 1074 4326 dejectus
1109 4257 1233 4324 fuit,
1265 4274 1361 4328 per
1403 4259 1649 4314 eamdem
1692 4259 1972 4314 hominum
2001 4260 2112 4315 for-

540 4349 786 4406 tissimos
832 4363 1147 4418 expugnare
1195 4356 1388 4402 tentat.
1451 4347 1920 4414 Quemadmodum
1965 4352 2108 4404 enim

538 4440 909 4513 strenuissimi
961 4439 1183 4502 milites,
1219 4447 1506 4509 postquam
1557 4440 1768 4494 minora
1823 4441 2112 4496 tela'con-

539 4521 913 4604 sumpserunt,
951 4531 999 4587 si
1037 4531 1216 4586 adhuc
1250 4537 1475 4601 urgeant
1511 4530 1830 4594 adversarii,
1875 4531 2110 4586 fortissi-

539 4642 688 4684 mum
720 4626 984 4688 omnium,
1023 4625 1345 4678 maclueram
1386 4623 1615 4686 scilicet,
1647 4623 1918 4690 educunt;
1949 4624 2022 4676 ita
2053 4633 2107 4679 et

537 4722 788 4776 diabolus
818 4730 1106 4790 postquam
1137 4719 1346 4789 priores
1378 4719 1602 4787 laqueos
1625 4732 1752 4772 suos
1790 4717 2102 4787 insumpsit,

539 4823 651 4863 tum
682 4808 900 4864 demum
938 4817 1218 4878 postremo
1247 4809 1416 4862 utitur
1448 4807 1647 4878 gladio,
1699 4808 1961 4862 nimirum
2011 4824 2106 4863 su-

536 4900 743 4970 perbia.
779 4899 1014 4968 Quinam
1062 4909 1244 4955 autem
1295 4899 1448 4956 fuere
1481 4901 1690 4968 priores
1719 4899 1840 4969 ejus
1879 4900 2104 4970 laquei?

539 4989 685 5044 Sane
711 4991 855 5060 gula,
886 4989 1159 5059 voluptas,
1195 4989 1503 5044 fornicatio.
1529 4988 1594 5043 lli
1622 5003 1856 5060 namque
1883 4989 2106 5059 potissi-

537 5100 686 5140 mum
746 5083 972 5154 spiritus
1015 5082 1311 5153 juvenilem
1361 5091 1576 5139 aetatem
1625 5083 1888 5139 infestant
1937 5102 1949 5137 :
1990 5082 2104 5137 haec

537 5182 969 5244 consequuntur,
994 5173 1238 5240 pecunia
1259 5187 1431 5237 amor,
1455 5173 1680 5227 avaritia
1701 5180 1755 5226 et
1779 5173 1863 5228 bis
1883 5174 2102 5228 similia.

537 5264 733 5319 Misera
770 5280 898 5334 ergo
932 5266 1133 5330 anima,
1173 5265 1266 5319 ubi
1307 5264 1474 5318 hosce
1517 5265 1738 5334 laqueos
1791 5266 2103 5327 declinavit,

539 5365 822 5426 postquam
852 5365 1096 5411 ventrem
1125 5358 1417 5421 continuit,
1450 5364 1740 5425 postquam
1769 5357 1945 5410 ventri
1982 5359 2106 5412 sub-

533 5444 706 5516 jectus
735 5446 1060 5516 cupiditates
1097 5462 1191 5516 per
1239 5447 1553 5516 pudicitiam
1598 5446 1914 5511 transilivit,
1955 5457 2096 5516 post.

645 5686 690 5717 ⁸⁸
730 5683 873 5740 Psal.
901 5702 1108 5751 .t.\'vm,
1149 5687 1234 5742 16.
1312 5689 1356 5719 ⁸³
1399 5685 1542 5741 Psal.
1585 5703 1684 5749 xu,
1727 5686 1781 5742 4.

2211 3986 2588 4056 ἐπεισέρχεται
2607 3983 2817 4047 λεπτῶς
2839 3984 2932 4037 καὶ
2955 3986 3352 4054 κεκρυμμένως
3379 3985 3466 4037 διὰ
3489 3985 3590 4053 τῆς
3620 3985 3779 4054 ὑπερ-

2210 4076 2461 4146 ηφανίας·
2497 4077 2591 4127 καὶ
2621 4074 2791 4136 οὕτως
2828 4073 3121 4143 αὔτανδρον
3160 4074 3257 4145 τὴν
3285 4073 3460 4144 ψυχὴν
3500 4075 3773 4127 ἀπόλλυσι.

2210 4168 2380 4220 Τοῦτο
2416 4167 2477 4220 τὸ
2516 4167 2677 4220 ὅπλον
2709 4166 2934 4236 ἔσχατον
2970 4167 3062 4219 καὶ
3101 4167 3523 4238 κορυφαιότατον
3567 4169 3775 4221 πάντων

2212 4261 2328 4313 ἐστὶ
2349 4259 2455 4314 τῶν
2485 4259 2688 4313 κακῶν.
2735 4259 2822 4325 Ἐξ
2845 4258 3008 4312 αὑτοῦ
3033 4261 3060 4310 6
3081 4258 3327 4322 διάϐολος
3351 4258 3770 4328 καταϐέϐληται,

2211 4352 2305 4405 καὶ
2329 4352 2394 4404 δι’
2431 4350 2593 4404 αὑτοῦ
2622 4351 2745 4414 τοὺς
2771 4350 3169 4421 δυνατωτέρους
3193 4349 3302 4403 τῶν
3335 4348 3638 4421 ἀνθρώπων
3665 4367 3774 4403 πει-

2214 4443 2371 4512 ρᾶται
2405 4443 2705 4514 καθαιρεῖν.
2750 4443 2956 4511 Ὠσπερ
2989 4441 3098 4512 γὰρ
3128 4443 3176 4494 oi
3217 4441 3512 4495 δεινότατοι
3545 4442 3652 4495 τῶν
3685 4460 3775 4494 πο-

2212 4534 2499 4606 λεμιστῶν,
2537 4535 2673 4605 μετά
2696 4534 2756 4586 τὸ
2781 4533 3176 4604 δαπανῆσαιτά
3199 4533 3499 4606 λεπτότερα
3535 4533 3682 4603 βέλη,
3718 4533 3775 4584 τὸ

2213 4624 2510 4696 τηνικαῦτα
2552 4624 2631 4677 ἔτι
2673 4623 3107 4694 ἐπικρατούντων
3147 4622 3258 4676 τῶν
3305 4623 3597 4694 μαχητῶν,
3652 4640 3774 4694 προ-

2215 4716 2495 4770 ϐάλλονται
2523 4715 2619 4787 τὴν
2651 4716 2997 4787 ἰσχυροτέραν
3030 4717 3247 4768 πάντων
3283 4717 3575 4786 μάχιιραν·
3611 4715 3772 4777 οὕτως

2215 4806 2306 4859 καὶ
2331 4807 2359 4857 6
2393 4805 2658 4868 διάϐολος,
2688 4804 2824 4876 μετά
2851 4804 2911 4856 τὸ
2942 4805 3135 4875 πρῶτα
3167 4805 3334 4858 αὐτοῦ
3365 4805 3772 4876 ἀποδαπανῆσαι

2212 4900 2502 4970 ἄγκιστρα,
2529 4900 2648 4953 τότε
2676 4899 2753 4970 τῷ
2783 4897 3072 4968 τελευταίῳ
3099 4899 3298 4969 χρᾶται
3327 4898 3492 4966 ξίφει,
3518 4901 3584 4969 τῇ
3612 4899 3772 4966 ὑπερ-

2210 4990 2435 5062 ηφανίᾳ.
2483 4992 2639 5055 Τίνες
2681 4992 2737 5044 δὲ
2774 4987 2913 5062 ἦσαν
2958 4988 3122 5042 αὑτοῦ
3169 4991 3228 5043 αἱ
3275 4990 3489 5061 πρῶται
3521 4989 3768 5057 παγίδες;

2212 5082 2400 5156 Δῆλον,
2423 5083 2498 5146 ὡς
2524 5083 2949 5156 γαστριμαργία,
2981 5081 3280 5153 φιληδονία,
3316 5085 3565 5153 πορνεία.
3597 5082 3772 5135 Ταῦτα

2213 5153 2321 5244 γὰρ
2358 5173 2589 5244 μάλιστα
2629 5153 2696 5228 τά
2730 5153 3016 5245 πνεύματα
3049 5168 3143 5226 ἐπὶ
3165 5174 3274 5226 τῶν
3297 5174 3637 5246 νεωτερικῶν
3663 5173 3768 5242 ἡλι-

2213 5263 2346 5316 κιῶν
2405 5265 2808 5334 συμϐαίνουσιν.
2869 5263 3254 5318 Ἐπακολουθεί
3302 5266 3360 5318 δὲ
3404 5267 3616 5330 τούτοις
3662 5265 3772 5334 φιλ-

2212 5357 2470 5427 αργυρία,
2491 5357 2786 5424 πλεονεξία,
2803 5357 2894 5410 καὶ
2909 5359 2975 5410 τά
2991 5358 3197 5421 τούτοις
3216 5360 3397 5428 ὅμοια.
3415 5360 3477 5412 'H
3503 5357 3595 5413 οὖν
3623 5354 3770 5412 ἀθλία

2212 5449 2374 5520 ψυχὴ,
2403 5449 2530 5503 ὅταν
2560 5449 2761 5502 τούτων
2793 5449 2901 5502 τῶν
2930 5447 3116 5502 παθῶν
3143 5450 3521 5520 περιγένηται,
3549 5450 3768 5519 ὁπηνίκα
