4032 6376
325 300 459 353 4317

1450 299 1606 353 VITA
1649 297 1938 352 S.\NCT.-E
1982 297 2435 356 SYNCLETlCzE

3417 316 3555 372 l518

319 413 556 484 γαστρὸς
586 414 857 486 κρατῆσῃ,
891 415 979 467 ὅτε
1008 414 1102 468 καὶ
1142 415 1238 479 τὰς
1271 417 1667 487 ύπογαστρίους
1694 414 1864 486 saeva

1988 430 2151 484 quam
2178 428 2459 489 argentum
2483 420 2760 494 despexit;
2794 433 2924 483 tunc
2948 429 3215 489 malorum
3242 433 3436 489 artilex
3466 436 3554 492 ille

320 502 678 575 ὑπερπηδήσῃ
718 508 784 575 τῇ
827 506 1135 575 σεμνότητι,
1169 506 1257 558 ὅτε
1299 507 1560 577 ἀργυρίου
1609 522 1882 576 καταφρο-

318 596 476 665 νήσῃ·
508 595 627 647 τότε
661 597 994 668 πανταχόθεν
1015 600 1043 651 ὁ
1069 599 1380 670 κακόφρων,
1406 597 1722 669 ἀπορηθεὶς,
1747 599 1880 650 ὑπο-

322 683 506 739 ϐάλλει
535 689 600 758 τῇ
633 687 776 760 ψυχῇ
816 689 1048 743 ἄτακτον
1076 690 1305 761 κίνησιν·
1339 690 1621 759 μεγεθύνει
1653 689 1762 760 γὰρ
1789 690 1883 742 αὐ·-

319 775 420 844 τὴν
460 777 722 848 ἀπρεπῶς
755 780 895 832 κατὰ
933 779 1041 833 τῶν
1073 779 1320 850 ἀδελφῶν
1355 780 1693 850 ἐπαίρεσθαι.
1736 781 1881 851 Βαρὺ

316 868 409 920 καὶ
436 869 676 941 ὀλέθριον
700 871 856 925 τοῦτο
873 872 965 926 τοῦ
990 871 1183 944 ἐχθροῦ
1208 873 1269 926 τὸ
1288 873 1492 944 δηλητή
1503 890 1629 944 ριον.
1647 873 1879 935 Πολλοὺς

315 956 526 1027 ἀθρόως
567 962 624 1012 ὲν
663 961 835 1032 τούτῳ
890 964 1141 1027 σκοτίσας
1187 963 1502 1017 κατέϐαλεν.
1561 964 1881 1018 ’Υποϐάλλει

313 1048 422 1118 γάρ
450 1052 515 1119 τῇ
541 1049 685 1121 ψυχῇ
711 1051 916 1106 ἔννοιαν
950 1053 1100 1107 νόθον
1136 1055 1232 1109 κα)⁸
1257 1053 1647 1127 θανατηφόρον.
1683 1057 1880 1109 Κατει-

313 1136 543 1208 ληφέναι
590 1141 697 1212 γὰρ
741 1144 902 1198 αὐτὸν
931 1144 1189 1214 φαντάζει
1228 1144 1295 1199 τὰ
1327 1146 1477 1216 παρά
1516 1148 1627 1209 τοῖς
1669 1146 1880 1210 πολλοῖς

310 1229 669 1301 ἀγνοούμενα,
685 1233 777 1286 καὶ
801 1236 882 1287 ὅτι
898 1234 954 1288 ὲν
970 1235 1246 1306 νηστείαις
1271 1235 1616 1307 ὑπερϐάλλει·
1642 1237 1735 1289 καὶ⁸
1750 1236 1882 1307 πλῆ-

311 1320 403 1383 θος
443 1322 593 1393 αὐτῷ
632 1324 1131 1396 ἀνδραγαθημάτων
1172 1327 1517 1400 προστίθησι·
1562 1328 1779 1382 πάντων
1819 1329 1876 1382 δὲ

311 1408 388 1467 ὧν
408 1415 652 1488 ἥμαρτεν
675 1420 754 1482 είς
773 1418 942 1492 λήθην
967 1420 1125 1474 αὑτὸν
1149 1421 1326 1493 φέρει,
1357 1423 1496 1493 πρὸς
1525 1422 1584 1475 τὸ
1611 1422 1749 1477 κατὰ
1770 1422 1879 1475 τῶν

313 1507 582 1560 συνόντων
605 1509 943 1582 ἐπαίρεσθαι.
984 1511 1342 1566 ’Υποκλέπτει
1363 1513 1470 1585 γάρ
1502 1513 1667 1568 αὐτοῦ
1696 1516 1760 1569 ὲκ
1782 1515 1876 1570 τοῦ

306 1598 398 1651 νοῦ
431 1598 501 1653 τά
536 1601 992 1675 πλημμελήματα·
1037 1606 1098 1658 ού
1148 1607 1280 1678 πρὸς
1318 1607 1583 1676 ὠφέλειαν
1613 1608 1670 1663 δὲ
1706 1609 1870 1663 αὑτοῦ

305 1689 464 1744 τοῦτο
489 1696 652 1758 ποιεῖ,
683 1694 818 1749 ἀλλὰ
846 1696 982 1767 πρὸς
1011 1697 1072 1751 τὸ
1097 1697 1172 1770 μὴ
1197 1698 1488 1771 δυνηθῆναι
1515 1701 1675 1755 αὐτὸν
1702 1704 1872 1755 εἰπεῖν

304 1782 403 1854 τὴν
428 1786 679 1858 ἰατρικὴν
698 1788 911 1858 ἐκείνην
941 1789 1143 1861 φωνὴν,
1166 1790 1246 1856 τὸ,
1275 1791 1377 1845 Σοὶ
1390 1792 1556 1860 μόνῳ
1583 1792 1869 1862 ἥμαρτον,

305 1874 568 1941 ἐλέησόν
609 1894 706 1946 με.
760 1877 896 1932 Οὔτε
944 1880 1050 1951 μὴν
1104 1882 1440 1951 συγχωρήσει
1487 1882 1634 1951 αὐτῷ
1674 1882 1872 1953 λέγειν’

318 1966 867 2041 Ἐξομολογήσομαί
891 1986 1012 2040 σοι,
1042 1973 1237 2042 Κύριε,
1265 1975 1334 2028 ἐν
1360 1974 1472 2044 ὅλῃ
1497 1975 1711 2043 καρδίᾳ
1730 1994 1872 2046 μου.

317 2060 457 2113 Ἀλλ’
486 2061 674 2134 ὥσπερ
712 2064 871 2128 αὐτὸς
909 2064 1054 2118 κατὰ
1091 2064 1327 2119 διάνοιαν
1368 2061 1487 2119 εἷπε
1516 2067 1595 2120 τό·
1639 2067 1875 2133 Ἀναϐή-

305 2167 507 2223 caput,
550 2155 651 2208 καί
689 2155 945 2225 θήσομαι
987 2155 1094 2210 τὸν
1137 2158 1352 2226 θρόνον
1389 2172 1533 2228 μου“
1565 2160 1737 2225 οὕτως
1780 2164 1873 2215 καὶ

304 2245 494 2299 τοῦτον
522 2247 784 2314 φαντάζει
816 2250 895 2312 είς
937 2249 1109 2321 ἀρχάς
1151 2267 1211 2304 τε
1250 2252 1347 2304 καὶ
1376 2253 1869 2325 πρωτοκαθεδρίας,

303 2337 385 2390 ἔτι
412 2336 868 2404 δὲ’διδασκαλίας,
917 2343 1011 2395 καὶ
1064 2342 1304 2412 ἰαμάτων
1352 2342 1609 2407 ἐκδόσεις.
1670 2344 1737 2398 Ἡ
1778 2341 1873 2398 οὖν

296 2428 473 2494 οὕτως
520 2431 852 2506 ἀπατωμένη
900 2433 1044 2506 ψυχὴ
1081 2434 1359 2507 φθείρεται
1397 2436 1492 2489 καὶ
1539 2435 1865 2502 ἀπόλλυται,

299 2522 534 2593 δυσιάτῳ
561 2523 707 2578 ἕλκει
737 2525 1026 2598 πληγεῖσα.

370 2614 460 2669 50.
502 2614 567 2667 Ti
597 2613 689 2670 οὗν
713 2616 794 2669 δεῖ
811 2621 1002 2681 ποιεῖν,
1028 2617 1135 2671 τῶν
1162 2618 1414 2672 τοιούτων
1443 2618 1716 2691 λογισμῶν
1737 2639 1870 2693 παρ-

297 2703 499 2770 όντωνς
551 2705 935 2770 Ἀδιαλείπτως
958 2707 1191 2778 μελετᾷν
1211 2708 1272 2760 τὸ
1310 2706 1451 2761 θεῖον
1471 2710 1649 2762 ἐκεῖνο
1667 2710 1865 2778 λόγιον,

296 2795 437 2865 ὅπερ
465 2795 493 2846 ὁ
517 2795 782 2866 μακάριος
814 2796 977 2848 Δαϐὶδ
1006 2796 1153 2862 ἐϐόα,
1182 2797 1354 2868 λέγων
1380 2798 1464 2850 τόο
1494 2799 1633 2868 Ἐγὼ
1670 2798 1738 2853 δέ
1755 2803 1869 2862 eiut

299 2884 570 2952 σκώληξ,
599 2887 696 2940 καὶ
728 2889 838 2941 οὐκ
868 2885 1194 2955 ἄνθρωπος.
1236 2889 1346 2943 Καὶ
1382 2891 1440 2942 ὲν
1476 2889 1650 2962 ἑτέρῳ
1683 2892 1864 2963 φησίν·

308 2977 449 3047 Ἐγὼ
471 2976 539 3032 δέ
560 2981 676 3048 ειμι
702 2978 777 3049 γῆ
802 2980 899 3034 καί
921 2980 1169 3047 σποδός.
1205 2983 1324 3035 Ἔτι
1348 2999 1411 3051 γε
1441 2983 1546 3054 μὴν
1576 2984 1749 3037 καὶτὸ
1773 2983 1865 3038 τοῦ

303 3069 527 3123 Ἡσαΐου
544 3071 785 3124 ἀκουέτω
801 3073 953 3144 ῥῆμα
971 3071 1032 3125 τὸ
1046 3073 1221 3141 λέγον,
1235 3073 1310 3137 ὡς
1324 3072 1498 3128 Πᾶσα
1510 3073 1862 3144 δικαιοσύνη
1891 3107 1936 3169 C

290 3162 889 3231 ἀνθρώπουώςρἁος
904 3165 1381 3234 ἀποκαθημένης.
1405 3167 1581 3219 Καὶεὶ
1607 3168 1704 3238 μὲν
1733 3168 1862 3221 ἀνα-

291 3253 543 3326 χωρούσῃ
555 3254 676 3308 καθ’
692 3254 888 3326 ἑαυτὴν
909 3255 959 3308 oi
972 3254 1221 3326 λογισμοὶ
1238 3249 1385 3309 οὗτοι
1402 3257 1856 3329 παρεισέλθωσιν,

290 3345 349 3397 ὲν
369 3343 618 3415 κοινοϐίῳ
644 3344 990 3416 είσερχέσθω⁸
1009 3346 1398 3415 ἀναγκαζέσθω
1423 3347 1480 3400 δὲ
1499 3348 1591 3401 καὶ¹
1607 3348 1858 3421 δεύτερον

289 3435 491 3490 ἐσθίειν
521 3437 619 3507 τῆς
653 3437 881 3508 ἡμέρας,
921 3438 975 3491 εί
1014 3453 1079 3506 γε
1118 3437 1184 3490 δι’
1231 3437 1533 3511 ὑπερϐολὴν
1570 3440 1857 3510 ἀσκήσεως

288 3528 463 3599 τούτῳ
499 3529 642 3582 ἑάλω
685 3528 763 3599 τῷ
791 3527 973 3583 πάθειο
1019 3530 1111 3583 καὶ
1159 3529 1312 3602 παρὰ
1338 3530 1446 3584 τῶν
1477 3529 1777 3600 συνηλίκων
1799 3530 1856 3583 δὲ

286 3620 650 3691 ἐπιτιμάσθω,
695 3620 789 3673 καὶ
828 3619 1183 3685 όνειδιζέσθω,
1214 3621 1306 3675 καὶ
1337 3621 1678 3692 ὲπιτιμάσθω
1723 3638 1857 3691 σφο-

283 3712 447 3783 δρῶς,
473 3714 547 3776 ὡς
572 3712 734 3784 μηδὲν
758 3714 899 3784 μέγα
919 3712 1249 3787 πράττουσαο
1275 3715 1452 3767 πᾶσαν
1476 3714 1532 3767 δὲ
1553 3714 1854 3787 ὑπηρεσίαν

286 3805 565 3859 ποιείσθω.
587 3806 1050 3877 Προσαγέσθωσαν
1068 3805 1125 3859 δὲ
1143 3807 1237 3859 καὶ
1263 3804 1365 3875 βίοι
1390 3805 1559 3874 ἀγίων
1585 3804 1852 3876 ἐξοχώτα-

282 3915 365 3950 τοι
386 3898 464 3960 είς
484 3897 768 3969 ἐξήγησιν
790 3898 1169 3971 πειράσθωσαν
1194 3898 1251 3951 δὲ
1280 3899 1335 3951 αἱ
1364 3897 1713 3954 συνελθοῦσαι
1735 3903 1855 3954 ἐπι-

279 3988 476 4042 τείνειν
506 3989 711 4042 ἑαυτῶν
742 3991 869 4053 τοὺς
898 3988 1086 4052 πόνους
1113 3989 1248 4061 πρὸς
1278 3989 1508 4062 ἄσκησιν
1538 3990 1638 4054 τὰς
1668 3991 1851 4059 ὀλίγας

279 4081 517 4154 ἡμέρας,
561 4081 697 4153 πρὸς
737 4081 798 4135 τὸ
843 4081 1077 4152 ἐκείνην,
1128 4080 1467 4152 θεασαμένην
1514 4082 1576 4135 τὸ
1625 4081 1851 4153 μέγεθος

278 4173 389 4226 τῶν
410 4172 640 4244 ἀρετῶν,
673 4173 929 4228 ἐλάττονα
954 4174 1045 4227 καὶ
1072 4174 1268 4245 ἑαυτὴν
1291 4173 1558 4244 ἡγεῖσθαι.

353 4264 441 4318 5i.
474 4265 800 4336 Προηγεῖται
821 4265 877 4317 δὲ
905 4266 1004 4336 τῆς
1032 4265 1185 4318 νόσου
1218 4264 1420 4336 ταύτης
1444 4266 1631 4338 ἕτερον
1656 4264 1845 4328 κακὸν,

278 4360 312 4429 ἡ
331 4361 581 4429 παρακοὴ
599 4374 612 4387 ·
637 4356 758 4411 ὅθεν
788 4358 874 4412 διὰ
891 4357 985 4411 τοῦ
1017 4358 1257 4412 ἐναντίου
1271 4357 1371 4427 τῆς
1396 4358 1661 4428 ὑπακοῆς,
1687 4357 1846 4410 δυνα-

1986 508 2052 561 ad
2077 510 2360 578 angustias
2382 514 2623 585 undique
2648 517 2925 587 redactus,
2951 521 3317 580 inordinatum
3346 536 3553 585 motum

1985 598 2180 653 animm
2207 601 2450 671 subjicit.
2479 605 2739 678 inﬂatque
2762 609 2911 665 illam
2939 619 2998 665 ut
3027 612 3344 673 indecenter
3366 622 3550 675 adver-

1984 704 2079 743 sus
2110 705 2328 748 sorores
2375 695 2651 753 efferatur.
2702 700 2869 757 Atrox
2901 710 2955 758 et
2983 706 3271 763 exitiosum
3323 722 3408 767 est
3447 714 3550 769 hoc

1984 780 2284 838 adversarii
2317 788 2579 845 toxicum.
2611 790 2810 848 Multos
2837 795 3129 866 derepente
3153 802 3393 859 tenebris
3412 804 3550 860 ell'u~

1984 886 2077 927 sos
2129 873 2232 929 bac
2294 879 2506 935 ratione
2557 886 2875 952 prostravit.
2940 887 3332 960 Cogitationem
3398 897 3544 952 enim

1985 965 2224 1032 spuriam
2278 983 2344 1023 ac
2391 970 2645 1028 letbalem
2695 977 2891 1033 animae
2936 983 3199 1050 suggerit,
3253 992 3312 1038 ut
3356 1002 3549 1059 nempe

1983 1053 2084 1108 sibi
2109 1054 2353 1112 videatur
2372 1075 2435 1114 ea
2458 1066 2917 1135 comprehendere
2939 1086 3058 1140 qua:
3088 1074 3240 1129 multi
3273 1053 3548 1147 ignorant,

1984 1156 2147 1215 atque
2174 1149 2228 1201 in
2254 1148 2482 1220 jejuniis
2513 1160 2840 1217 antecellere
2878 1178 2892 1215 :
2927 1172 3074 1220 recte
3102 1162 3370 1223 factorum
3404 1175 3563 1229 mul-u

1981 1241 2267 1294 titudinem
2311 1244 2521 1312 objicit,
2554 1252 2794 1307 omnium
2829 1268 3177 1329 peccatorum
3208 1266 3545 1324 oblivionem

1981 1329 2211 1397 inducit,
2243 1340 2302 1387 ut
2328 1335 2597 1394 adversus
2638 1344 2821 1401 socios
2861 1349 3117 1408 efferatur
3157 1358 3359 1414 animo.
3402 1359 3545 1417 Sub-

1978 1421 2129 1476 ducit
2156 1440 2222 1481 ex
2248 1435 2431 1484 mente
2459 1431 2656 1488 delicta
2683 1453 2699 1490 :
2727 1438 2871 1507 quod
2892 1456 3002 1497 non
3024 1445 3091 1499 ad
3112 1447 3232 1517 ejus
3255 1452 3544 1517 utilitatem

1979 1523 2233 1585 prmstat;
2266 1520 2360 1575 sed
2392 1537 2459 1576 ne
2488 1524 2734 1594 proferre
2766 1533 2937 1600 possit
2977 1537 3354 1597 medicinalem
3396 1545 3541 1599 illam

1980 1621 2164 1661 vocem
2193 1626 2207 1663 :
2240 1609 2356 1664 Tibi
2385 1614 2487 1667 soli
2518 1619 2726 1684 peccavi
2756 1622 2795 1685 ¹,
2829 1622 3076 1679 miserere
3109 1629 3227 1693 mei,
3255 1628 3475 1688 Domine
3499 1637 3539 1691 ².

1981 1698 2088 1754 Sed
2112 1717 2211 1757 nec
2236 1703 2385 1760 sinet
2413 1723 2537 1762 eum
2563 1710 2745 1768 dicere
2785 1731 2799 1769 :
2824 1714 3125 1786 Can/itebor
3149 1721 3262 1785 tibi,
3298 1722 3540 1791 Domine,

1974 1793 2032 1846 in
2060 1802 2166 1849 toto
2199 1797 2353 1853 corde
2382 1817 2492 1855 meo
2513 1802 2552 1855 ³.
2581 1802 2778 1860 Verum
2805 1808 2948 1863 sicut
2971 1811 3060 1867 ille
3086 1824 3264 1873 mente
3285 1818 3536 1875 dixerat:

1975 1885 2292 1953 Ascendam,
2334 1902 2384 1946 ct
2416 1908 2610 1961 ponam
2654 1896 2901 1952 thronum
2952 1919 3124 1958 meum
3153 1906 3208 1973 ις
3264 1907 3340 1962 ita
3396 1910 3540 1967 hunc

1976 1993 2195 2049 quoque
2232 1997 2370 2037 vane
2411 1986 2653 2041 concitat
2692 1990 2762 2044 ad
2810 1991 3150 2063 principatus
3174 2037 3190 2060 ,
3228 2000 3297 2054 ad
3334 2003 3539 2071 primos

1974 2083 2292 2137 consessus,
2334 2071 2573 2143 itemque
2613 2076 2679 2131 ad
2728 2079 3063 2149 magisteria,
3112 2092 3167 2139 et
3207 2086 3276 2140 ad
3316 2091 3537 2146 morbos

1972 2161 2199 2216 curandi
2249 2162 2523 2219 virtutem.
2572 2165 2767 2224 Anima
2803 2171 2986 2242 itaque
3018 2174 3085 2229 ad
3136 2175 3283 2233 hunc
3315 2182 3536 2236 modum

1972 2252 2341 2310 circumventa
2377 2256 2432 2311 in
2468 2261 2765 2328 perniciem
2801 2272 2856 2319 et
2887 2265 3114 2322 exitium
3152 2270 3282 2335 ruit,
3312 2272 3401 2328 vix
3441 2290 3537 2331 sa»

1972 2343 2139 2399 nubili
2168 2361 2431 2418 percussa
2462 2350 2705 2409 vulnere.

2038 2606 2128 2661 50.
2162 2606 2303 2675 Quid
2336 2611 2504 2682 igitur
2536 2613 2868 2674 instantibus
2907 2619 3220 2691 bujusmodi
3251 2627 3533 2698 cogitatio-

1969 2699 2131 2755 nibus
2161 2703 2467 2772 agendum?
2497 2705 2868 2768 lndesinenter
2896 2714 3265 2771 meditandum
3286 2720 3532 2775 divinum

1968 2790 2102 2844 illud
2125 2795 2429 2861 oraculum,
2461 2800 2605 2867 quod
2632 2800 2826 2857 beatus
2859 2801 3026 2858 David
3053 2807 3159 2860 alta
3192 2825 3322 2864 voce
3353 2813 3533 2881 profe-

1969 2883 2123 2937 rebat
2155 2902 2168 2938 :
2202 2883 2312 2955 Ego
2342 2904 2459 2941 sum
2485 2892 2669 2945 vermis
2698 2901 2747 2946 et
2779 2909 2883 2946 non
2918 2894 3072 2949 homo
3105 2898 3148 2950 ³.
3185 2897 3251 2951 Ει
3278 2900 3386 2955 alio
3413 2902 3534 2957 loco

1967 2976 2164 3032 dicitur
2191 2994 2204 3030 :
2231 2977 2340 3049 Ego
2376 2992 2549 3035 autem
2573 2999 2690 3037 sum
2719 2993 2861 3041 terra
2887 2997 2937 3042 et
2960 2989 3093 3043 cinis
3125 2991 3166 3044 ‘.
3200 2989 3535 3064 Insuper-que

1968 3069 2183 3124 celebre
2211 3070 2346 3126 illud
2396 3072 2547 3130 Isaia:
2570 3075 2776 3133 dictum
2810 3096 2824 3134 :
2860 3078 3044 3135 Omnis
3059 3081 3275 3151 justitia
3302 3084 3529 3141 hominis

1965 3159 2101 3211 sicut
2146 3177 2361 3230 pannus
2422 3175 2757 3222 menstruam:
2784 3169 2828 3225 ⁷.
2885 3169 3041 3238 Quod
3074 3174 3117 3228 si
3172 3176 3529 3245 cogitationes

1962 3250 2274 3319 linjusmodi
2300 3256 2621 3313 adoriantur
2657 3274 2776 3315 eam
2805 3278 2926 3331 quae
2945 3266 3383 3321 anachoreticam
3407 3269 3530 3323 iniit

1963 3344 2149 3409 vitam,
2188 3346 2523 3417 ingrediatur
2559 3351 2650 3406 illa
2699 3352 2754 3407 in
2801 3356 3147 3424 coenobium,
3193 3368 3530 3431 cogaturque

1962 3435 2047 3490 bis
2081 3436 2137 3490 in
2164 3438 2254 3493 die
2281 3441 2587 3508 comedere,
2628 3445 2676 3500 si
2714 3446 2934 3516 quidem
2983 3447 3055 3502 ob
3094 3449 3317 3503 nimiam
3370 3464 3526 3506 asce-

1961 3527 2044 3579 sin
2076 3528 2191 3582 sive
2223 3528 2513 3598 jejunium,
2556 3533 2809 3590 inciderit
2846 3536 2900 3591 in
2943 3536 3255 3607 bujusmodi
3288 3541 3479 3596 vitium
3510 3562 3523 3597 :

1959 3626 2072 3672 tum
2105 3620 2172 3676 ab
2201 3623 2501 3692 aequalibus
2550 3626 2879 3697 increpetur,
2913 3644 2977 3685 ac
3013 3634 3367 3688 contumeliis.
3404 3634 3524 3688 alli-

1957 3711 2134 3766 ciatur
2165 3752 2181 3777 ,
2213 3728 2278 3769 ac
2304 3715 2351 3769 si
2380 3729 2572 3784 parum
2598 3719 2671 3773 sit
2695 3720 2838 3787 quod
2873 3721 2964 3775 illa
2996 3722 3168 3793 egerit
3202 3741 3215 3778 :
3244 3725 3523 3795 quodlibet

1957 3804 2119 3859 obeat
2156 3805 2540 3874 ministerium,
2575 3809 2874 3867 oﬂ‘erantur
2905 3813 3008 3884 ipsi
3043 3815 3165 3870 vita:
3202 3826 3519 3875 sanctorum

1956 3896 2157 3964 pietate
2179 3899 2555 3955 eminentium.
2579 3902 2860 3958 Conentur
2886 3906 3102 3962 sodales
3130 3908 3251 3978 ejus
3280 3910 3519 3966 laborem

1954 3988 2258 4058 disciplinae
2306 4005 2418 4045 sum
2449 3992 2655 4062 aliquot
2691 3993 2883 4051 diebus
2914 4011 3147 4068 augere;
3194 4007 3254 4055 ut
3289 4016 3521 4057 cernens

1951 4080 2113 4150 627
2138 4080 2400 4135 virtutum
2443 4086 2833 4153 praestantiam,
2877 4104 2937 4144 se
2966 4090 3246 4146 minimam
3277 4095 3521 4149 omnium

1950 4172 2240 4226 existimet.

2021 4262 2110 4317 51.
2138 4261 2295 4319 Hunc
2324 4281 2490 4337 porro
2527 4270 2775 4326 morbum
2823 4273 3079 4342 praecedit
3121 4276 3269 4332 aliud
3299 4279 3514 4345 vitium,

1952 4356 2369 4428 inobsequentia
2406 4379 2421 4416 :
2464 4361 2561 4418 sed
2598 4379 2694 4436 per
2738 4367 3070 4421 contrariam
3107 4368 3515 4439 obsequentiam

274 4450 368 4505 τὸν
400 4450 497 4523 τὴν
529 4448 868 4522 σηπεδονώδη
903 4450 1072 4521 νομὴν
1112 4451 1212 4521 τῆς
1241 4450 1417 4521 ψυχῆς
1454 4450 1837 4521 περικαθάραιο

1965 4451 2225 4507 iutridum
2246 4454 2442 4511 anima:
2459 4456 2617 4513 ulcus
2649 4472 2847 4514 curare
2874 4460 3117 4517 valemus
3150 4480 3164 4515 :
3200 4460 3513 4517 Obedientia

285 4542 554 4609 ’Υπακοὴ
582 4541 714 4614 γάρ,
738 4542 922 4612 φησὶν,
951 4542 1103 4609 ὑπὲρ
1129 4542 1369 4597 θυσίαν.

347 4636 436 4691 52.
472 4638 565 4689 Δεῖ
593 4629 684 4689 οὖν
717 4635 998 4705 καθαιρεῖν
1032 4633 1193 4701 ὄγκον
1224 4632 1381 4703 δόξης
1415 4632 1474 4685 ὲν
1504 4631 1682 4702 καιρῷ
1703 4674 1718 4696 ,
1754 4633 1848 4684 καὶ

273 4730 515 4783 ἐπαινεῖν
561 4727 616 4780 δὲ
652 4726 813 4780 πάλιν
852 4726 947 4779 καὶ
996 4722 1295 4794 θαυμάζειν
1327 4726 1384 4776 ὲν
1416 4721 1613 4793 καιρῷ.
1645 4723 1708 4775 Ei
1737 4720 1847 4792 γὰρ

271 4821 480 4893 ἀμελὴς
524 4820 616 4874 καὶ
663 4817 847 4891 νωθρὰ
891 4817 1085 4888 εὑρεθῇ
1120 4818 1154 4887 ἡ
1198 4815 1367 4885 ψυχὴ,
1404 4814 1481 4867 ἔτι
1515 4830 1579 4883 γε
1615 4812 1719 4884 μὴν
1752 4815 1847 4867 καὶ

270 4909 656 4981 ὐποναρκοῦσα
687 4911 767 4972 είς
798 4908 897 4979 τὴν
928 4906 1022 4960 τοῦ
1056 4905 1220 4960 καλοῦ
1259 4904 1572 4976 προκοπὴν,
1602 4906 1844 4957 ἐπαινεῖν

268 5003 474 5074 ταύτην
508 5002 804 5073 προσήκει·
833 5000 927 5054 καὶ
953 5001 1001 5052 εί
1030 4998 1223 5071 μικρὸν
1256 4998 1468 5065 ποιήσει
1500 5013 1552 5051 τι
1584 4996 1838 5067 χρηστὸν,

270 5095 569 5168 θαυμάζειν
622 5094 716 5148 καί
763 5092 1131 5163 μεγεθοποιεῖν
1188 5090 1308 5143 δέον
1362 5089 1553 5158 αὐτήν.
1602 5089 1714 5142 Καὶ
1772 5087 1843 5141 τά

270 5184 476 5261 σφοδρά
503 5188 598 5241 καὶ
621 5185 962 5258 ἀπάνθρωπα
995 5182 1443 5256 πλημμελήματα
1474 5179 1550 5244 ὡς
1584 5179 1840 5250 ἐλάχιστα

268 5281 363 5335 καὶ
407 5277 671 5351 οὐδαμινά
712 5276 957 5331 λεκτέον·
1005 5277 1033 5328 δ
1073 5275 1182 5346 γὰρ
1217 5271 1479 5336 διάϐολος,
1519 5270 1836 5341 βουλόμενος

265 5375 441 5429 πάντα
495 5370 859 5443 διαστρέφειν,
915 5368 1007 5422 ἐπὶ
1065 5366 1163 5439 μὲν
1222 5364 1333 5418 τῶν
1388 5361 1688 5418 σπουδαίων
1741 5362 1836 5416 καί

262 5464 577 5540 ἁσκητικῶν
612 5461 873 5535 κρύπτειν
896 5460 1148 5531 πειρᾶται
1166 5457 1236 5511 τὰ
1260 5455 1627 5529 προγεγονότα
1657 5455 1836 5526 ἀμαρ-

1948 4542 2115 4609 enim,
2149 4544 2349 4616 inquit,
2382 4548 2874 4618 superaueriﬁcium
2889 4550 2931 4605 ⁸.

2013 4635 2104 4690 59.
2153 4636 2496 4708 Quapropter
2540 4640 2796 4695 convenit
2844 4640 3072 4711 gloriam
3120 4657 3220 4698 suo
3266 4651 3513 4716 tempore

1943 4727 2204 4793 adimere,
2273 4729 2581 4799 iterumque
2638 4746 2739 4786 suo
2784 4741 3027 4801 tempore
3072 4733 3294 4790 laudare
3348 4744 3513 4805 atque

1944 4815 2225 4872 admirari.
2260 4817 2316 4872 Si
2361 4820 2507 4874 enim
2539 4821 2721 4875 anima
2780 4822 3059 4893 negligens
3105 4827 3395 4896 segnisque
3428 4829 3512 4885 in-

1944 4910 2213 4971 veniatur,
2240 4908 2380 4963 etad
2421 4909 2724 4978 profectum
2763 4911 2969 4967 desidia
2992 4923 3219 4984 torpeat,
3258 4921 3512 4975 convenit

1940 5014 2060 5053 eam
2091 4999 2315 5054 laudare
2346 5007 2442 5056 :et
2458 5001 2739 5071 sipaulum
2769 5003 2899 5073 quid
2915 5002 3042 5060 boni
3076 5006 3381 5076 admiserit,
3399 5011 3510 5064 mi.

1940 5091 2048 5144 rari
2086 5090 2230 5144 illam
2255 5097 2308 5145 et
2338 5092 2518 5164 magni
2547 5091 2727 5149 facere
2756 5100 2989 5164 oportet.
3022 5093 3219 5151 Gravia
3241 5106 3422 5154 autem
3455 5109 3510 5155 et

1941 5180 2199 5234 immania
2232 5181 2454 5247 delicta,
2498 5181 2721 5238 minima
2765 5184 3080 5255 nulliusque
3128 5189 3391 5244 momenti
3428 5190 3510 5245 di-

1941 5271 2134 5328 cenda.
2169 5271 2429 5329 Diabolus
2467 5274 2670 5346 quippe
2709 5276 2804 5346 qui
2839 5277 3023 5333 omnia
3058 5286 3304 5336 evertere
3338 5295 3507 5335 cona-

1943 5366 2052 5421 tur,
2101 5356 2306 5412 sedulis
2347 5367 2402 5413 ct
2449 5360 2765 5416 exercitatis
2821 5360 3061 5419 admissa
3109 5375 3330 5433 peccata
3393 5370 3510 5422 vult

1942 5451 2238 5513 occultare,
2270 5465 2380 5521 quo
2408 5450 2463 5505 in
2495 5451 2576 5506 eis
2607 5452 2917 5524 superbiam
2954 5454 3239 5528 adaugeat.
3276 5455 3510 5518 Novitiis

334 5624 350 5656 ⁸
392 5622 539 5677 Psal.
572 5636 633 5675 I..
669 5619 724 5674 5.
796 5620 817 5650 ¹
859 5616 1001 5675 Psal.
1037 5632 1129 5678 vr,
1163 5614 1232 5678 ὃς
1269 5627 1357 5670 ix.
1401 5611 1481 5663 li.
1562 5611 1580 5641 ³
1623 5609 1763 5667 Psnl.
1808 5624 1905 5675 cx,
1944 5608 1993 5664 l.
2071 5609 2091 5641 ι
2131 5606 2234 5662 lsa.
2270 5624 2381 5673 xiv,
2422 5608 2508 5667 14.
2586 5607 2607 5640 ⁸
2646 5606 2774 5664 Psal
2829 5625 2946 5675 xxi,
2981 5609 3034 5665 7.
3112 5610 3132 5641 ⁸
3174 5610 3309 5667 Gen.
3348 5628 3505 5681 xvin,

254 5698 345 5749 Ξῖ.
422 5696 442 5726 '
487 5697 571 5748 lsa
631 5706 778 5754 mm,
815 5687 845 5739 6
944 5693 965 5716 ‘
1006 5685 1026 5739 ι
1063 5686 1190 5754 Iteg.
1228 5699 1316 5745 xv,
1350 5684 1439 5735 :22.

2933 5695 2939 5703 ι
