3980 6524
503 365 639 423 ,519

1626 367 1681 419 S.
1726 359 2182 416 ATil.\N.\SlUS.
2223 387 2291 400 -ι-
2332 361 2597 418 SPURlA.

3601 361 3626 415 1
3637 359 3735 414 329

501 491 678 536 autem
744 479 1028 535 animabus
1085 494 1205 549 qua:
1263 493 1433 549 nuper
1476 478 1732 533 virtutem
1787 477 2036 530 adierunt

2164 479 2377 548 τήματα
2397 494 2410 506 ·
2469 476 2566 546 τὴν
2628 475 2732 546 γὰρ
2783 475 3156 544 ὑπερηφανίαν
3186 475 3420 544 αὐξῆσαι
3451 473 3697 545 βούλεται
3719 494 3730 504 ·

502 572 754 627 universa
791 581 1014 642 peccata
1052 572 1123 626 ob
1157 572 1350 625 oculos
1401 570 1606 630 statuit,
1652 584 1760 638 quo
1805 569 2064 636 despera-

503 662 704 716 tionem
732 662 1029 732 ingenerat.
1067 660 1202 714 Huic
1247 661 1488 730 suggerit
1527 677 1538 713 :
1571 657 1692 712 Tibi
1729 673 1849 727 quae
1887 657 2060 710 forni-

501 764 619 810 cata
647 772 727 818 es,
759 771 878 826 quae
908 754 1064 810 venia
1101 754 1503 824 exspectanda?
1528 753 1698 808 Alteri
1729 753 1861 807 dicit
1887 773 1898 806 :
1927 753 2060 806 Cum

501 855 648 902 tanta
685 846 912 900 avaritia
950 846 1210 905 tenearis.
1241 845 1355 898 lieri
1388 845 1577 914 nequit
1595 852 1652 898 ut
1677 845 1904 898 salutem
1932 859 2064 898 con-

501 951 752 1009 sequare.
788 934 1056 990 Czcterum
1091 935 1302 988 animas
1345 934 1491 988 hunc
1525 935 1577 988 in
1623 935 1839 988 modum
1886 933 2063 1002 agita-

498 1039 604 1094 tas,
653 1028 753 1082 bac
800 1027 1010 1080 ratione
1057 1025 1252 1094 hisque
1292 1025 1478 1079 verbis
1516 1034 1726 1094 oportet
1766 1022 2057 1078 consolari.

499 1119 647 1174 Raab
671 1123 920 1175 meretrix
948 1117 1069 1182 fuit,
1092 1117 1184 1172 scd
1207 1131 1306 1187 per
1331 1115 1486 1171 ﬂdem
1513 1125 1669 1170 nacta
1693 1125 1775 1170 est
1795 1117 2056 1170 salutem:

497 1211 698 1266 Paulus
735 1217 1048 1281 persecutor
1074 1216 1215 1271 erat,
1247 1215 1301 1262 et
1323 1215 1504 1264 tamen
1545 1223 1641 1265 vas
1673 1207 1955 1262 electionis
1981 1205 2061 1260 ef-

498 1306 672 1359 fectus
687 1312 769 1359 est
791 1324 803 1358 :
825 1303 1437 1374 Mattlimuspublicanus
1456 1309 1596 1364 erat,
1616 1308 1668 1353 at
1688 1315 1844 1354 nemo
1858 1305 2059 1369 quanta

495 1398 666 1464 gratia
699 1396 932 1449 donatus
961 1395 1032 1450 sit
1052 1395 1296 1465 ignorat:
1337 1394 1478 1446 latro
1521 1390 1682 1444 furtis
1719 1399 1771 1443 et
1813 1389 2058 1443 caedibus

494 1484 707 1539 deditus
740 1491 877 1548 erat,
909 1483 1004 1539 sed
1036 1492 1214 1537 tamen
1245 1483 1455 1552 primus
1484 1479 1923 1550 aperuitportam
1957 1492 2056 1546 pa-

494 1574 683 1629 radisi.
733 1573 830 1628 llis
880 1572 1046 1642 igitur
1101 1569 1518 1634 animadversis,
1560 1585 1630 1624 ne
1678 1569 1918 1621 animum
1962 1567 2058 1622 de-

495 1665 786 1735 spondeas.

563 1757 647 1811 53.
683 1754 786 1809 Ubi
841 1763 1022 1810 autem
1056 1763 1181 1823 apta
1230 1749 1623 1820 commodaque
1666 1750 1772 1803 illis
1814 1748 2052 1803 remedia

2165 570 2254 621 ἐπὶ
2282 569 2338 621 δὲ
2370 568 2476 621 τῶν
2518 567 2786 638 νεηλύδων
2817 567 2911 620 καὶ
2944 567 3274 639 άκροπαγῶν
3316 566 3529 636 ψυχῶν,
3563 567 3734 618 πάντα

2163 660 2230 712 τὰ
2260 661 2627 732 ἁμαρτήματα
2662 659 2839 713 αὐτῶν
2873 660 2978 729 πρὸ
3015 657 3306 728 ὀφθαλμῶν
3339 657 3576 726 τίθησιν.
3611 659 3734 727 Ἐμ-

2163 751 2344 804 6άλλει
2395 751 2502 822 γὰρ
2549 751 2683 821 αὐτῇ
2733 751 2837 816 ὅτι,
2888 751 2980 803 Σοὶ
3025 749 3364 820 πορνευσάσῃ
3416 749 3549 800 ποία
3587 749 3734 802 ἔσται

2164 842 2458 914 συγγνώμη
2480 860 2494 907 ;
2523 844 2628 896 Καὶ
2654 846 2720 914 τῇ
2741 844 2873 915 άλλη
2901 842 3063 914 φησίν
3079 858 3092 871 ·
3118 841 3273 894 Οῦτω
3295 859 3387 893 σου
3413 841 3734 907 πλεονεκτη-

2164 938 2352 1006 σάσης,
2393 936 2649 990 ἀδύνατόν
2689 953 2744 989 σε
2780 936 3049 1006 σωτηρίας
3077 937 3279 1004 τυχεῖν.
3325 933 3440 994 Τάς
3473 929 3569 984 οὖν
3600 931 3736 984 οὕτω

2165 1025 2522 1096 σαλευομένας
2573 1025 2748 1095 ψυχὰς
2799 1024 3216 1096 παραμυθητέον
3258 1022 3458 1084 οὕτως*
3490 1022 3574 1074 δεῖ
3632 1024 3731 1090 γὰρ

2164 1117 2295 1188 πρὸς
2321 1117 2487 1181 αὐτὰς
2515 1115 2655 1170 οὕτω
2681 1117 2876 1185 λέγειν·
2895 1116 3061 1169 Ῥαὰϐ
3097 1115 3267 1185 πόρνη
3296 1109 3384 1183 ἦν,
3412 1114 3529 1166 ἀλλ’
3562 1113 3732 1182 ἐσώθη

2161 1210 2246 1263 διὰ
2273 1209 2532 1272 πίστεως·
2565 1209 2773 1272 Παῦλος
2798 1208 3029 1280 διώκτης
3054 1205 3142 1279 ἦν,
3178 1206 3313 1259 ἀλλὰ
3338 1206 3536 1269 σκεῦος
3587 1207 3734 1258 ἐκλο-

2162 1301 2263 1371 γῆς
2307 1300 2527 1370 γέγονε·
2577 1301 2848 1365 Ματθαῖος
2887 1301 3126 1372 τελώνης
3151 1297 3239 1370 ἦν,
3275 1300 3392 1352 ἀλλ’
3421 1299 3606 1360 οὐδεὶς
3643 1301 3734 1368 τὴν

2160 1391 2316 1461 χάριν
2351 1391 2534 1444 τούτου
2570 1394 2780 1460 ἀγνοεῖ·
2818 1393 2909 1445 καὶ
2940 1394 2969 1444 ὁ
3003 1392 3205 1463 λῃστὴς
3254 1391 3425 1444 ἐσύλα
3476 1394 3576 1443 καὶ
3613 1392 3734 1457 ἐφό-

2159 1499 2332 1542 νευεν,
2362 1482 2496 1534 ἀλλὰ
2542 1483 2754 1553 πρῶτος
2793 1486 2888 1556 τὴν
2919 1484 3087 1556 θύραν
3114 1483 3312 1554 ἀνέῳξε
3341 1483 3440 1536 τοῦ
3473 1483 3730 1554 παραδεί-

2160 1591 2273 1626 σου.
2301 1574 2518 1637 Τούτοις
2545 1572 2636 1628 οὖν
2661 1576 3056 1641 ὲνατενίζουσα,
3079 1575 3152 1647 μὴ
3178 1575 3433 1645 ἀπογνῷς
3452 1576 3554 1645 τῆς
3579 1592 3732 1627 σεαυ-

2155 1667 2254 1736 τῆς
2283 1665 2482 1735 ψυχῆς·

2223 1756 2310 1809 55.
2351 1757 2500 1808 Ἐπεὶ
2525 1757 2581 1810 δὲ
2605 1757 2778 1810 ταῦτα
2805 1758 3027 1822 ταύταις
3055 1762 3306 1833 εὑρήσεις
3352 1758 3618 1830 ἁρμόδια,
3652 1757 3728 1808 δεῖ

493 1848 787 1909 inveneris,
823 1861 919 1916 par
951 1845 1022 1900 iis
1071 1858 1192 1914 qua:
1233 1843 1488 1912 superbia
1523 1849 1693 1909 capta:
1732 1847 1858 1892 sunt
1895 1839 2043 1892 adhi-

2153 1850 2243 1902 καὶ
2283 1848 2392 1902 τῶν
2425 1853 2489 1920 τῇ
2523 1850 2872 1922 ὑπερηφανίᾳ
2900 1851 3266 1924 ἁλισκομένων
3311 1850 3595 1904 ποιεῖσθαι
3635 1850 3724 1900 αὖ-

494 1939 665 1994 benda
695 1938 904 1992 curatio
933 1945 1033 1992 est.
1069 1935 1146 1990 lta
1170 1949 1401 2006 namque
1420 1947 1538 1988 eam
1563 1931 1766 2000 alloqui
1789 1937 2002 1999 oportet
2028 1948 2041 1983 τ

491 2032 761 2098 Quorsum
809 2029 1057 2084 inﬂaris?
1081 2029 1162 2082 An
1201 2027 1330 2098 quia
1377 2040 1568 2081 carnes
1616 2037 1727 2079 non
1771 2022 2051 2078 comedis?

483 2123 581 2176 alii
616 2138 682 2177 ne
715 2122 917 2191 piscem
949 2120 1169 2191 quidem
1200 2119 1399 2174 vident.
1431 2117 1585 2183 Quod
1625 2117 1670 2172 si
1715 2119 1841 2170 vino
1876 2114 2047 2168 absti-

486 2227 608 2277 nes,
639 2213 849 2282 respice
875 2212 1012 2266 alios
1044 2210 1136 2280 qui
1166 2225 1234 2264 ne
1266 2210 1386 2263 oleo
1413 2209 1634 2278 quidem
1676 2216 1924 2262 utuntur.
1955 2205 2046 2260 Je-

485 2307 646 2374 juuas
680 2319 853 2375 usque
884 2305 950 2358 ad
993 2303 1314 2372 vesperam?
1347 2301 1626 2354 nonnulla:
1677 2301 1816 2354 duos
1864 2308 2045 2354 tresve

487 2397 604 2452 dies
633 2398 688 2451 in
716 2396 820 2451 cibi
863 2393 1193 2450 abstinentia
1243 2391 1570 2462 transigunt.
1623 2389 1873 2445 Forsitan
1917 2391 2044 2460 quia

488 2486 684 2541 balneo
714 2500 823 2540 non
870 2485 1040 2540 uteris
1092 2486 1256 2539 altius
1295 2482 1480 2552 sapis?
1525 2482 1681 2535 multi
1717 2496 1840 2534 cum
1881 2482 2043 2534 etiam

484 2585 808 2648 aegrotarent
835 2576 1144 2630 nullatenus
1173 2591 1237 2630 eo
1271 2583 1401 2630 sunt
1431 2573 1538 2629 usi.
1565 2572 1640 2628 Te
1670 2572 1901 2627 fortasse
1923 2573 2046 2627 ideo

487 2668 794 2732 admiraris,
845 2669 972 2739 quia
1020 2668 1075 2722 in
1131 2675 1300 2722 matta
1350 2667 1560 2720 dormis
1609 2672 1664 2720 et
1710 2667 1775 2720 in-
1824 2665 2046 2719 cilicino

486 2760 947 2815 stramento?Alii
984 2768 1162 2815 autem
1197 2759 1418 2815 assidue
1449 2757 1597 2812 bumi
1633 2758 1855 2821 cubant,
1901 2756 2045 2826 quod

483 2852 698 2906 etiamsi
746 2859 805 2906 tu
852 2850 1080 2914 faceres,
1128 2867 1237 2904 non
1272 2851 1453 2920 magni
1501 2850 1632 2920 quid
1694 2857 1883 2904 esset:
1917 2855 2048 2902 sunt

481 2943 625 2998 enim
659 2941 938 3012 quietiam
973 2941 1076 2998 sibi
1106 2941 1314 3011 lapides
1342 2941 1714 3010 subiecerunt,
1764 2955 1834 2994 ne
1880 2940 2045 2993 rebus

483 3033 822 3093 naturalibus
853 3048 976 3087 cum
1024 3033 1300 3102 voluptate
1349 3030 1681 3086 fruerentur.
1732 3029 1838 3083 Alii
1875 3037 2041 3083 totam

481 3131 697 3178 noctem
743 3124 994 3193 suspensi
1043 3131 1448 3193 transegerunt.
1503 3120 1609 3176 Sed
1671 3121 1886 3176 etiamsi
1929 3121 2044 3174 hazc

481 3215 664 3268 omnia
688 3213 1024 3285 designares,
1061 3230 1124 3269 ac
1162 3229 1474 3284 supremam
1509 3211 1752 3267 omnium
1787 3213 2043 3267 exercita-

483 3306 683 3360 tionem
716 3306 1030 3375 attiugeres,
1062 3321 1130 3360 ne
1158 3321 1410 3375 magmun
1443 3304 1645 3374 sapias.
1682 3303 1893 3358 Etenim
1919 3303 2034 3359 da:-

482 3409 671 3450 mones
703 3395 855 3465 plura
885 3410 1049 3465 quam
1087 3404 1145 3449 tu
1179 3397 1548 3466 praestiterunt
1577 3402 1630 3450 et
1663 3405 1920 3465 praestant
1945 3397 2045 3450 ho-

482 3487 697 3558 dieque.
753 3486 888 3542 Nan:
940 3504 1117 3558 neque
1159 3489 1470 3549 comedunt,
1497 3504 1669 3558 neque
1714 3489 2046 3560 bibunt,ﬁne-

481 3594 587 3650 que
642 3581 909 3634 connubia
960 3580 1167 3647 ineunt,
1224 3597 1325 3635 nec
1367 3581 1644 3634 dormiunt
1679 3600 1692 3636 :
1727 3581 1836 3636 imo
1877 3582 2041 3636 etiam

483 3673 539 3727 in
563 3673 762 3728 eremis
790 3673 1031 3744 degunt,
1062 3674 1104 3727 si
1133 3673 1268 3728 forte
1302 3675 1430 3728 tuin
1467 3673 1729 3744 spelunca
1762 3675 2033 3738 habitans,

483 3763 662 3832 magni
688 3763 818 3832 quid
845 3773 1103 3834 praestare
1133 3765 1228 3819 tibi
1253 3765 1508 3820 videaris.

550 3855 635 3910 5-5.
671 3854 762 3910 Sic
785 3857 952 3926 igitur
984 3859 1363 3927 similibusque
1386 3861 1692 3915 rationibus
1718 3858 2040 3928 'poterimus

479 3949 783 4003 contrarios
807 3964 1000 4004 curare
1029 3949 1271 4014 morbos,
1305 3949 1740 4020 desperationem
1773 3959 1827 4005 et
1852 3964 2044 4018 super-

480 4039 643 4093 biam.
681 4040 833 4094 Sicut
864 4041 1007 4095 enim
1039 4041 1178 4112 ignis
1208 4042 1612 4097 vehementiore
1637 4041 1764 4095 ﬂatu
1806 4040 2042 4110 dissipa-

479 4139 566 4184 tus
594 4133 977 4201 exstinguitur,
1007 4149 1333 4203 rursumque
1362 4133 1490 4188 ﬂatu
1505 4134 1801 4189 destitutus
1840 4133 2043 4188 cruori-

478 4231 590 4286 tur.
622 4223 697 4276 ita
731 4231 783 4277 et
813 4224 984 4279 virtus
1016 4241 1110 4293 per
1145 4225 1454 4294 superbiam
1494 4227 1689 4288 evolat.
1727 4225 1850 4279 licet
1879 4238 2038 4279 exer-

476 4316 732 4369 citatione
748 4317 1050 4370 vehementi
1069 4319 1212 4371 culta
1241 4316 1438 4370 fuerit:
1468 4333 1797 4387 rursumque
1829 4317 2039 4371 incuria

476 4405 677 4461 bonum
731 4408 1117 4476 corrumpitur,
1149 4407 1370 4476 quando
1394 4408 1461 4460 ad
1514 4410 1747 4463 amatum
1802 4407 2040 4477 Spiritus

2151 1941 2249 2009 τὴν
2280 1940 2375 2011 τὴν
2405 1941 2717 2012 θεραπείαν.
2750 1942 2978 1995 Φάσκειν
3009 1943 3116 2016 γὰρ
3148 1942 3227 1995 δεῖ
3257 1941 3395 2012 πρὸς
3431 1942 3637 2009 αὐτήν·
3670 1939 3731 1990 Τί

2152 2031 2465 2100 (pectebant;
2505 2032 2590 2094 Ὠς
2637 2032 2772 2104 κρέα
2808 2032 2880 2103 μὴ
2924 2033 3210 2096 ὲσθίουσα;
3235 2032 3382 2085 ἄλλοι
3429 2030 3556 2083 οὐδὲ
3587 2029 3733 2098 ἰχθῦν

2149 2126 2335 2196 ὁρῶσι.
2367 2125 2475 2179 Καὶ
2525 2127 2572 2179 εί
2605 2122 2744 2179 οἶνον
2773 2127 2832 2178 ού
2889 2127 3082 2193 πίνεις,
3115 2127 3424 2195 σκόπεησον⁹
3462 2127 3538 2188 ὡς
3592 2123 3730 2177 ἄλλοι

2148 2215 2270 2269 οὔτε
2300 2217 2475 2270 ἔλαιον
2517 2215 2807 2270 ἐσθίουσιν.
2845 2218 2990 2281 Ἕως
3013 2219 3109 2288 ὀψὲ
3134 2218 3456 2288 νηστεύειςς
3495 2216 3652 2270 ἄλλαι
3680 2215 3734 2266 δὲ

2147 2304 2240 2356 δύο
2289 2306 2382 2357 καὶ
2420 2307 2567 2376 τρεῖς
2597 2305 2809 2376 ἡμέρας
2840 2307 3196 2360 συνάπτουσιν
3229 2307 3430 2360 ἄσιτοι.
3477 2304 3622 2356 Ἀλλ’
3654 2305 3732 2356 ὅτι

2147 2394 2207 2446 ού
2237 2395 2364 2465 λούῃ
2411 2395 2552 2465 μέγα
2588 2399 2834 2466 φρονεῐς;
2868 2395 3051 2449 πολλοὶ
3091 2399 3185 2449 καὶ
3227 2396 3313 2449 διὰ
3340 2395 3522 2458 πάθος
3550 2412 3734 2463 σωμα-

2146 2484 2294 2536 τικὸν
2332 2485 2437 2537 οὐδ’
2467 2485 2602 2548 ὅλως
2643 2485 2815 2556 τούτῳ
2865 2485 3178 2556 ἐχρήσαντο.
3217 2483 3377 2538 Ἀλλά
3430 2482 3734 2554 θαυμάζεις

2151 2575 2396 2643 σεαυτὴν,
2423 2575 2503 2628 ὅτι
2555 2576 2612 2627 ὲν
2665 2574 2941 2646 χαραδρίῳ
2968 2574 3265 2638 καθεύδεις,
3296 2574 3392 2627 καὶ
3429 2576 3492 2626 ὲν
3517 2573 3734 2645 τριχίνῃ

2151 2669 2444 2736 στρωμνῇ;
2476 2665 2631 2719 ἄλλαι
2658 2667 2714 2719 δὲ
2744 2666 3071 2736 χαμευνοῦσι
3097 2665 3534 2738 διηνεκῶς.Ἀλλ’
3567 2667 3616 2717 εί
3643 2665 3732 2717 καὶ

2146 2756 2302 2808 τοῦτο
2345 2759 2644 2826 ποιήσειας,
2673 2755 2824 2808 οὐδὲν
2861 2756 3030 2826 μέγαο
3068 2757 3210 2819 τινὲς
3249 2757 3357 2827 γὰρ
3402 2758 3506 2810 καὶ
3552 2757 3730 2820 λίθους

2150 2848 2368 2910 ἑαυταῖς
2406 2846 2693 2912 ὑπέϐαλον,
2725 2847 2860 2918 πρὸς
2881 2847 2941 2900 τὸ
2977 2847 3050 2918 μὴ
3076 2848 3199 2901 καθ’
3222 2847 3412 2918 ἡδονὴν
3445 2847 3560 2900 τῶν
3579 2865 3732 2915 cpias:-

2149 2939 2259 2992 κῶν
2287 2942 2466 3009 τυχεῖν
2484 2957 2498 2970 ο
2531 2939 2678 2992 ἄλλοι
2708 2940 2764 2993 δὲ
2791 2939 2885 2993 καὶ
2907 2939 3217 3010 ἐκρέμασαν
3249 2942 3484 3003 ἑαυτοὺς
3511 2941 3581 2994 δι’
3606 2940 3729 3010 ὅλης

2148 3031 2247 3101 τῆς
2273 3031 2483 3093 νυκτός.
2522 3031 2657 3084 Ἀλλ’
2683 3033 2731 3084 εἰ
2766 3033 2859 3085 καὶ
2889 3033 3060 3084 ταῦτα
3094 3033 3269 3086 πάντα
3301 3034 3617 3100 ποιήσειας,
3637 3033 3726 3085 καὶ

2150 3122 2246 3192 τὴν
2271 3122 2576 3193 ἀκροτάτην
2593 3123 2822 3194 ἄσκησιν
2847 3123 3232 3186 ὲπιτελέσειας,
3258 3123 3335 3193 μὴ
3360 3123 3507 3193 μέγα
3531 3126 3728 3194 φρονή-

2149 3230 2249 3283 σῃς
2267 3229 2278 3241 ·
2316 3216 2408 3268 καὶ
2436 3215 2542 3287 γὰρ
2569 3215 2638 3268 τὰ
2666 3215 2917 3286 δαιμόνια
2944 3216 3112 3269 πλείω
3133 3215 3240 3268 τῶν
3262 3215 3370 3267 σῶν
3389 3219 3726 3285 πεποιήκασι

2148 3306 2242 3357 καὶ
2271 3305 2529 3358 ποιοῦσιν·
2559 3305 2680 3359 οὔτε
2711 3308 2818 3378 γὰρ
2845 3307 3130 3366 ἐσθίουσιν,
3162 3305 3284 3359 οὔτε
3316 3295 3722 3371 πίνουσιν,οῦτε

2146 3396 2431 3467 γαμοῦσιν,
2489 3397 2608 3450 οὒτε
2649 3398 2936 3450 ὑπνοῦσιν·
2987 3396 3127 3451 ἀλλὰ
3158 3398 3251 3450 καὶ
3300 3399 3358 3449 ὲν
3407 3397 3606 3469 ἐρήμῳ
3647 3397 3723 3449 δι-

2147 3489 2388 3556 άγουσιν,
2415 3487 2546 3557 εἴγε
2568 3489 2662 3542 καὶ
2687 3492 2744 3543 ὲν
2773 3490 3018 3561 σπηλαίῳ
3046 3490 3264 3544 οἰκοῦσα
3292 3491 3475 3552 δοκεῖς
3503 3490 3646 3560 μέγα
3669 3506 3722 3542 τι

2147 3595 2339 3632 ποιειν.

2216 3861 2302 3914 54.
2328 3860 2484 3914 Οὕτω
2519 3861 2619 3930 μὲν
2639 3857 2754 3924 οὖν,
2784 3859 2878 3912 καὶ
2904 3859 2970 3912 ὲκ
2995 3859 3247 3912 τοιούτων
3282 3859 3581 3929 λογισμῶν,
3627 3859 3718 3912 δυο

2144 3952 2298 4007 νατὺν
2334 3951 2582 4006 ἰάσασθαι
2611 3951 2680 4004 τὰ
2708 3950 2924 4004 ἐναντία
2956 3950 3098 4021 πάθη
3117 3969 3130 3981 ·
3171 3952 3271 4021 τήν
3299 3967 3359 4002 τε
3401 3950 3719 4018 ἀπόγνωσιν

2143 4045 2284 4112 λέγω
2307 4045 2398 4098 καὶ
2414 4044 2510 4116 τὴν
2538 4043 2930 4115 ὑπερηφανίαν.
2963 4043 3169 4112 Ὠσπερ
3198 4041 3308 4112 γάρ
3344 4041 3590 4112 σφοδρῶς
3616 4045 3710 4095 Ex-

2145 4137 2460 4209 φυσώμενον
2519 4136 2649 4206 πῦρ,
2698 4133 3211 4204 διασκορπιζὸμενον
3270 4133 3583 4195 ἀπόλλυται,
3620 4135 3716 4186 καὶ

2148 4227 2223 4298 μὴ
2243 4226 2402 4296 τυχὸν
2430 4226 2486 4278 δὲ
2512 4225 2818 4294 πνεύματος
2845 4224 3005 4277 πάλιν
3033 4223 3340 4295 φθείρεται·
3376 4224 3519 4276 οὕτω
3548 4225 3644 4276 καὶ
3679 4227 3718 4294 η

2143 4317 2309 4388 ἁρετὴ
2338 4316 2636 4384 ἁφίπταται
2672 4314 2736 4366 δι’
2766 4313 3084 4385 ὑπεροψίαν,
3107 4314 3210 4366 κᾶν
3245 4313 3442 4384 πολλὴν
3483 4314 3714 4384 σφοδρό-

2140 4425 2278 4479 τητα
2309 4408 2590 4479 ἀσκήσεως
2623 4405 2780 4475 λάϐῃ·
2799 4406 2890 4458 καὶ
2911 4405 3188 4476 φθείρεται
3218 4403 3275 4456 δὲ
3305 4405 3466 4458 πάλιν
3488 4404 3548 4469 ἐξ
3574 4407 3716 4476 ἀμε-

477 4498 650 4553 ancti
678 4512 784 4552 non
819 4513 1093 4552 movemus
1144 4499 1534 4568 nosmetipsos.
1567 4499 1793 4554 Gladius
1841 4507 2034 4553 acutus

2150 4501 2288 4565 λείας
2335 4501 2394 4554 τὸ
2441 4498 2622 4563 καλὸν,
2653 4499 2777 4550 ὅταν
2813 4496 2931 4566 μηδ’
2961 4496 3096 4558 ὅλως
3124 4497 3428 4566 κινήσωμεν
3484 4497 3716 4558 taurea;

473 4588 632 4646 facile
667 4605 696 4643 a
719 4590 894 4659 lapide
916 4589 1298 4660 conlringitur,
1322 4591 1725 4659 vehemensque
1743 4590 2032 4659 disciplina

471 4691 525 4736 et
553 4683 890 4744 exercitatio,
917 4683 1062 4737 brevi
1092 4699 1185 4752 per
1219 4683 1528 4752 superbiam
1559 4683 1612 4736 in
1646 4683 1872 4737 exitium
1899 4683 2030 4737 ruit.

471 4774 811 4846 Quapropter
863 4775 1076 4844 expedit
1111 4777 1345 4828 animam
1392 4775 1631 4845 undique
1669 4775 1916 4838 munire,
1970 4789 2034 4828 ac

471 4883 776 4936 supremam
821 4867 1033 4921 ascesin
1068 4883 1096 4918 a
1131 4867 1398 4936 superbia:
1429 4875 1564 4921 aestu
1614 4875 1890 4936 perustam
1939 4866 2035 4920 de-

471 4960 683 5011 mittere
732 4959 786 5010 in
823 4958 1077 5012 umbrosa
1121 4958 1236 5010 loca
1273 4975 1287 5010 :
1321 4957 1704 5026 interdumque
1759 4955 2032 5027 superﬂua

470 5055 770 5116 amputare,
801 5062 909 5117 quo
939 5047 1092 5100 radix
1131 5056 1366 5116 vegetior
1399 5047 1682 5100 eﬂiciatur.

533 5321 622 5376 55.
653 5320 756 5388 Qui
789 5337 918 5377 vero
957 5320 1338 5390 desperatione
1369 5320 1605 5389 capitur,
1659 5319 2028 5388 compellatur

461 5413 736 5484 praedictis
759 5414 1094 5484 argumentis
1117 5428 1336 5467 sursum
1357 5413 1596 5466 tendere.
1617 5410 1809 5464 Anima
1827 5410 2026 5480 quippe

462 5521 582 5573 qua:
611 5517 766 5559 terra:
800 5506 1044 5568 inhaeret,
1068 5505 1195 5560 vilis
1218 5504 1541 5574 abjectaque
1569 5511 1672 5558 est.
1700 5501 1846 5556 Sane
1879 5503 2027 5573 agri-

461 5597 702 5649 colarum
733 5597 1098 5658 solertissimi,
1125 5597 1514 5671 cumtvideriut
1538 5597 1774 5666 plantam
1805 5606 2024 5650 tenuem

459 5692 514 5738 et
540 5686 826 5751 inﬁrmam,
857 5688 1003 5758 large
1034 5688 1284 5759 irrigant,
1324 5688 1605 5756 multaque
1652 5687 2023 5742 sollicitudine

461 5777 659 5844 fovent,
691 5787 746 5838 ut
778 5787 1127 5848 augmentum
1175 5779 1425 5848 accipiat.
1459 5777 1682 5842 Quoties
1725 5785 1905 5831 autem
1964 5777 2019 5830 in

2137 4594 2272 4664 πρὸς
2312 4591 2568 4663 ριπισμὸν
2615 4589 2709 4641 τοῦ
2747 4587 2889 4639 θείου
2922 4585 3261 4657 ιΠνεύματος.
3309 4585 3567 4656 Μάχαιρα
3609 4586 3713 4636 ἐπ-

2135 4699 2308 4752 ακμος
2326 4681 2522 4752 ῥᾳδίως
2548 4679 2650 4732 ὑπὸ
2667 4678 2814 4731 λίθου
2837 4677 3164 4744 κατάγνυται
3185 4692 3196 4704 ·
3223 4675 3314 4729 καὶ
3336 4677 3566 4746 ἄσκησις
3592 4677 3714 4727 ἐπι-

2134 4773 2402 4843 τεταμένη
2429 4772 2703 4840 συντόμως
2726 4771 2789 4822 ἐκ
2813 4769 2905 4821 τοῦ
2938 4766 3440 4838 ὑπερηφανεύεσθαι
3471 4767 3714 4819 ἀπόλλυε

2134 4882 2245 4917 ται.
2287 4863 2448 4915 Ὅθεν
2509 4861 2774 4933 προσήκει
2819 4859 3148 4928 πανταχόθεν
3185 4857 3576 4925 άσφαλίζεσθαι
3611 4859 3712 4929 τὴν

2133 4954 2330 5026 ψυχὴν,
2359 4954 2450 5008 καὶ
2485 4954 2584 5022 τὴν
2629 4951 2930 5022 ἀκροτάτην
2956 4949 3182 5018 ἄσκησιν
3209 4950 3272 5000 ὲκ
3294 4948 3387 5000 τοῦ
3428 4948 3712 5012 καύσωνος

2132 5048 2230 5117 τῆς
2261 5043 2635 5115 ὑπερηφανίας
2681 5040 3106 5114 περικαιομένην
3150 5038 3528 5107 ὑποκάμπτειν
3571 5040 3712 5110 πρὸς

2131 5138 2256 5198 τοὺς
2305 5135 2550 5197 σκιώδεις
2598 5133 2814 5196 τόπους,
2844 5131 2954 5183 ἔσθ’
2986 5131 3074 5183 ὅτε
3116 5129 3208 5182 καὶ
3249 5127 3594 5198 περιτέμνειν
3638 5129 3708 5181 τὰ

2131 5227 2384 5301 περιττὰ,
2415 5226 2550 5297 πρὸς
2576 5225 2638 5277 τὸ
2672 5224 2767 5294 τὴν
2815 5222 2968 5293 ῥίζαν
3002 5218 3390 5288 εὐθαλεστέραν
3423 5218 3701 5287 γενέσθαι.

2202 5319 2289 5372 55.
2329 5318 2432 5372 Τὸν
2463 5317 2522 5370 δὲ
2570 5319 2636 5386 τῇ
2685 5313 2987 5382 ἀπογνώσει
3044 5309 3394 5378 ἁλισκόμενον
3441 5309 3702 5380 ἁνωρεπῆ

2131 5408 2409 5479 βιάζεσθαι
2458 5409 2631 5460 ποιεῖν
2671 5408 2782 5466 τοῖς
2821 5400 3233 5473 προειρημένοις
3270 5396 3704 5466 λογισμοῖς,Καὶ

2127 5501 2236 5572 γὰρ
2267 5499 2469 5572 σφόδρα
2505 5500 2538 5569 ἡ
2565 5495 2711 5567 ψυχὴ
2747 5491 3086 5565 χαμαιπετὴς
3115 5489 3389 5559 τυγχάνει.
3423 5489 3532 5540 Καὶ
3566 5488 3701 5556 γοῦν

2125 5595 2234 5646 τῶν
2266 5592 2547 5663 γεηπόνων
2595 5591 2644 5643 οἱ
2684 5591 2916 5660 ἄριστοι,
2947 5585 3165 5638 ἐπειδὰν
3203 5584 3366 5653 φυτὸν
3397 5582 3568 5653 βραχὺ
3600 5585 3703 5634 καὶ

2125 5685 2345 5747 ἀσθενὲς
2377 5684 2696 5745 θεάσωνται,
2731 5679 3006 5743 ποτίζουσι
3053 5676 3308 5746 δαψιλῶς,
3358 5675 3451 5727 καί
3501 5675 3702 5742 ἐπιμεο

2124 5775 2270 5837 λείας
2300 5772 2498 5844 πολλῆς
2521 5771 2730 5838 ἀξιοῦσι
2753 5769 2888 5839 πρὸς
2913 5768 2974 5819 τὸ
3004 5765 3320 5837 αὐξηθῆναι.
3365 5761 3608 5815 Ἐπειδὰν
3636 5761 3700 5814 δὲ
