4032 6376
338 327 468 382 ifilli

1441 330 1595 386 VITA
1629 329 1921 386 SANtZ'UE
1966 329 2442 394 SYNCLETICIE.

3431 346 3566 400 {3‘22

337 449 394 500 ἐν
423 445 573 517 φυτῷ
602 448 846 519 πρόωρον
877 446 1109 517 βλάστην
1139 446 1458 510 θεάσωνται,
1489 448 1890 520 περιτέμνουσιι

2011 449 2194 518 planta
2237 455 2620 524 conspexerint
2689 472 2982 526 praecocem
3021 458 3322 522 surculum,
3371 474 3565 528 super-

335 539 488 590 αὐτο“ι
516 538 583 590 τά
613 539 858 609 περιττά·
893 537 1034 607 φιλεῖ
1074 537 1180 607 γὰρ
1225 538 1397 592 ταῦτα
1438 540 1666 609 ἑτοίμως
1716 538 1901 609 ξηραί-

334 629 537 684 νεσθαι.
573 631 678 683 Καὶ
713 630 910 700 ἰατρῶν
936 631 991 682 δὲ
1016 631 1201 692 παῖδες
1243 629 1392 692 τινάς
1431 630 1528 700 μὲν
1574 629 1680 682 τῶν
1722 627 1902 700 ἀρρώ-

335 741 473 776 στων
496 723 752 795 τρέφουσι
781 723 1033 792 δαψιλῶς,
1058 724 1152 776 καὶ
1180 723 1312 793 πρὸς
1342 722 1638 792 περίπατον
1669 720 1899 792 προτρέ-

332 832 558 869 πονταιο
603 816 824 886 ἐτέρους
863 815 918 868 δὲ
965 812 1334 884 δεσμεύοντες,
1367 812 1582 874 ἀσίτους
1630 811 1722 865 ἐπὶ
1764 811 1896 865 πολὺ

331 907 706 977 φυλάττουσιν.

404 1022 492 1077 56.
522 1021 756 1090 Φανερὸν
784 1015 876 1073 οὖν
909 1020 1075 1083 ἐστιν,
1115 1015 1193 1081 ὡς
1253 1017 1504 1089 μέγιστον
1543 1017 1826 1079 ὲν-κακοῖς
1863 1016 1897 1086 ἡ

329 1114 677 1186 ὑπερηφανία
703 1113 958 1183 τυγχάνει
978 1129 990 1142 ·
1027 1112 1118 1164 καὶ
1155 1108 1314 1163 τοῦτο
1341 1110 1606 1164 δείκνυσιν
1635 1108 1808 1176 αὑτῆς
1836 1106 1898 1161 τὸ

327 1206 587 1271 ἐναντίον,
617 1209 650 1277 ἡ
687 1203 1170 1275 ταπεινοφροσύνη.
1221 1202 1489 1272 Δυσχερές
1521 1201 1636 1252 ἐστι
1691 1201 1897 1270 κτήσα-

329 1298 453 1352 σθαί
484 1314 606 1351 τινα
665 1296 765 1367 τὴν
796 1294 1312 1367 ταπεινοφροσύνην.
1344 1293 1408 1344 El
1437 1292 1509 1362 μὴ
1543 1291 1651 1360 γάρ
1675 1307 1758 1353 τις
1791 1289 1897 1343 πά-

327 1409 426 1463 σης
448 1389 606 1460 δόξης
637 1388 791 1452 ὲκτδς
814 1388 1056 1457 γένηται,
1086 1385 1272 1440 τούτου
1296 1383 1388 1438 τοῦ
1415 1383 1686 1455 θησαυροῦ
1719 1383 1898 1453 τυχεῖν

323 1485 383 1537 οὑ
419 1483 726 1553 δυνήσεται.
779 1479 935 1533 Οὑτω
975 1479 1033 1532 δέ
1085 1481 1199 1533 ἐστι
1230 1477 1439 1549 μεγάλη
1477 1477 1510 1547 ἡ
1542 1489 1897 1546 ταπεινοφρο-

325 1574 480 1645 σύνη,
499 1575 573 1638 ὼς
605 1574 783 1636 πάσας
813 1570 910 1635 τὰς
935 1570 1133 1644 ἀρετὰς
1169 1568 1446 1641 μιμεῖσθαι
1470 1569 1643 1622 δοκεῖν
1669 1567 1759 1621 τὸν
1786 1566 1898 1620 διά-

323 1665 497 1730 ϐολον,
514 1663 715 1734 ταύτην
740 1664 796 1717 δὲ
825 1663 957 1734 μηδὲ
986 1661 1180 1715 εἰδέναι
1211 1661 1264 1714 τί
1288 1661 1422 1724 ὅλως
1451 1659 1619 1712 ἐστίν.
1650 1657 1818 1721 Εἰδὼς
1841 1656 1898 1710 δὲ

322 1756 491 1827 αὑτῆς
525 1753 585 1808 τὸ
617 1753 854 1823 ἀσφαλὲς
899 1753 992 1806 καὶ
1035 1752 1246 1823 ἑδραῖον
1280 1751 1309 1802 6
1367 1747 1684 1852 ἀπόστολρς,
1731 1761 1899 1852 προσ·
1926 1796 1970 1852 Β

321 1845 503 1898 τάττει
557 1847 689 1915 ἡμῖν
765 1843 970 1914 ταύτην
1018 1841 1492 1915 ὲγκομὸώσασθαι,
1531 1840 1628 1894 καλ⁸
1689 1838 1896 1901 πάντας

322 1937 607 2001 ποιοῦντας
644 1937 713 1991 τά
758 1934 1030 2008 ὲπωφελῆ,
1063 1935 1266 2007 ταύτην
1307 1931 1741 2006 περιϐάλλεσθαι.
1777 1929 1895 1984 Κάν

319 2047 380 2084 τε
409 2029 517 2102 γάρ
547 2029 830 2101 νηστεύῃς,
861 2029 960 2083 κᾶν
991 2045 1049 2081 τε
1083 2027 1258 2099 ὲλεῇς,
1307 2025 1406 2081 κάν
1441 2043 1500 2079 τε
1527 2025 1810 2095 διδάσκῃςσ
1847 2023 1895 2077 εί

318 2123 377 2177 δὲ
413 2126 509 2176 καὶ
537 2122 764 2194 σώφρων
802 2122 1074 2194 τυγχάνῃς
1106 2121 1201 2174 καὶ¹
1228 2120 1466 2184 συνετὸς,
1501 2119 1663 2172 πάλιν
1691 2115 1895 2186 ταύτην

319 2216 440 2269 ἀντὶ
463 2215 662 2284 τοιχίου
688 2213 959 2287 ἀρραγοῦς
988 2212 1198 2284 σεαυτῷ
1229 2208 1895 2284 παράστησον.Σφιγγέτω

319 2323 412 2360 σου
469 2307 563 2360 καὶ
600 2307 868 2376 συνεχέτω
901 2321 993 2358 σου
1027 2305 1126 2368 τάς
1166 2304 1364 2376 ἀρετὰς
1390 2301 1527 2374 αὕτη
1557 2303 1590 2374 ἡ
1634 2299 1892 2370 καλλίστη

316 2397 424 2450 τῶν
474 2397 699 2450 ἀπασῶν
744 2395 983 2468 ἀρετῶν,
1021 2397 1054 2467 ἡ
1085 2394 1571 2466 ταπεινοφροσύνη.
1612 2394 1772 2466 Ὁρᾷς
1800 2395 1895 2448 καὶ

314 2489 415 2558 τὴν
445 2487 555 2540 τῶν
587 2487 754 2556 ἀγίων
781 2486 948 2557 τριῶν
998 2485 1204 2540 παίδων
1236 2483 1584 2557 ὑμνολογίαν,
1608 2484 1756 2547 ὅπως
1785 2482 1892 2536 τῶν

314 2579 491 2634 ἄλλων
523 2578 733 2650 ἀρετῶν
760 2579 820 2632 οὑ
853 2579 993 2632 πάνυ
1026 2595 1079 2630 τι
1116 2576 1607 2650 μνημονεύσαντες,
1637 2575 1762 2640 τοὺς
1792 2592 1890 2628 τα-

315 2671 533 2733 πεινοὺς
567 2671 662 2724 σὺν
692 2672 802 2732 τοῖς
833 2669 1059 2740 ὑμνοῦσι
1092 2668 1693 2740 συγκατηριθμήσαντο,
1721 2666 1797 2738 μὴ
1817 2668 1894 2720 εί-

315 2763 545 2833 ρηκότες
589 2761 870 2833 σώφρονας
894 2761 926 2833 ἦ
955 2763 1292 2832 ἀκτήμονας.
1319 2763 1530 2832 Ὥσπερ
1562 2759 1670 2832 γάρ
1699 2758 1894 2814 ἀδύνα-

312 2873 406 2910 τον
427 2856 559 2908 ναῦν
591 2855 759 2926 χωρὶς
783 2854 928 2925 ἥλων
958 2853 1488 2925 κατασκευασθῆναι,
1511 2852 1682 2916 οῦτως
1701 2851 1894 2906 ἀδύνα-

312 2967 405 3002 τον
436 2949 672 3020 σωθῆναι
697 2949 864 3020 χωρὶς
890 2947 1406 3018 ταπεινοφροσύνης.

383 3063 471 3118 5'7.
497 3064 620 3116 Ὀτι
645 3062 702 3114 δὲ
729 3061 906 3133 ἀγαθὴ
929 3062 1022 3116 καὶ
1047 3061 1309 3132 σωτήριος
1329 3060 1571 3129 πέφυκεν
1587 3101 1601 3123 ,
1625 3057 1888 3130 ὁΚύριος,

2000 538 2107 593 Ilua
2139 558 2368 613 quaeque
2410 544 2763 613 detruncant;
2814 548 2990 603 solent
3017 549 3282 618 siquidem
3317 549 3418 604 illae
3457 551 3567 603 cito

2000 647 2268 691 arescere.
2293 636 2480 691 Medici
2509 647 2690 693 autem
2719 641 2887 710 628
2919 651 3242 712 a‘grutorum
3277 643 3415 697 alios
3455 643 3566 696 lar-

1999 725 2150 794 giore
2176 728 2297 783 cibo
2329 730 2501 794 alunt,
2545 740 2599 786 et
2647 732 2714 786 ad
2757 733 3254 788 deambulationem
3286 735 3519 788 invitant
3547 753 3566 800 ι

2000 814 2135 870 alios
2157 817 2372 874 vinctos
2402 820 2607 877 diutius
2639 822 2692 878 in
2731 824 3056 878 abstinentia
3085 824 3350 880 detinent.

2068 1019 2156 1074 56.
2205 1020 2386 1075 Palam
2423 1023 2590 1093 igitur
2628 1033 2713 1079 est
2759 1025 3025 1079 malorum
3071 1040 3382 1095 supremum
3442 1042 3562 1081 esse

1999 1113 2346 1180 superbiam:
2375 1115 2620 1186 illudque
2671 1117 2990 1187 comprobat
3034 1117 3235 1171 bonum
3289 1119 3390 1187 ipsi
3429 1133 3562 1172 con-

1997 1203 2227 1256 trarium
2265 1205 2560 1262 humilitas.
2592 1205 2744 1260 Hane
2775 1223 2936 1276 porro
2971 1209 3188 1278 assequi
3219 1209 3434 1263 diﬂicile
3455 1220 3558 1265 est.

1996 1292 2113 1349 Nisi
2141 1295 2288 1350 enim
2313 1297 2436 1366 quis
2471 1298 2690 1352 inanem
2735 1314 2950 1354 onmem
3000 1299 3226 1370 gloriam
3277 1300 3558 1370 abjecerit,

1998 1387 2145 1443 hunc
2177 1389 2423 1444 nancisci
2470 1391 2788 1446 thesaurum
2821 1406 2929 1445 non
2961 1392 3179 1447 valebit.
3226 1390 3320 1446 Est
3363 1393 3563 1464 quippe

1997 1479 2134 1533 adeo
2162 1495 2356 1550 magna
2387 1481 2563 1536 virtus
2598 1482 2900 1546 humilitas,
2931 1489 2990 1536 ut
3034 1481 3284 1540 diabolus
3333 1493 3562 1540 caeteras

1996 1568 2213 1638 quidem
2239 1570 2473 1625 virtutes
2505 1571 2756 1626 videatur
2775 1572 2996 1636 imitari,
3019 1573 3160 1627 hanc
3183 1588 3314 1628 vero
3347 1577 3560 1629 nesciat

1997 1661 2128 1732 quid
2161 1663 2386 1717 omnino
2410 1664 2502 1720 sit.
2549 1661 2784 1720 Proinde
2815 1664 2937 1734 ejus
2970 1665 3297 1721 soliditatem
3352 1668 3563 1722 stabili~

1997 1759 2273 1823 tatemque
2304 1771 2427 1809 cum
2459 1756 2626 1810 sciret
2676 1757 2982 1826 apostolus,
3015 1758 3261 1827 praecipit
3308 1759 3465 1815 nobis
3500 1768 3560 1813 ut

1996 1841 2289 1898 induamus
2323 1843 2686 1900 humilitatem
2708 1846 2752 1911 ’,
2787 1855 3096 1917 cunctaque
3124 1848 3279 1902 utilia
3307 1858 3556 1919 agentes,

1994 1947 2112 1988 eam
2141 1935 2291 1988 velut
2313 1936 2571 1991 amictum
2611 1938 3020 1995 circumdemus
3046 1939 3205 1994 nobis
3241 1941 3393 1996 :sive
3420 1941 3562 2011 jeiu-

1994 2026 2691 2090 nes,sivemisericordiam
2705 2045 2985 2098 exerceas,
3015 2033 3130 2086 sive
3157 2033 3378 2089 doceas.
3404 2033 3558 2100 Quod

1994 2115 2040 2168 si
2070 2124 2382 2186 temperans
2411 2127 2466 2172 et
2502 2119 2745 2190 prudens
2775 2120 2874 2182 sis,
2911 2136 3030 2176 eam
3070 2121 3170 2175 tibi
3199 2122 3426 2178 admove
3459 2139 3558 2179 ceu

1995 2206 2354 2276 fortissimum
2385 2225 2622 2266 murum.
2653 2209 2934 2280 Astringat
2968 2211 3354 2282 contineatque
3390 2215 3556 2268 virtu-

1993 2305 2076 2354 tes
2119 2306 2241 2355 tuas
2279 2303 2521 2355 omnium
2551 2303 2808 2356 virtutum
2855 2304 3303 2373 praestantissima
3331 2305 3556 2360 humili-

1993 2401 2096 2445 tas.
2113 2389 2389 2460 (88)Vides
2405 2392 2568 2447 trium
2589 2407 2881 2463 puerorum
2899 2394 3193 2456 canticum,
3206 2395 3348 2465 quod
3366 2411 3558 2465 nempe

1993 2479 2222 2534 aliarum
2286 2481 2551 2536 virtutum
2605 2484 2881 2539 mentione
2936 2487 3025 2539 vix
3093 2483 3257 2550 facta,
3320 2486 3556 2540 humiles

1993 2570 2254 2642 hymnum
2281 2574 2619 2628 cantantium
2656 2575 2826 2630 choro
2857 2577 3412 2641 annumeraverint“,
3445 2593 3554 2632 nou

1991 2663 2308 2719 memoratis
2353 2667 2784 2735 temperantibus
2831 2677 2886 2723 et
2940 2669 3278 2738 paupertatis
3333 2671 3558 2722 amanti-

1993 2753 2119 2809 bus.
2147 2753 2615 2820 Quemadmodum
2658 2759 2802 2812 enim
2851 2758 3188 2828 impossibile
3233 2768 3319 2814 est
3363 2775 3556 2814 navem

1993 2845 2111 2901 sine
2133 2846 2300 2902 clavis
2335 2845 2615 2912 fabricari,
2648 2849 2722 2902 ita
2754 2864 2854 2904 nec
2883 2850 3129 2906 valemus
3157 2851 3390 2906 salutem
3427 2867 3559 2906 cou-

1991 2941 2146 3009 sequi
2180 2941 2299 2996 sine
2330 2940 2653 2997 humilitate.

2062 3051 2150 3106 57.
2179 3050 2318 3119 Quia
2351 3067 2478 3107 vero
2501 3053 2764 3123 praeclara
2795 3055 2885 3109 illa
2925 3063 3010 3110 est
3038 3065 3091 3110 et
3119 3057 3399 3120 salutaris,
3449 3057 3555 3109 [)0-

311 3156 452 3228 πρὸς
494 3155 814 3226 ἀνθρώπους
859 3129 1439 3225 οίκονομίαννπληρῶν,
1471 3153 1641 3224 αὑτὴν
1674 3153 1884 3223 ἠμφιά·

1990 3142 2170 3197 minus
2217 3153 2372 3196 Suam
2410 3158 2537 3212 erga
2583 3143 2834 3199 homines
2879 3149 3238 3202 oeconomiam
3295 3150 3550 3220 impleas,

314 3246 856 3319 μα-Ίήτευσοννῗὲρχή
889 3261 969 3299 σοι
993 3246 1087 3301 καὶ
1107 3247 1258 3311 τέλος
1286 3245 1392 3300 τῶν
1414 3244 1627 3315 ἀγαθῶν
1644 3246 1677 3314 ἡ
1700 3262 1889 3299 ταπει-

313 3349 466 3388 σατο.
502 3333 637 3404 Φησὶ
680 3334 788 3404 γάρ
809 3351 820 3363 ·
854 3331 1083 3386 Μάθετε
1108 3333 1207 3386 ἀπ’
1231 3332 1400 3401 ἐμοῦ,
1437 3331 1525 3384 ὅτι
1563 3330 1750 3398 πρᾶός
1770 3334 1888 3399 ειμι

307 3427 413 3480 καὶ
449 3427 726 3492 ταπεινὸς
743 3425 818 3495 τῇ
847 3427 1075 3495 καρδίᾳ.
1107 3428 1246 3498 Ὅρα
1265 3428 1345 3492 τίς
1377 3429 1406 3481 6
1433 3427 1624 3496 λέγων,
1669 3427 1886 3491 τελείως

310 3518 613 3589 νοφροσύνη
639 3519 887 3588 γινέσθω.
917 3519 1180 3590 Φρόνησιν
1193 3518 1338 3588 λέγω
1369 3519 1560 3591 [λέγει]
1601 3521 1881 3590 ταπεινὴν,

309 3611 372 3662 οὐ
405 3609 592 3681 σχῆμα
617 3611 794 3682 μόνον,
819 3611 908 3664 τὸν
931 3611 1080 3674 ἐντὸς
1103 3611 1385 3682 ἄνθρωπον
1404 3609 1719 3664 αἰνίττεται⁶
1756 3611 1887 3664 ἀκο-

307 3701 561 3773 λουθήσει
615 3702 723 3773 γὰρ
744 3702 918 3772 τούτῳ
950 3703 1041 3756 καὶ
1068 3703 1096 3755 6
1129 3703 1300 3765 ἐκτός.
1325 3702 1512 3766 Πάσας
1537 3701 1636 3764 τὰς
1667 3699 1886 3764 ὲντολάς

311 3790 650 3862 πεποίηκας;
679 3787 829 3845 Οἶδεν
858 3794 886 3844 6
912 3791 1113 3862 Κύριος
1134 3807 1146 3821 ·
1181 3792 1295 3846 ἀλλ’
1325 3792 1487 3855 αὑτός
1521 3809 1600 3845 σοι
1644 3791 1886 3845 ἐντέλλε-

308 3899 402 3936 ται
459 3883 622 3937 πάλιν
665 3884 837 3955 ἀρχὴν
881 3885 1122 3948 δουλείας
1175 3884 1504 3954 λαμϐάνεινο
1562 3883 1695 3955 φησὶ
1737 3885 1878 3956 γάρ’

312 3973 499 4025 ’Ὀταν
539 3973 734 4026 πάντα
772 3975 1082 4043 ποιήσητε,
1114 3974 1350 4028 εἴπατε·
1393 3973 1605 4029 Δοῦλοι
1657 3975 1886 4044 ἀχρεῖοι

309 4059 519 4132 ἐσμεν.

379 4154 469 4208 58.
506 4155 571 4207 Ἦ
598 4151 692 4208 οὖν
719 4156 1182 4228 ταπεινοφροσύνη
1235 4157 1588 4230 κατορθοῦται
1643 4159 1707 4211 δι’
1747 4159 1886 4213 ὀνει-

305 4246 549 4317 δισμῶν,
607 4245 675 4299 δι’
725 4247 970 4318 ὕϐρεων,
1013 4248 1102 4302 διὰ
1160 4249 1411 4322 πληγῶν·
1490 4252 1577 4305 ἵνα
1644 4250 1882 4324 ἀκούσῃς

305 4338 496 4408 ἄφρων
524 4337 619 4391 καὶ
644 4339 839 4408 μωρὸς,
876 4339 1042 4410 πένης
1102 4342 1196 4394 καὶ
1247 4343 1476 4412 πτωχὸς,
1511 4343 1739 4416 ἀσθενὴς
1790 4344 1881 4397 καὶ

306 4429 549 4500 εὐτελὴς,
585 4429 896 4500 ἀπρόκοπος
930 4433 987 4484 έν
1033 4431 1232 4502 ἔργοις,
1273 4432 1462 4503 ἄλογος
1494 4438 1550 4488 ἐν
1598 4437 1878 4507 προφορᾷ,

305 4523 498 4592 ἄτιμος
528 4523 586 4573 ὲν
628 4522 775 4586 εἴδει,
809 4522 1037 4593 ἀσθενὴς
1068 4527 1124 4575 εν
1166 4525 1411 4595 δυνάμει.
1441 4527 1621 4580 Ταῦτα
1655 4527 1751 4598 τῆς
1784 4545 1880 4581 τα·-

306 4613 732 4684 πεινοφροσύνης
746 4613 812 4666 τά
828 4613 1012 4684 νεῦρα.
1033 4615 1217 4669 Ταῦτα
1235 4619 1262 4668 ὁ
1285 4617 1484 4688 Κύριος
1504 4618 1658 4690 ἡμῶν
1678 4620 1876 4689 ἤκουσε

304 4707 400 4759 καὶ
432 4706 689 4759 πέπονθε.
709 4706 1055 4778 Σαμαρείτην
1079 4706 1188 4778 γὰρ
1209 4709 1369 4760 αὑτὸν
1401 4703 1558 4764 εἶπαν
1583 4711 1676 4764 καὶ
1696 4711 1876 4781 δαιμό-

303 4814 415 4851 νιον
460 4796 670 4868 ἔχοντα.
730 4798 924 4850 Δούλου
973 4797 1202 4870 μορφὴν]
1221 4798 1526 4870 ἀνείληφεν,
1584 4801 1870 4871 ὲραπίσθη,

305 4889 541 4959 πληγαῖς
578 4889 797 4960 ᾐκίσθη.

374 5001 463 5056 59.
509 5003 601 5054 Δεῖ
648 4998 742 5055 οὖν
788 5004 882 5056 καὶ
920 5006 1066 5074 ἡμᾶς
1107 5007 1386 5076 μιμεῖσθαι
1427 5006 1524 5078 τὴν
1559 5007 1872 5080 ἔμπρακτον

300 5096 505 5165 ταύτην
534 5098 1049 5170 ταπεινοφροσύνην.
1079 5101 1202 5153 Εἰσὶ⁵
1232 5101 1330 5171 μὲν
1359 5097 1450 5155 οὖν
1487 5121 1628 5167 τινες
1655 5106 1748 5158 καὶ
1785 5105 1872 5160 διὰ

302 5189 411 5242 τῶν
436 5191 589 5253 ἐκτὸς
613 5190 906 5260 σχημάτων
930 5193 1364 5265 ὑποκρινόμενοι,
1382 5197 1475 5250 καὶ
1497 5198 1872 5262 ταπεινοῦντες

301 5283 549 5344 ἑαυτοὺς,
588 5282 736 5352 αὑτῷ
765 5286 937 5354 τούτῳ
962 5285 1119 5352 δόξαν
1153 5285 1488 5358 θηρώμενοι·
1529 5289 1641 5343 ἀλλ’
1675 5294 1737 5345 ἐκ
1764 5292 1870 5346 τῶν

304 5373 529 5446 καρπῶν
566 5373 1048 5442 ὲπιγινώσκονταιο
1088 5377 1313 5450 καὶγὰρ
1345 5381 1673 5446 ἐπιπολαίως
1720 5385 1870 5455 ὑϐρι-

1987 3247 2085 3289 seu
2114 3233 2453 3298 incarnatus,
2478 3249 2596 3290 eam
2639 3236 2834 3292 induit.
2879 3237 2972 3292 Ait
3007 3239 3209 3310 quippe
3244 3260 3256 3296 :
3289 3241 3491 3296 Discite
3523 3263 3556 3297 a

1989 3341 2070 3378 me
2095 3325 2220 3394 quia
2251 3327 2392 3380 mitis
2423 3343 2539 3380 sum
2564 3337 2614 3382 et
2639 3328 2850 3384 humilis
2879 3329 3033 3385 corde
3061 3333 3125 3386 “.
3159 3332 3388 3390 Attende
3431 3337 3554 3405 quis

1988 3417 2059 3472 sit
2099 3419 2192 3487 qui
2229 3419 2490 3488 loquitur,
2527 3428 2756 3502 estoque
2793 3423 3070 3492 perfectus
3110 3425 3433 3496 discipulus.
3473 3427 3555 3482 Sit

1988 3505 2082 3560 tibi
2134 3505 2416 3562 humilitas
2450 3507 2778 3578 principium
2821 3510 3055 3580 ﬁnisque
3091 3513 3374 3567 virtutum.
3417 3513 3555 3569 Sen-

1986 3613 2106 3652 sum
2134 3597 2300 3650 animi
2343 3597 2478 3652 dicit
2508 3599 2786 3664 humilem,
2816 3617 2924 3656 non
2963 3604 3133 3658 solam
3165 3605 3421 3674 speciem,
3458 3608 3550 3661 sed

1985 3688 2300 3744 interiorem
2331 3689 2510 3744 innuit
2545 3691 2818 3748 hominem
2858 3714 2870 3748 :
2911 3710 3034 3750 eum
3059 3711 3293 3767 namque
3315 3698 3553 3752 exterior

1985 3791 2368 3850 consequetur.
2413 3779 2607 3836 Omnia
2657 3793 2926 3855 praecepta
2977 3787 3250 3840 servasti?
3293 3786 3347 3840 Id
3403 3788 3552 3841 novit

1985 3871 2267 3928 Dominus.
2297 3873 2497 3928 Verum
2533 3878 2648 3946 ipse
2688 3877 2785 3929 tibi
2825 3877 3068 3947 praecipit
3108 3887 3166 3931 ut
3221 3879 3548 3949 principium

1985 3965 2266 4019 servitutis
2324 3981 2516 4020 rursus
2572 3983 2854 4033 assumas;
2905 3968 2980 4022 ait
3028 3969 3172 4023 enim
3211 3989 3222 4023 :
3255 3968 3388 4022 Cum
3443 3969 3551 4024 hac

1986 4055 2163 4107 omnia
2203 4054 2630 4123 feceritis,dicile
2660 4075 2676 4111 :
2706 4057 2852 4112 Servi
2875 4060 3090 4114 inutiles
3117 4076 3298 4114 sumus
3327 4063 3391 4113 “.

2055 4167 2143 4222 58.
2177 4166 2471 4226 Humilitas
2500 4171 2684 4242 itaque
2717 4180 3002 4226 exercetur
3044 4188 3140 4242 per
3198 4173 3546 4243 improperia,

1983 4275 2080 4329 per
2107 4262 2507 4332 contumelias),
2538 4278 2636 4334 per
2676 4264 2900 4334 plagas;
2935 4271 2993 4318 ut
3021 4266 3212 4320 audias
3253 4281 3442 4321 amens
3495 4277 3550 4320 et

1994 4352 2218 4416 stultus,
2243 4367 2446 4422 pauper
2485 4363 2537 4409 et
2564 4354 2745 4424 inops.
2774 4356 3023 4412 inlirmus
3053 4367 3105 4412 et
3132 4358 3272 4421 vilis,
3303 4359 3548 4414 inconsi-

1985 4443 2206 4499 deratus
2241 4443 2298 4498 in
2333 4445 2612 4512 operibus,
2652 4448 2884 4503 rationis
2911 4463 3108 4517 expers
3157 4450 3211 4502 in
3254 4451 3552 4520 loquendo,

1986 4534 2158 4589 forma
2202 4537 2575 4605 despicabilis,
2621 4539 2817 4594 debilis
2850 4539 3080 4595 viribus.
3120 4540 3186 4593 Hi
3220 4553 3345 4596 sum
3390 4544 3542 4597 nervi

1983 4625 2330 4682 humilitatis.
2387 4625 2513 4682 Haec
2578 4627 2838 4683 Dominus
2891 4639 3078 4685 noster
3142 4631 3369 4694 audivit,
3431 4633 3546 4687 haec

1983 4735 2178 4790 passus
2223 4729 2326 4776 est.
2380 4721 2516 4777 Nam
2570 4723 2973 4778 Samaritanum
3015 4741 3138 4780 eum
3186 4725 3457 4786 dicebant.
3492 4735 3548 4781 ct

1981 4813 2308 4868 daemonium
2370 4816 2684 4871 habentem.
2748 4816 3054 4884 Assumpsit
3103 4815 3332 4869 fm'mam
3380 4818 3544 4884 servi,

1982 4905 2231 4974 colaphis
2257 4921 2432 4962 caesus
2454 4916 2558 4971 est,
2586 4907 2869 4979 plagisque
2901 4907 3311 4962 dehonestatus.

2052 5018 2139 5074 59.
2181 5017 2370 5090 Operae
2393 5022 2626 5091 pretium
2657 5022 2838 5090 itaque
2857 5027 3012 5076 estut
3033 5036 3172 5074 vera;
3199 5036 3302 5074 nos
3322 5020 3541 5075 humili-

1984 5111 2111 5164 tatis
2161 5114 2340 5166 temuli
2375 5115 2567 5169 simus.
2604 5113 2836 5181 Quidam
2892 5115 3035 5168 enim
3076 5122 3202 5168 sunt
3237 5116 3332 5184 qui
3364 5122 3546 5169 exter-

1981 5218 2104 5255 nam
2143 5204 2379 5272 speciem
2407 5205 2731 5261 humilitatis
2754 5207 3323 5277 ementiuntur,atque
3342 5222 3405 5261 eo
3423 5207 3542 5278 ipso

1978 5295 2204 5364 gloriam
2238 5307 2602 5366 aucupantur.
2645 5298 2748 5354 Sed
2799 5315 2863 5354 ex
2898 5298 3166 5355 fructibus
3194 5314 3539 5370 cognoscun-

1977 5394 2066 5440 tur
2091 5406 2102 5440 :
2136 5388 2220 5443 vel
2238 5387 2511 5444 levissima
2533 5389 2730 5460 quippe
2759 5391 2959 5463 injuria
2978 5392 3177 5460 aﬂ'ecti,
3197 5405 3540 5464 nequaquam

434 5528 450 5579 Ι
490 5529 630 5584 l-‘etr.
664 5547 717 5594 ν,
754 5531 804 5585 5.
887 5534 928 5563 '°
968 5531 1102 5588 Dan.
1141 5550 1236 5598 ιιι,
1268 5536 1356 5590 87.
1437 5538 1475 5569 ¹¹
1521 5538 1710 5596 Matth.
1748 5559 1830 5607 ιι,
1867 5543 1890 5596 9

2040 5546 2080 5576 ¹²
2121 5544 2252 5600 Luc.
2293 5563 2436 5610 xvn,
2479 5545 2555 5599 l0.

373 5687 478 5754 (εει)
525 5683 624 5736 Vit.
658 5684 766 5739 ΡΡ.
796 5687 830 5740 Ι.
865 5703 918 5750 v,
947 5688 1032 5752 15,
1059 5690 1148 5743 48.
1181 5689 1397 5744 Dormit.
1437 5691 1583 5746 Daci.
1616 5695 1666 5747 «ί.
