3980 6510
391 432 398 445 .
489 390 627 447 1525

1719 401 2180 460 ATHANASIUS.
2218 436 2288 448 --
2326 402 2604 465 SPURIA.
2670 408 2713 419 “”

3604 417 3627 470 I
3639 419 3741 473 εει

488 508 786 572 sustinent,
823 508 1223 580 confestimque
1261 524 1366 566 ceu
1399 523 1681 584 serpentes
1715 520 1866 576 virus
1901 523 2061 577 suum

2168 521 2405 588 σθέντες,
2448 526 2547 580 οὐκ
2572 528 2836 597 ἦνεγκαν*
2873 527 3011 582 ἀλλά
3057 529 3310 601 παραυτά
3345 530 3542 593 ὥσπερ
3590 530 3741 600 ὄψεις

487 609 745 658 evomunt

559 692 649 749 60.
682 693 760 750 De
786 698 1133 754 sermonibus
1153 700 1424 771 ejusmodi
1454 718 1668 761 summe
1712 704 2061 760 exsultabant

489 801 612 854 quae
653 797 1044 857 convenerant,
1076 794 1364 867 adhueque
1410 797 1855 866 perseverabant,
1910 798 2059 853 nulla

489 877 758 934 bonorum
812 883 1063 941 satietate
1118 887 1377 943 admissa.
1420 888 1531 962 (89)
1572 889 1885 959 lterumque
1937 890 2058 945 illas

490 971 646 1024 beata
674 970 841 1045 Virgo
883 976 965 1032 sic
995 966 1312 1050 alloquitur.
1351 980 1605 1053 Magnum
1656 990 1743 1038 est
1781 990 2057 1037 certamen

490 1063 563 1119 iis
603 1064 696 1135 qui
759 1067 1032 1125 accedunt
1081 1072 1150 1127 ad
1190 1072 1382 1139 Deum,
1438 1074 1703 1146 laborque
1751 1075 1945 1147 ingens
2003 1077 2058 1130 in

490 1156 784 1229 principio,
847 1163 1045 1220 exinde
1090 1182 1223 1222 vero
1274 1167 1535 1239 gaudium
1579 1167 1872 1225 ineffabile.
1921 1168 2056 1223 Nam

490 1251 947 1317 quemadmodum
981 1256 1077 1326 qui
1100 1256 1277 1327 ignem
1306 1259 1545 1315 excitare
1574 1259 1786 1322 volunt,
1823 1260 2056 1330 primum

491 1340 643 1395 l'umo
669 1342 990 1399 inliciuntur
1016 1361 1079 1401 ac
1100 1346 1664 1419 lacrymasemittunt,
1702 1365 1877 1420 eoque
1896 1350 2058 1404 modo

490 1434 691 1501 optatis
725 1434 1043 1504 potiuntur;
1075 1437 1152 1491 ait
1177 1438 1322 1493 enim
1357 1457 1370 1493 :
1399 1438 1538 1493 Deus
1569 1448 1745 1493 noster
1766 1441 1900 1511 ignis
1928 1456 2056 1495 con-

490 1541 702 1581 sumens
754 1527 1016 1595 est";ita
1072 1528 1325 1584 convenit
1384 1544 1488 1584 nos
1547 1545 1766 1600 quoque
1813 1530 2055 1584 divinum

494 1618 672 1686 ignem
699 1617 755 1672 in
785 1618 946 1674 nobis
984 1619 1282 1676 accendere
1315 1636 1440 1676 cum
1469 1621 1730 1693 laerymis
1760 1629 1815 1677 et
1846 1622 2054 1677 labore.

2158 613 2248 667 τὸν
2268 616 2476 672 ἑαυτῶν
2506 618 2582 671 ἱὸν
2613 619 2904 690 ὲξέμεσαν.

2226 707 2318 764 60.
2365 711 2489 764 Ἐπὶ
2545 715 2657 777 τοῖς
2707 713 2887 783 λόγοις
2931 714 2989 769 δὲ
3035 715 3240 779 τούτοις
3294 715 3639 786 ἡγαλλιῶντο
3682 718 3738 772 αἱ

2161 802 2508 858 συνελθοῦσαι
2525 806 2748 876 σφόδρα,
2768 808 2863 861 και⁵
2882 807 3042 862 πάλιν
3063 809 3567 881 προσεκαρτέρουν,
3582 811 3738 880 κὲρον

2157 896 2264 950 τῶν
2293 896 2512 965 ἀγαθῶν
2545 898 2619 968 μὴ
2652 898 3041 970 λαμϐάνουσαι.
3077 900 3185 954 Καὶ
3210 900 3373 954 πάλιν
3402 900 3545 971 πρὸς
3574 901 3737 964 αὐτὰς

2159 987 2341 1057 ἔλεγεν
2380 991 2412 1060 ἡ
2458 990 2721 1062 μακαρία·
2764 989 2936 1060 Ἀγών
2974 993 3089 1045 ἐστι
3111 992 3276 1057 πολὺς
3299 994 3418 1056 τοῖς
3440 1009 3739 1063 προσερχο-

2162 1080 2343 1150 μένοις
2373 1082 2491 1153 Θεῷ
2515 1083 2609 1135 καὶ
2646 1082 2811 1146 κόπος
2835 1081 2907 1134 τὰ
2930 1082 3140 1154 πρῶτα,
3174 1082 3365 1137 ἔπειτα
3396 1083 3459 1136 δὲ
3480 1082 3628 1155 χαρά
3651 1085 3738 1136 ἀν-

2157 1172 2498 1243 εκδιήγητος.
2543 1174 2753 1245 Ὥσπερ
2807 1174 2914 1243 γὰρ
2945 1175 2995 1227 οε
3027 1173 3139 1245 πῦρ
3178 1172 3373 1243 ἐξάψαι
3423 1174 3739 1245 βουλόμενος

2159 1264 2374 1334 πρῶτον
2425 1264 2779 1330 καπνίζονται
2826 1266 2921 1319 καὶ
2969 1265 3284 1340 δακρύουσι,
3315 1267 3414 1319 καὶ
3439 1265 3620 1328 οὕτως
3649 1264 3738 1318 τοῦ

2158 1354 2490 1427 ζητουμένου
2536 1357 2880 1425 τυγχάνουσιο
2937 1356 3031 1410 καὶ
3089 1356 3199 1428 γάρ
3252 1373 3419 1426 φησιν
3437 1374 3451 1387 ·
3500 1357 3563 1409 Ὀ
3602 1356 3741 1421 Θεὸς

2159 1444 2329 1514 ἡμῶν
2383 1446 2502 1514 πῦρ
2557 1448 3038 1501 καταναλίσκον·
3079 1448 3224 1502 οὕτω
3249 1448 3332 1501 δεῖ
3363 1449 3464 1503 xal.
3493 1450 3646 1519 ἡμᾶς
3682 1450 3740 1500 τὸ

2159 1538 2302 1592 θεῖον
2328 1538 2439 1610 πῦρ
2467 1540 2547 1603 εἰς
2582 1540 2806 1603 ἑαυτοὺς
2838 1539 3035 1609 ἐξάψαι
3069 1541 3207 1611 μεεά
3240 1540 3498 1611 δακρύων
3529 1543 3631 1595 καὶ
3659 1540 3743 1593 ιώ-

2161 1648 2283 1687 που.
2308 1631 2478 1695 Αὐτὸς
2510 1631 2617 1703 γάρ
2647 1648 2812 1701 φησιν
2841 1635 2871 1685 ὁ
2906 1631 3127 1703 Κύριος·
3165 1633 3293 1701 Πῦρ
3309 1629 3511 1703 ἦλθον
3524 1633 3745 1697 βαλεῖν

489 1706 610 1777 Ipse
639 1707 1197 1779 siquidemDominus
1225 1713 1301 1769 ait
1340 1731 1355 1767 :
1394 1712 1576 1784 Ignem
1607 1714 1721 1768 veni
1767 1715 1974 1768 mittere
2004 1714 2058 1768 in

2168 1724 2255 1778 ἐπὶ
2286 1723 2403 1792 τὴν
2433 1722 2567 1794 γῆν.
2617 1725 2725 1778 Καί
2775 1742 2918 1789 τινες
2958 1725 3025 1778 δι’
3062 1725 3361 1797 ὀλιγωρίαν
3378 1726 3476 1779 τοῦ
3512 1726 3616 1798 μὲν
3647 1745 3742 1781 καθ

493 1799 760 1853 terram“.
797 1799 864 1856 Et
890 1816 1023 1858 sane
1052 1803 1296 1873 quidam.
1336 1819 1459 1858 cum
1486 1804 1618 1859 l'umi
1643 1806 1951 1862 molestiam
1981 1815 2060 1862 to-

2168 1812 2293 1868 πνοῦ
2343 1815 2649 1885 ἠνέσχοντο,
2682 1815 2746 1869 τὸ
2777 1815 2833 1869 δὲ
2874 1815 2985 1887 πῦρ
3010 1817 3110 1870 οὐκ
3143 1817 3369 1888 ἐξῆψαν,
3394 1817 3489 1871 διὰ
3528 1818 3597 1872 τὸ
3642 1837 3737 1890 μα-

492 1892 781 1957 lerassent,
816 1908 927 1948 non
983 1894 1350 1950 accenderunt
1403 1895 1606 1967 ignem,
1653 1913 1723 1953 eo
1767 1899 1915 1969 quod
1966 1914 2061 1970 pa-

2168 1907 2327 1978 κροθυ
2335 1906 2464 1977 μίας
2485 1907 2680 1971 αὐτοὺς
2708 1907 2865 1971 ἐκτὸς
2887 1906 3045 1973 εἶναι,
3074 1911 3169 1964 καῖ
3204 1910 3417 1981 μᾶλλον
3433 1909 3623 1966 αὐτῶν
3647 1911 3740 1982 τὴν

493 1984 697 2040 tientiae
743 1993 931 2042 essent
972 1993 1245 2057 expertes,
1297 2003 1395 2043 seu
1446 1989 1629 2060 potius
1681 1991 1826 2061 quod
1869 2006 2059 2047 eorum

2168 2001 2290 2073 περὶ
2318 2001 2380 2055 τὸ
2412 2000 2556 2057 θεῖον
2586 2002 2772 2072 σχέσιν
2814 2002 3014 2075 ἀσθενῆ
3040 2003 3134 2057 καὶ
3154 2004 3402 2076 ἀμυδρὰν
3429 2005 3742 2076 τυγχάνειν.

490 2092 621 2147 erga
660 2076 826 2132 Deum
855 2078 1081 2136 allectus
1102 2079 1298 2136 debilis
1330 2089 1384 2136 et
1415 2082 1666 2137 inllrmus
1691 2091 1858 2138 esset.

560 2167 651 2223 (il.
689 2167 1055 2257 Quamobrem
1107 2171 1349 2227 charitas
1389 2172 1595 2243 grande
1625 2172 1901 2228 cimelium
1954 2180 2059 2235 est,

2231 2180 2320 2235 6|.
2360 2179 2520 2233 Ὀθεν
2548 2178 2690 2250 μέγα
2714 2179 2995 2251 κειμήλιον
3022 2182 3056 2248 ἡ
3089 2180 3297 2252 ἀγάπη·
3322 2181 3419 2233 καὶ⁵
3454 2181 3593 2252 περὶ
3616 2180 3745 2233 ταύ-

491 2261 560 2317 de
587 2276 697 2332 qua
726 2262 841 2318 haec
869 2262 1100 2319 allirmat
1122 2264 1447 2335 Apostolus:
1478 2262 1537 2318 Si
1565 2279 1754 2320 omnes
1775 2263 2061 2319 facultates

2168 2289 2259 2343 της
2288 2272 2344 2325 δὲ
2369 2269 2844 2341 διαϐεϐαιούμενος
2870 2271 2900 2323 ὁ
2940 2270 3258 2333 Ἀπόστολος
3283 2270 3495 2339 ἔλεγεν,
3512 2270 3592 2333 ὡς
3624 2270 3746 2324 Ἐάν

493 2352 864 2420 distribueris,
908 2362 963 2410 et
1003 2370 1203 2425 corpus
1241 2356 1545 2428 subegeris,
1591 2355 1915 2411 cbaritatem
1959 2372 2061 2410 au~

2168 2366 2340 2418 πάντα
2364 2363 2435 2418 τὰ
2461 2363 2774 2435 ὑπάρχοντα
2829 2362 3132 2433 διανείμῃς,
3168 2365 3262 2417 καὶ
3300 2366 3363 2417 τὸ
3409 2362 3581 2434 σῶμα
3620 2362 3747 2415 13m-

493 2452 601 2498 tem
627 2458 737 2498 non
780 2445 1061 2511 habueris,
1096 2446 1272 2503 factus
1297 2463 1359 2503 es
1396 2448 1547 2502 velut
1589 2463 1663 2505 aes
1687 2462 1913 2512 sonans,
1967 2454 2061 2502 aut

2168 2458 2382 2530 πιάσῃς,
2408 2457 2629 2529 ἀγάπην
2648 2457 2706 2512 δὲ
2729 2458 2804 2530 μὴ
2827 2457 2977 2532 ἔχῃς,
3001 2457 3230 2525 γέγονας
3254 2454 3458 2525 χαλκὸς
3478 2453 3635 2524 ἠχῶν
3660 2456 3746 2506 καὶ

493 2537 800 2607 cymbalum
833 2537 1146 2594 tinniens".
1167 2537 1362 2610 Ingens
1390 2538 1575 2610 itaque
1601 2539 1799 2593 bonum
1820 2550 1904 2593 est
1931 2540 2064 2594 clla-

493 2629 652 2688 ritas.
683 2628 1238 2700 proindeque-ingens
1263 2631 1466 2685 malum
1500 2638 1585 2685 est
1615 2630 1901 2686 iracundia
1931 2650 1945 2685 :
1980 2639 2064 2683 to-

495 2727 603 2771 tam
627 2718 775 2772 enim
804 2720 1045 2774 animam
1075 2720 1241 2792 629
1261 2721 1501 2777 tenebris
1544 2722 1799 2789 oﬂ'undit,
1842 2725 1895 2777 in
1937 2720 2064 2776 feri-

495 2819 665 2866 tatem
693 2813 856 2868 vertit
879 2822 933 2868 et
969 2814 1176 2870 ratione
1209 2815 1403 2885 privat.
1434 2813 1698 2870 Dominus
1742 2829 1906 2885 porro
1959 2829 2063 2867 un-

493 2906 780 2975 dequaque
810 2913 1013 2962 nostrae
1054 2921 1241 2960 curam
1273 2906 1466 2963 salutis
1509 2922 1700 2979 agens,
1752 2907 2063 2962 nullatenus

495 2998 794 3063 concessit,
825 3007 885 3053 ut
907 2999 990 3054 vel
1013 2999 1295 3054 minimum
1326 3000 1458 3072 quid
1493 3001 1547 3055 in
1590 3000 1770 3055 anima
1806 2999 2063 3070 praesidio

493 3106 723 3146 vacuum
750 3100 1012 3148 maneret.
1046 3091 1348 3148 Libidinem
1378 3095 1617 3147 concitat
1640 3093 1895 3148 inimicus
1909 3091 2062 3147 ?‘Do-

2163 2546 2440 2618 κύμϐαλον
2471 2546 2758 2611 ἀλαλάζον.
2799 2546 2959 2615 Μέγα
2989 2541 3082 2599 οὖν
3106 2546 3164 2597 ὲν
3196 2545 3422 2614 ἀγαθοῖς
3455 2546 3493 2615 ἡ
3536 2545 3741 2613 ἀγάπη,

2162 2638 2237 2701 ὡς
2264 2637 2358 2691 καὶ
2389 2636 2560 2691 δεινὸν
2580 2638 2638 2690 ὲν
2665 2638 2857 2700 κακοῖς
2877 2639 2906 2690 ὁ
2933 2635 3101 2706 θυμός
3120 2651 3133 2664 ·
3168 2637 3349 2688 πᾶσαν
3377 2634 3494 2705 γὰρ
3525 2636 3630 2704 τὴν
3651 2635 3747 2703 ψυ-

2164 2729 2269 2802 χὴν
2320 2729 2576 2792 σκοτίσας
2619 2729 2713 2782 καὶ
2740 2726 3144 2798 ἀποθηριώσας,
3188 2727 3268 2788 εἰς
3302 2724 3536 2793 ἀλογίαν
3576 2724 3741 2795 φέρει,

2178 2823 2234 2876 '0
2278 2822 2336 2875 δὲ
2392 2822 2617 2893 Κύριος,
2667 2821 2973 2891 πανταχόσε
3014 2820 3112 2892 τῆς
3156 2820 3430 2890 σωτηρίας
3454 2819 3622 2890 ἡμῶν
3652 2836 3746 2888 κη-

2165 2916 2405 2987 δόμενος,
2439 2916 2546 2969 οὐδ’
2585 2915 2722 2973 ὅλως
2752 2912 3095 2985 συνεχώρησε
3120 2911 3292 2983 βραχύ
3309 2930 3364 2966 τι
3387 2912 3632 2975 ἀσκεπὲς
3650 2913 3743 2982 τῆς

2166 3006 2363 3079 ψυχῆς.
2393 3007 2663 3077 Δαγνείαν
2701 3008 2841 3061 κινεῖ
2866 3007 2894 3058 ὁ
2932 3003 3152 3075 ὲχθρός;
3183 3003 3514 3078 σωφροσύνῃ
3547 3007 3692 3076 ἡμᾶς
3714 3006 3741 3057 ό

2169 3100 2368 3173 Κύριος
2396 3100 2649 3154 ὥπλισεν.
2695 3098 3099 3171 ’Υπερηφανίαν
3126 3098 3322 3170 γεννᾷ;
3348 3098 3465 3151 ἀλλ’
3491 3099 3528 3168 ἡ
3559 3114 3741 3151 ταπει-

496 3183 683 3239 minus
712 3183 1193 3253 nostemperantia
1221 3182 1472 3237 munivit.
1498 3180 1605 3236 Sed
1634 3182 1725 3237 ille
1749 3181 2061 3253 superbiam

2168 3192 2464 3264 νοφροσύνη
2496 3191 2567 3244 οῦ
2592 3191 2809 3263 μακρὰν
2838 3190 3116 3261 τυγχάνει.
3155 3190 3324 3253 Μῖσος
3372 3188 3743 3259 ἐνεφύσησενς

494 3274 683 3344 parit?
712 3288 824 3329 non
852 3274 1013 3345 longe
1043 3273 1197 3328 abest
1232 3272 1541 3329 humilitas.
1567 3270 1763 3327 Odium
1793 3272 2066 3333 inseruit?

497 3364 758 3420 inmedio
791 3364 894 3421 sita
926 3372 1013 3422 est
1043 3364 1310 3421 cbaritas.
1362 3364 1641 3435 Quotquot
1684 3365 1905 3422 demum
1956 3366 2064 3421 tela

498 3456 555 3510 in
580 3470 684 3511 nos
719 3455 899 3511 vibrat
938 3456 1314 3521 adversarius,
1360 3456 1610 3527 pluribus
1655 3471 1757 3511 nos
1798 3455 2066 3513 Dominus

497 3548 667 3602 armis
696 3547 1074 3612 communivit,
1111 3563 1236 3602 cum
1268 3547 1343 3603 ad
1366 3548 1602 3604 salutem
1632 3556 1900 3615 nostram,
1949 3558 2062 3606 tum

494 3639 571 3694 ad
591 3655 716 3695 eum
744 3640 1158 3697 destruendum.

565 3730 665 3789 62..
696 3731 839 3788 Inter
877 3734 1018 3787 mala
1049 3733 1344 3793 maximum
1387 3742 1472 3789 est
1502 3733 1787 3789 iracundia
1821 3733 2061 3789 malum:

496 3826 594 3879 tua
637 3826 774 3879 enim
793 3866 817 3892 ,τ
862 3824 1095 3897 inquit,‘
1121 3824 1221 3880 uiri
1257 3824 1529 3896 justitiam
1575 3825 1674 3880 Dei
1722 3842 1830 3880 non
1881 3840 2066 3893 opera-

497 3926 583 3968 tur
610 3914 674 3971 “.
709 3914 1089 3985 Imperandum
1121 3915 1304 3986 itaque
1330 3923 1417 3971 est
1446 3915 1547 3980 illi,
1579 3915 1708 3986 quia
1740 3917 1803 3971 in
1821 3923 2064 3987 tempore

497 4004 649 4062 utilis
681 4006 798 4062 visa
822 4016 907 4062 est
941 4025 954 4061 :
985 4006 1252 4077 siquidem
1284 4006 1449 4062 irasci
1481 3996 1536 4061 et
1566 4008 1896 4064 commoveri
1930 4022 2064 4061 con-

494 4108 580 4154 tra
615 4100 899 4157 daemones.
916 4101 1157 4169 expedit.
1200 4099 1271 4155 At
1317 4100 1375 4157 in
1406 4099 1683 4156 hominem
1712 4101 2065 4157 vehementer

496 4192 827 4246 commoveri
856 4208 1197 4264 nequaquam
1228 4193 1506 4259 convenit,
1530 4192 1658 4249 licet
1687 4193 1777 4249 ille
1807 4208 2063 4264 peccave-

493 4281 601 4345 rit;
631 4295 821 4335 verum
854 4281 922 4336 ad
953 4283 1384 4353 resipiscentiam
1417 4282 1678 4339 reducere
1718 4284 1870 4340 illum
1901 4301 2064 4356 Opor-

490 4379 590 4437 tet,
622 4388 751 4429 cum
776 4373 967 4430 sedata
993 4373 1155 4430 fuerit
1183 4376 1276 4433 irae
1305 4376 1669 4446 perturbatio.

562 4467 649 4521 65.
688 4467 759 4520 At
787 4466 931 4522 enim
973 4467 1136 4523 irasci
1175 4467 1408 4524 fortasse
1440 4468 1624 4524 minus
1657 4470 1861 4524 malum
1892 4470 2060 4527 videri

2165 3282 2280 3340 ἀλλ’
2302 3286 2335 3353 ἡ
2361 3282 2550 3352 ἀγάπη
2579 3283 2637 3336 ὲν
2672 3283 2822 3353 μέσῳ
2848 3282 3199 3353 παρίσταται.
3225 3280 3365 3333 Ὅσα
3383 3275 3479 3333 οὖν
3500 3281 3532 3332 ὁ
3558 3280 3739 3351 ἐχθρὸς

2165 3372 2286 3427 καθ’
2319 3373 2474 3444 ἡμῶν
2503 3376 2642 3426 κινεῖ
2663 3372 2817 3444 βέλη,
2842 3372 3083 3426 πλείοσιν
3114 3372 3260 3442 ἡμᾶς
3286 3370 3325 3425 ὁ⁴
3339 3370 3552 3441 Κύριος
3566 3372 3741 3434 ὅπλοις

2164 3465 2522 3533 ἠσφαλίσατο,
2561 3466 2695 3537 πρός
2737 3483 2798 3519 τε
2836 3465 2933 3536 τὴν
2974 3464 3130 3536 ἡμῶν
3161 3464 3435 3534 σωτηρίαν
3475 3465 3578 3517 καὶ
3613 3464 3743 3535 πρὸς

2163 3558 2262 3611 vi“:
2296 3559 2505 3612 ἐκείνου
2532 3558 2903 3613 κατάπτωσινη.

2235 3733 2325 3789 62.
2362 3735 2546 3788 Κακδν
2599 3735 2695 3807 μὲν
2741 3737 2799 3789 ὲν
2846 3738 3035 3800 κακοῖς
3081 3737 3111 3790 ὁ
3149 3735 3338 3806 θυμός·
3397 3735 3571 3806 ’ορτή
3614 3735 3744 3803 γὰρ.

2164 3826 2347 3899 φησὶν,
2380 3827 2603 3897 ἀνδρὸς
2626 3827 3023 3897 δικαιοσύνην
3046 3828 3192 3882 Θεοῦ
3215 3830 3288 3884 οὐ
3310 3825 3742 3897 κατεργάζεται.

2163 3923 2262 3975 Δεῖ
2285 3916 2379 3974 οὖν
2405 3922 2569 3975 αὐτὸν
2597 3924 2851 3994 ἡνιοχεῖν·
2877 3923 2959 3975 ὅτι
2989 3924 3046 3976 ὲν
3068 3920 3538 3993 καιρῷχρήσιμος
3567 3921 3741 3989 ὤφθη

2164 4011 2467 4084 θυμοῦσθαι
2512 4012 2622 4086 γὰρ
2667 4014 2762 4067 καὶ
2806 4015 3077 4073 κινεῖσθαι
3118 4012 3265 4069 κατά
3316 4012 3429 4066 τῶν
3470 4013 3741 4084 δαιμόνων

2166 4105 2452 4178 συμφέρει.
2485 4106 2627 4177 Πρὸς
2659 4105 2717 4158 δὲ
2757 4105 3040 4177 ἄνθρωπον
3083 4103 3324 4177 σφοδρῶς
3369 4105 3641 4159 κινεῖσθαι
3676 4105 3741 4157 οὔ

2165 4201 2453 4268 προσήκει,
2485 4196 2589 4253 κᾶν
2613 4198 2943 4268 ἁμαρτήσας
2988 4198 3231 4270 τυγχάνῃ
3254 4215 3269 4228 ·
3306 4197 3740 4270 ἐπιστρέφεινᾶ

2163 4285 2325 4341 αὑτὸν
2355 4284 2437 4341 δεῖ
2471 4284 2607 4356 μετά
2633 4285 2695 4338 τὸ
2718 4285 3029 4343 παύσασθαι
3055 4287 3114 4344 τὸ
3144 4290 3244 4356 τῆς
3273 4286 3446 4358 ὀργῆς
3475 4286 3670 4349 πάθος.

2235 4460 2323 4517 65.
2366 4460 2478 4514 Καὶ
2510 4460 2570 4513 τὸ
2606 4459 2705 4531 μὲν
2734 4458 3047 4531 ὀργίζεσθαι
3078 4458 3154 4522 ὡς
3181 4458 3238 4510 ὲν
3272 4460 3461 4521 κακοῖς
3489 4456 3735 4510 ἔλαττον·

491 4556 685 4625 possit.
719 4556 969 4612 simultas
1008 4572 1136 4613 vero
1168 4565 1223 4613 et
1263 4557 1592 4628 iniuriarum
1641 4557 1904 4613 memoria
1943 4573 2061 4612 mn-

2168 4556 2197 4624 ἡ
2234 4553 2291 4606 δὲ
2322 4552 2653 4624 μνησικακία
2684 4551 2899 4605 πάντων
2932 4550 3048 4607 ἐστὶ
3079 4548 3370 4623 βαρυτέρα.
3419 4548 3477 4602 '0
3508 4551 3623 4621 γὰρ
3644 4549 3742 4603 θυ-

487 4646 641 4701 nium
678 4644 1065 4717 gravissimum
1098 4653 1203 4703 est.
1242 4648 1329 4701 Ira
1359 4646 1561 4719 quippe
1593 4661 1693 4700 ceu
1726 4645 1931 4729 fumus,
1969 4647 2060 4701 ubi
2106 4711 2113 4717 I

486 4739 554 4794 ad
602 4740 765 4796 breve
812 4747 1027 4810 tempus
1059 4739 1295 4795 animam
1336 4738 1705 4803 conturbavit,
1738 4740 2056 4795 evanescit:

485 4840 544 4885 at
590 4830 917 4899 iniuriarum
963 4833 1225 4888 memoria
1269 4832 1426 4903 quasi
1477 4831 1672 4886 animm
1725 4832 1833 4887 alte
1873 4816 2057 4905 infixa,

485 4925 623 4980 t'eris
659 4939 781 4979 eam
828 4924 1204 4980 immaniorem
1249 4924 1430 4981 elﬁcit.
1481 4921 1617 4978 Nam
1652 4925 1807 4980 canis
1839 4925 2059 4995 quidem

483 5025 676 5071 contra
695 5015 1003 5087 quempiam
1038 5016 1289 5079 saeviens,
1324 5029 1452 5070 esca
1482 5015 1762 5079 delinitus,
1797 5016 1930 5069 iram
1961 5016 2057 5069 de—

484 5107 683 5175 ponit:
720 5106 947 5176 aliaaquc
998 5106 1193 5162 bellum
1234 5103 1633 5161 consuetudine
1678 5105 2057 5161 demulcentur

482 5204 538 5250 ct
564 5188 921 5261 cicurantur;
951 5198 1046 5253 sed
1073 5196 1167 5268 qui
1197 5196 1522 5264 iniuriarum
1553 5196 1821 5251 memoria
1872 5211 2053 5250 corre-

484 5297 611 5359 ptus
665 5296 783 5354 est,
832 5304 941 5344 non
981 5288 1347 5343 cohortationi
1376 5288 1716 5359 acquiescit,
1771 5302 1883 5342 non
1932 5286 2056 5341 cibo

481 5382 779 5443 emnllitur,
820 5396 995 5451 neque
1036 5390 1247 5450 tempus
1290 5380 1473 5434 omnia
1511 5380 1827 5445 immutans,
1864 5378 2057 5448 hujus-

482 5476 629 5530 modi
670 5475 919 5531 morbum
965 5473 1261 5531 curaverit.
1306 5472 1373 5528 Hi
1416 5489 1547 5546 ergo
1586 5482 1907 5529 cunctorum
1956 5472 2057 5527 im-

556 5659 600 5689 "
640 5655 806 5713 IIebr.
841 5673 952 5721 xu,
989 5657 1083 5713 29.
1162 5658 1201 5689 "
1240 5655 1369 5712 Luc.
1410 5673 1521 5721 xu,
1556 5661 1643 5711 ω.

554 5814 663 5881 (89)
703 5812 804 5899 γει.
838 5812 948 5869 ιιι».
976 5814 1011 5865 ι.
1041 5830 1090 5878 ν,
1119 5813 1171 5877 3,
1201 5813 1285 5867 is.

2170 4646 2268 4717 μὸς
2309 4645 2497 4719 ὥσπερ
2542 4644 2747 4709 καπνὸς
2782 4643 2919 4716 πρὸς
2957 4643 3135 4712 ὀλίγον
3164 4640 3401 4707 θολώσας
3432 4642 3530 4713 τὴν
3558 4644 3745 4715 ψυχὴν

2163 4735 2456 4789 διαλύεταιο
2486 4737 2520 4807 ἡ
2548 4735 2604 4788 δὲ
2637 4733 2988 4806 μνησικακία,
3021 4733 3208 4805 ὥσπερ
3237 4734 3648 4802 ὲναποπαγεῖσα
3667 4737 3745 4807 τῇ,

2164 4826 2331 4903 ψυχῇ,
2362 4826 2555 4903 θηρίου,
2580 4826 2745 4899 αὐτὴν
2778 4825 3087 4898 δεινοτέραν
3114 4827 3275 4878 ποιεῖ·
3307 4825 3415 4884 καὶ,
3431 4824 3581 4878 κύων
3611 4826 3741 4896 μιν,

2166 4920 2308 4973 κατά
2329 4935 2474 4982 τινος
2502 4917 2778 4988 ἐκμανεὶς,
2811 4915 2914 4969 ὑπὸ
2940 4914 3041 4985 τῆς
3064 4915 3268 4987 τροφῆς
3291 4914 3615 4977 θωπευθεὶς,
3639 4932 3739 4985 με-

2163 5010 2489 5065 ταϐάλλεται
2518 5011 2612 5080 τῆς
2639 5009 2830 5082 ὀργῆς·
2874 5008 2969 5061 καὶ
3007 5006 3174 5061 τάλλα
3210 5007 3269 5060 δὲ
3297 5007 3462 5084 θηρία
3501 5006 3607 5060 ὑπὸ
3633 5007 3734 5076 τῆς

2163 5102 2449 5173 συνηθείας
2480 5101 2832 5172 μειλίσσεται·
2869 5101 2898 5153 ὁ
2925 5098 2981 5158 δέ
3020 5115 3085 5167 γε
3122 5101 3187 5169 τῇ
3227 5097 3558 5170 μνησικακίᾳ
3596 5114 3732 5165 κρα-

2159 5194 2421 5265 τούμενος
2444 5194 2504 5247 οὐ
2531 5193 2873 5265 παρακλήσει
2906 5191 3173 5252 πείθεται.
3204 5191 3265 5242 οὐ
3293 5192 3465 5259 τροφῇ
3494 5191 3728 5260 πραΰνε-

2159 5304 2269 5349 ται,
2302 5284 2426 5338 οὔτε
2474 5285 2579 5355 μὴν
2609 5286 2638 5336 ὁ
2668 5284 2843 5337 πάντα
2878 5280 3225 5353 μεταϐάλλων
3254 5280 3441 5356 χρόνος
3471 5280 3531 5333 τὸ
3562 5282 3729 5342 πάθος

2161 5378 2349 5432 τούτου
2387 5377 2592 5431 ἰάσατο.
2630 5369 2789 5430 Οὗτοι
2836 5370 2928 5429 οὖν
2966 5372 3316 5427 ἀσεϐέστατοι
3365 5373 3583 5425 πάντων
3625 5372 3726 5424 εἰσὶ

2162 5470 2256 5525 καὶ
2303 5468 2661 5540 ἀνομώτατοι.
2708 5468 2782 5522 Οὐ
2814 5467 2924 5540 γὰρ
2955 5465 3289 5527 ὑπακούουσι
3336 5461 3432 5521 τοῦ
3480 5464 3723 5537 Σωτῆρος

1725 5664 1767 5691 ³⁸
1810 5655 1829 5709 ἰ
1864 5655 1995 5713 Cor.
2029 5672 2157 5723 xm,
2194 5656 2246 5711 δι.
2327 5654 2370 5688 ⁸⁸
2406 5652 2523 5710 lac.
2562 5669 2617 5721 ι,
2649 5652 2737 5708 20.
