4032 6376
299 371 432 428 1515

1424 375 1586 432 VlTA
1630 369 1922 430 SANCTA‘S
1966 369 2444 427 SYNCLETiCtE.

3397 377 3544 432 {526‘

288 486 560 557 λέγοντος,
582 487 656 550 ὡς
681 489 917 559 Ὕπαγε.
941 491 1172 560 πρῶτον
1193 494 1550 565 διαλλάγηθι
1584 494 1663 560 τῷ
1690 493 1854 547 ἀδελ-

1968 485 2200 556 ρὶἰεείηιὶ
2240 498 2368 542 sunt
2420 493 2474 540 et
2509 484 2878 555 iniquissimi;
2931 503 3038 542 non
3087 488 3230 541 enim
3266 487 3533 544 Salvatori

289 575 379 646 ςσῷ
409 593 543 632 σου·
576 580 668 631 καὶ
707 581 860 634 οὕτω
889 585 1156 654 πρόσαγε
1206 585 1272 638 τὸ
1315 585 1505 654 δῶρόν
1565 605 1702 641 σου·
1763 586 1854 639 καὶ

289 668 539 738 ἀλλαχοῦ·
575 669 671 737 Μὴ
698 673 1004 740 ἐπιδυέτω,
1037 677 1220 747 φησὶν,
1245 681 1278 731 o'
1307 678 1478 746 ἣλιος
1507 679 1605 732 ἐπὶ
1637 695 1854 749 παρορ-

289 760 479 830 γισμῷ
512 760 695 831 ὑμῶν.

359 937 447 992 64.
487 939 666 992 Καλὸν
699 940 796 1010 μὲν
826 937 916 995 οὗν
941 944 1002 996 τὸ
1028 945 1101 1014 μὴ
1131 946 1466 1018 ὀργισθῆναι·
1497 951 1544 1001 εί
1568 949 1622 1001 δὲ
1648 952 1739 1002 καὶ
1765 951 1853 1018 γέ-

288 1043 468 1096 νηται,
501 1027 621 1081 οὐδὲ
657 1029 854 1100 μέτρον
898 1049 977 1084 σοι
1024 1034 1235 1105 ἡμέρας
1265 1036 1402 1105 πρὸς
1437 1036 1497 1088 τὸ
1535 1037 1708 1101 πάθος
1733 1057 1854 1091 συν-

289 1115 588 1188 εχώρησεν,
629 1114 748 1171 εἷπε
793 1119 901 1189 γὰρ
945 1122 1019 1192 μὴ
1068 1123 1309 1178 έπιδῠναι
1354 1126 1444 1180 τὸν
1487 1127 1656 1198 ἥλιον.
1693 1133 1764 1184 Σὺ
1794 1132 1851 1184 δὲ

289 1208 500 1280 ἐκδέχῃ,
533 1210 636 1270 ἕως
665 1211 730 1264 ἂν
763 1213 790 1263 ὁ
833 1215 942 1276 πᾶς
984 1231 1075 1268 σου
1103 1218 1290 1287 χρόνος
1313 1219 1432 1290 δύῃ.
1461 1222 1574 1275 Οὐκ
1601 1218 1750 1286 οἶδας
1779 1226 1854 1277 εί-

290 1300 428 1351 πείν·
478 1299 667 1366 Ἀρκεῖ
705 1300 779 1369 τῇ
813 1302 1003 1372 ἡμέρᾳ
1050 1307 1088 1373 ἢ
1127 1308 1304 1360 κακία
1335 1309 1542 1378 αὐτῆς.
1578 1311 1640 1363 Τί
1675 1317 1852 1382 μισεῖς

287 1387 378 1440 τὸν
399 1387 718 1458 λυπήσαντα
749 1391 1030 1462 ἄνθρωπον
1052 1410 1066 1459 ;
1099 1397 1211 1449 Οὐκ
1241 1397 1400 1462 αὐτὸς
1423 1395 1490 1470 ἦν
1515 1403 1544 1453 ό
1570 1401 1848 1472 ἀδικήσας,

289 1480 404 1534 ἀλλ’
433 1483 462 1533 ὁ
489 1481 750 1548 διάϐολος.
784 1485 1028 1557 Μίσησον
1071 1488 1168 1557 τὴν
1206 1490 1380 1554 νόσον,
1421 1493 1516 1545 καὶ
1551 1492 1624 1563 μὴ
1653 1493 1742 1546 τὸν
1766 1510 1852 1546 vo-

291 1571 499 1626 σοῦντα·
543 1575 604 1627 Τί
633 1576 900 1646 ἐγσκαυχᾷ
926 1577 994 1630 ἐν
1021 1583 1216 1646 κακίᾳ,
1246 1581 1496 1646 durare;
1533 1585 1668 1655 Περὶ
1697 1584 1850 1654 ὑμῶν

285 1663 445 1718 τοῦτο
470 1667 497 1718 ὁ
523 1665 733 1737 ψαλμὸς
761 1667 1003 1740 ἐϐόησεν·
1043 1673 1311 1741 Ἀνομίαν
1336 1674 1463 1746 γὰρ,
1489 1679 1671 1746 φησὶν,
1699 1680 1851 1746 ὅλην

285 1751 401 1820 τὴν
422 1753 667 1821 ἡμέραν·
703 1757 968 1822 τουτέστι,
1002 1760 1177 1814 πάντα
1204 1762 1295 1815 τὸν
1314 1765 1410 1834 τῆς
1434 1764 1577 1836 ζωῆς
1611 1784 1703 1820 σου
1725 1769 1851 1840 χρό-

1963 577 2344 646 obsequuntur
2393 577 2474 630 sic
2504 577 2786 647 loquenti:
2823 576 2966 631 Vade
3007 581 3154 646 prius
3206 582 3536 635 reconciliari

1962 667 2123 735 fratri
2181 679 2270 721 tuo
2305 681 2323 719 .'
2360 669 2533 737 sicque
2597 668 2727 736 o/fer
2787 685 2975 722 munus
3023 671 3255 722 tuum".
3305 670 3369 725 Et
3427 675 3536 726 alio

1963 761 2083 813 loco
2111 780 2124 814 :
2155 760 2278 821 Sol,
2328 761 2540 830 inqu-it,
2591 779 2694 816 non
2739 761 2943 816 occidat
2989 779 3145 833 super
3203 765 3534 820 iracundiam

1961 857 2188 903 vestram
2227 851 2290 902 ".

2031 939 2122 994 64.
2161 939 2352 1010 Operae
2399 943 2633 1012 pretium
2678 944 2842 1014 igitur
2879 954 2963 1000 est
3006 963 3116 1002 non
3161 948 3530 1020 irasci:quod

1959 1031 2006 1084 si
2039 1041 2219 1086 tamen
2257 1032 2312 1086 id
2358 1035 2673 1104 contigerit,
2712 1051 2780 1091 ne
2804 1037 2965 1092 unius
3009 1037 3230 1107 quidem
3259 1039 3365 1095 diei
3407 1058 3534 1113 spa-

1959 1122 2096 1175 tium
2129 1124 2227 1178 tibi
2265 1126 2542 1180 concessit
2580 1127 2648 1181 ad
2695 1127 2861 1180 animi
2903 1139 3108 1182 motum
3150 1131 3527 1188 retinendum:

1959 1217 2217 1285 praecepit
2264 1217 2410 1272 enim
2455 1233 2524 1273 ne
2567 1219 2648 1274 sol
2681 1219 2914 1275 occidat.
2950 1219 3032 1274 Tu
3078 1237 3211 1277 vero
3239 1226 3534 1293 procrasti-

1958 1322 2078 1371 nas,
2107 1308 2280 1362 donec
2320 1319 2492 1363 totum
2523 1312 2648 1365 vitae
2689 1319 2795 1364 tua:
2828 1321 3041 1381 tempus
3088 1313 3374 1370 occiderit.
3421 1314 3528 1370 Neo-

1958 1400 2069 1454 scis
2099 1399 2202 1453 hoc
2233 1399 2416 1455 dicere
2445 1400 2680 1470 :Su/ﬁcit
2707 1401 2812 1455 diei
2838 1403 3045 1457 malitia
3066 1419 3165 1458 sua
3199 1405 3263 1460 ¹⁹.
3294 1405 3406 1459 Cur
3433 1406 3532 1459 ho-

1958 1489 2160 1543 minem
2213 1489 2340 1543 odio
2383 1489 2573 1554 babes,
2617 1491 2709 1560 qui
2753 1498 2808 1547 te
2862 1493 3110 1549 molestia
3151 1493 3362 1550 aﬂ‘ecit?
3412 1493 3529 1549 Non

1957 1579 2076 1648 ipse
2107 1578 2206 1633 tibi
2240 1579 2497 1649 injuriam
2529 1581 2732 1646 intulit,
2779 1583 2874 1638 sed
2909 1583 3181 1640 diabolus.
3225 1583 3361 1640 Odia
3392 1585 3531 1640 habe

1955 1669 2356 1738 aegritudinem,
2391 1687 2502 1726 non
2549 1688 2753 1743 aegrum
2781 1693 2793 1727 :
2823 1673 2964 1738 Quid
2989 1675 3237 1743 gloriaris
3270 1677 3326 1729 in
3366 1677 3528 1730 mali-

1959 1759 2056 1824 tia,
2105 1761 2194 1830 qui
2224 1771 2404 1828 potens
2442 1779 2495 1816 es
2520 1762 2604 1816 ὀἳ
2646 1763 2719 1818 De
2759 1771 2813 1819 te
2848 1765 2950 1818 hoc
2992 1763 3279 1819 Psalmista
3323 1766 3531 1820 clama-

287 1861 377 1895 νον
410 1846 745 1917 παρακούεις
763 1849 857 1901 τοῦ
887 1850 1177 1919 νομοθέτου
1199 1853 1292 1906 τοῦ
1320 1853 1584 1923 λέγοντος·
1603 1857 1701 1925 Μὴ
1729 1860 1852 1911 ἐπι-

1956 1852 2030 1905 vit
2055 1870 2068 1904 :
2100 1850 2166 1904 In
2205 1853 2484 1922 iniquitate
2508 1853 2676 1918 enim,
2706 1854 2902 1924 inquit,
2940 1864 3051 1908 tota
3083 1854 3168 1908 die
3192 1857 3270 1922 ²¹;
3298 1857 3400 1911 hoc
3422 1867 3528 1920 est,

285 1931 474 1985 δυέτω
503 1936 536 1987 ὁ
559 1935 731 2004 ἥλιος
756 1937 853 1990 ἐπὶ
879 1938 957 2004 τῷ
981 1942 1361 2012 παροργισμῷ
1387 1944 1572 2013 ὑμῶν.
1606 1947 1743 2018 Φησὶ
1773 1949 1850 2012 δὲ,

285 2022 361 2086 ὡς
407 2023 660 2080 Ἀδικίαν
700 2029 1020 2098 ἐλογίσατο
1065 2034 1102 2101 ἡ
1157 2035 1408 2103 γλῶσσά
1441 2052 1576 2092 σου·
1605 2040 1666 2092 οὐ
1705 2040 1851 2112 παύῃ

286 2117 397 2188 γὰρ
429 2118 763 2191 βλασφημῶν
796 2125 886 2176 τὸν
913 2126 1139 2195 ἀδελφόν
1167 2146 1278 2184 σου,
1321 2131 1481 2184 Ὅθεν
1503 2132 1684 2187 δικαία
1712 2153 1794 2188 σοι
1819 2138 1852 2207 ή

284 2209 524 2281 τιμωρία
553 2215 684 2284 παρ’
717 2214 878 2269 αὑτοῦ
910 2217 1004 2270 τοῦ
1043 2218 1317 2290 ’Υμνῳδοϋ
1340 2225 1403 2276 ὲκ
1427 2223 1519 2276 τοῦ
1542 2225 1853 2297 Πνεύματος

286 2300 672 2372 προσφέρεται*
711 2305 815 2359 Διὰ
843 2309 1017 2362 τοῦτο
1046 2309 1184 2380 γὰρ,
1223 2314 1420 2384 φησὶν,
1461 2319 1494 2369 ό
1536 2317 1679 2382 Θεὸς
1712 2323 1852 2374 καθ-

284 2390 411 2443 ελεῖ
438 2407 512 2444 σε
538 2396 625 2459 είς
655 2395 848 2462 τέλος,
879 2398 1106 2453 ἐκτίλαι
1137 2417 1210 2454 σε
1249 2403 1342 2455 καί
1373 2406 1855 2472 μεταναστεῦσαί

286 2496 360 2533 σε
391 2483 511 2536 ἀπὸ
553 2485 942 2555 σκηνώματός
979 2507 1116 2556 σου,
1159 2491 1258 2545 καὶ
1292 2491 1357 2545 τὸ
1381 2492 1600 2564 ῥίζωμὰ
1639 2512 1754 2551 σου
1784 2499 1852 2552 ἐκ

286 2569 402 2640 γῆς
424 2573 671 2633 ζώντων.
703 2579 886 2632 Ταῦτα
922 2581 999 2650 τῷ
1036 2584 1358 2658 μνησικάκῳ
1385 2585 1452 2640 τὰ
1477 2588 1644 2659 δῶρα·
1679 2589 1856 2644 ταῦτα.

286 2662 389 2732 τῆς
421 2664 620 2729 κακίας
646 2666 712 2720 τὰ
750 2667 974 2723 ἔπαθλα.

355 2841 444 2896 65.
484 2843 847 2903 Φυλάττεσθαι
881 2846 971 2904 οὖν
1000 2851 1117 2906 δέον
1140 2854 1247 2908 ἀπὸ
1277 2861 1658 2928 μνησικακίας·
1683 2862 1852 2917 πολλά

287 2931 395 3002 γὰρ
423 2933 558 3006 αὐτῇ
589 2936 940 2994 ἀκολουθοῦσι
967 2941 1135 3012 δεινὰ,
1176 2945 1385 3015 φθόνος,
1417 2950 1582 3022 λύπη,
1614 2955 1851 3009 καταλα-

285 3024 393 3078 λιά.
429 3025 811 3101 Θανατηφόρος
849 3035 882 3104 ἡ
915 3035 1117 3090 τούτων
1151 3041 1335 3104 κακία,
1373 3043 1476 3097 κάν
1521 3048 1691 3118 μικρά
1719 3049 1846 3122 δοκῇ

287 3119 590 3189 τυγχάνειν.
643 3123 828 3178 Ταῦτα
879 3128 976 3196 μὲν
1021 3129 1127 3202 γὰρ
1171 3131 1356 3206 ὥσπερ
1396 3135 1520 3206 βέλη
1554 3137 1722 3192 λεπτά
1753 3119 1848 3195 τοδ

1954 1950 2068 1995 ιτιο
2090 1942 2214 1996 vitae
2237 1952 2341 1997 tua:
2357 1953 2599 2014 tempore
2620 1959 2728 1998 non
2753 1944 3100 2014 obtemperas
3127 1947 3418 2017 legislatori
3447 1947 3534 2002 di-

1954 2033 2098 2087 centi
2119 2051 2132 2086 :
2152 2031 2274 2088 Non
2297 2034 2503 2088 occidat
2525 2038 2606 2089 sol
2627 2050 2782 2102 super
2805 2036 3139 2090 iracundiam
3171 2051 3414 2092 vestram.
3439 2039 3532 2093 Ait

1954 2130 2134 2178 autem
2154 2122 2203 2178 :1
2209 2124 2507 2190 niustitiam
2525 2127 2773 2195 cogitavit
2799 2126 2977 2195 lingua
3002 2136 3094 2180 tua
3113 2128 3179 2179 “.
3201 2127 3318 2182 Non
3343 2143 3531 2185 cessas

1955 2213 2179 2270 fratrem
2211 2225 2365 2270 tuum
2397 2216 2672 2272 incessere
2707 2216 3035 2272 maledictis.
3065 2217 3246 2284 Quare
3277 2222 3528 2274 meritum

1953 2305 2052 2359 ι.ὺί
2081 2307 2412 2377 supplicium
2437 2308 2504 2361 ab
2535 2308 2654 2377 ipso
2684 2307 2973 2363 Psalmista
3000 2325 3064 2363 ex
3099 2307 3306 2378 Spiritu
3335 2319 3530 2366 sancto

1952 2396 2336 2450 renuntiatur:
2365 2395 2676 2466 Propterea,
2719 2397 2918 2468 inquit,
2946 2397 3086 2452 Deus
3127 2397 3361 2454 destruet
3399 2409 3448 2454 te
3473 2401 3528 2453 in

1951 2485 2135 2553 finem,
2157 2495 2208 2541 et
2228 2487 2489 2557 emigrare
2518 2489 2678 2557 faciet
2703 2498 2750 2542 te
2774 2487 2838 2542 de
2867 2489 3212 2544 tabernaculo
3235 2500 3345 2554 tuo,
3370 2501 3419 2545 et
3446 2508 3530 2545 ra-

1951 2575 2119 2630 dicem
2169 2587 2314 2632 tuam
2357 2578 2421 2632 de
2460 2589 2601 2633 terra
2629 2581 2911 2634 viventium
2937 2582 3003 2636 ".
3053 2581 3181 2637 llaec
3222 2593 3348 2639 sunt
3383 2585 3526 2639 dona

1951 2683 2140 2722 eorum
2193 2671 2287 2739 qui
2333 2672 2650 2725 memoriam
2705 2673 2942 2727 retinent
3000 2673 3348 2743 iujuriarum.
3401 2675 3526 2732 Haec

1953 2758 2246 2815 simultatis
2276 2761 2517 2830 praemia.

2023 2849 2113 2904 65.
2157 2850 2460 2906 Caveamus
2515 2867 2646 2923 ergo
2707 2853 2777 2908 ab
2842 2853 3168 2923 iniuriarum
3239 2857 3524 2910 memoria.

1953 2939 2124 2992 Multa
2177 2939 2378 3009 quippe
2434 2948 2849 3009 consequuntur
2896 2956 3016 2996 eam
3067 2941 3238 3006 mala,
3297 2943 3522 3004 invidia,

1952 3029 2197 3092 tristitia,
2245 3029 2591 3084 obtrectatio.
2622 3028 2898 3086 Lethifera
2925 3038 3024 3086 est
3057 3031 3248 3086 horum
3298 3033 3521 3098 malitia,

1952 3120 2079 3174 licet
2119 3119 2332 3174 modica
2377 3121 2646 3176 videatur.
2685 3120 2896 3176 Etenim
2941 3121 3131 3176 isthzec
3183 3129 3312 3178 sunt
3356 3125 3524 3179 veluti

287 3211 483 3283 ἐχθροῦ
526 3217 872 3288 τυγχάνουσι.
908 3223 1017 3274 Καὶ
1060 3222 1318 3288 πολλάκις
1350 3226 1418 3279 τὰ
1459 3227 1567 3281 ἀπὸ
1599 3229 1851 3301 διστόμου

1956 3209 2170 3262 minora
2218 3209 2426 3264 inimici
2468 3211 2598 3265 tela.
2633 3209 2962 3279 Plerumque
2993 3220 3172 3265 tamen
3215 3211 3416 3265 accidit
3465 3220 3525 3266 ut

292 3307 567 3378 μαχαίρας
611 3312 704 3363 καὶ
750 3313 989 3382 μείζονος
1026 3314 1209 3382 ξίφους
1252 3317 1558 3388 τραύματα,
1607 3319 1694 3376 οἶά
1737 3324 1852 3377 ἐστι

290 3399 516 3467 πορνεία
546 3401 640 3454 καὶ
671 3403 970 3468 πλεονεξία,
1000 3407 1093 3459 καὶ
1128 3407 1304 3474 φόνος,
1343 3410 1566 3480 ἰάθησαν
1594 3412 1853 3478 πολλάκις

289 3489 377 3543 διὰ
429 3489 524 3543 τοῦ
575 3494 841 3565 σωτηρίου
882 3498 1175 3567 φαρμάκου
1206 3500 1306 3570 τῆς
1341 3504 1644 3570 μετανοίας·
1684 3505 1853 3576 ὑπερ-

287 3582 490 3650 ηφανία
515 3583 646 3655 δὲιῆ
681 3588 1031 3656 μνησικακία,
1065 3590 1098 3661 ἢ
1131 3591 1446 3655 καταλαλιὰ,
1471 3593 1658 3664 ὥσπερ
1686 3597 1856 3668 μικρά

288 3673 549 3727 δοκοῦντα
574 3671 716 3730 εἶναι·
737 3677 887 3749 βέλη,
922 3679 1287 3745 λανθανόντως
1317 3683 1552 3748 ἀνεῖλαν,
1583 3685 1726 3738 κατὰ
1746 3687 1856 3740 τῶν

291 3767 664 3837 καιριωτέρων
696 3770 794 3839 τῆς
828 3770 1006 3841 ψυχῆς
1051 3773 1253 3842 μορίων
1296 3777 1556 3843 παγέντα.
1592 3777 1774 3832 Ταῦτα
1799 3779 1854 3832 δὲ

289 3859 348 3909 οὐ
380 3857 458 3928 τῷ
491 3859 706 3928 μεγέθει
738 3861 950 3932 ἀναιρεῖ
973 3864 1071 3934 τῆς
1098 3865 1329 3936 πληγῆς,
1369 3866 1504 3920 ἀλλά
1528 3871 1592 3939 τῇ
1627 3869 1857 3942 ἀμελείᾳ

289 3950 405 4002 τῶν·
438 3951 769 4020 τρωθέντων·
801 3953 875 4016 ὼς
916 3954 1142 4024 μηδενὸς
1169 3956 1278 4027 γὰρ
1318 3957 1484 4011 ὄντων
1517 3962 1856 4032 καταφρονή-

294 4058 484 4104 σαντες
514 4041 614 4111 τῆς
645 4061 703 4096 τε
734 4046 1059 4110 καταλαλιᾶς
1085 4049 1178 4100 καὶ
1204 4047 1312 4101 τῶν
1343 4049 1562 4113 λοιπῶν,
1593 4050 1734 4104 κατὰ
1767 4069 1870 4121 μιον

291 4133 421 4202 κρὺν
457 4134 547 4186 ὕπ’
576 4134 752 4187 αὐτῶν
776 4135 1158 4207 διεφθάρησαν.

363 4224 452 4278 66.
493 4225 640 4291 Βαρὺ
673 4210 770 4280 οὖν
811 4229 905 4281 καὶ
948 4229 1218 4299 μοχθηρὸν
1258 4232 1290 4301 ἠ
1334 4231 1649 4286 καταλαλιά.
1683 4232 1856 4304 τροφὴ

293 4317 402 4388 γὰρ
428 4318 522 4370 καὶ
552 4319 836 4373 ἀνάπαυλά
864 4337 1025 4374 τινων
1052 4320 1351 4392 ἀνθρώπων
1379 4324 1653 4394 τυγχάνει.
1697 4326 1769 4378 Σὺ
1799 4325 1856 4377 δὲ

296 4408 371 4479 μὴ
401 4409 684 4480 παραδέξῃ
715 4411 880 4482 ἀκοὴν
918 4413 1170 4483 ματαίαν,
1209 4414 1282 4484 μὴ
1315 4414 1423 4467 τῶν
1445 4415 1736 4488 ἀλλοτρίων
1762 4434 1858 4469 κα-

293 4499 406 4553 κῶν
418 4499 790 4575 δοχεῖονγένῃ.
808 4503 1118 4574 Ἀπέριττον
1135 4504 1359 4557 σεαυτοῦ
1386 4506 1483 4576 τὴν
1502 4504 1677 4576 ψυχὴν
1693 4523 1860 4577 παρα-

1954 3302 2178 3355 vulnera
2229 3317 2324 3372 per
2372 3301 2611 3372 gladium
2647 3302 2965 3372 ancipitem,
3012 3310 3067 3357 et
3102 3303 3396 3356 maximum
3435 3319 3527 3359 en-

1953 3410 2067 3450 sem
2117 3394 2322 3450 inﬂicta
2344 3435 2359 3460 ,
2395 3395 2703 3464 cujusmodi
2746 3406 2894 3459 sunt,
2926 3394 3238 3460 fornicatio,
3273 3396 3523 3459 avaritia,

1953 3486 2342 3548 homicidium,
2406 3488 2634 3542 salutari
2689 3487 3020 3556 ptenitentia:
3067 3487 3272 3541 medela
3336 3498 3532 3542 curata.

1955 3577 2481 3646 fuerintzsuperbia
2538 3592 2685 3642 vero,
2732 3577 3055 3645 injuriarum
3102 3577 3384 3640 memoria,
3429 3580 3522 3634 ob-

1952 3667 2243 3731 trectatio,
2293 3682 2414 3736 quae
2447 3683 2546 3736 pro
2583 3667 2825 3722 minimis
2877 3667 2999 3721 telis
3049 3666 3335 3730 habentur,
3384 3668 3543 3724 claim

1911 3807 1920 3815 .
1956 3758 2348 3823 interemerint,
2381 3758 2515 3827 ipsis
2538 3757 2900 3812 nobilioribus
2927 3755 3121 3809 animae
3157 3757 3403 3825 partibus
3429 3757 3526 3813 de-

1955 3851 2080 3906 fixa.
2110 3850 2236 3905 Herc
2258 3860 2436 3906 autem
2460 3865 2570 3904 non
2596 3849 2864 3918 gravitate
2897 3847 3139 3902 vulneris
3165 3847 3540 3915 interﬁciunt,

1956 3941 2052 3996 sed
2099 3941 2311 3995 incuria
2349 3939 2781 4002 vulneratorum,
2817 3937 2911 4007 qui
2963 3951 3088 3991 cum
3134 3935 3544 3993 detractionem.

1955 4048 2078 4088 cum
2112 4032 2336 4102 reliquis
2365 4032 2512 4087 vitiis
2538 4031 2694 4085 nihili
2737 4029 2995 4101 pendant,
3019 4027 3279 4099 paulatim
3311 4045 3406 4099 per
3429 4031 3527 4085 illa

1956 4131 2204 4194 pereunt.

2025 4214 2112 4268 66.
2154 4213 2329 4270 Grave
2357 4214 2521 4285 igitur
2536 4222 2591 4269 et
2617 4215 2986 4284 perniciosum
3009 4216 3289 4287 quidpiam
3313 4226 3396 4272 est
3425 4217 3536 4271 οὓς.

1956 4306 2231 4366 trectatio,
2259 4319 2379 4375 qua:
2407 4305 2567 4361 cibus
2599 4315 2684 4361 est
2725 4321 2792 4360 ac
2822 4306 2989 4360 veluti
3019 4311 3235 4378 requies
3266 4323 3528 4377 quorum-

1956 4397 2081 4451 dam
2135 4397 2438 4457 hominum.
2491 4396 2571 4452 Tu
2621 4412 2752 4453 vero
2799 4413 2867 4452 ne
2911 4398 3152 4468 excipias
3196 4399 3544 4453 auditionem.

1959 4491 2180 4554 malam,
2209 4506 2277 4544 ne
2298 4490 2601 4545 alienorum
2624 4491 2894 4544 malorum
2925 4505 2988 4543 ac
3005 4492 3258 4545 vitiorum
3283 4501 3526 4560 recepta-

296 4587 551 4654 σκεύαζε.
600 4590 992 4664 Ὑποδεξαμένη
1037 4594 1145 4665 γάρ
1177 4596 1276 4667 τὴν
1312 4596 1517 4667 δυσώδη
1550 4597 1656 4650 τῶν
1685 4598 1854 4665 λόγων

1962 4587 2143 4640 culum
2168 4583 2389 4640 evadas.
2418 4583 2675 4647 Animam
2705 4592 2854 4637 tuam
2881 4583 3080 4637 reddas
3119 4583 3407 4653 superiluis
3427 4601 3526 4638 va-

295 4679 654 4750 ἀκαθαρσίαν,
679 4683 899 4752 κηλίδας
930 4687 994 4754 τῇ
1030 4685 1160 4755 εὐχῇ
1192 4702 1286 4738 σου
1321 4686 1608 4756 προσάξεις
1637 4687 1726 4740 διὰ
1750 4687 1859 4740 τῶν

293 4767 590 4838 λογισμῶν,
608 4771 703 4823 καὶ
727 4771 980 4836 ἀναιτίως
1004 4773 1252 4843 μισήσεις
1270 4774 1394 4836 τοὺς
1414 4774 1858 4843 ἐντυγχάνοντας.

295 4860 722 4934 Καταόαφείσης
749 4863 857 4934 γάρ
882 4881 975 4917 σου
1007 4864 1106 4934 τῆς
1129 4865 1295 4934 ἀκοῆς
1321 4865 1424 4918 ὑπὸ
1444 4868 1542 4937 τῆς
1560 4867 1667 4918 τῶν
1694 4883 1859 4920 κακοο

297 4947 601 5016 λογούντων
625 4951 1039 5024 ἀπανθρωπίας,
1065 4954 1302 5022 ἀγεννῶς
1333 4956 1494 5006 πᾶσιν
1515 4955 1859 5019 ὲνατενίσεις·

297 5037 548 5111 καθάπερ
573 5039 602 5090 ό
633 5039 926 5110 ὀφθαλμὸς,
958 5042 1204 5114 χρώματι
1230 5043 1626 5114 ἀκρατέστερον
1662 5047 1864 5116 προλη-

297 5129 473 5197 φθεὶς,
509 5130 818 5202 ἀδιάκριτον
852 5132 963 5204 ἔχει
993 5135 1119 5204 περὶ
1154 5133 1222 5187 τὰ
1252 5132 1502 5205 ὁρώμενα
1529 5134 1626 5205 τὴν
1656 5153 1858 5204 φαντα-

297 5237 436 5272 σιαν.

367 5401 455 5456 67.
497 5403 590 5455 Δεῖ
632 5398 724 5456 οὖν
774 5399 1132 5473 φυλάττεσθαι
1182 5403 1282 5474 τὴν
1329 5403 1574 5471 γλῶτταν
1626 5405 1719 5457 καὶ
1765 5404 1864 5474 τὴν

298 5493 488 5565 ἀκοὴν,
517 5494 651 5565 πρὸς
675 5494 736 5547 τὸ
767 5495 901 5564 μήτε
929 5493 1105 5562 λέγειν
1131 5512 1182 5547 τι
1206 5493 1462 5558 τοιοῦτον,
1490 5497 1624 5565 μήτε
1650 5494 1866 5548 ἀκούειν

301 5585 582 5658 ἐμπαθῶς.
617 5586 928 5657 Γέγραπται
969 5585 1097 5656 γὰρ,
1122 5585 1199 5649 ὡς
1233 5584 1330 5667 Μὴ
1363 5585 1559 5654 ἀκοὴν
1609 5585 1868 5655 ματαίαν

374 5745 412 5774 ’⁷
438 5742 630 5798 Matth.
649 5761 701 5808 ν,
724 5742 814 5797 24.
895 5744 933 5775 ⁸⁸
953 5743 1151 5812 Ephes.
1174 5759 1244 5810 tv,
1263 5742 1352 5797 26.
1433 5743 1473 5775 ¹⁹
1496 5741 1680 5798 Matth.
1703 5741 1885 5806 v1.34.

1961 4692 2145 4732 cnam.
2176 4676 2233 4730 Si
2265 4691 2497 4746 namque
2536 4673 2778 4744 putidam
2813 4689 3124 4730 sermonum
3157 4675 3396 4729 illuviem
3427 4676 3543 4729 ad--

1963 4769 2202 4831 miseris,
2237 4768 2482 4822 maculas
2511 4765 2746 4820 orationi
2783 4772 2894 4819 tua:
2919 4780 3174 4834 asperges
3210 4781 3306 4834 per
3333 4765 3541 4834 hujus--

1967 4857 2114 4912 modi
2143 4857 2521 4926 cogitationes,
2559 4862 2614 4908 et
2643 4853 2851 4923 absque
2882 4868 3050 4908 causa
3084 4853 3266 4908 oderis
3303 4869 3406 4908 eos
3434 4853 3546 4922 qui-

1965 4957 2144 5002 tecum
2191 4953 2499 5000 versantur.
2546 4944 2719 5015 63o
2743 4941 2971 5000 lmbutis
3013 4959 3249 5013 namque
3299 4945 3527 5001 auri-bus

1969 5039 2078 5094 tuis
2106 5039 2534 5092 obtrectatorum
2581 5034 3001 5098 inhumanitate,
3047 5034 3300 5090 illiberali
3345 5035 3528 5088 animo

1963 5137 2196 5183 cunctos
2220 5126 2497 5197 aspicies:
2525 5122 2982 5195 quemadmodum
3019 5124 3216 5176 oculus
3243 5122 3530 5177 vehemen-

1961 5220 2102 5274 tiore
2124 5227 2424 5288 occupatus
2449 5215 2970 5281 colore,_obscuram
3003 5213 3176 5267 habut-
3199 5229 3376 5268 rerum
3401 5228 3530 5282 per-

1959 5311 2281 5380 captionem.

2033 5400 2124 5455 67.
2163 5397 2392 5469 Oportet
2431 5398 2597 5469 igitur
2639 5399 2876 5468 linguam
2916 5411 3188 5465 auresque
3233 5396 3534 5459 custodire,

1962 5503 2030 5544 ne
2056 5488 2183 5558 quid
2215 5488 2488 5558 ejusmodi
2536 5489 2769 5543 libenter
2798 5487 3088 5540 audiamus
3132 5485 3216 5539 vel
3259 5483 3529 5541 dicamus.

1964 5583 2260 5652 Scriptum
2296 5595 2530 5651 namque
2559 5587 2642 5637 est
2673 5600 2686 5634 :
2716 5577 2837 5632 Non
2871 5576 3170 5645 suscipietis
3210 5573 3535 5630 auditionem

1965 5738 2264 5805 "Psalm,
2309 5739 2351 5792 Ι.
2432 5737 2471 5768 ²¹
2517 5734 2649 5791 ibi-l.
2729 5735 2773 5761 "
2814 5733 3021 5789 ibidJ.
3118 5733 3161 5763 ³³
3205 5731 3329 5785 ibid.
3361 5731 3414 5783 7.
