4032 6376
283 337 424 392 1529

1412 343 1573 398 ῊΤΑ
1614 342 1909 402 SANCTA'Z
1948 340 2423 399 SYNCLETICA‘I.

3388 349 3527 404 1550

280 457 374 509 καὶ
400 455 504 509 ὑπὸ
527 454 635 509 τῶν
654 455 999 529 θεωρούντων
1019 463 1076 516 δὲ
1102 464 1297 529 αὐτοὺς
1327 463 1706 532 συνδιάγοντας
1732 465 1846 529 τοῖς

1946 460 2079 515 dent
2124 459 2248 516 illos
2292 473 2405 514 una
2443 457 2643 530 degere
2672 473 2796 514 cum
2827 459 3348 531 negligentioribus:
3373 463 3526 533 ipsos

279 546 663 619 ἀμελεστέροις
683 548 1051 619 χλευάζονται·
1078 555 1172 608 καὶ
1194 555 1302 627 γάρ
1322 555 1515 620 αὐτοὺς
1531 554 1607 619 ὡς
1629 555 1848 626 ὁμοίους

279 638 458 692 αὐτῶν
486 638 881 696 διαϐάλλουσιν.
910 647 971 697 υἱ
1000 644 1058 698 δὲ
1090 645 1165 709 ώς
1184 647 1442 707 ἐπαίνους
1471 646 1540 701 τὰ
1566 647 1716 717 παρά
1738 646 1847 700 τῶν

279 728 378 783 ἀνθ
389 727 584 800 ρώπων
609 730 918 797 ἀκούοντες,
941 735 1111 800 ἀδεῶς
1132 737 1193 791 τὸ
1208 738 1347 793 θεῖον
1373 738 1532 811 ἔργον
1547 740 1845 795 ἐκτελοῦσι.

280 820 522 888 Χαίρετε
562 821 691 892 7&9,
732 823 885 894 φησι,
937 828 1037 881 καί
1086 827 1478 897 ἀγαλλιᾶσθε,
1526 830 1673 885 ὅταν
1726 830 1849 887 πᾶν

279 910 506 980 ψεῦδος
530 913 741 967 εἴπωσι
765 918 893 969 καθ’
919 916 1085 986 ὑμῶν
1114 922 1168 973 οι
1194 919 1510 990 ἅνθρωποι.
1545 922 1848 995 Δεσποτικὴ

283 1002 383 1073 μὲν
414 999 507 1055 οὖν
539 1003 743 1058 τούτων
789 1007 822 1077 ἡ
871 1010 1084 1079 πρᾶξιςο
1136 1012 1231 1065 καὶ
1276 1013 1385 1084 7&9
1417 1015 1445 1066 ὁ
1478 1013 1684 1086 Κύριος
1711 1016 1848 1085 μετά

278 1090 525 1146 τελωνῶν
552 1094 645 1147 καὶ
669 1096 1008 1167 ἁμαρτωλῶν
1032 1098 1186 1171 ἤσθιε
1207 1117 1221 1131 ·
1262 1101 1459 1172 μᾶλλον
1501 1103 1557 1157 δὲ
1606 1104 1848 1173 φιλάδελ-

279 1200 378 1250 φος
417 1186 450 1250 ἠ
497 1184 700 1240 τούτων
743 1187 934 1260 γνώμη
982 1192 1125 1263 ἢπερ
1177 1193 1452 1268 φίλαυτος2
1502 1196 1712 1268 Ὠσπερ
1738 1196 1847 1268 γάρ

277 1276 637 1346 ἐμπρησμοὺς
662 1278 845 1332 οἰκιῶν
866 1280 1098 1353 ὁρῶντες
1127 1285 1252 1348 τοὺς
1285 1286 1722 1358 ἁμαρτάνοντας,
1754 1291 1847 1343 καὶ

275 1363 383 1420 τῶν
441 1366 584 1421 ἰδίων
621 1373 1161 1443 καταφρονήσαντες,
1201 1376 1281 1445 τάξ
1312 1376 1565 1450 ἀλλότρια
1603 1381 1696 1433 καὶ
1743 1380 1848 1433 ἀπ-

275 1455 541 1527 ολλύμενα
584 1458 776 1540 σώζειν
800 1461 1246 1536 διισχυρίζονταιο
1280 1466 1374 1520 καὶ
1398 1468 1846 1540 περιφλεγόμενοι

275 1548 340 1602 ἐκ
364 1548 475 1603 τῶν
504 1538 811 1606 καυστιῖιῶν
840 1553 1068 1626 ὕϐρεων,
1097 1557 1396 1627 ἀνέχονται.
1428 1538 1492 1613 Οί
1517 1560 1576 1613 δέ
1603 1576 1664 1629 γε
1691 1538 1846 1632 μέσοι

273 1639 370 1692 ἐὰν
398 1639 550 1695 ἴδωσι
574 1642 663 1696 τὸν
693 1643 919 1714 ἀδελφὸν
949 1647 1053 1700 ὑπὸ
1071 1647 1170 1719 τῆς
1194 1649 1466 1721 ἁμαρτίας
1494 1651 1842 1723 φλεγόμενον,

271 1728 662 1799 ἀποφεύγουσι,
684 1731 979 1799 δεδοικότες
1025 1736 1099 1807 μὴ
1142 1739 1235 1790 καὶ
1276 1741 1357 1803 είς
1397 1741 1594 1804 αὐτοὺς
1634 1741 1696 1795 τὸ
1735 1742 1844 1814 πῦρ

1952 567 2190 623 namque
2227 551 2389 621 quasi
2433 549 2546 615 illis
2605 550 2816 606 similes
2865 561 3049 608 essent
3099 553 3539 613 calumniantur.-

1952 642 2063 714 lpsi
2093 657 2225 697 vero
2250 641 2534 696 hominum
2564 641 2931 698 contumelias
2963 643 3119 713 quasi
3151 644 3340 701 laudes
3376 646 3525 701 acci-

1949 733 2187 803 pientes,
2227 731 2502 802 intrepide
2531 731 2778 786 divinum
2807 746 2946 803 opus
2965 743 3357 805 exsequuntur.
3381 735 3519 793 Nam

1948 823 2025 875 ait
2053 842 2066 876 :
2088 820 2326 876 Gaudete
2345 831 2397 876 et
2414 823 2696 886 exsultate,
2716 840 2833 877 cum
2855 840 3006 881 antae
3030 826 3354 881 mendacium
3371 828 3522 885 dixe—

1946 913 2056 966 rint
2095 912 2330 966 homines
2371 912 2649 966 adversum
2695 929 2780 967 vos
2802 913 2868 967 ³¹.
2905 913 3245 971 Dominicum
3287 927 3372 972 est
3401 918 3519 973 bu-

1942 1002 2185 1073 jusmodi
2219 1003 2493 1071 cilicium;
2530 1003 2791 1060 Dominus
2824 1007 2969 1060 enim
2998 1007 3360 1064 manducabat
3391 1025 3518 1065 cum

1946 1094 2259 1166 publicanis
2292 1103 2348 1151 et
2376 1095 2781 1165 peccatoribus.
2808 1095 3007 1151 Eorum
3042 1098 3258 1153 animus
3287 1098 3518 1154 fratrum

1946 1186 2122 1256 magis
2167 1200 2331 1256 quam
2367 1187 2454 1241 sui
2496 1201 2689 1243 amans
2718 1194 2822 1243 est.
2867 1186 3003 1243 Cum
3056 1188 3199 1244 enim
3231 1198 3519 1261 peccantes

1946 1277 2155 1341 vident,
2192 1275 2341 1330 haud
2376 1290 2561 1341 secus,
2600 1291 2665 1330 ac
2702 1277 2748 1331 si
2780 1277 3064 1332 domorum
3102 1279 3350 1334 incendia
3381 1295 3518 1335 con-

1948 1367 2244 1438 spicerent,
2281 1367 2548 1436 neglectis
2593 1367 2732 1431 suis,
2767 1368 2942 1424 aliena
2966 1385 3087 1439 qua:
3130 1378 3359 1441 pereunt
3398 1386 3517 1426 ser-

1949 1474 2075 1515 vare
2114 1458 2387 1524 nituntur,
2427 1466 2590 1529 atque
2622 1460 2943 1516 ardentibus
2972 1461 3131 1533 631
3172 1463 3519 1518 contumeliis

1950 1549 2251 1613 combusti,
2279 1550 2331 1605 id
2362 1549 2626 1604 tolerant.
2657 1548 2760 1616 Qui
2790 1559 2972 1606 autem
3003 1551 3168 1607 medii
3192 1562 3339 1614 sunt,
3373 1553 3420 1607 si
3446 1554 3522 1608 vi—

1950 1640 2137 1696 derint
2190 1638 2418 1697 fratrem
2472 1651 2699 1712 peccato
2739 1641 3016 1697 ardentem
3072 1642 3517 1716 flagrantemque,

1949 1733 2260 1803 aufugiunt,
2295 1732 2459 1788 veriti
2490 1748 2560 1789 ne
2592 1732 2659 1788 ad
2692 1748 2753 1789 se
2779 1749 2999 1805 quoque
3042 1734 3183 1807 ignis
3216 1738 3515 1808 pertingat.

271 1818 596 1894 διανεμηθῇ.
634 1825 698 1877 Ui
723 1824 780 1877 δέ
810 1842 873 1892 γε
903 1826 1096 1897 τρίτοι,
1125 1828 1376 1899 χαλεπῶν
1404 1830 1660 1899 γειτόνων
1686 1832 1839 1904 δίκην

1946 1823 2114 1879 Tertii
2163 1831 2343 1879 autem
2385 1824 2653 1879 malorum
2694 1825 3002 1881 vicinorum
3047 1835 3232 1897 partes
3272 1839 3515 1899 agentes,

272 1910 579 1980 ἐπέχοντες,
621 1916 748 1978 τοὺς
794 1916 1116 1985 καιομένους
1151 1919 1244 1972 ἐπὶ
1283 1920 1464 1974 πλεῖον
1498 1921 1839 1989 ἐξάπτουσιν,

273 2000 405 2066 ὔλας
420 2003 615 2067 αὐτοὺς
644 2004 780 2076 (90')
810 2008 948 2078 πρὸς
968 2007 1263 2074 ἀπώλειαν,
1291 2011 1391 2081 τὴν
1416 2011 1623 2066 οἰκείαν
1645 2015 1842 2068 κακίαν

271 2094 695 2166 προσφέροντες.
755 2098 966 2171 Ὠσπερ
1026 2099 1135 2173 γὰρ
1194 2103 1449 2175 πισσηρῷ
1503 2104 1841 2172 διαλαϐόντες

274 2185 467 2258 πλοίῳ,
504 2188 624 2241 ἀντὶ¹
664 2188 853 2255 ὓδατος
899 2192 1121 2265 κεδρίαν
1167 2195 1564 2256 ἐπιϐάλλουσιν.
1601 2201 1664 2252 Ui
1693 2200 1750 2253 δέ
1777 2217 1841 2269 γε

270 2279 504 2333 ἐναντίοι
534 2280 764 2347 τούτοις,
792 2285 841 2336 oi
873 2284 1090 2353 ἀγαθοὶ,
1117 2285 1186 2339 τά
1222 2287 1397 2341 οἰκεῖα
1440 2292 1693 2361 κτήματα
1719 2292 1841 2346 δεύ-

268 2385 404 2441 τερα
434 2368 618 2425 ἔθεντο
654 2373 754 2443 τῆς
779 2374 1001 2428 ἐκείνων
1029 2377 1316 2449 σωτηρίας.
1363 2379 1547 2435 Ταῦτα
1585 2384 1684 2453 τῆς
1708 2384 1842 2455 άλη-

270 2460 427 2531 θινῆς
468 2462 689 2533 ἀγάπης
734 2464 804 2517 τά
852 2466 1148 2537 τεκμήρια·
1199 2464 1346 2523 οὗτοι
1387 2471 1487 2541 τῆς
1520 2471 1844 2544 εἰλικρινοῦς

268 2551 490 2623 ἀγάπης
520 2556 568 2607 οἰ
593 2555 851 2623 φύλακες.
1656 2602 1662 2608 ι

343 2643 430 2698 7‘2.
468 2645 679 2719 Ὥσπερ
708 2647 765 2701 δὲ
788 2647 857 2701 τά
883 2649 1029 2704 δεινά
1060 2650 1119 2706 ἓν
1163 2650 1231 2704 δι’
1298 2653 1417 2715 ἐνὸς
1468 2652 1728 2724 ἤρτηται·
1774 2656 1841 2725 τῇ

279 2732 389 2805 γὰρ
413 2734 747 2807 φιλαργυρίᾳ
780 2737 1061 2793 ἀκολουθεῖ
1101 2740 1311 2810 φθόνος,
1360 2741 1530 2808 δόλος,
1569 2744 1841 2814 ἐπιορκία,

285 2824 474 2896 θυμὸς,
506 2829 872 2898 μνησικακία·
937 2830 1078 2885 οὕτω
1137 2831 1208 2887 τά
1249 2833 1466 2888 ἐναντία
1519 2835 1721 2889 τούτων
1748 2835 1845 2906 τῆς

274 2916 497 2988 ἀγάπης
524 2916 702 2988 ἔχεται
729 2936 743 2950 ·
776 2922 1022 2994 πραΰτης
1047 2922 1109 2993 δὴ
1157 2922 1301 2992 λέγω
1346 2925 1442 2978 καὶ
1477 2926 1842 2997 μακροθυμία,

272 2997 369 3064 καλ
419 3009 759 3076 ἀνεξικακία,
808 3014 901 3065 καὶ
953 3014 1014 3066 τὸ
1044 3013 1247 3067 τέλειον
1277 3016 1502 3084 ἀγαθὸν,
1534 3019 1568 3088 ἠ
1601 3018 1844 3089 ἀκτημο-

271 3099 426 3171 σύνη.
486 3102 599 3155 υύκ
629 3102 899 3172 ἐνδέχεται
941 3104 1051 3173 γάρ
1079 3121 1201 3157 τινα
1245 3105 1448 3178 ταύτης
1474 3108 1592 3177 ’τῆς
1621 3109 1839 3180 ἀρετῆς,

269 3190 415 3261 λέγω
434 3190 498 3263 δὴ
523 3193 624 3263 τῆς
656 3195 896 3264 ἀγάπης,
927 3195 1234 3266 ἐφικέσθαι,
1256 3198 1303 3250 εἰ
1354 3198 1428 3268 μὴ
1452 3198 1517 3251 ἐκ
1541 3199 1639 3269 τῆς
1685 3201 1847 3272 ἀκτη-

202 3324 209 3329 ι
273 3285 544 3357 μοσύνης·
577 3288 640 3340 οὐ
686 3286 793 3359 7&9
821 3289 958 3359 πρὸς
1008 3289 1104 3343 ἕνα
1163 3288 1446 3362 ἄνθρωπον
1468 3293 1498 3345 ὁ
1522 3291 1722 3362 Κύριος
1749 3292 1848 3363 τὴν

270 3374 491 3446 ἀγάπην
515 3377 832 3441 ἐνετείλατο,
866 3377 1000 3431 ἀλλά
1053 3381 1190 3451 πρδς
1237 3381 1499 3445 ἅπαντας.
1552 3382 1758 3435 Οὐκοῦν
1785 3384 1847 3437 οὐ

268 3466 387 3519 δέον
414 3466 638 3536 ἔχοντας
685 3470 926 3539 παριδεῖν
954 3470 1082 3534 τοὺς
1108 3472 1428 3543 χρῄζοντας.
1475 3471 1847 3530 ’Υποκλέπτε-

269 3574 360 3611 ται
389 3557 507 3629 (οι)
532 3558 640 3629 γάρ
658 3559 719 3613 τὸ
749 3560 851 3631 τῆς
876 3562 1114 3634 ἀγάπης.
1145 3564 1218 3617 Τὸ
1257 3564 1354 3634 μὲν
1383 3563 1492 3636 γὰρ
1544 3567 1707 3619 πᾶσιν
1734 3567 1850 3633 ἐξα-

273 3650 427 3720 ρκ.¹ίν
469 3649 725 3704 άδόνατον
748 3651 1019 3724 ἀνθρώπῳ
1038 3669 1052 3683 ·
1085 3652 1221 3706 Θεοῦ
1258 3653 1316 3706 δὲ
1336 3654 1494 3707 τοῦτο
1520 3653 1699 3727 ἔργον.

340 3824 430 3878 75.
469 3823 535 3877 Τί
575 3819 689 3890 οὖν,
712 3825 898 3895 φησὶν,
931 3826 960 3879 ὁ
985 3826 1060 3898 μὴ
1091 3826 1250 3897 ἔχων,
1291 3830 1420 3901 περί
1479 3830 1846 3901 ἐλεημοσύνης

268 3915 535 3987 ἀγωνίζῃ,
562 3916 657 3969 καὶ
688 3917 824 3988 αὕτη
861 3934 942 3971 σοι
975 3919 1246 3989 πρόφασις
1259 3920 1352 3974 τοῦ
1377 3921 1681 3991 κτήσασθαι
1708 3923 1847 3991 γίνεο

267 4023 397 4073 ταις
427 4009 723 4076 Κοσμικοῑς
762 4006 922 4060 τοῦτο
966 4009 1388 4080 προστέτακται.
1423 4011 1498 4064 Οὐ
1528 4013 1636 4083 γάρ
1660 4011 1844 4065 τοσοῦ-

267 4114 362 4151 τον
400 4099 540 4169 πρὸς
568 4098 630 4151 τὸ
653 4098 922 4175 τραφῆναι
946 4100 1038 4153 τὸν
1062 4100 1318 4172 πένηταή
1343 4101 1680 4174 ἐλεημοσύνη
1713 4102 1845 4175 ὥρι-

272 4207 419 4254 σται,
442 4192 565 4245 ὅσον
589 4190 676 4244 διὰ
700 4172 798 4262 τῆν
829 4192 1069 4264 ἀγάπην.
1117 4193 1174 4247 Ὀ
1198 4193 1305 4266 7&9
1326 4194 1418 4247 τὸν
1441 4172 1693 4249 πλούσιον
1715 4172 1844 4249 διοι·

270 4282 386 4335 κῶν
415 4282 548 4346 Θεὸς
585 4284 681 4337 καὶ
738 4283 830 4338 τὸν
887 4285 1096 4355 πένητα
1140 4286 1351 4357 τρέφει.
1380 4287 1656 4359 Περιττῶς
1686 4284 1778 4342 οὖν
1806 4290 1841 4357 ἠ

270 4371 612 4443 ἐλεημοσύνη
638 4373 985 4445 προσετάγη;
1014 4376 1105 4446 Μὴ
1130 4376 1341 4445 γένοιτο
1366 4377 1531 4431 ιάλλά
1557 4377 1699 4450 ἀρχὴ
1742 4377 1843 4447 τῆς

271 4463 629 4569 ἀγάιιὲηςετοῑὶς⁵
658 4465 743 4569 μὴ.
760 4464 921 4569 εἰδόσι
937 4466 1162 4569 γίνεται.
1184 4468 1395 4540 Ὥσπερ
1412 4468 1522 4540 γὰρ
1548 4470 1837 4569 ύπογραμ-
1870 4515 1911 4569 D

274 4552 373 4622 μὸς
394 4547 464 4623 ἦν
497 4553 532 4623 η
561 4552 662 4622 τῆς
719 4553 1083 4625 ἀκροϐυστίας
1130 4558 1401 4630 περιτομὴ
1452 4558 1552 4628 τῆς
1587 4557 1835 4629 καρδίας,

270 4642 443 4706 οὔτως
472 4645 506 4714 ἡ
533 4643 866 4717 ἐλεημοσύνη
917 4645 1018 4716 τῆς
1080 4647 1300 4717 ἀγάπης
1334 4648 1651 4711 διδάσκαλος
1707 4663 1842 4702 κατ-

271 4733 426 4805 έστη.
475 4728 570 4797 Οἷς
597 4730 690 4789 οὖν
742 4736 775 4806 ἡ
804 4736 991 4807 ἀγάπη
1020 4737 1085 4790 ἐκ
1109 4737 1328 4809 χάριτος
1369 4737 1526 4809 ἐδόθη
1550 4737 1774 4810 περιττὴ
1804 4740 1838 4811 ή

270 4824 626 4896 ἐλεημοσύνη.

344 4914 431 4968 74.
462 4913 540 4968 Οὐ
567 4914 924 4968 διαϐάλλουσα
948 4916 1041 4969 τὸν
1098 4914 1246 4971 ἔλεον
1284 4916 1455 4970 ταῦτα
1484 4916 1627 4984 λεγω
1652 4934 1666 4947 ·
1700 4915 1839 4971 ἀλλά

269 5004 374 5076 τῆς
411 5005 791 5078 ἀκτημοσύνης
821 5006 882 5060 τὸ
924 5007 1160 5079 καθαρὸν
1188 5008 1524 5063 δεικνύουσα.
1559 5009 1649 5079 Μὴ
1693 5008 1838 5077 γινέ-
1875 5012 1887 5023 ”

272 5097 387 5150 σθω
412 5091 505 5149 οὖν
531 5096 764 5160 κώλυσις
791 5097 852 5151 τὸ
877 5098 1095 5153 ἔλαττον
1121 5100 1214 5153 τοῦ
1246 5100 1535 5170 μείζονος..
1554 5100 1643 5153 Ἐν
1672 5099 1837 5171 ὀλίγῳ

269 5186 333 5239 τὸ
366 5185 560 5256 μικρὸν
595 5185 995 5257 κατώρθωσας·
1021 5189 1199 5244 πάντα
1222 5189 1332 5262 γὰρ
1365 5190 1454 5259 ὑφ’
1488 5188 1547 5243 ἓν
1573 5188 1836 5254 δέδωκας·

272 5276 412 5350 πρὸς
443 5277 507 5330 τὸ
538 5277 720 5347 μεῖζον
746 5277 928 5332 λοιπὸν
951 5281 1262 5347 ἀνάνευσον,
1293 5283 1392 5354 τὴν
1408 5280 1648 5352 ἀγάπην.
1671 5283 1839 5337 Σταυ-

274 5367 506 5439 ροφόρος
540 5367 650 5440 γάρ
697 5370 999 5440 τυγχάνεις.
1045 5374 1117 5426 Σὺ
1161 5374 1263 5443 τὴν
1315 5374 1605 5446 ἐλευθέραν
1659 5375 1844 5445 φωνὴν

270 5459 509 5524 ὀφείλεις
559 5458 753 5526 εἰπεῖν,
801 5462 884 5527 τὸ,
926 5462 1079 5517 ἰδεὺ
1110 5464 1308 5520 πάντα
1348 5465 1684 5537 ἀφήκαμεν,
1740 5466 1837 5521 καί

342 5615 387 5646 ³⁸
428 5613 616 5691 Matth.
652 5631 704 5680 ν,
735 5616 820 5670 il.

344 5703 481 5775 (90')
522 5703 704 5769 Forte.
732 5705 931 5769 αὐτοῖς.
963 5705 1117 5760 Eutr.

1941 1932 2037 1972 eos
2082 1916 2174 1986 qui
2210 1915 2610 1970 comburuntur
2648 1916 2825 1986 magis
2889 1917 3250 1985 succendunt,
3313 1919 3523 1976 submi-

1940 2009 2173 2063 nistrata
2205 2006 2314 2061 illis
2343 2006 2411 2060 ad
2439 2006 2714 2061 interitum
2766 2007 3017 2075 materia,
3056 2009 3277 2079 propria
3309 2011 3521 2066 scilicet

1941 2100 2172 2154 malitia.
2202 2099 2337 2154 Nam
2379 2113 2445 2153 ac
2482 2099 2529 2155 si
2563 2099 2685 2170 pice
2717 2100 2916 2154 illitum
2957 2101 3235 2170 navigium
3281 2101 3521 2158 oilende-

1940 2202 2213 2265 renl,pro
2239 2207 2380 2261 aqua
2409 2192 2650 2246 cedriam
2675 2191 2912 2246 resinam
2946 2191 3267 2248 immittunt.
3312 2194 3518 2250 Contra

1940 2298 2073 2338 vero
2105 2284 2259 2353 probi
2291 2282 2562 2347 homines,
2598 2279 2853 2350 proprias
2881 2279 3180 2336 facultates
3212 2295 3398 2336 eorum
3428 2296 3520 2338 sa-

1942 2373 2043 2428 luti
2072 2373 2421 2444 posthabent.
2453 2371 2581 2428 Haec
2606 2380 2737 2427 sunt
2760 2388 2902 2427 vera:
2929 2381 3249 2443 argumenta
3274 2374 3518 2428 charita-

1943 2469 2046 2534 tis;
2074 2467 2132 2521 hi
2162 2467 2391 2523 sincera:
2422 2466 2731 2522 dilectionis
2762 2464 3040 2521 custodes.
3428 2482 3433 2485 ν

2016 2645 2103 2700 7‘2.
2145 2642 2297 2699 Sicut
2325 2651 2504 2699 autem
2532 2643 2663 2699 vitia
2690 2658 2855 2699 unum
2880 2642 2948 2697 ab
2979 2643 3086 2697 alio
3114 2642 3351 2712 pendent
3380 2661 3396 2697 :
3427 2644 3517 2699 ni-

1945 2733 2141 2788 mirum
2169 2734 2453 2787 avaritiam
2478 2733 2724 2802 sequitur
2746 2732 2971 2798 invidia,
2989 2731 3167 2797 dolus,
3192 2733 3513 2803 perjurium.

1944 2824 2047 2880 ira.
2073 2825 2332 2880 memoria
2371 2824 2728 2893 iniuriarum;
2776 2823 2857 2878 sic
2905 2837 3025 2893 quae
3082 2823 3192 2878 illis
3241 2826 3516 2881 contraria

1945 2921 2074 2970 sunt
2094 2915 2413 2970 charitatem
2439 2920 2850 2983 consequuntur
2873 2930 2888 2967 :
2924 2912 3282 2968 mansuetudo
3300 2929 3513 2985 nempe,

1946 3003 2367 3075 aequanimitas,
2410 3003 2719 3067 tolerantia,
2756 3010 2811 3057 et
2871 3001 3134 3057 bonorum
3183 3001 3515 3071 perfectissi-

1947 3110 2094 3149 mum
2165 3095 2470 3149 voluntaria
2551 3102 2865 3164 paupertas.
2936 3092 3056 3147 Non
3118 3092 3264 3147 enim
3338 3102 3515 3164 potest

1946 3184 2217 3256 quispiam
2245 3201 2364 3241 eam
2397 3183 2549 3239 adire
2574 3185 2829 3238 virtutem
2854 3222 2871 3246 ,
2914 3183 3123 3239 scilicet
3151 3184 3468 3239 charitatem
3496 3225 3512 3248 ,

1946 3277 2052 3332 nisi
2086 3292 2181 3346 per
2203 3276 2565 3333 voluntariam
2598 3283 2995 3347 paupertatem.
3028 3274 3214 3347 Neque
3233 3276 3376 3330 enim
3410 3273 3516 3331 Do-

1952 3368 2135 3421 minus
2167 3368 2487 3421 charitatem
2529 3365 2808 3421 mandavit
2839 3380 2968 3436 erga
3009 3380 3176 3420 unum
3218 3366 3514 3432 hominem,

1956 3456 2051 3513 sed
2081 3470 2211 3528 erga
2234 3471 2445 3513 omnes.
2473 3451 2600 3512 Non
2621 3453 2776 3512 decet
2789 3454 2975 3526 igitur
3014 3469 3110 3511 eos
3151 3470 3244 3526 qui
3288 3457 3517 3510 faculta-

1946 3560 2057 3604 tum
2091 3549 2375 3620 potiuntur
2396 3561 2598 3618 egenos
2623 3545 2924 3616 despicere.
2946 3544 3037 3601 Sic
3060 3560 3294 3615 namque
3311 3546 3517 3599 subdu-

1949 3648 2107 3695 cetur
2127 3655 2158 3694 a
2187 3638 2472 3694 charitate.
2497 3636 2631 3690 Nam
2682 3636 3027 3705 suppeditare
3075 3635 3329 3691 omnibus
3357 3651 3516 3691 nemo

1944 3738 2145 3802 potest,
2172 3746 2297 3785 cum
2323 3729 2394 3785 sit
2416 3727 2548 3783 illud
2577 3728 2749 3783 solius
2782 3726 2876 3782 Dei
2909 3743 3064 3797 opus.

2016 3822 2101 3876 73.
2125 3819 2268 3887 Quid
2299 3833 2449 3889 ergo,
2474 3817 2672 3890 inquit,
2696 3817 2789 3889 qui
2818 3816 2953 3871 nihil
2989 3816 3260 3886 possides,
3287 3825 3515 3871 conten-

1943 3913 2030 3968 dis
2059 3913 2125 3968 de
2169 3913 2546 3982 eleemosyna,
2581 3909 2809 3980 ipsaque
2849 3909 2946 3962 tibi
2977 3914 3063 3962 est
3091 3906 3309 3962 occasio
3346 3908 3519 3976 possi-

1942 4003 2151 4059 dendi?
2178 4001 2239 4057 id
2272 4001 2632 4057 saecularibus
2677 3998 2895 4069 jussum
2927 4004 3033 4054 est.
3067 3996 3185 4051 Non
3216 3995 3360 4052 enim
3392 4004 3515 4051 tan-

1944 4105 2058 4151 tum
2083 4096 2152 4150 ad
2182 4095 2361 4166 inopis
2390 4096 2709 4150 alimentum
2735 4092 2987 4147 instituta
3018 4090 3118 4145 fuit
3146 4090 3514 4161 eleemosyna,

1945 4197 2216 4261 quantum
2251 4195 2471 4258 propter
2495 4187 2834 4241 charitatem.
2880 4181 3018 4237 Nam
3047 4181 3142 4253 qui
3172 4180 3393 4236 divitem
3424 4195 3516 4236 re-

1949 4283 2029 4353 git
2076 4280 2240 4343 Deus,
2266 4280 2431 4335 etiam
2473 4290 2764 4349 pauperem
2797 4275 2911 4329 alit.
2957 4273 3184 4329 Frustra
3228 4272 3397 4344 igitur
3432 4272 3523 4327 in-

1946 4375 2137 4445 juncta
2195 4372 2296 4426 fuit
2352 4368 2735 4441 eleemosyna?
2773 4367 2940 4424 absit!
2985 4364 3181 4421 Verum
3233 4364 3517 4420 charitatis

1948 4465 2277 4536 principium
2326 4459 2557 4518 eﬁicitur
2586 4461 2655 4517 iis
2702 4459 2797 4530 qui
2852 4458 3123 4529 ignorant.
3157 4453 3517 4521 Quemadmo-

1954 4556 2087 4611 dum
2116 4570 2247 4626 ergo
2269 4551 2616 4608 circumcisio
2648 4550 2897 4620 praputii
2928 4547 3115 4618 figura
3139 4555 3255 4599 erat
3279 4544 3513 4598 circum-

1952 4648 2180 4702 cisionis
2210 4644 2423 4709 cordis;
2455 4644 2530 4696 ita
2562 4641 2904 4710 elecmosyna
2947 4635 3227 4692 charitatis
3255 4633 3511 4704 magistra

1948 4740 2253 4793 constituta
2274 4744 2379 4792 est.
2412 4733 2622 4800 Quibus
2655 4730 2820 4799 igitur
2864 4728 3103 4783 charitas
3141 4740 3237 4796 per
3282 4726 3510 4796 gratiam

1944 4830 2071 4884 data
2093 4836 2196 4895 est,
2224 4828 2294 4882 iis
2325 4835 2727 4895 supervacanea
2758 4826 2843 4874 est
2867 4818 3228 4888 eleemosyna.
3258 4857 3264 4867 .

2021 4919 2109 4973 74.
2142 4916 2498 4985 Nequaquam
2561 4913 2665 4966 hoc
2699 4911 2857 4973 dico,
2896 4915 2955 4962 ut
2999 4903 3385 4961 misericordia
3423 4902 3514 4959 de-

1943 5011 2181 5072 traham,
2216 5006 2312 5064 sed
2359 5020 2469 5075 quo
2502 5002 2784 5059 ostendam
2834 5006 3147 5070 spontaneae
3176 4993 3517 5067 paupertatis

1941 5099 2256 5170 puritatem.
2323 5094 2406 5149 Ne
2460 5092 2551 5148 fiat
2598 5092 2764 5161 igitur
2815 5090 2996 5145 minus
3029 5087 3253 5156 majoris
3283 5084 3517 5154 impedi-

1944 5198 2212 5246 mentum.
2242 5187 2450 5258 Exiguo
2493 5194 2735 5255 tempore
2763 5197 2990 5254 parvum
3045 5179 3249 5235 bonum
3286 5174 3508 5241 fecisti,

1946 5283 2039 5353 qui
2074 5281 2256 5337 omnia
2286 5278 2448 5336 simul
2478 5275 2754 5348 erogasti;
2797 5275 2909 5344 jam
2948 5271 3013 5326 ad
3045 5269 3100 5324 id
3147 5267 3291 5340 quod
3330 5266 3519 5336 majus

1955 5379 2060 5435 est,
2093 5370 2417 5427 charitatem
2435 5368 2717 5430 nimirum,
2735 5363 2966 5434 respice.
2995 5359 3247 5417 Crucifer
3277 5368 3517 5427 namque

1945 5482 2024 5525 es.
2067 5464 2149 5519 Tu
2179 5463 2403 5518 liberam
2432 5460 2581 5514 illam
2611 5471 2800 5512 vocem
2858 5453 3099 5524 proferre
3140 5451 3341 5508 debes:
3379 5448 3519 5506 Ecce

2015 5706 2127 5775 (9i)
2172 5705 2351 5779 Vulg.,
2383 5708 2780 5763 ύποκτὲπεται.
2813 5700 2889 5756 En
