4032 6376
515 341 646 397 1551

1637 339 1690 393 S.
1729 337 2193 394 ATHANASIUS.
2235 369 2303 380 —
2353 337 2623 396 SPURIA.

3616 340 3640 393 l
3651 339 3749 394 553

514 454 820 526 reliquimus
846 454 1041 515 omnia,
1073 461 1121 505 et
1150 452 1313 505 secuti
1341 467 1524 505 sumus
1558 461 1605 504 te
1638 451 1703 505 ”.
1737 448 1817 503 Tu
1853 450 1956 504 her.
1987 450 2085 504 do-

2204 449 2691 520 ῆκολουθήσαμέν
2712 469 2829 505 σοι.
2862 451 2933 504 Σὺ
2959 450 3056 522 τὴν
3087 452 3569 523 εὐπαρρησίαστον
3589 453 3751 521 γλῶτ-

516 555 680 601 natus
712 561 774 601 es
818 558 1064 606 muliere,
1098 549 1157 596 ut
1210 544 1407 597 tlducia
1442 543 1658 613 plenam
1716 543 2084 611 apostolorum

2204 559 2285 595 ταν
2311 543 2419 595 τῶν
2451 544 2762 597 ἀποστόλων
2818 544 3152 616 μιμήσασθαι
3201 543 3568 617 κατηξιώθης.
3623 547 3752 615 Φησὶ

518 637 785 707 loquelam
812 635 1108 688 imitarere.
1145 634 1311 688 Aiunt
1334 635 1479 689 enim
1502 632 1697 688 Petrus
1724 641 1779 687 et
1803 631 2042 688 Joannes
2071 652 2083 684 :

518 731 719 780 Aurum
742 734 793 779 et
821 735 1097 794 argentum
1133 741 1236 779 non
1268 734 1346 780 est
1379 725 1505 780 mihi
1536 726 1600 778 ³⁸.
1637 724 1842 796 Duplex
1871 725 2088 796 quidem

520 819 720 887 lingua,
746 815 840 870 sed
863 814 1024 869 unica
1052 814 1204 870 lides.

590 925 672 980 75.
717 925 862 980 Inter
892 927 1182 983 saeculares
1212 942 1395 997 porro,
1419 944 1487 983 ne
1527 935 1732 984 temere
1768 938 1818 983 et
1847 927 2092 983 incensi-

518 1015 705 1070 d:rate
730 1024 985 1082 erogetur
1011 1018 1379 1089 eleemosyua.
1419 1019 1509 1073 Ait
1534 1020 1680 1074 enim
1708 1039 1721 1074 :
1759 1019 1945 1074 Oleum
1975 1038 2094 1091 pec-

2186 633 2296 706 7&9
2321 635 2524 705 Πέτρος
2551 635 2644 688 καὶ
2660 635 2936 706 Ἰωάννης,
2961 635 3036 698 ὡς
3062 635 3334 702 Χρυσίου·
3353 635 3452 687 καὶ
3478 635 3757 704 ἀργύριον

2189 727 2302 793 οὐχ
2337 724 2593 793 ὑπάρχει
2619 742 2738 794 μοι.
2764 724 2936 795 Διπλῆ
2969 726 3064 796 μὲν
3098 727 3131 796 ή
3162 724 3403 793 γλῶττα,
3429 724 3569 778 ἀλλὰ
3607 726 3756 778 novd-

2190 835 2387 890 τροπος
2416 819 2450 889 ή
2477 816 2675 881 πίστις.

2263 932 2349 984 75.
2378 931 2488 985 Καὶ
2513 932 2571 984 ὲν
2589 933 2699 995 τοῖς
2728 927 3078 999 κοσμικοῖςδὲ
3111 926 3187 1000 μὴ
3212 926 3399 990 ἀπλῶς
3411 926 3586 990 οὕτως
3609 926 3751 996 ἐλεη-

2196 1023 2399 1094 μοσύνη
2432 1021 2681 1092 γινέσθω.
2714 1021 2851 1093 Φησὶ
2880 1020 3007 1092 γὰρ,
3046 1021 3122 1083 ὡς
3147 1022 3390 1074 Ἔλαιον
3413 1018 3753 1089 (impensior?

517 1106 711 1159 caloris
740 1123 841 1159 non
871 1107 1156 1177 impiuguet
1184 1117 1338 1176 caput
1371 1125 1540 1162 meum
1571 1109 1637 1163 “.
1668 1108 1938 1166 Convenit
1964 1127 2095 1182 ergo

2204 1111 2275 1178 μὴ
2303 1109 2607 1165 λιπανάτω
2631 1110 2746 1178 τὴν
2770 1108 3042 1179 κεφαλήν
3057 1128 3199 1180 μου.
3232 1109 3510 1180 Προσηκει
3538 1103 3633 1161 οὖν
3671 1109 3757 1161 τὸν

521 1204 581 1250 ut
608 1197 700 1267 qui
729 1197 1127 1269 eleemosyuam
1149 1206 1335 1269 erogat
1361 1201 1654 1255 Abrahami
1692 1202 1979 1273 prudentia
2023 1204 2095 1258 sit

521 1289 814 1359 praeditus,
857 1304 923 1343 ac
971 1290 1429 1359 quemadmodum
1485 1292 1577 1347 ille
1626 1291 1774 1360 juste
1820 1304 1874 1348 et
1928 1295 2095 1363 probe

521 1384 665 1448 agat.
719 1376 854 1431 Nam
902 1381 995 1448 qui
1056 1379 1302 1449 hospites
1357 1380 1768 1450 perhumaniter
1794 1382 2098 1452 excipiebat

523 1465 685 1519 homo
714 1465 921 1534 justus,
953 1481 1079 1519 cum
1125 1468 1299 1535 epulis
1326 1483 1486 1522 suum
1528 1467 1694 1522 etiam
1730 1467 1972 1521 animum
2003 1483 2097 1521 ex-

523 1555 764 1611 hibebat.
805 1556 967 1612 Stetit
1030 1558 1232 1626 quippe
1285 1558 1649 1623 ministrans‘,
1693 1572 1796 1612 nec
1838 1557 2100 1613 sustinuit

525 1645 758 1702 [animos
786 1647 1057 1716 ejusmodi
1088 1629 1222 1701 lucri
1248 1663 1431 1702 secum
1459 1657 1744 1705 consortes
1773 1665 1917 1705 esse.
1949 1648 2098 1704 Sane

531 1741 627 1810 qui
657 1741 926 1810 ejusmodi
976 1748 1145 1805 sunt,
1208 1742 1563 1813 eleemosynaa
1608 1742 1911 1797 mercedem
1959 1743 2100 1798 reci-

526 1831 672 1901 piant
702 1868 718 1891 .
763 1830 1013 1900 quamvis
1064 1831 1119 1885 in
1152 1830 1392 1885 secundo
1430 1831 1620 1887 ordine
1672 1834 2093 1889 constituantur.

525 1919 769 1989 Namque
804 1920 1062 1975 Dominus
1090 1922 1185 1990 qui
1209 1923 1475 1976 mundum
1504 1925 1725 1991 creavit,
1746 1924 2014 1995 duplicem
2041 1927 2095 1980 in

528 2013 623 2065 illo
643 2012 827 2081 posuit
856 2011 1155 2066 incolarum
1179 2012 1448 2068 ordinem.
1477 2014 1613 2071 Aliis
1640 2016 1905 2086 siquidem
1930 2018 2099 2088 probe

527 2103 862 2168 viventibus,
895 2112 1117 2173 propter
1141 2103 1439 2159 liberorum
1476 2109 1875 2177 susceptionem
1908 2109 2101 2162 matri-

528 2192 770 2245 monium
836 2192 1118 2260 injunxit:
1176 2193 1299 2249 aliis
1348 2208 1479 2247 vero
1532 2201 1752 2264 propter
1807 2195 2098 2265 puritatem

526 2286 675 2347 Vitae,
707 2286 1014 2339 castitatem
1047 2286 1293 2350 tradidit,
1315 2285 1553 2355 aequales
1589 2287 1712 2340 illos
1740 2286 1949 2355 angelis
1969 2304 2103 2339 cou-

526 2377 783 2432 stituens.
816 2374 882 2430 Et
908 2376 1018 2432 illis
1047 2377 1265 2447 quidem
1294 2378 1465 2447 leges.
1499 2378 1755 2441 ultiones,
1792 2378 2103 2433 doctrinas-

525 2482 634 2536 que
669 2466 818 2520 dedit
850 2487 862 2521 :
896 2468 982 2522 his
1014 2482 1141 2521 vero
1174 2469 1289 2523 ait:
1345 2467 1480 2522 Mihi
1523 2468 1773 2530 vindicta.
1814 2485 1908 2539 ego
1948 2470 2105 2522 retri-

527 2554 685 2609 buam
710 2594 725 2617 ,
771 2556 901 2609 dicit
935 2556 1192 2611 Dominus
1221 2558 1287 2612 ³⁸.
1331 2557 1445 2612 Illic
1476 2558 1594 2613 ait:
1637 2558 1948 2627 Operaberis
1993 2569 2094 2615 ter-

526 2658 644 2697 ram
675 2645 761 2710 ³⁶;
813 2644 899 2700 hic
933 2646 1087 2714 jubet
1122 2664 1137 2699 :
1183 2644 1366 2701 Nolite
1392 2646 1611 2701 solliciti
1658 2665 1769 2702 esse
1802 2648 1866 2703 de
1915 2650 2106 2703 crasti-

527 2750 596 2788 no
623 2734 691 2791 ⁸⁷.
747 2735 857 2791 Illis
893 2736 1065 2805 legem
1112 2735 1296 2803 dedit;
1354 2738 1514 2793 nobis
1565 2754 1659 2808 per
1709 2738 1938 2810 gratiam
1992 2739 2108 2809 ipse

527 2842 713 2882 coram
738 2827 996 2882 mandata
1037 2828 1333 2883 intimavit.

599 2939 683 2995 76.
725 2942 869 2995 Crux
911 2950 995 2997 est
1032 2941 1191 2998 nobis
1232 2950 1495 3012 tropaeum
1528 2942 1785 2996 victoriae.
1823 2939 2108 2998 Professio

528 3030 728 3101 quippe
757 3030 891 3084 nihil
920 3031 1068 3085 aliud
1093 3041 1178 3089 est
1203 3047 1367 3103 quam
1414 3032 1689 3086 abdicatio
1744 3033 1886 3096 vitae,
1916 3042 1970 3087 et
1999 3049 2111 3088 me-

2196 1201 2450 1254 ἐλεοῦντα
2497 1199 2845 1271 Ἀϐραμιαῖον
2896 1200 3037 1271 ἔχειν
3097 1201 3159 1254 τὸ
3218 1199 3499 1271 φρόνημα,
3561 1199 3656 1251 καί⁵
3689 1199 3759 1257 ὡς

2195 1293 2402 1355 ἐκεῖνος
2429 1290 2490 1344 τὸ
2520 1291 2726 1345 δίκαιον
2773 1291 2993 1355 δικαίως
3026 1292 3307 1363 πράττειν.
3334 1288 3633 1354 Φιλοξενῶν
3659 1291 3760 1361 7&9

2195 1389 2224 1440 ὁ
2250 1389 2477 1453 δίκπίοςν
2507 1387 2645 1458 μετά
2670 1388 2766 1459 τῆς
2798 1387 2979 1451 ἑστίας
3008 1386 3103 1439 καὶ
3131 1385 3231 1456 τὴν
3263 1385 3492 1456 γνώμην
3524 1384 3761 1456 παρέθη-

2197 1497 2311 1533 κεν.
2346 1480 2515 1550 Ἐστη
2580 1477 2706 1550 7&9,
2760 1478 2942 1548 φησὶν,
2992 1476 3301 1548 ὑπηρετῶν,
3364 1475 3441 1547 μὴ
3491 1474 3763 1546 βουληθεὶς

2194 1573 2322 1633 τοὺς
2375 1569 2590 1633 οἰκέτας
2640 1567 3018 1642 συμμεριστὰς
3057 1566 3152 1620 τοῦ
3196 1567 3421 1640 κέρδους
3490 1567 3761 1635 γενέσθαι.

2212 1661 2449 1732 Ἀληθῶς
2471 1662 2522 1714 οἱ
2551 1660 2781 1713 τοιοῦτοι
2813 1658 3001 1729 μισθὸν
3035 1658 3136 1728 τῆς
3165 1656 3539 1730 έλεημοσύνης
3567 1658 3766 1725 ἕξουσι,

2132 1788 2170 1844 η
2201 1752 2305 1807 κᾶν
2368 1753 2426 1806 ἐν
2604 1751 2846 1823 δευτέρῳ
2883 1751 3125 1844 τάγματι
3164 1750 3528 1844 τυγχάνωσιν.
3569 1746 3631 1844 ζο
3664 1748 3765 1844 γάρ

2200 1846 2424 1916 Κύριος,
2475 1843 2882 1916 δημιουργήσας
2925 1843 3024 1915 τὴν
3084 1841 3429 1913 οἰκουμένην,
3474 1840 3670 1913 διπλῆν
3707 1842 3763 1893 ὲν

2197 1938 2331 2010 αὐτῇ
2353 1938 2465 1990 τῶν
2492 1938 2792 2009 οἰκητόρων
2815 1935 2967 1990 ἔθετο
3019 1935 3112 2008 τὴν
3147 1935 3322 2001 τάξιν.
3352 1935 3482 1998 Τοῖς
3520 1935 3620 2005 μὲν
3667 1933 3773 2003 γάρ

2199 2028 2410 2098 σεμνῶς
2442 2027 2614 2099 βιοῦσι
2629 2028 2715 2082 διὰ
2743 2028 2837 2099 τὴν
2860 2027 3200 2081 παιδοποιίαν
3250 2026 3342 2080 τδν
3386 2026 3568 2096 γάμον
3608 2041 3767 2096 1:90:-

2198 2119 2376 2186 ἐταξε·
2404 2122 2514 2183 τοῖς
2539 2119 2595 2173 δὲ
2621 2119 2707 2174 διὰ
2730 2119 3073 2193 καθαρότητα
3107 2118 3220 2190 βίου
3248 2118 3347 2192 τὴν
3364 2117 3596 2187 ἁγνείαν
3615 2134 3772 2189 προσ-

2198 2210 2404 2277 έταξεν,
2444 2211 2759 2279 ίσαγγέλους
2791 2210 2987 2275 αὐτοὺς
3048 2209 3244 2264 ποιῶν
3279 2208 3374 2262 καὶ
3403 2211 3520 2272 τοῖς
3550 2209 3649 2279 μὲν
3693 2205 3772 2260 νό-

2204 2316 2338 2369 μους
2401 2299 2494 2354 καὶ
2551 2300 2854 2373 ἑκδικήσεις
2911 2302 3005 2355 καὶ
3052 2300 3401 2365 διδασκαλίας
3451 2300 3731 2371 παρέδωκε
3755 2315 3770 2329 ⁸

2200 2391 2412 2456 τούτοις
2430 2390 2489 2446 δέ
2523 2409 2719 2464 φησιν’
2761 2393 2923 2463 Ἐμοί
2963 2392 3296 2460 ἐκδίκησις,
3348 2391 3467 2461 ἐγὼ
3521 2393 3772 2446 ἀντακο-

2201 2483 2395 2547 δώσω,
2433 2482 2595 2552 λέγει
2637 2484 2866 2552 Κύριος.
2911 2484 3057 2537 Ἐκεῖ
3108 2500 3271 2554 φησιν
3295 2500 3310 2515 ο
3346 2482 3607 2553 Ἐρπῖίσῃ
3668 2482 3773 2550 τὴν

2202 2573 2319 2645 γῆν
2342 2593 2353 2605 ·
2385 2574 2480 2626 καὶ
2508 2567 2608 2626 ὦδε
2649 2572 2730 2642 μὴ
2765 2572 3125 2643 ιιεριμνῆσαι
3169 2571 3280 2641 τῆς
3307 2574 3524 2643 αὔριον
3547 2573 3770 2627 κελεύει.

2217 2667 2476 2730 Ἑκείνοις
2503 2668 2665 2738 νόμον
2694 2667 2893 2720 ἔδωκεν
2910 2682 2922 2696 ο
2958 2667 3091 2738 ἡμῖν
3112 2666 3171 2719 δὲ
3200 2665 3289 2719 διὰ
3309 2665 3537 2738 χάριτος
3562 2664 3774 2735 absorbet

2205 2759 2303 2823 τὰς
2338 2758 2559 2824 ἐντολὰς
2589 2759 2904 2832 ἐγνώρισεν.

2287 2963 2367 3017 .6.
2400 2961 2638 3033 Σταυρδς
2671 2962 2802 3032 ἡμῖν
2832 2959 2946 3011 ἐστι
2991 2958 3054 3012 τὸ
3084 2958 3343 3030 τρόπαιον
3373 2958 3479 3029 τῆς
3504 2958 3681 3030 νίκης.
3709 2956 3775 3011 Tb

2209 3054 2318 3126 γὰρ
2359 3053 2681 3124 ἐπάγγελμα
2709 3049 2864 3123 ήμῶν
2896 3050 3047 3105 οὐδὲν
3099 3049 3227 3104 ἄλλο
3278 3050 3431 3104 ἐστὶν
3465 3050 3500 3123 ἢ
3529 3051 3772 3120 ἁποταγὴ

527 3123 723 3176 ditatio
748 3124 961 3178 mortis.
988 3122 1459 3190 Quemadmodum
1499 3138 1630 3193 ergo
1677 3125 1877 3179 mortui
1916 3140 2103 3194 corpo-

2213 3122 2349 3217 βίου,
2406 3122 2617 3217 μελέτη
2653 3122 2904 3198 θανάτου.
2955 3143 3164 3214 Ὠσπερ
3219 3139 3312 3196 οὖν
3371 3145 3422 3196 οἱ
3473 3122 3659 3215 νεκροὶ
3687 3144 3779 3196 οὐκ

531 3230 592 3268 re
625 3230 732 3268 non
759 3223 1090 3285 cperantur;
1117 3216 1190 3269 ita
1224 3222 1278 3271 et
1312 3231 1432 3270 nos.
1460 3214 1811 3286 Quaecunque
1836 3218 1982 3271 enim
2015 3218 2107 3273 illo

530 3304 694 3373 632
709 3306 1011 3374 peragenda
1027 3313 1205 3373 erant,
1229 3305 1455 3361 fecimus
1469 3320 1591 3360 cum
1608 3323 1853 3364 essemus
1876 3309 2104 3378 parvuli.

534 3393 624 3448 Ait
653 3411 883 3465 namque
914 3397 1205 3466 Apostolus
1236 3417 1248 3453 :
1281 3396 1417 3452 Mihi
1445 3397 1669 3453 mundus
1692 3400 1978 3468 cruciﬁxus
2007 3411 2106 3469 est,

535 3495 585 3539 et
612 3502 702 3557 ego
726 3486 918 3541 mundo
940 3488 1005 3541 ³⁸.
1030 3489 1225 3544 Anima
1253 3491 1500 3547 vivamus
1520 3508 1535 3558 ;
1555 3505 1617 3545 ea
1640 3492 1991 3549 ostendamus
2010 3495 2112 3547 vir-

537 3584 681 3631 tutes
707 3597 721 3643 ;
756 3587 931 3633 mente
946 3595 1297 3635 exerceamus
1317 3580 1743 3637 misericordiam
1767 3602 1780 3637 :
1800 3582 1952 3638 Beati
1965 3586 2106 3639 enim

538 3667 900 3722 misericordes
922 3669 1103 3723 anima
1125 3671 1190 3721 ".
1210 3668 1273 3725 Et
1299 3671 1753 3742 quemadmodum
1777 3674 1967 3730 eodem
1992 3677 2110 3730 loco

541 3758 709 3823 dicit,
758 3758 903 3829 quod
939 3762 1033 3830 qui
1073 3761 1532 3831 pulchritudinem
1567 3767 1947 3838 concupierit,
1996 3769 2103 3822 etsi

540 3850 676 3907 nihil
703 3853 942 3908 exterius
999 3863 1145 3924 agat,
1179 3867 1458 3925 peccatum
1492 3856 1611 3913 sine
1670 3866 1807 3913 teste
1853 3868 2110 3929 operatus

540 3949 664 4008 est;
707 3942 895 3999 eadem
943 3947 1153 4001 ratione
1188 3947 1276 4001 hic
1308 3946 1375 4003 de
1430 3949 1774 4021 eleemosyna
1801 3966 1981 4005 sermo
2014 3951 2113 4005 ha-

545 4033 726 4097 betur,
757 4034 937 4089 animo
986 4038 1254 4091 actionem
1311 4036 1653 4108 perficiente,
1690 4040 1814 4094 licet
1846 4039 1986 4096 desit
2019 4057 2113 4112 pe-

542 4125 723 4189 cunia,
752 4125 957 4194 majore
995 4126 1262 4182 habemur
1289 4127 1515 4184 honore.

616 4236 703 4291 77.
742 4234 1210 4303 Quemadmodum
1270 4242 1415 4295 enim
1476 4242 1570 4312 qui
1630 4243 1685 4298 in
1734 4245 1936 4300 saaculo
1981 4253 2114 4300 sunt

542 4329 660 4384 heri
701 4333 851 4385 varia
884 4331 1136 4387 obtinent
1192 4347 1480 4389 servorum
1529 4336 1855 4400 ministeria,
1890 4348 1944 4393 et
1974 4338 2114 4394 alios

542 4421 761 4489 quidem
790 4421 846 4475 in
873 4435 1065 4490 agrum
1106 4423 1349 4491 mittunt,
1386 4423 1453 4478 ad
1508 4425 1735 4481 colenda
1770 4426 1993 4496 praedia,
2016 4444 2111 4497 ge-

2209 3235 2491 3308 ἐνεργοῦσι
2507 3236 2584 3307 τῷ
2611 3235 2843 3305 σώματι,
2873 3232 3016 3289 οὕτω
3043 3235 3137 3288 καὶ
3164 3235 3351 3305 ἡμεῖς.
3398 3233 3547 3289 Ὅσα
3580 3236 3686 3306 γὰρ
3716 3230 3776 3303 ἦν

2207 3330 2274 3383 δι’
2304 3328 2467 3383 αὐτοῦ
2496 3327 2822 3388 ἐπιτελέσαι.
2862 3326 3240 3396 πεποιήκαμεν
3284 3325 3376 3377 ὅτε
3408 3319 3556 3395 ἦμεν
3585 3327 3774 3397 νήπιοι.

2207 3421 2344 3491 Φησὶ
2373 3419 2482 3491 7&9
2508 3422 2537 3474 ὁ
2574 3418 2913 3482 Ἀπόστολος,
2975 3416 3051 3480 ὡς
3098 3415 3254 3485 Ἐμοὶ
3299 3416 3534 3485 κόσμος
3573 3415 3777 3471 ἐσταύ-

2201 3532 2404 3583 ρωται,
2426 3511 2589 3582 κάγὼ
2618 3510 2699 3577 τῷ
2731 3512 2952 3580 κόσμῳ.
2977 3509 3055 3579 Τῇ
3083 3509 3228 3579 ψυχῇ
3269 3508 3456 3580 ζῶμεν
3475 3525 3490 3539 ο
3521 3509 3658 3580 αὐτῇ
3688 3508 3778 3571 τὰς

2210 3606 2413 3677 ἀρετὰς
2428 3603 2815 3673 ἐπιδείξωμεν·
2851 3600 2992 3656 κατὰ
3023 3601 3260 3655 διάνοιαν
3294 3601 3613 3674 ἐλεήσωμεν
3633 3603 3777 3654 ’Μα-

2211 3700 2402 3766 κάριοι
2422 3696 2533 3769 7&9
2562 3698 2612 3749 οἱ
2637 3695 2960 3764 ἐλεήμονες
2988 3696 3054 3764 τῇ
3082 3693 3249 3764 ψυχῇ.
3283 3693 3502 3765 Ὥσπερ
3530 3694 3641 3766 7&9
3676 3694 3781 3746 ἐκεῖ

2210 3788 2377 3857 λέγει,
2407 3789 2489 3842 ὅτι
2521 3790 2550 3842 ὁ
2570 3786 2913 3858 ἐπιθυμήσας
2939 3784 3186 3850 κάλλους,
3226 3785 3322 3839 καὶ
3352 3784 3480 3855 δίχα
3506 3785 3611 3855 τῆς
3648 3785 3779 3855 πρά·

2213 3880 2370 3946 ξεως,
2417 3881 2736 3951 ἀμάρτυρον
2786 3877 2885 3949 τὴν
2917 3878 3189 3950 ἁμαρτίαν
3242 3878 3569 3950 είργάσατοο
3622 3879 3782 3940 οὕτως

2214 3970 2447 4024 ἐνταῦθα
2469 3973 2502 4042 ή
2527 3969 2864 4042 ἐλεημοσύνη
2892 3971 3129 4041 εἴρηται,
3150 3971 3249 4040 τῆς
3277 3968 3510 4042 γνώμης
3523 3972 3625 4043 τὴν
3653 3972 3783 4042 πρᾶ-

2214 4064 2296 4128 ξιν
2328 4062 2612 4129 τελούσης,
2648 4062 2751 4116 κᾶν
2786 4063 2847 4115 τὸ
2892 4061 3153 4134 ἀργύριον
3185 4060 3405 4128 ἄπεστι,
3458 4065 3529 4134 τῇ
3589 4062 3782 4133 μείζονι

2212 4154 2341 4223 ἀξίᾳ⁵
2357 4154 2552 4224 τετιμή
2562 4152 2724 4223 μεθα.

2285 4264 2374 4321 77.
2406 4264 2619 4335 Ὠσπερ
2647 4264 2757 4334 7&9
2788 4266 2837 4317 οί
2869 4262 3013 4318 κατά
3036 4264 3129 4317 τὸν
3157 4264 3365 4336 κόσμον
3396 4264 3659 4319 δεσπόται
3672 4267 3780 4320 δια-

2214 4356 2416 4427 φόρους
2443 4355 2672 4409 οἰκετῶν
2698 4356 3002 4427 ὑπηρεσίας
3031 4354 3358 4427 κέκτηνται·
3401 4358 3499 4411 καὶ
3531 4354 3657 4422 τοὺς
3694 4358 3784 4429 μὲν

2216 4449 2275 4501 ὲν
2304 4451 2419 4511 τοῖς
2439 4446 2661 4519 χωρίοις
2685 4448 3052 4517 ἐκπέμπουσι.
3079 4447 3217 4519 πρὸς
3236 4449 3299 4502 τὸ
3317 4447 3419 4513 τὰς
3442 4449 3608 4519 γαίας
3627 4450 3781 4520 ἐργά-

542 4512 798 4583 uerisque
831 4515 1162 4586 propagandi
1194 4530 1359 4571 causa
1382 4534 1397 4582 ;
1424 4531 1615 4571 eorum
1648 4524 1832 4572 autem
1870 4518 2033 4581 ﬁlios,
2057 4520 2103 4573 si

2214 4533 2421 4599 ζεσθαι,
2441 4512 2551 4588 ’καλ
2571 4535 2674 4606 τὴν
2694 4536 2790 4589 τοῦ
2822 4512 3011 4605 γένους
3032 4512 3282 4608 διαδοχὴν
3315 4512 3636 4606 φυλάττειν·
3660 4512 3782 4601 E55;

540 4606 925 4677 conspexerint
989 4610 1188 4678 probos
1252 4610 1635 4681 elegantesque
1682 4626 1837 4676 esse,
1884 4612 2109 4669 domum

541 4696 883 4751 transferunt
933 4698 1037 4752 sibi
1077 4700 1522 4767 ministratores;
1572 4703 1647 4756 ita
1677 4716 1895 4774 quoque
1923 4702 2110 4759 Domi-

543 4801 648 4840 nus
671 4800 766 4842 eos
788 4789 1005 4857 quidem
1036 4790 1130 4860 qui
1182 4793 1492 4848 venerabile
1526 4795 1937 4848 matrimonium
1972 4795 2110 4850 iniec

543 4886 692 4942 runt,
726 4878 782 4932 in
809 4894 940 4949 agro
970 4882 1157 4936 mundi
1209 4885 1485 4952 reposuit;
1528 4900 1718 4939 eorum
1762 4897 1939 4941 autem
1972 4902 2111 4956 prte-

543 4966 837 5023 stantiores
865 4968 1024 5034 ﬁlios,
1052 4978 1320 5040 quotquot
1350 4971 1584 5025 maxime
1616 4971 1846 5041 probum
1874 4974 2110 5043 amplexi

544 5066 677 5112 sunt
717 5062 1089 5130 propositum,
1149 5065 1254 5120 sibi
1304 5065 1372 5120 ad
1418 5066 1787 5122 ministerium
1843 5067 2106 5123 admovit.

543 5147 639 5204 Isti
663 5150 733 5204 ab
757 5153 1029 5211 universis
1061 5156 1296 5211 terrenis
1325 5157 1558 5227 negotiis
1593 5165 1722 5212 sunt
1745 5157 1931 5221 alieni,
1971 5173 2112 5226 quo-

545 5240 691 5294 niam
721 5242 1003 5300 Dominica
1033 5261 1219 5301 mensa
1268 5246 1474 5316 dignati
1500 5255 1652 5303 sunt.
1684 5246 1796 5303 Nec
1844 5248 1913 5304 de
1944 5249 2108 5304 vcsti-

545 5342 729 5389 mento
779 5335 996 5392 solliciti
1055 5348 1216 5406 sunt,
1279 5338 1558 5394 Christum
1619 5354 1857 5412 namque
1924 5338 2113 5394 indue-2

547 5435 696 5485 tum.

2213 4625 2291 4687 δὲ,
2309 4625 2403 4679 ἐὰν
2430 4627 2690 4690 ἐπιεικεῖς
2710 4627 2805 4679 καὶ
2825 4627 3169 4698 περικαλλεῖς
3187 4628 3248 4693 ἐξ
3272 4629 3457 4683 αὐτῶν
3469 4630 3782 4701 γενομένους

2216 4718 2533 4781 θεάσωνται,
2554 4721 2612 4772 ὲν
2648 4722 2762 4783 τοῖς
2791 4719 2940 4784 ἰδίοις
2963 4719 3133 4783 οῖκοις
3186 4720 3489 4790 μεθιστῶσι
3527 4724 3663 4793 πρὸς
3691 4723 3783 4791 τὴν

2218 4811 2423 4864 ἑαυτῶν
2471 4812 2774 4883 ὑπηρεσίαν
2796 4830 2809 4843 ·
2851 4811 3028 4876 οὕτως
3063 4813 3159 4866 καὶ
3188 4813 3218 4865 ὁ
3251 4812 3461 4887 Κύριος
3510 4816 3640 4878 τοὺς
3690 4813 3780 4883 μὲν

2215 4905 2305 4958 τὸν
2338 4905 2533 4975 σεμνὸν
2574 4905 2752 4975 γάμον
2803 4905 3108 4975 ἑλομένους,
3132 4906 3190 4957 ἐν
3214 4904 3296 4975 τῷ
3324 4905 3420 4958 τοῦ
3454 4907 3658 4975 κόσμου
3683 4923 3782 4975 χω-

2218 4994 2320 5065 ρίῳ
2343 4994 2524 5047 ἔθετοο
2551 4997 2678 5058 τοὺς
2715 4994 2773 5048 δὲ
2805 4994 3011 5048 τούτων
3042 4992 3340 5063 βελτίονας,
3395 4996 3513 5048 ὅσοι
3559 4996 3779 5063 μάλιστα

2212 5084 2394 5151 δεξιᾶς
2410 5086 2740 5157 τετυχήκασι
2778 5085 3172 5158 προαιρέσεως,
3214 5086 3396 5157 ἑαυτῷ
3449 5089 3778 5159 παρέστησεν

2215 5178 2294 5239 είς
2318 5175 2676 5245 λειτουργίαν.
2707 5170 2868 5231 Οὗτοι
2892 5177 3109 5231 πάντων
3132 5176 3242 5230 τῶν
3285 5178 3498 5252 γηΐνων
3529 5178 3775 5252 πραγμά-

2215 5285 2324 5321 των
2348 5269 2703 5339 τυγχάνουσιν
2728 5268 3017 5341 ἀλλότριοι·
3043 5268 3144 5339 τῆς
3174 5268 3285 5339 γὰρ
3310 5272 3651 5343 Δεσποτικῆς
3666 5287 3778 5342 τρα-

2218 5357 2389 5428 πέζης
2423 5358 2697 5429 ἠξίωνται.
2761 5357 2839 5413 Οὐ
2896 5359 3195 5430 μεριμνῶσι
3246 5362 3378 5433 περὶ
3435 5362 3770 5432 duplicetur

2218 5448 2448 5519 Χριστὸν
2475 5449 2584 5520 7&9
2608 5448 2933 5505 ὲνδέδυνται.

622 5653 664 5684 "
701 5652 891 5710 Matth.
923 5673 1046 5715 xix.
1081 5656 1171 5711 27.
1248 5659 1292 5691 ³⁸
1332 5658 1451 5714 Act.
1487 5674 1572 5721 ut,
1606 5657 1659 5711 6.
1737 5658 1782 5689 ³⁵
1818 5656 1960 5713 l‘sal.
1999 5672 2136 5723 cst,
2172 5656 2221 5711 5.
2310 5659 2353 5690 "
2394 5655 2548 5714 Rom.
2585 5672 2694 5722 xu,
2734 5655 2818 5712 l9.
2911 5657 2953 5687 ³⁸
2991 5655 3190 5712 Cenes.
3229 5671 3314 5721 ιιι,
3349 5656 3445 5716 33.
3521 5659 3565 5690 "
3602 5654 3777 5711 Matth.

550 5735 634 5789 τι,
669 5724 759 5778 3i.
834 5725 879 5758 ³⁸
918 5726 1091 5785 Galat.
1130 5744 1212 5791 vt.
1253 5727 1338 5784 ιι.
1415 5730 1458 5763 ⁸⁹
1499 5729 1684 5785 Matth.
1726 5744 1777 5793 ι’,
1818 5727 1865 5780 7.
