4032 6376
299 339 440 395 15δῦ

295 559 393 613 της
415 545 444 597 ὁ
467 545 686 617 Κύριος.
717 549 922 622 Ὠσπερ
955 553 1062 624 γὰρ
1105 557 1174 609 ὲκ
1197 558 1291 610 τοῦ
1331 561 1492 614 αὐτοῦ
1550 561 1697 615 σίτου
1741 565 1856 616 ἐστὶ

294 636 387 687 καὶ
435 635 496 688 τὺ
527 637 729 710 ἄχυρον
761 642 854 694 καὶ
882 644 940 695 τὸ
991 647 1230 717 σπέρμα,
1281 649 1450 715 οὕτως
1478 654 1542 706 ἐκ
1571 652 1664 706 τοῦ
1691 654 1855 707 αὐτοῦ

292 726 425 779 Θεοῦ
454 730 556 782 εἰσι
575 731 668 783 καὶ
692 733 741 783 οἱ
768 733 907 786 κατὰ
938 736 1030 788 τὸν
1068 739 1269 809 κόσμον
1320 743 1533 820 σεμνῶς
1592 744 1853 813 βιοῦντες,

292 814 387 867 καὶ
411 816 461 867 οἱ
490 816 580 870 τὸν
613 822 816 890 μονήρη
848 824 1255 896 ἐπανῃρημένοι
1284 814 1414 898 βίον.
1450 832 1558 884 Καὶ
1590 833 1720 900 γοῦν
1747 835 1854 887 τῶν

291 906 614 976 ἀμφοτέρων
634 911 789 982 χρεία
813 913 926 965 ἐστί
945 930 958 943 ·
982 916 1090 968 τῶν
1122 919 1222 986 μὲν
1261 919 1473 988 φύλλων
1503 923 1637 994 πρὸς
1667 927 1853 996 χρείαν

291 997 386 1049 καὶ
427 998 670 1071 φυλακὴν
705 1002 799 1055 τοῦ
855 1005 1166 1076 σπέρματος
1185 1049 1198 1073 ,
1228 1011 1321 1063 τοῦ
1345 1012 1402 1064 δὲ
1429 1016 1638 1085 καρποῦ
1687 1018 1854 1085 ἀναγ-

290 1087 418 1139 καία
467 1090 500 1160 ή
544 1091 735 1160 κτῆσις
763 1109 776 1123 ·
824 1094 1034 1161 γένεσις
1078 1096 1187 1168 γὰρ
1212 1099 1304 1152 τοῦ
1339 1103 1539 1165 παντὸς
1574 1105 1848 1175 τυγχάνει.

290 1179 502 1268 ’ρσπερ
539 1180 648 1252 γὰρ
681 1184 780 1237 οὐκ
822 1187 1056 1259 ἐγχωρεῖ
1106 1189 1248 1242 κατὰ
1295 1192 1462 1246 ταυτὸ
1495 1196 1588 1246 καὶ⁵
1625 1196 1850 1268 βοτάνην

287 1261 426 1321 εἶναι
456 1269 548 1322 καὶ
575 1272 815 1343 σπέρμα,
834 1274 1005 1339 οὕτως
1031 1277 1308 1344 ἀδύνατον,
1331 1282 1430 1352 τῆς
1459 1261 1728 1356 κοσμικῆς
1767 1261 1849 1338 δό-

287 1358 384 1432 ξης
412 1362 541 1432 ἡμῖν
575 1367 987 1439 περικειμένης,
1043 1370 1254 1441 καρπὸν
1305 1373 1552 1445 οὐράνιον
1606 1378 1846 1447 ποιῆσαι.

283 1451 404 1506 Τῶν
431 1453 489 1507 δὲ
525 1455 738 1524 φύλλων
765 1458 1169 1531 ἀπορρυέντων,
1197 1465 1291 1518 καὶ
1321 1466 1421 1536 τῆς
1449 1467 1701 1538 καλάμης
1751 1470 1846 1540 ξη-

283 1544 594 1617 ρανθείσης,
627 1550 928 1621 ἐπιτήδειος
949 1555 977 1606 ό
1000 1556 1200 1625 στάχυς
1228 1557 1363 1629 πρὸς
1415 1557 1673 1629 θερισμόν
1708 1563 1844 1615 ἐστι.

281 1634 393 1688 Καὶ
428 1638 592 1708 ἡμεῖς
625 1635 738 1703 οῦν,
802 1642 1170 1698 ἀποὸαλοῦσαι
1197 1646 1296 1716 τὴν
1327 1649 1390 1699 ὲκ
1418 1649 1520 1717 γῆς
1551 1651 1846 1717 φαντασίαν

279 1727 399 1780 ἀντὶ
417 1727 526 1780 τῶν
551 1728 783 1796 φύλλων,
809 1733 906 1784 καὶ
935 1731 1236 1803 ξηράνασαι
1265 1737 1474 1790 ἑαυτῶν
1504 1738 1565 1790 τὸ
1586 1739 1744 1810 σῶμα
1771 1741 1846 1804 ὡς

276 1819 374 1890 τὴν
401 1821 672 1894 καλάμην,
692 1823 976 1892 ὑψώσασαι
1010 1826 1066 1878 δὲ
1105 1827 1310 1880 ἑαυτῶν
1335 1829 1426 1881 τὸν
1457 1829 1731 1902 λογισμὸν,
1761 1833 1848 1885 δυ·-
1881 1821 1920 1874 Β

276 1913 556 1981 νησόμεθα
597 1916 820 1986 σπέρμα
846 1919 1120 1988 σωτηρίας
1149 1921 1425 1990 γεννῆσαι.

345 2002 434 2056 79.
489 2005 852 2061 Ἐπικίνδυνον
870 2009 960 2062 τὸν
986 2009 1060 2080 μὴ
1082 2010 1170 2063 διὰ
1195 2011 1494 2082 πρακτικοῦ
1514 2013 1628 2083 βίου
1650 2013 1848 2083 ἀχθέν-

277 2111 369 2160 τα,
390 2095 659 2150 διδάσκειν
686 2100 997 2170 ἐπιχειρεῖν.
1031 2103 1242 2172 Ὥσπερ
1269 2101 1376 2173 γὰρ
1397 2103 1483 2166 ἂν,
1501 2105 1554 2157 εί
1566 2121 1648 2168 τις
1671 2104 1846 2157 οἰκίαν

277 2186 416 2254 ἔχων
444 2184 671 2256 σαθρὰν,
692 2185 872 2251 ξένους
893 2189 1307 2260 ὑποδεξάμενος,
1333 2191 1523 2260 βλάψει
1541 2195 1606 2262 τῇ
1640 2193 1844 2246 πτώσει

275 2277 369 2330 τοῦ
397 2279 692 2349 οἰκήματος
711 2296 724 2310 ’
751 2279 892 2332 οὕτω
917 2281 1010 2334 καὶ
1041 2277 1208 2344 οὗτοι,
1241 2281 1314 2353 μὴ
1339 2285 1597 2355 πρότερον
1621 2285 1844 2348 ἑαυτοὺς

272 2369 529 2437 ἀσφαλῶς
554 2372 1026 2443 οἰκοδομήσαντες,
1057 2375 1150 2426 καὶ
1175 2377 1298 2438 τοὺς
1326 2376 1718 2447 προσελθόντας
1746 2379 1841 2431 σὺν

271 2463 455 2526 αὐτοῖς
513 2462 818 2518 ἀπώλεσαν.
868 2467 990 2530 Τοῖς
1049 2467 1146 2536 μὲν
1170 2467 1278 2538 γὰρ
1328 2467 1505 2535 λόγοις
1550 2470 1845 2538 προεκαλέ-

273 2569 438 2604 σαντο
465 2554 544 2617 είς
577 2555 872 2626 σωτηρίαν,
902 2559 966 2625 τῇ
1009 2556 1065 2608 δὲ
1083 2556 1174 2609 τοῦ
1229 2557 1427 2628 τρόπου
1484 2558 1669 2629 κακίᾳ.
1717 2559 1842 2622 τοὺς

274 2641 631 2711 συλλεγέντας
663 2645 860 2715 μᾶλλον
883 2647 1170 2718 ἠδίκησαν.
1210 2648 1274 2700 Ἢ
1307 2649 1404 2719 μὲν
1441 2649 1548 2722 γὰρ
1581 2649 1709 2718 ψιλὴ
1733 2649 1841 2702 τῶν

271 2732 445 2800 λόγων
474 2733 688 2799 ἓκθεσις
711 2735 854 2791 ἔοικε
887 2740 1122 2810 γραφαῖς
1170 2738 1257 2792 διὰ
1301 2738 1605 2810 χρωμάτων
1652 2740 1843 2792 εὐαπο-

272 2826 500 2880 πτώτων
543 2830 909 2896 συνιστάσαις,
961 2831 1184 2896 ἅστινας
1237 2834 1596 2904 σμικρότατος
1653 2833 1841 2903 χρόνος

270 2918 514 2974 διέλυσεν
539 2922 753 2992 ἀνέμων
775 2925 960 2993 ῥιπαῖς
979 2926 1073 2977 καὶ
1101 2925 1270 2978 ὑετῶν
1315 2924 1536 2992 σταγόσι
1565 2941 1578 2954 ο
1633 2925 1731 2994 τὴν
1782 2924 1838 2976 δὲ

270 3009 588 3082 ἔμπρακτον
618 3013 962 3068 διδασκαλίαν
995 3015 1101 3068 οὐδ’
1131 3017 1158 3069 ὁ
1193 3017 1300 3079 πᾶς
1327 3015 1458 3069 αἰὼν
1484 3014 1728 3069 διαλῦσαι
1750 3015 1839 3067 δυ-

267 3102 479 3175 νηθείη.
520 3103 602 3157 Τὰ
659 3106 766 3176 γάρ
812 3106 1008 3175 στερεὰ
1048 3108 1144 3178 τῆς
1191 3107 1368 3177 ψυχῆς
1420 3105 1766 3159 ὲκκολάπτων
1808 3109 1837 3160 ὁ

267 3195 447 3263 λόγος,
500 3195 716 3250 αἰώνιον
759 3196 978 3267 ἄγαλμα
1034 3196 1268 3264 Χριστοῦ
1323 3199 1434 3260 τοῖς
1492 3199 1698 3260 πιστοῖς
1729 3197 1834 3250 δω-

271 3289 466 3356 ρεῖται.

337 3463 427 3517 80.
453 3461 581 3516 Δέον
610 3456 702 3514 οῦν
735 3462 830 3514 καὶ
860 3462 1008 3532 ἡμᾶς
1043 3461 1118 3532 μὴ
1158 3459 1476 3512 ἐπιπόλαιον
1520 3459 1618 3528 τῆς
1658 3457 1836 3528 ψυχῆς

264 3552 538 3607 ποιεῖσθαι
564 3551 662 3623 τὴν
691 3552 1007 3623 θεραπείαν,
1060 3551 1174 3604 ἀλλ’
1229 3551 1354 3620 ὃλην
1387 3550 1556 3618 αὐτὴν
1599 3549 1666 3601 δι’
1709 3547 1833 3601 ὅλου

261 3649 511 3716 κοσμεῖν,
541 3644 772 3715 μάλιστα
794 3642 887 3696 τοῦ
923 3642 1116 3713 βάθους
1136 3641 1210 3712 μὴ
1246 3640 1572 3712 ἀμελούσας.
1617 3639 1831 3710 Τριχῶν

261 3736 638 3808 ἐποιησάμεθα
669 3736 766 3807 τὴν
793 3735 1079 3806 ἀφαίρεσιν
1111 3749 1125 3764 ⁸
1180 3732 1563 3802 συναφέλωμεν
1599 3730 1694 3784 καὶ
1708 3731 1833 3793 τοὺς

259 3831 318 3882 ὲν
339 3831 406 3899 τῇ
435 3827 642 3898 κεφαλῇ
678 3825 993 3896 σκώληκας·
1043 3823 1371 3895 μονάσαντες
1399 3823 1506 3893 γὰρ
1538 3815 1703 3887 οὗτοι,
1741 3823 1832 3875 ἐπὶ

259 3922 451 3974 πλεῖον
481 3921 628 3989 ἡμᾶς
655 3918 988 3988 όδυνήσουσι.
1028 3915 1101 3970 Τὸ
1138 3916 1235 3986 μὲν
1258 3916 1364 3986 γὰρ
1397 3915 1647 3985 τρίχωμα
1675 3913 1832 3984 ἡμῶν

256 4009 326 4082 ἦν
353 4014 382 4064 ὁ
414 4011 557 4064 κατὰ
601 4011 690 4063 τὸν
723 4011 838 4080 βίον
868 4011 1088 4080 κόσμος,
1114 4012 1291 4081 τιμαί,
1323 4010 1490 4075 δόξαι,
1537 4011 1832 4082 χρημάτων

258 4105 475 4175 κτῆσις,
512 4102 759 4173 λαμπραὶ¹
811 4103 1036 4171 ἐσθῆτος
1083 4103 1287 4164 στολαὶ,
1319 4103 1559 4175 λουτρῶν
1587 4106 1830 4174 χρήσεις,

260 4192 567 4263 βρωμάτων
594 4190 935 4254 ἀπολαύσεις.
979 4190 1160 4244 Ταῦτα
1193 4191 1449 4261 ἐδόξαμεν
1488 4193 1828 4246 ἀποϐάλλειν·

257 4281 393 4337 ἀλλὰ
416 4282 541 4343 τοὺς
575 4279 942 4352 ψυχοφθόρους
961 4279 1247 4350 σκώληκας
1281 4281 1478 4350 μᾶλλον
1517 4280 1827 4351 ἐξώσωμεν.

257 4375 417 4437 Τίνες
445 4373 502 4427 δέ
525 4375 658 4425 εἰσιν
683 4366 854 4436 οῦτοι;
890 4375 1207 4438 καταλαλιὰ,
1249 4375 1526 4446 ἐπιορκία,
1569 4374 1832 4446 φιλαργυ-

1385 351 1548 407 VITA
1589 351 1886 410 ΞΑΝΕΤᾸΞ
1927 353 2407 412 ΒΥΝΕιΕΤΙΟᾹΞ.

369 453 456 510 78.
495 456 614 509 Τῶν
645 453 738 512 οῦν
765 461 1087 535 ἀμφοτέρων
1116 469 1408 540 ταγμάτων
1430 469 1511 537 εἷς
1535 475 1648 527 ἐστι
1673 474 1863 527 δεσπό-
1893 485 1933 535 Α

2477 441 2481 445 _
3394 368 3528 423 tant

2035 476 2125 532 78.
2171 476 2469 548 Utriusque
2501 488 2754 533 caeterum
2785 481 2996 537 ordinis
3025 500 3166 538 unus
3213 495 3298 540 est
3346 487 3528 541 Donati-

1963 583 2086 622 nus.
2126 568 2260 622 Nam
2315 567 2459 624 sicut
2493 589 2559 624 ex
2607 573 2795 626 eodem
2835 574 3107 631 frumento
3154 585 3238 631 est
3284 580 3434 647 palea
3473 593 3526 636 ιιι

1963 675 2184 725 semen;
2230 662 2301 715 ita
2340 680 2405 716 est
2433 663 2620 718 eodem
2655 665 2764 720 Deo
2813 675 2941 721 sunt
2990 676 3043 723 et
3082 671 3174 739 qui
3231 672 3286 724 in
3320 675 3526 726 mundo

1963 751 2101 807 bene
2133 754 2322 807 vivunt
2349 795 2363 818 ,
2411 764 2464 808 et
2507 757 2596 825 qui
2632 758 2990 812 monasticam
3015 764 3247 830 amplexi
3278 775 3398 818 sunt
3443 769 3525 816 vi-

1957 850 2088 897 tam.
2123 843 2190 898 Et
2221 861 2354 902 sane
2385 849 2546 902 ambo
2574 859 2702 904 sunt
2750 854 3091 918 necessaria;
3126 855 3254 909 folia
3301 858 3518 925 quidem

1958 934 2026 988 ad
2059 937 2280 990 tutelam
2306 947 2360 993 et
2390 955 2548 993 usum
2582 942 2843 1008 seminis;
2871 941 3106 998 fructum
3139 962 3269 1001 vero
3297 963 3525 1004 necesse

1955 1035 2038 1078 est
2059 1026 2357 1095 acquirere,
2379 1029 2504 1097 quia
2525 1045 2588 1084 ex
2607 1045 2670 1084 eo
2687 1041 2884 1086 cuncta
2906 1041 3228 1090 nascuntur.
3250 1036 3385 1108 (91‘)
3403 1039 3520 1092 Ca:-

1957 1125 2128 1170 terum
2154 1119 2294 1172 sicut
2310 1135 2415 1173 non
2435 1130 2745 1189 potestesse
2761 1125 2923 1178 simul
2946 1126 3112 1180 herba
3137 1143 3258 1181 cum
3277 1130 3519 1195 semine;

1954 1207 2029 1261 ita
2052 1207 2168 1262 ﬁeri
2191 1211 2475 1279 nequitut,
2508 1213 2892 1283 circumposita
2921 1217 3078 1271 nobis
3103 1219 3288 1273 mundi
3323 1221 3522 1290 gloria,

1951 1301 2227 1356 ctelestem
2247 1302 2484 1357 fructum
2515 1307 2847 1361 emittamus.
2876 1307 3044 1365 Foliis
3064 1327 3225 1380 porro
3255 1312 3516 1382 delapsis,

1952 1391 2300 1462 arefactoqne
2339 1396 2539 1459 culmo,
2567 1405 2690 1466 apta
2727 1408 2811 1453 est
2837 1399 2904 1453 ad
2939 1416 3170 1456 messem
3201 1405 3372 1472 spica.
3405 1405 3520 1462 Nos

1951 1483 2133 1553 itaque
2155 1501 2277 1539 cum
2301 1501 2401 1540 ceu
2430 1486 2577 1553 folia,
2606 1496 2886 1563 terrenum
2918 1492 3102 1546 luxum
3133 1493 3512 1563 abjecerimus.

1953 1590 2264 1645 corpusque
2297 1585 2545 1632 nostrum
2575 1579 2768 1633 calami
2803 1583 2976 1636 instar
3015 1585 3468 1641 assit-caverimus
3495 1628 3510 1648 .

1951 1675 2304 1737 nostramque
2339 1670 2720 1740 cogitationem
2775 1674 3132 1740 ercxerimus,
3169 1683 3280 1730 tum
3311 1681 3514 1748 poteri-

1949 1773 2072 1813 mus
2102 1759 2295 1815 salutis
2325 1775 2507 1816 semen
2536 1761 2776 1831 gignere.

2018 2005 2104 2060 79.
2150 2004 2258 2060 Res
2288 2011 2372 2060 est
2410 2004 2736 2074 periculosa,
2765 2019 2890 2058 cum
2918 2007 2965 2062 is
2999 2007 3090 2076 qui
3117 2008 3223 2062 vita
3255 2009 3308 2062 in
3330 2011 3508 2065 actio-

1943 2112 2014 2151 ne
2054 2097 2230 2166 posita
2278 2098 2560 2154 institutus
2607 2116 2715 2154 non
2754 2110 2873 2162 est,
2928 2099 3124 2154 docere
3172 2101 3503 2170 aggreditur.

1942 2188 2075 2242 Nam
2115 2190 2260 2244 sicut
2308 2192 2353 2246 si
2385 2193 2508 2260 quis
2555 2191 2777 2247 domum
2829 2192 3035 2248 habens
3083 2193 3399 2256 ruinosam,
3451 2203 3514 2249 et

1944 2281 2192 2352 hospites
2219 2285 2514 2353 exceperit,
2549 2283 2841 2354 perniciem
2878 2284 2984 2340 illis
3012 2299 3108 2352 per
3133 2285 3266 2338 aulis
3292 2285 3506 2339 ruinam

1942 2372 2129 2434 aﬂert;
2163 2373 2243 2427 sic
2268 2380 2321 2427 et
2345 2373 2436 2428 isti
2465 2389 2589 2428 cum
2619 2380 2778 2427 antea
2827 2387 2936 2426 non
2983 2372 3308 2441 semetipsos
3340 2371 3510 2425 firmi-

1940 2471 2022 2518 ter
2042 2463 2421 2527 tedificassent,
2445 2479 2539 2519 eos
2567 2464 2659 2533 qui
2709 2470 3060 2518 accesserant
3086 2477 3273 2516 secum
3320 2462 3506 2532 perdi-

1939 2555 2152 2609 derunt.
2192 2555 2401 2610 Etenim
2440 2556 2620 2609 verbis
2667 2555 2732 2609 ad
2767 2556 2997 2610 salutem
3042 2555 3343 2616 vocabant,
3381 2570 3502 2607 mo-

1941 2660 2060 2699 rum
2093 2653 2275 2699 autem
2309 2645 2552 2714 nequitia
2578 2659 2674 2699 eos
2697 2643 2790 2714 qui
2819 2644 3034 2697 collecti
3059 2643 3276 2698 fuerant
3300 2643 3505 2698 daumo

1939 2737 2252 2792 affecerunt.
2286 2736 2420 2790 Nam
2450 2737 2681 2806 simplex
2721 2735 3008 2790 verborum
3044 2735 3316 2805 expositio
3347 2736 3502 2790 simi-

1939 2828 2007 2883 lis
2034 2836 2118 2883 est
2155 2827 2383 2898 picturis
2403 2870 2418 2895 ,
2463 2843 2585 2897 quae
2618 2827 2826 2881 levibus
2856 2824 3182 2894 vitiosisque
3212 2826 3497 2879 coloribus

1937 2927 2210 2984 constant,
2239 2933 2380 2988 quas
2414 2918 2795 2974 brevissimum
2849 2925 3063 2985 tempus
3086 2922 3370 2970 ventorum
3403 2914 3499 2966 fla-

1935 3009 2105 3072 tibus,
2140 3007 2504 3077 imbriumque
2531 3007 2842 3078 perfusione
2871 3007 3140 3061 dissolvit.
3176 3005 3245 3058 At
3294 3005 3498 3058 doctri-

1938 3115 2062 3153 nam
2087 3100 2343 3168 operibus
2366 3099 2761 3160 conflrmatam,
2785 3114 2851 3152 ne
2879 3106 3050 3152 totum
3078 3096 3294 3167 quidem
3323 3111 3495 3149 mvum

1936 3191 2232 3246 dissolvere
2264 3191 2520 3260 potuerit.
2562 3188 2694 3242 Nam
2738 3189 2908 3244 solida
2948 3189 3143 3241 animae
3171 3187 3496 3255 exsculpcns

1935 3295 2157 3344 sermo,
2221 3291 2482 3334 attentum
2538 3279 2744 3336 Christi
2823 3279 3175 3334 simulacrum
3247 3277 3499 3331 ﬁdelibus

1935 3370 2142 3425 tribuit.
2165 3420 2173 3428 .

2005 3461 2094 3514 80.
2137 3457 2500 3523 Quamobrem
2545 3459 2803 3512 debemus
2843 3457 3036 3510 anima:
3087 3471 3275 3509 curam
3311 3457 3493 3512 susci—

1932 3567 2082 3624 pere,
2105 3548 2691 3619 uon‘perfunctoriam.
2723 3563 2832 3602 non
2855 3546 3092 3601 fucatam
3124 3563 3138 3611 ;
3164 3546 3260 3601 sed
3293 3547 3346 3598 in
3378 3554 3494 3601 tota

1934 3644 2026 3697 illa
2055 3640 2368 3700 exornanda
2392 3647 2558 3693 totam
2589 3654 2788 3708 ponere
2819 3653 3063 3710 operam,
3096 3653 3206 3692 non
3243 3640 3490 3708 neglecta

1933 3735 2237 3804 przesertim
2289 3730 2678 3802 profuntlitate.
2718 3729 3062 3784 Abscidimus
3099 3743 3338 3795 comam;
3384 3743 3494 3782 una

1935 3825 2248 3880 auferamus
2296 3831 2350 3879 et
2400 3823 2577 3876 tineas
2608 3821 2838 3891 capitis:
2892 3835 3015 3874 nam
3068 3819 3114 3873 si
3159 3820 3287 3874 solze
3328 3821 3496 3874 relin-

1932 3924 2171 3988 quantur
2230 3915 2364 3978 illaa,
2431 3913 2689 3980 majorem
2741 3911 2898 3965 nobis
2950 3909 3177 3964 afferent
3226 3911 3490 3966 dolorem.

1932 4009 2198 4064 Caesaries
2229 4006 2426 4076 quippe
2482 4013 2670 4058 nostra
2719 4011 2871 4070 erat,
2923 4001 3200 4056 saacularis
3229 4010 3491 4066 ornatus,

1933 4103 2206 4165 honores,
2265 4102 2469 4170 gloria,
2514 4097 2836 4160 facultates,
2894 4097 3126 4152 vestium
3173 4097 3495 4166 splendidus

1932 4195 2184 4258 amictus,
2219 4193 2535 4246 balneorum
2568 4205 2702 4244 usus
2728 4229 2743 4251 ,
2789 4189 3035 4244 ciborum
3062 4189 3328 4258 voluptas.
3373 4188 3496 4242 llaec

1932 4285 2180 4339 videmur
2209 4283 2532 4349 abdicasse;
2582 4296 2771 4336 verum
2824 4281 3018 4335 animae
3047 4279 3382 4349 perniciosas
3429 4281 3498 4332 ti-

1934 4392 2064 4432 neas
2095 4375 2437 4445 abjiciamus.
2464 4373 2723 4440 Quasnam
2757 4373 2861 4428 illae
2891 4372 3054 4428 sunt?
3084 4371 3239 4426 mala:
3287 4373 3497 4441 cogita-

264 4467 373 4540 ρία.
427 4465 491 4518 'H
543 4461 634 4518 οῦν
668 4464 874 4535 κεφαλὴ
926 4465 1083 4535 ἡμῶν
1107 4467 1315 4536 ἐστινὴ
1357 4466 1543 4537 ψυχή’
1582 4468 1676 4520 καὶ
1727 4467 1832 4530 ἕως

1940 4469 2132 4531 tiones,
2156 4466 2482 4521 obtrectatio
2506 4505 2521 4526 .
2556 4465 2878 4535 perjurium,
2907 4464 3154 4517 avaritia.
3186 4462 3363 4532 Caput
3399 4478 3498 4516 no-

259 4557 362 4627 μεν
385 4559 442 4610 ὲν
465 4559 587 4621 ταῖς
626 4556 777 4619 ὕλαις
809 4557 916 4609 τῶν
975 4557 1249 4626 κοσμικῶν
1299 4560 1636 4628 πραγμάτων
1688 4558 1836 4611 ὲσκέ·

258 4664 425 4700 ποντο
453 4647 523 4699 τὰ
558 4645 746 4716 θηρία,
775 4645 992 4699 ἐδόκουν
1022 4645 1300 4698 λανθάνειν
1318 4663 1332 4676 ο
1359 4646 1453 4700 νῦν
1499 4647 1574 4710 δὲ,
1624 4663 1834 4716 γυμνω-

258 4738 442 4799 θέντα,
476 4736 640 4790 πᾶσίν
664 4738 810 4790 ἐστιν
835 4735 1058 4806 ἔκδηλα·
1110 4735 1194 4788 διὰ
1220 4735 1376 4788 τοῦτο
1404 4738 1461 4789 ὲν
1510 4736 1761 4806 παρθένῳ
1794 4736 1828 4805 ἢ

257 4833 315 4884 ἐν
349 4830 568 4900 μοναχῷ
614 4830 864 4901 προφανῆ
909 4829 1161 4897 τυγχάνει
1217 4829 1311 4881 καὶ
1366 4828 1432 4881 τὰ
1473 4828 1828 4899 εὐτελέστερα

256 4922 653 4993 ἁμαρτήματα·
683 4920 870 4991 ὥσπερ
897 4918 1005 4989 γὰρ
1051 4922 1107 4972 ὲν
1137 4918 1358 4989 καθαρῷ
1384 4920 1637 4988 οἰκήματι
1661 4935 1826 4970 κατα-

255 5013 422 5083 φανὲς
458 5013 592 5064 πᾶσι
616 5013 822 5079 γίνεται
845 5012 907 5064 τὸ
923 5011 1086 5081 όφθὲν
1111 5011 1316 5080 θηρίον,
1351 5010 1456 5065 κᾶν
1490 5008 1825 5081 βραχύτατον

255 5103 499 5172 τυγχάνῃ
530 5119 543 5131 ·
576 5104 632 5154 ὲν
685 5101 740 5154 δὲ
773 5103 884 5164 τοῖς
915 5105 1197 5172 κοσμικοῖς
1219 5100 1404 5171 ὥσπερ
1426 5103 1482 5152 ὲν
1499 5099 1826 5172 ἀκαθάρτοις

257 5191 543 5265 σπηλαίοις
566 5193 946 5263 ὲμφωλεύοντα
970 5193 1037 5246 τὰ
1071 5192 1297 5263 μέγιστα
1325 5191 1430 5245 τῶν
1463 5190 1678 5247 ἰοϐόλων
1702 5192 1828 5245 λαν-

256 5287 429 5350 θάνει,
461 5285 570 5338 ὑπὸ
590 5285 687 5354 τῆς
714 5283 967 5354 συνεχοῦς
997 5283 1127 5355 ὕλης
1153 5282 1552 5353 καλυπτόμενα.
1589 5283 1716 5337 Δέον
1736 5277 1828 5336 οῦν

255 5380 339 5446 ἐφ’
359 5376 516 5448 ἡμῶν
545 5375 828 5447 καθαίρειν
849 5373 938 5427 τὸν
969 5370 1116 5428 οἶκον
1146 5372 1425 5445 διηνεκῶς,
1455 5373 1548 5426 καὶ
1578 5373 1830 5446 περιϐλέ-

256 5469 455 5524 πεσθαι
487 5467 560 5539 μή
589 5485 643 5520 τι
674 5466 780 5520 τῶν
820 5466 1173 5537 ψυχοφθόρων
1216 5463 1467 5533 ζωῦφίων
1525 5463 1827 5537 παρεισδύῃ

256 5562 318 5623 ὲν
342 5563 455 5624 τοῖς
487 5559 586 5628 τῆς
612 5557 789 5628 ψυχῆς
820 5557 1097 5626 ταμείοις⁸
1134 5557 1226 5614 καὶ
1247 5556 1446 5630 θυμιᾷν
1478 5556 1533 5610 δὲ
1561 5557 1687 5622 τοὺς
1736 5555 1826 5610 τά·

326 5713 464 5777 (91⁸)
511 5711 612 5764 ινιτ.
651 5709 760 5765 PP.
793 5711 824 5767 Ι.
861 5726 912 5770 v,
941 5709 990 5774 8,
1015 5708 1104 5762 Ξθ.

1936 4569 2110 4615 strum
2144 4566 2228 4615 est
2258 4559 2460 4613 anima.
2505 4556 2648 4611 Sane
2693 4554 2930 4626 quantliu
2991 4555 3044 4608 in
3105 4553 3257 4607 silvis
3316 4568 3494 4620 rerum

1935 4651 2334 4704 nnmdanarum
2363 4648 2492 4703 fera:
2520 4646 2936 4718 obtegebautur.
2952 4645 3122 4702 latere
3138 4646 3492 4701 videbantur:

1933 4753 2078 4792 nunc
2133 4744 2310 4790 autem
2360 4734 2675 4798 denudatae,
2741 4737 2956 4791 cunctis
3013 4744 3138 4791 sunt
3189 4745 3390 4805 aperta:
3442 4744 3496 4790 et

1930 4828 2256 4896 conspicuae.
2309 4825 2597 4895 Propterea
2649 4826 2702 4879 in
2742 4826 2948 4895 virgine
2990 4828 3073 4881 vel
3126 4827 3180 4878 in
3231 4825 3495 4879 monacho

1929 4921 2196 4975 evidentia
2222 4925 2351 4973 sunt
2392 4917 2479 4970 vel
2512 4917 2786 4970 levissima
2822 4925 3044 4984 peccata
3076 4936 3088 4970 :
3141 4916 3495 4986 quemadmo-

1929 5014 2056 5068 dum
2089 5012 2142 5064 in
2172 5009 2376 5065 mundo
2406 5007 2705 5069 domicilio,
2753 5007 2994 5077 quodvis-
3015 5007 3215 5061 animal
3245 5008 3492 5076 quamvis

1930 5103 2313 5159 tenuissimum
2369 5101 2616 5156 omnium
2665 5108 2810 5170 patet
2852 5100 3066 5153 oculis:
3099 5100 3152 5152 in
3203 5097 3494 5152 mundanis

1932 5203 2111 5250 autem
2143 5193 2304 5264 633
2333 5207 2433 5247 ceu
2462 5192 2516 5245 in
2566 5190 2794 5259 impuris
2826 5189 3226 5258 immundisque
3269 5189 3491 5258 spelun-

1931 5289 2011 5341 cis
2039 5286 2201 5340 etiam
2232 5283 2546 5340 incubantia
2568 5292 2884 5336 venatorum
2910 5281 3140 5333 maxima
3165 5280 3330 5332 latent
3359 5278 3492 5332 den-

1932 5382 2088 5436 sitate
2111 5379 2348 5433 materia:
2371 5376 2605 5430 obtecta.
2643 5373 2754 5444 (99.)
2787 5372 3011 5442 Oportet
3063 5386 3195 5440 ergo
3248 5386 3349 5424 nos
3392 5369 3491 5424 do-

1932 5486 2076 5526 mum
2099 5468 2318 5524 assidue
2333 5481 2657 5537 expurgare,
2686 5473 2738 5519 ct
2767 5462 3207 5532 circumspicere,
3234 5475 3301 5514 ne
3320 5460 3494 5528 qunt-

1931 5557 2073 5627 piam
2099 5553 2295 5609 animm
2323 5554 2608 5608 noxiorum
2641 5553 2994 5616 insectorum,
3026 5549 3267 5620 ejusdem
3300 5549 3510 5604 animae-

1996 5707 2105 5777 (οε)
2146 5705 2248 5762 vn.
2285 5704 2403 5762 PP.
2431 5705 2467 5761 ι.
2496 5722 2549 5772 v,
2578 5706 2630 5769 4,
2653 5705 2742 5760 ιε.
