4032 6376
579 345 682 366 ID”.

543 350 568 402 ι
579 350 684 403 5'55

1710 332 1769 386 S.
1814 317 2277 383 ATIIANASIUS.
2316 349 2385 362 -
2421 317 2690 375 SPURIA.

3645 310 3769 368 1536

541 466 739 519 subeat
761 460 1076 534 penetralia.
1111 455 1255 510 Loca
1291 453 1476 509 itidem
1504 449 1692 505 divino
1716 445 1983 503 orationis
2028 441 2113 494 in-

2219 455 2347 501 πους
2375 437 2452 508 τῷ
2486 437 2613 506 θείῳ
2645 435 2948 508 θυμιάματι
2975 435 3072 506 τῆς
3102 432 3658 506 προσευχης.Ὦσπερ
3674 432 3770 501 γὰρ

541 571 708 612 censo
753 552 1122 622 sutiumigare.
1175 546 1330 602 Sicut
1372 544 1517 599 enim
1570 541 1785 595 acriora
1817 538 2112 608 pharmaca

544 649 746 702 bestias
781 646 1005 713 exigunt
1043 649 1372 702 venenatas;
1407 637 1489 690 sic
1539 631 1872 687 immundam
1902 626 2112 697 cogita-

545 742 747 794 tionem
779 739 927 805 ejicit
959 735 1136 790 oratio
1167 747 1288 786 cum
1321 728 1547 799 jejunio.

614 830 703 884 8|.
746 827 861 882 Una
904 839 1069 896 porro
1131 824 1325 876 anima:
1383 820 1734 875 exitiosarum
1807 813 2109 867 belluarum

543 921 660 976 haec
691 929 812 975 est:
847 917 1022 986 decipi
1055 916 1266 972 scilicet
1296 913 1366 967 ab
1407 912 1474 966 iis
1498 909 1589 980 qui
1615 922 1738 963 esse
1771 905 1936 958 fatum
1969 901 2112 954 allir—

544 1018 713 1064 mant.
759 1007 912 1073 Quod
966 1007 1128 1060 etiam
1172 1004 1392 1074 genesin
1436 1007 1655 1054 vocant.
1691 995 1743 1051 ls
1782 1002 1867 1050 est
1903 993 2113 1063 gravis-

545 1101 719 1154 simus
757 1098 957 1152 diaboli
1005 1095 1278 1151 stimulus.
1335 1092 1398 1146 Et
1443 1091 1762 1162 plerumque
1825 1082 2112 1138 animabus

545 1191 828 1252 studiosis.
875 1198 1164 1260 postquam
1207 1187 1260 1241 in
1302 1192 1482 1239 mente
1525 1180 1837 1253 pestiferam
1887 1175 2112 1246 phanta-

545 1286 684 1341 siam
718 1282 992 1345 excitarit,
1039 1281 1217 1336 evolat
1263 1297 1275 1331 :
1322 1285 1378 1331 at
1423 1272 1768 1344 segnioribus
1805 1268 2115 1323 dominatur

544 1375 874 1432 hominibus.
925 1371 1095 1426 Nemo
1146 1370 1292 1425 enim
1340 1383 1530 1423 eorum
1587 1363 1682 1434 qui
1734 1376 1856 1418 cum
1915 1359 2114 1413 virtute

542 1469 710 1522 vitam
777 1465 1122 1534 transigunt,
1174 1467 1320 1539 tenet
1380 1457 1689 1512 admittitve
1747 1449 2111 1524 perniciosam

544 1574 848 1628 vanamque
905 1553 1173 1626 ejusmodi
1233 1551 1586 1614 doctrinam;
1651 1546 1822 1601 Deum
1877 1556 2114 1610 namque

545 1649 872 1720 principium
931 1643 1122 1700 statuit
1175 1641 1356 1696 omnis
1409 1635 1669 1709 praeteriti
1719 1632 2114 1706 praesentisque

545 1739 673 1793 boni
712 1752 727 1788 :
771 1752 834 1790 ac
878 1734 1118 1790 secundo
1157 1732 1276 1786 loco
1317 1729 1594 1801 propriam
1639 1734 1875 1781 mentem
1917 1724 2110 1778 ducem

542 1827 893 1898 judicemque
944 1823 1162 1877 virtutis
1207 1836 1270 1874 ac
1314 1820 1428 1873 vitii
1483 1817 1786 1872 constituit.
1835 1813 2112 1882 Quotquot

549 1926 727 1972 autem
770 1916 971 1985 injuria
1028 1914 1110 1968 vel
1153 1911 1389 1982 segnitie
1437 1910 1585 1981 passi
1635 1916 1762 1963 sunt
1826 1921 1949 1976 quae
2003 1920 2112 1958 non

547 2007 968 2076 exspectabant,
1012 2005 1154 2058 illico
1210 2001 1478 2058 accedunt
1531 2001 1596 2054 ad
1651 1996 1962 2067 bujusmodi
2006 1995 2117 2049 da:-

549 2111 786 2152 monem.
829 2094 1297 2160 Quemadmodum
1340 2092 1495 2163 pueri
1531 2090 1722 2145 relicto
1749 2088 1972 2148 ordine,
2006 2101 2113 2138 non

549 2189 783 2244 ferentes
823 2197 1110 2259 parentum
1145 2202 1369 2242 suorum
1419 2183 1816 2238 institutionem
1850 2179 1954 2235 sibi
1993 2193 2115 2248 per-

547 2280 756 2342 utilem,
787 2278 1096 2349 aufugiunt,
1119 2280 1346 2347 locaque
1374 2276 1577 2330 adeunt
1612 2274 1848 2334 deserta,
1877 2270 2116 2340 ferisque

549 2387 611 2426 ac
647 2373 897 2427 barbaris
934 2373 1304 2441 adjunguntur
1335 2366 1696 2422 dzemonibus.
1743 2363 1875 2418 Nam
1919 2363 2117 2418 erube-

547 2473 765 2520 scentes
803 2465 1041 2518 facinora
1087 2477 1198 2518 sua:
1232 2460 1494 2515 voluntati
1546 2459 1836 2529 imputare,
1878 2472 1942 2510 ea
1993 2469 2114 2526 qua;

549 2571 658 2610 non
699 2555 900 2609 adsunt
934 2554 1071 2607 falso
1105 2551 1488 2606 criminantur.

617 2646 707 2701 82.
761 2645 1025 2700 Praeterea
1057 2659 1086 2696 a
1119 2642 1304 2696 divino
1349 2643 1573 2696 numine
1629 2653 1751 2694 sese
1799 2637 2116 2706 abjicientes

552 2735 657 2790 sibi
694 2733 965 2788 affirmant
1013 2749 1080 2788 ex
1120 2733 1306 2802 genesi
1351 2747 1450 2786 seu
1487 2729 1769 2784 nativitate
1814 2729 2118 2796 voluptates

550 2826 808 2881 obvenire
860 2844 874 2879 :
920 2823 1253 2880 fornicantes
1300 2823 1520 2892 quippe,
1581 2819 1841 2882 furantes,
1892 2817 2118 2871 avaritia

551 2919 897 2980 laborantes,
971 2915 1332 2978 fraudulenti,
1395 2913 1602 2983 pudore
1665 2919 1883 2981 propter
1955 2923 2119 2978 Opera

553 3026 648 3064 sua
669 3009 877 3072 "affecti,
915 3024 945 3062 a
977 3009 1204 3061 veritate
1231 3005 1590 3061 defluxerunt.
1624 3003 1829 3074 Estque
1853 3003 2120 3057 terminus

2211 534 2278 586 τὰ
2310 532 2486 586 ίοϐόλα
2510 530 2626 596 ζῶα
2649 530 2716 584 τὰ
2733 528 3028 602 δριμύτερα
3058 527 3164 580 τῶν
3201 524 3512 595 φαρμάκων
3546 522 3773 576 ἀπελαύυ

2211 641 2312 687 νει,
2347 623 2488 676 οῦτω
2537 622 2794 693 λογισμὸν
2852 619 3096 693 ῥυπαρὸν
3157 617 3292 689 εύχὴ
3339 617 3478 688 μετὰ
3531 616 3772 684 νηστείας

2211 716 2482 770 ἐκδιώκει.

2279 809 2369 862 81.
2424 807 2519 859 Ἐν
2563 805 2619 859 δὲ
2674 804 2782 857 τῶν
2825 802 3178 873 ψυχοφθὸρων
3211 802 3327 855 ἐστὶ
3359 798 3565 871 θηρίων
3594 799 3685 851 καὶ
3721 799 3774 851 τὸ

2211 898 2545 970 ύποσυρῆναι
2600 896 2749 968 παρά
2777 896 2885 947 τῶν
2922 895 3186 962 λεγόντων
3231 889 3369 946 εἶναι
3409 891 3772 960 εἱμαρμένην,

2209 989 2384 1058 ἥνπερ
2411 987 2504 1040 καὶ
2531 986 2742 1055 γένεσιν
2767 985 3006 1039 καλοῦσι.
3031 985 3271 1053 Κέντρον
3295 983 3350 1036 δέ
3375 983 3492 1034 ἐστι
3517 981 3777 1035 καὶτοῦτο

2211 1078 2304 1131 τοῦ
2366 1077 2610 1131 διαϐόλου
2664 1077 2983 1130 δεινότατον.
3029 1077 3139 1129 Καὶ
3176 1078 3299 1136 ταῖς
3329 1075 3427 1146 μὲν
3473 1073 3777 1135 σπουδαίαις

2211 1172 2408 1242 ψυχαῖς
2441 1170 2701 1229 πολλάκις
2744 1169 2882 1223 κατά
2933 1169 3056 1222 νοῦν
3093 1168 3252 1238 μόνον
3281 1167 3584 1236 φαντασίαν
3614 1166 3779 1235 λοιμι-

2215 1264 2314 1334 κὴν
2366 1264 2613 1334 κινῆσαν,
2670 1262 3002 1332 ἀφίπταταιο
3039 1260 3146 1312 τῶν
3177 1259 3236 1311 δὲ
3271 1257 3653 1330 ἀμελεστέρων
3695 1257 3781 1311 καί⁸

2213 1355 2480 1420 δεσπόζει.
2503 1355 2692 1418 Οὐδεὶς
2712 1354 2818 1427 γάρ
2843 1352 2950 1407 τῶν
2967 1353 3086 1406 κατ’
3115 1350 3316 1423 ἀρετὴν
3347 1350 3606 1421 βιούντων
3628 1353 3780 1421 ὲμπι·

2217 1450 2393 1501 στεύει
2409 1447 2442 1519 ἢ
2459 1447 2818 1518 παραδέχεται
2833 1445 2894 1498 τὸ
2906 1463 2940 1513 φ
2949 1443 3265 1516 ρενοϐλαϐὲς
3280 1444 3375 1497 καὶ
3394 1444 3624 1513 μάταιον
3636 1445 3781 1497 τοῦτο

2216 1540 2488 1611 φρόνημα·
2507 1538 2638 1592 Θεὸν
2661 1537 2769 1608 γὰρ
2784 1536 2954 1608 ἀρχὴν
2971 1538 3187 1590 πάντων
3208 1535 3420 1589 τίθεται
3437 1535 3549 1588 τῶν
3564 1537 3782 1606 γενομέ‹

2215 1646 2320 1682 νων
2336 1625 2428 1680 καί
2449 1627 2745 1698 γινομένων
2762 1625 2979 1694 ἀγαθῶν
3003 1642 3016 1656 ·
3053 1627 3145 1680 καὶ
3159 1626 3423 1696 δευτέραν
3455 1627 3554 1697 τὴν
3586 1627 3783 1680 οἰκείαν

2216 1718 2442 1789 γνώμην
2461 1718 2705 1789 ἡγεμόνα
2732 1719 2825 1771 καὶ
2849 1717 3038 1790 κριτὴν
3061 1715 3378 1787 καθίστησιν
3399 1718 3604 1789 ἀρετῆς
3624 1735 3683 1770 τε
3699 1719 3784 1771 καὶ

2216 1811 2432 1874 κακίας.
2468 1811 2622 1863 ’Ὀσοι
2655 1810 2712 1863 δὲ
2735 1809 2791 1876 ἐξ
2821 1808 3073 1873 ἀϐουλίας
3097 1808 3168 1861 τὰ
3192 1809 3257 1862 ὲκ
3293 1808 3570 1880 ῥᾳθυμίας
3598 1810 3785 1863 πεπόν-

2214 1903 2390 1966 θασιν,
2452 1902 2613 1966 εὐθὺς
2676 1902 2867 1973 ἐκείνῳ
2925 1902 3002 1972 τῷ
3059 1901 3320 1972 δαιμονίῳ
3379 1904 3781 1974 προσέρχονται.

2216 1997 2424 2067 Ὠσπερ
2446 1995 2554 2066 γὰρ
2577 1995 2765 2059 παῖδες
2812 1994 3292 2059 λειποτακτοῦντες
3316 1996 3415 2049 καὶ
3438 1996 3516 2067 μὴ
3539 1997 3787 2067 φέροντες

2212 2089 2310 2158 τὴν
2341 2087 2449 2141 τῶν
2479 2086 2681 2156 γονέων
2734 2085 2870 2158 πρὸς
2916 2086 3182 2155 ὠφέλειαν
3226 2088 3532 2152 παίδευσιν,
3568 2090 3786 2158 ἀποφοι-

2211 2179 2430 2243 τῶντες,
2473 2179 2598 2242 τοὺς
2653 2179 2893 2250 ἐρήμους
2921 2179 3406 2250 καταλαμϐάνουσι
3432 2182 3670 2245 τόπους,
3705 2183 3788 2234 καὶ

2213 2269 2422 2340 ἀγρίοις
2447 2268 2540 2322 καὶ
2558 2266 2945 2340 μαρμαρὼδεσι
2965 2267 3098 2339 (92‘)
3129 2269 3490 2322 συνάπτονται
3514 2269 3784 2339 δαίμοσιν·

2213 2361 2518 2431 αἰδούμενοι
2568 2359 2676 2430 γάρ
2719 2360 2817 2430 τὴν
2853 2358 3076 2430 γνώμην
3105 2361 3204 2430 τὴν
3225 2360 3406 2414 αίτίαν
3451 2361 3657 2415 τιθέναι
3690 2362 3787 2414 τῶν

2216 2455 2371 2526 παρ’,
2395 2453 2578 2516 αὐτοῖς
2642 2451 3030 2525 πραττομένων
3057 2490 3071 2513 ,
3132 2450 3524 2520 συκοφαντοῦσι
3589 2451 3660 2505 τά
3719 2453 3785 2523 μὴ

2217 2545 2477 2617 παρόντα.

2287 2637 2376 2690 ΒΞ.
2395 2637 2511 2688 Ἐτι
2528 2652 2592 2703 γε
2622 2635 2728 2706 μὴν
2755 2635 2847 2687 καὶ
2872 2634 2964 2688 τοῦ
2985 2633 3130 2687 θείου
3163 2634 3393 2698 ἑαυτοὺς
3418 2634 3783 2705 ἀπωσάμενοι,

2217 2730 2280 2782 ὲκ
2304 2729 2404 2798 τῆς
2425 2727 2690 2798 γενέσεως
2703 2729 2883 2791 αὐτοῖς
2908 2727 3172 2796 φάσκουσι
3195 2726 3262 2780 τά
3278 2726 3400 2780 καθ’
3422 2727 3614 2800 ἡδονὴν
3634 2745 3786 2800 προσ-

2217 2820 2480 2889 γίνεσθαι.
2531 2821 2891 2892 Πορνεύοντες
2920 2819 3028 2890 γάρ
3078 2818 3173 2872 καὶ
3220 2819 3571 2883 κλέπτοντες,
3608 2821 3787 2892 φιλαρ-

2219 2914 2414 2986 γυρίαν
2437 2931 2494 2966 τε
2507 2914 2786 2976 νοσοῦντες
2815 2914 2909 2967 καὶ
2931 2913 3346 2985 δολοφροσύνην,
3370 2913 3678 2984 αἰδούμενοι
3699 2914 3788 2977 τάς

2221 3002 2369 3072 σφῶν
2395 3002 2569 3056 αὐτῶν
2593 3002 2836 3072 πράξεις,
2862 3002 3136 3066 ἐξέκλιναν
3171 3003 3278 3055 ἀπὸ
3297 3003 3397 3073 τῆς
3418 3003 3694 3073 ἀληθείας.
3724 3003 3789 3056 Τὸ

551 3118 739 3156 eorum
798 3101 1081 3171 propositi,
1148 3098 1394 3154 lethifera
1450 3098 1775 3168 desperatio.
1834 3095 1969 3161 Quia
2026 3110 2118 3150 ne—

2220 3093 2290 3162 γά
2297 3111 2328 3164 ρ
2339 3094 2488 3157 τέλος
2503 3093 2682 3146 αὐτῶν
2702 3093 2795 3147 τοῦ
2820 3093 3019 3146 σκοποῦ
3037 3091 3438 3166 ήόλεθροφόρος
3455 3096 3636 3158 αὐτοῖς
3657 3097 3788 3148 ἐστιν

552 3210 709 3248 cesse
764 3201 965 3249 estex
1033 3192 1119 3246 bis
1185 3191 1604 3258 cogitationibus
1679 3188 2121 3258 argumentisque

555 3283 724 3338 Deum
760 3284 829 3337 ab
871 3283 1007 3352 ipsis
1045 3280 1159 3334 tolli
1209 3280 1276 3336 de
1316 3279 1530 3344 medio,
1566 3287 1932 3349 prazlereaque
1969 3277 2120 3346 judi-

556 3376 723 3428 cium.
783 3374 872 3428 Ait
925 3373 1068 3428 enim
1133 3391 1146 3427 :
1207 3370 1264 3426 Si
1311 3373 1386 3426 ita
1425 3371 1724 3441 judicatum
1770 3369 1837 3424 de
1886 3385 1971 3424 me
2023 3368 2123 3422 fuit

557 3474 616 3519 ut
655 3473 923 3520 scortator
971 3465 1073 3519 sim
1113 3473 1167 3519 et
1208 3479 1438 3527 avarus,
1483 3461 1814 3532 superfluum
1862 3469 1945 3515 est
1983 3460 2125 3529 judi-

555 3558 721 3611 cium.
757 3555 910 3612 Justa
951 3557 1217 3626 siquidem
1253 3557 1388 3611 ultio
1432 3555 1628 3610 delicta
1679 3561 1886 3624 spectat
1930 3563 2122 3623 sponte

556 3649 818 3705 admissa.
879 3648 1014 3703 Illud
1067 3657 1246 3703 autem
1306 3664 1446 3720 opus
1498 3646 1644 3718 quod
1703 3661 1804 3701 ceu
1858 3661 1925 3699 ex
1984 3660 2122 3715 quo-

555 3742 679 3795 dum
726 3742 992 3812 principio
1049 3741 1327 3812 pendens,
1385 3737 1809 3793 involuntarium
1867 3745 1980 3798 est,
2040 3735 2123 3788 in-

557 3842 768 3887 sontem
818 3833 994 3887 reddit
1046 3842 1344 3887 auctorem.
1403 3831 1551 3886 Adeo
1602 3837 1659 3884 ut
1719 3827 1846 3883 hinc
1902 3827 2124 3881 tollatur

553 3923 840 3992 judicium.

627 4018 715 4072 83.
757 4015 1038 4082 Quomodo
1061 4017 1222 4071 etiam
1247 4013 1504 4069 divinitas
1531 4014 1598 4067 ab
1629 4013 1710 4068 eis
1733 4012 2004 4081 exigatur,
2033 4025 2120 4062 au-

557 4105 812 4160 diendum
848 4116 950 4162 est.
997 4105 1124 4159 Eam
1159 4106 1356 4174 quippe
1395 4107 1612 4170 dicent,
1646 4112 1738 4156 aut
1770 4104 1996 4173 primam
2033 4110 2124 4153 aut

558 4196 888 4255 secundam.
935 4205 1026 4249 aut
1067 4210 1173 4248 una
1227 4211 1443 4265 semper
1485 4195 1838 4248 exsistentem
1885 4207 2008 4245 cum
2057 4205 2124 4244 eo

555 4285 704 4356 quod
749 4287 987 4340 inaniter
1027 4287 1339 4340 admittunt.
1391 4286 1446 4339 Si
1511 4285 1677 4339 Deum
1739 4285 1869 4338 fassi
1923 4283 2124 4338 fuerint

558 4381 763 4451 primas
816 4392 1036 4444 tenere,
1095 4379 1402 4432 necessario
1458 4386 1714 4446 sequetur
1770 4376 1952 4430 omnia
2029 4390 2122 4444 per

2221 3186 2548 3253 ἀπόγνωσις.
2599 3184 2835 3256 Ἀνάγκη
2882 3185 2990 3256 γὰρ
3038 3186 3100 3236 ὲκ
3127 3185 3333 3238 τούτων
3383 3185 3495 3238 τῶν
3528 3185 3790 3257 λογισμῶν

2221 3279 2558 3350 ἀναιρεῖσθαι
2607 3280 2738 3350 παρ’
2785 3276 2962 3330 αὐτῶν
3004 3277 3092 3328 τὸν
3124 3277 3277 3340 θεὸν,
3307 3279 3402 3331 καὶ
3438 3280 3666 3350 προσέτι
3703 3279 3790 3349 τὴν

2221 3371 2419 3440 κρίσιν.
2464 3371 2600 3439 dinei.
2633 3369 2763 3441 γὰρ,
2808 3369 2882 3432 ὼς
2937 3367 2998 3422 Ei
3031 3369 3188 3423 τοῦτό
3227 3388 3318 3441 μοι
3345 3372 3621 3442 κέκριται,
3667 3389 3790 3443 πορο

2222 3463 2448 3535 νεύεινῆ
2487 3463 2847 3527 πλεονεκτεῖν,
2881 3463 3107 3534 περιττὴ
3142 3466 3174 3535 ἡ
3219 3465 3422 3536 κρίσις.
3471 3467 3536 3518 Ἡ
3575 3468 3671 3536 μὲν
3693 3466 3792 3536 γάρ

2221 3557 2404 3610 δικαία
2431 3555 2664 3628 τιμωρία
2718 3557 2976 3609 ἑκουσίων
3009 3557 3122 3609 ἐστὶ
3159 3558 3521 3629 πταισμάτων
3541 3577 3554 3590 ο
3586 3561 3619 3630 ή
3647 3559 3699 3612 δὲ
3725 3559 3793 3621 ὡς

2223 3648 2286 3702 ἐκ
2344 3666 2485 3711 τινος
2531 3648 2704 3720 ἀρχῆς
2762 3649 2988 3702 ἀκουσία
3036 3649 3233 3720 πρᾶξις
3281 3650 3525 3703 ἀναίτιον
3572 3654 3792 3704 ποιεῖται

2221 3740 2312 3793 τὸν
2358 3740 2662 3809 δράσαντα·
2723 3741 2816 3793 καὶ
2875 3743 2940 3794 ἐκ
3002 3739 3192 3793 τούτου
3242 3743 3554 3815 ἀναιρεῖται
3613 3745 3710 3814 μὲν
3763 3745 3791 3813 ἡ

2223 3831 2422 3902 κρίσις.

2297 4014 2381 4067 83.
2413 4014 2534 4077 Πῶς
2563 4013 2618 4067 δὲ
2659 4016 2751 4067 καὶ
2780 4015 2839 4067 τὸ
2881 4015 3021 4068 θεῖον
3056 4015 3197 4084 ’παρ’
3241 4017 3427 4079 αὐτοῖς
3461 4019 3790 4082 ἐκϐάλλεται,

2225 4106 2531 4159 ἀκουστέον.
2559 4106 2789 4174 Φήσουσι
2817 4106 2925 4177 γάρ
2957 4106 3088 4160 αὐτὸ
3113 4108 3146 4177 ἢ
3179 4108 3419 4178 πρῶτον,
3455 4109 3488 4180 ἦ
3521 4111 3758 4181 δεύτερον
3776 4151 3790 4174 ,

2223 4199 2256 4268 ἦ
2285 4197 2370 4249 ἀεὶ
2404 4197 2559 4250 συνὸν
2588 4199 2655 4267 τῇ
2709 4197 2884 4249 αὐτῶν
2919 4199 3256 4269 ματαιότητι.
3291 4200 3354 4252 El
3387 4201 3489 4271 μὲν
3526 4199 3619 4256 οὖν
3655 4221 3794 4274 upw-

2223 4287 2398 4340 τεύειν
2445 4286 2638 4340 εἴπωσι
2667 4287 2760 4340 τὸν
2789 4287 2950 4351 Θεὸν,
2981 4291 3192 4361 ἀνάγκη
3222 4291 3581 4362 ἀκολουθήσει
3628 4297 3793 4348 πάντα

2222 4381 2287 4432 δι’
2318 4379 2480 4432 αὐτοῦ
2528 4380 2882 4451 γεγενῆσθαι·
2914 4382 3006 4434 καὶ
3037 4380 3145 4453 γὰρ
3173 4383 3334 4446 αὐτὸς
3357 4385 3415 4436 ἐν
3442 4387 3608 4438 πᾶσιν
3628 4405 3642 4416 ο
3673 4387 3792 4439 οὐκ·

559 4473 737 4542 ipsum
783 4470 922 4525 facta
963 4486 1128 4535 esse;
1177 4471 1376 4523 ctenim
1431 4471 1546 4538 ipse
1590 4469 1642 4521 in
1684 4469 1939 4521 omnibus
1976 4475 2058 4521 est
2101 4482 2112 4516 ε

2222 4469 2314 4523 οῦν
2368 4470 2526 4532 αὐτὸς
2591 4471 2688 4542 τῆς
2747 4471 3084 4542 εἱμαρμένης
3144 4471 3354 4544 κύριος.
3414 4476 3478 4527 El
3535 4475 3592 4528 δὲ
3646 4477 3793 4529 πλεο-

557 4561 909 4631 quamobrem
977 4567 1030 4615 et
1079 4559 1193 4630 ipse
1263 4568 1347 4614 est
1418 4560 1671 4614 dominus
1739 4558 1851 4611 fati.
1889 4556 2040 4624 Quod
2077 4557 2122 4612 si

558 4653 936 4708 fraudulentus
983 4661 1036 4707 et
1079 4662 1348 4707 scortator
1387 4661 1469 4707 est
1506 4667 1571 4705 ex
1617 4651 1799 4720 genesi
1844 4665 1938 4704 seu
1985 4650 2126 4703 nati-

558 4747 764 4811 vitate,
828 4761 1050 4801 necesse
1104 4754 1188 4802 est
1234 4761 1330 4816 per
1380 4743 1615 4800 medium
1686 4744 1902 4816 genesis
1955 4743 2122 4797 Deum

555 4854 682 4894 esse
722 4840 847 4893 mali
891 4855 1108 4894 causam
1141 4856 1156 4906 ;
1189 4839 1330 4910 quod
1370 4839 1666 4893 absurdum
1707 4849 1809 4893 est.
1847 4836 1945 4892 Sin
1983 4836 2125 4890 allir-

559 4939 708 4985 meut
763 4930 1100 4986 divinitatem
1166 4931 1435 4986 secundas
1489 4939 1720 4996 tenere;
1769 4930 2126 4999 consequitur

556 5036 678 5078 cam
724 5037 846 5078 esse
897 5025 1072 5093 primo
1114 5024 1406 5079 subditam.
1460 5023 1520 5075 Et
1554 5019 1816 5091 quidquid
1859 5019 2126 5090 optaverit

559 5116 703 5184 quod
740 5123 954 5185 praeest,
989 5115 1038 5168 id
1070 5115 1380 5170 necessario
1401 5120 1728 5182 exsequetur
1759 5115 1900 5182 quod
1931 5127 2124 5165 conse-

560 5208 746 5276 quitur
805 5225 818 5260 :
881 5221 1205 5276 rursumque
1273 5205 1414 5276 apud
1482 5206 1603 5259 illos
1671 5203 1810 5258 Deus
1868 5205 1974 5258 erit
2036 5219 2127 5256 au-

561 5308 681 5352 ctor
739 5299 1041 5362 malorum,
1103 5299 1244 5368 quod
1291 5297 1444 5352 nefas
1517 5295 1664 5350 dictu
1716 5306 1820 5351 est.
1877 5295 2031 5361 Quod
2077 5297 2123 5350 si

560 5398 892 5444 coaeternum
932 5389 1066 5443 illud
1106 5405 1227 5444 esse
1275 5390 1564 5451 voluerint,
1619 5389 1843 5443 omnino
1887 5403 2124 5460 pugnam

563 5481 706 5537 inter
751 5498 814 5537 ea
859 5482 981 5552 ipsa
1033 5483 1412 5545 concitabunt,
1459 5498 1578 5552 quae
1626 5482 1834 5538 scilicet
1891 5482 2126 5537 habeant

563 5571 874 5626 contrarias
903 5579 1150 5625 naturas.
1180 5569 1273 5624 llis
1305 5587 1433 5642 ergo
1462 5572 1764 5630 rationibus
1793 5572 1950 5643 quasi
1974 5588 2123 5628 sum-

635 5720 768 5789 (92')
801 5720 1178 5792 Βαρϐαρώδεσι
1225 5723 1344 5776 Col.

2225 4565 2439 4636 νέκτης,
2471 4565 2502 4636 ἣ
2531 4565 2866 4636 πορνοκόπος
2898 4566 2960 4616 ὲκ
2979 4566 3077 4634 τῆς
3090 4566 3375 4632 γενέσεως,
3396 4569 3688 4636 αναγκαῖον
3714 4569 3794 4621 διὰ

2230 4654 2394 4724 μέσου
2435 4655 2533 4726 τῆς
2592 4655 2858 4725 γενέσεως
2904 4655 2995 4708 τὸν
3049 4654 3182 4708 Θεὸν
3236 4656 3408 4710 αἴτιον
3448 4660 3549 4730 τῆς
3605 4660 3794 4723 κακίας

2227 4747 2518 4818 ὑπάρχειν·
2560 4749 2696 4819 ὅπερ
2733 4748 2953 4801 ἄτοπον.
3001 4745 3063 4798 El
3095 4747 3151 4799 δὲ
3184 4746 3436 4819 δεύτερον
3481 4752 3616 4804 αὐτὸ
3644 4751 3794 4805 πάλιν

2227 4841 2511 4909 φήσουσιν,
2544 4840 2686 4902 είκὸς
2718 4838 2849 4891 αὐτὸ
2866 4836 3150 4891 ὑπόδουλον
3179 4839 3535 4911 γενέσθαιτῷ
3567 4844 3791 4913 πρώτῳ·

2225 4931 2318 4982 καὶ
2365 4931 2501 5000 ὅπερ
2561 4927 2804 4999 βούλεται
2831 4926 2891 4978 τὸ
2926 4924 3248 4996 ἡγούμενον,
3281 4926 3458 4997 τούτῳ
3491 4929 3794 4997 ἀναγκαίως

2228 5020 2580 5090 ἀκολουθήσει
2608 5020 2670 5072 τὸ
2692 5021 2952 5090 ἑπόμενον
2971 5035 2984 5048 ·
3017 5019 3111 5070 καὶ⁵
3137 5017 3299 5071 πάλιν
3320 5019 3430 5071 τῶν
3454 5019 3640 5072 κακῶν
3673 5019 3792 5088 παρ’

2227 5115 2408 5176 αὐτοῖς
2467 5112 2638 5176 αίτιος
2688 5114 2717 5164 ὁ
2776 5112 2942 5173 Θεός·
2991 5111 3128 5180 ὅπερ
3183 5110 3466 5181 ἀθέμιτον.
3513 5112 3578 5164 Εἰ
3625 5112 3679 5164 δὲ
3708 5111 3791 5162 καὶ

2229 5207 2492 5259 σὐναῖδιον
2522 5205 2654 5258 αὐτὸ
2697 5203 2968 5256 ἐθέλουσιν
2997 5197 3159 5264 εἶναι,
3203 5203 3423 5267 πάντως
3457 5204 3640 5274 μάχην
3669 5200 3791 5272 πρὸς

2226 5294 2394 5347 ἑαυτά
2424 5296 2733 5364 κινήσουσιν
2754 5291 2996 5355 ἐναντίας
3019 5291 3208 5362 ἔχοντα
3228 5292 3436 5360 φύσεις.
3475 5295 3572 5346 Ἐκ
3603 5292 3790 5346 τούτων

2225 5379 2317 5437 οὖν
2347 5384 2455 5436 τῶν
2503 5380 2799 5451 λογισμῶν,
2829 5381 2905 5443 ὼς
2932 5382 2990 5432 ἐν
3027 5379 3309 5452 κεφαλαίῳ
3337 5382 3605 5455 ἀνῄρηται
3626 5380 3791 5435 αὐτῶν

2227 5477 2492 5546 ἡματαία
2543 5475 2786 5528 ὑπόνοια.
2819 5473 2952 5542 Περὶ
3001 5472 3206 5527 τούτων
3240 5475 3464 5547 εἴρηκεν
3509 5479 3542 5546 ἠ
3586 5472 3788 5547 Γραεξὴ.

2226 5570 2302 5632 ὥς
2339 5586 2498 5639 φησιν
2523 5585 2536 5598 ο
2577 5563 2761 5622 Εἶπεν
2788 5565 2988 5633 ἄφρων
3021 5563 3089 5616 ἐν
3142 5565 3357 5634 κ(ιρδ·’ῃ
3402 5566 3590 5621 αὐτοῦ
3613 5583 3626 5597 ·
3680 5568 3788 5620 οὐκ
