3980 6538
201 380 344 434 ίῦὗτ

1303 381 1458 436 \‘lTA
1500 381 1794 437 SANCTA‘I
1848 381 2330 439 SYNCLETICA‘I.

3283 387 3425 442 I538

191 505 328 556 ἐστι
359 504 502 569 Θεός
522 520 536 532 ·
583 504 693 568 καὶ,
738 505 842 568 Εἰς
870 502 935 556 τὸ
967 503 1124 573 ὕψος
1155 504 1471 574 ἐλάλησαν
1493 505 1768 574 ἀνομίαν.

1882 506 2065 560 malim
2096 507 2413 561 confutatur
2448 521 2582 561 vana
2621 506 2836 560 illorum
2873 506 3164 562 sententia.
3199 504 3272 561 De
3318 506 3444 577 qui-

193 608 299 663 bus
355 607 470 662 haec
525 593 760 679 loquitur
807 608 1088 680 Scriptura
1141 626 1153 660 :
1199 610 1344 664 Dixit
1396 612 1647 680 insipiens
1695 613 1748 666 in
1798 611 1952 667 corde
1985 631 2082 668 suo
2115 630 2133 667 :
2177 613 2300 667 Non
2341 625 2418 668 est
2450 613 2587 668 Deus
2622 614 2720 683 “ﬂ;
2750 623 2844 669 et:
2882 613 3218 686 Iniquitatem
3257 614 3309 668 in
3349 626 3446 669 ex-

191 701 331 754 celso
366 702 528 755 locuti
557 713 677 756 sunt
705 703 770 758 “.

263 793 353 848 84.
404 795 512 848 Καί⁸
571 795 993 868 προφασίζονται
1033 798 1089 852 δὲ
1121 798 1334 862 ἑαυτοῖς
1373 801 1671 870 προφάσεις
1713 803 1771 856 ἐν

192 886 514 958 ἁμαρτίαις.
581 887 1077 960 Ἀκρωτηριάζουσι
1124 890 1233 962 γὰρ
1263 892 1360 955 τὰς
1396 892 1635 962 Γραφάς,
1679 911 1772 948 τυ-

192 975 550 1041 φλώττοντες,
582 977 642 1040 ἐξ
674 979 851 1032 αὐτῶν
867 979 964 1051 τὴν
993 982 1404 1052 κακοφροσύνην
1433 983 1610 1037 αὐτῶν
1642 984 1772 1056 πλη-

196 1069 449 1138 ροφορεῖν
479 1067 807 1140 βουλόμενοι.
848 1072 956 1124 Καὶ
989 1072 1201 1142 πρῶτον
1236 1073 1333 1144 μὲν
1366 1074 1430 1128 ἐκ
1466 1074 1558 1128 τοῦ
1588 1076 1767 1144 Εὐαγ-

190 1159 377 1228 γελίου
410 1159 500 1213 τὸν
523 1161 730 1215 ἑαυτῶν
772 1162 846 1214 ἰὸν
873 1163 1087 1234 ἐξεμεῖν
1118 1164 1466 1236 πειρώμενοι,
1491 1167 1769 1231 ἐκϐιάζον-

189 1267 285 1303 ται
303 1268 315 1280 ·
352 1252 485 1320 φησὶ
509 1253 640 1322 γὰρ,
666 1252 741 1316 ὼς
768 1254 877 1307 Τοῦ
892 1253 959 1306 δὲ
977 1256 1234 1322 Χριστοῦ
1266 1258 1304 1324 ἠ
1328 1256 1563 1327 γένεσις
1583 1259 1770 1324 οὔτως

335 1343 446 1415 τὴν
473 1345 722 1416 γέννησιν
773 1348 880 1419 γὰρ
906 1347 1067 1400 αὑτοῦ
1099 1350 1310 1418 γένεσιν
1352 1351 1384 1420 ἡ
1430 1350 1549 1404 θεία
1581 1350 1771 1422 me

189 1435 504 1508 ὠνόμασεν.
533 1438 652 1490 Ἔτι
678 1455 741 1507 γε
774 1439 878 1510 μὴν
903 1441 996 1493 καὶ
1025 1441 1084 1494 τὸ
1108 1441 1242 1513 πρὸς
1266 1440 1583 1514 ἀνθρώπους
1611 1442 1772 1496 αὐτὸν

188 1529 554 1600 οἰκονομικῶς
584 1530 837 1599 γενέσθαι
873 1532 1176 1597 ἀκολούθως
1196 1534 1407 1602 γένεσις
1436 1535 1768 1606 ὠνόμασται.

189 1619 258 1671 Εἰ
317 1620 374 1673 δὲ
417 1621 509 1674 καὶ
556 1623 681 1690 περί
703 1621 795 1674 τοῦ
817 1623 1060 1695 ’ἀστέρος
1096 1642 1147 1678 τι
1179 1625 1577 1695 ψευδολογοῦσι,
1612 1629 1772 1680 κάκεῖ

188 1711 362 1763 πάλιν
416 1713 514 1782 τὴν
557 1711 763 1779 ἔνδοξον
793 1713 954 1767 αὑτοῦ
995 1716 1292 1786 παρουσίαν
1326 1717 1766 1787 μανθανέτωσαν.

190 1796 289 1866 Εἷς
326 1804 457 1873 ἡμῖν
488 1804 663 1874 ἀστὴρ
693 1807 1078 1873 φωτεινότατος
1105 1808 1280 1878 κῆρυξ
1316 1808 1504 1877 γέγονε
1525 1812 1621 1878 τῆς
1649 1808 1778 1880 ἀλησ

193 1894 382 1958 θείας’
426 1895 536 1966 ἡδὲ
573 1896 794 1949 ἐκείνων
826 1897 1027 1967 ματαία
1066 1897 1257 1970 γνώμη
1292 1899 1518 1962 πολλοὺς
1553 1916 1780 1970 παρεισ-

193 1986 359 2058 φέρει
387 1988 466 2050 εἰς
493 1985 663 2057 θήραν
688 1986 1033 2060 ἀνθρωπίνης
1057 1989 1338 2056 γενέσεως.
1374 1990 1481 2042 Καὶ
1502 1991 1565 2043 ἐκ
1591 1990 1776 2043 τούτου

185 2079 485 2141 δέδεικται,
533 2080 609 2142 ῶς
660 2080 937 2150 πανταχοῦ
961 2082 1130 2152 ἑαυτῇ
1180 2081 1544 2154 ἀντίκειταιὴ
1590 2083 1776 2136 κακία.

187 2171 306 2223 Καὶ
368 2170 458 2222 τὸν
529 2170 756 2225 Ἡσαΐαν
821 2170 877 2224 δὲ
933 2174 1009 2236 εἰς
1062 2174 1365 2244 μαρτυρίαν
1422 2175 1520 2244 τῆς
1572 2174 1778 2227 ἑαυτῶν

186 2263 382 2325 ἀνοίας
433 2262 674 2316 καλοῦσι.
707 2265 976 2318 Φάσκουσι
1028 2264 1134 2337 γὰρ
1169 2267 1328 2319 αὑτὸν
1375 2267 1652 2336 εἰρηκέναι
1684 2268 1772 2321 τό·

189 2355 414 2422 Κύριος
449 2358 482 2407 ὁ
527 2353 714 2408 ποιῶν
763 2356 1030 2425 εἰρήνην,
1084 2358 1181 2410 καὶ
1244 2356 1450 2418 κτίζων
1489 2357 1662 2412 κακά.
1713 2359 1777 2412 Ἠ

194 2447 300 2516 μὲν
341 2443 434 2500 οὖν
485 2449 675 2519 εἰρήνη
725 2450 875 2520 παρὰ
925 2451 1088 2503 πᾶσιν
1132 2447 1478 2520 ὡμολόγηται
1519 2450 1594 2515 ῶς
1641 2451 1776 2504 Θεοῦ

191 2539 361 2610 ἔργον
387 2539 728 2608 τυγχάνουσα
752 2557 767 2571 ο
809 2541 841 2611 ἡ
869 2540 926 2593 δέ
954 2540 1121 2594 κακία
1160 2541 1287 2609 παρ’
1313 2542 1495 2605 αὐτοῖς
1527 2543 1625 2612 μὲν
1647 2543 1778 2614 ἀλη-

189 2630 306 2694 θῶς
330 2631 690 2698 πολιτεύεται,
715 2633 883 2686 κακία
913 2633 1012 2704 τῆς
1039 2633 1216 2704 ψυχῆς
1244 2635 1563 2706 ὑπάρχουσα
1582 2651 1596 2666 ο
1627 2635 1778 2706 παρὰ

90 2765 92 2768 .
187 2722 250 2774 δὲ
290 2723 423 2792 ἡμῖν
449 2723 481 2792 ὴ
510 2725 572 2776 ἐκ
597 2721 690 2775 τοῦ
711 2721 844 2776 Θεοῦ
866 2723 1156 2795 γενηθεῖσα
1181 2725 1349 2777 κακία
1377 2723 1776 2798 ὠφελιμωτάτη

189 2814 332 2868 ἐστί.
367 2813 510 2885 Πρὸς
529 2812 637 2885 γὰρ
667 2814 942 2887 σωτηρίαν
980 2814 1158 2886 ψυχῆς
1193 2817 1286 2868 καὶ
1313 2816 1565 2870 παιδείαν
1601 2818 1779 2888 σωμά-

186 2923 304 2959 των
328 2906 566 2974 γίνονται
592 2905 741 2977 λιμοὶ
763 2907 851 2960 καὶ
874 2906 1187 2982 ἀνομϐρίαι,
1211 2907 1355 2961 νόσοι
1379 2916 1436 2960 τε
1456 2909 1547 2961 καὶ
1573 2908 1775 2973 πενίαι,

189 2999 292 3052 καὶ
309 2998 616 3064 άλλαιτινὲς
631 3000 999 3072 περιστάσεις.
1019 2999 1100 3053 Τὰ
1117 3000 1226 3072 γὰρ
1238 3001 1479 3071 σωτήρια
1492 3001 1776 3072 φάρμακα,

188 3093 228 3146 ἃ
260 3093 459 3145 ἐκεῖνοι
484 3091 679 3146 κακίαν
711 3093 889 3163 ψυχῆς
919 3093 1014 3146 καὶ
1031 3091 1288 3146 κακὰούκ
1323 3091 1538 3162 άληθῶς
1555 3092 1779 3164 ὑπενόη-

192 3202 319 3248 σαν,
333 3183 502 3237 ταῦτα
523 3184 660 3256 πρὸς
674 3183 1004 3256 ἐπιστροφὴν
1034 3186 1165 3256 ἡμῖν
1182 3185 1331 3256 παρὰ
1357 3182 1451 3237 τοῦ
1474 3184 1775 3256 κρείττονος

1882 3184 1946 3238 ad
1994 3184 2407 3239 conversionem
2453 3182 2612 3238 nobis
2663 3180 2983 3251 infliguntur
3031 3195 3061 3232 a
3102 3178 3212 3233 Deo
3253 3197 3266 3232 :

191 3277 565 3348 προσφέρεται
584 3293 596 3306 °
638 3277 732 3341 Τίς
760 3275 869 3346 γάρ
898 3277 1068 3330 ἐστιν
1093 3277 1222 3344 υίὸς
1255 3278 1328 3331 ὃν
1348 3281 1420 3333 οὐ
1455 3277 1719 3333 παιδεύει
1743 3281 1776 3332 ό

191 3365 428 3434 πατήρ;
448 3366 570 3419 Ἔτι
585 3365 643 3418 δὲ
665 3365 760 3418 καί⁵
780 3366 863 3430 τὸ,
906 3369 1026 3422 Οὐκ
1041 3367 1110 3421 ἐν
1127 3368 1413 3437 ἀνθρώπῳ
1430 3374 1488 3424 al
1513 3369 1637 3424 ὁδοί
1667 3373 1775 3425 αὺ-

190 3457 330 3522 τοῦ,
362 3456 524 3510 πάλιν
557 3456 760 3528 ὁμοίως
783 3457 1179 3530 προσφέρουσιν
1204 3461 1285 3524 εἰς
1309 3459 1410 3531 τὴν
1440 3460 1574 3514 ἰδίαν
1609 3477 1778 3514 κατα-

193 3547 440 3618 στροφήν
457 3564 470 3576 ·
492 3547 644 3611 ὀδοὺς
671 3547 780 3620 γὰρ
799 3549 872 3620 μὴ
895 3549 1128 3619 ἔχοντες,
1149 3548 1448 3622 ἐξιχνιάσαι
1476 3551 1774 3621 βούλονται.

207 3640 360 3692 ὐδὸν
402 3640 501 3693 ούκ
542 3639 653 3710 ἔχει
704 3639 1004 3706 πλεονεξία,
1051 3642 1483 3714 γαστριμαργία,
1522 3644 1774 3714 πορνείαο

191 3732 548 3786 ἀνυπόστατα
578 3731 687 3804 γὰρ
727 3731 920 3796 ταῦτα,
961 3732 1084 3786 καθ’
1111 3732 1276 3785 ἑαυτὰ
1307 3731 1380 3803 μὴ
1411 3732 1560 3788 ὄντα.
1596 3734 1779 3787 Ταῦτα

193 3824 308 3896 γὰρ
359 3825 556 3876 ἐκεῖνοι
595 3823 744 3886 ὁδοὺς
793 3823 1054 3877 εἰώθεσαν
1103 3823 1304 3893 λέγειν.
1350 3826 1531 3888 Ὁδοὺς
1561 3826 1618 3878 δὲ
1648 3829 1780 3898 ἡμῖν

192 3917 230 3985 ἡ
250 3912 443 3984 Γραφὴ
469 3913 617 3982 λέγει
644 3914 742 3978 τὰς
769 3915 953 3979 κοινὰς
993 3917 1148 3982 πᾶσι,
1177 3917 1276 3986 τήν
1306 3933 1362 3968 τε
1394 3915 1536 3987 ζωὴν
1561 3917 1654 3969 καὶ
1689 3917 1780 3970 τὸν

193 4005 451 4058 θάνατον.
509 4005 748 4076 Ἀληθῶς
791 4006 898 4076 γὰρ
942 4007 1154 4079 πορεῖαί
1184 4008 1290 4059 εἰσι
1312 4006 1412 4077 τῆς
1453 4022 1513 4058 τε
1544 4005 1780 4061 ἐνταῦθα

195 4097 512 4167 εἰσαγωγῆς
555 4100 650 4152 καὶ
693 4098 792 4167 τῆς
845 4099 911 4151 ἐκ
955 4097 1065 4152 τῶν
1099 4097 1371 4168 αἰσθητῶν
1405 4097 1607 4152 τούτων
1654 4115 1781 4170 μετ-

194 4203 574 4250 αναστασεως.

273 4279 363 4332 85.
392 4279 575 4332 Πάντα
609 4275 702 4333 οὗν
736 4279 978 4334 ποιοῦσιν
1006 4280 1056 4332 οἱ
1077 4280 1490 4350 κακοδαίμονες,
1517 4280 1658 4334 ῶστε
1686 4281 1780 4335 τοῦ

196 4369 548 4435 αύτεξουσίου
566 4370 793 4433 ἑαυτοὺς
814 4369 1136 4423 ἀπώσασθαι
1157 4386 1172 4402 ο
1203 4371 1297 4423 καὶ
1323 4370 1524 4443 ταύτην
1549 4372 1782 4445 σπουδὴν

197 4463 437 4517 τίθενται
469 4461 562 4514 τοῦ
593 4461 1042 4526 ἁντικαταλλάξαι
1076 4465 1172 4534 τῆς
1197 4462 1508 4537 ἐλευθερίας
1530 4465 1631 4535 τὴν
1659 4464 1780 4518 δου-

196 4556 373 4608 λείαν.
435 4554 544 4607 Καὶ
581 4554 688 4626 γὰρ
735 4553 893 4607 τοῦτο
915 4556 1012 4625 τῆς
1041 4556 1238 4619 κακίας
1267 4555 1447 4626 ἔργον,
1468 4557 1528 4610 τὸ
1553 4557 1782 4612 πάντοτε

198 4650 316 4709 τοῖς
357 4647 592 4717 χείροσιν
623 4646 820 4716 ἑαυτὴν
853 4644 1242 4714 συγκαθέλκειν
1263 4663 1277 4676 ο
1312 4647 1523 4701 ἑαυτῶν
1552 4647 1663 4719 γὰρ
1700 4650 1781 4717 γί-

198 4757 387 4795 νονται
421 4739 714 4812 μάρτυρες,
747 4739 822 4802 ῶς
847 4741 913 4809 τῇ
946 4738 1116 4810 κακία
1157 4741 1382 4804 ἑαυτοὺς
1420 4741 1780 4811 πεπρακότες.

201 4833 317 4887 Καὶ
343 4835 500 4886 τοῦτο
525 4828 618 4886 οὖν
643 4831 736 4885 τοῦ
771 4830 1016 4885 διαὸόλου
1049 4832 1108 4885 τὸ
1157 4833 1432 4904 ἀπατηλὸν
1467 4833 1746 4904 τέχνασμα
1767 4851 1779 4864 ·

201 4924 305 4987 τὰς
345 4925 454 4995 γὰρ
505 4923 724 4994 ἀμελεῖς
775 4922 952 4994 ψυχάς
1000 4922 1090 4977 διὰ
1119 4923 1220 4994 τῆς
1260 4923 1580 4989 κακοδοξίας
1635 4923 1785 4978 κάτω

206 5017 498 5087 κεκυφέναι
526 5017 951 5088 παρασκευάζει,
991 5017 1066 5088 μὴ
1103 5015 1399 5086 συγχωρῶν
1439 5015 1608 5079 αὑτὰς
1651 5017 1782 5070 ἀνα-

206 5111 378 5182 νῆψαι
427 5111 562 5182 πρὸς
617 5108 911 5178 ἐπίγνωσιν
954 5109 1054 5178 τῆς
1086 5107 1366 5179 ἀληθείας.
1419 5107 1629 5182 Ὥσπερ
1674 5109 1782 5180 γὰρ

205 5205 340 5268 ναῦς
381 5205 536 5268 ἐκτὸς
563 5202 835 5273 πηδαλίων
885 5201 1122 5255 πλέουσα
1160 5200 1248 5254 ἀεὶ
1273 5197 1617 5270 χειμάζεται,
1640 5196 1784 5251 οὕτω

203 5297 415 5360 τούτοις
444 5297 673 5350 πάντοτε
715 5299 744 5350 ὁ
790 5295 1031 5358 κίνδυνος
1067 5294 1311 5346 ἐπιπνεῖ·
1355 5290 1474 5343 ούδὲ
1508 5289 1614 5362 γὰρ
1648 5289 1783 5361 πρὸς

204 5391 298 5446 τὸν
321 5393 587 5462 σωτήριον
636 5389 829 5461 λιμένα
867 5387 1106 5458 ὁρμῆσαι
1147 5384 1422 5447 δύνανται,
1465 5383 1555 5436 τὸν
1578 5382 1780 5455 κυϐερ-

205 5482 386 5539 νῶντα
412 5484 614 5554 Κύριον
651 5480 1060 5542 καταλιπόντες.
1097 5478 1207 5531 Καὶ
1243 5476 1340 5540 τὰς
1368 5477 1465 5548 μὲν
1509 5475 1784 5545 ἑκδεδομέ·

205 5593 308 5640 νας
350 5575 497 5646 αύτῷ
542 5573 717 5644 ψυχὰς
745 5573 915 5636 οὕτως
970 5571 1165 5643 πλανᾷ.
1195 5569 1463 5634 Πολλάκις
1491 5569 1546 5623 δὲ
1572 5569 1665 5622 καὶ
1684 5567 1784 5630 τὰς

282 5733 330 5768 δ’
368 5732 512 5791 Psal.
547 5749 674 5801 xm,
719 5733 762 5785 Ι.
841 5733 879 5763 ⁸³
923 5729 1065 5786 Psal.
1113 5745 1296 5796 Lxxu,
1333 5727 1387 5783 8.
1467 5715 1510 5758 λ’
1555 5723 1744 5782 Matth.
1781 5739 1831 5792 ι,
1873 5724 1955 5778 l8.

209 5821 277 5869 ε,
313 5805 405 5860 25.

1949 798 2039 852 84.
2107 797 2417 864 Quinetiam
2483 797 2586 853 sibi
2653 798 3143 854 comminiscuntur
3208 815 3444 855 excusa-

1873 891 2051 946 tiones
2097 892 2152 945 in
2212 892 2474 962 peccatis.
2530 889 2866 944 Detruneant
2907 893 3052 945 enim
3097 891 3442 962 Scripturas,

1873 983 2242 1042 cmcutientes.
2269 999 2333 1038 ea
2365 992 2544 1037 mente
2579 992 2636 1035 ut
2675 999 2742 1038 ex
2775 983 2880 1036 illis
2910 999 3129 1052 pravam
3162 1000 3316 1038 suam
3346 985 3447 1038 do-

1874 1075 2104 1129 ctrinam
2130 1075 2504 1143 comprobent.
2537 1074 2597 1126 Et
2625 1078 2796 1144 primo
2824 1075 3039 1145 quidem
3064 1091 3128 1130 ex
3155 1074 3448 1145 Evangelia

1875 1177 2142 1222 conantur
2188 1185 2438 1221 evomere
2485 1185 2642 1222 suum
2695 1169 2864 1222 virus.
2920 1169 3011 1221 Ait
3055 1168 3199 1222 enim
3251 1187 3266 1222 :
3317 1167 3448 1222 Jesu

1876 1257 2078 1312 Christi
2114 1266 2284 1310 autem
2324 1269 2586 1328 generat-0
2633 1260 2709 1312 sic
2755 1269 2868 1312 erat
2915 1261 2979 1312 δ’.
3029 1257 3446 1313 Generationetn

1875 1350 1996 1418 ejus
2042 1349 2283 1420 genesim
2332 1350 2514 1402 divina
2574 1348 2856 1418 Scriptura
2908 1347 3230 1402 nominavit.
3288 1347 3448 1402 Insu-

1878 1443 2100 1511 perque.
2149 1439 2294 1510 quod
2347 1440 2462 1508 ipse
2517 1455 2612 1510 per
2668 1440 3029 1494 meonomiam
3079 1439 3146 1494 ad
3197 1439 3446 1493 homines

1877 1535 2206 1597 accesserit,
2253 1540 2652 1600 consequenter
2690 1548 2888 1585 nomen
2931 1531 3190 1584 tribuitur
3219 1544 3449 1600 genera-

1879 1625 2064 1677 tionis.
2120 1622 2274 1688 Quod
2331 1623 2378 1677 si
2430 1623 2634 1692 aliquid
2697 1623 2860 1676 etiam
2915 1621 2981 1676 de
3027 1624 3182 1676 stella
3234 1621 3446 1676 mentiti

1878 1715 2102 1779 fuerint,
2137 1715 2262 1768 inde
2296 1729 2490 1770 rursus
2519 1715 2732 1769 discant
2772 1713 3066 1783 gloriosum
3105 1716 3226 1781 eius
3256 1712 3451 1767 adven-

1812 1813 1850 1866 B
1880 1815 2014 1860 tum.
2061 1805 2232 1862 Unica
2275 1807 2432 1862 nobis
2485 1807 2639 1861 stella
2692 1806 3029 1861 lucidissima
3066 1804 3230 1877 634
3269 1819 3448 1875 pmco

1877 1899 2086 1954 exstitit
2150 1901 2350 1952 veritas
2406 1917 2419 1953 :
2485 1899 2699 1951 illorum
2768 1909 2945 1952 autem
2998 1913 3138 1951 vana
3198 1895 3450 1952 doctrina

1877 1992 2079 2046 multas
2114 1991 2415 2046 introducit
2457 1991 2524 2044 ad
2574 1991 2851 2044 hominum
2893 1990 3216 2060 captandam
3253 1989 3448 2044 obser-

1877 2083 2219 2153 vandamque
2266 2083 2529 2153 genesim.
2578 2084 2755 2152 Atque
2807 2082 2932 2136 hinc
2993 2089 3274 2136 ostensum
3326 2089 3448 2146 est,

1877 2177 2079 2247 ubique
2104 2177 2364 2230 malitiam
2399 2176 2501 2230 sibi
2529 2175 2629 2244 ipsi
2685 2173 2978 2229 adversari.
3011 2174 3202 2228 Isaiam
3233 2189 3450 2243 quoque

1877 2269 1932 2322 in
1968 2269 2339 2323 testimonium
2378 2267 2628 2321 amentia:
2668 2281 2780 2320 suae
2825 2271 3042 2320 vocant.
3082 2263 3253 2329 Quem
3293 2263 3451 2318 aiunt

1877 2359 2082 2414 dixisse
2113 2377 2128 2414 :
2161 2357 2419 2412 Dominus
2449 2357 2650 2426 faciens
2682 2372 2884 2424 pacem,
2915 2365 2964 2409 et
2987 2371 3171 2408 creans
3203 2353 3348 2406 mala
3379 2354 3444 2406 ".

1876 2451 2070 2508 Pacem
2122 2457 2269 2507 certe
2317 2465 2459 2520 opus
2502 2465 2625 2504 esse
2674 2447 2768 2504 Dei
2815 2463 2975 2503 neruo
3021 2463 3128 2502 non
3180 2447 3380 2501 fatetur
3431 2462 3446 2498 :

1876 2544 2086 2599 malitia
2131 2559 2262 2597 vero
2307 2541 2450 2613 apud
2502 2542 2651 2610 ipsos
2699 2556 2889 2596 revera
2931 2550 3200 2603 versatur,
3242 2538 3454 2593 malitia

1876 2636 2130 2691 videlicet
2159 2635 2375 2689 animm.
2411 2633 2577 2689 Nobis
2615 2639 2794 2688 autem
2834 2648 2896 2688 ea
2927 2648 3048 2702 qua:
3084 2647 3153 2685 ex
3183 2629 3293 2685 Deo
3326 2646 3454 2700 pro-

1876 2727 2021 2783 cedit
2083 2727 2312 2791 malitia,
2375 2725 2666 2781 utilissima
2718 2732 2823 2779 est.
2887 2721 3021 2776 Nam
3081 2723 3154 2776 ob
3216 2723 3451 2776 salutem

1877 2821 2070 2874 animae
2102 2819 2460 2889 corporisque
2509 2817 2918 2887 castigationem
2955 2815 3211 2871 oriuntur
3259 2815 3453 2880 fames,

1878 2911 2124 2976 siccitas,
2171 2909 2349 2965 morbi
2404 2923 2468 2962 ac
2524 2915 2839 2978 paupertas,
2895 2907 3121 2976 aliaeque
3176 2905 3454 2960 nonnulla:

1878 3002 2234 3058 calamitates.
2295 2999 2567 3056 Salutaria
2638 3000 2785 3056 enim
2851 3000 3122 3064 remedia,
3193 3013 3317 3068 quae
3373 2996 3454 3052 illi

1879 3093 2080 3147 malum
2115 3099 2169 3147 et
2196 3091 2492 3162 perniciem
2533 3091 2728 3146 anima:
2757 3105 2881 3146 esse
2912 3090 3118 3159 opinati
3155 3095 3304 3151 sunt,
3337 3087 3454 3142 haec

3318 3178 3455 3245 Quis

1877 3278 2017 3332 enim
2064 3277 2234 3346 filius,
2282 3291 2434 3344 quem
2483 3291 2587 3328 non
2625 3273 2842 3341 corripit
2884 3281 3034 3342 pater
3089 3271 3168 3325 “?
3210 3270 3458 3342 llludqne

1880 3378 2139 3440 praeterea
2192 3387 2205 3422 :
2253 3364 2378 3421 Non
2423 3375 2543 3421 sunt
2581 3366 2635 3419 in
2684 3364 2890 3418 Iwmme
2936 3363 3031 3416 via:
3071 3363 3186 3432 ejus
3225 3362 3294 3426 ⁸⁸,
3337 3360 3456 3430 pari

1878 3461 2041 3517 modo
2077 3459 2144 3515 ad
2186 3460 2461 3532 propriam
2501 3459 2840 3514 eversionem
2882 3457 3206 3528 proferunt;
3247 3456 3458 3512 scilicet

1879 3553 1996 3608 vias
2050 3568 2175 3606 cum
2224 3567 2331 3606 non
2380 3549 2639 3615 habeant,
2686 3549 2801 3604 vias
2836 3548 3026 3602 volunt
3071 3547 3397 3616 investigare
3435 3563 3454 3603 :

1880 3647 2022 3702 viam
2049 3661 2162 3701 non
2192 3645 2356 3699 habet
2375 3643 2626 3706 avaritia,
2658 3651 2751 3696 aut
2776 3642 2922 3713 gula,
2945 3657 3122 3710 neque
3143 3639 3457 3694 fornicatio.

1880 3737 1974 3793 illa
2008 3753 2245 3808 namque
2283 3752 2407 3790 cum
2440 3751 2537 3806 per
2564 3750 2622 3790 se
2657 3749 2767 3788 non
2800 3734 2942 3796 sint,
2977 3731 3328 3787 subsistentia
3363 3746 3457 3786 ca-

1880 3839 2021 3887 rent.
2054 3829 2186 3896 Qua:
2218 3839 2398 3883 tamen
2443 3827 2516 3882 illi
2554 3827 2673 3881 vias
2715 3825 2900 3880 dicere
2940 3829 3362 3878 consueverunt.
3387 3823 3458 3875 At

1883 3938 2014 3979 vero
2051 3923 2332 3993 Scriptura
2363 3920 2501 3976 duas
2539 3933 2663 3974 esse
2695 3915 2950 3972 omnibus
2993 3929 3310 3968 communes
3339 3912 3456 3969 vias

1881 4016 2033 4076 dicit,
2057 4015 2225 4070 vitam
2255 4023 2310 4069 et
2331 4020 2584 4067 mortem.
2611 4008 2750 4064 Vere
2777 4005 3044 4078 siquidem
3080 4005 3273 4059 itinera
3303 4012 3454 4068 sunt,

1883 4108 2138 4163 introitus
2180 4106 2234 4160 iu
2269 4105 2414 4159 hunc
2455 4101 2740 4164 mundum,
2772 4106 2826 4155 et
2855 4095 3349 4166 transmigrationis
3385 4109 3457 4152 ex

1882 4199 1971 4255 bis
2001 4197 2374 4254 sensibilibus.

1957 4290 2048 4345 85.
2105 4273 2249 4343 Nihil
2295 4288 2478 4356 itaque
2522 4299 2632 4339 non
2684 4282 2891 4337 faciunt
2946 4278 3197 4335 infelices
3249 4277 3361 4342 illi,
3397 4285 3459 4333 ut

1885 4382 2119 4436 Iberum
2171 4395 2204 4434 α
2243 4395 2303 4434 se
2349 4378 2611 4446 abjiciant
2649 4375 2935 4429 arbitrium
2988 4391 3002 4428 :
3047 4382 3210 4442 atque
3250 4371 3302 4423 in
3354 4369 3460 4424 hoc

1889 4488 2076 4528 curam
2144 4469 2495 4541 studiumque
2542 4473 2785 4539 ponunt,
2846 4473 2906 4519 ut
2968 4464 3277 4518 libertatem
3331 4474 3458 4513 cum

1888 4567 2150 4621 servitute
2181 4571 2536 4620 commutent.
2565 4561 2772 4617 Etenim
2809 4559 2910 4613 hoe
2932 4565 3016 4612 est
3049 4556 3267 4610 malitiae
3297 4567 3456 4622 Opus,

1883 4667 1943 4712 ut
1987 4673 2203 4729 semper
2251 4657 2491 4726 seipsam
2542 4654 2821 4723 pertrahat
2867 4652 2933 4705 ad
2984 4648 3190 4718 pejora.
3242 4644 3460 4714 Ipsique

1884 4750 2177 4804 adversum
2235 4763 2294 4803 se
2351 4755 2517 4802 testes
2569 4743 2822 4803 evadent.
2880 4737 3026 4809 quod
3078 4751 3199 4791 sese
3238 4732 3463 4786 malitia:

1883 4840 2248 4897 vendiderint.
2308 4837 2514 4907 Estque
2566 4833 2704 4889 illud
2745 4831 2947 4888 diaboli
2999 4826 3293 4881 artiﬁcium
3350 4816 3468 4893 quo

1884 4932 2166 5002 decipiat:
2219 4945 2414 5000 segnes
2458 4928 2659 4998 quippe
2706 4924 2916 4979 animas
2959 4935 3055 4991 per
3095 4931 3318 4988 pravam
3361 4914 3463 4970 do-

1888 5022 2121 5076 ctrinam
2167 5018 2423 5074 deorsum
2456 5015 2796 5088 propendere
2829 5009 3144 5082 compellit;
3191 5022 3289 5063 nec
3329 5006 3466 5062 sinit

1887 5129 1983 5169 eas
2015 5127 2234 5168 sursum
2264 5109 2400 5182 erigi
2431 5111 2498 5164 ad
2528 5108 2856 5182 agnitionem
2897 5103 3162 5160 veritatis.
3191 5097 3434 5167 Quemad

1890 5205 2113 5258 modum
2165 5203 2312 5258 enim
2365 5201 2524 5258 navis
2577 5203 2697 5257 sine
2740 5196 3114 5269 gubernaculo
3172 5192 3464 5262 navigans.

1891 5291 2310 5364 tempestatibus
2349 5307 2566 5363 semper
2609 5289 2890 5361 agitatur;
2923 5287 2996 5341 ita
3033 5285 3145 5340 illis
3180 5282 3468 5352 undequa'

1893 5397 2001 5452 que
2023 5383 2390 5452 periculorum
2415 5391 2609 5438 ventus
2625 5379 2794 5436 instat
2823 5397 2836 5435 :
2864 5391 3044 5448 neque
3063 5373 3208 5430 enim
3235 5377 3468 5442 possunt

1893 5474 1961 5529 ad
2009 5473 2306 5528 salutarem
2354 5482 2569 5544 portum
2628 5470 2936 5543 appellere,
2995 5463 3214 5536 quando
3263 5461 3466 5532 guber-

1892 5573 2140 5621 natorem
2178 5565 2470 5621 Dominum
2510 5563 2871 5634 reliquerunt.
2904 5558 3104 5628 Sicque
3142 5554 3316 5610 hostis
3348 5549 3468 5603 ani-

2067 5725 2111 5757 “
2153 5723 2258 5780 lsa.
2297 5737 2421 5789 xcv,
2458 5721 2508 5775 '7.
2612 5719 2656 5750 ⁸³
2695 5716 2859 5774 liebr.
2899 5730 3009 5778 xu,
3049 5713 3098 5766 7.
3178 5710 3221 5741 "
3261 5703 3463 5761 iorem.
