4032 6376
284 274 415 328 ιδῃ

1432 285 1593 341 vm
1636 286 1929 344 SANtLTxE
1971 268 2453 345 Svucmrtm.

3380 299 3402 354 ί
3415 298 3522 355 διε

271 389 413 445 δζδὲ
441 389 547 463 γάρ
573 392 882 461 ἀναγκαίως
908 395 1190 452 ἀκολουθεῖ
1216 399 1284 454 τά
1313 403 1444 474 παρ’
1481 402 1662 458 αὐτῶν
1685 404 1812 473 λεγό

1942 403 2096 458 firma
2121 407 2383 475 cognitio.
2411 404 2597 477 Neque
2624 407 3097 464 cnintnecessario
3122 412 3378 468 eveniunt
3396 431 3518 484 «piae

276 498 446 552 ig-eva'
482 483 668 557 ὥσπερ
693 486 801 558 γὰρ
823 491 935 552 τοῖς
961 488 1195 554 ἰδιώταις
1219 494 1312 547 καὶ
1344 497 1455 558 τοῖς
1477 496 1746 560 ναυτίλοις
1773 499 1839 552 ὲκ

276 573 374 643 τῆς
418 572 527 627 τῶν
569 576 745 643 νεφῶν
800 578 1058 651 ίδιότητός
1103 583 1220 636 ἐστί
1271 602 1355 649 τις
1384 587 1599 657 ἀμυδρά
1638 589 1837 657 γνῶσις

275 663 488 734 ἀνέμων
514 665 547 737 ἢ
570 666 767 720 ὑετῶνο
788 670 928 723 οὕτω
986 672 1194 738 τούτοις
1221 675 1285 729 ἐκ
1305 676 1573 748 δαιμόνων
1605 682 1637 751 ἡ
1663 681 1838 753 σαθρά

274 755 600 828 πρόγνωσις.
635 761 744 814 Καὶ
776 761 908 829 γοῦν
935 781 1054 818 τινα
1091 767 1183 819 καὶ
1209 768 1361 822 αὐτοὶ
1388 769 1604 838 λέγουσι
1647 789 1838 843 στοχα-

275 846 494 912 στικῶς,
524 849 601 914 ὡς
648 851 742 905 καὶ
773 853 823 905 οἱ
867 856 1317 929 ἐγγαστρίμυοον
1353 861 1447 914 καὶ
1479 861 1639 915 τοῦτο
1683 863 1728 915 δ’
1770 866 1835 918 ἃν

271 940 451 995 αὐτῶν
474 942 673 1013 μᾶλλον
699 944 1045 1003 διασκεδάσαι
1069 950 1320 1023 δυνηθείη
1345 953 1443 1025 τὴν
1474 956 1685 1028 φαύλην
1718 959 1835 1012 διά-

271 1042 420 1080 νοιαν
444 1044 458 1057 ·
509 1031 558 1083 εἰ
606 1030 713 1104 γὰρ
748 1033 814 1086 ὲκ
857 1035 1126 1107 δαιμόνων
1170 1042 1225 1094 αί
1280 1047 1631 1113 στοχαστικαὶ
1675 1042 1833 1103 αὗται

269 1115 609 1188 ψευδολογίαι
637 1122 990 1207 συνέστησαν,
1023 1131 1228 1199 ματαία
1270 1132 1381 1186 τῶν
1418 1134 1760 1207 ψηφιζόντων
1794 1143 1828 1214 ἡ

269 1206 455 1280 τέχνη.

339 1301 426 1357 88.
459 1303 521 1355 Εί
549 1303 606 1356 δὲ
638 1305 732 1359 ἐπὶ
756 1307 936 1361 πλεῖον
967 1309 1235 1382 ἑνδελεχεῖ
1268 1314 1395 1389 περὶ
1422 1316 1602 1371 αὐτῶν
1629 1318 1832 1374 δικαιο-

268 1389 427 1460 λογού
436 1396 635 1464 μενοςὸ
651 1395 862 1467 ἐχθρὸς,
884 1400 948 1452 ὲκ
967 1400 1155 1455 τούτου
1178 1404 1338 1458 αὑτὸν
1367 1407 1625 1476 ὲλέγξεις,
1649 1414 1712 1466 ὲκ
1734 1413 1827 1467 τοῦ

264 1480 453 1537 άλλοτε
483 1483 663 1548 ἄλλοις
677 1486 968 1576 ,λογισμοῖς
1005 1493 1071 1562 τῇ
1101 1492 1245 1565 ψυχῇ
1291 1496 1579 1568 πολεμεῖν.
1599 1503 1672 1555 Τὸ
1718 1503 1828 1576 γὰρ

263 1574 493 1629 ἄστατον
525 1551 814 1633 sessim;-
846 1551 909 1633 ἒεδ
945 1551 1003 1635 ἐξ
1046 1551 1300 1640 ἆδὲσῖιῖον
1333 1551 1824 1664 ἀπωλείαις-ἐγγύῖ

262 1665 395 1720 Οὐδὲ
427 1668 535 1739 γὰρ
560 1672 625 1740 τῇ
657 1670 844 1743 πρώτῃ
884 1672 1048 1726 αὑτοῦ
1086 1677 1253 1749 κακίᾳ
1295 1681 1615 1753 ὲπαρκείται
1647 1689 1675 1740 ὁ
1704 1687 1822 1743 διά-

1937 492 2007 548 ab
2032 494 2113 549 eis
2146 496 2538 564 praedii-untur.
2561 495 2696 551 Nam
2726 498 2871 553 sicut
2902 501 3260 570 popularibus
3292 512 3346 559 et
3379 521 3517 561 nau-

1938 583 2029 645 tis,
2062 599 2130 638 cx
2164 586 2388 640 nubium
2426 589 2774 657 proprietate,
2819 592 3068 660 quaedam
3109 594 3250 649 inest
3278 595 3515 651 obscura

1934 680 2219 728 ventorum
2248 683 2303 730 et
2334 677 2641 746 pluviarum
2666 680 2897 747 notitia;
2931 682 3005 734 ita
3033 692 3087 736 et
3120 683 3230 738 illis
3264 684 3425 739 fallax
3445 703 3515 743 ex

1934 761 2271 821 daemonibus
2328 768 2691 837 praescientia.
2751 770 2816 824 Et
2859 786 2991 827 vero
3016 774 3264 843 quadam
3300 776 3377 831 illi
3414 793 3513 848 per

1933 855 2306 923 conjecturam
2371 857 2691 928 proferunt;
2726 863 3186 931 quemadmodum
3224 876 3278 920 et
3305 869 3513 922 ventri-

1933 944 2081 1015 loqui
2113 965 2127 1000 :
2156 948 2302 1018 quod
2351 964 2485 1005 sane
2532 951 2710 1018 ipsum
2739 954 2974 1009 validius
3018 958 3256 1025 potuerit
3285 973 3509 1029 pravam

1931 1050 2120 1090 eorum
2169 1039 2481 1108 Opinionem
2515 1042 2808 1113 dissipare.
2846 1044 2980 1099 Nam
3016 1048 3063 1101 si
3100 1062 3132 1101 a
3168 1048 3509 1106 daemonibus

1930 1126 2322 1194 coniecturalia
2358 1130 2474 1185 haec
2512 1132 2817 1202 mendacia,
2847 1150 2985 1190 vana
3016 1145 3100 1191 est
3127 1153 3217 1194 ars
3249 1144 3508 1196 nativita-

1930 1225 2039 1272 tem
2065 1222 2503 1288 supputantium.

1997 1307 2088 1362 88.
2124 1307 2279 1375 Quod
2316 1312 2361 1364 si
2392 1314 2570 1367 adhuc
2592 1326 2903 1384 perseveret
2936 1300 3193 1376 inimicus
3256 1322 3501 1378 eamdem

1926 1413 2150 1454 causam
2198 1416 2561 1473 propugnare,
2588 1421 2650 1459 ex
2692 1407 2796 1463 hoc
2825 1423 2950 1463 eum
2980 1411 3247 1468 mendacii
3271 1416 3500 1470 convin-

1927 1506 2042 1553 ces,
2064 1493 2211 1562 quod
2245 1494 2407 1549 modo
2437 1496 2544 1551 illis
2577 1500 2741 1555 modo
2775 1501 2899 1556 aliis
2948 1504 3373 1573 cogitationibus
3399 1508 3504 1562 im-

1925 1590 2127 1652 pugnet
2182 1584 2441 1641 animam.
2490 1589 2755 1646 lnstabile
2784 1592 3003 1662 quidvis
3056 1595 3332 1652 inﬁrmum
3374 1607 3498 1655 est:

1926 1673 2207 1729 inﬁrmum
2264 1685 2446 1733 autem
2491 1689 2575 1736 est
2636 1684 2945 1752 proximum
2998 1686 3259 1744 iuteritui.
3316 1690 3504 1764 Neque

262 1755 416 1820 σολος
432 1775 446 1788 ·
475 1758 609 1812 ἀλλά
627 1777 689 1828 γε
711 1761 804 1814 καὶ
824 1763 1222 1836 αὐτοματισμὸν
1244 1751 1531 1828 ὑποϐάλλει
1554 1778 1619 1847 τῇ
1639 1776 1782 1851 ψυχῇ
1805 1796 1815 1809 ·

1927 1764 2073 1820 enim
2102 1767 2240 1822 satis
2261 1767 2480 1824 diabolo
2495 1780 2578 1826 est
2601 1751 2776 1843 prima
2805 1790 2905 1830 sua
2937 1779 3179 1848 malitia;
3210 1782 3305 1836 sed
3335 1751 3499 1839 etiam

262 1849 354 1903 καὶ
385 1849 546 1914 ἄνθος
592 1853 805 1920 φύσεως
848 1853 936 1907 τὸν
965 1857 1203 1927 ἡγεμόνα
1236 1862 1392 1932 ἡμῶν
1428 1864 1553 1920 νοῦν
1584 1849 1824 1942 ὑπογρᾶ-

261 1956 376 2008 φει·
412 1943 507 1994 καὶ
533 1942 634 2006 ὅτι,
657 1943 1005 2017 διαλυομένου
1030 1948 1124 2001 τοῦ
1149 1948 1414 2022 σώματος,
1435 1960 1824 2034 συμφθείρεται

259 2040 352 2093 καὶ
375 2042 408 2113 ἡ
434 2041 600 2115 ψυχή.
635 2043 819 2098 Ταῦτα
849 2046 905 2101 δὲ
926 2049 1056 2118 ἡμῖν
1086 2050 1259 2104 πάντα
1288 2052 1574 2106 ὑποϐάλλει
1600 2055 1737 2126 πρὸς
1761 2056 1823 2109 τὸ

257 2132 487 2204 ἀμελείᾳ
527 2135 625 2205 τὴν
674 2135 848 2209 ψυχὴν
888 2138 1214 2214 διαφθεῖραι.
1268 2144 1425 2198 Ἀλλά
1461 2148 1821 2219 προσγινομέ-

258 2239 363 2276 νων
388 2224 590 2279 τούτων
620 2226 730 2281 τῶν
766 2231 1010 2289 σκιωδῶν
1040 2235 1457 2311 φαντασμάτων,
1490 2239 1563 2309 μὴ
1593 2238 1669 2302 ὡς
1691 2239 1821 2311 ἀλη-

258 2312 405 2366 θέσιν
434 2315 618 2379 αὑτοίς
653 2318 992 2390 συνθώμεθα.
1021 2302 1203 2377 Ταῦτα
1238 2302 1348 2397 γὰρ
1382 2302 1563 2383 αὐτῶν
1585 2329 1684 2400 τὴν
1717 2302 1819 2384 κα-

257 2402 382 2455 κίαν
438 2403 738 2470 δείκνυσιν,
788 2406 974 2463 ἄλλοτε
1011 2409 1187 2477 ἄλλως
1234 2418 1676 2489 προσερχόμενα,
1725 2423 1820 2476 καὶ

258 2494 388 2566 ῥιπῇ
421 2495 699 2568 ὀφθαλμοῦ
720 2499 1087 2573 ἀφιπτάμενα.
1106 2504 1215 2558 Καὶ
1248 2506 1376 2574 γοῦν
1404 2505 1518 2564 οἶδά
1544 2528 1665 2565 τινα
1684 2512 1817 2567 Θεοῦ

253 2587 440 2642 δοῦλον
470 2592 589 2644 κατ’
624 2592 823 2664 ἀρετὴν
865 2595 1113 2665 βιοῦντα,
1145 2599 1323 2666 ὅστις,
1374 2601 1729 2676 καθεζόμενος
1760 2608 1818 2663 ἐν

255 2678 331 2748 τῷ
374 2680 604 2753 κελλίῳ,
649 2684 908 2758 ἐπετήρει
948 2686 1058 2743 τῶν
1110 2688 1381 2763 λογισμῶν
1439 2695 1541 2759 τὰς
1589 2715 1815 2769 παρεισ-

255 2772 504 2840 αγωγάς,
544 2773 639 2828 καὶ
674 2775 893 2849 ἐμέτρει
916 2782 1067 2844 ποῖος
1091 2782 1321 2851 πρῶτος,
1341 2784 1435 2840 καὶ
1460 2789 1608 2851 ποῖος
1635 2788 1816 2843 δεύτε-

255 2879 367 2934 90;,
414 2865 509 2918 καὶ
540 2867 768 2932 ἕκαστος
805 2871 981 2926 αὐτῶν
1016 2873 1180 2925 πόσον
1219 2875 1407 2946 χρόνον
1445 2882 1690 2950 κατεῖχε·
1724 2883 1818 2936 xui.

251 2956 301 3008 εί
322 2955 621 3029 ὑστέρησεν
641 2959 672 3031 ἢ
700 2960 1037 3031 προέφθασεν
1055 2964 1153 3035 τῆς
1175 2966 1544 3039 παρελθούσης
1567 2971 1674 3041 ἡμέ
1684 2989 1781 3044 ρας
1796 2990 1812 3004 ·

1928 1854 2212 1912 fortuitum
2262 1876 2445 1915 rerum
2507 1871 2759 1918 eventum
2817 1868 3011 1923 anima:
3072 1874 3340 1941 suggerit;
3381 1875 3502 1929 ani-

1927 1963 2186 2018 mumque
2212 1959 2477 2006 rectorem
2504 1964 2753 2009 nostrum
2788 1956 2993 2023 delinit,
3028 1958 3214 2017 ﬂorem
3243 1974 3452 2021 natura:
3480 1986 3495 2022 :

1927 2038 2193 2112 docetque
2245 2042 2515 2101 dissoluto
2571 2063 2822 2119 corpore,
2876 2055 3112 2110 animam
3168 2058 3330 2112 simul
3374 2075 3499 2115 cor-

1926 2132 2126 2202 rumpi.
2151 2132 2276 2189 Haec
2311 2146 2490 2192 autem
2521 2141 2705 2195 omnia
2750 2143 2972 2214 subjicit
2994 2186 3009 2210 ,
3045 2154 3102 2201 ut
3134 2163 3200 2203 ex
3244 2151 3497 2210 socci-dia

1925 2221 2159 2276 animam
2218 2225 2453 2281 deducat
2506 2228 2560 2282 in
2589 2231 2905 2298 perniciem.
2944 2233 3049 2291 Sed
3110 2239 3497 2299 accedentibus

1924 2313 2239 2383 caliginosis
2255 2314 2568 2385 hujusmodi
2591 2321 2916 2391 pltantasiis,
2948 2342 3017 2382 nc
3046 2328 3152 2384 illis
3168 2333 3324 2401 quasi
3350 2337 3497 2394 veris

1925 2406 2310 2462 assentiamur.
2333 2410 2452 2479 Ipsa
2484 2411 2686 2483 quippe
2735 2429 2888 2471 suam
2916 2419 3156 2488 produnt
3188 2424 3496 2495 malignita-

1924 2503 2054 2559 tem,
2101 2513 2249 2553 nunc
2292 2500 2405 2568 illo,
2442 2517 2567 2557 mox
2595 2504 2703 2560 alio
2736 2506 2900 2562 modo
2920 2509 3259 2581 accedentia,
3287 2524 3343 2571 et
3382 2518 3494 2574 ictu

1923 2588 2067 2642 oculi
2099 2590 2389 2647 avolantia.
2447 2593 2583 2649 Novi
2624 2596 2859 2668 aliquem
2901 2599 2997 2657 Dei
3040 2619 3279 2670 servum,
3318 2611 3493 2666 virtu-

1923 2679 2102 2749 tisque
2134 2681 2461 2749 studiosum,
2493 2687 2587 2757 qui
2615 2694 2739 2743 cum
2765 2691 2975 2748 sederet
3005 2693 3058 2748 in
3092 2698 3308 2764 cellula,
3340 2706 3494 2772 cogi-

1924 2771 2192 2825 tationum
2242 2774 2421 2832 aditus
2461 2777 2809 2846 observabat,
2858 2797 2924 2838 ac
2973 2800 3160 2841 secum
3205 2771 3491 2860 reputabat;

1922 2861 2052 2932 quid
2087 2863 2344 2932 primum,
2376 2867 2507 2938 quid
2556 2871 2856 2927 secundum
2901 2886 3065 2938 esset,
3117 2887 3172 2933 et
3219 2891 3484 2951 quantum

1922 2960 2185 3028 temporis
2218 2960 2642 3032 unumquodque
2689 2962 2933 3034 ipsorum
2980 2981 3393 3038 perseveraret:
3421 2991 3485 3031 ac

250 3046 422 3114 οὕτως
454 3050 699 3122 ἀκριϐῶς
727 3054 995 3122 ἠπίστατο
1026 3056 1127 3127 τήν
1159 3074 1218 3110 τε
1247 3057 1340 3111 τοῦ
1368 3058 1502 3113 Θεοῦ
1532 3063 1690 3135 χάριν
1720 3065 1815 3119 καὶ

1924 3048 1971 3103 si
2010 3049 2220 3105 tardius
2245 3051 2478 3107 citiusve
2529 3068 2689 3122 quam
2719 3056 2893 3126 pridie
2921 3061 3224 3121 accederet.
3286 3064 3363 3119 Ita
3392 3083 3488 3123 ac-

250 3140 349 3212 τὴνν
376 3141 584 3195 οἰκείαν
618 3144 912 3215 καρτερίαν
949 3163 1007 3200 τε
1054 3146 1149 3200 καὶ
1191 3147 1448 3221 δύναμιν-
1484 3151 1565 3206 ἔτι
1604 3170 1668 3223 γε
1704 3157 1811 3227 μὴν

1918 3149 2108 3197 curate
2161 3151 2388 3197 noverat
2433 3158 2558 3199 cum
2591 3148 2820 3217 gratiam
2881 3148 2997 3215 Dei,
3051 3160 3166 3208 tum
3207 3158 3482 3227 propriam

250 3231 343 3284 καὶ
366 3231 467 3303 τὴν
485 3231 580 3285 τοῦ
614 3233 807 3306 ἐχθροῦ
832 3236 1165 3309 καθαίρεσιν.

320 3408 406 3459 89.
439 3410 575 3458 Δεον
607 3403 698 3488 οῦν
723 3410 869 3480 ἡμᾶς
891 3411 1110 3477 τούτους
1135 3415 1261 3479 τοὺς
1295 3419 1522 3483 κανόνας
1554 3420 1811 3488 ὑποδεξα-

250 3493 419 3564 μένας
455 3480 838 3563 φυλάττειν.Εί
865 3500 973 3573 γὰρ
1001 3504 1050 3556 οί
1077 3480 1623 3579 ἐμπορευόμενοι-τὰς
1642 3480 1810 3584 προσ-

246 3585 470 3657 καίρους
498 3592 874 3662 πραγματείας
896 3593 1019 3647 καθ’
1047 3596 1281 3669 ἑκάστην
1311 3600 1523 3672 ἡμέραν
1544 3603 1809 3672 ζυγοστα-

246 3674 398 3728 τοῦσι
425 3675 497 3729 τά
522 3678 687 3750 κέρδη
704 3696 719 3710 ο
747 3680 841 3734 καὶ
877 3682 1127 3753 ἀσμένως
1160 3686 1258 3756 μὲν
1283 3687 1349 3740 τὰ
1374 3687 1592 3743 πλείονα
1621 3691 1808 3744 ὑποδέο

245 3783 449 3836 χονται,
465 3768 601 3840 πρὸς
618 3769 675 3823 δὲ
696 3772 797 3835 τὰς
821 3771 1023 3846 ζημίας
1042 3776 1434 3847 ἀπεχθάνονται
1455 3796 1468 3811 ·
1492 3781 1624 3836 πολὺ
1650 3782 1808 3836 πλέον

242 3859 450 3913 τούτων
477 3862 775 3934 ἀγρυπνεῖν
812 3868 1077 3939 προσήκει
1104 3872 1231 3933 τοὺς
1280 3871 1371 3924 τὸν
1416 3874 1666 3945 ἀληθινὸν
1710 3876 1807 3949 θη-

245 3953 447 4024 σαυρὸν
481 3954 980 4027 ὲμπορευομένους*
1011 3961 1228 4015 καὶτῶν
1261 3963 1359 4033 μὲν
1383 3963 1641 4019 πλειόνων
1670 3968 1802 4037 ἀγα-

244 4041 353 4096 θῶν
378 4043 623 4112 ἐφίεσθαι
642 4062 655 4075 ·
685 4048 734 4101 εί
771 4047 826 4101 δὲ
856 4050 950 4102 καὶ
979 4052 1151 4124 μικρά
1176 4071 1260 4117 τις
1284 4054 1457 4127 κλοπὴ
1487 4057 1579 4110 τοῦ
1612 4058 1807 4130 ἐχθροῦ

240 4133 473 4201 γένοιτο,
504 4133 714 4206 βαρέως
749 4138 845 4209 μὲν
871 4140 1056 4212 φέρειν
1083 4141 1171 4195 διὰ
1188 4144 1248 4197 τὸ
1277 4145 1577 4216 κρίνεσθαι,
1601 4148 1714 4201 ἀλλ’
1745 4150 1805 4203 οὐ

245 4226 351 4297 μὴν
387 4227 792 4295 ἀπογικὼσκειν
837 4232 1078 4298 ἑαυτοὺς,
1119 4236 1211 4289 καὶ
1253 4237 1430 4293 πάντα
1469 4237 1679 4310 ῥίπτειν
1720 4241 1808 4295 διὰ

239 4320 302 4373 τὺ
332 4320 588 4374 ἀκούσιον
617 4324 884 4394 πταῖσμα.
924 4326 1110 4396 Ἔχεις
1157 4327 1228 4381 τὰ
1288 4332 1607 4402 ἐνενήκοντα
1651 4334 1807 4388 ὲννέα

1913 3236 2373 3323 perseverantiam
2415 3246 2470 3291 et
2499 3236 2894 3307 fortitudinem,
2926 3252 3088 3314 atque
3118 3246 3186 3301 ad
3232 3248 3347 3304 haec
3375 3250 3485 3306 ini.

1910 3326 2037 3380 mici
2067 3327 2429 3384 eversionem.

1980 3416 2069 3472 89.
2099 3416 2203 3471 Par
2229 3426 2314 3474 est
2360 3434 2491 3489 ergo
2516 3434 2622 3476 nos
2660 3435 2755 3479 eas
2780 3435 3032 3497 acceptas
3056 3435 3270 3503 regulas
3296 3435 3484 3492 obser-

1909 3522 2057 3564 vare.
2090 3507 2225 3562 Nam
2275 3508 2320 3564 si
2344 3511 2438 3579 qui
2472 3525 2653 3565 rerum
2706 3519 3082 3584 temporalium
3117 3537 3479 3582 mercaturam

1908 3611 2182 3661 exercent,
2208 3597 2455 3667 quotidie
2482 3598 2634 3654 lucra
2656 3602 3025 3671 considerant,
3058 3609 3294 3667 libenter
3322 3616 3479 3684 plura

1909 3686 2202 3756 recipiunt,
2253 3686 2451 3741 damna
2509 3700 2873 3746 aversantur:
2908 3697 3080 3753 multo
3142 3705 3312 3772 magis
3346 3718 3480 3759 con-

1909 3776 2056 3831 venit
2097 3791 2194 3831 eos
2218 3777 2444 3848 vigilare
2466 3779 2562 3848 qui
2592 3780 2706 3834 veri
2765 3783 3010 3840 thesauri
3052 3788 3496 3858 negotiationem

1906 3876 2190 3934 exercent;
2219 3870 2484 3940 pluraque
2508 3869 2648 3924 bona
2679 3884 2953 3943 appetere.
2989 3877 3144 3944 Quod
3177 3881 3224 3936 si
3246 3897 3475 3952 parvum

1906 3958 2363 4013 iuintici'furtum
2420 3961 2731 4032 contigerit,
2786 3967 3023 4035 graviter
3058 3970 3275 4039 quidem
3335 3975 3477 4032 farre

1904 4050 2095 4121 judicii
2130 4048 2402 4104 subeundi
2435 4064 2624 4117 causa,
2653 4067 2757 4109 nec
2782 4062 2962 4110 tamen
2983 4056 3322 4129 despondere
3359 4065 3480 4119 ani-

1907 4158 2077 4204 mum,
2111 4156 2289 4212 neque
2324 4150 2521 4197 cuncta
2551 4152 2774 4214 propter
2810 4146 3232 4206 involuntarium
3264 4154 3476 4224 lapsum

1907 4235 2193 4305 projicere.
2244 4234 2424 4291 Habes
2456 4237 2747 4307 nonaginta
2779 4254 2972 4294 novem
3013 4258 3162 4308 oves,
3192 4262 3372 4315 quaere
3412 4249 3480 4303 il-

1907 4328 2014 4382 lam
2053 4343 2175 4398 quae
2210 4328 2371 4399 periit
2405 4347 2418 4383 :
2454 4345 2523 4385 ne
2559 4331 2723 4386 unius
2762 4332 3056 4390 amissione
3087 4341 3474 4405 consterneris,

240 4412 511 4483 πρόόατα,
534 4412 682 4485 ζήτει
708 4415 802 4469 καὶ
833 4417 893 4470 τὸ
919 4418 1213 4484 ἀπολωλός.
1240 4422 1330 4494 Μὴ
1365 4424 1605 4497 ποηθῇς
1637 4426 1726 4481 διὰ
1745 4428 1807 4481 τὸ

1918 4432 2085 4489 neque
2115 4419 2291 4489 fugias
2317 4433 2347 4472 a
2387 4418 2524 4475 facie
2550 4418 2785 4485 Domini,
2833 4438 2901 4477 ne
2930 4426 3315 4495 sanguinarius
3360 4432 3482 4484 dia-

238 4503 319 4565 ἓν,
346 4504 419 4575 μὴ
454 4503 742 4578 ἁποφύγῃς
764 4506 854 4560 τὸν
874 4509 1170 4582 Δεσπότην.
1205 4515 1300 4566 καὶ
1324 4516 1352 4568 ό
1377 4517 1668 4588 αίμοϐόρος
1691 4518 1806 4573 διά-

238 4593 395 4657 ϐολος
418 4594 597 4648 πᾶσάν
625 4612 719 4649 σου
748 4596 844 4668 τὴν
869 4598 1070 4671 ἀγέλην
1098 4601 1206 4654 τῶν
1243 4604 1494 4673 πράξεων
1523 4608 1807 4678 αἰχμαλω-

236 4683 395 4747 τίσας
427 4685 703 4740 ἀπολέσει.
731 4689 823 4758 Μὴ
873 4688 967 4745 οὖν
1005 4690 1437 4767 λειποτακτήσῃς
1481 4696 1568 4750 διὰ
1614 4699 1673 4752 τὸ
1710 4699 1803 4752 ἕν’

236 4776 442 4846 ἀγαθὸς
490 4779 600 4850 γάρ
656 4782 805 4834 ἐστιν
832 4783 860 4834 ὁ
892 4782 1209 4855 Δεσπότης·
1263 4789 1396 4857 φησὶ
1438 4788 1543 4861 γὰρ
1577 4789 1665 4843 διὰ
1711 4790 1804 4845 τοῦ

234 4868 567 4940 Ψαλμῳδοῦ,
597 4871 672 4935 ὼς
712 4873 851 4927 Ἐὰν
877 4876 1060 4944 πέσῃ,
1099 4878 1171 4930 οὐ
1211 4881 1762 4951 καταρῤαχθήσεται
1784 4902 1797 4915 ·

235 4960 326 5015 ὅτι
354 4962 735 5031 ὐποστηρίζει
764 4966 978 5033 Κύριος
1002 4967 1171 5036 χεῖρα
1200 4971 1413 5024 αὑτοῦ.

307 5050 397 5106 90.
422 5053 561 5109 Ὅσα
576 5053 684 5126 γὰρ
705 5055 798 5109 ὲάν
820 5056 1161 5131 πράξωμενῆ
1183 5060 1528 5133 κερδάνωμεν
1546 5064 1798 5131 ἐνταῦθα,

236 5142 415 5216 μικρά
445 5145 783 5218 ἡγησώμεθα
820 5148 956 5220 πρὸς
979 5150 1069 5204 τὸν
1094 5151 1353 5221 μέλλοντα
1379 5154 1597 5209 αίὼνιον
1633 5156 1798 5210 πλοῦ-

229 5253 343 5291 τον.
387 5236 478 5291 Ἐν
509 5235 615 5309 γὰρ
649 5238 714 5309 τῇ
756 5242 827 5311 γῇ
875 5241 1047 5314 ταύτῃ
1083 5243 1159 5307 ὡς
1191 5246 1250 5299 ὲν
1294 5244 1523 5318 δευτέρᾳ
1568 5249 1799 5322 μητρῴᾳ

233 5328 413 5400 κοιλίᾳ
465 5330 827 5401 τυγχάνομεν.
879 5333 1088 5407 Ὠσπερ
1134 5335 1243 5407 γὰρ
1291 5339 1350 5391 ὲν
1399 5338 1625 5403 ἐκείνοις
1682 5345 1797 5405 τοῖς

233 5422 425 5490 μυχοῖς
465 5419 527 5473 ού
579 5421 833 5493 τοιαύτην
864 5421 1009 5496 ζωὴν
1058 5425 1309 5497 εἴχομεν·
1358 5427 1480 5483 οὔτε
1534 5430 1641 5502 γὰρ
1688 5431 1799 5486 τῶν

229 5512 486 5566 τοιούτων
516 5514 849 5585 στερεμνίων
874 5517 1087 5587 τροφῶν
1112 5518 1455 5593 ἀπελαύομεν
1486 5524 1542 5576 ὲν
1571 5524 1800 5588 ἐκείνοις

301 5669 345 5701 δ’
385 5668 525 5725 Psai.
568 5683 760 5730 xxxw,
795 5668 883 5723 24.

1908 4509 2067 4564 holus
2092 4515 2263 4563 totum
2311 4509 2588 4563 actionum
2619 4517 2834 4564 tuarum
2872 4526 3109 4581 gregem,
3161 4514 3216 4567 in
3251 4517 3479 4585 captivi-

1908 4609 2071 4656 tatem
2106 4600 2397 4655 deductum
2429 4599 2728 4670 disperdat.
2764 4600 2883 4655 Noli
2906 4606 3088 4672 itaque
3116 4607 3276 4661 unius
3308 4622 3473 4664 causa

1906 4692 2088 4748 locum
2121 4694 2370 4747 amittere
2412 4699 2587 4747 tuum.
2621 4690 2804 4746 Bonus
2834 4701 2917 4748 est
2945 4693 3207 4752 Dominus
3245 4698 3338 4768 qui
3378 4715 3475 4770 per

1907 4784 2253 4841 Psalmistam
2283 4785 2359 4838 ait
2388 4802 2403 4838 :
2434 4782 2566 4838 Cum
2607 4783 2853 4836 ceciderit
2881 4801 2984 4839 non
3014 4787 3313 4854 collidatur,
3349 4793 3475 4860 quia

1907 4876 2163 4931 Dominus
2190 4876 2433 4944 supponit
2469 4890 2682 4928 manum
2710 4890 2863 4928 suam
2885 4876 2947 4929 ⁸⁸.

1974 5056 2141 5127 636
2208 5054 2298 5109 90.
2335 5052 2682 5125 Quaecunque
2710 5054 2800 5110 hic
2842 5054 3103 5126 negotiati
3150 5067 3243 5113 aut
3279 5056 3474 5116 lucrari

1906 5147 2190 5213 fuerimus,
2229 5148 2380 5217 parvi
2425 5149 2685 5204 momenti
2739 5156 3073 5218 reputemus,
3120 5150 3167 5205 si
3214 5166 3339 5206 cum
3387 5151 3476 5205 fu-

1907 5242 2048 5297 turis
2085 5241 2304 5296 :cternis
2336 5239 2535 5310 opibus
2580 5252 2987 5311 comparentur.
3041 5240 3097 5294 In
3135 5242 3235 5296 hac
3271 5242 3476 5313 quippe

1905 5346 2069 5399 terra,
2104 5334 2251 5389 velut
2289 5332 2342 5387 in
2371 5332 2612 5389 secundo
2638 5340 2793 5387 utero
2822 5341 3068 5389 materno
3095 5333 3473 5390 consistimus.

1906 5426 2371 5496 Quemadmodum
2427 5426 2571 5481 enim
2617 5426 2672 5481 in
2721 5427 2978 5482 claustris
3027 5426 3322 5488 maternis,
3361 5442 3472 5482 non

1905 5522 2033 5576 huic
2073 5519 2305 5578 similem
2354 5518 2567 5590 agimus
2597 5516 2788 5585 vitam,
2829 5531 3003 5587 neque
3039 5517 3185 5571 enim
3237 5515 3349 5571 illic
3396 5517 3473 5572 ita

1900 5775 1932 5808 ρ
