3980 6506
539 356 679 410 1543

1627 339 1685 396 S.
1718 331 2177 390 ATHANASIUS.
2217 361 2289 371 —-
2325 327 2593 384 Sl’l'RlA.

3652 322 3780 377 ‘3“

539 464 729 520 solidis
755 462 895 518 cibis
920 469 979 514 ut
1012 476 1157 514 nunc
1182 459 1406 512 utimur.
1447 455 1564 510 Non
1594 455 1783 510 eodem
1818 455 1893 510 ibi
1945 453 2105 507 modo

2226 449 2317 509 τοῖς
2343 447 2562 518 χωρίοις
2579 445 2654 508 ὡς
2680 444 2804 498 νῦν·
2831 441 2954 497 οὒτε
2982 443 3086 514 μὴν
3109 443 3284 506 οὓτως
3315 443 3568 512 ἐνεργεῖο
3593 441 3662 510 if-
3674 443 3781 494 ,ινα-

540 554 753 626 operari
805 552 1022 615 licebat,
1076 564 1186 620 quo
1224 549 1278 602 in
1324 548 1428 602 hac
1475 547 1625 610 vita;
1661 545 1856 600 solaris
1913 543 2115 615 quippe

546 647 685 700 locis
717 645 1003 713 omnisque
1039 639 1347 712 splendoris
1377 645 1626 707 expertes
1663 652 1900 692 eramus.
1962 633 2116 689 Sicut

542 736 772 808 ergojin
824 732 1080 790 claustris
1134 730 1515 800 hujuscemodi
1562 737 1869 792 versantes,
1929 728 2117 783 multis

544 824 824 895 pra-sentis
850 825 974 878 vitae
1002 821 1165 876 rebus
1205 821 1680 884 destituebamur;
1729 819 1802 872 ita
1832 826 1886 872 et
1917 818 1972 872 in
2014 819 2118 874 hoc

560 916 761 970 mundo
815 914 1198 970 defraudamur
1253 915 1409 985 longe
1461 913 1656 983 potiori
1721 912 2116 983 magnificentia

559 1011 708 1079 regni
755 1010 1040 1065 caelorum.
1097 1009 1402 1063 Periculum
1455 1005 1683 1060 fecimus
1731 1004 2114 1059 alimentorum

542 1101 706 1169 hujus
735 1103 876 1162 vitas,
908 1100 1091 1155 divina
1119 1100 1232 1168 jam
1257 1105 1597 1168 expetamus.
1622 1093 1879 1150 Praesenti
1914 1096 2118 1151 lumine

544 1196 698 1265 potiti
729 1212 959 1264 sumus;
995 1197 1165 1252 solem
1195 1195 1419 1264 justitiae
1454 1209 1598 1248 nunc
1627 1203 1983 1262 exeptemus;
2026 1210 2118 1249 su—

546 1302 768 1355 pernam
821 1285 1144 1348 Jerusalem,
1194 1302 1290 1355 pro
1341 1286 1561 1340 civitate
1611 1294 1890 1354 matreque
1931 1292 2116 1338 nostra

547 1376 878 1441 habeamus;
927 1385 1134 1446 patrem
1169 1392 1300 1431 vero
1339 1383 1589 1431 nostrum
1627 1391 1884 1430 vocemus
1920 1375 2111 1432 Deum.

548 1466 647 1522 llic
679 1468 926 1524 vivamus
961 1477 1348 1539 temperanter,
1402 1479 1462 1523 ut
1489 1469 1654 1523 vitam
1684 1478 1940 1522 aeternam
1975 1484 2115 1524 cou~

549 1574 860 1629 sequamur.

619 1649 706 1704 9|.
747 1649 1213 1716 Quemadmodum
1267 1649 1414 1703 enim
1478 1648 1714 1704 infantes
1783 1650 1835 1703 in
1890 1653 2116 1707 matrice

546 1738 854 1802 constituti,
883 1736 951 1791 ad
997 1737 1258 1806 majorem
1294 1738 1679 1807 perfectionem
1713 1754 1780 1794 ex
1812 1741 1962 1793 tenui
1989 1741 2114 1795 cibo

548 1840 710 1900 atque
737 1830 844 1884 vita
877 1829 1117 1893 deducti,
1144 1845 1240 1899 per
1269 1830 1358 1884 illa
1385 1830 1450 1884 ad
1475 1830 1736 1898 majorem
1759 1833 2116 1902 vegetiorem-

545 1937 656 1991 que
685 1922 1073 1978 incolumitatis
1097 1922 1463 1978 conditionem
1508 1922 1794 1990 feruntur;
1845 1926 1920 1978 ita
1951 1926 2113 1980 etiam

548 2012 680 2080 justi
707 2029 772 2066 ex
803 2013 1044 2067 saactrlari
1075 2013 1327 2068 instituto
1363 2014 1430 2069 ad
1456 2015 1561 2068 iter
1584 2015 1807 2070 caeleste
1833 2015 2114 2081 secedunt,

549 2101 692 2154 sicut
731 2102 991 2172 scriptum
1015 2111 1100 2158 est
1133 2123 1148 2157 :
1195 2101 1351 2156 Ibunt
1387 2100 1450 2156 de
1484 2104 1671 2159 virtute
1698 2106 1752 2158 in
1782 2105 2023 2158 virtutem
2048 2105 2114 2157 ⁸⁸.

550 2189 874 2246 Peccatores
906 2201 1114 2256 autem,
1143 2193 1292 2248 velut
1322 2191 1487 2249 fastus
1517 2193 1650 2248 uteri
1691 2195 1780 2263 qui
1810 2195 1866 2248 in
1890 2196 2116 2247 matrice

552 2285 861 2347 intereunt,
916 2300 981 2339 ex
1003 2285 1242 2340 tenebris
1280 2285 1336 2338 in
1387 2285 1635 2340 tenebras
1679 2285 2109 2340 transferuntur.

549 2373 610 2429 in
653 2384 799 2430 terra
831 2391 1064 2445 namque
1094 2375 1256 2430 morti
1284 2376 1604 2439 traduntur,
1634 2377 1979 2432 multitudine
2002 2391 2122 2447 pec-

551 2476 796 2522 catorum
834 2467 1036 2522 obruti.
1098 2465 1392 2538 Postquam
1438 2476 1618 2522 autem
1659 2467 1862 2522 fuerint
1911 2484 1978 2522 ex
2014 2469 2118 2522 hac

551 2562 662 2616 vita
693 2561 908 2632 dejecti,
970 2561 1025 2614 in
1075 2560 1395 2615 obscuriora
1433 2567 1487 2613 et
1514 2567 1751 2613 tartarea
1783 2559 1899 2613 loca
1931 2560 2122 2614 detru-

551 2655 781 2708 duntur.
816 2652 927 2722 l95)
960 2651 1066 2708 Ter
1107 2651 1163 2706 in
1190 2653 1300 2706 vita
1331 2651 1629 2706 nascimur.
1682 2649 1862 2704 Prima
1896 2666 2121 2720 genera-

554 2745 632 2798 tio
657 2755 740 2799 est
773 2759 840 2798 ex
869 2743 992 2796 sinu
1022 2748 1269 2797 materno
1301 2740 1498 2802 exitus,
1535 2753 1659 2792 cum
1689 2753 1719 2792 a
1747 2747 1890 2792 terra
1924 2739 1978 2792 in
2007 2746 2120 2792 ter-

551 2850 670 2889 ram
723 2835 974 2905 agimur:
1013 2833 1233 2902 reliqua:
1291 2841 1470 2886 autem
1509 2831 1650 2894 duae,
1709 2845 1774 2885 ex
1832 2838 1976 2884 terra
2025 2846 2122 2886 nos

552 2929 789 2984 evehunt
814 2927 871 2982 in
901 2927 1135 2992 caelum;
1167 2940 1400 2996 quarum
1435 2924 1603 2979 altera
1634 2939 1730 2995 per
1759 2924 1986 2993 gratiam
2010 2931 2116 2987 est,

550 3034 675 3090 quas
727 3033 823 3090 per
871 3017 1116 3072 divinum
1166 3015 1326 3071 nobis
1363 3015 1640 3070 lavacrum
1690 3013 1900 3068 accedit
1931 3032 1946 3067 :
1980 3014 2122 3069 hanc

551 3112 754 3182 quippe
779 3111 903 3181 jure
934 3107 1400 3179 regenerationem
1426 3106 1782 3176 appellamus.
1811 3103 1994 3160 Tertia
2024 3121 2122 3160 an-
2151 3129 2190 3183 ε

553 3213 664 3257 tem
698 3218 764 3257 ex
817 3199 1140 3272 pmnitentia
1190 3199 1348 3253 nobis
1383 3208 1438 3252 et
1487 3197 1646 3252 bonis
1695 3197 1950 3266 operibus
1989 3212 2124 3252 con-

555 3291 734 3361 tingit.
771 3289 951 3359 Atque
983 3289 1038 3342 in
1073 3289 1173 3342 bac
1213 3296 1487 3358 postrema
1519 3301 1666 3340 nunc
1692 3303 1992 3344 versamur.

628 3376 715 3429 9'2.
756 3375 1026 3432 Debemus
1069 3375 1273 3445 itaque,
1313 3382 1600 3444 postquam
1636 3374 1702 3428 ad
1733 3391 1919 3431 verum
1955 3393 2124 3447 spon-

468 3491 471 3493 -
557 3481 680 3520 sum
717 3466 1075 3527 accessimus,
1109 3465 1391 3520 decentius
1429 3465 1634 3519 ornari.
1667 3467 1746 3521 Ad
1783 3475 2025 3523 nostram
2055 3470 2126 3523 sit

556 3557 968 3612 aadiflcationem
1017 3557 1328 3626 nuptiarum
1381 3555 1544 3625 hujus
1599 3557 1782 3612 saeculi
1844 3569 2128 3628 spectacu-

560 3635 692 3702 lum.
734 3647 869 3702 Nam
911 3647 955 3703 si
987 3648 1178 3718 puellae
1206 3647 1325 3702 viro
1357 3648 1666 3717 conjunctae
1692 3649 1784 3718 qui
1812 3649 2026 3704 illarum
2055 3651 2129 3704 fa-

559 3742 664 3797 cile
713 3742 896 3813 specie
926 3741 1048 3812 capi
1094 3741 1289 3811 possit,
1324 3746 1532 3795 tantam
1574 3741 1925 3797 nihilominus
1974 3743 2132 3798 adhi-

561 3833 692 3888 bent
721 3848 930 3896 curam,
965 3832 1019 3887 in
1049 3832 1278 3896 balneis,
1314 3833 1608 3903 unguentis
1627 3871 1642 3896 ,
1673 3833 2008 3904 reliquisque
2035 3850 2132 3889 va-

561 3927 627 3979 rii
654 3926 869 3996 generis
897 3925 1183 3980 ornatibus
1207 3963 1223 3988 ,
1255 3924 1382 3994 quia
1415 3925 1502 3980 his
1530 3939 1590 3980 se
1620 3926 1962 3982 venustiores
1983 3941 2132 3980 ama—

560 4015 890 4086 bilioresque
923 4013 1037 4069 fore
1067 4021 1294 4084 putant;
1351 4015 1398 4070 si
1427 4022 1574 4069 tanta
1624 4018 1692 4074 iis
1739 4031 1862 4089 quae
1887 4017 2132 4086 corporis

560 4108 732 4160 cultui
787 4107 983 4162 deditae
1032 4115 1164 4160 sunt
1210 4107 1352 4161 inest
1400 4109 1785 4164 ostentationis
1817 4110 2129 4179 cupiditas:

563 4198 772 4260 quanto
823 4192 996 4262 magis
1025 4190 1183 4246 decet
1202 4207 1304 4247 nos
1334 4191 1544 4248 caelesti
1578 4190 1792 4262 Sponso
1824 4194 2131 4264 desponsa-

564 4289 672 4343 tas.
705 4297 800 4336 eas
844 4296 1193 4351 exsuperare,
1253 4288 1417 4351 atque
1443 4282 1714 4339 laboriosa
1746 4284 2135 4339 exercitatione

566 4371 785 4426 abluere
813 4370 1001 4430 sordes
1031 4377 1398 4439 peccatorum,
1427 4371 1850 4440 indumentaque
1878 4386 2133 4440 corpora-

2217 537 2353 609 μεθα
2393 539 2466 600 ὡς
2509 534 2771 589 ἐνταῦθα·
2804 533 3036 605 καὶγὰρ
3068 533 3160 586 τοῦ
3205 533 3433 604 ἡλιακοῦ
3477 533 3659 599 φωτὸς
3695 535 3780 584 καὶ

2215 629 2394 698 πάσης
2419 627 2596 696 αὐγῆς
2627 627 2782 690 ἐκτὸς
2819 627 3166 697 ὑπήρχομεν·
3204 625 3398 696 ὥσπερ
3435 621 3534 678 οὖν
3567 626 3780 677 ἑνὲκεί-

2214 735 2324 781 νοις
2350 721 2463 781 τοῖς
2499 717 2765 788 ταμιείοις
2792 712 2968 778 οὖσαι,
3005 716 3212 770 πολλῶν
3244 715 3351 769 τῶν
3385 715 3628 768 ἐνταῦθα
3653 715 3780 768 ἑλει-

2216 809 2429 880 πόμεθα
2452 826 2465 838 ·
2500 808 2674 872 οὕτως
2726 811 2820 862 καὶ
2867 811 2925 862 ὲν
2953 808 3031 879 τῷ
3067 807 3161 862 νῦν
3203 809 3395 878 κόσμῳ
3429 808 3778 860 πλεονεκτού-

2219 901 2357 972 μεθα
2401 900 2538 972 πρὸς
2587 901 2686 972 τὴν
2715 899 2821 953 τῶν
2863 898 3105 968 οίιρανῶν
3150 897 3448 968 βασιλείαν.
3492 898 3778 968 Ἐλ.ἀ6ομεν

2217 995 2408 1064 πεῖραν
2434 992 2541 1044 τῶν
2581 990 2814 1044 ἐνταῦθα
2843 990 3078 1061 τροφῶν,
3107 990 3216 1042 τῶν
3255 989 3421 1042 θείων
3449 989 3774 1060 ὀρεχθὼμεν.

2231 1081 2640 1152 Ἀπελαύσαμεν
2681 1081 2773 1134 τοῦ
2801 1080 3034 1134 ἐνταῦθα
3069 1081 3262 1148 φωτὸς,
3287 1080 3378 1133 τὸν
3408 1079 3567 1149 ἣλιον
3592 1082 3686 1148 τῆς
3707 1080 3780 1132 διο

2217 1174 2506 1244 καιοσύνης
2527 1174 2869 1245 ποθήσωμεν.
2902 1174 3011 1246 Τὴν
3039 1174 3150 1227 ἀνω
3187 1173 3550 1244 Ἰερουσαλὴμ
3579 1173 3781 1242 ἡγησώ-

2220 1264 2358 1334 μεθα
2387 1264 2592 1316 ἑαυτῶν
2621 1263 2774 1317 πόλιν
2818 1280 2877 1315 τε
2927 1263 3019 1315 καὶ
3063 1264 3306 1334 μητέραο
3351 1264 3576 1334 πατέρα
3621 1262 3780 1315 διττὸν

2214 1356 2346 1408 Θεὸν
2380 1355 2694 1424 καλέσωμεν
2735 1352 2962 1406 ἑαυτῶν.
3013 1356 3272 1424 Ζήσωμεν
3311 1352 3560 1406 ἐνταῦθα
3585 1355 3783 1423 σωφρό-

2216 1463 2340 1509 νως,
2368 1446 2456 1500 ἵνα
2485 1445 2584 1516 τῆς
2613 1444 2830 1498 αἰωνίου
2856 1444 2969 1515 ζωῆ
2991 1464 2997 1470 ν
3019 1445 3291 1515 τύχωμεν.

2285 1621 2370 1675 9L
2407 1620 2614 1691 Ὥσπερ
2642 1617 2750 1689 γὰρ
2778 1616 2847 1670 τὰ
2881 1619 2938 1671 ὲν
2974 1619 3153 1689 μήτρᾳ
3189 1617 3389 1687 βρέφη,
3435 1617 3790 1670 τελειωῗέντα

2216 1713 2275 1778 ἐξ
2295 1712 2571 1775 ἐλάττονος
2590 1712 2796 1781 τροφῆς
2819 1726 2878 1762 τε
2905 1711 2999 1762 καὶ
3029 1709 3189 1778 ζωῆς,
3206 1709 3292 1762 διὰ
3317 1707 3516 1760 τούτου
3545 1709 3644 1760 καὶ
3664 1709 3787 1778 πρὸς

2146 1797 2186 1851 Β
2214 1804 2312 1875 τὴν
2341 1801 2560 1874 μείζονα
2589 1800 2842 1873 φέρονται
2872 1799 3142 1870 σωτηρίαν
3162 1815 3175 1826 ·
3199 1797 3372 1858 οὕτως
3396 1797 3499 1850 καὶ
3526 1799 3578 1850 οξ
3602 1798 3789 1850 δίκαιοι

2216 1899 2280 1950 ὲκ
2313 1897 2412 1967 τῆς
2439 1893 2532 1948 τοῦ
2564 1893 2768 1964 κόσμου
2807 1891 3081 1961 διαγωγῆς
3117 1890 3251 1961 πρὸς
3286 1889 3386 1960 τὴν
3422 1891 3542 1944 ἀνω
3575 1891 3790 1960 πορείαν

2217 1984 2556 2057 ἀναχωροῦσι
2598 1984 2739 2037 κατά
2778 1984 2838 2036 τὸ
2885 1983 3294 2054 γεγραμμένων
3342 1982 3442 2033 Ἐκ
3489 1980 3790 2049 δυνάμεως

2215 2081 2302 2144 εις
2349 2077 2624 2146 δύναμιν.
2671 2077 2740 2128 Οἵ
2783 2093 2844 2144 γε
2889 2075 3234 2146 ἁμαρτωλοὶ,
3290 2073 3493 2145 ὥσπερ
3543 2075 3618 2126 τὰ
3664 2075 3790 2127 κατὰ

2216 2168 2455 2240 γαστρὸς
2481 2167 2692 2238 ἔμϐρυα
2717 2168 2775 2219 ὲν
2811 2169 2876 2237 τῇ
2911 2168 3090 2237 μήτρᾳ
3124 2165 3556 2237 τελευτήσαντα.
3587 2171 3652 2220 ὲκ
3683 2170 3792 2221 σκό-

2217 2279 2342 2325 τους
2401 2261 2575 2314 τκύτει
2629 2259 3026 2330 παραδίδονται.
3062 2260 3167 2310 Καὶ
3207 2258 3316 2329 γὰρ
3364 2260 3424 2310 ἐν
3475 2263 3546 2330 τῇ
3590 2263 3664 2331 τῇ
3715 2277 3789 2312 νε-

2219 2351 2473 2422 κροῦνται
2506 2349 2583 2420 τῷ
2615 2349 2809 2420 πλήθει
2841 2349 2946 2402 τῶν
2989 2349 3402 2420 ἁμαρτημάτων
3442 2351 3788 2421 κεκαλυμμέο

2218 2460 2330 2495 νοι·
2368 2442 2461 2494 καὶ
2491 2440 2826 2511 ἀπαχθέντες
2867 2440 2923 2492 δὲ
2964 2440 3056 2492 τοῦ
3096 2440 3231 2509 βίου,
3267 2442 3349 2504 εἰς
3393 2440 3671 2510 ζοφώδεις
3712 2446 3789 2495 καὶ

2218 2533 2584 2606 ταρταρὼδεις
2623 2533 2818 2596 τόπους
2872 2533 3283 2603 καταφέρονται.
3333 2533 3542 2602 Τρίτον
3585 2534 3665 2603 τῷ
3707 2534 3788 2603 βίῳ

2219 2625 2512 2696 τικτόμεθα
2531 2642 2543 2654 ο
2574 2619 2646 2677 ὦν
2672 2626 2704 2694 ἡ
2733 2625 2828 2694 μὲν
2858 2623 3046 2694 πρώτη
3075 2625 3218 2676 ἐστὶν
3241 2627 3272 2693 ἡ
3297 2625 3366 2677 ἐκ
3386 2625 3507 2676 τῶν
3535 2624 3788 2697 μητρῴων

2223 2717 2434 2770 κόλπων
2469 2716 2722 2788 πρόοδος,
2771 2714 3006 2785 ὁπηνίκα
3060 2716 3139 2776 εἰς
3182 2715 3284 2784 γῆν
3335 2716 3698 2787 ἀπαγώμεθα
3737 2720 3789 2769 ὲκ

2222 2810 2325 2878 γῆς
2345 2826 2357 2838 ·
2383 2811 2438 2861 αἱ
2466 2809 2523 2862 δὲ.
2551 2808 2733 2861 λοιπαὶ
2760 2807 2852 2859 δύο
2899 2809 2963 2860 ὲκ
3000 2809 3103 2876 γῆς
3132 2807 3278 2876 ἡμᾶς
3304 2809 3387 2870 εἰς
3414 2809 3695 2878 οὐρανοὺς
3715 2812 3789 2862 αν-

2223 2901 2478 2970 άγουσιν·
2507 2894 2581 2953 ὧν
2614 2902 2648 2971 ἡ
2689 2899 2787 2969 μὲν
2821 2897 2919 2968 μία
2960 2899 3106 2952 ἐστὶν
3141 2901 3205 2951 ὲκ
3234 2900 3483 2970 χάριτος,
3519 2903 3554 2971 ἡ
3589 2901 3678 2954 ὃιὲ
3707 2903 3784 2956 τοῦ

2225 2993 2370 3046 θείου
2411 2990 2634 3063 λουτροῦ
2677 2995 2805 3063 ἡμῖν
2839 2991 3244 3065 προσερχομένη
3267 3010 3278 3020 ·
3307 2992 3405 3045 καὶ
3439 2993 3560 3063 γάρ
3607 2993 3788 3063 ταύτην

2226 3082 2440 3153 ἀληθῶς
2463 3080 2875 3150 παλιγγενεσίαν
2914 3081 3183 3152 καλοῦμεν
3202 3098 3216 3111 ο
3247 3084 3280 3152 ἡ
3312 3082 3371 3134 δὲ
3406 3083 3578 3154 τρίτη
3614 3086 3680 3136 ἐκ
3709 3086 3791 3153 τῆς

2228 3174 2514 3244 μετανοίας
2539 3175 2668 3244 ἡμῖν
2705 3173 2796 3226 καὶ
2827 3172 2933 3226 τῶν
2960 3173 3177 3241 ἀγαθῶν
3207 3174 3384 3227 πόνων
3418 3177 3790 3246 προσγίνεται.

2240 3267 2327 3318 Ἐν
2351 3265 2520 3336 ταύτῃ
2546 3267 2639 3319 νῦν
2669 3267 2830 3335 ἡμεῖς
2855 3266 3187 3337 ἑστήκαμεν.

2297 3357 2389 3414 92.
2431 3355 2746 3427 Ὀφείλομεν
2771 3355 2886 3420 νῦν,
2919 3355 2997 3426 τῷ
3029 3354 3264 3427 ἀληθινῷ
3302 3357 3532 3426 νυμφίῳ
3574 3354 3792 3425 1:905:1-

2231 3447 2439 3511 θοῦσαι,
2493 3446 2928 3518 εὐπρεπέστερον
2980 3445 3339 3517 κοσμηθῆναι.
3406 3446 3444 3496 Γ
3451 3446 3654 3498 ινέσθω
3673 3449 3794 3516 ἡμῖν

2226 3541 2480 3612 οἰκοδομὴ
2513 3538 2664 3610 ήθέα
2694 3537 2788 3590 τοῦ
2812 3536 3073 3608 κοσμικοῦ
3106 3537 3306 3607 γάμου.
3341 3537 3407 3589 Εἰ
3430 3537 3549 3610 γὰρ
3574 3540 3792 3599 ἐκεῖναι,

2231 3633 2365 3705 πρὸς
2404 3631 2493 3686 τὸν
2537 3630 2802 3684 εὐάλωτον
2853 3628 3247 3700 συναπτόμεναι
3285 3629 3478 3702 ἄνδρα,
3536 3632 3797 3699 tor:an

2231 3723 2465 3776 τίθενται
2495 3720 2727 3791 σπουδὴν
2749 3719 2987 3789 λουτρῶν
3034 3737 3093 3773 τε
3126 3720 3221 3774 καὶ
3266 3721 3675 3791 μυραλοιφιῶν,
3713 3724 3800 3776 καὶ

2231 3813 2477 3885 ποικίλης
2504 3811 2824 3883 κοσμήσεως
2860 3810 2946 3880 (ὲκ
2966 3809 3074 3880 γὰρ
3092 3809 3295 3863 τούτων
3317 3809 3576 3864 δοκοῦσιν
3606 3811 3799 3872 ὲαπάς

2231 3905 2526 3974 ἐρασμίους
2568 3903 2766 3975 μᾶλλον
2817 3900 3302 3972 παρασκευάζειν),
3337 3903 3436 3955 καὶ
3482 3905 3537 3956 εί
3566 3903 3796 3969 τοσαύτη

2230 3998 2342 4057 τοῖς
2374 3995 2515 4048 κατά
2555 3994 2615 4046 τὸ
2658 3993 2816 4062 σῶμα
2863 3994 3294 4061 πολιτευομενοις
3331 3991 3605 4060 φαντασία
3655 3990 3797 4041 ἐντέ-

2231 4100 2449 4138 τεκταιο
2487 4084 2637 4154 πόσῳ
2667 4083 2862 4153 μᾶλλον
2893 4082 3011 4135 δέον
3041 4083 3185 4152 ἡμᾶς
3213 4081 3558 4151 ἐπαναϐῆναι
3591 4081 3798 4142 ὲκείνας

2232 4178 2299 4247 τῇ
2332 4174 2542 4246 γνώμῃ,
2581 4175 2657 4246 τῷ
2689 4173 2922 4244 οὐρανίῳ
2961 4174 3177 4244 νυμφίῳ
3214 4173 3666 4244 μνηστευθείσας,
3709 4173 3795 4224 καὶ

2234 4265 2630 4320 ἀπολοὺσασθαι
2664 4266 2760 4337 μὲν
2792 4271 2899 4320 τῶν
2937 4263 3220 4337 ἁμαρτιῶν
3260 4263 3350 4317 τὸν
3385 4264 3564 4335 ῥύπον
3592 4268 3660 4335 τῇ
3689 4266 3799 4316 ἑπι-

2238 4359 2382 4428 πόνῳ
2411 4357 2672 4427 ἀσκήσει,
2722 4355 3170 4422 ἀντικαταλλάξαι
3207 4355 3264 4407 δὲ
3308 4353 3418 4406 τῶν
3471 4353 3798 4425 σωματικῶν

565 4462 637 4516 lia
669 4466 1006 4516 commutare
1035 4477 1158 4516 cum
1189 4461 1582 4530 spiritualibus.
1637 4460 1848 4530 Corpus
1894 4462 1996 4516 illae
2027 4470 2125 4516 ter-

2241 4449 2552 4521 ἐνδυμάτων
2596 4448 2665 4502 τὰ
2708 4447 3072 4518 πνευματικά.
3115 4448 3348 4500 Ἐκεῖναι
3377 4446 3439 4498 τὸ
3475 4446 3643 4516 σῶμα
3697 4448 3800 4507 toi;

566 4550 716 4606 renis
751 4551 1213 4621 smeularibusque
1247 4548 1475 4605 floribus
1512 4557 1782 4605 exornant
1819 4569 1831 4604 :
1862 4566 1964 4605 nos
2019 4551 2136 4604 ani-

565 4657 711 4696 mam
755 4641 1048 4697 virtutibus
1096 4641 1489 4697 concinnemus
1542 4641 1891 4711 lapidumque
1935 4643 2137 4712 pretio—

566 4749 753 4789 sorum
799 4733 921 4788 loco
957 4735 1122 4805 capiti
1161 4734 1645 4803 circumponamus
1671 4733 1943 4804 triplicem
1973 4749 2136 4789 coro-

568 4842 716 4893 nam,
765 4823 946 4890 fidem,
994 4841 1143 4897 spem
1197 4835 1253 4882 et
1308 4825 1651 4883 charitatem.
1701 4827 1913 4882 Collum
1957 4835 2136 4882 autem

572 4919 808 4988 pretioso
869 4919 1058 4974 monili
1116 4918 1522 4974 circumdemus
1583 4919 1924 4984 humilitate;
1988 4934 2138 4973 zonae

572 5010 714 5070 loco,
749 5008 1102 5071 temperantia
1145 5008 1468 5079 cingamur;
1511 5009 1831 5080 magnificus
1877 5011 1948 5063 sit
1980 5009 2138 5062 nobis

572 5101 862 5154 linteorum
917 5099 1170 5166 amictus,
1205 5107 1509 5170 spontanea
1545 5108 1836 5170 paupertas
1866 5116 1880 5165 ;
1917 5101 1970 5154 in
2025 5114 2138 5153 cu:-

573 5203 698 5242 nam
745 5199 1088 5260 apponantur
1117 5206 1238 5261 quae
1290 5207 1399 5245 non
1430 5199 1856 5262 corrumpuntur
1884 5191 2135 5254 obsonia,

572 5297 762 5352 preces
789 5293 842 5338 et
871 5285 1086 5355 psalmi.
1115 5282 1338 5350 Verum,
1369 5291 1430 5337 ut
1469 5284 1545 5337 ait
1574 5282 1864 5354 Apostolus
1887 5323 1903 5348 ,
1951 5300 2020 5338 ne
2049 5299 2140 5337 so-

575 5375 685 5429 lum
733 5376 967 5446 linguam
1020 5391 1257 5436 moveas,
1308 5373 1402 5430 sed
1448 5374 1610 5429 etiam
1659 5375 1851 5445 spiritu
1903 5371 2138 5440 intellige

653 5574 696 5603 ⁵ο
737 5571 880 5629 Psal.
918 5590 1123 5628 num
1150 5617 1162 5639 ,
1199 5574 1248 5628 8.

653 5751 762 5820 (95)
803 5753 985 5808 SLIN”.
1013 5757 1064 5820 5,
1099 5756 1164 5809 ad
1197 5753 1346 5821 grad.
1382 5769 1450 5807 vn
1501 5749 1747 5806 Climaci.

2237 4545 2518 4614 κοσμικοῖς
2552 4543 2646 4596 καὶ
2670 4542 2879 4612 γηῖνοις
2908 4539 3091 4593 ἀνθεσι
3135 4537 3461 4609 κοσμοῦοιν·
3501 4540 3672 4608 ἡμεῖς
3711 4539 3801 4608 τὴν

2234 4633 2410 4704 ψυχὴν
2432 4636 2550 4695 ταῖς
2571 4633 2786 4703 ἀρεταῖς
2815 4630 3189 4702 φαιδρύνωμεν
3208 4645 3221 4659 ⁸
3259 4629 3352 4682 καὶ
3371 4628 3490 4681 ἀντὶ
3521 4629 3624 4698 μὲν
3645 4627 3802 4680 λίθων

2237 4724 2543 4781 πολυτελῶν
2571 4727 2635 4796 τῇ
2669 4725 2878 4794 κεφαλῇ
2911 4722 3218 4794 περιθῶμεν
3249 4720 3340 4774 τὸν
3362 4719 3658 4790 τρίπλοκον
3694 4719 3804 4770 στὲο

2239 4834 2425 4886 φανον,
2458 4816 2669 4878 πίστιν,
2709 4813 2900 4868 ἐλπίδα
2929 4813 3023 4867 καὶ
3061 4811 3277 4880 ἀγάπην
3301 4824 3312 4836 ·
3343 4807 3419 4879 τῷ
3449 4807 3506 4859 δὲ
3548 4806 3804 4878 τραχήὶῳ

2237 4909 2335 4979 τὴν
2380 4907 2566 4977 τιμίαν
2635 4907 2905 4975 κόσμησιν
2982 4901 3330 4976 περιθῶμεν,
3378 4899 3480 4968 τὴν
3549 4913 3801 4948 ταπεινο-

2238 4997 2511 5068 φροσύνην
2531 5013 2544 5026 ⁸
2577 4995 2699 5050 ἀντὶ
2730 4995 2787 5048 δὲ
2819 4994 2993 5065 ζώνης
3035 4993 3134 5063 τὴν
3181 4986 3535 5060 σωφροσύνην
3570 4987 3805 5056 περιζω-

2239 5088 2491 5159 σώμεθαο
2527 5087 2754 5159 λαμπρὰ
2802 5086 2860 5140 δὲ
2885 5089 3016 5156 ἡμῖν
3063 5080 3320 5155 περιὸολὴ
3363 5081 3398 5150 ἡ
3446 5077 3800 5149 ἀκτημοσύνη

2237 5179 2467 5247 γινέσθω
2484 5196 2497 5209 ·
2527 5179 2884 5251 προσαγέσθω
2903 5179 2958 5230 δὲ
2975 5177 3050 5248 τῷ
3071 5176 3267 5244 δείπνῳ
3282 5173 3350 5226 τὰ
3374 5172 3448 5244 μὴ
3472 5171 3802 5243 φθειρόμενα

2237 5271 2343 5340 ὄψα
2363 5310 2378 5335 ,
2423 5271 2578 5343 εὐχαί
2625 5289 2683 5324 τε
2734 5271 2829 5325 καὶ
2860 5269 3082 5340 ψαλμοί.
3117 5266 3254 5322 Ἀλλ’
3285 5264 3361 5328 ὡς
3405 5265 3434 5316 ὁ
3484 5260 3802 5321 Ἀπόστολὰ

2242 5379 2394 5434 φησι,
2449 5363 2522 5435 μὴ
2569 5364 2726 5434 μόνον
2780 5363 2875 5434 τὴν
2917 5361 3159 5430 γλῶτταν
3198 5356 3364 5411 κίνειο
3413 5355 3553 5410 ἀλλά
3599 5370 3663 5422 γε
3712 5353 3804 5405 καὶ
