3980 6502
177 411 318 487 "2:5

1287 422 1442 486 VITA
1484 431 1776 487 SANCTIE
1820 425 2300 488 SYNCLETICIE.

3281 424 3416 488 ista

172 553 255 626 τῷ
280 547 551 625 πνεύματι
579 555 688 608 νόει
717 556 784 608 τά
812 555 1096 626 λεγόμενα.
1125 555 1391 618 Πολλάκις
1415 556 1522 628 γάρ
1547 555 1609 608 τὸ
1638 555 1738 626 μὲν

1861 569 1961 624 [uae
2004 555 2280 609 dicuntur.
2343 554 2495 624 Saepe
2543 561 2779 624 ttaque
2811 551 3076 622 contingit
3127 559 3184 605 ut
3220 565 3283 604 os
3313 552 3418 605 alia

176 645 354 716 στόμα
375 645 693 715 φθέγγεται,
723 648 756 717 ἡ
783 646 838 698 δὲ
863 646 1058 717 καρδία
1090 646 1218 718 περὶ
1253 646 1545 715 λογισμοὺς
1577 646 1744 715 ἀσχο-

173 741 368 795 λεῖται.
399 739 692 812 Προσέχειν
714 739 768 792 δὲ
797 740 896 799 δεῖ.
919 740 1013 811 μὴ,
1037 742 1147 802 τοῖς
1173 738 1334 802 θείοις
1355 739 1551 810 γάμοις
1573 755 1742 810 προσ-

173 832 448 895 ελθοῦσαι,
466 832 656 885 πενίαν
677 831 992 901 λαμπάδων,
1021 830 1296 884 τουτέστιν
1320 831 1554 902 ἀρετῶν,
1585 830 1744 900 νοσή-

175 940 384 994 σωμεν.
417 925 652 994 Μισήσει
678 923 784 994 γάρ
809 925 954 994 ἡμᾶς
989 925 1017 976 6
1053 921 1317 993 μνηστήρ,
1345 923 1436 975 καὶ
1477 921 1586 974 οὐδ’
1607 921 1744 981 ὅλως

172 1015 552 1088 προσδέξεται,
594 1015 687 1069 ὲάν
721 1014 793 1086 μὴ
835 1016 932 1078 τάς
964 1015 1282 1085 ὑποσχέσεις
1311 1015 1471 1088 λάϐῃ.
1503 1015 1658 1078 Τίνες
1687 1013 1743 1066 δέ

169 1107 314 1159 εἰσιν
343 1099 533 1170 aiant;
565 1105 659 1158 τοῦ
689 1105 788 1175 μὲν
830 1103 1078 1174 σώματος
1104 1105 1252 1176 ἥττω
1293 1103 1622 1176 φροντίζειν,
1653 1105 1745 1157 ἐπὶ

172 1200 349 1252 πλείω
391 1199 449 1252 δὲ
503 1198 602 1269 τὴν
647 1198 824 1267 ψυχὴν
852 1197 1129 1269 ἀρδεύειν·
1168 1191 1325 1252 αὗται
1369 1198 1477 1269 γάρ
1510 1199 1647 1249 εἰσιν
1686 1197 1741 1248 αἱ

170 1291 315 1362 πρὸς
350 1289 512 1343 αὐτὸν
550 1289 832 1360 συνθῆκαι.

245 1384 334 1438 95.
370 1383 576 1452 Ὥσπερ
604 1382 660 1434 δὲ
701 1382 801 1435 οὐκ
849 1383 1081 1452 ἐγχωρεῖ
1123 1379 1218 1434 δύο
1269 1379 1462 1443 κάδους
1515 1378 1656 1432 κατά
1683 1379 1744 1430 τὸ

169 1476 311 1530 αὐτὸ
355 1477 575 1544 ἀνάγειν
613 1474 1072 1546 πεπληρωμένους
1115 1473 1334 1536 ὓδατος·
1385 1471 1473 1526 διὰ
1513 1473 1620 1543 γάρ
1649 1471 1740 1524 τοῦ

172 1567 557 1640 στρεφομένου
591 1566 794 1632 ἀξωνος
815 1607 830 1630 ,
855 1564 884 1616 6
918 1565 1014 1636 μὲν
1042 1560 1122 1628 εἷς
1142 1565 1343 1634 κοῦφος
1371 1564 1688 1632 κατάγεται,
1716 1565 1745 1616 6

168 1657 230 1709 δὲ
282 1658 470 1728 ἕτερος
535 1656 729 1726 μεστὸς
771 1656 1053 1724 ἀνάγεται·
1089 1655 1258 1718 οὕτως
1309 1654 1402 1708 καὶ
1449 1655 1534 1723 ἐφ’
1585 1652 1745 1724 ἡμῶν

170 1751 359 1801 ἐστιν·
421 1749 548 1801 ὅταν
580 1748 688 1817 γὰρ
732 1747 832 1818 τὴν
875 1749 1056 1800 πᾶσαν
1121 1746 1448 1817 κηδεμονίαν
1486 1747 1550 1815 τῇ
1597 1745 1742 1814 ψυχῇ

171 1841 578 1914 προσοίσωμεν,
608 1838 958 1911 πληρωθεῖσα
987 1838 1095 1891 τῶν
1127 1837 1309 1892 καλῶν
1332 1837 1612 1905 ἀνάγεται,
1636 1837 1745 1889 τῶν

173 1933 491 2004 μεταρσίων
541 1931 823 2002 ἐφιεμένη.
877 1931 949 1982 Τὸ
987 1929 1044 1983 δὲ
1081 1930 1240 2000 σῶμα
1296 1929 1474 2000 ἡμῶν,
1513 1929 1602 1983 διὰ
1644 1929 1745 1998 τῆς
1775 1915 1818 1970 Β

168 2024 462 2094 ἀσκήσεως
496 2021 696 2091 κοῦφον
733 2020 1042 2092 γενόμενον,
1086 2021 1149 2074 οὐ
1179 2021 1349 2093 βρίθει
1398 2020 1496 2091 τὴν
1544 2023 1745 2092 ἡγεμο-

170 2115 376 2169 νοῦσαν
403 2115 653 2185 δύναμιν.
703 2115 813 2168 Καὶ
853 2113 1042 2167 τούτου
1089 2115 1297 2184 μάρτυς
1329 2115 1359 2166 6
1405 2113 1743 2177 Ἀπόστολος,

172 2205 316 2274 φησὶ
357 2205 465 2275 γάρ
484 2222 497 2232 ·
526 2205 717 2257 Ὅσον
751 2207 782 2257 ό
805 2203 1027 2267 ἔξωθεν
1048 2203 1216 2272 ἡμῶν
1250 2201 1558 2272 ἅνθρωπος
1589 2204 1747 2271 φθεί-

162 2313 362 2366 ρεται,
392 2295 685 2350 τοσοῦτον
710 2299 742 2349 ό
759 2295 938 2350 ἔνδον
966 2294 1410 2350 ἀνακαινοῦται.

249 2385 340 2439 94.
387 2384 474 2437 Ἐὐ
502 2387 634 2455 μονῇ
671 2384 932 2436 κοινοϋίου
948 2383 1269 2454 τυγχάνεις;
1307 2383 1380 2455 μὴ
1417 2383 1749 2454 μεταλλάξῃς

168 2479 269 2532 τὸν
287 2478 485 2531 τόπον·
519 2476 759 2548 βλαὸήσῃ
777 2477 884 2547 γὰρ
909 2475 1177 2546 μεγάλως·
1213 2477 1420 2550 Ὥσπερ
1443 2476 1550 2544 γὰρ
1579 2477 1746 2548 ὅρνις.

170 2567 575 2638 έξανισταμένη
600 2567 708 2620 τῶν
729 2565 874 2628 ὠῶν,
893 2564 1051 2637 οὔρια
1071 2565 1241 2618 ταῦτα
1267 2567 1354 2618 καὶ
1381 2565 1547 2632 ἄγονα
1573 2581 1752 2636 παρα-

174 2658 466 2722 σκευάζει·
551 2655 722 2719 οὐτως
791 2655 1054 2728 παρθένος
1103 2656 1137 2726 ἢ
1175 2655 1401 2726 μοναχδς
1451 2654 1749 2725 ψυχροῦται

174 2752 276 2804 καὶ
338 2749 620 2821 νεκροῦται
657 2749 757 2819 τῆς
816 2749 1068 2813 πίστεως,
1103 2749 1263 2802 τόπον
1289 2749 1353 2801 ἐκ
1379 2748 1544 2801 τόπου
1583 2765 1749 2819 μετα-

173 2844 402 2898 ϐαίνων-

249 2930 344 2984 95.
371 2930 460 3000 Μή
499 2946 558 2982 σε
582 2929 806 3001 δελεάσῃ
862 2933 890 3000 ἡ
916 2930 1022 2983 τῶν
1055 2932 1197 2986 κατά
1228 2932 1317 2984 τὸν
1351 2931 1552 3002 κόσμον
1589 2935 1751 2985 πλου-

175 3021 317 3073 σίων
340 3021 538 3091 τρυφὴ,
571 3020 645 3085 ῶς
668 3039 720 3074 τι
761 3025 1024 3094 χρήσιμον
1054 3022 1270 3093 ἔχουσα.
1313 3023 1531 3093 Ἡδονῆς
1568 3024 1752 3078 ἕνεκεν

171 3113 281 3183 τὴν
315 3113 678 3185 ὀψαρτυτικὴν
711 3114 911 3184 τιμῶσι
949 3115 1144 3185 τέχνην
1170 3132 1183 3145 ·
1210 3115 1432 3187 νηστείᾳ
1471 3116 1564 3168 καὶ
1591 3114 1751 3176 αὐτὸς

171 3204 271 3258 διά
303 3204 411 3258 τῶν
469 3206 699 3259 εὐτελῶν
729 3207 823 3276 τὴν
852 3207 1074 3260 ἐκείνων
1111 3208 1370 3280 εὐπορίαν
1399 3207 1509 3261 τῶν
1538 3207 1752 3279 τροφῶν

177 3298 544 3370 ὐπερδάλλου.
595 3300 733 3370 Φησὶ
753 3299 880 3370 γὰρ,
950 3299 1025 3362 ὡς
1051 3297 1248 3367 Ψυχὴ,
1301 3299 1370 3352 ἐν
1427 3295 1750 3366 πλησμονῇ

174 3385 362 3454 οὖσα,
405 3391 630 3457 κηρίοις
677 3390 954 3459 ἐμπαίζει.
1003 3390 1094 3460 Μὴ
1143 3389 1406 3463 κορεσθῖκ
1433 3389 1620 3461 ἄρτου,
1663 3390 1755 3442 καί

175 3485 286 3537 οὐκ
314 3485 672 3555 ἐπιθυμήσεις
694 3483 857 3536 οἴνου.

255 3574 346 3629 96.
370 3575 508 3645 Τρία
541 3577 655 3628 ἐστὶ
682 3575 775 3628 τοῦ
824 3574 1016 3647 ἐχθροῦ
1044 3575 1110 3628 τά
1140 3574 1330 3646 πρῶτα
1370 3573 1661 3643 κεφάλαια,
1697 3573 1756 3640 ἐξ

174 3662 258 3721 ὧν
297 3669 445 3720 πᾶσα
481 3667 645 3720 κακία
695 3668 1023 3734 κατάγεται·
1057 3665 1336 3737 ἐπιθυμία,
1371 3665 1551 3736 ἡδονὴ,
1587 3665 1753 3737 λύπη.

183 3761 287 3812 ’Ἑν
309 3757 369 3822 ἐξ
427 3758 545 3822 ένὸς
585 3757 756 3810 ταῦτα
807 3759 1057 3828 1ἤρτηται,
1093 3757 1189 3810 καὶ
1223 3757 1281 3809 ἒν
1315 3759 1394 3810 ένὶ
1440 3756 1754 3810 ἀκολουθεῖ·

177 3851 278 3902 καὶ
311 3848 504 3918 ἡδονῆς
530 3849 625 3919 μὲν
643 3848 912 3919 κρατῆσαι
941 3849 1162 3902 δυνατὸν
1189 3849 1440 3920 μετρίως,
1466 3848 1758 3919 ἐπιθυμίας

174 3942 240 3994 δὲ
264 3941 540 3994 ἀδύνατον.
572 3942 644 3994 Τὸ
675 3943 770 4011 μὲν
798 3941 904 4014 γὰρ
927 3941 1027 4010 τῆς
1061 3941 1249 4012 ἡδονῆς
1281 3941 1368 3994 διὰ
1394 3941 1486 3995 τοῦ
1510 3941 1757 4012 σώματος

175 4033 457 4087 τελεῖται·
497 4035 557 4086 τὸ
588 4034 644 4086 δὲ
677 4034 784 4086 ἀπὸ
837 4034 1014 4103 ψυχῆς
1049 4033 1310 4102 ἄρχεται·
1356 4034 1388 4103 ὴ
1418 4033 1473 4086 δὲ
1505 4032 1650 4103 λύπη
1695 4035 1758 4086 ἐκ

176 4128 295 4181 τῶν
319 4127 637 4198 ἀμφοτέρων
657 4125 1137 4189 κατασκευάζεται.
1173 4125 1264 4196 Μὴ
1291 4130 1647 4198 συγχωρήσῃς
1667 4121 1757 4178 οὖν

177 4221 286 4290 τὴν
316 4219 607 4290 ἐπιθυμίαν
658 4219 964 4289 ἐνεργῆσαι,
1011 4219 1106 4271 καὶ
1136 4216 1205 4269 τὰ
1254 4216 1414 4270 λοιπά
1459 4216 1761 4270 ἀποσκεδά-

183 4328 324 4374 σεις.
366 4311 428 4362 Εἰ
460 4309 514 4362 δὲ
545 4311 904 4379 συγχωρήσῃς
936 4306 1210 4378 προκύψαι
1233 4306 1294 4358 τὸ
1317 4305 1552 4376 πρῶτον,
1579 4307 1758 4361 διανε-

183 4405 361 4478 mea.
395 4404 528 4474 πρὸς
546 4403 606 4456 τὸ
633 4401 902 4474 δεύτερον,
937 4401 1199 4472 κυκλικὴν
1229 4400 1580 4454 ἀνταπόδοσιν
1603 4401 1760 4470 ποιήά

183 4513 376 4550 σονται
437 4495 570 4564 πρὸς
618 4492 805 4556 έαυτά,
853 4493 947 4546 καὶ
1001 4493 1252 4563 οὐδαμῶς
1301 4493 1646 4564 συγχωρήσει
1689 4495 1757 4562 τῇ

1846 649 2123 718 loquatur,
2174 646 2300 700 dum
2355 661 2452 701 cor
2507 647 2650 702 circa
2704 646 3064 716 cogitationes
3095 652 3414 713 occupatur.

1843 739 2156 794 Cavendum
2185 753 2366 809 porro,
2399 753 2467 793 ne
2496 753 2596 792 nos
2643 754 2764 808 quae
2811 737 3024 792 divinas
3053 736 3267 792 adimus
3323 752 3422 790 nu-

1845 831 2008 900 ptias,
2037 828 2372 898 lampadum,
2407 827 2459 882 id
2495 837 2580 883 est
2628 829 2913 890 virtutum,
2948 827 3175 898 penuria
3206 825 3418 880 labore-

1844 936 1985 976 mus.
2036 920 2292 990 Alioquin
2331 920 2506 974 oderit
2560 933 2662 974 nos
2709 935 2964 988 sponsus,
3004 927 3106 973 n‘ec
3147 917 3420 972 ullatenus

1845 1014 2113 1074 admittet.
2149 1013 2194 1067 si
2248 1027 2356 1067 non
2405 1013 2676 1083 acceperit
2707 1011 2997 1082 promissa.
3035 1010 3294 1076 Quaenam
3328 1011 3417 1064 illa

1845 1104 2018 1159 sunt?
2062 1102 2308 1172 corporis
2366 1104 2630 1172 minorem
2680 1118 2865 1156 curam
2907 1117 3126 1172 gerere,
3181 1101 3417 1155 animam

1845 1204 2024 1249 autem
2064 1195 2270 1264 largius
2307 1171 2531 1265 irrigare
2567 1213 2580 1248 :
2624 1195 2738 1248 haec
2791 1202 2921 1249 sunt
2954 1200 3108 1263 pacta
3150 1204 3276 1247 cum
3324 1191 3421 1244 illo

1843 1287 1995 1341 inita.

1914 1381 2002 1435 95.
2047 1379 2201 1435 Sicut
2232 1389 2411 1436 autem
2457 1395 2617 1434 nemo
2655 1387 2834 1449 potest
2862 1379 3000 1433 duas
3048 1378 3244 1434 situlas
3270 1384 3415 1447 aqua

1844 1476 2034 1543 plenas
2058 1488 2164 1527 una
2201 1473 2429 1529 tollere:
2468 1489 2592 1527 nam
2618 1485 2715 1542 p'er
2744 1483 2896 1526 axem
2929 1471 3023 1540 qui
3045 1471 3290 1536 vertitur,
3315 1471 3422 1523 alia

1845 1578 2014 1619 vacua
2037 1563 2362 1625 demittitur,
2384 1564 2487 1617 alia
2518 1564 2675 1633 plena
2705 1564 2983 1628 elevatur;
3013 1561 3236 1632 perinde
3262 1561 3422 1617 nobis

1844 1657 2128 1726 contingit.
2161 1657 2296 1712 Cum
2321 1657 2482 1728 637
2497 1664 2664 1712 totam
2687 1657 2832 1712 enim
2859 1657 3278 1711 sollicitudinem
3305 1655 3424 1710 ani‘

1845 1763 1946 1801 ma:
1989 1748 2440 1818 impenderimus,
2483 1749 2641 1803 bonis
2693 1746 2892 1804 referta
2945 1747 3193 1802 evehitur
3247 1744 3420 1802 sublia

1846 1839 1953 1892 tnia
2005 1847 2284 1910 appetens.
2330 1841 2542 1911 Corpus
2570 1848 2750 1895 autem
2784 1847 3062 1903 nostrum,
3106 1854 3202 1909 per
3225 1839 3423 1894 duram

1846 1930 2290 1986 exercitationem
2324 1931 2440 1987 leve
2476 1931 2749 1997 ell‘ectum,
2782 1943 2892 1985 non
2919 1930 3175 2000 deprimit
3211 1939 3421 2000 partem

1847 2019 1993 2073 illam
2061 2019 2356 2090 principem
2408 2035 2473 2074 ac
2538 2020 2924 2076 moderantem.
2989 2019 3159 2088 Cujus
3200 2019 3276 2073 rei
3341 2027 3424 2074 tero

1847 2109 1947 2166 stis
1971 2119 2056 2165 est
2100 2109 2391 2181 Apostolus
2439 2111 2628 2167 dicens
2661 2129 2674 2165 :
2709 2112 2918 2178 Quanto
2959 2120 3135 2166 noster
3169 2111 3258 2180 qui
3286 2111 3422 2180 foris

1846 2211 1924 2255 est
1957 2201 2110 2254 homo
2165 2200 2536 2269 corrumpitur,
2581 2211 2724 2254 tanto
2756 2203 2801 2256 is
2843 2201 2933 2272 qui
2978 2201 3119 2254 intus
3160 2209 3239 2255 est
3269 2217 3420 2256 rena-

1847 2303 2000 2347 vatur
2014 2294 2078 2346 ⁸¹.

1919 2386 2008 2440 94.
2047 2385 2157 2458 (94)
2209 2385 2267 2440 In
2302 2386 2634 2442 monasterio
2659 2395 2711 2439 et
2751 2385 3003 2439 cmnobio
3037 2385 3322 2440 versaris?
3347 2395 3424 2440 ne

1851 2479 2150 2534 mutaveris
2186 2480 2387 2534 locum.
2434 2479 2567 2533 Nam
2620 2478 2674 2532 id
2720 2478 2817 2533 tibi
2862 2491 3058 2549 magno
3104 2479 3209 2532 erit
3253 2477 3422 2559 detri-

1851 2578 2054 2624 mento.
2089 2569 2223 2625 Nam
2265 2573 2409 2626 sicut
2438 2571 2557 2626 avis
2589 2585 2701 2634 .ova
2737 2569 3019 2633 deserens,
3059 2577 3222 2623 vento
3253 2580 3426 2638 expo-

1851 2663 1953 2716 sita
1980 2662 2070 2716 illa
2100 2670 2154 2717 et
2187 2662 2480 2718 infecunda
2510 2661 2705 2727 reddit,
2729 2661 2809 2718 sic
2829 2659 2984 2730 virgo
3007 2659 3092 2714 vel
3123 2659 3429 2713 monaclfus‘

1852 2755 2030 2808 locum
2073 2762 2142 2810 ex
2184 2755 2306 2810 loco
2355 2763 2572 2811 mutans
2615 2758 2665 2810 in
2698 2753 2807 2818 fide,
2833 2751 3073 2825 frigescit
3115 2767 3178 2806 ac
3217 2751 3424 2808 exstin-

1852 2847 2055 2917 guitur.

1922 2939 2010 2993 93.
2046 2937 2156 3009 (95)
2191 2935 2268 2994 Ne
2312 2947 2362 2993 te
2417 2939 2692 3008 decipiant
2745 2935 2971 2993 divitum
3020 2940 3184 3010 hujus
3238 2939 3431 2994 saeculi

1852 3030 2079 3096 deliciae,
2111 3031 2266 3102 quasi
2291 3031 2422 3085 utile
2447 3031 2725 3101 quidpiam
2759 3031 3008 3086 habeant.
3038 3030 3425 3102 Coquinaria‘m

1854 3123 1931 3178 illi
1963 3131 2133 3179 artem
2159 3125 2452 3194 voluptatis
2483 3140 2648 3181 causa
2671 3124 2859 3178 colunt
2885 3132 2939 3179 et
2974 3125 3152 3194 magni
3180 3123 3422 3179 faciunt:

1854 3223 1911 3267 tu
1947 3230 2077 3269 vero
2100 3215 2310 3285 jejunio
2349 3216 2708 3285 ciborumque
2749 3216 2952 3270 vilitate
2984 3231 3173 3271 eorum
3213 3217 3427 3288 copiam

1855 3315 2131 3374 superato.
2182 3305 2270 3359 Ait
2311 3307 2454 3362 enim
2491 3327 2503 3361 :
2535 3307 2724 3361 Anima
2751 3324 2866 3378 qua:
2902 3309 2958 3363 in
2988 3311 3270 3364 saturitate
3326 3318 3426 3376 est,

1857 3395 1994 3465 favis
2022 3396 2199 3450 itludit
2227 3397 2294 3488 5".
2316 3396 2394 3452 Nc
2423 3399 2640 3454 satieris
2668 3415 2826 3469 pane,
2871 3409 2923 3454 et
2951 3416 3059 3454 non
3090 3395 3428 3458 desiderabis

1856 3502 2064 3541 \‘lllllm.

1927 3580 2015 3634 96.
2057 3578 2184 3633 Tria
2245 3589 2372 3634 sunt
2423 3581 2596 3650 prima
2643 3581 2850 3636 inimici
2895 3583 3095 3653 capita,
3120 3599 3186 3638 ex
3225 3583 3432 3654 qui'bul

1858 3668 2038 3722 omnis
2065 3668 2272 3721 malitia
2300 3665 2588 3723 deducitur
2612 3689 2624 3724 :
2655 3670 3119 3740 concitpiscentia,
3152 3673 3427 3743 voluptas,

1859 3759 2037 3814 dolor.
2070 3757 2194 3812 llaec
2235 3768 2369 3814 Vero
2397 3775 2563 3814 unum
2598 3775 2665 3816 ex
2706 3763 2814 3817 alio
2847 3764 3108 3832 pendent,
3156 3771 3211 3818 et
3260 3775 3431 3818 unum

1860 3851 2009 3905 aliud
2065 3853 2330 3922 sequitur.
2376 3851 2721 3924 Voluptatem
2781 3854 3134 3921 mediocriter
3173 3856 3430 3911 cohibere

1859 3956 2177 4011 possumus,
2219 3944 2720 4015 concupiscentiam
2773 3959 2880 4001 non
2927 3954 3239 4017 possumus.
3273 3947 3427 4014 Q‘uod

1860 4034 2153 4105 voluptatis
2185 4044 2270 4091 cst
2315 4051 2543 4107 corpore
2577 4037 2894 4108 peragitur;
2929 4037 3075 4108 quod
3104 4047 3236 4093 vero
3274 4041 3428 4108 cupi-

1859 4125 2068 4191 ditatis,
2101 4127 2169 4182 ab
2209 4129 2387 4182 anima
2416 4129 2640 4199 incipit;
2683 4130 2841 4185 dolor
2881 4141 3059 4186 autem
3097 4146 3164 4186 ex
3196 4138 3429 4202 utroque

1861 4220 2169 4277 conficitur.
2205 4220 2282 4277 Ne
2319 4225 2661 4279 concesseris
2694 4224 2860 4295 igitur
2902 4224 3251 4296 cupiditatem
3299 4239 3430 4296 ope-

1861 4312 1994 4376 rari,
2042 4320 2096 4368 et
2148 4313 2360 4384 reliqua
2399 4315 2717 4386 dissipabis.
2771 4316 2831 4370 Si
2860 4326 3041 4372 autem
3090 4315 3432 4372 concesseris

1862 4410 1922 4455 ut
1955 4413 2204 4473 erumpat
2239 4404 2497 4474 primum,
2551 4405 2698 4476 quod
2750 4406 2818 4460 ad
2873 4407 3172 4464 secundum
3221 4409 3426 4480 vergit:

1863 4495 2115 4548 circulari
2141 4507 2290 4549 motu
2312 4504 2620 4564 recurrent,
2649 4513 2747 4553 nec
2764 4513 2990 4569 prorsus
3013 4500 3247 4554 animam
3265 4515 3433 4555 emer-

179 4589 336 4659 ψυχῇ
365 4585 689 4657 ἀνασφῆλαι.
719 4584 1030 4656 Γέγραπται
1061 4585 1190 4657 γὰρ,
1222 4585 1298 4650 ὡς
1323 4585 1417 4654 Μὴ
1444 4585 1548 4650 δὸς
1588 4583 1752 4638 ὕδατι

1865 4603 1990 4656 gere
2029 4588 2231 4645 sinent.
2265 4588 2541 4660 Scriptum
2569 4599 2652 4646 est
2682 4591 2826 4646 enim
2860 4614 2872 4646 ι
2909 4589 2992 4646 Ne
3021 4591 3111 4646 des
3146 4607 3296 4662 aqua:
3339 4601 3432 4646 ex-

180 4678 482 4743 διέξοδον.

261 4769 349 4824 97.
385 4771 460 4823 Οὐ
487 4769 618 4822 πᾶσι
649 4768 823 4822 πάντα
860 4766 1125 4838 συμφέρει
1152 4783 1166 4796 ·
1198 4766 1427 4828 ἕκαστος
1455 4765 1512 4818 δὲ
1538 4765 1614 4835 τῷ
1647 4765 1760 4836 ἰδίῳ

179 4863 270 4918 νοῒ
291 4860 754 4934 πληροφορείσθω.
789 4861 911 4914 Ὅτι
950 4861 1162 4924 πολλοῖς
1198 4862 1256 4913 ἐν
1284 4859 1535 4928 κοινοδίῳ
1561 4861 1762 4929 συμφέ-

183 4971 298 5028 ρει,
333 4953 425 5006 κα“ι
446 4952 623 5014 ἀλλοις
666 4951 783 5004 κατ’
821 4951 953 5004 ίδίαν
980 4953 1280 5022 ἀναχωρεῖν
1322 4950 1602 5021 ὠφέλιμον
1633 4966 1764 5018 τυγ-

180 5047 364 5118 χάνει.
409 5047 616 5117 Ὥσπερ
659 5044 767 5116 γάρ
809 5045 916 5097 τῶν
955 5045 1135 5114 φυτῶν
1187 5045 1255 5098 τά
1287 5045 1385 5113 μὲν
1429 5044 1486 5096 ἐν
1531 5046 1644 5106 τοῖς
1683 5043 1763 5096 δι-

183 5139 377 5209 ύγροις
395 5138 578 5200 τόποις
595 5137 926 5208 τυγχάνοντα
944 5135 1306 5208 εὐθαλέστερα
1333 5135 1592 5203 γίνονται,
1614 5135 1683 5189 τά
1703 5134 1761 5188 δὲ

182 5233 250 5284 ὲν
303 5232 414 5292 τοῖς
456 5228 767 5300 ξηροτέροις
813 5226 1192 5300 μονιμώτερα·
1223 5227 1368 5280 οὕτω
1409 5229 1504 5281 καὶ
1529 5227 1636 5281 τῶν
1663 5229 1761 5282 ἀν-

187 5323 428 5396 θρώπων
459 5327 510 5378 οι
541 5325 637 5395 μὲν
676 5325 736 5378 έν
765 5326 875 5387 τοῖς
911 5321 1259 5394 ὑψηλοτέροις
1286 5322 1470 5386 τόποις
1499 5317 1559 5375 εὖ
1589 5321 1762 5394 πράτ-

184 5434 403 5481 τουσιν,
449 5419 504 5470 oi:
557 5417 613 5470 δὲ
665 5419 722 5470 έν
779 5419 891 5480 τοῖς
939 5416 1338 5486 ταπεινοτέροις
1375 5414 1756 5480 διασώζονται.

1860 4683 1992 4733 itum
2031 4682 2099 4736 ⁸³.

1933 4773 2022 4827 97.
2052 4771 2172 4828 Νοη
2211 4775 2465 4831 omnibus
2497 4775 2679 4829 omnia
2718 4771 3072 4830 conveniunt.
3116 4773 3432 4844 Unusquis-

1865 4880 1970 4933 que
2007 4875 2184 4920 autem
2220 4867 2440 4936 propria
2476 4875 2654 4922 mente
2701 4865 2831 4936 quid
2885 4866 3138 4936 expediat
3167 4867 3430 4936 exploret.

1868 4957 2048 5013 Multis
2079 4958 2296 5027 expedit
2327 4973 2545 5014 manere
2584 4960 2637 5012 in
2673 4959 2944 5019 coenobio.
2979 4959 3164 5014 multis
3188 4958 3320 5012 utile
3349 4967 3434 5012 cst

1867 5062 2112 5102 seorsum
2137 5047 2410 5102 secedere.
2435 5047 2569 5102 Nam
2595 5049 2735 5103 sicut
2773 5049 3079 5118 plantarum
3112 5049 3306 5102 aliae'in
3335 5048 3436 5102 h‘u-

1865 5137 2031 5193 midis
2062 5139 2200 5194 locis
2221 5140 2545 5196 virentiores
2572 5140 2810 5195 evadunt
2837 5158 2852 5207 ;
2882 5140 3007 5194 alia:
3025 5139 3080 5194 in
3109 5138 3435 5194 siccioribus

1867 5230 2080 5286 firmius
2137 5230 2459 5302 feliciusque
2509 5232 2860 5287 consistunt:
2903 5232 2979 5285 ita
3011 5229 3292 5287 hominum
3343 5229 3434 5283 alii

1865 5323 2152 5378 altioribus
2176 5323 2231 5378 in
2264 5325 2399 5379 locis
2429 5325 2596 5395 probe
2635 5323 2973 5393 feliciterque
3003 5331 3192 5393 agunt,
3235 5324 3289 5376 in
3334 5322 3438 5374 hu-

1867 5416 2172 5472 milioribus
2203 5417 2293 5470 alii
2327 5426 2742 5472 conservantur.
2774 5416 2933 5472 Multi
2952 5430 3084 5473 sane
3110 5415 3166 5470 in
3194 5413 3436 5479 civitate,

267 5575 311 5608 "
353 5574 395 5629 11
427 5573 554 5630 Cor.
588 5589 672 5638 tv,
709 5571 794 5628 16.
868 5571 913 5604 τ’
950 5571 1112 5629 Prov.
1146 5588 1330 5639 xxvn,
1367 5567 1419 5628 7.
1495 5571 1541 5604 ⁸³
1579 5562 1747 5628 Eccli.
1784 5587 1910 5636 xxv,
1946 5571 2036 5626 54.

190 5830 230 5885 4
423 5757 526 5840 Vict.
571 5757 686 5812 PP.
717 5756 754 5809 1.
776 5771 828 5821 v,
855 5751 904 5817 7,
934 5753 1018 5807 l5.
1065 5750 1324 5806 Scholion
1361 5751 1447 5818 7‘5,
1479 5749 1546 5805 ad
1579 5747 1744 5804 Grad.

321 5844 514 5882 .unacn.

321 5844 514 5882 lllllﬂCl.

515 5920 784 5979 ΡΑτῐιοι..
821 5918 937 5977 Gn.
962 5915 1254 5978 XXVIII.

1926 5749 2036 5820 (95)
2085 5749 2188 5803 vn.
2231 5747 2344 5802 pr.
2381 5749 2415 5803 ι.
2451 5765 2503 5814 v,
2544 5749 2598 5811 4,
2627 5749 2718 5805 ιε.

3046 5902 3122 5963 £3
