3980 6516
530 434 664 490 15ιῖ

1613 422 1670 481 S.
1711 422 2168 480 ATHANASIUS.
2209 456 2278 464 —
2317 421 2584 479 SPURIA.

3649 427 3783 480 1548

529 562 656 604 cum
677 561 740 601 ea
777 558 898 615 qua
933 543 988 596 in
1025 555 1208 596 eremo
1249 546 1538 611 agerentur
1582 538 1847 592 memoria
1893 538 2097 591 recole-

2201 538 2392 593 Πολλοὶ
2418 534 2510 591 οὖν
2571 538 2630 589 ἐν
2691 536 2862 598 πόλει,
2900 536 2968 589 τὰ
3001 537 3098 607 τῆς
3130 538 3338 608 ἐρήμου
3367 537 3782 606 φανταζόμενοι,

531 646 672 706 rent,
703 637 931 691 salutem
957 640 1084 688 sunt
1105 633 1388 686 consecuti
1416 650 1428 685 :
1457 631 1612 685 multi
1649 631 1811 686 etiam
1840 632 1894 683 in
1918 638 2101 685 monte

528 735 809 786 versantes
837 725 1140 796 perierunt,
1169 723 1299 794 quia
1332 723 1423 777 illa
1459 729 1683 792 agerent
1724 737 1845 792 quae
1876 721 2100 792 popula-

528 820 684 873 ribus
723 824 933 870 tantum
995 820 1386 885 competerent.
1455 809 1599 866 Fieri
1633 826 1870 880 namque
1924 818 2100 880 potest

529 917 588 965 ut
616 909 709 978 qui
739 923 864 963 cum
898 907 1149 977 pluribus
1171 913 1442 968 versatur,
1477 905 1660 958 animo
1691 904 1970 959 solitarius
1999 904 2098 968 sit;

527 1005 580 1052 et
611 997 702 1064 qui
730 995 882 1050 solus
909 1002 1014 1058 est,
1055 1009 1178 1048 cum
1213 994 1368 1048 turba
1407 1000 1587 1048 mente
1619 1001 1885 1047 versetur.

598 1088 686 1145 98.
731 1087 843 1158 (96)
880 1087 1030 1142 Multi
1072 1095 1200 1142 sunt
1253 1086 1458 1141 diaboli
1509 1086 1704 1141 aculei.
1756 1083 1876 1139 Non
1925 1083 2102 1153 potuit

427 1217 431 1222 -
527 1188 847 1252 paupertate
877 1180 1118 1233 animum
1152 1178 1465 1234 dimovere?
1493 1177 1714 1234 di'i'itias
1748 1175 1903 1230 aﬂ'ert
1933 1177 1987 1230 in
2014 1191 2094 1230 es.

528 1288 668 1327 cam.
706 1273 808 1327 Per
834 1272 1192 1327 contumelias
1225 1278 1279 1326 et
1308 1271 1604 1341 opprobria
1645 1286 1755 1324 non
1788 1267 2101 1340 praevaluit?

527 1365 719 1421 laudes
747 1365 968 1420 adhibet
998 1373 1161 1435 atque
1198 1364 1450 1435 gloriam.
1493 1361 1596 1417 Per
1631 1364 1920 1418 sanitatem
1951 1360 2101 1416 devi-

527 1465 648 1511 ctus
677 1455 803 1510 est?
833 1455 1083 1510 morbum
1116 1453 1360 1507 immittit
1389 1451 1626 1521 corpori.
1660 1450 1794 1505 Cum
1829 1450 1974 1504 enim
2004 1462 2101 1502 vo-

528 1547 827 1618 luptatibus
844 1561 952 1600 non
974 1544 1212 1616 potuerit
1231 1531 1501 1612 decipere,
1524 1558 1618 1612 per
1641 1541 1840 1595 invitos
1861 1540 2098 1599 labores.

529 1640 721 1699 animae
767 1653 961 1709 parare
1014 1643 1245 1692 conatur
1300 1636 1660 1699 eversionem,
1709 1633 2096 1692 inconsultam,

528 1749 631 1789 nec
663 1741 1038 1803 spontaneam.
1074 1728 1292 1782 Morbos
1323 1728 1466 1782 enim
1497 1725 1848 1797 gravissimos
1878 1725 2101 1794 injicere

528 1824 884 1895 permittitur,
935 1821 1135 1892 quibus
1168 1825 1343 1874 tentat
1401 1818 1654 1872 homines
1703 1818 1757 1871 in
1811 1815 2100 1887 segnitiem

2208 629 2488 700 ἐσώθησαν
2508 645 2522 658 ⁸
2565 630 2659 682 καὶ
2687 628 2890 693 πολλοὶ,
2928 631 2986 683 ὲν
3023 629 3139 702 ὄρει
3165 629 3336 693 ὄντες,
3371 629 3444 682 τά
3472 629 3586 682 τῶν
3619 630 3784 700 δημοο

2206 720 2313 773 τῶν
2373 721 2720 792 πράττοντες,
2782 718 3079 774 ἀπώλοντο.
3128 720 3360 773 Δυνατὸν
3398 719 3544 790 μετά

2207 814 2334 867 ὄντα
2373 814 2623 885 μονάζειν
2645 816 2709 883 τῇ
2733 811 2945 886 γνώμῃ,
2977 814 3071 867 καὶ
3106 813 3264 883 μόνον
3289 812 3423 866 ὄντα
3449 813 3593 876 μετὰ
3619 813 3783 883 ὄχλων

2207 901 2281 978 τῇ
2301 907 2506 979 διανοίᾳ
2541 906 2860 974 συνδιάγειν.

2274 1081 2360 1135 98.
2389 1080 2564 1133 Πολλά
2595 1079 2688 1132 τοῦ
2720 1079 2964 1133 διαϐόλου
3006 1079 3072 1133 τὰ
3122 1080 3339 1151 κέντρα.
3373 1080 3478 1132 Διά
3509 1078 3701 1142 πενίας
3727 1080 3782 1132 ού

2211 1172 2527 1242 μετεκίνησε
2554 1172 2766 1243 ψυχήν;
2802 1170 3027 1224 πλοῦτον
3064 1173 3436 1243 προσάγειείς
3463 1172 3682 1242 δέλεαρ.
3713 1173 3784 1224 Δι’

2209 1264 2416 1334 ὕϐρεων
2463 1265 2556 1316 καὶ
2590 1263 2907 1333 ὀνειδισμῶν
2950 1264 3049 1316 οὐκ
3099 1264 3348 1334 ἴσχυσεν,
3393 1264 3661 1325 ἐπαίνους
3705 1265 3785 1316 καὶ

2205 1357 2358 1422 δόξαν
2409 1355 2786 1426 προϐάλλεται.
2826 1355 2924 1409 Διά
2981 1356 3078 1426 τῆς
3128 1357 3316 1425 ὑγείας
3355 1355 3610 1427 ἡττήθης
3647 1373 3786 1409 vom-

2209 1449 2350 1500 ποιεῖ
2388 1448 2446 1500 τὸ
2469 1447 2646 1517 σῶμα.
2673 1447 2806 1509 Ταῖς
2839 1446 2948 1515 γὰρ
2993 1448 3208 1515 ἡδοναῖς
3245 1447 3321 1517 μὴ
3361 1445 3626 1517 δυνηθεὶς
3657 1447 3784 1498 ἀπα-

2204 1543 2387 1610 τῆσαι,
2415 1539 2502 1593 διὰ
2533 1539 2640 1592 τῶν
2671 1539 2939 1592 ἀκουσίων
2965 1538 3139 1591 πόνων
3167 1540 3266 1608 τὴν
3292 1538 3670 1609 παρατροπὴν
3695 1539 3787 1606 τῆς

2204 1633 2382 1703 ψυχῆς
2410 1635 2661 1703 πειρᾶται
2699 1632 2920 1702 ποιῆσαι
2942 1632 3304 1702 ἀπροαίρετον
3336 1633 3434 1685 καὶ
3467 1625 3786 1701 ἀϐούλητον.

2206 1724 2412 1787 Νόσους
2439 1724 2544 1794 γάρ
2578 1741 2724 1787 τινας
2758 1724 2852 1777 καὶ
2889 1723 3194 1795 βαρυτάτας
3219 1723 3278 1787 ἐξ
3313 1725 3597 1794 αἰτήσεως
3629 1742 3789 1796 προσ-

2208 1818 2346 1885 άγει.
2371 1818 2508 1889 πρὸς
2539 1817 2600 1870 τὸ
2625 1818 2712 1871 διὰ
2746 1817 2948 1870 τούτων
2979 1817 3421 1888 ὀλιγωρήσαντας
3460 1818 3788 1871 ὲπιθολῶσαι

529 1919 824 1988 conjicere,
855 1930 1156 1986 eorumque
1177 1929 1303 1985 erga
1325 1911 1494 1968 Deum
1527 1909 1850 1967 charitatem
1875 1917 2097 1966 contur-

2201 1909 2377 1964 αὐτῶν
2423 1910 2521 1980 τὴν
2582 1909 2715 1980 πρὸς
2760 1909 2891 1962 Θεὸν
2940 1909 3182 1979 ἀγάπην.
3223 1909 3362 1960 Ἀλλ’
3388 1911 3443 1962 εἰ
3472 1911 3576 1963 καὶ
3626 1926 3789 1963 κειτα-

529 2014 682 2068 bare.
711 2010 819 2065 Sed
850 2010 965 2065 sive
997 2023 1197 2077 corpus
1227 2007 1556 2069 conciditur,
1590 2019 1654 2059 ac
1682 2001 2099 2059 vehementissi-

529 2103 635 2158 mis
688 2100 932 2156 febribus
980 2097 1368 2163 inﬂammatur,
1406 2111 1471 2152 ac
1511 2094 1729 2151 etiamsi
1770 2092 2097 2148 intolerabili

530 2191 618 2246 siti
655 2188 1021 2251 excrucietur,
1055 2187 1099 2242 si
1127 2186 1344 2256 quidem
1375 2194 1629 2256 peccator
1651 2198 1773 2238 cum
1802 2182 1880 2238 sis
1912 2181 2098 2237 istharc

528 2284 755 2356 pateris,
795 2281 1088 2338 recordare
1143 2279 1450 2335 futurorum
1488 2276 1902 2348 suppliciorum,
1959 2276 2099 2345 ignis

529 2378 740 2443 aeterni,
769 2389 1166 2447 poenarumque
1188 2373 1397 2442 judicio
1429 2369 1844 2441 inﬂigendarum
1879 2386 1891 2421 :
1927 2382 2101 2437 neque

528 2471 583 2524 in
611 2469 888 2541 praesenti,
919 2465 1138 2522 socordi
1167 2473 1329 2535 atque
1363 2463 1576 2532 abjecto
1605 2460 1789 2514 animo
1818 2459 1949 2513 eris.
1984 2458 2101 2512 Lae-

529 2566 646 2612 tare
689 2570 818 2626 quia
875 2553 1116 2609 visitavit
1167 2559 1218 2606 te
1275 2549 1563 2612 Dominus,
1602 2555 1766 2617 atque
1812 2543 2100 2614 pulchrum

528 2647 663 2702 illud
697 2647 900 2702 dictum
936 2647 992 2699 in
1029 2658 1124 2699 ore
1155 2642 1294 2696 habe
1330 2661 1343 2696 :
1387 2640 1666 2710 Castigans
1708 2636 1982 2706 castigavit
2023 2651 2102 2688 me

528 2738 807 2802 Dominus,
843 2747 891 2791 et
923 2737 1082 2789 morti
1111 2735 1319 2806 peccati
1357 2750 1461 2788 non
1502 2730 1723 2785 tradidit
1752 2746 1832 2783 me
1872 2728 1938 2780 “.
1972 2727 2100 2781 Fer-

528 2845 648 2883 rum
707 2844 870 2895 eras,
923 2827 1016 2882 scd
1067 2826 1191 2897 igne
1241 2825 1542 2896 rubiginem
1590 2822 1815 2876 amittis.
1857 2819 2012 2887 Quod
2054 2817 2099 2872 si

528 2920 691 2974 etiam
726 2919 934 2988 probus
971 2933 1052 2986 es,
1101 2917 1418 2971 inﬁrmitate
1459 2915 1685 2978 teneris,
1719 2929 1748 2967 a
1791 2911 2001 2983 magnis
2033 2909 2101 2962 ad

527 3012 736 3082 majora
773 3009 1139 3080 progrederis.
1178 3009 1388 3062 Aurum
1420 3021 1479 3062 es
1510 3022 1524 3060 :
1560 3011 1615 3059 at
1649 3019 1744 3074 per
1775 3004 1951 3073 ignem
1981 3016 2103 3070 pro-

527 3103 707 3157 batior
736 3102 945 3157 evadis.
982 3100 1153 3154 Datus
1182 3107 1266 3154 est
1299 3098 1398 3153 tibi
1435 3097 1698 3166 carnique
1740 3102 1846 3148 tua:
1877 3094 2101 3164 angelus
2146 3140 2154 3144 .

528 3193 767 3260 Satanae,
802 3193 1038 3248 exsulta.
1074 3189 1211 3245 Vide
1233 3190 1321 3244 cui
1355 3189 1550 3244 similis
1578 3187 1803 3242 elI‘ectus
1837 3187 1916 3242 sis
1947 3205 1962 3240 :
1997 3186 2099 3240 do-

2195 2001 2448 2069 τὲμνεται
2477 1999 2538 2052 τὸ
2569 1999 2745 2069 σῶμα,
2801 1998 2894 2051 καὶ
2928 2000 3179 2069 πυρετοῖς
3207 1998 3604 2071 σφοδροτάτοις
3633 2017 3791 2051 κατα-

2199 2092 2471 2159 φλέγεται,
2493 2090 2571 2144 ἔτι
2603 2092 2710 2162 μὴν
2736 2093 2828 2146 καὶ
2851 2092 2989 2162 δίψει
3024 2094 3230 2164 ἀνιάτῳ
3259 2093 3357 2146 καὶ
3385 2093 3621 2162 ἀσχὲτῳ
3637 2110 3794 2147 κατα-

2199 2184 2466 2237 θλίϐεταιο
2509 2186 2557 2236 εί
2616 2185 2716 2255 μὲν
2758 2185 3077 2256 ἁμαρτωλὸς
3120 2185 3194 2239 ὢν
3235 2186 3413 2240 ταῦτα
3464 2188 3791 2256 ὑφίστασαι,

2201 2276 2571 2347 ὑπομνήσθητι
2609 2277 2706 2344 τῆς
2753 2276 3050 2347 μελλούσης
3081 2278 3374 2342 κολάσεως,
3403 2280 3509 2332 καὶ
3543 2279 3644 2332 τοῦ
3669 2283 3794 2333 αἰω-

2199 2367 2310 2420 νίου
2361 2368 2529 2439 πυρὸς
2577 2367 2669 2420 καὶ
2695 2367 2804 2420 τῶν
2835 2369 3162 2424 δικαπικῶν
3186 2371 3509 2442 τιμωριῶν,
3569 2374 3668 2424 καὶ
3697 2375 3792 2425 οὐκ

2199 2458 2549 2530 ὀλιγωρήσεις
2573 2459 2709 2530 πρὸς
2754 2459 2821 2512 τά
2867 2462 3127 2532 παρόντα.
3158 2463 3382 2533 Χαξρου,
3429 2464 3517 2516 ὅτι
3565 2465 3793 2517 E25326-

2202 2549 2340 2616 πησέ
2369 2567 2425 2602 σε
2476 2552 2505 2602 ὁ
2559 2552 2781 2622 Κύριος,
2818 2553 2912 2604 καὶ
2939 2553 2998 2606 τὸ
3027 2552 3269 2624 εὔφημον
3308 2553 3364 2606 δὲ
3409 2556 3604 2608 ἐκεῖνο
3633 2558 3791 2628 ῥητὸν

2200 2642 2292 2693 ἐπὶ
2323 2641 2422 2712 τῆς
2481 2640 2731 2711 γλώσσης
2775 2641 2885 2712 ἔχε,
2922 2643 2996 2706 ὼς
3021 2645 3324 2699 Παιδεύων
3356 2648 3702 2703 ἐπαίδευσέ
3717 2668 3790 2719 με

2201 2736 2234 2786 ό
2269 2733 2482 2800 Κύριος
2506 2751 2518 2763 ·
2557 2733 2636 2798 τῷ
2667 2733 2734 2788 δὲ
2785 2735 3018 2800 θανάτῳ
3062 2737 3159 2807 τῆς
3192 2738 3475 2810 ἁμαρτίας
3512 2743 3595 2795 οὐ
3647 2759 3788 2811 πσρ-

2199 2824 2380 2879 ἐδωκέ
2399 2843 2496 2896 με.
2529 2827 2749 2899 Σίδηρος
2769 2828 3083 2899 ἐτύγχανες,
3113 2829 3245 2883 ἀλλά
3272 2831 3361 2884 διά
3380 2832 3482 2885 τοῦ
3514 2835 3787 2904 πυρὸς-τον

2204 2917 2278 2970 ἰὸν
2325 2918 2624 2991 ἀποϐάλλῃ.
2661 2921 2724 2972 Εἰ
2749 2920 2805 2972 δὲ
2835 2921 2929 2974 καὶ
2955 2921 3158 2984 δίκαιος
3201 2923 3275 2975 ὢν
3307 2925 3648 2995 ἀρρωστεῖς,
3684 2927 3785 2980 ἀπὸ

2199 3009 2307 3063 τῶν
2349 3011 2595 3081 μεγάλων
2635 3011 2729 3064 ἐπὶ
2745 3011 2814 3066 τά
2875 3012 3046 3083 μείζω
3080 3015 3429 3086 προκόπτεις.
3459 3018 3682 3089 Χρυσδς
3717 3015 3782 3081 εἷ,

2201 3101 2335 3156 ἀλλὰ
2370 3102 2457 3156 διὰ
2478 3102 2572 3155 τοῦ
2593 3103 2763 3174 πυρὸς
2787 3103 2900 3157 δοκι
2910 3103 3151 3177 μώτερος
3174 3107 3319 3178 γίνῃ.
3359 3108 3554 3180 Ἐδόθη
3584 3128 3669 3163 σοι
3690 3114 3783 3180 ἄγ-

2201 3194 2359 3262 γελος
2402 3196 2579 3248 Σατᾶν
2611 3198 2676 3266 τῇ
2729 3197 2920 3266 σαρκὶ,
2969 3197 3225 3265 ἀγαλλιὰ
3260 3197 3428 3267 βλέπε
3460 3201 3574 3254 τίνι
3605 3203 3784 3272 ὅμοιος

525 3297 689 3340 natus
718 3301 778 3340 es
809 3283 959 3338 Pauli
994 3297 1240 3337 munere.
1274 3279 1444 3335 Febre
1473 3279 1742 3350 probaris,
1776 3279 1952 3348 rigore
1977 3294 2097 3333 eru-

2201 3286 2425 3354 γέγονας
2452 3303 2464 3316 ο
2508 3287 2607 3356 τῆς
2661 3288 2768 3359 γὰρ
2795 3287 3006 3341 Παύλου
3034 3278 3240 3360 δωρεᾶς
3260 3290 3528 3361 ἡξιὼθης.
3564 3293 3669 3346 Διά
3691 3293 3784 3346 τοῦ

525 3377 685 3440 diris,
719 3383 775 3429 at
811 3373 1093 3443 Scriptura
1118 3373 1251 3426 dicit
1283 3391 1296 3427 ;
1333 3371 1696 3425 Transiaimu:
1728 3384 1819 3438 per
1849 3370 2018 3440 ignem
2048 3379 2097 3423 et

526 3485 717 3539 aquam
743 3467 810 3520 ³⁸.
845 3466 999 3532 Quod
1031 3473 1300 3536 superest,
1333 3473 1582 3535 paratum
1613 3462 1957 3532 refrigerium
1991 3471 2094 3517 est.

524 3559 870 3616 Consecutus
893 3574 953 3614 es
980 3559 1239 3629 primum,
1282 3555 1450 3628 638
1484 3555 1786 3611 secundum
1817 3561 2093 3624 exspecta.

525 3653 660 3707 Dum
691 3653 961 3723 operaris,
1003 3652 1247 3706 exclama
1293 3651 1408 3704 haec
1435 3648 1655 3704 Davidis
1707 3648 1872 3702 verba
1916 3645 2098 3717 profe-

522 3760 653 3798 rens
691 3762 702 3795 :
742 3741 901 3810 Inops
931 3751 981 3796 et
1007 3756 1204 3809 pauper
1244 3749 1292 3793 et
1326 3739 1508 3792 dolens
1536 3755 1652 3791 sum
1685 3754 1775 3808 ego
1801 3739 1867 3790 ⁵⁸.
1911 3735 2099 3792 Perfe-

524 3846 646 3892 ctus
683 3837 792 3892 eris
819 3851 916 3905 per
964 3833 1262 3889 ternarium
1298 3847 1607 3886 numerum.
1650 3831 1740 3885 Ait
1777 3831 1921 3885 enim
1969 3848 1982 3885 :
2029 3828 2098 3883 In

523 3929 863 3983 tribulatione
897 3925 1142 3980 dilatasti
1168 3924 1294 3978 mihi
1322 3925 1391 3979 ⁵⁷.
1435 3922 1532 3978 His
1576 3924 1808 3978 maxime
1840 3925 2094 3978 certami-

521 4017 686 4072 nibus
709 4016 908 4071 animis
927 4029 1282 4069 exerceamur
1306 4033 1318 4068 :
1339 4029 1449 4083 prae
1467 4013 1641 4069 oculis
1665 4014 1808 4069 enim
1831 4013 2096 4070 habemus

522 4109 924 4164 adversarium.

593 4307 682 4361 99.
715 4308 827 4378 (97)
866 4307 944 4361 Ne
976 4307 1160 4362 animo
1193 4307 1603 4374 contristemur,
1648 4323 1772 4363 cum
1806 4323 1904 4379 per
1944 4307 2094 4361 inﬁr-

519 4400 764 4455 mitatem
789 4415 852 4454 ac
875 4401 1075 4456 vulnus
1107 4401 1355 4471 corporis
1385 4417 1492 4456 non
1524 4415 1817 4471 possumus
1851 4407 1996 4455 stare
2025 4400 2092 4453 ad

517 4489 841 4553 orationem,
868 4496 962 4544 aut
984 4505 1114 4546 voce
1133 4492 1366 4562 psallere
1400 4511 1413 4546 :
1441 4493 1624 4548 omnia
1654 4493 1757 4548 ista
1782 4492 1942 4546 nobis
1968 4506 2093 4561 pro-

2202 3377 2433 3448 πυρετοῦ
2468 3378 2734 3453 δοκιμάζῃ
2754 3395 2766 3408 ·
2797 3380 2884 3434 διὰ
2923 3381 3108 3452 ῥίγους
3146 3382 3376 3453 παιδεύῃ
3397 3399 3411 3414 ⁸
3448 3385 3592 3439 ἀλλά
3618 3404 3783 3457 φησιν

2198 3471 2229 3538 ή
2263 3470 2450 3541 Γραφή
2474 3487 2486 3499 ο
2525 3472 2854 3541 Διήλθομεν
2884 3473 2978 3525 διὰ
3024 3474 3213 3541 πιῬός
3249 3477 3346 3528 καὶ
3379 3476 3631 3544 ὕδατος.
3661 3482 3784 3533 Λοι-

2199 3560 2297 3612 πὸν
2329 3560 2389 3612 τὸ
2417 3560 2818 3634 ἀναψυκτήριον
2846 3563 3186 3634 ἡτοίμασται.
3223 3567 3454 3637 Ἐτυχες
3489 3569 3588 3622 τοῦ
3635 3569 3781 3642 πρώ-

2196 3667 2308 3714 του,
2339 3651 2609 3720 προσδόκα
2657 3653 2718 3705 τὸ
2767 3652 3036 3724 δεύτερον.
3070 3655 3332 3725 Πράττων
3369 3655 3655 3732 [πάσχων]
3686 3661 3781 3729 με

2196 3739 2265 3793 τά
2295 3741 2389 3794 τοῦ
2426 3742 2579 3809 ἁγίου
2628 3743 2790 3796 Δαϐὶδ
2840 3745 3092 3816 ῥήματαο
3142 3749 3274 3817 φησὶ
3319 3748 3454 3818 γὰρ,
3481 3749 3558 3814 ὡς
3585 3752 3783 3819 Πένης

2197 3832 2292 3886 καὶ
2322 3835 2557 3901 πτωχὸς
2595 3835 2691 3888 καὶ
2747 3836 2950 3906 ἀλγῶν
2978 3839 3092 3906 ειμι
3130 3837 3262 3908 ἐγώ.
3313 3840 3538 3905 Τέλειος
3573 3845 3781 3917 γενήσῃ

2196 3922 2283 3975 διὰ
2312 3923 2408 3994 τῆς
2436 3925 2668 3994 τριάδος.
2696 3927 2805 3980 Καὶ
2829 3927 2936 3998 γάρ
2969 3944 3133 3998 φησιν
3156 3945 3170 3958 ·
3214 3928 3317 3981 Ἐν
3353 3932 3565 4001 θλίψει
3597 3936 3780 3989 ἐπλά-

2196 4013 2380 4078 τυνάς
2402 4031 2497 4082 με.
2542 4015 2628 4066 Ἐν
2662 4016 2869 4079 τούτοις
2910 4017 3141 4087 μάλιστα
3164 4021 3280 4081 τοῖς
3312 4022 3647 4090 γυμνασίοις
3683 4025 3779 4094 τᾲς

2193 4105 2368 4175 ψυχὰς
2399 4107 2760 4179 ἀσκηθῶμενο
2809 4111 2896 4162 ἐπ’
2943 4109 3242 4181 ὀφθαλμοῖς
3287 4112 3397 4183 γὰρ
3428 4114 3657 4186 ὁρῶμεν
3688 4117 3776 4169 τὸν

2195 4197 2505 4252 ἀντίπαλον.

2263 4313 2351 4401 θθ.
2382 4312 2472 4383 Μὴ
2524 4313 2869 4386 λυηθῶμεν,
2895 4315 2969 4379 ὡς
2999 4316 3085 4369 διὰ
3119 4318 3218 4389 τὴν
3243 4319 3534 4375 ἀσθένειαν
3557 4325 3653 4377 καὶ
3681 4325 3776 4396 τὴν

2195 4402 2408 4473 πληγὴν
2435 4403 2527 4455 τοῦ
2562 4405 2810 4474 σώματος
2837 4405 2913 4476 μὴ
2945 4406 3230 4478 δυνάμενοι
3249 4412 3329 4473 εἰς
3358 4412 3530 4483 εὐχὴν
3564 4416 3773 4485 στῆναι,

2193 4490 2225 4560 ἢ
2256 4491 2476 4560 ψάλλειν
2497 4493 2632 4562 μετά
2654 4495 2833 4564 φωνῆς
2854 4511 2867 4524 ⁸
2899 4495 3072 4548 πάντα
3093 4499 3224 4568 ἡμῖν
3246 4498 3421 4552 ταῦτα
3439 4502 3610 4572 ἤνυτο
3640 4505 3775 4574 πρὸς

517 4581 718 4636 derunt
750 4581 818 4635 ad
858 4582 1218 4652 cupiditatum
1263 4585 1620 4640 eversionem.
1667 4583 1800 4637 Nam
1841 4583 2091 4652 jejunare

2201 4582 2512 4654 καθαίρεσιν
2535 4583 2853 4654 ἐπιθυμιῶν.
2878 4584 2982 4638 Καὶ
2997 4587 3105 4660 γὰρ
3132 4591 3352 4659 νηστεία
3383 4593 3477 4645 καὶ
3507 4598 3776 4663 χαμευνία

516 4688 582 4728 ac
617 4673 764 4726 humi
793 4675 1012 4730 cubare'
1041 4675 1258 4743 jussum
1309 4677 1466 4730 nobis
1508 4684 1592 4731 est
1622 4675 1689 4728 ad
1745 4675 2090 4745 turpissimas

515 4765 822 4834 voluptates
862 4766 1240 4823 declinandas.
1287 4765 1343 4821 Si
1380 4782 1511 4837 ergo
1540 4781 1634 4820 eas
1685 4766 1909 4820 morbus
1939 4766 2092 4820 obtu-

514 4855 677 4920 derit,
719 4855 1028 4926 superﬂuus
1057 4866 1142 4913 est
1192 4859 1366 4913 labor.
1404 4857 1516 4911 Cur
1562 4857 1685 4911 dico
1739 4855 2094 4926 superﬂuus?

511 4946 640 5018 quia
680 4954 938 5015 tanquam
971 4948 1208 5018 graviori
1240 4947 1566 5016 fortiorique
1595 4947 1859 5010 remedio,
1897 4963 2091 5016 nempe

510 5034 704 5089 morbo
727 5034 977 5090 lethil‘era
1005 5043 1366 5107 symptomata
1391 5036 1565 5105 sopita
1596 5044 1743 5090 sunt.
1770 5036 1946 5106 Atque
1973 5038 2089 5092 haec

510 5137 595 5184 est
629 5144 824 5198 magna
871 5129 1213 5192 erercitatio,
1249 5129 1472 5184 morbos
1517 5130 1787 5200 patienter
1837 5129 2002 5194 ferre,
2039 5137 2092 5184 et

509 5222 809 5290 gratiarum
850 5222 1083 5276 actionis
1117 5221 1348 5292 hymnos
1380 5220 1490 5277 Deo
1532 5201 1801 5276 emittere.
1840 5222 2091 5292 Adempti

507 5311 670 5365 nobis
706 5319 835 5366 sunt
869 5313 1060 5367 oculi?
1099 5327 1171 5366 ne
1208 5313 1445 5383 graviter
1480 5311 1738 5378 feramus,
1783 5313 1934 5383 quia,
1966 5313 2088 5366 licet

507 5401 836 5460 insatiabilis
900 5405 1220 5476 cupiditatis
1275 5406 1643 5462 instrumenta
1706 5407 2086 5468 amiserimus,

503 5498 749 5547 attamen
777 5494 1008 5552 internis
1036 5495 1212 5550 oculis
1243 5497 1679 5567 contemplamur
1715 5497 1944 5568 gloriam
1979 5494 2089 5550 D0-

2193 4673 2281 4725 8t5z
2309 4673 2406 4738 τὰς
2435 4675 2744 4745 αἰσχίστους
2793 4677 2921 4747 ἡμῖν
2969 4677 3162 4749 ἡδονὰς
3210 4683 3691 4755 νενομοθέτηνται.
3715 4689 3775 4740 Εί

2192 4762 2284 4819 οὖν
2416 4767 2566 4829 νόσος
2595 4767 2796 4830 ταύτας
2839 4768 3098 4837 ἤμϐλυνε,
3131 4773 3385 4841 περιττὸς
3416 4774 3446 4825 ὁ
3490 4776 3677 4840 πόνος.
3713 4779 3775 4830 ΤΞ

2191 4858 2248 4911 δὲ
2277 4859 2420 4926 λέγω
2449 4859 2728 4930 περιττός;
2773 4860 2959 4933 ὥσπερ
2983 4864 3090 4934 γὰρ
3119 4865 3323 4933 μείζονί
3353 4883 3461 4919 τινι
3503 4871 3602 4922 καὶ
3637 4874 3776 4941 ἰσχυ-

2196 4951 2397 5022 ροτέρῳ
2447 4953 2721 5023 φαρμάκῳ
2768 4956 2833 5024 τῇ
2878 4955 3016 5025 νόσῳ
3047 4955 3116 5008 τά
3148 4956 3481 5029 ὀλεθροφόρα
3514 4962 3772 5029 συμπτὼ-

2195 5058 2338 5110 ματα
2370 5041 2745 5111 κεκοίμηνται.
2798 5045 2905 5096 Καὶ
2936 5043 3075 5114 urbm
3106 5047 3254 5100 ἐστὶν
3289 5049 3320 5116 ή
3357 5049 3570 5121 μεγάλη
3604 5051 3773 5123 ἄσκη-

2191 5147 2292 5192 σις,
2316 5130 2376 5182 τὸ
2408 5133 2465 5183 ὲν
2485 5134 2604 5194 ταῖς
2623 5131 2798 5196 νόσοις
2814 5136 3185 5205 ἐγκαρτερεῖν,
3204 5137 3298 5189 καὶ
3318 5137 3770 5209 εὐχαριστηρίους

2190 5222 2392 5291 ὕμνους
2463 5223 2807 5294 ἀναπέμπειν
2868 5225 2945 5295 τῷ
2995 5227 3283 5297 κρείττονι.
3361 5230 3770 5301 ’.ἀφαιρούμεθα

2188 5311 2510 5381 ὀφθαλμῶν;
2537 5314 2838 5386 μὴ’βαρέως
2865 5316 3176 5387 ὲνέγκωμεν
3193 5337 3206 5348 ·
3237 5318 3305 5372 τά
3329 5320 3440 5392 γὰρ
3467 5323 3569 5392 τῆς
3595 5323 3770 5392 ἀπλη-

2190 5403 2342 5466 στίας
2371 5403 2578 5474 ὄργανα
2609 5406 2973 5477 ἀπεϐάλομεν,
2998 5409 3134 5462 ἀλλά
3158 5413 3270 5474 τοῖς
3299 5411 3446 5464 ἔνδον
3468 5413 3769 5484 ὀφθαλμοῖς

2184 5495 2285 5567 τὴν
2317 5495 2476 5563 δόξαν
2502 5498 2705 5570 Κυρίου
2751 5501 3247 5571 κατοπτριζόμεθα.
3303 5503 3763 5576 Ἐκωφεύσαμενς

571 5667 622 5702 ⁸⁵
657 5669 804 5728 Psal.
839 5689 1022 5740 cxvn,
1059 5677 1144 5732 18.
1223 5679 1268 5709 ⁸⁵
1309 5677 1454 5733 Psal.
1490 5696 1613 5743 ιμ’,
1662 5681 1743 5736 12.
1819 5683 1865 5714 ⁸⁶
1906 5680 2051 5735 Psal.
2090 5683 2293 5744 vam',
2329 5681 2415 5737 50.
2495 5684 2539 5715 ³⁷
2578 5681 2724 5738 Psal.
2765 5700 2841 5751 tv,
2874 5684 2941 5738 2..

579 5830 692 5906 (96;
726 5833 783 5888 In
828 5831 960 5890 Vitis
991 5837 1105 5891 PP.
1142 5839 1174 5892 Ι.
1212 5855 1262 5903 v,
1295 5839 1343 5904 7,
1379 5839 1461 5894 iG.

2173 5841 2282 5912 (97)
2311 5841 2364 5894 In
2405 5841 2539 5895 Vitis
2573 5842 2685 5897 pp.
2716 5844 2750 5898 l.
2784 5861 2836 5913 v,
2867 5843 2916 5909 7,
2947 5843 3034 5900 ιτ.
