4032 6376
202 1022 211 1053 9

202 1055 210 1121 l

242 401 264 453 Ι
276 398 378 456 549

1355 386 1514 458 virA
1553 399 1844 457 sane”:
1885 364 2364 457 materiem.“

3336 384 3481 455 {550

237 518 712 589 εὐχαριστησωμεν
727 518 824 590 τὴν
848 518 1080 590 ματαίαν
1103 518 1272 590 ἀκοὴν
1291 516 1473 572 τέλεον
1499 519 1786 573 ἀποὸαλὸν·

1904 517 2059 572 mini.
2091 514 2540 573 Obsurduimus?
2574 508 2779 586 gratias
2809 528 3054 585 agamus,
3087 514 3231 587 quod
3256 512 3478 575 inanen!

234 622 345 671 τες.
369 608 479 671 Τὰς
499 611 688 679 χεῖρας
713 608 1058 680 πεπόνθαμεν
1079 626 1093 676 ;
1134 609 1270 663 ἀλλὰ
1295 609 1393 672 τὰς
1421 608 1567 663 ἔνδον
1606 610 1799 680 ἔχομεν

236 698 677 770 εύτρεπισθείσας
724 700 858 772 πρὸς
896 701 986 754 τὸν
1025 701 1163 755 κατά
1190 699 1284 755 τοῦ
1319 699 1514 772 ἐχθροῦ
1542 700 1797 773 πόλεμον.

247 789 547 863 Ἀρῤωστία
576 791 695 846 καθ’
738 791 857 846 ὅλον
892 794 954 846 τὸ
1002 793 1162 864 σῶμα
1189 795 1406 865 κρατεῖς
1441 791 1556 845 ἀλλ’
1588 794 1620 862 ἡ
1660 792 1800 847 κατά

234 880 321 934 τὸν
342 880 449 935 ἔσω
472 881 753 953 ἄνθρωπον
777 884 931 953 ὑγεία
967 885 1162 955 μᾶλλον
1181 883 1352 950 αὔξει.
1768 885 1780 897 ’

301 1062 423 1117 100.
465 1064 552 1117 Ἐν
573 1063 820 1134 κοινοὸίῳ
852 1059 1027 1129 οὖσαι,
1061 1065 1158 1137 τὴν
1195 1067 1438 1138 ὑπακοὴν
1465 1069 1661 1139 μᾶλλον
1695 1069 1793 1139 τῆς

231 1153 514 1224 ἀσκήσεως
560 1154 968 1225 προκρίνωμενσ
1020 1158 1052 1225 ἡ
1096 1157 1193 1226 μὲν
1223 1156 1333 1227 γὰρ
1374 1157 1674 1228 ὑπεροψίαν
1718 1158 1797 1211 δι-

229 1245 437 1309 δάσκει,
479 1248 511 1316 ἡ
557 1246 615 1299 δὲ
674 1246 1165 1318 ταπεινοφροσύνην
1194 1248 1605 1318 ἐπαγγέλλεται.
1638 1251 1793 1303 Ἔστι

232 1336 283 1389 δὲ
315 1338 409 1391 καὶ
433 1338 499 1390 ὲκ
521 1336 615 1390 τοῦ
647 1337 839 1409 ἐχθροῦ
880 1339 1234 1411 ὲπιτεταμένη
1256 1341 1505 1412 ἄσκησις.
1542 1342 1650 1395 Καὶ
1686 1341 1794 1414 γὰρ

231 1428 277 1482 οί
305 1425 472 1480 αὑτοῦ
502 1427 739 1497 μαθηταὶ
769 1428 926 1483 τοῦτο
956 1431 1185 1486 ποιοῦσι.
1216 1431 1341 1495 Πῶς
1376 1428 1468 1485 οὖν
1502 1432 1792 1502 διακρίνω-

230 1534 329 1587 μεν
351 1516 450 1587 τὴν
480 1515 629 1570 θείαν
654 1520 748 1570 καὶ
778 1517 1061 1592 βασιλικὴν
1086 1521 1317 1592 ἄσκησιν
1348 1526 1445 1595 τῆς
1469 1528 1793 1596 τυραννικῆς

228 1607 322 1660 καὶ
369 1607 791 1678 δαιμονιώδους,;
833 1609 1010 1679 δῆλον,
1049 1611 1124 1675 ὡς
1154 1613 1262 1666 ἀπὸ
1292 1614 1389 1684 τῆς
1429 1616 1788 1687 συμμετρίας.

229 1697 409 1760 "Asta;
442 1714 525 1751 σοι
555 1699 583 1750 ὁ
612 1699 799 1770 χρόνος
841 1695 922 1762 εἷς
976 1699 1156 1754 κανὼν
1196 1704 1446 1772 νηστείας
1479 1705 1788 1776 ὑπαρχέτω.

226 1787 315 1858 Μὴ
367 1788 637 1860 τέσσαρας
687 1789 720 1862 ἢ
762 1789 919 1843 πέντε
959 1791 1278 1863 νηστεύσῃς,
1324 1795 1418 1847 καὶ
1468 1795 1568 1865 τὴν
1622 1795 1788 1866 ἀλλην

1902 609 2147 664 auditum
2178 608 2426 664 funditus
2456 608 2825 663 amiserimus.
2856 604 3050 663 Manus
3098 607 3350 664 laborant
3388 610 3475 664 in-

1902 694 2197 750 ﬁrmitate?
2223 704 2279 749 at
2311 694 2457 750 intus
2485 695 2688 750 adsunt
2714 710 2909 751 manus
2938 703 3141 767 paratae
3174 696 3241 751 ad
3268 698 3474 754 bellum

1898 801 2024 839 cum
2060 784 2377 841 adversario
2404 786 2722 856 gerendum.
2755 785 2941 842 Morbo
2966 794 3139 842 totum
3166 803 3367 859 corpus
3388 794 3472 845 est

1901 877 2194 935 affectum?
2221 894 2408 934 verum
2439 879 2612 950 magis
2652 880 2936 950 magisque
2978 881 3257 937 interioris
3292 882 3468 936 homi-

1898 969 1984 1024 nis
2016 971 2224 1025 sanitas
2249 978 2497 1041 augetur.

1969 1062 2092 1117 100.
2115 1062 2229 1130 (98)
2248 1062 2384 1117 Cum
2417 1063 2470 1117 in
2497 1062 2751 1118 coenobio
2776 1064 3032 1130 vivimus,
3051 1062 3469 1134 obsequentian‘i

1894 1156 2271 1210 exercitationi
2320 1164 2724 1225 praeponamus.
2760 1154 2885 1212 Haec
2915 1167 3153 1226 namque
3178 1155 3337 1212 docet
3372 1162 3468 1211 su-

1893 1249 2137 1320 perbiam
2158 1266 2173 1316 ;
2198 1249 2291 1307 illa
2315 1265 2444 1304 vero
2474 1249 2837 1306 humilitatem
2868 1249 3174 1320 pollicetur.
3197 1238 3461 1305 Caeterum

1892 1339 2060 1395 etiam
2088 1337 2155 1393 ab
2200 1337 2423 1393 inimico
2451 1338 2696 1393 exoritur
2733 1338 2902 1393 ardua
2940 1338 3274 1393 exercitatio.
3326 1336 3460 1391 Nam

1893 1430 2128 1500 idipsum
2157 1429 2276 1498 ejus
2298 1427 2556 1497 discipuli
2584 1434 2864 1498 praestant.
2890 1426 3008 1493 Qua
3033 1428 3197 1498 igitur
3223 1436 3350 1482 nota
3378 1426 3468 1480 di—'

1890 1521 2071 1576 vinam
2104 1519 2417 1591 regiamque
2442 1518 2887 1575 exercitationem
2920 1534 2950 1571 a
2977 1519 3257 1590 tyrannica
3281 1526 3334 1573 et
3353 1518 3463 1573 da:-

1890 1609 2141 1664 moniaca
2188 1607 2665 1663 internoscemus?
2721 1608 2910 1677 utique
2959 1623 3025 1661 ex
3066 1608 3466 1664 moderatione:

1889 1699 1994 1755 Per
2026 1708 2196 1755 totum
2222 1701 2346 1754 vita:
2374 1706 2483 1753 tua:
2506 1706 2722 1769 tempus
2753 1715 2859 1753 una
2885 1698 2956 1754 sit
2987 1699 3083 1752 tibi
3115 1700 3298 1771 regula
3317 1699 3462 1768 jeju-

1891 1790 1989 1843 nii.
2015 1788 2092 1844 Ne
2121 1796 2354 1859 quatuor
2398 1798 2491 1842 aut
2520 1790 2760 1858 quinque
2784 1787 2901 1844 dies
2935 1803 2965 1842 a
3008 1789 3131 1843 cibo
3162 1790 3456 1852 abstineas,

226 1882 424 1954 πλήθει
464 1884 679 1956 τροφῶν
735 1884 1041 1959 καταλύσῃς
1084 1887 1178 1958 τὴν
1210 1887 1453 1961 δύναμιν.
1494 1890 1662 1944 Τοῦτο
1692 1891 1786 1962 ήδὺ

1891 1894 1944 1938 et
1972 1883 2291 1953 insequente
2325 1882 2413 1937 die
2440 1897 2536 1953 per
2571 1885 2819 1937 ciborum
2866 1883 3158 1953 ingluviem
3189 1883 3460 1939 dissolvas

223 1974 301 2044 τῷ
325 1973 524 2047 ἐχθρῷ.
550 1975 831 2046 Πανταχοῦ
853 1976 1136 2048 ήάμετρία
1161 1977 1479 2051 φθοροποιὺς
1507 1973 1784 2052 τυγχάνει.

221 2066 313 2137 Μὴ
345 2067 436 2136 ὑφ’
462 2068 522 2120 ἒν
545 2083 635 2120 σου
676 2067 747 2121 τά
772 2068 912 2121 ὅπλα
956 2068 1258 2144 ἀναλώσῃς,
1286 2073 1380 2125 καὶ
1406 2072 1612 2145 γυμνὸς
1635 2075 1791 2145 εὑρε-

223 2154 336 2218 θεὶς
362 2157 422 2209 ὲν
449 2156 528 2228 τῷ
549 2157 768 2229 πολέμῳ
796 2159 1062 2225 εὐάλωτος
1107 2163 1330 2236 γενήσῃ.
1360 2164 1440 2217 Τά
1458 2165 1598 2219 ὅπλα
1631 2165 1788 2236 ήμῶν

220 2245 338 2299 ἐστι
370 2246 432 2299 τὸ
455 2246 639 2319 σῶμα-
672 2249 780 2320 ήδὲ
800 2250 945 2322 ψυχὴ
983 2252 1012 2304 ό
1036 2252 1400 2325 στρατιώτης·
1426 2254 1521 2308 καὶ
1540 2255 1647 2308 τῶν
1677 2258 1787 2327 ἀμ-

221 2335 466 2408 φοτέρων
512 2338 769 2410 ἐπιμελοῦ
822 2342 960 2415 πρὸς
1000 2341 1097 2407 τὰς
1138 2343 1346 2414 χρείας.
1398 2344 1536 2410 Νέος
1575 2345 1650 2399 ὢν
1693 2346 1789 2399 καὶ

219 2426 398 2499 ὑγιὴς,
438 2428 748 2499 νήστευσον.
792 2432 947 2497 Ἥξει
983 2434 1092 2506 γὰρ
1129 2435 1189 2489 τὸ
1222 2435 1398 2507 γῆρας
1447 2436 1585 2506 μετά
1614 2436 1788 2490 ἀσθε-

217 2521 385 2584 νείας.
430 2523 516 2585 Ὠς
571 2522 721 2597 δύνῃ,
756 2523 1082 2597 θησαύρισον
1123 2527 1345 2599 τροφὰς,
1374 2527 1481 2591 ἵνα,
1521 2529 1593 2600 μὴ
1625 2529 1784 2582 δυνά-

221 2630 400 2684 μενος,
444 2613 629 2686 εὕρῃς.
701 2616 945 2688 Νήστευε
994 2618 1130 2688 μετά
1166 2617 1324 2686 λόγου
1357 2620 1453 2673 καὶ
1478 2621 1782 2691 ἀκριϐείας.

220 2706 366 2777 ὐρα
408 2706 482 2776 μὴ
517 2709 546 2760 ὁ
582 2706 772 2779 ὲχθρδς
809 2709 1093 2783 ἐπεισέλθῃ
1141 2712 1206 2781 τῇ
1276 2711 1513 2782 ἐμπορίᾳ
1550 2711 1651 2782 τῆς
1692 2731 1787 2783 νη·-

219 2795 440 2860 στείαςο
497 2798 589 2850 καὶ
644 2796 785 2868 τάχα
820 2796 971 2870 οἶμαι
1009 2800 1137 2871 περὶ
1185 2799 1374 2854 τούτου
1416 2801 1510 2854 τὸν
1556 2801 1787 2872 Σωτῆρα

215 2886 496 2957 εἰρηκέναι
518 2886 594 2939 τό·
613 2886 867 2943 Γίνεσθε
886 2887 1118 2958 δόκιμοι
1142 2884 1495 2958 τραπεζῖταν
1515 2890 1781 2955 τουτέστι,

213 2978 275 3031 τὸ
306 2977 580 3047 βασιλικὸν
613 2978 876 3050 χάραγμα
913 2977 1155 3050 ἀκριϐῶς
1186 2977 1500 3047 γινώσκετε·
1540 2978 1646 3031 εἰσὶ
1676 2978 1786 3049 γὰρ

213 3069 309 3122 καὶ
368 3067 876 3139 πραχαράγματαο
912 3069 1006 3122 καὶ
1043 3069 1076 3138 ἡ
1110 3068 1209 3138 μὲν
1239 3066 1333 3121 τοῦ
1362 3067 1563 3139 χρυσοῦ
1621 3067 1783 3138 φύσις

213 3164 251 3229 ὴ
284 3158 445 3230 αὑτὴ.
487 3158 729 3231 διαφέρει
773 3158 829 3213 δὲ
852 3159 930 3231 τῷ
967 3161 1299 3232 χαράγματι.
1352 3160 1410 3213 Ὀ
1446 3160 1544 3232 μὲν
1586 3161 1784 3233 χρυσός

1892 1974 2035 2031 vires
2064 1982 2209 2032 tuas.
2243 1975 2298 2030 Id
2326 1975 2727 2045 periucundum
2774 1974 2998 2029 inimico
3031 1984 3135 2030 est.
3167 1972 3305 2040 Quia
3337 1975 3466 2029 ubi-‘

1890 2081 1997 2134 que
2035 2064 2417 2120 immoderatio
2457 2064 2759 2136 perniciem
2817 2063 2993 2120 allert.
3036 2063 3153 2117 Noli
3184 2078 3335 2118 arma
3367 2073 3460 2118 tua

1891 2172 1999 2211 una
2029 2164 2237 2214 tantum
2270 2173 2450 2228 pugna
2479 2157 2777 2221 insumere,
2808 2172 2877 2212 ne
2909 2158 2955 2213 si
2982 2157 3161 2211 nudus
3195 2157 3250 2210 in
3276 2158 3469 2228 praalio‘

1890 2250 2201 2320 reperiaris,
2252 2250 2427 2306 facilis
2468 2260 2629 2319 captu
2675 2249 2772 2305 sis.
2822 2249 2987 2302 Arma
3032 2256 3222 2304 nostra
3260 2265 3461 2321 corpus

1890 2346 2046 2406 sunt;
2085 2340 2265 2394 anima
2300 2355 2429 2395 vero
2466 2341 2622 2394 miles
2653 2358 2667 2393 :
2700 2337 2992 2415 utriusque
3020 2353 3215 2393 curam
3241 2354 3366 2408 gere
3393 2340 3467 2394 ad

1889 2432 2236 2488 necessitatis
2270 2440 2507 2502 tempus.
2539 2431 2674 2485 Dum
2701 2430 2921 2500 juvenis
2954 2446 3234 2501 sanusque
3262 2446 3342 2494 es,
3373 2430 3468 2501 je-'

1882 2524 2038 2593 juna.
2076 2522 2266 2579 Veniet
2292 2538 2527 2592 namque
2555 2522 2649 2577 tibi
2681 2528 2936 2578 senectus
2966 2536 3090 2577 cum
3122 2522 3463 2579 infirmitate;

1887 2615 2117 2682 Quando
2147 2625 2323 2686 potes.
2355 2617 2589 2671 reconde
2620 2617 2716 2670 tibi
2747 2617 2936 2684 cibos;
2969 2625 3028 2672 ut
3061 2632 3187 2673 cum
3221 2633 3327 2672 non
3363 2626 3464 2687 po-'

1886 2707 2020 2763 teris
2048 2707 2300 2777 amplius,
2344 2708 2591 2763 invenias
2634 2709 2803 2779 ipsos.
2848 2708 3043 2779 Jejuna
3078 2724 3204 2765 cum
3248 2710 3467 2764 ratione

1887 2803 1941 2850 et
1967 2794 2261 2866 diligentia.
2292 2795 2436 2851 Cave
2468 2813 2536 2851 ne
2576 2797 2832 2852 inimicus
2873 2798 3070 2868 jejunii
3101 2798 3180 2853 tui
3212 2798 3462 2868 negotia-3

1885 2888 2086 2942 tionem
2127 2887 2316 2943 subeat
2372 2906 2385 2942 :
2439 2887 2764 2959 videturque
2820 2890 2953 2943 mihi
3001 2905 3065 2945 ea
3112 2890 3342 2946 forsitan
3391 2889 3469 2944 de’

1886 2973 2053 3033 causa
2083 2977 2288 3032 dictum
2327 2977 2497 3034 fuisse
2526 2994 2557 3033 a
2590 2978 2871 3050 Salvatore
2898 2999 2912 3037 :
2950 2979 3130 3035 Estole
3166 2979 3314 3050 probi
3343 2989 3460 3032 Ira-

1883 3070 2065 3137 pezitw
2081 3068 2190 3141 (99)
2207 3085 2222 3135 ;
2238 3068 2340 3123 hoc
2365 3075 2472 3135 est,
2493 3069 2655 3139 regiae
2683 3047 2914 3126 moneta:
2935 3047 3344 3141 impressionem
3368 3084 3462 3125 ac-'

1886 3167 2077 3214 curate
2097 3158 2411 3228 cognoscite
2442 3176 2457 3214 :
2489 3159 2615 3228 quia
2649 3167 2779 3213 sunt
2800 3160 2962 3214 etiam
2991 3158 3283 3214 adulterini
3306 3172 3468 3212 num-'

211 3253 332 3306 ἐστι
397 3252 638 3322 νηστεία.
703 3252 1018 3324 ἐγκράτεια,
1076 3251 1444 3325 ἐλεημοσύνη·
1500 3253 1638 3308 ἀλλά
1689 3255 1783 3307 καὶ

1888 3252 1979 3305 nti.
2006 3250 2184 3321 Atque
2215 3252 2336 3305 auri
2357 3251 2576 3320 quidem
2603 3258 2799 3305 natura
2829 3250 3039 3318 eadem,
3068 3249 3248 3305 dill'ert
3277 3255 3467 3305 autem’

226 3343 494 3415 Ἑλλήνων
532 3344 716 3407 παῖδες
742 3345 841 3417 τὴν
868 3345 1193 3415 τυραννικὴν
1235 3343 1413 3398 αὐτῶν
1456 3346 1638 3399 εἰκόνα
1663 3346 1785 3398 τού-

211 3453 327 3501 τοις
372 3436 689 3500 ἐντίθενται,
721 3437 817 3489 καὶ
845 3436 1108 3508 αίρετικοὶ
1144 3435 1200 3488 δὲ
1233 3436 1431 3497 πάντες
1456 3435 1545 3489 διὰ
1579 3435 1784 3489 τούτων

215 3527 592 3598 σεμνύνονται.
641 3528 802 3599 Ὀρᾷν
861 3525 919 3581 δὲ
955 3527 1037 3580 δεῖ
1062 3526 1305 3592 τούτους,
1335 3526 1429 3579 καὶ
1452 3525 1783 3595 ἀποφεύγειν

213 3620 289 3682 ὡς
325 3618 773 3690 παραχαράκτας.
806 3617 982 3672 Βλέπε
1020 3617 1117 3688 μὴ,
1158 3615 1520 3686 ἀγυμνάστως
1557 3632 1784 3686 περιπε-

217 3709 325 3762 σὼν
364 3710 569 3772 αὐτοῖς,
602 3707 901 3780 ζημιωθῇς.
961 3708 1125 3777 Δέχου
1174 3700 1266 3758 οὖν
1306 3704 1445 3775 μετὰ
1480 3704 1784 3774 ἀσφαλείας

211 3800 305 3854 τὸν
364 3798 462 3852 τοῦ
537 3796 771 3869 Χριστοῦ
828 3797 1058 3869 σταυρὸν
1110 3793 1597 3865 διεντετυπωμένον
1662 3797 1782 3858 ταῖς

211 3891 468 3961 ἀρεταῖς·
530 3891 811 3954 τουτέστι,
887 3890 1068 3944 πίστιν
1119 3887 1286 3959 ὀρθὴν
1358 3884 1497 3955 μετὰ
1570 3884 1781 3955 σεμνῶν

211 3980 490 4044 πράξεων.

287 4154 406 4210 101.
435 4149 526 4206 Δεῖ
563 4154 709 4224 ἡμᾶς
747 4151 897 4225 πάσῃ
932 4141 1197 4223 διακρίσει
1242 4149 1511 4222 κυδερνᾷν
1545 4150 1642 4220 τὴν
1682 4150 1783 4219 ψυ-

209 4247 330 4320 χὴν,
352 4247 448 4300 καὶ
466 4248 523 4297 ὲν
540 4245 788 4316 κοινοὸίῳ
808 4244 992 4308 οὔσας,
1015 4244 1089 4314 μὴ
1103 4242 1174 4296 τὰ
1189 4242 1397 4296 ἑαυτῶν
1419 4242 1620 4313 ζητεῖν,
1644 4246 1779 4314 μήτε

211 4340 320 4410 μὴν
371 4337 546 4409 οἰκείᾳ
601 4335 867 4390 δουλεύειν
915 4334 1128 4407 γνώμῃ,
1165 4333 1299 4387 ἀλλὰ
1330 4335 1397 4405 τῇ
1435 4332 1577 4387 κατά
1601 4333 1781 4387 πίστιν

209 4429 381 4502 μητρὶ
435 4428 764 4499 πειθαρχεῖν.
827 4426 1041 4499 Ἐξορίᾳ
1094 4428 1290 4490 ἑαυτὰς
1342 4425 1734 4498 παρεδώκαμεν
1763 4441 1777 4455 °

1885 3347 2153 3416 impresso
2182 3346 2358 3416 signo.
2394 3346 2603 3400 Aurum
2650 3354 2735 3402 est
2764 3345 3059 3416 jejunium,
3092 3342 3459 3409 continentia,

1884 3429 2248 3499 eleemosyna.
2279 3426 2386 3483 Sed
2410 3428 2512 3498 ipsi
2531 3431 2762 3500 gentiles
2784 3429 3123 3500 tyrannicam
3148 3431 3461 3484 suamima-

1882 3520 2060 3589 ginem
2099 3519 2253 3574 hisce
2288 3520 2627 3589 imprimunt,
2670 3536 2970 3591 omnesque
2996 3521 3240 3577 haeretici
3272 3522 3339 3577 de
3362 3522 3463 3576 iis-‘

1883 3608 2003 3661 dem
2083 3607 2409 3678 gloriantur.
2490 3607 2630 3664 Istos
2692 3618 2872 3663 autem
2930 3622 3126 3664 cavere
3178 3609 3469 3678 vitareque

1882 3705 2097 3769 oportet
2132 3706 2390 3768 tanquam
2425 3697 2577 3754 falsae
2605 3707 2836 3754 monetae
2892 3714 3268 3771 percussores.
3321 3699 3467 3758 Videf

1883 3808 1952 3848 ne
1982 3793 2037 3847 in
2068 3806 2163 3847 eos
2212 3791 2460 3862 imperite
2504 3790 2782 3860 delapsus,
2817 3790 3144 3846 detrimento
3177 3789 3456 3847 alliciaris.

1883 3885 2082 3954 Accipe
2138 3882 2303 3953 igitur
2330 3897 2455 3936 cum
2507 3881 2803 3937 securitate
2842 3881 3058 3937 Domini
3084 3896 3323 3947 crucem,
3355 3882 3461 3938 im-

1882 3975 2089 4046 pressis
2118 3974 2416 4028 virtutibus
2456 3972 2770 4043 sigillalam,
2809 3973 2865 4028 id
2903 3981 3007 4041 est,
3055 3971 3215 4029 ﬁdem
3251 3982 3466 4030 rectam

1882 4080 2005 4121 cum
2045 4064 2205 4118 bonis
2239 4063 2518 4133 operibus.

1955 4153 2077 4207 101.
2106 4151 2181 4224 (l)
2212 4151 2437 4221 Oportet
2465 4168 2566 4208 nos
2612 4167 2735 4207 cum
2775 4154 2928 4208 omni
2959 4155 3315 4218 discretione.
3332 4157 3460 4212 ani-

1882 4259 2025 4299 mam
2058 4259 2264 4315 regere,
2293 4253 2346 4299 et
2373 4244 2427 4299 in
2459 4244 2713 4300 coenobio
2735 4259 2859 4299 cum
2891 4262 3106 4313 sumus,
3135 4263 3247 4303 non
3270 4258 3467 4304 nostra

1882 4352 2147 4407 quaerere,
2180 4353 2358 4408 neque
2389 4339 2627 4409 propriae
2662 4338 2931 4394 voluntati
2964 4339 3249 4408 famulari;
3281 4341 3377 4397 sed
3407 4342 3459 4397 ei

1882 4444 2003 4498 quat
2031 4428 2333 4485 secundum
2357 4428 2516 4485 ﬁdem
2547 4439 2725 4486 mater
2748 4440 2833 4488 est
2860 4433 3261 4504 obtemperare.
3296 4432 3465 4490 Επεὶ-ι’

204 4521 453 4575 τουτέστι
482 4519 587 4573 τῶν
622 4519 900 4590 κοσμικῶν
925 4520 1065 4588 ὅρων
1097 4517 1200 4584 ἔξω
1219 4518 1543 4590 ἐγενόμεθα·
1584 4516 1779 4571 οὐκοῦν

1888 4519 1958 4573 lio
1988 4534 2090 4574 nos
2120 4520 2270 4590 ipsas
2304 4521 2726 4588 mulctavimus;
2753 4523 2806 4577 id
2833 4533 2937 4587 est,
2967 4532 3121 4579 extra
3146 4523 3337 4579 mundi
3392 4525 3465 4580 li-'

203 4611 588 4683 ὲκὸεόλήμεθα
612 4626 625 4638 ·
656 4574 740 4682 μὴ.
773 4611 843 4664 τὰ
866 4574 1003 4663 αὐτ-ἀ
1035 4574 1390 4680 ζητησωμεν..
1431 4611 1577 4663 Ἐκεῖ
1619 4609 1776 4675 δόξαν

1888 4611 2044 4666 mites
2080 4611 2370 4668 exivimus.
2424 4609 2595 4683 Igitur
2635 4615 2821 4684 ejecta:
2855 4629 3048 4670 sumus
3091 4630 3107 4666 :
3157 4614 3346 4670 eadem
3387 4622 3465 4670 ne

203 4697 553 4775 εῐχομεν,ὦδε
586 4700 883 4771 ὀνειδισμὸν
907 4718 918 4731 δ
949 4701 1065 4752 ἐκεῖ
1093 4698 1369 4767 δαψίλειαν
1399 4698 1636 4770 τροφῶν,
1673 4693 1776 4753 ὧδε

1888 4704 2252 4773 requiramus.
2299 4702 2415 4757 lllic
2456 4704 2682 4774 gloriam
2734 4704 3047 4769 habuimus,
3098 4704 3189 4759 hic
3226 4704 3458 4776 ignomi-

203 4797 299 4851 καὶ
324 4796 422 4849 τοῦ
469 4795 633 4865 ἄρτου
673 4793 898 4848 ἔνδειαν.
938 4793 1028 4845 Ἐν
1058 4789 1134 4862 τῷ
1164 4791 1356 4862 κόσμῳ
1386 4792 1435 4844 οἱ
1469 4791 1777 4856 πταίοντες,

1888 4796 2031 4849 niam
2058 4814 2072 4849 :
2102 4795 2214 4852 illic
2240 4796 2491 4849 ciborum
2515 4795 2750 4865 copiam,
2771 4795 2861 4850 hic
2890 4795 3048 4863 panis
3074 4794 3461 4866 indigentiam.-

202 4888 301 4941 καὶ⁵
329 4886 411 4958 μὴ
442 4884 749 4956 βουλόμενοι
775 4885 856 4949 είς
880 4883 1122 4955 φυλακὴν
1153 4880 1433 4953 βάλλονται
1456 4895 1468 4908 ⁸
1502 4882 1595 4935 καὶ
1615 4883 1777 4953 ἡμεῖς

1888 4886 1944 4940 In
1984 4886 2193 4941 mundo
2226 4886 2321 4957 qui
2367 4886 2423 4941 in
2461 4887 2669 4943 crimen
2710 4887 2916 4957 delapsi
2954 4895 3107 4953 sunt,
3150 4888 3238 4944 vel
3301 4888 3465 4942 inviti

200 4979 292 5034 διὰ
310 4978 412 5041 τὰς
440 4979 713 5050 ἁμαρτίας
745 4976 901 5048 ἡμῶν
930 4975 1124 5037 ἑαυτὰς
1151 4974 1556 5046 φυλακίσωμεν,
1592 4975 1680 5028 ἵνα
1717 4974 1780 5027 τὸ

1888 4977 2091 5032 carceri
2141 4978 2525 5049 mancipantur
2551 4996 2576 5033 :~
2596 4993 2699 5034 nos
2742 4993 2959 5048 quoque
3003 4981 3075 5034 ob
3103 4989 3325 5050 peccata
3354 4993 3469 5034 nua

201 5069 451 5124 ἑκούσιον
493 5068 592 5140 τῆς
629 5065 853 5141 γνώμης
899 5067 996 5139 τὴν
1054 5063 1348 5138 μέλλουσαν
1375 5064 1599 5120 κόλασιν
1636 5064 1779 5118 ἀπο-

1888 5077 2000 5125 stra
2034 5069 2089 5123 in
2131 5070 2438 5125 custodiam
2486 5086 2590 5127 nos
2627 5070 2995 5138 intrudamus,
3039 5080 3100 5126 ut
3146 5073 3463 5146 voluntaria

203 5162 435 5234 σοὸήσῃ.
1885 5173 2047 5229 poena
2077 5158 2318 5213 futurum
2348 5159 2583 5230 depellat
2608 5161 2965 5232 Supplicium.

271 5253 398 5308 102.
429 5250 761 5322 Νηστεύειςς
797 5248 871 5322 μὴ
911 5247 1220 5321 προφασίσῃ
1249 5247 1419 5301 νόσον.
1446 5248 1562 5301 Καὶ
1583 5246 1692 5318 γὰρ
1722 5248 1772 5300 οἱ

1956 5249 2078 5305 102.
2106 5248 2370 5320 Jejunas?
2390 5269 2460 5308 ne
2488 5255 2737 5309 morbum
2759 5252 3218 5310 comminiscaris.
3240 5252 3461 5308 Etenim

204 5346 288 5418 μὴ
307 5343 657 5418 νηστεύοντες
710 5344 820 5406 τοῖς
868 5341 1050 5403 αὐτοῖς
1088 5339 1411 5410 περιέπεσον
1444 5339 1786 5410 νοσήμασιν.ι

1888 5343 2047 5399 etiam
2078 5342 2171 5412 qui
2198 5358 2309 5397 non
2333 5344 2606 5413 jejunant,
2629 5345 2696 5399 'in
2719 5345 2938 5401 easdem
2962 5344 3209 5401 incidunt
3224 5343 3461 5416 aegr-itus

202 5437 394 5511 Ἥρξω
460 5434 556 5490 τοῦ
594 5433 793 5499 καλοῦ;
829 5432 902 5504 μὴ
951 5430 1322 5503 ἀναχαιτίσῃς,
1361 5429 1455 5482 τοῦ
1490 5429 1685 5502 ἐχθροῦ
1714 5447 1775 5485 σε

1888 5430 2059 5493 dines.
2117 5431 2327 5486 Bonum
2374 5432 2599 5489 iniisti?
2637 5448 2708 5489 ne
2750 5434 2989 5500 res‘ilias,
3021 5434 3150 5489 dum
3197 5432 3461 5489 inimicus

198 5531 575 5601 ἐγκύπτοντος.
598 5526 767 5591 Αὐτὸς
781 5526 888 5597 γάρ
901 5525 967 5595 τῇ
980 5522 1224 5594 ὑπομονῇ
1251 5537 1343 5575 σου
1375 5523 1733 5594 καταργεῖται
1759 5526 1781 5553 ’λ

1888 5524 1984 5578 tibi
2010 5523 2195 5580 obices
2216 5532 2391 5594 parat.
2417 5524 2538 5595 lpse
2558 5540 2796 5598 namque
2818 5527 3080 5597 patientia
3102 5524 3197 5582 tua
3224 5527 3468 5585 destruit

148 5616 179 5645 Ι

198 5756 235 5812 Δ
264 5644 383 5810 ἔτι)
414 5685 474 5741 ln
507 5682 642 5739 vni.
663 5680 775 5737 pp.
802 5681 839 5736 1.
865 5696 925 5748 ν,
953 5679 1041 5747 ιι,
1066 5679 1131 5737 9.-
1152 5676 1346 5734 Schol.
1367 5676 1469 5748 97,
1496 5678 1563 5735 ad
1590 5675 1769 5735 ονεσι-

329 5772 421 5811 ηιγ.

329 5772 421 5811 ιιιγ.

1946 5676 2299 5755 (ρῳ-θεῇσι)
2327 5680 2651 5755 dictoszepe
2675 5689 2856 5755 actum
2890 5673 2973 5741 est
3000 5685 3289 5755 superine

1956 5747 2121 5820 (mn
2159 5749 2287 5805 Viti:
2324 5749 2440 5807 PP.
2476 5753 2513 5809 ι.
2547 5747 2611 5819 γ’,
2636 5754 2725 5820 ιιι,
2762 5753 2851 5808 47.
