  <div class='ocr_page' id='page_1' title='image "/cluster/home/n/w/nwhite01/storage/ocr_20150623/28/hvd.32044019207737/793.png"; bbox 0 0 4032 6376; ppageno 0'>
   <div class='ocr_carea' id='block_1_1' title="bbox 1640 317 2136 446">
    <p class='ocr_par' dir='ltr' id='par_1_1' title="bbox 1640 379 2135 446">
     <span class='ocr_line' id='line_1_1' title="bbox 1640 379 2135 446; baseline -0.022 0"><span class='ocrx_word' id='word_1_1' title='bbox 1640 393 1696 446; x_wconf 83' lang='lat' dir='ltr'><strong>S.</strong></span> <span class='ocrx_word' id='word_1_2' title='bbox 1741 382 1971 443; x_wconf 78' lang='lat' dir='ltr'><strong>ATHAN</strong></span> <span class='ocrx_word' id='word_1_3' title='bbox 1980 379 2135 438; x_wconf 79' lang='lat' dir='ltr'><strong>ASIU</strong></span> 
     </span>
    </p>
   </div>
   <div class='ocr_carea' id='block_1_2' title="bbox 2235 317 3750 446">
    <p class='ocr_par' dir='ltr' id='par_1_2' title="bbox 2243 317 3750 429">
     <span class='ocr_line' id='line_1_2' title="bbox 2243 317 3750 429; baseline -0.032 3"><span class='ocrx_word' id='word_1_4' title='bbox 2243 407 2314 420; x_wconf 83' lang='grc'><strong>-</strong></span> <span class='ocrx_word' id='word_1_5' title='bbox 2355 369 2626 427; x_wconf 73' lang='lat' dir='ltr'><strong>SPURIA.</strong></span> <span class='ocrx_word' id='word_1_6' title='bbox 3023 425 3028 429; x_wconf 94' lang='lat'>_</span> <span class='ocrx_word' id='word_1_7' title='bbox 3159 317 3174 326; x_wconf 82' lang='grc'><em>’</em></span> <span class='ocrx_word' id='word_1_8' title='bbox 3618 331 3750 388; x_wconf 67' lang='grc' dir='ltr'>ιεεςε</span> 
     </span>
    </p>
   </div>
   <div class='ocr_carea' id='block_1_3' title="bbox 519 450 2136 598">
    <p class='ocr_par' dir='ltr' id='par_1_3' title="bbox 519 450 2136 598">
     <span class='ocr_line' id='line_1_3' title="bbox 519 450 648 478; baseline 0 -2"><span class='ocrx_word' id='word_1_9' title='bbox 519 450 648 478; x_wconf 69' lang='grc' dir='ltr'><strong>ἸθυΙ</strong></span> 
     </span>
     <span class='ocr_line' id='line_1_4' title="bbox 519 497 2136 598; baseline -0.026 -8"><span class='ocrx_word' id='word_1_10' title='bbox 519 546 628 591; x_wconf 92' lang='lat' dir='ltr'><strong>tur.</strong></span> <span class='ocrx_word' id='word_1_11' title='bbox 649 529 784 587; x_wconf 83' lang='lat' dir='ltr'><strong>Nam</strong></span> <span class='ocrx_word' id='word_1_12' title='bbox 806 527 897 598; x_wconf 99' lang='lat' dir='ltr'><strong>qui</strong></span> <span class='ocrx_word' id='word_1_13' title='bbox 923 521 1178 590; x_wconf 74' lang='lat' dir='ltr'><strong>navigare</strong></span> <span class='ocrx_word' id='word_1_14' title='bbox 1203 509 1672 588; x_wconf 75' lang='lat' dir='ltr'><strong>639incipiunt,</strong></span> <span class='ocrx_word' id='word_1_15' title='bbox 1701 503 1937 574; x_wconf 89' lang='lat' dir='ltr'><strong>primum</strong></span> <span class='ocrx_word' id='word_1_16' title='bbox 1963 497 2083 568; x_wconf 81' lang='lat' dir='ltr'><strong>qui-</strong></span> <span class='ocrx_word' id='word_1_17' title='bbox 2110 500 2136 557; x_wconf 72' lang='grc' dir='ltr'><strong><em>Α</em></strong></span> 
     </span>
    </p>
   </div>
   <div class='ocr_carea' id='block_1_4' title="bbox 2235 450 3751 598">
    <p class='ocr_par' dir='ltr' id='par_1_4' title="bbox 2235 450 3751 598">
     <span class='ocr_line' id='line_1_5' title="bbox 2235 450 3751 559; baseline -0.029 -15"><span class='ocrx_word' id='word_1_18' title='bbox 2235 492 2276 544; x_wconf 67' lang='grc' dir='ltr'>ιὶ</span> <span class='ocrx_word' id='word_1_19' title='bbox 2307 488 2414 559; x_wconf 83' lang='grc' dir='ltr'><strong>γάρ</strong></span> <span class='ocrx_word' id='word_1_20' title='bbox 2441 487 2490 538; x_wconf 80' lang='lat' dir='ltr'><strong>oi</strong></span> <span class='ocrx_word' id='word_1_21' title='bbox 2520 483 2668 535; x_wconf 86' lang='grc' dir='ltr'>πλεῖν</span> <span class='ocrx_word' id='word_1_22' title='bbox 2694 474 3001 548; x_wconf 81' lang='grc' dir='ltr'>ἀρχόμενοι,</span> <span class='ocrx_word' id='word_1_23' title='bbox 3035 466 3254 540; x_wconf 85' lang='grc' dir='ltr'>πρῶτον</span> <span class='ocrx_word' id='word_1_24' title='bbox 3275 461 3371 532; x_wconf 80' lang='grc' dir='ltr'>μὲν</span> <span class='ocrx_word' id='word_1_25' title='bbox 3388 451 3563 522; x_wconf 80' lang='grc' dir='ltr'>δεξιοῦ</span> <span class='ocrx_word' id='word_1_26' title='bbox 3597 450 3751 505; x_wconf 84' lang='grc' dir='ltr'>πνεύ-</span> 
     </span>
     <span class='ocr_line' id='line_1_6' title="bbox 2399 539 3751 598; baseline -0.007 5"><span class='ocrx_word' id='word_1_27' title='bbox 2399 575 2716 598; x_wconf 48' lang='grc' dir='ltr'><strong>-η----ι..-..-.</strong></span> <span class='ocrx_word' id='word_1_28' title='bbox 2778 563 3124 598; x_wconf 50' lang='lat' dir='ltr'><strong>annum...ch</strong></span> <span class='ocrx_word' id='word_1_29' title='bbox 3159 555 3234 598; x_wconf 71' lang='grc' dir='ltr'><strong>τὰ</strong></span> <span class='ocrx_word' id='word_1_30' title='bbox 3302 549 3484 598; x_wconf 65' lang='grc' dir='ltr'>ἱστία·</span> <span class='ocrx_word' id='word_1_31' title='bbox 3513 539 3667 598; x_wconf 81' lang='grc' dir='ltr'>αὖθις</span> <span class='ocrx_word' id='word_1_32' title='bbox 3703 541 3751 593; x_wconf 65' lang='grc' dir='ltr'>δὲ</span> 
     </span>
    </p>
   </div>
   <div class='ocr_carea' id='block_1_5' title="bbox 519 592 2080 685">
    <p class='ocr_par' dir='ltr' id='par_1_5' title="bbox 519 592 2080 685">
     <span class='ocr_line' id='line_1_7' title="bbox 519 592 2080 685; baseline -0.028 -1"><span class='ocrx_word' id='word_1_33' title='bbox 519 631 642 685; x_wconf 90' lang='lat' dir='ltr'><strong>dem</strong></span> <span class='ocrx_word' id='word_1_34' title='bbox 671 619 912 680; x_wconf 92' lang='lat' dir='ltr'><strong>secundo</strong></span> <span class='ocrx_word' id='word_1_35' title='bbox 939 623 1168 670; x_wconf 88' lang='lat' dir='ltr'><strong>utuntur</strong></span> <span class='ocrx_word' id='word_1_36' title='bbox 1197 616 1381 670; x_wconf 90' lang='lat' dir='ltr'><strong>vento,</strong></span> <span class='ocrx_word' id='word_1_37' title='bbox 1408 617 1532 659; x_wconf 87' lang='lat' dir='ltr'><strong>cum</strong></span> <span class='ocrx_word' id='word_1_38' title='bbox 1555 599 1671 655; x_wconf 88' lang='lat' dir='ltr'><strong>vela</strong></span> <span class='ocrx_word' id='word_1_39' title='bbox 1692 592 2041 666; x_wconf 80' lang='lat' dir='ltr'><strong>expanserint</strong></span> <span class='ocrx_word' id='word_1_40' title='bbox 2069 608 2080 641; x_wconf 94' lang='lat'>:</span> 
     </span>
    </p>
   </div>
   <div class='ocr_carea' id='block_1_6' title="bbox 525 689 2086 788">
    <p class='ocr_par' dir='ltr' id='par_1_6' title="bbox 525 689 2086 788">
     <span class='ocr_line' id='line_1_8' title="bbox 525 689 2086 788; baseline -0.029 -14"><span class='ocrx_word' id='word_1_41' title='bbox 525 725 715 788; x_wconf 88' lang='lat' dir='ltr'><strong>postea</strong></span> <span class='ocrx_word' id='word_1_42' title='bbox 742 726 873 767; x_wconf 88' lang='lat' dir='ltr'><strong>vero</strong></span> <span class='ocrx_word' id='word_1_43' title='bbox 892 713 1087 762; x_wconf 71' lang='lat' dir='ltr'><strong>ventus</strong></span> <span class='ocrx_word' id='word_1_44' title='bbox 1115 697 1426 756; x_wconf 89' lang='lat' dir='ltr'><strong>contrarius</strong></span> <span class='ocrx_word' id='word_1_45' title='bbox 1457 695 1624 748; x_wconf 92' lang='lat' dir='ltr'><strong>instat</strong></span> <span class='ocrx_word' id='word_1_46' title='bbox 1655 707 1669 742; x_wconf 87' lang='lat'><strong>:</strong></span> <span class='ocrx_word' id='word_1_47' title='bbox 1703 691 1879 740; x_wconf 71' lang='lat' dir='ltr'><strong>nautae</strong></span> <span class='ocrx_word' id='word_1_48' title='bbox 1907 689 2086 734; x_wconf 89' lang='lat' dir='ltr'><strong>tamen</strong></span> 
     </span>
    </p>
   </div>
   <div class='ocr_carea' id='block_1_7' title="bbox 518 784 2085 875">
    <p class='ocr_par' dir='ltr' id='par_1_7' title="bbox 518 784 2085 875">
     <span class='ocr_line' id='line_1_9' title="bbox 518 784 2085 875; baseline -0.026 -14"><span class='ocrx_word' id='word_1_49' title='bbox 518 816 861 875; x_wconf 82' lang='lat' dir='ltr'><strong>nequaquam</strong></span> <span class='ocrx_word' id='word_1_50' title='bbox 886 802 1108 868; x_wconf 88' lang='lat' dir='ltr'><strong>pr0pter</strong></span> <span class='ocrx_word' id='word_1_51' title='bbox 1129 792 1471 858; x_wconf 73' lang='lat' dir='ltr'><strong>ingruentem</strong></span> <span class='ocrx_word' id='word_1_52' title='bbox 1519 787 1741 835; x_wconf 89' lang='lat' dir='ltr'><strong>ventum</strong></span> <span class='ocrx_word' id='word_1_53' title='bbox 1772 786 1964 828; x_wconf 91' lang='lat' dir='ltr'><strong>navem</strong></span> <span class='ocrx_word' id='word_1_54' title='bbox 1988 784 2085 823; x_wconf 76' lang='lat' dir='ltr'><strong>ex-</strong></span> 
     </span>
    </p>
   </div>
   <div class='ocr_carea' id='block_1_8' title="bbox 521 866 2092 961">
    <p class='ocr_par' dir='ltr' id='par_1_8' title="bbox 521 866 2092 961">
     <span class='ocr_line' id='line_1_10' title="bbox 521 866 2092 961; baseline -0.027 -7"><span class='ocrx_word' id='word_1_55' title='bbox 521 903 780 961; x_wconf 83' lang='lat' dir='ltr'><strong>onerant;</strong></span> <span class='ocrx_word' id='word_1_56' title='bbox 809 866 904 947; x_wconf 88' lang='lat' dir='ltr'><strong>sed</strong></span> <span class='ocrx_word' id='word_1_57' title='bbox 940 866 1033 942; x_wconf 84' lang='lat' dir='ltr'><strong>ubi</strong></span> <span class='ocrx_word' id='word_1_58' title='bbox 1057 883 1276 956; x_wconf 90' lang='lat' dir='ltr'><strong>paulum</strong></span> <span class='ocrx_word' id='word_1_59' title='bbox 1307 874 1631 948; x_wconf 72' lang='lat' dir='ltr'><strong>quieverint,</strong></span> <span class='ocrx_word' id='word_1_60' title='bbox 1664 869 1747 924; x_wconf 90' lang='lat' dir='ltr'><strong>vel</strong></span> <span class='ocrx_word' id='word_1_61' title='bbox 1763 866 1924 920; x_wconf 91' lang='lat' dir='ltr'><strong>etiam</strong></span> <span class='ocrx_word' id='word_1_62' title='bbox 1955 869 2092 915; x_wconf 85' lang='lat' dir='ltr'><strong>tem-</strong></span> 
     </span>
    </p>
   </div>
   <div class='ocr_carea' id='block_1_9' title="bbox 521 951 2092 1066">
    <p class='ocr_par' dir='ltr' id='par_1_9' title="bbox 521 951 2092 1066">
     <span class='ocr_line' id='line_1_11' title="bbox 521 951 2092 1066; baseline -0.027 -21"><span class='ocrx_word' id='word_1_63' title='bbox 521 988 723 1066; x_wconf 73' lang='lat' dir='ltr'><strong>pestati</strong></span> <span class='ocrx_word' id='word_1_64' title='bbox 775 979 1152 1054; x_wconf 86' lang='lat' dir='ltr'><strong>repugnarint,</strong></span> <span class='ocrx_word' id='word_1_65' title='bbox 1193 968 1596 1041; x_wconf 74' lang='lat' dir='ltr'><strong>navigationem</strong></span> <span class='ocrx_word' id='word_1_66' title='bbox 1655 957 1970 1015; x_wconf 90' lang='lat' dir='ltr'><strong>conﬁciunt.</strong></span> <span class='ocrx_word' id='word_1_67' title='bbox 2014 951 2092 1004; x_wconf 91' lang='lat' dir='ltr'><strong>Ita</strong></span> 
     </span>
     <span class='ocr_line' id='line_1_12' title="bbox 1415 1040 2090 1066; baseline -0.028 18"><span class='ocrx_word' id='word_1_68' title='bbox 1415 1059 1426 1066; x_wconf 79' lang='lat'><em>‘</em></span> <span class='ocrx_word' id='word_1_69' title='bbox 1467 1058 1498 1066; x_wconf 73' lang='lat'>&quot;</span> <span class='ocrx_word' id='word_1_70' title='bbox 1743 1065 1750 1066; x_wconf 45' lang='grc' dir='ltr'><em>κ</em></span> <span class='ocrx_word' id='word_1_71' title='bbox 1778 1063 1809 1066; x_wconf 62' lang='grc' dir='ltr'>η</span> <span class='ocrx_word' id='word_1_72' title='bbox 1849 1047 1964 1066; x_wconf 60' lang='grc' dir='ltr'><strong>Ι-ΑΑ</strong></span> <span class='ocrx_word' id='word_1_73' title='bbox 1991 1040 2090 1066; x_wconf 54' lang='lat' dir='ltr'><strong>&quot;Al:</strong></span> 
     </span>
    </p>
   </div>
   <div class='ocr_carea' id='block_1_10' title="bbox 521 1040 2093 1141">
    <p class='ocr_par' dir='ltr' id='par_1_10' title="bbox 521 1040 2093 1141">
     <span class='ocr_line' id='line_1_13' title="bbox 521 1040 1344 1066; baseline -0.026 -4"><span class='ocrx_word' id='word_1_74' title='bbox 521 1040 675 1066; x_wconf 60' lang='lat' dir='ltr'><strong>l&quot;,&quot;”</strong></span> <span class='ocrx_word' id='word_1_75' title='bbox 837 1040 853 1054; x_wconf 82' lang='grc' dir='ltr'>ι</span> <span class='ocrx_word' id='word_1_76' title='bbox 913 1040 942 1052; x_wconf 83' lang='grc' dir='ltr'>ν</span> <span class='ocrx_word' id='word_1_77' title='bbox 1337 1040 1344 1041; x_wconf 60' lang='lat'><strong><em>,</em></strong></span> 
     </span>
     <span class='ocr_line' id='line_1_14' title="bbox 521 1040 2093 1141; baseline -0.027 -5"><span class='ocrx_word' id='word_1_78' title='bbox 521 1091 574 1136; x_wconf 90' lang='lat' dir='ltr'><strong>et</strong></span> <span class='ocrx_word' id='word_1_79' title='bbox 604 1094 726 1141; x_wconf 89' lang='lat' dir='ltr'><strong>nos,</strong></span> <span class='ocrx_word' id='word_1_80' title='bbox 759 1071 1040 1130; x_wconf 88' lang='lat' dir='ltr'><strong>contrario</strong></span> <span class='ocrx_word' id='word_1_81' title='bbox 1074 1067 1314 1121; x_wconf 83' lang='lat' dir='ltr'><strong>instante</strong></span> <span class='ocrx_word' id='word_1_82' title='bbox 1348 1058 1566 1130; x_wconf 86' lang='lat' dir='ltr'><strong>spiritu,</strong></span> <span class='ocrx_word' id='word_1_83' title='bbox 1599 1063 1817 1107; x_wconf 90' lang='lat' dir='ltr'><strong>crucem</strong></span> <span class='ocrx_word' id='word_1_84' title='bbox 1849 1047 1968 1100; x_wconf 90' lang='lat' dir='ltr'><strong>loco</strong></span> <span class='ocrx_word' id='word_1_85' title='bbox 1991 1040 2093 1095; x_wconf 92' lang='lat' dir='ltr'><strong>veli</strong></span> 
     </span>
    </p>
   </div>
   <div class='ocr_carea' id='block_1_11' title="bbox 523 1143 1842 1232">
    <p class='ocr_par' dir='ltr' id='par_1_11' title="bbox 523 1143 1842 1232">
     <span class='ocr_line' id='line_1_15' title="bbox 523 1143 1842 1232; baseline -0.026 -6"><span class='ocrx_word' id='word_1_86' title='bbox 523 1172 834 1232; x_wconf 71' lang='lat' dir='ltr'><strong>tendamus,</strong></span> <span class='ocrx_word' id='word_1_87' title='bbox 873 1171 1036 1232; x_wconf 88' lang='lat' dir='ltr'><strong>atque</strong></span> <span class='ocrx_word' id='word_1_88' title='bbox 1060 1166 1176 1212; x_wconf 88' lang='lat' dir='ltr'><strong>tuto</strong></span> <span class='ocrx_word' id='word_1_89' title='bbox 1207 1166 1432 1208; x_wconf 81' lang='lat' dir='ltr'><strong>cursum</strong></span> <span class='ocrx_word' id='word_1_90' title='bbox 1467 1143 1842 1202; x_wconf 89' lang='lat' dir='ltr'><strong>conﬁciemus.</strong></span> 
     </span>
    </p>
   </div>
   <div class='ocr_carea' id='block_1_12' title="bbox 596 1231 2094 1320">
    <p class='ocr_par' dir='ltr' id='par_1_12' title="bbox 596 1231 2094 1320">
     <span class='ocr_line' id='line_1_16' title="bbox 596 1231 2094 1320; baseline -0.029 0"><span class='ocrx_word' id='word_1_91' title='bbox 596 1264 718 1320; x_wconf 74' lang='grc'><strong>105.</strong></span> <span class='ocrx_word' id='word_1_92' title='bbox 749 1259 871 1314; x_wconf 65' lang='lat' dir='ltr'><strong>Haec</strong></span> <span class='ocrx_word' id='word_1_93' title='bbox 904 1231 1226 1310; x_wconf 75' lang='lat' dir='ltr'><strong>venerandae</strong></span> <span class='ocrx_word' id='word_1_94' title='bbox 1254 1243 1576 1311; x_wconf 87' lang='lat' dir='ltr'><strong>cunctisque</strong></span> <span class='ocrx_word' id='word_1_95' title='bbox 1600 1231 1896 1292; x_wconf 78' lang='lat' dir='ltr'><strong>virtutibus</strong></span> <span class='ocrx_word' id='word_1_96' title='bbox 1933 1240 2094 1281; x_wconf 81' lang='lat' dir='ltr'><strong>exor-</strong></span> 
     </span>
    </p>
   </div>
   <div class='ocr_carea' id='block_1_13' title="bbox 527 1506 2103 1615">
    <p class='ocr_par' dir='ltr' id='par_1_13' title="bbox 527 1506 2103 1615">
     <span class='ocr_line' id='line_1_17' title="bbox 527 1506 2103 1615; baseline -0.027 -16"><span class='ocrx_word' id='word_1_97' title='bbox 527 1559 624 1615; x_wconf 87' lang='lat' dir='ltr'><strong>per</strong></span> <span class='ocrx_word' id='word_1_98' title='bbox 653 1541 800 1597; x_wconf 88' lang='lat' dir='ltr'><strong>illam</strong></span> <span class='ocrx_word' id='word_1_99' title='bbox 839 1537 1126 1591; x_wconf 82' lang='lat' dir='ltr'><strong>innotuere</strong></span> <span class='ocrx_word' id='word_1_100' title='bbox 1155 1526 1223 1582; x_wconf 86' lang='lat' dir='ltr'><strong>ad</strong></span> <span class='ocrx_word' id='word_1_101' title='bbox 1265 1519 1628 1595; x_wconf 87' lang='lat' dir='ltr'><strong>spectantium</strong></span> <span class='ocrx_word' id='word_1_102' title='bbox 1662 1506 2103 1572; x_wconf 87' lang='lat' dir='ltr'><strong>audientiumque</strong></span> 
     </span>
     <span class='ocr_line' id='line_1_18' title="bbox 1361 1593 2098 1615; baseline -0.027 0"><span class='ocrx_word' id='word_1_103' title='bbox 1361 1614 1366 1615; x_wconf 63' lang='lat'><strong><em>,</em></strong></span> <span class='ocrx_word' id='word_1_104' title='bbox 1788 1601 1798 1612; x_wconf 87' lang='grc'><em>,</em></span> <span class='ocrx_word' id='word_1_105' title='bbox 1906 1610 1957 1615; x_wconf 40' lang='grc' dir='ltr'><strong><em>ψ</em></strong></span> <span class='ocrx_word' id='word_1_106' title='bbox 2013 1593 2098 1615; x_wconf 39' lang='grc' dir='ltr'><strong>2η,</strong></span> 
     </span>
    </p>
   </div>
   <div class='ocr_carea' id='block_1_14' title="bbox 528 1593 2103 1690">
    <p class='ocr_par' dir='ltr' id='par_1_14' title="bbox 528 1593 2103 1690">
     <span class='ocr_line' id='line_1_19' title="bbox 528 1593 2103 1690; baseline -0.028 0"><span class='ocrx_word' id='word_1_107' title='bbox 528 1593 842 1690; x_wconf 58' lang='lat' dir='ltr'><strong>utilitatem.</strong></span> <span class='ocrx_word' id='word_1_108' title='bbox 901 1625 1088 1680; x_wconf 72' lang='lat' dir='ltr'><strong>Tanta&quot;</strong></span> <span class='ocrx_word' id='word_1_109' title='bbox 1119 1593 1313 1674; x_wconf 76' lang='lat' dir='ltr'><strong>autem</strong></span> <span class='ocrx_word' id='word_1_110' title='bbox 1358 1614 1628 1668; x_wconf 88' lang='lat' dir='ltr'><strong>bonorum</strong></span> <span class='ocrx_word' id='word_1_111' title='bbox 1681 1601 1837 1671; x_wconf 88' lang='lat' dir='ltr'><strong>copia</strong></span> <span class='ocrx_word' id='word_1_112' title='bbox 1896 1610 1963 1652; x_wconf 79' lang='lat' dir='ltr'><strong>ex</strong></span> <span class='ocrx_word' id='word_1_113' title='bbox 2013 1593 2103 1648; x_wconf 82' lang='lat' dir='ltr'><strong>illa</strong></span> 
     </span>
    </p>
   </div>
   <div class='ocr_carea' id='block_1_15' title="bbox 529 1685 2108 1787">
    <p class='ocr_par' dir='ltr' id='par_1_15' title="bbox 529 1685 2108 1787">
     <span class='ocr_line' id='line_1_20' title="bbox 529 1685 2108 1787; baseline -0.027 -5"><span class='ocrx_word' id='word_1_114' title='bbox 529 1724 792 1787; x_wconf 86' lang='lat' dir='ltr'><strong>manavit,</strong></span> <span class='ocrx_word' id='word_1_115' title='bbox 845 1727 906 1774; x_wconf 89' lang='lat' dir='ltr'><strong>ut</strong></span> <span class='ocrx_word' id='word_1_116' title='bbox 951 1718 1190 1772; x_wconf 89' lang='lat' dir='ltr'><strong>humana</strong></span> <span class='ocrx_word' id='word_1_117' title='bbox 1247 1709 1432 1780; x_wconf 89' lang='lat' dir='ltr'><strong>lingua</strong></span> <span class='ocrx_word' id='word_1_118' title='bbox 1484 1695 1793 1758; x_wconf 89' lang='lat' dir='ltr'><strong>enarrando</strong></span> <span class='ocrx_word' id='word_1_119' title='bbox 1821 1705 1932 1747; x_wconf 90' lang='lat' dir='ltr'><strong>non</strong></span> <span class='ocrx_word' id='word_1_120' title='bbox 1989 1685 2108 1743; x_wconf 76' lang='lat' dir='ltr'><strong>suf-</strong></span> 
     </span>
    </p>
   </div>
   <div class='ocr_carea' id='block_1_16' title="bbox 535 1821 706 1876">
    <p class='ocr_par' dir='ltr' id='par_1_16' title="bbox 535 1821 706 1876">
     <span class='ocr_line' id='line_1_21' title="bbox 535 1821 706 1876; baseline -0.023 0"><span class='ocrx_word' id='word_1_121' title='bbox 535 1821 706 1876; x_wconf 83' lang='lat' dir='ltr'><strong>ﬁciat.</strong></span> 
     </span>
    </p>
   </div>
   <div class='ocr_carea' id='block_1_17' title="bbox 613 1878 2018 1966">
    <p class='ocr_par' dir='ltr' id='par_1_17' title="bbox 613 1878 2018 1966">
     <span class='ocr_line' id='line_1_22' title="bbox 613 1878 2018 1966; baseline -0.029 0"><span class='ocrx_word' id='word_1_122' title='bbox 613 1912 732 1966; x_wconf 71' lang='grc'>104.</span> <span class='ocrx_word' id='word_1_123' title='bbox 780 1909 851 1960; x_wconf 81' lang='lat' dir='ltr'><strong>At</strong></span> <span class='ocrx_word' id='word_1_124' title='bbox 889 1900 1016 1958; x_wconf 89' lang='lat' dir='ltr'><strong>boni</strong></span> <span class='ocrx_word' id='word_1_125' title='bbox 1057 1912 1186 1955; x_wconf 86' lang='lat' dir='ltr'><strong>osor</strong></span> <span class='ocrx_word' id='word_1_126' title='bbox 1220 1888 1496 1952; x_wconf 87' lang='lat' dir='ltr'><strong>diabolus,</strong></span> <span class='ocrx_word' id='word_1_127' title='bbox 1541 1898 1650 1939; x_wconf 92' lang='lat' dir='ltr'><strong>non</strong></span> <span class='ocrx_word' id='word_1_128' title='bbox 1691 1878 1870 1934; x_wconf 82' lang='lat' dir='ltr'><strong>ferens</strong></span> <span class='ocrx_word' id='word_1_129' title='bbox 1899 1881 2018 1928; x_wconf 88' lang='lat' dir='ltr'><strong>tant</strong></span> 
     </span>
    </p>
   </div>
   <div class='ocr_carea' id='block_1_18' title="bbox 535 1959 2111 2059">
    <p class='ocr_par' dir='ltr' id='par_1_18' title="bbox 535 1959 2111 2059">
     <span class='ocr_line' id='line_1_23' title="bbox 535 1959 2111 2059; baseline -0.032 1"><span class='ocrx_word' id='word_1_130' title='bbox 535 2006 803 2059; x_wconf 88' lang='lat' dir='ltr'><strong>bonorum</strong></span> <span class='ocrx_word' id='word_1_131' title='bbox 831 1996 964 2058; x_wconf 87' lang='lat' dir='ltr'><strong>vim,</strong></span> <span class='ocrx_word' id='word_1_132' title='bbox 996 1982 1441 2047; x_wconf 85' lang='lat' dir='ltr'><strong>contabescebat,</strong></span> <span class='ocrx_word' id='word_1_133' title='bbox 1480 1982 1774 2040; x_wconf 88' lang='lat' dir='ltr'><strong>secumque</strong></span> <span class='ocrx_word' id='word_1_134' title='bbox 1821 1959 2111 2034; x_wconf 86' lang='lat' dir='ltr'><strong>reputabat</strong></span> 
     </span>
    </p>
   </div>
   <div class='ocr_carea' id='block_1_19' title="bbox 536 2053 2106 2168">
    <p class='ocr_par' dir='ltr' id='par_1_19' title="bbox 536 2053 2106 2168">
     <span class='ocr_line' id='line_1_24' title="bbox 536 2053 2106 2168; baseline -0.033 -15"><span class='ocrx_word' id='word_1_135' title='bbox 536 2112 647 2168; x_wconf 89' lang='lat' dir='ltr'><strong>quo</strong></span> <span class='ocrx_word' id='word_1_136' title='bbox 681 2087 910 2147; x_wconf 88' lang='lat' dir='ltr'><strong>artiﬁcio</strong></span> <span class='ocrx_word' id='word_1_137' title='bbox 940 2089 1126 2157; x_wconf 89' lang='lat' dir='ltr'><strong>posset</strong></span> <span class='ocrx_word' id='word_1_138' title='bbox 1172 2080 1442 2132; x_wconf 90' lang='lat' dir='ltr'><strong>bonorum</strong></span> <span class='ocrx_word' id='word_1_139' title='bbox 1491 2073 1673 2122; x_wconf 91' lang='lat' dir='ltr'><strong>ortum</strong></span> <span class='ocrx_word' id='word_1_140' title='bbox 1721 2053 2106 2115; x_wconf 85' lang='lat' dir='ltr'><strong>interturbare.</strong></span> 
     </span>
    </p>
   </div>
   <div class='ocr_carea' id='block_1_20' title="bbox 537 2144 2114 2252">
    <p class='ocr_par' dir='ltr' id='par_1_20' title="bbox 537 2144 2114 2252">
     <span class='ocr_line' id='line_1_25' title="bbox 537 2144 2114 2252; baseline -0.03 -7"><span class='ocrx_word' id='word_1_141' title='bbox 537 2144 785 2244; x_wconf 38' lang='lat' dir='ltr'><strong>&quot;l‘andem</strong></span> <span class='ocrx_word' id='word_1_142' title='bbox 818 2144 1060 2252; x_wconf 74' lang='lat' dir='ltr'><strong>postulat</strong></span> <span class='ocrx_word' id='word_1_143' title='bbox 1090 2169 1153 2226; x_wconf 91' lang='lat' dir='ltr'><strong>ad</strong></span> <span class='ocrx_word' id='word_1_144' title='bbox 1191 2167 1445 2222; x_wconf 88' lang='lat' dir='ltr'><strong>ultimum</strong></span> <span class='ocrx_word' id='word_1_145' title='bbox 1474 2167 1751 2216; x_wconf 89' lang='lat' dir='ltr'><strong>certamen</strong></span> <span class='ocrx_word' id='word_1_146' title='bbox 1799 2144 2114 2221; x_wconf 89' lang='lat' dir='ltr'><strong>generosis-</strong></span> 
     </span>
    </p>
   </div>
   <div class='ocr_carea' id='block_1_21' title="bbox 540 2240 2114 2342">
    <p class='ocr_par' dir='ltr' id='par_1_21' title="bbox 540 2240 2114 2342">
     <span class='ocr_line' id='line_1_26' title="bbox 540 2240 2114 2342; baseline -0.03 -7"><span class='ocrx_word' id='word_1_147' title='bbox 540 2281 733 2336; x_wconf 88' lang='lat' dir='ltr'><strong>simam</strong></span> <span class='ocrx_word' id='word_1_148' title='bbox 774 2240 1064 2342; x_wconf 73' lang='lat' dir='ltr'><strong>virginem,</strong></span> <span class='ocrx_word' id='word_1_149' title='bbox 1091 2269 1355 2328; x_wconf 90' lang='lat' dir='ltr'><strong>tantoque</strong></span> <span class='ocrx_word' id='word_1_150' title='bbox 1384 2251 1513 2308; x_wconf 89' lang='lat' dir='ltr'><strong>odio</strong></span> <span class='ocrx_word' id='word_1_151' title='bbox 1541 2249 1689 2304; x_wconf 90' lang='lat' dir='ltr'><strong>illam</strong></span> <span class='ocrx_word' id='word_1_152' title='bbox 1716 2240 2027 2300; x_wconf 81' lang='lat' dir='ltr'><strong>ulciscitur,</strong></span> <span class='ocrx_word' id='word_1_153' title='bbox 2055 2240 2114 2288; x_wconf 93' lang='lat' dir='ltr'><strong>ut</strong></span> 
     </span>
    </p>
   </div>
   <div class='ocr_carea' id='block_1_22' title="bbox 540 2327 2112 2426">
    <p class='ocr_par' dir='ltr' id='par_1_22' title="bbox 540 2327 2112 2426">
     <span class='ocr_line' id='line_1_27' title="bbox 540 2327 2112 2426; baseline -0.031 1"><span class='ocrx_word' id='word_1_154' title='bbox 540 2386 648 2426; x_wconf 90' lang='lat' dir='ltr'><strong>non</strong></span> <span class='ocrx_word' id='word_1_155' title='bbox 676 2367 746 2423; x_wconf 90' lang='lat' dir='ltr'><strong>ab</strong></span> <span class='ocrx_word' id='word_1_156' title='bbox 773 2358 1138 2421; x_wconf 81' lang='lat' dir='ltr'><strong>exterioribus</strong></span> <span class='ocrx_word' id='word_1_157' title='bbox 1178 2347 1438 2407; x_wconf 87' lang='lat' dir='ltr'><strong>membris</strong></span> <span class='ocrx_word' id='word_1_158' title='bbox 1469 2344 1679 2414; x_wconf 85' lang='lat' dir='ltr'><strong>plagam</strong></span> <span class='ocrx_word' id='word_1_159' title='bbox 1713 2349 1874 2392; x_wconf 87' lang='lat' dir='ltr'><strong>orsus</strong></span> <span class='ocrx_word' id='word_1_160' title='bbox 1914 2327 2112 2392; x_wconf 80' lang='lat' dir='ltr'><strong>fuerit;</strong></span> 
     </span>
    </p>
   </div>
   <div class='ocr_carea' id='block_1_23' title="bbox 542 2416 2117 2517">
    <p class='ocr_par' dir='ltr' id='par_1_23' title="bbox 542 2416 2117 2517">
     <span class='ocr_line' id='line_1_28' title="bbox 542 2416 2117 2517; baseline -0.03 0"><span class='ocrx_word' id='word_1_161' title='bbox 542 2461 636 2517; x_wconf 89' lang='lat' dir='ltr'><strong>sed</strong></span> <span class='ocrx_word' id='word_1_162' title='bbox 665 2455 826 2512; x_wconf 91' lang='lat' dir='ltr'><strong>tactis</strong></span> <span class='ocrx_word' id='word_1_163' title='bbox 857 2444 1212 2506; x_wconf 86' lang='lat' dir='ltr'><strong>interioribus</strong></span> <span class='ocrx_word' id='word_1_164' title='bbox 1245 2434 1580 2510; x_wconf 76' lang='lat' dir='ltr'><strong>profundum</strong></span> <span class='ocrx_word' id='word_1_165' title='bbox 1608 2429 1660 2484; x_wconf 94' lang='lat' dir='ltr'><strong>ei</strong></span> <span class='ocrx_word' id='word_1_166' title='bbox 1697 2425 1941 2482; x_wconf 90' lang='lat' dir='ltr'><strong>dolorem</strong></span> <span class='ocrx_word' id='word_1_167' title='bbox 1973 2416 2117 2473; x_wconf 82' lang='lat' dir='ltr'><strong>indi-</strong></span> 
     </span>
    </p>
   </div>
   <div class='ocr_carea' id='block_1_24' title="bbox 543 2505 2118 2616">
    <p class='ocr_par' dir='ltr' id='par_1_24' title="bbox 543 2505 2118 2616">
     <span class='ocr_line' id='line_1_29' title="bbox 543 2505 2118 2616; baseline -0.03 -9"><span class='ocrx_word' id='word_1_168' title='bbox 543 2551 724 2616; x_wconf 84' lang='lat' dir='ltr'><strong>derit;</strong></span> <span class='ocrx_word' id='word_1_169' title='bbox 751 2545 886 2600; x_wconf 90' lang='lat' dir='ltr'><strong>adeo</strong></span> <span class='ocrx_word' id='word_1_170' title='bbox 908 2547 968 2595; x_wconf 90' lang='lat' dir='ltr'><strong>ut</strong></span> <span class='ocrx_word' id='word_1_171' title='bbox 991 2535 1141 2593; x_wconf 82' lang='lat' dir='ltr'><strong>nullo</strong></span> <span class='ocrx_word' id='word_1_172' title='bbox 1176 2505 1459 2586; x_wconf 76' lang='lat' dir='ltr'><strong>hominum</strong></span> <span class='ocrx_word' id='word_1_173' title='bbox 1491 2519 1694 2576; x_wconf 77' lang='lat' dir='ltr'><strong>auxilio</strong></span> <span class='ocrx_word' id='word_1_174' title='bbox 1715 2514 1894 2573; x_wconf 92' lang='lat' dir='ltr'><strong>solatii</strong></span> <span class='ocrx_word' id='word_1_175' title='bbox 1916 2505 2118 2580; x_wconf 89' lang='lat' dir='ltr'><strong>aliquid</strong></span> 
     </span>
    </p>
   </div>
   <div class='ocr_carea' id='block_1_25' title="bbox 545 2642 1061 2716">
    <p class='ocr_par' dir='ltr' id='par_1_25' title="bbox 545 2642 1061 2716">
     <span class='ocr_line' id='line_1_30' title="bbox 545 2642 1061 2716; baseline -0.031 -15"><span class='ocrx_word' id='word_1_176' title='bbox 545 2643 827 2716; x_wconf 82' lang='lat' dir='ltr'><strong>percipere</strong></span> <span class='ocrx_word' id='word_1_177' title='bbox 860 2642 1061 2707; x_wconf 90' lang='lat' dir='ltr'><strong>posset.</strong></span> 
     </span>
    </p>
   </div>
   <div class='ocr_carea' id='block_1_26' title="bbox 621 2784 2124 2876">
    <p class='ocr_par' dir='ltr' id='par_1_26' title="bbox 621 2784 2124 2876">
     <span class='ocr_line' id='line_1_31' title="bbox 621 2784 2124 2876; baseline -0.033 -1"><span class='ocrx_word' id='word_1_178' title='bbox 621 2818 743 2874; x_wconf 76' lang='grc'>105.</span> <span class='ocrx_word' id='word_1_179' title='bbox 777 2813 964 2870; x_wconf 87' lang='lat' dir='ltr'><strong>Primo</strong></span> <span class='ocrx_word' id='word_1_180' title='bbox 995 2809 1179 2876; x_wconf 88' lang='lat' dir='ltr'><strong>itaque</strong></span> <span class='ocrx_word' id='word_1_181' title='bbox 1209 2806 1421 2872; x_wconf 85' lang='lat' dir='ltr'><strong>partem</strong></span> <span class='ocrx_word' id='word_1_182' title='bbox 1451 2793 1576 2848; x_wconf 72' lang='lat' dir='ltr'><strong>vita:</strong></span> <span class='ocrx_word' id='word_1_183' title='bbox 1612 2784 1846 2843; x_wconf 78' lang='lat' dir='ltr'><strong>maxime</strong></span> <span class='ocrx_word' id='word_1_184' title='bbox 1874 2787 2124 2833; x_wconf 89' lang='lat' dir='ltr'><strong>necessa-</strong></span> 
     </span>
    </p>
   </div>
   <div class='ocr_carea' id='block_1_27' title="bbox 546 2867 2124 2969">
    <p class='ocr_par' dir='ltr' id='par_1_27' title="bbox 546 2867 2124 2969">
     <span class='ocr_line' id='line_1_32' title="bbox 546 2867 2124 2969; baseline -0.033 -1"><span class='ocrx_word' id='word_1_185' title='bbox 546 2913 686 2969; x_wconf 85' lang='lat' dir='ltr'><strong>riam</strong></span> <span class='ocrx_word' id='word_1_186' title='bbox 713 2907 984 2965; x_wconf 88' lang='lat' dir='ltr'><strong>vulnerat,</strong></span> <span class='ocrx_word' id='word_1_187' title='bbox 1017 2897 1327 2969; x_wconf 88' lang='lat' dir='ltr'><strong>pulmonem</strong></span> <span class='ocrx_word' id='word_1_188' title='bbox 1352 2883 1628 2943; x_wconf 78' lang='lat' dir='ltr'><strong>videlicet,</strong></span> <span class='ocrx_word' id='word_1_189' title='bbox 1652 2891 1715 2931; x_wconf 90' lang='lat' dir='ltr'><strong>ac</strong></span> <span class='ocrx_word' id='word_1_190' title='bbox 1738 2888 1834 2944; x_wconf 89' lang='lat' dir='ltr'><strong>per</strong></span> <span class='ocrx_word' id='word_1_191' title='bbox 1864 2867 2124 2924; x_wconf 78' lang='lat' dir='ltr'><strong>exitiosos</strong></span> 
     </span>
    </p>
   </div>
   <div class='ocr_carea' id='block_1_28' title="bbox 550 2959 2127 3068">
    <p class='ocr_par' dir='ltr' id='par_1_28' title="bbox 550 2959 2127 3068">
     <span class='ocr_line' id='line_1_33' title="bbox 550 2959 2127 3068; baseline -0.033 -9"><span class='ocrx_word' id='word_1_192' title='bbox 550 3003 776 3059; x_wconf 86' lang='lat' dir='ltr'><strong>morbos</strong></span> <span class='ocrx_word' id='word_1_193' title='bbox 823 2959 1084 3068; x_wconf 76' lang='lat' dir='ltr'><strong>paulatim</strong></span> <span class='ocrx_word' id='word_1_194' title='bbox 1131 2980 1378 3041; x_wconf 86' lang='lat' dir='ltr'><strong>accendit</strong></span> <span class='ocrx_word' id='word_1_195' title='bbox 1421 2972 1837 3042; x_wconf 82' lang='lat' dir='ltr'><strong>malignitatem.</strong></span> <span class='ocrx_word' id='word_1_196' title='bbox 1883 2959 1949 3013; x_wconf 86' lang='lat' dir='ltr'><strong>Et</strong></span> <span class='ocrx_word' id='word_1_197' title='bbox 1995 2971 2127 3013; x_wconf 85' lang='lat' dir='ltr'><strong>sane</strong></span> 
     </span>
    </p>
   </div>
   <div class='ocr_carea' id='block_1_29' title="bbox 551 3048 2125 3167">
    <p class='ocr_par' dir='ltr' id='par_1_29' title="bbox 551 3048 2125 3167">
     <span class='ocr_line' id='line_1_34' title="bbox 551 3048 2125 3167; baseline -0.033 -15"><span class='ocrx_word' id='word_1_198' title='bbox 551 3100 790 3167; x_wconf 88' lang='lat' dir='ltr'><strong>poterat,</strong></span> <span class='ocrx_word' id='word_1_199' title='bbox 821 3048 1109 3159; x_wconf 68' lang='lat' dir='ltr'><strong>postquam</strong></span> <span class='ocrx_word' id='word_1_200' title='bbox 1138 3076 1194 3132; x_wconf 90' lang='lat' dir='ltr'><strong>id</strong></span> <span class='ocrx_word' id='word_1_201' title='bbox 1223 3071 1609 3144; x_wconf 86' lang='lat' dir='ltr'><strong>impetraverat</strong></span> <span class='ocrx_word' id='word_1_202' title='bbox 1632 3077 1660 3114; x_wconf 89' lang='lat' dir='ltr'><strong>a</strong></span> <span class='ocrx_word' id='word_1_203' title='bbox 1694 3055 1946 3119; x_wconf 92' lang='lat' dir='ltr'><strong>Domino,</strong></span> <span class='ocrx_word' id='word_1_204' title='bbox 1976 3048 2125 3104; x_wconf 85' lang='lat' dir='ltr'><strong>brevi</strong></span> 
     </span>
    </p>
   </div>
   <div class='ocr_carea' id='block_1_30' title="bbox 552 3145 2197 3251">
    <p class='ocr_par' dir='ltr' id='par_1_30' title="bbox 552 3145 2197 3251">
     <span class='ocr_line' id='line_1_35' title="bbox 555 3145 983 3167; baseline -0.03 0"><span class='ocrx_word' id='word_1_205' title='bbox 555 3145 696 3167; x_wconf 47' lang='lat' dir='ltr'><strong>rw&quot;</strong></span> <span class='ocrx_word' id='word_1_206' title='bbox 777 3145 790 3155; x_wconf 85' lang='lat'><strong>.</strong></span> <span class='ocrx_word' id='word_1_207' title='bbox 823 3145 839 3159; x_wconf 93' lang='lat'><strong>.</strong></span> <span class='ocrx_word' id='word_1_208' title='bbox 962 3145 983 3158; x_wconf 89' lang='lat'><strong>.</strong></span> 
     </span>
     <span class='ocr_line' id='line_1_36' title="bbox 552 3145 2197 3251; baseline -0.033 -7"><span class='ocrx_word' id='word_1_209' title='bbox 552 3196 786 3243; x_wconf 85' lang='lat' dir='ltr'><strong>mortem</strong></span> <span class='ocrx_word' id='word_1_210' title='bbox 823 3180 927 3251; x_wconf 89' lang='lat' dir='ltr'><strong>ipsi</strong></span> <span class='ocrx_word' id='word_1_211' title='bbox 956 3186 1191 3248; x_wconf 83' lang='lat' dir='ltr'><strong>parare;</strong></span> <span class='ocrx_word' id='word_1_212' title='bbox 1229 3165 1325 3222; x_wconf 91' lang='lat' dir='ltr'><strong>sed</strong></span> <span class='ocrx_word' id='word_1_213' title='bbox 1355 3167 1542 3231; x_wconf 87' lang='lat' dir='ltr'><strong>utpote</strong></span> <span class='ocrx_word' id='word_1_214' title='bbox 1582 3145 1966 3223; x_wconf 87' lang='lat' dir='ltr'><strong>sanguinarius</strong></span> <span class='ocrx_word' id='word_1_215' title='bbox 2008 3156 2123 3197; x_wconf 89' lang='lat' dir='ltr'><strong>car—</strong></span> <span class='ocrx_word' id='word_1_216' title='bbox 2155 3176 2197 3232; x_wconf 62' lang='grc' dir='ltr'>Ο</span> 
     </span>
    </p>
   </div>
   <div class='ocr_carea' id='block_1_31' title="bbox 556 3241 2130 3341">
    <p class='ocr_par' dir='ltr' id='par_1_31' title="bbox 556 3241 2130 3341">
     <span class='ocr_line' id='line_1_37' title="bbox 556 3241 2130 3341; baseline -0.031 -9"><span class='ocrx_word' id='word_1_217' title='bbox 556 3276 728 3335; x_wconf 79' lang='lat' dir='ltr'><strong>nifex,</strong></span> <span class='ocrx_word' id='word_1_218' title='bbox 754 3241 930 3341; x_wconf 73' lang='lat' dir='ltr'><strong>plagis</strong></span> <span class='ocrx_word' id='word_1_219' title='bbox 957 3241 1244 3335; x_wconf 76' lang='lat' dir='ltr'><strong>permultis</strong></span> <span class='ocrx_word' id='word_1_220' title='bbox 1270 3255 1637 3317; x_wconf 90' lang='lat' dir='ltr'><strong>diuturnoque</strong></span> <span class='ocrx_word' id='word_1_221' title='bbox 1677 3251 1922 3309; x_wconf 89' lang='lat' dir='ltr'><strong>tempore</strong></span> <span class='ocrx_word' id='word_1_222' title='bbox 1948 3241 2130 3288; x_wconf 90' lang='lat' dir='ltr'><strong>osten-</strong></span> 
     </span>
    </p>
   </div>
   <div class='ocr_carea' id='block_1_32' title="bbox 560 3327 2130 3423">
    <p class='ocr_par' dir='ltr' id='par_1_32' title="bbox 560 3327 2130 3423">
     <span class='ocr_line' id='line_1_38' title="bbox 560 3327 2130 3423; baseline -0.032 1"><span class='ocrx_word' id='word_1_223' title='bbox 560 3369 640 3423; x_wconf 87' lang='lat' dir='ltr'><strong>dit</strong></span> <span class='ocrx_word' id='word_1_224' title='bbox 686 3327 976 3419; x_wconf 50' lang='lat' dir='ltr'><strong>feritatem-</strong></span> <span class='ocrx_word' id='word_1_225' title='bbox 1003 3367 1180 3410; x_wconf 88' lang='lat' dir='ltr'><strong>suam.</strong></span> <span class='ocrx_word' id='word_1_226' title='bbox 1233 3343 1500 3401; x_wconf 86' lang='lat' dir='ltr'><strong>Paulatim</strong></span> <span class='ocrx_word' id='word_1_227' title='bbox 1553 3336 1754 3408; x_wconf 86' lang='lat' dir='ltr'><strong>quippe</strong></span> <span class='ocrx_word' id='word_1_228' title='bbox 1805 3327 2130 3384; x_wconf 89' lang='lat' dir='ltr'><strong>dissolutum</strong></span> 
     </span>
    </p>
   </div>
   <div class='ocr_carea' id='block_1_33' title="bbox 561 3421 2134 3532">
    <p class='ocr_par' dir='ltr' id='par_1_33' title="bbox 561 3421 2134 3532">
     <span class='ocr_line' id='line_1_39' title="bbox 561 3421 2134 3532; baseline -0.03 -17"><span class='ocrx_word' id='word_1_229' title='bbox 561 3460 876 3532; x_wconf 90' lang='lat' dir='ltr'><strong>pulmonem</strong></span> <span class='ocrx_word' id='word_1_230' title='bbox 930 3455 1214 3519; x_wconf 89' lang='lat' dir='ltr'><strong>sputorum</strong></span> <span class='ocrx_word' id='word_1_231' title='bbox 1263 3435 1559 3495; x_wconf 88' lang='lat' dir='ltr'><strong>emissione</strong></span> <span class='ocrx_word' id='word_1_232' title='bbox 1623 3427 1842 3498; x_wconf 91' lang='lat' dir='ltr'><strong>abjecit.</strong></span> <span class='ocrx_word' id='word_1_233' title='bbox 1892 3421 2134 3476; x_wconf 83' lang='lat' dir='ltr'><strong>Aderant</strong></span> 
     </span>
    </p>
   </div>
   <div class='ocr_carea' id='block_1_34' title="bbox 563 3517 2135 3623">
    <p class='ocr_par' dir='ltr' id='par_1_34' title="bbox 563 3517 2135 3623">
     <span class='ocr_line' id='line_1_40' title="bbox 563 3517 2135 3623; baseline -0.029 -16"><span class='ocrx_word' id='word_1_234' title='bbox 563 3562 782 3623; x_wconf 90' lang='lat' dir='ltr'><strong>quoque</strong></span> <span class='ocrx_word' id='word_1_235' title='bbox 819 3542 1090 3600; x_wconf 82' lang='lat' dir='ltr'><strong>continuae</strong></span> <span class='ocrx_word' id='word_1_236' title='bbox 1121 3536 1320 3598; x_wconf 81' lang='lat' dir='ltr'><strong>febres,</strong></span> <span class='ocrx_word' id='word_1_237' title='bbox 1368 3529 1512 3584; x_wconf 78' lang='lat' dir='ltr'><strong>limae</strong></span> <span class='ocrx_word' id='word_1_238' title='bbox 1559 3523 1736 3578; x_wconf 86' lang='lat' dir='ltr'><strong>instar</strong></span> <span class='ocrx_word' id='word_1_239' title='bbox 1783 3517 2135 3571; x_wconf 89' lang='lat' dir='ltr'><strong>absumentes</strong></span> 
     </span>
    </p>
   </div>
   <div class='ocr_carea' id='block_1_35' title="bbox 567 3658 785 3714">
    <p class='ocr_par' dir='ltr' id='par_1_35' title="bbox 567 3658 785 3714">
     <span class='ocr_line' id='line_1_41' title="bbox 567 3658 785 3714; baseline -0.037 -11"><span class='ocrx_word' id='word_1_240' title='bbox 567 3658 785 3714; x_wconf 86' lang='lat' dir='ltr'><strong>corpus.</strong></span> 
     </span>
    </p>
   </div>
   <div class='ocr_carea' id='block_1_36' title="bbox 641 3693 2137 3798">
    <p class='ocr_par' dir='ltr' id='par_1_36' title="bbox 641 3693 2137 3798">
     <span class='ocr_line' id='line_1_42' title="bbox 641 3693 2137 3798; baseline -0.03 -8"><span class='ocrx_word' id='word_1_241' title='bbox 641 3693 764 3790; x_wconf 52' lang='lat'><strong>1.06.</strong></span> <span class='ocrx_word' id='word_1_242' title='bbox 801 3724 1204 3798; x_wconf 82' lang='lat' dir='ltr'><strong>Octogesimum</strong></span> <span class='ocrx_word' id='word_1_243' title='bbox 1249 3728 1452 3771; x_wconf 87' lang='lat' dir='ltr'><strong>annum</strong></span> <span class='ocrx_word' id='word_1_244' title='bbox 1491 3710 1704 3781; x_wconf 84' lang='lat' dir='ltr'><strong>agebat,</strong></span> <span class='ocrx_word' id='word_1_245' title='bbox 1734 3715 1858 3758; x_wconf 89' lang='lat' dir='ltr'><strong>cum</strong></span> <span class='ocrx_word' id='word_1_246' title='bbox 1888 3693 2137 3753; x_wconf 87' lang='lat' dir='ltr'><strong>diabolus</strong></span> 
     </span>
    </p>
   </div>
   <div class='ocr_carea' id='block_1_37' title="bbox 567 3791 2140 3885">
    <p class='ocr_par' dir='ltr' id='par_1_37' title="bbox 567 3791 2140 3885">
     <span class='ocr_line' id='line_1_43' title="bbox 567 3791 2140 3885; baseline -0.031 0"><span class='ocrx_word' id='word_1_247' title='bbox 567 3828 691 3885; x_wconf 81' lang='lat' dir='ltr'><strong>Jobi</strong></span> <span class='ocrx_word' id='word_1_248' title='bbox 720 3791 1030 3879; x_wconf 45' lang='lat' dir='ltr'><strong>labores&#39;in</strong></span> <span class='ocrx_word' id='word_1_249' title='bbox 1076 3794 1196 3869; x_wconf 83' lang='lat' dir='ltr'><strong>eam</strong></span> <span class='ocrx_word' id='word_1_250' title='bbox 1229 3804 1512 3864; x_wconf 86' lang='lat' dir='ltr'><strong>transtulit</strong></span> <span class='ocrx_word' id='word_1_251' title='bbox 1545 3821 1558 3855; x_wconf 87' lang='lat'>:</span> <span class='ocrx_word' id='word_1_252' title='bbox 1592 3813 1716 3853; x_wconf 90' lang='lat' dir='ltr'><strong>nam</strong></span> <span class='ocrx_word' id='word_1_253' title='bbox 1768 3791 1963 3848; x_wconf 89' lang='lat' dir='ltr'><strong>iisdem</strong></span> <span class='ocrx_word' id='word_1_254' title='bbox 2010 3795 2140 3840; x_wconf 88' lang='lat' dir='ltr'><strong>tunc</strong></span> 
     </span>
    </p>
   </div>
   <div class='ocr_carea' id='block_1_38' title="bbox 571 3887 2142 3992">
    <p class='ocr_par' dir='ltr' id='par_1_38' title="bbox 571 3887 2142 3992">
     <span class='ocr_line' id='line_1_44' title="bbox 571 3887 2142 3992; baseline -0.029 -14"><span class='ocrx_word' id='word_1_255' title='bbox 571 3933 791 3992; x_wconf 77' lang='lat' dir='ltr'><strong>quoque</strong></span> <span class='ocrx_word' id='word_1_256' title='bbox 822 3928 958 3969; x_wconf 90' lang='lat' dir='ltr'><strong>usus</strong></span> <span class='ocrx_word' id='word_1_257' title='bbox 989 3915 1073 3966; x_wconf 90' lang='lat' dir='ltr'><strong>est</strong></span> <span class='ocrx_word' id='word_1_258' title='bbox 1105 3901 1356 3974; x_wconf 81' lang='lat' dir='ltr'><strong>ﬂagellis.</strong></span> <span class='ocrx_word' id='word_1_259' title='bbox 1401 3895 1520 3951; x_wconf 82' lang='lat' dir='ltr'><strong>Jam</strong></span> <span class='ocrx_word' id='word_1_260' title='bbox 1565 3900 1744 3946; x_wconf 90' lang='lat' dir='ltr'><strong>autem</strong></span> <span class='ocrx_word' id='word_1_261' title='bbox 1792 3887 1884 3940; x_wconf 91' lang='lat' dir='ltr'><strong>ille</strong></span> <span class='ocrx_word' id='word_1_262' title='bbox 1928 3891 2142 3949; x_wconf 91' lang='lat' dir='ltr'><strong>tempus</strong></span> 
     </span>
    </p>
   </div>
   <div class='ocr_carea' id='block_1_39' title="bbox 576 3972 2142 4071">
    <p class='ocr_par' dir='ltr' id='par_1_39' title="bbox 576 3972 2142 4071">
     <span class='ocr_line' id='line_1_45' title="bbox 576 3972 2142 4071; baseline -0.029 -3"><span class='ocrx_word' id='word_1_263' title='bbox 576 3972 877 4071; x_wconf 53' lang='lat' dir='ltr'><strong>ablir&#39;eviat,</strong></span> <span class='ocrx_word' id='word_1_264' title='bbox 932 4018 994 4057; x_wconf 89' lang='lat' dir='ltr'><strong>ac</strong></span> <span class='ocrx_word' id='word_1_265' title='bbox 1044 3972 1566 4054; x_wconf 81' lang='lat' dir='ltr'><strong>intolerabilioribus</strong></span> <span class='ocrx_word' id='word_1_266' title='bbox 1605 3981 1799 4052; x_wconf 89' lang='lat' dir='ltr'><strong>premit</strong></span> <span class='ocrx_word' id='word_1_267' title='bbox 1840 3972 2142 4030; x_wconf 90' lang='lat' dir='ltr'><strong>doloribus.</strong></span> 
     </span>
    </p>
   </div>
   <div class='ocr_carea' id='block_1_40' title="bbox 578 4071 2146 4172">
    <p class='ocr_par' dir='ltr' id='par_1_40' title="bbox 578 4071 2146 4172">
     <span class='ocr_line' id='line_1_46' title="bbox 578 4071 2146 4172; baseline -0.03 -12"><span class='ocrx_word' id='word_1_268' title='bbox 578 4106 830 4172; x_wconf 83' lang='lat' dir='ltr'><strong>Quinque</strong></span> <span class='ocrx_word' id='word_1_269' title='bbox 859 4097 1001 4152; x_wconf 89' lang='lat' dir='ltr'><strong>enim</strong></span> <span class='ocrx_word' id='word_1_270' title='bbox 1032 4100 1085 4146; x_wconf 89' lang='lat' dir='ltr'><strong>et</strong></span> <span class='ocrx_word' id='word_1_271' title='bbox 1115 4087 1338 4159; x_wconf 81' lang='lat' dir='ltr'><strong>triginta</strong></span> <span class='ocrx_word' id='word_1_272' title='bbox 1367 4094 1542 4136; x_wconf 90' lang='lat' dir='ltr'><strong>annos</strong></span> <span class='ocrx_word' id='word_1_273' title='bbox 1569 4074 1672 4131; x_wconf 82' lang='lat' dir='ltr'><strong>Job</strong></span> <span class='ocrx_word' id='word_1_274' title='bbox 1703 4074 1757 4127; x_wconf 93' lang='lat' dir='ltr'><strong>in</strong></span> <span class='ocrx_word' id='word_1_275' title='bbox 1785 4071 1939 4140; x_wconf 83' lang='lat' dir='ltr'><strong>plaga</strong></span> <span class='ocrx_word' id='word_1_276' title='bbox 1966 4075 2146 4119; x_wconf 91' lang='lat' dir='ltr'><strong>trans-</strong></span> 
     </span>
    </p>
   </div>
   <div class='ocr_carea' id='block_1_41' title="bbox 579 4156 2145 4268">
    <p class='ocr_par' dir='ltr' id='par_1_41' title="bbox 579 4156 2145 4268">
     <span class='ocr_line' id='line_1_47' title="bbox 579 4156 2145 4268; baseline -0.028 -17"><span class='ocrx_word' id='word_1_277' title='bbox 579 4198 723 4268; x_wconf 83' lang='lat' dir='ltr'><strong>egit:</strong></span> <span class='ocrx_word' id='word_1_278' title='bbox 755 4199 808 4245; x_wconf 88' lang='lat' dir='ltr'><strong>at</strong></span> <span class='ocrx_word' id='word_1_279' title='bbox 845 4189 934 4243; x_wconf 91' lang='lat' dir='ltr'><strong>hic</strong></span> <span class='ocrx_word' id='word_1_280' title='bbox 976 4182 1254 4243; x_wconf 89' lang='lat' dir='ltr'><strong>inimicus,</strong></span> <span class='ocrx_word' id='word_1_281' title='bbox 1285 4190 1410 4231; x_wconf 92' lang='lat' dir='ltr'><strong>cum</strong></span> <span class='ocrx_word' id='word_1_282' title='bbox 1454 4187 1552 4226; x_wconf 89' lang='lat' dir='ltr'><strong>ceu</strong></span> <span class='ocrx_word' id='word_1_283' title='bbox 1582 4164 1851 4239; x_wconf 89' lang='lat' dir='ltr'><strong>primitias</strong></span> <span class='ocrx_word' id='word_1_284' title='bbox 1884 4156 2145 4232; x_wconf 90' lang='lat' dir='ltr'><strong>quasdam</strong></span> 
     </span>
    </p>
   </div>
   <div class='ocr_carea' id='block_1_42' title="bbox 581 4250 2150 4346">
    <p class='ocr_par' dir='ltr' id='par_1_42' title="bbox 581 4250 2150 4346">
     <span class='ocr_line' id='line_1_48' title="bbox 581 4250 2150 4346; baseline -0.029 -3"><span class='ocrx_word' id='word_1_285' title='bbox 581 4250 848 4342; x_wconf 58' lang='lat' dir='ltr'><strong>decadum</strong></span> <span class='ocrx_word' id='word_1_286' title='bbox 898 4286 1143 4346; x_wconf 88' lang='lat' dir='ltr'><strong>tempora</strong></span> <span class='ocrx_word' id='word_1_287' title='bbox 1196 4269 1490 4338; x_wconf 86' lang='lat' dir='ltr'><strong>rapuisset,</strong></span> <span class='ocrx_word' id='word_1_288' title='bbox 1526 4259 1594 4315; x_wconf 86' lang='lat' dir='ltr'><strong>ad</strong></span> <span class='ocrx_word' id='word_1_289' title='bbox 1620 4261 1638 4282; x_wconf 75' lang='lat'><strong><em>‘</em></strong></span> <span class='ocrx_word' id='word_1_290' title='bbox 1663 4257 1850 4328; x_wconf 83' lang='lat' dir='ltr'><strong>plagas</strong></span> <span class='ocrx_word' id='word_1_291' title='bbox 1900 4250 2150 4304; x_wconf 87' lang='lat' dir='ltr'><strong>admovet</strong></span> 
     </span>
    </p>
   </div>
   <div class='ocr_carea' id='block_1_43' title="bbox 582 4337 2151 4440">
    <p class='ocr_par' dir='ltr' id='par_1_43' title="bbox 582 4337 2151 4440">
     <span class='ocr_line' id='line_1_49' title="bbox 582 4337 2151 4440; baseline -0.027 -9"><span class='ocrx_word' id='word_1_292' title='bbox 582 4390 744 4432; x_wconf 87' lang='lat' dir='ltr'><strong>sacro</strong></span> <span class='ocrx_word' id='word_1_293' title='bbox 783 4370 902 4440; x_wconf 86' lang='lat' dir='ltr'><strong>ejus</strong></span> <span class='ocrx_word' id='word_1_294' title='bbox 935 4363 1170 4434; x_wconf 88' lang='lat' dir='ltr'><strong>corpori.</strong></span> <span class='ocrx_word' id='word_1_295' title='bbox 1199 4357 1402 4412; x_wconf 87' lang='lat' dir='ltr'><strong>Tribus</strong></span> <span class='ocrx_word' id='word_1_296' title='bbox 1432 4364 1668 4420; x_wconf 90' lang='lat' dir='ltr'><strong>namque</strong></span> <span class='ocrx_word' id='word_1_297' title='bbox 1713 4344 1871 4399; x_wconf 90' lang='lat' dir='ltr'><strong>annis</strong></span> <span class='ocrx_word' id='word_1_298' title='bbox 1899 4349 1953 4396; x_wconf 90' lang='lat' dir='ltr'><strong>et</strong></span> <span class='ocrx_word' id='word_1_299' title='bbox 1990 4337 2151 4392; x_wconf 89' lang='lat' dir='ltr'><strong>dimi-</strong></span> 
     </span>
    </p>
   </div>
   <div class='ocr_carea' id='block_1_44' title="bbox 583 4429 2150 4535">
    <p class='ocr_par' dir='ltr' id='par_1_44' title="bbox 583 4429 2150 4535">
     <span class='ocr_line' id='line_1_50' title="bbox 583 4429 2150 4535; baseline -0.027 -13"><span class='ocrx_word' id='word_1_300' title='bbox 583 4469 674 4522; x_wconf 87' lang='lat' dir='ltr'><strong>dio</strong></span> <span class='ocrx_word' id='word_1_301' title='bbox 705 4478 799 4535; x_wconf 89' lang='lat' dir='ltr'><strong>per</strong></span> <span class='ocrx_word' id='word_1_302' title='bbox 829 4429 1097 4531; x_wconf 79' lang='lat' dir='ltr'><strong>gloriosos</strong></span> <span class='ocrx_word' id='word_1_303' title='bbox 1127 4453 1295 4507; x_wconf 88' lang='lat' dir='ltr'><strong>hosce</strong></span> <span class='ocrx_word' id='word_1_304' title='bbox 1333 4447 1550 4501; x_wconf 88' lang='lat' dir='ltr'><strong>labores</strong></span> <span class='ocrx_word' id='word_1_305' title='bbox 1584 4436 1899 4494; x_wconf 88' lang='lat' dir='ltr'><strong>adversario</strong></span> <span class='ocrx_word' id='word_1_306' title='bbox 1934 4429 2150 4487; x_wconf 90' lang='lat' dir='ltr'><strong>restitit.</strong></span> 
     </span>
    </p>
   </div>
   <div class='ocr_carea' id='block_1_45' title="bbox 584 4517 2494 4618">
    <p class='ocr_par' dir='ltr' id='par_1_45' title="bbox 584 4517 2494 4618">
     <span class='ocr_line' id='line_1_51' title="bbox 584 4517 2494 4618; baseline -0.025 -6"><span class='ocrx_word' id='word_1_307' title='bbox 584 4557 739 4613; x_wconf 80' lang='lat' dir='ltr'><strong>Acin</strong></span> <span class='ocrx_word' id='word_1_308' title='bbox 771 4552 911 4607; x_wconf 84' lang='lat' dir='ltr'><strong>Jobo</strong></span> <span class='ocrx_word' id='word_1_309' title='bbox 941 4544 1158 4618; x_wconf 91' lang='lat' dir='ltr'><strong>quidem</strong></span> <span class='ocrx_word' id='word_1_310' title='bbox 1191 4541 1260 4594; x_wconf 90' lang='lat' dir='ltr'><strong>ab</strong></span> <span class='ocrx_word' id='word_1_311' title='bbox 1290 4531 1655 4592; x_wconf 74' lang='lat' dir='ltr'><strong>exterioribus</strong></span> <span class='ocrx_word' id='word_1_312' title='bbox 1684 4527 1842 4582; x_wconf 88' lang='lat' dir='ltr'><strong>initia</strong></span> <span class='ocrx_word' id='word_1_313' title='bbox 1866 4524 2151 4578; x_wconf 87' lang='lat' dir='ltr'><strong>vulnerum</strong></span> <span class='ocrx_word' id='word_1_314' title='bbox 2183 4530 2233 4585; x_wconf 79' lang='grc' dir='ltr'><strong>ι)</strong></span> <span class='ocrx_word' id='word_1_315' title='bbox 2259 4517 2494 4575; x_wconf 68' lang='grc' dir='ltr'>εὐκλεῶν</span> 
     </span>
    </p>
   </div>
   <div class='ocr_carea' id='block_1_46' title="bbox 585 4611 2155 4703">
    <p class='ocr_par' dir='ltr' id='par_1_46' title="bbox 585 4611 2155 4703">
     <span class='ocr_line' id='line_1_52' title="bbox 585 4611 2155 4703; baseline -0.025 -2"><span class='ocrx_word' id='word_1_316' title='bbox 585 4644 838 4703; x_wconf 87' lang='lat' dir='ltr'><strong>diabolus</strong></span> <span class='ocrx_word' id='word_1_317' title='bbox 875 4637 1062 4702; x_wconf 83' lang='lat' dir='ltr'><strong>duxit;</strong></span> <span class='ocrx_word' id='word_1_318' title='bbox 1114 4633 1171 4688; x_wconf 93' lang='lat' dir='ltr'><strong>in</strong></span> <span class='ocrx_word' id='word_1_319' title='bbox 1202 4631 1307 4685; x_wconf 88' lang='lat' dir='ltr'><strong>hac</strong></span> <span class='ocrx_word' id='word_1_320' title='bbox 1334 4639 1464 4682; x_wconf 89' lang='lat' dir='ltr'><strong>vero</strong></span> <span class='ocrx_word' id='word_1_321' title='bbox 1509 4621 1578 4676; x_wconf 88' lang='lat' dir='ltr'><strong>ab</strong></span> <span class='ocrx_word' id='word_1_322' title='bbox 1618 4618 1852 4674; x_wconf 90' lang='lat' dir='ltr'><strong>internis</strong></span> <span class='ocrx_word' id='word_1_323' title='bbox 1877 4611 2155 4668; x_wconf 85' lang='lat' dir='ltr'><strong>cruciatus</strong></span> 
     </span>
    </p>
   </div>
   <div class='ocr_carea' id='block_1_47' title="bbox 589 4703 2156 4806">
    <p class='ocr_par' dir='ltr' id='par_1_47' title="bbox 589 4703 2156 4806">
     <span class='ocr_line' id='line_1_53' title="bbox 589 4703 2156 4806; baseline -0.024 -14"><span class='ocrx_word' id='word_1_324' title='bbox 589 4739 926 4806; x_wconf 88' lang='lat' dir='ltr'><strong>auspicatur.</strong></span> <span class='ocrx_word' id='word_1_325' title='bbox 949 4727 1120 4784; x_wconf 68' lang='lat' dir='ltr'><strong>Laesis</strong></span> <span class='ocrx_word' id='word_1_326' title='bbox 1152 4720 1421 4795; x_wconf 88' lang='lat' dir='ltr'><strong>siquidem</strong></span> <span class='ocrx_word' id='word_1_327' title='bbox 1467 4713 1698 4771; x_wconf 87' lang='lat' dir='ltr'><strong>internis</strong></span> <span class='ocrx_word' id='word_1_328' title='bbox 1727 4712 1848 4782; x_wconf 88' lang='lat' dir='ltr'><strong>ejus</strong></span> <span class='ocrx_word' id='word_1_329' title='bbox 1874 4703 2156 4767; x_wconf 88' lang='lat' dir='ltr'><strong>membris,</strong></span> 
     </span>
    </p>
   </div>
   <div class='ocr_carea' id='block_1_48' title="bbox 589 4799 2161 4900">
    <p class='ocr_par' dir='ltr' id='par_1_48' title="bbox 589 4799 2161 4900">
     <span class='ocr_line' id='line_1_54' title="bbox 589 4799 2161 4900; baseline -0.023 -14"><span class='ocrx_word' id='word_1_330' title='bbox 589 4831 827 4900; x_wconf 86' lang='lat' dir='ltr'><strong>majores</strong></span> <span class='ocrx_word' id='word_1_331' title='bbox 852 4825 903 4880; x_wconf 91' lang='lat' dir='ltr'><strong>ei</strong></span> <span class='ocrx_word' id='word_1_332' title='bbox 931 4821 1315 4893; x_wconf 85' lang='lat' dir='ltr'><strong>gravioresque</strong></span> <span class='ocrx_word' id='word_1_333' title='bbox 1354 4811 1579 4868; x_wconf 90' lang='lat' dir='ltr'><strong>immisit</strong></span> <span class='ocrx_word' id='word_1_334' title='bbox 1615 4807 1848 4862; x_wconf 90' lang='lat' dir='ltr'><strong>dolores.</strong></span> <span class='ocrx_word' id='word_1_335' title='bbox 1883 4799 2002 4856; x_wconf 84' lang='lat' dir='ltr'><strong>Non</strong></span> <span class='ocrx_word' id='word_1_336' title='bbox 2037 4813 2161 4869; x_wconf 90' lang='lat' dir='ltr'><strong>per-</strong></span> 
     </span>
    </p>
   </div>
   <div class='ocr_carea' id='block_1_49' title="bbox 592 4898 2158 4983">
    <p class='ocr_par' dir='ltr' id='par_1_49' title="bbox 592 4898 2158 4983">
     <span class='ocr_line' id='line_1_55' title="bbox 592 4898 2158 4983; baseline -0.02 -5"><span class='ocrx_word' id='word_1_337' title='bbox 592 4922 718 4978; x_wconf 89' lang='lat' dir='ltr'><strong>inde</strong></span> <span class='ocrx_word' id='word_1_338' title='bbox 749 4919 988 4974; x_wconf 89' lang='lat' dir='ltr'><strong>arbitror</strong></span> <span class='ocrx_word' id='word_1_339' title='bbox 1033 4907 1487 4983; x_wconf 90' lang='lat' dir='ltr'><strong>generosissimos</strong></span> <span class='ocrx_word' id='word_1_340' title='bbox 1519 4910 1792 4972; x_wconf 85' lang='lat' dir='ltr'><strong>martyres</strong></span> <span class='ocrx_word' id='word_1_341' title='bbox 1823 4898 2158 4956; x_wconf 85' lang='lat' dir='ltr'><strong>decertasse,</strong></span> 
     </span>
    </p>
   </div>
   <div class='ocr_carea' id='block_1_50' title="bbox 596 4985 2166 5082">
    <p class='ocr_par' dir='ltr' id='par_1_50' title="bbox 596 4985 2166 5082">
     <span class='ocr_line' id='line_1_56' title="bbox 596 4985 2166 5082; baseline -0.02 -13"><span class='ocrx_word' id='word_1_342' title='bbox 596 5024 757 5082; x_wconf 88' lang='lat' dir='ltr'><strong>atque</strong></span> <span class='ocrx_word' id='word_1_343' title='bbox 778 5009 1094 5080; x_wconf 83' lang='lat' dir='ltr'><strong>praeclaram</strong></span> <span class='ocrx_word' id='word_1_344' title='bbox 1129 5000 1516 5073; x_wconf 83' lang='lat' dir='ltr'><strong>Syncleticam.</strong></span> <span class='ocrx_word' id='word_1_345' title='bbox 1562 4993 1686 5048; x_wconf 86' lang='lat' dir='ltr'><strong>lllos</strong></span> <span class='ocrx_word' id='word_1_346' title='bbox 1729 5004 1963 5060; x_wconf 90' lang='lat' dir='ltr'><strong>namque</strong></span> <span class='ocrx_word' id='word_1_347' title='bbox 1995 4985 2166 5041; x_wconf 88' lang='lat' dir='ltr'><strong>scele-</strong></span> 
     </span>
    </p>
   </div>
   <div class='ocr_carea' id='block_1_51' title="bbox 595 5079 2163 5158">
    <p class='ocr_par' dir='ltr' id='par_1_51' title="bbox 595 5079 2163 5158">
     <span class='ocr_line' id='line_1_57' title="bbox 595 5079 2163 5158; baseline -0.018 0"><span class='ocrx_word' id='word_1_348' title='bbox 595 5115 715 5158; x_wconf 84' lang='lat' dir='ltr'><strong>stus</strong></span> <span class='ocrx_word' id='word_1_349' title='bbox 762 5101 853 5154; x_wconf 88' lang='lat' dir='ltr'><strong>ille</strong></span> <span class='ocrx_word' id='word_1_350' title='bbox 903 5095 1240 5152; x_wconf 76' lang='lat' dir='ltr'><strong>extrinsecus</strong></span> <span class='ocrx_word' id='word_1_351' title='bbox 1294 5087 1667 5146; x_wconf 86' lang='lat' dir='ltr'><strong>adoriebatur,</strong></span> <span class='ocrx_word' id='word_1_352' title='bbox 1711 5096 1774 5134; x_wconf 90' lang='lat' dir='ltr'><strong>ac</strong></span> <span class='ocrx_word' id='word_1_353' title='bbox 1808 5079 1923 5135; x_wconf 89' lang='lat' dir='ltr'><strong>sive</strong></span> <span class='ocrx_word' id='word_1_354' title='bbox 1955 5091 2163 5140; x_wconf 85' lang='lat' dir='ltr'><strong>ensem,</strong></span> 
     </span>
    </p>
   </div>
   <div class='ocr_carea' id='block_1_52' title="bbox 598 5167 2168 5262">
    <p class='ocr_par' dir='ltr' id='par_1_52' title="bbox 598 5167 2168 5262">
     <span class='ocr_line' id='line_1_58' title="bbox 598 5167 2168 5262; baseline -0.019 -13"><span class='ocrx_word' id='word_1_355' title='bbox 598 5198 714 5250; x_wconf 85' lang='lat' dir='ltr'><strong>sive</strong></span> <span class='ocrx_word' id='word_1_356' title='bbox 746 5191 925 5262; x_wconf 87' lang='lat' dir='ltr'><strong>ignem</strong></span> <span class='ocrx_word' id='word_1_357' title='bbox 957 5186 1290 5247; x_wconf 87' lang='lat' dir='ltr'><strong>admoveret,</strong></span> <span class='ocrx_word' id='word_1_358' title='bbox 1331 5179 1505 5236; x_wconf 88' lang='lat' dir='ltr'><strong>levius</strong></span> <span class='ocrx_word' id='word_1_359' title='bbox 1535 5175 1667 5229; x_wconf 91' lang='lat' dir='ltr'><strong>illud</strong></span> <span class='ocrx_word' id='word_1_360' title='bbox 1700 5180 1819 5228; x_wconf 86' lang='lat' dir='ltr'><strong>erat</strong></span> <span class='ocrx_word' id='word_1_361' title='bbox 1848 5167 2168 5225; x_wconf 87' lang='lat' dir='ltr'><strong>tentationi-</strong></span> 
     </span>
    </p>
   </div>
   <div class='ocr_carea' id='block_1_53' title="bbox 599 5259 2171 5341">
    <p class='ocr_par' dir='ltr' id='par_1_53' title="bbox 599 5259 2171 5341">
     <span class='ocr_line' id='line_1_59' title="bbox 599 5259 2171 5341; baseline -0.02 -1"><span class='ocrx_word' id='word_1_362' title='bbox 599 5286 703 5340; x_wconf 88' lang='lat' dir='ltr'><strong>bus</strong></span> <span class='ocrx_word' id='word_1_363' title='bbox 731 5287 935 5336; x_wconf 69' lang='lat' dir='ltr'><strong>sanctae</strong></span> <span class='ocrx_word' id='word_1_364' title='bbox 956 5275 1173 5331; x_wconf 83' lang='lat' dir='ltr'><strong>oblatis.</strong></span> <span class='ocrx_word' id='word_1_365' title='bbox 1217 5272 1348 5341; x_wconf 82' lang='lat' dir='ltr'><strong>Ejus</strong></span> <span class='ocrx_word' id='word_1_366' title='bbox 1376 5279 1615 5337; x_wconf 89' lang='lat' dir='ltr'><strong>namque</strong></span> <span class='ocrx_word' id='word_1_367' title='bbox 1643 5264 1854 5318; x_wconf 89' lang='lat' dir='ltr'><strong>viscera</strong></span> <span class='ocrx_word' id='word_1_368' title='bbox 1883 5259 2040 5330; x_wconf 91' lang='lat' dir='ltr'><strong>quasi</strong></span> <span class='ocrx_word' id='word_1_369' title='bbox 2075 5271 2171 5328; x_wconf 88' lang='lat' dir='ltr'><strong>per</strong></span> 
     </span>
    </p>
   </div>
   <div class='ocr_carea' id='block_1_54' title="bbox 601 5353 2171 5440">
    <p class='ocr_par' dir='ltr' id='par_1_54' title="bbox 601 5353 2171 5440">
     <span class='ocr_line' id='line_1_60' title="bbox 601 5353 2171 5440; baseline -0.018 -11"><span class='ocrx_word' id='word_1_370' title='bbox 601 5375 880 5428; x_wconf 77' lang='lat' dir='ltr'><strong>fornacem</strong></span> <span class='ocrx_word' id='word_1_371' title='bbox 915 5371 1132 5440; x_wconf 83' lang='lat' dir='ltr'><strong>igneam</strong></span> <span class='ocrx_word' id='word_1_372' title='bbox 1177 5361 1566 5422; x_wconf 86' lang='lat' dir='ltr'><strong>succendebat,</strong></span> <span class='ocrx_word' id='word_1_373' title='bbox 1597 5353 1857 5426; x_wconf 89' lang='lat' dir='ltr'><strong>paulatim</strong></span> <span class='ocrx_word' id='word_1_374' title='bbox 1888 5353 2065 5421; x_wconf 91' lang='lat' dir='ltr'><strong>ignem</strong></span> <span class='ocrx_word' id='word_1_375' title='bbox 2107 5364 2171 5402; x_wconf 77' lang='lat' dir='ltr'><strong>ex</strong></span> 
     </span>
    </p>
   </div>
   <div class='ocr_carea' id='block_1_55' title="bbox 604 5426 2174 5546">
    <p class='ocr_par' dir='ltr' id='par_1_55' title="bbox 604 5426 2174 5546">
     <span class='ocr_line' id='line_1_61' title="bbox 604 5426 2174 5546; baseline -0.014 -28"><span class='ocrx_word' id='word_1_376' title='bbox 604 5463 957 5546; x_wconf 79' lang='lat' dir='ltr'><strong>interioribus</strong></span> <span class='ocrx_word' id='word_1_377' title='bbox 1008 5456 1346 5521; x_wconf 82' lang='lat' dir='ltr'><strong>accendens;</strong></span> <span class='ocrx_word' id='word_1_378' title='bbox 1397 5467 1459 5505; x_wconf 91' lang='lat' dir='ltr'><strong>ac</strong></span> <span class='ocrx_word' id='word_1_379' title='bbox 1498 5451 1640 5504; x_wconf 78' lang='lat' dir='ltr'><strong>limae</strong></span> <span class='ocrx_word' id='word_1_380' title='bbox 1698 5447 1875 5502; x_wconf 88' lang='lat' dir='ltr'><strong>instar</strong></span> <span class='ocrx_word' id='word_1_381' title='bbox 1918 5426 2174 5497; x_wconf 88' lang='lat' dir='ltr'><strong>diuturno</strong></span> 
     </span>
    </p>
   </div>
   <div class='ocr_carea' id='block_1_56' title="bbox 610 5535 2178 5622">
    <p class='ocr_par' dir='ltr' id='par_1_56' title="bbox 610 5535 2178 5622">
     <span class='ocr_line' id='line_1_62' title="bbox 610 5535 2178 5622; baseline -0.013 -14"><span class='ocrx_word' id='word_1_382' title='bbox 610 5567 852 5622; x_wconf 87' lang='lat' dir='ltr'><strong>tempore</strong></span> <span class='ocrx_word' id='word_1_383' title='bbox 887 5565 1088 5620; x_wconf 88' lang='lat' dir='ltr'><strong>corpus</strong></span> <span class='ocrx_word' id='word_1_384' title='bbox 1124 5547 1244 5618; x_wconf 87' lang='lat' dir='ltr'><strong>ejus</strong></span> <span class='ocrx_word' id='word_1_385' title='bbox 1271 5543 1580 5600; x_wconf 89' lang='lat' dir='ltr'><strong>insumebat</strong></span> <span class='ocrx_word' id='word_1_386' title='bbox 1612 5561 1626 5595; x_wconf 88' lang='lat'>:</span> <span class='ocrx_word' id='word_1_387' title='bbox 1659 5540 1806 5610; x_wconf 90' lang='lat' dir='ltr'><strong>quod</strong></span> <span class='ocrx_word' id='word_1_388' title='bbox 1850 5543 1910 5591; x_wconf 90' lang='lat' dir='ltr'><strong>ut</strong></span> <span class='ocrx_word' id='word_1_389' title='bbox 1943 5550 2068 5590; x_wconf 92' lang='lat' dir='ltr'><strong>vere</strong></span> <span class='ocrx_word' id='word_1_390' title='bbox 2095 5535 2178 5588; x_wconf 63' lang='lat' dir='ltr'><strong>di.</strong></span> 
     </span>
    </p>
   </div>
   <div class='ocr_carea' id='block_1_57' title="bbox 615 5625 2180 5713">
    <p class='ocr_par' dir='ltr' id='par_1_57' title="bbox 615 5625 2180 5713">
     <span class='ocr_line' id='line_1_63' title="bbox 615 5625 2180 5713; baseline -0.011 -16"><span class='ocrx_word' id='word_1_391' title='bbox 615 5653 791 5708; x_wconf 79' lang='lat' dir='ltr'><strong>catur,</strong></span> <span class='ocrx_word' id='word_1_392' title='bbox 830 5657 991 5713; x_wconf 83' lang='lat' dir='ltr'><strong>grave</strong></span> <span class='ocrx_word' id='word_1_393' title='bbox 1018 5648 1102 5695; x_wconf 85' lang='lat' dir='ltr'><strong>est</strong></span> <span class='ocrx_word' id='word_1_394' title='bbox 1132 5649 1291 5708; x_wconf 88' lang='lat' dir='ltr'><strong>atque</strong></span> <span class='ocrx_word' id='word_1_395' title='bbox 1324 5637 1703 5690; x_wconf 85' lang='lat' dir='ltr'><strong>inhumanum.</strong></span> <span class='ocrx_word' id='word_1_396' title='bbox 1740 5628 1952 5684; x_wconf 84' lang='lat' dir='ltr'><strong>Etenim</strong></span> <span class='ocrx_word' id='word_1_397' title='bbox 1980 5625 2180 5696; x_wconf 86' lang='lat' dir='ltr'><strong>quibus</strong></span> 
     </span>
    </p>
   </div>
   <div class='ocr_carea' id='block_1_58' title="bbox 612 5717 2178 5795">
    <p class='ocr_par' dir='ltr' id='par_1_58' title="bbox 612 5717 2178 5795">
     <span class='ocr_line' id='line_1_64' title="bbox 612 5717 2178 5795; baseline -0.004 -18"><span class='ocrx_word' id='word_1_398' title='bbox 612 5730 887 5795; x_wconf 82' lang='lat' dir='ltr'><strong>jmliciarii</strong></span> <span class='ocrx_word' id='word_1_399' title='bbox 927 5729 1276 5794; x_wconf 77' lang='lat' dir='ltr'><strong>magistratus</strong></span> <span class='ocrx_word' id='word_1_400' title='bbox 1313 5724 1592 5778; x_wconf 86' lang='lat' dir='ltr'><strong>commissi</strong></span> <span class='ocrx_word' id='word_1_401' title='bbox 1638 5729 1786 5782; x_wconf 86' lang='lat' dir='ltr'><strong>sunt,</strong></span> <span class='ocrx_word' id='word_1_402' title='bbox 1821 5717 2040 5788; x_wconf 88' lang='lat' dir='ltr'><strong>quando</strong></span> <span class='ocrx_word' id='word_1_403' title='bbox 2070 5717 2178 5770; x_wconf 87' lang='lat' dir='ltr'><strong>reis</strong></span> 
     </span>
    </p>
   </div>
   <div class='ocr_carea' id='block_1_59' title="bbox 616 5807 2176 5886">
    <p class='ocr_par' dir='ltr' id='par_1_59' title="bbox 616 5807 2176 5886">
     <span class='ocr_line' id='line_1_65' title="bbox 616 5807 2176 5886; baseline -0.008 -14"><span class='ocrx_word' id='word_1_404' title='bbox 616 5819 888 5872; x_wconf 71' lang='lat' dir='ltr'><strong>voluerint</strong></span> <span class='ocrx_word' id='word_1_405' title='bbox 940 5817 1189 5886; x_wconf 77' lang='lat' dir='ltr'><strong>graviora</strong></span> <span class='ocrx_word' id='word_1_406' title='bbox 1248 5813 1488 5882; x_wconf 81' lang='lat' dir='ltr'><strong>inﬂigere</strong></span> <span class='ocrx_word' id='word_1_407' title='bbox 1527 5811 1813 5880; x_wconf 73' lang='lat' dir='ltr'><strong>supplicia,</strong></span> <span class='ocrx_word' id='word_1_408' title='bbox 1875 5807 2176 5863; x_wconf 84' lang='lat' dir='ltr'><strong>lentissimo</strong></span> 
     </span>
    </p>
   </div>
   <div class='ocr_carea' id='block_1_60' title="bbox 2188 539 3756 655">
    <p class='ocr_par' dir='ltr' id='par_1_60' title="bbox 2188 539 3756 655">
     <span class='ocr_line' id='line_1_66' title="bbox 2188 539 3089 559; baseline -0.028 4"><span class='ocrx_word' id='word_1_409' title='bbox 2188 539 2275 545; x_wconf 54' lang='grc'>’⁷⁷⁷⁷</span> <span class='ocrx_word' id='word_1_410' title='bbox 2320 539 2331 558; x_wconf 79' lang='grc' dir='ltr'><strong>ο</strong></span> <span class='ocrx_word' id='word_1_411' title='bbox 2351 539 2403 559; x_wconf 47' lang='grc' dir='ltr'><strong>’⁷Ι“</strong></span> <span class='ocrx_word' id='word_1_412' title='bbox 2734 539 2745 548; x_wconf 71' lang='grc' dir='ltr'><em>υ</em></span> <span class='ocrx_word' id='word_1_413' title='bbox 2767 539 2799 546; x_wconf 66' lang='grc' dir='ltr'>σν</span> <span class='ocrx_word' id='word_1_414' title='bbox 2834 539 2846 546; x_wconf 66' lang='grc' dir='ltr'><strong>ν</strong></span> <span class='ocrx_word' id='word_1_415' title='bbox 3084 539 3089 540; x_wconf 30' lang='grc' dir='ltr'><em>γ</em></span> 
     </span>
     <span class='ocr_line' id='line_1_67' title="bbox 2188 539 3756 655; baseline -0.03 -17"><span class='ocrx_word' id='word_1_416' title='bbox 2188 599 2354 655; x_wconf 88' lang='grc' dir='ltr'>ματος</span> <span class='ocrx_word' id='word_1_417' title='bbox 2395 575 2723 645; x_wconf 83' lang='grc' dir='ltr'>τυγχάνουσι</span> <span class='ocrx_word' id='word_1_418' title='bbox 2777 563 3124 622; x_wconf 86' lang='grc' dir='ltr'>ἀπλὼσαντες</span> <span class='ocrx_word' id='word_1_419' title='bbox 3159 555 3234 608; x_wconf 87' lang='grc' dir='ltr'><strong>τά</strong></span> <span class='ocrx_word' id='word_1_420' title='bbox 3302 549 3484 604; x_wconf 75' lang='grc' dir='ltr'>ἱστία·</span> <span class='ocrx_word' id='word_1_421' title='bbox 3513 539 3667 605; x_wconf 82' lang='grc' dir='ltr'>αὖθις</span> <span class='ocrx_word' id='word_1_422' title='bbox 3703 541 3756 593; x_wconf 69' lang='grc' dir='ltr'>δὲ</span> 
     </span>
     <span class='ocr_line' id='line_1_68' title="bbox 2912 629 3756 655; baseline -0.026 22"><span class='ocrx_word' id='word_1_423' title='bbox 2912 653 2918 655; x_wconf 60' lang='grc'>“</span> <span class='ocrx_word' id='word_1_424' title='bbox 3085 650 3108 655; x_wconf 67' lang='grc'><strong>’⁸</strong></span> <span class='ocrx_word' id='word_1_425' title='bbox 3195 641 3298 655; x_wconf 66' lang='grc'><strong>’⁵⁵⁸</strong></span> <span class='ocrx_word' id='word_1_426' title='bbox 3363 640 3376 655; x_wconf 72' lang='grc'><strong>⁸</strong></span> <span class='ocrx_word' id='word_1_427' title='bbox 3465 631 3648 655; x_wconf 46' lang='grc' dir='ltr'><strong>ηιμ---ἱ</strong></span> <span class='ocrx_word' id='word_1_428' title='bbox 3677 629 3756 655; x_wconf 58' lang='lat'><strong>2.1.</strong></span> 
     </span>
    </p>
   </div>
   <div class='ocr_carea' id='block_1_61' title="bbox 2187 629 3758 734">
    <p class='ocr_par' dir='ltr' id='par_1_61' title="bbox 2187 629 3758 734">
     <span class='ocr_line' id='line_1_69' title="bbox 2187 629 3758 734; baseline -0.029 -8"><span class='ocrx_word' id='word_1_429' title='bbox 2187 629 2369 734; x_wconf 51' lang='lat'><strong>2610;;</strong></span> <span class='ocrx_word' id='word_1_430' title='bbox 2397 629 2634 724; x_wconf 68' lang='grc' dir='ltr'>ἐναντίος</span> <span class='ocrx_word' id='word_1_431' title='bbox 2673 660 2869 728; x_wconf 78' lang='grc' dir='ltr'>ἄνεμος</span> <span class='ocrx_word' id='word_1_432' title='bbox 2901 650 3140 720; x_wconf 79' lang='grc' dir='ltr'><strong>ἀπαντᾷ·</strong></span> <span class='ocrx_word' id='word_1_433' title='bbox 3184 641 3298 698; x_wconf 84' lang='grc' dir='ltr'>ἀλλ’</span> <span class='ocrx_word' id='word_1_434' title='bbox 3331 640 3380 692; x_wconf 79' lang='grc' dir='ltr'>οἱ</span> <span class='ocrx_word' id='word_1_435' title='bbox 3410 631 3655 690; x_wconf 65' lang='grc' dir='ltr'>ναυτικοὶ</span> <span class='ocrx_word' id='word_1_436' title='bbox 3676 629 3758 682; x_wconf 81' lang='grc' dir='ltr'><strong>διά</strong></span> 
     </span>
    </p>
   </div>
   <div class='ocr_carea' id='block_1_62' title="bbox 2187 723 3756 835">
    <p class='ocr_par' dir='ltr' id='par_1_62' title="bbox 2187 723 3756 835">
     <span class='ocr_line' id='line_1_70' title="bbox 2187 723 3756 835; baseline -0.03 -15"><span class='ocrx_word' id='word_1_437' title='bbox 2187 767 2248 820; x_wconf 83' lang='grc' dir='ltr'>τὸ</span> <span class='ocrx_word' id='word_1_438' title='bbox 2272 756 2625 835; x_wconf 78' lang='grc' dir='ltr'>παρεμπεσὸν</span> <span class='ocrx_word' id='word_1_439' title='bbox 2648 751 2862 822; x_wconf 89' lang='grc' dir='ltr'>πνεῦμα</span> <span class='ocrx_word' id='word_1_440' title='bbox 2900 746 3000 800; x_wconf 81' lang='grc' dir='ltr'>οὑκ</span> <span class='ocrx_word' id='word_1_441' title='bbox 3025 733 3462 797; x_wconf 85' lang='grc' dir='ltr'>ἀποσκευάζουσι</span> <span class='ocrx_word' id='word_1_442' title='bbox 3482 727 3581 799; x_wconf 79' lang='grc' dir='ltr'>τὴν</span> <span class='ocrx_word' id='word_1_443' title='bbox 3613 723 3756 777; x_wconf 88' lang='grc' dir='ltr'>ναῦν·</span> 
     </span>
     <span class='ocr_line' id='line_1_71' title="bbox 3093 816 3755 835; baseline -0.03 20"><span class='ocrx_word' id='word_1_444' title='bbox 3093 832 3101 835; x_wconf 75' lang='grc'><strong>’</strong></span> <span class='ocrx_word' id='word_1_445' title='bbox 3171 829 3183 835; x_wconf 74' lang='grc'><strong>”</strong></span> <span class='ocrx_word' id='word_1_446' title='bbox 3476 820 3487 835; x_wconf 79' lang='grc'><strong><em>¹</em></strong></span> <span class='ocrx_word' id='word_1_447' title='bbox 3613 833 3625 835; x_wconf 93' lang='grc'><strong>-</strong></span> <span class='ocrx_word' id='word_1_448' title='bbox 3639 834 3644 835; x_wconf 41' lang='grc' dir='ltr'><em>γ</em></span> <span class='ocrx_word' id='word_1_449' title='bbox 3698 816 3755 835; x_wconf 67' lang='lat'><strong>-1</strong></span> 
     </span>
    </p>
   </div>
   <div class='ocr_carea' id='block_1_63' title="bbox 2195 816 3758 928">
    <p class='ocr_par' dir='ltr' id='par_1_63' title="bbox 2195 816 3758 928">
     <span class='ocr_line' id='line_1_72' title="bbox 2195 816 3758 928; baseline -0.03 -17"><span class='ocrx_word' id='word_1_450' title='bbox 2195 816 2385 928; x_wconf 60' lang='grc' dir='ltr'>μικρὸν</span> <span class='ocrx_word' id='word_1_451' title='bbox 2421 816 2486 904; x_wconf 50' lang='grc' dir='ltr'>.δέ</span> <span class='ocrx_word' id='word_1_452' title='bbox 2543 816 2914 920; x_wconf 68' lang='grc' dir='ltr'>ἡσυχάσαντες</span> <span class='ocrx_word' id='word_1_453' title='bbox 2944 835 2978 906; x_wconf 80' lang='grc' dir='ltr'>ἢ</span> <span class='ocrx_word' id='word_1_454' title='bbox 3022 832 3118 886; x_wconf 71' lang='grc' dir='ltr'>καὶ</span> <span class='ocrx_word' id='word_1_455' title='bbox 3161 820 3654 896; x_wconf 84' lang='grc' dir='ltr'>ἀπομαχησάμενοι</span> <span class='ocrx_word' id='word_1_456' title='bbox 3696 816 3758 883; x_wconf 77' lang='grc' dir='ltr'>τῇ</span> 
     </span>
    </p>
   </div>
   <div class='ocr_carea' id='block_1_64' title="bbox 2193 907 3761 1018">
    <p class='ocr_par' dir='ltr' id='par_1_64' title="bbox 2193 907 3761 1018">
     <span class='ocr_line' id='line_1_73' title="bbox 2195 907 2685 928; baseline -0.029 1"><span class='ocrx_word' id='word_1_457' title='bbox 2195 907 2229 928; x_wconf 62' lang='lat' dir='ltr'><strong>r’</strong></span> <span class='ocrx_word' id='word_1_458' title='bbox 2242 907 2250 909; x_wconf 22' lang='grc' dir='ltr'>ἡ</span> <span class='ocrx_word' id='word_1_459' title='bbox 2262 907 2265 908; x_wconf 60' lang='grc'><strong><em>⁷</em></strong></span> <span class='ocrx_word' id='word_1_460' title='bbox 2297 907 2308 925; x_wconf 82' lang='grc' dir='ltr'><strong>ι</strong></span> <span class='ocrx_word' id='word_1_461' title='bbox 2567 907 2578 920; x_wconf 78' lang='grc' dir='ltr'><strong>υ</strong></span> <span class='ocrx_word' id='word_1_462' title='bbox 2653 907 2685 915; x_wconf 72' lang='grc' dir='ltr'><strong>υ-</strong></span> 
     </span>
     <span class='ocr_line' id='line_1_74' title="bbox 2193 907 3761 1018; baseline -0.029 -16"><span class='ocrx_word' id='word_1_463' title='bbox 2193 947 2351 1018; x_wconf 81' lang='grc' dir='ltr'>ζάλῃ,</span> <span class='ocrx_word' id='word_1_464' title='bbox 2382 943 2475 997; x_wconf 79' lang='grc' dir='ltr'>τὸν</span> <span class='ocrx_word' id='word_1_465' title='bbox 2501 937 2666 993; x_wconf 92' lang='grc' dir='ltr'>πλοῦν</span> <span class='ocrx_word' id='word_1_466' title='bbox 2683 932 2956 987; x_wconf 84' lang='grc' dir='ltr'>ποιοῦνται</span> <span class='ocrx_word' id='word_1_467' title='bbox 2974 944 2989 958; x_wconf 78' lang='grc' dir='ltr'><strong>ο</strong></span> <span class='ocrx_word' id='word_1_468' title='bbox 3031 923 3173 978; x_wconf 74' lang='grc' dir='ltr'>οὕτω</span> <span class='ocrx_word' id='word_1_469' title='bbox 3188 917 3283 974; x_wconf 74' lang='grc' dir='ltr'>καὶ</span> <span class='ocrx_word' id='word_1_470' title='bbox 3303 918 3490 988; x_wconf 80' lang='grc' dir='ltr'>ἡμεῖς,</span> <span class='ocrx_word' id='word_1_471' title='bbox 3526 907 3761 964; x_wconf 89' lang='grc' dir='ltr'>ἐναντίου</span> 
     </span>
    </p>
   </div>
   <div class='ocr_carea' id='block_1_65' title="bbox 2195 999 3762 1108">
    <p class='ocr_par' dir='ltr' id='par_1_65' title="bbox 2195 999 3762 1108">
     <span class='ocr_line' id='line_1_75' title="bbox 2195 999 3762 1108; baseline -0.029 -15"><span class='ocrx_word' id='word_1_472' title='bbox 2195 1037 2500 1108; x_wconf 88' lang='grc' dir='ltr'>πνεύματος</span> <span class='ocrx_word' id='word_1_473' title='bbox 2561 1024 2960 1101; x_wconf 81' lang='grc' dir='ltr'><strong>προσπεσόντος</strong></span> <span class='ocrx_word' id='word_1_474' title='bbox 2980 1058 2994 1082; x_wconf 88' lang='grc'><em>,</em></span> <span class='ocrx_word' id='word_1_475' title='bbox 3047 1015 3136 1068; x_wconf 68' lang='grc' dir='ltr'><strong>τὸν</strong></span> <span class='ocrx_word' id='word_1_476' title='bbox 3175 1008 3408 1080; x_wconf 80' lang='grc' dir='ltr'>σταυρὸν</span> <span class='ocrx_word' id='word_1_477' title='bbox 3445 1003 3570 1057; x_wconf 73' lang='grc' dir='ltr'>ἀντὶ</span> <span class='ocrx_word' id='word_1_478' title='bbox 3603 999 3762 1052; x_wconf 87' lang='grc' dir='ltr'>ἱστίου</span> 
     </span>
    </p>
   </div>
   <div class='ocr_carea' id='block_1_66' title="bbox 2193 1101 3442 1188">
    <p class='ocr_par' dir='ltr' id='par_1_66' title="bbox 2193 1101 3442 1188">
     <span class='ocr_line' id='line_1_76' title="bbox 2193 1101 3442 1188; baseline -0.026 -3"><span class='ocrx_word' id='word_1_479' title='bbox 2193 1128 2516 1188; x_wconf 84' lang='grc' dir='ltr'>τανύσασαι,</span> <span class='ocrx_word' id='word_1_480' title='bbox 2546 1118 2718 1182; x_wconf 77' lang='grc' dir='ltr'>ἀδεῶς</span> <span class='ocrx_word' id='word_1_481' title='bbox 2746 1115 2836 1170; x_wconf 83' lang='grc' dir='ltr'><strong>τδν</strong></span> <span class='ocrx_word' id='word_1_482' title='bbox 2870 1109 3036 1164; x_wconf 81' lang='grc' dir='ltr'>πλοῦν</span> <span class='ocrx_word' id='word_1_483' title='bbox 3062 1101 3442 1170; x_wconf 73' lang='grc' dir='ltr'><strong>ἐκτελέωμεν.</strong></span> 
     </span>
    </p>
   </div>
   <div class='ocr_carea' id='block_1_67' title="bbox 2266 1184 3768 1281">
    <p class='ocr_par' dir='ltr' id='par_1_67' title="bbox 2266 1184 3768 1281">
     <span class='ocr_line' id='line_1_77' title="bbox 2266 1184 3768 1281; baseline -0.028 -6"><span class='ocrx_word' id='word_1_484' title='bbox 2266 1221 2385 1274; x_wconf 78' lang='grc'>105.</span> <span class='ocrx_word' id='word_1_485' title='bbox 2426 1184 2612 1270; x_wconf 83' lang='grc' dir='ltr'>Ταῦτα</span> <span class='ocrx_word' id='word_1_486' title='bbox 2641 1212 2741 1281; x_wconf 80' lang='grc' dir='ltr'>τῆς</span> <span class='ocrx_word' id='word_1_487' title='bbox 2774 1205 2976 1276; x_wconf 80' lang='grc' dir='ltr'>σεμνῆς</span> <span class='ocrx_word' id='word_1_488' title='bbox 3008 1202 3104 1255; x_wconf 78' lang='grc' dir='ltr'>καὶ</span> <span class='ocrx_word' id='word_1_489' title='bbox 3126 1188 3435 1267; x_wconf 67' lang='grc' dir='ltr'>πανέρέτου</span> <span class='ocrx_word' id='word_1_490' title='bbox 3475 1184 3768 1256; x_wconf 85' lang='grc' dir='ltr'>Συγκλητι-</span> 
     </span>
    </p>
   </div>
   <div class='ocr_carea' id='block_1_68' title="bbox 2199 1279 3765 1386">
    <p class='ocr_par' dir='ltr' id='par_1_68' title="bbox 2199 1279 3765 1386">
     <span class='ocr_line' id='line_1_78' title="bbox 2199 1279 3765 1386; baseline -0.028 -16"><span class='ocrx_word' id='word_1_491' title='bbox 2199 1316 2299 1386; x_wconf 82' lang='grc' dir='ltr'>κῆς</span> <span class='ocrx_word' id='word_1_492' title='bbox 2324 1312 2390 1366; x_wconf 88' lang='grc' dir='ltr'><strong>τά</strong></span> <span class='ocrx_word' id='word_1_493' title='bbox 2421 1279 2758 1377; x_wconf 80' lang='grc' dir='ltr'>διδάγματα·</span> <span class='ocrx_word' id='word_1_494' title='bbox 2795 1299 2890 1352; x_wconf 64' lang='grc' dir='ltr'>καὶ</span> <span class='ocrx_word' id='word_1_495' title='bbox 2943 1293 3140 1367; x_wconf 79' lang='grc' dir='ltr'>μᾶλλον</span> <span class='ocrx_word' id='word_1_496' title='bbox 3179 1285 3408 1360; x_wconf 79' lang='grc' dir='ltr'>πράξεις</span> <span class='ocrx_word' id='word_1_497' title='bbox 3441 1281 3476 1351; x_wconf 80' lang='grc' dir='ltr'><strong>ἢ</strong></span> <span class='ocrx_word' id='word_1_498' title='bbox 3519 1279 3765 1350; x_wconf 78' lang='grc' dir='ltr'>ῥήματα·</span> 
     </span>
    </p>
   </div>
   <div class='ocr_carea' id='block_1_69' title="bbox 2201 1366 3770 1461">
    <p class='ocr_par' dir='ltr' id='par_1_69' title="bbox 2201 1366 3770 1461">
     <span class='ocr_line' id='line_1_79' title="bbox 2201 1366 3770 1461; baseline -0.027 -1"><span class='ocrx_word' id='word_1_499' title='bbox 2201 1366 2297 1460; x_wconf 53' lang='grc' dir='ltr'><strong>ναὶ-ξ</strong></span> <span class='ocrx_word' id='word_1_500' title='bbox 2324 1402 2456 1459; x_wconf 84' lang='grc' dir='ltr'>ἀλλα</span> <span class='ocrx_word' id='word_1_501' title='bbox 2484 1366 2743 1453; x_wconf 38' lang='lat' dir='ltr'><strong>ego)...</strong></span> <span class='ocrx_word' id='word_1_502' title='bbox 2774 1392 2867 1447; x_wconf 81' lang='grc' dir='ltr'>καὶ</span> <span class='ocrx_word' id='word_1_503' title='bbox 2894 1366 3107 1461; x_wconf 81' lang='grc' dir='ltr'>μεγάλα</span> <span class='ocrx_word' id='word_1_504' title='bbox 3136 1378 3238 1436; x_wconf 76' lang='grc' dir='ltr'><strong>ὑπ’·</strong></span> <span class='ocrx_word' id='word_1_505' title='bbox 3273 1375 3444 1441; x_wconf 75' lang='grc' dir='ltr'>αὐτῆς</span> <span class='ocrx_word' id='word_1_506' title='bbox 3471 1366 3770 1439; x_wconf 76' lang='grc' dir='ltr'>ἐγνωρίσθη</span> 
     </span>
    </p>
   </div>
   <div class='ocr_carea' id='block_1_70' title="bbox 2203 1458 3772 1567">
    <p class='ocr_par' dir='ltr' id='par_1_70' title="bbox 2203 1458 3772 1567">
     <span class='ocr_line' id='line_1_80' title="bbox 2203 1458 3772 1567; baseline -0.028 -16"><span class='ocrx_word' id='word_1_507' title='bbox 2368 1490 2631 1562; x_wconf 71' lang='grc' dir='ltr'>ὠφέλειαν</span> <span class='ocrx_word' id='word_1_508' title='bbox 2659 1483 2769 1539; x_wconf 87' lang='grc' dir='ltr'><strong>τῶν</strong></span> <span class='ocrx_word' id='word_1_509' title='bbox 2798 1458 3145 1534; x_wconf 82' lang='grc' dir='ltr'>ἀκουσάντων</span> <span class='ocrx_word' id='word_1_510' title='bbox 3173 1487 3234 1524; x_wconf 88' lang='grc' dir='ltr'><strong>τε</strong></span> <span class='ocrx_word' id='word_1_511' title='bbox 3275 1468 3370 1522; x_wconf 79' lang='grc' dir='ltr'>καὶ</span> <span class='ocrx_word' id='word_1_512' title='bbox 3401 1458 3772 1530; x_wconf 78' lang='grc' dir='ltr'><strong>θεασαμένων.</strong></span> 
     </span>
    </p>
   </div>
   <div class='ocr_carea' id='block_1_71' title="bbox 2205 1550 3777 1646">
    <p class='ocr_par' dir='ltr' id='par_1_71' title="bbox 2205 1550 3777 1646">
     <span class='ocr_line' id='line_1_81' title="bbox 2205 1550 3777 1646; baseline -0.028 -6"><span class='ocrx_word' id='word_1_513' title='bbox 2205 1550 2466 1640; x_wconf 68' lang='grc' dir='ltr'>Τοσοῦτον</span> <span class='ocrx_word' id='word_1_514' title='bbox 2509 1579 2565 1631; x_wconf 86' lang='grc' dir='ltr'><strong>δέ</strong></span> <span class='ocrx_word' id='word_1_515' title='bbox 2610 1573 2810 1646; x_wconf 84' lang='grc' dir='ltr'>πλῆθος</span> <span class='ocrx_word' id='word_1_516' title='bbox 2857 1569 2916 1636; x_wconf 78' lang='grc' dir='ltr'>ἐξ</span> <span class='ocrx_word' id='word_1_517' title='bbox 2957 1564 3128 1635; x_wconf 73' lang='grc' dir='ltr'>αὐτῆς</span> <span class='ocrx_word' id='word_1_518' title='bbox 3159 1556 3379 1629; x_wconf 80' lang='grc' dir='ltr'><strong>ἀγαθῶν</strong></span> <span class='ocrx_word' id='word_1_519' title='bbox 3424 1550 3777 1618; x_wconf 76' lang='grc' dir='ltr'>ἐϐλάστησεν,</span> 
     </span>
    </p>
   </div>
   <div class='ocr_carea' id='block_1_72' title="bbox 2206 1642 3674 1744">
    <p class='ocr_par' dir='ltr' id='par_1_72' title="bbox 2206 1642 3674 1744">
     <span class='ocr_line' id='line_1_82' title="bbox 2206 1642 3674 1744; baseline -0.027 -13"><span class='ocrx_word' id='word_1_520' title='bbox 2206 1679 2328 1731; x_wconf 84' lang='grc' dir='ltr'>ὅσον</span> <span class='ocrx_word' id='word_1_521' title='bbox 2354 1668 2668 1744; x_wconf 76' lang='grc' dir='ltr'><strong>ἀνθρωπίνη</strong></span> <span class='ocrx_word' id='word_1_522' title='bbox 2693 1642 2915 1735; x_wconf 81' lang='grc' dir='ltr'>γλῶσσα</span> <span class='ocrx_word' id='word_1_523' title='bbox 2941 1656 3268 1730; x_wconf 80' lang='grc' dir='ltr'>ἀπορήσειεν</span> <span class='ocrx_word' id='word_1_524' title='bbox 3305 1648 3370 1702; x_wconf 80' lang='grc' dir='ltr'><strong>ἀν</strong></span> <span class='ocrx_word' id='word_1_525' title='bbox 3397 1642 3674 1714; x_wconf 67' lang='grc' dir='ltr'>ἐκφράσαι</span> 
     </span>
    </p>
   </div>
   <div class='ocr_carea' id='block_1_73' title="bbox 2019 1818 3782 1924">
    <p class='ocr_par' dir='ltr' id='par_1_73' title="bbox 2019 1818 3782 1924">
     <span class='ocr_line' id='line_1_83' title="bbox 2019 1818 3782 1924; baseline -0.028 -6"><span class='ocrx_word' id='word_1_526' title='bbox 2019 1883 2108 1924; x_wconf 85' lang='lat' dir='ltr'><strong>am</strong></span> <span class='ocrx_word' id='word_1_527' title='bbox 2136 1837 2180 1894; x_wconf 77' lang='grc' dir='ltr'><strong>Β</strong></span> <span class='ocrx_word' id='word_1_528' title='bbox 2278 1855 2402 1910; x_wconf 71' lang='grc' dir='ltr'>ιοι.</span> <span class='ocrx_word' id='word_1_529' title='bbox 2453 1853 2510 1906; x_wconf 87' lang='lat'><strong>&#39;0</strong></span> <span class='ocrx_word' id='word_1_530' title='bbox 2547 1851 2604 1905; x_wconf 85' lang='grc' dir='ltr'><strong>δέ</strong></span> <span class='ocrx_word' id='word_1_531' title='bbox 2656 1845 2945 1920; x_wconf 86' lang='grc' dir='ltr'>μισόκαλος</span> <span class='ocrx_word' id='word_1_532' title='bbox 3000 1834 3277 1896; x_wconf 76' lang='grc' dir='ltr'>διάϐολος,</span> <span class='ocrx_word' id='word_1_533' title='bbox 3331 1828 3406 1900; x_wconf 82' lang='grc' dir='ltr'>μὴ</span> <span class='ocrx_word' id='word_1_534' title='bbox 3460 1823 3644 1894; x_wconf 75' lang='grc' dir='ltr'>φέρων</span> <span class='ocrx_word' id='word_1_535' title='bbox 3690 1818 3782 1888; x_wconf 77' lang='grc' dir='ltr'>τὴν</span> 
     </span>
    </p>
   </div>
   <div class='ocr_carea' id='block_1_74' title="bbox 2210 1910 3784 2015">
    <p class='ocr_par' dir='ltr' id='par_1_74' title="bbox 2210 1910 3784 2015">
     <span class='ocr_line' id='line_1_84' title="bbox 2210 1910 3784 2015; baseline -0.03 -10"><span class='ocrx_word' id='word_1_536' title='bbox 2210 1946 2476 2015; x_wconf 82' lang='grc' dir='ltr'>τοσαύτην</span> <span class='ocrx_word' id='word_1_537' title='bbox 2531 1941 2638 1994; x_wconf 87' lang='grc' dir='ltr'><strong>τῶν</strong></span> <span class='ocrx_word' id='word_1_538' title='bbox 2656 1910 2848 1992; x_wconf 47' lang='grc' dir='ltr'>’καλῶν</span> <span class='ocrx_word' id='word_1_539' title='bbox 2895 1927 3154 2000; x_wconf 80' lang='grc' dir='ltr'>ἀφθονίαν</span> <span class='ocrx_word' id='word_1_540' title='bbox 3174 1963 3190 1988; x_wconf 82' lang='grc'><em>,</em></span> <span class='ocrx_word' id='word_1_541' title='bbox 3223 1920 3514 1989; x_wconf 77' lang='grc' dir='ltr'>ἐξετήκετο</span> <span class='ocrx_word' id='word_1_542' title='bbox 3533 1956 3549 1978; x_wconf 87' lang='grc'><em>,</em></span> <span class='ocrx_word' id='word_1_543' title='bbox 3591 1910 3686 1964; x_wconf 73' lang='grc' dir='ltr'>καὶ</span> <span class='ocrx_word' id='word_1_544' title='bbox 3711 1911 3784 1970; x_wconf 89' lang='grc' dir='ltr'><strong>είς</strong></span> 
     </span>
    </p>
   </div>
   <div class='ocr_carea' id='block_1_75' title="bbox 2211 2001 3785 2104">
    <p class='ocr_par' dir='ltr' id='par_1_75' title="bbox 2211 2001 3785 2104">
     <span class='ocr_line' id='line_1_85' title="bbox 2211 2001 3785 2104; baseline -0.028 -10"><span class='ocrx_word' id='word_1_545' title='bbox 2211 2001 2400 2093; x_wconf 78' lang='grc' dir='ltr'>ἐαυτὸν</span> <span class='ocrx_word' id='word_1_546' title='bbox 2426 2001 2875 2104; x_wconf 79' lang='grc' dir='ltr'>ἐδραματούργει,</span> <span class='ocrx_word' id='word_1_547' title='bbox 2904 2025 3052 2083; x_wconf 83' lang='grc' dir='ltr'>ὅπως</span> <span class='ocrx_word' id='word_1_548' title='bbox 3082 2016 3148 2072; x_wconf 82' lang='grc' dir='ltr'>ἂν</span> <span class='ocrx_word' id='word_1_549' title='bbox 3181 2009 3439 2083; x_wconf 80' lang='grc' dir='ltr'>δυνηθείη</span> <span class='ocrx_word' id='word_1_550' title='bbox 3461 2001 3785 2059; x_wconf 79' lang='grc' dir='ltr'>ἐπιθολῶσαι</span> 
     </span>
    </p>
   </div>
   <div class='ocr_carea' id='block_1_76' title="bbox 2213 2096 3787 2204">
    <p class='ocr_par' dir='ltr' id='par_1_76' title="bbox 2213 2096 3787 2204">
     <span class='ocr_line' id='line_1_86' title="bbox 2213 2096 3787 2204; baseline -0.027 -18"><span class='ocrx_word' id='word_1_551' title='bbox 2213 2133 2311 2204; x_wconf 80' lang='grc' dir='ltr'>τὴν</span> <span class='ocrx_word' id='word_1_552' title='bbox 2349 2127 2457 2182; x_wconf 88' lang='grc' dir='ltr'><strong>τῶν</strong></span> <span class='ocrx_word' id='word_1_553' title='bbox 2485 2096 2750 2196; x_wconf 42' lang='grc' dir='ltr'>γρηστῶν</span> <span class='ocrx_word' id='word_1_554' title='bbox 2782 2113 3066 2184; x_wconf 83' lang='grc' dir='ltr'>ἀνατολήν.</span> <span class='ocrx_word' id='word_1_555' title='bbox 3105 2109 3218 2164; x_wconf 73' lang='grc' dir='ltr'><strong>Καὶ</strong></span> <span class='ocrx_word' id='word_1_556' title='bbox 3262 2102 3452 2158; x_wconf 77' lang='grc' dir='ltr'>λοιπὸν</span> <span class='ocrx_word' id='word_1_557' title='bbox 3501 2096 3787 2164; x_wconf 75' lang='grc' dir='ltr'>ἐξαιτεῖσται</span> 
     </span>
    </p>
   </div>
   <div class='ocr_carea' id='block_1_77' title="bbox 2213 2190 3790 2296">
    <p class='ocr_par' dir='ltr' id='par_1_77' title="bbox 2213 2190 3790 2296">
     <span class='ocr_line' id='line_1_87' title="bbox 2213 2190 3790 2296; baseline -0.027 -17"><span class='ocrx_word' id='word_1_558' title='bbox 2213 2190 2351 2296; x_wconf 78' lang='grc' dir='ltr'>πρὸς</span> <span class='ocrx_word' id='word_1_559' title='bbox 2393 2190 2816 2274; x_wconf 29' lang='grc' dir='ltr'>τδνντελευταῖον</span> <span class='ocrx_word' id='word_1_560' title='bbox 2855 2206 3044 2276; x_wconf 88' lang='grc' dir='ltr'>ἀγῶνα</span> <span class='ocrx_word' id='word_1_561' title='bbox 3082 2202 3182 2274; x_wconf 80' lang='grc' dir='ltr'>τὴν</span> <span class='ocrx_word' id='word_1_562' title='bbox 3228 2190 3617 2267; x_wconf 83' lang='grc' dir='ltr'>γενναιοτάτην</span> <span class='ocrx_word' id='word_1_563' title='bbox 3663 2199 3790 2254; x_wconf 83' lang='grc' dir='ltr'>παρ-</span> 
     </span>
    </p>
   </div>
   <div class='ocr_carea' id='block_1_78' title="bbox 2217 2277 3788 2374">
    <p class='ocr_par' dir='ltr' id='par_1_78' title="bbox 2217 2277 3788 2374">
     <span class='ocr_line' id='line_1_88' title="bbox 2217 2277 3788 2374; baseline -0.029 1"><span class='ocrx_word' id='word_1_564' title='bbox 2217 2277 2399 2374; x_wconf 64' lang='grc' dir='ltr'>θένον·</span> <span class='ocrx_word' id='word_1_565' title='bbox 2449 2314 2544 2368; x_wconf 70' lang='grc' dir='ltr'>καὶ</span> <span class='ocrx_word' id='word_1_566' title='bbox 2588 2307 2838 2364; x_wconf 83' lang='grc' dir='ltr'>τοσοῦτον</span> <span class='ocrx_word' id='word_1_567' title='bbox 2876 2304 3012 2372; x_wconf 81' lang='grc' dir='ltr'>αὐτῇ</span> <span class='ocrx_word' id='word_1_568' title='bbox 3068 2300 3136 2367; x_wconf 83' lang='grc' dir='ltr'>τῇ</span> <span class='ocrx_word' id='word_1_569' title='bbox 3172 2292 3342 2364; x_wconf 73' lang='grc' dir='ltr'>ἔχθρᾳ</span> <span class='ocrx_word' id='word_1_570' title='bbox 3381 2286 3653 2358; x_wconf 83' lang='grc' dir='ltr'>ἀμύνεται</span> <span class='ocrx_word' id='word_1_571' title='bbox 3677 2320 3692 2344; x_wconf 91' lang='grc'><em>,</em></span> <span class='ocrx_word' id='word_1_572' title='bbox 3719 2277 3788 2340; x_wconf 84' lang='grc' dir='ltr'><strong>ὡς</strong></span> 
     </span>
    </p>
   </div>
   <div class='ocr_carea' id='block_1_79' title="bbox 2221 2373 3786 2485">
    <p class='ocr_par' dir='ltr' id='par_1_79' title="bbox 2221 2373 3786 2485">
     <span class='ocr_line' id='line_1_89' title="bbox 2221 2373 3786 2485; baseline -0.027 -19"><span class='ocrx_word' id='word_1_573' title='bbox 2221 2412 2354 2485; x_wconf 87' lang='grc' dir='ltr'><strong>μηδέ</strong></span> <span class='ocrx_word' id='word_1_574' title='bbox 2400 2408 2507 2461; x_wconf 87' lang='grc' dir='ltr'><strong>τῶν</strong></span> <span class='ocrx_word' id='word_1_575' title='bbox 2556 2401 2750 2468; x_wconf 77' lang='grc' dir='ltr'>ἔξωθεν</span> <span class='ocrx_word' id='word_1_576' title='bbox 2807 2395 2982 2469; x_wconf 90' lang='grc' dir='ltr'>μελῶν</span> <span class='ocrx_word' id='word_1_577' title='bbox 3023 2385 3350 2461; x_wconf 74' lang='grc' dir='ltr'>ἐνάρξασθαι</span> <span class='ocrx_word' id='word_1_578' title='bbox 3397 2379 3498 2448; x_wconf 82' lang='grc' dir='ltr'>τῆς</span> <span class='ocrx_word' id='word_1_579' title='bbox 3546 2373 3786 2445; x_wconf 82' lang='grc' dir='ltr'>πληγῆς·</span> 
     </span>
    </p>
   </div>
   <div class='ocr_carea' id='block_1_80' title="bbox 2218 2461 3788 2567">
    <p class='ocr_par' dir='ltr' id='par_1_80' title="bbox 2218 2461 3788 2567">
     <span class='ocr_line' id='line_1_90' title="bbox 2218 2461 3788 2567; baseline -0.029 -10"><span class='ocrx_word' id='word_1_580' title='bbox 2404 2498 2511 2552; x_wconf 88' lang='grc' dir='ltr'><strong>τῶν</strong></span> <span class='ocrx_word' id='word_1_581' title='bbox 2541 2461 2820 2547; x_wconf 80' lang='grc' dir='ltr'>ἐνδοσθίων</span> <span class='ocrx_word' id='word_1_582' title='bbox 2855 2486 3150 2556; x_wconf 77' lang='grc' dir='ltr'>ἁψάμενος,</span> <span class='ocrx_word' id='word_1_583' title='bbox 3183 2473 3365 2546; x_wconf 82' lang='grc' dir='ltr'>βύθιον</span> <span class='ocrx_word' id='word_1_584' title='bbox 3399 2468 3538 2537; x_wconf 81' lang='grc' dir='ltr'>αὐτῇ</span> <span class='ocrx_word' id='word_1_585' title='bbox 3567 2464 3664 2534; x_wconf 80' lang='grc' dir='ltr'><strong>τὴν</strong></span> <span class='ocrx_word' id='word_1_586' title='bbox 3701 2461 3788 2514; x_wconf 85' lang='grc' dir='ltr'>ἀλ-</span> 
     </span>
    </p>
   </div>
   <div class='ocr_carea' id='block_1_81' title="bbox 2219 2552 3792 2666">
    <p class='ocr_par' dir='ltr' id='par_1_81' title="bbox 2219 2552 3792 2666">
     <span class='ocr_line' id='line_1_91' title="bbox 2219 2552 3792 2666; baseline -0.03 -17"><span class='ocrx_word' id='word_1_587' title='bbox 2219 2593 2420 2666; x_wconf 75' lang='grc' dir='ltr'>γηδόνα</span> <span class='ocrx_word' id='word_1_588' title='bbox 2453 2587 2726 2654; x_wconf 82' lang='grc' dir='ltr'>ἀπένεμεν</span> <span class='ocrx_word' id='word_1_589' title='bbox 2748 2597 2762 2611; x_wconf 90' lang='grc'><strong>·</strong></span> <span class='ocrx_word' id='word_1_590' title='bbox 2795 2580 2869 2642; x_wconf 84' lang='grc' dir='ltr'>ὼς</span> <span class='ocrx_word' id='word_1_591' title='bbox 2905 2568 3337 2644; x_wconf 81' lang='grc' dir='ltr'>ἀπαραμύθητον</span> <span class='ocrx_word' id='word_1_592' title='bbox 3371 2562 3544 2630; x_wconf 72' lang='grc' dir='ltr'>αὐτὴν</span> <span class='ocrx_word' id='word_1_593' title='bbox 3589 2559 3654 2608; x_wconf 87' lang='grc' dir='ltr'><strong>ἐκ</strong></span> <span class='ocrx_word' id='word_1_594' title='bbox 3702 2552 3792 2621; x_wconf 75' lang='grc' dir='ltr'>τῆς</span> 
     </span>
    </p>
   </div>
   <div class='ocr_carea' id='block_1_82' title="bbox 2221 2663 3181 2756">
    <p class='ocr_par' dir='ltr' id='par_1_82' title="bbox 2221 2663 3181 2756">
     <span class='ocr_line' id='line_1_92' title="bbox 2221 2663 3181 2756; baseline -0.029 -15"><span class='ocrx_word' id='word_1_595' title='bbox 2221 2686 2318 2741; x_wconf 87' lang='grc' dir='ltr'><strong>ἀνθ</strong></span> <span class='ocrx_word' id='word_1_596' title='bbox 2330 2682 2526 2756; x_wconf 85' lang='grc' dir='ltr'>ρώπων</span> <span class='ocrx_word' id='word_1_597' title='bbox 2557 2673 2875 2742; x_wconf 88' lang='grc' dir='ltr'>ἐπικουρίας</span> <span class='ocrx_word' id='word_1_598' title='bbox 2906 2663 3181 2736; x_wconf 85' lang='grc' dir='ltr'>γενέσθαι.</span> 
     </span>
    </p>
   </div>
   <div class='ocr_carea' id='block_1_83' title="bbox 2295 2738 3793 2838">
    <p class='ocr_par' dir='ltr' id='par_1_83' title="bbox 2295 2738 3793 2838">
     <span class='ocr_line' id='line_1_93' title="bbox 2295 2738 3793 2838; baseline -0.026 -8"><span class='ocrx_word' id='word_1_599' title='bbox 2295 2738 2419 2830; x_wconf 72' lang='grc' dir='ltr'>1θ5.</span> <span class='ocrx_word' id='word_1_600' title='bbox 2459 2772 2570 2826; x_wconf 74' lang='grc' dir='ltr'><strong>Καὶ</strong></span> <span class='ocrx_word' id='word_1_601' title='bbox 2602 2738 2816 2838; x_wconf 83' lang='grc' dir='ltr'>πρῶτον</span> <span class='ocrx_word' id='word_1_602' title='bbox 2876 2761 2972 2832; x_wconf 85' lang='grc' dir='ltr'>μὲν</span> <span class='ocrx_word' id='word_1_603' title='bbox 3032 2756 3094 2810; x_wconf 80' lang='grc' dir='ltr'>τὸ</span> <span class='ocrx_word' id='word_1_604' title='bbox 3125 2748 3563 2830; x_wconf 83' lang='grc' dir='ltr'>ἀναγκαιότατον</span> <span class='ocrx_word' id='word_1_605' title='bbox 3597 2745 3654 2795; x_wconf 88' lang='grc' dir='ltr'><strong>ἐν</strong></span> <span class='ocrx_word' id='word_1_606' title='bbox 3691 2738 3793 2807; x_wconf 77' lang='grc' dir='ltr'>ζωῇ</span> 
     </span>
    </p>
   </div>
   <div class='ocr_carea' id='block_1_84' title="bbox 2225 2831 3797 2941">
    <p class='ocr_par' dir='ltr' id='par_1_84' title="bbox 2225 2831 3797 2941">
     <span class='ocr_line' id='line_1_94' title="bbox 2225 2831 3797 2941; baseline -0.027 -17"><span class='ocrx_word' id='word_1_607' title='bbox 2225 2869 2451 2941; x_wconf 77' lang='grc' dir='ltr'>πλήττει</span> <span class='ocrx_word' id='word_1_608' title='bbox 2489 2831 2695 2936; x_wconf 81' lang='grc' dir='ltr'>μόριον,</span> <span class='ocrx_word' id='word_1_609' title='bbox 2721 2857 2813 2911; x_wconf 83' lang='grc' dir='ltr'>τὸν</span> <span class='ocrx_word' id='word_1_610' title='bbox 2835 2831 3129 2922; x_wconf 85' lang='grc' dir='ltr'>πνεύμονα,</span> <span class='ocrx_word' id='word_1_611' title='bbox 3153 2845 3249 2901; x_wconf 71' lang='grc' dir='ltr'>καὶ</span> <span class='ocrx_word' id='word_1_612' title='bbox 3271 2842 3359 2896; x_wconf 83' lang='grc' dir='ltr'>διὰ</span> <span class='ocrx_word' id='word_1_613' title='bbox 3391 2839 3566 2893; x_wconf 80' lang='grc' dir='ltr'>νόσων</span> <span class='ocrx_word' id='word_1_614' title='bbox 3592 2831 3797 2903; x_wconf 85' lang='grc' dir='ltr'>ὀλεθρο-</span> 
     </span>
    </p>
   </div>
   <div class='ocr_carea' id='block_1_85' title="bbox 2228 2924 3800 3034">
    <p class='ocr_par' dir='ltr' id='par_1_85' title="bbox 2228 2924 3800 3034">
     <span class='ocr_line' id='line_1_95' title="bbox 2228 2924 3800 3034; baseline -0.027 -18"><span class='ocrx_word' id='word_1_615' title='bbox 2228 2924 2408 3034; x_wconf 72' lang='grc' dir='ltr'>φὸρων</span> <span class='ocrx_word' id='word_1_616' title='bbox 2439 2924 2770 3020; x_wconf 82' lang='grc' dir='ltr'>ὀλίγον</span> <span class='ocrx_word' id='word_1_617' title='bbox 2820 2947 3040 3012; x_wconf 82' lang='grc' dir='ltr'>ἐξάπτει</span> <span class='ocrx_word' id='word_1_618' title='bbox 3089 2940 3188 3010; x_wconf 77' lang='grc' dir='ltr'>τὴν</span> <span class='ocrx_word' id='word_1_619' title='bbox 3247 2933 3468 2990; x_wconf 78' lang='grc' dir='ltr'>κακίαν.</span> <span class='ocrx_word' id='word_1_620' title='bbox 3522 2924 3800 2998; x_wconf 83' lang='grc' dir='ltr'>Ἐνεχὼρει</span> 
     </span>
    </p>
   </div>
   <div class='ocr_carea' id='block_1_86' title="bbox 2233 3019 3802 3127">
    <p class='ocr_par' dir='ltr' id='par_1_86' title="bbox 2233 3019 3802 3127">
     <span class='ocr_line' id='line_1_96' title="bbox 2233 3019 3802 3127; baseline -0.025 -19"><span class='ocrx_word' id='word_1_621' title='bbox 2233 3019 2332 3127; x_wconf 69' lang='grc' dir='ltr'>μὲν</span> <span class='ocrx_word' id='word_1_622' title='bbox 2365 3051 2474 3122; x_wconf 89' lang='grc' dir='ltr'><strong>γάρ</strong></span> <span class='ocrx_word' id='word_1_623' title='bbox 2501 3048 2594 3102; x_wconf 70' lang='grc' dir='ltr'>καὶ</span> <span class='ocrx_word' id='word_1_624' title='bbox 2618 3019 2873 3110; x_wconf 14' lang='grc' dir='ltr'>ἐννόλίγῳ</span> <span class='ocrx_word' id='word_1_625' title='bbox 2906 3037 2994 3090; x_wconf 88' lang='grc' dir='ltr'><strong>διά</strong></span> <span class='ocrx_word' id='word_1_626' title='bbox 3030 3035 3128 3105; x_wconf 79' lang='grc' dir='ltr'>τῆς</span> <span class='ocrx_word' id='word_1_627' title='bbox 3161 3031 3492 3100; x_wconf 77' lang='grc' dir='ltr'>ἐξαιτήσεως</span> <span class='ocrx_word' id='word_1_628' title='bbox 3526 3019 3802 3088; x_wconf 82' lang='grc' dir='ltr'>συντεμεῖν</span> 
     </span>
    </p>
   </div>
   <div class='ocr_carea' id='block_1_87' title="bbox 2232 3111 3802 3213">
    <p class='ocr_par' dir='ltr' id='par_1_87' title="bbox 2232 3111 3802 3213">
     <span class='ocr_line' id='line_1_97' title="bbox 2232 3111 3802 3213; baseline -0.025 -14"><span class='ocrx_word' id='word_1_629' title='bbox 2232 3111 2402 3213; x_wconf 66' lang='grc' dir='ltr'>αὐτῆς</span> <span class='ocrx_word' id='word_1_630' title='bbox 2423 3111 2520 3211; x_wconf 74' lang='grc' dir='ltr'>τὴν</span> <span class='ocrx_word' id='word_1_631' title='bbox 2548 3134 2803 3204; x_wconf 86' lang='grc' dir='ltr'>τελευτήν</span> <span class='ocrx_word' id='word_1_632' title='bbox 2825 3148 2838 3161; x_wconf 90' lang='grc'><strong>·</strong></span> <span class='ocrx_word' id='word_1_633' title='bbox 2868 3127 2979 3182; x_wconf 89' lang='grc' dir='ltr'>ἀλλ’</span> <span class='ocrx_word' id='word_1_634' title='bbox 3023 3124 3211 3192; x_wconf 85' lang='grc' dir='ltr'>ὥσπερ</span> <span class='ocrx_word' id='word_1_635' title='bbox 3259 3115 3557 3189; x_wconf 81' lang='grc' dir='ltr'>αἱμοϐόρος</span> <span class='ocrx_word' id='word_1_636' title='bbox 3597 3111 3802 3180; x_wconf 69' lang='grc' dir='ltr'>δήμιος,</span> 
     </span>
    </p>
   </div>
   <div class='ocr_carea' id='block_1_88' title="bbox 2230 3210 3418 3306">
    <p class='ocr_par' dir='ltr' id='par_1_88' title="bbox 2230 3210 3418 3306">
     <span class='ocr_line' id='line_1_98' title="bbox 2230 3210 3418 3306; baseline -0.026 -13"><span class='ocrx_word' id='word_1_637' title='bbox 2230 3239 2318 3294; x_wconf 84' lang='grc' dir='ltr'>διὰ</span> <span class='ocrx_word' id='word_1_638' title='bbox 2344 3210 2563 3306; x_wconf 82' lang='grc' dir='ltr'>πληγῶν</span> <span class='ocrx_word' id='word_1_639' title='bbox 2596 3225 2804 3282; x_wconf 84' lang='grc' dir='ltr'>πολλῶν</span> <span class='ocrx_word' id='word_1_640' title='bbox 2847 3222 2939 3277; x_wconf 73' lang='grc' dir='ltr'>καὶ</span> <span class='ocrx_word' id='word_1_641' title='bbox 2977 3219 3167 3292; x_wconf 87' lang='grc' dir='ltr'>χρόνου</span> <span class='ocrx_word' id='word_1_642' title='bbox 3205 3210 3418 3286; x_wconf 83' lang='grc' dir='ltr'>μακροῦ</span> 
     </span>
    </p>
   </div>
   <div class='ocr_carea' id='block_1_89' title="bbox 2231 3293 3808 3398">
    <p class='ocr_par' dir='ltr' id='par_1_89' title="bbox 2231 3293 3808 3398">
     <span class='ocr_line' id='line_1_99' title="bbox 2231 3293 3808 3398; baseline -0.026 -13"><span class='ocrx_word' id='word_1_643' title='bbox 2231 3293 2509 3398; x_wconf 65' lang='grc' dir='ltr'>δεινότητα</span> <span class='ocrx_word' id='word_1_644' title='bbox 2557 3321 2908 3377; x_wconf 82' lang='grc' dir='ltr'>ἐνδείκνυται.</span> <span class='ocrx_word' id='word_1_645' title='bbox 2956 3311 3115 3366; x_wconf 81' lang='grc' dir='ltr'>Κατά</span> <span class='ocrx_word' id='word_1_646' title='bbox 3157 3305 3351 3379; x_wconf 80' lang='grc' dir='ltr'>μικρὸν</span> <span class='ocrx_word' id='word_1_647' title='bbox 3397 3301 3512 3372; x_wconf 85' lang='grc' dir='ltr'><strong>γάρ</strong></span> <span class='ocrx_word' id='word_1_648' title='bbox 3568 3293 3808 3350; x_wconf 81' lang='grc' dir='ltr'>ἀναλύων</span> 
     </span>
    </p>
   </div>
   <div class='ocr_carea' id='block_1_90' title="bbox 2233 3383 3808 3488">
    <p class='ocr_par' dir='ltr' id='par_1_90' title="bbox 2233 3383 3808 3488">
     <span class='ocr_line' id='line_1_100' title="bbox 2233 3383 3808 3488; baseline -0.025 -11"><span class='ocrx_word' id='word_1_649' title='bbox 2233 3424 2325 3476; x_wconf 81' lang='grc' dir='ltr'>τὸν</span> <span class='ocrx_word' id='word_1_650' title='bbox 2354 3418 2629 3488; x_wconf 87' lang='grc' dir='ltr'>πνεύμονα</span> <span class='ocrx_word' id='word_1_651' title='bbox 2655 3411 2743 3466; x_wconf 82' lang='grc' dir='ltr'>διὰ</span> <span class='ocrx_word' id='word_1_652' title='bbox 2775 3408 2883 3463; x_wconf 86' lang='grc' dir='ltr'><strong>τῶν</strong></span> <span class='ocrx_word' id='word_1_653' title='bbox 2910 3401 3258 3473; x_wconf 80' lang='grc' dir='ltr'>ἀναγομένων</span> <span class='ocrx_word' id='word_1_654' title='bbox 3285 3392 3621 3464; x_wconf 85' lang='grc' dir='ltr'>πτυσμάτων</span> <span class='ocrx_word' id='word_1_655' title='bbox 3640 3429 3656 3452; x_wconf 87' lang='grc'><em>,</em></span> <span class='ocrx_word' id='word_1_656' title='bbox 3690 3383 3808 3440; x_wconf 86' lang='grc' dir='ltr'>τοῦ·</span> 
     </span>
    </p>
   </div>
   <div class='ocr_carea' id='block_1_91' title="bbox 2234 3483 3810 3574">
    <p class='ocr_par' dir='ltr' id='par_1_91' title="bbox 2234 3483 3810 3574">
     <span class='ocr_line' id='line_1_101' title="bbox 2234 3483 3810 3574; baseline -0.025 -5"><span class='ocrx_word' id='word_1_657' title='bbox 2234 3531 2325 3568; x_wconf 87' lang='grc' dir='ltr'><strong>τον</strong></span> <span class='ocrx_word' id='word_1_658' title='bbox 2355 3483 2643 3565; x_wconf 70' lang='grc' dir='ltr'>ἀπέϐαλλε.</span> <span class='ocrx_word' id='word_1_659' title='bbox 2677 3502 2939 3574; x_wconf 82' lang='grc' dir='ltr'>Παρῆσαν</span> <span class='ocrx_word' id='word_1_660' title='bbox 2983 3495 3039 3549; x_wconf 80' lang='grc' dir='ltr'><strong>δέ</strong></span> <span class='ocrx_word' id='word_1_661' title='bbox 3073 3493 3164 3547; x_wconf 76' lang='grc' dir='ltr'>καὶ</span> <span class='ocrx_word' id='word_1_662' title='bbox 3191 3487 3419 3560; x_wconf 74' lang='grc' dir='ltr'>πυρετοὶ</span> <span class='ocrx_word' id='word_1_663' title='bbox 3457 3483 3810 3541; x_wconf 79' lang='grc' dir='ltr'>ἀδιάλειπτοι,</span> 
     </span>
    </p>
   </div>
   <div class='ocr_carea' id='block_1_92' title="bbox 2241 3581 3352 3682">
    <p class='ocr_par' dir='ltr' id='par_1_92' title="bbox 2241 3581 3352 3682">
     <span class='ocr_line' id='line_1_102' title="bbox 2241 3581 3352 3682; baseline -0.029 -19"><span class='ocrx_word' id='word_1_664' title='bbox 2241 3610 2392 3682; x_wconf 81' lang='grc' dir='ltr'>ῥίνης</span> <span class='ocrx_word' id='word_1_665' title='bbox 2420 3604 2574 3673; x_wconf 86' lang='grc' dir='ltr'>δίκην</span> <span class='ocrx_word' id='word_1_666' title='bbox 2603 3591 3058 3652; x_wconf 88' lang='grc' dir='ltr'>ἀποδαπανῶντες</span> <span class='ocrx_word' id='word_1_667' title='bbox 3081 3584 3145 3637; x_wconf 81' lang='grc' dir='ltr'>τὸ</span> <span class='ocrx_word' id='word_1_668' title='bbox 3170 3581 3352 3650; x_wconf 89' lang='grc' dir='ltr'>σῶμα.</span> 
     </span>
    </p>
   </div>
   <div class='ocr_carea' id='block_1_93' title="bbox 2315 3657 3814 3759">
    <p class='ocr_par' dir='ltr' id='par_1_93' title="bbox 2315 3657 3814 3759">
     <span class='ocr_line' id='line_1_103' title="bbox 2315 3657 3814 3759; baseline -0.028 -8"><span class='ocrx_word' id='word_1_669' title='bbox 2315 3657 2438 3751; x_wconf 66' lang='grc' dir='ltr'><strong>ιέἷδζ</strong></span> <span class='ocrx_word' id='word_1_670' title='bbox 2486 3657 2870 3759; x_wconf 70' lang='grc' dir='ltr'>’ὀγδοηκοστὸν</span> <span class='ocrx_word' id='word_1_671' title='bbox 2910 3676 3045 3751; x_wconf 82' lang='grc' dir='ltr'>ἦγεν</span> <span class='ocrx_word' id='word_1_672' title='bbox 3078 3675 3230 3739; x_wconf 77' lang='grc' dir='ltr'>ετος,</span> <span class='ocrx_word' id='word_1_673' title='bbox 3261 3672 3351 3724; x_wconf 85' lang='grc' dir='ltr'>ὅτε</span> <span class='ocrx_word' id='word_1_674' title='bbox 3386 3670 3418 3721; x_wconf 87' lang='grc' dir='ltr'>ὁ</span> <span class='ocrx_word' id='word_1_675' title='bbox 3456 3661 3704 3724; x_wconf 77' lang='grc' dir='ltr'>διάεολος</span> <span class='ocrx_word' id='word_1_676' title='bbox 3749 3657 3814 3711; x_wconf 86' lang='grc' dir='ltr'><strong>τά</strong></span> 
     </span>
    </p>
   </div>
   <div class='ocr_carea' id='block_1_94' title="bbox 2240 3748 3812 3840">
    <p class='ocr_par' dir='ltr' id='par_1_94' title="bbox 2240 3748 3812 3840">
     <span class='ocr_line' id='line_1_104' title="bbox 2240 3748 3812 3840; baseline -0.025 0"><span class='ocrx_word' id='word_1_677' title='bbox 2240 3748 2334 3840; x_wconf 81' lang='grc' dir='ltr'><strong>τοῦ</strong></span> <span class='ocrx_word' id='word_1_678' title='bbox 2350 3748 2468 3837; x_wconf 12' lang='grc' dir='ltr'>’ήιῶο</span> <span class='ocrx_word' id='word_1_679' title='bbox 2493 3748 2627 3834; x_wconf 77' lang='grc' dir='ltr'>ἆθλα</span> <span class='ocrx_word' id='word_1_680' title='bbox 2658 3748 2736 3837; x_wconf 76' lang='grc' dir='ltr'><strong>είς</strong></span> <span class='ocrx_word' id='word_1_681' title='bbox 2762 3748 2964 3840; x_wconf 83' lang='grc' dir='ltr'>ταύτην</span> <span class='ocrx_word' id='word_1_682' title='bbox 2997 3765 3295 3837; x_wconf 84' lang='grc' dir='ltr'>μετέφερεν</span> <span class='ocrx_word' id='word_1_683' title='bbox 3319 3777 3334 3790; x_wconf 90' lang='grc'><strong>·</strong></span> <span class='ocrx_word' id='word_1_684' title='bbox 3360 3759 3553 3819; x_wconf 77' lang='grc' dir='ltr'>αὐταῖς</span> <span class='ocrx_word' id='word_1_685' title='bbox 3587 3753 3685 3824; x_wconf 81' lang='grc' dir='ltr'>μὲν</span> <span class='ocrx_word' id='word_1_686' title='bbox 3713 3748 3812 3820; x_wconf 76' lang='grc' dir='ltr'><strong>γὰρ</strong></span> 
     </span>
    </p>
   </div>
   <div class='ocr_carea' id='block_1_95' title="bbox 2243 3847 3818 3942">
    <p class='ocr_par' dir='ltr' id='par_1_95' title="bbox 2243 3847 3818 3942">
     <span class='ocr_line' id='line_1_105' title="bbox 2243 3847 3818 3942; baseline -0.025 -7"><span class='ocrx_word' id='word_1_687' title='bbox 2243 3881 2334 3935; x_wconf 68' lang='grc' dir='ltr'>καὶ</span> <span class='ocrx_word' id='word_1_688' title='bbox 2373 3878 2488 3932; x_wconf 85' lang='grc' dir='ltr'>τότε</span> <span class='ocrx_word' id='word_1_689' title='bbox 2525 3872 2790 3942; x_wconf 81' lang='grc' dir='ltr'>ἐκέχρητο</span> <span class='ocrx_word' id='word_1_690' title='bbox 2818 3868 2938 3928; x_wconf 85' lang='grc' dir='ltr'>ταῖς</span> <span class='ocrx_word' id='word_1_691' title='bbox 2969 3859 3218 3934; x_wconf 82' lang='grc' dir='ltr'>μάστιξιν</span> <span class='ocrx_word' id='word_1_692' title='bbox 3238 3874 3252 3888; x_wconf 73' lang='grc' dir='ltr'><strong>ο</strong></span> <span class='ocrx_word' id='word_1_693' title='bbox 3291 3853 3406 3908; x_wconf 88' lang='grc' dir='ltr'>ἀλλ’</span> <span class='ocrx_word' id='word_1_694' title='bbox 3439 3852 3534 3904; x_wconf 75' lang='grc' dir='ltr'>ἐπὶ</span> <span class='ocrx_word' id='word_1_695' title='bbox 3560 3847 3658 3902; x_wconf 85' lang='grc' dir='ltr'><strong>τοῦ</strong></span> <span class='ocrx_word' id='word_1_696' title='bbox 3693 3860 3818 3916; x_wconf 83' lang='grc' dir='ltr'>παρ-</span> 
     </span>
    </p>
   </div>
   <div class='ocr_carea' id='block_1_96' title="bbox 2243 3939 3820 4036">
    <p class='ocr_par' dir='ltr' id='par_1_96' title="bbox 2243 3939 3820 4036">
     <span class='ocr_line' id='line_1_106' title="bbox 2243 3939 3820 4036; baseline -0.025 -8"><span class='ocrx_word' id='word_1_697' title='bbox 2243 3976 2392 4035; x_wconf 83' lang='grc' dir='ltr'>όντος</span> <span class='ocrx_word' id='word_1_698' title='bbox 2422 3939 2825 4036; x_wconf 73' lang='grc' dir='ltr'>συντέμνειτὸν</span> <span class='ocrx_word' id='word_1_699' title='bbox 2852 3956 3074 4028; x_wconf 87' lang='grc' dir='ltr'>χρόνον,</span> <span class='ocrx_word' id='word_1_700' title='bbox 3114 3947 3525 4022; x_wconf 82' lang='grc' dir='ltr'>φορτικωτέρας</span> <span class='ocrx_word' id='word_1_701' title='bbox 3568 3939 3820 4009; x_wconf 78' lang='grc' dir='ltr'>ποιούμεο</span> 
     </span>
    </p>
   </div>
   <div class='ocr_carea' id='block_1_97' title="bbox 2247 4030 3819 4126">
    <p class='ocr_par' dir='ltr' id='par_1_97' title="bbox 2247 4030 3819 4126">
     <span class='ocr_line' id='line_1_107' title="bbox 2247 4030 3819 4126; baseline -0.023 -9"><span class='ocrx_word' id='word_1_702' title='bbox 2247 4081 2334 4125; x_wconf 89' lang='grc' dir='ltr'><strong>νος</strong></span> <span class='ocrx_word' id='word_1_703' title='bbox 2370 4030 2465 4121; x_wconf 74' lang='grc' dir='ltr'>τὰς</span> <span class='ocrx_word' id='word_1_704' title='bbox 2485 4030 2799 4126; x_wconf 77' lang='grc' dir='ltr'>ἀλγηδόνας.</span> <span class='ocrx_word' id='word_1_705' title='bbox 2827 4049 3081 4119; x_wconf 85' lang='grc' dir='ltr'>Πέμπτον</span> <span class='ocrx_word' id='word_1_706' title='bbox 3107 4043 3203 4115; x_wconf 78' lang='grc' dir='ltr'>μὲν</span> <span class='ocrx_word' id='word_1_707' title='bbox 3235 4040 3330 4094; x_wconf 74' lang='lat' dir='ltr'><strong>xal.</strong></span> <span class='ocrx_word' id='word_1_708' title='bbox 3353 4033 3682 4108; x_wconf 81' lang='grc' dir='ltr'>τριακοστὸν</span> <span class='ocrx_word' id='word_1_709' title='bbox 3710 4030 3819 4091; x_wconf 80' lang='grc' dir='ltr'>ἔτος</span> 
     </span>
    </p>
   </div>
   <div class='ocr_carea' id='block_1_98' title="bbox 2247 4122 3821 4228">
    <p class='ocr_par' dir='ltr' id='par_1_98' title="bbox 2247 4122 3821 4228">
     <span class='ocr_line' id='line_1_108' title="bbox 2247 4122 3821 4228; baseline -0.021 -18"><span class='ocrx_word' id='word_1_710' title='bbox 2247 4161 2274 4212; x_wconf 81' lang='grc' dir='ltr'>ὁ</span> <span class='ocrx_word' id='word_1_711' title='bbox 2301 4122 2573 4228; x_wconf 78' lang='grc' dir='ltr'>μακάριος</span> <span class='ocrx_word' id='word_1_712' title='bbox 2603 4122 2723 4201; x_wconf 59' lang='grc' dir='ltr'>ίιὼσ</span> <span class='ocrx_word' id='word_1_713' title='bbox 2754 4147 2811 4198; x_wconf 91' lang='grc' dir='ltr'><strong>ἐν</strong></span> <span class='ocrx_word' id='word_1_714' title='bbox 2842 4146 2906 4214; x_wconf 83' lang='grc' dir='ltr'><strong>τῇ</strong></span> <span class='ocrx_word' id='word_1_715' title='bbox 2929 4140 3110 4211; x_wconf 84' lang='grc' dir='ltr'>πληγῇ</span> <span class='ocrx_word' id='word_1_716' title='bbox 3146 4135 3446 4205; x_wconf 83' lang='grc' dir='ltr'>πεποίηκεν</span> <span class='ocrx_word' id='word_1_717' title='bbox 3468 4148 3480 4160; x_wconf 90' lang='grc'><strong>·</strong></span> <span class='ocrx_word' id='word_1_718' title='bbox 3510 4127 3746 4182; x_wconf 84' lang='grc' dir='ltr'>ἐνταῦθα</span> <span class='ocrx_word' id='word_1_719' title='bbox 3769 4122 3821 4176; x_wconf 83' lang='grc' dir='ltr'>δὲ</span> 
     </span>
    </p>
   </div>
   <div class='ocr_carea' id='block_1_99' title="bbox 2249 4217 3822 4318">
    <p class='ocr_par' dir='ltr' id='par_1_99' title="bbox 2249 4217 3822 4318">
     <span class='ocr_line' id='line_1_109' title="bbox 2249 4217 3822 4318; baseline -0.024 -15"><span class='ocrx_word' id='word_1_720' title='bbox 2249 4253 2277 4304; x_wconf 88' lang='grc' dir='ltr'>ὁ</span> <span class='ocrx_word' id='word_1_721' title='bbox 2303 4246 2493 4318; x_wconf 80' lang='grc' dir='ltr'>ἐχθρὸς</span> <span class='ocrx_word' id='word_1_722' title='bbox 2513 4285 2528 4307; x_wconf 89' lang='grc'><strong><em>,</em></strong></span> <span class='ocrx_word' id='word_1_723' title='bbox 2558 4241 2746 4308; x_wconf 83' lang='grc' dir='ltr'>ὥσπερ</span> <span class='ocrx_word' id='word_1_724' title='bbox 2792 4235 3040 4306; x_wconf 83' lang='grc' dir='ltr'>ἀπαρχάς</span> <span class='ocrx_word' id='word_1_725' title='bbox 3090 4246 3244 4292; x_wconf 86' lang='grc' dir='ltr'>τινας</span> <span class='ocrx_word' id='word_1_726' title='bbox 3293 4226 3420 4287; x_wconf 82' lang='grc' dir='ltr'>τοὺς</span> <span class='ocrx_word' id='word_1_727' title='bbox 3450 4221 3562 4274; x_wconf 90' lang='grc' dir='ltr'><strong>τῶν</strong></span> <span class='ocrx_word' id='word_1_728' title='bbox 3594 4217 3822 4272; x_wconf 80' lang='grc' dir='ltr'>δεκάδων</span> 
     </span>
    </p>
   </div>
   <div class='ocr_carea' id='block_1_100' title="bbox 2251 4308 3825 4414">
    <p class='ocr_par' dir='ltr' id='par_1_100' title="bbox 2251 4308 3825 4414">
     <span class='ocr_line' id='line_1_110' title="bbox 2251 4308 3825 4414; baseline -0.022 -19"><span class='ocrx_word' id='word_1_729' title='bbox 2251 4308 2476 4414; x_wconf 77' lang='grc' dir='ltr'>χρόνους</span> <span class='ocrx_word' id='word_1_730' title='bbox 2507 4333 2873 4403; x_wconf 78' lang='grc' dir='ltr'>ἀποσυλήσας,</span> <span class='ocrx_word' id='word_1_731' title='bbox 2906 4325 3042 4397; x_wconf 78' lang='grc' dir='ltr'>πρὸς</span> <span class='ocrx_word' id='word_1_732' title='bbox 3069 4323 3166 4385; x_wconf 87' lang='grc' dir='ltr'><strong>τάς</strong></span> <span class='ocrx_word' id='word_1_733' title='bbox 3197 4318 3412 4390; x_wconf 82' lang='grc' dir='ltr'>πληγάς</span> <span class='ocrx_word' id='word_1_734' title='bbox 3445 4316 3710 4369; x_wconf 82' lang='grc' dir='ltr'>συνάπτει</span> <span class='ocrx_word' id='word_1_735' title='bbox 3753 4308 3825 4377; x_wconf 82' lang='grc' dir='ltr'>τῷ</span> 
     </span>
    </p>
   </div>
   <div class='ocr_carea' id='block_1_101' title="bbox 2256 4396 3828 4502">
    <p class='ocr_par' dir='ltr' id='par_1_101' title="bbox 2256 4396 3828 4502">
     <span class='ocr_line' id='line_1_111' title="bbox 2256 4396 3828 4502; baseline -0.024 -17"><span class='ocrx_word' id='word_1_736' title='bbox 2256 4396 2387 4502; x_wconf 69' lang='grc' dir='ltr'>ἱέρῴ</span> <span class='ocrx_word' id='word_1_737' title='bbox 2419 4396 2622 4495; x_wconf 83' lang='grc' dir='ltr'>ταύτης</span> <span class='ocrx_word' id='word_1_738' title='bbox 2665 4396 2899 4490; x_wconf 79' lang='grc' dir='ltr'>σώματι.</span> <span class='ocrx_word' id='word_1_739' title='bbox 2938 4396 3075 4485; x_wconf 83' lang='grc' dir='ltr'>Τρία</span> <span class='ocrx_word' id='word_1_740' title='bbox 3128 4410 3237 4478; x_wconf 84' lang='grc' dir='ltr'><strong>γὰρ</strong></span> <span class='ocrx_word' id='word_1_741' title='bbox 3269 4409 3443 4476; x_wconf 74' lang='grc' dir='ltr'>ἥμισυ</span> <span class='ocrx_word' id='word_1_742' title='bbox 3485 4402 3581 4472; x_wconf 77' lang='grc' dir='ltr'><strong>ἐτη</strong></span> <span class='ocrx_word' id='word_1_743' title='bbox 3607 4400 3697 4454; x_wconf 72' lang='grc' dir='ltr'><strong>διὰ</strong></span> <span class='ocrx_word' id='word_1_744' title='bbox 3729 4396 3828 4449; x_wconf 86' lang='grc' dir='ltr'><strong>τῶν</strong></span> 
     </span>
    </p>
   </div>
   <div class='ocr_carea' id='block_1_102' title="bbox 2524 4488 3830 4574">
    <p class='ocr_par' dir='ltr' id='par_1_102' title="bbox 2524 4488 3830 4574">
     <span class='ocr_line' id='line_1_112' title="bbox 2524 4488 3830 4574; baseline -0.025 -5"><span class='ocrx_word' id='word_1_745' title='bbox 2524 4488 2728 4569; x_wconf 73' lang='grc' dir='ltr'>τούτων</span> <span class='ocrx_word' id='word_1_746' title='bbox 2749 4488 2927 4562; x_wconf 74' lang='grc' dir='ltr'>πόνων</span> <span class='ocrx_word' id='word_1_747' title='bbox 2945 4505 3022 4574; x_wconf 79' lang='grc' dir='ltr'>τῷ</span> <span class='ocrx_word' id='word_1_748' title='bbox 3046 4499 3225 4573; x_wconf 83' lang='grc' dir='ltr'>ἐχθρῷ</span> <span class='ocrx_word' id='word_1_749' title='bbox 3256 4495 3679 4566; x_wconf 78' lang='grc' dir='ltr'>ἀπεμαχήσατο,</span> <span class='ocrx_word' id='word_1_750' title='bbox 3716 4488 3830 4540; x_wconf 78' lang='grc' dir='ltr'><strong>Ἐπὶ</strong></span> 
     </span>
    </p>
   </div>
   <div class='ocr_carea' id='block_1_103' title="bbox 2262 4580 3832 4686">
    <p class='ocr_par' dir='ltr' id='par_1_103' title="bbox 2262 4580 3832 4686">
     <span class='ocr_line' id='line_1_113' title="bbox 2262 4580 3832 4686; baseline -0.024 -18"><span class='ocrx_word' id='word_1_751' title='bbox 2262 4615 2359 4686; x_wconf 82' lang='grc' dir='ltr'>μὲν</span> <span class='ocrx_word' id='word_1_752' title='bbox 2386 4606 2477 4664; x_wconf 82' lang='grc' dir='ltr'><strong>οῦν</strong></span> <span class='ocrx_word' id='word_1_753' title='bbox 2501 4605 2595 4660; x_wconf 91' lang='grc' dir='ltr'><strong>τοῦ</strong></span> <span class='ocrx_word' id='word_1_754' title='bbox 2637 4601 2758 4658; x_wconf 83' lang='grc' dir='ltr'><strong>’1ὼὸ</strong></span> <span class='ocrx_word' id='word_1_755' title='bbox 2781 4604 2845 4654; x_wconf 84' lang='grc' dir='ltr'><strong>ἐκ</strong></span> <span class='ocrx_word' id='word_1_756' title='bbox 2872 4597 2978 4652; x_wconf 89' lang='grc' dir='ltr'><strong>τῶν</strong></span> <span class='ocrx_word' id='word_1_757' title='bbox 3002 4595 3105 4661; x_wconf 77' lang='grc' dir='ltr'><strong>ἔξω</strong></span> <span class='ocrx_word' id='word_1_758' title='bbox 3134 4592 3233 4656; x_wconf 73' lang='grc' dir='ltr'><strong>τὰς</strong></span> <span class='ocrx_word' id='word_1_759' title='bbox 3262 4588 3436 4660; x_wconf 83' lang='grc' dir='ltr'>ἀρχὰς</span> <span class='ocrx_word' id='word_1_760' title='bbox 3459 4585 3568 4639; x_wconf 87' lang='grc' dir='ltr'><strong>τῶν</strong></span> <span class='ocrx_word' id='word_1_761' title='bbox 3591 4580 3832 4656; x_wconf 82' lang='grc' dir='ltr'>τραυμά-</span> 
     </span>
    </p>
   </div>
   <div class='ocr_carea' id='block_1_104' title="bbox 2259 4672 3834 4757">
    <p class='ocr_par' dir='ltr' id='par_1_104' title="bbox 2259 4672 3834 4757">
     <span class='ocr_line' id='line_1_114' title="bbox 2259 4672 3834 4757; baseline -0.022 1"><span class='ocrx_word' id='word_1_762' title='bbox 2259 4672 2366 4757; x_wconf 65' lang='grc' dir='ltr'><strong>των</strong></span> <span class='ocrx_word' id='word_1_763' title='bbox 2397 4700 2630 4754; x_wconf 85' lang='grc' dir='ltr'>ἐποιεῖτο</span> <span class='ocrx_word' id='word_1_764' title='bbox 2660 4697 2688 4748; x_wconf 80' lang='grc' dir='ltr'>ὁ</span> <span class='ocrx_word' id='word_1_765' title='bbox 2713 4690 2955 4752; x_wconf 79' lang='grc' dir='ltr'>διάϐολος</span> <span class='ocrx_word' id='word_1_766' title='bbox 2975 4703 2988 4717; x_wconf 93' lang='grc'><strong>·</strong></span> <span class='ocrx_word' id='word_1_767' title='bbox 3034 4684 3125 4738; x_wconf 75' lang='grc' dir='ltr'>ἐπὶ</span> <span class='ocrx_word' id='word_1_768' title='bbox 3157 4682 3213 4734; x_wconf 81' lang='grc' dir='ltr'>δὲ</span> <span class='ocrx_word' id='word_1_769' title='bbox 3247 4681 3450 4749; x_wconf 87' lang='grc' dir='ltr'>ταύτης</span> <span class='ocrx_word' id='word_1_770' title='bbox 3484 4679 3550 4730; x_wconf 89' lang='grc' dir='ltr'><strong>ἐκ</strong></span> <span class='ocrx_word' id='word_1_771' title='bbox 3579 4675 3690 4728; x_wconf 84' lang='grc' dir='ltr'><strong>τῶν</strong></span> <span class='ocrx_word' id='word_1_772' title='bbox 3735 4672 3834 4724; x_wconf 83' lang='grc' dir='ltr'><strong>ἐσω</strong></span> 
     </span>
    </p>
   </div>
   <div class='ocr_carea' id='block_1_105' title="bbox 2263 4765 3836 4868">
    <p class='ocr_par' dir='ltr' id='par_1_105' title="bbox 2263 4765 3836 4868">
     <span class='ocr_line' id='line_1_115' title="bbox 2263 4765 3836 4868; baseline -0.023 -18"><span class='ocrx_word' id='word_1_773' title='bbox 2263 4795 2514 4868; x_wconf 83' lang='grc' dir='ltr'>πρόσεισι</span> <span class='ocrx_word' id='word_1_774' title='bbox 2552 4791 2673 4851; x_wconf 84' lang='grc' dir='ltr'>ταῖς</span> <span class='ocrx_word' id='word_1_775' title='bbox 2704 4782 3017 4857; x_wconf 84' lang='grc' dir='ltr'>τιμωρίαις.</span> <span class='ocrx_word' id='word_1_776' title='bbox 3066 4776 3156 4848; x_wconf 80' lang='grc' dir='ltr'><strong>Τῷ</strong></span> <span class='ocrx_word' id='word_1_777' title='bbox 3197 4775 3307 4846; x_wconf 87' lang='grc' dir='ltr'><strong>γάρ</strong></span> <span class='ocrx_word' id='word_1_778' title='bbox 3346 4769 3635 4825; x_wconf 86' lang='grc' dir='ltr'>ἐνδοσθίων</span> <span class='ocrx_word' id='word_1_779' title='bbox 3679 4765 3836 4831; x_wconf 73' lang='grc' dir='ltr'>αὐτῆς</span> 
     </span>
    </p>
   </div>
   <div class='ocr_carea' id='block_1_106' title="bbox 2267 4860 3837 4962">
    <p class='ocr_par' dir='ltr' id='par_1_106' title="bbox 2267 4860 3837 4962">
     <span class='ocr_line' id='line_1_116' title="bbox 2267 4860 3837 4962; baseline -0.022 -19"><span class='ocrx_word' id='word_1_780' title='bbox 2267 4889 2443 4962; x_wconf 90' lang='grc' dir='ltr'>μελῶν</span> <span class='ocrx_word' id='word_1_781' title='bbox 2492 4878 2755 4938; x_wconf 73' lang='grc' dir='ltr'>ἅπτεσθαι</span> <span class='ocrx_word' id='word_1_782' title='bbox 2782 4919 2795 4942; x_wconf 94' lang='grc'>,</span> <span class='ocrx_word' id='word_1_783' title='bbox 2862 4873 3114 4946; x_wconf 78' lang='grc' dir='ltr'>μείζονας</span> <span class='ocrx_word' id='word_1_784' title='bbox 3162 4868 3299 4937; x_wconf 84' lang='grc' dir='ltr'>αύτῇ</span> <span class='ocrx_word' id='word_1_785' title='bbox 3333 4865 3426 4917; x_wconf 75' lang='grc' dir='ltr'>καὶ</span> <span class='ocrx_word' id='word_1_786' title='bbox 3457 4860 3837 4932; x_wconf 81' lang='grc' dir='ltr'>χαλεπωτέρας</span> 
     </span>
    </p>
   </div>
   <div class='ocr_carea' id='block_1_107' title="bbox 2263 4953 3838 5048">
    <p class='ocr_par' dir='ltr' id='par_1_107' title="bbox 2263 4953 3838 5048">
     <span class='ocr_line' id='line_1_117' title="bbox 2263 4953 3838 5048; baseline -0.022 -11"><span class='ocrx_word' id='word_1_787' title='bbox 2263 4953 2361 5046; x_wconf 72' lang='grc' dir='ltr'>τὰς</span> <span class='ocrx_word' id='word_1_788' title='bbox 2391 4975 2688 5048; x_wconf 84' lang='grc' dir='ltr'>ἀλγηδόνας</span> <span class='ocrx_word' id='word_1_789' title='bbox 2719 4970 3031 5038; x_wconf 87' lang='grc' dir='ltr'>ἀπένειμεν.</span> <span class='ocrx_word' id='word_1_790' title='bbox 3141 4963 3253 5032; x_wconf 80' lang='grc' dir='ltr'><strong>Οὐχ</strong></span> <span class='ocrx_word' id='word_1_791' title='bbox 3299 4959 3470 5019; x_wconf 79' lang='grc' dir='ltr'>οὕτως</span> <span class='ocrx_word' id='word_1_792' title='bbox 3505 4953 3666 5026; x_wconf 77' lang='grc' dir='ltr'>οἶμαι</span> <span class='ocrx_word' id='word_1_793' title='bbox 3721 4953 3838 5012; x_wconf 72' lang='grc' dir='ltr'>τοὺς</span> 
     </span>
    </p>
   </div>
   <div class='ocr_carea' id='block_1_108' title="bbox 2267 5041 3840 5144">
    <p class='ocr_par' dir='ltr' id='par_1_108' title="bbox 2267 5041 3840 5144">
     <span class='ocr_line' id='line_1_118' title="bbox 2267 5041 3840 5144; baseline -0.022 -17"><span class='ocrx_word' id='word_1_794' title='bbox 2267 5041 2677 5144; x_wconf 77' lang='grc' dir='ltr'>γενναιοτάτους</span> <span class='ocrx_word' id='word_1_795' title='bbox 2706 5057 3064 5133; x_wconf 80' lang='grc' dir='ltr'>ἐνηθληκέναι</span> <span class='ocrx_word' id='word_1_796' title='bbox 3109 5055 3391 5126; x_wconf 85' lang='grc' dir='ltr'>μάρτυρας</span> <span class='ocrx_word' id='word_1_797' title='bbox 3410 5090 3425 5112; x_wconf 85' lang='grc'><em>,</em></span> <span class='ocrx_word' id='word_1_798' title='bbox 3448 5048 3526 5111; x_wconf 82' lang='grc' dir='ltr'><strong>ὡς</strong></span> <span class='ocrx_word' id='word_1_799' title='bbox 3551 5046 3656 5117; x_wconf 80' lang='grc' dir='ltr'>τὴν</span> <span class='ocrx_word' id='word_1_800' title='bbox 3687 5041 3840 5098; x_wconf 69' lang='grc' dir='ltr'>ἀοίδισ</span> 
     </span>
    </p>
   </div>
   <div class='ocr_carea' id='block_1_109' title="bbox 2272 5135 3842 5238">
    <p class='ocr_par' dir='ltr' id='par_1_109' title="bbox 2272 5135 3842 5238">
     <span class='ocr_line' id='line_1_119' title="bbox 2272 5135 3842 5238; baseline -0.021 -18"><span class='ocrx_word' id='word_1_801' title='bbox 2272 5135 2371 5238; x_wconf 79' lang='grc' dir='ltr'><strong>μον</strong></span> <span class='ocrx_word' id='word_1_802' title='bbox 2417 5156 2810 5230; x_wconf 87' lang='grc' dir='ltr'>Συγκλητικήν.</span> <span class='ocrx_word' id='word_1_803' title='bbox 2871 5149 3143 5210; x_wconf 87' lang='grc' dir='ltr'>Ἐκείνους</span> <span class='ocrx_word' id='word_1_804' title='bbox 3196 5145 3291 5216; x_wconf 82' lang='grc' dir='ltr'>μὲν</span> <span class='ocrx_word' id='word_1_805' title='bbox 3338 5142 3446 5212; x_wconf 83' lang='grc' dir='ltr'>γὰρ</span> <span class='ocrx_word' id='word_1_806' title='bbox 3489 5141 3556 5193; x_wconf 87' lang='grc' dir='ltr'><strong>ἐκ</strong></span> <span class='ocrx_word' id='word_1_807' title='bbox 3592 5139 3702 5192; x_wconf 89' lang='grc' dir='ltr'><strong>τῶν</strong></span> <span class='ocrx_word' id='word_1_808' title='bbox 3743 5135 3842 5200; x_wconf 79' lang='grc' dir='ltr'>ἐξω</span> 
     </span>
    </p>
   </div>
   <div class='ocr_carea' id='block_1_110' title="bbox 2273 5223 3842 5338">
    <p class='ocr_par' dir='ltr' id='par_1_110' title="bbox 2273 5223 3842 5338">
     <span class='ocr_line' id='line_1_120' title="bbox 2273 5223 3842 5338; baseline 0.001 -30"><span class='ocrx_word' id='word_1_809' title='bbox 2273 5223 2553 5338; x_wconf 55' lang='grc' dir='ltr'><strong>Σιξροσ-ᾑειὸ</strong></span> <span class='ocrx_word' id='word_1_810' title='bbox 2575 5223 2933 5317; x_wconf 71' lang='grc' dir='ltr'>παλαμναῖος.</span> <span class='ocrx_word' id='word_1_811' title='bbox 2959 5239 3078 5294; x_wconf 74' lang='grc' dir='ltr'><strong>Κάν</strong></span> <span class='ocrx_word' id='word_1_812' title='bbox 3097 5255 3157 5291; x_wconf 84' lang='grc' dir='ltr'><strong>τε</strong></span> <span class='ocrx_word' id='word_1_813' title='bbox 3185 5235 3292 5308; x_wconf 72' lang='grc' dir='ltr'><strong>γὰρ</strong></span> <span class='ocrx_word' id='word_1_814' title='bbox 3316 5234 3489 5302; x_wconf 67' lang='grc' dir='ltr'><strong>ξίφοςν</strong></span> <span class='ocrx_word' id='word_1_815' title='bbox 3523 5230 3628 5284; x_wconf 57' lang='grc' dir='ltr'><strong>κᾶν</strong></span> <span class='ocrx_word' id='word_1_816' title='bbox 3653 5245 3710 5281; x_wconf 75' lang='grc' dir='ltr'><strong>τε</strong></span> <span class='ocrx_word' id='word_1_817' title='bbox 3737 5223 3842 5294; x_wconf 58' lang='grc' dir='ltr'><strong>πῦρ</strong></span> 
     </span>
    </p>
   </div>
   <div class='ocr_carea' id='block_1_111' title="bbox 2273 5321 3842 5415">
    <p class='ocr_par' dir='ltr' id='par_1_111' title="bbox 2273 5321 3842 5415">
     <span class='ocr_line' id='line_1_121' title="bbox 2273 5321 3842 5415; baseline -0.02 -13"><span class='ocrx_word' id='word_1_818' title='bbox 2273 5321 2455 5409; x_wconf 57' lang='grc' dir='ltr'>ξύτοῖς</span> <span class='ocrx_word' id='word_1_819' title='bbox 2477 5341 2835 5415; x_wconf 84' lang='grc' dir='ltr'>προσέφερεν,</span> <span class='ocrx_word' id='word_1_820' title='bbox 2857 5332 3162 5405; x_wconf 75' lang='grc' dir='ltr'>ἠπιώτερον</span> <span class='ocrx_word' id='word_1_821' title='bbox 3188 5327 3400 5397; x_wconf 79' lang='grc' dir='ltr'>ὑπῆρχε</span> <span class='ocrx_word' id='word_1_822' title='bbox 3435 5324 3546 5377; x_wconf 87' lang='grc' dir='ltr'><strong>τῶν</strong></span> <span class='ocrx_word' id='word_1_823' title='bbox 3573 5321 3842 5393; x_wconf 73' lang='grc' dir='ltr'>παρόντων</span> 
     </span>
    </p>
   </div>
   <div class='ocr_carea' id='block_1_112' title="bbox 2274 5416 3843 5510">
    <p class='ocr_par' dir='ltr' id='par_1_112' title="bbox 2274 5416 3843 5510">
     <span class='ocr_line' id='line_1_122' title="bbox 2274 5416 3843 5510; baseline -0.02 -17"><span class='ocrx_word' id='word_1_824' title='bbox 2274 5441 2411 5510; x_wconf 81' lang='grc' dir='ltr'>αὐτῇ</span> <span class='ocrx_word' id='word_1_825' title='bbox 2441 5431 2829 5506; x_wconf 86' lang='grc' dir='ltr'>πειρατηρίων.</span> <span class='ocrx_word' id='word_1_826' title='bbox 2879 5425 3023 5480; x_wconf 74' lang='grc' dir='ltr'>Ἀντὶ</span> <span class='ocrx_word' id='word_1_827' title='bbox 3060 5424 3158 5494; x_wconf 75' lang='grc' dir='ltr'>μὲν</span> <span class='ocrx_word' id='word_1_828' title='bbox 3197 5420 3305 5490; x_wconf 82' lang='grc' dir='ltr'><strong>γὰρ</strong></span> <span class='ocrx_word' id='word_1_829' title='bbox 3333 5416 3567 5488; x_wconf 84' lang='grc' dir='ltr'>καμίνου</span> <span class='ocrx_word' id='word_1_830' title='bbox 3599 5427 3843 5480; x_wconf 81' lang='grc' dir='ltr'>πεπυρω-</span> 
     </span>
    </p>
   </div>
   <div class='ocr_carea' id='block_1_113' title="bbox 2280 5497 3843 5601">
    <p class='ocr_par' dir='ltr' id='par_1_113' title="bbox 2280 5497 3843 5601">
     <span class='ocr_line' id='line_1_123' title="bbox 2280 5497 3843 5601; baseline -0.023 -18"><span class='ocrx_word' id='word_1_831' title='bbox 2280 5497 2449 5601; x_wconf 68' lang='grc' dir='ltr'>μένης</span> <span class='ocrx_word' id='word_1_832' title='bbox 2472 5497 2552 5578; x_wconf 39' lang='grc' dir='ltr'><strong>τὰ.</strong></span> <span class='ocrx_word' id='word_1_833' title='bbox 2568 5497 2850 5591; x_wconf 79' lang='grc' dir='ltr'>σπλάγχνα</span> <span class='ocrx_word' id='word_1_834' title='bbox 2884 5514 3056 5584; x_wconf 79' lang='grc' dir='ltr'>αὐτῆς</span> <span class='ocrx_word' id='word_1_835' title='bbox 3084 5511 3367 5570; x_wconf 83' lang='grc' dir='ltr'>ύπέκαιεν,</span> <span class='ocrx_word' id='word_1_836' title='bbox 3408 5509 3473 5560; x_wconf 88' lang='grc' dir='ltr'><strong>ἐκ</strong></span> <span class='ocrx_word' id='word_1_837' title='bbox 3508 5503 3619 5557; x_wconf 86' lang='grc' dir='ltr'><strong>τῶν</strong></span> <span class='ocrx_word' id='word_1_838' title='bbox 3659 5501 3764 5554; x_wconf 77' lang='grc' dir='ltr'>ἔσω</span> <span class='ocrx_word' id='word_1_839' title='bbox 3787 5497 3843 5548; x_wconf 78' lang='grc' dir='ltr'>τὸ</span> 
     </span>
    </p>
   </div>
   <div class='ocr_carea' id='block_1_114' title="bbox 2277 5596 3842 5692">
    <p class='ocr_par' dir='ltr' id='par_1_114' title="bbox 2277 5596 3842 5692">
     <span class='ocr_line' id='line_1_124' title="bbox 2277 5596 3842 5692; baseline -0.018 -18"><span class='ocrx_word' id='word_1_840' title='bbox 2277 5596 2550 5692; x_wconf 16' lang='grc' dir='ltr'>πῦρῗκαΐ</span> <span class='ocrx_word' id='word_1_841' title='bbox 2590 5615 2767 5685; x_wconf 82' lang='grc' dir='ltr'>ὀλίγον</span> <span class='ocrx_word' id='word_1_842' title='bbox 2801 5611 3082 5679; x_wconf 79' lang='grc' dir='ltr'>ἐξάπτων·</span> <span class='ocrx_word' id='word_1_843' title='bbox 3115 5607 3212 5659; x_wconf 73' lang='grc' dir='ltr'>καὶ</span> <span class='ocrx_word' id='word_1_844' title='bbox 3255 5605 3409 5676; x_wconf 79' lang='grc' dir='ltr'>ῥίνης</span> <span class='ocrx_word' id='word_1_845' title='bbox 3448 5601 3605 5669; x_wconf 84' lang='grc' dir='ltr'>δίκην</span> <span class='ocrx_word' id='word_1_846' title='bbox 3636 5596 3720 5650; x_wconf 81' lang='grc' dir='ltr'>διὰ</span> <span class='ocrx_word' id='word_1_847' title='bbox 3750 5609 3842 5664; x_wconf 74' lang='grc' dir='ltr'>μα·</span> 
     </span>
    </p>
   </div>
   <div class='ocr_carea' id='block_1_115' title="bbox 2279 5682 3841 5782">
    <p class='ocr_par' dir='ltr' id='par_1_115' title="bbox 2279 5682 3841 5782">
     <span class='ocr_line' id='line_1_125' title="bbox 2279 5682 3841 5782; baseline -0.015 -17"><span class='ocrx_word' id='word_1_848' title='bbox 2279 5682 2413 5782; x_wconf 75' lang='grc' dir='ltr'>κροῦ</span> <span class='ocrx_word' id='word_1_849' title='bbox 2446 5709 2638 5780; x_wconf 80' lang='grc' dir='ltr'>χρόνου</span> <span class='ocrx_word' id='word_1_850' title='bbox 2667 5682 2983 5758; x_wconf 80' lang='grc' dir='ltr'>ἀπεδαπάνα</span> <span class='ocrx_word' id='word_1_851' title='bbox 3013 5698 3074 5750; x_wconf 78' lang='grc' dir='ltr'>τὸ</span> <span class='ocrx_word' id='word_1_852' title='bbox 3106 5695 3287 5766; x_wconf 87' lang='grc' dir='ltr'>σῶμα.</span> <span class='ocrx_word' id='word_1_853' title='bbox 3324 5693 3433 5746; x_wconf 68' lang='grc' dir='ltr'><strong>Καὶ</strong></span> <span class='ocrx_word' id='word_1_854' title='bbox 3463 5691 3613 5744; x_wconf 77' lang='grc' dir='ltr'>ἐστιν</span> <span class='ocrx_word' id='word_1_855' title='bbox 3642 5682 3841 5754; x_wconf 75' lang='grc' dir='ltr'>ἀληθῶς</span> 
     </span>
    </p>
   </div>
   <div class='ocr_carea' id='block_1_116' title="bbox 2284 5774 3837 5873">
    <p class='ocr_par' dir='ltr' id='par_1_116' title="bbox 2284 5774 3837 5873">
     <span class='ocr_line' id='line_1_126' title="bbox 2284 5774 3837 5873; baseline -0.015 -17"><span class='ocrx_word' id='word_1_856' title='bbox 2284 5774 2421 5873; x_wconf 67' lang='grc' dir='ltr'>βαρὺ</span> <span class='ocrx_word' id='word_1_857' title='bbox 2445 5774 2602 5853; x_wconf 69' lang='grc' dir='ltr'>τοῦτο</span> <span class='ocrx_word' id='word_1_858' title='bbox 2636 5796 2727 5850; x_wconf 70' lang='grc' dir='ltr'><strong>καὶ</strong></span> <span class='ocrx_word' id='word_1_859' title='bbox 2758 5794 3123 5861; x_wconf 81' lang='grc' dir='ltr'>ἀπάνθρωπον</span> <span class='ocrx_word' id='word_1_860' title='bbox 3167 5790 3358 5842; x_wconf 84' lang='grc' dir='ltr'>εἰπεῖν.</span> <span class='ocrx_word' id='word_1_861' title='bbox 3395 5785 3506 5838; x_wconf 68' lang='grc' dir='ltr'>Καὶ</span> <span class='ocrx_word' id='word_1_862' title='bbox 3539 5780 3647 5850; x_wconf 78' lang='grc' dir='ltr'>γὰρ</span> <span class='ocrx_word' id='word_1_863' title='bbox 3681 5779 3727 5832; x_wconf 82' lang='grc' dir='ltr'>οἱ</span> <span class='ocrx_word' id='word_1_864' title='bbox 3755 5774 3837 5832; x_wconf 74' lang='grc' dir='ltr'><strong>τὰς</strong></span> 
     </span>
    </p>
   </div>
  </div>
