4032 6376
258 332 393 389 1355

1373 337 1533 395 vm
1573 339 1864 397 SANcm
1903 323 2382 399 sv‘ivcmricaz.’

3336 347 3474 404 1554

251 449 566 514 δικαστικάς
590 431 1077 525 ἐμπεπιστευμένοι
1111 454 1304 526 ἀρχὰς,
1330 459 1565 528 ὁπηνίκα
1598 459 1662 512 ἂν
1693 459 1813 528 βου-

1920 475 2015 514 eos
2045 461 2167 530 igne
2198 462 2512 516 absumunt.
2552 459 2642 515 Sic
2668 476 2885 530 quoque
2915 460 3169 517 inimicus
3211 478 3276 518 ex
3320 464 3460 517 inter

253 539 455 611 ληθῶσι
488 544 599 604 τοῖς
628 542 976 614 ἀμαρτήσασι
1010 545 1310 618 βαρυτέρας
1343 548 1604 602 ἐπιθεῖναι
1647 566 1816 619 τιμω-

253 632 392 702 ρίας,
419 631 505 686 διά
533 632 891 713 βληχροτάτου
934 639 1104 706 πυρὸς
1143 638 1365 703 τούτους
1409 641 1813 694 ἀναλίσκουσιν·

1919 554 2028 617 nis,
2058 553 2205 608 velut
2250 553 2603 608 suburentem
2656 567 3006 608 commovens
3039 552 3263 618 febrem,
3297 555 3475 609 inces-

1921 650 2107 696 santer
2136 642 2224 695 die
2266 648 2534 710 nocteque
2558 641 2862 695 cruciatum
2891 641 3158 696 movebat.

249 721 419 787 οὕτως
464 719 557 777 οὖν
605 727 698 809 κα).
729 728 756 779 ὁ
795 727 987 799 ἐχθρὸς
1037 733 1100 783 ἐκ
1132 733 1239 784 τῶν
1279 732 1462 800 ἔνδον,
1499 733 1689 804 ὥσπερ
1757 734 2199 805 ὑποσμυχόμενον
2238 733 2328 790 τὸν
2382 732 2610 807 πυρετὸν
2656 732 2841 798 κινῶν,
2904 734 3179 788 ἄπαυστον
3217 736 3275 789 ἐν
3324 734 3474 788 νυκτὶ

250 815 344 869 καὶ
370 816 487 886 μεθ’
515 818 725 889 ἡμέραν
753 821 985 874 ἐποιεῖτο
1007 821 1102 894 τὴν
1128 825 1421 895 τιμωρίαν.

325 927 443 986 107.
482 930 592 983 Καὶ
609 932 811 1004 ταύτην
833 935 890 988 δὲ
933 936 1030 1008 τὴν
1064 938 1275 1010 πληγὴν
1309 940 1570 1007 γενναίως
1607 938 1813 1007 ὑποφέ-

254 1037 417 1092 ρουσα
447 1021 507 1074 οὐ
549 1024 840 1079 συνέπιπτε
882 1027 958 1098 τῷ
1010 1032 1349 1100 φρονήματι·
1395 1030 1532 1084 ἀλλά
1579 1030 1739 1084 πάλιν
1779 1031 1810 1098 ἡ

254 1114 496 1186 μακαρία
533 1118 673 1171 κατὰ
705 1119 796 1171 τοῦ
822 1120 1013 1190 ἐχθροῦ
1039 1122 1353 1190 ἠγωνίζετο.
1389 1124 1496 1176 Καὶ
1533 1123 1660 1190 γοῦν
1709 1122 1814 1174 πά-

251 1205 332 1258 λιν
358 1211 480 1272 ταῖς
504 1209 734 1278 ἀγαθαῖς
767 1212 1130 1278 διδασκαλίαις
1164 1216 1287 1278 τοὺς
1333 1217 1421 1268 ὑπ’
1456 1214 1618 1268 αὑτοῦ
1648 1231 1812 1284 τραυ-

253 1297 642 1369 ματιζομένους
673 1303 786 1355 ἰᾶτο
806 1318 819 1331 ·
849 1303 942 1355 καὶ
967 1301 1074 1374 γάρ
1104 1302 1290 1375 ὥσπερ
1319 1305 1382 1357 ἐκ
1407 1302 1617 1366 λέοντος
1655 1304 1812 1373 αἱμο-

251 1386 410 1457 ϐάρου
442 1389 540 1452 τὰς
576 1390 752 1461 ψυχὰς
794 1392 1070 1464 ἀπλήγους
1111 1393 1339 1447 ἀνέσπα.
1399 1391 1726 1464 Ἐθεράπευε
1757 1390 1813 1444 δὲ

249 1478 373 1540 τοὺς
402 1482 737 1550 τραυματίας
768 1485 879 1545 τοῖς
913 1485 1197 1554 σωτηρίοις
1230 1485 1323 1538 τοῦ
1354 1485 1560 1556 Κυρίου
1597 1484 1816 1556 φαρμά-

251 1585 382 1631 κοις.
418 1570 580 1636 Τινάς
609 1573 665 1625 δὲ
684 1574 774 1627 καὶ
799 1575 1072 1646 ἀτρώτους
1091 1577 1434 1646 διεφύλαττεν
1457 1593 1470 1606 ·
1500 1576 1812 1630 ὑποδεικνύ-

251 1675 382 1712 ουσα
412 1661 518 1733 γάρ
548 1664 728 1727 αὐτοῖς
753 1665 847 1718 τοῦ
873 1665 1115 1720 διαϐόλου
1159 1667 1257 1731 τὰς
1296 1667 1516 1742 δολεράς
1561 1667 1812 1736 παγίδας,

251 1748 565 1820 ἐλευθέρους
589 1755 822 1808 ἐποιεῖτο
843 1757 940 1826 τῆς
975 1757 1260 1828 ἁμαρτίας.

326 1841 443 1896 108.
472 1844 664 1914 Ἔλεγε
692 1846 748 1900 δὲ
775 1850 808 1917 ἡ
841 1848 1138 1919 θαυμασία,
1173 1851 1247 1913 ὼς
1277 1850 1351 1921 μὴ
1374 1849 1482 1902 δεῖν
1505 1851 1811 1920 ἀμεριμνᾷν

253 1950 379 1986 ποτε
417 1935 514 1998 τάς
551 1936 668 2008 Θεῷ
696 1939 1055 2010 ἀνακειμένας
1082 1941 1275 2011 ψυχάς.
1314 1940 1550 2002 Ταύταις
1583 1939 1688 2011 γὰρ
1720 1941 1809 2009 μά-

251 2022 403 2081 λιστα
434 2028 731 2084 ἀντίκειται
771 2032 800 2084 ὁ
844 2033 1053 2102 ἐχθρός.
1095 2033 1202 2086 Καὶ
1235 2034 1374 2104 γάρ,
1429 2031 1810 2102 ἡσυχαζουσῶν

250 2120 459 2185 αὐτῶν,
493 2122 679 2195 βρύχει
699 2167 712 2190 ,
747 2126 840 2179 καὶ
873 2125 1178 2196 ἡττώμενος
1204 2128 1441 2180 ἀνιᾶται·
1491 2125 1584 2179 καὶ
1619 2125 1809 2196 μικρὸν

249 2201 627 2285 ἀποχωρήσας,
657 2217 942 2288 ἐπιτηρεῖ·
976 2200 1081 2270 κᾶν
1109 2217 1280 2287 βραχύ
1311 2234 1362 2269 τι
1395 2215 1806 2285 ἀφυπνώσωσιν,

249 2303 418 2366 οὕτως
459 2305 866 2377 ἐπεισέρχεται·
907 2308 1000 2361 καὶ
1032 2309 1097 2361 δι’
1136 2301 1209 2361 ὧν
1242 2306 1448 2378 νομίζει
1470 2325 1550 2371 τις
1577 2307 1719 2378 ἔχειν
1750 2307 1810 2358 τὸ

248 2396 577 2467 ἀμέριμνον,
607 2398 691 2452 διὰ
741 2399 941 2454 τούτων
989 2401 1162 2454 αὐτῶν
1209 2401 1577 2465 ὑποσκελίζει·
1625 2399 1808 2469 ὥσπερ

248 2486 355 2556 γὰρ
383 2486 637 2542 ἀδύνατον
660 2489 785 2553 τοὺς
811 2491 948 2545 πάνυ
971 2490 1204 2559 φαύλους
1234 2491 1306 2562 μὴ
1345 2491 1484 2560 ἔχειν
1527 2490 1619 2542 καὶ
1660 2507 1809 2542 σπιν-

248 2578 390 2649 θῆρα
413 2579 599 2643 καλοῦ,
622 2580 762 2634 οὕτω
777 2583 836 2634 τὸ
851 2583 1087 2636 ἐναντίον
1112 2585 1226 2645 τοῖς
1249 2585 1502 2653 χρηστοῖς
1531 2581 1804 2651 πρόσεστι.

248 2671 368 2725 Τῶν
388 2671 497 2744 γάρ
528 2675 846 2745 μαχομένων
876 2677 1038 2747 μοῖρά
1063 2693 1146 2739 τις
1189 2677 1248 2729 ἐν
1283 2679 1394 2738 τοῖς
1423 2673 1808 2743 ἀντικειμένοις

252 2762 444 2832 μέρεσι
492 2763 767 2835 τυγχάνει.
819 2765 1085 2829 Πολλάκις
1131 2765 1260 2835 γοῦν
1307 2765 1588 2836 ἄνθρωπος
1649 2763 1809 2814 παντὶ

249 2852 510 2924 αίσχίστῳ
538 2855 1024 2926 περιεστοίχισται,
1059 2857 1154 2909 καὶ
1192 2855 1338 2927 πάσῃ
1369 2852 1629 2923 ἀκολασίᾳ
1671 2869 1807 2921 συμ-

251 2944 557 3016 πέφυρται·
613 2946 725 2999 ἀλλ’
775 2947 925 3018 ὅμως
975 2947 1220 3018 ἐλεήμων
1267 2947 1558 3016 τυγχάνει·
1609 2945 1702 2998 καὶ
1752 2947 1810 2997 ἐν

251 3033 560 3097 σπουδαίοις
585 3033 842 3099 πολλάκις
887 3035 1296 3105 ἐμπολιτεύεται
1332 3034 1648 3106 σωφροσύνη
1674 3075 1688 3096 ,
1718 3051 1810 3105 νη-

1988 933 2110 988 107.
2143 932 2239 986 llla
2265 948 2414 998 vero,
2448 931 2762 1002 hujusmodi
2783 934 2990 1004 plagam
3021 943 3243 991 strenue
3277 935 3477 1001 ferens,

1917 1038 2026 1077 non
2075 1023 2315 1078 concidit
2365 1024 2570 1080 animo.
2622 1022 2971 1095 Rursumque
3005 1026 3161 1080 beata
3191 1027 3342 1096 virgo
3378 1029 3478 1081 ad-

1916 1131 2108 1171 versus
2133 1116 2340 1171 hostem
2367 1115 2710 1172 instaurabat
2732 1131 2986 1188 pugnam.
3013 1115 3320 1189 lter-umque
3342 1134 3475 1189 prte-

1914 1207 2078 1261 claris
2107 1207 2222 1262 suis
2241 1208 2603 1273 documentis,
2635 1208 2945 1264 vulneratos
2967 1209 3034 1264 ab
3067 1209 3288 1264 inimico
3311 1225 3476 1266 sana-

1914 1297 2006 1351 bat
2047 1315 2060 1351 :
2095 1313 2159 1352 ac
2186 1298 2332 1352 velut
2361 1315 2390 1353 e
2423 1299 2671 1356 faucibus
2700 1300 3035 1370 sanguinarii
3066 1302 3239 1356 leonis
3268 1304 3476 1358 animas

1912 1389 2109 1443 illaesas
2163 1388 2531 1444 extrahebah
2577 1388 2804 1446 Saucios
2859 1391 3087 1447 curabat
3143 1393 3476 1449 salutaribus

1913 1480 2115 1534 Christi
2148 1480 2422 1535 remediis.
2459 1479 2760 1536 Nonnullos
2804 1481 3173 1538 invulneratos
3202 1485 3475 1552 servabat,

1916 1571 2278 1643 indicatisque
2305 1573 2512 1629 dolosis
2539 1573 2702 1645 65.0
2754 1573 2957 1630 diaboli
3003 1577 3232 1646 laqueis,
3275 1579 3476 1633 liberos

1916 1663 2174 1720 reddebat
2202 1679 2234 1718 a
2258 1672 2503 1734 peccato.

1990 1840 2106 1895 108.
2162 1840 2382 1895 Dicebat
2414 1855 2577 1911 porro
2617 1841 2936 1896 admiranda
2982 1843 3072 1896 illa
3103 1843 3256 1915 virgo
3295 1863 3306 1899 :
3344 1845 3476 1898 Ani-

1918 1947 2034 1986 mas
2063 1930 2171 1987 Deo
2202 1931 2409 1987 dicatas
2441 1947 2722 2002 nunquam
2753 1932 2952 1990 debere
2989 1950 3191 2004 ponere
3213 1935 3477 1991 sollicitu-

1916 2021 2118 2087 dinem,
2148 2022 2278 2091 quia
2303 2023 2382 2078 eis
2412 2023 2755 2092 potissimum
2808 2024 3128 2080 adversatur
3175 2027 3430 2082 inimicus
3458 2044 3472 2079 :

1919 2128 2040 2167 nam
2081 2114 2208 2168 dum
2248 2115 2305 2168 in
2352 2131 2569 2170 secessu
2603 2115 2708 2170 illa:
2757 2126 2811 2171 et
2847 2119 2900 2171 in
2933 2119 3114 2187 quiete
3161 2128 3473 2185 versantur,

1915 2206 2060 2276 rugit
2085 2207 2194 2271 ille,
2220 2207 2399 2261 victus
2422 2207 2735 2278 indignatur
2759 2225 2774 2274 ;
2801 2211 3190 2281 paululumque
3215 2212 3476 2268 secedens

1915 2298 2165 2353 observat
2185 2314 2314 2352 num
2333 2299 2624 2369 aliquando
2643 2301 2729 2355 vel
2752 2301 3024 2356 tantillum
3045 2303 3474 2369 obdormiscant,

1915 2397 2152 2459 tuncque
2189 2390 2346 2444 irruit
2377 2409 2390 2444 :
2427 2404 2490 2444 ac
2519 2406 2612 2461 per
2643 2407 2764 2461 qua:
2795 2393 2918 2461 quis
2957 2394 3234 2448 existimat
3277 2395 3332 2449 in
3362 2404 3476 2449 tuto

1916 2496 1974 2535 se
2004 2482 2231 2547 versari,
2263 2497 2357 2552 per
2387 2483 2572 2537 eadem
2606 2483 2754 2537 illum
2787 2484 3119 2552 supplantat.
3157 2485 3309 2540 Sicut
3331 2489 3473 2539 enim

1917 2575 2029 2630 fieri
2076 2576 2262 2646 nequit
2297 2591 2392 2632 eos
2415 2577 2506 2646 qui
2541 2577 2833 2632 admodum
2880 2578 3130 2634 scelerati
3177 2588 3324 2643 sunt,
3365 2595 3475 2633 non

1917 2666 2114 2722 habere
2143 2667 2225 2722 vel
2269 2667 2562 2723 scintillam
2608 2667 2768 2736 boni;
2803 2668 2879 2722 ita
2905 2667 3145 2724 vicissim
3175 2685 3235 2726 se
3263 2685 3351 2725 res
3380 2670 3472 2722 ha-

1914 2757 2005 2811 bet
2031 2757 2088 2812 in
2114 2758 2274 2814 bonis
2295 2777 2308 2814 :
2329 2760 2598 2830 siquidem
2623 2775 2810 2816 eorum
2839 2775 2958 2830 qua:
2986 2761 3126 2816 inter
3148 2777 3210 2816 se
3233 2771 3474 2832 pugnant

1917 2848 2091 2916 portio
2128 2850 2374 2920 quaedam
2411 2851 2467 2906 in
2490 2852 2754 2922 Oppositis
2786 2851 3032 2920 partibus
3056 2853 3290 2909 exsistit.
3323 2853 3474 2907 Unde

1917 2955 2287 3011 saepenumero
2331 2942 2494 2998 homo
2532 2944 2678 2999 omni
2719 2945 3054 3015 turpitudine
3081 2943 3472 3006 circumdatus,

1917 3033 2067 3086 omni
2114 3031 2529 3103 intemperantia
2565 3033 2821 3098 foedatus,
2873 3043 3107 3089 attamen
3161 3031 3474 3088 miseric0rs

252 3123 424 3188 στεία,
455 3122 708 3189 ἐπίπονος
741 3100 971 3196 ἄσκησις
991 3143 1002 3155 ·
1027 3125 1133 3178 είσ)⁴
1159 3125 1216 3178 δὲ
1246 3100 1494 3194 φειδωλοὶ
1515 3125 1608 3178 καὶ
1639 3100 1808 3178 κατά-

1916 3132 1996 3180 est
2031 3144 2043 3179 :
2074 3100 2322 3196 sameque
2361 3127 2416 3180 in
2449 3127 2666 3182 virtutis
2709 3125 2969 3182 studiosis
2991 3133 3277 3182 versantur
3299 3124 3474 3180 conti-

250 3214 418 3269 λαλομ

320 3415 442 3471 109.
483 3417 575 3468 Δεῖ
597 3408 688 3469 οὖν
720 3415 827 3469 τῶν
856 3416 1102 3487 σμικρῶν
1138 3415 1210 3486 μὴ
1237 3415 1454 3486 ἀμελεῖν
1475 3456 1488 3479 ,
1516 3410 1590 3480 ὡς
1621 3417 1694 3487 μὴ
1724 3416 1815 3469 δυ-

251 3507 496 3576 ναμένων
536 3505 808 3575 βλάπτειν.
863 3507 970 3559 Καὶ
1009 3506 1117 3576 γάρ
1169 3507 1308 3579 ὕδωρ
1346 3507 1490 3560 λίθον
1528 3507 1607 3577 τῷ
1643 3507 1816 3578 χρόνῳ

251 3596 480 3652 διέλυσε.
521 3599 601 3651 Τά
633 3598 730 3669 μὲν
767 3593 858 3653 οὖν
889 3599 1117 3668 μέγιστα
1149 3599 1257 3652 τῶν
1290 3601 1347 3651 ἐν
1380 3597 1686 3668 ἀνθρώποις
1721 3616 1816 3651 κα-

252 3688 358 3743 λῶν
387 3691 452 3743 ἐκ
486 3689 634 3754 θείας
667 3689 884 3762 χάριτος
908 3690 1089 3753 αὐτοῖς
1123 3689 1501 3763 προσγίνεται·
1542 3690 1611 3743 τὰ
1647 3689 1703 3742 δὲ
1734 3690 1816 3742 δο-

251 3777 450 3832 κοῦντα
474 3777 681 3849 σμικρά
706 3778 991 3848 τυγχάνειν
1017 3778 1083 3830 δι’
1112 3778 1319 3832 ἑαυτῶν
1362 3777 1645 3831 ἀποσοϐεῖν
1677 3778 1811 3831 δεδι-

250 3869 517 3941 δάγμεθα.
555 3871 614 3922 '0
650 3865 742 3923 οὖν
768 3869 845 3940 τῷ
872 3869 1089 3940 μεγάλῳ
1111 3868 1200 3922 διὰ
1223 3870 1321 3940 τῆς
1359 3869 1577 3939 χάριτος
1605 3870 1817 3939 ἀπομα-

251 3961 578 4033 χησάμενος,
614 3960 707 4014 τοῦ
746 3961 804 4014 δέ
830 3960 1061 4032 σμικροῦ
1097 3961 1532 4031 καταφρονήσας,
1571 3959 1816 4031 μεγάλως

253 4053 601 4125 βλαϐήσεται.
654 4055 712 4107 '0
749 4053 858 4127 γάρ
899 4053 1101 4125 Κύριος
1142 4051 1329 4122 ἡμῶν,
1368 4051 1554 4122 ὥσπερ
1601 4055 1818 4122 γνήσιος

251 4147 477 4219 Πατὴρ,
515 4146 713 4217 ἀρτίως
745 4145 852 4199 τῶν
893 4145 1120 4200 παιδίων
1159 4144 1320 4198 αὑτοῦ
1364 4144 1656 4216 ὁρμώντων
1684 4145 1817 4216 πρὸς

254 4239 482 4310 βάδισιν,
511 4237 692 4310 ὀρέγει
725 4237 823 4308 τὴν
856 4239 1013 4309 χεῖρα
1033 4257 1045 4268 ·
1079 4239 1169 4291 κα)⁸
1195 4236 1338 4290 κατά
1363 4237 1470 4290 πᾶν
1505 4236 1685 4290 ὁτιοῦν
1709 4235 1816 4290 τῶν

254 4331 505 4403 μεγάλων
527 4331 674 4402 ἡμᾶς
693 4329 949 4385 κινδύνων
975 4330 1252 4402 ῥυόμενος,
1285 4331 1363 4392 είς
1388 4329 1456 4382 τά
1497 4328 1666 4400 μικρά
1697 4345 1821 4396 συγ·

1915 3214 2121 3278 nentia,
2140 3215 2432 3285 jejunium,
2467 3217 2738 3273 laboriosa
2762 3217 3083 3273 exercitatio
3103 3233 3115 3245 ·
3143 3222 3270 3272 sunt
3293 3223 3472 3271 autem

1917 3304 2100 3363 forsan
2135 3309 2283 3362 avari
2317 3316 2370 3362 et
2403 3310 2821 3366 obtrectatores.

1983 3414 2105 3468 109.
2155 3415 2272 3471 Non
2327 3416 2510 3487 itaque
2559 3418 2882 3489 negligenda
2915 3427 3041 3474 sunt
3084 3433 3269 3488 parva,
3320 3421 3474 3490 quasi

1921 3520 2119 3561 nocere
2168 3522 2276 3561 non
2324 3509 2556 3565 valeant.
2607 3508 2742 3563 Nam
2801 3511 3159 3570 diuturnitate
3217 3512 3475 3581 temporis

1914 3603 2066 3666 gutta
2099 3605 2257 3651 cavat
2284 3597 2540 3668 lapidem.
2574 3598 2748 3654 Porro
2779 3600 3014 3653 maxima
3049 3615 3176 3670 pars
3207 3600 3474 3655 bonorum

1916 3702 2036 3757 quae
2066 3688 2122 3742 in
2151 3688 2464 3744 hominibus
2492 3696 2642 3752 sunt,
2677 3704 2742 3744 ex
2773 3687 2956 3744 divina
2979 3689 3114 3760 ipsis
3151 3690 3323 3759 gratia
3360 3705 3480 3760 pro-

1914 3780 2169 3846 veniunt;
2199 3796 2320 3850 qua:
2356 3787 2535 3837 autem
2567 3780 2776 3835 minora
2801 3781 3052 3836 videntur
3078 3796 3218 3848 esse,
3254 3795 3349 3850 per
3375 3797 3476 3836 nos

1917 3871 2064 3941 ipsos
2093 3871 2378 3944 proﬂigare
2407 3870 2584 3927 edocti
2610 3886 2818 3929 sumus.
2850 3871 2953 3939 Qui
2978 3872 3142 3944 igitur
3176 3873 3474 3943 majoribus

1916 3962 2136 4033 quidem
2167 3978 2263 4034 per
2295 3963 2524 4035 gratiam
2567 3963 2912 4034 expugnatis,
2959 3963 3106 4034 quod
3135 3978 3361 4034 parvum
3393 3973 3477 4020 est

1917 4053 2326 4124 contempserit,
2351 4051 2556 4125 ingenti
2589 4052 2852 4109 afﬁcietur
2876 4052 3096 4110 damno.
3125 4053 3258 4108 Nam
3297 4054 3477 4110 Domi-

1919 4159 2023 4200 nus
2048 4151 2256 4209 noster,
2281 4151 2466 4214 utpote
2484 4158 2647 4201 verus
2670 4142 2852 4210 Pater,
2884 4143 3268 4214 incipientibus
3293 4144 3479 4198 ambu-

1921 4238 2031 4294 lare
2066 4237 2191 4292 filiis
2220 4237 2336 4292 suis
2372 4250 2592 4291 manum
2621 4236 2851 4308 porrigit
2903 4256 2916 4291 :
2968 4243 3132 4307 atque
3161 4253 3190 4291 a
3219 4237 3477 4308 gravibus

1922 4329 2227 4399 quibusque
2255 4327 2514 4399 periculis
2542 4327 2822 4393 liberatos,
2848 4343 2951 4383 nos
2982 4327 3117 4384 sinit
3143 4343 3306 4399 parva
3329 4330 3473 4400 peri-

249 4425 421 4494 χωρεῖ
456 4423 584 4493 ἡμῖν
615 4423 707 4491 ἀφ’
757 4420 961 4475 ἐαυτῶν
1007 4420 1303 4480 κινεῖσθαι.
1355 4419 1603 4492 καθάπερ
1656 4419 1806 4472 ποσί·

1928 4420 2049 4474 cula
2083 4435 2178 4489 per
2209 4435 2308 4475 nos
2339 4419 2488 4489 ipsos
2527 4417 2698 4485 adire,
2729 4419 2886 4490 quasi
2927 4420 3154 4490 pedibus
3199 4421 3480 4476 ambulan-

250 4513 458 4575 τούτοις
480 4512 574 4584 τὴν
593 4511 816 4582 γνώμην
842 4511 1052 4574 δεικνὺς
1089 4509 1394 4582 ἐλευθέραν.
1445 4512 1502 4564 '0
1529 4511 1636 4582 γὰρ
1681 4511 1814 4581 πρὸς

249 4606 320 4658 τά
355 4603 525 4675 μικρά
551 4603 838 4665 εὐάλωτος.
865 4601 979 4664 πῶς
1012 4601 1077 4655 ἀν
1105 4602 1172 4654 τὰ
1210 4600 1379 4672 μείζω
1405 4600 1634 4671 φυλάξαι
1661 4601 1816 4671 δυνη-

252 4695 374 4766 θείη
399 4712 415 4760 ;

288 4859 290 4863 ,
329 4807 448 4862 HO.
479 4805 646 4860 Πάλιν
675 4805 815 4876 ὀρῶν
852 4803 1020 4875 αὐτὴν
1040 4802 1509 4874 διισχυριζομένην
1539 4802 1659 4855 καθ’
1687 4804 1814 4856 ἐαυ-

250 4897 349 4952 τοῦ
379 4899 408 4949 ὁ
437 4896 744 4966 μισόκαλος,
779 4895 993 4966 ἦχθετο.
1043 4895 1153 4948 Καὶ
1190 4893 1328 4964 δρῶν
1364 4892 1554 4946 ἐαυτοῦ
1585 4893 1682 4965 τὴν
1722 4912 1815 4946 τυ-

252 4987 474 5061 ραννίδα
511 4985 966 5058 καθαιρουμένην,
992 4984 1176 5054 ἔτερόν
1219 4998 1340 5035 τινα
1381 4983 1682 5054 μηχανᾶται
1728 5001 1818 5036 κα-

250 5079 378 5142 κίας
397 5076 596 5149 τρόπον
615 5094 628 5108 ⁸
661 5077 754 5130 καλ⁸
780 5075 1002 5145 πλήττει
1034 5075 1103 5128 τά
1132 5071 1409 5145 φωνητικὰ
1441 5072 1816 5146 δργανα,πμδς

217 5160 313 5241 έτδ
346 5169 438 5222 τὸν
469 5168 796 5239 προφορικδν
822 5166 1050 5236 ἐκκόιῖιαι
1091 5166 1246 5236 λόγον
1267 5207 1280 5231 ,
1309 5166 1478 5220 δοκῶν
1507 5164 1593 5218 διά
1627 5165 1839 5221 τούτου.

251 5259 647 5333 λιμαγχονῆσαι
694 5258 801 5311 τῶν
847 5257 1004 5311 θείων
1045 5257 1216 5327 λόγων
1265 5257 1363 5321 τάς
1399 5257 1812 5327 συνερχομένας.

218 5353 225 5393 τ
263 5351 404 5407 Ἀλλ’
436 5351 485 5404 εί
511 5350 607 5403 καὶ
637 5349 734 5420 τὴν
777 5348 942 5419 ἀκοὴν
977 5350 1074 5419 τῆς
1107 5349 1372 5418 ὠφελείας
1409 5347 1697 5418 ἐστέρησεν
1716 5388 1730 5412 ,
1759 5352 1817 5402 ἐν

249 5445 329 5516 τῷ
365 5442 570 5515 μείζονι
604 5440 666 5493 τδ
713 5439 902 5511 κέρδος
941 5438 1264 5510 δεδώρηται·
1298 5440 1379 5509 τῇ
1409 5439 1520 5509 γὰρ
1545 5437 1662 5506 δψει
1706 5442 1817 5501 μεοᾶ

250 5535 481 5589 πάθεσιν
529 5529 946 5594 ἐνατενίξουσαι,
1018 5530 1241 5601 μᾶλλον,
1275 5528 1660 5600 ἐκραταιοῦντο
1721 5529 1816 5600 τὴν

250 5628 496 5700 γνώμην.
544 5623 624 5678 Τά
663 5623 770 5696 γὰρ
824 5623 1032 5694 ἐκείνης
1084 5622 1191 5677 τοῦ·
1240 5622 1485 5692 σώματος
1528 5621 1818 5694 τραύματα

248 5721 348 5785 τὰς
375 5715 762 5785 πεπληγμένας
787 5715 964 5784 ψυχὰς
993 5715 1104 5768 lito
1123 5731 1136 5744 ο
1169 5709 1362 5784 καὶῆν
1397 5714 1520 5768 ἰδεῖν
1546 5714 1818 5785 προφυλα-

1922 4519 2001 4566 tes
2034 4528 2049 4566 :
2080 4510 2275 4581 hisque
2313 4511 2543 4566 liberum
2583 4510 2824 4567 declarat
2869 4511 3172 4565 arbitrium.
3213 4510 3346 4564 Nam
3386 4513 3478 4581 qui

1917 4603 2099 4671 parvis
2131 4603 2290 4660 facile
2333 4603 2592 4667 vincitur,
2647 4603 2864 4672 majora
2905 4618 3100 4656 cavere
3132 4617 3240 4671 qua
3269 4604 3481 4658 ratione

1917 4695 2113 4763 poterit
2134 4696 2156 4747 ?

1994 4807 2115 4862 HO.
2152 4805 2387 4860 Rursum
2423 4805 2586 4876 igitur
2609 4805 2896 4862 advertens
2923 4807 3049 4862 boni
3082 4823 3210 4863 osor
3239 4807 3326 4863 ille
3358 4823 3478 4862 eam

1915 4895 2174 4951 adversus
2202 4893 2776 4964 ipsumcorroborari,
2805 4894 3214 4966 indignabatur.
3245 4893 3480 4949 Videns-

1917 5005 2022 5062 que
2051 4988 2259 5046 destrui
2307 4987 2653 5059 tyrannidem
2710 5003 2887 5055 suam,
2924 4989 3089 5043 alium
3136 4989 3484 5043 machinatur

1916 5079 2137 5134 malitiae
2161 5078 2379 5134 modum
2408 5097 2422 5133 :
2449 5079 2804 5150 vulneratque
2843 5079 3085 5134 membra
3110 5079 3339 5134 vocalia.
3372 5094 3482 5148 quo

1917 5182 2222 5224 sermonem
2267 5166 2679 5237 doctrinamque
2722 5168 2868 5222 illius
2908 5166 3302 5236 interpellaret,
3329 5174 3484 5222 ratus

1918 5259 1998 5316 sic
2023 5272 2117 5313 eas
2145 5273 2266 5327 quae
2286 5258 2642 5314 convenirent
2666 5258 2807 5314 faue
2829 5257 3135 5312 divinorum
3168 5274 3481 5314 sermonum

1919 5352 2257 5406 inter-ituras.
2293 5352 2491 5406 Verum
2521 5351 2735 5406 etiamsi
2784 5364 2944 5404 aures
2970 5365 3156 5404 earum
3190 5351 3348 5406 solita
3373 5349 3484 5404 uti-

1917 5445 2063 5499 litate
2092 5441 2339 5513 privarit,
2360 5441 2538 5510 majus
2556 5449 2734 5495 tamen
2763 5438 2895 5510 ipsis
2923 5438 3133 5493 lucrum
3162 5453 3486 5494 concessum

1919 5533 2038 5596 fuit,
2074 5547 2199 5586 cum
2246 5532 2424 5586 oculis
2453 5546 2574 5600 qua:
2634 5529 2725 5582 illa
2772 5537 3048 5599 pateretur
3092 5529 3486 5599 perspicerent,

1919 5622 2124 5692 majore
2160 5621 2330 5676 animi
2373 5619 2570 5676 robore
2614 5619 2990 5674 firmabantur.
3026 5617 3262 5673 Vulnera
3291 5617 3492 5689 quippe

1921 5714 2169 5785 corporis
2194 5713 2336 5783 ejus,
2369 5711 2684 5770 vulnerata;
2702 5710 2928 5766 animas
2953 5709 3238 5768 curabant.
3275 5707 3493 5764 Videm-
