4032 6376
561 295 700 365 β555

1658 289 1719 345 S.
1755 286 2218 344 ATHANASIUS.
2256 315 2327 327 —
2365 278 2637 340 SPURIA.

3662 268 3785 324 £558

558 428 666 483 que
695 422 830 478 erat,
862 412 1139 468 munimen
1196 410 1597 482 sanitatemque
1629 408 2122 495 spectantibus-af-

2230 408 2333 480 κὴν
2363 408 2456 461 καὶ
2477 402 2773 479 θεραπείαν
2801 402 2908 457 τῶν
2941 401 3227 474 θεωμένων
3256 398 3356 470 τὴν
3389 396 3490 467 τῆς
3521 391 3786 466 μακαρίας

557 504 700 565 ferre
732 504 899 559 beata:
935 501 1167 573 virginis
1207 500 1708 573 magnanimitatem
1741 509 1902 572 atque
1939 516 2126 572 perse-

557 595 877 651 verantiam.

626 704 749 758 tu.
783 704 937 757 Hanc
968 716 1100 773 ergo
1134 702 1237 771 ipsi
1271 701 1475 757 ulceris
1496 714 1720 755 causam
1749 697 1915 754 efﬁcit
1942 697 2125 753 inimi-

555 811 702 850 cus:
746 794 1003 849 molarem
1046 808 1216 848 unum
1253 792 1469 848 dentem
1514 791 1703 846 dolore
1748 789 1948 854 affecit,
1997 805 2122 843 mox

553 886 823 959 gingivam
852 884 1144 955 putrefacit
1177 903 1190 939 :
1224 885 1426 941 excidit
1455 899 1556 951 os;
1590 884 1746 938 ulcus
1791 889 1958 937 totam
1999 897 2123 951 per-

554 978 727 1031 currit
756 977 1067 1045 maxillam;
1100 984 1532 1046 corrumpuntur
1554 975 1746 1030 vicina:
1776 982 1991 1045 partes:
2028 989 2123 1043 per

553 1070 915 1142 quadraginta
942 1072 1060 1127 dies
1087 1087 1152 1127 os
1174 1069 1504 1132 corroditur,
1541 1076 1773 1139 postque
1801 1066 1941 1122 duos
1968 1082 2120 1121 men-

553 1177 644 1218 ses
674 1162 917 1218 foramen
957 1165 1220 1235 aperitur.
1255 1162 1453 1217 Omnia
1488 1162 1692 1216 circum
1738 1159 1855 1215 loca
1884 1160 2123 1228 nigriea-

552 1255 705 1319 bant,
735 1270 799 1312 os
835 1255 1014 1325 ipsum
1044 1256 1206 1311 etiam
1238 1264 1552 1324 corruptum
1585 1251 1846 1322 paulatim
1878 1248 2121 1303 absumi-

551 1359 643 1406 tur
677 1365 692 1403 :
728 1352 957 1421 putredo
995 1350 1484 1421 fmtidissimusque
1530 1350 1667 1404 odor
1710 1355 1883 1401 totum
1923 1361 2121 1416 corpus

549 1444 873 1513 occupavit;
924 1444 997 1498 ita
1036 1452 1095 1498 ut
1149 1458 1269 1513 quae
1321 1442 1695 1497 ministrarent
1743 1439 1869 1509 ipsi,
1918 1438 2121 1506 majore

550 1552 715 1605 quam
732 1537 823 1591 illa
842 1551 1044 1593 nausea
1059 1536 1421 1593 afﬁcerentur.
1442 1533 1791 1603 Subindeque
1822 1548 1886 1587 ac
1915 1531 2120 1585 diutius

553 1628 946 1692 abscedebant,
977 1628 1434 1683 immanissimum
1458 1626 1706 1681 faetorem
1728 1640 1835 1678 nou
1860 1624 2116 1677 ferentes.

552 1718 689 1775 Cum
739 1720 795 1775 id
844 1720 1147 1775 necessitas
1193 1720 1511 1789 postularet,
1570 1725 1873 1771 aromatum
1916 1716 1966 1768 vi
1998 1731 2121 1769 suc—
2153 1758 2192 1810 Β

552 1825 719 1867 censa
769 1811 1048 1882 ingressae,
1088 1827 1211 1866 mox
1243 1810 1599 1866 discedebant
1653 1809 1724 1864 ob
1780 1807 2119 1862 teterrimum

551 1900 799 1957 odorem.
828 1901 898 1956 At
930 1903 1086 1957 beata
1116 1902 1271 1973 virgo
1299 1910 1483 1972 aperte
1505 1899 1877 1955 adversarium
1904 1898 2121 1967 conspi-

554 1994 753 2057 ciebat,
785 2009 962 2063 neque
991 1993 1205 2049 sinebat
1232 1993 1512 2048 admoveri
1545 1992 1649 2047 sibi
1683 1990 1985 2046 subsidium
2015 1990 2117 2044 hu-

553 2100 795 2150 manum,
818 2087 922 2140 hac
937 2085 993 2139 in
1017 2101 1076 2141 re
1091 2100 1246 2140 suam
1268 2092 1705 2141 commonstrans
1726 2082 2117 2138 fortitudinem.

552 2174 688 2230 Cum
738 2183 922 2230 autem
977 2185 1156 2233 coetus
1195 2177 1464 2247 virginum
1521 2176 1891 2239 hortarentur,
1935 2181 1993 2227 ut
2036 2174 2119 2227 vel

554 2266 891 2323 nromatibus
922 2266 1041 2323 loca
1083 2269 1426 2324 illinerentur
1452 2274 1676 2338 propter
1704 2279 1858 2320 suam
1899 2265 2123 2318 iniit-mi-

552 2366 741 2425 tatem.
772 2374 1116 2430 nequaquam
1149 2359 1240 2414 illa
1287 2374 1490 2414 morem
1536 2357 1724 2427 gessit.
1761 2355 2120 2410 Existimabat

553 2451 697 2507 enim
727 2466 824 2522 per
848 2460 1134 2507 externum
1160 2453 1420 2507 auxilium
1462 2449 1843 2521 gloriosissimi
1869 2448 2122 2503 certami-

553 2544 640 2597 nis
666 2543 914 2598 imminui
944 2546 1130 2600 decus.
1169 2545 1274 2599 lllte
1318 2560 1481 2615 porro
1516 2543 1783 2598 medicum
1828 2539 2118 2611 quemdam

551 2642 802 2700 evocant,
834 2637 883 2692 si
922 2635 1060 2691 forte
1099 2646 1280 2706 posset
1329 2637 1418 2692 ille
1457 2636 1784 2706 persuadere
1821 2634 2017 2704 virgini
2062 2640 2120 2687 ut

551 2727 890 2784 curationem
934 2727 1263 2783 admitteret.
1310 2730 1379 2781 At
1412 2729 1500 2782 illa
1545 2727 1595 2782 id
1632 2726 1852 2782 minime
1882 2725 2005 2779 tulit
2036 2725 2121 2779 di-

550 2830 683 2874 cens
716 2837 731 2874 :
763 2819 904 2886 Quid
941 2837 1027 2876 me
1057 2822 1126 2875 ab
1154 2821 1258 2876 hoc
1278 2823 1535 2892 prazelaro
1558 2820 1857 2876 certamine
1882 2817 2121 2873 arcetis?

549 2908 662 2964 Cur
697 2913 944 2982 quaeritis
966 2913 1112 2984 quod
1140 2923 1388 2984 apparet,
1420 2915 1732 2983 ignorantes
1758 2911 1887 2983 quid
1916 2910 2122 2965 lateat?

548 3000 691 3068 Quid
727 3011 836 3058 tam
872 3006 1089 3060 curiose
1131 3006 1334 3060 factum
1377 3006 1719 3076 perquiritis,
1768 3019 1892 3059 cum
1936 3012 2120 3057 aucto-

2237 496 2641 566 μεγαλοψυχίαν
2672 510 2732 547 τε
2764 492 2860 547 καὶ
2879 491 3187 564 καρτερίαν.

2299 702 2417 756 ill.
2457 701 2733 772 Πρόφασιν
2758 698 2857 770 μὲν
2883 693 2975 751 οὖν
3001 697 3136 768 αὐτῇ
3179 695 3280 766 τῆς
3312 690 3528 763 πληγῆς
3563 690 3786 742 ποιεῖται

2222 794 2424 865 ταύτην
2450 795 2479 847 ὁ
2506 792 2696 864 ἐχθρός
2720 810 2733 822 ν
2784 791 2911 862 μίαν
2946 788 3052 860 γὰρ
3092 787 3264 859 μύλην
3300 785 3565 855 ὀδυνήσας
3589 821 3604 843 ,
3634 780 3785 850 σήπει

2223 885 2477 958 παραυτά
2503 884 2564 938 τὸ
2595 881 2747 938 οὖλον
2770 900 2782 911 ·
2817 882 2909 935 καὶ
2930 879 3181 933 ἐκπίπτει
3210 876 3307 948 μὲν
3333 875 3395 928 τὺ
3412 872 3603 926 ὀστέον
3620 887 3633 901 ·
3675 870 3708 940 ἡ
3733 869 3787 922 δὲ

2223 973 2360 1045 νομὴ
2390 972 2661 1043 διατρέχει
2691 973 2770 1035 είς
2820 970 3035 1024 ἃπασαν
3074 968 3172 1037 τὴν
3216 965 3411 1034 γένυν,
3445 962 3545 1016 καὶ
3588 961 3786 1029 γίνεται

2222 1066 2398 1139 φθορά
2425 1064 2529 1120 τῶν
2562 1063 2923 1134 ἐπικειμένων
2960 1059 3225 1131 σωμάτων
3249 1076 3264 1090 ν
3300 1057 3394 1111 καὶ
3429 1058 3488 1108 ἐν
3523 1051 3785 1123 τεσσαρά-

2221 1174 2385 1210 κοντα
2433 1156 2666 1228 ἡμέραις
2710 1151 3105 1225 τερηδονίζεται
3149 1150 3210 1203 τὸ
3256 1148 3481 1202 ὀστέον*
3520 1144 3619 1198 καὶ
3657 1142 3786 1213 μετά

2220 1248 2497 1320 διμηναῖον
2518 1247 2727 1318 χρόνον,
2754 1246 2962 1314 γίνεται
2988 1242 3267 1313 ἐκτρησις.
3302 1236 3679 1297 Μελανθέντες
3701 1229 3787 1288 οὖν

2218 1336 2359 1410 ἦσαν
2382 1339 2619 1400 ἅπαντες
2645 1338 2694 1390 οἱ
2732 1334 2891 1406 πέριξ
2913 1333 3088 1388 τόποι.
3130 1332 3204 1385 Τὸ
3230 1331 3288 1384 δέ
3317 1329 3504 1383 ὀστέον
3536 1327 3631 1380 καὶ
3667 1324 3788 1378 αὐτὸ

2222 1431 2447 1502 φθαρέν,
2478 1430 2593 1483 κατ’
2615 1428 2791 1497 ὀλίγον
2814 1425 3115 1478 ἐδαπανᾶτο
3131 1440 3145 1455 ο
3172 1421 3331 1493 σῆψις
3352 1419 3412 1474 δὲ
3435 1419 3533 1472 καὶ
3561 1414 3790 1488 βαρυτά-

2219 1541 2285 1594 τη
2317 1522 2547 1577 δυσωδία
2563 1521 2683 1575 καθ⁹
2698 1520 2819 1573 ὅλον
2834 1518 2895 1572 τὸ
2911 1516 3068 1587 σῶμα
3090 1515 3344 1586 ἐκράτει·
3375 1512 3453 1575 ὡς
3483 1510 3585 1573 τὰς
3605 1509 3792 1578 ὑπουρ-

2219 1614 2418 1684 γούσας
2445 1612 2606 1666 πλέον
2640 1610 2807 1681 αὐτῆς
2849 1610 3096 1679 πάσχειν.
3143 1605 3253 1659 Καὶ
3294 1604 3389 1658 τὸν
3431 1604 3531 1673 μὲν
3579 1598 3790 1653 πλείονα

2220 1708 2410 1780 χρόνον
2452 1703 2803 1776 ἐχωρίζοντο,
2852 1700 2926 1772 μὴ
2977 1700 3234 1771 φέρουσαι
3280 1695 3380 1767 τὴν
3431 1692 3790 1763 ἀπάνθρωπον

2221 1800 2394 1870 ὀσμήν
2415 1814 2429 1828 ⁸
2458 1797 2545 1850 ὅτε
2568 1795 2625 1848 δὲ
2650 1794 2806 1865 χρεία
2836 1791 3038 1852 ἐκάλει,
3075 1788 3435 1860 θυμιαμάτων
3469 1781 3791 1837 ύπεκκαίου-

2223 1908 2313 1944 σαι
2344 1888 2545 1957 πλῆθος
2583 1885 2915 1957 προσῄεσαν,
2950 1883 3044 1936 καὶ
3073 1876 3227 1943 αὖθις
3271 1874 3595 1948 ὑπεχώρουν
3620 1872 3705 1926 διὰ
3733 1871 3790 1924 τὸ

2220 1981 2319 2050 τῆς
2347 1977 2607 2040 δυσωδίας
2629 1974 3009 2046 ἀπάνθρωπον.
3045 1972 3111 2025 Ἥ
3142 1969 3200 2023 δὲ
3233 1967 3482 2040 μακαρία
3507 1960 3791 2036 προφανῶς

2221 2069 2444 2142 ἐθεώρει
2471 2067 2562 2121 τὸν
2592 2065 2902 2127 ἀντίπαλον,
2935 2063 3029 2118 καὶ
3053 2060 3161 2115 οὐδ’
3186 2060 3323 2122 ὅλως
3348 2055 3650 2125 συνεχώρει
3663 2052 3787 2142 αὐτῇ

2221 2140 2556 2230 ἀνθρώπινον
2606 2154 2982 2227 προσαχθῆναι
3023 2150 3306 2223 βοήθημα·
3336 2146 3660 2200 δεικνύουσα
3700 2140 3789 2195 καὶ

2221 2252 2277 2304 ὲν
2321 2250 2494 2319 τούτῳ
2528 2246 2625 2318 τὴν
2666 2247 2871 2301 οἰκείαν
2919 2243 3188 2316 ἀνδρείαν.
3234 2240 3302 2292 Δί
3347 2239 3405 2292 δέ
3445 2233 3788 2290 συνελθοῦσαι

2221 2342 2560 2413 παρεκάλουν
2593 2338 2693 2393 κᾶν
2728 2337 2919 2409 μύροις
2946 2336 3071 2398 τοὺς
3103 2333 3302 2395 τόπους
3342 2329 3668 2398 ὑπαλείφειν
3705 2325 3789 2380 διὰ

2218 2436 2316 2505 τὴν
2347 2432 2550 2487 ἑαυτῶν
2576 2428 2877 2492 ἀσθένειαν,
2912 2427 3004 2482 καὶ
3027 2427 3136 2480 ούκρ
3148 2423 3414 2478 ἐπείθετο.
3447 2422 3667 2489 Ἠγεῖτο
3685 2416 3785 2489 γὰρ

2218 2528 2306 2580 διὰ
2328 2527 2427 2596 τῆς
2456 2523 2766 2595 συμμαχίας
2792 2520 2901 2575 τῶν
2946 2517 3101 2581 ἐκτὸς
3147 2513 3533 2587 καθαιρεῖσθαι
3577 2511 3673 2565 τοῦ
3704 2513 3786 2564 ἐν·

2217 2618 2368 2685 δόξου
2394 2616 2617 2685 ἀγῶνος.
2646 2615 2754 2668 Καὶ
2773 2613 2837 2683 δή
2870 2629 2991 2666 τινα
3018 2610 3207 2680 ίατρδν
3224 2610 3279 2663 αί
3309 2605 3665 2660 συνελθοῦσαι
3698 2618 3786 2672 με·

2217 2708 2613 2771 ταστέλλονται,
2642 2705 2738 2769 ὡς,
2770 2705 2823 2758 εί
2851 2721 2915 2772 γε
2951 2701 3202 2773 δυνηθείη
3224 2738 3242 2766 ,
3280 2698 3381 2752 κᾶν
3419 2696 3586 2758 αὐτὸς
3612 2697 3785 2747 πεῖσαι

2220 2800 2516 2872 θεραπείας
2534 2800 2737 2869 τυχεῖν.
2783 2798 2848 2851 Ἢ
2873 2796 2932 2849 δέ
2969 2794 3131 2849 πάλιν
3163 2793 3265 2845 ούκ
3301 2790 3553 2860 ἠνείχετο
3574 2827 3592 2849 ,
3617 2785 3787 2854 λέγου-

2219 2910 2289 2948 σα
2311 2911 2326 2924 ο
2361 2892 2426 2945 Τί
2458 2908 2523 2962 με
2557 2891 2656 2961 τῆς
2684 2887 2895 2957 ἀγαθῆς
2925 2886 3101 2955 πάλης
3128 2881 3333 2953 ταύτης
3360 2878 3694 2948 ἐγκόπτετε;
3725 2872 3786 2928 Τί

2220 2984 2431 3057 ζητεῖτε
2473 2984 2534 3036 τὸ
2570 2981 2889 3052 φαινόμενον
2909 3020 2923 3043 ,
2956 2975 3246 3046 ἀγνοοῦσαι
3276 2973 3338 3027 τὸ
3379 2970 3784 3043 κρυπτόμενονς

549 3108 666 3151 rem
696 3110 808 3151 non
835 3097 1108 3154 videatis?
1138 3098 1272 3151 Tum
1301 3099 1544 3152 medicus
1582 3098 1684 3168 ipsi
1740 3116 1753 3153 :
1798 3095 1918 3150 Non
1953 3095 2112 3169 64],

2221 3077 2284 3129 Τί
2319 3073 2816 3147 πολυπραγμονεῖτε
2841 3070 2901 3123 τὸ
2940 3069 3221 3139 γινόμενον
3240 3106 3256 3131 ,
3289 3066 3382 3118 τὸν
3422 3063 3682 3117 ποιοῦντα
3716 3058 3785 3132 μὴ

552 3192 855 3252 curationis
902 3202 997 3247 aut
1044 3195 1224 3249 solatii
1255 3209 1423 3248 causa
1472 3193 1767 3248 remedium
1803 3191 2115 3257 offerimus;

552 3279 649 3335 sed
707 3288 766 3333 ut
811 3289 1131 3351 corruptum
1185 3283 1630 3352 exstinctumque
1664 3281 1966 3337 membrum
2021 3295 2118 3351 pro

554 3385 705 3427 more
735 3372 1082 3443 sepeliamus,
1113 3390 1181 3429 ne
1209 3374 1301 3445 qui
1337 3374 1536 3431 adsunt
1563 3389 1668 3428 una
1690 3380 1917 3443 pereant
1942 3390 1955 3426 :
1992 3387 2117 3426 nam

550 3462 697 3532 quod
730 3465 963 3522 mortuis
989 3465 1267 3522 admoveri
1308 3466 1467 3530 solet,
1500 3464 1554 3520 id
1579 3466 1691 3536 jam
1719 3480 1822 3520 nos
1860 3462 2119 3519 admoveo

550 3568 674 3609 mus
707 3571 721 3610 ;
763 3555 921 3611 aloen
954 3572 1079 3611 cum
1117 3558 1337 3628 myrrha
1370 3564 1426 3611 et
1471 3566 1648 3629 myrto
1686 3556 1815 3611 vino
1845 3552 2118 3607 madidam

551 3658 785 3715 appono.
832 3647 925 3702 Illa
970 3662 1101 3702 vero
1144 3647 1388 3702 admisso
1433 3646 1663 3703 consilio
1700 3643 1912 3708 annuit,
1958 3641 2122 3696 mise-

550 3745 666 3792 rata
700 3746 1019 3807 praesentem
1048 3746 1248 3793 emtum
1288 3759 1299 3793 :
1333 3754 1399 3794 co
1420 3739 1565 3795 enim
1596 3745 1755 3809 pacto
1788 3734 2122 3806 purgabatur

553 3828 762 3896 fenoris
786 3830 1147 3899 vehementia.

622 4110 746 4165 113.
784 4110 921 4178 Quis
957 4127 1069 4166 non
1099 4113 1387 4167 exhorruit
1420 4111 1658 4165 immane
1700 4109 1857 4164 ulcus
1901 4104 2122 4175 conspi-

552 4202 742 4259 ciens?
794 4203 895 4258 Cui
933 4219 1044 4259 non
1101 4205 1252 4260 utilis
1312 4203 1736 4273 fructuosusque
1791 4200 2122 4270 conspicuus

552 4296 759 4352 inimici
790 4298 1016 4367 lapsus?
1037 4297 1153 4354 Illic
1172 4299 1330 4352 ulcus
1357 4296 1584 4352 immisit
1611 4294 1755 4351 unde
1780 4294 2035 4349 salutaris
2065 4300 2123 4346 et

551 4388 907 4446 dulcissimus
952 4390 1077 4447 fons
1111 4403 1422 4444 sermonum
1454 4387 1725 4457 prodibat.
1762 4385 1891 4455 Ejus
1929 4386 2123 4438 imma-

2219 3166 2552 3237 θεωροῦσαι;
2586 3165 2695 3218 Καὶ
2735 3162 2872 3234 πρὸς
2897 3160 3066 3231 αὑτήν
3093 3175 3257 3228 φησιν
3282 3158 3311 3209 ὁ
3345 3155 3538 3228 παρὼν
3582 3152 3783 3226 ίατρός⁸

2220 3258 2331 3327 Ούχ
2362 3256 2545 3309 ἕνεκεν
2570 3252 2863 3324 θεραπείας
2904 3248 3048 3312 τινὸς
3096 3248 3128 3317 ἢ
3172 3244 3530 3318 παραμυθίας
3561 3239 3786 3314 προσφέ-

2222 3366 2386 3422 ρομεν
2427 3347 2735 3419 φάρμακον,
2784 3342 2897 3396 ἀλλ’
2942 3342 3031 3396 ἵνα
3079 3339 3139 3394 τὸ
3201 3337 3640 3410 ήλλοτριωμένον
3697 3332 3784 3388 καὶ

2220 3438 2411 3510 νεκρὸν
2444 3437 2626 3509 μόριον
2655 3435 2795 3488 κατά
2811 3432 2907 3504 τὴν
2939 3430 3227 3503 συνήθειαν
3252 3428 3540 3500 θάψωμεν,
3567 3426 3702 3499 πρὸς
3728 3424 3785 3475 τὸ

2224 3531 2296 3601 μὴ
2317 3530 2443 3593 τοὺς
2476 3527 2749 3599 παρόντας
2791 3521 3267 3592 συνδιαφθαρῆναι.
3312 3521 3495 3589 Ὅπερ
3539 3516 3649 3589 γὰρ
3683 3516 3788 3575 τάς

2219 3620 2474 3674 τεθνεῶσι
2508 3618 2862 3691 προσάγουσι,
2892 3614 3051 3668 τοῦτο
3068 3613 3163 3666 καὶ
3186 3614 3348 3683 ήμεῖς
3373 3610 3471 3664 νῦν
3504 3607 3782 3677 ποιοῦμεν·

2220 3711 2387 3782 ἀλόην
2413 3711 2528 3782 ἀμα
2555 3708 2769 3781 σμύρνῃ
2791 3706 2883 3760 καὶ⁵
2921 3704 3157 3776 μυρσίνῃ
3187 3703 3316 3774 οίνῳ
3340 3701 3540 3764 δεύσας
3573 3696 3788 3770 προστίο

2222 3803 2375 3873 θημι.
2411 3801 2474 3854 Ἠ
2502 3800 2579 3864 δὲ,
2603 3795 2977 3867 ἀποδεξαμένη
3016 3794 3117 3864 τὴν
3159 3791 3497 3864 συμϐουλίαν
3531 3790 3785 3860 ἠνείχετο.

2221 3892 2317 3956 τὰς
2353 3889 2708 3952 συνελθούσας
2736 3886 2933 3958 μᾶλλον
2985 3883 3288 3955 ἐλεήσασα·
3335 3882 3663 3954 ὲκαθαίρετο
3691 3880 3790 3949 γὰρ

2221 3986 2286 4038 ἐκ
2307 3982 2496 4038 τούτου
2522 3984 2556 4053 ή
2582 3979 2819 4053 ἀμετρία
2841 3978 2938 4049 τῆς
2957 3976 3235 4038 δυσωδίας-

2292 4095 2413 4150 112.
2450 4095 2545 4158 Τίς
2578 4092 2678 4146 οὑκ
2711 4089 2894 4164 ἔφριξε
2923 4087 3021 4159 τήν
3052 4086 3394 4158 τηλικαύτην
3432 4085 3646 4157 πληγὴν
3674 4083 3789 4136 θεα·

2224 4188 2485 4258 σάμενος;
2519 4184 2613 4248 Τίς
2643 4186 2741 4238 ούκ
2762 4182 3015 4254 ὠφελήθη
3047 4181 3146 4253 τὴν
3178 4179 3481 4251 καρτερίαν
3504 4177 3604 4247 τῆς
3628 4190 3792 4246 μακα-

2226 4279 2347 4352 ρίας
2380 4277 2734 4347 θεασάμενος,
2769 4277 2863 4330 καλ⁸
2894 4276 2951 4327 ἐν
2982 4272 3159 4343 ταύτῃ
3191 4272 3291 4341 τὴν
3324 4270 3679 4324 κατάτπωσιν
3702 4262 3789 4317 τοῦ

2223 4370 2416 4443 ἐχθροῦ
2441 4371 2697 4440 ἐννοήσας
2721 4386 2735 4434 ;
2773 4369 2919 4422 ’1ιῖκεῖ
2948 4365 3044 4436 μὲν
3070 4364 3181 4434 γὰρ
3205 4362 3405 4433 ἔστησε
3433 4360 3534 4432 τὴν
3566 4355 3788 4428 πληγὴν,

550 4481 698 4536 nitas
729 4479 951 4536 modum
1004 4495 1220 4536 omnem
1273 4494 1631 4549 exsuperans,
1670 4478 1863 4534 solatia
1895 4490 2122 4546 quaeque

2225 4461 2345 4513 ὅθεν
2393 4461 2426 4530 ἡ
2475 4460 2739 4530 σωτήριος
2781 4456 2875 4510 καὶ
2920 4453 3232 4525 γλυκυτάτη
3263 4450 3375 4504 τῶν
3402 4450 3577 4519 λόγων

550 4572 854 4646 dissipavit.
894 4572 1181 4645 Tanquam
1224 4572 1337 4629 fera
1368 4540 1716 4642 sanguinaria
1738 4610 1753 4635 ,
1784 4540 1953 4623 totam
1985 4540 2119 4622 con-

2224 4553 2397 4625 πηγὴ,
2418 4554 2511 4607 καὶ
2537 4552 2598 4605 τὸ
2618 4549 2947 4621 ὑπερϐάλλον
2975 4547 3141 4601 αὑτοῦ
3159 4546 3260 4615 τῆς
3287 4544 3598 4612 δεινότητος
3624 4540 3792 4594 πᾶσαν

548 4633 884 4722 venientium
919 4633 1111 4723 curam
1138 4666 1385 4721 inutilem
1408 4633 1663 4729 reddidit,
1699 4633 1759 4717 ut
1786 4663 2122 4732 discerperet

2228 4644 2568 4714 παράκλησιν
2597 4642 2983 4696 ἀπεσκέδασεν.
3026 4639 3237 4708 Ὥσπερ
3264 4634 3376 4706 γάρ
3415 4633 3604 4705 θηρίον
3642 4634 3794 4702 αἱμο-

550 4758 788 4813 oblatam
833 4758 1096 4829 prmdam.
1141 4756 1249 4813 Sed
1293 4756 1423 4812 dum
1461 4722 1660 4825 quarrit
1694 4753 1897 4815 cibum,
1944 4722 2121 4806 factus

2227 4735 2404 4806 ὅόρον,
2434 4736 2612 4788 πᾶσαν
2641 4732 2747 4786 τῶν
2780 4729 3186 4802 συνερχομένων
3210 4726 3307 4798 τὴν
3338 4725 3575 4798 σπουδὴν
3598 4722 3794 4777 ἀπεσό-

549 4856 633 4903 est
661 4815 943 4919 pabulum.
995 4847 1254 4919 Corporis
1300 4845 1446 4901 enim
1478 4815 1799 4898 inﬁrmitate
1831 4842 1992 4913 quasi
2026 4855 2122 4911 per

2227 4827 2381 4897 ϐησε,
2412 4827 2546 4898 πρὸς
2578 4825 2639 4878 τὸ
2669 4824 2942 4897 σπαράξαι
2971 4823 3033 4877 τὸ
3067 4821 3380 4895 προσπεσὸν
3415 4820 3678 4891 θήραμα·
3708 4815 3796 4869 καὶ

551 4938 771 5005 hamum
811 4937 1032 4993 illectus
1070 4945 1373 5007 captusque
1419 4933 1561 4989 fuit:
1603 4932 1859 4988 feminam
1905 4930 2121 4995 videns,

2228 4919 2407 4989 θοίνην
2441 4918 2637 4989 ζητῶν,
2676 4916 2811 4990 βορά
2848 4915 3061 4986 γέγονε.
3096 4912 3417 4983 Ἐδελεάσθη
3458 4910 3571 4983 γάρ
3615 4909 3796 4978 ὥσπερ

548 5029 961 5093 contemnebat,
986 5029 1115 5098 quia
1139 5003 1438 5099 ignorabat
1472 5024 1681 5080 virilem
1713 5023 1833 5092 ejus
1859 5021 2122 5077 animum.

2221 5012 2279 5066 δι’
2325 5011 2622 5080 ἀγκίστρου
2673 5011 2739 5080 τῇ
2786 5007 2880 5061 τοῦ
2926 5011 3178 5077 σώματος
3224 5003 3515 5072 ἀσθενείᾳ·
3569 5003 3795 5070 γυναῖκα

553 5122 828 5179 Didicerat
850 5121 1099 5177 morbida
1123 5120 1372 5183 membra
1399 5116 1877 5181 esse,ca:cutiebat
1898 5116 2120 5185 quippe.

551 5227 651 5267 nec
696 5219 909 5283 poterat
961 5209 1317 5264 fortissimam
1367 5206 1516 5260 illius
1551 5212 1783 5259 mentem
1827 5203 2120 5258 aestimare.

552 5299 741 5355 Trium
781 5299 949 5370 igitur
979 5297 1249 5355 mensium
1295 5295 1475 5365 spatio
1508 5294 1609 5348 hoc
1639 5293 1694 5348 in
1727 5306 1902 5363 agone
1928 5290 2122 5346 decer-

552 5394 707 5447 tavit.
732 5389 948 5446 Virtute
992 5394 1174 5443 autem
1220 5386 1405 5442 divina
1448 5392 1622 5440 totum
1669 5397 1869 5453 corpus
1908 5388 2120 5437 susten-

554 5482 722 5537 tabat.
748 5481 883 5536 Nam
927 5496 1049 5551 qua:
1096 5478 1346 5548 corporis
1378 5474 1783 5532 conservationi
1823 5472 2126 5528 inserviunt

554 5571 1042 5627 imminuebantur.
1100 5568 1303 5625 Aderat
1345 5567 1577 5624 inedia:
1621 5580 1732 5636 quo
1782 5563 1927 5619 enim
1961 5559 2125 5616 modo

556 5662 825 5752 potuisset
853 5662 1009 5734 cibos
1040 5675 1283 5737 sumere,
1327 5659 1609 5716 obtinente
1638 5665 1792 5724 tanta
1817 5655 1939 5710 tabe
1966 5660 2126 5737 atque

2224 5102 2386 5174 ὀρῶν,
2436 5100 2789 5173 κατεφρόνει·
2841 5098 3022 5169 ἠγνόει
3074 5098 3185 5169 γὰρ
3228 5096 3396 5166 αὐτῆς
3451 5094 3513 5147 τὸ
3558 5094 3794 5164 ἀνδρεῖον

2226 5194 2499 5266 φρόνημα.
2549 5191 2828 5245 Νοσοῦντα
2870 5189 2937 5243 τά
2984 5186 3121 5259 μέλη
3169 5184 3588 5255 κατεμάνθανεν
3611 5201 3627 5215 ο
3683 5179 3794 5234 ἐτύ-

2226 5286 2437 5355 φλωττε
2470 5284 2597 5355 γάρ,
2635 5282 2726 5335 τὸν
2757 5279 3103 5352 ἰσχυρότατον
3143 5278 3317 5348 αὐτῆς
3367 5275 3635 5345 λογισμὸν
3668 5287 3792 5325 κατ-

2223 5377 2485 5432 οπτεῦσαι
2518 5376 2592 5447 μὴ
2617 5374 2932 5444 δυνάμενος.
2950 5371 3102 5441 Μησὶ
3128 5372 3229 5442 μὲν
3257 5365 3350 5424 οὖν
3374 5366 3524 5439 τρισὶ
3542 5366 3639 5420 καὶ
3669 5362 3794 5433 πρὸς

2223 5467 2414 5522 τοῦτον
2438 5467 2526 5521 τὸν
2558 5464 2745 5534 ἀγῶνα
2779 5460 3062 5533 ἐνήθλησε.
3089 5462 3331 5533 Δυνάμει
3353 5459 3412 5512 δὲ
3444 5458 3569 5530 θείᾳ
3593 5456 3655 5510 τὸ
3680 5452 3790 5508 ὅλον

2227 5560 2623 5631 παρεκρατεῖτο
2680 5554 2857 5627 σῶμα.
2895 5552 2974 5607 Τά
2999 5552 3113 5624 γὰρ
3138 5552 3502 5607 συντελοῦντα
3542 5549 3678 5621 πρὸς
3701 5544 3791 5615 τὴν

2226 5650 2484 5723 διαμονὴν
2514 5646 2676 5701 αὐτοῦ
2710 5644 3032 5717 ἐμεμείωτο.
3066 5644 3328 5718 ’Λτροφία
3351 5645 3449 5716 μὲν
3469 5638 3562 5697 οὖν
