4032 6376
275 275 414 332 1557

1411 269 1577 325 VITA
1616 265 1910 324 SANCTIE
1954 253 2429 321 SYNCLETICE.

3380 257 3521 316 1558

275 389 392 451 πῶς
432 385 540 458 γὰρ
586 382 814 455 ἠδύνατο
852 386 1036 440 σιτίων
1067 386 1411 459 μταλαὸεῖν,
1453 386 1722 458 τοσαύτης
1757 385 1850 456 σή-

1963 380 2150 434 Γωῑοτε
2168 379 2208 431 ?.
2235 376 2559 431 Recesserat
2606 370 2676 425 ab
2724 383 2788 426 ea
2837 371 3086 443 somnus,
3114 369 3302 428 dolore
3331 370 3525 444 ldepel-

275 480 419 548 ψεως
474 479 566 530 καὶ
613 477 876 552 δυσωδίας
925 480 1264 550 κρατούσης;
1314 477 1748 550 Ἀποκεχώριστο
1785 481 1842 533 δὲ

276 571 368 624 ἀπ’
394 569 560 640 αὐτῆς
594 570 686 622 καὶ
717 571 745 622 ὁ
781 569 945 634 ’ὑπνος
977 571 1080 624 ὑπὸ
1108 570 1214 624 τῶν
1244 571 1549 640 ἀλγηδόνων
1582 572 1838 624 Ennomo-

284 678 464 731 μενος.

358 753 473 822 IIS,
505 752 635 805 Ὅτε
681 751 736 804 δὲ
765 751 933 821 αὐτῆς
982 752 1043 804 τὸ
1079 752 1252 823 πέρας
1299 753 1402 822 τῆς
1446 753 1602 824 νίκης
1628 756 1720 808 καὶ
1752 755 1846 806 τοῦ

282 843 542 914 στεφάνου
575 844 740 912 ἐγγὺς
771 842 1008 911 ἐγένετο,
1046 843 1140 897 καὶ
1163 844 1428 908 ὀπτασίας
1457 844 1728 917 ἐθεώρησε
1756 847 1849 899 καὶ

279 935 525 1004 ἀγγέλων
549 932 890 996 ἐπιστασίας,
914 933 1007 985 καὶ
1036 931 1319 1004 παρθένων
1349 933 1518 1001 ἁγίων
1539 935 1850 1005 προτροπὰς

281 1028 418 1100 πρὸς
449 1027 544 1098 τὴν
577 1025 783 1090 ἄνοδον,
817 1024 913 1078 καὶ
937 1024 1230 1095 ὲλλάμψεις
1261 1024 1624 1094 ἀνεκλαλήτου
1655 1026 1850 1095 φωτὸς,

281 1121 373 1174 καὶ
405 1117 732 1190 παραδείσου
773 1116 950 1188 χῶρον
971 1132 984 1145 °
1032 1116 1126 1169 καὶ
1160 1116 1298 1186 μετὰ
1338 1116 1435 1187 τὴν
1464 1116 1592 1170 θέαν
1624 1117 1852 1180 τούτων,

284 1211 470 1283 ὥσπερ
498 1213 575 1274 εἰς
624 1208 820 1280 ἑαυτὴν
851 1207 1138 1280 γενομένη,
1165 1207 1490 1279 κατήγγειλε
1547 1208 1669 1270 ταῖς
1717 1223 1857 1280 παρ-

290 1303 498 1366 ούσαις,
527 1301 789 1371 γενναίως
828 1317 885 1352 τε
923 1300 1127 1370 φέρειν,
1159 1300 1251 1352 καὶ
1302 1300 1375 1371 μὴ
1411 1299 1692 1370 ὀλιγωρεῖν
1722 1299 1857 1371 πρὸς

282 1395 339 1446 τὸ
374 1393 567 1464 παρόν.
611 1390 745 1446 Εἶπε
788 1391 846 1444 δὲ
887 1391 1108 1457 αὐταῖς,
1144 1391 1239 1445 καὶ
1279 1394 1355 1454 ώς
1401 1391 1483 1444 ὅτι
1513 1389 1668 1443 Μετὰ
1711 1394 1858 1462 τρεῖς

282 1487 492 1557 ἡμέρας
549 1484 957 1556 χωρισθήσομαι
990 1483 1082 1537 τοῦ
1146 1482 1416 1554 σώματος.
1472 1484 1545 1536 Οὐ
1605 1482 1761 1552 μόνον
1803 1483 1858 1536 δὲ

282 1577 457 1640 τοῦτο,
485 1577 619 1630 ἀλλὰ
655 1577 747 1630 καὶ
773 1575 871 1648 τὴν
904 1575 1052 1648 ώραν
1084 1576 1184 1647 τῆς
1214 1577 1452 1646 ἀφίξεως
1490 1575 1598 1629 τῶν
1628 1577 1860 1630 ἐνταῦθα

284 1669 541 1740 ἐδήλωσε.
578 1670 688 1722 Καὶ
719 1666 1162 1732 συντελεσθέντος
1181 1668 1274 1721 τοῦ
1319 1668 1530 1739 χρόνου,
1555 1667 1796 1738 ἀπῆλθεν
1825 1671 1858 1740 ἡ

290 1763 535 1834 μακαρία
570 1760 917 1832 Συγκλητικὴ
948 1761 1084 1832 πρὸς
1108 1761 1199 1814 τὸν
1240 1761 1466 1832 Κύριον,
1498 1760 1731 1816 ἔπαθλον
1759 1763 1868 1816 τῶν

285 1853 512 1922 ἀγώνων
544 1854 671 1923 παρ’
697 1855 860 1908 αὐτοῦ
887 1854 1152 1925 δεξαμένη
1179 1853 1278 1924 τὴν
1299 1854 1408 1908 τῶν
1434 1855 1679 1927 οὐρανῶν
1711 1855 1862 1924 βασι-

285 1943 464 2000 λείανο
497 1948 576 2010 εἰς
605 1945 760 2011 δόξαν
782 1947 877 2000 καὶ
907 1946 1124 2000 ἔπαινον
1155 1949 1248 1999 τοῦ
1270 1946 1473 2018 Κυρίου
1498 1947 1654 2019 ἡμῶν
1688 1947 1859 2019 Ἰησοῦ

284 2039 548 2113 Χριστοῦ,
589 2039 709 2110 μεθ’
744 2034 804 2094 οὗ
838 2040 914 2111 τῷ
959 2041 1134 2111 Πατρὶ
1172 2039 1288 2110 ἅμα
1311 2039 1389 2111 τῷ
1419 2041 1665 2111 παναγίῳ
1689 2040 1860 2094 Πνεύ-

291 2151 422 2204 ματι
459 2135 540 2198 είς
568 2135 692 2197 τοὺς
718 2133 921 2198 αἰῶνας
947 2133 1056 2186 τῶν
1081 2131 1313 2187 αἰώνων.
1351 2133 1541 2204 Ἀμήν.

361 2225 435 2298 (Ξ)
471 2224 644 2298 Κύριε
675 2227 702 2279 ὁ
745 2224 876 2288 Θεὸς
907 2223 1014 2277 τῶν
1053 2224 1354 2296 δυνάμεων,
1386 2228 1506 2287 ταῖς
1550 2224 1862 2295 πρεσϐείαις

289 2318 389 2389 τῆς
425 2317 776 2388 πανυμνήτου
803 2317 1065 2369 Θεοτόκου
1092 2317 1190 2385 τῆς
1217 2316 1355 2386 ἐμῆς
1385 2314 1608 2386 βεόαίας
1633 2315 1862 2380 ἐλπίδος,

291 2414 386 2467 καὶ
409 2404 484 2466 ὧν
515 2409 774 2482 Πατέρων
808 2408 960 2480 πόθῳ
993 2410 1086 2463 καὶ
1119 2408 1274 2478 κόπῳ
1312 2408 1437 2471 τοὺς
1478 2406 1623 2478 βίους
1650 2407 1864 2460 συνελε-

294 2503 508 2574 ξάμην,
569 2502 798 2569 ἀξίωσον
853 2517 920 2572 με
975 2500 1067 2553 τὸν
1118 2498 1436 2571 ἁμαρτωλὸν
1485 2500 1662 2570 εὑρεῖν
1710 2499 1868 2570 χάριν

295 2594 528 2651 ἐνώπιόν
559 2611 652 2648 σου
677 2588 760 2657 οἷς
788 2590 936 2657 οἶδας
967 2591 1253 2664 κρίμασιν.

369 2688 516 2752 Ἕως
545 2681 648 2741 ὧδε
683 2686 1071 2758 πεπλήρωνται
1095 2685 1144 2736 ot
1178 2684 1241 2736 ὲκ
1274 2682 1374 2752 τῆς
1404 2682 1564 2750 ἁγίας
1593 2681 1742 2752 παρὰ
1781 2679 1874 2733 τοῦ

241 2786 243 2788 ’
299 2779 569 2852 μακαρίου
605 2777 880 2850 Ἀρσενίου
903 2777 996 2831 τοῦ
1017 2775 1283 2848 Πηγάδων
1307 2774 1685 2846 ἐξεληλυθότες
1705 2775 1874 2845 λόγοι,

296 2869 484 2935 καθὼς
513 2870 634 2924 καθ’
658 2869 848 2940 εἱρμὸν
885 2871 1093 2922 κεῖνται
1121 2867 1382 2930 ἆπαντες.

1952 473 2114 527 lente.

2027 777 2150 831 HIS.
2196 777 2298 832 Ubi
2332 777 2582 847 proxime
2620 776 2719 831 fuit
2761 785 2904 832 meta
2921 755 3395 847 “victoriae-atque
3433 791 3529 832 co-

1951 885 2131 931 ronae,
2188 869 2434 924 visiones
2493 867 2857 939 contemplata
2917 874 3040 935 est,
3106 868 3530 938 angelorumque

1953 961 2190 1021 auxilia,
2245 961 2518 1030 virginum
2561 960 2690 1014 item
2753 966 3066 1016 sanctarum
3125 959 3528 1014 cohortationes

1955 1053 2022 1106 ad
2060 1066 2377 1116 ascensum,
2423 1066 2635 1105 necnon
2679 1050 3075 1106 illustrationes
3117 1047 3407 1106 ineﬁabilis
3440 1051 3527 1104 lu—

1956 1145 2142 1206 minis,
2174 1151 2338 1212 atque
2364 1143 2603 1212 paradisi
2635 1143 2930 1211 regionem.
2963 1141 3059 1195 His
3088 1150 3267 1196 autem
3294 1156 3527 1210 conspe-

1956 1236 2084 1300 ctis,
2116 1235 2274 1306 quasi
2301 1251 2414 1289 rem
2445 1250 2627 1290 secum
2658 1235 3019 1304 perpendens,
3052 1234 3120 1288 iis
3154 1249 3275 1305 qua:
3303 1233 3529 1288 aderant

1957 1327 2334 1393 renuntiavit,
2396 1333 2456 1379 ut
2531 1325 2745 1380 fortiter
2807 1326 3146 1381 sustinerent
3192 1339 3368 1396 neque
3413 1325 3528 1393 jam

1958 1418 2274 1474 deﬁcerent.
2327 1416 2658 1486 Addiditque
2696 1416 2808 1471 haec
2858 1418 3065 1472 verba:
3119 1417 3249 1472 Post
3291 1416 3530 1472 triduum

1960 1525 1988 1563 a
2024 1524 2254 1579 corpore
2293 1508 2612 1578 separabor.
2641 1507 2826 1577 Neque
2864 1509 2966 1563 hoc
2997 1509 3195 1572 solum,
3231 1509 3325 1564 sed
3365 1508 3529 1562 etiam

1963 1602 2152 1656 horam
2186 1601 2368 1655 exitus
2417 1601 2781 1656 denuntiavit.
2825 1599 2946 1664 Quo
2993 1601 3260 1670 completo
3292 1608 3533 1670 tempore

1964 1692 2030 1747 ad
2077 1691 2364 1746 Dominum
2413 1693 2670 1763 migravit
2702 1692 2859 1747 beata
2906 1690 3237 1762 Syncletica,
3270 1699 3432 1762 atque
3467 1691 3534 1744 ab

1965 1800 2033 1840 eo
2063 1785 2117 1838 in
2163 1785 2445 1856 praemium
2488 1785 2849 1840 certaminum
2893 1800 3119 1854 regnum
3147 1785 3409 1841 cmlorum
3447 1798 3538 1837 ac-

1972 1876 2154 1945 cepit;
2208 1875 2260 1927 in
2303 1875 2530 1943 gloriam
2569 1883 2622 1928 et
2679 1873 2894 1928 laudem
2930 1873 3144 1928 Domini
3191 1874 3365 1930 nostri
3406 1871 3538 1928 Jesu

1968 1963 2199 2024 Christi,
2238 1976 2363 2016 cum
2420 1961 2582 2017 Patre
2629 1974 2681 2016 et
2733 1961 2938 2032 Spiritu
2998 1971 3190 2018 sancto
3244 1964 3300 2017 in
3341 1962 3538 2018 saecula

1970 2054 2320 2108 seculorum.
2357 2053 2546 2105 Amen.

2046 2228 2274 2284 Domine
2325 2228 2469 2283 Deus
2496 2228 2797 2292 virtutum,
2847 2226 3337 2282 intercessionibus
3392 2227 3541 2281 omni

1972 2321 2133 2374 laude
2163 2319 2504 2375 celebrandae
2527 2319 2792 2390 Deiparae,
2810 2334 2930 2390 quae
2953 2329 3036 2374 est
3063 2318 3218 2373 ﬁrma
3250 2335 3374 2390 spes
3400 2334 3540 2384 mea,

1973 2420 2029 2468 et
2064 2410 2288 2466 Patrum
2318 2427 2549 2482 quorum
2588 2413 2730 2467 vitas
2774 2411 2956 2466 studio
3001 2419 3166 2481 atque
3209 2411 3396 2466 labore
3431 2413 3546 2465 col-

1978 2505 2120 2574 legi,
2157 2504 2398 2560 concede
2463 2504 2599 2559 mihi
2659 2504 2972 2574 peccatori,
3031 2511 3090 2557 ut
3150 2505 3351 2574 quibus
3399 2506 3544 2559 nosti

1971 2595 2218 2666 judiciis,
2255 2597 2528 2652 inveniam
2569 2596 2798 2666 gratiam
2840 2597 2896 2650 in
2925 2601 3222 2666 conspectu
3253 2602 3367 2650 tuo.

2051 2687 2324 2743 Hactenus
2369 2689 2757 2752 absolvuntur,
2791 2689 2886 2757 qui
2949 2703 3013 2743 ex
3057 2695 3246 2742 sancta
3285 2689 3409 2752 illa,
3453 2703 3548 2757 per

1978 2776 2197 2830 beatum
2228 2777 2518 2832 Arsenium
2557 2777 2926 2848 Pegadensem
2970 2777 3291 2847 prodierunt
3343 2792 3549 2832 sermo-

1983 2884 2103 2932 nes,
2136 2884 2244 2939 quo
2279 2869 2475 2925 ordine
2504 2885 2693 2925 omnes
2726 2870 3015 2925 habentur.

372 3049 472 3123 (2)_
503 3048 657 3115 Haec,
702 3049 770 3102 ad
816 3049 976 3102 ﬁnem
1034 3062 1232 3116 usque,
1289 3053 1503 3100 exstant
1556 3046 1610 3098 in
1666 3045 1898 3101 Schedis
1953 3044 2410 3112 Combeﬁsianis,
2478 3061 2578 3101 nec
2626 3047 2887 3118 leguntur
2944 3047 3001 3101 in
3045 3044 3398 3100 Monumentis
3442 3042 3547 3098 Co-

302 3121 478 3177 telerii

312 3270 2344 3304 __________________.._____________

961 3385 1028 3441 l‘l
1070 3381 1458 3450 SEQUENTIA
1497 3380 1636 3437 DUO
1675 3376 2042 3434 OPUSCULA
2084 3374 2418 3430 ASCETICA
2451 3373 2845 3429 ADMONITIO.

381 3533 420 3586 Α
458 3532 643 3586 multis
663 3531 782 3601 jam
815 3528 1029 3584 sarculis
1061 3525 1431 3595 subsequentes
1459 3520 1579 3576 duce
1607 3518 1848 3574 ascetich
1885 3515 2276 3571 exhortationes
2307 3517 2375 3567 ad
2407 3513 2686 3568 monachos
2708 3522 2757 3566 et
2789 3513 2858 3566 ad
2890 3528 3110 3582 sponsas
3145 3508 3344 3566 Christi
3393 3508 3556 3560 Atha-

312 3627 454 3682 nasii
484 3625 694 3678 nomine
720 3619 982 3691 prodiere.
1015 3618 1080 3672 In
1122 3616 1428 3671 collectione
1468 3627 1693 3684 namque
1736 3609 2084 3682 Regularum,
2114 3624 2232 3678 qua:
2266 3615 2448 3661 octavo
2481 3605 2678 3660 sarculo
2712 3621 2744 3659 a
2789 3603 3071 3659 Benedicto
3116 3601 3405 3657 Anianensi
3438 3616 3562 3654 con-

310 3720 527 3774 cinnata
555 3725 654 3778 est,
684 3724 907 3784 utraque
937 3707 1520 3781 comparet'-Athanasii
1556 3707 1766 3760 nomine
1813 3704 2112 3769 inscripta;
2149 3717 2268 3754 cum
2315 3710 2502 3754 neutra
2547 3709 2718 3752 tamen
2750 3697 3036 3752 Athanasii
3076 3695 3209 3749 nihil
3239 3695 3344 3748 nisi
3378 3708 3562 3746 nomen

313 3809 588 3865 admittat.
623 3804 767 3859 Nam
798 3806 914 3875 ipsa
948 3804 1062 3858 luce
1100 3804 1301 3856 clarius
1331 3809 1430 3863 est,
1465 3816 1495 3852 a
1532 3797 1725 3851 Latino
1757 3796 2034 3862 scriptore,
2069 3801 2118 3846 et
2150 3791 2360 3863 quidem
2394 3792 2622 3862 eleganti
2663 3789 2969 3860 Latineque,
3009 3799 3067 3840 ut
3090 3786 3187 3840 illa
3216 3796 3391 3852 artate,
3425 3786 3566 3853 peri—

316 3907 548 3969 tissimo,
595 3903 888 3958 adornatas
921 3901 1104 3971 fuisse.
1155 3896 1398 3954 Secunda
1438 3911 1631 3965 porro,
1679 3895 1735 3948 in
1783 3893 1930 3947 Actis
1982 3890 2194 3945 concilii
2221 3887 2664 3959 Aquisgranensis
2696 3894 2869 3940 exstat
2917 3885 3141 3955 integra,
3179 3880 3568 3948 Athanasioque

317 4000 627 4058 ascribitur.
666 3997 816 4053 Unde
850 3997 1079 4068 fortasse
1107 3995 1374 4067 suspicari
1404 3994 1581 4056 liceat,
1615 3991 1780 4056 fuisse
1818 3989 2002 4052 illam,
2039 3987 2342 4057 pariterque
2383 3986 2632 4054 priorem,
2661 3999 2777 4053 qua:
2807 3981 2987 4036 eodem
3024 3980 3184 4048 ferme
3215 3979 3342 4049 styli
3389 3991 3570 4048 genere

318 4101 625 4169 conscripta
654 4107 752 4162 est,
785 4097 849 4151 ab
886 4108 1098 4151 auctore
1140 4113 1235 4150 suo
1278 4093 1749 4150 commendationis
1785 4107 1950 4145 causa
2000 4085 2288 4141 Athanasii
2315 4083 2522 4137 nomine
2548 4079 2873 4148 insignitum.
2922 4074 3208 4143 Utrumque
3242 4081 3414 4169 ant—em
3443 4085 3572 4137 opu-

321 4164 608 4248 sculnm'in
636 4188 929 4258 Appendice
955 4188 1024 4241 ad
1057 4186 1287 4241 codicem
1320 4185 1662 4257 Regularum,
1699 4191 1917 4236 curante
1941 4179 2083 4234 Luca
2117 4176 2399 4231 Holstenio
2431 4173 2627 4227 editum
2653 4171 2752 4240 fuit
2785 4167 3013 4222 Parisiis
3045 4182 3180 4219 anno
3212 4164 3368 4218 1665.

1713 4325 3573 4355 ________________..____________—

650 4471 1171 4588 SANCTI
1258 4467 1778 4584 PATRIS
1867 4460 2396 4579 NOSTRI
2474 4448 3257 4572 ATHANASII

1079 4705 1879 4802 EXHORTATIO
1951 4702 2100 4793 AD
2187 4695 2873 4790 MONACHOS.

908 4905 1065 4975 (Vide
1093 4902 1412 4971 Patrologice
1450 4899 1656 4953 Latina:
1695 4906 1824 4950 tom.
1857 4893 1989 4958 CIII,
2017 4895 2120 4946 col.
2163 4893 2288 4957 665,
2315 4893 2368 4946 in
2399 4888 2689 4944 Benedicto
2714 4882 3056 4951 Anianensi.)

349 5036 3570 5088 _______________________________________________._..

536 5185 1081 5282 EJUSDEM
1152 5171 1950 5274 EXHOBTATIO
2023 5170 2172 5259 AD
2264 5163 2800 5262 SPONSAM
2876 5158 3393 5257 CHRISTI.

1676 5362 1810 5424 Vide
1844 5364 1998 5430 ibid.,
2025 5363 2128 5420 col.
2160 5361 2281 5418 671.
