4032 6376
520 278 658 340 1:59
1675 275 1735 328 s.
1777 272 2235 330 ATHANASIUS.
2277 303 2345 313 -
2382 271 2649 330 spuens.
2674 249 2706 275 ·’
3612 267 3739 323 raso

535 427 854 448 ο-ᾳ-α-ι

1467 528 1528 581 IN
1571 527 1957 584 EPISTOLAM
1997 528 2410 595 SEQUENTEM
2450 528 2785 586 MONITUM.

591 671 946 747 σιξ-649
980 669 1274 737 Epistolam
1307 667 1586 722 Athanasii
1617 670 1824 723 nomine
1854 669 1922 722 ad
1952 669 2245 738 episcopum
2285 667 2569 723 Persarum
2623 671 3006 739 conscriptam,
3046 671 3214 726 Roma
3258 672 3408 728 nobis
3455 680 3742 732 transmisit

526 770 605 822 vir
627 769 696 823 cl.
735 765 993 821 Claudius
1029 764 1420 833 Stephanotius,
1449 775 1759 832 procurator
1793 782 1905 835 gen.
1942 775 2134 820 nostra:
2167 767 2581 835 congregationis
2601 807 2616 830 ,
2663 784 2764 821 non
2793 767 2887 820 hoc
2920 785 3024 823 uno
3051 769 3200 823 nobis
3233 773 3442 826 nomine
3474 757 3744 828 observan:

523 861 620 912 dus
647 875 664 912 :
701 857 870 910 multa
900 859 1087 926 quippe
1107 854 1254 909 nobis
1287 855 1674 922 perhumaniter
1697 858 1864 925 ofﬁcia
1888 857 2128 910 contulit.
2169 855 2338 910 Nemo
2375 868 2548 912 autem
2570 875 2672 912 non
2700 859 2835 914 videt
2864 860 3025 927 fuisse
3052 864 3222 932 primo
3250 861 3432 918 Gra'ce
3451 877 3738 930 exaratam,

522 954 708 1010 exinde
739 969 855 1007 vero
888 951 1076 1005 Latine
1123 953 1186 1005 ab
1222 952 1392 1006 minus
1437 954 1604 1020 perito
1647 954 1900 1022 scriptore
1939 952 2274 1007 translatam.
2324 953 2388 1007 Et
2449 955 2659 1024 quidem
2712 971 2778 1010 ex
2806 957 3036 1010 vertendi
3067 955 3268 1009 ratione
3296 954 3505 1009 videtur
3535 957 3742 1025 antiqua

521 1063 633 1100 esse
659 1045 826 1099 versio
852 1060 871 1097 :
900 1046 1003 1098 olet
1033 1045 1168 1096 enim
1194 1044 1519 1114 peregrinum
1549 1041 1682 1096 illud
1706 1051 1755 1096 et
1786 1044 2044 1112 inelegans
2075 1042 2390 1096 Latinitatis
2418 1061 2576 1113 genus
2599 1086 2613 1110 ,
2644 1044 2782 1114 quod
2811 1061 2884 1107 vt,
2917 1060 2988 1098 vu
3013 1053 3060 1098 et
3085 1043 3518 1116 subsequentibus
3548 1048 3742 1100 sa‘culis

523 1137 579 1188 in
609 1153 705 1190 usu
736 1145 872 1190 erat.
905 1136 1132 1197 Νοθείας
1159 1153 1315 1204 porro
1345 1144 1653 1205 argumenta
1690 1151 1782 1189 nec
1810 1134 2014 1189 occulta
2045 1135 2257 1204 praefert
2285 1151 2301 1188 :
2334 1135 2630 1203 cujusmodi
2655 1145 2731 1188 est
2759 1134 2892 1187 illud
2923 1135 3059 1204 quod
3097 1137 3212 1191 ait:
3259 1135 3575 1190 Secundum
3607 1137 3743 1207 quod

524 1229 790 1298 scriptum
823 1236 907 1283 est
934 1247 946 1281 :
983 1247 1001 1278 ι
1038 1225 1156 1280 Una
1183 1225 1364 1280 Deitas
1389 1227 1441 1278 in
1477 1226 1648 1279 tribus
1671 1224 1887 1278 stantiis
1917 1222 2317 1293 cognoscenda,
2349 1242 2365 1270 ι
2404 1224 2559 1292 quasi
2592 1239 2708 1276 vero
2743 1225 2795 1276 in
2828 1223 2960 1277 libro
2988 1223 3236 1295 quodam,
3263 1224 3415 1293 cujus
3444 1229 3744 1283 auctoritati

525 1317 854 1370 Athanasius
889 1315 1290 1384 astipularetur,
1323 1313 1578 1382 ejusmodi
1608 1313 1862 1366 sententia
1893 1322 2093 1380 reperta
2111 1313 2202 1366 sit.
2233 1310 2333 1366 Ubi
2362 1311 2601 1365 advertas
2625 1313 2797 1375 velim,
2817 1313 2969 1377 illud,
2989 1315 3042 1368 in
3075 1315 3251 1369 tribus
3283 1317 3524 1382 stantiis,
3546 1334 3748 1386 expres-

525 1424 638 1461 sum
671 1407 834 1461 rideri
857 1422 920 1460 ex
959 1409 1054 1458 hoc
1080 1405 1239 1466 dicto,
1271 1407 1328 1458 ὲν
1353 1404 1528 1475 τρισὶν
1550 1403 1924 1464 ὑποστάσεσιν,
1958 1420 2066 1467 qua
2096 1439 2101 1455 ς

2204 1404 2351 1455 tentia
2382 1403 2494 1456 licet
2518 1403 2654 1470 apud
2676 1403 3418 1484 Athanasium'nonnunquam
3442 1427 3542 1464 usu
3565 1415 3745 1481 veniat,

526 1513 628 1550 non
653 1497 728 1548 ita
755 1505 927 1548 autem
953 1494 1248 1557 adhibetur,
1279 1491 1429 1562 quasi
1456 1490 1509 1542 in
1544 1489 1780 1556 confesso
1809 1494 1945 1556 apud
1983 1504 2157 1541 omnes
2189 1490 2291 1549 sit;
2335 1504 2450 1540 cum
2484 1491 2721 1558 opposita
2750 1491 2870 1544 huic
2905 1495 3214 1562 propositio,
3253 1495 3393 1565 quod
3422 1499 3622 1552 scilicet
3651 1518 3746 1554 una

526 1588 595 1639 sit
625 1587 916 1650 ὑπόστασις
945 1589 1000 1640 in
1041 1586 1319 1646 Trinitate,
1352 1592 1408 1636 ut
1455 1581 1715 1634 catholica
1745 1590 1793 1634 et
1830 1591 1940 1633 tum
1973 1581 2218 1649 temporis
2247 1580 2573 1634 admittenda
2616 1583 2911 1638 declaretur
2941 1589 3005 1639 ab
3033 1588 3327 1643 Athanasio
3357 1590 3410 1642 in
3443 1601 3584 1645 tomo
3628 1595 3746 1648 Ale-

527 1675 804 1730 xandrina:
832 1677 1047 1747 synodi,
1091 1692 1212 1746 pag.
1262 1674 1383 1737 7⁸75,
1417 1671 1542 1724 dum
1575 1680 1745 1723 tamen
1785 1685 1935 1737 penes
1977 1687 2091 1723 eam
2139 1687 2318 1722 vocum
2365 1673 2668 1726 varietatem
2716 1674 2895 1728 eadem
2924 1677 3052 1745 ﬁdes
3083 1681 3394 1746 reperiatur.
3448 1681 3611 1736 Haud
3651 1685 3747 1738 leve

527 1769 654 1822 item
683 1769 818 1822 illud
847 1779 925 1824 est
953 1768 1162 1832 νοθείας
1190 1767 1466 1829 indicium,
1496 1765 1631 1835 quod
1660 1765 1932 1818 ementitus
1960 1764 2060 1816 iste
2089 1763 2410 1817 Athanasius
2434 1766 2709 1832 epistolam
2737 1767 2975 1837 Dionysii
2999 1769 3067 1822 ad
3094 1769 3324 1825 Paulum
3355 1774 3748 1830 Samosatenum

529 1867 706 1918 mittat
731 1863 798 1919 ad
834 1867 1048 1928 Persas,
1083 1883 1196 1935 qua:
1218 1866 1337 1935 jam
1379 1864 1642 1918 communi
1673 1861 1996 1915 eruditorum
2025 1861 2229 1912 calculo
2269 1861 2406 1914 inter
2437 1864 2772 1931 supposititia
2804 1874 3154 1932 computatur.
3189 1865 3433 1921 Habetur
3461 1881 3635 1924 autem
3664 1871 3753 1925 illa

533 1966 658 2013 tom.
694 1957 724 2011 1
754 1959 1096 2015 Bibliotheca:
1123 1957 1225 2012 PP.
1257 1955 1455 2020 Graec...
1487 1972 1607 2025 pag.
1632 1954 1757 2016 9.75,
1793 1957 1881 2008 sed
1903 1955 1952 2007 in
1985 1953 2250 2006 nonnullis
2281 1953 2503 2006 multum
2523 1954 2781 2021 discrepat
2811 1957 2874 2008 ab
2899 1958 3000 2010 ista
3021 1974 3178 2026 quam
3210 1961 3414 2013 edimus
3437 1961 3682 2025 versione,
3703 1965 3753 2017 in

533 2065 636 2118 qua
653 2049 837 2103 desunt
869 2050 992 2104 bene
1027 2051 1334 2115 multa,sive
1349 2051 1642 2121 interpretis
1671 2051 1896 2115 incuria,
1915 2051 2018 2104 sive
2045 2065 2108 2103 ex
2128 2049 2364 2103 codicum
2393 2051 2972 2108 diversitate.therum
3001 2056 3132 2109 nihil
3159 2067 3235 2111 est
3267 2059 3406 2128 quod
3435 2039 3751 2131 ismbigamus

532 2140 596 2193 ab
621 2141 798 2196 eodem
833 2142 1200 2197 concinnatum
1225 2143 1387 2213 fuisse
1410 2144 1678 2212 utriusque
1707 2143 1941 2212 epistola:
1970 2143 2472 2212 interpretationem,
2499 2148 2637 2217 quod
2661 2147 2830 2216 ipsum
2862 2149 3109 2204 versionis
3138 2168 3296 2221 genus
3318 2153 3655 2219 ἁδιστάκτως
3673 2173 3756 2226 per

533 2251 586 2289 se
607 2235 887 2304 signiﬁcat.

616 2450 1035 2520 Dilectissimo
1069 2471 1246 2533 papas
1274 2462 1334 2517 et
1383 2457 1443 2516 ei
1475 2458 1586 2534 qui
1618 2475 1761 2518 cum
1806 2458 1947 2537 ipso
1980 2468 2074 2523 est
2103 2463 2300 2536 clero,
2329 2468 2389 2524 et
2419 2465 2530 2540 qui
2577 2463 2643 2523 in
2676 2465 3005 2524 Persarum
3053 2463 3383 2540 provincia
3418 2463 3681 2538 habitat,

1003 2567 1064 2617 et
1096 2557 1207 2636 qui
1247 2558 1311 2617 in
1342 2556 1463 2618 ﬁde
1504 2557 1617 2619 Dei
1667 2558 1890 2620 ﬁrmati
1927 2568 2097 2634 sunt,
2141 2562 2555 2636 Athanasius,
2595 2562 2660 2623 in
2701 2563 2975 2626 Domino
3019 2565 3324 2642 gaudere.

604 2823 767 2895 650
793 2822 990 2879 Sancta
1019 2831 1072 2878 et
1097 2823 1359 2879 divinitus
1383 2823 1649 2895 inspirata
1682 2823 1962 2894 Scriptura
1993 2841 2088 2882 an-
2123 2835 2165 2894 Α
2195 2831 2427 2900 fuerant,
2461 2827 2643 2880 datam
2670 2825 2829 2894 legem
2865 2823 2992 2891 ﬁliis
3017 2821 3191 2877 Israel
3212 2841 3315 2877 non
3340 2827 3568 2894 perfecte
3596 2838 3753 2881 custo-

536 2913 808 2984 tiquorum
855 2915 1014 2970 nobis
1066 2921 1221 2971 actus
1267 2919 1517 2980 enarrat,
1574 2916 1852 2974 deducens
1896 2933 1998 2973 nos
2029 2936 2096 2974 ex
2195 2913 2425 2975 dierunt,
2467 2910 2555 2966 sed
2583 2918 2733 2964 erant
2764 2917 2813 2962 et
2840 2907 2938 2977 legi
2973 2908 3247 2962 servientes
3275 2925 3342 2963 ea:
3367 2922 3540 2979 parte,
3568 2927 3615 2966 et
3643 2930 3756 2967 con-

536 3004 653 3076 ipsa
698 3005 765 3059 ad
793 3019 856 3061 ea
895 3019 1014 3074 qua:
1041 3004 1194 3058 utilia
1234 3012 1362 3060 sunt
1393 3005 1691 3069 actionum,
1722 3007 2098 3062 abominantes

535 3109 752 3150 omnem
781 3095 1016 3164 speciem
1047 3093 1264 3148 malitiae
1283 3102 1337 3148 et
1358 3093 1671 3162 impietatis.
1704 3091 1761 3148 In
1785 3092 2097 3164 Regnorum

536 3187 703 3257 igitur
755 3185 908 3240 libris
960 3184 1152 3240 scribit
1182 3183 1476 3254 deliquisse
1518 3184 1702 3250 lsrael,
1737 3193 1792 3242 et
1842 3185 2100 3244 adorasse

536 3284 842 3339 creaturam
887 3275 1062 3353 magis
1101 3290 1264 3344 quam
1309 3273 1644 3330 Creatorem.
1709 3274 1873 3334 Scitis
1919 3287 2098 3335 autem

537 3375 801 3437 quantum
832 3366 1037 3420 malum
1066 3373 1139 3418 sit
1175 3364 1523 3422 Conditorem
1557 3369 1945 3440 relinquentes,
1979 3387 2099 3426 eam

537 3476 659 3530 qnte
685 3460 761 3514 illi
794 3459 1023 3514 debetur
1046 3459 1271 3530 gloriam
1307 3461 1468 3518 idolis
1510 3473 1697 3533 aptare
1725 3471 1779 3519 et
1811 3466 2095 3522 creaturis.

537 3551 653 3610 Hoc
676 3553 785 3606 illis
818 3551 1123 3622 agentibus,
1151 3553 1377 3608 retraxit
1399 3551 1540 3609 Deus
1557 3554 1887 3624 adjutorium
1912 3573 2093 3621 suum,

539 3647 628 3701 ubi
682 3646 786 3716 ipsi
847 3661 906 3701 se
940 3644 1160 3701 tradunt
1188 3647 1258 3706 .in
1300 3647 1560 3702 servitute
1590 3649 1809 3719 regibus
1856 3651 2054 3705 vestris
2079 3691 2094 3715 ,

538 3734 735 3805 captivi
781 3743 962 3790 autem
1011 3734 1358 3790 adducuntur
1403 3737 1507 3792 sub
1552 3737 1933 3794 Salmanassar
1975 3757 2102 3812 rege

538 3823 887 3896 Assyriorum
929 3840 1027 3895 pro
1061 3832 1205 3882 terra
1233 3842 1332 3881 sua
1361 3826 1670 3892 Palaestina,
1699 3829 1823 3884 dico
1854 3830 2102 3887 habitare

538 3923 736 3971 terram
769 3917 1118 3989 Assyriorum
1153 3917 1208 3972 in
1243 3916 1420 3974 ﬂuviis
1459 3917 1670 3974 Evalea:
1698 3928 1752 3975 et
1789 3920 2101 3977 Enaborzo-

539 4024 637 4071 zan
671 4020 722 4068 et
747 4019 962 4066 montes
988 4009 1288 4066 Medorum.
1315 4011 1616 4066 lntroducit
1644 4020 1822 4068 autem
1846 4029 1944 4084 pro
1970 4014 2103 4083 ipsis

541 4100 785 4164 habitare
857 4101 1162 4158 Samariam
1227 4101 1578 4174 Babylonius,
1646 4121 1712 4158 ex
1769 4105 1983 4159 Cuthan
2050 4113 2104 4160 et

2197 3003 2558 3060 suetudinibus
2595 3000 2826 3070 paternis
2848 3007 3046 3053 utentes
3069 3000 3136 3052 ³⁸.
3179 2998 3246 3052 Et
3280 3017 3457 3070 usque
3487 3019 3633 3058 nunc
3666 3004 3758 3057 Sa-

2199 3097 2406 3151 maritae
2444 3095 2562 3149 istis
2597 3091 3082 3147 consuetudinibus
3116 3098 3369 3158 utuntur,
3403 3095 3562 3164 ejecti
3601 3113 3630 3151 a
3656 3096 3758 3151 Deo

2199 3197 2421 3259 propter
2449 3184 2591 3256 quod
2626 3200 2733 3238 non
2763 3183 3038 3249 mundam,
3068 3183 3163 3240 sed
3201 3187 3548 3242 commistam
3580 3190 3757 3243 nescio

2199 3295 2362 3351 quam
2392 3277 2706 3333 servitutem
2737 3283 3154 3339 consummant,
3197 3292 3375 3347 neque
3406 3279 3578 3350 legem
3633 3280 3756 3335 Mosi

2201 3386 2377 3440 neque
2417 3365 2910 3423 consuetudinibus
2939 3366 3130 3435 patriis
3157 3366 3395 3436 perfecte
3441 3370 3754 3424 servientes.

2200 3462 2308 3516 Ista
2354 3469 2733 3530 agnoscentes,
2785 3456 3146 3518 dilectissimi,
3178 3458 3437 3513 mundam
3469 3460 3758 3516 oiieramus

2202 3552 2312 3608 Deo
2345 3551 2684 3610 servitutem,
2707 3562 2812 3602 non
2853 3547 3194 3602 commistam
3223 3547 3489 3605 habentes
3519 3551 3759 3621 impieta-

2201 3644 2275 3698 tis
2321 3641 2578 3712 speciem,
2614 3638 2708 3694 sed
2745 3637 3024 3707 impolluta
3053 3645 3107 3691 et
3136 3637 3246 3707 pia,
3277 3653 3384 3706 qua
3414 3637 3560 3694 Deus
3613 3641 3753 3696 dele-

2201 3743 2417 3797 ctatur;
2467 3730 2676 3785 nullum
2708 3728 2851 3783 enim
2877 3727 3126 3796 suscipit,
3164 3729 3336 3799 magis
3375 3737 3557 3785 autem
3590 3741 3642 3786 et
3668 3732 3760 3783 ad-

2198 3826 2407 3898 judicat
2446 3821 2659 3877 duobus
2697 3818 2933 3875 dominis
2985 3819 3328 3873 servientem.
3377 3819 3702 3885 livet-simini
3732 3836 3762 3874 a

2205 3917 2450 3990 patribus
2485 3912 2740 3968 traditam
2758 3910 2910 3964 vobis
2932 3909 3290 3964 idololatriam
3317 3929 3327 3962 :
3367 3911 3640 3968 haereticis
3658 3928 3760 3968 non

2204 4005 2572 4080 coaptemini:
2632 4002 2826 4058 melius
2861 4001 3005 4055 enim
3060 4008 3179 4056 erat
3229 4001 3608 4072 hujuscemodi
3659 4019 3760 4060 non

2207 4115 2538 4176 cognoscere
2584 4097 2893 4160 veritatem,
2933 4109 3098 4164 quam
3143 4105 3537 4166 cognoscentes
3572 4109 3764 4154 retmr-

540 4187 761 4259 Deajan,
789 4197 842 4244 et
873 4190 1150 4253 Decmath,
1173 4198 1227 4248 et
1257 4189 1597 4262 Sepphaven,
1629 4203 1683 4247 et
1710 4191 2098 4251 habitaverunt
2131 4186 2173 4242 Β
2197 4213 2318 4254 sum
2365 4191 2606 4248 converti
2651 4190 2716 4240 '9.
2773 4184 3066 4242 Dicendum
3113 4193 3199 4241 est
3238 4188 3381 4242 enim
3409 4189 3518 4246 illis
3545 4210 3559 4244 :
3607 4191 3762 4246 Canis

537 4278 591 4332 in
622 4279 933 4334 civitatibus
965 4278 1222 4334 Samaria:
1253 4297 1349 4350 pro
1372 4282 1499 4337 [iliis
1538 4280 1723 4338 Israel.
1775 4281 1842 4336 Et
1891 4283 2092 4338 factum

535 4377 619 4424 est
658 4371 714 4434 in
741 4370 896 4424 initio
930 4371 1191 4426 sessionis
1217 4387 1426 4437 eorum,
1458 4389 1566 4427 non
1593 4375 1892 4429 timuerunt
1926 4373 2100 4429 Domi-

537 4477 689 4526 num,
713 4471 768 4517 et
799 4461 1028 4517 immisit
1059 4461 1317 4519 Dominus
1348 4465 1530 4519 leones
1553 4469 1607 4518 in
1631 4481 1726 4520 eos
1755 4474 1808 4520 et
1831 4474 1988 4522 erant
2016 4468 2100 4521 in-

536 4552 866 4609 terlicientes
891 4568 958 4608 ex
988 4553 1090 4619 eis,
1123 4562 1177 4609 et
1214 4555 1460 4610 dicentes
1485 4557 1742 4612 dixerunt
1786 4559 1898 4629 regi
1940 4559 2103 4630 Assy-

538 4646 741 4700 riorum
770 4661 785 4698 ε
821 4644 1007 4700 Gentes
1040 4661 1170 4716 quas
1207 4647 1523 4700 transtulisti
1554 4655 1603 4701 et
1629 4648 1853 4716 posuisti
1884 4650 1935 4701 in
1965 4649 2106 4702 civi-

538 4737 733 4792 tatibus
753 4736 1014 4792 Samaria:
1042 4738 1286 4806 ignorant
1296 4737 1558 4806 judicium
1589 4737 1688 4792 Dei
1722 4746 1897 4800 terrae.
1931 4749 1978 4796 et
2002 4740 2104 4792 im—

538 4829 684 4883 misit
717 4831 769 4883 in
799 4846 888 4883 eos
928 4831 1118 4893 leones,
1153 4837 1202 4882 et
1233 4845 1346 4883 ecce
1393 4839 1514 4882 sunt
1551 4831 1930 4899 mortiﬁcantes
1972 4847 2059 4886 eos
2085 4871 2101 4896 ,

536 4931 747 4991 propter
764 4920 904 4991 quod
931 4922 1169 4978 nesciunt
1186 4919 1448 4990 judicium
1485 4920 1579 4976 Dei
1606 4932 1780 4978 terrm.
1813 4927 1882 4979 Et
1907 4939 2104 4994 prlece-

535 5020 612 5087 pit
636 5033 726 5076 rex
764 5018 1102 5087 Assyriorum
1133 5017 1309 5072 dicens
1335 5033 1353 5070 :
1385 5017 1662 5072 Ducuntur
1712 5021 1750 5073 ii
1783 5020 1873 5090 qui
1919 5021 2105 5075 exinde

537 5119 660 5166 sunt
685 5119 734 5166 et
754 5111 1162 5180 proﬁciscantur
1181 5121 1232 5164 et
1260 5119 1503 5164 maneant
1532 5110 1626 5174 ibi,
1658 5111 1954 5165 illuminent
1983 5111 2104 5167 illos

535 5202 739 5275 iudicia
773 5202 869 5257 Dei
909 5212 1084 5258 terra‘.
1119 5201 1186 5255 Et
1219 5201 1550 5256 adduxerunt
1579 5219 1738 5258 unum
1765 5219 1829 5258 ea:
1859 5204 2107 5258 sacerdo-

541 5295 699 5359 tibus,
728 5310 880 5366 quem
930 5295 1399 5364 transmigraverat
1432 5293 1495 5346 de
1531 5293 1782 5349 Samaria
1807 5305 1856 5349 et
1886 5294 2019 5348 sedit
2050 5295 2106 5348 in

539 5386 741 5452 Bethel,
771 5393 820 5439 et
860 5394 973 5438 erat
1014 5384 1321 5438 illuminans
1363 5401 1448 5438 eos
1478 5384 1723 5438 sacerdos
1749 5384 2008 5454 quomodo
2040 5386 2107 5438 ti-

541 5487 735 5531 merent
789 5476 1092 5530 Dominum.
1138 5474 1205 5528 Et
1253 5474 1425 5529 edocti
1471 5475 1523 5527 hi
1592 5475 1681 5544 qui
1739 5475 2102 5544 trausmigrati

613 5632 655 5660 “'
696 5629 762 5687 ιν
799 5631 926 5700 Reg.
965 5647 1108 5687 xvn.
1142 5628 1333 5691 96-53.
1412 5630 1454 5659 ”
1495 5627 1538 5682 li
1583 5630 1726 5683 i'etr.
1766 5645 1832 5690 ιι,
1869 5629 1958 5682 9.1.

2038 5631 2080 5659 ‘°
2124 5626 2256 5681 llid.
2295 5627 2404 5691 9.2;
2445 5624 2606 5680 Prov.
2644 5641 2806 5686 xxvi.
2849 5627 2931 5679 ll.

2210 4303 2441 4343 reversus
2471 4282 2539 4336 ad
2567 4279 2813 4336 vomitum
2855 4294 3028 4339 suum,
3059 4288 3107 4331 et
3154 4295 3244 4334 sus
3277 4281 3387 4334 lota
3416 4281 3468 4334 in
3497 4285 3762 4337 volutabra

2208 4377 2425 4450 gurgitis
2445 4376 2510 4428 ⁸⁸.
2533 4371 2644 4427 Nos
2680 4378 2860 4425 autem
2883 4371 2956 4423 ita
2980 4389 2994 4423 :
3017 4368 3162 4425 Unus
3185 4373 3322 4425 enim
3345 4373 3492 4427 nobis
3526 4373 3684 4440 Deus,
3703 4391 3764 4430 ex

2207 4487 2306 4541 quo
2335 4467 2530 4526 omnia,
2546 4475 2593 4518 et
2612 4481 2745 4516 unus
2767 4461 3018 4516 Dominus
3041 4461 3196 4518 Iesus
3219 4463 3480 4530 Christus,
3504 4484 3591 4536 per
3620 4485 3764 4538 quem

2205 4561 2381 4613 omnia
2403 4599 2416 4621 ,
2452 4567 2498 4611 et
2529 4573 2664 4610 unus
2701 4553 2929 4622 Spiritus
2961 4564 3174 4608 sanctus
3205 4556 3270 4618 ⁶¹,
3300 4557 3616 4626 significans
3648 4561 3764 4614 uni-

2205 4664 2361 4704 versa
2397 4646 2641 4700 Trinitas
2668 4646 2930 4715 perfecta,
2975 4647 3489 4709 consubstantialis,
3543 4651 3763 4719 aequalis

2205 4738 2444 4802 virtutis,
2477 4737 2716 4807 ἱσοκλῆς,
2751 4737 2804 4791 id
2846 4744 2931 4792 est
2969 4737 3195 4806 aequalis
3233 4739 3437 4807 gloriae.
3470 4737 3632 4794 Pater
3654 4756 3768 4794 om-

2206 4827 2353 4884 nium
2405 4829 2670 4883 bonorum
2719 4827 2872 4891 [μηδ.
2924 4844 2990 4882 ex
3023 4843 3132 4898 quo
3176 4825 3348 4884 Filius
3375 4838 3538 4884 natus
3568 4836 3673 4893 est,
3701 4844 3766 4883 ex

2206 4935 2314 4991 quo
2341 4928 2396 4975 et
2425 4920 2660 4990 Spiritus
2701 4929 2924 4975 sanctus
2968 4919 3246 4990 procedit,
3299 4921 3598 4976 secundum
3627 4921 3766 4992 quod

2207 5012 2470 5082 scriptum
2493 5021 2578 5066 est
2607 5031 2619 5066 :
2659 5009 2778 5066 Una
2808 5011 2983 5065 deitas
3015 5009 3070 5064 in
3102 5011 3280 5069 tribus
3310 5012 3529 5067 stantiis
3571 5027 3769 5083 cogno-

2207 5105 2428 5160 scenda.
2462 5100 2567 5157 Sed
2603 5103 2657 5156 in
2683 5102 2996 5157 novissimis
3023 5101 3209 5156 saeculi
3240 5101 3577 5172 temporibus
3615 5103 3770 5156 mise-

2206 5205 2359 5251 ratus
2378 5196 2521 5268 quod
2552 5196 2764 5268 lapsum
2786 5194 2941 5250 estin
2962 5197 3237 5267 impietate
3263 5209 3434 5265 genus
3455 5194 3765 5252 humanum,

2207 5288 2348 5357 quod
2382 5269 2622 5340 creatum
2674 5292 2758 5342 est
2809 5285 2877 5339 ad
2924 5286 3212 5355 imaginem
3263 5292 3319 5337 et
3367 5283 3767 5337 similitudinem

2208 5379 2324 5445 Dei,
2357 5395 2680 5435 conversum
2736 5379 2791 5433 in
2835 5378 3203 5432 adorationem
3249 5391 3474 5447 operum
3519 5388 3770 5429 manuum

2210 5487 2458 5533 suarum,
2488 5470 2740 5540 deposuit
2763 5469 3002 5539 seipsum
3036 5468 3401 5524 involuntaria
3428 5468 3772 5524 evacuation.

3013 5622 3053 5651 "
3116 5625 3306 5682 ltlor.
3345 5639 3476 5686 vni,
3515 5625 3546 5678 6
