4032 6376
319 283 449 338 15ὓὶ
1300 281 1638 338 EPISTULA
1678 281 1772 338 Al.)
1813 281 2203 338 EI’ISCOPUM
2244 277 2659 336 PERSABUM.‘
3431 278 3564 334 1562

316 398 618 456 secundum
665 399 1054 457 humanitatem
1097 401 1436 472 unigenitum
1476 401 1570 458 Dei
1599 400 1836 458 Verbum
1863 443 1878 467 ,
1910 411 1954 466 Α
1986 402 2183 472 inquit,
2200 401 2403 456 salvum
2416 401 2576 470 faciet
2589 397 3284 468 populumsuumapeccatia
3299 414 3479 452 eorum
3496 400 3562 454 ⁸³.

317 487 783 544 consubstantiale
813 487 958 544 Patri
989 502 1042 545 et
1063 490 1378 546 incarnatus
1400 507 1467 546 ex
1495 501 1686 547 sancta
1714 500 1767 548 et
1789 492 1882 548 Dei
1991 493 2102 550 Soli
2127 494 2273 550 enim
2298 492 2409 548 Deo
2426 491 2689 563 possibile
2714 498 2797 546 est
2815 505 2844 544 a
2877 490 3116 561 peccatis
3148 491 3380 553 salvare,
3400 489 3561 561 εει

315 580 577 652 genitrice
606 579 846 652 Virgine.
875 582 968 635 καὶ
1002 581 1302 654 poenam,
1324 583 1376 638 id
1400 593 1506 651 est,
1533 592 1586 640 et
1622 592 1884 656 temperat
1985 586 2130 642 sicut
2168 594 2222 640 et
2264 583 2499 640 debitori
2527 583 2653 654 [leg.
2699 579 2982 653 creditori]
3028 582 3398 638 remissionem
3428 598 3563 652 pra~

313 681 557 729 nostram
587 674 776 739 vitam,
805 674 1041 730 edocens
1095 676 1371 745 quomodo
1422 685 1670 747 Oporteat
1703 679 1882 733 vivere
1989 682 2176 732 stare:
2209 674 2342 742 Quis
2391 674 2562 738 enim,
2616 673 2816 744 inquit,
2849 672 2990 726 Deus
3039 675 3177 727 sicut
3207 685 3282 738 tu,
3321 677 3565 745 auferens

313 779 410 834 per
437 765 762 834 evangelica
791 765 1189 835 pradicationis
1239 767 1608 837 magisterium
1640 787 1654 823 :
1699 777 1752 824 et
1782 785 1877 840 pa.
1987 767 2341 838 iniquitatem,
2367 775 2417 820 et
2441 763 2834 835 supergrediens
2860 765 3177 833 injustitiam
3197 766 3240 796 σι
3259 766 3281 818 ?
3303 766 3442 820 Audi
3467 768 3566 837 igi-

314 855 448 910 titur
475 856 694 925 propria
726 871 824 912 sua
847 872 1031 919 carne,
1052 864 1107 912 et
1149 859 1463 927 exspolians
1491 857 1762 914 infernum
1791 875 1880 914 re-
1988 868 2078 915 tur
2119 869 2174 915 et
2206 859 2450 929 intellige
2483 874 2547 913 ea
2577 873 2698 928 qua
2733 873 2761 911 a
2796 864 2850 912 te
2876 858 3018 911 dicta
3072 866 3221 920 sunt,
3255 867 3310 912 et
3344 861 3565 914 attendo

313 948 449 1002 vixit
477 947 781 1011 triduanus,
809 950 1051 1005 ascendit
1079 950 1242 1005 etiam
1286 950 1340 1004 in
1364 951 1533 1006 caios
1563 958 1616 1006 et
1639 953 1789 1006 sedet
1815 951 1882 1006 ad
1928 967 1934 974 '
1985 967 2046 1008 ea
2080 968 2202 1022 qua
2241 968 2270 1006 a
2302 967 2387 1006 me
2413 951 2674 1006 dicuntur
2702 969 2714 1005 :
2743 948 3149 1018 Beneplacitum
3190 959 3274 1005 est
3305 949 3417 1006 Deo
3445 967 3566 1006 ma-

321 1037 603 1093 dexteram
631 1039 932 1108 maiestatis
977 1041 1032 1094 in
1085 1041 1336 1106 excelsis,
1365 1040 1543 1113 lpsum
1593 1053 1878 1098 venturum
1990 1043 2209 1114 ioribus
2263 1043 2423 1098 donis
2469 1042 2745 1097 hominem
2785 1042 3056 1096 honorare
3100 1041 3318 1111 quando
3364 1053 3417 1097 et
3457 1059 3568 1097 am-

314 1137 697 1199 exspectamus
740 1131 795 1185 in
827 1132 995 1201 gloria
1023 1130 1204 1187 Patris
1231 1133 1566 1202 iudicantem
1626 1135 1780 1190 vivos
1829 1143 1883 1190 et
1985 1136 2139 1206 plius
2180 1135 2450 1206 placuerit
2480 1131 2591 1189 Deo
2641 1133 2696 1187 in
2742 1132 3007 1187 virtutum
3049 1135 3564 1189 conversationem:

313 1229 562 1278 mortuos
587 1261 603 1286 ,
662 1222 977 1278 reddentem
1031 1225 1324 1295 unicuique
1371 1225 1670 1280 secundum
1718 1241 1880 1296 Opera
1986 1227 2124 1282 nihil
2160 1234 2340 1281 autem
2383 1229 2580 1280 borum
2618 1226 2795 1280 visum
2824 1232 2908 1280 est
2949 1224 3006 1278 in
3036 1223 3252 1280 Christo
3276 1224 3428 1289 Jesu,
3463 1243 3567 1281 ne-

313 1311 472 1382 ejus;
502 1314 606 1382 piis
639 1314 857 1384 quidem
890 1331 1012 1387 qua
1047 1332 1146 1372 nec
1183 1317 1377 1374 oculus
1416 1317 1572 1382 vidit,
1607 1333 1704 1372 nec
1732 1319 1882 1372 auris
1985 1333 2093 1388 que
2133 1317 2436 1388 prudentia
2483 1319 2680 1386 gratia,
2732 1317 3040 1387 φιλοπονία,
3088 1317 3141 1370 id
3195 1327 3276 1372 est
3323 1317 3566 1373 studium

313 1402 540 1470 audivit,
571 1413 626 1460 et
678 1407 730 1460 in
790 1421 886 1462 cor
930 1407 1168 1465 hominis
1196 1425 1306 1464 non
1358 1409 1604 1464 ascendit
1639 1428 1651 1462 :
1689 1409 1882 1480 impios
1985 1408 2360 1474 laboriosum;
2398 1423 2574 1477 neque
2607 1423 2705 1477 per
2735 1408 3068 1471 castitatem,
3119 1408 3365 1462 ciborum
3397 1407 3568 1462 absti-

313 1503 497 1551 autem
520 1498 739 1553 mittens
771 1499 827 1554 in
852 1500 1027 1571 ignem
1057 1509 1341 1565 aternum,
1376 1501 1466 1556 ubi
1510 1501 1883 1556 interminabi-
1986 1503 2195 1566 nentia,
2241 1503 2740 1572 supergredieutem
2786 1500 3082 1554 humanam
3129 1516 3462 1556 mensuram.
3498 1499 3567 1554 Et

312 1588 380 1643 lis
404 1590 607 1645 vermis
637 1598 692 1645 et
725 1589 882 1648 ﬂetus
903 1600 956 1647 et
973 1593 1176 1647 stridor
1203 1591 1470 1648 dentium.
1505 1591 1631 1648 Istis
1657 1602 1882 1650 coactus
1985 1593 2226 1649 Joannes
2273 1593 2494 1664 quidem
2555 1592 2894 1647 admirabilis
2940 1599 3091 1657 erat,
3144 1609 3321 1663 neque
3366 1609 3563 1664 panem

311 1693 432 1733 sum
463 1679 658 1736 litteris
683 1683 762 1736 uti
787 1684 852 1737 ad
875 1699 991 1748 vos,
1021 1684 1247 1739 audiens
1278 1685 1512 1740 hareses
1539 1685 1751 1755 aliquas
1779 1686 1883 1739 ini-
1914 1744 1953 1755 ,ι
1985 1683 2302 1745 comedens,
2349 1697 2527 1753 neque
2568 1683 2755 1736 vinum
2799 1682 3028 1749 bibens;
3075 1682 3329 1738 Christus
3381 1693 3562 1740 autem

310 1768 605 1838 quissimas
635 1744 1085 1842 superseminari,
1126 1775 1450 1846 quibusdam
1491 1776 1545 1830 in
1587 1744 1762 1831 vestra
1793 1793 1878 1831 re-
1914 1744 1956 1803 B
1987 1775 2362 1831 testimonium
2419 1775 2610 1829 habuit
2653 1773 2948 1830 comedens
2994 1783 3049 1830 et
3099 1776 3314 1831 bibens.
3364 1776 3429 1829 Et
3472 1777 3563 1832 ille

308 1859 470 1929 gione
496 1877 605 1916 non
625 1865 882 1920 euntibus
916 1866 970 1919 in
999 1867 1240 1937 vestigiis
1263 1881 1439 1936 neque
1460 1865 1875 1937 Evangeliorum
1984 1868 2201 1939 quidem
2235 1869 2288 1922 in
2318 1883 2501 1923 eremo
2531 1870 2730 1938 degens
2762 1867 3066 1921 solitariam
3107 1869 3273 1922 vitam
3314 1867 3562 1938 perficie-

309 1948 582 2018 doctrina,
612 1969 713 2010 nec
748 1956 803 2010 in
841 1958 1212 2026 apostolorum
1243 1957 1742 2029 pradicationibus,
1777 1974 1878 2012 nec
1988 1961 2082 2016 bat
2113 1960 2177 2013 ad
2208 1959 2529 2030 placendum
2564 1958 2674 2013 Deo
2707 1977 2719 2012 :
2757 1957 3021 2012 Dominus
3050 1967 3228 2013 autem
3255 1957 3416 2014 Jesus
3441 1965 3562 2013 erat

309 2045 365 2100 in
412 2047 620 2103 sanctis
650 2049 894 2120 synodis,
929 2051 1025 2106 sed
1071 2052 1234 2122 impia
1262 2052 1504 2123 quadam
1555 2051 1878 2108 eﬂ‘undenti-
1983 2068 2105 2108 cum
2143 2052 2430 2122 apostolis,
2459 2050 2804 2116 mulieribus,
2856 2058 2910 2104 et
2953 2049 3200 2119 reliquis,
3237 2066 3345 2104 non
3373 2065 3558 2120 segre-

309 2133 412 2189 bus
436 2143 492 2190 et
512 2139 1096 2212 canteriatadogmata,
1119 2157 1239 2212 qua
1267 2150 1440 2212 capta
1462 2144 1672 2198 suntab
1691 2145 1876 2214 iniquo
1983 2153 2142 2216 gatus
2202 2143 2271 2198 ab
2335 2157 2526 2198 eorum
2577 2141 3026 2207 conversatione;
3085 2149 3137 2195 et
3184 2147 3406 2210 prepter
3453 2141 3558 2195 hoc

307 2223 478 2282 Paulo
518 2226 894 2296 Samosateuo,
927 2248 1088 2303 quem
1137 2235 1344 2305 expulit
1382 2235 1702 2292 universalis
1748 2253 1876 2307 syn-
1984 2235 2379 2290 ostendebatur
2416 2233 2719 2289 diﬂ'erentia
2751 2231 2954 2288 Christi
2984 2232 3051 2287 ad
3083 2230 3348 2287 Joannem
3392 2232 3558 2286 mira-

306 2317 468 2386 odus,
500 2320 789 2377 audentem
807 2324 986 2380 dicere
1012 2326 1067 2379 in
1088 2325 1306 2381 homine
1323 2326 1556 2396 quodam
1577 2331 1874 2383 secundum
1980 2329 2076 2384 hili
2106 2326 2378 2382 munditia
2411 2334 2466 2381 et
2488 2326 2701 2396 justitia
2730 2323 3170 2395 incomparabili.
3217 2324 3354 2390 Quia
3386 2321 3556 2377 Joan-

306 2424 408 2465 nos
441 2411 777 2470 inhabitasse
824 2413 993 2472 Deum
1024 2415 1285 2485 Verbum,
1313 2418 1464 2473 sicut
1507 2419 1561 2472 in
1602 2435 1710 2473 uno
1751 2437 1877 2490 pro—
1979 2419 2066 2475 uis
2113 2418 2350 2489 quidem-
2373 2417 2620 2488 operatio
2663 2425 2780 2472 erat
2817 2416 3082 2486 justitia;
3117 2414 3325 2470 Christi
3367 2425 3552 2470 autem

304 2501 615 2570 pbetarum,
646 2514 840 2561 etnon
873 2525 996 2564 esse
1035 2508 1204 2564 Deum
1250 2512 1590 2567 incarnatum
1626 2522 1873 2568 sanctum
1978 2517 2206 2565 natura.
2263 2507 2407 2579 Ergo
2458 2507 2851 2563 inconveniens
2907 2515 2990 2562 est
3041 2507 3224 2560 dicere
3273 2505 3551 2559 hominem

303 2593 624 2652 Emmanuel
660 2600 960 2654 secundum
986 2603 1332 2672 evangelista
1366 2604 1738 2674 magisterium
1770 2605 1875 2658 cla-
1977 2603 2256 2658 Christum
2300 2601 2698 2671 beneplacitum
2736 2599 2994 2654 habuisse
3036 2615 3066 2652 a
3100 2597 3208 2653 Deo
3233 2613 3331 2668 pro
3374 2597 3554 2651 omni—

300 2686 543 2741 mantis:
591 2687 812 2743 Verbum
839 2707 963 2745 caro
1020 2692 1218 2761 factum
1252 2704 1363 2760 est,
1420 2704 1469 2748 et
1521 2694 1778 2750 habitavit
1819 2698 1874 2750 in
1981 2695 2084 2749 bus
2121 2693 2436 2748 hominibus
2486 2693 2539 2746 in
2576 2691 2670 2746 Dei
2715 2691 3108 2745 habitationem
3156 2691 3274 2744 sine
3303 2689 3552 2744 solitaria

303 2776 454 2829 nobis
485 2777 569 2831 ":
610 2794 718 2834 non
749 2781 1012 2850 abjiciens
1043 2783 1188 2853 quod
1213 2793 1352 2849 erat,
1391 2786 1664 2855 accipiens
1693 2796 1872 2842 autem
1981 2793 2036 2841 et
2082 2785 2354 2839 laboriosa
2393 2783 2626 2853 justitia.
2681 2783 2934 2838 Christus
2981 2791 3162 2836 autem
3203 2795 3313 2834 non
3360 2781 3549 2845 verbo,

299 2865 447 2934 quod
485 2883 595 2923 non
628 2878 764 2926 erat.
793 2873 982 2938 Istum,
1007 2884 1066 2928 ut
1095 2874 1229 2940 dixi,
1260 2877 1586 2933 universalis
1633 2879 1873 2949 synodus
1983 2879 2102 2948 (sed
2132 2876 2402 2949 veritate,)
2445 2892 2541 2947 per
2583 2891 2702 2930 eam
2732 2892 2852 2946 qua
2884 2876 2939 2929 in
2985 2874 3193 2944 Spiritu
3236 2881 3319 2928 est
3347 2873 3550 2928 unitio—

297 2958 575 3029 deposuit,
627 2962 852 3034 impium
914 2966 1059 3035 quod
1099 2967 1166 3020 ab
1204 2967 1368 3038 impio
1421 2970 1731 3038 expositum
1783 2977 1868 3026 est
1975 2985 2100 3025 nem
2153 2968 2515 3030 harcditavit,
2565 2965 2908 3020 incarnatum
2958 2981 3021 3020 ex
3077 2962 3301 3034 Virgine
3352 2962 3547 3028 Maria,

297 3049 496 3120 dogma
529 3065 651 3106 esse
680 3055 954 3118 sanciens,
981 3057 1074 3112 sed
1115 3065 1170 3111 et
1221 3056 1508 3129 Dionysius
1529 3060 1869 3115 Alexandria
1897 3096 1940 3153 ϐ
1975 3063 2118 3116 sicut
2146 3069 2200 3114 et
2233 3075 2366 3130 puer
2397 3067 2618 3129 pmpter
2650 3073 2769 3112 eam
2799 3072 2920 3126 qua
2955 3071 3019 3111 ex
3061 3054 3180 3125 ipso
3229 3061 3314 3109 est
3348 3069 3548 3108 carna-

293 3139 592 3209 episcopus
641 3143 831 3198 scribit
871 3144 936 3198 ad
971 3146 1150 3215 ipsum
1188 3148 1470 3204 attrahens
1501 3149 1568 3204 ad
1602 3151 1872 3220 paniten-
1901 3139 1940 3153 ν
1975 3157 2078 3212 lem
2102 3155 2532 3227 generationem.
2566 3151 2900 3207 Pradicatur
2928 3158 3106 3204 autem
3133 3157 3187 3204 et
3209 3147 3415 3203 Christi
3445 3163 3549 3203 no-

294 3230 454 3296 tiam,
485 3231 846 3290 abstinentem
895 3237 963 3291 ab
1011 3237 1174 3308 impia
1224 3239 1440 3304 haresi,
1465 3249 1518 3296 et
1550 3249 1678 3297 sunt
1720 3243 1872 3312 paria
1973 3262 2099 3302 men
2126 3246 2294 3301 verbo
2341 3253 2393 3300 et
2446 3255 2738 3315 antequam
2782 3250 3096 3314 ungeretur,
3127 3242 3268 3296 sicut
3301 3250 3353 3298 et
3389 3258 3545 3314 puer,

292 3323 544 3394 epistola
577 3325 842 3399 Dionysii,
871 3330 1096 3384 contuli.
1973 3337 2117 3393 Deus
2158 3336 2336 3400 fortis,
2367 3344 2660 3406 antequam
2689 3351 2752 3390 ex
2797 3335 3024 3390 muliere
3061 3343 3418 3390 nasceretur:
3450 3334 3546 3390 sed

367 3455 650 3498 ωοισῖειυθ
720 3459 1002 3500 EPISCOPUS
1054 3461 1442 3516 ALEXANDRIE,
1482 3467 1550 3505 AD
1592 3467 1799 3508 ΡΑυιωι

1970 3437 2026 3486 et
2055 3429 2378 3484 vestimenta
2425 3427 2545 3497 ejus
2578 3427 2751 3482 divisa
2799 3442 2923 3482 esse
2961 3425 3242 3490 dicuntur,
3285 3436 3338 3482 et
3370 3427 3543 3481 exho-

875 3531 1281 3573 sauosnenuu.
1969 3530 2226 3576 noratnm
2251 3535 2373 3574 esse
2404 3522 2721 3590 priusquam
2751 3519 3207 3584 exhonoraretur,
3251 3535 3359 3575 non
3394 3520 3541 3575 enim

369 3601 738 3659 Dilectissimo
787 3605 942 3660 fratri
1002 3607 1172 3663 Paulo
1223 3610 1480 3680 episcopo
1529 3610 1864 3679 Antiochia,
1968 3629 2036 3669 ex
2063 3613 2227 3668 rebus
2259 3612 2396 3683 ipsis
2430 3612 2496 3666 de
2527 3612 2745 3666 Christo
2777 3611 2924 3665 dicta
2963 3621 3094 3666 sunt
3131 3613 3257 3674 ista,
3289 3611 3383 3667 sed
3414 3628 3542 3680 pro-

295 3711 423 3751 cum
456 3697 606 3751 omni
641 3698 808 3760 clero,
843 3698 1135 3772 Dionysius
1185 3702 1476 3774 episcopus
1503 3704 1865 3774 Alexandria,
1973 3705 2209 3776 phetice.
2239 3702 2522 3770 Quomodo
2543 3717 2672 3774 ergo
2698 3718 2842 3757 unus
2870 3702 3122 3757 Christus
3143 3702 3368 3758 alterius
3389 3702 3544 3758 Chri-

293 3787 529 3842 tnuitum
557 3789 811 3859 gaudere.
1968 3796 2038 3851 sti
2084 3796 2302 3851 nomine
2325 3794 2509 3850 vocari
2549 3793 2734 3858 habet,
2771 3794 2901 3850 dum
2943 3809 3052 3848 non
3085 3795 3351 3849 exsistant
3385 3795 3496 3850 duo
3517 3796 3544 3850 ?

371 3896 393 3933 ι
426 3879 493 3934 Et
525 3881 758 3950 primum
783 3882 1058 3939 scribente
1089 3891 1141 3939 te
1167 3885 1866 3956 scripsimus,attrahentcs
1969 3885 2178 3941 Civitas
2199 3891 2380 3940 autem
2404 3898 2528 3938 cum
2559 3882 2788 3938 Domino
2811 3899 2918 3938 non
2951 3892 3270 3938 numeratur
3291 3885 3344 3938 in
3369 3901 3541 3941 unum

289 3980 351 4029 te
365 3980 430 4028 ut
459 3972 748 4030 manifeste
768 3973 980 4031 diceres
1008 3975 1153 4045 quod
1181 3977 1260 4032 vis
1285 3995 1300 4032 :
1325 3984 1381 4032 et
1401 3992 1548 4032 nunc
1569 3978 1864 4035 scribimus
1966 3989 2284 4037 numerum,
2308 3988 2410 4028 nec
2433 3974 2629 4028 domus
2658 3987 2782 4027 omn
2809 3972 3111 4037 conditore,
3135 3975 3409 4043 quomodo
3437 3991 3540 4029 nec

288 4067 437 4122 sicut
484 4065 744 4136 possibile
771 4074 857 4122 est
899 4066 1210 4137 judicantes
1248 4067 1316 4122 de
1365 4068 1452 4124 his
1478 4086 1599 4140 qua
1624 4070 1865 4127 secundo
1965 4063 2155 4119 eadem
2203 4071 2463 4134 operatur
2495 4062 2690 4117 civitas
2739 4072 2794 4118 et
2841 4063 3158 4133 imperator,
3207 4079 3309 4118 nec
3340 4065 3540 4121 domus

287 4158 506 4222 dixisti,
532 4159 658 4228 quia
681 4159 880 4214 vitiosa
902 4168 1030 4214 sunt
1061 4161 1227 4215 verba
1253 4177 1374 4230 qua:
1405 4178 1434 4216 a
1462 4169 1514 4217 te
1542 4162 1685 4218 dicta
1710 4172 1860 4227 sunt,
1963 4163 2018 4208 et
2041 4153 2314 4217 conditor,
2347 4169 2445 4208 nec
2477 4153 2670 4208 civitas
2719 4152 3012 4223 aliquando
3040 4153 3324 4208 vocabitur
3368 4155 3540 4226 impe-

286 4248 497 4303 uullins
533 4248 786 4303 habentia
819 4249 1210 4306 satisfactionis
1235 4252 1623 4316 ostensionem,
1656 4262 1710 4310 et
1735 4256 1863 4324 quia
1965 4254 2136 4311 mor.
2167 4259 2268 4300 nec
2311 4245 2458 4316 16868
2487 4243 2784 4298 constituet
2811 4244 3005 4300 Civitas
3043 4245 3188 4299 sicut
3220 4246 3537 4315 imperator,

285 4339 622 4395 sulﬁcienter
642 4341 854 4409 possint
897 4342 1201 4412 retorqueri
1237 4359 1357 4413 qua
1389 4344 1486 4398 tibi
1517 4347 1861 4416 pracipitan-

1965 4350 2070 4390 nec
2098 4335 2297 4392 domus
2340 4335 2592 4390 adiﬁcat.
2627 4333 2694 4388 Et
2730 4335 2872 4390 alius
2909 4334 3068 4389 docet
3098 4343 3293 4400 artem,
3326 4337 3381 4390 in
3425 4353 3538 4393 uno

286 4443 372 4488 ter
393 4434 508 4488 visa
537 4442 664 4488 sunt
687 4433 916 4489 delinire
941 4454 953 4488 :
981 4435 1120 4489 duas
1142 4435 1466 4506 bypostases
1489 4438 1705 4494 dicente
1719 4439 1856 4496 duas

1965 4433 2150 4480 autem
2195 4435 2664 4480 connumerantur
2691 4441 2812 4496 qua
2839 4425 3085 4495 ejusdem
3117 4434 3246 4481 sunt
3293 4429 3535 4498 generis,

284 4539 550 4593 personas
585 4525 747 4578 unius
779 4534 832 4578 et
875 4525 1046 4578 solius
1089 4525 1314 4586 Christi.
1341 4527 1480 4582 duos
1529 4527 1777 4585 Christos
1807 4538 1861 4585 et

1965 4517 2110 4573 sicut
2138 4517 2304 4572 homo
2335 4517 2563 4585 homini,
2598 4517 2741 4572 Deus
2768 4517 2898 4581 Deo,
2939 4519 3214 4588 quomodo
3240 4527 3293 4573 et
3322 4521 3415 4590 qui
3444 4537 3535 4576 ea-

283 4614 424 4669 duos
468 4612 656 4670 Filios.
695 4613 872 4669 Unum
901 4625 1090 4668 natura
1119 4616 1396 4672 Christum
1433 4627 1488 4672 et
1518 4617 1714 4673 Filium
1763 4619 1856 4676 Dei

1961 4607 2088 4662 dem
2121 4609 2338 4678 operari
2369 4617 2616 4678 possunt.
2654 4608 2926 4677 Expulsus
2954 4609 3119 4679 igitur
3145 4624 3228 4671 es,
3257 4618 3404 4664 certe
3432 4627 3531 4665 ne-

283 4706 841 4776 praexsistentem,et
873 4707 1103 4761 alterum
1133 4709 1432 4763 secundum
1463 4711 1856 4781 aquivocatio-

1957 4713 2066 4767 que
2095 4697 2236 4752 duos
2260 4696 2533 4761 Christos,
2567 4705 2620 4750 et
2642 4697 2780 4752 duos
2810 4696 2978 4752 Filios
3007 4697 3098 4752 Dei
3133 4701 3421 4768 praevalent
3451 4701 3534 4755 di—

281 4812 406 4850 nem
434 4795 716 4851 Christum
747 4805 801 4852 et
833 4795 1031 4850 Filium
1064 4796 1179 4864 Dei,
1207 4797 1298 4867 qui
1329 4806 1518 4868 postea
1551 4807 1606 4855 et
1638 4801 1692 4854 in
1724 4802 1856 4856 uiti-

1955 4803 2104 4853 cere,
2154 4803 2330 4858 neque.
2375 4804 2471 4844 eos
2501 4787 2594 4858 qui
2643 4789 2752 4842 duo
2796 4799 2924 4843 sunt
2960 4789 3102 4843 sicut
3135 4806 3298 4844 unam
3347 4807 3532 4862 perso-

279 4888 386 4942 mis
408 4887 747 4957 temporibus
779 4888 1010 4952 exstitit,
1033 4896 1088 4943 et
1119 4888 1422 4943 secundum
1448 4889 1848 4960 beneplacitum
1960 4893 2117 4935 nam-
2138 4879 2229 4935 θεῖ
2255 4889 2433 4936 autem
2463 4881 2636 4935 forma
2663 4879 2896 4936 Verbum
2929 4883 3123 4952 iPSiUSo
3155 4892 3210 4939 ει
3239 4886 3529 4955 δορίειιιὶθο

279 4977 373 5034 Dei
413 4981 629 5050 occepit
681 4995 876 5034 nomen
927 4979 1092 5044 Filii,
1150 4980 1605 5050 quemadmodum
1657 4984 1851 5038 civiias
1964 4970 2142 5027 Filius
2190 4970 2306 5035 Dei,
2340 4979 2394 5027 et
2423 4971 2567 5028 Deus
2607 4971 2748 5027 idem
2781 4973 2897 5043 ipse
2923 4975 3266 5030 conﬁtendus
3298 4985 3402 5032 est.
3434 4976 3531 5048 lgi-

276 5071 528 5137 Domini,
587 5080 642 5127 et
685 5071 882 5127 domus
931 5074 1252 5130 conditoris.
1295 5071 1492 5129 Vo'ens
1540 5075 1742 5131 oblitus
1777 5092 1850 5147 ges

1961 5072 2054 5118 tur
2088 5079 2322 5128 persona
2369 5072 2424 5120 et
2453 5081 2561 5119 una
2598 5065 2953 5121 subsistentia
2986 5083 3229 5137 persona
3262 5082 3362 5122 nec
3402 5083 3530 5139 pos-

275 5163 386 5218 Otia
440 5160 575 5233 [ετ.
634 5155 680 5214 ὦ
727 5162 980 5236 ὲταῖρε],
1032 5163 1158 5234 quia
1199 5179 1341 5219 unus
1394 5163 1714 5234 pradicatus
1767 5174 1852 5220 est

1957 5164 2086 5211 sunt
2125 5171 2248 5211 esse
2290 5157 2406 5209 hac
2447 5157 2533 5208 ἐπ’
2578 5156 2737 5211 ἀνοῦν
2765 5157 2936 5230 [editi,
2973 5160 3060 5211 ἐπ’
3091 5158 3437 5231 ἀνθρώπων],
3475 5161 3527 5216 id

269 5261 328 5312 et
366 5255 680 5325 unigenitus
729 5254 912 5311 Filius'
957 5254 1051 5311 Dei
1079 5263 1134 5312 et
1185 5255 1435 5311 Chrisius
1486 5255 1645 5312 Jesns
1687 5275 1852 5314 voca-
1959 5257 2063 5310 est,
2093 5249 2147 5302 in
2184 5248 2267 5302 bis
2303 5264 2422 5319 qua
2452 5249 2571 5304 sine
2602 5260 2782 5306 mente
2809 5261 2957 5307 sunt.
2983 5249 3220 5306 Verbum
3251 5253 3394 5307 enim
3427 5253 3526 5308 bo-

270 5352 402 5413 tuo,
459 5344 721 5401 Dominus
783 5347 1004 5417 gloriae,
1060 5348 1204 5402 sicut
1257 5349 1461 5404 dictum
1509 5355 1595 5404 est.
1642 5349 1714 5419 do
1767 5349 1850 5420 ip.
1961 5340 2127 5398 minis
2166 5351 2220 5398 et
2245 5341 2510 5412 sapientia
2541 5353 2594 5398 et
2631 5343 2826 5409 virtus,
2870 5352 2925 5399 et
2953 5343 3128 5399 forma
3162 5345 3531 5400 insubsisten—

271 5450 370 5501 so,
418 5443 476 5493 et
517 5436 738 5491 salvans
793 5437 1080 5493 credentes
1126 5437 1178 5490 in
1231 5439 1408 5508 ipsum
1464 5437 1681 5508 propria
1729 5453 1850 5509 pas-
1963 5434 2123 5488 tiales
2169 5442 2354 5506 partes
2387 5434 2551 5490 unius
2593 5434 2832 5490 hominis
2879 5434 3238 5506 aspiciuntur,
3286 5436 3381 5491 sed
3425 5453 3527 5492 nec

273 5520 432 5578 sione
489 5519 677 5575 divina
733 5520 913 5576 salute
971 5535 1079 5574 non
1135 5521 1371 5576 humana
1417 5539 1430 5575 :
1489 5521 1608 5590 Ipse
1664 5525 1844 5586 enim,
1965 5525 2134 5583 homo
2182 5527 2396 5600 singula
2447 5543 2634 5583 eorum
2685 5544 2806 5600 qua
2849 5527 2993 5585 dicta
3028 5536 3176 5594 sunt,
3209 5543 3312 5585 nec
3354 5525 3526 5590 Filius

349 5703 391 5740 ε’
426 5703 579 5760 Joan.
622 5721 674 5769 ι,
717 5705 800 5760 Η.
879 5707 922 5738 ⁸³
960 5704 1145 5762 Matth.
1183 5723 1237 5774 ι,
1271 5709 1358 5764 21.
1439 5708 1481 5739 ⁸³
1520 5707 1678 5762 .‘llich.
1719 5708 1910 5782 \‘li,.18
1948 5771 1954 5777 ,
