4032 6376
549 295 572 348 I
583 293 687 352 563

1649 294 1706 351 S.
1746 294 2206 354 ATIIANASIUS.
2250 325 2319 337 —
2354 293 2623 352 SPURIA.

3655 295 3781 356 I565

545 419 674 467 sunt
702 412 830 478 Ista,
872 413 944 468 ob
976 413 1079 468 hoc
1108 412 1390 475 nimirum,
1430 415 1558 482 quia
1593 413 1769 467 forma
1799 414 2039 470 hominis
2063 423 2116 471 et
2147 423 2186 478 Α
2219 424 2440 486 pr0pter
2470 416 2573 470 hoc
2607 414 2752 486 quod
2783 414 2918 470 dixit
2944 415 2998 468 in
3033 428 3199 468 cruce.
3228 430 3242 467 :
3273 413 3409 468 Deus
3439 430 3609 477 meus,
3648 415 3780 471 Deus

540 506 572 558 6
600 504 792 574 Λόγος,
834 507 886 560 id
913 513 1018 569 est,
1056 521 1289 576 persona
1317 521 1438 560 esse
1464 505 1770 572 αὐτοτελές,
1801 508 1852 562 id
1880 518 1985 571 est,
2019 525 2113 577 per

538 601 894 670 semetipsum
924 600 1183 670 perfecta,
1216 615 1324 654 non
1348 609 1598 670 possunt.
1622 599 1760 666 Quia
1783 616 1912 655 vero
1938 601 2110 655 forma

544 691 641 746 Dei
675 700 729 747 et
754 690 988 746 Verbum
1013 693 1154 762 ejus,
1192 691 1335 747 Deus
1352 701 1405 746 et
1433 691 1604 747 Filius
1638 692 1981 747 conﬁtendus
2005 701 2107 747 est.

543 775 833 832 Ostensum
883 776 1046 846 igitur
1103 777 1444 848 impossibile
1503 793 1624 834 esse
1677 787 1730 833 et
1776 778 1918 833 istud
1959 788 2110 831 tuum

543 867 821 938 sophisma
860 867 1092 924 dicentis
1127 869 1400 924 hominem
1435 885 1558 924 esse
1587 869 1817 923 formam
1850 869 2110 934 hominis,

541 960 614 1016 ob
667 960 770 1014 hoc
820 961 946 1030 quia
991 965 1062 1016 sit
1112 961 1254 1017 Deus
1310 963 1483 1016 forma
1510 961 1765 1032 Deizqui
1817 968 1999 1014 autem
2045 976 2113 1014 ex

542 1053 771 1108 mortuis
803 1055 1103 1108 resurrexit
1128 1053 1403 1117 Christus,
1434 1055 1679 1108 vivorum
1697 1063 1751 1108 et
1773 1060 2112 1106 mortuorum

541 1144 807 1198 Dominus
852 1153 957 1209 est,
999 1156 1052 1201 et
1084 1146 1187 1216 ipsi
1240 1147 1429 1201 vivunt
1458 1142 1826 1201 omnia:Sivr
1869 1145 2109 1205 vivimus,

540 1237 738 1307 inquit,
770 1238 874 1291 sive
903 1239 1178 1303 morimur,
1215 1237 1430 1292 Domini
1450 1254 1631 1291 smnus
1656 1237 1721 1288 ".
1757 1234 1812 1288 In
1843 1233 1945 1286 hoc
1967 1232 2110 1286 enim

541 1331 637 1390 ait,
669 1329 917 1386 Christus
961 1340 1208 1386 mortuus
1239 1341 1323 1386 est
1355 1342 1407 1385 et
1437 1329 1757 1390 resurrexit,
1796 1335 1854 1382 ut
1884 1335 1934 1381 et
1963 1340 2097 1380 mor-

542 1432 758 1477 tuorqu
806 1431 860 1477 et
889 1423 1137 1476 vivorum
1173 1423 1504 1477 dominetur.
1535 1421 1678 1474 Deus
1718 1428 1802 1473 est
1828 1419 1974 1472 enim
2022 1431 2114 1470 na-

539 1522 686 1576 tura,
719 1517 811 1584 qui
840 1514 1149 1568 dominator
1173 1522 1258 1568 est
1292 1513 1560 1574 onmium,
1595 1513 1740 1566 sicut
1769 1525 1834 1565 ex
1866 1509 2110 1562 mulieri-

540 1605 642 1660 bus
682 1607 900 1676 agnitus
928 1605 1278 1676 praedicatur,
1319 1603 1536 1658 dicente
1569 1601 1779 1656 Thoma
1808 1621 1818 1654 :
1856 1599 2112 1654 Dominus

542 1712 685 1751 meus
705 1707 755 1751 et
793 1696 933 1750 Deus
968 1713 1110 1751 meus
1133 1695 1198 1750 “.
1233 1695 1376 1750 Deus
1410 1701 1590 1749 autem
1633 1699 1944 1749 sanctorum
1982 1705 2113 1760 apo-

2218 524 2384 571 meus,
2435 507 2617 577 utquid
2673 522 2756 560 nte
2795 505 3118 574 dereliquisti
3140 505 3226 558 υτ
3272 503 3336 557 Et
3370 505 3426 560 in
3456 520 3567 575 quo
3597 517 3778 562 natura

2216 598 2480 653 Dominus
2511 607 2597 652 est
2645 606 2699 652 et
2728 595 2962 652 Verbum
3007 595 3209 656 Patris,
3244 612 3338 665 per
3378 611 3540 666 quem
3581 601 3778 665 omnia,

2215 696 2269 741 et
2303 687 2822 741 consubstantialem
2867 687 3014 742 Patri
3061 704 3089 742 a
3138 689 3400 747 Patribus
3432 693 3661 748 dictum.
3697 693 3779 750 Sic

2213 777 2359 831 enim
2390 777 2597 838 dixisti.
2631 777 2799 830 ﬁlium
2833 778 3068 836 hominis
3101 781 3384 836 Christum
3417 798 3526 838 non
3555 800 3678 840 esse
3698 785 3778 840 Fi-

2215 867 2350 920 lium
2392 866 2510 928 Dei,
2545 882 2644 921 nec
2681 866 2898 922 Petrum
2935 870 3202 924 reveritus
3243 872 3336 940 qui
3369 887 3466 941 per
3505 875 3778 928 revelatio-

2213 975 2337 1014 nem
2399 958 2575 1014 Patris
2623 961 2790 1014 tilium
2845 959 3100 1025 hominis,
3155 961 3353 1018 Filium
3407 963 3504 1020 Dei
3558 968 3776 1022 viventis

2215 1049 2508 1105 confessus
2571 1058 2676 1112 est,
2731 1056 2785 1104 et
2826 1047 3109 1114 Thomam,
3165 1048 3459 1104 Dominum
3517 1067 3680 1106 suum
3730 1059 3779 1108 et

2215 1135 2384 1192 Deum
2420 1135 2698 1190 Christum
2746 1151 2811 1191 ex
2840 1135 3157 1192 vulneribus
3192 1137 3315 1208 ejus
3359 1151 3775 1208 agnoscentem:

2216 1244 2315 1298 pro
2349 1229 2507 1282 nobis
2536 1229 2678 1282 enim
2710 1227 2875 1292 dolet,
2912 1229 3054 1283 sicut
3095 1228 3193 1297 qui
3224 1231 3476 1286 carnales
3503 1232 3778 1300 passiones

2215 1322 2478 1376 sustinuit
2505 1336 2603 1390 pro
2629 1321 2808 1386 nobis,
2839 1321 2978 1376 sicut
3002 1319 3176 1375 Isaias
3197 1320 3332 1376 dicit
3356 1342 3368 1376 :
3397 1321 3520 1392 Ipse
3542 1323 3776 1377 dabitita.

2218 1422 2291 1467 tes
2328 1423 2540 1467 nostros
2593 1415 2813 1482 accepit,
2853 1422 2901 1465 et
2943 1412 3287 1478 inﬁrmitates
3316 1414 3546 1480 portauit
3568 1415 3636 1468 ".
3669 1413 3780 1484 Ipse

2216 1503 2378 1560 nobis
2422 1504 2611 1573 utique
2641 1502 2782 1559 Deus
2807 1501 3066 1558 Verbum.
3095 1497 3296 1558 Volens
3333 1504 3480 1556 enim
3529 1503 3781 1557 incarna-

2214 1606 2302 1652 tus
2334 1603 2438 1659 est,
2474 1611 2576 1648 nec
2626 1595 2768 1648 enim
2810 1595 2965 1648 aliter
2992 1594 3251 1665 possibile
3288 1601 3412 1649 erat
3447 1593 3561 1664 pati
3603 1593 3778 1648 Domi-

2217 1705 2346 1743 nutu
2374 1697 2623 1744 nostrum
2647 1686 2830 1742 Jesum
2861 1687 3160 1750 Christum,
3191 1687 3296 1741 nisi
3325 1685 3710 1740 incarnaretur
3730 1687 3778 1739 in

540 1787 826 1858 stolorum,
878 1801 990 1841 non
1033 1786 1126 1856 qui
1171 1795 1364 1840 natura
1410 1786 1594 1848 homo,
1647 1781 1742 1836 sed
1789 1783 1881 1851 qui
1916 1789 2107 1836 natura
2140 1768 2181 1823 Β
2213 1781 2570 1836 similitudine
2595 1779 2832 1835 hominis
2860 1779 3084 1833 animati
3129 1777 3513 1847 intelligibilis,
3554 1784 3616 1830 ut
3643 1776 3781 1846 quod

541 1876 686 1932 Deus
725 1883 830 1940 est,
871 1875 963 1946 qui
1010 1873 1343 1930 haereditavit
1387 1882 1578 1944 gentes
1623 1882 1677 1928 et
1701 1874 1932 1943 judicat,
1969 1873 2113 1928 sicut

541 1966 749 2022 dictum
780 1973 885 2029 est,
915 1980 1129 2020 omnem
1163 1973 1362 2019 terram
1389 1983 1402 2019 :
1432 1965 1670 2034 Exsurge
1714 1965 1881 2030 enim,
1913 1963 2109 2033 inquit,

541 2059 782 2126 Domine,
792 2058 978 2128 judico
995 2067 1210 2122 terram,
1225 2058 1473 2128 quoniam
1497 2068 1552 2110 tu
1574 2055 1910 2112 Iurreditabis
1935 2058 1986 2110 in
2011 2073 2115 2110 om-

540 2149 692 2204 nibus
735 2149 970 2218 gentibus
997 2151 1062 2202 ⁸⁷.
1102 2148 1275 2204 Filius
1322 2157 1502 2204 autem
1549 2157 1603 2204 et
1642 2149 1818 2204 haeres
1865 2159 2113 2203 mortuus

542 2252 628 2299 est
664 2251 895 2313 postea;
937 2251 1059 2313 post
1113 2258 1300 2298 servos
1341 2251 1395 2297 et
1442 2242 1754 2313 prephetas,
1807 2241 1951 2297 sicut
1997 2242 2112 2311 ipse

540 2335 617 2389 ait
659 2335 712 2388 in
757 2333 1074 2404 Evangelia.
1131 2333 1417 2401 Quomodo
1453 2348 1582 2404 ergo
1627 2333 1789 2388 homo
1836 2333 2110 2393 Christus.

539 2434 591 2481 et
629 2439 738 2479 non
787 2423 930 2480 Deus
978 2442 1160 2491 verus,
1211 2435 1265 2481 et
1297 2425 1610 2480 adorandus
1661 2425 1730 2479 ab
1777 2425 1928 2478 omni
1959 2440 2110 2479 crea-

538 2516 1130 2587 tura?lneorporatum
1158 2525 1244 2572 est
1275 2517 1422 2572 enim
1455 2515 1546 2571 Dei
1568 2513 1805 2571 Verbum
1830 2533 1898 2571 ex
1921 2524 2113 2571 sancta

541 2605 784 2677 Virgine,
821 2607 967 2663 unde
1015 2615 1069 2663 et
1117 2607 1428 2678 passionem
1480 2622 1577 2676 pro
1634 2606 1792 2660 nobis
1847 2607 2110 2676 suscepit,

537 2715 812 2756 evacuans
844 2699 1195 2769 semetipsum
1238 2707 1291 2754 et
1323 2699 1619 2753 humilians
1651 2713 1822 2767 usque
1867 2696 1934 2750 ad
1966 2713 2114 2751 mor-

539 2798 670 2855 tem,
705 2802 929 2846 mortem
961 2799 1143 2846 autem
1176 2790 1360 2845 crucis
1385 2810 1399 2844 :
1426 2789 1652 2857 aequalis
1683 2789 1790 2844 Deo
1815 2789 2108 2855 exsistens,

539 2883 682 2938 sicut
721 2882 926 2937 dictum
978 2892 1086 2945 est,
1134 2889 1187 2937 et
1231 2882 1491 2937 obediens
1535 2881 1645 2936 Deo
1684 2881 1882 2945 factus,
1926 2890 1980 2936 et
2009 2882 2112 2937 sub

540 2976 654 3046 lege
695 2975 916 3030 divinus
947 2975 1245 3045 legislator.
1299 2974 1362 3028 Et
1409 2975 1538 3043 quid
1589 2974 1782 3033 multa.
1831 2989 1975 3029 unus
2027 2984 2111 3028 est

537 3064 814 3131 Christus,
846 3082 952 3121 una
982 3082 1217 3137 persona
1248 3066 1479 3120 visibilis
1510 3074 1564 3120 et
1590 3066 1907 3130 invisibilis,
1940 3065 1992 3120 id
2024 3075 2108 3120 est

2217 1890 2326 1929 non
2360 1880 2677 1928 correxerat
2702 1873 2881 1934 homo,
2919 1872 3021 1925 hoc
3050 1869 3286 1924 Verbum
3313 1869 3405 1924 Dei
3441 1869 3779 1924 incarnatum

2211 1965 2532 2036 corrigeret.
2567 1961 2753 2033 Neque
2796 1963 2941 2017 enim
2972 1977 3040 2016 es
3088 1961 3317 2016 muliere
3364 1968 3540 2014 totum
3581 1959 3781 2015 exstitit

2210 2056 2482 2121 Christus,
2515 2055 2609 2110 sed
2645 2055 2944 2110 secundum
2975 2052 3389 2116 humanitatem,
3435 2068 3503 2107 ex
3533 2049 3647 2107 Deo
3692 2066 3780 2105 au-

2212 2160 2320 2206 tem
2351 2150 2653 2206 secundum
2681 2149 2957 2218 spiritum,
3005 2162 3106 2201 nec
3137 2146 3282 2202 enim
3311 2146 3474 2200 aliter
3504 2143 3604 2200 Dei
3638 2145 3781 2215 geni-

2210 2245 2318 2298 trix
2361 2241 2529 2296 Maria
2575 2241 2756 2295 vocari
2814 2246 3012 2309 potest.
3054 2235 3360 2306 Aliquando
3414 2251 3517 2290 nec
3571 2233 3778 2289 Domini

2211 2335 2590 2391 interfectores
2619 2331 2810 2391 Judaei.
2862 2332 2908 2386 si
2944 2347 3049 2385 non
3081 2339 3199 2385 erat
3232 2329 3376 2385 Deus
3399 2329 3659 2386 Christus
3703 2345 3777 2384 se-

2212 2428 2448 2485 cundum
2491 2426 2658 2480 Deum
2688 2423 2945 2484 Verbum,
2982 2423 3076 2478 sed
3123 2437 3222 2477 nec
3268 2429 3465 2492 praeter
3505 2431 3778 2490 peccatum

2211 2536 2332 2577 esse
2363 2525 2576 2592 poterat
2600 2537 2614 2572 :
2641 2517 2761 2572 sine
2805 2515 3136 2570 abstinentia
3186 2521 3240 2568 et
3273 2514 3544 2584 sapientia
3585 2515 3780 2584 absque

2213 2613 2508 2685 magistris,
2539 2611 2646 2666 nisi
2679 2610 2821 2664 Deus
2850 2617 2995 2663 esset
3028 2608 3320 2662 continens
3349 2607 3636 2677 proprium
3667 2621 3779 2660 cor-

2213 2721 2336 2777 pus,
2381 2711 2436 2760 et
2476 2718 2711 2774 cperans
2746 2711 2804 2756 ut
2837 2701 3013 2766 Deus;
3056 2706 3276 2770 propter
3323 2698 3471 2769 quod
3517 2706 3573 2754 et
3602 2699 3778 2752 volens

2214 2806 2462 2851 mortuus
2500 2803 2604 2854 est.
2657 2803 2710 2847 et
2745 2799 2936 2863 sponte
2980 2791 3219 2845 surrexit
3255 2805 3285 2842 a
3315 2789 3573 2843 mortuis.
3620 2787 3780 2842 Filius

2212 2886 2487 2941 exsistens
2513 2883 2608 2939 Dei
2641 2883 2952 2954 unigenitus
2981 2890 3034 2936 et
3059 2881 3300 2934 divinam
3335 2880 3569 2951 gloriam
3600 2889 3779 2950 petens

2213 2987 2502 3050 antequam
2537 2977 2775 3032 mundus
2807 2975 2986 3030 factus
3011 2982 3178 3038 esset,
3210 2989 3318 3027 non
3351 2989 3566 3028 vacuus
3594 2974 3711 3042 ejus
3732 2980 3780 3028 et

2214 3083 2509 3142 antequam
2551 3077 2759 3141 peteret
2786 3089 2798 3124 :
2826 3070 2968 3124 sit-ut
2995 3076 3052 3123 et
3081 3067 3318 3121 Sanctus
3347 3067 3626 3122 exsistens
3662 3081 3780 3121 san-

537 3159 722 3214 divine
762 3167 817 3214 et
863 3159 1196 3214 sensibilitcr
1245 3159 1474 3227 simplex
1521 3157 1811 3212 desursum
1852 3166 1905 3213 et
1953 3157 2110 3212 deor-
2140 3143 2180 3199 C
2214 3161 2594 3218 ctiﬁcationem
2647 3159 3012 3230 suscipiebat,
3060 3159 3154 3229 qui
3207 3157 3472 3227 Spiritum
3531 3165 3779 3212 sanctum

539 3267 684 3316 sum,
723 3252 1060 3320 compositus
1102 3266 1168 3304 ex
1206 3249 1315 3304 Deo
1355 3261 1407 3304 et
1445 3266 1509 3304 ex
1559 3251 1807 3305 muliere.
1849 3249 2112 3306 Conditor

537 3356 668 3410 ergo
697 3349 748 3394 et
767 3340 992 3395 Creator
1026 3341 1300 3410 passibilis
1326 3349 1377 3393 et
1407 3339 1760 3415 impassibilis
1785 3350 1922 3406 erat,
1953 3358 2110 3396 mun-

537 3430 666 3485 dum
693 3432 1064 3495 sanctillcans,
1089 3442 1140 3487 et
1163 3431 1552 3497 sanctiﬁcatus,
1583 3441 1638 3488 et
1661 3432 1939 3488 credimus
1977 3435 2108 3502 quia

537 3526 816 3596 proprium
859 3525 980 3594 ejus
1029 3531 1115 3581 est
1157 3525 1502 3579 sanetiticare
1534 3533 1590 3579 et
1633 3524 2005 3580 sanctiﬁcari:
2041 3525 2110 3580 Et

535 3631 630 3686 pro
661 3617 788 3685 ipsis
819 3617 988 3679 enim,
1026 3615 1224 3686 inquit.
1253 3615 1528 3684 sancti/ica
1555 3632 1634 3684 me
1663 3615 1831 3684 ipsum
1858 3616 1922 3670 “.
1955 3615 2110 3683 Quod

536 3709 873 3780 impossibile
905 3717 990 3764 est
1031 3708 1238 3763 homini
1267 3716 1325 3762 ut
1353 3710 1750 3773 sanctiticetur,
1784 3711 1885 3766 soli
1927 3719 2108 3766 autem

535 3799 646 3855 Deo
693 3801 842 3856 istud
894 3800 1153 3871 possibile
1197 3809 1304 3864 est,
1355 3801 1564 3855 homini
1614 3800 1755 3855 facto
1804 3802 2106 3857 secundum

533 3905 781 3955 carnem,
812 3892 942 3963 quia
967 3899 1020 3946 et
1048 3891 1191 3946 Deus
1219 3899 1304 3946 est
1335 3899 1388 3944 et
1415 3891 1577 3944 homo
1611 3891 1750 3944 idem
1778 3891 1894 3960 ipse
1922 3892 2108 3960 singu-

534 3985 664 4038 laris
688 3998 958 4054 personaz.
989 3980 1117 4038 Istis
1143 3999 1273 4052 ergo
1302 3985 1420 4038 sine
1445 3981 1797 4036 contentione
1837 3983 1906 4035 ita
1931 3997 1989 4037 se
2015 3982 2108 4035 ha-

533 4073 809 4137 bentibus,
835 4074 1063 4143 expulsa
1091 4074 1189 4126 tibi
1230 4082 1357 4129 sunt
1388 4074 1568 4126 omnia
1608 4073 2020 4134 sententialiter,
2053 4082 2106 4128 et

529 4164 845 4233 juveniliter
873 4165 1042 4219 dicta.
1079 4167 1258 4220 Alium
1293 4168 1472 4219 virum
1504 4165 1717 4218 dicente
1745 4175 1795 4219 te
1826 4166 2102 4222 Christum

533 4267 726 4326 praeter
758 4257 924 4310 Deum
958 4256 1214 4317 Verbum,
1250 4257 1318 4311 ab
1349 4258 1455 4310 alio
1479 4257 1703 4313 Christo
1747 4257 2010 4329 dignitate
2051 4266 2104 4312 et

533 4350 742 4403 honore
761 4357 812 4402 et
829 4350 1149 4419 operatione
1170 4350 1529 4415 diﬁ‘erentem,
1557 4359 1611 4404 et
1634 4363 1801 4404 unum
1824 4351 2102 4405 Christum

532 4442 589 4496 in
618 4440 837 4496 Christo
867 4441 1225 4504 habitantem,
1264 4452 1317 4496 et
1355 4451 1676 4511 cperantem
1709 4443 1910 4498 divinae
1937 4443 2102 4512 justi-

530 4533 620 4586 tia’.
663 4547 848 4602 Opera.
902 4531 1176 4588 Erubesce
1225 4535 1390 4606 igitur
1422 4535 1549 4603 quia
1593 4535 1968 4590 irrationabile
2022 4546 2104 4590 est

529 4625 766 4693 aliquam
809 4636 863 4680 et
906 4624 1261 4679 inanimatam
1299 4627 1582 4680 materiam
1625 4625 1896 4681 Christum
1937 4641 2106 4696 expo—

531 4733 667 4771 nens
687 4721 703 4738 θ
724 4733 846 4788 qua:
871 4734 900 4771 a
943 4719 1058 4774 sole
1080 4720 1295 4788 operari
1321 4735 1480 4790 posse
1509 4719 1632 4791 [γῆν
1651 4719 1754 4773 ὑπὸ
1783 4719 1929 4790 ἡλίου
1955 4722 2103 4790 ὲνερ-

529 4808 846 4881 γουμένην].
897 4809 1069 4865 Terra
1101 4813 1246 4866 enim
1279 4814 1398 4867 sine
1432 4815 1712 4867 voluntate
1741 4804 1951 4883 Species
1995 4821 2098 4867 est.

530 4901 623 4957 Sic
665 4902 812 4957 enim
861 4903 1088 4960 dixisti:
1117 4903 1334 4960 luﬁrma
1368 4906 1461 4960 ﬁlii
1501 4922 1531 4960 a
1565 4905 1676 4960 Deo
1712 4906 1918 4962 auferri
1965 4906 2104 4960 dici-

531 5011 676 5060 mus,
724 4995 867 5052 sicut
907 4995 1371 5054 humectationem
1425 5007 1583 5054 terra:
1624 5000 1694 5055 ab
1723 5001 1898 5055 arido.
1931 4998 2096 5054 Vides

527 5087 584 5140 in
618 5097 880 5156 quantam
907 5087 1460 5145 inconsideratiouem
1491 5093 1754 5160 deponas,
1788 5093 1927 5145 sicut
1959 5091 2098 5145 dicis

529 5175 704 5231 virum
740 5177 1088 5248 absumptum
1127 5196 1157 5234 a
1201 5181 1310 5236 Deo
1345 5180 1522 5235 Verbo
1555 5189 1615 5235 ut
1642 5197 1740 5236 nec
1783 5183 1946 5235 homo
1977 5198 2101 5236 esse

530 5271 738 5340 possit;
766 5270 994 5324 liberum
1023 5272 1071 5326 ei
1098 5271 1332 5328 offerens
1357 5273 1661 5328 arbitrium.
1693 5271 1810 5326 Non
1845 5274 1988 5327 enim
2015 5290 2102 5328 se-

530 5359 767 5414 cundum
800 5345 1078 5431 pr0prian1
1110 5369 1431 5431 potestatem
1457 5381 1469 5416 :
1498 5363 1779 5417 hominum
1808 5363 1951 5417 enim
1998 5363 2099 5417 hoc

531 5458 736 5506 tantum
758 5461 813 5508 et
843 5453 1156 5523 angelorum
1183 5462 1286 5510 est.
1318 5452 1598 5510 Desertum
1631 5463 1811 5508 autem
1848 5455 1986 5507 dicis
2020 5454 2101 5508 fa-

529 5550 676 5595 ctum
707 5540 1046 5599 Salvatorem
1076 5544 1353 5600 Christum
1386 5545 1696 5616 despiciens
1719 5549 2098 5616 semetipsum,

1197 5663 1242 5691 “
1275 5661 1430 5716 Joan.
1469 5681 1557 5725 xx,
1593 5664 1680 5718 28.

824 5730 866 5760 ⁷⁰
909 5727 1011 5784 Isa.
1049 5746 1176 5795 LIII,
1216 5732 1264 5783 .t.

600 5657 646 5687 "
702 5655 857 5714 Rom.
905 5676 1016 5720 xtv.
1051 5661 1104 5714 8.

533 5740 659 5789 nt,
701 5728 746 5782 ί.

2210 3256 2437 3325 largitur
2458 3254 2756 3310 secundum
2792 3252 3200 3322 iuspirationem
3236 3251 3540 3320 prepriam,
3570 3258 3628 3305 et
3652 3263 3782 3320 prte-

2212 3348 2483 3403 exsisteus
2533 3362 2600 3400 ex
2647 3345 2758 3400 Deo
2798 3346 3150 3416 sempiterne.
3198 3344 3386 3398 divina
3437 3344 3781 3414 generatione

2212 3438 2428 3494 initium
2470 3435 2686 3494 essendi
2717 3437 3078 3508 corporaliter
3101 3451 3167 3491 ex
3215 3435 3449 3490 muliere
3488 3435 3779 3506 accipiens,

2211 3540 2265 3588 et
2316 3539 2534 3602 propter
2594 3531 2697 3584 hoc
2752 3537 2946 3583 natura
3003 3527 3188 3596 justus
3247 3527 3391 3580 sicut
3435 3524 3626 3588 Deus,
3675 3541 3776 3580 non

2211 3625 2508 3679 secundum
2539 3621 2928 3677 abstinentiam
2957 3619 3164 3674 laboris
3195 3618 3341 3674 sicut
3380 3617 3563 3672 omnis
3603 3617 3776 3679 homo,

2210 3724 2263 3771 et
2318 3715 2515 3770 delicta
2560 3729 2626 3768 ex
2653 3711 2814 3783 652
2845 3709 3169 3766 necessitate
3215 3709 3578 3778 subsequitur
3610 3727 3624 3763 :
3663 3705 3779 3763 Non

2208 3818 2284 3861 est
2314 3809 2481 3867 enim,
2514 3805 2716 3874 inquit,
2742 3804 2926 3872 justus
2953 3816 3108 3868 super
3149 3809 3367 3862 terram,
3390 3803 3481 3870 qui
3504 3801 3664 3872 faciet
3691 3799 3777 3854 bo-

2209 3915 2333 3952 num
2359 3906 2408 3951 et
2443 3913 2544 3951 non
2575 3903 2744 3964 peccet
2767 3893 2834 3946 ".
2859 3892 3085 3962 Propter
3118 3891 3265 3962 quod
3301 3901 3356 3946 et
3393 3894 3695 3946 certamina
3728 3903 3778 3947 et

2211 3991 2425 4046 labores
2469 3986 2844 4042 venerantium
2890 3983 3080 4051 Deum,
3127 3993 3182 4038 et
3214 3984 3652 4039 interCessiones
3683 3998 3774 4054 pro

2211 4081 2296 4135 his
2327 4079 2420 4150 qui
2461 4077 2757 4147 culpabiles
2792 4083 2940 4138 sunt,
2984 4083 3039 4128 et
3069 4074 3456 4129 «omnimodam
3487 4074 3776 4130 bonitatem

2211 4173 2304 4230 Dei
2358 4180 2412 4228 et
2470 4170 2875 4225 miserationem
2921 4166 3228 4237 indigemus
3269 4181 3465 4223 omnes
3515 4167 3772 4223 homines.

2205 4263 2462 4319 Christus
2503 4267 2683 4314 autem
2714 4272 2822 4312 non
2850 4257 3204 4321 abstinentia,
3234 4273 3337 4314 nec
3369 4275 3434 4312 ex
3467 4258 3574 4312 ﬁde
3603 4266 3777 4312 osten-

2211 4371 2306 4413 sus
2352 4362 2457 4417 est,
2505 4353 2647 4407 sicut
2671 4351 2783 4420 jam
2816 4348 3131 4419 praedictum
3170 4359 3258 4405 est
3289 4369 3302 4404 ε
3328 4350 3598 4404 naturalis
3640 4348 3774 4403 enim

2202 4449 2414 4519 justitia
2457 4446 2639 4499 divina
2675 4445 2848 4496 virtus
2889 4441 3118 4501 exstitit,
3146 4449 3201 4496 et
3237 4442 3354 4510 ipsa
3385 4449 3470 4496 est
3505 4441 3656 4495 solus
3689 4439 3774 4509 qui

2134 4511 2177 4566 Β
2202 4511 2448 4595 creditur
2502 4533 2646 4588 Deus
2701 4546 2863 4586 verus
2907 4537 2962 4584 et
3011 4544 3304 4598 reposcens
3349 4528 3420 4582 ab
3467 4528 3774 4582 hominibus

2209 4646 2328 4686 eam
2359 4643 2480 4698 qua:
2511 4627 2564 4680 in
2611 4626 2730 4698 ipso
2759 4631 2844 4677 est
2876 4621 3033 4676 Iidem
3063 4641 3076 4674 ε
3104 4620 3208 4685 Qui
3241 4620 3410 4682 enim,
3444 4620 3644 4690 inquit,
3674 4635 3779 4672 cre-

2210 4725 2287 4777 dit
2333 4725 2387 4776 in
2416 4736 2516 4784 me,
2549 4719 2670 4773 rivit
2715 4718 2767 4770 in
2811 4716 3148 4770 mternum".
3193 4713 3275 4777 Et,
3313 4713 3417 4779 Qui
3462 4712 3640 4782 diligit
3683 4729 3777 4777 me,

2210 4815 2465 4871 mandata
2496 4829 2611 4866 mea
2636 4820 2806 4865 servat
2829 4811 2895 4875 ⁷³,
2925 4816 2978 4863 et
3009 4808 3233 4876 reliqua.
3268 4804 3410 4870 Quid
3441 4821 3576 4874 ergo
3607 4804 3775 4858 conﬁ-

2210 4912 2339 4964 teris
2373 4907 2677 4966 Christum,
2708 4903 2795 4955 die
2823 4919 2835 4954 :
2863 4915 3036 4970 neque
3078 4913 3270 4960 unum,
3302 4910 3479 4965 neque
3504 4895 3646 4950 duos
3687 4909 3778 4964 po-

2202 5007 2284 5054 tes
2314 4996 2517 5060 dicere,
2552 5007 2654 5047 nec
2696 4989 2864 5045 Deum
2913 5004 3013 5044 nec
3039 4988 3335 5041 hominem.
3365 4986 3473 5040 Ista
3505 4991 3592 5040 est
3637 4983 3774 5039 enim

2201 5087 2450 5143 deﬁnitio
2479 5097 2670 5140 eorum
2709 5096 2832 5151 qua:
2872 5095 2903 5132 a
2946 5087 2998 5133 te
3041 5078 3184 5132 dicta
3229 5084 3398 5133 sunt:
3426 5092 3609 5145 neque
3638 5077 3771 5130 enim
3803 5139 3808 5145 _

2202 5191 2394 5238 natura
2439 5193 2564 5234 eum
2617 5176 2827 5244 justum
2885 5170 3024 5225 dicis
3075 5170 3221 5226 sicut
3267 5166 3471 5234 Deum;
3522 5164 3774 5222 Deusest

2202 5273 2360 5329 enim-
2383 5271 2486 5325 hoc
2515 5276 2712 5323 natura
2746 5263 2892 5334 quod
2923 5261 3127 5316 bonum
3175 5259 3377 5312 dicitur
3402 5257 3472 5313 de
3512 5258 3653 5329 ipso.
3681 5255 3772 5311 ἰυ-

2205 5375 2347 5420 stum
2374 5377 2498 5418 eum
2537 5359 2677 5416 dicis
2711 5357 2853 5412 sicut
2875 5353 3146 5409 hominem
3168 5351 3383 5420 justitia
3407 5350 3766 5408 abstinentia.

2206 5455 2285 5512 sic
2327 5456 2470 5509 enim
2499 5451 2661 5505 homo
2685 5449 2891 5518 justus,
2923 5459 3026 5500 nec
3063 5442 3347 5499 indeﬁnito
3370 5441 3644 5499 decedens
3677 5453 3769 5510 ap-

2209 5562 2366 5616 pares
2401 5545 2475 5598 nil
2500 5543 2710 5596 habens
2738 5539 2882 5612 quod
2909 5539 3062 5593 dicas
3092 5536 3160 5591 de
3178 5535 3416 5591 Christo.
3454 5534 3656 5590 Deinde
3687 5532 3768 5590 di-

1774 5666 1815 5694 "
1859 5665 2000 5722 Psal.
2041 5666 2282 5728 Lxxxt,8.
2358 5667 2400 5693 “‘
2437 5662 2594 5717 Joau.
2630 5677 2775 5726 xvu,
2815 5661 2898 5716 19.
2976 5661 3018 5691 "
3060 5657 3248 5728 Matth.
3283 5671 3447 5716 xxvi,
3627 5647 3762 5710 PSIL

1346 5736 1382 5763 ⁷³
1429 5724 1569 5787 I‘sal.
1608 5751 1706 5790 xut
1732 5776 1745 5797 .
1789 5735 1860 5796 ὃς
1900 5735 2055 5794 Ilom.
2095 5753 2107 5791 l

2215 5724 2404 5788 'lO-IQ.
2485 5735 2528 5766 ⁷³
2567 5731 2723 5790 Joan.
2763 5724 2846 5798 xi,
2881 5730 2968 5786 26.
3044 5729 3089 5762 ⁷³
3127 5727 3284 5782 Joan.
3321 5740 3435 5790 xlv,
3470 5724 3561 5783 2|.
