4032 6376
328 293 464 348 1565
570 304 576 314 ’

1305 295 1640 353 EPISTOLA
1674 297 1766 352 AD
1805 295 2194 356 EPISCOPUM
2233 300 2635 359 PERSARUM.

3424 312 3443 364 1
3456 313 3560 368 566

326 409 408 461 cis
453 407 749 463 secundum
782 411 1218 467 communionem
1251 413 1542 482 justiﬁcari
1581 416 1884 484 Christum,
1915 425 1961 483 Α
1988 428 2202 476 ctorum
2258 422 2525 477 voluntati
2580 421 2928 492 rependitur,
2979 434 3030 480 et
3083 426 3173 496 qui
3231 426 3554 483 conﬁtentux

326 514 435 553 non
463 506 659 553 natura
681 500 1027 558 exsistentem
1057 505 1289 574 justum,
1327 522 1437 562 non
1469 509 1766 578 przevaleus
1797 511 1884 564 in-

1990 528 2114 567 eum
2146 529 2334 568 coram
2377 515 2714 581 hominibus,
2747 515 3150 572 conﬁtebuntur
3192 518 3261 572 ab
3305 519 3424 588 ipso
3467 535 3562 575 co-

325 589 567 660 telligere
609 593 827 647 modum
876 598 1280 654 communionis
1312 614 1434 669 qua:
1473 600 1540 654 ad
1573 617 1786 657 omnem
1828 611 1883 658 et
1986 619 2102 657 ram
2131 603 2290 662 Patre
2315 606 2436 677 eius
2463 607 2556 676 qui
2590 607 2646 660 in
2685 607 2839 662 caelis
2866 614 2970 672 est,
3005 607 3147 664 sicut
3186 608 3302 680 ipse
3325 610 3557 666 dicit":

324 683 695 751 acceptionem
726 685 1014 756 signiﬁcat,
1049 689 1192 744 sicut
1216 691 1351 745 dixit
1374 703 1426 746 et
1458 693 1726 764 sapientia
1751 693 1877 748 Dei:

322 769 408 824 Da
446 773 577 826 mihi
621 792 711 829 cor
753 787 920 841 tuum,
977 790 1034 833 ut
1084 783 1287 850 sapiens
1334 785 1435 854 ﬁas
1481 786 1537 839 in
1585 787 1882 841 novissimis

325 864 428 916 tuis
449 863 516 918 ⁷⁵.
557 864 889 924 Convertens
934 871 1072 924 alius
1103 875 1365 942 propheta
1416 877 1583 931 dicit:
1623 877 1880 932 Volunta-

323 961 424 1007 tem
453 955 745 1010 timentium
775 975 829 1012 se
850 960 1007 1030 faciet
1025 963 1090 1017 ⁷⁵.
1123 961 1382 1022 Voluntas
1415 968 1603 1038 utique
1627 967 1721 1024 Dei
1750 983 1882 1023 san-

1989 706 2042 750 et
2090 699 2184 766 qui
2232 701 2642 769 compatiuntur
2675 698 2918 768 Christo,
2968 701 3022 754 in
3071 701 3561 758 conformationem

1989 788 2209 842 venient
2239 790 2424 860 gloriae
2447 792 2586 860 ejus.
2625 790 2731 846 ista
2763 794 2908 848 enim
2942 809 3104 848 verax
3129 794 3439 849 communio
3462 797 3562 850 ho—

1988 879 2152 933 minis
2189 882 2254 935 ad
2293 881 2460 936 Deum
2496 900 2604 938 non
2646 885 2763 940 sine
2788 885 2892 940 ﬁde
2938 885 3152 940 ostendi
3185 895 3364 956 potest
3393 896 3446 942 et
3477 888 3563 942 di-

1987 972 2268 1039 gnissimis
2301 975 2580 1044 operibus.
2614 995 2632 1029 ›

604 1138 882 1235 ΕᾼΒΕΜ
926 1143 1316 1207 EPISTOLA
1364 1149 1473 1208 AD
1510 1149 1953 1214 EPISCOPUM
1998 1153 2422 1215 PERSARUM
2467 1154 2757 1216 GRAECE
2792 1157 2894 1218 ET
2951 1159 3262 1219 LATINE.

323 1280 766 1374 Ex'Biinotb'ec‘a
796 1289 1152 1374 Coisliniana,
1184 1311 1313 1374 p_ag._
1335 1295 1834 1374 ἓϐθυ-βρξειοίαηι
1857 1300 2237 1374 Athqnasiiad
2265 1303 2556 1370 episcopum
2576 1301 2881 1366 Persarum,
2913 1302 3563 1374 inquit_Montfauconius,

392 1352 582 1442 {satine
613 1357 873 1442 edidimus
905 1362 1044 1442 inter
1079 1352 1560 1442 spuria'Athanasii
1585 1352 1755 1442 Opera
1781 1352 2233 1442 tonui]
2253 1352 2470 1440 {esti/ure
2500 1352 3568 1442 νεέιὶιέἷιιιίενριὲίάῑέἇἰῖὲἔέέἕ

389 1423 870 1513 ιίαηιυξ,¹ερὶδιοιω
892 1441 982 1512 {et
1005 1433 1061 1513 in
1093 1423 1197 1513 [ine
1225 1437 1467 1513 qua’dam
1503 1423 1655 1513 habet
1683 1457 1796 1508 qum
1818 1442 1874 1494 in
1896 1423 2057 1496 textu
2088 1423 2272 1496 Graeco
2295 1423 3029 1513 ὶιὶηίόιέέηοάηὶιὶῇ
3059 1423 3215 1513 porro
3249 1423 3338 1500 ille
3368 1423 3562 1512 iactus:

391 1495 510 1585 licet
536 1495 880 1585 Atlhalnasium
906 1501 959 1554 in
998 1495 1151 1585 titulo
1177 1495 1510 1572 enientiatur,
1541 1510 1663 1577 quia
1691 1495 1862 1564 lumen
1891 1495 2109 1582 antiqua
2134 1523 2211 1566 est
2233 1514 2342 1565 lucc
2374 1511 2619 1580 epistola,
2645 1523 2693 1565 et
2730 1495 2920 1566 (ἐνιεεέ

394 1565 563 1619 locant
589 1566 776 1622 habere
806 1573 1071 1626 commode
1094 1584 1284 1642 potest.

327 1713 636 1824 Ἀγςιπηῖῐῷ
677 1722 867 1800 acina,
891 1726 1011 1810 ,καί
1045 1726 1122 1791 τῷ
1164 1730 1265 1816 ὑπ’
1309 1733 1726 1824 αὺτρνηκλῄρῳ
1769 1739 1874 1824 τοῖς

1996 1741 2202 1795 Dilecto
2231 1756 2382 1820 papa!
2403 1750 2451 1793 et
2490 1741 2630 1822 clero
2660 1741 2767 1824 ipsi
2792 1738 3024 1824 subdito,
3057 1742 3221 1823 iisque
3244 1745 3562 1824 qui-Perga-

388 1789 504 1873 τῂν
525 1791 794 1873 ,Περσῶν
817 1789 822 1790 ί
848 1789 1101 1851 οἰκοῦσι
1138 1799 1365 1868 χώραν,
1421 1789 1787 1873 Ἀθανάῖγῶςί
1809 1789 1886 1862 γὲν

387 1861 583 1928 Κυρίῳ
605 1864 852 1930 χαίρειν.

399 1971 463 2027 Ἦ
499 1976 630 2044 ἁγία
658 1977 1010 2044 θεόπνευστος
1034 1983 1221 2055 Γραφὴ
1256 1985 1354 2050 τὰς
1387 1988 1494 2042 τῶν
1521 1991 1886 2065 ἀρχαιοτέρων

318 2063 450 2136 ἡμῖν
482 2066 746 2138 διηγεῖται
784 2071 1028 2142 πράξεις,
1064 2075 1375 2146 πώηγοῦσα
1420 2082 1569 2151 ἡμᾶς
1614 2082 1673 2146 ἐξ
1709 2063 1885 2140 αὐτῶν

316 2157 410 2211 ἐπὶ
442 2158 512 2210 τὰ
534 2161 776 2232 χρήσιμα
804 2162 915 2216 τῶν
949 2167 1258 2236 πρακτέων,
1299 2171 1744 2246 βδελυττομένους
1778 2180 1885 2233 πᾶν

313 2245 456 2310 εἶδος
486 2250 748 2320 πονηρίας
779 2253 872 2306 καὶ
895 2253 1230 2322 δυσσεϐείας.
1272 2260 1358 2313 Ἐν
1391 2263 1520 2329 γοῦν
1557 2245 1683 2330 τοῖς
1721 2270 1884 2322 Βασι-

313 2336 480 2402 λείοις
525 2341 688 2410 φησὶν
726 2343 1056 2415 ἡνομηκέναι
1096 2347 1187 2402 τὸν
1224 2350 1457 2422 Ἰσραὴλ,
1510 2356 1602 2408 καὶ
1647 2375 1885 2426 προσκυ-

314 2433 428 2482 νεῖν
471 2435 538 2502 τῇ
578 2433 750 2486 κτίσει
801 2436 950 2506 παρὰ
997 2437 1088 2490 τὸν
1140 2439 1419 2496 κτίσαντα.
1458 2446 1601 2498 Ἰστε
1652 2447 1708 2500 δὲ
1762 2450 1885 2503 ὅσον

312 2521 503 2586 κακὸν,
535 2524 624 2576 τὸν
664 2526 1000 2598 Δημιουργδν
1044 2531 1438 2598 καταλιπόντας
1471 2538 1563 2590 καὶ
1602 2540 1701 2611 τὴν
1739 2542 1886 2613 αὑτῷ

315 2613 672 2686 ὀφειλομένην
721 2618 898 2685 δόξαν,
933 2621 1266 2690 προσάπτειν
1324 2627 1561 2692 εἰδώλοις
1617 2632 1710 2684 καὶ
1769 2634 1886 2686 κτί-

313 2720 506 2774 σμασι.
535 2707 704 2760 Τοῦτο
732 2708 1043 2781 δρασάντων
1093 2715 1336 2777 ἐκείνων.
1370 2718 1658 2791 ἀφίστησιν
1688 2725 1715 2776 ὁ
1755 2724 1887 2788 Θεὸς

310 2795 410 2870 τὴν
441 2798 606 2852 αὑτοῦ
645 2799 890 2870 βοήθειαν
930 2804 987 2870 ἐξ
1029 2806 1228 2868 αὐτῶν.
1259 2809 1353 2862 καὶ
1399 2811 1773 2880 παραδίδονται
1807 2818 1886 2880 είς

309 2889 550 2944 δουλείαν
591 2896 702 2956 τοῖς
741 2895 1023 2968 ὑμετέροις
1067 2897 1391 2967 βασιλεῦσιν.
1439 2907 1781 2974 Αἱχμάλωτοι
1827 2909 1884 2963 δὲ

2056 1829 2169 1868 rum
2218 1813 2479 1881 regionem
2532 1811 2803 1874 incolunt,
2839 1810 3188 1875 Athanasius,
3237 1810 3294 1866 in
3332 1815 3561 1872 Domino

2051 1885 2275 1939 salutem

2059 1997 2259 2051 Sancta
2294 2001 2348 2050 et
2393 1993 2654 2049 divinitus
2691 1993 2958 2062 inspirata
2994 1992 3281 2064 Scriptura
3307 1999 3563 2070 antiquo-

1986 2104 2105 2143 rum
2129 2087 2288 2143 nobis
2309 2096 2458 2156 gesta
2480 2092 2724 2150 enarrat,
2754 2099 2819 2139 ex
2854 2085 2923 2140 iis
2961 2101 3064 2140 nos
3088 2087 3155 2140 ad
3191 2089 3348 2142 utilia
3389 2105 3557 2160 opera

1985 2179 2295 2242 deducens,
2339 2184 2398 2230 ut
2435 2190 2650 2230 omnem
2689 2175 2950 2246 nequitiae
2990 2184 3045 2230 et
3096 2177 3386 2247 impietatis
3432 2197 3561 2253 spe.

1985 2270 2124 2325 ciem
2173 2285 2500 2324 aversemur.
2562 2265 2618 2320 In
2669 2266 2980 2336 Regnorum
3027 2269 3211 2338 itaque
3251 2271 3405 2327 libris
3455 2275 3555 2340 ait,

1986 2358 2402 2428 praevaricatum
2427 2357 2600 2412 fuisse
2634 2355 2914 2416 lsraelem.
2951 2366 3004 2412 et
3033 2359 3266 2415 adorare
3296 2363 3556 2420 maluisse

1985 2460 2293 2506 creaturam
2317 2466 2479 2520 quam
2512 2450 2852 2505 Creatorem.
2889 2448 3054 2506 Scitis
3078 2460 3259 2508 autem
3285 2464 3551 2524 quantum

1993 2543 2193 2596 malum
2227 2543 2300 2596 sit
2333 2541 2646 2596 Creatorem
2680 2543 2989 2612 relinquere
3011 2584 3024 2605 ,
3057 2544 3405 2616 debitamque
3446 2551 3552 2618 ipsi

1987 2635 2213 2703 gloriam
2246 2634 2405 2688 idolis
2441 2640 2495 2688 et
2540 2635 2806 2690 creaturis
2848 2635 3165 2691 attribuere.
3205 2637 3258 2692 Id
3299 2653 3422 2693 cum
3473 2641 3552 2696 illi

1986 2732 2228 2796 agerent,
2259 2725 2438 2780 aufert
2469 2724 2608 2780 Deus
2640 2725 2709 2779 ab
2744 2725 2850 2780 illis
2886 2726 3147 2780 auxilium
3180 2743 3362 2794 suum,
3402 2739 3455 2786 et
3492 2733 3551 2787 in

1984 2827 2288 2873 vestrorum
2324 2834 2510 2888 regum
2556 2819 2870 2873 servitutem
2918 2819 3227 2876 traduntur.
3255 2821 3321 2875 Et
3349 2825 3552 2894 captivi

1985 2910 2199 2965 abducti
2237 2911 2565 2964 damnantur
2584 2925 2614 2963 a
2639 2908 3020 2966 Salmanasare
3049 2912 3394 2984 Assyriorum
3423 2931 3551 2985 rege

310 2981 625 3051 γενόμενοι,
661 2985 1104 3052 καταδικάζονται
1146 2991 1249 3043 ὑπὸ
1300 2993 1761 3069 Σαλαμανασὰρου
1793 2999 1874 3069 βα-

1986 2999 2052 3052 ad
2091 2999 2248 3055 sedes
2273 3001 2580 3061 mutandas.
2615 3001 2686 3054 ita
2713 3009 2792 3062 ut,
2822 3003 3011 3054 relicta
3045 2981 3188 3055 terra
3221 3018 3340 3068 sua,
3377 2981 3551 3058 Palmm

313 3072 504 3136 σιλέως
541 3075 836 3149 Ἀσσυρίων
868 3078 1077 3149 οἴκησιν
1108 3081 1229 3135 ἀντὶ
1271 3084 1370 3155 τῆς
1403 3076 1580 3140 αὗτῶν
1611 3090 1732 3159 γῆς,
1768 3091 1874 3144 Πα-

1990 3091 2132 3146 stina
2173 3106 2400 3162 nempe.
2445 3093 2499 3145 in
2544 3093 2891 3164 Assyriorum
2932 3094 3546 3162 regione-habitarent,

308 3162 587 3239 λαιστίνης
645 3171 818 3242 φημὶ,
873 3171 972 3242 τὴν
1015 3174 1310 3245 Ἀσσυρίων
1365 3179 1424 3230 ὲν
1477 3179 1632 3234 Ἀλαὲ
1684 3183 1778 3234 καὶ
1825 3183 1883 3236 ὲν

323 3257 529 3330 ’Δμὼρ,
577 3265 837 3331 ποταμοῖς
889 3263 1073 3329 Γιζὰν,
1104 3267 1197 3320 καὶ
1252 3268 1352 3340 ὅρη
1393 3271 1611 3342 Μήδων.
1659 3273 1881 3342 Εῐσάγει

306 3353 423 3405 ἀντ’
448 3353 627 3405 αὐτῶν
667 3354 880 3426 οἴκησιν
913 3357 1009 3428 τὴν
1056 3361 1386 3432 Σαμάρειαν,
1419 3365 1787 3430 Βαϐυλωνίους
1819 3369 1880 3421 ἐκ

307 3442 546 3507 Χουθὰν,
590 3447 682 3498 καὶ
713 3447 819 3500 ἀπὸ
857 3449 1014 3516 Αίὰν,
1049 3453 1143 3505 καὶ
1188 3454 1296 3507 ἀπὸ
1339 3455 1528 3526 Ἐμὰθ,
1574 3459 1666 3511 καί⁸
1709 3459 1881 3528 Σεφα-

310 3533 498 3602 ρουὲμ,
526 3535 619 3587 καὶ
659 3538 1077 3610 κατῳκίσθησαν
1112 3544 1170 3596 ἐν
1199 3547 1318 3608 ταῖς
1347 3546 1529 3600 πόλεσι
1570 3549 1879 3621 Σαμαρείας

305 3622 427 3676 ἀντὶ
470 3624 576 3678 τῶν
620 3626 748 3679 υἱῶν
793 3630 1024 3702 Ἰσραήλ.
1074 3636 1182 3687 Καὶ
1234 3636 1447 3703 ἐγένετο
1492 3640 1549 3690 ὲν
1595 3640 1734 3711 ἀρχῇ
1780 3641 1880 3711 τῆς

303 3714 575 3786 καθέδρας
617 3718 812 3780 αὐτῶν.
841 3721 939 3774 οὐκ
988 3724 1329 3796 ἐφοϐήθησαν
1379 3729 1468 3783 τὸν
1513 3729 1736 3801 Κύριον,
1785 3734 1878 3786 καὶ

303 3806 622 3862 ἀπέστειλεν
657 3812 736 3874 εἰς
778 3812 974 3877 αὐτοὺς
999 3815 1124 3878 τοὺς
1169 3816 1404 3883 λέοντας,
1439 3823 1530 3874 καὶ
1567 3817 1706 3892 ἦσαν
1739 3824 1873 3876 ἁπο-

303 3902 608 3967 κτείνοντες
645 3905 857 3969 αὐτούς,
890 3907 998 3960 Καὶ
1037 3903 1197 3962 εἶπαν
1229 3911 1306 3982 τῷ
1337 3913 1544 3981 βασιλεί
1582 3916 1875 3987 Ἀσσυρίων

303 3993 572 4063 λέγοντες·
611 3997 685 4050 Τὰ
711 3999 853 4065 ἔθνη
892 3997 931 4053 d
955 3999 1297 4068 ἀπῴκισας,
1335 4006 1432 4058 καὶ
1465 4007 1876 4075 ἀντεκάθησας

305 4088 426 4160 (sic)
455 4090 527 4143 ἐν
567 4091 782 4146 πόλεσι
817 4095 1162 4163 Σαμαρείας,
1193 4098 1302 4149 οὐκ
1343 4099 1617 4165 ἔγνωσαν
1652 4100 1714 4152 τὸ
1754 4100 1874 4168 κρῖ-

297 4198 384 4250 μα
412 4180 532 4252 (sic)
573 4181 681 4235 τοῦ
721 4186 870 4239 Θεοῦ
909 4185 1021 4255 τῆς
1049 4186 1194 4257 γῆς,
1239 4188 1337 4242 καὶ
1380 4190 1694 4246 ἀπέστειλε
1733 4196 1874 4260 τοὺς

301 4270 554 4337 λέοντας
596 4274 683 4337 εὶς
723 4275 975 4341 αὐτοὺς,
1025 4277 1123 4331 καὶ
1168 4277 1294 4332 ἰδού
1331 4282 1447 4334 εισι
1477 4283 1873 4350 θανατοῦντες

299 4363 540 4429 αὐτοὺς,
576 4366 778 4420 καθότι
805 4370 916 4421 οὐκ
947 4369 1146 4423 οἴδασι
1172 4370 1237 4424 τὸ
1267 4371 1440 4441 κρῖμα
1465 4375 1569 4428 τοῦ
1595 4376 1741 4430 Θεοῦ
1762 4377 1873 4443 τῆς

298 4452 428 4522 τῆς.
454 4456 562 4510 Καὶ
593 4456 966 4512 ὲνεστείλατο
1001 4463 1034 4512 ό
1061 4462 1360 4528 ,ϐασιλεὺς
1398 4465 1739 4536 Ἀσσυρίων,
1768 4467 1868 4521 λέ-

298 4563 436 4615 των·
483 4547 828 4620 Ἄπαγάγετε
861 4550 1106 4614 ἐκεῖθεν,
1137 4553 1234 4608 καὶ
1263 4556 1739 4624 πορευέσθωσαν,
1767 4560 1866 4614 καὶ

297 4641 758 4696 κατοικείτωσαν
800 4641 958 4705 ἐκεῖ,
1020 4643 1116 4697 καὶ
1160 4647 1488 4713 φωτιοῦσιν
1535 4649 1756 4715 αὐτοὺς
1800 4651 1868 4705 τὸ

297 4729 476 4800 κρῇια
518 4731 626 4786 τοῦ
673 4733 819 4788 Θεοῦ
847 4732 959 4802 τῆς
1000 4733 1132 4802 γῆς.
1181 4736 1290 4789 Καὶ
1324 4736 1550 4807 ἤγαγον
1593 4739 1700 4792 ἕνα
1749 4739 1867 4794 τῶν

295 4819 518 4889 ἱερέων,
547 4816 635 4876 ὧν
653 4824 968 4890 ἀπῴκισαν
999 4825 1118 4880 ἀπὸ
1153 4829 1480 4894 Σαμαρείας
1497 4870 1511 4893 ,
1549 4830 1647 4885 καὶ
1674 4831 1864 4886 ἐκάθι-

295 4927 410 4966 σεν
435 4913 506 4967 ἐν
535 4915 780 4974 Baiana.
821 4917 934 4970 Καὶ
957 4913 1035 4986 ἦν
1062 4921 1095 4971 ὁ
1119 4918 1306 4986 ἱερεὺς
1334 4919 1591 4988 φωτίζων
1617 4922 1856 4987 αὐτοὺς.

294 5001 455 5068 ὅπως
494 5004 793 5072 φοϐηθῶσι
832 5008 938 5060 τὸν
981 5009 1217 5076 Κύριον.
1246 5011 1354 5063 Καὶ
1399 5009 1775 5080 διδαχθέντες
1806 5017 1862 5069 οἰ

287 5095 766 5165 μετοικισθέντες
813 5098 920 5152 τὸν
961 5099 1285 5169 δεδομένον
1329 5103 1514 5170 νόμον
1543 5104 1669 5168 τοῖς
1707 5106 1860 5171 υἱοῖς

307 5185 574 5254 Ἰσραὴλ,
606 5189 716 5242 οὐκ
747 5189 1058 5258 ἐφύλαξαν
1083 5194 1171 5257 είς
1195 5191 1384 5258 τέλος·
1421 5194 1558 5248 ἀλλ’
1581 5191 1741 5263 ἦσαν
1764 5196 1862 5250 καὶ

292 5276 373 5342 τῷ
393 5278 555 5347 νόμῳ
584 5277 977 5345 δουλεύοντες
1016 5281 1085 5335 ἐκ
1119 5284 1341 5352 μέρους
1385 5282 1480 5337 καὶ
1525 5283 1648 5350 τοῖς
1673 5284 1856 5342 ἔθεσι.

292 5369 516 5434 Τούτοις
551 5370 847 5444 κέχρηνται
889 5372 1272 5444 ἐκδεδλημένοι
1311 5375 1415 5428 ὑπὸ
1443 5376 1537 5429 τοῦ
1579 5376 1735 5436 Θεοῦ.
1773 5377 1862 5431 διὰ

290 5459 352 5514 τὸ
398 5461 473 5533 μὴ
519 5462 786 5535 καθαρὰν,
834 5464 968 5519 ἀλλὰ
1009 5467 1353 5538 μεμιγμένην
1407 5467 1547 5538 ἔχειν
1597 5467 1718 5522 τινὰ
1760 5469 1856 5521 λα-

293 5553 497 5624 τρείαν,
527 5554 652 5610 οὔτε
683 5554 763 5626 τῷ
793 5555 942 5628 νόμῳ
976 5558 1237 5624 Μωσέως,
1273 5557 1397 5612 οὔτε
1435 5561 1545 5623 τοῖς
1576 5559 1721 5614 ἔθεσι
1753 5563 1860 5623 τοῖς

365 5710 408 5741 τι
449 5709 606 5770 Prov.
642 5725 755 5777 xu,
790 5710 876 5765 9.0.
956 5712 998 5744 ⁷³
1049 5710 1193 5768 Psal.
1229 5728 1405 5782 cxuv,
1448 5713 1530 5768 l9.
1609 5716 1651 5745 7‘
1692 5713 1876 5770 Matth.
1918 5732 1984 5782 κ,
2023 5717 2108 5772 52.

1986 3198 2180 3253 nempe
2222 3184 2276 3237 in
2311 3184 2442 3237 Alia:
2474 3192 2528 3238 et
2572 3185 2627 3239 in
2669 3185 2856 3250 Amor,
2903 3186 2954 3238 in
2988 3185 3164 3240 fluviis
3194 3184 3363 3240 Gizan
3404 3195 3458 3242 et
3493 3189 3550 3244 in

1984 3275 2261 3328 montibus
2293 3274 2594 3330 Medorum.
2635 3275 2836 3332 Eorum
2879 3288 3058 3332 autem
3089 3279 3210 3332 loco
3244 3277 3548 3334 Samariam

1984 3360 2193 3416 inducit
2239 3363 2565 3432 Babylonios
2608 3382 2673 3420 ex
2714 3366 3029 3431 Cbusthan,
3079 3376 3132 3420 et
3173 3384 3237 3422 ex
3285 3369 3458 3431 Aian,
3492 3378 3550 3424 et

1981 3471 2045 3508 ex
2103 3455 2319 3517 Ematb,
2367 3465 2420 3511 et
2477 3473 2541 3511 ex
2603 3456 2954 3526 Sepharvcm,
3011 3473 3065 3513 et
3121 3460 3365 3515 habitare
3403 3461 3548 3530 jussi

1981 3556 2107 3600 sunt
2157 3547 2209 3600 in
2254 3547 2477 3602 urbibus
2524 3547 2785 3601 Samaria:
2830 3564 2926 3617 pro
2976 3549 3101 3604 ﬁliis
3141 3549 3323 3604 Israel.
3364 3549 3428 3602 Et
3461 3551 3534 3604 fa-

1979 3647 2128 3692 ctum
2187 3647 2268 3694 est
2343 3640 2498 3695 initio
2573 3640 2924 3695 habitationis
2981 3656 3208 3701 eorum.
3262 3657 3383 3696 cum
3433 3658 3541 3696 non

1978 3730 2233 3784 timerent
2297 3731 2621 3792 Dominum,
2675 3731 2902 3786 immisit
2953 3731 3005 3785 in
3062 3747 3157 3786 eos
3204 3732 3388 3788 leones
3448 3737 3539 3803 qui

1977 3823 2298 3876 occidebant
2355 3838 2468 3876 eos.
2524 3822 2588 3876 Et
2639 3823 2890 3876 dixerunt
2942 3824 3053 3894 regi
3115 3824 3460 3896 Assyriorum
3524 3847 3536 3881 :

1979 3912 2163 3967 Gentes
2239 3931 2369 3982 quas
2446 3912 2770 3968 transtulisti
2841 3925 2889 3967 et
2953 3915 3192 3970 habitare
3261 3918 3430 3986 fecisti
3484 3920 3541 3972 in

1978 4003 2192 4056 urbibus
2274 4003 2572 4068 Snmarim,
2639 4022 2741 4059 non
2813 4018 3060 4060 norerunt
3117 4007 3380 4076 judicium
3442 4008 3540 4063 Dei

1978 4105 2151 4158 terrm,
2182 4106 2230 4150 et
2267 4097 2484 4149 immisit
2506 4097 2559 4150 in
2591 4115 2676 4151 eos
2719 4098 2908 4161 leones,
2940 4109 2989 4152 et
3015 4114 3127 4152 ecce
3159 4099 3398 4153 occidunt
3428 4119 3536 4166 eos,

1972 4187 2095 4256 quia
2133 4187 2366 4239 nesciunt
2395 4186 2659 4255 judicium
2696 4187 2792 4242 Dei
2832 4198 3004 4242 terraz.
3039 4188 3108 4242 Et
3132 4191 3275 4244 misit
3313 4208 3404 4245 rex
3433 4193 3539 4246 As-

1973 4279 2236 4348 syriorum
2275 4281 2454 4333 dicens
2484 4294 2502 4332 :
2539 4279 2728 4334 Ducite
2762 4281 2883 4336 inde
2908 4283 3274 4351 (sacerdotes)
3303 4294 3351 4339 et
3390 4302 3538 4340 acce-

1975 4369 2103 4423 dant
2147 4382 2197 4424 et
2227 4371 2461 4426 habitent
2509 4373 2602 4438 ibi,
2645 4382 2692 4426 et
2731 4373 3033 4428 illuminent
3070 4392 3155 4430 eos
3182 4376 3406 4446 judiciis
3442 4377 3541 4432 Dei

1976 4472 2148 4516 terrw.
2192 4460 2260 4515 Et
2309 4463 2640 4518 adduxerunt
2688 4481 2848 4517 unum
2881 4481 2944 4518 ea:
2987 4466 3365 4534 sacerdotibus,
3409 4479 3538 4538 quos

1976 4554 2358 4608 transtulerant
2406 4571 2470 4610 ex
2511 4555 2794 4620 Samaria,
2837 4570 2884 4610 et
2925 4558 3058 4611 sedit
3101 4559 3153 4611 in
3199 4558 3420 4612 Bwthel.
3466 4559 3537 4613 Et

1971 4653 2086 4699 erat
2127 4644 2368 4700 sacerdos
2399 4645 2704 4699 illuminans
2731 4663 2817 4701 eos
2852 4657 2909 4700 ut
2949 4649 3188 4702 timerent
3227 4648 3531 4705 Dominum.

1975 4732 2044 4786 Et
2075 4733 2244 4788 edocti
2278 4735 2336 4796 ii,
2366 4735 2455 4802 qui
2484 4735 2733 4788 translati
2751 4735 2979 4804 fuerant,
3006 4737 3164 4806 legem
3197 4737 3325 4805 ﬁliis
3361 4736 3536 4792 Israel

1973 4823 2243 4888 traditam,
2293 4841 2408 4877 eam
2444 4841 2544 4878 non
2573 4825 2795 4894 perfecte
2838 4829 3216 4890 custodierunt,
3259 4828 3348 4882 sed
3373 4827 3532 4882 simul

1968 4925 2018 4970 et
2053 4916 2152 4985 legi
2192 4931 2257 4970 ea:
2298 4927 2447 4984 parte
2491 4917 2779 4972 serviebant
2824 4930 2872 4973 et
2908 4921 3096 4989 patriis
3141 4922 3532 4977 consuetudini-

1969 5011 2062 5064 bus
2118 5010 2184 5063 "".
2247 5009 2324 5063 Ita
2371 5025 2430 5066 se
2481 5019 2800 5079 gesserunt,
2849 5011 3114 5081 eiectique
3149 5027 3179 5065 a
3227 5011 3336 5069 Deo
3375 5020 3524 5077 sunt.

1969 5102 2112 5172 quod
2149 5117 2256 5156 non
2288 5117 2506 5170 purum,
2550 5102 2644 5157 sed
2680 5103 2898 5159 mistum
2940 5104 3146 5158 cultum
3187 5103 3523 5169 exhiberem,

1969 5211 2143 5264 neque
2178 5196 2279 5265 legi
2329 5193 2552 5265 Moysis,
2586 5172 2763 5263 neque
2807 5195 2999 5264 patriis
3038 5195 3529 5264 consuetudinibus

1969 5285 2208 5357 perfecte
2260 5286 2580 5342 servientes.
2635 5285 2758 5341 Haec
2805 5302 2958 5344 .cum
3010 5287 3266 5353 sciamus,
3317 5275 3522 5353 dilecti,

1968 5394 2163 5447 purum
2185 5375 2294 5431 Deo
2315 5377 2523 5430 cultum
2544 5377 2921 5440 exhibeamus,
2942 5379 3199 5448 nulloque
3229 5377 3526 5448 impietatis

1967 5483 2160 5541 genere
2201 5470 2517 5538 permistum
2540 5507 2554 5532 ,
2588 5468 2682 5523 sed
2720 5468 3123 5524 immaculatum
3155 5476 3210 5523 et
3237 5467 3406 5538 pium,
3433 5468 3523 5524 cui

1971 5560 2114 5616 Deus
2160 5561 2261 5617 sibi
2311 5561 2629 5633 complacet.
2672 5559 2890 5616 Nullum
2917 5563 3080 5635 lenim
3118 5559 3372 5627 admittit,
3413 5560 3530 5631 imo,

2189 5720 2230 5753 τ’
2267 5715 2331 5770 IV
2378 5718 2505 5789 Reg.
2552 5733 2682 5784 xm,
2719 5716 2912 5777 εις-55.
