4032 6376
524 305 660 364 1557
1700 307 1761 362 S.
1800 305 2116 362 ATHANAS

2176 306 2262 362 JS.
2300 337 2369 348 ——
2411 305 2684 363 SPURIA.
3635 304 3768 362 1568

526 431 708 501 potius
737 429 1064 485 condemnat
1086 443 1209 484 eum
1239 429 1334 498 qui
1361 427 1578 483 duobus
1609 427 1845 483 dominis
1873 428 2089 483 serviat.

2195 428 2470 500 πατρῴοις
2517 427 2867 501 λατρεύοντες
2926 430 3005 492 εἰς
3055 427 3228 491 τέλος.
3280 426 3467 480 Ταῦτα
3520 427 3766 493 γνόντες,

525 523 870 578 Aversamini
902 521 1208 592 a'patribus
1236 520 1491 574 traditam
1520 521 1676 576 vobis
1705 519 2092 585 idololatriam,

2195 523 2487 593 ἀγαπητοὶ,
2536 522 2780 591 καθαρὰν
2824 522 3184 592 προσάγωμεν
3222 520 3302 592 τῷ
3332 521 3450 591 Θεῷ
3496 521 3764 591 λατρείαν,

525 615 800 670 hareticis
852 630 921 670 ne
965 613 1394 684 conjungamini.
1441 611 1750 682 Optabilius
1796 611 1940 666 enim
1986 612 2094 667 illis

2199 616 2272 685 μὴ
2310 614 2646 685 μεμιγμένον
2676 614 2901 684 ἔχουσαν
2925 613 3236 677 δυσσεϐείας
3271 609 3430 676 εἶδος,
3458 612 3572 666 ἀλλ’
3612 612 3767 665 ἄσπι-

526 707 721 763 fuisset
765 705 1044 761 veritatem
1078 720 1187 760 non
1215 706 1560 776 cognovisse,
1599 718 1760 774 quam
1804 711 2095 774 postquam

2194 705 2284 758 λον
2323 707 2418 760 καὶ
2446 705 2664 776 εὐσεϐῆ,
2754 706 2884 769 Θεὸς
2915 706 3117 776 ἥδεται.
3151 705 3357 760 Οὐδένα
3384 706 3492 777 γὰρ
3516 706 3764 776 ἀποδέχε-

524 805 896 868 cognoverant
939 796 1283 853 retrocedere
1321 797 1387 852 ⁷⁸.
1431 796 1730 852 Dicendum
1785 795 1928 850 enim
1986 794 2094 849 illis

2195 816 2304 864 ται,
2343 797 2540 868 μᾶλλον
2572 798 2628 852 δέ
2667 799 2986 869 κατακρίνει
3027 800 3146 853 δυσὶ
3189 799 3398 870 κυρίοις
3432 797 3758 854 δουλεύοντα.

523 900 630 955 est,
673 880 838 947 (Iunis
882 908 1118 946 reversus
1160 891 1228 944 ad
1274 892 1547 960 proprium
1598 891 1870 952 vomitum,
1919 897 1968 942 et
2005 904 2093 941 sua

2208 889 2617 959 Ἀποστράφητε
2648 889 2748 959 τὴν
2778 891 3254 961 πατροπαράδοτον
3301 889 3454 960 ὑμῶν
3492 888 3761 943 εἰδωλολα-

526 982 634 1036 lota
664 984 718 1037 in
745 985 1018 1038 volutabra
1049 985 1149 1037 luti
1184 985 1252 1039 τ’.
1286 983 1394 1038 Nos
1443 991 1622 1038 autem
1670 998 1777 1036 non
1808 981 1908 1044 sic,
1949 979 2092 1034 Unus

2193 982 2401 1054 τρείαν,
2451 982 2744 1052 αἱρετικοῖς
2803 983 2876 1054 μὴ
2931 983 3287 1037 συνάπτεσθε.
3349 985 3616 1053 Κρεϊσσον
3658 983 3759 1055 γὰρ

523 1079 659 1131 enim
684 1077 824 1132 Deus
853 1077 1000 1132 nobis
1026 1093 1091 1133 ea:
1117 1094 1216 1148 quo
1246 1078 1422 1132 omnia
1445 1077 1490 1108 '°
1517 1094 1532 1143 ;
1559 1075 1802 1130 Trinitas
1829 1072 2091 1144 perfecta,

2193 1077 2305 1137 τοῖς
2337 1073 2598 1138 τοιούτοις
2634 1073 2709 1146 μὴ
2748 1074 3109 1142 ἐπεγνωκέναι
3138 1074 3240 1146 τὴν
3278 1075 3557 1146 ἀλήθειαν,
3586 1075 3619 1146 ἦ
3646 1077 3759 1129 ἐπι-

523 1169 1032 1234 consubstantialis,
1068 1169 1297 1240 aqualis
1331 1169 1572 1232 virtutis,
1604 1167 1830 1237 aqualis
1858 1166 2044 1236 gloria
2075 1182 2090 1230 ;

2193 1166 2410 1235 γνοῦσιν
2448 1166 2540 1218 ἐπὶ
2577 1165 2645 1218 τὰ
2685 1165 2858 1218 ὀπίσω
2889 1164 3231 1235 ἀνακάμψαι.
3270 1165 3504 1229 Λεκτέον
3536 1163 3645 1235 γὰρ
3673 1165 3763 1218 αύ-

524 1257 687 1315 Pater
726 1263 966 1316 omnium
1011 1263 1278 1317 bonorum
1310 1261 1454 1324 fons,
1487 1277 1552 1316 ex
1582 1276 1690 1330 quo
1720 1258 1892 1314 Filius
1934 1265 2092 1312 natus

2192 1262 2335 1322 τοῖς·
2387 1261 2560 1313 Κύων
2598 1257 2966 1325 ἐπιστρέψας
3019 1258 3117 1310 ἐπὶ
3181 1257 3249 1310 τὸ
3295 1257 3450 1310 ἴδιον
3486 1256 3759 1324 ἐξέραμα,

524 1361 630 1415 est,
665 1367 730 1407 ex
777 1369 886 1424 quo
931 1354 1173 1426 Spiritus
1209 1363 1435 1410 sanctus
1484 1352 1747 1423 procedit,
1789 1353 1929 1406 sicut
1957 1351 2095 1405 scri-

2194 1349 2290 1402 καὶ
2324 1344 2400 1414 ὗς
2426 1346 2772 1415 λουσαμένη
2809 1349 2896 1411 εις
2925 1347 3188 1414 κὺλισμα
3210 1347 3527 1415 βορϐόρου.
3583 1346 3764 1416 Ἡμεῖς

524 1451 675 1511 ptum
733 1452 866 1498 est:
933 1442 1049 1500 Una
1108 1445 1285 1499 deitas
1341 1444 1396 1498 in
1455 1444 1634 1497 tribus
1706 1441 2092 1513 hypostasibus

2191 1441 2248 1495 δὲ
2276 1441 2371 1510 οὐχ
2403 1440 2602 1502 οὕτως·
2639 1433 2741 1504 Εἷς
2767 1439 2874 1508 γὰρ
2901 1439 3042 1504 Θεὸς
3065 1438 3226 1508 ἡμῖν,
3253 1439 3322 1502 ἐξ
3341 1434 3413 1492 οὗ
3441 1436 3513 1491 τὰ
3539 1438 3761 1491 ruina-

522 1533 760 1603 cognita.
817 1532 924 1589 Sed
981 1537 1034 1590 in
1080 1535 1396 1591 novissimis
1453 1531 1790 1602 temporibus
1835 1532 2092 1587 misertus

2192 1533 2360 1604 Τριάς
2395 1532 2595 1596 τελεία,
2633 1531 2937 1602 ὁμοούσιος,
2967 1531 3305 1602 ίσοδύναμος,
3341 1532 3622 1601 ίσοκλεής⁸
3659 1533 3765 1585 Πα-

523 1627 741 1695 generis
780 1627 1004 1682 humani
1042 1628 1189 1698 quod
1232 1628 1442 1697 lapsum
1483 1634 1634 1690 erat,
1663 1624 1806 1695 quod
1845 1632 2090 1677 creatum

2191 1626 2351 1696 τὴρὴ
2383 1625 2597 1678 πάντων
2633 1623 2738 1676 τῶν
2767 1623 2983 1692 ἀγαθῶν
3014 1622 3182 1693 πηγὴ,
3215 1623 3273 1687 ἐξ
3301 1618 3361 1676 οὗ
3401 1625 3430 1677 6
3460 1623 3587 1686 Υἱὸς
3613 1624 3763 1691 ἐγεν-

522 1714 704 1771 fuerat
773 1718 841 1772 ad
906 1718 1198 1790 imaginem
1265 1727 1322 1772 et
1395 1715 1811 1770 similitudinem
1855 1713 1972 1777 Dei,
2036 1722 2091 1767 et

2191 1717 2348 1790 νήθη,
2379 1719 2437 1784 ἐξ
2466 1710 2528 1770 οὗ
2555 1717 2614 1770 τὸ
2642 1716 2863 1786 Πνεῦμα
2886 1716 2946 1769 τὸ
2973 1716 3124 1785 ἆγιον
3152 1716 3508 1786 ἐκπορεύεται
3544 1717 3684 1770 κατὰ
3709 1718 3763 1770 τὸ

521 1813 847 1864 conversum
871 1808 1046 1864 fuerat
1073 1811 1141 1865 ad
1173 1808 1543 1864 adorationem
1570 1822 1797 1878 operum
1828 1821 2088 1860 manuum

2273 1783 2591 1881 τραμμένον·
2624 1808 2737 1860 Μία
2765 1783 2952 1878 θἐότης
2984 1783 3042 1860 ἐν
3065 1809 3240 1880 τρισὶν
3266 1783 3598 1861 ὑποστάσεσι
3625 1825 3760 1876 γνω-
3859 1849 3865 1858 .

522 1913 771 1964 suarum,
801 1898 1020 1954 demisit
1064 1901 1305 1970 seipsum
1355 1897 1423 1952 ad
1465 1899 1828 1953 voluntariam
1860 1914 2090 1956 evacuar

2195 1900 2471 1972 ριζομένη.
2513 1900 2651 1952 Ἀλλ’
2691 1900 2749 1952 ἐν
2797 1899 3044 1968 ἐσχάτοις
3077 1903 3288 1971 καιροῖς
3335 1900 3667 1970 κατελεήσας
3706 1900 3762 1952 τὺ

519 1989 726 2044 tionem
782 1992 1121 2062 unigenitum
1175 1991 1270 2047 Dei
1318 1990 1578 2054 Verbum,
1625 1991 2090 2046 consubstantiale

2189 1991 2490 2062 ὠλισθηκδς
2536 1992 2616 2054 εἰς
2660 1990 2912 2044 ἀσέϐειαν
2961 1991 3116 2057 γένος
3163 1990 3270 2042 τῶν
3325 1987 3665 2060 ἀνθρώπων,
3708 1990 3763 2042 τὸ

519 2079 670 2136 Patri
715 2083 1014 2137 secundum
1047 2083 1327 2149 deitatem,
1353 2091 1408 2140 et
1449 2083 1915 2138 consubstantiale
1954 2099 2090 2151 quo-

2191 2084 2405 2138 κτισθέν
2449 2085 2568 2136 κατ’
2597 2083 2778 2136 εἰκόνα
2820 2084 2911 2137 καὶ
2951 2083 3204 2154 ὁμοίωσιν
3249 2083 3408 2146 Θεοῦ,
3446 2085 3654 2154 τραπὲν
3689 2086 3761 2146 είς

519 2189 626 2244 que
655 2174 811 2230 nobis
846 2175 1146 2230 secundum
1194 2175 1586 2231 humanitatem
1621 2191 1636 2237 ;
1676 2183 1731 2230 et
1770 2176 2090 2229 incarnatur

2193 2177 2562 2248 προσκύνησιν
2589 2175 2697 2227 τῶν
2728 2174 2900 2246 ἔργων
2929 2174 3034 2226 τῶν
3064 2175 3260 2244 χειρῶν
3293 2175 3496 2238 αὐτῶν,
3531 2175 3763 2245 καθῆκεν

517 2281 584 2320 ex
609 2275 798 2321 sancta
828 2275 882 2322 et
905 2265 1137 2338 Deipara
1168 2267 1411 2340 Virgine,
1447 2268 1724 2338 vitamque
1747 2275 1990 2322 nostram
2021 2266 2088 2321 ad

2190 2268 2381 2321 ἐαυτὸν
2417 2270 2496 2331 είς
2532 2266 2776 2320 ἑκούσιον
2828 2267 3054 2320 κένωσιν
3098 2269 3126 2320 6
3171 2269 3468 2338 μονογενὴς
3504 2266 3598 2320 τοῦ
3637 2267 3761 2321 Θεοῦ

516 2366 724 2414 rectum
757 2360 1000 2416 ordinem
1026 2360 1269 2427 deducit,
1292 2362 1494 2417 docens
1528 2377 1621 2432 per
1652 2362 2088 2430 evangelicarum

2190 2360 2380 2427 Λόγος,
2409 2361 2438 2413 6
2461 2357 2742 2430 όμοούσιος
2765 2355 2842 2426 τῷ
2885 2358 3058 2429 Πατρὶ
3098 2358 3238 2411 κατὰ
3263 2358 3362 2429 τὴν
3401 2358 3654 2428 θεότητα,
3677 2358 3763 2411 καὶ

516 2451 968 2521 pradicationum
1013 2452 1342 2519 doctrinam,
1387 2453 1662 2526 quomodo
1705 2461 1952 2523 oporteat
2008 2452 2090 2505 vi-

2189 2451 2471 2522 όμοούσιος
2499 2452 2528 2503 6
2562 2452 2722 2514 αὐτὸς
2751 2451 2880 2521 ἡμῖν
2913 2449 3053 2503 κατὰ
3091 2451 3188 2520 τὴν
3215 2450 3615 2522 άνθρωπότητα
3634 2467 3647 2480 ο
3677 2453 3762 2503 καὶ

518 2557 682 2608 vere;
729 2551 783 2598 et
831 2543 1033 2613 patitur
1078 2545 1297 2614 propria
1337 2559 1438 2600 sua
1477 2559 1664 2608 carne,
1704 2553 1760 2598 et
1800 2551 2088 2614 postquam

2192 2541 2486 2612 σαρκοῦται
2517 2542 2581 2594 ἐκ
2605 2541 2704 2610 τῆς
2727 2540 2887 2608 ἁγίας
2915 2541 3006 2594 καὶ
3037 2541 3301 2594 Θεοτὸκου
3336 2541 3613 2614 Παρθένου
3635 2559 3649 2572 ·
3677 2544 3762 2596 καὶ

517 2635 810 2705 spoliasset
835 2635 1131 2704 infernum,
1165 2637 1454 2692 triduanus
1490 2638 1708 2700 revixit,
1737 2636 2090 2704 ascenditque

2191 2634 2441 2705 ῥυθμίζει
2481 2635 2571 2687 τὸν
2617 2634 2878 2705 ἡμέτερον
2923 2634 3055 2704 βίον,
3101 2633 3318 2699 διδάξας
3361 2635 3480 2699 πῶς
3519 2635 3602 2688 δεῖ
3626 2635 3761 2706 βιοῦν

517 2725 572 2780 in
613 2728 806 2789 calas,
843 2727 1102 2799 sedetque
1139 2729 1205 2783 ad
1242 2728 1520 2785 dexteram
1560 2730 1865 2800 maiestatis
1901 2729 1953 2782 in
1993 2744 2089 2782 ex-

2187 2727 2276 2780 διά
2300 2727 2398 2796 τῆς
2428 2725 2532 2780 τῶν
2563 2726 2930 2795 εύαγγελικῶν
2978 2728 3349 2799 κηρυγμάτων
3387 2728 3757 2791 διδασκαλίας·

515 2818 699 2872 celsis.
767 2817 943 2888 Ipsum
999 2829 1288 2877 venturum
1363 2832 1745 2893 exspectamus
1797 2823 1854 2876 in
1917 2821 2088 2891 gloria

2189 2819 2284 2872 καὶ
2322 2819 2522 2890 πάσχει
2566 2821 2632 2889 τῇ
2667 2819 2771 2889 ἰδίᾳ
2799 2818 2962 2871 αὑτοῦ
2996 2821 3180 2891 σαρκὶ,
3223 2820 3316 2874 καὶ
3350 2820 3653 2884 σκυλεύσας
3683 2821 3762 2875 τὸν

515 2907 716 2972 Patris,
759 2912 1096 2981 judicantem
1145 2915 1298 2970 vivos
1341 2923 1395 2971 et
1437 2927 1724 2980 mortuos;
1771 2913 2088 2967 reddentem

2189 2910 2341 2982 ᾅδην,
2371 2911 2567 2964 ἀνεϐίω
2595 2912 2912 2982 τριήμερος,
2947 2911 3237 2983 ἀνελήλυθέ
3275 2930 3334 2966 τε
3369 2915 3450 2976 εἰς
3486 2913 3761 2986 οὐρανοὺς,

516 3001 819 3072 unicuique
865 3003 1164 3058 secundum
1208 3021 1371 3076 opera
1399 3005 1519 3075 ejus
1540 3045 1554 3069 ,
1587 3005 1692 3074 piis
1721 3003 1938 3075 quidem
1968 3015 2090 3072 qua

2190 3002 2284 3055 καὶ
2328 3002 2581 3056 ἐκάθισεν
2608 3005 2665 3054 ἐν
2691 3002 2838 3072 δεξιᾷ
2867 3004 2967 3073 τῆς
2999 3004 3388 3074 μεγαλωσύνης
3435 3006 3492 3056 ἐν
3528 3005 3762 3076 ὑψηλοῖς.

515 3091 711 3148 oculus
764 3110 873 3148 non
918 3097 1074 3160 vidit,
1127 3114 1228 3152 nec.
1275 3098 1426 3154 auris
1478 3098 1719 3164 audivit,
1754 3112 1854 3151 nec
1897 3099 1950 3151 in
1992 3112 2088 3150 cor

2189 3093 2360 3148 Αὑτὸν
2391 3094 2541 3164 ἥξειν
2576 3093 2957 3164 προσδοκῶμεν
2989 3096 3048 3147 ὲν
3075 3094 3202 3170 δόξῃ
3251 3095 3344 3148 τοῦ
3390 3097 3606 3168 Πατρὸς
3651 3098 3764 3167 κρί·

516 3185 755 3242 hominis
819 3191 1105 3256 ascendit;
1174 3192 1371 3261 impios
1439 3200 1618 3247 autem
1677 3191 1978 3246 mittentem
2028 3189 2086 3244 in

2191 3204 2348 3241 νοντα
2375 3186 2578 3251 ζῶντας
2622 3187 2717 3239 καὶ
2749 3185 3000 3257 νεκρούς·
3044 3188 3257 3258 ἑκάστῳ
3285 3187 3608 3241 ἀποδιδόντα
3635 3189 3765 3241 κατὰ

516 3277 718 3348 ignem,
762 3280 852 3334 ubi
897 3282 1098 3338 vermis
1141 3283 1233 3352 qui
1285 3299 1394 3338 non
1439 3287 1695 3348 moritur,
1739 3299 1801 3336 ac
1841 3281 1998 3336 fletus
2031 3287 2087 3336 et

2192 3279 2259 3332 τὰ
2287 3278 2423 3351 ἔργα
2447 3277 2630 3343 αὐτοῦ,
2661 3280 2773 3342 τοῖς
2826 3278 2925 3349 μὲν
2960 3278 3260 3341 εύσεϐέσιν,
3291 3279 3327 3333 ά
3359 3279 3644 3352 ὀφθαλμὸς
3675 3282 3765 3333 ούκ

517 3369 722 3425 stridor
754 3371 1016 3428 dentium.

2194 3367 2320 3436 εἶδε,
2354 3371 2449 3424 καὶ
2472 3365 2564 3434 οὖς
2590 3370 2691 3424 οὐκ
2714 3370 2934 3441 ἢκουσε,
2970 3373 3063 3425 καὶ
3099 3372 3194 3424 ἐπὶ
3220 3371 3451 3442 καρδίαν
3485 3372 3764 3444 ἀνθρώπου

514 3461 615 3514 ούκ
642 3461 844 3534 άνΞη·
874 3465 1090 3530 ἀσεϐεῖς
1130 3465 1185 3520 δὲ
1226 3467 1622 3522 ἀποστέλλοντα
1663 3471 1743 3533 εἰς
1806 3467 1868 3521 τὸ
1918 3464 2028 3536 πῦρ
2067 3463 2130 3518 τὸ
2167 3463 2403 3528 αἰώνιον,
2439 3465 2572 3517 ὅπου
2618 3463 2646 3516 6
2694 3462 3049 3535 άτελεύτητος
3096 3462 3331 3535 σκώληξ,
3366 3465 3464 3519 καὶ
3505 3467 3538 3518 6
3609 3465 3766 3520 κλαυ-

512 3556 651 3627 θμὸς
682 3559 776 3611 καὶ
807 3562 834 3613 6
865 3561 1108 3632 βρυγμὸς
1137 3563 1244 3614 τῶν
1275 3565 1522 3620 ὀδόντων.

586 3649 633 3683 ’³
674 3650 714 3705 ll
748 3651 893 3708 Petr.
932 3671 992 3720 ll,
1027 3656 1116 3710 2f.
1192 3660 1236 3690 ⁷⁸
1278 3658 1410 3715 ibid.
1447 3659 1557 3726 2:2;
1595 3657 1754 3715 Prov.
1789 3674 1948 3722 xxvr,
1991 3659 2070 3712 ll.
2150 3654 2178 3685 ⁸⁴

1071 3657 1116 3710 l.
1192 3660 1236 3690 "
1278 3658 1410 3715 ibid.
1447 3659 1557 3726 22;
1595 3657 1754 3715 Prov.
1789 3674 1948 3722 xxvi,
1991 3659 2070 3712 ll.
2150 3654 2194 3685 ⁸⁸
2230 3650 2250 3703 l
2281 3653 2408 3708 Cor.
2446 3670 2574 3717 vm,
2608 3670 2661 3710 ο.

869 3971 1470 4080 DIATBIBE
1535 3976 1666 4084 IN
1731 3975 2439 4081 SYMBOLUM
2509 3977 3452 4107 QUICUNQUE.

589 4164 663 4221 De
698 4165 957 4236 Symbolo
998 4165 1304 4236 Quicunque
1331 4166 1608 4236 praterito
1643 4182 1708 4222 ac
1743 4166 1999 4236 prasenti
2035 4165 2238 4221 saculo
2279 4181 2310 4219 a
2350 4164 2536 4220 multis
2567 4164 2770 4218 acriter
2803 4169 2888 4218 est
2915 4161 3275 4233 disputatum,
3319 4167 3446 4223 aliis
3479 4170 3765 4227 Athanasio

515 4261 948 4326 vindicantibus,
975 4262 1098 4318 aliis
1124 4278 1155 4317 a
1180 4261 1377 4319 Latino
1424 4264 1692 4334 scriptore
1731 4264 2056 4319 adornatum
2083 4261 2254 4318 fuisse
2284 4261 2676 4333 pugnantibus.
2710 4258 2776 4313 Et
2807 4274 2938 4315 sane
2979 4264 3128 4312 tanta
3175 4266 3258 4314 est
3296 4263 3552 4330 opusculi
3601 4264 3768 4334 digni-

517 4363 627 4419 tas,
661 4363 772 4413 tam
801 4369 1038 4410 concors
1075 4353 1320 4410 omnium
1350 4355 1721 4414 Ecclesiarum
1755 4357 1810 4412 in
1846 4373 1932 4422 eo,
1964 4373 2073 4413 non
2120 4357 2298 4414 solum
2339 4357 2677 4427 recipiendo,
2706 4355 2799 4412 sed
2829 4355 2992 4410 etiam
3034 4354 3436 4415 alternantibus
3462 4360 3650 4416 choris
3677 4377 3768 4432 pu-

517 4449 658 4505 blice
688 4448 972 4505 recitando
1009 4451 1390 4516 consuetudo;
1424 4460 1482 4506 ut
1517 4467 1626 4507 non
1671 4453 1868 4507 mirum
1915 4453 1960 4508 si
1997 4454 2051 4508 in
2087 4453 2210 4523 ejus
2239 4453 2619 4524 investigando
2654 4453 2924 4521 scriptore
2963 4450 3306 4506 eruditorum
3352 4453 3586 4510 desudet
3617 4457 3770 4511 indu-

518 4539 686 4605 stria;
736 4540 788 4595 in
835 4539 1064 4610 diesque
1098 4555 1252 4596 nova
1291 4540 1556 4611 prodeant
1601 4540 1670 4597 de
1718 4541 1990 4612 ejusmodi
2039 4551 2365 4616 argumento
2393 4542 2822 4598 lucubrationes.
2867 4539 3145 4596 Prolixum
3185 4558 3250 4597 ac
3284 4543 3544 4602 fortassis
3587 4549 3769 4603 lectori

519 4635 880 4700 iniucundum
908 4644 964 4691 et
994 4635 1341 4693 fastidiosum
1380 4647 1547 4704 esset,
1585 4636 1630 4692 si
1659 4638 1841 4692 omnia
1871 4653 2288 4695 recenseremus
2317 4653 2436 4709 qua
2458 4652 2521 4692 ea
2551 4637 2618 4691 de
2651 4651 2710 4690 re
2746 4641 2936 4690 nostro
2963 4646 3290 4706 patrumque
3319 4646 3642 4694 nostrorum
3662 4656 3771 4696 avo

519 4743 550 4782 a
578 4729 747 4784 variis
774 4729 1096 4785 auctoribus
1121 4729 1434 4800 conscripta
1462 4740 1624 4797 sunt;
1662 4745 1728 4784 ex
1756 4746 1990 4801 quorum
2020 4747 2250 4786 numero
2280 4735 2374 4801 qui
2399 4738 2780 4802 argumentum
2813 4730 2989 4786 fusius
3020 4733 3450 4803 accuratiusque
3475 4742 3771 4804 pertracta-

519 4833 671 4888 runt,
704 4823 853 4878 docti
881 4824 983 4878 viri
1015 4832 1166 4890 sunt,
1196 4824 1479 4889 Usserius,
1517 4823 1745 4882 Vossius
1784 4825 1861 4882 De
1902 4828 2072 4884 tribus
2104 4827 2394 4899 Symbolis,
2433 4828 2752 4894 Quenellus,
2790 4826 3174 4896 Gundlingius.
3208 4823 3550 4889 Tentzelius,
3583 4843 3647 4882 ac
3679 4844 3772 4881 no-

519 4917 746 4972 vissime
774 4917 1018 4971 omnium
1045 4918 1413 4977 Anthelmius.
1446 4921 1811 4989 Quamobrem
1841 4926 2032 4993 paucis
2065 4939 2166 4979 nos
2198 4939 2298 4994 pro
2322 4924 2560 4979 instituti
2597 4925 2771 4979 nostri
2799 4925 3010 4978 ratione
3039 4937 3153 4977 rem
3193 4922 3546 4992 indagamus,
3589 4940 3653 4978 ea
3695 4933 3773 4977 ta-

521 5023 644 5063 men
673 5009 811 5079 lege,
848 5016 906 5061 ut
947 5008 1082 5063 nihil
1120 5024 1309 5066 eorum
1341 5012 1825 5082 pratermittamus
1850 5030 1971 5083 qua
2006 5013 2072 5069 ad
2104 5025 2312 5069 rectum
2352 5022 2517 5070 tanta
2545 5015 2934 5070 controversia
2957 5018 3238 5089 κριτήριον
3269 5019 3565 5089 pertinent.
3603 5018 3772 5085 Quare

521 5103 698 5172 primo
731 5113 976 5158 veterum
1000 5102 1068 5159 de
1094 5102 1353 5176 Symbolo
1385 5106 1721 5172 testimonia,
1756 5107 1942 5164 habita
1969 5119 2275 5181 temporum
2303 5110 2538 5173 ratione.
2575 5125 2926 5167 recensemus
2947 5127 2961 5175 ;
2985 5112 3042 5166 2°
3069 5115 3300 5184 Agimus
3319 5116 3388 5170 de
3413 5116 3690 5178 codicum,
3721 5116 3768 5167 in

519 5195 720 5264 quibus
749 5203 929 5252 exstat
958 5195 1063 5251 hoc
1087 5201 1435 5268 opusculum,
1469 5210 1649 5266 atate,
1689 5201 2025 5266 conditione,
2063 5218 2127 5258 ac
2158 5203 2576 5274 inscriptionum
2602 5203 2898 5269 varietate;
2925 5203 2982 5257 5·
3005 5203 3106 5260 Cui
3146 5209 3219 5262 sit
3245 5208 3464 5262 auctori
3498 5209 3770 5263 ascriben-

520 5295 650 5348 dum
689 5295 1022 5366 quarimus;
1054 5294 1111 5348 4'
1141 5294 1216 5350 De
1237 5295 1405 5349 variis
1439 5295 1654 5364 agimus
1688 5293 1930 5367 Symboli
1965 5295 2236 5360 formulis,
2258 5311 2383 5352 cum
2407 5295 2618 5352 Latinis
2649 5303 2764 5348 tum
2795 5293 3022 5361 Gracis,
3055 5313 3176 5370 qua
3198 5313 3232 5354 a
3257 5299 3593 5369 quibusdam
3620 5300 3771 5369 hujus

521 5389 618 5441 avi
653 5389 1016 5460 scriptoribus
1054 5389 1360 5446 observata
1387 5391 1660 5461 editaque
1684 5389 1931 5446 fuerunt.

753 5559 760 5566 ί
1612 5503 1652 5559 Ι.
1697 5505 2016 5559 Testimouia
2045 5514 2271 5560 veterum
2302 5505 2345 5560 dt

1612 5503 1652 5559 Ι.
1697 5505 2016 5559 Testimouia
2045 5514 2271 5560 veterum
2302 5505 2366 5561 de
2404 5505 2672 5578 Symbolo.

596 5587 714 5644 Non
741 5591 941 5648 desunt
965 5593 1058 5665 qui
1090 5611 1155 5650 ex
1183 5595 1364 5664 quarti
1397 5597 1583 5652 saculi
1619 5597 1982 5667 scriptoribus
2023 5598 2336 5652 testimonia
2365 5605 2573 5670 petant,
2612 5604 2671 5653 ut
2697 5597 3054 5654 Athanasium
3085 5597 3331 5670 Symboli
3373 5599 3593 5658 Patrem
3625 5614 3764 5658 assc-

530 5689 690 5752 rant;
724 5685 993 5756 ejusmodi
1035 5697 1121 5746 est
1150 5689 1284 5748 illud
1323 5690 1568 5764 Gregorii
1602 5691 1929 5750 Nazianzeni
1967 5693 2118 5749 Orat.

2176 5693 2245 5760 ll,
2278 5694 2498 5765 Πρῶτος
2538 5695 2629 5748 καὶ
2663 5693 2841 5764 μόνος,
2887 5694 2982 5749 καὶ
3021 5691 3216 5764 κομιδῇ
3259 5693 3360 5748 σὺν
3387 5693 3612 5764 ὀλίγοις,
3641 5693 3768 5747 ἀπο-
