4032 6376
297 318 438 374 1569
1280 316 1597 376 DIATRIBE
1637 319 1704 375 IN
1738 319 2113 379 SYMBOLUM
2155 323 2621 394 QUICUNQUE.
3397 333 3535 391 I570

294 432 468 503 τολμᾷ
493 431 592 502 τὴν
619 429 896 502 ἀλήθειαν,
926 429 1113 499 σαφῶς
1137 429 1334 485 οὑτωσὶ
1364 435 1457 486 καὶ
1487 432 1780 506 διαρῤήδην
1807 433 1914 488 τῶν
1955 435 2124 508 τριῶν
2153 435 2383 508 θεότητα
2414 438 2510 491 καὶ
2533 438 2721 491 οὐσίαν
2760 438 3058 511 ἐγγράφως
3087 442 3450 518 ὁμολογήσας.
3476 445 3531 501 Id

291 529 414 576 est:
441 519 657 576 Primus
687 521 776 576 ille
802 521 1165 594 (Athanasius)
1201 533 1252 579 et
1279 525 1445 590 solus,
1469 525 1548 580 vel
1567 542 1686 580 cum
1715 526 2002 580 admodum
2023 529 2229 597 paucis,
2256 530 2523 584 veritatem
2554 531 2736 599 palam
2767 533 3062 605 apertisque
3092 535 3260 591 verbis
3292 538 3535 607 proﬁteri

290 631 457 669 ausus
485 624 584 683 est,
631 615 789 670 trium
824 631 1169 684 personarum
1199 617 1462 672 Deitatem
1505 629 1556 672 et
1603 617 1960 674 substantiam
1991 624 2188 688 scripto
2219 621 2507 690 confessus.
2543 621 2674 688 Qua:
2722 631 3008 680 autumant
3053 627 3128 681 illi
3171 627 3240 684 de
3271 629 3534 700 Symbolo

291 705 603 777 Quicunque
619 704 749 759 dici.
775 703 903 771 Sed,
929 711 989 758 ut
1016 721 1177 761 nemo
1197 721 1304 761 nou
1328 707 1494 773 videt,
1516 707 1786 762 levissima
1809 709 1918 762 imo
1939 709 2086 762 nulla
2111 709 2340 764 ratione.
2365 708 2505 776 Quid
2538 725 2718 766 causae
2743 715 2888 770 enim
2921 726 3007 773 est
3039 731 3097 773 ut
3126 720 3191 774 ad
3225 721 3534 790 symbolum
3576 747 3579 750 -

292 797 602 868 Quicunque
629 798 683 852 id
713 796 1002 864 referatur,
1031 817 1152 857 cum
1170 803 1309 857 binae
1333 811 1546 859 exstent
1567 803 1852 858 Athanasii
1882 802 2260 860 confessiones
2282 803 2436 872 ﬁdei;
2463 819 2692 875 quarum
2715 809 2889 878 prima
2917 810 3157 880 ἔκθεσις
3181 814 3439 882 πίστεως
3465 814 3538 870 ti-

291 895 469 949 tulum
500 894 684 961 habet,
715 895 954 950 secunda
992 895 1060 947 ad
1085 893 1368 948 Iovianum
1407 904 1793 965 nuncupatur;
1830 904 1885 950 et
1919 896 1975 950 in
2027 904 2256 966 utraque
2286 896 2490 967 pariter
2514 897 2676 951 trium
2714 914 3068 968 personarum
3101 903 3278 960 deius
3319 912 3373 960 et
3403 905 3540 961 sub.

289 993 498 1049 stantia
524 992 888 1065 praedicatur?
916 991 1227 1059 Quinetiam
1257 992 1352 1048 illo
1392 991 1640 1064 Gregorii
1685 993 1842 1060 loco,
1885 994 2037 1048 nulla
2065 995 2339 1049 indicatur
2371 993 2496 1050 ﬁdei
2537 994 2847 1062 confessio;
2893 995 2988 1050 sed
3032 995 3234 1050 dicitur
3271 996 3540 1052 duntaxat

288 1094 455 1146 trium
479 1105 838 1162 personarum
868 1090 1125 1145 deitatem
1147 1096 1202 1146 et
1235 1090 1530 1146 essentiam
1561 1089 1891 1160 praedicasse
1909 1090 2270 1146 Athanasium
2295 1109 2309 1145 :
2342 1089 2490 1161 quod
2519 1091 2574 1145 in
2599 1090 2714 1146 suis
2747 1090 2835 1146 ille
2851 1090 3072 1161 scriptis
3102 1089 3223 1146 fuse
3248 1099 3302 1146 et
3325 1090 3543 1147 naviter

286 1190 589 1242 CXSCClllUS
619 1191 723 1238 est.

359 1273 616 1330 Testatur
643 1271 900 1344 Ughellus
931 1277 1065 1325 tom.
1096 1267 1160 1323 IV
1198 1268 1376 1324 Italia:
1407 1287 1595 1335 sacrm,
1646 1269 2011 1326 Gaudentium
2059 1270 2420 1332 Brixiensem,
2453 1271 2544 1341 qui
2575 1280 2773 1340 quarto
2811 1276 3012 1330 saculo
3048 1275 3205 1339 vixit,
3246 1274 3544 1333 Commen-

287 1367 528 1424 tationes
572 1365 808 1422 edidisse
829 1365 882 1419 in
913 1364 1226 1434 Symbolum
1261 1365 1568 1430 Athanasii,
1592 1381 1731 1436 quas
1755 1375 1970 1421 exstare
1994 1365 2069 1419 ait
2098 1366 2150 1420 in
2173 1365 2343 1420 veteri
2371 1364 2476 1418 PP.
2510 1365 2865 1424 Bibliotheca.
2888 1367 3094 1424 Verum.
3118 1369 3224 1424 illae
3252 1369 3538 1424 Commeno

287 1462 527 1517 tationes
556 1474 825 1530 nusquam
858 1471 1194 1531 comparent,
1235 1475 1335 1516 nec
1365 1461 1435 1516 ab
1465 1462 1573 1516 alio
1603 1462 1860 1532 quopiam
1905 1462 2176 1533 scriptore
2211 1461 2607 1517 animadversas
2651 1474 2797 1517 sunt.
2829 1461 3196 1526 Quamobrem
3236 1461 3374 1514 nihil
3407 1461 3538 1516 hinc

285 1555 598 1627 argumenti
631 1554 753 1609 elici
782 1562 984 1625 potest.

360 1649 697 1706 Aﬁ'erebatur
723 1647 852 1704 olim
895 1648 1048 1702 locus
1073 1661 1136 1703 ex
1162 1647 1468 1718 Augustino
1500 1649 1555 1703 in
1577 1650 1769 1719 psalm.
1797 1663 1924 1711 cxx,
1966 1649 2021 1702 in
2049 1648 2165 1702 hac
2192 1647 2355 1704 verba
2381 1667 2395 1702 :
2424 1647 2527 1702 Per
2557 1649 2698 1702 diem
2738 1647 2821 1701 sol
2851 1665 2956 1703 non
2984 1657 3097 1702 uret
3125 1657 3192 1715 te,
3217 1663 3378 1718 neque
3404 1647 3532 1700 luna

284 1763 380 1816 per
405 1753 606 1800 noctem
629 1744 697 1809 ⁸⁸,
734 1742 826 1797 ubi
865 1742 937 1795 ita
969 1741 1167 1812 legitur
1200 1740 1252 1794 in
1287 1741 1617 1812 quibusdam
1662 1741 1826 1797 editis
1855 1759 1867 1795 :
1901 1739 1976 1795 De
2009 1741 2106 1796 hoc
2133 1741 2244 1794 sole
2274 1740 2440 1794 Pater
2468 1740 2793 1794 Athanasius
2827 1741 3219 1797 Alexandrinus
3257 1742 3532 1808 episcopus

285 1846 366 1898 ita
399 1844 615 1913 pulchre
636 1843 841 1898 locutus
867 1843 936 1896 sit
966 1858 984 1896 :
1019 1836 1214 1902 Filius,
1245 1839 1443 1910 inquit,
1476 1839 1574 1893 Dei
1596 1856 1629 1893 a
1656 1838 1822 1893 Patre
1847 1840 1982 1902 solo,
2014 1855 2115 1894 non
2146 1840 2343 1908 factus,
2380 1855 2473 1892 nec
2505 1848 2736 1901 creatus,
2777 1831 2867 1892 sed
2896 1834 3121 1908 genitus.
3148 1829 3346 1884 Verum
3392 1828 3529 1892 haec,

287 1944 350 1990 ut
369 1936 484 2006 jam
511 1937 718 2007 pridem
759 1935 1104 1993 observatum
1134 1939 1256 2001 fuit,
1285 1938 1590 1994 adulterata
1610 1947 1738 1995 sunt
1767 1959 1779 1994 :
1805 1946 1883 2007 et,
1914 1947 1972 1992 ut
1997 1939 2152 1992 aiunt
2183 1937 2356 1991 nostri
2382 1937 2437 1989 in
2468 1943 2744 2006 postrema
2774 1931 3063 2001 Augustini
3089 1927 3348 1989 editione,
3380 1926 3531 1980 nulla

286 2036 372 2082 est
412 2027 466 2081 in
505 2027 784 2082 codicibus
817 2027 1122 2094 Athanasii,
1158 2030 1386 2099 ejusque
1423 2029 1664 2101 Symboli
1692 2029 2188 2092 mentio.‘Aﬂ'ertur
2212 2029 2338 2082 item
2369 2027 2661 2081 concilium
2695 2041 2745 2078 IV
2770 2023 3091 2078 Toletauum
3125 2035 3274 2074 anno
3301 2018 3408 2072 673
3436 2033 3529 2072 ce-

286 2121 576 2186 lebratum,
609 2119 663 2174 in
695 2119 854 2186 cujus
890 2122 1129 2190 capitulo
1155 2121 1180 2174 1
1209 2121 1409 2176 dicitur
1439 2120 1653 2176 Patrem
1685 2137 1715 2174 a
1747 2122 1898 2175 nullo
1938 2119 2165 2181 factum,
2195 2127 2302 2174 etc.
2336 2117 2466 2184 Quae
2496 2119 2659 2172 verba
2697 2133 2765 2172 ex
2810 2115 3066 2187 Symbolo
3096 2113 3402 2183 Quicunque
3435 2128 3537 2167 ex-.

287 2217 476 2278 cerpta
500 2215 779 2280 putantur.
806 2209 871 2262 Et
910 2224 1038 2264 vero
1071 2218 1286 2266 constat
1314 2212 1426 2282 jam
1456 2211 1550 2265 illo
1581 2227 1697 2266 avo
1720 2212 2005 2267 Athanasii
2038 2213 2093 2265 in
2126 2211 2406 2266 nonnullis
2438 2210 2629 2264 saltem
2659 2209 2796 2263 locis
2828 2221 3027 2262 nomen
3057 2206 3385 2276 praetulisse.

360 2301 552 2358 Exstat
587 2302 729 2356 inter
765 2301 959 2357 Isidori
992 2302 1330 2376 Hispalensis
1363 2320 1528 2375 opera
1566 2306 1793 2376 epistola
1827 2305 1893 2358 ad
1925 2303 2235 2368 Claudium,
2275 2305 2369 2360 ubi
2394 2305 2678 2360 Athanasii
2713 2305 3028 2375 Symbolum
3074 2309 3430 2357 memoratur.
3461 2301 3532 2355 At

287 2405 524 2448 concors
561 2401 644 2449 est
669 2395 911 2448 omnium
946 2411 1080 2465 pene
1111 2398 1382 2453 sententia
1422 2412 1541 2452 eam
1569 2398 1856 2467 epistolam
1891 2414 2104 2455 necnon
2136 2399 2273 2452 alias
2298 2397 2595 2468 permultas
2620 2411 2652 2450 a
2693 2396 2910 2450 Breulio
2939 2394 3133 2450 lsidori
3168 2393 3388 2448 nomine
3424 2408 3530 2462 pu-

286 2491 538 2556 blicatas,
573 2506 697 2547 esse
721 2492 1114 2562 supposititias.

357 2583 574 2640 Certius
604 2583 823 2639 aﬁ'ertur
847 2583 1216 2640 testimonium
1243 2599 1311 2638 ex
1334 2583 1638 2640 canonibus
1665 2584 2035 2642 lEduensibus
2051 2600 2081 2639 a
2099 2585 2388 2642 Sirmondo
2409 2586 2592 2651 editis,
2615 2585 2707 2656 qui
2729 2585 2794 2640 ad
2822 2597 3024 2636 annum
3039 2579 3202 2652 653
3220 2577 3533 2632 referuntur

287 2692 318 2730 a
342 2676 674 2747 quibusdam
702 2675 830 2739 670,
864 2675 932 2729 ab
958 2675 1082 2728 aliis
1112 2689 1243 2730 vero
1273 2673 1399 2738 675,
1435 2676 1527 2730 ubi
1558 2676 1632 2729 ita
1663 2677 1864 2746 legitur
1890 2695 1903 2730 :
1929 2676 1988 2731 Si
2018 2680 2134 2748 quis
2155 2680 2445 2749 presbyter,
2473 2678 2752 2739 diaconus,
2779 2673 3156 2735 subdiaconus,
3184 2670 3260 2723 uel
3286 2669 3530 2731 clericus,

286 2767 620 2839 Symbolum,
649 2767 787 2839 quod
809 2777 992 2821 sancto
1019 2769 1308 2836 inspirante
1323 2767 1527 2837 Spiritu
1550 2771 1777 2840 apostoli
1803 2772 2154 2838 tradiderunt,
2182 2783 2229 2826 et
2253 2773 2408 2842 ﬁdem
2432 2773 2604 2826 sancti
2627 2769 2910 2824 Athanasii
2933 2765 3175 2837 praesulis
3207 2761 3535 2832 irreprehen—

284 2862 512 2915 sibiliter
541 2878 644 2916 non
665 2863 998 2930 recensuerit,
1026 2861 1092 2915 ab
1120 2863 1359 2933 episcopo
1388 2869 1784 2921 condemnetur.

360 2977 586 3048 Regino,
608 2979 700 3048 qui
728 2980 1144 3044 octavosazculo
1162 2980 1367 3045 ﬂoruit,
1394 2982 1537 3038 libro
1587 2999 1604 3036 ι
1659 2983 1737 3037 De
1779 2985 2141 3040 ecclesiastica
2187 2984 2497 3053 disciplina,
2534 2982 2649 3036 haec
2689 2981 2852 3035 habet
2883 3000 2896 3035 :
2934 2977 2994 3036 Si
3024 2991 3315 3034 sermonem
3362 2973 3535 3028 Atha«

287 3079 432 3133 nasii
459 3079 684 3148 episcopi
721 3078 786 3132 de
816 3078 919 3148 ﬁde
951 3089 1146 3133 sanctte
1181 3079 1480 3145 Trinitatis,
1515 3081 1664 3150 cujus
1704 3084 1915 3137 initium
1942 3094 2061 3138 est:
2086 3103 2104 3136 ι
2135 3084 2438 3153 Quicunque
2463 3082 2573 3135 vult
2605 3078 2780 3134 salvus
2806 3091 2937 3139 esse,
2964 3093 2984 3128 ι
3016 3073 3313 3128 memoriter
3337 3080 3529 3125 teneat.

361 3170 545 3236 llatto,
568 3173 858 3241 episcopus
903 3171 1255 3235 Basileensis,
1300 3173 1461 3241 cujus
1503 3173 1810 3243 capitulare
1861 3174 2130 3246 Spicilegii
2173 3183 2308 3229 tom.
2347 3173 2415 3226 ιν
2457 3172 2630 3228 edidit
2675 3169 2976 3224 Dacherius
3028 3174 3260 3222 noster:
3299 3163 3533 3230 Quarto,

286 3262 384 3328 ait,
413 3273 470 3314 ut
492 3264 622 3332 ﬁdes
655 3265 827 3317 sancti
861 3264 1140 3318 Athanasii
1177 3281 1209 3317 a
1239 3263 1596 3318 sacerdotibus
1640 3264 1901 3332 discatur,
1935 3275 1986 3321 et
2013 3281 2080 3320 ea:
2110 3267 2265 3320 corde
2293 3265 2378 3319 die
2420 3265 2700 3320 Dominico
2723 3258 2790 3314 ad
2828 3259 3068 3314 Primam
3114 3257 3359 3311 recitetur
3393 3272 3411 3309 :
3437 3256 3531 3326 qui

289 3373 415 3412 mos
449 3357 723 3428 hodieque
753 3360 898 3430 viget
939 3360 992 3412 in
1023 3358 1288 3414 Ecclesia.

251 3445 256 3451 '
362 3443 588 3498 Accedit
623 3445 880 3516 anonymi
931 3448 1327 3514 testimonium,
1363 3447 1456 3518 qui
1487 3447 1589 3502 sub
1621 3446 1819 3501 Carolo
1852 3444 2050 3516 Magno
2086 3445 2240 3509 vixit,
2278 3458 2308 3497 a
2341 3442 2638 3498 Sirmondo
2678 3443 2904 3496 allatum
2951 3439 3005 3493 in
3051 3438 3199 3492 notis
3243 3436 3310 3490 ad
3355 3434 3533 3490 Theo-

287 3533 554 3604 dulphum
587 3554 600 3589 :
638 3533 881 3591 Incertus
937 3547 1144 3598 auctor.
1197 3538 1271 3593 ait
1310 3536 1658 3604 Sirmondus,
1702 3555 1853 3609 quem
1892 3537 2148 3600 diximus,
2195 3536 2290 3590 hoc
2332 3537 2445 3604 ipsa
2489 3545 2640 3589 utens
2690 3532 2990 3587 testimonio
3021 3546 3040 3583 :
3074 3529 3286 3591 Beatus,
3332 3527 3532 3596 inquit,

288 3630 621 3685 Athanasius
652 3632 707 3684 in
733 3631 1084 3702 Expositione
1115 3634 1399 3688 catholica:
1432 3618 1576 3698 fidei,
1601 3650 1758 3704 quam
1794 3636 1910 3702 ipse
1938 3635 2175 3709 egregius
2207 3633 2394 3686 doctor
2431 3630 2764 3698 conscripsit,
2805 3638 2853 3682 et
2875 3643 3034 3697 quam
3060 3625 3374 3679 universalis
3404 3639 3532 3676 con-

291 3723 475 3791 ﬁtetur
504 3721 766 3788 Ecclesia,
798 3725 1181 3793 processionem
1219 3723 1449 3795 Spiritus
1490 3727 1661 3779 sancti
1694 3742 1725 3778 a
1773 3724 1933 3779 Patre
1965 3737 2014 3779 et
2062 3721 2206 3778 Filio
2251 3725 2512 3788 declarat,
2553 3724 2629 3776 ita
2668 3721 2844 3774 dicens
2876 3735 2894 3772 :
2931 3735 2948 3767 ‹
2991 3717 3142 3770 Patet
3201 3733 3234 3768 α
3267 3715 3414 3768 nulla
3454 3725 3535 3768 est

292 3818 492 3886 factus,
507 3837 524 3870 ι
560 3827 663 3874 etc.

364 3908 510 3966 Idem
538 3912 929 3986 Theodulphus
949 3957 964 3981 ,
1004 3917 1142 3973 libro
1175 3917 1622 3973 Testimoniorum
1649 3917 1712 3972 de
1741 3916 1943 3987 Spiritu
1972 3926 2154 3971 sancto
2185 3915 2251 3970 ad
2285 3913 2542 3969 Carolum
2570 3912 2847 3981 Magnum,
2874 3903 3094 3957 nomine
3133 3899 3420 3954 Athanasii
3447 3898 3530 3952 af-

292 4005 400 4062 fert
429 4007 564 4062 illud
597 4026 612 4063 :
646 4007 809 4062 Pater
860 4028 892 4063 a
932 4010 1079 4064 nullo
1111 4021 1186 4065 est
1211 4011 1384 4080 factus
1405 4052 1420 4076 ,
1467 4028 1560 4066 nec
1597 4021 1830 4077 creatus,
1865 4028 1956 4066 nec
1993 4012 2219 4082 genitus,
2260 4018 2392 4074 etc.,
2423 4024 2595 4078 usque
2643 4006 2712 4060 ad
2741 4024 2754 4058 :
2787 4000 2891 4067 Qui
2913 3997 3022 4052 vult
3042 4011 3163 4066 ergo
3184 3995 3363 4049 salvus
3392 4011 3525 4050 esse.

364 4098 520 4154 Nono
549 4101 748 4155 saeculo
776 4101 1094 4174 Agobardus
1114 4142 1128 4167 ,
1166 4117 1195 4156 a
1225 4103 1297 4157 cl.
1329 4118 1381 4156 v.
1418 4102 1638 4156 Baluzio
1669 4102 1870 4168 editus,
1901 4116 2020 4174 cap.
2079 4101 2112 4156 5
2151 4100 2231 4155 sic
2267 4100 2431 4155 habet
2467 4118 2480 4154 :
2511 4098 2708 4152 Beatus
2755 4095 3082 4178 Athanasius
3132 4093 3206 4144 ait
3238 4107 3256 4145 :
3293 4111 3311 4142 ι
3342 4091 3536 4148 Fidens

291 4190 610 4245 catholicam
643 4191 746 4244 nisi
790 4192 906 4262 quis
937 4193 1196 4263 integram
1222 4192 1630 4264 inviolatamque
1651 4193 1959 4257 servaverit,
2000 4192 2194 4263 absque
2220 4191 2378 4246 dubio
2408 4191 2462 4244 in
2502 4199 2756 4246 wternum
2787 4188 3000 4258 peribit.
3037 4205 3056 4238 ι

367 4281 704 4338 Anscharius
733 4281 923 4338 eodem
961 4285 1182 4350 saeculo,
1231 4293 1289 4339 ut
1331 4286 1386 4338 in
1421 4285 1543 4340 Vita
1590 4286 1708 4356 ejus
1751 4285 1898 4356 apud
1944 4283 2166 4339 Petrum
2211 4282 2561 4338 Lambecium
2606 4283 2826 4353 legitur,
2865 4294 2991 4335 cum
3042 4280 3273 4334 instaret
3323 4278 3530 4345 obitus,

293 4370 552 4439 praecepit
589 4379 647 4425 ut
679 4370 878 4427 fratres
910 4383 1168 4428 canerent
1202 4373 1358 4429 ﬁdem
1392 4375 1722 4430 catholicam
1753 4390 1781 4429 a
1805 4377 1964 4431 beato
1990 4375 2291 4430 Athanasio
2326 4377 2708 4446 compositam.

368 4461 719 4526 Ratramnus,
757 4461 1106 4520 Corbeiensis
1137 4467 1462 4533 monachus,
1489 4469 1630 4523 libro
1664 4482 1703 4520 ιι
1733 4476 1918 4521 contra
1949 4464 2253 4522 Crassorum
2282 4467 2772 4538 opposita:Beatus
2797 4465 3120 4523 Athanasius
3137 4464 3529 4519 Alexandrinus

290 4554 585 4621 episcopus,
611 4553 706 4620 ait,
737 4555 903 4608 multa
933 4565 1142 4624 propter
1175 4557 1444 4613 catholica:
1479 4559 1603 4628 ﬁdei
1652 4560 2012 4612 constantiam
2064 4559 2128 4611 ab
2169 4559 2383 4612 Arionis
2449 4573 2744 4628 perpessus,
2790 4558 3085 4628 frequenter
3126 4559 3288 4612 etiam
3339 4557 3530 4611 exsilio

291 4659 475 4696 eorum
504 4644 730 4712 factione
751 4645 957 4712 pulsus,
987 4653 1036 4699 et
1060 4646 1113 4698 in
1149 4643 1371 4700 Nicwna
1397 4649 1598 4718 synodo
1643 4647 1885 4717 episcopo
1911 4665 2005 4701 suo
2040 4648 2188 4702 beato
2223 4648 2532 4702 Alexandro
2559 4650 2816 4702 diaconus
2851 4650 3128 4712 assistens,
3157 4647 3408 4700 adversus
3443 4663 3531 4700 ve-

293 4735 503 4788 saniam
526 4736 641 4787 Arii
679 4736 1019 4806 singulariter
1056 4737 1349 4802 dimicans;
1384 4738 1439 4790 in
1493 4737 1665 4791 libello
1709 4736 1784 4793 De
1834 4738 1956 4800 ﬁde,
1990 4755 2143 4807 quem
2182 4738 2368 4802 edidit,
2415 4747 2464 4792 et
2518 4737 2758 4791 omnibus
2809 4736 3099 4792 Catholicis
3141 4740 3414 4809 proposuit
3458 4747 3530 4792 te-

295 4830 544 4898 nendum,
570 4831 705 4884 inter
736 4840 929 4886 caztera
954 4833 1028 4886 sic
1057 4831 1132 4885 ait
1159 4846 1177 4884 :
1206 4847 1224 4878 ι
1257 4829 1420 4884 Pater
1450 4846 1480 4884 a
1519 4830 1664 4884 nullo
1695 4843 1773 4883 est
1798 4831 1996 4899 factus,
2028 4846 2119 4883 nec
2147 4838 2378 4894 creatus,
2409 4828 2500 4884 sed
2529 4832 2758 4900 genitus.
2794 4827 3026 4900 Spiritus
3049 4840 3264 4884 sanctus
3297 4848 3330 4884 a
3364 4829 3529 4884 Patre

292 4934 343 4976 et
378 4921 539 4984 Filio,
574 4938 677 4974 non
700 4921 894 4989 factus,
927 4939 1030 4976 non
1059 4929 1290 4983 creatus,
1326 4936 1430 4974 non
1460 4920 1686 4987 genitus,
1719 4918 1808 4972 sed
1836 4917 2146 4987 procedens.
2187 4936 2204 4967 ι

372 5016 595 5079 Encas,
623 5014 951 5072 Parisiensis
986 5015 1294 5085 episcopus.
1326 5014 1525 5068 librum
1561 5029 1720 5068 suum
1753 5011 2014 5066 adversus
2047 5012 2258 5066 Graecos
2287 5012 2375 5069 his
2409 5014 2727 5084 auspicatur
2767 5013 2952 5069 verbis
2986 5033 2998 5067 :
3028 5011 3258 5068 Sanctus
3293 5012 3532 5065 Athana-

297 5109 430 5171 sius,
461 5107 600 5162 sedis
626 5105 1002 5161 Alexandrinae
1028 5107 1296 5176 cpiscopus
1319 5146 1334 5170 ,
1384 5103 1583 5160 Greca:
1627 5106 1824 5174 linguae
1867 5105 2382 5175 experientissimus,
2423 5106 2514 5160 ubi
2556 5107 2736 5161 beatus
2767 5106 2987 5162 Marcus
3032 5107 3350 5178 euangelista
3384 5123 3530 5176 pra:-

297 5201 457 5266 sedit,
487 5208 594 5255 etc.
626 5198 835 5255 Exinde
865 5215 992 5255 vero
1030 5200 1402 5256 novemdecim
1430 5198 1668 5270 capitula
1693 5216 1756 5254 ex
1790 5200 1981 5256 eodem
2016 5199 2316 5255 Athanasio
2344 5200 2570 5270 profert,
2602 5216 2833 5270 quorum
2873 5183 3205 5272 postremum
3231 5199 3304 5252 ita
3324 5197 3486 5252 habet
3513 5218 3526 5252 :

299 5293 437 5349 Item
475 5295 611 5348 idem
642 5295 696 5347 in
730 5293 832 5363 ﬁde
861 5294 1155 5349 catholica:
1178 5314 1197 5347 ι
1232 5293 1371 5364 quod
1414 5291 1642 5363 Spiritus
1671 5304 1886 5349 sanctus
1915 5312 1948 5348 a
1982 5293 2146 5348 Patre
2180 5294 2430 5364 procedat
2463 5304 2512 5349 et
2543 5312 2574 5348 a
2599 5294 2764 5350 Filio.
2795 5293 2957 5361 Pater
2992 5309 3025 5346 a
3050 5290 3195 5346 nullo
3223 5297 3301 5345 est
3329 5288 3525 5357 factus,

297 5402 389 5439 nec
420 5395 650 5449 creatus,
682 5401 773 5438 nec
795 5386 1018 5454 genitus,
1055 5403 1074 5435 ι
1113 5391 1221 5438 etc.

372 5473 695 5528 ﬂinemarus
723 5473 1028 5539 Remensis,
1047 5487 1193 5527 nono
1219 5472 1346 5526 item
1370 5471 1595 5539 saeculo,
1612 5470 1802 5542 primo
1830 5471 2073 5541 capitulo
2095 5471 2173 5526 ita
2194 5471 2438 5541 loquitur
2461 5489 2474 5525 :
2513 5469 2581 5524 Ut
2606 5471 2896 5543 presbyteri
2923 5471 3130 5526 discant
3152 5471 3530 5540 expositionem

300 5565 535 5637 Symboli
551 5577 600 5622 et
625 5566 892 5623 Orationis
919 5567 1225 5632 Dominicis,
1261 5575 1391 5633 etc.,
1419 5583 1538 5621 cum
1576 5564 1826 5638 Symbolo
1866 5566 2268 5623 Atltanasii.....
2301 5583 2500 5622 necnon
2536 5576 2585 5622 el
2620 5583 2914 5623 sermonem
2944 5567 3232 5622 Athanasii
3272 5570 3339 5624 de
3370 5565 3526 5633 Eide,

371 5750 412 5780 ⁸¹
453 5748 600 5801 Psal.
633 5763 736 5802 cxx
762 5789 774 5812 ,
808 5747 863 5804 6.
