4032 6376
551 334 685 390 1571
1674 336 1732 391 S.
1768 335 2143 394 ATHANASH

2183 338 2226 394 5.
2259 371 2328 381 —
2360 338 2633 397 SPURIA.
3660 343 3775 402 L572

552 449 704 518 cujus
731 451 938 504 initium
967 458 1084 504 est:
1121 468 1139 501 α
1173 450 1476 522 Quicunque
1506 453 1614 508 uult
1642 455 1818 508 salvus
1846 472 1979 519 esse,
2008 476 2025 508 ι
2062 459 2328 512 memoria?
2354 460 2569 528 quisque
2611 458 2952 518 commendet.
2991 469 3040 512 et
3072 475 3285 512 sensum
3308 457 3456 512 illius
3505 458 3772 529 intelligat,

549 549 600 594 et
629 540 794 595 verbis
827 539 1183 594 communibus
1217 543 1488 596 enuntiare
1535 554 1712 614 queat.

624 635 938 700 Ratnerius,
969 633 1321 691 Leodicensis
1342 637 1654 709 episcopus,
1691 640 1765 693 ita
1805 639 2047 708 loquitur
2086 639 2138 692 in
2170 639 2540 694 admonitione
2579 639 2826 712 synodali
2864 658 2876 692 :
2911 637 2970 693 Si
3011 639 3320 694 Sermonem
3355 641 3644 696 Athanasii
3677 645 3772 712 epi-

551 743 693 794 scopi
722 727 785 778 de
820 723 952 778 Fide
973 734 1170 778 sanctte
1201 725 1502 790 Trinitatis.
1541 732 1692 800 cujus
1717 733 1930 785 initium
1953 739 2030 784 est
2059 749 2077 784 :
2114 750 2132 781 ‹
2167 729 2470 801 Quicunque
2498 732 2603 786 vult
2629 733 2808 786 salvus
2836 749 2966 793 esse.
3003 752 3021 784 ι
3067 733 3374 786 memoriter
3395 743 3586 790 teneat.

621 815 768 867 Abbo
799 811 1164 869 Floriacensis
1199 815 1253 869 in
1286 819 1546 890 Apologia
1574 826 1640 874 ad
1675 819 2008 876 Francorum
2050 838 2203 892 reges
2231 821 2509 894 Hugonem
2537 831 2590 878 et
2643 823 2936 879 Robertum
2979 845 2992 878 :
3031 822 3222 878 Fidem
3270 841 3430 895 quam
3472 825 3770 878 alternanti;

548 911 642 964 bus
669 912 842 966 choris
867 922 914 965 et
942 913 995 964 in
1028 911 1262 966 Francia
1291 922 1340 965 et
1378 912 1516 981 apud
1551 914 1838 984 Anglorum
1879 913 2169 969 Ecclesiam
2196 917 2398 970 variari
2443 917 2622 971 audivi
2644 933 2662 982 ,'
2686 918 2780 971 alii
2809 921 2944 972 enim
2983 902 3183 983 dicunt,
3221 928 3282 970 ut
3311 917 3569 981 arbitror,
3603 935 3770 971 secun-

546 1003 671 1054 dum
701 1002 1050 1056 Athanasium
1090 1019 1108 1056 :
1145 1021 1161 1052 ι
1193 1001 1420 1070 Spiritus
1449 1013 1662 1057 sanctus
1696 1020 1728 1055 a
1755 1002 1920 1058 Patre
1938 1015 1986 1058 et
2025 1004 2188 1069 Filio,
2221 995 2321 1060 non
2348 1006 2543 1075 Iactus,
2568 1024 2670 1061 non
2701 1019 2930 1075 creatus,
2965 1011 3052 1062 sed
3080 1009 3389 1076 procedens.
3435 1028 3455 1060 ι

617 1098 825 1172 SJECIUO
851 1100 1138 1156 undecimo
1165 1097 1396 1160 Gualdo,
1435 1093 1736 1148 monachus
1771 1093 2137 1164 Corlteiensis,
2162 1097 2254 1167 qui
2299 1094 2470 1149 Vitam
2507 1097 2795 1151 Anscharii
2836 1100 3072 1153 carmine
3105 1097 3438 1166 conscripsit
3473 1097 3675 1150 editam
3719 1111 3748 1153 a

545 1190 854 1253 Lambecio,
900 1191 1014 1244 haec
1037 1190 1105 1244 de
1153 1188 1408 1262 Symbolo
1450 1185 1610 1239 habet
1641 1201 1653 1212 ·

826 1281 1251 1350 Catholicamque
1271 1280 1426 1350 ﬁdem
1449 1295 1606 1350 quant
1635 1275 1992 1344 composuisse
2038 1273 2219 1327 beatus

830 1365 1027 1420 Fertur
1048 1367 1391 1422 Athanasius.

613 1463 755 1518 Otho
788 1473 968 1518 autem
993 1461 1358 1532 Frisingensis
1392 1464 1462 1516 ita
1497 1462 1747 1531 loquitur
1779 1477 1791 1513 :
1827 1456 2150 1512 Athanasius
2179 1469 2391 1506 manens
2423 1453 2477 1506 in
2509 1451 2744 1506 Ecclesia
2778 1451 3116 1507 Treverorum
3155 1453 3255 1507 sub
3278 1454 3520 1514 Maximo
3539 1460 3653 1529 ejus
3679 1458 3772 1514 Ec-

542 1555 716 1609 clesia:
735 1556 974 1623 episcopo
1006 1568 1024 1605 :
1070 1571 1088 1603 ‹
1131 1551 1433 1621 Quicunque
1463 1550 1592 1613 vult,
1627 1569 1644 1600 ι
1671 1557 1808 1609 etc.,
1837 1565 1868 1600 a
1891 1543 2204 1616 quibusdam
2230 1543 2425 1595 dicitur
2466 1542 2710 1597 edidisse.

613 1652 843 1706 lnlinitie
897 1663 1033 1719 pene
1072 1663 1251 1717 opera:
1279 1656 1424 1704 esset
1459 1656 1689 1701 caeteros
1713 1643 1990 1714 sequioris
2022 1642 2121 1696 aevi
2151 1640 2448 1710 scriptores
2471 1653 2756 1694 recensere
2785 1639 2879 1708 qui
2906 1636 3219 1710 Symbolum
3256 1639 3567 1712 Quicunque
3604 1644 3769 1697 ascri-

540 1748 677 1802 bunt
706 1743 1041 1808 Athanasio;
1066 1756 1299 1812 quorum
1331 1737 1662 1801 testimonia,
1694 1744 2118 1807 quantacunque
2163 1731 2482 1794 allerantur,
2507 1732 2654 1801 parvi
2688 1738 2780 1784 aut
2815 1730 3020 1785 nullius
3059 1733 3321 1786 momenti
3360 1743 3492 1788 sunt
3537 1733 3605 1787 ad
3649 1736 3769 1790 illud

539 1836 843 1891 Athanasio
879 1833 1262 1887 vindicandum
1303 1829 1388 1883 vel
1435 1825 1880 1897 abjudicandum.
1921 1825 2173 1893 Adjiccre
2208 1839 2317 1878 non
2359 1823 2540 1893 pigeat
2575 1837 2682 1876 non
2727 1822 2907 1876 visum
2945 1824 3212 1880 hactenus
3259 1826 3433 1883 fuisse
3462 1825 3771 1884 Grecorum

539 1931 832 2001 quodpiam
868 1933 1302 1987 monumentum,
1351 1928 1560 1974 certum
1596 1919 1802 1973 scilicet
1837 1931 1901 1971 ac
1925 1916 2309 1977 indubitatum,
2345 1929 2453 1985 quo
2477 1914 2545 1967 ab
2575 1913 2734 1968 annis
2772 1914 2894 1984 plus
2941 1915 3254 1986 quingentis
3297 1902 3492 1973 notum
3523 1918 3771 1974 Ecclesia:

539 2021 741 2078 Grazcae
780 2021 950 2075 fuisse
974 2017 1294 2090 Symbolum
1339 2013 1644 2081 Quicunque
1680 2010 1860 2080 possit
1905 2008 2268 2079 comprobari.
2299 2007 2469 2062 Graeci
2521 2022 2685 2076 porro
2711 2007 2983 2077 sequioris
3022 2007 3144 2084 aevi,
3191 2007 3404 2064 Latinis
3430 2026 3499 2065 ex
3535 2010 3768 2082 Symboli

537 2115 861 2170 auctoritate
886 2128 984 2183 pro
1002 2110 1238 2180 Spiritus
1258 2102 1432 2161 sancti
1459 2117 1526 2156 ex
1558 2102 1718 2155 Patre
1746 2099 1992 2170 Filioque
2009 2100 2359 2169 processione
2381 2098 2786 2182 comprobanda
2815 2099 3155 2168 urgentibus,
3184 2101 3267 2154 vel
3292 2111 3571 2172 negarunt
3610 2103 3768 2156 Atha-

537 2207 676 2261 nasii
705 2221 845 2269 esse,
870 2205 954 2258 vel
985 2199 1300 2256 inconsulte
1329 2193 1646 2264 Symbolum
1684 2206 1714 2244 a
1750 2199 1942 2246 sancto
1975 2189 2205 2244 Doctore
2229 2191 2600 2259 compositum
2643 2189 2814 2245 fuisse
2848 2189 3116 2253 confessi,
3163 2191 3484 2247 addititiam
3524 2209 3650 2248 esse
3679 2204 3769 2247 νο·

533 2317 673 2369 cem,
699 2312 748 2356 et
772 2300 937 2364 Filio,
983 2314 1094 2354 non
1128 2297 1308 2350 minus
1337 2289 1739 2346 inconsiderate
1767 2288 2061 2342 commenti
2097 2294 2248 2351 sunt,
2281 2301 2407 2340 cum
2432 2293 2645 2342 constet
2668 2286 2724 2340 in
2751 2287 3010 2343 omnibus
3038 2289 3250 2347 Latinis
3281 2293 3580 2349 codicibus
3609 2295 3764 2348 etiam

532 2392 933 2462 antiquioribus
963 2391 1056 2460 qui
1091 2391 1159 2444 ab
1191 2389 1352 2444 annis
1381 2387 1530 2440 mille
1560 2385 1769 2440 exarati
1803 2392 1956 2447 sunt,
2004 2399 2122 2438 eam
2148 2383 2339 2437 haberi
2395 2397 2610 2437 vocem.
2650 2383 2753 2437 Alii
2787 2391 2972 2438 autem
3025 2385 3404 2456 impudentius
3452 2389 3766 2444 eﬂ‘uticbant

530 2491 910 2554 Athanasium,
936 2505 1058 2544 cum
1092 2487 1145 2542 id
1187 2488 1370 2558 operis
1397 2485 1602 2549 ederet,
1632 2483 1842 2538 ebrium
1867 2482 2057 2545 fuisse,
2087 2497 2226 2550 quos
2273 2481 2348 2534 ita
2370 2480 2545 2550 carpit
2585 2479 2902 2535 Gennadius
2933 2497 3054 2551 cap.
3109 2481 3133 2533 l
3178 2481 3258 2535 De
3300 2479 3510 2551 Spiritu
3548 2493 3765 2536 sancto:

530 2584 645 2636 Οὐκ
671 2582 941 2637 αἰδοῦνται
973 2581 1169 2648 λέγειν,
1189 2579 1263 2642 ὡς
1292 2578 1320 2629 ὁ
1351 2575 1492 2647 ἱερὸς
1533 2573 1843 2637 Ἀθανάσιος
1878 2572 2126 2643 μέθυσος,
2158 2571 2272 2634 καὶ,
2298 2572 2386 2624 ὅτε
2418 2573 2565 2624 ταῦτ’
2591 2571 2818 2642 ἔγραφε,
2849 2571 3060 2645 πλήρης
3077 2568 3145 2644 ἦν
3176 2571 3344 2631 οἴνου.
3386 2572 3515 2629 Non
3546 2585 3765 2629 terentur

529 2674 700 2728 dicere
730 2673 1080 2727 Athanasium
1109 2672 1310 2725 ebrium
1343 2669 1506 2736 fuisse
1533 2683 1651 2720 cum
1695 2667 1806 2718 lucc
1833 2663 2101 2728 scriberet,
2125 2672 2173 2716 et
2209 2664 2314 2716 vini
2337 2662 2569 2727 plenum.

1297 2801 1360 2856 ll.
1394 2801 1467 2854 De
1487 2797 1752 2854 codicibus'
1787 2805 1841 2853 in
1870 2799 2054 2868 quitus
2075 2806 2248 2851 exstat
2289 2795 2598 2867 Symbolum
2641 2797 2967 2866 Quicunque

602 2945 864 3002 Codicum
897 2947 1135 3000 omnium
1159 2941 1250 3012 qui
1281 2942 1550 2995 hactenus
1584 2939 1688 2994 visi
1725 2939 2119 3010 memor-alique
2151 2942 2302 2998 sunt,
2331 2934 2754 3005 antiquissimus
2785 2934 2876 2987 ille
2896 2942 2981 2988 est
3010 2933 3102 3004 qui
3135 2934 3204 2989 ab
3239 2933 3471 2990 Usserio
3496 2935 3761 2997 laudatur.

525 3053 642 3093 aevo
667 3038 912 3109 Gregorii
939 3038 1116 3108 Magni
1150 3039 1521 3108 conscriptus,
1557 3037 1604 3092 si
1639 3045 1824 3090 tamen
1847 3052 1910 3091 ea
1954 3053 2082 3091 vere
2114 3036 2185 3092 sit
2229 3035 2350 3104 ejus
2380 3033 2738 3103 manuscripti
2775 3040 2908 3086 actas
2935 3052 2947 3086 :
2976 3048 3100 3086 nam
3136 3033 3290 3087 addit
3327 3033 3599 3092 Usserius
3639 3041 3763 3092 scri-

525 3143 738 3204 pturam
772 3153 886 3189 mro
919 3135 1162 3205 Gregorii
1194 3138 1350 3205 longe
1375 3149 1497 3188 esse
1517 3135 1902 3204 posteriorem.
1940 3132 2041 3188 Hic
2086 3134 2294 3187 nullum
2334 3130 2611 3203 praemittit
2646 3130 2934 3201 scriptoris
2970 3147 3190 3198 nomen,
3222 3131 3317 3186 sed
3354 3132 3535 3186 solum
3573 3133 3762 3188 inscri-

526 3225 692 3285 bitur.
719 3223 879 3278 Fit/cs
911 3227 1190 3280 catholica.

592 3318 758 3390 654
803 3321 1112 3390 Nongentos
1142 3331 1362 3392 superat
1393 3337 1567 3378 annos
1606 3319 1958 3376 Colbertinus
1990 3320 2161 3377 codex
2193 3319 2314 3383 784,
2355 3316 2646 3372 Saxonicis
2679 3317 2991 3387 descriptus
3035 3317 3258 3382 litteris,
3295 3327 3354 3374 et
3385 3337 3510 3378 mea
3551 3319 3760 3391 quidem

523 3411 802 3464 sententia
835 3419 962 3466 ante
989 3421 1201 3467 aetatem
1220 3414 1406 3468 Caroli
1440 3411 1618 3484 Magni
1651 3413 1850 3467 editus.
1886 3411 1984 3466 llic
2020 3410 2197 3466 media
2232 3420 2385 3478 parte
2419 3408 2488 3463 ab
2527 3407 2686 3461 initio
2719 3408 2945 3462 mutilus
2986 3419 3090 3474 est,
3122 3425 3232 3464 non
3286 3412 3598 3470 amissione
3655 3407 3760 3465 lolii

519 3506 852 3575 cujuspiam,
884 3509 977 3563 scd
1008 3511 1133 3579 quia
1162 3510 1418 3566 librarius
1458 3511 1553 3580 qui
1581 3509 1896 3579 exscripsit,
1933 3525 1994 3564 se
2028 3508 2102 3562 ita
2128 3506 2375 3560 mutilum
2419 3503 2660 3558 Treviris
2688 3504 2962 3573 reperisse
2994 3510 3246 3564 testatur.
3279 3503 3438 3558 nullo
3486 3504 3762 3559 enuntiato

519 3600 761 3654 auctoris
793 3600 1031 3655 nomine.
1058 3601 1422 3667 Quamobrem
1451 3621 1561 3660 non
1588 3620 1688 3660 sua
1723 3604 1884 3658 modo
1916 3610 2076 3658 astate
2106 3601 2340 3656 eximius
2373 3609 2480 3662 est,
2516 3599 2610 3654 sed
2649 3599 2812 3652 etiam
2844 3599 2968 3669 quia
2997 3613 3064 3653 ex
3106 3599 3424 3668 antiquiore
3455 3600 3760 3670 descriptus

519 3693 709 3748 fertur.
738 3692 876 3748 Sunt
903 3697 995 3765 qui
1028 3698 1267 3752 codicem
1297 3699 1446 3752 illum
1473 3698 1612 3753 1100
1646 3715 1916 3754 annorum
1961 3713 2082 3754 esse
2109 3696 2467 3751 atlirmarunt.
2500 3693 2703 3750 Verum
2753 3695 2913 3764 periti
2935 3696 3138 3765 quique
3182 3707 3301 3747 aevo
3331 3693 3565 3749 circiter
3592 3692 3760 3764 Pipini

515 3792 797 3838 exaratum
820 3788 1178 3842 arbitrantur.

587 3857 740 3932 Paris
770 3879 962 3932 saltem
993 3880 1338 3949 antiquitatis
1362 3891 1446 3938 est
1474 3873 1964 3951 Sangermanensis
2011 3880 2200 3927 noster
2233 3886 2384 3925 num.
2413 3867 2540 3928 257.
2582 3867 2870 3927 Saxonicis
2903 3873 3104 3940 pariter
3128 3869 3333 3926 litteris
3359 3880 3645 3935 exaratos,
3671 3888 3758 3943 qut

515 3968 735 4024 titulum
767 3971 930 4024 habet
960 3989 974 4023 :
1011 3969 1166 4024 Fides
1188 3962 1662 4026 sanctiAthanasii
1693 3965 1920 4037 episcopi
1953 3961 2292 4016 Alexandria:

583 4059 785 4130 Regius
808 4061 978 4114 codex
1003 4077 1152 4114 num.
1188 4063 1351 4131 4908,
1382 4079 1648 4119 annorum
1683 4074 1818 4130 pene
1856 4063 2175 4125 nongentort

2166 4067 2277 4116 um,
2310 4051 2516 4105 nullum
2548 4046 2706 4100 habet
2743 4043 2982 4108 titulum,
3025 4045 3350 4120 nullumque
3386 4057 3632 4111 auctoris
3672 4072 3757 4110 no-

513 4166 656 4204 men.
689 4150 939 4220 {Equalis
989 4153 1088 4221 ipsi
1127 4164 1232 4217 est,
1272 4158 1364 4226 qui
1405 4161 1741 4215 memoratur
1784 4166 1814 4203 a
1855 4146 2169 4205 Lambecio,
2217 4150 2502 4210 exstatque
2540 4139 2594 4192 in
2644 4135 2979 4226 Bibliotheca
3026 4135 3298 4207 Cmsarea,
3335 4143 3527 4200 Caroli
3577 4147 3747 4219 Magni

505 4241 665 4309 jussu
696 4245 1064 4313 conscriptus.
1089 4246 1247 4314 cujus
1279 4225 1472 4311 titulus
1503 4245 1584 4299 sic
1615 4242 1776 4296 habet
1809 4259 1822 4293 :
1861 4235 2017 4290 Fides
2036 4235 2205 4289 sancti
2259 4227 2545 4285 Athanasii
2593 4226 2821 4295 episcopi
2887 4225 3258 4288 Alexandrini.

581 4337 762 4394 Codex
791 4340 883 4408 qui
913 4341 983 4393 ab
1013 4339 1230 4394 Usserio
1253 4340 1450 4395 dicitur
1481 4338 1652 4394 fuisse
1677 4332 2008 4391 Atthelstani
2034 4331 2329 4400 Anglorum
2363 4324 2528 4394 regis,
2560 4321 2633 4374 ita
2662 4317 2980 4373 inscribitur
3015 4337 3027 4371 :
3060 4315 3222 4375 Fides
3246 4325 3426 4378 sancti
3468 4327 3748 4381 Athanasii

513 4431 927 4579 “31:12:35
951 4539 1102 4578 num.
1128 4522 1284 4586 1559,
1319 4524 1412 4593 qui
1441 4522 1543 4578 fuit
1565 4520 1743 4577 Caroli
1773 4517 1923 4574 Calvi
1948 4512 2336 4588 .‘imperatoris,
2367 4507 2684 4564 inscribitur
2717 4525 2730 4560 :
2767 4503 2927 4558 Fides
2950 4503 3237 4561 Athanasii

576 4613 633 4669 ln
661 4615 768 4669 alio
807 4613 1266 4686 Sangermanensi
1291 4614 1393 4669 700
1425 4615 1645 4669 circiter
1680 4625 1972 4673 annorum.
2014 4615 2069 4664 et
2101 4609 2154 4661 in
2192 4605 2356 4659 tertio
2401 4599 2646 4670 ejusdem
2679 4595 3022 4660 monasterii,
3060 4600 3290 4654 multum
3327 4604 3605 4674 sequioris
3633 4608 3746 4665 invi.

507 4709 821 4781 Symbolum
851 4713 987 4766 nihil
1014 4713 1124 4767 fere
1154 4712 1431 4782 discrepat
1461 4711 1529 4766 ab
1559 4709 1745 4766 editis.

577 4801 720 4856 Duos
753 4819 972 4873 quoque
1004 4805 1240 4862 vidimus
1274 4809 1494 4865 codices
1517 4811 1573 4864 in
1603 4805 1852 4864 coenobio
1899 4800 2085 4857 Sancti
2118 4795 2439 4852 Theoderici
2474 4807 2642 4864 prope
2691 4788 2912 4854 Remos,
2943 4788 2996 4841 in
3031 4787 3233 4856 quibus
3257 4787 3580 4861 Symbolum
3617 4793 3748 4861 Qui-

501 4906 701 4958 cunque
734 4891 864 4944 nihil
899 4891 1071 4949 ferme
1109 4895 1289 4951 dillert
1317 4899 1386 4952 ab
1414 4899 1597 4954 editis.

572 4981 763 5037 Exstat
795 4986 924 5039 item
961 4985 1066 5040 hoc
1105 4987 1422 5060 Symbolum
1455 4992 1510 5046 in
1543 4991 1736 5046 codice
1759 4987 2077 5044 Colbertino
2097 4996 2252 5038 num.
2278 4981 2418 5036 5155
2448 4980 2600 5034 nullo
2634 4977 2839 5048 praevio
2869 4976 3152 5046 scriptoris
3198 4982 3444 5049 nomine,
3478 4997 3741 5038 annorum

501 5076 724 5132 circiter
756 5078 882 5134 600.
910 5077 951 5132 Ε
981 5083 1204 5152 regione
1237 5101 1369 5140 vero
1391 5087 1705 5156 conscripta
1733 5087 1932 5156 legitur
1965 5081 2209 5153 ejusdem
2240 5078 2418 5133 aetatis
2463 5075 2675 5131 Gallica
2713 5075 2918 5138 versio,
2969 5074 3027 5129 in
3063 5070 3170 5126 ﬁne
3194 5073 3414 5138 mutila,
3449 5091 3616 5146 quam
3645 5090 3740 5130 nos

498 5169 763 5240 edendam
805 5163 1085 5227 duximus.
1122 5171 1255 5244 Ejus
1282 5177 1444 5234 nobis
1475 5179 1688 5248 c0piam
1727 5176 1853 5232 fecit
1879 5189 2089 5244 suaque
2115 5187 2279 5226 manu
2305 5177 2582 5225 exaratam
2629 5166 2778 5222 dedit
2813 5166 2898 5220 vir
2940 5164 3288 5222 clarissimus)
3313 5167 3588 5240 nobisque
3618 5171 3740 5224 ami-

497 5266 1180 5415 usillrizshiﬂ:t:::odex
1206 5360 1262 5415 in
1292 5359 1622 5414 Bibliotheca
1649 5355 1764 5411 RR.
1801 5353 1905 5409 PP.
1946 5353 2206 5408 Fratrum
2233 5349 2529 5417 minorum,
2564 5347 2632 5403 ab
2663 5349 2823 5405 annis
2853 5347 3276 5420 quadringentis
3315 5358 3599 5416 exaratus,
3649 5350 3733 5404 ubi

497 5448 812 5518 Symbolum
845 5460 1022 5509 exstat
1069 5452 1264 5508 Latine
1300 5467 1426 5506 eum
1474 5450 1724 5506 versione
1775 5445 1984 5501 Gallica
2030 5460 2061 5500 e
2097 5445 2320 5513 regione
2359 5441 2830 5512 παραφραπικῶς
2869 5441 3152 5496 adornata.
3191 5436 3382 5493 Codex
3431 5448 3614 5496 autem
3653 5449 3732 5494 est

492 5541 814 5599 Psalterium
845 5547 974 5601 olim
998 5547 1067 5600 ad
1089 5559 1248 5600 usum
1277 5543 1621 5598 dominarum
1663 5540 1730 5593 de
1755 5537 2012 5600 Brebant,
2033 5542 2091 5588 ut
2113 5532 2386 5588 indicatur
2412 5533 2465 5587 in
2485 5531 2665 5587 fronte
2688 5533 2835 5598 libri,
2855 5533 3004 5586 hisce
3029 5529 3213 5584 verbis
3233 5532 3546 5585 recentiore
3574 5544 3731 5584 manu

492 5636 818 5704 conscriptis
852 5637 955 5691 :Ce
985 5636 1235 5690 Psautier
1258 5632 1348 5702 qui
1369 5640 1446 5684 est
1472 5647 1536 5684 en
1550 5628 1710 5682 Latin
1735 5635 1784 5681 et
1806 5641 1870 5688 en
1902 5623 2170 5688 Francois
2207 5633 2285 5676 est
2313 5640 2383 5676 au
2411 5633 2628 5677 convent
2653 5623 2743 5678 des
2765 5623 2981 5678 Sc‘reurs
3001 5619 3249 5674 Heneurs
3270 5622 3336 5675 de
3368 5621 3720 5693 Longchamp,

490 5735 538 5776 et
570 5723 628 5792 fu
658 5742 762 5778 au:
794 5726 985 5781 Dames
1014 5727 1076 5781 de
1105 5725 1353 5780 Brebant.
1392 5721 1591 5776 Earum
1621 5735 1819 5775 nomen
1849 5724 1986 5784 erat,
2022 5715 2317 5786 Margarita
2339 5723 2392 5770 et
2415 5713 2650 5781 Joanna,
2681 5728 2912 5784 quarum
2954 5720 3110 5782 pater
3153 5711 3492 5770 Godel’ridus
3511 5713 3579 5769 de
3601 5710 3725 5768 Βτθο
