4032 6376
555 358 697 416 1575
1651 353 1708 409 S.
1743 350 2204 408 ATHANASIUS.
2245 381 2316 393 --
2354 343 2630 408 spuma.
3644 354 3766 406 ista:

542 477 736 536 Graeco
757 477 916 534 factae
946 486 1128 532 notam
1153 471 1442 547 praeferre.
1473 471 1531 527 Si
1564 487 1780 527 versum
1803 487 1868 526 ex
1898 470 2088 525 Graeco
2123 468 2338 532 fuisset,
2366 467 2534 523 multa
2579 465 2783 522 Graece
2814 465 3067 521 dictionis
3105 465 3162 520 in
3206 461 3403 518 Latina
3457 461 3770 531 interpreta-

545 571 693 626 tione
729 578 1124 641 comparerent,
1158 570 1238 623 uti
1272 570 1408 626 solet
1438 570 1494 624 in
1529 569 1648 638 ejus
1675 569 1776 623 mvi
1825 567 2168 622 versionibus
2197 567 2500 621 observari.
2551 563 2737 634 Neque
2764 562 2873 617 dici
2914 576 3074 632 posse
3103 560 3323 616 videtur
3364 559 3435 614 ab
3486 557 3774 614 Athanasio

548 666 718 724 fuisse
747 667 936 721 Latine
965 667 1171 722 editum
1204 684 1218 721 :
1259 681 1496 737 namque
1527 665 1811 736 scriptoris
1841 674 1925 719 est
1969 678 2068 734 pro
2100 663 2192 718 illa
2224 670 2382 717 astate
2410 661 2600 716 Latine
2626 659 2963 730 peritissimi,
2998 674 3102 737 non
3125 658 3304 714 solum
3337 657 3540 728 quippe
3569 654 3768 721 verbis,

545 759 640 812 sed
671 759 832 813 etiam
857 758 1096 813 numeris
1123 736 1463 830 modulisque
1489 757 1699 814 Latinis
1727 764 1943 812 constat
1965 756 2068 811 hoc
2103 754 2442 826 Symbolum,
2460 751 2660 822 vixque
2693 752 2949 807 credatur
2973 736 3188 805 tantum
3218 756 3440 818 tamque
3463 745 3769 802 familiarem

547 845 752 904 Latinae
775 851 971 920 linguae
1004 867 1161 906 usum
1185 853 1484 908 Athanasio
1513 850 1705 906 fuisse.

621 940 844 996 Demuui
881 940 928 996 si
983 941 1293 1012 hujusmodi
1338 941 1654 1013 Symbolum
1706 939 2028 994 adornasset
2083 938 2435 1001 Athanasius,
2469 952 2748 1008 nunquam
2806 944 2922 990 erat
2947 933 3257 990 emissurus
3297 932 3768 988 consubstantialis

546 1056 752 1104 vocem,
792 1039 951 1108 cujus
979 1052 1146 1093 causa
1175 1046 1291 1092 toto
1316 1037 1439 1092 vita:
1473 1052 1585 1092 suae
1615 1035 1894 1091 curriculo
1925 1033 2263 1088 ccncertavit
2285 1073 2301 1097 ,
2363 1033 2637 1102 tantisque
2686 1031 2944 1102 periculis
2973 1026 3292 1099 perfunctus
3323 1032 3429 1080 est.
3468 1023 3634 1080 Hisce
3682 1041 3770 1080 nos

545 1134 879 1206 argumentis
929 1133 1191 1203 permoti,
1251 1132 1568 1204 Symbolum
1607 1132 1913 1200 Quicunque
1973 1129 2274 1183 Athanasio
2325 1129 2702 1183 incunctanter
2757 1123 3181 1196 abjudicandum
3249 1121 3601 1175 arbitramur.
3661 1117 3769 1173 lam

544 1223 916 1294 disquiramus
945 1229 1129 1275 utrum
1159 1221 1388 1276 aliorum
1415 1222 1508 1291 qui
1540 1221 1660 1290 ejus
1689 1229 1944 1275 auctores
1971 1234 2093 1274 esse
2117 1217 2388 1282 feruntur,
2415 1218 2648 1288 cuipiam
2683 1218 2756 1273 sit
2784 1217 3164 1272 ascrihendum

615 1317 822 1372 Hilario
845 1316 1092 1371 nonnulli
1120 1316 1421 1386 ascriptum
1451 1317 1762 1379 voluerunt,
1789 1315 1919 1385 quia
1953 1314 2211 1368 nimirum
2241 1314 2298 1367 in
2331 1312 2522 1368 codice
2553 1312 2786 1383 quodam
2837 1318 3017 1365 exstat
3044 1319 3168 1380 post
3209 1307 3403 1364 Hilarii
3454 1308 3770 1379 fragmenta,

544 1407 711 1474 Quasi
746 1421 874 1461 vero
906 1406 958 1460 id
986 1420 1096 1460 non
1118 1405 1278 1477 vulgo
1302 1416 1355 1462 et
1388 1405 1444 1461 in
1474 1406 1748 1476 plerisque
1783 1406 2064 1461 codicibus
2098 1405 2453 1468 observetur,
2496 1412 2554 1457 ut
2582 1403 2751 1458 multa
2793 1402 3130 1457 diversorum
3182 1415 3346 1471 opera
3386 1406 3775 1470 consequenter

543 1505 599 1557 in
635 1502 1021 1572 manuscriptis
1057 1500 1458 1556 describantur.
1497 1501 1634 1556 Cum
1665 1510 1845 1556 autem
1891 1501 1945 1554 in
1976 1498 2247 1569 ejusmodi
2293 1498 2481 1553 codice
2515 1506 2636 1568 post
2668 1496 2946 1552 Hilariana
2974 1511 3138 1566 opera
3182 1496 3334 1550 nullo
3370 1495 3657 1565 praemisso
3683 1509 3772 1548 au-

543 1597 711 1651 ctoris
745 1597 964 1650 nomine
1001 1601 1332 1664 compareat,
1360 1595 1506 1659 hinc,
1539 1596 1616 1648 uti
1652 1594 1764 1664 jam
1813 1609 1977 1664 supra
2011 1593 2272 1657 diximus,
2312 1591 2652 1647 inferendum
2678 1630 2694 1655 ,
2747 1597 2863 1644 tum
2905 1594 3183 1644 exaratum
3234 1585 3440 1652 fuisse,
3507 1601 3636 1641 cum
3682 1599 3773 1655 pro

541 1689 913 1744 Athanasiano
943 1688 1181 1743 nondum
1210 1689 1372 1758 vulgo
1403 1689 1717 1744 haberetur.

614 1802 848 1858 Eusebio
878 1799 1205 1855 Vercellensi
1237 1800 1476 1854 tribuere
1497 1798 1762 1854 nonnulli.
1798 1798 1890 1862 At,
1920 1804 2282 1869 praeterquam
2307 1794 2451 1866 quod
2480 1795 2630 1851 nullo
2662 1791 3035 1856 fundamento,
3069 1790 3216 1844 nulla
3246 1791 3576 1844 auctoritate
3595 1787 3775 1842 nititur

544 1899 659 1954 haec
683 1897 889 1969 opinio,
919 1896 1131 1950 videtur
1154 1893 1473 1966 Symbolum
1499 1909 1530 1947 a
1559 1896 1864 1950 recentiore
1896 1893 2186 1978 prodiisse.
2206 1893 2494 1961 scriptore.
2526 1887 2661 1944 Nam
2688 1902 2809 1959 quae
2854 1887 2910 1942 in
2936 1901 3002 1940 eo
3038 1891 3256 1939 exstant
3282 1883 3350 1938 de
3379 1882 3566 1938 divina
3596 1890 3653 1937 et
3673 1881 3771 1936 bu-

544 2006 703 2045 mana
735 1988 937 2044 Christi
971 1994 1163 2041 natura
1190 2026 1205 2050 ,
1244 1987 1502 2040 saeculum
1551 1987 1796 2041 redolent
1833 1975 2258 2048 Nestorianum;
2302 1983 2524 2052 ipsaque
2579 1987 2690 2034 tota
2738 1977 2862 2033 fidei
2908 1976 3170 2041 formula,
3221 1976 3289 2030 iis
3324 1981 3412 2030 est
3456 1975 3693 2029 vocibus
3724 1984 3773 2030 et

543 2081 806 2138 clausulis
838 2080 1158 2150 composita,
1191 2086 1250 2132 ut
1274 2078 1343 2133 ad
1374 2077 1592 2134 Eusebii
1623 2095 1794 2133 aevum
1823 2078 2045 2132 minime
2081 2076 2352 2146 pertinere
2385 2075 2581 2130 valeat.

616 2177 753 2232 Sunt
786 2177 912 2231 item
942 2174 1034 2245 qui
1073 2172 1389 2244 Symbolum
1421 2175 1666 2229 tribuant
1695 2173 2010 2240 Anastasio,
2037 2188 2197 2244 quam
2220 2171 2546 2228 sententiam
2579 2167 2939 2240 subaugurari
2971 2167 3094 2221 licet
3123 2164 3375 2220 obortam
3394 2179 3465 2219 ex
3495 2162 3772 2218 nominum

543 2265 924 2331 similitudine;
958 2266 1213 2320 nimirum
1242 2265 1296 2318 in
1326 2265 1512 2320 codice
1538 2267 1773 2336 quodam
1806 2264 1963 2320 facile
2006 2264 2265 2319 substitui
2311 2278 2410 2335 pro
2456 2261 2756 2317 Athanasio
2807 2259 2980 2330 potuit
3017 2257 3366 2312 Anastasius.
3413 2254 3620 2312 Verum
3670 2255 3775 2309 sive

543 2356 752 2410 Sinaita
784 2355 894 2417 ille,
935 2357 1048 2410 sive
1085 2354 1535 2410 Bibliothecarius
1565 2355 1889 2410 Anastasius
1919 2353 2271 2424 intelligatur,
2302 2354 2480 2408 neutri
2510 2358 2689 2423 potest
2725 2349 3024 2420 assignari;
3061 2364 3169 2402 non
3216 2348 3427 2418 priori,
3479 2347 3611 2418 quia
3639 2353 3774 2402 recte

542 2449 929 2518 comprobatur
955 2463 985 2500 a
1019 2447 1212 2500 Latino
1251 2447 1518 2517 scriptore
1551 2449 1755 2503 editum
1786 2446 2113 2518 opusculum
2167 2445 2355 2510 fuisse,
2389 2445 2499 2499 imo
2540 2445 2702 2500 etiam
2737 2443 2857 2513 ipso
2884 2441 3176 2496 Anastasio
3233 2438 3518 2510 antiquius
3547 2452 3686 2502 esse,
3713 2452 3773 2492 ex

542 2537 793 2592 codicum
818 2545 991 2599 aetate,
1021 2544 1074 2591 et
1107 2551 1173 2590 ex
1203 2535 1578 2593 Educnsibus
1608 2538 1859 2608 superius
1884 2537 2063 2592 allatis
2095 2534 2411 2591 Canonibus
2458 2542 2957 2600 commonstratur;
3010 2532 3154 2590 unde
3201 2531 3365 2587 etiam
3392 2532 3566 2604 liquet
3613 2531 3772 2585 multo

542 2627 727 2682 minus
754 2626 1046 2683 Anastasio
1077 2625 1242 2679 tribui
1278 2642 1438 2696 posse
1466 2627 1904 2682 Bibliothecario.

614 2716 892 2771 Bonifacio
932 2715 1146 2769 cuidam
1187 2713 1263 2768 uti
1298 2729 1462 2784 supra
1491 2716 1730 2770 diximus
1763 2716 1987 2771 ascribit
2018 2715 2190 2770 codex
2218 2729 2383 2772 unus.
2437 2711 2542 2769 Sed
2586 2728 2688 2768 nec
2718 2713 2842 2782 quis
2872 2715 2944 2769 sit
2983 2714 3074 2769 ille
3103 2712 3462 2777 Bonifacius,
3510 2726 3615 2766 nec
3642 2710 3773 2766 unde

542 2807 800 2862 librarius
829 2807 1100 2878 ejusmodi
1147 2811 1423 2861 auctorem
1452 2808 1763 2878 expiscatus
1811 2811 1899 2873 sit,
1929 2809 1983 2863 in
2026 2819 2276 2880 promptu
2323 2815 2409 2863 est
2441 2807 2704 2863 ediscere.
2756 2807 2934 2874 Quare
2962 2807 3100 2862 nihil
3131 2809 3363 2862 ulterius
3408 2805 3477 2860 de
3505 2802 3773 2859 Bouifacio

543 2903 897 2959 disseremus.

619 3000 816 3070 Vigilio
841 2999 1098 3069 ascripsit
1125 3013 1367 3068 nuperus
1391 2996 1611 3066 quidam
1641 2996 1876 3066 scriptor
1895 2995 1970 3066 (3)
1994 3011 2009 3059 ;
2035 2995 2128 3066 qui
2155 3002 2360 3061 tamen,
2394 3006 2454 3050 ut
2474 2997 2618 3052 valet
2644 2997 2944 3068 sagacitate
2970 3003 3026 3052 et
3052 2995 3384 3059 eruditione,
3415 2993 3637 3048 nonnisi
3658 3006 3776 3047 con-

536 3097 793 3168 jectando
825 3097 1087 3167 loquitur.
1112 3094 1206 3150 Ha:
1237 3109 1366 3148 vero
1396 3106 1576 3146 causae
1601 3099 1730 3146 sunt
1762 3090 1906 3160 quod
1937 3091 2077 3146 hanc
2117 3092 2207 3147 ille
2238 3092 2549 3162 opinionem
2582 3094 2652 3149 sit
2681 3095 3000 3164 amplexus:
3038 3094 3093 3147 1
3319 3093 3522 3149 soleret
3553 3089 3776 3160 Vigilios

543 3209 670 3248 suas
704 3193 1108 3247 lucubrationes
1143 3189 1442 3244 Athanasio
1475 3188 1788 3242 ascribere:
1823 3187 2132 3258 cujusmodi
2162 3197 2244 3244 est
2272 3187 2528 3260 Dialogus
2559 3189 2823 3245 adversus
2858 3189 3215 3256 Sabellianos,
3248 3190 3486 3246 Arianos
3531 3196 3587 3243 et
3638 3186 3776 3241 Pho-

540 3283 802 3338 tinianos.
841 3282 904 3335 2
935 3281 1086 3347 Quod
1123 3279 1436 3352 Eutychetis
1469 3277 1612 3331 haud
1641 3279 1716 3331 ita
1742 3278 1953 3348 pridem
1993 3279 2365 3350 insurgentem
2405 3281 2638 3336 heresin
2668 3296 2982 3353 Oppugnare
3005 3296 3295 3352 aggressus
3319 3282 3392 3336 sit
3420 3279 3672 3350 Vigilius.
3713 3278 3776 3332 At

539 3373 784 3442 ejusdem
815 3389 1030 3427 errores
1059 3374 1161 3426 hoc
1190 3373 1244 3425 in
1277 3370 1534 3442 Symbolo
1557 3369 1943 3439 exploduntur.
1984 3370 2040 3424 5
2089 3372 2244 3436 Quod
2273 3371 2581 3441 frequentes
2613 3373 2753 3442 apud
2779 3373 3028 3429 eumdem
3055 3371 3311 3443 Vigilium
3363 3379 3661 3427 occurrant
3697 3370 3776 3425 lo-

539 3468 741 3537 quendi
774 3458 1014 3524 rationes
1048 3469 1102 3522 in
1133 3467 1391 3539 Symbolo
1422 3477 1715 3536 usurpatae.
1751 3464 1951 3520 Verum
1982 3467 2095 3521 hare
2129 3477 2445 3538 argumenta
2493 3470 2662 3540 probe
2687 3468 2988 3526 confutavit
3015 3470 3270 3524 laudatus
3297 3469 3383 3523 vir
3411 3468 3772 3524 Anthelmius.

539 3565 607 3620 Et
641 3582 793 3631 sane,
830 3575 887 3621 ut
916 3567 1296 3622 animadvertit
1321 3567 1431 3628 ille,
1463 3573 1629 3619 ruunt
1657 3565 1774 3620 haec
1802 3566 2005 3633 omnia,
2031 3567 2122 3620 ubi
2163 3566 2469 3621 ostenditur
2503 3565 2752 3639 Dialogos
2784 3567 2906 3622 illos
2938 3567 3030 3638 qui
3062 3566 3205 3619 inter
3231 3565 3608 3620 Athanasiana
3631 3578 3775 3618 com-

537 3672 730 3732 parent
760 3679 956 3735 opera,
997 3673 1049 3718 et
1080 3663 1380 3720 Chillletius
1418 3661 1614 3734 Vigilio
1662 3661 2015 3731 adjudicavit,
2045 3677 2389 3732 nequaquam
2416 3676 2538 3717 esse
2573 3659 2775 3731 Vigilii.
2811 3659 2966 3728 Quod
3005 3661 3174 3731 probe
3220 3661 3477 3732 superius
3514 3676 3617 3717 suo
3665 3661 3776 3714 loco

538 3762 1127 3817 commonstrabamus.
1161 3758 1386 3814 Etiamsi
1420 3773 1549 3813 vero
1584 3755 1768 3828 Vigilii
1799 3765 1984 3812 essent
2029 3757 2272 3828 Dialogi,
2314 3773 2423 3812 non
2457 3756 2642 3812 statim
2669 3757 2796 3811 hinc
2831 3764 3264 3826 consequeretur
3294 3757 3421 3825 ejus
3451 3771 3578 3811 esse
3611 3755 3775 3839 .Sym-

537 3849 740 3908 bolum.
771 3853 926 3920 Nam,
953 3853 1094 3924 quod
1143 3852 1592 3907 animadvertisse
1619 3850 1850 3920 juvabit,
1883 3865 1984 3922 pro
2015 3853 2296 3922 explorato
2348 3851 2655 3906 habendum
2677 3891 2692 3916 ,
2737 3849 2974 3923 Symboli
3007 3852 3368 3921 scriptorem,
3427 3852 3494 3907 iis
3525 3850 3778 3922 loquendi

537 3947 736 4011 modis,
769 3947 838 4003 iis
871 3964 1031 4003 usum
1065 3949 1352 4004 sententiis
1383 3946 1574 4011 fuisse,
1602 3961 1722 4016 quae
1760 3960 1862 4001 suo
1889 3960 2006 4000 sevo
2041 3962 2070 3999 a
2105 3945 2314 4002 Latinis
2343 3945 2620 4011 Patribus,
2649 3946 3051 4018 Catholicisque
3079 3947 3214 4002 viris
3251 3947 3596 4018 frequentius
3621 3963 3777 4002 usur-

533 4044 845 4110 pabantur:
882 4059 1060 4113 neque
1095 4043 1394 4113 putandum
1429 4057 1600 4096 novas
1653 4041 1805 4096 illum
1839 4041 2057 4096 dicendi
2091 4041 2353 4096 formulas
2405 4050 2769 4097 commentum
2820 4056 2992 4098 esse:
3035 4042 3128 4098 sed
3176 4057 3271 4098 eas
3323 4051 3383 4096 ut
3437 4043 3494 4097 in
3529 4043 3775 4099 con-fesso

537 4143 670 4189 tunc
695 4149 852 4191 erant
885 4139 1190 4209 collegisse.
1235 4137 1373 4192 Hinc
1415 4139 1592 4209 palam
1621 4151 1708 4190 res
1737 4144 1822 4190 est
1844 4175 1857 4198 ,
1903 4135 2047 4205 quod
2083 4135 2226 4205 apud
2253 4135 2642 4206 Augustinum,
2669 4136 2897 4206 ejusque
2929 4151 3214 4207 suppares,
3245 4130 3594 4190 Vincentium
3644 4135 3776 4190 Liri-

537 4241 783 4293 nensem,
812 4225 1089 4299 Vigilium,
1123 4237 1177 4284 et
1206 4230 1342 4284 alios
1376 4229 1603 4284 inferius
1636 4228 1906 4284 notandos
1929 4267 1944 4293 ,
2004 4227 2150 4282 haud
2202 4231 2368 4283 semel
2400 4239 2694 4284 occurrant
2740 4231 3009 4300 ejusmodi
3054 4231 3361 4286 sententiae.
3401 4228 3559 4285 Unde
3605 4230 3776 4284 mani-

536 4317 738 4372 festum
767 4325 851 4372 est
879 4318 1084 4373 nullam
1111 4326 1498 4388 congruentem
1529 4320 1798 4374 hactenus
1828 4319 2048 4373 allatam
2080 4334 2201 4375 esse
2235 4335 2456 4376 causam
2475 4359 2490 4385 ,
2525 4335 2695 4391 quare
2717 4320 2916 4393 Vigilio
2935 4323 3265 4377 ascribatur.

613 4408 743 4464 Afro
791 4409 974 4481 itaque
1023 4407 1223 4480 Vigilio
1279 4411 1415 4464 nihil
1453 4418 1538 4465 est
1585 4411 1730 4480 quod
1788 4410 2105 4482 Symbolum
2169 4413 2474 4483 Quicunque
2535 4416 2828 4470 tribuatur.
2888 4416 2957 4470 At
3014 4417 3144 4470 huic
3196 4415 3412 4471 Gallum
3463 4422 3776 4473 auctorem.

533 4499 699 4574 656
729 4500 1074 4558 Vincentium
1106 4518 1299 4574 nempe
1345 4503 1682 4560 Lirinensem
1707 4547 1722 4573 ,
1778 4507 2060 4561 substituit
2087 4507 2340 4563 laudatus
2366 4508 2452 4561 vir
2503 4509 2880 4574 Anthelmius,
2932 4513 3026 4581 qui
3055 4527 3211 4567 suam
3263 4511 3416 4565 hisce
3445 4508 3780 4581 argumentis

535 4595 686 4651 hisce
709 4595 892 4650 verbis
923 4594 1248 4651 sententiam
1278 4597 1511 4651 asserit:
1546 4595 1600 4648 1
1625 4596 1776 4663 Quod
1807 4597 1895 4650 ille
1927 4601 2244 4666 tempestatis
2294 4601 2471 4663 istius,
2509 4616 2613 4672 qua
2643 4602 2900 4673 digestum
2929 4611 3007 4657 est
3035 4601 3378 4673 Symbolum,
3414 4601 3775 4654 nobilissimus

533 4688 760 4757 scriptor
785 4690 1077 4754 exstiterit;
1107 4689 1164 4743 2
1190 4689 1328 4760 quod
1377 4689 1660 4743 hwresibus
1693 4689 1884 4743 bellum
1923 4691 2150 4746 indicere
2182 4709 2368 4761 scapus
2420 4695 2523 4763 ipsi
2571 4695 2732 4764 fuerit
2763 4698 2982 4758 unicus;
3013 4697 3069 4750 5
3107 4697 3246 4766 quod
3277 4711 3506 4758 errores,
3543 4693 3778 4764 Symboli

533 4778 856 4847 confessione
884 4781 1162 4850 sigillatim
1199 4781 1506 4850 perstrictos
1527 4821 1543 4846 ,
1581 4780 1787 4835 eosdem
1815 4783 2005 4850 specie,
2043 4799 2133 4836 nec
2173 4784 2331 4848 alios,
2361 4787 2575 4854 scriptis
2606 4787 2717 4842 suis
2749 4787 3055 4858 impugnare
3082 4787 3366 4857 delegerit;
3421 4787 3480 4839 4
3505 4785 3645 4854 quod
3686 4783 3779 4838 sub

533 4873 706 4929 alieno
741 4877 949 4930 nomine
982 4878 1036 4930 in
1069 4876 1168 4930 hac
1200 4877 1454 4946 palwstra
1500 4877 1690 4930 mereri
1719 4877 2019 4946 a'ectarit;
2051 4879 2112 4932 5
2145 4879 2283 4950 quod
2312 4880 2414 4949 ipsi
2446 4881 2744 4936 Trevirense
2769 4882 2960 4946 solum,
2993 4898 3084 4936 seu
3127 4882 3342 4952 Belgica
3371 4881 3570 4948 prima,
3598 4879 3651 4932 in
3679 4892 3780 4948 qua

529 4964 702 5032 primo
731 4975 990 5035 repertum
1010 4975 1089 5022 est
1121 4967 1430 5037 Symbolum
1459 5007 1473 5032 ,
1517 4968 1698 5038 patria
1727 4967 1921 5037 fuerit;
1951 4967 2007 5022 6
2043 4971 2182 5040 quod
2225 4971 2335 5039 ipse
2370 4987 2489 5024 cum
2529 4971 2761 5041 ejusdem
2791 4973 3188 5040 metropoliticte
3215 4972 3360 5026 urbis
3398 4970 3639 5025 antistite
3671 4978 3778 5020 tum

427 5091 430 5094 -
531 5058 754 5125 sedente,
785 5059 1161 5114 necessitudine
1187 5059 1423 5114 videatur
1451 5060 1748 5132 obligatus;
1783 5063 1838 5114 7
1867 5063 2006 5134 quod
2038 5065 2092 5117 in
2125 5065 2360 5134 aliquam
2399 5063 2479 5122 .
2527 5067 2809 5122 Athanasii
2845 5066 3243 5122 similitudinem
3293 5085 3326 5120 a
3361 5065 3555 5136 patriis
3588 5062 3776 5134 nibus

531 5151 668 5204 velut
701 5153 927 5206 extorris
964 5154 1161 5221 egerit;
1217 5153 1278 5209 8
1313 5153 1452 5223 quod
1485 5155 1540 5208 in
1595 5156 1774 5226 aliquo
1805 5173 1902 5210 suo
1941 5159 2107 5228 priori
2135 5175 2287 5228 opere
2323 5160 2560 5230 Symboli
2585 5162 2905 5227 locutiones,
2949 5164 3361 5232 insignioresque
3402 5159 3664 5232 formulas
3692 5171 3776 5209 oc-

531 5247 761 5312 cuparit,
793 5259 882 5296 nec
904 5243 1071 5297 verbis
1105 5243 1436 5298 solummodo
1464 5246 1540 5299 vel
1566 5245 2030 5313 characteristicis,
2060 5259 2118 5302 ut
2146 5250 2224 5303 ita
2253 5252 2446 5312 dicam,
2479 5253 2690 5307 vocibus
2711 5294 2726 5319 ,
2763 5254 2852 5308 sed
2882 5251 3323 5317 transitionibus,
3373 5249 3468 5306 sed
3502 5263 3773 5318 compara-

533 5334 796 5397 tionibus,
837 5334 928 5388 sed
960 5333 1144 5390 iisdem
1173 5347 1495 5390 aostremum
1527 5347 1726 5404 tenore,
1769 5348 2181 5410 contextumque
2220 5344 2527 5408 ratiocinii,
2579 5361 2697 5398 cum
2743 5345 2979 5415 ngboli
3009 5343 3250 5398 methodo
3297 5351 3345 5397 et
3374 5343 3608 5412 articio
3655 5356 3776 5409 pro-

529 5440 738 5493 gressus
765 5427 956 5496 fuerit;
985 5428 1042 5483 9
1077 5426 1216 5497 quod
1249 5428 1304 5482 in
1330 5427 1444 5497 ejus
1478 5443 1512 5480 a
1539 5443 1594 5481 se
1623 5437 1734 5480 tum
1767 5429 2020 5496 exposita:
2062 5429 2186 5500 dei
2225 5431 2602 5501 confessionem
2624 5471 2639 5496 ,
2695 5434 2844 5487 miris
2879 5449 2940 5486 ac
2985 5432 3192 5485 iteratis
3237 5431 3428 5485 mentis
3483 5427 3775 5484 excessibus

531 5522 735 5580 raptus,
775 5515 1008 5582 ejusdem
1038 5515 1322 5585 aliquando
1370 5517 1748 5583 retractandis,
1781 5525 1830 5571 et
1879 5516 2169 5588 elegantius
2201 5519 2518 5588 exponenda
2549 5519 2806 5576 indicium
2853 5520 3185 5591 prodiderit;
3345 5518 3486 5590 quod
3519 5528 3774 5586 postremo

530 5600 601 5654 ad
627 5600 762 5657 hanc
787 5602 1144 5670 exponendam
1175 5620 1388 5659 ooeram
1415 5603 1646 5674 solemni
1701 5606 2048 5673 promissione
2083 5622 2196 5663 sese
2231 5611 2624 5667 constrinxerit.
2667 5611 2799 5681 Quae
2829 5613 3039 5683 gemina
3071 5612 3284 5668 tandem
3307 5622 3357 5668 et
3379 5627 3572 5683 urgens
3597 5608 3774 5666 elucu-

530 5691 720 5746 brandi
743 5691 978 5762 Symboli
1005 5696 1210 5749 occasio
1250 5697 1379 5764 fuit.

601 5806 679 5876 ()
707 5803 982 5870 Quesnell.
1017 5807 1071 5861 in
1103 5807 1231 5862 edit.
1258 5807 1315 5865 S.
1349 5807 1566 5865 Leonis.
