4032 6376
283 351 410 407 1531
1489 330 1865 392 εωθοιωι
1906 328 2337 399 QUICUNQUE.
3379 324 3516 380 ωδε

280 468 546 523 uiuorum
580 463 687 520 300
714 474 1000 518 annorum.
1033 458 1367 529 Videturque
1393 471 1459 512 ex
1495 453 1809 526 antiquiore
1833 449 2025 507 codice
2068 448 2347 518 exscripta
2374 466 2387 502 :
2412 461 2521 503 non
2551 453 2816 502 consonat
2844 446 2991 501 enim
3024 443 3116 498 illa
3144 442 3518 513 interpretatio

279 573 404 612 cum
435 556 628 618 Latino
654 552 913 625 Symbolo
938 566 969 606 e
997 549 1220 620 regione
1248 547 1456 619 posito;
1488 546 1564 600 ita
1591 552 1650 600 ut
1669 543 1835 599 etiam
1870 541 2162 611 inscriptio
2192 539 2386 595 Latina
2418 553 2448 592 a
2471 537 2677 594 Gallica
2714 537 2931 609 penitus
2960 536 3255 607 discrepet,
3291 535 3347 589 in
3370 535 3519 606 prio-

279 668 446 723 reque
475 650 761 715 Donil‘acii,
796 650 850 704 in
875 647 1179 719 posteriore
1210 658 1339 700 vero
1368 639 1649 697 Anastasii
1681 654 1778 695 seu
1804 637 1986 709 potius
2012 635 2298 691 Athanasii
2326 648 2448 690 esse
2472 632 2708 688 dicatur.

350 717 446 799 llis
478 743 859 814 subiungimus
878 717 1139 810 iSymholi
1165 736 1580 808 explicationem
1611 731 1801 787 Latine
1823 729 2178 801 compositam
2208 745 2275 784 cx
2300 728 2490 784 codice
2518 729 2745 798 hujusce
2774 722 3258 797 Sangermanensis
3283 717 3518 776 cmnobii

278 849 544 890 annorum
574 836 694 904 plus
715 833 1134 903 quingentorum
1162 827 1515 897 exscriptam,
1548 838 1659 879 non
1704 820 2005 892 indignam,
2036 829 2098 873 ut
2125 820 2477 884 arbitramur,
2508 834 2630 883 qua:
2659 818 2714 872 in
2742 819 2920 873 lucem
2950 815 3196 887 prodeat.

349 928 554 997 Agmen
579 903 793 981 claudit
818 924 1007 979 Graeca
1046 922 1168 979 ﬁdei
1194 919 1490 980 confessio,
1523 933 1591 972 ex
1616 915 1805 971 codice
1830 912 1999 983 Regio
2036 912 2179 967 2556
2207 912 2503 983 exscripta.
2533 911 2667 977 Quae
2707 918 2837 967 Item
2875 907 3095 981 pra-fert
3114 903 3398 962 Athanasii
3426 917 3521 958 που

281 1033 432 1082 men,
477 1018 794 1088 multisque,
828 1024 888 1071 ut
909 1012 1309 1075 existimamus,
1340 1012 1463 1079 post
1482 1003 1839 1061 Athanasium
1864 1002 2081 1057 saeculis
2104 1002 2250 1057 edita
2288 1008 2373 1057 est

889 1248 1487 1338 ΣΥΜΒΟΛΟΝ
1550 1243 1776 1331 ΤΟΥ
1845 1240 2181 1329 ΑΓΙΟΥ
2254 1236 2911 1328 ΑΘΑΝΑΣΙΟΥ.

372 1531 834 1598 SYMBOLUM
877 1532 943 1594 S.
988 1529 1458 1594 ATHANASII
1497 1529 1610 1590 DE

1850 1520 2392 1667 'L‘lfi-‘lJSOLICA
2436 1518 2543 1600 ('s),
2591 1513 2860 1579 i’ULGO
2904 1512 2997 1575 IN
3043 1502 3442 1572 ECCLESIA

1601 1871 1820 1927 PRIMA
1857 1866 2214 1927 FORMULA.

358 1991 428 2046 Et
460 2008 544 2055 τις
571 1991 715 2046 θέλει
754 1990 1015 2060 σωθῆναι,
1057 1991 1162 2063 πρὸ
1194 1992 1409 2047 πάντων
1440 1993 1545 2065 χρὴ
1582 1992 1731 2064 αὑτῷ
1754 1992 1852 2064 τὴν
1881 2007 1925 2061 Α

2026 1990 2337 2057 chusous
2370 1985 2483 2038 vult
2510 1982 2698 2037 salvus
2728 1994 2870 2043 esse,
2905 1984 3031 2030 ante
3060 1975 3245 2031 omnia
3276 1987 3415 2043 opus
3447 1979 3532 2028 est

290 2078 582 2150 καθολικὴν
624 2080 893 2151 κρατῆσαι
926 2062 1141 2134 πίστιν*
1192 2080 1259 2150 ἢν
1298 2082 1346 2133 εί
1382 2062 1578 2151 μὴίτίς
1602 2062 1726 2153 ὑγιῆ
1767 2062 1859 2136 καὶ

1966 2089 2026 2136 ιιι
2059 2087 2243 2134 teneat
2265 2074 2595 2131 catholicam
2622 2071 2783 2126 lidcm
2811 2094 2821 2125 ;
2853 2082 3015 2140 quam
3046 2065 3151 2121 nisi
3181 2065 3415 2135 quisque
3443 2062 3533 2117 in-

288 2170 519 2240 ἄμωμον
565 2171 844 2239 τηρήσειε,
886 2169 1065 2241 πάσης
1108 2169 1435 2241 ἀμφιϐολίας
1475 2171 1630 2235 ἐκτὸς
1659 2174 1739 2237 είς
1768 2172 1860 2226 τὸν

1966 2181 2173 2242 tegram
2208 2167 2635 2235 inviolatamque
2667 2161 2988 2224 servaverit,
3037 2159 3241 2228 absque
3286 2155 3452 2210 duhio
3478 2155 3534 2209 in

290 2259 463 2314 αἰῶνα
489 2258 791 2313 ἀπολεῖται.
818 2260 1006 2323 Πίστις
1030 2258 1088 2313 δὲ
1119 2259 1383 2331 καθολικὴ
1415 2260 1554 2333 αῦτη
1584 2263 1751 2324 ἐστὶν,
1774 2263 1861 2316 ἵνα

1964 2271 2230 2319 aeternum
2270 2258 2469 2331 peribit
2513 2255 2609 2327 (5).
2664 2252 2825 2308 Fides
2870 2257 3052 2306 autem
3102 2246 3375 2303 catholica
3419 2245 3537 2301 haec

290 2349 386 2402 ενα
412 2348 543 2403 Θεὸν
578 2353 636 2403 ὲν
663 2350 872 2421 Τριάδι,
910 2349 1004 2403 καὶ
1038 2350 1242 2422 Τριάδα
1271 2353 1327 2404 ἐν
1364 2351 1549 2421 μονάδι
1588 2352 1859 2424 σέϐωμεν,

1966 2363 2071 2418 est,
2106 2363 2165 2410 ut
2204 2367 2373 2407 unum
2409 2349 2580 2406 Deum
2614 2347 2670 2402 in
2701 2345 2991 2409 Trinitate,
3037 2349 3095 2397 et
3127 2339 3452 2394 Trinitatem
3480 2337 3537 2390 in

294 2441 434 2511 μήτε
466 2440 781 2511 συγχέοντες
809 2440 878 2494 τὰ
906 2440 1189 2512 πρόσωπα,
1225 2443 1361 2513 μήτε
1392 2442 1490 2513 τὴν
1513 2442 1700 2496 οὐσίαν
1724 2445 1861 2497 διαι-

1968 2449 2180 2504 unitate
2211 2458 2573 2502 veneremur:
2615 2456 2793 2511 neque
2821 2437 3217 2493 confundentes
3247 2447 3533 2506 personas.

292 2531 534 2603 ροῦντες.
570 2531 736 2603 ’Λλλη
772 2532 882 2604 γάρ
924 2533 1071 2587 ἐστιν
1111 2532 1265 2604 ὴτοῦ
1302 2534 1511 2605 Πατρὸς
1545 2534 1861 2599 ὑπόστασις,

1968 2555 2144 2611 neque
2182 2537 2543 2593 substantiam
2586 2539 2924 2604 separantcs.
2962 2529 3082 2583 Alia
3124 2534 3209 2584 est
3234 2526 3380 2582 enim
3412 2539 3536 2595 per-

291 2624 426 2695 άλλη
465 2625 560 2679 τοῦ
583 2626 732 2689 Υἱοῦ,
756 2626 848 2679 καὶ
876 2624 1009 2696 ἄλλη
1041 2625 1133 2679 τοῦ
1160 2627 1313 2695 ἁγίου
1345 2626 1661 2698 Πνεὺματος
1683 2643 1696 2657 ο
1729 2628 1864 2684 ἀλλὰ

1969 2647 2100 2687 sona
2128 2630 2329 2695 Patris,
2358 2629 2466 2683 alia
2501 2625 2647 2689 Filii,
2680 2626 2784 2680 alia
2813 2623 3052 2695 Spiritus
3076 2620 3251 2677 sancti
3276 2638 3290 2674 :
3315 2618 3412 2674 sed
3433 2617 3536 2672 Pa-

294 2716 529 2788 Πατρὸς,
562 2716 655 2770 καὶ
694 2715 845 2781 Υίοῦ,
892 2716 986 2769 καὶ
1024 2716 1180 2785 ἁγίου
1229 2714 1566 2786 Πνεὺματος,
1614 2717 1712 2788 μία
1747 2718 1865 2771 ἐστὶ

1969 2726 2091 2788 tris,
2121 2732 2171 2778 et
2212 2721 2357 2785 Filii,
2401 2728 2455 2776 et
2486 2719 2723 2791 Spiritus
2765 2717 2965 2779 sancti,
3003 2729 3110 2770 una
3139 2721 3223 2770 est
3255 2711 3538 2775 divinitas,

293 2810 506 2881 θεότης,
555 2811 642 2882 ίση
685 2809 831 2875 δόξα,
872 2808 1348 2874 συνδιαιωνίζουσα
1393 2813 1429 2881 ἡ
1484 2810 1859 2881 μεγαλειότης.

1968 2814 2192 2885 aequalis
2226 2812 2397 2883 gloria
2428 2820 2481 2867 et
2507 2819 2776 2865 coasterna
2811 2807 3088 2877 majestas.
3121 2804 3310 2873 Qualis
3356 2802 3536 2868 Pater,

293 2898 421 2965 Οἷος
447 2904 477 2956 6
506 2901 712 2973 Πατὴρ,
739 2900 977 2964 τοιοῦτος
1008 2902 1102 2954 καὶ
1143 2903 1172 2955 6
1210 2901 1359 2966 Υἱὸς,
1401 2902 1642 2957 τοιοῦτον
1673 2904 1767 2956 καὶ⁵
1805 2902 1866 2957 τὸ

1970 2906 2096 2961 talis
2144 2902 2335 2966 Filius,
2387 2902 2515 2957 talis
2552 2899 2793 2971 Spiritus
2838 2905 3065 2955 sanctus
3108 2896 3207 2968 (6).
3259 2896 3541 2952 lncreatus

294 2992 523 3065 Πνεῦμα
568 2993 629 3046 τὸ
673 2991 848 3061 ἅγιον.
894 2993 1180 3057 ’Δκτιστος
1225 2995 1255 3046 6
1298 2994 1509 3066 Πατὴρ,
1556 2994 1807 3058 ἄκτιστος
1837 2996 1866 3047 6

1971 2996 2151 3059 Pater,
2181 2995 2456 3049 increatns
2489 2990 2682 3057 Filius,
2712 2990 2991 3046 increatus
3031 2986 3269 3059 Spiritus
3292 2995 3538 3051 sanctus.

295 3085 446 3148 Ti‘zq,
472 3085 723 3140 ἄκτιστον
747 3085 842 3137 καὶ⁵
866 3083 927 3136 τὸ
954 3084 1106 3151 ἅγιον
1136 3082 1378 3154 Πνεῦμα.
1406 3084 1678 3155 Ἀμετρος
1706 3087 1735 3138 6
1760 3086 1868 3137 Πα-

1971 3087 2274 3143 lmmensus
2305 3084 2486 3150 Pater,
2520 3085 2819 3139 immensus
2852 3080 3043 3146 Filius,
3079 3081 3379 3136 immensus
3420 3078 3543 3149 Spi-

294 3178 423 3249 τὴρ,
459 3177 692 3247 ἄμετρος
746 3176 775 3228 6
806 3174 954 3239 Υἱὸς,
1005 3174 1244 3246 ἄμετρον
1291 3175 1386 3228 καὶ
1429 3175 1489 3228 τὸ
1538 3175 1761 3247 Πνεῦμα
1805 3175 1867 3229 τὸ

1971 3178 2112 3232 ritus
2139 3183 2383 3232 sanctus.
2415 3174 2679 3231 Eternus
2702 3173 2885 3239 Pater,
2913 3181 3151 3229 aeternus
3171 3171 3365 3239 Filius,
3394 3179 3546 3228 aster-

295 3268 470 3337 ἆγιον.
508 3267 730 3329 Alcime;
754 3267 784 3319 6
818 3265 1026 3337 Πατὴρ,
1050 3263 1266 3329 αἰώνιος
1292 3265 1320 3318 6
1352 3264 1498 3331 Υἱὸς,
1532 3265 1748 3320 αίὼνιον
1771 3267 1866 3320 καὶ

1972 3282 2078 3321 nus
2109 3267 2348 3337 Spiritus
2401 3274 2648 3323 sanctus.
2690 3264 2756 3320 Et
2802 3274 2982 3321 tamen
3027 3280 3137 3319 non
3185 3273 3301 3320 tres
3329 3262 3542 3328 aeterni,

295 3361 360 3414 τὸ
393 3358 616 3429 Πνεῦμα
656 3358 718 3410 τὸ
749 3358 922 3425 ἅγιον.
968 3358 1079 3410 Καὶ
1129 3357 1277 3428 ὅμως
1333 3356 1394 3410 οὑ
1447 3359 1596 3429 τρεῖς
1642 3356 1867 3422 αἰώνιοι,

1973 3359 2067 3415 sed
2097 3376 2240 3415 unus
2262 3367 2502 3415 aeternus
2528 3377 2541 3414 :
2579 3359 2721 3415 sicut
2749 3374 2856 3413 non
2891 3366 3000 3414 tres
3029 3357 3279 3422 increati,
3313 3372 3413 3412 uec
3433 3363 3546 3433 tres

298 3451 417 3507 ἀλλ’
441 3445 521 3513 εἷς
543 3448 759 3514 αίώνιος
775 3466 789 3479 '
816 3448 1003 3521 ὥσπερ
1023 3450 1085 3503 οὐ
1109 3452 1259 3521 τρεῖς
1289 3450 1552 3513 ἄκτιστοι,
1578 3448 1698 3502 οὐδὲ
1724 3451 1872 3519 τρεῖς

1974 3451 2247 3515 immensi,
2279 3451 2373 3507 sed
2427 3467 2569 3506 unus
2616 3451 2908 3514 increatns,
2949 3459 3003 3505 et
3038 3466 3180 3506 unus
3222 3451 3543 3505 immensus.

298 3545 549 3613 ἄμετροι,
581 3539 693 3593 ἀλλ’
723 3535 803 3603 εἷς
830 3541 1102 3605 ἄκτιστος,
1129 3540 1223 3594 καί¹
1248 3536 1329 3605 εἷς
1356 3540 1608 3613 ἄμετρος.
1644 3541 1872 3611 Ὁμοίως

1976 3540 2236 3597 Similiter
2286 3542 2634 3611 omnipotens
2694 3538 2886 3605 Pater,
2941 3542 3287 3609 omnipotens
3344 3539 3544 3605 Filius,

300 3631 699 3703 παντοκράτωρ
742 3631 771 3682 6
803 3631 1013 3703 Πατὴρ,
1048 3631 1441 3704 παντοκράτωρ
1477 3634 1506 3685 6
1549 3631 1697 3698 Υίὸς,
1732 3649 1872 3685 παν-

1973 3633 2319 3703 omnipotens
2360 3633 2598 3703 Spiritus
2646 3638 2873 3687 sanctus
2908 3650 2921 3685 :
2963 3640 3017 3686 et
3054 3638 3237 3685 tamen
3280 3646 3391 3685 non
3440 3640 3549 3686 tres

296 3725 588 3795 τοκράτωρ
614 3723 679 3776 τὸ
722 3724 946 3794 Πνεῦμα
982 3725 1045 3778 τὸ
1088 3725 1241 3795 ἅγιον
1263 3741 1277 3755 ·
1315 3725 1409 3779 καὶ
1437 3726 1587 3795 ὅμως
1616 3726 1678 3779 οὑ
1726 3729 1874 3798 τρεῖς

1974 3725 2397 3795 omnipotentes,
2429 3724 2522 3780 sed
2575 3739 2716 3780 unus
2754 3724 3117 3795 omnipotens.
3159 3723 3236 3778 Ita
3266 3722 3410 3780 Deus
3447 3723 3549 3778 Pa-

301 3815 764 3887 παντοκράτορες,
792 3814 905 3868 ἀλλ’
932 3810 1010 3880 εἷς
1053 3816 1466 3888 παντοκράτωρ.
1501 3814 1658 3870 Οῦτω
1684 3816 1815 3881 Θεὸς
1845 3818 1874 3870 6

1976 3821 2081 3874 ter.
2117 3813 2260 3870 Deus
2289 3813 2482 3879 Filius,
2515 3812 2659 3868 Deus
2694 3811 2930 3882 Spiritus
2967 3822 3235 3869 sanctus:
3270 3822 3324 3870 et
3366 3822 3548 3869 tamen

303 3907 515 3979 Πατὴρ,
543 3907 676 3971 Θεὸς
703 3910 732 3962 6
756 3908 903 3972 Υἱὸς,
938 3908 1070 3972 Θεὸς
1108 3909 1170 3962 τὸ
1201 3907 1423 3980 Πνεῦμα
1451 3908 1512 3962 τὸ
1544 3908 1697 3977 ἅγιον
1715 3925 1729 3939 ·
1759 3908 1874 3964 ἀλλ’

1976 3921 2085 3960 non
2112 3913 2223 3960 tres
2250 3907 2349 3971 dii,
2374 3906 2470 3963 sed
2500 3921 2644 3961 unus
2665 3914 2747 3961 est
2768 3904 2931 3962 Deus.
2959 3904 3037 3959 ita
3070 3904 3332 3962 Dominus
3362 3905 3545 3971 Pater,

302 3999 454 4069 ὅμως
484 3998 545 4050 οὑ
580 4000 727 4069 τρεῖς
761 3997 894 4060 θεοὶ,
921 3998 1034 4052 ἀλλ’
1063 3992 1142 4062 εἷς
1175 3999 1328 4063 Θεός.
1370 4000 1642 4064 Ὡσαύτως
1673 3998 1876 4074 Κύριος

1976 3997 2241 4051 Dominus
2278 3994 2471 4060 Filius,
2513 3995 2779 4051 Dominus
2823 3995 3059 4067 Spiritus
3086 4004 3350 4052 sanctus:
3382 4008 3435 4053 et
3467 4007 3552 4053 ta-

302 4092 331 4143 6
356 4090 565 4161 Πατὴρ,
591 4089 794 4161 Κύριος
817 4093 845 4144 6
866 4090 1014 4154 Υἱὸς,
1045 4090 1246 4163 Κύριος
1263 4092 1325 4144 τὸ
1354 4091 1577 4162 Πνεῦμα
1604 4092 1664 4145 τὸ
1690 4092 1840 4161 ἅγιον
1858 4108 1872 4123 ο

1978 4103 2101 4141 men
2138 4102 2247 4141 non
2290 4093 2403 4141 tres
2435 4086 2662 4150 domini,
2690 4087 2783 4142 sed
2820 4101 2961 4141 unus
2987 4093 3072 4141 est
3106 4085 3385 4143 Dominus.
3410 4087 3550 4154 Quia

305 4183 402 4235 καὶ
427 4181 579 4252 ὅμως
609 4168 671 4235 οὑ
698 4183 843 4253 τρεῖς
870 4180 1067 4251 κύριοι,
1094 4180 1209 4234 ἀλλ’
1236 4175 1316 4244 εἷς
1340 4182 1454 4235 ἐστι
1482 4181 1706 4253 Κύριος.
1734 4183 1874 4240 Ὅτι,

1980 4178 2123 4233 sicut
2164 4177 2441 4249 sigillatim
2470 4192 2912 4248 unamquamque
2940 4191 3231 4247 personam
3260 4176 3430 4233 Deum
3457 4187 3554 4234 aut

303 4272 496 4344 ὥσπερ
530 4272 827 4343 μοναδικῶς
860 4274 1093 4343 ἑκάστην
1122 4271 1416 4326 ὑπόστασιν
1457 4271 1586 4326 Θεὸν
1633 4273 1726 4327 καὶ
1767 4273 1879 4327 Κύ-

1980 4267 2266 4326 Dominnm
2301 4267 2377 4340 (7)
2408 4268 2653 4324 conliteri
2682 4266 3245 4343 Christianayeritate
3273 4268 3554 4339 compelli-

310 4381 426 4435 ριον
469 4364 751 4435 ὁμολογεῖν
784 4366 1138 4437 Χριστιανικῇ
1176 4361 1403 4436 ἀληθείᾳ
1439 4363 1876 4435 ἀναγκαζόμεθα,

1981 4377 2139 4426 mur;
2188 4362 2262 4416 ita
2298 4370 2411 4417 tres
2462 4360 2596 4419 deos
2622 4369 2717 4416 aut
2768 4361 3020 4418 dominos
3068 4360 3253 4418 dicere
3285 4362 3553 4417 catholica

307 4453 451 4507 οὕτω
479 4456 631 4526 τρεῖς
676 4452 833 4517 θεοὺς
866 4452 900 4524 ἢ
949 4455 1098 4525 τρεῖς
1135 4454 1355 4525 κυρίους
1400 4453 1580 4523 λέγειν
1620 4454 1879 4527 καθολικῇ

1983 4453 2245 4525 religione
2270 4452 2642 4524 prohibemur.
2680 4450 2845 4507 Pater
2881 4466 2911 4506 a
2935 4453 3086 4507 nullo
3107 4460 3190 4509 est
3222 4450 3418 4516 factus,
3452 4467 3555 4507 nec

308 4543 568 4617 εὐσεϐείᾳ
624 4542 966 4613 κωλυόμεθα.
1004 4543 1063 4597 '0
1115 4544 1307 4616 Πατὴρ
1354 4546 1446 4600 ὑπ’
1498 4544 1709 4609 οὑδενὸς
1761 4547 1880 4598 ἐστι

1983 4554 2223 4610 creatus,
2258 4559 2361 4601 nec
2398 4545 2635 4619 genitus.
2680 4542 2851 4599 Filius
2883 4558 2913 4598 a
2956 4542 3118 4599 Patre
3162 4543 3282 4599 solo
3324 4552 3408 4599 est
3440 4559 3550 4600 non

268 4623 713 4708 ⁸πεποιημένος,
784 4634 909 4690 οὔτε
968 4635 1498 4709 δεδημιουργημένος
1517 4674 1535 4700 ,
1602 4635 1727 4690 οὔτε
1790 4652 1860 4705 γε

1986 4637 2185 4703 factus,
2215 4652 2317 4692 nec
2358 4647 2597 4699 creatus.
2638 4637 2733 4692 sed
2768 4635 2982 4705 genitus
3012 4652 3025 4688 :
3067 4634 3302 4706 Spiritus
3331 4645 3555 4695 sanctus

310 4700 659 4801 γεννημενος.
702 4700 761 4783 Ὅ
808 4728 936 4792 Υἱὸς
973 4700 1289 4801 ἀπὸ-*μόνου
1318 4700 1431 4782 ’τοῦ
1480 4729 1691 4800 Πατρός
1736 4700 1883 4783 ἐστιν

1986 4746 2015 4783 a
2053 4700 2212 4784 Patre
2239 4736 2293 4784 et
2323 4727 2459 4782 Filio
2491 4743 2599 4783 non
2628 4700 2795 4798 θεέ
2823 4728 3018 4791 factus,
3052 4700 3154 4784 nec
3181 4737 3423 4799 creatus,
3455 4746 3558 4787 nec

383 4907 462 4983 (ᾖ)
500 4907 684 4983 Gades
712 4904 932 4983 'Regi‘us
976 4904 1119 4983 2962
1148 4925 1163 4983 _:
1197 4905 1302 4983 Τοῦ
1345 4908 1406 4983 iv
1451 4907 1640 4983 ιῐιχίοιςΔ
1666 4908 1878 4983 Πατρὸς

1984 4908 2200 4961 πάντων
2231 4906 2389 4976 χρεία
2417 4907 2562 4960 ἐστὶν
2590 4906 2677 4960 ἵνα
2714 4907 2815 4978 τὴν
2855 4906 3146 4980 καθολικὴν
3184 4910 3433 4983 κρατήσῃ
3465 4911 3558 4964 πί-

309 4976 468 5049 ὴμῶν
515 4977 749 5049 μεγάλου
790 4976 1101 5049 ’Ᾱθανασίου
1137 4976 1395 5049 ὁμολογία
1440 4978 1748 5049 τῆς-αὑτοῦ
1787 4976 1881 5033 στί-
1985 4994 2123 5049 στιν..

313 5043 606 5119 σὲεωςξιιι
634 5046 823 5101 codice
860 5043 1203 5119 Felekmanni
1244 5043 1431 5119 Graeco
1455 5043 1636 5119 u_ullus
1661 5061 1883 5119 compa—
2008 5116 2018 5119 Α
2056 5046 2135 5119 (5)
2188 5044 2245 5098 S.
2297 5046 2509 5119 Germ"
2540 5043 3005 5119 Inviolabilegnqug
3031 5051 3332 5107 servaverit.
3365 5048 3561 5119 absque

313 5118 786 5189 t'etrtitulussnee
812 5117 1098 5189 scriptoris
1133 5132 1351 5189 nomen.
1393 5116 1449 5170 In
1480 5115 1882 5189 Palat._cod_ice
1984 5115 2145 5169 dubio
2188 5116 2385 5189 peribit
2428 5116 2485 5189 in
2528 5126 2810 5189 «sternam.
2855 5116 2914 5172 In
2960 5115 3095 5188 Reg.
3161 5119 3354 5189 absque
3398 5115 3560 5175 dubio

313 5185 867 5260 legiturtﬁtipfioiov
914 5184 1026 5260 τοῦ-
1055 5185 1211 5260 άγίου
1257 5185 1606 5260 Ἀθανασίου.Δ
1651 5184 1885 5260 Sanger-

1985 5193 2159 5260 geest.
2192 5184 2322 5260 lhi_d.
2352 5184 2526 5260 Palat.
2554 5186 2657 5249 sic,
2689 5186 2817 5257 ὑγιῆ
2841 5184 3069 5258 ἄμωμον
3090 5184 3377 5260 τηρήσειεν
3403 5190 3561 5253 ἐκτὸς

313 5254 463 5311 man.
488 5257 616 5327 257,
656 5254 815 5327 Fia'es
857 5255 1029 5327 sancti
1058 5254 1335 5327 Athanasii
1379 5256 1607 5327 episcopi
1648 5254 1885 5311 Alexan—

857 5255 1029 5327 sancti
1058 5254 1335 5327 Athanasii
1379 5256 1607 5327 episcopi
1648 5254 1885 5311 Alesian—
1987 5254 2285 5327 δισταγμοῦ
2323 5256 2422 5327 είς.

314 5328 469 5381 driw.
500 5326 604 5394 Qui
638 5326 707 5397 ah
739 5324 961 5382 Usserio
983 5326 1185 5397 dicitur
1219 5328 1388 5383 fuisse
1409 5323 1748 5397 )Ethelstani
1776 5329 1887 5397 An—
2061 5325 2140 5397 (6)
2181 5323 2300 5379 Mox
2336 5323 2518 5397 "Reg"
2549 5324 2674 5380 talis
2706 5336 2757 5381 et
2789 5324 3019 5397 Spiritus
3053 5337 3291 5392 sanctus,
3314 5336 3370 5384 et
3401 5327 3477 5383 ita
3504 5328 3562 5384 in

315 5398 530 5465 glornm
582 5396 766 5466 regis,
816 5397 976 5450 habet
1016 5414 1030 5450 :
1085 5394 1244 5452 Fides
1294 5396 1576 5452 Athanasii
1625 5395 1884 5450 Alexand.
1991 5394 2455 5466 subsequentibus
2497 5394 2836 5464 particulam
2867 5407 2918 5449 et
2974 5405 3101 5453 ante
3144 5398 3381 5466 Spiritus
3434 5414 3569 5454 san-

288 5464 558 5521 'Colhcrt.
604 5464 707 5521 784
753 5467 975 5521 mutilus
1002 5474 1087 5522 est
1128 5466 1285 5521 initio
1338 5473 1392 5522 ct
1428 5482 1456 5521 a
1493 5466 1667 5522 media
1708 5467 1884 5520 solum
1989 5477 2123 5519 ctus.
2170 5464 2380 5519 Desinit
2421 5476 2598 5520 autem
2645 5466 2698 5518 in
2735 5466 2849 5521 hinc
2878 5469 3042 5523 verba
3077 5487 3089 5525 :
3136 5464 3205 5524 Et
3243 5480 3416 5525 tamen
3456 5485 3565 5528 non

318 5546 472 5608 parte
514 5535 732 5608 incipit,
776 5546 836 5608 ut
870 5536 1009 5608 intra
1040 5534 1517 5608 notatursﬁegius
1551 5537 1722 5608 codex
1750 5535 1890 5591 4908
1993 5536 2325 5608 ινιτ-(τίενηνξ,
2349 5534 2545 5608 estinde
2578 5536 2801 5592 mutilus
2830 5547 2913 5591 est
2946 5539 3139 5595 codex.

316 5601 531 5661 nullum
568 5601 731 5675 habet
762 5606 998 5661 titulum.
1045 5607 1145 5675 Qui
1192 5608 1261 5661 ah
1290 5601 1508 5675 Usseijio
1541 5605 1743 5661 dicitur
1773 5621 1895 5661 esse
2012 5673 2031 5675 _
2068 5604 2144 5674 (7)
2184 5602 2240 5659 S.
2270 5604 2358 5669 0.,
2383 5601 2810 5675 Unamquamqnc
2836 5623 3114 5675 personam
3141 5619 3190 5664 et
3214 5609 3564 5667 Dominumct

321 5685 569 5749 tempore
598 5674 859 5749 ‘Grcgorii
908 5676 978 5749 hi.
1019 5673 1349 5749 descriptus,
1401 5674 1894 5749 Fides_catholi_ca,
2000 5673 2185 5729 Deum.

321 5747 497 5801 solum
522 5745 703 5801 habet.
730 5745 902 5801 Palat.
939 5747 957 5800 I
986 5746 1146 5816 paulo
1192 5745 1312 5816 post
1340 5746 1553 5802 initium
1583 5746 1761 5811 habet,
1786 5745 1897 5817 Πρὸ
