3980 6526
243 447 383 503 1583

1403 421 1816 507 ἐγΜυοιυιι
1852 451 2271 519 QUCUNQUE.
3033 477 3064 500 ρ

3355 417 3490 506 1586

1509 615 1828 672 SECUNDA
1866 614 2223 670 FORMULA.

244 746 358 802 Τοῦ
383 747 454 800 ἐν
482 746 672 817 ἁγίοις
703 748 934 818 Πατρός
961 749 1128 820 ἡμῶν
1169 753 1514 807 Ἀθανασίου
1559 754 1665 807 τοῦ
1690 753 1956 822 μεγάλου
1998 754 2282 822 ὁμολογία
2325 752 2436 822 τῆς
2493 749 2814 819 καθολικῆς
2862 751 3139 816 πίστεως,
3188 749 3270 819 ἣν
3307 751 3495 807 ἔδωκε

1387 824 1535 890 πρὸς
1575 825 1829 877 Ἰούλιον
1861 823 2071 877 πάπαν
2111 822 2359 896 Ῥώμης.

313 983 404 1055 Τῷ
442 983 648 1036 θέλοντι
694 982 931 1052 σωθῆναι
962 983 1068 1054 πρὸ
1101 985 1318 1039 πάντων
1351 986 1564 1057 ἀνάγκη
1593 986 1690 1057 τὴν
1716 1003 1817 1039 κα·
1845 992 1890 1048 Α
1923 1004 2071 1057 ματα
2101 985 2255 1055 ἅγια.
2303 987 2441 1039 Ἀλλ’
2467 989 2524 1040 ὲν
2553 985 2724 1058 ταύτῃ
2753 987 2818 1056 τῇ
2845 983 3033 1055 Τριάδι
3055 981 3207 1035 οὐδὲν
3233 983 3497 1056 πρότερον

239 1075 458 1147 θολικὴν
491 1075 672 1128 πίστιν
701 1073 950 1143 κατέχειν
971 1090 983 1102 ·
1019 1075 1088 1145 ἢν
1125 1077 1174 1128 εἰ
1205 1078 1278 1147 μή
1310 1094 1392 1139 τις
1423 1078 1687 1149 ἀκεραίαν
1718 1078 1812 1131 καὶ

236 1166 696 1239 ἀπαράθραυστον
742 1165 1146 1236 συντηρήσειεν,
1180 1161 1563 1237 ἀναμφιϐόλως
1603 1169 1684 1232 εἰς
1719 1170 1810 1222 τὸν

236 1254 410 1310 αίῶνα
441 1256 743 1308 ἀπολεῖται.
788 1251 936 1324 Αὕτη
970 1253 1026 1305 δέ
1059 1256 1205 1307 ἐστιν
1236 1257 1268 1328 ἡ
1313 1256 1572 1328 καθολικὴ
1607 1259 1807 1324 πίστις,

235 1348 334 1401 ἕνα
387 1347 518 1401 Θεὸν
567 1349 624 1402 ὲν
657 1348 868 1420 Τριάδι,
919 1349 1011 1402 καὶ
1059 1349 1263 1421 Τριάδα
1307 1351 1366 1403 ὲν
1419 1351 1603 1420 μονάδι
1633 1351 1811 1406 σέϐειν

236 1439 406 1509 ἡμᾶς,
447 1439 583 1509 μήτε
631 1437 700 1492 τὰ
737 1440 1004 1510 πρόσωπα
1046 1439 1392 1509 συγχέοντας,
1426 1441 1564 1510 μήτε
1591 1440 1690 1512 τὴν
1717 1444 1808 1496 οὐ-

238 1530 362 1584 σίαν
398 1529 757 1602 διαιροῦντας.
812 1531 974 1584 Ἀλλο
1023 1531 1131 1601 γάρ
1171 1532 1288 1584 ἐστι
1342 1531 1404 1584 τὸ
1455 1532 1549 1584 τοῦ
1600 1533 1812 1604 Πατρὸς

238 1621 562 1686 πρόσωπον,
597 1621 724 1675 ἀλλο
773 1621 835 1674 τὸ
885 1620 980 1674 τοῦ
1028 1621 1179 1689 Υἱοῦ,
1228 1622 1355 1678 ἄλλο
1399 1622 1461 1676 τὸ
1510 1624 1603 1677 τοῦ
1657 1625 1808 1692 ἁγίου

236 1713 575 1786 Πνεύματος.
633 1713 792 1767 Ἀλλά
821 1713 916 1767 τοῦ
947 1714 1159 1785 Πατρὸς
1186 1715 1394 1768 καὶτοῦ
1428 1715 1558 1769 Υἱοῦ
1591 1717 1685 1770 καὶ
1717 1715 1808 1770 τοῦ

235 1806 393 1874 ἀγίου
420 1805 732 1876 Πνεύματος
768 1804 867 1874 μία
899 1805 1014 1857 ἐστὶ
1063 1803 1273 1876 θεότης,
1307 1806 1395 1878 ἴση
1441 1807 1587 1873 δόξα,
1625 1810 1810 1861 συναΐ-

233 1895 347 1958 διος
389 1893 764 1964 μεγαλειότης.
815 1887 940 1956 Οἴος
983 1896 1010 1946 6
1065 1895 1274 1966 Πατὴρ,
1313 1895 1551 1961 τοιοῦτος
1590 1900 1618 1951 6
1660 1898 1807 1961 Υἱὸς,

233 1984 478 2038 τοιοῦτον
518 1985 580 2037 τὸ
625 1984 851 2055 Πνεῦμα
897 1985 958 2038 τὸ
997 1985 1168 2054 ἅγιον.
1212 1988 1497 2050 Ἀκτιστος
1526 1990 1554 2040 6
1599 1988 1806 2061 Πατὴρ,

233 2077 488 2139 ἄκτιστος
540 2076 569 2128 6
621 2075 767 2141 Υἱὸς,
818 2075 1070 2129 ἀκτιστον
1120 2077 1181 2130 τὸ
1236 2076 1458 2148 Πνεῦμα
1513 2078 1574 2131 τὸ
1633 2079 1806 2147 ἅγιον.

236 2172 501 2241 ’Δπειρος
522 2171 550 2222 6
581 2169 790 2240 Πατὴρ,
811 2167 1034 2240 ἄπειρος
1052 2171 1080 2222 6
1099 2169 1249 2235 Υἱὸς,
1267 2169 1491 2242 ἄπειρον
1511 2170 1570 2223 τὸ
1586 2169 1811 2241 Πνεῦμα

1917 1080 1951 1151 ἢ
1991 1079 2235 1151 ὕστερον,
2267 1079 2416 1134 οὐδὲν
2447 1078 2629 1150 μεῖζον
2657 1078 2689 1150 ἢ
2718 1078 2934 1131 ἔλαττον
2954 1093 2968 1107 ·
2999 1074 3134 1129 ἀλλὰ
3165 1075 3294 1147 τρία
3319 1077 3493 1148 πρόσ-

1916 1187 2041 1224 ωπα
2080 1170 2322 1224 συναῒδια
2359 1172 2568 1234 ἑαυτοῖς
2621 1171 2757 1232 ἐστι,
2827 1167 2922 1221 καὶ
2975 1164 3064 1219 διὰ
3113 1165 3329 1218 πάντων
3380 1166 3489 1221 ι’σα.

1918 1260 2104 1324 Οὕτως
2131 1260 2206 1324 ὡς
2233 1260 2374 1314 κατὰ
2419 1260 2610 1324 πάντα,
2647 1257 2828 1322 καθὼς
2857 1258 2956 1329 ήδη
2987 1257 3236 1326 εἴπομεν,
3266 1258 3361 1310 καὶ
3391 1257 3491 1328 τὴν

1917 1351 2119 1422 Τριάδα
2136 1353 2192 1404 ἐν
2219 1354 2284 1422 τῇ
2322 1351 2526 1420 μονάδι,
2552 1352 2645 1403 καὶ
2674 1350 2770 1420 τὴν
2795 1348 2997 1420 μονάδα
3020 1349 3076 1401 ὲν
3103 1350 3172 1418 τῆ
3201 1347 3391 1418 Τριάδι
3408 1349 3498 1402 σέ-

1917 1443 2031 1496 ϐειν
2061 1445 2228 1514 ἡμᾶς.
2257 1444 2316 1496 '0
2342 1442 2659 1512 βουλόμενος
2687 1442 2864 1495 τοίνυν
2880 1439 3150 1510 σωθῆναι,
3191 1438 3332 1492 οὕτω
3367 1443 3494 1512 περὶ

1917 1536 2015 1607 τῆς
2043 1535 2271 1605 Τριάδος
2301 1535 2561 1605 φρονείτω
2581 1578 2598 1594 .

1997 1626 2318 1694 Ἀναγκαῖον
2361 1626 2417 1680 δὲ
2468 1625 2605 1696 πρὸς
2647 1624 2743 1696 τὴν
2785 1625 3004 1681 αἰώνιον
3060 1628 3349 1700 σωτηρίαν,
3399 1626 3495 1680 καὶ

1916 1719 2013 1790 τὴν
2071 1719 2165 1773 τοῦ
2211 1717 2416 1791 Κυρίου
2477 1717 2632 1788 ἡμῶν
2682 1718 2856 1789 Ἰησοῦ
2915 1720 3154 1791 Χριστοῦ
3219 1719 3494 1791 σάρκωσιν

1917 1809 2121 1875 πιστῶς
2173 1810 2442 1880 κατέχειν.
2486 1810 2642 1863 Ἔστι
2677 1810 2853 1864 τοίνυν
2900 1809 3090 1882 βεϐαία
3131 1812 3344 1875 πίστις,
3407 1811 3495 1864 ἶνα

1917 1904 2260 1976 πιστεύωμεν
2297 1907 2390 1958 καὶ⁴
2431 1905 2778 1976 ὁμολογῶμεν
2821 1905 2912 1959 τὸν
2948 1905 3151 1977 Κύριον
3186 1906 3340 1978 ὴμῶν
3385 1905 3492 1974 Ἰη-

1919 1994 2044 2050 σοῦν
2085 1995 2322 2067 Χριστὸν
2348 1996 2437 2048 τὸν
2465 1994 2591 2049 Υίὸν
2613 1995 2706 2048 τοῦ
2739 1995 2896 2060 Θεοῦ,
2932 1995 3066 2052 Θεὸν
3086 1998 3179 2051 καὶ
3211 1995 3494 2067 ἄνθρωπον

1918 2079 2056 2139 εἶναι
2072 2102 2084 2115 ·
2128 2085 2258 2138 Θεὸν
2286 2087 2350 2138 ὲκ
2375 2088 2473 2157 τῆς
2496 2085 2684 2148 οὐσίας
2709 2084 2802 2138 τοῦ
2823 2085 2980 2151 Θεοῦ,
3019 2085 3125 2159 πρὸ
3144 2086 3252 2139 τῶν
3283 2085 3493 2138 αἰώνων

1916 2176 2271 2247 γεννηθέντα·
2311 2176 2513 2231 τέλειον
2542 2177 2670 2230 Θεὸν
2719 2177 2810 2231 καὶ
2853 2178 3055 2232 τέλειον
3083 2177 3393 2248 ἄνθρωπον,
3427 2180 3494 2232 ἐκ

234 2261 299 2314 τὸ
332 2261 504 2328 ἆγιον.
560 2258 755 2320 Ἀῖδιος
799 2258 827 2310 6
872 2257 1078 2327 Πατὴρ,
1113 2256 1282 2320 ἀΐδιος
1310 2259 1338 2310 6
1371 2256 1518 2320 Υἱὸς,
1553 2256 1720 2310 ἀΐδιον
1751 2255 1810 2309 τὸ
1913 2265 2092 2337 ψυχῆς
2142 2267 2364 2338 λογικῆς
2407 2267 2500 2320 καὶ
2533 2267 2876 2339 ἀνθρωπίνης
2932 2267 3134 2340 σαρκὸς
3175 2267 3489 2336 ὑφεστῶτα·

236 2351 464 2422 Πνεῦμα
495 2351 557 2404 τὸ
589 2350 762 2418 ἅγιον.
805 2350 877 2402 Οὗ
930 2349 1035 2421 μὴν
1067 2351 1216 2420 τρεῖς
1262 2348 1443 2414 ἀΐδιοι,
1475 2348 1591 2402 ἀλλ’
1621 2343 1701 2412 εἷς
1727 2349 1812 2401 ἀῗο
1845 2357 1887 2412 Β
1915 2357 2027 2412 ἴσον
2080 2358 2158 2429 τῷ
2203 2358 2379 2430 Πατρὶ
2430 2357 2571 2412 κατὰ
2620 2358 2716 2431 τὴν
2770 2359 3028 2432 θεότητα,
3092 2359 3347 2414 ἐλάττονα
3401 2359 3494 2413 τοῦ

235 2448 372 2510 διος.
406 2445 593 2508 Οὕτως
622 2443 742 2497 οὐδὲ
772 2443 918 2512 τρεῖς
945 2443 1210 2506 ἄκτιστοι,
1240 2439 1363 2493 οὕτε
1396 2443 1542 2512 τρεῖς
1575 2441 1812 2511 ἄπειροι,

154 2599 159 2603 ,
238 2542 355 2597 ἀλλ’
385 2537 464 2604 εἷς
497 2540 772 2602 ἅκτιστος,
819 2534 898 2602 εἷς
944 2537 1188 2609 ἄπειρος.
1231 2537 1460 2608 Ὁμοίως
1491 2535 1819 2590 παντοδύνα-

243 2653 343 2705 μος
370 2637 398 2688 6
426 2633 635 2704 Πατὴρ,
667 2631 1074 2701 παντοδύναμος
1101 2632 1129 2682 6
1150 2629 1300 2693 Υἱὸς,
1322 2629 1728 2700 παντοδύναμον
1757 2628 1817 2681 τὸ

245 2727 471 2799 Πνεῦμα
506 2726 566 2780 τὸ
607 2726 760 2794 ἆγιον
783 2741 797 2754 ·
839 2725 901 2778 οὐ
937 2723 1042 2794 μὴν
1071 2724 1219 2794 τρεῖς
1253 2721 1673 2792 παντοδύναμοι,
1703 2720 1817 2773 ἀλλ’

1917 2450 2130 2523 Πατρὸς
2175 2451 2316 2505 κατὰ
2355 2451 2450 2522 τὴν
2495 2451 2908 2522 ἀνθρωπότητα.
2965 2453 3081 2520 Ὀς,
3131 2455 3178 2506 εί
3225 2453 3318 2507 καὶ
3365 2452 3496 2513 Θεός

1917 2544 2160 2598 ἐστικαὶ
2197 2544 2502 2616 ἄνθρωπος,
2552 2545 2612 2598 οὕ
2664 2546 2739 2616 μὴ
2787 2545 2899 2610 δύο,
2946 2544 3062 2599 ἀλλ’
3095 2539 3176 2609 εἷς
3206 2547 3322 2598 ἐστι
3364 2546 3497 2616 Χρι-

1919 2635 2075 2698 στός·
2125 2629 2204 2699 εἷς
2244 2635 2338 2700 δὲ,
2388 2636 2449 2688 οὕ
2494 2635 2592 2706 τῆς
2639 2635 2890 2706 Θεότητος
2940 2635 3368 2706 μεταϐληθείσης
3417 2637 3496 2698 είς

1920 2728 2118 2799 σάρκα,
2149 2727 2286 2782 ἀλλὰ
2330 2729 2428 2800 τῆς
2455 2727 2870 2799 ἀνθρωπότητος
2903 2729 3006 2782 ὕπὸ
3028 2727 3120 2782 τοῦ
3160 2727 3293 2781 Θεοῦ
3327 2745 3495 2799 προσ-

246 2816 330 2884 εἷς
357 2819 780 2887 παντοδύναμος.
815 2815 970 2869 Οὕτω
997 2816 1097 2892 ¹καὶ
1134 2814 1266 2878 Θεὸς
1309 2815 1338 2867 6
1378 2814 1586 2885 Πατὴρ,
1631 2812 1762 2876 Θεὸς
1791 2813 1820 2866 ὁ
1915 2818 2246 2890 ληφθείσης·
2281 2815 2362 2883 εἷς
2408 2819 2719 2884 παντελῶς.
2769 2821 2830 2873 οὐ
2878 2819 3079 2892 φυρμῷ
3131 2820 3230 2890 τῆς
3280 2819 3490 2884 οὐσίας’

245 2913 398 2976 Υἱὸς,
425 2912 556 2975 Θεὸς
599 2911 660 2964 τὸ
689 2909 912 2980 Πνεῦμα
939 2908 999 2961 τὸ
1042 2908 1195 2976 ἆγιον
1216 2924 1229 2938 ο
1259 2907 1322 2960 οὕ
1359 2907 1464 2978 μὴν
1492 2909 1640 2979 τρεῖς
1686 2905 1817 2970 θεοὶ,

245 3006 362 3060 ἀλλ’
382 3001 462 3070 εἷς
493 3005 641 3068 Θεός.
667 3002 821 3057 Οὕτω
842 3001 1043 3072 Κύριος
1070 3002 1098 3054 6
1126 2999 1335 3070 Πατὴρ,
1367 2999 1570 3070 Κύριος
1604 3000 1632 3051 ὁ
1670 2997 1817 3062 Υἱὸς,

242 3098 448 3169 Κύριος
480 3097 541 3150 τὸ
588 3094 812 3165 Πνεῦμα
845 3094 906 3146 τὸ
955 3094 1134 3160 ἆγιον·
1169 3093 1228 3144 οὕ
1275 3091 1382 3163 μὴν
1424 3093 1572 3163 τρεῖς
1612 3090 1813 3162 κύριοι,

244 3191 360 3263 ἀλλ’
389 3186 469 3253 εἷς
498 3188 730 3260 Κύριος·
754 3187 877 3241 ἐπεὶ
902 3184 1086 3248 καθὼς
1118 3185 1346 3238 ’ἑκαστον
1375 3184 1482 3238 τῶν
1514 3182 1822 3253 προσώπων

242 3280 379 3333 Θεὸν
406 3280 439 3351 ἢ
464 3279 666 3350 Κύριον
697 3277 978 3348 ὁμολογεῖν
1004 3275 1109 3328 ὑπὸ
1138 3275 1236 3345 τῆς
1265 3273 1656 3344 Χριστιανικῆς
1691 3273 1818 3344 ἀλη-

244 3372 396 3434 θείας
413 3367 856 3440 ἀναγκαζόμεθα,
878 3367 1021 3420 οὕτω
1048 3367 1141 3420 καὶ
1169 3370 1316 3438 τρεῖς
1340 3365 1495 3428 θεοὺς
1517 3364 1551 3435 ἢ
1598 3363 1820 3436 κυρίους

244 3465 429 3533 λέγειν
461 3465 494 3534 ἡ
537 3462 796 3531 καθολικὴ
851 3459 1118 3532 θρησκεία
1147 3459 1363 3512 κωλύει.
1409 3459 1466 3511 '0
1500 3455 1686 3527 Πατὴρ
1714 3455 1824 3509 τοί-

1919 2910 2055 2966 ἀλλὰ
2085 2914 2153 2982 τῇ
2182 2909 2274 2964 τοῦ
2305 2909 2595 2982 προσώπου
2644 2910 2873 2980 ἑνότητι.
2907 2911 3117 2980 ’Ὠσπερ
3150 2909 3260 2982 γὰρ
3308 2910 3340 2980 ἡ
3395 2909 3488 2962 λο-

1919 3003 2049 3076 γικὴ
2083 3003 2228 3074 ψυχὴ
2266 3004 2414 3074 καὶὴ
2447 3003 2583 3074 σὰρξ
2609 2998 2689 3068 εἷς
2715 3004 2863 3056 ἐστιν
2896 3002 3202 3074 ἄνθρωπος,
3233 3001 3376 3055 οὕτω
3401 3004 3495 3054 καὶ

1919 3095 1948 3149 6
1975 3095 2106 3158 Θεὸς
2132 3096 2226 3149 καὶ
2257 3093 2539 3166 ἄνθρωπος
2572 3089 2651 3157 εἷς
2679 3095 2795 3147 ἐστι
2836 3093 3101 3165 Χριστός·
3134 3091 3320 3145 παθὼν
3354 3092 3493 3162 ὑπὲρ

1919 3187 2018 3258 τῆς
2049 3189 2320 3260 σωτηρίας
2345 3187 2521 3258 ⁴ἡμῶν,
2544 3185 2819 3240 κατελθὼν
2843 3187 2921 3249 είς
2951 3187 3040 3240 τὸν
3071 3185 3222 3257 ᾅδην,
3245 3187 3309 3255 τῇ
3336 3184 3490 3256 τρίτῃ

1918 3277 2104 3349 ἡμέρᾳ
2136 3278 2201 3330 ὲκ
2220 3275 2327 3330 τῶν
2360 3274 2568 3346 νεκρῶν
2593 3274 2852 3340 ἀναστὰς,
2879 3275 2974 3328 καὶ
3002 3273 3236 3328 ἀνελθὼν
3260 3277 3339 3338 εἰς
3366 3276 3491 3337 τοὺς

1920 3370 1980 3422 οὕ
1990 3370 2202 3441 ρανοὺς,
2234 3369 2327 3422 καὶ⁵
2350 3368 2655 3440 καθήμενος
2683 3370 2747 3422 ὲκ
2761 3366 2947 3434 δεξιῶν
2967 3365 3060 3419 τοῦ
3087 3365 3490 3436 παντοδυνάμου

1922 3461 2056 3515 Θεοῦ
2090 3462 2183 3514 καὶ
2224 3460 2457 3531 Πατρὸς,
2499 3459 2704 3513 ἐκεῖθεν
2745 3460 2889 3531 ἥξων
2919 3462 3099 3530 κρῖναι
3146 3457 3353 3522 ζῶντας
3400 3457 3496 3511 καὶ

245 3575 343 3612 νυν
381 3556 472 3609 ὑπ’
503 3555 717 3618 οὐδενὸς
744 3553 866 3608 οὕτε
905 3553 1220 3622 πεποίηται,
1251 3551 1373 3606 οὕτε
1405 3551 1674 3615 ἔκτισται,
1699 3547 1822 3602 οὕτε
1921 3553 2146 3626 νεκρούς
2165 3569 2179 3583 ⁶
2201 3545 2261 3604 οῦ
2289 3552 2423 3623 πρὸς
2454 3550 2551 3620 τὴν
2579 3550 2880 3621 παρουσίαν
2908 3551 3108 3612 πάντες
3137 3550 3186 3601 οἱ
3220 3547 3496 3619 ἄνθρωποι

244 3649 590 3718 γεγέννηται.
650 3646 824 3709 Μόνος
883 3645 1008 3705 Υἱὸς
1060 3644 1212 3717 παρὰ
1257 3630 1351 3698 τὸῦ
1401 3643 1612 3714 Πατρὸς
1661 3642 1820 3712 μόνου
1922 3646 2308 3715 ἀναστήσονται
2342 3642 2479 3712 μετά
2505 3641 2613 3694 τῶν
2649 3640 2791 3694 ἰδίων
2831 3641 3100 3712 σωμάτων
3125 3639 3495 3702 ἀποδώσοντες

249 3741 399 3794 ἐστὶν
464 3740 523 3793 οὕ
592 3739 855 3808 ποιηθεὶς,
895 3738 956 3790 οὐ
1012 3737 1274 3802 κτισθεὶς,
1319 3735 1455 3790 ἀλλὰ
1520 3734 1816 3805 γεννηθείς.
1847 3724 1888 3783 C
1921 3735 2076 3804 λόγον
2115 3732 2391 3806 περὶτῶν
2449 3732 2622 3805 ἔργων
2673 3731 2873 3786 αὐτῶν.
2926 3733 2989 3784 Οἱ
3042 3733 3138 3802 μὲν
3171 3727 3263 3783 οῦν
3316 3728 3495 3797 ἀγαθά

246 3833 324 3886 Τὸ
365 3832 590 3901 Πνεῦμα
618 3830 678 3884 τὸ
711 3831 861 3894 ἅγιον
895 3827 1046 3900 παρὰ
1093 3829 1259 3900 660
1306 3827 1520 3898 Πατρὸς
1552 3827 1647 3880 καὶ
1689 3825 1820 3879 Υἰοῦ
1927 3826 2229 3900 πράξαντες
2257 3827 2336 3889 εἰς
2364 3825 2463 3895 τὴν
2495 3823 2707 3878 αἰώνιον
2735 3822 3125 3876 ἀπελεύσονται
3155 3821 3319 3892 ζωὴν,
3349 3822 3398 3873 οἱ
3438 3820 3496 3873 δὲ

245 3926 311 3979 οὕ
347 3923 590 3994 ποιηθὲν,
620 3923 679 3975 οὕ
708 3921 944 3984 κτισθὲν,
973 3920 1035 3972 οὕ
1065 3918 1342 3989 γεννηθὲν,
1382 3917 1495 3971 ἀλλ’
1528 3916 1822 3988 ὲκπορευό-
1925 3908 1992 3971 τὰ
2035 3916 2212 3986 φαῦλα
2240 3917 2320 3979 είς
2345 3915 2407 3968 τὸ
2449 3912 2559 3985 πῦρ
2592 3913 2653 3966 τὸ
2689 3912 2923 3968 αἰώνιον.
2956 3912 3102 3983 Αὕτη
3136 3910 3281 3964 ἐστὶν
3311 3912 3344 3980 ἠ
3394 3926 3496 3962 κα⁴

251 4033 434 4086 μενον.
469 4015 578 4086 (14)
607 4009 701 4078 Εἷς
725 4013 902 4066 τοίνυν
924 4009 1132 4081 Πατὴρ,
1165 4012 1225 4063 οὕ
1249 4011 1396 4080 τρεῖς
1431 4008 1663 4080 πατέρες
1685 4024 1699 4037 ο
1739 4001 1819 4069 εἷς
1926 4007 2110 4077 θολικὴ
2142 4006 2341 4069 πίστις,
2375 4005 2442 4075 ἢν
2467 4006 2514 4057 εἰ
2551 4004 2624 4075 μή
2657 4020 2740 4066 τις
2771 4002 2974 4067 πιστῶς
3013 4002 3106 4056 καὶ
3147 4001 3375 4073 βεὸαίως
3410 4018 3496 4054 πι-

245 4111 279 4162 6
297 4107 442 4171 Υἱὸς,
465 4106 526 4160 οὐ
553 4108 697 4177 τρεῖς
728 4104 859 4158 υίοίο
895 4102 950 4154 ἒν
967 4100 1189 4171 Πνεῦμα
1203 4101 1378 4170 ἅγιον,
1407 4100 1468 4154 οὕ
1495 4099 1622 4171 τρία
1650 4095 1818 4150 πνεύ-
1929 4094 2220 4160 στεύσειεν,
2249 4095 2348 4163 οὐχ
2375 4087 2486 4156 οἷός
2509 4109 2569 4145 τε
2603 4090 2756 4144 ἔσται
2793 4091 3049 4162 σωθῆναι.

1549 4388 1804 4443 TERTIA
1843 4383 2196 4443 FORMULA.

293 4530 574 4595 Ἐκθεσις
607 4528 927 4597 ὁμολογίας
960 4528 1070 4598 τῆς
1089 4527 1413 4598 καθολικτῇ
1443 4529 1691 4595 πίστεως
1719 4527 1824 4582 τοῦ
1858 4523 2126 4596 μεγάλου
2178 4519 2528 4576 Ἀθανασίου
2579 4514 2942 4586 πατριάρχου
2980 4509 3452 4581 Ἀλεξανδρείας.

327 4669 516 4729 Ὅστις
547 4665 612 4719 ἂν
641 4664 894 4736 βούληται
920 4663 1029 4734 (15)
1062 4663 1319 4736 σωθῆναι,
1338 4667 1444 4736 πρὸ
1473 4666 1690 4719 πάντων
1724 4663 1829 4734 χρὴ
1861 4667 1906 4722 D
1933 4660 2026 4716 τοῦ
2061 4657 2213 4724 Υἱοῦ,
2244 4655 2377 4726 ἄλλη
2409 4653 2504 4707 τοῦ
2530 4653 2684 4721 ἁγίου
2718 4647 3052 4736 Πνεύματος,

253 4759 478 4828 κρατεῖν
510 4755 608 4826 τὴν
641 4731 940 4827 ⁷καθολικὴν
968 4731 1148 4807 πίστιν
1167 4771 1180 4783 ·
1197 4731 1275 4824 ’ἢν
1299 4755 1346 4806 εί
1383 4731 1461 4824 μὴ
1491 4747 1570 4816 εἷς
1597 4731 1828 4815 ἕκαστος
2017 4749 2174 4804 Ἀλλά
2194 4747 2426 4818 Πατρὸς,
2449 4744 2542 4797 καὶ
2564 4739 2716 4805 Υἱοῦ,
2739 4740 2833 4793 καὶ
2863 4736 3016 4828 ἀγίου
3040 4731 3373 4828 Πλνεύματοᾴς,
3403 4731 3497 4828 μία

255 4823 402 4902 σώαν
445 4847 540 4900 κα)⁸
566 4823 1134 4918 ’ἀμώμητον-τηρήσῃ
1188 4823 1318 4916 (16),
1354 4823 1482 4899 ἄνευ
1527 4843 1825 4915 δισταγμοῦ
1931 4844 2078 4897 ἐστὶν
2115 4844 2148 4912 η
2198 4840 2408 4910 θεότης,
2447 4836 2546 4907 μία
2585 4833 2732 4886 ἐστὶν
2776 4828 2962 4900 ὴδόξα
2991 4824 3125 4897 (l8),
3156 4823 3418 4886 συνατδιος
3463 4824 3496 4893 ή

252 4941 336 5003 είς
367 4939 458 4992 τὸν
492 4937 663 4992 αἰῶνα
688 4937 983 4992 ἀπολεῖται.
1933 4931 2303 5006 μεγαλειότης.

325 5028 513 5092 Πίστις
544 5029 599 5082 δὲ
632 5031 665 5099 ἡ
705 5028 964 5100 καθολικὴ
995 5027 1133 5099 αὕτη
1178 5027 1346 5090 ἐστὶν,
1374 5028 1462 5080 ἵνα
1491 5028 1586 5081 ένα
1611 5025 1743 5080 Θεὸν
1767 5029 1826 5079 ἐν

254 5120 466 5192 Τριάδι,
504 5121 598 5174 καὶ
629 5120 831 5192 Τριάδα
863 5121 922 5173 ἑν
966 5119 1150 5191 μονάδι
1182 5118 1488 5189 σεὸώμεθα,
1525 5119 1661 5188 μήτε
1697 5134 1827 5186 συγ-

253 5213 474 5283 χέοντες
520 5214 618 5276 τάς
669 5212 1014 5277 ὑποστάσεις,
1049 5214 1186 5283 μήτε
1214 5211 1310 5282 τὴν
1339 5211 1526 5266 οὐσίαν
1567 5209 1827 5282 διαχωρί-

257 5301 442 5365 ζοντες
475 5300 606 5372 (17).

331 5393 498 5466 ’Λλλη
535 5394 643 5466 γάρ
671 5395 818 5447 ἐστιν
852 5394 886 5464 ἡ
925 5393 1219 5457 ὑπόστασις
1266 5391 1360 5446 τοῦ
1416 5392 1650 5463 Πατρὸς,
1691 5391 1827 5461 ἄλλη

1997 5021 2122 5090 Οἷος
2150 5028 2179 5079 6
2195 5021 2406 5094 Πατὴρ,
2433 5019 2670 5082 τοιοῦτος
2695 5019 2722 5071 6
2745 5014 2895 5079 Υἱὸς,
2927 5012 3168 5068 τοιοῦτον
3191 5010 3253 5064 τὸ
3274 5009 3495 5081 Πνεῦμα

1926 5120 1987 5174 τὸ
2002 5119 2287 5268 ’ἰγκῗστος
2313 5206 2342 5259 6
2372 5203 2585 5274 Πατὴρ,
2620 5201 2870 5262 ἀκτιστος
2901 5199 2930 5252 6
2953 5195 3101 5259 Υἱὸς,
3133 5193 3382 5247 ἀκτιστον
3408 5191 3499 5245 καὶ

1929 5301 2042 5369 (19)
2073 5299 2134 5353 τὸ
2163 5297 2387 5368 Πνεῦμα
2412 5295 2472 5349 τὸ
2503 5296 2678 5362 ἀγιον.

2016 5389 2418 5460 Ἀκατάληπτος
2473 5389 2502 5440 6
2562 5385 2782 5456 Πατὴρ,
2833 5381 3212 5454 ἀκατάληπτος
3263 5379 3292 5431 6
3347 5375 3496 5444 Υιὸς,

2000 5639 2110 5708 (16)
2144 5636 2379 5702 C0ncil.,
2407 5637 2719 5708 τηρήσειεν.

2005 5704 2116 5780 (Π)
2147 5709 2322 5780 Illius,
2358 5704 2690 5780 μερίζοντες,

2008 5771 2119 5849 (18)
2152 5771 2370 5849 Hem-ie:
2400 5771 2610 5849 Steph,
2639 5777 2735 5849 μία
2749 5775 2878 5830 Υἱοῦ
2917 5771 3374 5849 ήδόξαηίῖοηοίιη
3404 5772 3492 5842 ἴση

1936 5843 2064 5904 Υίοῦ
2156 5848 2472 5921 δόξαηιὺίά.
2499 5843 2736 5921 Conéil..
2773 5843 3095 5918 σ’λναῖδιοςή
3125 5843 3333 5916 θεότης.

2007 5918 2124 5990 (19)’
2153 5920 2259 5974 Καί
2288 5918 2438 5976 deest
2473 5921 2524 5973 in
2557 5920 2764 5976 Concil.

356 5636 536 5709 HHn
567 5638 776 5709 synodo
824 5637 1132 5694 Floromina
1176 5647 1308 5694 tom.
1344 5638 1484 5703 XIII,
1520 5654 1644 5709 pag.
1677 5640 1817 5695 705:

267 5705 667 5782 1096quon
691 5712 755 5782 τῇ
788 5710 1048 5782 ὁμολογίᾳ
1074 5710 1171 5782 τῆς
1230 5710 1424 5782 ἑαυτοῦ
1457 5705 1690 5782 πίστεώς
1727 5728 1826 5780 φη-

259 5779 466 5852 ςξιχΤὸ
491 5779 830 5852 Πνεῦματὸ
861 5779 1161 5849 ἆγιονὰπὸ
1207 5781 1300 5833 τοῦ
1348 5781 1560 5852 Πάτρὸς
1603 5782 1695 5835 καὶ
1733 5779 1825 5834 τοῦ

257 5849 392 5903 ’Ποῦ
417 5849 767 5921 οὐκ-ποιητὸν,
801 5853 862 5904 οὐ
893 5852 1126 5913 κτιστὸν,
1155 5852 1268 5904 ἀλλ’
1303 5849 1646 5921 ἐκπορέυτόν.

332 5921 443 5990 (Ιῦὶ
477 5919 692 5976 Henric.
725 5920 937 5992 Steph,
973 5923 1118 5986 ὅστις
1159 5922 1421 5992 βούλεται.
