4032 6376
331 386 466 444 1589

1522 384 1916 446 ΞΥΜΒΟΜῙΜ
1954 387 2384 459 ρυιευκρυε.

3441 370 3576 447 isse
3647 413 3653 418 -

403 506 567 581 Ἄλλη
605 506 712 581 γὰρ
738 509 1030 575 ὑπόστασις
1052 513 1146 566 τοῦ
1179 513 1413 585 Πατρὸς,
1456 513 1588 586 ἄλλη
1619 514 1712 568 τοῦ
1742 515 1890 578 Υίοῦ,

2065 516 2187 572 Alia
2217 524 2303 571 est
2329 516 2475 571 enim
2505 530 2739 587 persona
2770 514 2972 580 Patris,
3008 516 3113 570 alia
3145 513 3427 578 Filii,.ali'a
3454 511 3576 582 Spi-

326 599 459 670 ἇὶλη
504 599 598 653 τοῦ
629 601 786 670 ἁγίου
837 603 1171 672 Πνεύματος.
1219 604 1377 659 Ἀλλὰ
1409 605 1502 660 τοῦ
1547 606 1778 679 Πατρὸς,
1801 608 1893 660 καὶ

325 690 420 744 τοῦ
437 691 588 757 Υίοῦ,
615 694 827 748 καὶτοῦ
859 696 1013 764 ἁγίου
1049 695 1384 767 Πνεύματος,
1421 697 1519 768 μία
1548 699 1693 751 ἐστὶν
1728 698 1894 769 ἡθεό-

325 799 445 853 της,
474 783 532 836 ἓν
558 784 619 838 τὸ
647 787 865 858 κράτος.
902 788 999 859 μία
1028 788 1263 854 ἐξουσία,
1286 789 1384 860 μία
1424 790 1686 860 βασιλεία,
1724 790 1813 861 ἴση
1858 793 1893 861 ἡ

326 874 470 940 δόξα,
498 874 586 947 ἴση
616 880 649 948 ὴ
689 879 1041 953 μεγαλωσύνη
1075 884 1170 936 καὶ
1197 881 1435 946 αἰώνιος.
1465 877 1589 945 Ofe;
1621 884 1650 935 6
1682 882 1891 953 Πατὴρ,

324 966 562 1033 τοιοῦτος
588 971 616 1021 ὁ
644 969 786 1033 Υἱὸς,
820 970 1055 1026 τοιοῦτον
1081 977 1141 1026 τὸ
1164 973 1385 1044 Πνεῦμα
1416 974 1477 1027 τὸ
1504 975 1678 1043 ἆγιον.
1708 974 1895 1027 Ἀκτι-

327 1074 450 1122 reo;
475 1060 502 1111 6
540 1059 747 1131 Πατὴρ,
784 1060 1038 1127 ἄκτιστος
1060 1064 1089 1117 6
1117 1064 1265 1129 Υίὸς,
1293 1064 1547 1118 ἄκτιστον
1575 1064 1637 1117 τὸ
1671 1063 1895 1136 Πνεῦμα

323 1151 387 1203 τὸ
429 1149 583 1219 ἆγιον
603 1166 618 1179 ’
655 1153 748 1205 καὶ
778 1154 1014 1224 οὑτρεῖς
1048 1156 1312 1220 ἄκτιστοι,
1357 1156 1472 1209 ἀλλ’
1502 1151 1582 1221 εἷς
1621 1157 1891 1221 ᾶκτιστος.

271 1304 289 1309 ,η
327 1240 727 1315 Πχντοκράτωρ
768 1245 796 1297 6
841 1245 1050 1316 Πατὴρ.
1092 1249 1481 1319 παντοκράτωρ
1512 1249 1541 1301 6
1571 1248 1717 1315 Υἱὸς,
1758 1265 1893 1302 παν-

324 1331 611 1405 τοκράτωρ
637 1332 697 1386 τὸ
726 1334 950 1406 Πνεῦμα
978 1335 1039 1389 τὸ
1075 1336 1227 1406 ἅγιον
1246 1354 1272 1369 οη
1298 1340 1394 1392 καὶ
1432 1331 1501 1392 οὗ
1519 1343 1669 1411 τρεῖς
1697 1356 1895 1394 παντο-

326 1425 611 1498 κράτορες,
646 1428 761 1481 ἀλλ’
793 1424 873 1493 εἷς
925 1431 1331 1503 παντοκράτωρ.
1366 1430 1591 1495 Alcime;
1625 1434 1655 1486 6
1684 1433 1893 1505 Πατὴρ,

325 1516 541 1582 αἰώνιος
571 1519 599 1571 6
630 1519 777 1586 1'i6;,
811 1520 1028 1575 αἰώνιον
1055 1522 1116 1576 τὸ
1147 1522 1369 1595 Πνεῦμα
1391 1524 1452 1577 τὸ
1488 1523 1645 1595 ἆγιον
1665 1544 1678 1556 ·
1715 1526 1810 1581 καὶ
1834 1526 1896 1580 οὐ

324 1612 473 1681 τρεῖς
486 1608 711 1674 αἰώνιοι,
730 1609 843 1664 ἀλλ’
858 1605 938 1675 εἷς
953 1610 1185 1676 αἰώνιος.
1203 1613 1614 1687 Παντοδύναμος
1634 1618 1662 1669 6
1685 1618 1895 1690 Πατὴρ,

326 1698 731 1771 παντοδύναμος
761 1702 789 1754 6
822 1701 969 1767 1‘i6;,
999 1704 1403 1777 παντοδύναμον
1443 1706 1518 1759 τὸ.
1560 1707 1785 1779 Πνεῦμα
1835 1710 1898 1764 τὸ

327 1790 480 1859 ἅγιον
497 1807 519 1820 ·’
546 1790 642 1844 καὶ
667 1792 727 1844 ού
767 1792 1361 1864 τρεῖςνπαντοδύναμοι,
1388 1794 1502 1848 ἀλλ’
1524 1788 1605 1859 εἷς
1637 1794 1899 1850 παντοδύ-

327 1855 521 1951 ναμος.
560 1880 715 1935 Οὕτω
740 1855 870 1947 Θεὸς
948 1884 1159 1957 Πατὴρ,
1202 1855 1406 1949 Θεὸςγδ
1451 1855 1598 1952 Υἱὸς,
1656 1886 1790 1952 Θεὸς
1837 1888 1900 1942 τὸ
1931 1855 1971 1911 Β

328 1972 550 2046 Πνεῦμα
596 1975 656 2028 τὸ
713 1975 895 2045 ἅγιονο
932 1978 1027 2030 καὶ
1074 1976 1134 2032 οὐ
1186 1979 1335 2048 τρεῖς
1366 1976 1497 2041 θεοὶ,
1525 1978 1639 2033 ἀλλ’
1673 1975 1752 2044 εἷς
1783 1982 1899 2034 ἐστι

326 2067 478 2131 Θεὸς.
516 2066 721 2139 Κύριος
782 2070 811 2122 6
861 2069 1073 2139 Πατὴρ,
1122 2067 1325 2140 Κύριος
1358 2071 1388 2124 6
1433 2069 1580 2137 Υἱὸς,
1615 2071 1817 2142 Κύριος
1839 2072 1900 2126 τὸ

325 2158 547 2231 Πνεῦμα
578 2158 639 2213 τὸ
668 2159 849 2229 ἄγιον’
873 2160 965 2213 καὶ
1003 2160 1063 2212 ού
1099 2162 1245 2231 τρεῖς
1281 2160 1479 2233 κύριοι,
1518 2162 1633 2216 ἀλλ’
1675 2158 1756 2227 εἷς
1783 2165 1900 2217 ἐστι

325 2248 546 2323 Κύριος.
566 2250 677 2305 Καὶ
699 2249 889 2322 ῶσπερ
923 2250 1228 2321 μοναδικῶς
1261 2252 1388 2323 μίαν
1420 2253 1652 2324 ἑκάστην
1676 2254 1901 2307 ὑπόστα-

325 2357 413 2395 σιν
441 2341 573 2395 Θεὸν
621 2342 717 2395 καὶ
752 2342 956 2414 Κύριον
983 2341 1262 2414 ὁμολογεῖν
1287 2344 1641 2417 Χριστιανικῇ
1672 2344 1900 2417 ἀληθείᾳ

326 2432 758 2504 συνηγοροῦμεν,
795 2432 938 2487 οὕτω
964 2434 1112 2505 τρεῖς
1146 2433 1302 2498 θεοὺς
1333 2435 1366 2507 ἦ
1401 2439 1545 2509 τρεῖς
1574 2437 1792 2509 κυρίους
1814 2437 1901 2491 λέ-

323 2540 441 2592 γειν
475 2525 536 2576 οὐ
569 2522 944 2595 συναινοῦμεν,
974 2525 1111 2579 ἀλλὰ
1149 2526 1428 2591 παντελῶς
1461 2528 1897 2601 ὰπαγορεύομεν.

322 2615 516 2688 Πατὴρ
552 2616 661 2689 γὰρ
710 2617 837 2689 παρ’
888 2617 1101 2682 οὐδενός
1146 2620 1262 2672 ἐστι
1300 2620 1539 2691 ποιητὸς,
1568 2621 1630 2673 ού
1662 2621 1898 2690 κτιστὸς,

322 2710 443 2765 ἀλλ’
467 2710 778 2781 ἀγέννητος.
822 2711 881 2764 Ὅ
929 2711 1058 2775 Υἱὸς
1102 2710 1212 2766 ἀπὸ
1253 2711 1349 2766 τοῦ
1396 2711 1611 2783 Πατρός
1651 2713 1800 2767 ἐστιν
1835 2712 1896 2766 οὐ

324 2804 567 2876 ποιητὸς.
596 2807 659 2859 οὐ
701 2804 936 2868 κτιστὸς,
969 2803 1103 2859 ἀλλὰ
1134 2804 1411 2875 γεννητός.
1457 2804 1531 2856 T6
1574 2802 1799 2874 Πνεῦμα
1837 2804 1899 2858 τὸ

324 2899 479 2966 ἅγιον
507 2895 615 2950 ἀπὸ
643 2895 734 2949 τοῦ
779 2895 993 2967 Πατρός
1023 2896 1170 2949 ἐστιν
1199 2895 1260 2949 ού
1297 2894 1539 2966 ποιητὸν,
1564 2894 1626 2947 οὑ
1659 2894 1896 2959 κτιστὸν,

322 2987 385 3040 ού
411 2985 688 3057 γεννητὸν,
706 2985 822 3038 ἀλλ’
847 2985 1196 3055 ὲκπορευτόν.
1225 2979 1321 3049 Εἷς
1347 2985 1532 3039 λοιπὸν
1550 2986 1579 3038 6
1606 2984 1818 3056 Πατὴρ,
1834 2984 1896 3039 ού

322 3080 474 3150 τρεῖς
530 3075 764 3148 πατέρες
787 3092 801 3106 ·
846 3071 927 3139 εἷς
975 3075 1122 3141 Υἱὸς,
1160 3075 1220 3128 ού
1251 3078 1400 3146 τρεῖς
1430 3076 1553 3129 υίοίο
1582 3075 1640 3129 ἓν
1672 3074 1897 3147 Πνεῦμα

1996 606 2139 662 ritus
2166 607 2364 662 sancti.
2398 605 2503 662 Sed
2529 606 2728 675 Patris,
2752 616 2805 663 et
2844 606 2986 672 Filii,
3015 615 3069 662 et
3109 605 3347 677 Spiritus
3397 605 3572 661 sancti

1997 715 2105 754 una
2133 709 2225 756 est
2257 699 2541 764 divinitas,
2587 715 2756 754 unum
2804 700 3115 771 imperium,
3160 714 3264 752 una
3304 700 3570 769 potentia,

1997 807 2168 846 unum
2203 807 2454 863 regnum,
2509 792 2735 861 mqualis
2775 792 2970 862 gloria,
3009 793 3238 861 atqualis
3281 799 3335 845 et
3366 798 3579 844 arterna

1995 882 2279 952 maiestas.
2314 883 2503 951 Qualis
2550 883 2729 949 Pater,
2764 885 2891 940 talis
2940 883 3133 950 Filius,
3164 884 3289 940 talis
3338 882 3575 953 Spiritus

1996 981 2245 1030 sanctus.
2266 975 2549 1030 lncreatus
2572 973 2755 1039 Pater,
2777 975 3057 1029 inereatus
3078 972 3269 1036 Filius,
3299 974 3575 1029 increatus

1998 1063 2243 1136 Spiritus
2269 1074 2528 1132 sanctus;
2554 1081 2657 1122 nec
2688 1072 2871 1121 tamen
2899 1073 3013 1120 tres
3044 1062 3406 1127 increati,sed
3432 1080 3575 1120 unus

1996 1155 2297 1212 inereatus.
2325 1155 2579 1216 Dmnium
2608 1156 2907 1228 imperator
2932 1155 3113 1219 Pater,
3133 1157 3375 1211 omnium
3402 1156 3576 1226 impe-

1995 1257 2146 1302 rator
2183 1246 2377 1311 Filius,
2421 1250 2662 1303 omnium
2700 1248 2998 1319 imperator
3029 1247 3267 1319 Spiritus
3316 1254 3571 1314 sanctus;

1997 1353 2100 1393 nec
2146 1345 2329 1393 tamen
2385 1348 2501 1394 tres
2548 1339 2794 1394 omnium
2850 1341 3230 1410 imperatores,
3291 1339 3386 1395 sed
3432 1355 3576 1395 unus

1997 1426 2243 1482 omnium
2262 1428 2578 1499 imperator.
2613 1426 2876 1484 Eternus
2902 1420 3085 1493 Pater,
3119 1438 3356 1485 aeternus
3381 1425 3574 1493 Filius,

1995 1528 2236 1576 aeternus
2275 1518 2513 1591 Spiritus
2551 1528 2814 1587 sanctus;
2855 1536 2955 1577 nec
2991 1530 3172 1577 tamen
3213 1529 3326 1578 tres
3366 1524 3572 1586 aeterni,

1998 1611 2094 1667 sed
2135 1627 2282 1669 unus
2314 1622 2577 1668 internus.
2614 1611 2972 1683 Omnipotens
3007 1612 3189 1680 Pater,
3228 1615 3573 1683 omnipotens

1997 1701 2194 1770 Filius,
2235 1705 2580 1775 omnipotens
2628 1702 2867 1774 Spiritus
2913 1714 3139 1761 sanctus
3176 1722 3191 1772 ;
3232 1721 3332 1760 nec
3391 1716 3573 1760 tamen

1998 1805 2111 1852 tres
2143 1797 2567 1867 omnipotentes,
2599 1799 2693 1853 sed
2734 1813 2880 1853 unus
2911 1799 3278 1869 omnipotens.
3308 1796 3383 1853 Ita
3429 1796 3573 1853 Deus

1999 1887 2181 1952 Pater,
2229 1885 2375 1943 Deus
2417 1885 2612 1953 Filius,
2663 1886 2810 1942 Deus
2864 1886 3105 1958 Spiritus
3159 1899 3422 1955 sanctus;
3476 1904 3578 1944 nec

2000 1985 2182 2032 tamen
2216 1985 2328 2032 tres
2359 1976 2456 2041 dii,
2494 1976 2588 2033 sed
2617 1991 2762 2031 unus
2789 1984 2873 2031 est
2904 1975 3067 2032 Deus.
3100 1977 3363 2035 Dominus
3391 1978 3576 2046 Pater,

2000 2063 2260 2121 Dominus
2300 2063 2494 2131 Filius,
2544 2064 2812 2121 Dominus
2865 2064 3104 2136 Spiritus
3157 2077 3424 2135 sanctus;
3473 2084 3579 2125 nec

1998 2164 2183 2211 tamen
2232 2165 2343 2212 tres
2398 2156 2632 2222 domini,
2683 2156 2778 2212 sed
2838 2172 2981 2213 unus
3037 2166 3124 2213 est
3171 2156 3454 2214 Dominus.
3508 2160 3579 2216 Et

1998 2246 2142 2302 sicut
2179 2245 2493 2317 singillatim
2520 2261 2966 2317 unamquamque
2998 2261 3290 2317 personam
3315 2249 3484 2304 Deum
3511 2266 3577 2306 ac

1998 2336 2288 2394 Dominum
2345 2335 2595 2393 confiteri
2653 2345 2910 2405 Oportere
2968 2337 3278 2393 Christiana
3344 2341 3576 2397 veritate

1997 2431 2339 2487 defendimus
2371 2448 2387 2497 ;
2428 2430 2504 2484 ita
2551 2439 2663 2486 tres
2711 2429 2844 2485 deos
2887 2437 2983 2483 aut
3019 2422 3135 2486 tres
3168 2432 3422 2488 dominos
3462 2434 3573 2489 dici

1997 2537 2105 2577 non
2165 2520 2482 2592 probamus,
2534 2518 2631 2576 sed
2685 2519 2910 2575 omnino
2973 2520 3347 2589 repudiamus.
3412 2522 3575 2578 Pater

1996 2613 2141 2668 enim
2163 2627 2195 2667 a
2219 2610 2372 2667 nullo
2400 2618 2484 2668 est
2505 2611 2702 2675 factus,
2733 2626 2843 2665 non
2872 2621 3112 2675 creatus,
3146 2612 3242 2668 sed
3272 2614 3569 2685 ingenitus.

1996 2703 2167 2760 Filius
2205 2719 2237 2760 a
2276 2703 2438 2760 Patre
2480 2713 2565 2760 est
2608 2718 2719 2758 non
2767 2702 2966 2767 factus.
3023 2720 3130 2760 non
3190 2715 3427 2773 creatus,
3474 2708 3570 2763 sed

1996 2798 2230 2868 genitus.
2268 2796 2506 2869 Spiritus
2543 2803 2769 2853 sanctus
2806 2791 2845 2850 α’
2872 2795 3034 2852 Patre
3077 2804 3161 2853 est
3217 2812 3329 2852 non
3370 2797 3568 2857 factus.

1995 2904 2106 2944 non
2153 2898 2395 2955 creatus,
2435 2906 2546 2945 non
2596 2891 2836 2963 genitus,
2886 2889 2982 2945 sed
3035 2888 3360 2960 procedens.
3414 2887 3570 2943 Unus

1996 2981 2216 3038 demum
2245 2991 2331 3040 est
2362 2982 2545 3049 Pater,
2591 3000 2700 3040 non
2747 2992 2862 3039 tres
2905 2991 3137 3054 patres;
3185 2997 3329 3037 unus
3374 2980 3569 3045 Filius.

1996 3090 2108 3131 non
2158 3082 2273 3132 tres
2326 3075 2469 3145 ﬁlii;
2511 3091 2655 3133 unus
2706 3074 2946 3146 Spiritus
2995 3082 3244 3136 sanctus.
3296 3089 3406 3130 non
3459 3081 3572 3129 tres

323 3168 501 3235 ἅγιον,
548 3166 610 3217 οὑ
662 3166 789 3249 τρία
839 3162 1125 3235 πνεύματα
1176 3162 1330 3233 ἅγια.
1377 3164 1486 3218 Καὶ
1534 3165 1593 3217 ὲν
1631 3163 1897 3237 ταύτῃτῇ

2003 3167 2231 3238 spiritus
2276 3167 2474 3223 sancti.
2524 3166 2593 3221 Et
2632 3167 2689 3222 in
2727 3166 2832 3221 bac
2876 3164 3153 3223 Trinitale,
3176 3180 3334 3222 nemo
3363 3165 3574 3235 primus

320 3258 515 3330 Τριάδι
543 3257 715 3320 οὐδεὶς
744 3255 956 3330 πρῶτος
980 3255 1015 3325 ἢ
1039 3255 1284 3326 ἔσχατος,
1318 3254 1494 3313 οὐδεὶς
1529 3255 1703 3325 μέγας
1739 3253 1772 3326 ἢ
1809 3270 1898 3327 μι-

320 3349 482 3422 κρὸς·
509 3348 645 3403 ἀλλὰ
684 3349 741 3401 αἱ
784 3349 932 3419 τρεῖς
973 3347 1296 3410 ὑποστάσεις
1329 3344 1537 3400 αἰώνιοί
1574 3346 1635 3399 τέ
1667 3346 1772 3398 είσι
1803 3342 1899 3399 καὶ

322 3440 438 3494 ἴσαι
459 3441 540 3504 ei;
562 3440 758 3502 πάντα,
775 3438 850 3502 ὡς
868 3436 1208 3509 προείρηται.
1231 3434 1449 3490 Μονάδα
1463 3434 1592 3504 γοῦν
1614 3436 1671 3489 ὲν
1686 3433 1897 3506 Τριάδι,

322 3532 419 3586 καὶ
437 3530 646 3603 Τριάδα
674 3530 732 3582 ὲν
765 3529 951 3601 μονάδι
970 3531 1077 3592 πᾶς
1097 3525 1417 3598 Χριστιανὸς
1435 3525 1780 3580 εὐσεϐείσθωο
1806 3524 1899 3579 καὶ

321 3625 468 3680 οὕτω
520 3625 647 3695 περὶ
700 3624 798 3694 τῆς
845 3623 1007 3693 ἁγίας
1039 3624 1132 3678 καὶ⁵
1161 3619 1425 3687 ζωοποιοῦ
1473 3620 1566 3675 καὶ
1611 3619 1899 3691 ὁμοουσίου

323 3715 556 3789 Τριάδος
588 3712 874 3779 δοξαζέτω.

407 3807 728 3874 Ἀναγκαῖον
760 3804 817 3858 δέ
850 3807 967 3859 ἐστι
1013 3805 1107 3859 καὶ
1154 3805 1255 3877 τὴν
1308 3803 1580 3875 σάρκωσιν
1623 3801 1718 3856 τοῦ
1767 3802 1900 3856 Υἰοῦ

324 3897 417 3952 τοῦ
445 3897 580 3951 Θεοῦ
621 3899 717 3950 καὶ
749 3896 1000 3968 Σωτῆρος
1025 3895 1181 3967 ἡμῶν
1222 3894 1399 3967 Ἰησοῦ
1435 3893 1673 3966 Χριστοῦ
1728 3892 1900 3965 ὀρθῶς

325 3987 620 4042 πιστεύειν.
661 3987 816 4040 Ἔστι
841 3986 970 4056 γοῦν
998 3990 1030 4058 ἠ
1063 3985 1243 4050 πίστις
1266 3984 1422 4058 ὀρθὴ.
1442 3985 1530 4038 ἴνα
1560 3984 1902 4055 πιστεύωμεν

324 4081 422 4135 καὶ
440 4078 812 4150 ὁμολογῶμεν,
851 4079 931 4132 ὅτι
967 4079 995 4131 6
1016 4077 1218 4148 Κύριος
1239 4075 1394 4146 ήμῶν
1429 4074 1633 4144 Ἰησοῦς
1669 4074 1901 4146 Χριστὸς

323 4173 352 4224 6
382 4167 479 4224 τοῦ
511 4168 644 4223 Θεοῦ
659 4169 807 4232 Υἱὸς,
840 4168 971 4232 Θεὸς
998 4169 1091 4222 καὶ
1118 4167 1402 4239 ἄνθρωπός
1427 4166 1563 4220 ἐστι.
1593 4166 1724 4229 Θεός
1755 4168 1901 4220 ἐστιν

325 4265 389 4316 ὲκ
414 4261 515 4332 τῆς
567 4250 759 4324 ούσίαξ
794 4261 1008 4332 Πάτρὸς
1057 4259 1155 4332 [αι.
1186 4258 1441 4323 ἄκτιστός
1471 4260 1587 4313 ἐστι
1626 4259 1719 4313 καὶ
1745 4259 1902 4312 οὐσία

328 4350 586 4423 ιίατρὸςι,
611 4350 895 4421 ἄνθρωπός
920 4354 1066 4405 ὲστιν
1090 4353 1154 4407 ἐκ
1180 4351 1277 4421 τῆς
1310 4350 1497 4414 οὐσίας
1528 4350 1625 4421 τῆς
1655 4350 1897 4422 Μητρός.

338 4442 554 4514 Ἐπειδὴ
586 4442 701 4514 γὰρ
722 4442 1051 4514 ἁμαρτήσας
1084 4444 1114 4496 6
1159 4442 1330 4515 Ἀδὰμ
1379 4443 1594 4515 θανάτῳ
1631 4445 1692 4498 τὸ
1745 4445 1901 4513 γένος

2000 3266 2095 3312 aut
2129 3266 2437 3329 postremus
2472 3275 2488 3314 2
2536 3256 2635 3314 εεὰ
2676 3266 2788 3312 tres
2821 3272 3065 3327 personae
3103 3263 3318 3311 aeterna
3364 3266 3489 3311 sunt
3519 3264 3576 3311 ει

1996 3350 2237 3419 ωᾳιιειεε
2264 3351 2319 3405 in
2348 3352 2626 3420 omnibus,
2656 3363 2715 3410 ut
2735 3371 2905 3428 supra
2926 3356 3129 3413 dictum
3156 3366 3261 3411 est.
3296 3352 3572 3410 Unitatem

1997 3456 2127 3513 ergo
2175 3442 2232 3497 in
2277 3440 2577 3512 Trinitate,
2607 3453 2662 3500 et
2691 3445 3013 3503 Trinitatem
3055 3447 3113 3502 in
3146 3446 3357 3502 unitate
3392 3445 3573 3501 omnis

1997 3531 2343 3589 Christianus
2361 3535 2682 3590 conﬁteatur
2722 3554 2737 3590 :
2766 3545 2821 3592 et
2857 3538 2929 3592 ita
2946 3539 3013 3593 de
3048 3535 3486 3600 sancta,viviﬁea
3519 3544 3573 3589 et

1999 3625 2456 3681 consubstantiali
2483 3625 2750 3685 Trinitate
2771 3631 2990 3685 sentiat.

2070 3797 2306 3856 Necesse
2345 3807 2528 3856 autem
2564 3807 2671 3865 est,
2704 3810 2758 3856 et
2803 3800 2872 3856 de
2904 3800 3280 3856 incarnatione
3323 3799 3571 3859 FiliiDei

1999 3898 2054 3946 et
2088 3889 2387 3947 Salvatori’s
2414 3891 2591 3947 nostri
2616 3891 2748 3948 Jesu
2776 3892 2976 3948 Christi
3015 3901 3161 3949 recte
3204 3891 3447 3949 credere.
3479 3893 3574 3952 Est

1999 3999 2130 4054 ergo
2161 3983 2294 4041 ﬁdes
2336 3993 2483 4039 recta
2519 3992 2579 4039 ut
2607 3984 2898 4042 credamus
2941 3994 2995 4042 et
3030 3986 3409 4053 eonﬁteamur,
3443 3987 3573 4057 quia

2004 4075 2267 4133 Dominus
2301 4086 2492 4133 noster
2517 4075 2678 4133 Jesus
2704 4077 2960 4134 Christus
2997 4076 3091 4132 Dei
3126 4076 3318 4141 Filius,
3346 4076 3499 4134 Deus
3519 4086 3574 4134 et

2001 4167 2165 4223 homo
2189 4176 2294 4222 est.
2336 4165 2483 4224 Deus
2505 4176 2589 4223 est
2609 4168 3006 4224 exnsubstantia
3036 4166 3215 4225 Patris
3245 4183 3258 4220 :
3289 4168 3574 4224 homoest

2000 4274 2065 4313 ex
2094 4259 2402 4314 substantia
2432 4257 2645 4315 Matris.
2678 4257 2814 4314 Cum
2846 4258 2991 4315 enim
3025 4265 3248 4330 peccato
3273 4274 3374 4315 suo
3401 4257 3573 4315 Adam

2002 4349 2284 4404 hominum
2338 4365 2512 4421 genus
2571 4347 2733 4405 morti
2804 4349 3161 4420 subjecisset,
3213 4356 3574 4419 naturamque

2002 4451 2247 4498 nostram
2288 4443 2473 4499 debito
2513 4443 2806 4499 obnoxiam
2843 4441 3101 4504 fecisset;
3136 4443 3257 4498 ideo
3289 4441 3461 4497 Filius
3492 4441 3575 4496 in.-

332 4533 434 4587 τῶν
462 4530 764 4604 ἀνθρώπων
802 4531 1062 4598 ὑπέϐαλε,
1102 4531 1196 4586 καὶ
1232 4531 1330 4603 τὴν
1358 4531 1518 4602 φύσιν
1550 4533 1707 4605 ήμῶν
1738 4532 1900 4587 ὑπεύ-

2003 4535 2237 4593 visibilis
2276 4534 2458 4594 Patris
2498 4544 2553 4592 et
2586 4535 2702 4599 Dei,
2741 4551 2808 4591 ex
2845 4536 3003 4591 etnlis
3028 4529 3253 4589 minime
3285 4534 3574 4589 discedens

327 4627 483 4682 θυνον
510 4625 589 4698 τῷ
612 4626 763 4698 χρέει
807 4624 1136 4695 πεποίηκεν·
1169 4628 1198 4679 6
1223 4626 1348 4689 Υἱὸς
1381 4626 1569 4689 λοιπὸν
1604 4626 1700 4679 τοῦ
1739 4626 1905 4697 ἀορά-

328 4736 419 4774 του
453 4718 665 4788 Πατρὸς
696 4717 791 4770 καὶ
823 4715 980 4778 Θεοῦ,
1004 4715 1112 4770 τῶν
1145 4717 1386 4788 οὐρανῶν
1409 4719 1508 4771 οὐκ
1534 4717 1750 4780 ἐκστὰς,
1769 4718 1905 4790 πρὸς

329 4810 493 4880 ἡμᾶς,
522 4807 790 4877 κατῆλθε’
822 4807 918 4859 καὶ
974 4805 1040 4858 δι’
1070 4805 1243 4876 ἀκοῆς
1287 4806 1466 4870 εἰσδὺς
1492 4808 1590 4879 τὴν
1613 4806 1775 4878 νηδὺν
1807 4807 1905 4877 τῆς

329 4900 485 4969 ἁγίας
510 4898 810 4971 Παρθένου,
844 4897 1122 4969 μυστικῶς
1150 4898 1247 4972 τὴν
1276 4900 1570 4970 κυοφορίαν
1590 4898 1902 4970 εἰργάσατο,

329 4991 477 5055 ξνδὺς
494 4991 593 5061 τὴν
619 4988 889 5060 ἡμετέραν
933 4979 1094 5058 φύσιν
1139 4992 1256 5043 κατ’
1288 4989 1465 5061 ἄκραν
1511 4989 1730 5043 ἕνωσιν*
1772 4988 1905 5053 Θεὸς

329 5082 459 5153 ὁμοῦ
478 5083 572 5136 καὶ
588 5081 874 5151 ἄνθρωπος
890 5080 1186 5153 προελθὼν,
1201 5079 1344 5135 οὕτω
1356 5081 1455 5154 τὴν
1474 5081 1595 5135 καθ’
1611 5082 1756 5153 ἡμᾶς
1770 5082 1908 5135 nixo-

329 5174 518 5246 νομίαν
568 5174 852 5246 ἐπλήρωσε
891 5174 957 5228 δι’
983 5174 1186 5244 ἄφατον
1215 5174 1379 5230 ἔλεον.
1410 5175 1520 5228 Καὶ
1542 5175 1745 5238 τέλειος
1775 5174 1905 5239 Θεὸς

328 5265 424 5331 ῶν,
438 5266 626 5335 γέγονε
642 5265 845 5330 τέλειος
874 5266 1176 5337 ἄνθρωπος,
1201 5267 1274 5337 μὴ
1299 5266 1548 5337 τραπεὶς,
1572 5266 1645 5339 μὴ
1680 5266 1904 5320 ἀλλοιω-

330 5358 439 5422 θεὶς
473 5357 572 5429 τὴν
618 5358 936 5427 ὑπερούσιον
979 5358 1071 5410 καὶ
1108 5358 1383 5430 ἄφραστον
1411 5356 1598 5410 οὐσίαν
1615 5356 1715 5427 τῆς
1740 5356 1903 5412 αὑτοῦ

330 5451 603 5522 θεότητος,
636 5451 701 5503 ἐκ
723 5448 900 5520 ψυχῆς
944 5449 1168 5519 λογικῆς
1201 5450 1295 5503 καὶ
1336 5447 1681 5519 ἀνθρωπίνης
1708 5448 1906 5521 σαρκὸς

331 5541 608 5605 οὑσιωθείς
629 5556 643 5572 ο
676 5539 838 5605 αὐτὸς
878 5540 1057 5611 ἐαυτῷ
1088 5541 1184 5594 σὺν
1214 5540 1292 5611 τῷ
1321 5541 1560 5610 συμφυεῖ
1577 5538 1744 5593 αὑτοῦ
1774 5556 1908 5592 παν-

331 5633 467 5704 αγίῳ
526 5632 807 5704 Πνωματι
871 5632 1285 5704 δημιουργήσας
1329 5630 1426 5702 τὴν
1479 5630 1753 5699 παναγίαν
1806 5631 1907 5699 τῆς

333 5722 885 5797 σαρκὸςππρόσληψιν,
906 5722 1115 5777 τελείαν
1138 5723 1324 5777 οὐσίαν
1351 5722 1694 5795 ἀνθρωπίνην
1716 5721 1908 5775 ὲνυπό-

333 5832 523 5870 στατον
552 5816 702 5886 αὐτῷ
725 5814 819 5871 καὶ
838 5813 1137 5884 ἀδιαίρετον
1171 5812 1227 5880 ἐξ
1256 5814 1442 5881 αὑτοῦ,
1469 5812 1742 5884 ἁμαρτίας
1771 5814 1902 5883 ἁμές

2005 4628 2074 4684 ad
2117 4645 2219 4686 nos
2269 4626 2553 4685 descendit
2588 4647 2600 4682 :
2639 4643 2705 4682 ac
2753 4641 2850 4696 per
2896 4627 3141 4680 auditum
3190 4624 3474 4695 ingressus
3518 4622 3573 4677 in

2007 4728 2227 4779 uterum,
2277 4728 2480 4777 sanctae
2542 4718 2819 4791 Virginis,
2881 4717 3134 4788 mystice,
3209 4732 3307 4772 seu
3373 4731 3578 4771 arcano

2005 4814 2166 4870 modo
2204 4813 2349 4868 uteri
2389 4811 2746 4884 gestationem
2809 4808 3026 4871 eﬁ‘ecit,
3062 4808 3346 4878 ingressus
3385 4806 3439 4860 in
3478 4820 3575 4859 na-

2006 4917 2182 4962 turam
2215 4913 2457 4962 nostram
2501 4918 2598 4974 per
2639 4917 2908 4958 summam
2943 4901 3210 4959 unitatem
3249 4919 3263 4952 :
3295 4915 3403 4955 una
3433 4899 3575 4956 Dens

2005 5007 2060 5055 et
2101 4998 2267 5053 homo
2322 5010 2669 5068 progressus,
2732 4995 2814 5049 sic
2856 5009 2976 5050 eam
3031 5008 3153 5065 qua:
3211 5008 3313 5048 nos
3365 4998 3577 5062 spectat

2007 5085 2370 5142 teconomiam
2423 5084 2689 5154 implevit,
2746 5098 2843 5158 per
2886 5081 3215 5139 ineﬁ‘abilem
3263 5082 3576 5138 misericor-

2004 5177 2174 5233 diam.
2206 5175 2273 5230 Et
2295 5175 2569 5252 perfectus
2596 5173 2742 5231 Deus
2771 5190 2896 5230 cum
2930 5181 3100 5237 esset,
3137 5172 3314 5227 iactus
3337 5180 3420 5228 est
3452 5187 3577 5241 per-

2007 5269 2181 5325 fectus
2207 5269 2390 5332 homo,
2428 5283 2537 5323 non
2571 5282 2893 5331 conversus,
2930 5281 3106 5337 neque
3135 5273 3379 5321 mutatus
3411 5264 3574 5337 662

2008 5358 2308 5416 secundum
2347 5357 2933 5429 supersubstantialem
2972 5363 3027 5411 et
3072 5353 3394 5411 ineﬁ'abilem
3445 5355 3577 5410 sulr-

2008 5452 2265 5508 stantiam
2290 5465 2403 5506 suae
2422 5448 2659 5512 deitatis.
2684 5465 2753 5504 ex
2781 5447 2961 5502 anima
2989 5446 3239 5502 rationali
3262 5455 3317 5503 et
3338 5446 3577 5502 humana

2008 5551 2174 5592 carne
2213 5537 2538 5592 subsistens.
2589 5534 2701 5590 Sibi
2753 5536 2871 5605 ipse
2917 5550 3041 5588 cum
3092 5535 3302 5605 Spiritu
3338 5535 3578 5590 sanctis~

2009 5630 2150 5683 simo
2191 5626 2286 5697 qui
2332 5625 2578 5696 ejusdem
2626 5631 2712 5681 est
2750 5633 2990 5685 natum,
3040 5632 3235 5679 auctor
3272 5631 3358 5681 est
3391 5640 3580 5680 saera--

2009 5720 2237 5776 tissimaa
2275 5719 2670 5792 assumptionis
2699 5720 2903 5776 carnis.
2935 5718 3243 5775 Perfectam
3278 5714 3580 5778 humanam

2012 5813 2377 5869 substantiam
2416 5812 2753 5881 (assumpsit)
2789 5814 2842 5869 in
2888 5828 2946 5869 sc
2992 5811 3404 5873 subsistentem.
3444 5816 3503 5867 et
3545 5825 3578 5867 a
