4032 6376
509 348 641 404 1231
1599 346 1655 400 S.
1700 343 2167 400 ATHANASIUS.
2217 375 2285 385 —
2325 341 2598 400 SPUﬂlA.
3630 346 3762 402 l592

510 476 568 514 se
613 457 1021 518 indivisibilem.
1073 457 1282 527 peccati
1344 464 1668 527 expertem;
1729 473 1958 527 corpore
2017 473 2082 511 ex

2190 456 2408 510 θεκτονο
2447 460 2510 512 ὲκ
2542 459 2651 511 τῶν
2675 457 3014 530 παρθενικῶν
3047 458 3227 528 ἁγνῶν
3255 458 3624 531 αἱμάτωντῆς
3640 461 3762 514 Θεο-

507 552 761 621 virginali
796 559 946 606 casto
974 550 1238 620 sanguine
1263 547 1506 619 Deiparze
1535 560 1843 619 compacto,
1877 550 2083 617 absque

2189 550 2422 620 μήτορος
2450 551 2828 622 συμπαγέντος
2852 550 2944 602 τοῦ
2963 549 3232 621 σώματος,
3253 551 3422 621 χωρίς
3442 567 3588 613 τινος
3615 549 3762 622 eam-

509 643 784 696 voluntate
842 649 937 693 aut
987 639 1320 708 cogitatione
1367 639 1576 692 carnali
1643 658 1657 693 :
1716 640 1896 692 anima
1954 655 2086 692 vero

2189 659 2356 711 ματος
2397 643 2428 711 ἢ
2474 644 2627 712 ὲννοή
2638 661 2804 712 ματος
2853 643 3141 714 σαρκικοῦ·
3168 645 3272 714 τῆς
3299 643 3357 696 δὲ
3381 643 3562 714 ψυχῆς
3592 645 3760 708 ἁΰλως

510 734 944 788 immaterialiter
993 740 1198 795 creata,
1251 732 1609 802 intelligente,
1663 731 1941 791 rationali,
1991 746 2085 782 vo-

2186 733 2518 803 κτισθείσης,
2547 736 2758 805 νοερᾶς,
2780 734 3023 805 λογικῆς,
3047 735 3358 806 θελητικῆς,
3387 736 3759 806 ὲνεργητικῆς,

508 828 715 881 luntate
733 825 1051 895 przcdita,'ct
1083 825 1128 876 vi
1155 825 1419 893 cperandi
1438 843 1451 889 ;
1473 839 1590 895 qua:
1619 832 1731 877 tota
1764 839 1888 876 cum
1917 838 2084 876 carne

2185 822 2314 890 ὅλης
2343 822 2680 894 τεθεαμένης
2714 827 2809 878 σὺν
2842 827 2906 894 τῇ
2951 826 3131 896 σαρκὶ,
3167 825 3228 889 ἐξ
3268 826 3435 894 αὐτῆς
3469 827 3661 894 ἀρχῆς,
3703 827 3761 879 ὲκ

506 920 624 971 visa
665 925 769 979 est,
812 932 874 971 ex
922 916 1040 986 ipso
1080 915 1258 980 initio,
1305 932 1370 970 ex
1417 918 1593 986 prima
1639 915 1984 978 exsistentia,
2015 915 2086 967 ob

2186 911 2409 983 πρώτης
2450 913 2754 983 ὑπάρξεως.
2784 914 2872 967 διὰ.
2914 913 3010 984 τὴν
3038 915 3171 984 πρὸς
3199 915 3363 968 αὑτὸν
3387 915 3478 968 τὸν
3506 914 3640 967 Θεὸν
3665 915 3758 967 A6-

506 1025 660 1063 suam
692 1024 818 1062 cum
859 1007 979 1078 ipso
1009 1007 1118 1063 Deo
1151 1007 1329 1063 Verbo
1358 1024 1626 1064 summam
1658 1009 1936 1071 unionem,
1975 1023 2083 1061 non

2184 1019 2278 1070 γον
2309 1004 2484 1073 ἄκραν
2516 1004 2726 1067 ἕνωσιν,
2755 1004 3059 1076 ἁσύγχυτον
3104 1005 3226 1059 καθ’
3273 1006 3593 1058 ὑπόστασιν.
3625 1008 3763 1068 Ἰσος

503 1100 788 1155 confusam
849 1101 1148 1156 secundum
1214 1101 1559 1172 hypostasin.
1629 1099 1884 1169 IEqualis
1953 1114 2084 1169 ergo

2183 1089 2274 1147 οὖν
2301 1097 2416 1146 ἐστι
2441 1094 2518 1165 τῷ
2545 1097 2717 1166 Πατρὶ
2743 1099 2882 1151 κατὰ
2911 1099 3009 1169 τὴν
3039 1097 3294 1168 Θεότητα,
3325 1097 3564 1150 ἐλάττων
3588 1097 3644 1149 δὲ
3673 1097 3760 1149 τοῦ

502 1200 586 1246 est
653 1191 799 1246 Patri
855 1192 1159 1248 secundum
1220 1191 1594 1255 divinitatem,
1657 1191 1837 1244 minor
1904 1198 2081 1244 autem

2185 1185 2394 1256 Πατρὸς
2429 1187 2569 1238 κατὰ
2604 1186 2701 1257 τὴν
2733 1187 3144 1258 ἀνθρωπότητα.
3179 1188 3292 1241 Καὶ
3318 1187 3487 1250 ὅντως
3519 1187 3762 1256 ἀληθινὸς

501 1283 666 1341 Patre
701 1284 1003 1339 secundum
1041 1286 1460 1341 humanitatem.
1496 1284 1560 1338 Et
1590 1283 1770 1352 reipsa
1808 1298 1972 1338 verus
1999 1291 2083 1336 est

2185 1275 2421 1346 ὑπάρχει
2457 1275 2588 1340 Θεὸς
2629 1277 2725 1330 καὶ
2760 1278 3070 1350 ἄνθρωπος’
3103 1279 3258 1349 ὅμως
3286 1278 3346 1330 οὐ
3378 1278 3491 1342 δύο,
3541 1279 3657 1332 ἀλλ’
3689 1273 3763 1342 εἷς

502 1376 647 1433 Deus
697 1387 751 1433 et
799 1378 963 1432 homo
1015 1394 1032 1432 :
1092 1395 1194 1434 nec
1251 1387 1436 1433 tamen
1485 1377 1617 1442 duo,
1660 1376 1753 1432 sed
1795 1392 1938 1430 unus
1999 1383 2083 1430 est

2183 1371 2328 1422 ἐστιν
2352 1371 2380 1421 ὁ
2414 1370 2677 1439 Χριστός·
2710 1364 2790 1434 εἷς
2819 1370 2877 1422 δὲ
2931 1371 2990 1423 ού
3041 1373 3314 1442 τραπεῖσα
3356 1372 3392 1441 ἡ
3423 1370 3583 1441 σάρξ,
3636 1369 3767 1424 ἀλλὰ

502 1471 780 1527 Christus.
827 1468 982 1525 Unus
1035 1479 1238 1533 autem,
1282 1485 1392 1524 non
1443 1483 1706 1524 conversa
1746 1482 1932 1530 carne,
1987 1466 2081 1520 sed

2183 1458 2552 1529 ἀναληφθεῖσα
2581 1461 2661 1523 είς
2685 1461 2777 1514 τὸν
2801 1460 2958 1513 Θεόνο
2978 1456 3055 1524 εἷς
3082 1461 3280 1524 ὁλικῶς
3305 1461 3366 1513 οὐ
3393 1460 3656 1531 συγχύσει
3681 1462 3764 1514 οὐ·

505 1570 788 1632 assumpta
836 1561 892 1615 in
939 1559 1127 1616 Deum.
1174 1559 1328 1615 Unus
1359 1561 1583 1614 omnino
1621 1573 1732 1612 non
1760 1557 2082 1612 confusione

2185 1553 2336 1616 σιῶν,
2377 1553 2490 1606 ἀλλ’
2519 1552 2709 1608 ἑνώσει
2736 1555 2795 1608 τὸ
2822 1556 2942 1608 καθ’
2969 1556 3418 1608 ϋπόστασιν.Καὶ
3439 1556 3550 1626 γὰρ
3581 1555 3768 1626 ὥσπερ

507 1655 848 1719 substantia,
881 1653 975 1708 sed
1018 1654 1226 1708 unitate
1257 1667 1524 1722 personae.
1560 1650 1693 1704 Nam
1725 1651 1869 1704 sicut
1899 1650 2080 1702 anima

2181 1647 2326 1718 ψυχὴ
2364 1646 2556 1718 λογικὴ
2608 1647 2702 1700 καὶ
2749 1647 2882 1718 σὰρξ
2921 1641 2999 1710 εἷς
3029 1647 3264 1718 ὑπάρχει
3294 1647 3600 1717 ἄνθρωπος,
3627 1648 3765 1700 οὕτω

505 1744 794 1800 rationalis
822 1751 876 1799 et
912 1759 1041 1798 caro
1071 1760 1212 1797 unus
1245 1754 1325 1798 est
1350 1744 1534 1808 homo,
1562 1742 1634 1795 ita
1669 1739 1812 1795 Deus
1841 1749 1894 1796 et
1919 1741 2080 1794 homo

2184 1739 2278 1791 καὶ
2336 1738 2468 1802 Θεὸς
2521 1740 2613 1792 καὶ
2664 1738 2949 1810 ἄνθρωπος
3001 1733 3079 1802 εἷς
3126 1741 3278 1791 ἐστιν
3322 1741 3351 1792 ὁ
3383 1739 3640 1808 Χριστός.
3674 1741 3765 1802 Ὃς

505 1852 651 1891 unus
696 1844 780 1891 est
828 1835 1103 1891 Christus.
1138 1835 1240 1901 Qui
1288 1850 1484 1904 passus
1522 1842 1606 1888 est
1645 1849 1810 1888 carne
1858 1841 2082 1904 propter

2183 1829 2348 1882 ἔπαθε
2373 1833 2437 1900 τῇ
2463 1830 2626 1900 σαρκὶ
2651 1829 2738 1882 διά
2771 1829 2868 1900 τὴν
2897 1829 3176 1901 ἡμετέραν
3201 1828 3495 1898 σωτηρίαν,
3528 1827 3763 1890 ἀπαθοῦς

509 1936 752 1982 nostram
782 1927 1034 1988 salutem,
1061 1925 1348 1980 divinitate
1387 1925 1675 1993 impatibili
1723 1931 2039 1978 remanente
2066 1939 2080 1988 ;

2183 1921 2282 1990 τῆς
2311 1919 2564 1991 θεότητος
2604 1920 2902 1990 μενούσης·
2943 1920 3036 1973 καὶ
3092 1921 3306 1990 ταφεὶς,
3361 1921 3458 1973 καὶ
3507 1921 3761 1983 ἀναστάς,

505 2027 560 2072 et
590 2018 837 2086 sepultus
866 2025 972 2079 est,
999 2025 1053 2070 et
1085 2015 1408 2074 resurrexit,
1439 2022 1493 2068 et
1530 2025 1852 2083 assumptus
1897 2021 1981 2068 est
2023 2014 2078 2067 in

2184 2013 2277 2065 καὶ
2309 2012 2636 2082 ἀναληφθεὶς
2666 2013 2744 2074 είς
2774 2015 2899 2076 τοὺς
2950 2013 3232 2085 οὐρανοὺς,
3283 2013 3542 2065 ἐκάθισεν
3584 2015 3648 2065 ὲκ
3687 2011 3765 2064 δε-

503 2107 695 2170 caelos,
739 2108 984 2177 seditque
1012 2124 1040 2161 a
1073 2107 1279 2161 dextris
1321 2106 1414 2160 Dei
1453 2113 1506 2160 et
1553 2104 1754 2160 Patris.
1798 2104 1924 2159 Inde
1961 2121 2084 2159 rur-

2184 2105 2314 2171 ξιῶν
2357 2106 2451 2158 τοῦ
2505 2105 2637 2158 Θεοῦ
2672 2107 2764 2159 καὶ
2797 2106 3025 2176 Πατρός.
3072 2106 3308 2159 Ἐκεῖθεν
3337 2106 3393 2158 δὲ
3425 2105 3589 2158 πάλιν
3621 2105 3771 2175 ἐρχό-

504 2214 626 2252 sum
655 2199 878 2254 veniens
901 2199 1170 2269 judicabit
1214 2201 1368 2252 vivos
1407 2206 1459 2252 et
1498 2206 1766 2252 mortuos.
1799 2197 1881 2250 Ad
1922 2197 2082 2265 cujus

2192 2215 2351 2268 μενος
2376 2201 2558 2269 κρινεῖ
2587 2197 2795 2263 ζῶντας
2822 2200 2916 2252 καὶ
2947 2197 3190 2269 νεκρούς.
3241 2192 3315 2251 Ub
3367 2200 3436 2267 τῇ
3494 2195 3762 2267 παρουσίᾳ

504 2289 796 2347 adventum
842 2306 1032 2346 omnes
1077 2291 1170 2360 qui
1213 2305 1244 2343 a
1286 2290 1488 2344 sazculo
1537 2289 1881 2343 dormierunt
1915 2289 2087 2342 homi-

2187 2291 2389 2354 πάντες
2433 2293 2480 2343 οἱ
2523 2291 2616 2344 ἀπ’
2646 2290 2840 2354 αἰῶνος
2893 2290 3285 2361 κεκοιμημένοι
3328 2288 3612 2360 ἄνθρωποι
3646 2289 3765 2340 ἁναρ

503 2398 604 2436 nes
660 2391 987 2452 resurgent,
1043 2383 1311 2436 rationem
1373 2381 1641 2436 reddituri
1693 2381 1760 2437 de
1825 2383 2084 2452 operibus

2189 2384 2476 2453 στήσονται
2503 2423 2517 2445 ,
2559 2383 2716 2452 λόγον
2748 2381 3038 2435 ἀποδοῦναι
3077 2382 3206 2453 περὶ
3237 2381 3345 2436 τῶν
3388 2380 3645 2452 πράξεων
3673 2378 3764 2432 3.":-

504 2473 640 2531 suis.
691 2476 757 2528 Et
801 2475 894 2544 qui
946 2475 1084 2528 bona
1141 2481 1370 2546 egerunt
1417 2474 1594 2537 ibunt,
1631 2475 1752 2542 ejus
1801 2475 1983 2544 jussu,
2029 2475 2084 2529 in

2186 2471 2313 2526 τῶν.
2341 2472 2452 2524 Καὶ
2473 2474 2520 2524 οί
2545 2473 2641 2542 μὲν
2671 2472 2737 2525 τὰ
2764 2471 2942 2541 ἀγαθὰ
2970 2470 3294 2542 πράξαντες,
3314 2471 3677 2543 πορεύσονται
3693 2467 3765 2540 τῷ

502 2567 670 2621 vitam
713 2575 971 2622 aeternam
1013 2566 1148 2636 :qui
1196 2581 1328 2621 vero
1359 2567 1500 2620 mala
1541 2573 1788 2636 egerunt,
1832 2567 1989 2620 ibunt
2031 2567 2085 2620 in

2189 2561 2521 2632 κελεύσματι
2550 2561 2715 2616 αὐτοῦ
2746 2564 2824 2628 είς
2864 2562 3079 2618 αἰώνιον
3110 2562 3254 2634 ζωήν
3275 2580 3288 2592 ·
3319 2565 3369 2616 oi
3407 2563 3467 2617 δὲ
3493 2563 3564 2615 τά
3595 2561 3763 2630 φαῦλα

504 2656 774 2726 supplicia
819 2666 1042 2712 aeterna.
1086 2655 1213 2710 Haec
1261 2656 1427 2727 igitur
1470 2664 1554 2709 est
1595 2656 1895 2711 orthodoxa
1927 2656 2080 2720 ﬁdes,

2191 2659 2518 2730 πράξαντες,
2550 2659 2903 2731 πορεύσονται
2924 2661 3002 2722 είς
3034 2658 3283 2722 αἰωνίους
3317 2657 3590 2721 κολάσεις.
3625 2658 3761 2728 Δῦτη

503 2764 667 2818 quam
712 2750 806 2818 qui
847 2765 958 2804 non
1005 2751 1380 2805 intemeratam
1427 2751 1681 2814 servat-it,
1725 2751 1913 2804 salvus
1961 2764 2084 2803 esse

2189 2750 2367 2804 τοίνυν
2397 2752 2540 2804 ἐστὶν
2576 2753 2609 2820 ἡ
2655 2749 2934 2822 ὀρθόδοξος
2975 2751 3176 2816 πίστις,
3215 2751 3281 2820 ἦν
3322 2750 3352 2801 ὁ
3399 2750 3475 2821 μὴ
3530 2753 3769 2822 τηρήσας

503 2855 613 2896 nou
637 2847 839 2914 potest.

2191 2840 2510 2912 ἀμώμητον,
2539 2842 2776 2912 σωθῆναι
2805 2842 2866 2895 ού
2891 2841 3131 2896 δύναται.

1365 3062 1515 3124 Cod.
1556 3063 1963 3125 Colbertinus
2002 3066 2186 3139 3133,
2221 3063 2396 3126 nulla
2433 3062 2880 3142 inscriptione.

582 3181 856 3237 [insonans
919 3181 1035 3234 vult
1089 3181 1198 3236 sall‘
1253 3189 1420 3244 estre,
1465 3183 1665 3237 devant
1708 3191 1850 3239 totes
1891 3185 2088 3242 choses
2115 3191 2158 3248 C
2262 3183 2360 3241 Issi
2391 3185 2728 3239 faiterement
2759 3180 2900 3238 Deus
2941 3191 3028 3238 est
3065 3183 3102 3236 li
3144 3181 3334 3248 Perre,
3374 3180 3524 3237 Deus
3563 3181 3600 3236 li
3637 3178 3772 3244 Fila,

511 3272 742 3344 bosoing
764 3281 849 3328 est
873 3273 1005 3342 qu’il
1029 3274 1234 3343 tienget
1264 3274 1312 3326 la
1335 3289 1625 3332 commune
1657 3277 1745 3332 fei.
2192 3277 2335 3333 Deus
2377 3279 2410 3332 li
2445 3277 2606 3331 Sainz
2640 3275 2872 3346 Espiriz.

580 3364 820 3434 Laquele
873 3365 920 3419 si
959 3379 1161 3420 cascun
1218 3366 1428 3422 entiere
1482 3384 1512 3422 e
1568 3378 1730 3423 neent
1781 3370 2090 3428 malmisme
2262 3369 2304 3422 E
2353 3368 2665 3439 nequedent
2695 3381 2763 3421 ne
2803 3375 2930 3420 sunt
2959 3365 3092 3421 treis
3125 3364 3291 3431 Deus,
3318 3364 3462 3420 mais
3488 3366 3594 3418 uns
3629 3361 3770 3418 Deus

511 3468 582 3508 ne
625 3456 957 3523 guarderat,
1003 3473 1134 3512 sanz
1181 3457 1414 3513 dotauce
1467 3459 1946 3530 pardurablement
1991 3481 2089 3535 pe-
2190 3470 2293 3518 est.

511 3544 669 3598 TiTal-
2262 3556 2360 3611 Issi
2405 3564 2490 3611 est
2532 3555 2568 3608 li
2611 3555 2721 3610 sire
2752 3554 2938 3619 Perre,
2984 3554 3020 3608 li
3068 3554 3177 3608 sire
3209 3550 3348 3616 Filz,
3386 3551 3425 3605 li
3459 3551 3574 3606 sire
3612 3547 3766 3604 Sainz

583 3634 756 3691 lceste
785 3644 868 3691 est
913 3652 941 3691 a
983 3647 1159 3692 certes
1200 3641 1249 3694 Ia
1285 3656 1578 3694 commune
1619 3641 1714 3704 fei,
1747 3659 1852 3711 que
1881 3661 1955 3699 un
1985 3645 2088 3701 deu
2191 3645 2422 3715 Espiriz.

514 3741 582 3779 en
613 3724 847 3781 Trinitet
871 3744 900 3781 e
929 3727 975 3781 la
1006 3727 1240 3784 Trinitet
1268 3747 1334 3785 en
1373 3732 1549 3786 unitet
1574 3747 1814 3788 aorums.
1971 3803 1974 3808 ι
2268 3735 2309 3789 Ε
2347 3737 2660 3806 nequedent
2707 3753 2777 3793 ne
2822 3745 2949 3792 sunt
2993 3735 3127 3789 treis
3167 3731 3456 3803 Seignurs,
3499 3733 3640 3787 mais
3671 3747 3766 3786 uns

583 3815 662 3873 Ne
701 3820 808 3873 mie
839 3818 1186 3875 confundam
1220 3822 1268 3877 le
1299 3838 1584 3892 persones,
1609 3839 1675 3879 ne
1713 3823 1764 3878 la
1797 3827 2092 3884 substance
2192 3839 2276 3884 est
2311 3830 2432 3884 Sire

513 3909 837 3968 deseuranz.
2264 3918 2373 3973 Kar
2402 3921 2448 3974 si
2481 3934 2637 3973 cume
2686 3917 3024 3989 senglement
3060 3918 3339 3973 chascune
3370 3930 3648 3987 personne
3679 3913 3765 3968 diu

585 4004 739 4058 Altre
773 4012 858 4060 est
887 4019 916 4058 a
945 4004 1191 4060 decertcs
1227 4006 1276 4058 la
1311 4021 1584 4076 persoune
1617 4008 1703 4063 del
1734 4008 1921 4076 Perre,
1955 4013 2094 4069 altre
2194 4027 2228 4064 ιι
2274 4026 2370 4066 ure
2406 4009 2640 4081 Seignur
2671 4009 2876 4081 regesir
2923 4025 3019 4080 par
3057 4009 3329 4064 Cristiene
3358 4008 3558 4062 veritet
3598 4005 3770 4060 tumes

515 4095 602 4150 del
631 4094 766 4158 Filz,
799 4097 937 4150 altre
961 4095 1048 4150 del
1079 4095 1233 4150 Saint
1257 4095 1479 4167 Espirit.
2192 4102 2430 4164 dehotet,

588 4187 726 4242 Mais
755 4188 842 4242 del
873 4187 1036 4243 Perre
1079 4204 1110 4243 e
1137 4189 1222 4243 del
1246 4189 1360 4244 Fila
1387 4207 1418 4247 e
1452 4190 1538 4246 del
1567 4191 1721 4249 Saint
1753 4193 1956 4249 Esnirit
1987 4212 2093 4251 une
2268 4191 2324 4246 Si
2375 4192 2720 4246 faiterement
2765 4199 2879 4246 tres
2923 4190 3066 4246 Deus
3095 4207 3130 4244 u
3169 4188 3438 4260 Seignurs
3482 4189 3636 4244 dirre
3677 4200 3778 4256 par

515 4286 602 4334 est
632 4279 903 4342 divinitet,
935 4281 1050 4334 oele
1072 4283 1156 4351 gle
1185 4282 1510 4351 pardurable
1539 4286 1813 4357 majestet.
2194 4299 2482 4339 commune
2503 4284 2730 4354 religiuu
2756 4299 2941 4339 sumes
2962 4283 3171 4338 deveet.

587 4369 754 4437 Quels
784 4378 869 4426 est
903 4371 938 4424 li
975 4372 1175 4430 Perre.
1202 4373 1304 4429 tels
1339 4382 1422 4430 est
1453 4377 1492 4430 li
1531 4375 1669 4444 Filz,
1701 4378 1811 4433 tels
1854 4379 1893 4432 li
1939 4377 2094 4432 Saint
2264 4374 2324 4428 Li
2387 4373 2552 4429 Perre
2596 4374 2662 4429 de
2701 4375 2796 4428 nul
2837 4375 2976 4429 n’cst
3007 4373 3104 4428 fait
3145 4389 3216 4429 ne
3261 4389 3421 4428 creez
3466 4389 3537 4430 ne
3577 4389 3780 4447 engen‘

517 4460 751 4534 Espiriz.
2193 4469 2338 4524 drez.

586 4556 758 4612 Neent
813 4555 957 4610 eriez
1003 4555 1040 4609 li
1083 4553 1268 4620 Perre,
1303 4567 1466 4613 neent
1504 4558 1649 4615 criez
1682 4561 1717 4615 li
1751 4559 1901 4625 Filz,
1931 4569 2093 4618 neent
2123 4537 2168 4592 D

517 4646 1176 4717 criezliSaianspiriz.
2203 4638 2211 4640 ‘
2311 4638 2316 4639 ί
2413 4638 2420 4639 ί
2577 4638 2588 4648 -

588 4739 768 4794 Granz
798 4749 882 4795 est
909 4740 942 4794 li
974 4738 1161 4804 Perre,
1189 4754 1357 4809 grauz
1391 4750 1476 4797 est
1501 4743 1537 4796 li
1569 4741 1708 4810 Filz,
1739 4760 1907 4809 qranz
1940 4755 2025 4802 est
2061 4747 2097 4801 Ii
2265 4739 2328 4794 Li
2379 4738 2541 4793 Sainz
2571 4736 2783 4807 Espiriz
2819 4735 2906 4790 del
2934 4733 3099 4790 Perre
3121 4743 3176 4789 et
3215 4735 3302 4790 del
3327 4733 3465 4798 Filz,
3497 4736 3650 4790 nient
3675 4735 3774 4790 [ait

519 4829 682 4885 Saiuz
722 4831 950 4902 Espiriz.
2199 4848 2262 4888 ne
2294 4832 2441 4886 criez
2470 4846 2539 4885 ne
2568 4829 2894 4899 eugendrez,
2925 4828 3064 4881 mais
3085 4836 3251 4880 avant
3280 4828 3486 4882 eissuz.

589 4919 954 4978 Pardurables
989 4923 1024 4978 li
1053 4924 1237 4992 Perre,
1271 4925 1631 4998 pardurables
1662 4927 1697 4980 li
1725 4924 1862 4994 Filz,
1892 4926 2097 4998 pardu-
2265 4920 2483 4976 Dullkes
2533 4930 2618 4974 εει
2657 4936 2760 4974 "IIS
2807 4917 2994 4982 Ρθῐτθν
3037 4920 3187 4973 "lem
3229 4922 3362 4975 “eis
3397 4937 3622 4992 Penes.
3668 4940 3773 4981 llus

520 5012 698 5067 rabies
727 5013 764 5066 li
790 5011 954 5068 Saiuz
980 5014 1216 5086 Espiriz.
2198 5013 2335 5077 Filz,
2367 5013 2519 5068 nient
2558 5013 2691 5067 treis
2722 5011 2830 5080 (ila,
2860 5027 2966 5067 uns
2995 5011 3158 5066 Sainz
3193 5011 3430 5085 Espiriz,
3464 5017 3618 5072 nient
3644 5017 3770 5072 treis

589 5101 906 5173 Nequedent
952 5122 1020 5161 ne
1061 5118 1189 5162 sunt
1219 5109 1326 5164 mie
1373 5109 1507 5164 treis
1541 5109 1922 5178 pardurables,
1957 5112 2094 5167 mais
2197 5104 2347 5160 sainz
2375 5102 2596 5172 espiriz.

522 5213 594 5249 un
621 5197 969 5266 pardurable.
2265 5193 2308 5246 Ε
2337 5209 2405 5246 eu
2430 5194 2598 5248 iceste
2622 5191 2860 5248 Trinitet
2883 5193 3010 5248 nule
3040 5193 3207 5249 chose
3232 5197 3438 5266 primes
3467 5214 3505 5252 u
3535 5199 3762 5262 derains,

592 5289 650 5342 Si
687 5305 844 5343 cume
878 5306 946 5344 ne
978 5299 1105 5345 sunt
1135 5294 1267 5346 treis
1305 5292 1458 5345 nient
1489 5291 1633 5346 criez
1661 5307 1728 5347 ne
1754 5292 1882 5349 treis
1905 5311 2093 5365 grana,
2193 5289 2321 5343 mlle
2349 5289 2515 5344 Cllose
2545 5287 2798 5357 gr0indl'e
2830 5303 2863 5340 υ
2889 5285 3132 5342 mmldl'e-

525 5379 662 5433 mais
687 5395 790 5432 uns
817 5378 967 5434 uient
993 5380 1137 5434 criez
1165 5397 1196 5435 e
1220 5398 1322 5436 uns
1345 5379 1545 5434 Grauz.
2276 5380 2411 5435 Mais
2442 5389 2583 5436 totes
2621 5381 2699 5434 les
2726 5380 2860 5435 treis
2885 5395 3149 5450 persones
3179 5381 3462 5439 ensemble
3483 5398 3768 5455 parmam-

597 5469 891 5526 Ensement
931 5479 1302 5542 trcstutpoant
1345 5474 1379 5526 li
1419 5472 1606 5538 Perre,
1650 5483 2018 5546 trestutpoaut
2061 5477 2095 5531 li
2196 5474 2312 5528 bles
2343 5471 2374 5526 ἐι
2405 5473 2480 5528 sei
2512 5479 2639 5528 sunt
2669 5487 2699 5525 e
2727 5471 3004 5526 ensemble
3036 5473 3205 5526 oeles.

525 5559 659 5622 Filz,
686 5570 1051 5632 trestutpoant
1073 5563 1108 5617 li
1135 5563 1297 5617 Sainz
1320 5563 1552 5634 Espiriz.
2267 5565 2366 5620 Issi
2407 5581 2512 5635 que
2551 5581 2649 5635 par
2680 5574 2824 5621 totes
2854 5564 3072 5629 choses,
3105 5565 3151 5620 si
3183 5580 3346 5621 cume
3371 5567 3429 5637 ja
3459 5566 3657 5623 derant
3694 5563 3768 5620 dit

599 5649 641 5702 E
684 5653 994 5720 nequedent
1039 5654 1190 5708 nient
1235 5661 1348 5709 tres
1399 5661 1766 5724 trcstutpoant
1831 5656 1976 5711 mais
2026 5671 2100 5709 un
2198 5664 2301 5720 est,
2333 5673 2364 5712 e
2387 5658 2437 5710 la
2469 5661 2641 5712 unitet
2665 5674 2733 5713 en
2764 5659 2813 5712 la
2843 5656 3077 5711 Trinitet
3099 5673 3130 5713 e
3164 5657 3214 5712 la
3241 5657 3482 5716 Trinitet
3517 5677 3584 5718 en
3609 5659 3772 5716 uniict

528 5737 929 5812 Trestutpoaut.
2201 5747 2301 5801 scit
2325 5761 2355 5800 a
2380 5761 2597 5803 ouorer.
