4032 6376
535 330 675 388 1595

1653 301 1732 393 ἐ.
1777 336 2233 396 .mmsasu's.
2275 368 2346 379 -
2386 336 2651 391 seum.

3641 323 3772 380 £530

532 448 764 504 Trinite.
801 447 1044 502 Entende
1073 455 1126 502 et
1155 447 1303 503 croie
1343 448 1665 505 fermemcnt
1691 468 1798 522 que
1825 468 1915 506 ces
1941 456 2107 508 troies
2136 459 2179 512 A
2207 451 2294 505 dcl
2331 460 2449 504 tout
2473 467 2542 505 ne
2570 451 2674 504 mie
2705 463 2801 518 par
2821 445 3195 502 ennullement
3215 441 3284 498 de
3314 439 3614 497 substance
3645 443 3770 493 meis

532 553 795 606 per-sones
844 545 972 592 suat
1023 551 1125 591 uns
1180 552 1306 591 scus
1352 537 1540 591 Dienx.
1597 536 1708 593 Mes
1760 539 1978 592 hesoinz
2025 550 2110 594 est

532 629 890 692 apardurable
927 628 1043 682 salu
1076 643 1181 698 que
1223 628 1342 682 ausi
1375 629 1523 684 croie
1551 629 1794 684 chacuns
1826 631 2110 685 fcelement

531 719 888 774 lincarnation
919 720 987 773 de
1033 729 1220 773 nostre
1263 717 1530 790 Seigneur
1573 719 1700 775 Dieu
1737 719 1903 777 Jhesu
1939 723 2104 777 Crist.

529 809 644 865 Nus
685 827 750 864 ne
805 819 932 880 puet
969 821 1114 865 cstre
1164 827 1294 866 saus
1334 828 1392 866 se
1433 813 1469 866 il
1502 827 1570 866 ne
1600 813 1743 866 croit
1789 812 2109 868 fermement

528 918 635 973 que
670 911 886 958 nostros
921 904 1060 958 sires
1095 902 1264 959 Jhesu
1312 904 1435 958 Criz
1467 904 1725 960 descendi
1756 923 1824 960 en
1854 915 2018 961 terre.
2053 914 2109 961 et

530 995 709 1065 prinst
743 995 898 1048 chair
919 1011 986 1049 en
1022 996 1070 1048 la
1106 996 1379 1064 glorieuse
1409 996 1569 1066 Virgo
1601 999 1770 1054 lllarie
1800 1016 1900 1069 por
1923 1011 2106 1055 nostre

529 1094 867 1140 sauvement.
906 1085 1160 1156 Donques
1187 1097 1271 1142 est
1296 1087 1473 1142 droite
1512 1088 1620 1142 foiz
1669 1106 1775 1159 que
1818 1107 1956 1146 nous
1989 1107 2107 1146 cre-

527 1191 630 1230 ons
656 1184 709 1230 et
736 1178 1044 1246 regeissons
1073 1193 1180 1246 que
1211 1189 1427 1234 nostres
1457 1179 1596 1234 sires
1645 1179 1819 1235 Jhesu
1856 1181 1980 1236 Criz
2021 1191 2106 1237 cst
2163 1196 2171 1204 '

527 1268 640 1324 Fils
673 1267 741 1323 de
797 1269 929 1324 Dieu
969 1277 1022 1323 et
1069 1268 1236 1324 Dieux
1276 1279 1330 1326 et
1368 1287 1479 1326 om.
1521 1271 1682 1327 Droiz
1721 1281 1804 1328 est
1852 1289 1958 1344 que
2007 1291 2106 1330 nos

526 1359 619 1428 qui
657 1375 836 1414 somes
866 1360 1114 1415 Crestien
1142 1377 1340 1418 creons
1373 1362 1693 1418 fermement
1725 1381 1832 1435 que
1857 1366 1892 1420 li
1936 1365 2106 1436 Espe-

529 1452 659 1506 rites
700 1452 793 1521 qui
836 1452 1092 1508 descendi
1140 1471 1206 1508 en
1244 1456 1293 1508 la
1331 1453 1490 1524 Virge
1531 1455 1700 1512 Marie
1738 1465 1792 1511 et
1838 1458 1889 1511 la
1933 1459 2106 1514 seinte

525 1545 690 1599 chars
723 1561 826 1613 que
863 1546 895 1598 il
931 1548 1068 1616 prist
1091 1557 1218 1600 sunt
1249 1563 1352 1602 uns
1393 1549 1540 1602 seuls
1573 1548 1699 1603 Diex
1737 1551 1826 1619 qui
1853 1559 1938 1605 est
1977 1565 2103 1619 ape-

526 1633 606 1686 lez
637 1632 802 1689 Jhcsu
845 1635 989 1690 Criz.
1031 1637 1070 1688 ll
1099 1645 1181 1690 est
1215 1636 1323 1691 Dex
1355 1638 1476 1692 dela
1527 1645 1786 1695 sustance
1827 1641 1934 1694 dou
1967 1639 2104 1695 Pere

523 1727 829 1796 engendrez
882 1728 1081 1782 derant
1129 1730 1206 1783 les
1261 1730 1456 1784 sieeles
1486 1740 1540 1785 et
1588 1747 1674 1784 om
1715 1741 1798 1787 est
1838 1733 1959 1788 dela
2007 1750 2103 1788 su-

525 1828 716 1872 stance
754 1820 872 1873 dela
910 1837 1054 1875 mere
1088 1837 1186 1875 nez
1218 1838 1285 1875 ou
1319 1823 1514 1878 siecles
1554 1825 1902 1893 Apertemeut
1929 1842 2102 1896 poons

524 1925 694 1962 vouer
721 1925 827 1978 que
875 1921 1090 1965 nostres
1144 1913 1284 1966 siros
1330 1911 1429 1966 Jhe
1455 1914 1579 1968 Criz
1605 1923 1690 1969 est
1720 1914 1830 1970 Dex
1849 1917 1914 1970 de.
1938 1933 2037 1986 par
2055 1918 2102 1973 le

523 1997 658 2053 Pere
687 2013 784 2054 car
813 2015 876 2054 ce
896 2009 977 2054 est
1004 2001 1037 2054 li
1072 2001 1350 2070 Esperites
1386 2003 1494 2057 dou
1544 2003 1678 2058 Pere
1706 2013 1759 2059 et
1791 2021 1878 2058 om
1909 2007 1975 2060 de
2005 2022 2103 2075 par

523 2091 570 2142 la
604 2104 748 2144 mere
777 2105 872 2160 par
896 2092 942 2144 la
973 2093 1106 2146 Char
1146 2110 1252 2162 que
1284 2095 1320 2148 il
1354 2097 1490 2164 prist
1519 2113 1584 2149 en
1620 2097 1674 2149 li.
1704 2095 1808 2150 Par
1837 2096 1937 2151 feia
1969 2097 2097 2152 Dex.

519 2196 621 2249 par
667 2180 769 2234 friz
805 2197 890 2235 om
931 2182 999 2236 de
1046 2184 1264 2238 revahle
1308 2200 1430 2240 ome
1463 2192 1516 2240 et
1560 2185 1627 2240 de
1671 2187 1806 2240 char
1845 2188 2100 2244 humaine

520 2288 870 2342 parmenanz.
906 2273 1006 2328 Jhe
1038 2275 1163 2328 Criz
1195 2283 1280 2329 est
1311 2276 1460 2331 voirs
1489 2275 1599 2331 Dex
1626 2285 1678 2330 et
1707 2277 1852 2332 voirs
1885 2293 1972 2331 om
2005 2293 2101 2331 car

518 2372 637 2418 eest
680 2365 715 2417 ii
754 2364 1032 2434 Esperites
1065 2365 1132 2420 de
1169 2365 1300 2420 Dieu
1344 2367 1438 2436 qui
1478 2368 1620 2437 prist
1649 2367 1783 2422 char
1821 2368 2100 2424 teerienne

517 2455 644 2527 Egal
670 2474 734 2510 au
754 2457 888 2512 Pere
914 2459 1098 2512 selonc
1122 2459 1383 2514 lumanite
1407 2461 1594 2514 selone
1627 2476 1690 2514 ee
1710 2475 1817 2529 que
1847 2458 1951 2513 Jhu
1972 2458 2097 2513 Criz

515 2556 599 2602 est
620 2546 729 2601 Dex
750 2559 829 2602 est
851 2548 1010 2602 ineux
1030 2565 1097 2602 au
1119 2547 1251 2602 Pere
1267 2558 1320 2602 et
1333 2551 1518 2604 selonc
1531 2550 1580 2603 la
1597 2549 1729 2604 ehar
1743 2556 1826 2603 est
1844 2548 2096 2603 mondrr-s

515 2638 583 2692 de
606 2640 700 2692 lui.
733 2641 795 2693 lit
815 2640 870 2708 ja
902 2641 1006 2693 soit
1025 2641 1216 2710 cequil
1245 2650 1329 2694 εει
1358 2641 1462 2696 Dex
1489 2648 1542 2694 et
1567 2656 1677 2694 om.
1714 2655 1781 2694 ne
1809 2655 1906 2709 por
1926 2647 2096 2708 quant

515 2744 580 2783 ce
607 2745 674 2783 ne
703 2737 830 2784 sunt
861 2729 968 2784 mie
996 2729 1090 2783 dui
1125 2729 1251 2784 Criz
1280 2732 1402 2784 ainz
1434 2738 1518 2786 est
1545 2747 1648 2785 uns
1683 2730 1831 2785 seuls
1859 2729 2005 2791 Criz,
2041 2738 2097 2784 et

513 2836 583 2875 ne
621 2831 889 2891 porquant
916 2837 974 2876 se
998 2820 1102 2875 Jhu
1137 2820 1259 2875 Criz
1289 2832 1370 2876 est
1405 2821 1514 2876 Dex
1546 2831 1599 2876 et
1624 2838 1712 2876 om
1741 2840 1753 2874 :
1802 2837 1901 2892 por
1929 2837 1989 2876 ce
2028 2838 2096 2877 ne

513 2914 629 2970 doit
656 2930 724 2967 on
767 2916 871 2968 mie
910 2914 1028 2969 dire
1059 2929 1165 2982 que
1192 2929 1256 2968 ce
1294 2915 1473 2969 soient
1513 2913 1605 2968 dui
1633 2914 1778 2969 Crist
1810 2911 1925 2968 Uns
1974 2928 2094 2968 eer-

513 3015 596 3061 Ies
625 3014 708 3061 est
748 3022 813 3060 ne
841 3007 947 3059 mie
989 3022 1086 3075 par
1113 3007 1160 3061 le
1190 3007 1688 3061 convertissement
1719 3003 1883 3076 664
1915 3005 1981 3060 de
2009 3006 2093 3060 di-

511 3098 683 3152 \inite
725 3113 791 3152 en
832 3098 996 3152 chars
1045 3114 1159 3152 mes
1209 3114 1308 3167 par
1358 3098 1408 3151 la
1458 3098 1644 3167 prinse
1695 3098 1974 3151 dumanite
2025 3113 2092 3150 en

513 3187 669 3244 Dieu.
705 3204 795 3243 ces
825 3189 969 3243 deux
1012 3190 1208 3244 choses
1255 3189 1397 3243 deus
1432 3200 1486 3243 et
1519 3205 1607 3242 om
1652 3205 1719 3243 ne
1751 3189 2094 3243 demontreut

512 3298 542 3332 n
571 3281 620 3336 ie
662 3297 766 3334 une
803 3297 965 3351 parce
1015 3299 1120 3352 que
1161 3283 1212 3337 la
1243 3283 1417 3337 deitez
1470 3280 1580 3336 fnst
1635 3298 1794 3336 muee
1843 3297 1910 3335 en
1956 3281 2092 3334 char

513 3387 629 3428 nes
664 3387 828 3442 porce
859 3388 965 3443 que
994 3373 1044 3428 la
1075 3373 1208 3428 char
1237 3387 1364 3428 mua
1399 3374 1447 3428 la
1471 3373 1644 3430 deitez
1671 3389 1740 3430 en
1773 3372 1926 3428 Dieu.
1975 3371 2090 3428 Uns

2209 560 2307 615 par
2337 543 2506 597 lunite
2538 543 2606 597 de
2636 555 2885 612 persone.
2919 537 3023 594 Car
3060 536 3107 592 si
3139 549 3302 590 come.
3337 533 3477 587 lame
3504 529 3770 586 reisnable

2207 643 2261 691 et
2288 636 2337 688 la
2374 634 2537 688 charz
2566 639 2651 687 est
2707 646 2808 685 uns
2840 644 2926 682 om
2966 627 3084 682 ausi
3135 624 3308 680 Dieux
3341 631 3397 678 et
3427 637 3516 676 om
3547 629 3633 674 εει
3673 635 3770 673 uns

2206 728 2372 783 Crist.
2413 725 2489 780 La
2528 736 2718 780 nature
2761 724 2882 779 dela
2925 722 3056 776 ehar
3100 734 3173 775 ne
3208 727 3302 789 pot
3334 721 3441 772 mie
3471 716 3604 769 faire
3646 713 3765 768 Dieu

2207 827 2262 875 et
2295 820 2376 875 soi
2405 834 2512 873 une
2545 818 2712 872 chose
2759 831 2874 870 mes
2902 815 2954 868 la
2991 796 3246 868 force'de
3275 809 3530 881 lesperite
3563 806 3648 861 list
3689 808 3765 860 soi

2205 919 2259 968 et
2307 914 2357 966 la
2399 912 2530 965 char
2560 926 2632 965 un
2674 909 2826 962 Dieu.

2275 1025 2376 1091 Qui
2417 1022 2567 1080 soﬂri
2604 1022 2824 1094 passion
2878 1036 2974 1090 por
3015 1025 3209 1074 nostre
3253 1018 3370 1074 salu
3401 1015 3658 1071 descendi
3711 1029 3766 1067 as

2205 1117 2463 1173 enfernex
2490 1131 2556 1169 au
2598 1117 2701 1170 tier
2737 1115 2827 1183 jor
2855 1113 3123 1168 resuscita
3162 1110 3232 1165 de
3261 1116 3401 1164 mort
3433 1107 3571 1162 lcele
3612 1106 3765 1161 chars

2205 1227 2311 1280 que
2339 1210 2374 1264 li
2426 1208 2700 1278 Esperitcs
2733 1206 2908 1276 prinst
2945 1221 3011 1260 en
3045 1205 3095 1258 la
3147 1203 3450 1274 glorieusse
3474 1200 3638 1270 Virge
3663 1216 3770 1254 mo-

2207 1309 2296 1355 rut
2339 1316 2438 1370 pro
2491 1315 2591 1354 nos
2624 1313 2840 1353 sauver.
2876 1303 2929 1350 et
2960 1293 3223 1350 descendi
3254 1308 3284 1346 a
3317 1291 3474 1348 enfer
3502 1305 3603 1360 por
3641 1290 3770 1344 deli-

2204 1407 2330 1447 vrer
2367 1407 2456 1446 ses
2483 1389 2622 1444 amis
2658 1388 2751 1459 qui
2786 1387 3020 1442 estoient
3050 1394 3107 1441 et
3143 1385 3193 1437 la
3228 1383 3377 1438 force
3409 1381 3478 1436 de
3519 1381 3769 1450 lesperite

2205 1486 2256 1539 la
2302 1486 2390 1537 list
2443 1486 2732 1536 resusciter
2772 1489 2826 1533 et
2871 1480 3136 1549 lampoz'ta
3189 1476 3329 1530 osoi.
3377 1472 3416 1528 ll
3472 1480 3660 1526 monta
3712 1488 3767 1526 es

2205 1576 2376 1630 cieuls
2418 1583 2470 1627 et
2513 1574 2613 1628 siet
2642 1573 2724 1626 ala
2759 1571 2942 1625 destre
2972 1571 3038 1624 de
3069 1568 3201 1622 Dieu
3229 1567 3278 1622 le
3314 1565 3451 1621 Pere
3475 1575 3594 1618 tout
3623 1564 3767 1633 pnis-

2206 1677 2331 1724 sant
2361 1668 2540 1722 diluec
2568 1673 2652 1721 est
2677 1664 2862 1720 avenir
2883 1663 3061 1733 jugier
3090 1663 3170 1718 les
3205 1661 3286 1714 vis
3315 1667 3370 1714 et
3404 1658 3483 1713 les
3508 1672 3678 1714 mors.

2133 1805 2175 1858 Β
2275 1802 2498 1858 Nostres
2554 1801 2693 1856 sires
2723 1798 2888 1854 Jhcsu
2937 1798 3058 1853 Criz
3096 1797 3189 1868 qui
3243 1794 3433 1852 souﬂri
3488 1802 3632 1848 mort
3677 1810 3771 1863 pur

2205 1913 2306 1951 nos
2356 1905 2409 1949 et
2436 1894 2694 1949 descendi
2729 1908 2758 1945 a
2789 1890 2942 1947 cnfer
2969 1905 3067 1960 por
3101 1905 3190 1944 ses
3238 1889 3397 1942 amis.
3449 1894 3504 1942 et
3534 1887 3766 1942 resucita

2211 1989 2277 2042 de
2301 1993 2443 2041 mort
2477 2000 2505 2039 a
2537 1985 2622 2040 vie
2654 1991 2706 2040 et
2739 1991 2923 2038 monta
2953 1998 3012 2038 es
3040 1983 3172 2037 ciels
3203 1979 3512 2036 descendra
3549 1995 3616 2032 au
3645 1979 3766 2048 jour

2205 2081 2290 2136 del
2344 2081 2477 2134 ivise
2531 2093 2669 2148 pour
2712 2077 2891 2147 jugier
2938 2076 3016 2130 les
3050 2075 3133 2129 vis
3171 2081 3226 2129 et
3259 2075 3339 2128 les
3388 2088 3540 2128 mors
3568 2071 3652 2124 Au
3683 2073 3765 2126 cui

2202 2180 2520 2228 avenement
2540 2171 2645 2224 tuit
2677 2169 2710 2224 li
2739 2183 2861 2223 ome
2897 2171 2993 2222 orlt
3024 2167 3358 2222 aresusciter
3397 2181 3429 2220 ε
3469 2165 3618 2218 leurs
3653 2180 3769 2218 cors

2201 2273 2254 2319 et
2283 2271 2411 2318 sunt
2442 2263 2669 2317 arendre
2708 2261 2776 2314 de
2807 2261 2924 2316 leur
2954 2274 3181 2330 propres
3215 2258 3317 2313 feiz
3370 2272 3557 2313 reson.
3592 2255 3766 2321 Quant

2200 2366 2418 2411 nostres
2472 2355 2609 2410 sires
2644 2353 2811 2410 Jhesu
2841 2353 2963 2407 Criz
2997 2351 3202 2406 vcndra
3253 2351 3432 2421 jugier
3487 2350 3535 2404 le
3579 2349 3769 2403 mande

2199 2450 2311 2503 lors
2357 2455 2653 2503 revenront
2703 2454 2881 2499 toutes
2912 2460 3046 2514 genz
3085 2459 3152 2498 en
3201 2443 3356 2497 chair
3407 2449 3462 2498 et
3492 2459 3560 2498 en
3611 2457 3675 2497 os
3720 2449 3769 2495 et

2197 2541 2316 2596 leur
2359 2556 2419 2595 es
2468 2538 2780 2594 convendra
2816 2531 3225 2592 rendre'reison
3260 2536 3328 2590 de
3362 2536 3481 2591 leur
3508 2551 3761 2590 uueures.

2197 2631 2263 2686 Et
2301 2632 2369 2686 cil
2399 2631 2492 2702 qui
2524 2631 2646 2683 bien
2678 2628 2836 2682 (irent
2867 2628 3013 2682 iront
3041 2643 3108 2682 eu
3140 2626 3227 2681 vie
3257 2626 3606 2696 pardurahle.
3640 2628 3766 2681 meis

2197 2725 2264 2779 eil
2289 2723 2380 2793 qui
2421 2723 2527 2776 mal
2563 2721 2719 2775 fit-ent
2747 2721 2889 2774 iront
2922 2735 2988 2772 en
3025 2717 3112 2772 feu
3147 2718 3240 2787 qui
3271 2718 3472 2772 durera
3509 2733 3640 2773 sans
3667 2717 3757 2773 fin.

2195 2815 2276 2869 En
2328 2816 2377 2868 la
2421 2813 2590 2884 gloire
2637 2812 2769 2866 Dieu
2813 2818 3113 2874 euterront,
3147 2809 3220 2864 cil
3265 2810 3358 2878 qui
3413 2809 3522 2862 mal
3570 2818 3763 2863 auront

2197 2921 2331 2962 ουτ-ε
2375 2901 2773 2959 descenderont
2817 2917 2883 2956 en
2921 2899 3094 2954 cnfer.
3129 2899 3292 2954 Ceste
3321 2906 3408 2954 est
3437 2901 3487 2952 la
3518 2899 3589 2953 foi
3634 2915 3770 2953 com-

2196 3014 2361 3053 mune
2396 2998 2445 3050 la
2465 2996 2626 3066 quele
2647 3010 2705 3049 se
2727 2993 2969 3048 chacuns
3001 3005 3170 3045 naura
3197 3006 3361 3045 creue
3398 2991 3678 3052 feelnicnt'.
3719 3001 3768 3046 et

2198 3089 2516 3144 fermement
2565 3102 2694 3142 saus
2755 3101 2822 3139 ne
2871 3099 3032 3153 porra
3063 3092 3210 3138 estre
3257 3083 3370 3138 ltex
3427 3093 3516 3138 est
3565 3084 3613 3136 la
3657 3099 3770 3138 cre-

2199 3197 2334 3236 ance
2378 3180 2445 3235 de
2473 3180 2650 3234 seinle
2686 3176 2981 3231 crestiente
3010 3191 3222 3230 comme
3257 3176 3366 3230 εἰει
3397 3176 3642 3230 sianmcs
3673 3192 3766 3228 nos

2199 3273 2382 3329 devise
2419 3278 2473 3326 et
2511 3271 2604 3342 qui
2649 3269 2746 3326 issi
2784 3284 2852 3324 ne
2894 3270 3032 3323 croit
3071 3268 3286 3323 dannez
3319 3283 3444 3324 sera
3489 3267 3768 3339 pardura-

2199 3367 2458 3421 hlement.

2121 3508 2190 3528 ar—

1927 3583 2330 3646 ADMONITIO.

512 3709 615 3765 llic
647 3711 883 3782 Symboli
909 3710 1236 3780 Quicunque
1271 3711 1682 3763 commentarius
1715 3710 1890 3777 prodit
1914 3726 1979 3763 ex
2016 3698 2561 3782 codice-bibliothecis
2595 3694 2785 3782 §ancti
2804 3692 3064 3782 Germani
3088 3710 3128 3782 ᾖ
3151 3692 3352 3782 {ratis
3395 3710 3618 3750 numero
3674 3695 3769 3752 £99

979 3765 1380 3850 quingentorum
1407 3782 1618 3834 circiter
1652 3765 1934 3843 aii-norum,
1969 3795 2072 3831 non
2104 3776 2348 3844 indignus
2383 3769 2472 3841 qui
2501 3767 2740 3822 studioso
2769 3765 2951 3819 lectori
2977 3765 3310 3818 exhibentur.

1316 3891 1622 3948 INCIPIT
1665 3889 2088 3946 TRACTATUS
2129 3886 2230 3943 DE
2284 3882 2472 3938 FIDE
2520 3877 2960 3936 CATHOLICA.

610 4013 662 4067 1.
698 4011 1009 4078 Quousque
1049 4012 1154 4066 vult
1207 4012 1385 4067 salvus
1427 4029 1540 4068 esse
1563 4023 1684 4068 ante
1731 4014 1910 4066 omnia
1959 4027 2086 4068 onus

504 4113 663 4158 estut
692 4113 861 4157 teneat
905 4105 1221 4158 catholicam
1257 4105 1436 4175 ﬁdem.
1479 4105 1578 4160 Hic
1622 4107 1812 4162 beatus
1850 4106 2090 4158 Athana-

506 4194 623 4248 sius
666 4195 896 4248 liherum
936 4196 1222 4249 arbitrium
1249 4200 1431 4266 posuit
1463 4212 1475 4248 :
1512 4197 1654 4251 sicut
1691 4197 1824 4250 dicit
1857 4198 1910 4250 in
1946 4195 2091 4250 Psal-

508 4299 599 4338 mo
649 4303 663 4336 :
709 4283 841 4349 Quis
891 4295 965 4338 est
1014 4285 1166 4338 homo
1218 4288 1308 4355 qui
1361 4287 1468 4340 vult
1513 4288 1673 4340 vitam
1698 4288 1764 4350 δ’,
1805 4296 1858 4342 ει
1887 4288 2084 4341 iterum

506 4373 562 4427 in
613 4372 910 4442 Evangelio
967 4375 1084 4443 ipsa
1140 4374 1356 4429 Veritas
1408 4378 1484 4428 ait
1539 4395 1551 4430 :
1599 4377 1708 4441 Qui
1764 4378 1874 4430 vult
1916 4379 2088 4431 venire

2187 4005 2521 4060 universalis.
2564 4001 2844 4057 Generalis
2889 3999 3124 4068 pertinet
3155 3997 3222 4052 ad
3263 4012 3460 4052 omnes
3489 3997 3768 4052 homines:

2189 4097 2518 4152 universalis
2553 4094 2680 4164 quia
2717 4108 2814 4162 per
2847 4091 3164 4144 universum
3197 4089 3389 4143 orbem
3437 4088 3636 4143 diffusa
3667 4099 3764 4144 est.

2189 4187 2348 4243 Fides
2368 4195 2452 4242 est
2478 4184 2775 4240 credulitas
2799 4198 2905 4252 qua
2930 4181 3199 4236 veraciter
3227 4179 3512 4235 credimus
3539 4182 3591 4236 id
3626 4183 3765 4251 quod

2192 4293 2536 4350 nequaquam
2570 4276 2755 4331 videre
2789 4274 3056 4328 valemus.
3086 4271 3244 4327 Unde
3275 4271 3577 4342 Apostolus
3609 4273 3763 4327 dicit:

2198 4371 2356 4424 Fides
2393 4379 2470 4424 est
2512 4369 2897 4438 sperandarum
2924 4363 3226 4418 substantia
3268 4379 3467 4426 rerum,
3500 4381 3768 4435 argumen-

504 4474 624 4535 post
657 4481 737 4518 me
764 4465 830 4530 ⁸³.
872 4465 1123 4518 similiter
1151 4473 1205 4520 et
1239 4465 1348 4528 hic,
1384 4467 1692 4536 Quicunque
1732 4471 1860 4520 vult.
1908 4466 2086 4532 Quare
2121 4476 2161 4530 ι)
2193 4471 2302 4515 tum
2341 4477 2444 4514 non
2469 4457 2916 4528 apparentium“.
2950 4453 3160 4509 Dicitur
3193 4455 3339 4510 enim
3373 4454 3508 4510 lides
3536 4470 3601 4509 eo
3631 4454 3768 4524 quod

504 4557 650 4612 Deus
675 4557 1024 4626 omnipotens
1056 4557 1262 4612 nullum
1299 4558 1571 4612 hominem
1617 4559 1845 4612 invitum
1874 4567 1968 4611 aut
1997 4574 2090 4612 co-

503 4658 685 4703 actum
723 4651 887 4703 trahit
925 4650 991 4704 ad
1033 4650 1216 4714 ﬁdem,
1250 4652 1355 4706 nisi
1389 4651 1482 4721 qui
1515 4668 1613 4706 sua
1646 4651 1862 4722 propria
1894 4652 2088 4706 volun-

501 4748 612 4796 tate
650 4741 764 4794 vult
788 4743 972 4796 venire
1005 4741 1071 4796 ad
1108 4743 1289 4798 tidem.
1341 4743 1449 4798 Sed
1488 4745 1803 4814 quicunque
1828 4745 1943 4797 vult
1978 4745 2086 4798 sal-

501 4848 602 4886 vus
630 4847 752 4887 esse
783 4834 835 4888 in
869 4849 1098 4903 corpore
1125 4837 1208 4889 vel
1235 4837 1290 4890 in
1319 4837 1523 4902 anima,
1562 4837 1863 4892 necessitas
1891 4846 1974 4891 est
2007 4838 2084 4891 illi

500 4933 558 4977 ut
584 4932 764 4980 teneat
798 4927 1123 4981 catholicam
1154 4927 1334 4983 fidem.
1367 4928 1548 4994 Quare
1580 4938 1704 4982 ante
1732 4944 1894 4982 omne
1937 4942 2076 4998 Opus

501 5030 729 5070 necesse
754 5029 837 5072 est
867 5026 927 5071 ut
973 5017 1104 5072 fides
1135 5019 1436 5088 praecedat;
1483 5025 1609 5072 ante
1635 5035 1850 5074 omnem
1881 5035 2076 5088 opera-

499 5107 727 5174 tionem,
785 5119 910 5164 ante
971 5125 1187 5165 omnem
1230 5111 1659 5174 inchoationem,
1725 5119 1850 5165 ante
1907 5125 2070 5165 omne

504 5199 830 5270 principium
874 5202 1170 5271 unicuique
1218 5218 1357 5272 opus
1404 5211 1488 5258 est
1537 5210 1597 5256 ut
1628 5210 1807 5256 teneat
1839 5202 2072 5255 catholi-

501 5305 621 5342 cam
663 5290 855 5350 fidem,
907 5291 1123 5345 dicente
1162 5291 1423 5360 Apostolo
1464 5310 1476 5346 :
1513 5289 1638 5345 Sine
1679 5291 1782 5360 [ide
1828 5292 2072 5358 impossi-

504 5378 604 5433 bile
629 5391 705 5435 est
762 5381 968 5448 placere
1023 5380 1125 5435 Deo
1151 5382 1216 5434 ".
1258 5381 1409 5437 Unde
1431 5393 1484 5436 et
1516 5381 1772 5435 ilahacue
1799 5383 2065 5452 propheta

505 5469 624 5523 ait:
657 5470 843 5524 Justus
888 5480 1062 5526 autem
1104 5488 1168 5525 ea:
1212 5472 1319 5542 ﬁde
1349 5473 1470 5526 vivit
1488 5473 1556 5525 ⁸⁵.
1619 5471 1898 5527 Catholica
1929 5489 1947 5526 :
1990 5482 2073 5528 εει

507 5575 687 5614 sermo
715 5559 958 5627 Graecus,
990 5563 1181 5619 Latine
1224 5565 1648 5636 interpretatur,
1679 5566 1939 5634 generalis
1988 5567 2070 5620 vel

2191 4554 2249 4608 ﬁt
2291 4554 2433 4607 inter
2466 4550 2634 4606 Deum
2680 4561 2734 4604 et
2791 4549 3085 4602 hominem.
3145 4546 3311 4601 Istam
3371 4547 3556 4611 fidem,
3615 4547 3766 4600 istam

2189 4646 2566 4702 credulitatem
2618 4651 2744 4697 ante
2796 4641 2980 4696 omnia
3035 4639 3194 4694 nobis
3247 4655 3387 4709 opus
3445 4648 3532 4695 est
3567 4647 3767 4700 tenere.

2186 4739 2313 4808 quia
2356 4737 2487 4792 ﬁdes
2519 4744 2602 4792 est
2633 4734 3045 4788 fundamentum
3083 4733 3329 4786 omnium
3381 4734 3667 4785 virtutum.
3708 4728 3770 4782 Et

2187 4830 2393 4884 idcirco
2427 4830 2579 4899 prius
2609 4826 2943 4882 aedificemus
2985 4824 3141 4878 fidem
3175 4841 3300 4894 quae
3327 4833 3411 4879 est
3447 4825 3767 4878 fundamen-

2184 4929 2298 4976 tum
2332 4931 2386 4976 et
2437 4936 2601 4992 super
2634 4935 2753 4974 eam
2785 4927 3014 4972 catteras
3048 4918 3278 4972 virtutes
3318 4936 3332 4972 :
3363 4919 3490 4987 quia
3519 4918 3640 4971 sine
3667 4915 3766 4970 ﬁde

2175 5015 2365 5069 nullus
2396 5015 2578 5069 salvus
2606 5028 2729 5068 esse
2756 5019 2953 5080 potest.

2245 5107 2304 5160 2.
2337 5107 2506 5173 Quam
2539 5106 2641 5159 nisi
2675 5105 2889 5174 quisque
2919 5103 3179 5172 integram
3215 5102 3626 5169 inviomtamque
3655 5116 3761 5154 ser—

2174 5201 2369 5255 vaverit
2401 5198 2593 5265 absque
2615 5195 2773 5249 dubio
2799 5197 2850 5248 in
2877 5203 3130 5248 trternum
3159 5192 3369 5260 peribit.
3400 5191 3578 5258 Quam
3611 5191 3757 5246 fidem

2175 5293 2281 5348 nisi
2317 5291 2547 5360 quisque
2578 5288 2867 5354 integram,
2896 5283 2947 5337 id
2978 5291 3062 5337 est
3083 5284 3466 5352 unusquisque
3500 5284 3756 5352 integram

2175 5392 2230 5441 et
2264 5383 2474 5453 plenam
2522 5387 2576 5433 et
2627 5377 3290 5447 perfectamservaverit,
3323 5376 3376 5428 id
3415 5384 3503 5430 est
3535 5385 3594 5430 ut
3643 5389 3756 5430 eam

2178 5490 2286 5529 non
2321 5470 2536 5528 scindat
2576 5484 2671 5538 per
2713 5469 2962 5522 haeresim
2995 5482 3170 5535 neque
3202 5467 3272 5520 ab
3309 5467 3425 5520 ullo
3469 5468 3759 5522 schismate

2178 5568 2582 5632 corrumpatur.
2627 5558 2967 5622 Inviolatam,
3013 5557 3066 5611 id
3102 5566 3217 5620 est,
3249 5566 3309 5612 ut
3347 5573 3469 5613 eam
3503 5573 3612 5613 non
3649 5557 3760 5612 vio-

575 5713 623 5748 ⁸⁸
661 5712 806 5772 Psal.
841 5733 1013 5772 uqu
1041 5760 1054 5783 ,
1098 5720 1178 5773 l2.
1256 5723 1300 5753 ⁸⁸
1343 5720 1530 5774 Matth.
1571 5735 1659 5774 xv:
1687 5760 1700 5784 ,
1737 5721 1826 5774 94.
1903 5722 1948 5753 "
1993 5723 2112 5779 Ileb‘

2195 5741 2277 5786 st,
2317 5723 2384 5777 ϐε
2447 5721 2492 5751 ⁸³
2534 5703 2712 5773 Galat.
2755 5733 2845 5780 tu,
2888 5717 2964 5772 ll.
3044 5717 3087 5746 "
3133 5715 3295 5772 Hebr.
3336 5734 3426 5781 xx,
3461 5717 3518 5774 L
