4032 6376
291 317 431 379 1537

1322 323 1687 381 EXPOSITIO
1727 324 2024 381 SYMBOLI
2055 322 2476 393 QUiCUNQUE.

3393 310 3532 366 i593

291 439 365 493 let
400 436 540 493 male
584 437 851 505 docendo,
903 451 1063 511 atque
1111 439 1474 511 pr.cdicando,
1534 452 1594 497 ut
1631 444 1678 498 si
1731 458 1851 498 eam
1879 452 1923 503 Α
1955 445 2081 508 lius.
2103 456 2210 498 non
2231 432 2808 496 creaturasicutAri‘us
2825 429 3061 493 dicebat,
3076 425 3202 496 quia
3230 424 3532 482 simulom-

289 541 399 584 non
424 528 749 583 custodierit
780 530 1044 601 integram
1081 541 1132 586 et
1175 533 1515 602 inviolatam,
1537 533 1741 605 absque
1764 535 1864 589 du-
1960 536 2049 589 nia
2074 533 2276 589 creavit
2298 545 2422 585 cum
2444 527 2625 583 Patre.
2656 523 2914 579 Similiter
2935 531 2990 577 et
3015 519 3253 590 Spiritus
3278 520 3527 571 sanctus.

288 616 381 672 bio
409 616 464 671 iu
493 623 697 672 aeterna
734 617 1087 675 damnatione
1119 620 1338 691 peribit.

357 707 413 764 Ξ.
467 706 628 763 Fides
670 719 843 764 autent
877 711 1137 766 catholica
1159 712 1268 767 haec
1286 723 1388 777 est,
1418 722 1476 767 ut
1508 730 1670 767 unum
1697 712 1863 767 Deum

288 799 345 854 iu
378 799 640 855 Trinitate
661 811 710 856 et
740 802 1049 856 Trinitatem
1072 805 1127 857 in
1149 806 1348 858 unitate
1375 821 1689 860 veneremur.
1710 803 1866 860 Nunc

289 889 607 945 manifestat
654 894 786 961 quid
833 902 917 947 est
957 893 1110 959 fides,
1146 896 1226 949 vel
1267 896 1444 962 qualis
1481 905 1585 959 est,
1619 897 1699 952 vel
1727 914 1864 966 qua-

288 981 414 1036 liter
447 983 821 1053 unusquisque
876 984 1099 1040 credere
1136 985 1349 1041 debeat.
1414 984 1481 1039 Ut
1509 1003 1671 1040 unum
1701 986 1867 1041 Deum

287 1073 344 1126 in
375 1069 635 1127 Trinitate
673 1083 725 1127 et
754 1073 1063 1129 Trinitatem
1095 1076 1148 1129 in
1188 1077 1389 1131 unitate
1418 1092 1734 1132 veneremur.
1769 1077 1868 1131 De-

289 1163 482 1220 bemus
533 1163 700 1220 Deum
741 1167 965 1223 credere
1004 1169 1204 1222 trinum
1250 1179 1304 1222 et
1353 1184 1540 1224 unum.
1584 1167 1761 1223 Unum
1812 1168 1869 1223 in

289 1254 621 1321 substantia,
651 1264 706 1312 et
735 1258 937 1312 trinum
970 1258 1023 1311 in
1054 1261 1323 1328 personis.
1367 1257 1477 1314 Nec
1505 1271 1725 1331 prapter
1746 1259 1870 1314 Tri-

288 1345 517 1400 nitatem
552 1346 815 1404 debemus
859 1349 1136 1405 dimittere
1174 1350 1470 1417 unitatem,
1520 1366 1619 1406 nec
1652 1360 1871 1422 propter

288 1436 555 1491 unitatem
588 1438 851 1495 debemus
882 1439 1157 1496 dimittere
1189 1440 1529 1497 Trinitatem.
1587 1441 1654 1497 Ut
1693 1443 1869 1512 ipsum

290 1542 452 1596 quem
487 1527 741 1592 colimus,
788 1530 1084 1595 credimus,
1119 1547 1285 1585 unum
1325 1546 1646 1587 veneremur
1673 1542 1727 1587 et
1770 1532 1871 1586 tri-

287 1634 443 1686 num,
500 1637 667 1677 unum
701 1630 926 1694 propter
963 1626 1231 1678 unitatem
1284 1624 1626 1691 substantiae,
1668 1626 1873 1691 trinum

290 1722 513 1783 propter
550 1728 907 1784 personarum
935 1716 1222 1771 vocabula.
1275 1714 1626 1782 Veneremur,
1668 1717 1721 1772 id
1761 1725 1866 1782 est,

287 1804 599 1861 adoremus.
697 1866 704 1872 _

359 1897 415 1953 4.
444 1897 625 1969 Neque
643 1899 1014 1967 confundentes
1044 1914 1293 1969 personas
1328 1918 1486 1973 neque
1516 1902 1866 1957 substantiam

290 2001 623 2060 separantes.
687 1991 1037 2047 Couluudere
1102 2000 1186 2047 est
1252 1994 1628 2051 commiscere.
1689 1996 1869 2062 Quare

286 2099 397 2138 non
423 2084 683 2138 debemus
713 2093 920 2139 tantum
938 2100 1101 2139 unam
1132 2100 1419 2156 personam
1447 2087 1690 2154 credere,
1724 2089 1867 2144 sicut

288 2175 562 2231 Sabellius
600 2175 886 2231 haereticus
923 2177 1240 2240 asserebat.
1294 2178 1389 2233 sed
1442 2188 1555 2235 tres
1581 2194 1864 2249 personas,

286 2267 502 2323 Patrem
542 2279 595 2324 et
620 2267 818 2322 Filium
870 2276 925 2324 et
976 2268 1240 2339 Spiritum
1269 2278 1544 2325 sanctum.
1578 2269 1687 2325 Nec
1737 2272 1870 2326 sub-

289 2358 551 2412 stantiam
595 2372 873 2427 separare,
899 2366 958 2412 ut
997 2357 1163 2415 Arius
1212 2359 1496 2415 haereticus
1526 2360 1863 2416 afﬁrmabat:

285 2448 505 2504 dicebat
558 2450 703 2503 enim
754 2450 898 2519 quod
952 2450 1096 2505 sicut
1145 2460 1301 2506 erant
1344 2458 1453 2506 tres
1501 2467 1745 2522 personae
1794 2454 1868 2507 ita

287 2538 523 2594 fuissent
551 2547 605 2593 et
651 2549 761 2594 tres
805 2539 1144 2595 substantia.
1194 2538 1406 2596 Patrem
1439 2542 1717 2597 asserebat
1754 2557 1872 2598 mas

284 2631 461 2699 iorem
496 2627 656 2694 Filio,
687 2629 883 2684 Filium
918 2630 1182 2685 minorem
1221 2630 1398 2696 Patre,
1433 2629 1692 2701 Spiritum
1742 2649 1865 2689 san-

288 2730 437 2777 ctum
470 2722 781 2779 ministrum
817 2739 1006 2780 eorum
1039 2724 1270 2780 dicebat.
1318 2720 1633 2777 Substautia
1671 2724 1872 2778 dicitur

288 2827 357 2868 eo
408 2811 555 2883 quod
597 2828 666 2869 ex
703 2816 997 2885 semetipsa
1042 2815 1326 2872 subsistat.
1392 2813 1707 2873 Substautia
1744 2831 1871 2872 vero

289 2920 581 2962 commune
607 2914 692 2962 est
711 2922 907 2962 nomen
932 2907 1173 2961 omnium
1203 2923 1384 2962 rerum
1419 2922 1539 2978 quae
1567 2916 1714 2963 sunt.
1746 2907 1872 2964 Cot-

291 2998 404 3051 lum
437 2997 606 3063 enim,
634 2997 737 3061 sol,
773 2997 922 3058 luna.
949 3005 1114 3062 terra,
1142 2998 1364 3053 arbores
1391 3003 1444 3052 et
1473 2998 1717 3053 homines
1743 2997 1873 3052 sub-

292 3089 510 3144 stantiae
535 3088 812 3145 dicuntur.
850 3089 991 3145 Deus
1024 3089 1187 3159 igitur
1217 3088 1519 3144 substantia
1545 3096 1629 3143 est
1655 3098 1708 3144 et
1743 3089 1864 3144 sub-
1900 3130 1943 3188 ο

292 3181 495 3237 stantia
545 3182 743 3252 prima,
796 3190 850 3236 et
900 3180 1147 3235 omnium
1200 3180 1626 3235 substantiarum
1684 3193 1870 3242 causa,

291 3273 424 3343 quia
440 3272 683 3326 omnium
709 3287 890 3328 rerum
911 3271 1140 3327 Creator
1165 3280 1268 3327 est.
1293 3269 1537 3326 Esseutia
1569 3270 1732 3341 igitur
1748 3284 1875 3340 pro-

294 3364 413 3434 prie
440 3361 509 3418 de
548 3361 658 3417 Deo
684 3363 917 3427 dicitur,
949 3364 1079 3435 quia
1109 3378 1323 3434 semper
1349 3369 1433 3418 est
1464 3362 1608 3432 quod
1648 3368 1745 3431 est
1778 3363 1873 3433 qui

294 3455 766 3510 incommutabilis
805 3464 909 3512 est.
1865 3510 1868 3514 .

366 3548 422 3603 5.
470 3547 593 3602 Alia
638 3556 715 3603 est
755 3548 894 3602 enim
926 3563 1149 3616 persona
1181 3547 1383 3610 Patris,
1421 3547 1530 3601 alia
1565 3544 1714 3609 Filii,
1760 3545 1872 3600 alia

297 3637 532 3707 Spiritus
562 3638 754 3692 sancti.
786 3636 885 3692 llic
918 3647 1106 3693 contra
1139 3636 1431 3692 Sabellium
1463 3644 1591 3692 sunt
1626 3650 1872 3707 persona:

296 3730 511 3794 divisae,
573 3729 667 3801 qui
724 3729 1005 3786 asserebat
1058 3744 1181 3785 esse
1208 3744 1393 3784 unam.
1433 3729 1569 3795 Quia
1609 3725 1770 3782 Pater
1813 3727 1870 3782 in

298 3833 401 3875 sua
429 3831 664 3889 persona
703 3832 804 3872 nec
831 3824 918 3873 est
946 3816 1139 3881 Filius,
1169 3817 1265 3874 sed
1286 3824 1496 3872 tantum
1537 3815 1719 3880 Pater,
1767 3830 1871 3871 nec

297 3911 474 3967 Filius
503 3911 560 3965 in
587 3925 688 3967 sua
719 3923 951 3980 persona
979 3917 1061 3964 est
1086 3906 1267 3972 Pater.
1304 3905 1402 3963 sed
1426 3914 1635 3960 tantum
1674 3903 1866 3968 Filius,

300 4020 404 4062 nec
436 4003 676 4074 Spiritus
709 4010 935 4058 sanctus
976 4003 1032 4056 in
1064 4015 1164 4057 sua
1199 4014 1430 4070 persona
1465 4007 1548 4053 cst
1574 3996 1735 4053 Pater
1766 4011 1869 4052 nec

298 4094 514 4159 Filius,
573 4093 669 4150 sed
718 4100 928 4147 tantum
987 4090 1224 4162 Spiritus
1284 4100 1508 4146 sanctus
1552 4104 1661 4144 :ex
1712 4096 1864 4142 utro-

301 4202 411 4257 que
453 4184 758 4257 procedens
788 4198 1021 4254 persona
1064 4182 1208 4236 dicta
1251 4188 1337 4237 est
1379 4196 1446 4236 eo
1488 4178 1634 4251 quod
1681 4193 1777 4250 per
1806 4193 1867 4234 se

303 4285 578 4425 εοὲῗῐέεά
609 4366 792 4422 Patris
831 4375 880 4420 et
923 4363 1054 4419 Filii
1079 4373 1127 4419 et
1172 4361 1401 4433 Spiritus
1440 4363 1612 4418 sancti
1634 4377 1742 4417 una
1786 4371 1867 4417 est

2032 625 2085 681 9.
2127 623 2421 678 Immensae
2453 619 2639 683 Pater,
2680 619 2966 671 immensus
3008 609 3205 673 Filius,
3239 608 3531 661 immensus

1962 718 2197 787 Spiritus
2242 720 2480 770 sanctus.
2530 711 2868 771 immensus,
2909 705 3037 777 quia
3087 701 3208 772 ejus
3249 699 3529 770 magnitu-

1962 810 2146 866 dinem
2185 809 2272 863 vel
2322 803 2687 877 quantitatem
2734 798 2918 854 nullus
2958 808 3276 851 mensurare
3312 797 3527 862 potest,

1962 901 2092 973 quia
2145 899 2286 954 cmlo
2331 903 2417 952 est
2467 893 2757 954 excelsior,
2805 897 2861 945 et
2908 895 3055 943 terra
3098 881 3421 956 profundior
3470 888 3529 934 et

1964 994 2123 1048 latior
2168 990 2324 1045 mari.
2367 988 2431 1043 Et
2461 995 2546 1042 est
2586 981 3118 1050 incircumscriptus,
3149 977 3530 1045 incorporeus.

1966 1084 2237 1147 inlocalis,
2269 1080 2468 1150 ubique
2515 1084 2689 1140 totus,
2709 1081 2765 1129 et
2805 1087 2916 1128 non
2954 1078 3039 1126 est
3079 1069 3232 1122 locus
3277 1065 3368 1120 ubi
3420 1079 3527 1118 non

1967 1173 2060 1237 sit,
2092 1173 2235 1227 sicut
2268 1169 2401 1224 dicit
2439 1168 2495 1221 in
2536 1164 2753 1219 Psalmo
2787 1180 2800 1216 :
2842 1159 2902 1215 Si
2928 1155 3208 1213 escendero
3234 1154 3288 1207 in
3318 1150 3528 1216 caelum,

1969 1274 2023 1317 tu
2073 1262 2185 1317 illic
2235 1278 2312 1324 es,
2367 1259 2416 1313 si
2464 1253 2777 1310 descendero
2837 1249 2906 1304 ad
2963 1247 3251 1317 infernum,
3292 1241 3418 1297 ades
3458 1241 3527 1297 ".

1968 1354 2036 1409 Et
2067 1354 2113 1410 si
2148 1353 2296 1407 ivero
2333 1349 2401 1404 ad
2439 1357 2680 1404 extrema
2720 1342 2910 1406 maris,
2942 1340 3017 1395 ibi
3057 1353 3143 1403 me
3178 1337 3403 1391 dextera
3434 1341 3531 1387 tua

1966 1446 2191 1503 tenebit.
2224 1442 2342 1513 Ipse
2369 1447 2455 1497 est
2482 1437 2627 1495 enim
2661 1436 2803 1490 intra
2836 1431 3019 1488 omnia
3049 1437 3102 1485 et
3130 1443 3237 1483 non
3261 1426 3526 1482 inclusus.

1967 1546 2120 1595 extra
2167 1536 2349 1591 omnia
2387 1542 2441 1589 et
2478 1546 2589 1586 non
2635 1527 2911 1582 exclusus.
2956 1521 3218 1577 Similiter
3254 1524 3309 1574 et
3358 1513 3533 1569 Filius

1968 1629 2059 1699 qui
2111 1625 2326 1696 attingit
2373 1639 2403 1678 a
2456 1620 2560 1675 fine
2607 1631 2782 1687 usque
2839 1615 2905 1668 ad
2954 1612 3115 1666 finem
3171 1607 3401 1699 fortiter.
3457 1604 3532 1699 De

1968 1694 2076 1792 quo
2126 1694 2390 1787 scriptum
2447 1719 2532 1768 est
2585 1729 2600 1765 :
2670 1706 2836 1763 Verbo
2890 1703 3103 1758 Domini
3154 1699 3270 1753 caeli
3330 1694 3531 1792 ﬁrma-ti

1898 1784 2089 1868 Bs-unt
2142 1810 2205 1863 ⁸⁸.
2240 1784 2393 1861 -Ρθτὶ
2441 1801 2603 1858 modo
2657 1806 2712 1854 et
2768 1796 3006 1867 Spiritus
3070 1798 3329 1853 sanctus,
3386 1784 3532 1840 unde

1964 1903 2166 1959 dicitur
2223 1916 2238 1952 :
2298 1897 2529 1968 Spiritus
2592 1890 2807 1945 Domini
2885 1886 3096 1958 replevit
3178 1880 3353 1935 orbem
3427 1887 3533 1932 ter-

1966 2008 2145 2049 rarum
2201 1992 2269 2044 ⁸ο.

2035 2085 2120 2138 10.
2157 2079 2409 2137 £ternus
2451 2075 2633 2137 Pater,
2666 2081 2895 2128 internus
2929 2067 3125 2128 Filius.
3157 2076 3386 2121 a'ternus
3417 2060 3533 2132 Spi-

1966 2178 2098 2232 ritus
2132 2182 2365 2229 sanctus.
2411 2167 2509 2223 Hic
2540 2174 2802 2221 aeternum
2847 2175 2944 2233 pro
2996 2158 3332 2227 sempiterno
3366 2152 3533 2209 debe-

1966 2283 2088 2324 mus
2137 2264 2459 2333 intelligere.
2515 2257 2779 2314 A‘Zternus
2819 2252 2961 2308 Deus
3000 2250 3223 2314 dicitur;
3241 2248 3368 2318 quia
3412 2246 3532 2302 sine

1966 2358 2125 2415 initio
2169 2364 2223 2411 et
2266 2354 2386 2410 sine
2426 2350 2531 2405 line
2579 2352 2797 2403 constat
2839 2364 2852 2399 :
2902 2341 3153 2399 similiter
3193 2347 3245 2394 et
3277 2336 3447 2392 Filius
3475 2343 3532 2391 et

1970 2450 2205 2522 Spiritus
2254 2453 2501 2502 sanctus.
2556 2439 2709 2494 Sicut
2762 2448 3039 2505 nunquam
3086 2444 3196 2486 non
3245 2427 3408 2484 Pater
3452 2426 3531 2481 ita

1966 2556 2243 2612 nunquam
2279 2553 2386 2593 non
2423 2533 2597 2589 Filius
2621 2548 2685 2587 ac
2716 2527 2956 2601 Spiritus
2980 2531 3224 2581 sanctus.

2038 2632 2126 2686 ll.
2167 2628 2237 2684 Et
2279 2639 2452 2682 tamen
2478 2640 2581 2679 non
2606 2632 2707 2676 tres
2744 2618 2949 2681 aeterni,
2986 2613 3075 2669 sed
3116 2626 3253 2666 unus
3282 2616 3531 2674 attentus,

1969 2725 2021 2780 id
2054 2732 2160 2790 est,
2190 2724 2245 2777 in
2276 2718 2601 2778 substantia.

2042 2817 2128 2872 12.
2170 2815 2318 2872 Sicut
2363 2828 2466 2867 non
2508 2822 2614 2863 tres
2660 2804 2901 2866 increati.
2952 2816 3044 2855 nec
3097 2808 3200 2852 tres
3263 2793 3531 2854 immensi,

1971 2908 2061 2966 sed
2098 2923 2233 2962 unus
2270 2906 2536 2959 increatus
2567 2910 2616 2955 et
2660 2913 2794 2953 unus
2837 2896 3143 2950 immensus.
3185 2886 3324 2954 Quia
3362 2899 3532 2939 unum

1972 3007 2057 3058 est
2079 2999 2135 3053 in
2158 2993 2486 3053 substantia.

2044 3092 2132 3148 15.
2170 3088 2427 3147 Similiter
2479 3084 2802 3151 omnipotens
2839 3077 3021 3138 Pater,
3062 3071 3386 3139 omnipotens
3437 3062 3529 3117 Fi-

1977 3184 2099 3247 lius,
2133 3183 2457 3250 omnipotens
2503 3175 2736 3242 Spiritus
2781 3178 3017 3225 sanctus.
3050 3164 3405 3233 Omnipotens
3448 3156 3533 3250 di-

1974 3276 2117 3331 citur
2159 3246 2319 3329 Pater
2365 3271 2492 3341 quia
2540 3266 2727 3323 omnia
2777 3267 2989 3335 potest,
3039 3272 3148 3312 non
3202 3269 3233 3311 a
3279 3246 3534 3323 patiendo

1973 3362 2118 3435 quod
2152 3376 2260 3418 non
2291 3360 2428 3425 vult,
2475 3356 2569 3412 sed
2616 3370 2648 3409 a
2691 3349 2941 3406 faciendo
2975 3344 3159 3402 omnia
3196 3352 3536 3435 quaecunque

1971 3430 2106 3519 vult,
2149 3453 2275 3525 quia
2317 3449 2456 3506 nihil
2499 3447 2576 3502 illi
2622 3439 2960 3514 impossibile
2992 3443 3078 3492 est
3124 3454 3138 3489 ε
3188 3430 3534 3525 omnipotens

1969 3556 2024 3605 et
2044 3517 2231 3600 Filius.
2262 3537 2535 3609 Quidquid
2564 3541 2742 3607 potest
2765 3531 2945 3595 Pater,
2964 3533 3144 3600 potest
3164 3531 3218 3579 et
3232 3520 3425 3583 Filius,
3449 3517 3534 3570 ni-

1969 3637 2267 3694 hilominus
2292 3641 2346 3689 et
2370 3629 2606 3702 Spiritus
2636 3637 2884 3681 sanctus.

2040 3730 2128 3784 M.
2183 3724 2252 3780 Et
2298 3734 2470 3779 tamen
2512 3736 2617 3774 non
2644 3721 2756 3771 tres
2804 3711 3210 3778 omnipotentes,
3261 3705 3353 3760 sed
3399 3722 3533 3760 unus

1970 3819 2315 3887 omnipotens,
2367 3812 2422 3868 id
2464 3818 2569 3875 est,
2613 3807 2669 3862 in
2700 3800 3029 3861 substantia.
3053 3796 3164 3852 Ista
3189 3795 3408 3850 nomina
3437 3793 3537 3846 Pa-

1970 3908 2070 3964 tris
2093 3885 2149 3962 et
2191 3904 2311 3959 Filii
2347 3910 2401 3958 et
2441 3898 2678 3970 Spiritus
2708 3893 2907 3957 sancti,
2934 3903 3058 3961 quin
3089 3900 3232 3957 saepe
3273 3885 3532 3944 diximus.

1967 3997 2189 4054 relativa
2225 3999 2374 4057 sunt,
2422 3989 2550 4060 quia
2579 3987 2687 4040 alia
2734 3982 2802 4039 ad
2839 3980 2946 4036 alia
2982 3977 3299 4034 referuntur
3335 3992 3349 4042 ;
3391 3974 3536 4029 sicut

1966 4088 2116 4145 verbi
2151 4084 2327 4157 gratia
2361 4093 2563 4136 servus
2583 4075 2650 4131 ad
2684 4072 2990 4133 dominum,
3028 4066 3285 4121 dominus
3321 4061 3390 4157 ad
3417 4077 3535 4157 ser:

1964 4192 2116 4240 vum,
2152 4150 2439 4243 'magister
2491 4166 2560 4221 ad
2620 4161 2954 4231 discipulum
3001 4166 3056 4213 et
3102 4152 3409 4224 discipulus
3465 4150 3533 4205 ad

1965 4268 2283 4339 magistrum
2326 4279 2340 4316 :
2384 4267 2538 4333 pater
2583 4255 2651 4311 ad
2684 4255 2853 4311 lilium
2906 4258 2962 4307 et
3006 4249 3151 4304 ﬁlius
3180 4244 3261 4339 ad
3302 4252 3530 4339 patre-in.

1964 4334 2303 4428 Quiauullus
2346 4365 2500 4425 pater
2532 4349 2756 4413 dicitur,
2794 4344 2900 4401 nisi
2936 4342 3135 4398 habeat
3168 4337 3336 4392 filium
3377 4334 3536 4403 cujus

305 4470 575 4531 diuinitas,
607 4466 825 4538 a'qualis
858 4464 1050 4534 gloria,
1078 4430 1335 4517 cowterna
1362 4461 1611 4531 majestas
1631 4500 1645 4524 ,
1679 4460 1731 4514 id
1759 4467 1863 4521 est,
1896 4469 1942 4529 ι)
1969 4454 2035 4508 sit
2059 4457 2228 4523 pater,
2253 4456 2307 4538 et
2328 4445 2511 4538 nullus
2529 4442 2674 4538 filius
2696 4438 2920 4538 dicitur,
2946 4433 3068 4538 nisi.
3085 4430 3280 4538 habeat
3320 4434 3533 4538 [patrem

305 4559 623 4629 coaequalis,
663 4558 784 4613 sine
829 4555 984 4609 initio
1029 4560 1084 4609 et
1120 4554 1226 4610 line
1253 4592 1270 4619 ,
1314 4560 1368 4608 et
1415 4552 1587 4624 gloria
1624 4558 1675 4607 et
1714 4561 1867 4622 pote-

361 4663 390 4700 3

308 4654 447 4793 δωῗ
473 4734 866 4803 QualisPater,
901 4733 1026 4789 talis
1068 4730 1261 4795 Filius,
1320 4731 1443 4785 talis
1474 4730 1706 4798 Spiritus
1742 4748 1870 4787 san-

307 4839 440 4884 ctus.
477 4827 613 4895 Quia
647 4827 788 4882 sicut
831 4825 989 4880 Pater
1016 4832 1099 4881 est
1125 4832 1363 4879 aeternus
1410 4824 1495 4879 vel
1525 4823 1871 4893 omnipotens

310 4936 405 4975 seu
445 4918 768 4983 invisibilis,
801 4917 1054 4973 similiter
1090 4925 1145 4972 et
1174 4912 1348 4971 Filius
1378 4921 1433 4970 et
1478 4911 1715 4985 Spiritus
1741 4930 1873 4971 san-

311 5019 454 5066 ειυς.

1962 4516 2121 4610 cujus
2175 4536 2317 4593 filius
2375 4534 2467 4591 sit.
2521 4531 2660 4598 Quia
2727 4528 2775 4585 si
2817 4541 2927 4581 non
2978 4521 3266 4577 habuisset
3320 4516 3529 4610 fil-ium,

1964 4605 2243 4703 nunquam
2290 4628 2574 4683 habuisset
2596 4635 2793 4677 nomen
2830 4618 3025 4689 patris.
3069 4610 3331 4703 Similiter
3359 4605 3534 4703 Spi_ri-

1966 4734 2056 4780 tus
2079 4696 2300 4779 sanctus
2328 4735 2441 4775 non
2479 4732 2508 4770 a
2548 4729 2630 4777 se,
2661 4711 2757 4768 sed
2786 4709 3020 4775 alicujus
3049 4713 3131 4761 est
3163 4701 3408 4772 spiritus.
3439 4696 3536 4751 Est

1967 4827 2020 4873 et
2053 4813 2271 4884 aliquod
2298 4809 2626 4865 vocabulum
2667 4804 2760 4859 ubi
2804 4800 3033 4871 spiritus
3070 4795 3291 4850 relative
3311 4789 3532 4851 dicitur.

1968 4881 2239 4979 quomodo
2267 4903 2471 4958 donum
2513 4896 2797 4954 donatoris
2826 4901 2883 4949 et
2912 4892 3145 4946 donator
3179 4884 3331 4941 doni.
3359 4881 3538 4979 Dona-

1972 4972 2141 5054 torem
2198 4994 2323 5050 dico
2369 5006 2492 5047 esse
2535 4988 2777 5050 Patrem,
2824 4985 3029 5040 donum
3084 4993 3216 5035 vero
3269 4972 3534 5042 Spiritum

379 5103 434 5156 8.
494 5100 769 5157 lncreatus
814 5101 1010 5166 Pater,
1066 5099 1328 5153 increatus
1385 5094 1583 5158 Filius,
1614 5096 1876 5149 increatus
1973 5095 2246 5146 sanctum.
2282 5083 2496 5138 Donum
2539 5079 2772 5135 refertur
2801 5076 2868 5130 ad
2896 5074 3235 5166 donatorcltl.
3277 5073 3328 5121 θῑ
3372 5063 3538 5166 δοξιθ·

312 5192 546 5262 Spiritus
574 5193 737 5265 665
760 5203 995 5248 sanctus.
1031 5190 1116 5253 In.
1153 5190 1462 5260 praepositio
1481 5196 1565 5243 est
1588 5188 1644 5242 in
1670 5187 1771 5241 hoc
1794 5186 1872 5240 lo-

312 5299 397 5348 co,
419 5300 534 5354 pro,
560 5302 685 5347 non,
705 5285 901 5355 posita.
925 5282 1207 5338 lncreatus
1229 5281 1409 5347 Pater,
1427 5280 1476 5334 id
1501 5285 1606 5341 est,
1630 5294 1737 5332 non
1762 5292 1876 5331 cre-

313 5382 458 5437 atus,
485 5375 612 5446 quia
633 5375 749 5446 ipse
772 5384 856 5430 est
879 5375 1102 5429 Creator
1127 5369 1392 5434 omnium,
1412 5379 1467 5427 et
1495 5386 1524 5423 a
1550 5370 1699 5425 nullo
1720 5384 1875 5423 crea-

1976 5185 2066 5233 tor
2112 5175 2176 5230 ad
2218 5173 2450 5228 donum.
2496 5168 2639 5224 Ecce
2671 5182 2778 5239 qua
2810 5164 3020 5221 ratione
3051 5158 3287 5231 Spiritus
3312 5159 3537 5210 sanctus

1976 5270 2203 5328 relative
2228 5266 2448 5323 dicitur.

2049 5362 2137 5418 15.
2175 5360 2264 5415 Ita
2312 5357 2448 5412 Deus
2497 5354 2674 5415 Pater,
2709 5350 2844 5404 Deus
2887 5347 3083 5407 Filius.
3128 5341 3264 5397 Deus
3305 5339 3537 5409 Spiritus

313 5471 424 5529 tus:
453 5432 570 5537 ipse
593 5432 680 5523 est
700 5468 939 5521 omnium
956 5465 1151 5520 Factor
1167 5432 1432 5519 etanullo
1450 5458 1876 5517 factuancrea-
1978 5465 2213 5512 sanctus.
2243 5453 2384 5508 Deus
2412 5447 2692 5537 proprium
2723 5456 2921 5498 nomen
2952 5437 3237 5494 Trinitatis
3261 5432 3537 5537 pertinens

316 5523 614 5625 tus'Fi'lius,
635 5559 907 5614 increatus
938 5556 1173 5629 Spiritus
1203 5562 1443 5613 sanctus.
1474 5550 1757 5609 lncreatns
1787 5550 1877 5606 Fi-
1980 5550 2048 5605 ad
2080 5547 2296 5603 Patrem
2323 5552 2377 5602 et
2399 5534 2595 5597 Filium
2622 5544 2676 5595 et
2702 5535 2963 5607 Spiritum
2995 5537 3267 5594 sanctum,
3298 5523 3535 5582 translav

389 5715 432 5748 ³⁷
472 5713 616 5771 Psal.
653 5726 926 5774 cxxxvul.
961 5711 1014 5767 8.
1091 5710 1135 5743 ⁸³
1174 5707 1321 5766 Psal.
1363 5723 1547 5774 xxx",
1582 5707 1633 5761 6.
1709 5706 1754 5738 ”
1793 5703 1923 5776 Sap.
1957 5718 1997 5768 I,
2036 5703 2089 5757 7.
