4032 6376
507 348 646 402 1599

1735 348 2197 407 ATHANASIUS.
2236 381 2307 392 —
2346 349 2616 406 SPL'RlA.

3612 344 3736 399 16ιο

511 470 625 513 tum
653 476 716 514 cr
749 459 932 514 Grznca
977 463 1359 532 appellatione.
1402 464 1533 519 Nam
1579 465 1720 522 Deus
1761 467 1948 522 Graece
1992 468 2075 520 di-
2105 475 2148 531 Α
2179 469 2382 538 placuit
2414 468 2804 538 plenitudinem
2834 465 3135 522 divinitatis
3160 464 3404 520 habitare
3437 463 3737 532 corporali-

510 553 655 604 eitur
689 551 876 616 Theos,
916 552 968 606 id
1016 563 1098 609 est
1150 557 1330 621 timor,
1363 559 1506 613 unde
1535 566 1771 613 tractum
1814 570 1898 616 est
1932 560 2075 616 Deus

509 642 656 712 quod
706 659 828 696 eum
881 645 1188 702 colentibus
1225 651 1296 702 sit
1341 649 1522 703 timor.
1551 649 1836 722 Proprium
1879 665 2076 706 nomen

511 744 596 788 est
633 734 810 797 Pater,
842 737 970 806 quia
1017 739 1169 793 solus
1205 749 1288 794 est
1331 739 1512 808 Pater,
1554 749 1608 797 et
1650 743 1929 813 proprium
1977 757 2077 806 no,-

510 846 633 884 men
677 839 759 884 est
794 829 988 899 Filius,
1019 835 1146 902 quia
1181 837 1330 891 solus
1367 836 1539 894 Filius
1568 846 1653 892 est
1692 854 1722 892 a
1751 840 1868 893 solo
1895 837 2076 901 Patre,

509 930 563 975 et
609 923 888 992 pr0prium
922 941 1118 980 nomen
1165 936 1247 982 est
1288 927 1524 997 Spiritus
1570 939 1809 993 sanctus.
1851 930 1978 1001 quia
2010 931 2079 985 ab

511 1021 743 1084 utroque
769 1019 1032 1085 procedit.
1067 1018 1210 1074 Deus
1227 1029 1308 1074 est
1334 1020 1511 1086 Pater,
1537 1023 1666 1092 quia
1687 1023 1804 1093 ipse
1832 1031 1916 1078 est
1947 1021 2071 1076 fons

509 1113 564 1158 et
603 1106 759 1176 origo
787 1108 1022 1164 deitatis.
1058 1108 1320 1164 Similiter
1350 1110 1519 1167 Filius
1557 1112 1720 1176 Deus,
1761 1113 1867 1168 hoc
1909 1129 2015 1167 non
2049 1127 2078 1165 a

509 1198 802 1268 semetipso
843 1201 970 1268 quia
1019 1217 1124 1255 non
1167 1210 1247 1255 est
1283 1217 1310 1254 a
1347 1217 1426 1266 se,
1459 1203 1552 1257 sed
1593 1219 1623 1258 a
1655 1204 1772 1259 solo
1803 1203 1962 1258 Patre
1994 1213 2079 1258 est

510 1289 746 1357 genitus.
777 1289 900 1344 Pari
941 1292 1102 1346 modo
1133 1303 1185 1347 et
1218 1292 1457 1362 Spiritus
1484 1311 1592 1350 non
1623 1311 1654 1349 a
1684 1311 1743 1351 se
1773 1294 1938 1359 Deus,
1981 1296 2077 1351 sed

511 1394 540 1432 a
565 1377 723 1434 Patre
755 1391 809 1435 et
841 1380 979 1435 Filio
1009 1385 1442 1454 est’procedens.

582 1468 667 1522 16.
723 1468 790 1522 Et
843 1480 1014 1526 tanten
1056 1490 1158 1525 non
1212 1483 1314 1527 tres
1353 1475 1448 1538 dii,
1494 1475 1583 1528 sed
1625 1493 1758 1529 unus
1797 1486 1875 1530 est
1916 1475 2076 1530 Deus.

513 1558 665 1614 Sicut
717 1563 981 1632 scriptum
1019 1575 1101 1618 est
1150 1582 1162 1617 :
1199 1565 1359 1632 Audi,
1411 1565 1604 1632 Israel,
1647 1567 1902 1622 Dominus
1941 1568 2078 1622 Deus

512 1663 635 1706 tuus
679 1652 816 1706 Deus
849 1671 982 1707 unus
1014 1667 1088 1709 est
1120 1656 1187 1708 ’°.

585 1743 671 1797 ΓΙ.
704 1742 793 1796 Ita
821 1743 1077 1799 Dominus
1114 1745 1294 1812 Pater,
1313 1745 1565 1802 Dominus
1601 1747 1794 1813 Filius,
1821 1748 2078 1804 Dominus

2177 569 2282 616 ter.
2329 559 2405 615 De
2449 560 2609 616 Patre
2650 561 2768 615 sine
2815 559 2989 620 initio,
3021 567 3075 612 et
3114 557 3232 613 sine
3279 556 3424 620 ﬁne;
3463 554 3533 610 de
3576 555 3740 613 Matre

2177 654 2390 707 initium
2425 652 2584 706 habet
2611 659 2664 706 et
2695 651 2842 704 nullo
2872 649 3217 706 concluditur
3247 647 3371 702 ﬁne.

2245 744 2334 799 22.
2377 745 2607 812 Spiritus
2639 752 2851 796 sanctus
2887 760 2919 795 a
2950 741 3112 795 Patre
3131 749 3180 794 et
3212 739 3379 804 Filio,
3407 755 3511 792 non
3544 737 3734 807 factus,

2178 853 2268 890 nec
2309 845 2516 889 creatus
2541 875 2556 900 ,
2599 849 2689 886 nec
2733 834 2970 902 genitus,
3020 831 3110 886 sed
3152 829 3454 900 procedens.
3507 827 3736 898 Spiritus

2177 936 2401 985 sanctus
2449 943 2556 981 non
2591 925 2751 980 debet
2794 924 3067 994 ingenitus
3094 924 3177 978 vel
3205 923 3420 992 genitus
3447 919 3578 984 dici,
3615 921 3736 990 quia

2178 1020 2224 1075 si
2274 1020 2544 1090 ingenitus
2582 1017 2854 1071 diceretur
2889 1015 3033 1070 sicut
3073 1013 3250 1080 Pater,
3284 1012 3608 1066 dicerentur
3636 1011 3738 1065 duo

2178 1120 2380 1183 patres.
2428 1111 2485 1164 Si
2519 1110 2756 1179 genitus,
2806 1108 2914 1162 duo
2949 1107 3042 1161 ﬁlii
3089 1105 3348 1160 aestimari
3386 1113 3632 1174 possent.
3685 1103 3740 1156 In

2179 1211 2368 1256 sancta
2415 1199 2680 1252 Trinitate
2723 1197 3000 1267 proprium
3045 1196 3206 1249 habet
3241 1193 3482 1264 Spiritus
3523 1202 3743 1248 sanctus

2178 1296 2306 1364 quia
2339 1309 2448 1346 non
2482 1300 2565 1347 est
2594 1290 2776 1354 Pater,
2825 1304 2924 1343 nec
2968 1286 3162 1350 Filius,
3203 1285 3298 1342 sed
3346 1285 3586 1356 Spiritus
3622 1299 3744 1337 san-

2181 1393 2303 1438 ctus
2342 1391 2396 1438 et
2431 1383 2730 1452 procedens
2761 1396 2790 1434 a
2816 1379 2976 1434 Patre
3007 1389 3059 1433 et
3095 1377 3254 1433 Filio.
3278 1377 3451 1432 Audis
3485 1375 3617 1446 quia
3649 1375 3747 1431 iste

2180 1476 2248 1528 ab
2281 1475 2580 1539 ambobus,
2609 1475 2703 1530 sed
2731 1473 2902 1527 Filius
2947 1471 3014 1525 ab
3044 1485 3172 1534 uno,
3203 1468 3364 1523 Pater
3395 1483 3427 1522 a
3461 1468 3614 1522 nullo
3645 1477 3745 1522 est.

2179 1565 2257 1618 Ac
2315 1580 2409 1634 per
2476 1563 2577 1618 hoc
2629 1564 3076 1618 demonstrantur
3128 1567 3315 1629 aperte
3381 1557 3749 1629 proprietates

2179 1670 2389 1709 eorum.
2440 1653 2562 1708 Ideo
2609 1654 2772 1723 igitur
2810 1652 3049 1722 Spiritus
3079 1649 3174 1706 Dei
3228 1657 3456 1703 sanctus
3499 1655 3744 1710 vocatur,

2181 1748 2304 1816 quia
2339 1746 2516 1800 Patris
2541 1755 2595 1798 et
2641 1744 2761 1799 Filii
2801 1745 3064 1799 sanctitas
3104 1749 3206 1797 est.
3243 1739 3379 1794 Nam
3427 1755 3553 1794 cum
3597 1740 3668 1794 sit
3698 1747 3749 1792 et

515 1832 746 1904 Spiritus
785 1847 1018 1891 sanctus.
1072 1836 1331 1894 Dominus
1376 1838 1578 1894 dicitur
1629 1857 1657 1895 a
1705 1843 2072 1897 dominatione
2109 1828 2148 1882 Β
2178 1838 2338 1892 Pater
2385 1837 2608 1907 spiritus
2659 1847 2712 1892 et
2768 1836 2938 1890 Filius
2990 1834 3241 1904 spiritus,
3301 1841 3358 1886 et
3407 1831 3572 1886 Pater
3627 1845 3749 1886 san—

515 1941 583 1980 eo
614 1927 758 1995 quod
797 1935 1102 1982 creaturam
1152 1946 1305 1983 suam
1348 1929 1678 1996 dominetur,
1722 1942 1874 2004 regat
1921 1942 2081 2004 atque

515 2020 798 2090 gubernet.
843 2019 1108 2074 Similiter
1139 2031 1190 2076 et
1225 2022 1395 2079 Filius
1422 2031 1475 2078 et
1503 2022 1739 2093 Spiritus
1765 2040 2009 2081 sanetus.

588 2111 674 2165 i8.
719 2110 787 2164 Et
846 2120 1018 2165 tamen
1069 2130 1170 2166 non
1225 2124 1328 2167 tres
1375 2115 1612 2181 Domini,
1667 2117 1756 2171 sed
1819 2135 1954 2172 unus
2005 2128 2084 2172 est

515 2200 814 2264 Dominus;
847 2201 900 2254 in
937 2202 1262 2256 substantia.

588 2291 674 2345 19.
729 2293 867 2358 Quia
913 2295 1048 2346 sicut
1094 2295 1404 2364 singillatim
1450 2312 1870 2366 unamquamque
1906 2315 2085 2366 perso-

517 2377 654 2436 nam'
671 2382 837 2436 Deum
868 2401 929 2437 ac
955 2383 1236 2438 Dominum
1273 2388 1510 2455 con/iteri
1537 2386 1844 2443 Christiana
1871 2393 2087 2446 veritate

518 2475 900 2541 compellimur.
944 2474 1296 2546 Singillatim,
1340 2478 1393 2532 id
1435 2488 1540 2542 est,
1579 2480 1835 2537 distincte
1874 2483 1957 2538 vel
2000 2499 2086 2538 εεο

516 2568 766 2636 paratim.
798 2566 872 2622 De
921 2567 1082 2623 Patre
1128 2569 1174 2625 si
1225 2570 1349 2640 quis
1386 2579 1437 2627 te
1492 2573 1926 2643 interrogaverit,
1955 2575 2086 2645 quid

517 2665 602 2712 est
632 2657 685 2710 in
717 2660 985 2727 persona?
1019 2660 1308 2731 responde,
1334 2661 1477 2719 Deus
1505 2672 1558 2717 et
1585 2663 1846 2720 Dominus
1877 2684 1889 2716 :
1915 2667 1962 2720 si
1990 2682 2087 2720 au-

519 2758 627 2803 tem
663 2751 730 2804 de
761 2747 919 2816 Filio,
954 2749 1096 2806 Deus
1123 2762 1176 2806 et
1213 2751 1478 2808 Dominus
1518 2755 1772 2809 similiter
1820 2775 1833 2811 :
1878 2758 1924 2812 si
1957 2773 2086 2813 vero

517 2843 586 2897 de
646 2840 854 2912 Spiritu
919 2853 1146 2907 sancto,
1212 2844 1589 2900 indubitanter
1644 2847 1912 2916 responde
1986 2853 2090 2918 ple-

518 2950 649 2987 num
698 2934 862 2988 Deum
907 2942 961 2988 et
1010 2933 1298 2988 Dominum
1335 2951 1456 2989 eum
1499 2951 1640 2989 esse.
1695 2934 2087 3003 Compellimur,

519 3025 574 3079 id
607 3033 712 3088 est,
757 3027 1006 3094 cogimur
1035 3027 1119 3080 vel
1163 3026 1539 3080 admonemur.
1588 3025 1673 3079 Ita
1710 3035 1810 3080 tres
1846 3027 1967 3080 deos
1998 3037 2091 3081 aut

518 3113 759 3168 dominos
787 3115 958 3169 dicere
982 3114 1238 3168 catholica
1271 3115 1522 3184 religione
1549 3112 1900 3181 prohibentur,
1930 3115 1982 3167 id
2005 3122 2090 3169 est

520 3213 787 3260 vetamur.

592 3295 680 3347 '20.
723 3294 886 3347 Pater
915 3312 946 3346 a
977 3295 1123 3348 nullo
1157 3303 1232 3348 est
1276 3294 1449 3363 {actus
1495 3313 1587 3349 nec
1623 3306 1830 3352 creatus
1869 3315 1961 3352 nec
2006 3316 2092 3369 ge-

522 3383 686 3436 nitus.
716 3381 878 3436 Pater
914 3398 944 3436 a
985 3384 1133 3437 nullo
1174 3392 1258 3439 est
1304 3384 1500 3444 factus.
1529 3387 1655 3455 quia
1701 3387 1818 3456 ipse
1856 3397 1940 3444 est
1973 3405 2090 3443 om-

524 3473 676 3526 nium
727 3473 920 3527 factor.
975 3474 1081 3530 Nec
1120 3483 1356 3541 creatus,
1391 3475 1484 3529 sed
1536 3486 1771 3540 creator,
1813 3495 1912 3533 nec
1942 3482 2093 3550 geni-

525 3573 644 3628 tus,
681 3565 774 3620 sed
807 3568 1039 3636 genitor.
1078 3567 1238 3623 Pater
1266 3568 1410 3623 enim
1451 3567 1635 3624 Graece
1674 3568 1863 3626 Latine
1892 3574 2094 3642 genitor

522 3654 745 3710 dicitur.

596 3749 684 3804 2|.
728 3748 904 3803 Filius
950 3767 982 3802 a
1030 3748 1195 3802 Patre
1254 3751 1366 3804 solo
1426 3762 1524 3812 est,
1590 3769 1693 3806 non
1746 3752 1943 3821 factus,
2004 3770 2093 3808 nec

525 3852 757 3908 creatus,
813 3843 900 3896 sed
942 3843 1164 3912 genitus.
1202 3840 1372 3896 Filius
1420 3858 1451 3896 a
1499 3843 1659 3898 Patre
1705 3844 1823 3899 solo
1862 3851 1946 3900 est
1984 3861 2093 3898 non

528 3933 728 3999 factus,
777 3935 905 4005 quia
959 3936 1074 4004 ipse
1114 3947 1198 3990 est
1250 3936 1496 3989 omnium
1543 3936 1717 3990 factor
1761 3937 1925 3990 simul
1968 3951 2093 3990 cum

526 4025 708 4081 Patre.
748 4027 854 4081 Sed
884 4035 967 4083 est
999 4028 1212 4098 genitus
1255 4026 1407 4081 solus
1440 4043 1470 4080 a
1496 4027 1613 4081 solo
1650 4026 1832 4081 Patre.
1868 4025 1932 4079 Et
1961 4041 2096 4080 una—

527 4135 756 4189 quaeque
801 4135 1034 4190 persona
1071 4121 1230 4175 habet
1266 4123 1569 4191 proprium,
1605 4120 1750 4190 quod
1794 4135 1900 4173 non
1934 4119 2096 4173 habet

529 4210 654 4264 alia.
692 4209 978 4279 Proprium
1023 4211 1184 4264 habet
1217 4210 1270 4263 in
1305 4225 1538 4280 persona
1573 4209 1754 4274 Pater,
1787 4211 1914 4280 quia
1945 4212 2096 4264 solus

528 4301 693 4355 Pater
735 4309 838 4355 est.
879 4300 942 4353 Et
990 4303 1272 4371 proprium
1323 4303 1485 4357 habet
1524 4303 1577 4355 in
1621 4317 1851 4372 persona
1903 4301 2094 4366 Filius,

528 4393 658 4463 quia
687 4393 840 4448 solus
878 4407 907 4444 a
947 4391 1108 4447 Patre
1140 4394 1356 4463 genitus
1395 4402 1498 4449 est.
1555 4393 1657 4447 Sed
1705 4405 1759 4447 et
1803 4395 1967 4448 habet
2001 4397 2098 4449 ali-

528 4484 658 4554 quid
703 4484 982 4554 proprium
1035 4483 1204 4541 Filius
1245 4485 1390 4556 quod
1443 4499 1552 4538 non
1588 4485 1748 4539 habet
1780 4484 1962 4548 Pater,
1997 4503 2096 4541 nec
2130 4506 2172 4560 ι)
2202 4491 2377 4546 nostri
2437 4489 2565 4546 Jesu
2640 4489 2842 4545 Christi

531 4578 770 4648 Spiritus
808 4586 1053 4634 sanctus.
1091 4576 1264 4632 liabet
1301 4577 1660 4632 aaternitatem
1693 4592 1817 4630 cum
1848 4575 2006 4632 Patre
2050 4586 2104 4632 et

532 4668 740 4740 Spiritu
781 4686 838 4724 sa
848 4681 973 4726 ncto

532 4758 596 4812 de
649 4759 834 4824 Matre,
889 4775 1052 4829 quam
1111 4775 1219 4814 non
1276 4760 1435 4814 habet
1481 4758 1662 4823 Pater,
1715 4774 1816 4813 nec
1867 4757 2102 4829 Spiritus

533 4859 777 4906 sanctus.
832 4850 968 4916 Quia
1014 4866 1119 4905 non
1173 4853 1404 4920 suscipit
1444 4849 1607 4905 Pater
1645 4867 1865 4906 carnem
1910 4853 1964 4905 in
2000 4868 2098 4906 sua

533 4958 786 5010 persona,
826 4958 924 4996 nec
957 4943 1194 5013 Spiritus
1245 4954 1490 5006 sanctus,
1522 4945 1616 4998 sed
1655 4953 1864 4998 tantum
1903 4943 2093 5009 Filius,

531 5041 592 5086 ut
645 5035 801 5089 nobis
846 5037 900 5088 in
951 5051 1008 5090 se
1055 5037 1363 5090 ostenderet
1409 5037 1545 5090 duas
1587 5037 1787 5091 habere
1825 5047 2092 5105 naturas;

533 5142 695 5180 unam
731 5137 858 5181 ante
884 5129 1065 5182 omnia
1102 5130 1299 5183 saecula
1331 5145 1435 5198 qua
1465 5131 1680 5199 genitus
1711 5140 1793 5184 est
1826 5145 1892 5184 ex
1923 5129 2101 5198 Patre,

534 5227 587 5272 ct
646 5219 713 5273 de
764 5235 871 5288 qua
923 5219 1054 5273 dicit
1107 5221 1276 5274 Isaias
1331 5239 1343 5274 :
1401 5220 1797 5272 Generationem
1833 5220 1944 5288 ejus
1987 5221 2102 5289 quis

536 5309 808 5362 enarrabit
838 5309 927 5363 °'?
962 5312 1188 5364 alteram
1218 5310 1272 5364 in
1307 5317 1548 5380 tempore
1585 5325 1690 5379 qua
1719 5318 1880 5362 natus
1913 5319 1996 5363 est
2035 5325 2101 5363 ex

539 5399 742 5466 Matre,
773 5403 838 5456 de
866 5417 971 5472 qua
1007 5403 1139 5455 dicit
1170 5402 1371 5457 Paulus
1406 5402 1686 5473 apostolus
1719 5418 1731 5452 :
1761 5399 1893 5454 Cum
1929 5410 2101 5454 autem

541 5494 676 5546 venit
707 5497 977 5564 plenitudo
1022 5497 1475 5565 temporishntjsit
1507 5494 1659 5549 ~Deus
1708 5492 1909 5546 Filium
1950 5510 2103 5546 suum

707 5538 976 5564 ,.............
1022 5538 1270 5565 .-...,.-....
1335 5538 1474 5564 φη...
1518 5538 1658 5549 ..-ην
1708 5538 1730 5545 -
1950 5538 2101 5546 ηπ..-

545 5581 743 5652 factum
777 5601 840 5638 ea:
874 5586 1109 5650 muliere,
1145 5538 1468 5655 {auidius
1494 5584 1599 5654 lege
1627 5583 1695 5646 θ’,
1729 5583 1780 5635 in
1813 5597 1921 5652 quo
1949 5597 2101 5635 como

621 5740 666 5771 “
706 5739 858 5796 Deut.
889 5759 940 5796 vi
968 5782 981 5807 ,
1015 5743 1068 5796 4.
1141 5742 1181 5774 ⁹¹
1217 5741 1318 5798 lsa.
1354 5759 1448 5798 un
1471 5783 1485 5809 ,
1521 5744 1576 5801 8.
1652 5743 1696 5776 "
1726 5740 1900 5800 Galat.
1935 5758 2008 5806 tv,
2041 5744 2092 5798 4.

2182 1944 2304 1986 ctus
2334 1938 2387 1985 et
2423 1929 2590 1985 Filius
2622 1939 2866 1993 sanctus,
2899 1929 3118 1998 preprie
3154 1936 3338 1980 tamen
3373 1934 3606 1980 vocatur
3639 1926 3751 1995 ipse

2185 2021 2424 2092 Spiritus
2454 2029 2702 2076 sanctus.

2254 2117 2344 2172 23.
2391 2115 2537 2170 Unus
2574 2132 2695 2186 ergo
2730 2113 2914 2179 Pater,
2954 2130 3058 2167 non
3101 2127 3204 2168 tres
3249 2121 3457 2182 patres,
3494 2128 3633 2164 unus
3660 2109 3752 2164 1τὶ-

2185 2207 2307 2270 κω,
2365 2223 2468 2260 non
2511 2217 2612 2259 tres
2644 2205 2767 2274 ﬁlii,
2806 2221 2940 2257 unus
2985 2203 3213 2272 Spiritus
3245 2210 3481 2262 sanctus,
3518 2219 3620 2254 non
3652 2210 3751 2254 tres

2183 2300 2400 2367 spiritus
2423 2299 2612 2352 sancti.
2639 2297 2744 2353 Sed
2781 2313 2924 2352 unus
2952 2294 3133 2358 Pater,
3157 2295 3285 2364 quia
3312 2297 3464 2348 solus
3495 2293 3601 2348 sibi
3632 2294 3751 2346 uni-

2184 2406 2309 2444 cum
2381 2391 2567 2460 genuit
2630 2388 2850 2442 Filium.
2902 2385 2968 2440 Et
3019 2403 3160 2440 unus
3208 2384 3402 2446 Filius,
3463 2385 3595 2453 quia
3645 2385 3753 2439 sin-

2184 2479 2448 2549 gulariter
2497 2479 2566 2533 ab
2616 2492 2725 2531 uno
2768 2475 2928 2529 Patre
2978 2477 3192 2544 genitus
3227 2484 3330 2529 est.
3380 2473 3536 2529 Unus
3587 2472 3754 2544 Spiri-

2184 2577 2275 2624 tus
2321 2569 2484 2639 666
2529 2575 2773 2629 sanctus,
2821 2565 2948 2634 quia
2988 2579 3019 2617 a
3063 2562 3226 2618 Patre
3273 2571 3326 2618 et
3375 2563 3518 2618 Filio
3563 2566 3754 2620 unicus

2183 2663 2426 2732 procedit

2253 2753 2344 2807 24.
2387 2753 2456 2806 Et
2505 2753 2557 2807 in
2601 2754 2698 2807 hac
2745 2751 3004 2807 Trinitate
3065 2749 3196 2805 nihil
3243 2749 3392 2818 prius
3443 2757 3538 2800 aut
3583 2755 3755 2815 postc-

2187 2845 2319 2908 rius,
2348 2843 2477 2896 nihil
2513 2843 2686 2911 majus
2726 2851 2816 2895 aut
2857 2842 3050 2895 minus.
3078 2839 3223 2893 Nihil
3250 2839 3402 2908 prius
3449 2845 3547 2889 aut
3590 2845 3758 2906 poste-

2188 2937 2323 2998 rius,
2357 2935 2485 3004 quia
2517 2935 2701 2989 nullus
2745 2933 3019 3002 antiquior
3046 2938 3129 2986 est
3159 2940 3212 2984 et
3251 2931 3435 2983 nullus
3467 2929 3757 2998 posterior,

2189 3028 2373 3082 nullus
2432 3027 2658 3081 inferior
2705 3037 2759 3079 et
2800 3025 2984 3079 nullus
3023 3023 3294 3092 superior.
3338 3019 3440 3074 Sed
3493 3030 3620 3074 totae
3663 3030 3760 3074 tm

2191 3132 2425 3185 persona:
2454 3125 2728 3170 coa'terna'
2759 3114 2859 3168 sibi
2893 3124 3014 3167 sunt
3047 3122 3095 3166 et
3126 3111 3442 3180 com/uales.

2263 3207 2354 3260 25.
2400 3206 2488 3260 Ita
2544 3218 2599 3260 ut
2649 3221 2739 3272 per
2788 3205 2988 3266 omnia,
3035 3204 3171 3256 sicut
3209 3204 3327 3270 jam
3355 3216 3520 3268 supra
3568 3199 3764 3253 dictum

2189 3307 2287 3359 est,
2336 3307 2384 3351 et
2435 3297 2612 3349 unitas
2661 3297 2715 3348 in
2765 3296 3037 3359 Trinitate,
3094 3303 3143 3346 et
3193 3292 3430 3345 Trinitas
3469 3291 3524 3343 in
3569 3292 3767 3344 unitate

2191 3389 2480 3445 veneranda
2501 3390 2589 3443 sit.
2615 3387 2882 3443 Debemus
2911 3389 3088 3442 colere
3107 3397 3161 3440 et
3183 3385 3416 3440 adorare
3442 3383 3768 3439 Trinitatem

2193 3483 2247 3537 in
2275 3481 2504 3543 unitate,
2537 3487 2592 3534 et
2623 3478 2883 3533 unitatem
2917 3478 2970 3531 in
2997 3475 3284 3530 Trinitate.

2258 3572 2349 3626 26.
2392 3570 2496 3638 Qui
2541 3571 2647 3624 vult
2683 3586 2802 3639 ergo
2851 3569 3025 3622 salvus
3075 3583 3208 3628 esse,
3255 3566 3331 3619 ita
3373 3565 3441 3620 de
3488 3563 3753 3618 Trinitate

2193 3665 2403 3718 sentiat.
2444 3661 2545 3715 llic
2585 3668 2737 3732 rogat
2774 3668 2827 3714 et
2861 3660 3114 3713 admonet
3161 3665 3221 3712 ut
3259 3658 3650 3728 unusquisque
3678 3659 3773 3712 do-

2193 3764 2312 3808 ctor
2356 3753 2673 3808 memoriter
2719 3765 2838 3805 eam
2883 3759 3088 3815 teneat,
3125 3757 3180 3804 et
3209 3749 3442 3804 ﬁrmiter
3471 3749 3696 3813 credat,
3720 3756 3773 3803 et

2192 3847 2358 3899 alium
2390 3843 2735 3915 prmdicando
2766 3841 2978 3896 doceat.

2263 3938 2354 3992 27.
2409 3935 2511 3991 Sed
2553 3935 2904 3990 necessarium
2943 3944 3018 3988 est
3059 3934 3128 3987 ad
3164 3943 3418 3988 wternam
3452 3932 3682 3986 salutem
3717 3940 3772 3985 ut

2196 4032 2612 4084 incarnationem
2661 4044 2862 4100 quoque
2916 4026 3129 4080 Domini
3181 4027 3353 4081 nostri
3402 4025 3534 4080 Iesu
3578 4024 3773 4080 Christi

2196 4125 2425 4194 ﬁdeliter
2446 4122 2645 4178 credat.
2683 4121 2920 4178 Necesse
2945 4131 3028 4177 est
3051 4121 3210 4176 nobis
3240 4131 3320 4185 ut,
3347 4123 3490 4175 sicut
3521 4121 3772 4189 superius

2199 4217 2476 4279 diximus;
2506 4217 2579 4269 ita
2637 4213 2946 4268 credamus.
2998 4214 3055 4267 Si
3103 4228 3234 4268 vero
3287 4213 3455 4266 vitam
3516 4219 3772 4265 teternam

2197 4309 2450 4362 volumus
2498 4307 2739 4374 habere,
2787 4305 2842 4359 id
2885 4313 3002 4370 est,
3050 4320 3175 4359 cum
3229 4305 3452 4360 Christo
3510 4305 3633 4359 sine
3676 4303 3774 4356 ﬁne

2200 4415 2459 4469 regnare,
2514 4415 2740 4454 necesse
2805 4405 2890 4452 est
2943 4404 2999 4450 ut
3059 4397 3498 4451 incarnationem
3565 4393 3775 4448 Domini.

2921 4488 3155 4543 ﬁdeliter
3235 4493 3552 4543 credamus.
3632 4485 3774 4550 Quo-

2205 4583 2369 4636 modo
2431 4583 2708 4638 ﬁdeliter?
2760 4581 2877 4636 Non
2940 4582 3294 4652 adoptivum,
3352 4581 3446 4636 sed
3499 4580 3775 4650 proprium

1029 4690 1042 4724 :
1089 4677 1142 4724 et
1185 4671 1348 4724 habet
1393 4671 1447 4724 in
1484 4681 1727 4739 tempore
1761 4668 2102 4723 nativitatem
2204 4672 2297 4728 Dei
2340 4672 2557 4738 Filium,
2606 4673 2748 4726 sicut
2779 4672 2912 4726 dicit
2955 4671 3255 4742 Apostolus
3306 4687 3323 4726 :
3370 4672 3598 4739 Propria
3642 4668 3776 4723 Filio

2202 4782 2297 4818 suo
2336 4783 2437 4819 non
2482 4764 2704 4835 pepercit
2742 4761 2906 4830 Deus,
2953 4763 3042 4818 sed
3081 4779 3175 4832 pro
3207 4764 3358 4820 nobis
3399 4763 3642 4818 omnibus
3676 4771 3781 4814 tra-

2204 4856 2338 4911 didit
2373 4858 2524 4911 illum
2553 4856 2622 4912 ’⁸.

2271 4949 2362 5004 28.
2404 4948 2499 5002 Est
2534 4966 2655 5019 ergo
2685 4949 2815 5019 ﬁdes
2859 4959 3000 5003 recta
3031 4958 3087 5001 ut
3131 4948 3409 5002 credamus
3450 4960 3498 5002 et
3534 4949 3778 5016 conﬁtcao

2202 5055 2339 5104 mur,
2368 5039 2492 5109 quia
2522 5039 2777 5092 Dominus
2807 5049 2980 5092 noster
3006 5039 3162 5092 Jesus
3194 5037 3437 5091 Christus
3467 5037 3568 5091 Dei
3593 5037 3640 5089 Ρ
3645 5039 3774 5097 ilius,

2209 5127 2347 5180 Deus
2389 5136 2437 5180 et
2483 5127 2634 5180 homo
2673 5137 2771 5182 est.
2807 5127 2930 5181 Pari
2965 5127 3128 5181 modo
3161 5125 3384 5180 inchoat
3410 5141 3674 5180 enarrare
3703 5142 3778 5179 se-

2210 5219 2448 5272 cundum
2480 5219 2878 5273 humanitatem
2910 5219 3140 5281 Christi,
3172 5219 3321 5288 quod
3349 5219 3422 5273 sit
3455 5218 3592 5274 lides
3620 5229 3776 5276 recta,

2212 5320 2268 5364 ut
2314 5313 2485 5379 ipsam
2535 5312 2926 5364 humanitatem
2978 5311 3270 5365 credamus
3319 5309 3488 5364 corde
3530 5318 3584 5362 et
3623 5308 3778 5363 conti-

2210 5410 2423 5454 teamur
2457 5418 2572 5465 ore,
2619 5403 2762 5456 sicut
2801 5402 2934 5456 dicit
2981 5401 3273 5470 Apostolus
3307 5417 3320 5452 :
3355 5400 3534 5456 Corde
3563 5400 3778 5454 creditur

2211 5491 2279 5542 ad
2300 5492 2594 5560 justitiam,
2627 5509 2716 5546 ore
2757 5502 2930 5546 autem
2965 5493 3223 5560 confessio
3259 5494 3322 5562 ﬁt
3359 5493 3430 5546 ad
3467 5494 3693 5548 salutem
3717 5488 3776 5540 "-

2213 5581 2355 5637 Deus
2397 5592 2451 5636 et
2488 5582 2648 5636 homo
2687 5597 2828 5638 unus
2853 5595 2953 5638 est.
2997 5582 3091 5637 Est
3113 5598 3278 5638 verus
3314 5583 3411 5641 Dei
3445 5583 3636 5650 Filius,
3662 5596 3712 5656 ιζ·
3734 5581 3778 5633 il

2215 5743 2259 5773 "
2287 5742 2443 5799 Rom.
2474 5759 2592 5810 vm,
2623 5745 2708 5800 51.
2812 5745 2855 5775 ’⁵
2885 5741 3040 5797 Rom.
3070 5759 3123 5808 κ,
3161 5741 3247 5795 10.
