4032 6376
278 329 408 386 1601

1303 327 1667 382 εχρυδιτιυ
1706 325 2000 382 SYMBOLI
2039 325 2464 394 QUlCUNQUE.

3363 332 3384 386 Ι
3397 331 3505 388 602

275 445 572 500 secundum
614 444 949 499 divinitatem
993 447 1126 501 nihil
1177 447 1392 511 minus,
1439 458 1590 501 extra
1633 462 1832 501 secun-
1860 455 1904 509 Α
1937 447 2006 501 sit
2055 461 2239 502 verus.
2301 446 2478 501 Homo
2551 454 2776 516 propter
2830 446 3224 518 suscipientem
3307 447 3502 516 Deum,

226 589 228 592 ,
274 536 402 590 dum
451 536 839 590 humanitatem
881 553 1040 606 quam
1073 537 1214 593 Deus
1245 538 1427 603 Pater,
1469 539 1606 592 nihil
1648 539 1830 592 minus

275 635 430 682 extra
456 636 740 695 peccatum
768 642 928 696 quam
952 628 1132 681 homo.

343 719 412 772 29
472 718 610 772 Deus
660 728 737 772 est
786 735 848 772 ea:
891 719 1184 773 substantia
1239 719 1418 774 Patris
1467 729 1587 773 ante
1638 720 1833 773 srecula

274 811 497 880 genitus,
532 823 577 864 et
610 811 760 865 homo
801 821 876 865 est
912 827 975 864 ea:
1003 812 1297 865 substantia
1338 815 1524 866 matris
1556 813 1607 866 in
1639 813 1831 868 steculo

276 911 452 955 natus.
500 900 640 956 Deus
682 909 764 956 est
815 917 880 955 ex
925 901 1232 955 substantia
1273 900 1472 964 Patris,
1519 902 1572 955 id
1620 909 1724 966 est,
1766 916 1832 955 ex

274 992 583 1062 aequalitate
605 1000 830 1055 naturas,
860 1002 982 1046 ante
1003 993 1195 1047 saecula
1222 993 1455 1063 genitus,
1488 993 1540 1047 id
1572 1002 1676 1055 est,
1708 1001 1833 1046 ante

274 1097 489 1136 omnem
518 1091 822 1136 creaturam
863 1084 1001 1137 sicut
1033 1083 1164 1136 dicit
1192 1084 1247 1137 in
1273 1083 1490 1138 Psalmo
1527 1099 1539 1134 :
1577 1083 1660 1136 Ex
1685 1094 1831 1137 utero

275 1180 395 1224 ante
427 1171 702 1239 luciferum
727 1173 879 1241 genui
919 1182 965 1226 te
995 1174 1061 1224 ”.
1094 1173 1170 1226 Ex
1205 1181 1380 1237 utero,
1407 1173 1460 1227 id
1483 1181 1586 1238 est,
1621 1189 1686 1228 ex
1715 1189 1832 1228 mea

275 1263 622 1330 substantia;
670 1271 794 1318 ante
840 1263 1124 1318 luciferum
1148 1304 1162 1328 ,
1202 1265 1254 1320 id
1291 1277 1409 1328 est,
1452 1272 1577 1320 ante
1615 1278 1830 1320 omnem

275 1365 597 1409 creaturam.
651 1353 719 1406 Et
770 1354 922 1408 homo
971 1364 1048 1409 est
1087 1372 1150 1410 e1:
1199 1357 1499 1412 substantia
1544 1359 1731 1412 matris
1776 1360 1832 1412 in

274 1445 464 1500 sarculo
507 1455 681 1508 natus,
732 1445 788 1499 id
825 1456 930 1507 est,
977 1455 1121 1502 totus
1159 1448 1321 1504 homo
1364 1464 1488 1503 cum
1522 1455 1832 1518 corporeet

274 1534 476 1599 anima,
508 1535 563 1588 in
593 1535 776 1588 omnia
809 1535 965 1590 nobis
992 1536 1204 1601 similis,
1229 1539 1434 1608 absque
1468 1548 1708 1609 peccato.
1751 1538 1831 1592 Ex

275 1625 580 1681 substantia
631 1627 849 1694 matris,
893 1628 944 1682 id
991 1638 1094 1690 est,
1146 1629 1213 1683 de
1262 1631 1571 1699 :equalitate
1621 1641 1831 1687 naturae

275 1719 466 1772 matris
493 1719 546 1772 in
579 1720 776 1774 saeculo
807 1728 986 1787 natus,
1031 1721 1083 1774 id
1111 1728 1212 1785 est,
1245 1721 1298 1776 in
1340 1723 1424 1777 his
1469 1725 1824 1793 temporibus.

274 1808 389 1864 Non
417 1811 637 1865 aliunde
666 1812 771 1865 nisi
796 1813 862 1866 de
885 1814 1090 1867 semine
1125 1813 1369 1868 mulieris
1407 1815 1524 1870 sine
1558 1817 1702 1871 coitu
1727 1817 1829 1870 viri

273 1918 493 1957 carnem
537 1903 796 1972 suscepit.
832 1901 982 1958 Unde
1011 1901 1267 1958 Salomon
1302 1920 1314 1956 :
1356 1905 1629 1975 Sapientia
1663 1908 1832 1977 (ediﬁ-

271 1995 407 2048 cavit
463 1992 561 2047 sibi
595 1993 805 2046 domum
843 1995 910 2059 “,
955 1995 1056 2050 hoc
1099 2003 1202 2059 est,
1247 1995 1531 2050 aediﬁcavit
1580 1996 1829 2054 Christus

273 2088 379 2142 sibi
429 2103 646 2141 carnem
678 2088 745 2143 de
787 2088 942 2142 beata
993 2089 1180 2154 Maria,
1216 2091 1282 2146 de
1315 2107 1420 2162 qua
1461 2092 1696 2162 legitur:
1728 2093 1832 2160 Qui

272 2179 444 2247 factus
467 2187 543 2231 est
561 2179 609 2232 ei
630 2194 692 2232 ea:
715 2180 906 2234 semine
928 2179 1098 2234 David
1123 2182 1404 2236 secundum
1429 2199 1638 2237 carnem
1673 2185 1739 2240 ⁸⁷.

343 2271 431 2325 '50.
482 2271 754 2340 Perfectus
811 2273 982 2335 Deus,
1022 2274 1280 2342 perfectus
1330 2274 1506 2339 homo,
1549 2292 1612 2330 ex
1651 2278 1830 2331 anima

273 2360 528 2414 rationali
582 2371 634 2415 et
689 2362 920 2417 humana
972 2381 1128 2418 carne
1193 2364 1503 2421 subsistens.
1561 2366 1828 2437 Perfectus

272 2451 438 2516 Deus,
469 2452 521 2506 id
554 2460 660 2518 est,
685 2455 897 2524 plenus,
926 2459 1052 2525 quia
1092 2457 1227 2510 nihil
1264 2459 1512 2527 indiguit.
1552 2457 1830 2516 Perfectus

273 2543 458 2608 homo,
499 2544 625 2614 quia
671 2545 805 2599 nihil
853 2547 1032 2602 minus
1082 2547 1266 2601 habuit
1319 2557 1470 2603 extra
1523 2561 1827 2620 peceatum,

271 2648 435 2702 quam
486 2633 664 2690 homo.
715 2634 800 2688 Ea:
841 2638 1018 2691 anima
1052 2639 1322 2692 rationali.
1360 2640 1610 2695 Christus
1649 2657 1830 2696 veram

271 2725 511 2778 animam
549 2725 732 2779 habuit
765 2728 907 2782 unde
952 2727 1228 2798 Sapientia
1261 2744 1510 2786 crescere
1540 2732 1828 2802 potuisset,

270 2820 413 2873 sicut
461 2817 592 2872 dicit
633 2820 687 2873 in
734 2818 1024 2892 Evangelio
1069 2841 1081 2876 :
1118 2821 1272 2877 Jesus
1317 2834 1490 2877 autent
1529 2826 1832 2895 proﬁciebat

269 2911 534 2981 sapientia
565 2919 612 2964 et
639 2921 792 2965 wtate
821 2913 887 2966 ’⁸.
924 2913 1202 2980 Sapientia
1243 2915 1298 2968 in
1347 2918 1550 2978 anima,
1585 2925 1638 2972 et
1676 2925 1834 2972 aetate

271 3004 327 3058 in
378 3019 627 3074 corpore.
689 3003 755 3056 Et
817 3003 1048 3058 humana
1104 3022 1260 3060 carne
1324 3007 1629 3063 subsistens.
1696 3008 1832 3074 Quia

270 3096 472 3150 humus
532 3106 675 3151 terra
722 3096 944 3161 dicitur,
998 3095 1064 3152 de
1097 3097 1431 3154 humanitate
1483 3115 1703 3156 carnem
1743 3117 1902 3191 as-c

267 3188 526 3258 sumpsit.

339 3281 430 3335 51.
471 3279 720 3350 Equalis
772 3279 927 3334 Patri
965 3282 1257 3365 secundum.
1289 3281 1639 3349 divinitatem,
1661 3286 1832 3339 minor

268 3371 437 3426 Patre
460 3371 743 3426 secundum
773 3373 1172 3428 humanitatem.
1191 3373 1438 3446 ZEqualis
1468 3375 1622 3430 Patri
1649 3395 1831 3432 secuit-

267 3465 398 3518 dum
441 3463 770 3518 divinitatem
825 3467 1122 3522 secundum
1173 3465 1305 3521 illud
1361 3486 1374 3522 :
1421 3467 1532 3539 Ego
1569 3479 1618 3523 et
1671 3469 1832 3524 Pater

266 3571 650 3627 unumsumus.
672 3554 848 3610 Minor
868 3555 1029 3610 Patre
1050 3559 1331 3611 secundum
1353 3558 1734 3615 humanitatem
1755 3563 1824 3627 ”,

265 3648 424 3715 juxta
475 3648 620 3717 quod
661 3647 794 3702 dicit
843 3664 856 3699 :
897 3647 1060 3702 Pater
1105 3650 1276 3718 major
1307 3667 1385 3704 me
1423 3662 1500 3706 est
1546 3654 1583 3705 ³.
1624 3654 1682 3708 In
1723 3668 1832 3725 quo

269 3741 436 3798 homo
463 3745 548 3794 est
577 3739 754 3795 minor
777 3755 807 3792 a
834 3739 1135 3795 divinitate.

339 3833 431 3889 52.
474 3832 580 3899 Qui
619 3833 734 3886 licet
771 3832 911 3886 Deus
945 3833 1012 3886 sit
1055 3840 1105 3887 et
1147 3833 1322 3898 homo,
1354 3851 1456 3887 non
1488 3835 1592 3888 duo
1637 3845 1828 3902 tamen,

269 3924 360 3978 sed
395 3939 529 3977 unus
559 3933 637 3977 est
674 3922 936 3978 Christus.
969 3922 1094 3978 Ideo
1138 3925 1217 3979 sic
1251 3925 1509 3995 conjungi
1545 3926 1713 3979 voluit
1740 3925 1831 3980 Dei

269 4015 444 4070 Filius
469 4029 592 4068 cum
629 4015 864 4067 humana
898 4022 1113 4080 natura,
1151 4022 1210 4068 ut
1244 4029 1311 4069 ex
1350 4014 1436 4069 his
1466 4015 1678 4070 duabus
1702 4015 1833 4070 sub-

270 4105 492 4162 stantiis
527 4104 677 4160 fieret
705 4120 810 4159 una
842 4119 1092 4175 persona.

337 4195 428 4250 '55.
474 4191 618 4247 Unus
677 4203 850 4246 autem
903 4210 1003 4246 non
1053 4195 1382 4249 conversione
1434 4194 1728 4250 divinitatis
1777 4198 1832 4248 in

268 4299 482 4337 carnem
503 4322 518 4347 ,
550 4281 640 4336 sed
672 4283 1026 4350 assumptione
1055 4282 1398 4338 humanitatis
1441 4287 1493 4338 in
1544 4285 1671 4342 Deo.
1713 4284 1832 4340 Non

269 4375 417 4446 quod
459 4375 551 4429 illa
587 4375 844 4429 divinitas
886 4391 1008 4444 qua:
1055 4385 1138 4430 est
1170 4373 1342 4430 Filius
1373 4375 1465 4431 Dei
1511 4393 1570 4432 se
1613 4392 1836 4432 conver-

1935 540 2075 595 Deus
2118 557 2300 604 verus,
2345 540 2489 596 Deus
2533 539 2627 594 Dei
2666 538 2874 606 Filius;
2918 548 3141 610 prepter
3187 552 3504 612 susceptum

1931 631 2240 696 hominem,
2277 633 2438 687 homo
2473 647 2654 686 verus.
2687 630 2983 687 Personam
3011 633 3211 702 quippe
3245 632 3367 688 Filii
3408 633 3504 690 Dei

1930 738 2040 776 non
2067 738 2130 776 ex
2156 723 2368 777 duabus
2394 724 2644 793 personis
2671 723 2902 789 unitam,
2933 724 3028 778 sed
3062 739 3130 778 ex
3165 724 3379 780 duabus
3412 741 3497 780 na-

1932 815 2068 870 turis
2109 817 2371 871 exsistere
2397 815 2694 879 credimus,
2724 813 2793 869 de
2823 817 3037 872 duabus
3068 820 3318 887 personis
3352 835 3505 875 com-

1930 907 2160 974 positam
2193 906 2436 967 credere,
2468 915 2527 959 ut
2553 905 2706 960 nefas
2737 915 2985 961 velamus

2001 997 2089 1053 35.
2128 995 2270 1051 Nam
2313 999 2448 1052 sicut
2478 999 2660 1052 anima
2695 999 2978 1052 rationalis
3016 1009 3064 1053 et
3107 1015 3229 1053 caro
3257 1017 3396 1056 unus
3423 1008 3504 1055 est

1931 1086 2106 1147 homo,
2140 1088 2216 1140 ita
2260 1086 2400 1142 Deus
2446 1097 2497 1142 et
2540 1089 2694 1141 homo
2732 1103 2870 1142 unus
2914 1097 2991 1141 est
3035 1087 3297 1144 Christus.
3349 1089 3505 1145 Sicut

1929 1180 2072 1230 enim
2109 1192 2174 1232 ex
2209 1192 2376 1232 carne
2401 1187 2456 1232 et
2499 1177 2678 1231 anima
2724 1194 2895 1232 unum
2933 1177 3168 1234 dicimus
3201 1179 3502 1246 hominem,

1929 1280 1983 1324 et
2027 1270 2404 1339 unusquisque
2442 1270 2606 1324 habet
2648 1271 2786 1324 duos
2827 1271 3079 1326 homines
3113 1272 3167 1324 in
3211 1287 3291 1338 se,
3331 1288 3502 1326 unum

1930 1361 2227 1422 carnalem,
2249 1361 2412 1413 alium
2443 1360 2765 1429 spiritalem,
2798 1377 2965 1415 unum
3001 1361 3295 1426 visibilem,
3330 1364 3503 1417 alium

1929 1449 2278 1512 invisibilem,
2320 1464 2488 1501 unum
2537 1451 2848 1514 mortalem,
2895 1451 3062 1504 alittm
3113 1451 3498 1519 immortalem,

1929 1540 2003 1593 ita
2033 1539 2173 1594 Deus
2200 1549 2252 1595 et
2287 1540 2448 1595 homo
2481 1556 2625 1596 unus
2657 1548 2745 1596 est
2775 1540 3048 1596 Christus.

1998 1633 2087 1687 56.
2132 1632 2236 1698 Qui
2275 1649 2465 1702 passus
2507 1643 2583 1688 est
2625 1648 2720 1701 pro
2768 1633 2940 1686 salute
2985 1644 3190 1694 nostra,
3233 1635 3501 1689 descendit

1932 1724 2001 1777 ad
2029 1725 2247 1794 inferos,
2292 1725 2450 1779 tertia
2495 1725 2580 1778 die
2619 1726 2908 1779 resurrexit
2945 1742 2976 1778 a
3012 1727 3253 1779 mortuis.
3284 1726 3342 1780 ln
3393 1742 3500 1796 quo

1929 1816 2168 1884 passus?
2213 1816 2267 1869 in
2312 1832 2422 1886 quo
2470 1815 2777 1882 videbatur,
2814 1816 2872 1869 in
2915 1831 3024 1885 quo
3069 1816 3233 1870 homo
3281 1824 3417 1878 erat,
3443 1817 3500 1870 in

1929 1922 2037 1977 quo
2074 1906 2389 1974 crucillxus,
2425 1909 2478 1962 in
2519 1923 2628 1978 quo
2670 1914 2944 1972 mortuus,
2977 1907 3031 1961 in
3072 1923 3182 1977 quo
3228 1909 3496 1977 sepultus,

1929 2001 1984 2055 in
2023 2015 2131 2070 quo
2172 2001 2490 2055 resurrexit.
2527 1998 2664 2064 Quia
2695 1997 2956 2052 divinitas
2997 1998 3354 2066 impassibilis
3390 2005 3498 2063 est,

1930 2090 2024 2144 sed
2079 2091 2133 2144 in
2187 2089 2576 2159 conjunctione
2621 2104 2871 2160 personae
2927 2087 3100 2144 Filius
3147 2088 3241 2142 Dei
3296 2089 3500 2143 dicitur

1927 2197 2144 2250 passus.
2194 2181 2471 2236 Descendit
2524 2181 2593 2235 ad
2640 2182 2860 2250 inferos,
2903 2180 2955 2234 id
2996 2189 3099 2244 est,
3141 2180 3320 2232 anima
3370 2195 3496 2234 cum

1930 2271 2127 2337 Verbo,
2179 2273 2304 2342 quia
2357 2272 2673 2342 priusquam
2726 2270 3038 2323 humanitas
3081 2273 3362 2336 assumpta
3413 2277 3499 2323 est

1930 2379 1959 2416 a
1996 2365 2300 2427 divinitate,
2346 2379 2456 2417 non
2493 2371 2577 2419 est
2617 2371 2868 2430 separata
2919 2375 2950 2414 a
2997 2358 3198 2426 Verbo,
3232 2360 3328 2414 sed
3376 2359 3496 2428 ipsa

1930 2455 2108 2508 animo
2143 2470 2173 2507 a
2217 2470 2445 2524 corpore
2475 2465 2722 2524 separata
2766 2459 2869 2508 est.
2915 2451 3056 2518 Quia
3094 2453 3138 2506 si
3194 2467 3304 2506 non
3349 2459 3498 2508 esset

1930 2554 2203 2615 separata,
2259 2562 2366 2600 non
2403 2553 2588 2614 posset
2642 2545 2800 2599 mori.
2840 2543 2905 2596 Et
2943 2544 3046 2598 iste
3089 2544 3387 2598 descensus
3429 2543 3495 2596 ad

1931 2637 2099 2691 solam
2132 2636 2365 2689 animam
2400 2635 2650 2706 pertinet.
2685 2633 2858 2688 Tertia
2887 2633 2970 2688 die
2993 2637 3280 2688 resurrexit
3301 2651 3331 2686 a
3355 2651 3498 2688 mor-

1931 2729 2055 2794 tuis,
2099 2738 2156 2783 ttt
2205 2729 2359 2782 nobis
2391 2727 2691 2797 exemplum
2726 2726 3140 2780 resurrectionis
3183 2727 3496 2780 ostenderet

1931 2819 2073 2873 sicut
2122 2819 2381 2888 prepheta
2419 2819 2495 2871 ait
2537 2837 2551 2872 :
2601 2817 2726 2871 Post
2758 2816 2890 2870 duos
2939 2815 3048 2869 dies
3084 2816 3358 2868 suscitabit
3400 2831 3494 2869 nos

1930 2919 1979 2964 et
2025 2911 2176 2965 tertia
2204 2909 2287 2964 die
2316 2926 2666 2980 resurgemus,
2706 2918 2754 2962 et
2799 2909 2852 2961 in
2898 2916 3174 2976 conspectu
3214 2907 3326 2975 ejus
3363 2907 3496 2960 vive-

1932 3019 2046 3056 mus
2079 3005 2121 3057 ’.

2002 3091 2090 3146 37.
2124 3089 2371 3145 Ascendit
2410 3089 2478 3142 ad
2524 3090 2700 3153 caelos,
2741 3088 2880 3142 sedet
2919 3085 2987 3140 ad
3029 3087 3295 3140 dexteram
3327 3087 3497 3138 omni-

1931 3185 2193 3254 potentis,
2240 3181 2360 3236 inde
2395 3191 2638 3236 venturus
2675 3190 2752 3234 est
2795 3179 3038 3249 judicare
3082 3180 3220 3232 vivos
3259 3189 3308 3232 et
3350 3194 3495 3230 mor-

1932 3284 2070 3329 tuos.
2113 3274 2375 3329 Ascendit
2419 3273 2486 3326 ad
2526 3273 2697 3327 caelos
2738 3272 2854 3340 ipsa
2892 3269 3206 3323 humanitas
3238 3283 3358 3338 quae
3396 3266 3498 3322 fuit

1931 3384 2116 3440 passa,
2157 3369 2299 3422 sicut
2347 3365 2523 3436 angeli
2567 3365 2821 3419 dixerunt
2871 3382 2884 3418 :
2943 3361 3054 3415 Viri
3098 3360 3328 3426 Galilazi,
3372 3360 3498 3431 quid

1930 3461 2085 3514 statis
2139 3459 2446 3528 aspicientes
2504 3457 2558 3509 in
2609 3454 2836 3508 ctelum?
2888 3453 2991 3507 llic
3048 3452 3206 3507 Jesus
3266 3453 3356 3522 qui
3409 3469 3500 3506 as-

1931 3565 2168 3622 sumptus
2210 3561 2285 3606 est
2333 3569 2365 3604 a
2406 3550 2545 3605 vobis
2588 3550 2641 3602 in
2681 3551 2864 3602 carlum
2907 3549 2984 3601 sic
3032 3549 3214 3605 veniet,
3246 3546 3500 3616 quemad-

1932 3646 2143 3699 modum
2213 3643 2414 3697 vidistis
2479 3657 2595 3695 eum
2651 3647 2855 3693 euntem
2908 3638 2962 3691 in
3012 3639 3194 3690 caelum
3246 3637 3288 3690 ³.
3357 3636 3498 3702 Quia

1932 3735 2232 3793 secundum
2270 3733 2610 3788 divinitatem
2645 3731 2711 3784 ad
2742 3730 2951 3784 nullum
2984 3737 3161 3798 potest
3200 3733 3500 3783 ascendere

1932 3830 2132 3893 locum,
2185 3826 2280 3881 sed
2328 3825 2527 3894 ubique
2572 3833 2717 3879 totus
2757 3829 2859 3877 est.
2915 3820 3066 3874 Sedet
3118 3821 3186 3872 ad
3226 3818 3498 3872 dexteram

1932 3921 2026 3976 Dei
2057 3919 2237 3973 Patris
2277 3917 2662 3985 omnipotentis.
2699 3915 2980 3970 Dexteram
3027 3920 3206 3967 autem
3251 3910 3346 3967 Dei
3388 3927 3498 3966 non

1931 4013 2234 4075 carnalem,
2266 4025 2374 4064 non
2426 4009 2795 4080 corporalem,
2843 4007 2985 4060 sicut
3044 4006 3278 4058 humana
3329 4003 3495 4057 habet

1931 4115 2148 4168 natura,
2173 4103 2268 4159 sed
2299 4104 2352 4157 in
2379 4103 2480 4157 hoc
2504 4117 2601 4171 pro
2622 4101 2791 4172 gloria
2823 4099 2916 4154 Dei
2945 4099 3197 4153 convenit
3227 4097 3492 4166 accipere.

1931 4203 2010 4253 Ac
2046 4198 2091 4253 si
2137 4206 2318 4266 aperte
2346 4195 2490 4249 dicat
2527 4212 2540 4247 :
2571 4201 2760 4262 regnat
2797 4192 2851 4244 in
2887 4191 3056 4261 gloria
3088 4189 3201 4251 Dei,
3228 4196 3281 4243 et
3309 4188 3499 4242 sedere

1933 4307 2030 4362 pro
2062 4304 2293 4360 regnare
2318 4286 2537 4342 dicitur.
2566 4286 2700 4340 Inde
2724 4294 2964 4340 venturus
2993 4291 3070 4337 est
3091 4281 3337 4351 judicare
3360 4280 3497 4334 vivos

1933 4392 1983 4436 et
2028 4389 2283 4435 mortuos.
2329 4378 2603 4434 Venturus
2635 4384 2718 4432 est
2758 4376 2811 4428 in
2855 4375 3042 4429 eadem
3088 4373 3262 4426 forma
3297 4373 3350 4426 in
3392 4387 3499 4440 qua

269 4467 428 4520 tisset
461 4465 518 4519 in
553 4465 962 4528 humanitatem,
1004 4472 1064 4518 ut
1093 4465 1238 4535 quod
1273 4476 1387 4521 erat
1426 4466 1688 4530 divinum,
1729 4467 1834 4522 hoc
1866 4471 1908 4524 D
1937 4473 2254 4536 cruciﬁxus,
2285 4473 2338 4526 in
2374 4482 2481 4542 qua
2509 4477 2778 4535 mortuus,
2807 4469 2860 4522 in
2895 4483 3002 4537 qua
3038 4466 3280 4535 sepultus
3316 4472 3417 4527 est,
3444 4463 3501 4516 in

269 4558 425 4613 ﬁeret
462 4557 798 4622 humanum;
835 4557 928 4610 sed
957 4557 1282 4613 assumendo
1310 4567 1556 4612 naturam
1589 4567 1833 4612 nostram

269 4651 351 4706 sic
388 4657 472 4706 est
522 4665 668 4704 unus
699 4648 944 4713 eﬂ‘ectus,
990 4655 1049 4701 ut
1085 4664 1192 4702 non
1227 4652 1495 4704 amitteret
1531 4650 1674 4720 quod
1696 4658 1832 4714 erat,

270 4738 367 4794 sed
400 4747 700 4794 assumeret
721 4736 867 4806 quod
894 4750 1002 4789 non
1034 4743 1171 4790 erat.
1193 4737 1504 4806 Assumpsit
1535 4737 1838 4791 humanita-

271 4841 402 4893 tem,
434 4837 490 4884 et
516 4845 624 4884 non
651 4828 833 4883 amisit
860 4827 1219 4883 divinitatem.

337 4923 428 4978 54.
476 4921 620 4976 Unus
661 4924 872 4977 omnino
903 4939 1005 4976 non
1035 4922 1336 4990 confusione
1366 4922 1698 4985 substantiae,
1740 4921 1829 4976 sed

271 5017 472 5069 unitate
499 5030 755 5083 persona.
787 5013 905 5069 Non
937 5016 990 5069 in
1023 5031 1088 5069 eo
1131 5023 1339 5068 natura:
1381 5016 1688 5069 commistio
1723 5023 1829 5082 est,

272 5119 330 5164 ut
362 5110 448 5164 vel
479 5110 738 5163 divinitas
768 5115 1067 5162 mutaretur
1094 5107 1147 5161 in
1171 5116 1420 5160 naturam
1450 5107 1851 5180 humanitatis,_

267 5198 352 5252 Vel
379 5197 693 5252 humanitas
721 5204 1128 5253 converteretur
1158 5196 1212 5250 in
1239 5205 1486 5250 naturam
1505 5197 1828 5263 divinitatis,

270 5289 363 5342 sed
390 5289 606 5358 utrique
632 5296 839 5343 natura:
862 5296 1042 5342 manet
1074 5288 1374 5358 preprietas
1403 5287 1456 5340 in
1486 5298 1826 5358 perpetuum.

272 5378 444 5435 Tanta
487 5389 668 5434 tamen
709 5380 1022 5449 conjunctio
1066 5387 1150 5434 est
1194 5389 1535 5444 naturarum,
1583 5387 1643 5432 ut
1689 5379 1832 5432 idem

272 5471 363 5540 qui
403 5471 737 5526 seternaliter
774 5487 839 5526 ex
884 5470 994 5527 Deo
1048 5469 1207 5526 Patre
1255 5470 1470 5542 genitus
1521 5478 1622 5538 est,
1673 5469 1834 5524 homo

346 5674 388 5704 ³⁸
423 5672 562 5730 Psal.
597 5672 774 5734 01,4.
839 5673 884 5705 "
917 5675 1071 5729 l’rov.
1107 5691 1180 5740 Ix,
1210 5675 1258 5730 Ι.

275 5756 348 5808 vr,
375 5743 429 5798 3.
527 5743 546 5774 ³
577 5745 697 5799 Act.
731 5759 771 5806 ι,
805 5744 888 5799 ll.

1345 5675 1388 5706 "’
1424 5673 1575 5730 Rom.
1610 5689 1647 5740 t,
1671 5673 1722 5729 '5.
1792 5677 1837 5711 ’⁸
1867 5677 2000 5734 Luc.
2032 5694 2092 5745 ll,
2123 5677 2212 5735 52.
2287 5679 2332 5712 ’θ
2361 5676 2517 5736 Joan.
2553 5693 2606 5743 κ,
2636 5676 2723 5732 50.
2792 5675 2804 5706 ¹
2832 5672 2990 5728 Jnan.
3027 5689 3135 5734 Xl‘v'.
3167 5670 3259 5726 9-3-

1938 4575 2044 4630 qua
2081 4559 2404 4623 resurrexit,
2443 4573 2550 4612 non
2588 4557 2641 4610 in
2679 4571 2740 4610 ea
2787 4563 2999 4608 tantum
3045 4553 3382 4607 humanitate
3439 4550 3498 4602 in

1936 4667 2043 4721 qua
2065 4662 2222 4707 antea
2251 4650 2372 4709 luit,
2399 4648 2492 4704 sed
2515 4650 2568 4702 in
2599 4647 2768 4717 gloria
2793 4657 2843 4699 et
2874 4645 3175 4713 majestate.
3207 4642 3268 4694 Et
3296 4641 3417 4696 ideo
3441 4642 3498 4696 in

1935 4743 2124 4798 eadem
2161 4743 2358 4803 forma,
2391 4747 2449 4792 ut
2471 4738 2647 4792 videat
2669 4736 2910 4790 Herodes
2932 4747 2983 4789 et
2999 4733 3205 4789 Pilatus
3231 4749 3389 4802 quem
3408 4733 3502 4803 ju-

1937 4835 2277 4895 dicaverunt,
2313 4842 2363 4887 et
2392 4831 2612 4885 videant
2641 4827 2812 4883 Judaei
2855 4843 3014 4899 quem
3046 4827 3406 4888 tradiderunt,
3441 4835 3502 4880 ut

1939 4926 2158 4979 videant
2190 4925 2388 4978 milites
2415 4937 2576 4992 quem
2603 4920 3012 4982 cruciﬁxerunt,
3037 4926 3096 4971 ut
3139 4917 3358 4972 videant
3398 4917 3502 4968 im-

1938 5016 2011 5086 pii
2056 5030 2216 5084 quem
2263 5019 2613 5082 negaverunt.
2664 5011 2838 5072 Vivos,
2885 5023 3023 5078 quos
3065 5007 3183 5076 ejus
3233 5007 3502 5060 adventus

1939 5108 2205 5162 invenerit
2237 5107 2289 5159 in
2323 5119 2551 5174 corpore
2577 5103 2840 5157 viventes.
2873 5100 3111 5154 Mortuos
3131 5139 3145 5162 ,
3178 5099 3268 5168 qui
3299 5098 3503 5152 mortui

1939 5207 2098 5254 erunt
2137 5199 2204 5252 ab
2254 5198 2410 5251 initio
2458 5210 2629 5265 usque
2671 5195 2725 5248 in
2764 5193 2914 5246 illum
2961 5193 3127 5246 diem.
3175 5187 3276 5244 Vel
3321 5188 3502 5242 aliter.

1938 5287 2127 5356 Vives,
2150 5289 2202 5344 id
2233 5297 2337 5352 est,
2379 5296 2635 5355 sanctos;
2673 5297 2937 5346 mortuos,
2969 5284 3024 5339 id
3053 5289 3157 5349 est,
3185 5289 3507 5353 peccatores

1940 5395 2061 5434 cum
2095 5379 2473 5448 peccatoribus
2499 5379 2613 5434 suis
2647 5376 2748 5449 [sic
2789 5373 3004 5447 codex].

2008 5470 2170 5541 667
2194 5469 2376 5526 58.Ad
2392 5469 2542 5540 cujus
2562 5469 2838 5524 adventum
2866 5484 3043 5521 omnes
3073 5466 3307 5520 homines
3328 5480 3507 5536 resur-

3322 5670 3341 5701 ¹
3371 5665 3513 5728 058.
