4032 6376
581 323 720 381 i635

1736 323 1795 380 S.
1837 322 2298 380 ATHANASIUS.
2343 357 2411 368 —-
2454 326 2729 382 SPURIA.

3682 329 3800 383 lG'J-i

579 457 697 510 gere
714 440 903 495 habent
930 457 1048 494 cum
1077 443 1381 510 corporibus
1407 443 1607 506 suis,et
1631 441 1893 497 reddituri
1925 456 2046 496 sunt
2079 441 2142 497 de
2172 461 2215 516 Α
2247 461 2404 517 pmna
2437 446 2731 511 inferni,et
2756 446 2877 503 sine
2897 450 3004 502 ulla
3036 448 3410 504 misericordia
3443 464 3568 503 cum
3591 463 3803 520 corpore

580 533 737 600 factis
757 533 980 596 propriis
998 533 1276 586 rationem.
1297 531 1350 586 In
1374 533 1824 589 adventnChristi
1851 536 2150 604 unusquis-

579 638 720 692 que,
756 624 868 678 sive
912 623 1082 691 justi,
1125 623 1242 678 sive
1282 634 1599 694 peceatores
1631 641 1918 696 resurgere
1949 626 2150 680 habent

581 731 705 768 cum
746 715 1070 782 corporibus
1100 715 1238 778 suis,
1263 723 1316 771 et
1360 717 1586 772 reddere
1617 720 1684 771 de
1728 717 1890 771 factis
1913 719 2150 788 propriis

581 807 866 860 rationem.
897 804 1105 860 Reddet
1145 817 1325 860 autem
1361 808 1630 863 rationem
1662 824 1771 863 non
1814 808 1996 863 fabula
2028 824 2147 863 ver-

581 895 804 958 borum,
840 896 934 950 sed
986 897 1370 953 recordatione
1413 901 1657 954 omnium
1693 917 1814 970 qum
1859 899 2008 964 fecit,
2036 899 2152 956 sive

581 987 806 1051 bonum,
826 989 939 1043 sive
967 989 1191 1044 malum.
1219 989 1282 1044 Et
1313 991 1610 1046 secundum
1646 991 1750 1047 hoc
1772 992 2154 1062 unusquisque

579 1080 821 1148 recipere
845 1081 1028 1144 debet,
1063 1083 1186 1136 boni
1221 1083 1383 1148 bona,
1417 1085 1546 1137 mali
1585 1085 1746 1139 mala.

648 1169 736 1224 59.
798 1169 866 1223 Ει
897 1173 987 1242 qui
1021 1171 1154 1226 bona
1182 1183 1395 1243 egerunt
1424 1174 1573 1227 ibunt
1605 1176 1656 1228 in
1683 1175 1845 1228 vitam
1872 1184 2147 1240 (sternam,

578 1260 668 1326 qui
695 1277 810 1314 vero
838 1264 980 1316 ntala
1011 1264 1066 1316 in
1107 1265 1276 1332 ignem
1311 1275 1584 1320 a'ternum.
1620 1265 1686 1318 Et
1737 1269 1823 1336 qui
1859 1267 1994 1321 bona
2033 1284 2151 1338 ege-

582 1361 722 1412 runt,
744 1351 892 1406 ibunt
916 1354 971 1406 in
992 1355 1154 1408 vitam
1175 1364 1445 1409 (sternam.
1467 1354 1521 1409 In
1541 1357 1702 1410 vitam
1720 1367 1975 1411 mternam
1992 1366 2154 1412 erunt

583 1441 708 1495 boni
744 1443 863 1498 sine
912 1446 1017 1500 line
1070 1446 1123 1500 in
1163 1447 1335 1517 gloria
1371 1449 1673 1517 regnaturi.
1708 1448 1813 1514 Qui
1856 1466 1974 1504 vero
2009 1450 2154 1503 mala

581 1533 636 1585 in
669 1534 836 1604 ignem
862 1546 1133 1591 internum.
1154 1538 1292 1604 Quia
1322 1553 1538 1609 semper
1566 1539 1672 1594 erit
1703 1541 1860 1594 malis
1888 1541 2008 1595 sine
2049 1539 2155 1596 [ine

2253 545 2306 592 et
2338 538 2521 592 anima
2557 553 2663 592 non
2706 541 3108 610 consumpturi,
3139 540 3233 596 sed
3267 555 3486 610 semper
3526 541 3723 606 arsuli,
3758 547 3803 596 et

2253 644 2530 698 nunquam
2555 628 2832 683 deﬁcient.

2323 805 2414 862 40.
2470 803 2596 859 ιιιεσ
2647 813 2727 860 est
2779 804 2910 875 ﬁdes
2967 804 3248 867 catholica,
3274 821 3432 874 quam
3471 806 3578 858 nisi
3609 807 3804 876 quisque

2255 898 2482 966 ﬁdeliter
2519 898 2844 968 ﬁrmiterque
2890 897 3191 962 crediderit,
3217 897 3397 951 salvus
3425 913 3538 950 esse
3595 913 3690 950 non
3721 914 3805 965 po-

2256 993 2397 1053 terit,
2441 990 2585 1046 sicut
2625 990 2880 1059 superius
2903 989 3164 1044 diximus.
3196 989 3305 1044 Ista
3338 999 3426 1044 est
3468 989 3605 1044 ﬁdes
3635 990 3805 1044 catho-

2254 1083 2379 1136 lica.
2408 1081 2507 1136 llic
2531 1088 2684 1152 rogat
2707 1089 2761 1134 et
2787 1081 3043 1135 admonet
3072 1089 3130 1135 ut
3153 1081 3536 1151 unusquisque
3567 1082 3806 1136 sacerdos

2253 1171 2358 1226 hoc
2390 1172 2528 1227 sciat
2560 1180 2614 1226 et
2651 1172 2928 1242 praedicet.
2963 1172 3158 1238 Quam,
3193 1172 3247 1226 id
3289 1181 3402 1235 est,
3433 1188 3601 1243 quam
3646 1173 3806 1240 ﬁdem,

2253 1268 2357 1320 nisi
2381 1268 2615 1336 quisque,
2651 1265 2704 1318 id
2741 1273 2846 1330 est,
2866 1265 3266 1336 unusquisque,
3298 1266 3553 1334 ﬁdeliter,
3585 1274 3644 1320 ut
3671 1265 3732 1320 de.
3755 1281 3806 1320 ea

2253 1367 2360 1404 non
2389 1351 2620 1414 dubitet,
2652 1350 2976 1420 ﬁrmiterque
3007 1350 3312 1417 crediderit,
3344 1359 3406 1404 ut
3433 1351 3622 1406 nullus
3660 1365 3689 1402 a
3721 1364 3807 1405 sua

2256 1443 2361 1497 ﬁde
2401 1443 2666 1497 removeri
2701 1443 2896 1511 possit,
2939 1443 3125 1496 nullus
3160 1442 3460 1498 schismate
3495 1443 3578 1496 vel
3612 1440 3806 1497 haeresi.

2256 1535 2321 1589 Et
2357 1535 2431 1588 ita
2466 1549 2573 1589 non
2599 1534 2916 1598 crediderit,
2945 1533 3122 1588 salvus
3146 1551 3252 1589 esse;
3283 1551 3386 1588 non
3412 1536 3629 1604 poterit.

1653 1655 1883 1722 Explicit
1918 1656 2198 1709 Tractatus
2227 1653 2290 1706 de
2319 1653 2423 1721 [ide
2451 1652 2732 1705 catholica.

2019 1952 2357 2010 MONITUM.

583 2072 901 2142 Opusculum
928 2069 1002 2126 De
1034 2070 1303 2127 Trinitate
1334 2071 1511 2142 prodit
1543 2087 1609 2126 ea:
1645 2088 1742 2126 ms.
1784 2071 1938 2142 Regio
1969 2073 2135 2134 2358,
2166 2072 2470 2144 videturque
2498 2075 2851 2143 conscriptum
2880 2081 2997 2142 post
3025 2072 3506 2128 Chalcedonensem
3530 2074 3806 2144 synodum;

1791 2183 1894 2236 quo
1929 2177 2103 2221 autem
2131 2185 2262 2234 (evo,
2293 2170 2568 2240 ignoratur

637 2392 976 2448 EIUSDEM
1012 2393 1506 2466 (ATHANASH)
1550 2394 1648 2447 DE
1679 2394 2111 2451 TRINITATE.
2182 2407 2222 2461 Β

652 2507 826 2562 Unam
855 2523 978 2563 esse
1014 2517 1266 2562 naturam
1297 2508 1606 2564 existimate
1634 2506 1815 2562 Patris
1843 2520 1897 2562 et
1933 2507 2053 2562 Filii
2095 2517 2150 2564 et

583 2597 821 2670 Spiritus
855 2600 1052 2663 sancti,
1082 2609 1135 2656 et
1175 2600 1340 2655 hasce
1378 2608 1491 2655 tres
1529 2599 1875 2671 hypostases,
1908 2599 2146 2666 Patrem,

581 2692 780 2746 Filium
815 2703 868 2747 et
919 2691 1184 2762 Spiritum
1242 2698 1531 2755 sanctum,
1588 2691 2043 2762 quemadmodum
2097 2701 2152 2748 et

580 2784 842 2853 baptizati
874 2799 1087 2839 sumus.
1122 2783 1255 2836 Nam
1290 2793 1492 2846 euntes,
1529 2783 1728 2852 inquit,
1769 2784 1946 2840 docete
1971 2803 2150 2841 omnes

577 2886 753 2945 gentes
805 2875 1130 2942 baptizantes
1179 2893 1266 2930 eos
1299 2877 1352 2929 in
1397 2876 1605 2929 nomine
1635 2875 1814 2931 Patris
1855 2888 1904 2932 et
1944 2877 2074 2931 Filii
2103 2888 2152 2933 et

579 2967 814 3035 Spiritus
839 2969 1064 3021 sancti‘.
1088 2967 1258 3022 Unam
1281 2967 1498 3037 quidem
1522 2977 1795 3033 naturam,
1816 2969 1942 3038 quia
1969 2970 2153 3039 plures

578 3058 860 3114 celebrare
903 3067 956 3114 et
995 3058 1050 3113 in
1089 3059 1291 3113 multos
1336 3058 1466 3114 deos
1499 3058 1765 3125 dividere,
1806 3060 2149 3116 ethnicorum

577 3156 702 3204 est:
741 3156 853 3203 tres
889 3159 1069 3203 autem
1123 3148 1468 3219 hypostases,
1509 3149 1624 3202 sive
1659 3166 1959 3220 personas;
1997 3163 2153 3208 utne

579 3241 760 3295 locunn
797 3241 991 3294 habeat
1033 3239 1344 3295 Judzeorum
1399 3243 1692 3306 sententia,
1735 3250 1789 3297 et
1831 3259 1902 3298 ne
1946 3245 2153 3314 absque

579 3333 732 3402 prole
777 3342 830 3385 et
863 3333 1068 3400 absque
1106 3331 1282 3387 Verbo
1334 3333 1406 3387 sit
1449 3332 1649 3388 Pater:
1698 3332 1783 3386 Ea:
1829 3352 1930 3405 quo
1983 3339 2151 3392 omnis

576 3425 868 3493 paternitas
896 3425 937 3476 ³.
970 3423 1026 3476 Et
1067 3422 1300 3479 Verbum
1363 3432 1552 3480 nostro
1591 3426 1759 3479 verbo
1795 3425 2148 3493 indigentins,

577 3517 623 3572 si
657 3533 766 3571 non
796 3517 990 3571 habeat
1031 3515 1317 3586 Spiritum.
1347 3516 1414 3570 Et
1479 3525 1538 3571 ut
1576 3517 1874 3588 perfectum
1920 3520 2051 3574 illud
2093 3521 2148 3574 in

579 3610 758 3664 tribus
801 3610 873 3663 sit
907 3608 1163 3678 perfectis
1196 3608 1603 3678 hypostasibus.
1642 3607 1776 3663 Nam
1810 3610 1966 3679 juxta
2012 3612 2150 3665 ima-

575 3701 760 3772 ginem
791 3701 911 3770 ejus
959 3701 1051 3770 qui
1100 3701 1153 3752 in
1207 3701 1367 3754 nobis
1411 3707 1497 3756 cst
1535 3700 1864 3763 intellectus,
1897 3701 2046 3756 verbi
2087 3718 2150 3757 ac

577 3794 828 3863 spiritus,
862 3794 935 3847 ita
967 3799 1052 3848 est
1088 3791 1267 3856 Pater,
1305 3792 1477 3846 Filius
1506 3800 1559 3848 et
1585 3791 1841 3862 Spiritus.
1880 3791 2145 3864 Spiritum

577 3899 744 3952 porro
791 3899 915 3937 cum
953 3883 1135 3945 audis.
1168 3894 1415 3937 sanctum
1449 3893 1502 3938 et
1548 3883 1946 3954 hypostalicum
1990 3884 2150 3940 intel-

577 3975 703 4044 lige.
740 3972 848 4028 Nos
899 3974 1117 4042 quidem
1153 3973 1536 4042 corruptibiles
1575 3989 1786 4037 sumus,
1821 3983 1875 4030 et
1919 3976 2147 4045 spiritus

576 4067 807 4122 solvitur
855 4066 906 4136 (a
956 4066 1230 4135 corpore).
1267 4065 1399 4133 Ejus
1463 4076 1646 4120 autem
1693 4067 1785 4137 qui
1824 4069 2147 4124 immortalis

575 4165 680 4220 est,
699 4159 858 4226 plane
888 4157 1214 4212 immortalis
1237 4165 1320 4212 est
1343 4156 1600 4228 Spiritus,
1627 4168 1812 4229 utpote
1839 4161 2146 4215 substantia

575 4249 822 4318 quasdam
886 4248 1246 4318 hypostatica.
1285 4248 1398 4303 Una
1430 4249 1597 4318 igitur
1641 4258 1726 4304 est
1765 4251 1932 4304 trium
1977 4250 2149 4321 hypo-

579 4337 809 4393 stasium
872 4350 1108 4401 natura,
1160 4355 1265 4392 una
1303 4339 1514 4403 deitas,
1557 4356 1667 4393 una
1717 4341 2004 4404 voluntas,
2037 4357 2146 4397 una

576 4428 838 4498 operuudi
876 4429 980 4492 vis,
1022 4444 1129 4482 una
1172 4430 1438 4498 potentia,
1487 4446 1654 4483 unum
1688 4431 1966 4500 placitum,
2001 4449 2146 4490 unus

577 4528 792 4582 motus,
844 4535 986 4574 unus
1036 4518 1291 4588 splendor
1332 4534 1397 4572 ex
1448 4519 1623 4573 tribus
1673 4521 1953 4574 exsiliens.
2003 4522 2146 4579 Deus

577 4611 768 4675 Pater,
817 4610 958 4666 Deus
995 4611 1202 4671 Filius,
1259 4610 1401 4665 Deus
1452 4609 1688 4680 Spiritus
1729 4619 1985 4678 sanctus,
2030 4612 2146 4668 hrec

576 4705 680 4758 tria
714 4719 874 4758 unus.
912 4703 1055 4758 Dens
1095 4700 1376 4772 perfectus
1421 4701 1601 4762 Pater,
1643 4702 1916 4772 perfectus
1953 4704 2142 4771 Filius,

575 4794 850 4863 perfectus
922 4793 1161 4862 Spiritus
1229 4800 1509 4848 sanctus:
1566 4792 1813 4863 ejusdem
1878 4793 2140 4856 honoris,

574 4886 817 4956 ejusdem
852 4885 1157 4955 potestatis.
1179 4885 1284 4950 Qui
1315 4901 1403 4940 res
1427 4899 1618 4939 omnes
1643 4894 1918 4947 crearunt,
1943 4901 2145 4955 easque

573 4978 855 5032 continent
885 4983 939 5031 et
977 4977 1278 5031 curant.lis
1306 4977 1482 5031 tribus
1512 4978 1693 5030 omnia
1723 4978 1995 5042 similiter,
2027 4979 2145 5035 sine

2547 2397 2688 2450 ΤΟΥ
2735 2397 2984 2450 ΑΥΤΟΥ
3016 2396 3512 2466 (ΑΘΑΝΑΣιογ)

2320 2513 2465 2567 Μίαν
2513 2509 2672 2580 φύσιν
2723 2509 2910 2574 δόξατε
2961 2510 3173 2580 Πατρὸς
3195 2511 3290 2564 καὶ
3330 2510 3464 2564 Υἱοῦ
3517 2513 3613 2566 καὶ
3668 2515 3807 2582 ἁγίου

2252 2603 2563 2672 Πνεῦμα-τος
2588 2600 2684 2671 τὴν
2714 2600 2972 2664 θεότητα,
3012 2601 3105 2653 καὶ
3136 2603 3285 2673 τρεῖς
3312 2601 3519 2667 ταύτας
3557 2605 3654 2668 τὰς
3691 2607 3807 2659 ὑπο-

2253 2693 2490 2754 στάσεις,
2518 2691 2757 2761 Πατέρα,
2784 2689 2934 2752 Υἱὸν,
2955 2691 3048 2743 καὶ
3079 2689 3305 2761 Πνεῦμα
3322 2691 3495 2759 ἅγιον,
3527 2693 3706 2757 καθὼς
3730 2696 3810 2748 καὶ

2253 2781 2677 2855 βεϐαπτίεμεοα.
2715 2781 3108 2849 Πορευθέντες
3148 2782 3281 2852 γὰρ,
3332 2783 3489 2854 φησι,
3528 2788 3810 2852 μαθητεύο

2251 2892 2398 2930 σατε
2426 2876 2616 2928 πάντα
2651 2876 2723 2929 τὰ
2757 2876 2922 2942 ἔθνη,
2957 2873 3346 2941 βαπτίζοντες
3376 2876 3605 2943 αὐτοὺς
3647 2881 3730 2944 εἰς
3753 2878 3810 2931 τὸ

2253 2967 2440 3035 ὄνομα
2476 2966 2580 3020 τοῦ
2609 2967 2838 3034 Πατρός
2875 2966 2972 3019 καί
3009 2964 3118 3019 τοῦ
3174 2966 3311 3019 Υιοῦ
3346 2969 3447 3020 καὶ
3497 2969 3604 3023 τοῦ
3653 2971 3810 3037 ἁγόυ

2252 3059 2615 3128 Πνεύματος.
2645 3057 2790 3112 Μίαν
2814 3057 2911 3128 μὲν
2939 3056 3119 3126 φύσιν,
3147 3057 3230 3110 ὅτι
3255 3057 3316 3110 τὸ
3340 3058 3561 3122 πλείους
3585 3059 3812 3125 δοξάζειν

2253 3151 2347 3203 καὶ
2375 3150 2727 3220 κατατέμνειν
2763 3151 2841 3212 είς
2875 3149 3101 3212 πολλοὺς
3134 3149 3290 3212 Θεοὺς
3314 3152 3413 3223 τὴν
3445 3153 3577 3222 μίαν
3601 3151 3816 3222 θεότητα

2252 3241 2358 3294 τῶν
2377 3242 2639 3312 Ἐλλήνων
2667 3241 2814 3292 ἐστί’
2838 3243 2985 3310 τρεῖς
3013 3240 3070 3292 δὲ
3088 3241 3434 3304 ὑποστάσεις,
3460 3243 3626 3312 ἦτουν
3661 3245 3814 3314 πρὸς·

2253 3350 2397 3395 ωπα,
2435 3333 2518 3386 ἵνα
2552 3333 2625 3404 μὴ
2665 3335 2764 3403 σχῇ
2805 3330 2987 3404 χώραν
3025 3332 3131 3384 τῶν
3186 3333 3451 3386 Ἰουδαίων
3485 3337 3518 3405 ἡ
3556 3334 3702 3399 δόξα,
3734 3335 3818 3387 καὶ

2255 3424 2339 3476 ἵνα
2376 3424 2450 3495 μὴ
2487 3419 2733 3496 ἄγονοςῇ
2766 3423 2859 3476 καὶ
2892 3423 3083 3492 ἄλογος
3119 3425 3146 3476 ὁ
3177 3424 3387 3493 Πατὴρ,
3414 3425 3513 3489 ,ἐξ
3543 3422 3617 3480 οὗ
3648 3425 3806 3479 πᾶσα

2254 3512 2470 3580 πατριὰ
2491 3529 2502 3540 ·
2530 3514 2624 3568 καὶ
2643 3514 2853 3582 ὁΛόγος
2871 3513 2963 3566 τοῦ
2985 3514 3255 3585 ἡμετέρου
3280 3514 3438 3582 λόγου
3465 3517 3817 3587 ἐνδεέστερος,

2257 3607 2328 3676 μὴ
2364 3605 2501 3676 ἔχων
2539 3604 2762 3675 Πνεῦμα
2783 3621 2794 3634 ·
2823 3605 2916 3657 καὶ
2957 3605 3042 3656 ἵνα
3073 3604 3132 3656 τὸ
3161 3605 3364 3658 τέλειον
3467 3609 3526 3659 ὲν
3560 3609 3707 3679 τρισὶ
3735 3625 3818 3660 τε-

2253 3694 2424 3758 λείαις
2461 3699 2581 3758 ταῖς
2603 3696 2950 3748 ὑποστάσεσι.
2994 3694 3104 3748 Καὶ
3133 3695 3241 3768 γὰρ
3272 3697 3368 3767 τὴν
3415 3700 3606 3752 εἰκόνα
3645 3701 3734 3752 τοῦ
3769 3702 3821 3751 ἐν

2207 3795 2221 3815 '
2252 3790 2380 3859 ἡμῖν
2404 3788 2515 3850 νοῦ,
2547 3787 2702 3855 λόγου
2730 3804 2787 3840 τε
2821 3787 2913 3840 καὶ
2937 3786 3268 3857 πνεύματος,
3305 3789 3518 3860 Πατὴρ,
3549 3791 3646 3844 καὶ
3677 3794 3818 3857 Υἱὸς,

2251 3878 2343 3930 καὶ
2383 3876 2624 3945 Πνεῦμα.
2657 3875 2880 3946 Πνεῦμα
2922 3876 2978 3928 δὲ
3017 3877 3250 3942 ἀκούων,
3276 3878 3430 3946 ἆγιον
3463 3881 3821 3936 summm

2249 3969 2374 4022 νόει.
2412 3968 2597 4039 Ἦμῶν
2624 3969 2721 4038 μὲν
2744 3968 2992 4040 φθαρτῶν
3015 3969 3204 4036 ὸντων,
3242 3972 3333 4023 καὶ
3363 3972 3424 4024 τὸ
3461 3975 3683 4046 πνεῦμα
3709 3977 3823 4029 λυό-

2253 4077 2443 4131 μενονο
2473 4059 2566 4113 τοῦ
2599 4061 2656 4112 δὲ
2703 4059 2969 4114 ἀθανάτου
3013 4061 3231 4125 πάντως
3271 4062 3331 4115 τὸ
3366 4063 3591 4134 πνεῦμα
3627 4067 3820 4120 ἀθάνα-

2246 4171 2358 4214 τον,
2397 4153 2470 4217 ὡς
2517 4152 2671 4206 οὐσία
2701 4169 2786 4215 τις
2840 4153 3217 4217 ὲνυπόστατος.
3257 4155 3371 4207 Μία
3415 4152 3511 4209 οὖν
3562 4160 3681 4212 ἐστι
3720 4159 3821 4212 τῶν

2243 4244 2410 4317 τριῶν
2438 4244 2784 4297 ὑποστάσεων
2817 4244 2996 4312 φύσις,
3024 4248 3056 4317 ἡ
3095 4244 3306 4316 Θεότης,
3337 4247 3432 4300 καὶ
3458 4248 3560 4317 μία
3583 4249 3814 4321 θέλησις,

2246 4335 2342 4388 καὶ
2374 4333 2470 4404 μία
2516 4333 2783 4402 ἐνέργεια,
2821 4333 2920 4402 μία
2965 4332 3212 4404 δύναμις,
3247 4335 3304 4387 ἒν
3347 4333 3602 4406 βούλημά
3637 4355 3694 4389 τε
3729 4338 3816 4390 καὶ

2247 4423 2473 4492 κίνημα,
2527 4422 2620 4474 καὶ
2666 4421 2872 4492 ἐξαλμα
2910 4422 3007 4492 τῆς
3050 4422 3433 4496 λαμπρότητος
3477 4425 3588 4478 τῶν
3633 4427 3814 4496 τριῶν.

2246 4515 2374 4578 Θεὸς
2398 4515 2426 4566 ὁ
2451 4515 2661 4585 Πατὴρ,
2696 4513 2826 4577 Θεὸς
2855 4515 2883 4566 ὁ
2910 4514 3054 4577 Υἱὸς,
3089 4514 3220 4578 Θεὸς
3253 4516 3314 4567 τὸ
3349 4515 3601 4587 Πνεῦμα,
3638 4513 3718 4581 εἷς
3753 4519 3818 4571 τὰ

2244 4605 2398 4676 τρία’
2441 4603 2571 4668 Θεὸς
2605 4604 2806 4667 τέλειος
2837 4605 3094 4677 ὁΠατὴρ,
3121 4605 3323 4670 esitato;
3360 4607 3388 4658 ὸ
3422 4607 3575 4671 Υἱὸς,
3622 4610 3818 4671 τέλειος

2245 4699 2304 4750 τὸ
2331 4697 2552 4768 Πνεῦμα
2579 4696 2639 4750 τὸ
2685 4697 2872 4766 ἅγιον·
2919 4698 3016 4768 τῆς
3062 4697 3234 4766 αὐτῆς
3277 4698 3463 4770 τιμῆς,
3510 4700 3612 4769 τῆς
3655 4701 3820 4770 αὐτῆς

2247 4789 2512 4854 ἐξουσίας.
2546 4790 2864 4862 Δημιουργά
2897 4791 3004 4843 τῶν
3038 4792 3206 4845 ὄντων
3233 4792 3512 4855 ἁπάντων,
3549 4795 3647 4846 καὶ
3695 4810 3818 4846 συντ

2244 4882 2456 4945 εκτικὰ,
2489 4883 2584 4935 καὶ
2628 4883 2986 4953 προνοητικὰ,
3023 4883 3224 4952 ὁμοίως
3274 4885 3450 4936 πάντα
3502 4889 3616 4948 τοῖς
3655 4885 3816 4956 τρισὶ,

2244 4975 2336 5026 καὶ
2367 4972 2797 5044 ἀπαραλλάκτως
2837 4973 2930 5026 καί⁹
2965 4974 3209 5036 ταυτῶς,
3239 4974 3338 5027 ὅσα
3372 4973 3469 5027 τοῦ
3515 4971 3656 5029 εἶναι
3680 5016 3695 5038 ,
3733 4975 3818 5029 καὶ

573 5070 961 5139 discrepantia,
996 5071 1183 5125 eadem
1219 5071 1432 5126 ratione
1469 5073 1818 5136 conveniunt,
1850 5074 1964 5129 sive
1996 5075 2139 5144 quod

2248 5067 2345 5118 ὅσα
2372 5063 2466 5116 τοῦ
2504 5082 2556 5117 τι
2583 5063 2656 5134 μὴ
2687 5060 2844 5126 εἶναι,
2894 5063 2988 5117 καὶ
3021 5064 3121 5116 ὅσα
3146 5063 3241 5116 τοῦ
3279 5065 3394 5128 πῶς
3425 5065 3538 5135 ἔχει
3584 5067 3724 5137 πρὸς
3753 5065 3816 5116 τὰ

573 5177 719 5222 esse,
745 5162 859 5215 sive
896 5162 1042 5231 quod
1095 5177 1203 5216 non
1235 5178 1358 5218 esse
1395 5171 1628 5234 spectat,
1683 5163 1799 5219 sive
1835 5164 2016 5232 quoad
2052 5181 2142 5218 ra-

575 5255 774 5308 tionem
804 5271 912 5324 qua
948 5271 1008 5309 se
1061 5256 1262 5310 habent
1294 5272 1421 5325 erga
1459 5264 1763 5319 creaturas,
1796 5256 1912 5310 sive
1959 5257 2137 5326 quoad

568 5344 967 5413 operationem,
1025 5345 1140 5400 sive
1189 5346 1742 5416 quoad'potentiam,
1795 5346 1912 5401 sive
1958 5345 2138 5415 quoad

575 5435 960 5497 rternitatem.
1014 5437 1131 5490 sive
1180 5440 1325 5506 quod
1385 5438 1762 5492 excellentiam
1812 5443 2023 5506 spectat
2082 5443 2139 5492 et

577 5537 754 5579 causae
782 5526 1065 5600 rationem.
1092 5526 1259 5592 Quale
1279 5532 1383 5592 est,
1403 5527 1545 5581 idem
1575 5542 1717 5591 esse,
1751 5525 2135 5595 inrorporeum

651 5678 668 5707 ⁸
699 5675 888 5732 Matth.
923 5695 1111 5739 xmn,
1149 5681 1233 5735 19.
1309 5683 1331 5714 ⁵
1365 5680 1561 5739 F'nhes.
1595 5697 1676 5738 m.
1715 5680 1795 5731 IS.

2249 5155 2458 5217 κτιστὰ,
2488 5156 2582 5208 καὶ
2615 5156 2714 5207 ὅσα
2746 5155 2844 5225 τῆς
2889 5155 3186 5225 ἐνεργείας,
3225 5158 3320 5209 καὶ
3367 5158 3470 5210 ὅσα
3523 5159 3624 5228 τῆς
3663 5156 3815 5210 δυνά-

2247 5263 2408 5317 μεως,
2434 5248 2534 5299 ὅσα
2559 5248 2656 5316 τῆς
2687 5246 3004 5317 ἀῖδιὸτητος,
3046 5247 3141 5300 καὶ
3170 5249 3272 5300 ὅσα
3309 5249 3432 5302 καθ’
3456 5249 3750 5320 ὑπεροχὴν,
3781 5245 3812 5315 ῆ

2241 5343 2359 5394 κατ’
2395 5341 2569 5394 αἰτίαν
2615 5337 2752 5394 εἶναι
2785 5341 3018 5410 λέγεται.
3079 5333 3207 5393 Οίον
3246 5339 3306 5393 τὸ
3335 5337 3475 5394 εἶναι
3505 5342 3720 5402 ταυτὸν,
3756 5338 3815 5391 τὸ

2241 5431 2528 5503 ἀσώματον
2567 5427 2706 5486 εἶναι
2740 5432 2831 5484 τὸν
2859 5431 3266 5502 ἀκατάληπτον,
3300 5432 3361 5485 τὸ
3397 5433 3727 5503 βασιλεύειν,
3756 5429 3814 5483 τὸ

2240 5524 2608 5595 δημιουργεῖν,
2653 5525 2714 5578 τὸ
2751 5524 2926 5592 Θεοῦν,
2959 5524 3019 5579 τὸ
3042 5522 3328 5591 δύνασθαι,
3362 5526 3423 5580 τὸ
3452 5525 3623 5579 ἀΐδιον
3657 5520 3808 5583 εἶναι.
