4032 6376
263 318 402 372 1603

1518 317 1605 371 DE
1644 318 1943 374 RATIONES
1980 318 2151 376 PASC
2162 320 2298 376 ΠΑΞ.

3357 327 3497 383 1606

259 435 321 484 τὸ
357 431 530 502 ἀρχὴν
571 428 710 484 εἶναι
747 428 1075 504 ὕπεράρχιον
1099 475 1112 496 ,
1147 431 1208 485 τὸ
1240 431 1427 486 οὐσίαν
1476 428 1614 488 εἶναι
1654 435 1808 507 ὑπερ

1924 450 2048 490 esse
2095 437 2188 506 ιιιιί
2246 436 2637 507 comprehendi
2684 444 2941 508 nequeat,
2980 453 3241 509 regnare,
3288 455 3499 507 creare,

257 521 458 585 ούσιον,
481 521 544 575 τὸ
572 521 688 590 φῶς
705 521 978 590 λέγεσθαι.
1009 522 1082 577 Tb
1100 523 1160 577 δὲ
1175 523 1365 586 σκότος
1390 524 1458 576 τὰ
1480 524 1823 597 συμϐολικῶς

258 612 554 684 λεγόμενα,
587 607 698 666 οἷον
730 613 1029 684 θυμοῦσθαι
1087 616 1182 668 καὶ
1226 613 1544 688 ὀργίζεσθαι
1569 655 1585 680 ,
1625 615 1824 669 ὑπνοῦν

260 704 353 761 καὶ
401 704 782 776 ἐγρηγορέναι.
814 705 997 760 Ταῦτα
1030 707 1207 761 πάντα
1235 710 1301 779 τῇ
1342 709 1441 779 μιᾷ
1469 707 1627 776 φύσει
1659 724 1825 779 προσ-

259 792 610 867 αρμόζοντες,
654 795 754 849 οὐκ
801 797 865 849 ὲκ
905 795 1013 849 τῶν
1055 798 1176 850 κατ’
1221 797 1391 866 αὐτὴν
1442 795 1740 867 δηλοῦμεν,
1788 795 1822 867 ἢ

258 884 486 956 νοοῦμεν
515 886 704 957 αὐτὴν,
730 885 844 940 ἀλλ’
877 888 941 939 ὲκ
968 886 1077 940 τῶν
1105 888 1235 959 περὶ
1257 888 1446 959 αὐτήν.
1483 888 1627 941 Μίαν
1651 886 1697 940 δ’
1730 882 1824 940 οὖν

256 977 356 1047 τὴν
387 974 546 1045 φύσιν
577 977 777 1040 εἰδότες
806 977 913 1031 τῶν
932 978 1097 1048 τριῶν
1128 978 1688 1043 ὑποστάσεων,οὐδενὶ
1715 978 1825 1031 τῶν

257 1066 430 1121 Σιλων
450 1067 818 1139 διαφερουσῶν
837 1068 870 1139 ἢ
890 1070 1010 1132 ταῖς
1035 1068 1260 1141 ἰδιότησι
1282 1068 1526 1134 ταύταις,
1543 1068 1603 1123 τὸ
1629 1070 1823 1140 γεννᾷν

257 1155 399 1225 ὶὲγω
437 1159 529 1211 καὶ
563 1158 625 1211 τὸ
657 1158 985 1226 γεννᾶσθαι,
1025 1160 1122 1213 καὶ
1167 1160 1230 1213 τὸ
1264 1158 1660 1232 ἐκπορεύεσθαι
1683 1199 1698 1224 ,
1729 1160 1824 1215 καὶ

257 1249 339 1301 ὅτι
369 1248 432 1302 τὸ
459 1248 555 1320 μὲν
587 1250 798 1321 Πατὴρ,
828 1248 890 1302 τὸ
913 1250 968 1303 δὲ
991 1250 1139 1314 Υἱὸς,
1167 1250 1229 1304 τὸ
1253 1249 1310 1303 δὲ
1332 1250 1556 1321 Πνεῦμα
1575 1269 1589 1282 ·
1624 1252 1717 1306 καὶ
1741 1252 1822 1308 ὅτι

255 1342 285 1394 ὃ
310 1341 411 1411 μὲν
441 1341 629 1413 Πατὴρ
657 1343 936 1413 γεννήτωρ
961 1343 1055 1396 καὶ
1084 1342 1399 1414 προὸολεὺς,
1421 1344 1699 1415 γεννήτωρ
1723 1345 1821 1417 μὲν

254 1432 348 1488 τοῦ
382 1433 545 1499 Υίοῦ,
579 1433 875 1505 προϐολεὺς
905 1433 959 1487 δὲ
1005 1433 1100 1487 τοῦ
1146 1434 1490 1507 Πνεῦματος·
1527 1436 1557 1488 ό
1597 1436 1655 1489 δὲ
1693 1436 1820 1500 Υίδς

256 1525 522 1597 γέννημα,
553 1526 616 1579 τὸ
638 1524 696 1578 δὲ
728 1524 949 1596 Πνεῦμα
979 1525 1285 1597 πρόϐλημα.
1316 1528 1425 1581 Καὶ
1449 1530 1479 1582 ό
1507 1528 1605 1600 μὲν
1630 1529 1818 1600 Πατὴρ

257 1615 580 1688 ἀγέννητος,
634 1618 664 1670 ὁ
694 1614 750 1669 δὲ
796 1616 926 1680 Υἱὸς
970 1617 1226 1686 γεννητὸς
1269 1617 1362 1671 διὰ
1402 1617 1501 1673 «δύο
1526 1636 1623 1684 νν,
1654 1619 1714 1673 τδ
1760 1620 1818 1673 δὲ

258 1706 482 1778 Πνεῦμα
507 1706 851 1777 ὲκπορευτόν.
882 1707 992 1761 Καὶ
1018 1709 1050 1761 ό
1089 1706 1189 1778 μὲν
1221 1709 1409 1783 Πατὴρ
1443 1711 1639 1773 αἴτιος,
1688 1713 1717 1765 ό
1760 1710 1817 1765 δὲ

1924 540 2106 593 posse,
2137 533 2403 582 mlernum
2433 541 2577 588 esse,
2611 527 2942 598 principium
2978 542 3100 584 esse
3140 544 3304 598 supra
3340 522 3501 591 omne

1924 617 2287 687 principium,
2320 619 2501 673 lumen
2541 620 2671 674 dici.
2703 618 2965 675 Tenebras
3001 630 3183 676 autem
3223 630 3351 677 sunt
3379 638 3501 693 quas

1925 708 2222 777 symbolice
2269 707 2368 780 (de
2417 708 2564 782 Deo)
2609 709 3157 774 dicuntur,tscilicet
3202 713 3496 785 indignari,

1926 797 2113 858 irasci.
2146 799 2409 863 dormire,
2447 801 2693 871 vigilare.
2738 800 2865 857 llaec
2916 804 3100 858 omnia
3140 805 3235 858 uni
3289 814 3500 861 naturae

1925 896 2286 957 congruenter
2317 888 2710 954 attribuentes,
2756 905 2866 944 non
2903 906 2970 947 ex
3010 890 3078 946 iis
3107 906 3229 959 qua:
3275 892 3344 947 ad
3375 908 3497 947 eam

1924 978 2198 1047 pertinent
2233 978 2609 1049 signiﬁcamus
2653 989 2749 1035 aut
2795 981 3170 1052 intelligimus,
3201 983 3295 1038 sed
3329 999 3395 1040 ex
3427 984 3497 1040 iis

1923 1082 2045 1136 qua:
2095 1069 2243 1123 circa
2287 1069 2436 1123 illam
2479 1078 2626 1125 sunt.
2686 1071 2861 1127 Unam
2911 1073 3096 1143 itaque
3123 1073 3333 1130 scimus
3371 1090 3496 1131 esse

1923 1165 2174 1214 naturam
2196 1159 2361 1214 trium
2407 1159 2804 1230 hypostasium,
2838 1178 2959 1233 qua:
3002 1164 3156 1218 nullo
3190 1164 3297 1220 alio
3339 1164 3497 1221 ditle-

1922 1258 2072 1314 runt,
2104 1266 2266 1321 quam
2292 1250 2443 1307 hisce
2481 1254 2927 1324 proprietatibus,
2960 1270 3222 1326 generare
3246 1256 3491 1321 scilicet,

1921 1344 2190 1412 generari,
2235 1349 2290 1397 et
2336 1342 2652 1412 procedere.
2711 1355 2766 1400 et
2827 1346 2971 1416 quod
3024 1346 3156 1400 illud
3195 1347 3267 1402 sit
3305 1345 3490 1413 Pater,

1922 1431 2054 1486 illud
2085 1433 2274 1495 Filius,
2310 1432 2443 1486 illud
2496 1433 2758 1503 Spiritus,
2802 1447 2855 1490 et
2899 1436 3043 1505 quod
3074 1436 3238 1493 Pater
3270 1440 3491 1508 quidem

1922 1522 1995 1577 sit
2027 1525 2241 1594 genitor
2296 1532 2350 1579 et
2403 1525 2720 1594 productor,
2755 1528 2971 1596 genitor
3004 1527 3150 1589 Filii.
3195 1532 3495 1600 productor

1922 1613 2159 1685 Spiritus
2189 1633 2202 1669 :
2238 1612 2410 1670 Filius
2442 1612 2661 1686 proles,
2702 1613 2941 1685 Spiritus
2974 1617 3291 1686 productus.
3323 1620 3492 1692 668

1920 1705 1986 1759 Et
2017 1704 2178 1761 Pater
2201 1706 2418 1775 quidem
2472 1704 2786 1777 ἀγέννητος,
2815 1722 2910 1762 seu
2956 1723 3062 1761 non
3116 1710 3354 1778 genitus;
3397 1708 3489 1765 Fi-

231 1841 235 1845 .
258 1797 386 1862 Υίὺς
411 1776 511 1852 οιαὶ
532 1797 592 1851 τὸ
630 1776 852 1868 Πνεῦμα
882 1776 1119 1853 αἰτιατᾶ.
1147 1800 1256 1854 Καὶ
1282 1802 1311 1854 ό
1464 1801 1654 1874 Πατὴρ
1685 1820 1808 1873 προ-

1921 1797 2029 1854 lius
2051 1796 2307 1867 γεννητὸς
2340 1812 2463 1851 cum
2491 1776 2705 1853 duobus
2733 1815 2815 1861 w,
2850 1814 2946 1854 seu
2980 1776 3220 1869 genitus,
3249 1801 3488 1874 Spiritus

255 1889 464 1955 ϐολεὺς,
492 1893 521 1946 ό
551 1890 609 1944 δὲ
640 1890 769 1954 Υἱὸς
800 1890 928 1953 Υἱὸς
956 1890 1134 1960 μόνον,
1171 1892 1266 1944 καὶ
1306 1891 1367 1944 τὸ
1394 1892 1617 1964 Πνεῦμα
1654 1895 1808 1949 ἐκπο-

1920 1904 2051 1945 vero
2081 1887 2399 1960 procedens.
2423 1886 2586 1943 Pater
2607 1904 2776 1946 causa
2819 1899 2923 1956 est,
2958 1889 3130 1949 Filius
3155 1902 3210 1948 ct
3251 1894 3490 1965 Spiritus

258 1983 577 2054 ρευόμενον·
613 1984 674 2036 οὐ
720 1982 828 2054 γὰρ
861 1981 1167 2049 ἐξίστανται
1207 1983 1316 2038 τῶν
1352 1984 1656 2058 ίδιοτήτων,
1692 1985 1808 2042 οὔτε

1920 1979 2148 2035 causati.
2172 1977 2335 2033 Pater
2374 1986 2459 2033 est
2500 1979 2667 2032 etiam
2702 1980 3018 2050 productor,
3053 1982 3223 2039 Filius
3271 1993 3486 2040 tantum

250 2077 280 2128 ό
330 2073 519 2146 Πατὴρ
554 2074 646 2128 τοῦ
697 2069 835 2128 εἷναι
878 2073 1087 2146 Πατὴρ,
1129 2074 1251 2128 οὔτε
1296 2079 1325 2130 ό
1368 2076 1496 2142 Υἱὸς
1528 2078 1621 2132 τοῦ
1678 2075 1808 2135 εἶναι

1917 2067 2109 2133 Filius,
2148 2066 2387 2138 Spiritus
2426 2069 2728 2138 procedens
2763 2087 2775 2123 :
2808 2088 2987 2143 neque
3044 2074 3161 2131 suis
3215 2078 3489 2133 excedunt

250 2166 400 2230 Υἱὸς,
434 2165 556 2220 οὔτε
595 2167 654 2220 τὸ
675 2164 899 2236 Πνεῦμα
926 2163 1019 2217 τοῦ
1048 2160 1184 2219 εἶναι
1214 2166 1455 2238 Πνεῦμα.
1501 2168 1615 2222 ἀλλ’
1644 2170 1676 2240 ἡ
1714 2169 1808 2241 μὲν

1918 2160 2361 2231 proprietatibus,
2386 2158 2547 2214 Pater
2564 2161 2774 2217 scilicet
2796 2177 2825 2216 a
2851 2164 3064 2219 ratione
3086 2164 3285 2229 Patris,
3310 2167 3484 2225 Filius

246 2259 404 2312 οὐσία
474 2258 647 2331 κοινὴ.
702 2259 801 2329 μία
842 2257 950 2311 τῶν
991 2258 1219 2330 τριῶνή
1264 2257 1491 2331 θεότης,
1530 2258 1808 2331 ὠσπεροῦν

1917 2266 1948 2306 a
1984 2252 2194 2307 ratione
2219 2249 2362 2314 Filii,
2396 2252 2631 2322 Spiritus
2660 2270 2691 2308 a
2720 2258 2930 2311 ratione
2965 2255 3236 2327 Spiritus;
3270 2259 3365 2316 sed
3393 2277 3485 2316 es-

247 2350 402 2418 φῶτα
433 2351 570 2422 τρία.
613 2350 860 2424 ἀλλήλοις
898 2352 1162 2424 ἑνούμενα
1201 2352 1293 2405 καὶ
1336 2352 1397 2404 οὐ
1448 2353 1805 2423 συγχεόμενα.

1916 2344 2089 2399 sentia
2110 2345 2419 2400 communis
2447 2353 2565 2413 est;
2591 2360 2698 2400 una
2722 2347 2886 2402 trium
2911 2355 2996 2403 est
3017 2349 3306 2417 divinitas;
3341 2352 3483 2408 sicut

244 2441 431 2497 Ταῦτα
458 2443 555 2513 μὲν
580 2441 740 2496 ἱκανὰ
763 2441 957 2497 εἰδέναι
986 2442 1114 2515 περὶ
1138 2441 1236 2513 τὴν
1265 2441 1562 2510 θεολογίαν.

1911 2438 2015 2493 tria
2049 2438 2254 2493 lumina
2303 2439 2536 2495 invicem
2568 2440 2719 2494 unita
2772 2456 2870 2496 nec
2902 2440 3150 2498 confusa.
3192 2440 3317 2498 Haec
3355 2452 3485 2499 sunt

1911 2529 1980 2585 ad
2019 2530 2299 2602 theologia:
2328 2530 2575 2586 notitiam
2610 2532 2766 2587 satis.

627 2637 806 2705 Τέλος
837 2638 936 2692 καὶ
962 2637 1041 2705 τῷ
1075 2640 1196 2705 Θεῷ
1237 2639 1424 2709 χάρις.
1543 2659 1547 2664 “

2401 2642 2554 2699 Finis
2582 2654 2631 2700 et
2659 2647 2833 2717 gratia
2859 2645 2987 2705 Dee.

241 2834 3454 2871 Mm“

1145 2971 1212 3026 IN
1249 2971 1669 3030 OPUSCULUM
1711 2974 1799 3029 DE
1835 2976 2199 3033 PASCHATE
2250 2978 2572 3036 MDNITUM

310 3079 414 3134 llic
461 3081 669 3136 libellus
715 3080 863 3138 nobis
895 3101 929 3138 a
971 3083 1105 3138 clar.
1153 3085 1264 3138 viro
1301 3084 1528 3141 Antonio
1574 3087 1895 3156 Hurutorio,
1947 3093 2002 3146 in
2048 3093 2363 3149 bibliotheca
2406 3095 2761 3149 Ambrosiana
2798 3096 3081 3165 praeposito
3132 3098 3476 3154 transmissus

234 3175 536 3244 nuperrime
563 3174 684 3244 fuit.
712 3175 780 3229 Et
808 3175 1036 3246 quidem,
1063 3186 1122 3230 ut
1151 3178 1280 3231 mihi
1311 3178 1532 3245 videtur,
1564 3197 1597 3234 a
1624 3181 1813 3238 Latino
1842 3184 2069 3256 quodam
2105 3188 2359 3255 scriptore
2388 3186 2669 3241 Athanasii
2693 3187 2898 3241 nomine
2923 3197 3173 3243 exoratus
3196 3197 3295 3243 est.
3321 3187 3480 3244 Nihil

233 3268 372 3319 enim
397 3265 639 3321 Graecum
668 3266 771 3320 olet
795 3267 934 3336 quod
973 3268 1264 3321 orationem
1292 3278 1516 3338 spectat,
1551 3272 1651 3324 etsi
1684 3281 1742 3325 ut
1781 3271 2067 3342 legentibus
2113 3275 2291 3344 fucum
2327 3276 2524 3345 faceret
2560 3278 2786 3347 scriptor
2806 3277 2925 3340 iste,
2961 3287 3010 3332 et
3050 3277 3341 3331 Athanasio
3376 3278 3477 3330 hoc

234 3356 435 3412 ascribi
471 3357 782 3427 opusculum
824 3367 1054 3413 curaret.
1081 3364 1339 3413 rationem
1370 3358 1655 3415 Paschalis
1677 3364 2015 3432 computandi
2040 3381 2158 3437 qua
2185 3366 2327 3436 apud
2358 3366 2568 3421 ercos
2600 3368 2796 3423 obtinet
2825 3368 2970 3438 sequi
3002 3368 3259 3423 videatur.
3285 3367 3475 3423 Verum

234 3451 492 3506 nonnulla
516 3452 602 3506 hic
631 3463 934 3521 comparent
961 3470 1077 3525 qua:
1112 3455 1283 3509 minus
1322 3457 1548 3523 peritum
1586 3456 1865 3530 ψηφιστήν
1910 3471 2162 3531 arguant,
2202 3471 2262 3515 ut
2289 3462 2427 3532 quod
2465 3464 2582 3515 ait:
2616 3463 2708 3517 Sic
2738 3461 2948 3518 Pascha
2994 3479 3092 3518 nec
3129 3470 3256 3517 ante
3285 3479 3338 3517 st
3368 3462 3476 3518 Κιι⁴

232 3545 426 3601 lendas
462 3545 689 3615 Aprilis,
720 3561 819 3601 nec
852 3557 974 3616 post
1006 3564 1058 3602 xi
1088 3548 1355 3604 Kalendas
1386 3548 1508 3604 Maii
1533 3553 1797 3607 celebrari
1824 3569 1986 3624 posse
2005 3553 2286 3611 decretum
2312 3562 2418 3610 est.
2447 3553 2601 3620 Quod
2634 3553 2712 3609 vel
2735 3570 2897 3607 unum
2930 3554 3175 3624 sufﬁciat,
3218 3563 3276 3607 ut
3303 3554 3474 3606 Atha-

232 3640 383 3690 nasio
414 3637 813 3705 abjudicemus:
839 3641 928 3709 qui
958 3629 1077 3692 cum
1120 3644 1258 3710 apud
1291 3638 1593 3711 ﬁggptios,
1624 3656 2006 3713 computatores
2040 3648 2270 3701 omnium
2301 3645 2733 3701 accuratissimus
2776 3648 2939 3699 vitam
2974 3655 3168 3716 ageret,
3209 3654 3259 3699 et
3290 3660 3471 3698 curam

232 3729 517 3783 ordinandi
549 3730 833 3787 Paschatis
861 3742 978 3802 post
1027 3733 1346 3787 decessorem
1391 3749 1543 3789 suum
1591 3736 1993 3804 Alexandrum,
2038 3737 2230 3808 synodi
2274 3736 2511 3793 Nicena:
2535 3738 2690 3808 jussu
2733 3740 3012 3798 accepisset
3057 3736 3470 3808 (namAlexan-

230 3823 402 3877 drinis
429 3822 749 3893 prtesulibus
775 3824 887 3880 hwc
906 3827 1177 3894 provincia
1197 3826 1518 3880 demandata
1543 3827 1776 3898 fuerat);
1803 3831 1859 3885 in
1884 3829 2185 3900 hujusmodi
2209 3847 2439 3886 errorem
2467 3846 2733 3902 nunquam
2755 3830 3003 3899 delapsus
3022 3839 3178 3884 esset.
3202 3829 3472 3897 Quamob-

230 3935 340 3973 rem
379 3920 515 3974 inter
554 3921 737 3989 spuria
779 3922 964 3974 merito
1008 3922 1301 3992 obtegatur.
1338 3920 1632 3991 Opinamur
1661 3937 1836 3981 autem
1872 3939 2054 3984 octavo
2095 3929 2173 3981 vel
2218 3942 2354 3981 nono
2395 3926 2589 3980 stcculo
2635 3925 2954 3979 adornatum
2983 3924 3169 3995 fuisse,
3210 3938 3310 3995 quo
3358 3939 3466 3979 wuo

230 4011 535 4082 Itujusmodi
562 4012 742 4067 studta
776 4012 1100 4068 obtinebant.
3114 4010 3119 4016 ’

586 4127 817 4208 Incipit
851 4135 1147 4190 tractatus
1179 4130 1240 4191 S.
1272 4129 1603 4191 Athanasii
1649 4129 1936 4210 episcOpi
1973 4130 2392 4194 Alexandrini
2423 4129 2505 4192 de
2536 4130 2780 4192 ratione
2832 4127 3106 4220 Pascha.

299 4249 501 4305 Mensis
527 4248 612 4301 hic
635 4245 777 4302 vobis
795 4247 1004 4300 initium
1024 4248 1516 4317 mensium,primus
1531 4249 1629 4304 erit
1650 4246 1795 4304 vobis
1822 4259 1863 4318 c
1894 4250 2155 4305 ducabitis
2192 4251 2366 4306 illum.
2431 4248 2624 4304 Lumbi
2663 4251 2823 4304 vestri
2875 4249 3099 4303 accincti
3146 4257 3196 4303 et
3258 4249 3467 4304 calcea-

228 4346 284 4399 in
338 4340 603 4397 mensibus
655 4340 803 4394 anni.
859 4338 1092 4410 Loquere
1120 4339 1189 4393 ad
1231 4356 1434 4395 omnem
1476 4357 1796 4412 synagogam
1896 4353 2073 4398 menta
2099 4352 2270 4399 vestra
2299 4346 2353 4398 in
2383 4343 2600 4415 pedibus
2633 4344 2841 4407 vestris,
2873 4351 2923 4397 et
2967 4342 3132 4397 edetis
3162 4341 3314 4397 illum
3343 4360 3463 4398 cum
3524 4408 3527 4409 ν

227 4437 464 4506 ﬁliorum
494 4431 688 4487 Israel.
720 4430 938 4485 Decima
975 4433 1169 4485 mensis
1204 4430 1361 4501 hujus
1403 4434 1592 4487 sumite
1628 4448 1795 4486 unus-
1896 4436 2233 4506 festinatione
2254 4451 2273 4490 :
2303 4436 2512 4491 Pascha
2541 4436 2676 4491 enim
2702 4444 2778 4490 est
2815 4435 3028 4490 Domini
3047 4442 3117 4489 '.'

224 4530 441 4599 quisque
498 4540 640 4579 ovem
682 4540 772 4594 per
801 4522 988 4576 domus
1035 4532 1319 4592 paternas.
1349 4533 1399 4577 et
1444 4539 1535 4593 per
1560 4523 1794 4595 singulas
1965 4526 2093 4583 Scio
2135 4529 2338 4584 multos
2392 4528 2775 4598 scrupulosius
2839 4526 3181 4595 interrogare
3232 4524 3459 4592 solitos,

224 4623 446 4682 domus;
476 4619 557 4671 ita
582 4618 708 4671 utsi
736 4633 837 4670 non
869 4616 977 4669 sint
1019 4616 1153 4668 satis
1200 4615 1271 4668 ad
1311 4633 1484 4679 ovem,
1517 4624 1794 4669 assumant

222 4726 399 4764 secum
443 4708 666 4762 vicinum
713 4707 1084 4783 propinquum.
1124 4702 1347 4758 Sument
1381 4716 1555 4759 autem
1599 4722 1793 4775 agnum

226 4802 523 4856 masculum
565 4800 968 4853 immaculatum
1027 4796 1332 4851 anniculum
1388 4797 1454 4851 de
1503 4796 1682 4851 ovibus
1742 4807 1794 4852 et

221 4895 426 4960 laedis,
450 4902 503 4948 et
550 4893 651 4946 erit
686 4892 829 4947 vobis
862 4890 1189 4946 observatum
1235 4905 1398 4959 usque
1431 4892 1485 4944 in
1515 4899 1793 4962 quartam-

221 4989 483 5043 decimam
513 4984 705 5038 mensis
755 4982 934 5051 hujus.
985 4979 1056 5034 Et
1107 4980 1307 5035 occidet
1343 4997 1462 5035 eum
1508 4981 1792 5035 multitudo

218 5092 505 5149 synagoga:
530 5074 767 5144 filiorum
800 5071 990 5126 Israel.
1016 5071 1102 5126 Ad
1139 5086 1403 5137 vesperam
1432 5082 1701 5126 assumcnt
1727 5073 1791 5128 de

221 5172 479 5244 sanguine
510 5179 560 5223 et
590 5177 780 5236 ponent
808 5169 964 5235 super
1000 5165 1133 5219 duos
1172 5173 1343 5232 postes
1370 5174 1422 5219 et
1462 5165 1649 5219 limina
1688 5165 1791 5220 do-

221 5278 360 5324 mus,
392 5260 448 5313 in
488 5258 673 5328 quibus
715 5256 866 5311 edent
901 5271 1055 5310 eum:
1089 5266 1139 5310 et
1183 5254 1577 5309 manducabunt
1604 5271 1790 5310 carnes

222 5365 433 5410 assatas
463 5351 588 5422 agni
619 5360 669 5405 et
694 5366 888 5420 azyma
933 5365 1052 5402 cum
1089 5345 1447 5401 amaritudine
1496 5347 1788 5400 manduca-

223 5448 367 5502 bunt.
419 5443 489 5499 Et
539 5459 643 5496 non
695 5440 1083 5495 manducabitis
1133 5454 1198 5494 ex
1243 5439 1311 5492 iis
1363 5439 1584 5492 crudum
1628 5454 1790 5509 neque

214 5551 425 5595 coctum
463 5537 519 5588 in
559 5548 718 5603 aqua,
742 5533 832 5588 sed
854 5543 1063 5588 assatas
1086 5535 1139 5587 in
1168 5534 1301 5604 igne.
1319 5529 1411 5586 Sic
1433 5539 1605 5586 autem
1633 5546 1784 5585 man-

293 5715 312 5747 ⁸
338 5711 509 5766 Exod.
541 5726 639 5777 xu,
670 5707 820 5762 2-H.

1894 4635 2063 4691 quare
2098 4620 2398 4676 secundum
2447 4634 2650 4673 morem
2676 4615 2986 4671 Judzeorum
3017 4615 3083 4668 ad
3128 4614 3270 4668 luna:
3303 4628 3458 4669 com-

1896 4711 2219 4781 paritionem
2242 4710 2478 4765 diversis
2504 4719 2608 4763 tem
2618 4707 2840 4777 poribus
2856 4704 3065 4760 Pascha
3082 4704 3419 4759 celebremus
3438 4723 3453 4760 :

1892 4803 2137 4858 dicentes
2182 4803 2385 4857 rectius
2436 4800 2640 4863 videri,
2696 4794 2758 4852 ιιι
2808 4798 2856 4851 si
2902 4797 3349 4852 commemoratio
3383 4798 3458 4854 sit

1894 4892 2188 4946 Dominicaa
2219 4891 2511 4961 passionis,
2545 4905 2688 4944 unus
2730 4886 3141 4941 anniversarias
3193 4883 3312 4939 dies
3352 4874 3454 4939 na-

1893 4984 2018 5037 talis
2048 4984 2101 5036 in
2136 4983 2515 5038 observatione
2561 4988 2831 5041 teneatur,
2860 4985 2920 5033 ut
2965 4990 3180 5046 semper
3203 4991 3302 5031 vm
3331 4975 3450 5031 Kal.

1890 5074 2093 5145 Aprilis
2124 5074 2270 5128 diem
2291 5071 2515 5133 Pascha:
2535 5070 2894 5132 celebrarent,
2914 5066 2969 5121 in
2999 5081 3108 5137 quo
3128 5065 3216 5121 die
3247 5063 3451 5119 Christi

1889 5165 2223 5223 resurrectio
2248 5164 2573 5219 traderetur.
2607 5163 2795 5230 Itaque
2832 5157 3234 5228 inquirentibus
3269 5156 3453 5211 curio-

1890 5257 2026 5320 sius,
2079 5253 2211 5325 quid
2248 5252 2482 5321 majores
2512 5250 2685 5306 nostri
2732 5248 2904 5305 secuti
2950 5246 3236 5301 videantur
3284 5260 3455 5315 expos

1888 5363 2038 5403 nam.
2070 5344 2261 5401 Passio
2291 5342 2494 5398 Christi
2542 5339 2842 5410 redemptio
2871 5344 2957 5392 est
3004 5345 3266 5392 creaturae
3294 5335 3450 5419 dicit,

1889 5437 2188 5495 resurrexit
2212 5433 2464 5488 Christus
2495 5431 2550 5486 in
2580 5427 2908 5499 aequinoctio
2941 5424 3087 5481 veris
3134 5426 3260 5479 luna
3294 5424 3450 5494 plena

1889 5530 1976 5587 die
2007 5525 2307 5585 Dominico.
2352 5522 2428 5580 De
2471 5538 2582 5596 quo
2623 5520 2921 5593 Apostolus
2962 5517 3036 5574 ait
3069 5517 3210 5588 quod
3253 5529 3452 5587 conge-
