4032 6376
570 323 711 380 1607

1665 319 1720 372 S.
1763 316 2224 372 ATllANASlUS.
2263 348 2330 358 —-
2371 318 2642 374 SPURIA.

3681 327 3804 380 H708

571 443 765 496 miscat
787 448 841 495 et
860 437 1038 494 doleat
1066 436 1310 505 subjecta
1337 436 1608 501 servituti,
1634 452 1745 491 non
1776 452 1876 493 sua
1909 443 2124 506 sponte,
2155 441 2199 496 Δ
2230 436 2577 492 inchoatione
2605 437 2804 499 noctis,
2827 437 3036 507 plenam
3061 438 3248 492 lunam
3298 438 3660 509 intelligimus
3690 455 3804 495 esse

572 531 670 586 sed
715 546 812 601 per
845 545 966 584 eum
998 529 1090 599 qui
1141 529 1373 598 subjecit
1406 528 1554 581 illam
1596 543 1744 597 spem
1774 546 1788 582 :
1839 529 1966 598 quia
1990 537 2044 582 et
2077 528 2132 581 in

574 621 692 691 ipsa
734 620 1048 675 liberabitur
1077 635 1107 672 a
1130 619 1443 688 corruptela
1489 619 1771 673 servitutis
1807 634 1931 672 cum
1963 618 2134 672 liber-

573 720 686 768 tate
725 713 956 765 ﬁliorum
1003 711 1096 766 Dei
1117 711 1161 763 '.
1202 710 1521 765 Creaturam
1553 717 1735 764 autem
1783 710 2136 779 intelligimus

574 816 697 856 esse
723 801 891 854 vitam
925 815 1031 869 qua
1082 799 1320 854 mundus
1361 807 1596 862 amatur,
1636 800 1692 854 in
1731 814 1840 868 quo
1884 807 2138 853 creatura

575 892 864 962 omniaque
894 892 1192 962 gignuntur
1225 901 1462 946 eterra:
1488 899 1698 945 certum
1727 891 1870 945 enim
1893 899 1978 945 est
2003 889 2138 943 nihil

577 983 751 1037 creari
789 997 951 1052 posse
999 982 1119 1036 sine
1164 981 1296 1034 vita.
1348 980 1482 1046 Quae
1512 982 1698 1050 utique
1730 989 1981 1034 creatura
2007 989 2139 1035 tunc

577 1075 824 1144 subjecta
879 1082 964 1130 est
1012 1073 1266 1129 servituti
1320 1088 1444 1126 cum
1491 1072 1730 1127 mundus
1779 1081 1864 1128 est
1922 1082 2136 1144 captus.

577 1167 752 1232 Quam
803 1163 1062 1220 Christus
1089 1164 1348 1235 passione
1399 1179 1497 1218 sua
1529 1163 1755 1218 veniens
1800 1164 2031 1218 liberum
2081 1180 2141 1219 se

577 1254 835 1319 servavit,
877 1263 935 1308 ut
964 1255 1019 1307 in
1049 1268 1115 1308 eo
1145 1263 1390 1323 tempore
1434 1261 1716 1323 pateretur
1750 1255 1805 1308 in
1843 1270 1954 1324 quo
1983 1270 2140 1310 crea-

576 1356 700 1401 tura
757 1347 1004 1415 subjecta
1043 1345 1220 1400 fuerat
1267 1347 1551 1402 servituti:
1603 1353 1663 1400 ut
1714 1347 1844 1417 quia
1892 1347 2010 1402 dies
2053 1349 2144 1403 ille

2233 538 2563 594 generatam,
2600 533 2660 580 ut
2691 526 2831 580 facta
2865 527 2931 580 ad
2969 527 3428 582 illuminationem
3458 535 3619 582 terra:
3649 529 3703 581 in
3728 530 3804 582 in-
3887 535 3896 543 ‘

2235 618 2522 672 choatione
2569 621 2766 680 noctis,
2819 626 2932 671 tota
2967 620 3019 672 in
3067 627 3213 673 terra
3261 628 3422 672 nocte
3460 620 3684 682 luceret,
3730 620 3804 675 sic

2235 707 2508 774 passionis
2565 706 2856 761 Dominica:
2916 709 3269 772 resurrectio,
3323 725 3443 778 qua:
3503 720 3800 765 creaturam

2235 795 2454 849 servitio
2473 795 2739 848 liberavit.
2758 798 2810 848 in
2831 797 3171 865 aequinoctio,
3195 798 3342 853 veris
3360 800 3486 852 luna
3511 800 3686 868 plena.
3707 801 3804 854 Do-

2238 883 2438 937 minica
2456 883 2564 946 die,
2584 885 2816 938 traditur
2843 887 3136 940 exstitisse.
3172 887 3282 941 Sed
3311 890 3461 958 quia,
3500 891 3643 942 sicut
3663 905 3801 945 com-

2239 975 2446 1044 putatio
2477 974 2707 1037 invenit,
2741 991 3067 1031 concurrere
3095 978 3200 1032 sibi
3226 994 3324 1048 per
3359 980 3610 1049 singulos
3639 997 3800 1035 annos

2240 1065 2296 1118 in
2331 1065 2688 1121 universitate
2718 1082 2824 1120 non
2848 1075 3074 1136 poterat,
3103 1075 3159 1120 ut
3178 1069 3392 1124 scilicet
3422 1071 3801 1139 aequinoctium

2241 1162 2294 1209 et
2342 1155 2471 1210 luna
2506 1157 2664 1226 plena
2713 1169 2767 1212 et
2809 1158 2925 1212 dies
2973 1157 3254 1212 Dominica
3295 1161 3684 1222 convenirent;
3728 1177 3804 1216 sc-

2241 1244 2424 1313 quenti
2455 1247 2599 1299 enim
2631 1246 2845 1299 annoin
2871 1246 3059 1301 eodem
3091 1248 3177 1302 dic
3200 1248 3327 1302 luna
3351 1251 3612 1304 vicesima
3626 1251 3803 1319 quinta

2239 1335 2479 1388 secunda
2509 1334 2640 1389 feria
2672 1337 3006 1404 deprehensa
3036 1344 3142 1399 est,
3169 1337 3481 1403 judicatum
3523 1349 3608 1393 est
3647 1342 3806 1409 tequi—

577 1438 812 1492 tristitia:
837 1437 1034 1501 fuerat,
1074 1437 1202 1492 item
1236 1439 1436 1493 lzetitiaa
1459 1438 1796 1493 redderetur.
1822 1438 2144 1495 Resurrexit

2250 1426 2481 1480 noctium
2508 1427 2572 1480 ad
2601 1429 2777 1482 natale
2796 1427 3015 1483 Paschaa
3037 1429 3269 1499 (δῖ-58),
3296 1430 3556 1485 cumdua:
3577 1431 3808 1500 illaapar-

579 1529 724 1583 enim
759 1528 1012 1583 Christus
1047 1528 1100 1582 in
1133 1529 1464 1598 aequinoctio
1503 1530 1649 1584 veris
1677 1530 1806 1584 luna
1844 1531 2022 1600 plena,
2054 1531 2144 1586 die

2250 1524 2327 1572 tes
2355 1526 2410 1572 et
2441 1517 2558 1572 dies
2589 1526 2643 1572 et
2681 1519 2809 1572 luna
2844 1519 3116 1582 deessent,
3161 1536 3270 1574 non
3323 1520 3593 1576 sullicere.
3633 1523 3809 1591 Itaque

581 1617 884 1681 Dominica,
917 1635 1078 1688 quem
1103 1619 1160 1672 in
1193 1618 1380 1673 mundi
1411 1621 1705 1674 convenire
1735 1621 2005 1691 principio
2039 1620 2147 1676 Ge.
2246 1607 2446 1661 rectius
2471 1614 2732 1661 statutum
2756 1615 2839 1662 est
2867 1609 2931 1662 ad
2961 1609 3193 1663 natalem
3213 1608 3440 1664 Pascha;
3462 1609 3631 1671 diem.
3663 1626 3807 1665 mer-

581 1711 732 1765 nesis
769 1711 1036 1765 relatione
1079 1711 1481 1781 cognoscimus,
1533 1726 1656 1766 cum
1687 1714 1921 1781 primum
1973 1727 2144 1783 appa-
2177 1779 2210 1783 _
2247 1712 2361 1751 58m
2392 1698 2658 1767 integrum
2685 1699 2846 1752 τείανί
2872 1700 2932 1753 ίπ
2956 1715 3282 1770 quacunque
3310 1702 3432 1769 eius
3455 1709 3612 1770 Pi"le
3634 1702 3808 1757 θῑάίεε

583 1812 735 1856 reme
774 1802 947 1865 arida,
981 1779 1404 1872 quam'vocavi;
1453 1801 1595 1857 Deus
1646 1779 1848 1858 ιέι-ι-αηι
1875 1844 1889 1868 ,
1937 1779 2143 1860 dignm
2177 1779 2219 1836 Β
2247 1796 2300 1844 et
2341 1789 2468 1842 luna
2509 1800 2915 1845 concurrerent.
2958 1790 3142 1860 Neque
3182 1792 3285 1846 hoc
3325 1794 3448 1847 sine
3493 1794 3809 1847 auctoritate

583 1903 704 1947 est:
755 1891 1018 1947 Germinet
1071 1904 1210 1948 terra
1247 1909 1400 1948 omne
1446 1893 1653 1962 fenum,
1686 1905 1737 1950 et
1783 1912 1934 1950 omne
1983 1897 2148 1950 viride

587 1983 780 2053 lignum
799 1984 845 2038 '.
880 1985 934 2038 In
961 2001 1086 2040 vere
1125 1993 1305 2039 autem
1339 1986 1643 2055 germinare
1673 1988 1852 2040 omnia
1887 1987 2144 2052 vidimus,

586 2077 831 2145 atquein
861 2092 926 2132 eo
967 2077 1294 2147 principium
1337 2077 1523 2131 mundi
1566 2093 1688 2132 esse
1729 2080 2149 2148 comprehendi-

585 2183 730 2224 mus.
759 2168 1052 2238 Propterea
1087 2181 1142 2224 et
1169 2167 1451 2239 Scriptura
1476 2169 1691 2238 proprie
1716 2185 1954 2225 mensem
1979 2187 2150 2226 novo-

587 2271 708 2310 rum
739 2259 1002 2327 appellat,
1044 2259 1099 2310 in
1141 2273 1250 2327 quo
1286 2266 1447 2312 terra:
1487 2257 1654 2313 facies
1685 2259 1996 2316 innovatur.
2042 2259 2147 2315 Sed

586 2361 710 2402 cum
739 2356 854 2404 tres
889 2363 1106 2404 menses
1145 2364 1368 2404 vernum
1399 2357 1615 2419 tempus
1649 2350 1906 2420 accipiat,
1953 2351 2146 2406 horum

588 2439 751 2492 trium
778 2440 1015 2494 medium
1037 2448 1251 2510 tempus
1281 2442 1498 2495 initium
1524 2442 1728 2496 mundo
1748 2442 1962 2499 dedisse
1994 2459 2150 2498 mon-

589 2538 816 2586 stratur.
871 2531 1105 2587 Medium
1153 2535 1296 2588 enim
1347 2543 1562 2604 tempus
1589 2537 1739 2591 veris
1782 2544 1866 2592 est
1905 2538 2151 2607 aequinoo

590 2621 779 2686 ctium,
810 2625 866 2678 in
899 2639 1009 2694 quo
1047 2625 1140 2678 lux
1185 2632 1239 2680 et
1279 2627 1512 2681 tenebrae
1542 2628 1852 2684 consistunt
1890 2629 2146 2698 aequales,

589 2724 714 2764 cum
742 2713 927 2768 divisit
961 2713 1121 2778 Deus,
1157 2720 1214 2768 ut
1256 2715 1520 2784 scriptum
1557 2723 1676 2780 est,
1722 2716 1866 2772 inter
1909 2717 2146 2771 medium

593 2803 732 2858 lucis
771 2804 1119 2876 mediumque
1157 2805 1526 2860 tenebrarum.
1559 2806 1667 2861 hec
1699 2806 1865 2861 dubia
1899 2807 2032 2862 fides
2066 2817 2151 2861 est

591 2897 659 2950 de
701 2896 915 2964 justitia
972 2906 1027 2951 et
1076 2897 1450 2953 benevolentia
1497 2895 1616 2960 Dei,
1661 2898 1753 2967 qui
1795 2913 1919 2952 cum
1963 2899 2150 2954 feccrit

591 2987 876 3051 mundum,
911 2989 1090 3044 lutnen
1123 2999 1176 3043 et
1215 2989 1466 3046 tenebras
1513 2991 1766 3045 statuerit
1801 2991 2056 3059 aequales,
2093 2999 2151 3046 ut

591 3077 787 3134 deinde
820 3078 913 3133 lux
935 3087 1226 3142 cresceret,
1258 3090 1310 3134 et
1337 3081 1574 3134 tenebrae
1596 3080 1993 3135 decrescerent.
2011 3082 2146 3135 Cum
2174 3114 2218 3170 ε

591 3183 722 3238 ergo
755 3170 843 3224 hic
873 3170 990 3226 dies
1046 3169 1282 3224 medium
1341 3171 1485 3224 veris
1527 3171 1804 3238 obtineat,
1864 3186 1975 3226 non
2031 3173 2150 3228 sine

591 3273 762 3312 causa
798 3260 1034 3327 majores
1069 3261 1245 3315 nostri
1295 3275 1394 3314 vrtt
1434 3259 1552 3315 Kal.
1595 3261 1797 3331 Aprilis
1844 3271 1954 3319 tres
1999 3263 2154 3318 addi—

593 3349 797 3403 derunt
827 3351 964 3416 dies,
994 3359 1054 3404 ut
1083 3351 1318 3421 primum
1353 3351 1494 3406 diem
1524 3353 1708 3405 mundi
1733 3357 2150 3408 constituerent.

595 3458 649 3496 χι
683 3443 827 3497 enim
857 3443 976 3499 Kal.
1011 3444 1215 3516 Aprilis
1245 3445 1479 3515 primum
1510 3459 1632 3500 esse
1672 3445 1982 3513 voluerunt,
2026 3448 2150 3519 quia

595 3544 885 3606 antequam
921 3537 1003 3591 sol
1033 3536 1088 3590 in
1120 3537 1228 3591 diei
1273 3537 1538 3606 principio
1567 3537 1891 3593 conderetur
1914 3539 2152 3592 triduum

595 3635 724 3678 ante
745 3632 1133 3694 .prmcesserat.
1168 3623 1356 3680 Refert
1397 3625 1540 3680 enim
1569 3625 1796 3682 Genesis
1827 3637 2019 3696 quarta
2066 3628 2156 3684 die

595 3713 737 3770 facta
762 3715 1051 3770 luminaria
1079 3717 1213 3772 solis
1246 3724 1300 3770 et
1331 3717 1493 3772 lunae.
1526 3719 1818 3788 Propterea
1843 3720 2154 3776 invenimus

595 3813 650 3861 et
691 3808 745 3862 in
781 3824 873 3862 vttt
925 3807 1044 3862 Kal.
1082 3809 1303 3878 quidem
1342 3809 1738 3875 resurrexisse,
1777 3826 1962 3866 verum
2013 3811 2064 3864 in
2101 3827 2155 3865 xt

596 3897 714 3953 Kal.
744 3899 832 3954 die
869 3899 1077 3955 Pascha
1115 3916 1240 3955 cum
1271 3900 1560 3971 discipulis
1605 3901 1915 3957 inchoasse.
1958 3901 2035 3955 lta
2065 3903 2154 3958 isti

597 3995 710 4043 tres
743 3989 881 4054 dies,
912 4006 1036 4046 cum
1079 3992 1334 4061 passione
1363 3999 1418 4047 et
1465 3993 1866 4048 resurrectione
1912 4009 2156 4048 commu-

596 4082 805 4148 nicant,
829 4092 881 4138 et
909 4084 1296 4154 aequinoctium
1322 4083 1389 4138 ad
1419 4099 1610 4140 omnes
1655 4086 1975 4156 intelligitur
1993 4087 2160 4158 669

598 4174 906 4242 pertinere,
967 4175 1022 4229 in
1069 4175 1268 4243 quibus
1309 4190 1532 4230 cursum
1578 4192 1679 4232 nec
1731 4178 1813 4231 sol
1871 4193 1971 4232 nec
2029 4181 2158 4233 luna

598 4259 840 4315 conficit.
868 4260 1020 4316 Dicm
1042 4271 1222 4318 autem
1247 4263 1603 4327 Dominicam,
1622 4265 1850 4334 primam
1869 4267 2010 4320 diem
2039 4284 2160 4323 esse

597 4349 845 4403 dubitare
879 4366 987 4404 non
1040 4367 1350 4421 possumus,
1398 4353 1523 4422 quia
1560 4353 1694 4408 dicit
1735 4353 2015 4424 Scriptura
2065 4373 2159 4411 se:

2251 1880 2566 1951 Scriptum,
2591 1889 2650 1935 ut
2675 1883 2818 1936 enim
2843 1881 3057 1953 Moyses
3087 1897 3212 1936 cum
3240 1881 3453 1937 Pascha
3486 1884 3764 1937 mandaret
3791 1902 3805 1938 :

2250 1973 2446 2026 Mensis
2474 1973 2556 2026 hic
2587 1973 2725 2027 vobis
2765 1974 2978 2028 initium
3007 1975 3261 2028 mensium
3295 1975 3499 2043 primus
3537 1976 3639 2028 erit
3677 1975 3809 2028 tabis

2246 2063 2300 2116 in
2330 2067 2590 2118 mensibus
2610 2067 2754 2120 anni.
2786 2066 2906 2132 Quo
2928 2067 3096 2121 verbo
3137 2075 3347 2120 tantum
3370 2081 3614 2120 mensem
3645 2066 3709 2118 ad
3731 2082 3810 2121 re-

2250 2157 2596 2214 lebrationem
2613 2157 2837 2215 Pascha:
2872 2161 3185 2229 intelligitur
3209 2173 3584 2214 consecrasse.
3608 2159 3685 2212 lta
3704 2174 3810 2210 ma-

2244 2246 2393 2316 jorcs
2429 2251 2622 2314 nostri,
2664 2250 2756 2319 qui
2796 2265 2834 2303 tt
2891 2249 3010 2304 Kal.
3057 2250 3257 2319 Aprilis
3307 2248 3639 2318 principium
3691 2249 3810 2302 anni

2250 2340 2613 2404 invenerunt,
2673 2356 2913 2396 mensem
2980 2340 3176 2396 exinde
3237 2347 3625 2410 computantes
3676 2340 3730 2393 in
3774 2355 3808 2392 ll

2249 2430 2369 2485 Kal.
2393 2432 2517 2487 Maii
2545 2432 2920 2489 extenderunt.
2957 2431 3047 2486 Sic
3077 2431 3286 2488 Pascha
3317 2449 3419 2487 nec
3446 2441 3574 2487 ante
3622 2450 3660 2486 ll
3700 2431 3806 2488 Kal.

2248 2523 2474 2591 Aprilis,
2507 2540 2608 2579 nec
2654 2533 2777 2595 post
2814 2541 2853 2579 ιι
2897 2525 3014 2581 Kal.
3052 2525 3175 2579 Maii
3227 2525 3493 2581 celebrari
3530 2541 3694 2594 posse
3725 2527 3809 2580 de-

2248 2623 2460 2668 cretum
2488 2623 2594 2670 est.
2619 2613 2726 2670 Sed
2757 2606 2879 2670 cum
2908 2617 2964 2670 in
2995 2617 3098 2670 hoc
3130 2631 3317 2672 mense
3353 2624 3408 2670 et
3440 2616 3570 2668 luna
3603 2626 3658 2672 et
3705 2617 3809 2670 dies

2251 2709 2625 2775 convenirent,
2671 2709 2798 2763 luna
2827 2709 3037 2765 scilicet
3085 2711 3246 2780 plena
3274 2697 3334 2764 et
3364 2708 3654 2764 Dominica
3683 2711 3808 2769 dies.

2255 2805 2388 2852 tunc
2416 2797 2624 2852 Pascha
2651 2800 2919 2855 censitum
2949 2810 3033 2857 est
3071 2800 3478 2856 celebrandum.
3521 2799 3667 2856 Sane
3696 2802 3812 2870 quia

2251 2887 2564 2957 frequenter
2597 2904 2791 2945 rursus
2854 2905 2977 2945 cum
3017 2889 3301 2944 Dominica
3346 2889 3436 2944 die
3470 2891 3614 2944 luna:
3653 2891 3812 2960 pteni-

2251 2979 2382 3034 tudo
2411 2981 2688 3044 convenit,
2723 2981 2940 3036 extendi
2983 2982 3037 3035 in
3087 2989 3292 3052 septem
3326 2981 3446 3036 dies
3491 2982 3811 3043 maluerunt,

2251 3067 2543 3122 dummodo
2570 3069 2731 3123 etiam
2767 3068 3099 3124 Dominicam
3151 3069 3206 3123 in
3255 3071 3677 3125 resurrectionis
3712 3085 3815 3124 me-

2253 3160 2478 3213 moriam
2512 3161 2825 3216 retinerent.
2849 3160 2922 3215 lta
2947 3161 3163 3230 quando
3183 3160 3300 3216 dies
3326 3161 3407 3216 sic
3430 3163 3819 3233 veneritusque

2252 3249 2317 3302 ad
2354 3251 2666 3306 vicesimam
2715 3253 2945 3323 primam
2985 3252 3170 3305 lunam
3224 3259 3450 3322 propter
3486 3251 3816 3307 Dominicam

2253 3339 2394 3394 diem
2423 3339 2631 3396 Pascha
2655 3341 2976 3404 diﬂ‘erimus,
2996 3342 3139 3411 quod
3169 3343 3349 3410 ipsum
3389 3357 3502 3396 non
3529 3343 3651 3397 sine
3682 3341 3819 3396 Scri-

2253 3440 2426 3502 ptura:
2463 3435 2823 3500 auctoritate;
2867 3433 3000 3488 dicit
3052 3433 3197 3488 enim
3243 3432 3493 3504 Moyses,
3533 3449 3564 3486 a
3617 3435 3820 3489 decima

2254 3530 2452 3592 quarta
2516 3540 2690 3594 usque
2727 3524 2794 3577 ad
2822 3524 3135 3579 vicesimam
3166 3532 3311 3580 totos
3345 3531 3556 3594 septem
3585 3525 3702 3578 dies
3726 3523 3822 3577 Pa-

2261 3613 2406 3668 schae
2434 3615 2800 3669 sanctiﬁcatos
2821 3630 2942 3670 esse
2979 3615 3196 3670 debere.
3242 3615 3398 3670 Unde
3443 3615 3513 3669 ad
3539 3617 3686 3670 hunc
3726 3632 3819 3669 nu-

2257 3719 2463 3760 merum
2501 3705 2717 3760 extendi
2765 3720 2924 3775 posse
2970 3707 3154 3759 lunam
3205 3707 3488 3761 decretum
3541 3717 3647 3763 est.
3691 3706 3818 3760 Pru-

2255 3795 2444 3848 dentes
2475 3805 2657 3850 autem
2681 3797 2851 3866 magis
2867 3797 2933 3849 ad
2951 3797 3136 3850 lunam
3159 3805 3212 3852 et
3233 3799 3375 3853 diem
3396 3815 3561 3869 quam
3577 3800 3642 3854 ad
3659 3801 3819 3869 aequi-

2255 3885 2495 3937 noctium
2526 3886 2756 3939 natalem
2783 3884 3005 3941 Pascha!
3022 3887 3165 3944 diem
3193 3887 3656 3944 redierunt.Luna
3683 3891 3817 3944 eniut

2257 3977 2414 4044 plena
2437 3975 2604 4034 totius
2636 3978 2814 4034 noctis
2846 3979 3117 4034 illuminat
3169 3982 3447 4044 tenebras,
3493 3983 3637 4037 sicut
3676 3996 3816 4035 nosa

2257 4070 2563 4138 corruptela
2608 4070 2955 4124 tenebrarum
2995 4071 3326 4126 illuminatio
3359 4073 3594 4142 spiritus
3629 4075 3816 4129 libera.

2257 4160 2354 4221 vit,
2399 4167 2452 4214 et
2501 4168 2628 4230 post
2670 4161 3053 4231 aequinoctium
3106 4161 3319 4217 Pascha
3367 4164 3701 4227 celebretur,
3764 4166 3814 4218 in

2259 4251 2451 4320 majori
2475 4251 2587 4320 jam
2613 4253 2755 4317 luce,
2786 4259 2840 4306 et
2867 4253 2921 4306 in
2953 4253 3153 4308 minori
3181 4257 3295 4323 jam
3323 4264 3487 4310 nocte
3526 4258 3818 4312 celebrabi-

2259 4347 2368 4394 tur.
2402 4340 2680 4395 Dominica
2709 4357 2838 4396 vero
2865 4342 2981 4397 dies
3007 4346 3342 4399 resurrectio
3374 4354 3461 4401 est
3484 4347 3727 4415 dierum;
3759 4350 3823 4404 ad

597 4440 793 4496 diebus
840 4439 1044 4496 factum
1088 4457 1208 4497 esse
1259 4444 1541 4507 mundum,
1581 4452 1634 4498 ει
1693 4445 1922 4514 septima
1957 4446 2043 4501 die
2081 4463 2160 4502 re-
2189 4448 2231 4502 D
2265 4435 2478 4488 initium
2501 4435 2646 4489 enim
2679 4435 2818 4490 redit
2844 4442 2898 4489 et
2940 4434 3100 4490 linem
3137 4447 3358 4492 revocat
3404 4437 3475 4492 ad
3525 4440 3715 4494 vitam.
3749 4440 3823 4494 lla

598 4530 888 4598 quievisse,
945 4545 1108 4602 quam
1163 4534 1447 4602 septimam
1499 4531 1794 4588 Sabbatum
1847 4537 2153 4604 appellavit.

599 4620 754 4678 Unde
781 4623 1125 4679 manifestum
1160 4634 1243 4679 est
1280 4624 1510 4694 primam
1541 4624 1683 4678 diem
1721 4625 1776 4678 in
1812 4626 1984 4694 prima
2024 4626 2156 4680 feria

596 4728 719 4782 quae
757 4721 844 4768 est
877 4712 1154 4768 Dominica
1179 4713 1514 4768 constitisse.
1557 4712 1682 4768 Sive
1725 4715 1866 4768 enim
1918 4713 2021 4767 hoc
2073 4731 2158 4770 se-

595 4801 838 4856 cundum
863 4803 1146 4866 tnundum,
1179 4803 1292 4859 sive
1316 4802 1613 4858 secundum
1656 4803 1903 4872 spiritum
1933 4819 2160 4874 compu-

599 4900 800 4957 temus,
851 4909 918 4949 ex
957 4909 1066 4948 una
1103 4895 1314 4965 origine
1353 4893 1690 4948 inveniemus
1734 4895 2158 4964 computationis

599 4983 885 5054 utriusque
920 4985 1206 5048 rationem,
1235 4987 1362 5055 quia
1393 4985 1460 5039 ad
1500 4986 1787 5056 imaginem
1824 4986 2049 5055 spiritus
2073 5002 2160 5043 se-

599 5077 890 5147 ptiformis.
914 5087 968 5134 et
993 5079 1174 5133 saeculi
1216 5078 1398 5147 hujus,
1431 5078 1642 5132 dierum
1686 5079 2028 5147 septenarius
2056 5096 2159 5134 nu-

601 5184 784 5222 merus
811 5169 1141 5224 constitutus
1169 5178 1274 5224 est.
1301 5167 1566 5222 Similiter
1587 5184 1711 5222 cum
1736 5169 1884 5224 dicat
1929 5169 2158 5226 Genesis

601 5259 741 5314 facta
769 5277 890 5316 esse
921 5261 1030 5316 duo
1063 5259 1350 5314 luminaria
1381 5259 1435 5312 in
1467 5258 1629 5324 caelo,
1675 5266 1736 5312 ut
1787 5259 2030 5316 lucerent
2068 5277 2161 5314 su-

602 5363 698 5419 per
737 5359 960 5416 terram,
999 5351 1168 5406 solem
1202 5350 1258 5405 in
1296 5349 1646 5405 inchoatione
1695 5348 1824 5418 diei,
1874 5352 2056 5406 lunam
2104 5352 2160 5405 in

672 5522 694 5553 '
724 5519 880 5576 Rom.
909 5539 1028 5588 vut,
1052 5523 1141 5577 22.
1242 5521 1418 5578 'Gen.
1453 5539 1491 5590 ι,
1532 5523 1617 5576 Η.

675 5675 876 5747 (57-38)
905 5677 1101 5734 Natale
1128 5678 1484 5741 Pascha,vox
1514 5677 1722 5732 Latinis
1755 5677 1976 5730 usitata.

2258 4523 2373 4576 lucc
2407 4525 2578 4592 magis
2612 4524 2728 4578 visa
2764 4525 2818 4579 in
2846 4526 3011 4579 natali
3045 4527 3266 4592 laetitiis,
3304 4537 3359 4583 et
3389 4542 3662 4588 creatum
3699 4534 3827 4587 libe-

2257 4617 2469 4671 ratione
2499 4619 2786 4682 servanda,
2823 4620 3058 4673 maxime
3074 4635 3199 4674 cum
3236 4623 3376 4676 intra
3413 4625 3579 4693 primi
3630 4628 3825 4682 mensis

2260 4711 2524 4765 terminos
2553 4713 2874 4766 retinentur.
2903 4710 3117 4769 Rursus
3155 4715 3420 4784 majorem
3462 4717 3575 4772 diei
3611 4719 3822 4789 religio-

2259 4817 2380 4855 nem
2411 4818 2571 4871 quam
2610 4802 2751 4856 luna:
2772 4802 3166 4870 indicaverunt,
3185 4806 3232 4859 si
3252 4806 3472 4874 quando
3506 4824 3614 4862 non
3639 4817 3815 4877 posset

2259 4902 2547 4964 utrumque
2574 4897 2799 4949 servari.
2828 4893 3099 4950 Decimam
3136 4906 3386 4967 quartam
3423 4900 3571 4953 enim
3618 4901 3813 4962 lunam,

2259 5000 2421 5054 quam
2448 4987 2590 5039 diem
2618 4985 2952 5040 Dominicam
2982 4987 3169 5056 egredi
3200 4989 3535 5053 maluerunt,
3586 4994 3716 5061 quia
3747 4999 3824 5045 to-

2259 5083 2313 5128 ta
2345 5078 2491 5130 salus
2522 5077 2578 5129 in
2605 5077 3007 5131 resurrectione
3039 5085 3144 5140 est,
3179 5093 3344 5147 quam
3370 5079 3424 5132 in
3447 5079 3822 5136 dieDominica

2259 5181 2381 5220 esse
2439 5169 2886 5232 monstravimus,
2956 5167 3009 5221 in
3049 5181 3158 5237 qua
3200 5176 3256 5222 et
3306 5180 3464 5226 ortus
3523 5172 3732 5227 dierum
3774 5179 3823 5225 et

2260 5261 2588 5315 resurrectio
2610 5261 2938 5320 continetur,
2972 5269 3262 5330 propterea
3287 5261 3434 5330 quod
3475 5262 3531 5318 in
3566 5265 3682 5334 ipsa
3724 5263 3823 5318 Do.

2262 5348 2442 5404 minus
2495 5352 2815 5406 resurrexit.
2860 5349 3015 5403 Luna
3063 5365 3198 5406 vero
3243 5353 3372 5408 licet
3420 5353 3492 5408 ad
3522 5353 3825 5410 vicesimam
