4032 6376
321 434 457 493 1633

1039 428 1498 528 οιωοᾳειιωί
1535 429 1699 497 ΩΗΛΕ
1737 430 1808 486 ΙΝ
1846 429 1982 486 HOC
2021 428 2209 487 ΤΟΜΟ
2245 428 2757 487 CONTINENTIJR.
2834 428 2836 430 ’

1307 773 1796 889 οιωο
1869 775 2522 889 BERUM

811 1001 1086 1106 QUJE
1174 1001 1299 1091 IN
1391 1000 1631 1093 HOC
1703 998 2041 1094 ΤΟΜΟ
2112 1000 3034 1094 CONTINENTUR.

313 1263 377 1324 s.
455 1234 976 1323 ATHANAsms
1027 1258 1669 1325 ALEXANDRINUS
1732 1263 1875 1326 AR-

784 1336 1405 1401 CHIEPISCOPUS.

376 1439 619 1490 Prmfatio.
1842 1443 1875 1493 9

374 1501 633 1554 SCRIPTA
654 1495 866 1548 DUBIA.

374 1562 656 1614 Admonitio
678 1564 726 1608 in
757 1559 973 1607 libellum
996 1559 1058 1607 de
1083 1558 1435 1608 Incarnatione.
1812 1567 1872 1616 23

373 1625 449 1676 De
474 1623 807 1672 Incaruatione
830 1618 922 1670 Dei
941 1621 1090 1669 Verbi
1111 1620 1329 1671 libellus.
1812 1630 1875 1677 25

373 1686 657 1735 Admonitio
682 1686 729 1730 in
755 1688 1044 1743 sequentem
1067 1680 1289 1743 librum._
1402 1742 1411 1743 7
1811 1690 1874 1737 29

370 1745 448 1796 De
459 1745 702 1795 communi
720 1741 934 1791 essentia
952 1741 1109 1791 Patris
1127 1749 1179 1790 et
1201 1741 1308 1792 Filii
1325 1750 1376 1792 et
1393 1742 1601 1805 Spiritus
1620 1751 1790 1799 sancti.
1812 1751 1873 1800 29

372 1807 413 1855 I.
431 1834 494 1844 —
513 1806 588 1855 De
609 1805 857 1855 libertate.
1810 1814 1872 1861 30

370 1865 435 1917 II.
456 1895 519 1905 —
538 1868 614 1916 De
631 1866 966 1914 viviﬁcatione.
1812 1875 1868 1924 δι

371 1927 460 1980 III.
482 1956 543 1965 -—
569 1931 642 1978 De
661 1926 984 1976 ordinatione.
1809 1935 1868 1986 δι

362 1990 453 2040 .ιν.
474 2016 537 2027 -
555 1990 630 2040 De
656 1986 986 2047 legislatione.
1809 1997 1868 2047 δι

370 2052 430 2101 V.
447 2079 508 2088 —
527 2051 603 2101 De
633 2050 898 2098 dominatu.
1214 2104 1219 2105 7
1809 2058 1868 2105 δι

371 2113 454 2181 Vl.
476 2141 538 2181 -_—
557 2112 695 2181 Quod
729 2119 797 2181 et
803 2111 950 2181 Pater
967 2104 1324 2181 vocetfilium.
1351 2111 1608 2181 Dominum
1632 2130 1643 2163 :
1668 2104 1871 2181 etApo;

307 2172 738 2246 stolu_s7S7piritum,
760 2173 1019 2222 Dominum
1038 2184 1093 2221 ac
1118 2172 1273 2221 Deum
1300 2176 1534 2235 nominet,
1560 2180 1765 2237 perinde
1784 2172 1871 2246 ’ξιτ

309 2248 406 2302 que
433 2238 629 2286 Filium.
1802 2242 1868 2290 54

369 2297 475 2348 VII.
493 2323 556 2335 -—
575 2295 714 2355 Quod
736 2293 949 2343 Trinitas
970 2293 1215 2355 apostolos
1237 2293 1413 2344 mittat.
1807 2304 1870 2351 42

369 2358 496 2469 XIIII.
523 2354 840 2407 —Probatur
854 2354 1066 2405 sanctam
1088 2354 1377 2405 Trinitatem
1408 2359 1586 2409 sedere
1604 2357 1656 2409 in
1692 2361 1868 2473 throng

401 2433 431 2469 e
452 2434 526 2470 so.

1803 2485 1865 2534 43

306 2422 526 2471 excelso.

368 2481 449 2531 IX.
469 2510 532 2519 —
553 2480 690 2541 Quod
715 2475 925 2540 Spiritus
945 2477 1130 2526 sedeat.

368 2543 425 2595 Χ,
459 2569 521 2579 -
553 2538 688 2602 Quod
712 2538 925 2591 Trinitas
944 2553 972 2587 a
993 2539 1197 2588 mortuis
1214 2538 1455 2590 Christum
1474 2544 1743 2595 secundum
1764 2558 1868 2595 car-

303 2619 421 2656 nem
434 2605 739 2655 excitaverit.
1806 2606 1870 2657 ‘6

368 2667 449 2718 XI.
471 2693 534 2703 —
550 2665 839 2715 Trinitatem
858 2676 885 2711 a
911 2662 1072 2724 seipsa
1092 2660 1373 2724 gloriticari.
1806 2669 1869 2717 46

366 2726 472 2779 XII.
497 2753 559 2763 -—
575 2727 650 2776 De
675 2720 1028 2787 gloriﬁcation'e
1048 2720 1199 2787 sancti
1221 2722 1475 2787 Spiritus.
1807 2728 1870 2779 46

362 2787 492 2842 XIII.
518 2810 579 2825 -ο
600 2783 739 2846 Quod
762 2785 941 2847 ubique
964 2785 1089 2834 adsit
1116 2783 1343 2835 Trinitas.
1369 2812 1431 2823 --
1450 2786 1528 2837 De
1547 2787 1714 2839 Patre.
1807 2790 1866 2840 47

362 2850 491 2901 XIV.
513 2876 574 2885 —
590 2847 666 2897 De
690 2848 834 2897 Filio.
1807 2851 1867 2901 ιτ

367 2911 469 2962 XV.
492 2936 555 2948 —
577 2911 652 2960 De
677 2909 880 2962 Spiritu.
1808 2913 1867 2961 47

456 2948 469 2960 .
492 2936 555 2948 -
577 2913 652 2960 De
677 2913 880 2961 Spiritu.
1808 2913 1868 2961 47

367 2911 469 2962 XV.
492 2936 555 2948 —
577 2911 652 2960 De
669 2909 880 3018 Eximit).
1808 2913 1867 2961 47

363 2972 488 3024 XVI.
512 2996 576 3008 —
593 2972 665 3030 Qu
752 2981 900 3030 nemo
917 2973 1177 3029 cognoscat
1197 2968 1507 3018 Trinitatem.
1808 2972 1867 3023 47

365 3033 517 3103 XVII.
536 3029 757 3091 —Quod
787 3030 837 3078 in
862 3029 1033 3103 Veteri
1056 3043 1279 3103 quoque
1308 3030 1626 3103 Testamento
1656 3032 1870 3103 Trinitas

301 3096 606 3162 peculiarem
632 3105 768 3141 suam
790 3092 1125 3202 operationem
1148 3092 1449 3140 exhibuerit.
1807 3097 1867 3146 47

363 3154 536 3210 XVIII.
558 3181 620 3192 —
644 3153 781 3213 Quod
866 3155 1034 3200 rinitas
1069 3157 1382 3200 consoletur:
1428 3154 1711 3204 Paracletus
1738 3155 1867 3207 enim

301 3215 700 3329 gnladlliortando,
722 3214 1014 3265 consolando
1045 3218 1098 3262 et
1118 3215 1356 3263 servando
1375 3214 1573 3275 dicitur,
1594 3222 1647 3264 ut
1667 3217 1870 3328 Deusg‘;

340 3296 367 3329 a
392 3295 444 3328 va
470 3292 541 3329 or.
635 3312 650 3329 -.
676 3313 681 3318 .

340 3283 541 3331 alvator.
635 3312 650 3329 -.
676 3313 681 3318 .
1807 3280 1869 3328 50

365 3340 492 3394 XIX.
519 3364 581 3377 -—
597 3339 674 3389 De
697 3336 957 3387 Trinitate.
1805 3340 1869 3389 59

361 3404 463 3455 XX.
489 3428 552 3438 —
575 3401 712 3459 Quod
730 3396 979 3460 Scriptura
1003 3397 1258 3459 Spiritum,
1297 3397 1557 3460 aliquando
1577 3397 1754 3459 Patris,
1776 3401 1870 3452 ali-

300 3462 652 3528 quandonlii,
658 3459 928 3528 aliquando
936 3459 1179 3528 Spiritum
1196 3466 1355 3520 vocet;
1381 3459 1478 3508 non
1496 3462 1627 3509 enim
1650 3461 1865 3528 confuse,

298 3521 387 3577 s'ed
412 3521 776 3575 indivisibillter
797 3521 1104 3583 prmdicatur.
1806 3524 1867 3572 50

359 3587 485 3637 XXI.
506 3610 570 3620 —
587 3588 726 3644 Quod
754 3580 907 3631 Filius
929 3587 1041 3630 ante
1064 3580 1256 3631 Patrem
1288 3587 1512 3642 ponatur.
1805 3586 1863 3634 51

359 3648 507 3698 XXII.
531 3672 591 3680 —
609 3646 859 3693 Adversus
895 3655 983 3705 eos
1009 3644 1095 3703 qui
1137 3644 1394 3691 disrrimen
1417 3649 1600 3705 ponunt
1630 3645 1780 3701 inter,
1803 3658 1867 3695 ea:

399 3747 412 3769 ,
436 3717 507 3768 et,
526 3719 613 3774 per
632 3710 878 3774 quem,__et
899 3703 1040 3763 illud,
1059 3716 1122 3753 ea:
1140 3716 1252 3768 quo,
1270 3703 1428 3764 Patri,
1446 3705 1585 3765 illud,
1606 3718 1691 3769 per
1708 3718 1864 3774 quem,

294 3722 412 3823 fw,
436 3722 507 3768 et,
526 3722 613 3767 per
632 3722 878 3774 quam-el.
899 3722 1040 3763 utuu,
1059 3722 1122 3753 ea:
1140 3722 1252 3768 quo,
1270 3722 1424 3764 l'atrl,
1447 3722 1585 3765 muu,
1606 3722 1691 3769 per
1708 3722 1861 3771 quem.

325 3772 427 3822 ‘ilio
450 3776 507 3820 ut
526 3770 685 3817 minus
705 3765 992 3815 attribuunt.
1806 3769 1861 3818 δι

361 3829 532 3882 XXIII.
557 3854 619 3866 —-
645 3829 822 3885 Patris,
854 3827 984 3890 Filii,
1007 3830 1060 3875 et
1098 3826 1309 3888 Spiritus
1333 3828 1484 3875 sancti
1511 3840 1622 3877 esse
1644 3830 1863 3890 quzedam

296 3894 573 3943 communia
610 3903 823 3948 nomina,
842 3889 1003 3949 qualia
1025 3896 1139 3936 sunt
1165 3890 1312 3947 Deus,
1338 3890 1601 3949 Dominus,
1642 3889 1863 3949 Sanctus,

297 3956 482 4005 Bonus.
506 3954 733 4005 Spiritus.
758 3958 812 3999 et
829 3952 920 3998 alia
943 3952 1190 3998 nonnulla.
1805 3953 1867 3999 δι

373 3968 482 4007 nus.
506 3968 733 4008 Spiritus,
758 3968 812 3999 et
829 3968 920 3998 ana
943 3968 1190 3998 nouuuna.
1805 3968 1835 3999 ε)

358 3968 482 4007 inus.
506 3967 733 4015 Spiritus.
758 3967 812 3999 et
829 3967 920 3998 ana
943 3967 1190 3998 nouuuna.
1805 3967 1865 3999 δι

358 4015 526 4066 XXIV.
548 4041 609 4050 —
633 4014 805 4062 Omnia
829 4012 1059 4072 Spiritum
1084 4012 1260 4065 facere,
1283 4024 1393 4072 quae
1413 4010 1628 4059 Christus
1652 4010 1779 4060 facit.
1804 4010 1865 4060 54

357 4077 505 4126 ΧΧν.
525 4103 586 4114 --
612 4074 824 4132 Patrem,
853 4080 906 4120 et
926 4072 1126 4133 Filium,
1163 4080 1214 4120 et
1238 4074 1471 4135 Spiritum
1515 4082 1732 4122 sanctum
1772 4074 1865 4121 du-

294 4150 405 4189 cem
428 4137 576 4186 fuisse
598 4136 769 4185 Israel.
1803 4135 1864 4182 55

357 4199 526 4250 XXVI.
544 4224 606 4234 —
626 4197 763 4255 Quod
785 4193 939 4244 Filius
960 4197 1023 4246 sit
1045 4209 1192 4244 verus
1215 4194 1364 4243 Deus.
1802 4195 1863 4243 58

354 4259 548 4311 XXVII.
570 4284 629 4294 —
651 4258 790 4320 Quod
817 4257 971 4305 Filius
994 4265 1187 4307 vocatus
1210 4259 1275 4306 sit
1301 4271 1504 4320 magnus
1525 4258 1677 4308 Deus.
1802 4256 1862 4305 58

357 4320 572 4372 XXVIII.
597 4346 658 4356 -—
679 4318 923 4381 Adversus
944 4331 1063 4381 eos,
1090 4323 1174 4381 qui
1203 4320 1293 4366 hoc
1329 4318 1508 4368 dictum
1531 4321 1588 4367 ad
1611 4324 1863 4367 contume-

294 4384 411 4446 liam
437 4383 592 4446 (lf‘ilii)
616 4379 881 4446 accipiunt,
909 4380 1020 4446 Non
1051 4379 1155 4446 veni
1188 4381 1347 4442 facere
1367 4384 1649 4430 voluntatem
1682 4391 1858 4446 meum2

294 4445 381 4496 sed
404 4439 687 4493 voluntatem
704 4439 889 4499 Patris,
920 4440 1003 4503 qui
1024 4442 1154 4490 misit
1174 4439 1263 4491 ine.
1426 4502 1431 4503 7
1646 4502 1653 4503 7
1801 4440 1862 4489 58

355 4506 520 4555 XXIX.
547 4531 608 4563 —-7
630 4503 877 4563 Adversus
901 4502 987 4550 ens
1005 4504 1088 4563 qui
1125 4505 1311 4556 dicunt.
1335 4502 1481 4553 verba
1502 4504 1605 4553 hmc
1637 4502 1861 4552 Salvato-

291 4569 378 4624 ris,
417 4564 542 4629 Quid
563 4561 670 4614 vis?
694 4564 834 4612 matri
854 4561 1062 4611 ﬁliorum
1083 4564 1310 4614 Zebedzei
1349 4566 1493 4625 dicta,
1537 4563 1859 4629 ignorantiam

290 4643 394 4691 pra:
419 4641 473 4676 se
491 4627 638 4675 ferre.
1569 4627 1576 4628 “
1799 4627 1860 4673 58

353 4684 1315 4760 XX:I_I7.__—Adversu7s_eos7quindicunt,
1353 4687 1401 4733 in
1443 4688 1650 4760 ministri
1686 4686 1858 4760 ordine

291 4764 406 4801 esse
431 4748 632 4808 Filium,
662 4760 723 4795 eo
741 4746 871 4808 quod
892 4746 1065 4796 oli‘erat
1085 4747 1216 4797 Patri
1242 4749 1494 4796 humanam
1526 4757 1761 4796 naturam.
1797 4747 1858 4796 59

351 4810 514 4862 XXXI.
537 4836 598 4846 —
618 4810 865 4858 Adversus
882 4820 969 4856 eos
986 4810 1068 4869 qui
1088 4812 1311 4857 serviunt
1328 4810 1539 4868 vocibus,
1563 4817 1614 4857 et
1632 4822 1725 4857 non
1743 4821 1860 4857 sen-

288 4874 462 4986 ἓξιῗχὶἱε
505 4882 749 4920 sacrarum
791 4869 1119 4918 Litterarum:
1146 4878 1200 4920 et
1239 4870 1421 4918 faciunt
1462 4871 1660 4920 Patrem
1700 4872 1859 4979 Dequ

366 4950 420 4985 ιι.
1444 4974 1449 4979 .

329 4935 855 5047 illiii-(XIIa-Adversus
876 5004 961 5040 eos
983 4994 1066 5054 qui
1084 4993 1252 5042 dicunt
1274 4974 1468 5041 Patrem
1488 5004 1601 5042 esse
1627 4935 1856 5054 magoni:

287 5056 464 5112 Deum,
490 5054 804 5114 Filium7vero
828 5053 874 5100 ei
894 5053 1201 5114 inaequalem.
1407 5113 1411 5114 7
1607 5112 1614 5114 7
1715 5053 1724 5054 “
1791 5053 1855 5102 62

349 5117 561 5168 XXXIII.
588 5142 650 5152 —
670 5113 735 5164 Ut
773 5114 921 5163 Pater
964 5112 1041 5164 est
1079 5118 1315 5166 Dominus
1338 5113 1567 5174 Sabaoth,
1601 5112 1669 5164 ita
1694 5120 1748 5164 et
1769 5115 1853 5163 Fi-

286 5180 399 5230 lius.
1791 5176 1854 5224 62

348 5240 556 5291 XXXIV.
579 5268 640 5278 —
659 5242 907 5291 Adversus
930 5250 1033 5295 eos,
1058 5239 1141 5300 qui
1160 5236 1328 5287 dicunt
1346 5239 1583 5300 minorem
1608 5250 1718 5286 esse
1741 5237 1852 5299 Spi-

286 5303 434 5352 ritum
453 5309 670 5352 sanctum
702 5300 910 5356 Christo,
931 5300 1181 5361 aiuntque,
1217 5301 1446 5360 quoniam
1486 5299 1627 5348 arrha
1656 5306 1851 5361 vocatus

287 5370 383 5423 est,
405 5370 592 5423 partem
610 5365 820 5423 aliquam
841 5373 969 5411 esse.
1080 5359 1119 5423 ί
1233 5359 1247 5360 ί
1374 5421 1410 5423 _
1788 5359 1852 5407 62

471 5424 529 5473 V.
556 5421 883 5473 —Adversus
919 5435 1006 5469 eos
1043 5422 1126 5483 qui
1166 5423 1335 5471 dicunt
1374 5421 1554 5471 Filium
1598 5435 1694 5471 non
1736 5434 1848 5470 esse

286 5487 568 5547 substantia
592 5486 748 5534 Patris
772 5500 783 5533 :
809 5484 1035 5547 quodque
1052 5496 1159 5547 _una
1198 5484 1469 5547 eademque
1513 5489 1578 5533 sit
1609 5486 1847 5547 potentia,

286 5546 466 5610 virtus,
479 5559 711 5610 regnum,
722 5553 782 5610 et
801 5543 1029 5610 d‘iyinitas
1052 5545 1207 5592 Patris
1229 5550 1282 5593 et
1305 5544 1432 5610 filii.
1609 5543 1642 5610 —_
1786 5546 1850 5592 62

343 5606 639 5659 ΧΧΧνιῖ-
659 5607 835 5656 Filium
857 5606 1040 5654 habere
1082 5619 1259 5655 nomen
1302 5606 1485 5667 Patris,
1525 5614 1579 5656 ut
1612 5608 1771 5659 Deum
1796 5613 1851 5667 et

282 5670 560 5720 Dominum.
1472 5666 1475 5667 ⁷
1788 5666 1850 5714 65

342 5730 574 5781 XXXVII.
596 5758 603 5761 ν
624 5755 655 5766 -
675 5729 866 5777 .ludmos
890 5728 1016 5776 ﬁlios
1040 5727 1348 5777 tenebrarum
1368 5727 1623 5791 appellari.
1660 5790 1665 5791 7
1698 5790 1701 5791 7
1786 5728 1850 5775 66

282 5791 596 5901 es"XXXVIII.
619 5818 679 5827 —
701 5791 837 5850 Quod
881 5791 1045 5837 lumen
1080 5791 1357 5839 Judzeorum
1392 5790 1450 5839 ab
1492 5794 1612 5853 ipsis
1630 5790 1849 5898 ablatuérei

3396 430 3537 488 1654

2032 1252 2241 1310 XXXIX.
2261 1284 2323 1295 -—-
2344 1256 2481 1317 Quod
2504 1252 2722 1323 haeretici
2740 1257 2936 1323 soleant
2968 1257 3138 1323 dicere
3163 1256 3305 1308 verba
3328 1258 3543 1323 prophe-

1972 1326 2132 1390 tarum
2164 1334 2237 1390 ex_
2256 1331 2461 1390 persona
2493 1320 2647 1390 sancti
2670 1319 2882 1390 Spiritus
2903 1320 3209 1390 pronuntiata
3234 1319 3344 1369 esse
3372 1342 3382 1369 .
3410 1319 3540 1372 unde

1972 1384 2152 1432 frustra
2172 1379 2468 1430 arbitrantur
2491 1393 2546 1428 se
2578 1380 2839 1441 ostendere
2863 1379 3005 1441 posse
3047 1379 3283 1441 Spiritum
3320 1390 3540 1433 sanctum

1972 1446 2208 1509 minorem
2238 1443 2362 1497 Deo,
2402 1454 2464 1489 eo
2487 1440 2617 1509 quod
2643 1443 2699 1509 in
2722 1440 2924 1509 psalmo
2947 1444 3014 1490 ita
3042 1440 3281 1509 habeatur
3305 1457 3315 1490 :
3351 1442 3541 1509 Venite,

1972 1507 2228 1555 adoremus
2247 1514 2376 1559 eum,
2397 1502 2536 1563 quasi
2572 1502 2755 1564 Spiritu
2797 1507 2963 1551 sancto
2999 1516 3097 1551 una
3128 1516 3237 1551 cum
3266 1502 3542 1564 hominibus

1974 1568 2224 1616 adorante.

3477 1562 3544 1616 66

2034 1627 2131 1677 XL,
2159 1651 2217 1663 _
2243 1625 2382 1686 Quod
2427 1624 2591 1674 dicant
2627 1623 2865 1686 Spiritum
2889 1620 2987 1672 vim
3024 1621 3351 1676 sanctiﬁcandi
3386 1626 3545 1686 habe—

1970 1700 2027 1736 ΥΘ

1969 1808 2187 1859 Verbum
2208 1809 2303 1858 Dei
2332 1808 2591 1857 Dominum
2614 1813 2879 1867 nuncupet,
2914 1809 2999 1856 ait.

3478 1684 3543 1738 67

2032 1723 2151 1811 XLI.
2175 1775 2238 1811 -ε-
2262 1748 2467 1811 Rursum
2500 1741 2764 1793 haereticus
2795 1748 2851 1793 ut
2876 1745 3103 1811 ostendat
3139 1747 3269 1809 quod
3307 1723 3541 1811 Spiritus:

3477 1810 3540 1860 67

2033 1870 2175 1919 XLII.
2200 1899 2261 1908 —
2281 1871 2530 1920 Adversus
2550 1880 2634 1916 eos
2655 1869 2738 1930 qui
2770 1866 2940 1930 dicunt
2965 1866 3143 1917 Eilium
3176 1870 3451 1930 postulare.
3478 1871 3542 1919 70

2029 1930 2197 1980 XLIII.
2218 1957 2279 1967 —
2300 1931 2438 1990 Quod
2458 1930 2560 1991 pari
2585 1940 2630 1975 m

1973 1995 2177 2055 tecoste,
2202 2000 2351 2055 atque
2376 1994 2434 2055 in
2451 1990 2618 2055 monte
2638 1990 2776 2055 Sina.

2032 2053 2193 2103 XLIV.
2221 2049 2440 2112 -—50uod
2477 2052 2698 2100 haeretici
2722 2049 2905 2111 dicant,
2950 2050 3186 2112 Spiritum
3222 2052 3402 2102 donum

1968 2123 2081 2163 esse
2090 2152 2101 2163 .

1967 2238 2271 2286 concordiam
2295 2248 2424 2285 esse.

2028 2298 2192 2347 XLVI.
2217 2326 2275 2334 —
2300 2295 2550 2357 Quomodo
2569 2294 2763 2343 bonitas
2780 2293 2876 2357 Dei
2897 2296 3199 2344 ostendatur.

2697 1942 2727 1977 o
2749 1929 2859 1977 data
2884 1930 2949 1977 sit
2969 1930 3050 1978 lex
3072 1944 3100 1978 a
3122 1929 3306 1992 spiritu
3329 1933 3380 1981 in
3407 1933 3543 1981 Pen-

3478 1992 3541 2040 '70

3440 2053 3541 2103 Dei

3476 2115 3541 2163 70

2029 2148 2248 2226 Ξῖιζν,-
2270 2148 2406 2235 Quod
2446 2172 2584 2224 Deus
2622 2171 2839 2224 Verbum
2876 2171 3133 2233 defendat,
3170 2172 3326 2224 Patris
3347 2179 3401 2225 et
3420 2148 3539 2225 ιηἰῆ

3474 2236 3536 2287 71

3475 2295 3536 2347 71

2026 2359 2210 2408 XLVII.
2230 2385 2291 2396 ——
2315 2356 2452 2418 Quod
2471 2358 2639 2406 omnes
2661 2356 2913 2418 prophetas
2950 2358 2999 2404 in
3025 2369 3174 2405 unum
3206 2356 3433 2418 collecti,
3452 2370 3541 2407 re-

1962 2432 2072 2469 rum
2110 2436 2136 2470 a
2169 2421 2358 2473 Christo
2386 2422 2440 2469 in
2482 2431 2629 2468 carne
2663 2430 2940 2480 gestarum,
2982 2419 3269 2468 memoriam
3308 2418 3542 2469 absolve-

1963 2480 2079 2530 rint.

2031 2542 2238 2592 XLVIII.
2261 2568 2321 2579 -—
2339 2542 2477 2602 Quod
2495 2539 2708 2590 Trinitas
2725 2539 2788 2587 sit
2805 2538 3246 2602 consubstantialis.

3474 2480 3532 2531 71

3476 2541 3538 2593 71

2028 2604 2190 2654 XLIX.
2223 2630 2285 2641 -—-
2304 2593 2441 2665 Quod
2475 2602 2816 2664 blasphemare
2840 2602 2890 2650 in
2908 2598 3090 2651 Filium
3108 2602 3173 2663 sit
3192 2593 3540 2665 blasphemaro

1965 2665 2017 2715 in
2038 2675 2250 2714 sanctam
2271 2663 2578 2714 Trinitatem.

2027 2727 2086 2794 με
2102 2753 2163 2762 —
2185 2727 2309 2794 Quid
2329 2728 2427 2775 sint
2441 2721 2748 2794 Ijlvangelia?

2026 2787 2110 2848 LI,
2131 2814 2194 2824 —
2214 2789 2289 2837 De
2312 2787 2519 2848 angelis.

2025 2846 2134 2910 LII.
2151 2873 2213 2883 —
2235 2841 2518 2910 Quod'opus
2539 2843 2811 2910 caelestium
2830 2841 3163 2908 potestatum?

2026 2906 2154 2958 LIII.
2173 2935 2233 2945 —
2256 2906 2386 2969 Quid
2406 2906 2485 2958 est
2502 2906 2680 2957 homo?

2029 2969 2150 3019 LIV.
2171 2996 2232 3009 -ρ
2250 2967 2387 3032 Quod
2405 2971 2700 3032 compositus
2716 2968 2782 3017 sit
2801 2967 2964 3032 homo,
2985 2973 3039 3015 et
3072 2980 3170 3017 non
3193 2967 3422 3032 simplex.

1967 3044 2067 3093 que
2091 3044 2153 3080 ex
2174 3028 2469 3081 similaribus
2486 3028 2730 3093 partibus,
2752 3031 2839 3093 sed
2863 3042 2924 3093 ex
2952 3028 3242 3091 incorporalt
3268 3028 3455 3089 mente,
3473 3035 3539 3093 et

1967 3090 2171 3154 corpore
2192 3090 2570 3165 concupiscenti,
2596 3090 2700 3140 sive
2722 3091 2933 3140 animali.

2028 3156 2307 3204 Admonitio
2326 3167 2374 3203 in
2397 3154 2661 3215 Epistulam
2681 3150 2966 3202 catholicam

2029 3214 2248 3276 Epistola
2272 3214 2523 3265 catholica.

2024 3276 2306 3338 Admonitio
2324 3279 2377 3325 in
2399 3289 2521 3338 Opus
2537 3287 2770 3338 sequens.

2029 3336 2273 3386 liet‘utatio
2295 3336 2565 3398 hypocrisis

1966 3407 2139 3446 versus
2165 3397 2737 3448 consubstantialitatem.

2026 3458 2305 3521 admonitio
2325 3461 2374 3508 in
2394 3466 2684 3521 sequentem
2707 3456 2991 3521 Epistolam.

2028 3518 2243 3580 Epistola
2265 3522 2327 3569 de
2352 3517 2685 3569 Incarnatione
2706 3517 2800 3567 Dei
2825 3518 2992 3568 Verbi.

2029 3579 2264 3642 hinnitum
2286 3584 2336 3630 in
2378 3581 2557 3630 librum
2581 3586 2890 3642 sequentem.

3475 2664 3541 2714 74

3470 2724 3538 2775 78

3470 2786 3536 2835 78

3470 2846 3536 2895 78

3471 2906 3537 2956 78

3441 2980 3538 3016 ne-

3472 3089 3539 3138 78

3472 3151 3539 3199 79

3471 3211 3536 3261 81

3472 3271 3538 3321 83

2630 3338 2773 3386 eletil
2794 3339 2849 3386 et
2866 3334 3064 3386 Eusebii
3081 3333 3435 3384 Samosatensis
3450 3334 3539 3383 ad-

3468 3394 3542 3504 ξ

3469 3516 3539 3626 ἓξ

2028 3639 2175 3690 Liber
2207 3650 2373 3692 contra
2416 3637 2739 3699 Sabellianos,
2764 3638 2839 3689 De
2869 3644 3052 3690 aeterna
3091 3639 3202 3690 I-‘ilii
3243 3642 3297 3688 et
3320 3637 3536 3700 Spiritus

1966 3705 2117 3751 sancti
2142 3718 2249 3752 cum
2274 3705 2380 3752 Deo
2399 3702 2702 3752 exsistentia.

2032 3763 2264 3826 hinnitum
2283 3767 2331 3814 in
2353 3767 2621 3815 orationem
2639 3767 2951 3826 sequentem.

2027 3825 2192 3890 oratio
2211 3827 2273 3890 de
2298 3840 2359 3876 eo
2378 3828 2505 3890 quod
2531 3841 2655 3876 unus
2680 3825 2745 3875 sit
2771 3825 3007 3890 Christus.

2026 3886 2379 3958 atlII’IOI-lliiodn
2395 3886 2614 3958 sequens
2632 3887 2940 3958 opusculum.

2026 3948 2102 3996 De
2127 3949 2351 3998 Sabbatis
2373 3957 2426 3999 ct
2447 3948 2827 4000 circumcisione.

2025 4009 2259 4072 Monitum
2282 4013 2331 4059 in
2354 4011 2602 4060 homiliam
2620 4014 2929 4072 sequentem.

2023 4070 2232 4120 Homilia
2253 4072 2316 4121 de
2339 4079 2582 4121 semente.

2026 4132 2235 4197 Homilia
2258 4133 2453 4197 inillud
2477 4128 2728 4197 ;__Profecti
2753 4129 2804 4181 in
2831 4141 3010 4195 pagum
3046 4126 3131 4193 qui
3149 4132 3268 4181 ests
3308 4125 3416 4196 regi

1961 4191 2208 4258 ingemens
2228 4193 2415 4258 pullam
2436 4191 2704 4258 alligatum.

2020 4251 2238 4305 Homilia'
2254 4255 2305 4303 in
2332 4251 2613 4305 Passion'em
2634 4263 2684 4305 et
2707 4267 2898 4304 crucem
2920 4251 3133 4303 Domini.

2021 4315 2252 4378 hinnitum
2274 4319 2325 4365 in
2346 4324 2642 4378 sequentem
2665 4315 2857 4365 librum.

2016 4376 2166 4426 Liber
2187 4378 2248 4426 de
2278 4374 2584 4441 Virginitate,
2606 4377 2710 4428 sive
2734 4379 2796 4427 de
2817 4374 3005 4427 Ascesi.

2020 4441 2304 4503 Admonitio
2323 4442 2369 4488 in
2394 4454 2517 4503 opus
2537 4453 2768 4501 sequens.

2021 4502 2255 4563 Synopsis
2278 4502 2539 4564 Scriptum
2560 4515 2723 4552 sacrm.

2021 4559 2302 4614 A‘dmonitio
2326 4559 2779 4614 in'disnutationem
2800 4565 2968 4612 contra
2988 4559 3174 4610 Arium.

2022 4624 2284 4675 SCIIII’TA
2309 4623 2423 4673 SI‘U
2436 4623 2555 4673 IIIA.

2019 4688 2295 4752 Disputatio
2313 4686 2473 4752 habita
2497 4688 2543 4733 in
2566 4684 2772 4734 concilio
2804 4683 2999 4752 Niceno
3021 4685 3191 4731 contra
3208 4678 3394 4731 Arium.

2020 4744 2300 4798 Admonitio
2321 4750 2368 4794 in
2389 4759 2603 4807 sequens
2622 4744 2924 4807 opusculum.

2021 4810 2194 4857 Sermo
2215 4813 2379 4855 contra
2395 4820 2565 4855 omnes
2584 4807 2817 4856 haereses.

2021 4867 2300 4920 Admonitio
2320 4867 2368 4916 in
2394 4869 2650 4916 Historiam
2675 4868 2737 4917 de
2765 4864 3113 4917 Melchisedec.

2016 4931 2229 4980 Historia
2248 4930 2310 4977 de
2337 4929 2677 4978 Melchisedec.

2020 4993 2254 5041 Monitum
2275 4992 2323 5039 in
2341 4991 2626 5052 opusculum
2648 5002 2878 5052 sequens.

2019 5052 2233 5115 Epistola
2257 5053 2316 5100 ad
2335 5047 2601 5161 piissimum
2621 5047 2961 5113 imperatorem
2980 5047 3301 5097 Iovinianum.

2019 5115 2250 5161 Monitum
2272 5115 2320 5161 in
2384 5113 2539 5161 ibrum
2561 5114 2625 5161 de
2656 5109 3037 5161 deﬁnitionibus.

2017 5109 2250 5164 monitum
2272 5115 2320 5161 in
2338 5109 2539 5161 Librum
2561 5114 2625 5162 de
2656 5109 3037 5163 deﬁnitionibus.

2015 5176 2163 5225 Liber
2183 5177 2246 5225 de
2269 5173 2649 5225 definitionibus.

2016 5239 2052 5288 I.
2076 5265 2135 5274 —
2154 5239 2229 5288 De
2251 5235 2556 5284 deﬁnitione.

3469 3698 3536 3749 95

3438 3757 3530 3811 121

3437 3819 3535 3874 121

3436 3880 3530 3933 151

3436 3941 3534 3992 153

3436 4003 3533 4054 145

3434 4063 3532 4115 143

3417 4139 3509 4180 (me

3434 4160 3531 4240 ἵξᾷ

3430 4250 3529 4300 185

3431 4310 3525 4362 251

3432 4370 3522 4422 251

3434 4432 3522 4483 281

3431 4493 3526 4543 283

3429 4553 3525 4603 457

3429 4614 3524 4664 440

3428 4672 3523 4723 440

3428 4735 3517 4787 501

3426 4796 3523 4848 502

3426 4858 3522 4908 525

3427 4918 3523 4969 523

2016 5286 2073 5349 li.
2096 5286 2253 5347 -ίυθ
2281 5299 2552 5351 voluntate,
2582 5295 2885 5359 proprietate
2928 5301 2979 5343 et
3000 5291 3285 5355 Operatione
3304 5325 3318 5351 ,
3360 5286 3519 5359 etugg

1952 5364 2134 5412 unione
2157 5365 2211 5407 et
2227 5359 2645 5408 consubstantiali.

2018 5422 2098 5472 III.
2123 5447 2184 5457 —
2207 5420 2347 5479 Quod
2366 5421 2544 5469 dicitur
2569 5418 2854 5480 proprietas.

2014 5484 2095 5532 IV.
2123 5510 2184 5518 —
2205 5483 2279 5531 De
2300 5482 2346 5529 vi
2370 5482 2565 5543 agendi.

2020 5546 2076 5594 V.
2096 5572 2158 5581 —
2174 5545 2249 5593 De
2275 5543 2476 5591 unione.

2015 5606 2098 5655 VI.
2126 5632 2186 5641 —
2205 5605 2279 5655 De
2302 5600 2725 5655 consubstantiali.

2012 5666 2103 5716 VII
2140 5694 2202 5704 —
2224 5667 2298 5716 De
2322 5664 2483 5715 anima
2507 5671 2559 5713 et
2584 5669 2767 5712 mente.

2015 5727 2146 5789 VIII.
2172 5752 2233 5764 —-
2253 5727 2327 5775 De
2354 5726 2677 5789 corruptibili.

2017 5784 2095 5854 ix.
2122 5816 2192 5854 -η
2205 5789 2365 5854 Quare
2389 5784 2565 5854 dicitur
2583 5785 2952 5854 primogenitus.
2989 5846 3017 5854 __
3080 5841 3111 5854 η

2016 5852 2073 5900 Χ.
2096 5877 2153 5888 —
2174 5839 2299 5911 Quid
2323 5859 2402 5901 est
2426 5839 2655 5910 verbum,
2677 5839 2867 5910 etquot
2891 5846 3047 5895 modis
3066 5839 3275 5895 dicitur?

3422 5342 3518 5400 539

3421 5404 3520 5460 542

3425 5465 3522 5520 542

3424 5528 3518 5582 545

3425 5586 3522 5643 546

3423 5648 3520 5701 546

3423 5708 3516 5765 547

3423 5767 3518 5824 550

3423 5829 3516 5885 550
