4032 6376
578 391 722 452 1689

2031 392 2345 449 ΔῡῡΕΝῡΔ

3654 391 3783 447 ιειο

576 510 776 581 ἀνέστη
797 525 813 541 ·
844 508 935 562 καὶ
968 508 1049 561 ὅτι
1078 506 1157 570 είς
1196 506 1453 578 οὐρανοὺς
1482 506 1752 580 ἀνελήφθη
1770 524 1783 540 ·
1814 508 1910 563 καὶ
1947 508 2128 564 ἐκάθι-
2154 520 2199 575 Α
2224 510 2357 572 ὅλως
2373 507 2435 563 τὸ
2451 505 2706 579 παράπαν
2724 522 2738 538 ·
2756 483 2890 560 ἀλλά
2912 504 2992 567 τὸ,
3015 506 3122 570 ναὶ,
3141 503 3255 571 ναὶ,
3273 505 3367 558 καὶ
3385 504 3466 567 τὸ,
3483 502 3568 570 οὑ,
3593 502 3677 558 οῦ·
3695 507 3783 561 καὶ

580 621 673 659 σεν
703 606 762 658 ἐν
791 603 939 675 δεξιᾷ
982 601 1074 655 τοῦ
1097 602 1327 673 Πατρὸς,
1358 601 1671 668 ἀποθεώσας
1701 602 1789 657 τὸν
1824 602 2124 675 ἄνθρωπον,

576 696 638 751 ὃν
664 695 849 749 ἐλαϐεν
867 710 883 724 ·
909 694 1002 748 καί
1028 693 1317 765 ἐρχόμενον
1337 695 1514 765 κρῖναι
1535 694 1742 759 ζῶντας
1760 694 1853 747 καὶ¹
1879 694 2124 766 νεκρούς.

578 787 644 840 Et
686 786 743 839 δέ
798 801 912 847 πως
947 784 1267 855 προωρικῶς
1323 785 1379 836 αί
1418 783 1558 838 θεῖαι
1603 784 1813 856 Γραφαὶ
1862 784 2125 853 λέγουσιν,

577 874 725 945 αὐτῷ
760 874 837 947 (α)
863 874 1048 945 ῶσπερ
1080 874 1370 944 κτίσματος
1400 875 1459 927 τὸ
1488 874 1626 929 κατὰ
1654 876 1830 947 σάρκα
1862 876 1953 929 καὶ
1990 875 2128 947 πλη-

578 963 803 1036 ροῦσθαι
841 962 1349 1035 καταλαμϐάνομεν.
1371 966 1490 1018 Ἔτι
1518 964 1977 1037 ἀναθεματίζομεν
2002 967 2129 1031 τοὺς

580 1056 655 1128 μὴ
679 1054 1068 1127 ὁμολογοῦντας
1096 1052 1232 1111 εἶναι
1263 1058 1553 1111 ἀνάστασιν
1578 1058 1802 1129 νεκρῶν,
1832 1059 1925 1111 καὶ
1952 1057 2130 1122 πάσας

574 1147 675 1210 τάς
708 1146 965 1217 αἱρέσεις.
1012 1147 1428 1219 ’Δνεθεματίσθη
1470 1148 1525 1201 δὲ
1556 1148 1649 1201 καὶ
1682 1151 1739 1202 ἐν
1775 1152 1888 1213 τοῖς
1931 1166 2127 1221 προγεο

576 1237 913 1308 γραμμένοις
954 1238 987 1309 ἡ
1024 1235 1178 1301 ἀθεος
1216 1238 1393 1301 πίστις
1436 1237 1545 1291 τῶν
1590 1237 1909 1309 Ἀρειανῶν,
1942 1239 2000 1291 ἐν
2050 1237 2131 1310 τῷ

575 1328 852 1382 πιστεύειν
884 1329 977 1382 καὶ
1003 1328 1201 1398 λέγειν,
1247 1329 1568 1401 γεννηθέντα
1595 1331 1688 1383 καὶ
1719 1330 1778 1383 οὐ
1809 1330 2125 1402 ποιηθέντα·

575 1418 729 1472 αὐτοὶ
763 1420 872 1491 γὰρ
910 1419 1125 1488 λέγουσι
1160 1420 1364 1491 κτίσμα
1402 1419 1492 1473 τὸν
1531 1420 1656 1473 Υίδν
1700 1416 1856 1475 εἶναι.
1898 1421 2042 1492 Πρὸς
2071 1421 2129 1476 δὲ

575 1509 636 1563 τὸ
679 1510 1067 1583 ἀναπληρῶσαι
1119 1511 1295 1564 πάντα
1333 1511 1402 1564 τά
1440 1510 1538 1581 τῆς
1584 1512 1817 1575 πίστεως
1862 1512 2002 1584 μέρη
2049 1512 2130 1566 ἔτι

574 1599 962 1670 ὁμολογοῦντες
1008 1600 1179 1654 ταῦτα
1232 1600 1492 1670 λέγομεν·
1538 1602 1618 1655 ὅτι
1670 1602 1995 1673 πιστεύομεν
2051 1606 2130 1665 είς

574 1690 632 1743 εν
662 1690 737 1762 (b)
768 1690 1066 1761 βάπτισμα,
1095 1691 1176 1753 είς
1210 1690 1337 1761 μίαν
1371 1689 1711 1761 Ἐκκλησίαν,
1739 1693 1817 1755 είς
1841 1692 2130 1745 ἀνάστασιν

574 1783 799 1855 νεκρῶν,
824 1784 904 1848 εἰς
937 1782 1209 1853 βασιλείαν
1251 1782 1514 1852 οὐρανῶν,
1555 1785 1633 1846 είς
1673 1784 1851 1855 κρίσιν
1895 1783 2126 1838 αἰώνιον.

575 1873 680 1927 ἰ’δν
706 1874 837 1927 Θεὸν
865 1872 1227 1945 ὁμολογοῦμεν
1256 1873 1468 1944 Πατέρα
1498 1875 1589 1926 καὶ
1634 1874 1724 1927 τὸν
1765 1874 1891 1927 Υίὸν
1932 1875 2026 1928 καὶ
2068 1875 2129 1927 τὸ

2227 602 2321 655 ἐάν
2368 617 2469 653 που
2512 600 2722 671 ἀνάγκη
2770 597 2888 651 τινά
2931 597 3106 666 λέγειν
3157 597 3218 649 ἐν
3266 595 3479 667 ὁμιλίᾳ,
3516 595 3780 664 γίνωσκε.

2239 691 2513 761 Ἀλήθειαν
2544 690 2685 758 λέγω
2704 706 2717 719 ·
2744 689 2805 743 οὑ
2838 687 3121 759 ψεύδομαι.
3154 687 3232 741 Τὸ
3266 687 3322 740 δὲ
3352 687 3644 758 σεϐάσμιον
3672 688 3784 741 ὅντε

2230 799 2305 853 μα
2350 781 2441 834 τοῦ
2474 779 2606 833 Θεοῦ
2648 779 2731 849 ἐφ’
2768 779 2914 850 ὅρκῳ
2945 778 3019 850 μὴ
3058 778 3215 845 λάϐε,
3270 779 3406 849 μήτε
3452 778 3578 831 τινὰ
3619 780 3778 850 ὅρκῳ,

2227 871 2404 935 καθὼς
2436 867 2551 924 εἷπε
2585 871 2644 924 τὸ
2682 872 2833 941 ἀγιον
2864 870 3187 939 Εύαγγέλιον
3207 885 3223 900 ·
3276 869 3447 923 ταῦτα
3476 870 3585 941 γὰρ
3619 871 3780 923 πάντα

2227 962 2294 1016 τά
2328 961 2612 1033 σφάλματα
2655 963 2718 1015 οὐ
2763 963 3044 1032 προσήκει,
3098 960 3225 1015 οὔτε
3276 960 3505 1033 ἁρμόζει
3540 964 3654 1025 τοῖς
3692 978 3781 1031 μο-

2226 1055 2426 1124 ναχοῖς·
2479 1052 2612 1105 ἀλλά
2640 1054 2732 1106 καὶ
2769 1053 2876 1106 ἀπὸ
2919 1052 3244 1123 Ἐκκλησίας
3266 1052 3545 1106 ἐκϐάλλειν
3583 1053 3672 1105 τὸν
3710 1052 3781 1123 μὴ

2229 1142 2769 1217 παραφυλαττόμενον
2813 1145 2871 1196 ἐν
2929 1142 3156 1208 τούτοις.
3224 1144 3345 1197 Ἔτι
3391 1144 3448 1197 δὲ
3499 1142 3662 1195 αὑτὸν
3712 1143 3782 1214 μὴ

2230 1235 2468 1306 γυμνοῦν
2498 1234 2724 1288 ἐνώπιόν
2749 1251 2893 1297 τινος
2910 1234 2970 1287 τὸ
3003 1232 3307 1299 σύνολον,εί
3341 1235 3415 1305 μὴ
3445 1234 3514 1287 δι’
3546 1234 3784 1305 ἀνάγκην

2229 1328 2525 1392 ἀσθενείας,
2566 1330 2623 1380 ἐν
2660 1327 2885 1399 λουτρῷ,
2916 1328 2948 1399 ἢ
2989 1327 3076 1382 διὰ
3106 1327 3298 1391 πάθος,
3326 1328 3359 1399 ἢ
3383 1331 3441 1381 ἐν
3473 1327 3627 1398 βάθει
3665 1328 3785 1382 ὑδά-

2227 1435 2353 1471 των.
2388 1418 2535 1489 Μηδὲ
2563 1418 2789 1489 ὑϐρίσῃς
2814 1417 3034 1487 ἀδελφὸν
3071 1417 3238 1489 ρακά.
3266 1417 3298 1487 ἢ
3326 1418 3507 1489 μωρόν
3525 1434 3540 1447 ·
3574 1419 3785 1489 ἑορταῖς

2227 1509 2283 1562 δὲ
2312 1508 2547 1572 ἐθνικαῖς
2581 1510 2654 1580 μὴ
2686 1512 3092 1578 συγκοινωνεῖν·
3119 1509 3188 1563 τά
3213 1509 3452 1563 σάϐϐατα
3482 1510 3556 1580 μὴ
3594 1508 3787 1578 φυλάτ-

2228 1617 2359 1663 τειν,
2390 1599 2637 1671 καθάπερ
2674 1600 2723 1653 οί
2767 1601 3035 1653 Ἰουδαῖοι·
3069 1599 3144 1672 μὴ
3184 1599 3473 1671 μαγεύειν·
3529 1599 3607 1670 μὴ
3653 1616 3786 1672 φαρ-

2233 1690 2516 1761 μακεύειν·
2551 1691 2683 1760 μηδὲ
2709 1691 3074 1762 συμπράττειν
3099 1691 3268 1745 ταῦτα
3296 1693 3387 1744 ἐπὶ
3407 1691 3547 1761 νόσῳ
3570 1691 3606 1762 ἡ
3633 1690 3786 1745 πάθει

2232 1779 2264 1851 ἢ
2290 1783 2347 1833 ὲν
2382 1780 2628 1851 δείγματι
2649 1799 2663 1812 ·
2695 1780 2768 1852 μὴ
2803 1780 3133 1852 ἀπέρχεσθαι
3161 1783 3294 1853 πρὸς
3323 1781 3571 1834 ὲπαοιδόν
3595 1799 3608 1810 ·
3656 1782 3786 1852 μήτε

2235 1871 2570 1943 φυλακτήρια
2611 1871 2785 1942 ἐαυτῷ
2813 1871 3173 1941 περιτιθέναι·
3210 1874 3345 1943 μήτε
3386 1871 3786 1943 περικαθαίρειν

574 1964 729 2033 ἀγιον
760 1964 1014 2036 Πνεῦμα·
1051 1964 1266 2036 Πατέρα
1312 1965 1711 2034 ἀκατάληπτον,
1757 1966 2129 2037 ἀπερινόητον,
2162 1971 2205 2026 Β
2236 1965 2369 2033 μήτε
2402 1963 2493 2031 ἀφ’
2527 1962 2715 2015 ἑαυτοῦ
2765 1964 2901 2034 μήτε
2944 1963 3051 2016 ἀπὸ
3089 1962 3246 2017 ἄλλου
3283 1964 3459 2026 τινός·
3497 1964 3635 2017 ἀλλά
3664 1965 3789 2017 πάν-

572 2055 838 2127 ἀὸριστον,
879 2055 972 2109 καὶ
1022 2056 1246 2125 ἀνόητον
1266 2071 1280 2085 ·
1310 2055 1525 2127 πνεῦμα
1564 2056 1672 2126 γὰρ
1716 2058 1745 2109 ὁ
1781 2056 1943 2121 Θεός·
1978 2056 2135 2128 θελή-

577 2162 707 2217 ματι
734 2146 790 2199 δέ
813 2146 976 2200 αὑτοῦ
1005 2148 1100 2201 καὶ
1128 2146 1354 2219 ἀληθείᾳ.
1397 2150 1491 2202 καὶ
1538 2149 1813 2219 εύδοκήσει
1856 2150 2018 2219 όφθέν
2040 2151 2135 2203 καὶ

571 2233 807 2307 λαλῆσαν
833 2238 1155 2309 προφήταις.
1174 2238 1268 2291 καὶ
1292 2238 1517 2302 δικαίοις
1536 2255 1549 2269 ·
1567 2239 1643 2310 τῷ
1676 2240 1861 2311 Ἀδὰμ,
1889 2240 1965 2311 τῷ
1988 2240 2131 2305 Νῶε,

571 2325 649 2398 τῷ
686 2326 932 2398 Ἀϐραάμ
949 2367 964 2389 ,
993 2327 1070 2398 τῷ
1108 2328 1310 2394 Ἰσαὰκ,
1333 2329 1409 2401 τῷ
1447 2330 1661 2395 Ἰακὼϐ,
1678 2332 1927 2402 Σαμουὴλ
1954 2348 2013 2385 τε
2041 2333 2135 2386 καὶ

569 2419 756 2484 Δαυῖδ,
792 2420 969 2473 Ἡλίου
1000 2421 1095 2474 καὶ
1138 2421 1421 2493 Ἐλισσαίῳ
1438 2439 1454 2455 ο
1493 2424 1588 2476 καὶ
1615 2426 1723 2487 τοῖς
1753 2424 1956 2488 λοιποῖς
1988 2424 2134 2491 άπαξ

571 2512 911 2583 προφήταις·
960 2511 1092 2566 Θεὸν
1129 2513 1289 2566 αὑτὸν
1333 2514 1461 2567 ὄντα
1502 2517 1602 2584 τῆς
1645 2517 1851 2586 Καινῆς
1894 2517 1989 2570 καὶ
2023 2518 2136 2571 Πα-

570 2600 728 2665 λαιᾶς
760 2599 1051 2672 Διαθήκης.
1080 2601 1220 2656 Ὅσα
1263 2602 1320 2656 δὲ
1361 2605 1394 2672 ἡ
1431 2602 1621 2675 Γραφὴ
1665 2603 1832 2673 λέγει,
1861 2604 2133 2675 ὀφθαλμὸς

572 2692 814 2764 Κυρίου,
859 2686 975 2746 ῶτα
1021 2692 1247 2764 Κυρίου,
1292 2695 1386 2747 καὶ
1435 2695 1534 2748 ὅσα
1567 2695 1789 2749 τοιαῦτα
1835 2697 1960 2768 περὶ
1997 2695 2131 2749 Θεοῦ

572 2781 719 2852 λέγει
747 2786 781 2855 ἡ
814 2782 1024 2855 Γραφὴ,
1046 2783 1216 2855 ἀληθῆ
1241 2786 1377 2837 εἰσιν
1395 2801 1411 2817 ·
1440 2786 1533 2839 καὶ
1566 2784 1738 2849 οὕτως
1772 2786 2092 2857 πιστεύομεν
2114 2802 2129 2817 ·

572 2875 965 2948 ἀκαταλήπτως
982 2876 1037 2929 δὲ
1064 2876 1157 2929 καὶ
1181 2877 1548 2951 ἀπερινοὴτως
1564 2893 1576 2905 ·
1614 2878 1707 2931 καὶ
1728 2880 1901 2931 πάντα
1928 2877 2135 2949 ἄνθρω-

572 2986 673 3023 πον
704 2970 825 3023 κατ’
861 2968 1043 3022 είκόνα
1076 2964 1215 3023 εἶναι
1243 2967 1398 3024 Θεοῦ.
1434 2969 1589 3024 Ἐστι
1619 2970 1690 3039 (c)
1721 2969 1777 3022 δὲ
1815 2970 1843 3021 ὁ
1878 2968 1991 3039 βίος
2025 2968 2132 3021 τῶν

572 3061 703 3115 υἱῶν
748 3061 846 3132 τῆς
875 3060 1045 3131 αὐτῆς
1069 3059 1358 3132 καθολικῆς
1400 3059 1742 3131 Ἐκκλησίας,
1783 3061 1876 3113 καὶ
1907 3060 2132 3131 μάλιστα

572 3151 886 3206 ἐπισκόπων
911 3153 1004 3206 καὶ
1051 3151 1325 3224 κληρικῶν
1371 3153 1464 3206 καὶ
1512 3150 1846 3223 μοναζὸντων
1891 3153 1983 3205 καὶ
2025 3151 2132 3204 τῶν

571 3241 771 3297 λοιπῶν
795 3242 1158 3314 Χριστιανῶν,
1181 3243 1274 3297 καὶ
1312 3242 1386 3305 ῶς
1424 3244 1535 3306 τοῖς
1568 3244 1699 3306 υἱοῖς
1735 3241 1911 3295 αὐτῶν
1956 3242 2134 3295 ἐντέλ-

2238 2070 2357 2106 τοτε
2392 2052 2451 2106 τὸ
2494 2054 2650 2125 σῶμα
2691 2053 2921 2123 φύλαττε
2964 2054 3071 2107 ἀπὸ
3108 2056 3285 2126 πάσης
3322 2056 3676 2127 αίσχρότητος
3702 2055 3790 2108 καὶ

2237 2146 2552 2214 ἀσελγείας·
2596 2147 2731 2217 μήτε
2770 2146 2911 2217 ἐχειν
2953 2150 3211 2215 γυναῖκας
3251 2149 3546 2211 συνάκτους
3580 2147 3641 2218 (ῐ.
3672 2164 3790 2200 συν-

2238 2239 2538 2307 εισάκτους)
2572 2239 2821 2309 καθάπερ
2847 2238 2988 2303 τινὲς
3024 2240 3309 2311 ἀγαπητὼς
3336 2239 3630 2293 ὑπέθεντο·
3660 2241 3790 2309 τάχα

2238 2327 2324 2379 ἐπ’
2352 2327 2591 2397 ἐσχάτων
2620 2328 2841 2399 μισηταὶ
2862 2329 2919 2381 ὲν
2952 2328 3097 2401 αύτῷ
3133 2329 3541 2401 εὑρεθήσονται,
3579 2331 3672 2387 καὶ
3706 2348 3790 2384 πι-

2237 2419 2489 2492 κρότεραι
2536 2421 2729 2492 χολῆς·
2772 2421 2846 2493 μὴ
2891 2420 2981 2493 ἔχε
3022 2421 3161 2475 κατά
3201 2423 3377 2493 ψυχὴν
3421 2422 3622 2494 ἔχθραν
3661 2422 3792 2477 κατά

2236 2528 2408 2576 τινος,
2455 2513 2548 2565 καὶ
2604 2512 2823 2583 γένηται
2864 2515 2897 2585 ἡ
2953 2517 3221 2586 προσευχή
3260 2531 3354 2568 σου
3399 2515 3788 2585 ἀπρόσδεκτος·

2241 2601 2315 2672 μὴ
2348 2600 2601 2671 συνεύχου
2653 2603 2790 2673 μετά
2835 2604 3123 2674 αίρετικῶν
3173 2604 3205 2675 ἢ
3252 2603 3394 2672 μετά
3433 2603 3680 2669 ἐθνικῶν,
3706 2606 3791 2659 καὶ

2237 2692 2458 2763 γένηται
2488 2695 2521 2764 ἡ
2556 2695 2826 2765 προσευχὴ
2856 2711 2946 2747 σου
2980 2694 3359 2767 ἀπρόσδεκτος·
3387 2695 3466 2766 μὴ
3500 2696 3791 2767 παράϐαινε

2236 2782 2485 2853 νηστείαν
2515 2785 2741 2856 Κυρίου,
2758 2785 2899 2838 τοῦτ’
2921 2785 3036 2841 ἔστι
3054 2788 3283 2859 τετράδα
3303 2788 3396 2841 καὶ
3428 2792 3791 2861 παρασκευὴν,

2237 2875 2286 2926 εί
2317 2874 2391 2944 μὴ
2419 2874 2499 2926 ἔτι
2530 2875 2622 2928 ἐπὶ
2644 2875 2782 2947 νόσῳ
2814 2876 3110 2947 βεϐάρησαι
3129 2894 3142 2907 ·
3184 2878 3351 2948 χωρὶς
3387 2879 3488 2947 τῆς
3513 2879 3794 2951 ἑϐδομάδος

2236 2966 2331 3020 τοῦ
2374 2967 2529 3036 ἀγίου
2565 2968 2757 3039 Πάσχα
2816 2969 2909 3023 καί⁸
2962 2965 3061 3041 τῆς
3108 2971 3522 3044 Πεντηκοστῆς,
3562 2975 3656 3026 καί⁵
3695 2972 3794 3025 τῶν

2236 3057 2564 3113 δεσποτικῶν
2592 3060 2812 3132 ἑορτῶν,
2845 3062 2952 3115 τῶν
2971 3062 3176 3116 δώδεκα
3195 3079 3211 3096 ·
3246 3063 3345 3127 τὰς
3368 3064 3426 3117 δέ
3455 3064 3648 3130 λοιπάς
3667 3068 3699 3136 ἡ
3707 3066 3796 3137 μέο

2239 3167 2337 3223 ρας
2367 3149 2607 3221 ἀκριϐῶς
2631 3151 2885 3221 φύλαττε.
2921 3153 3013 3224 Μὴ
3046 3152 3196 3208 λύειν
3225 3154 3324 3226 τὴν
3355 3157 3614 3227 νηστείαν
3639 3159 3796 3229 χωρὶς

2237 3241 2510 3313 ἀνάγκης·
2545 3242 2653 3295 εἴτε
2677 3243 2771 3297 καὶ
2795 3243 3019 3313 ἀδελφὸς
3039 3244 3176 3316 πρὸς
3203 3246 3263 3299 σὲ
3297 3247 3612 3320 ἐνδημὴσει,
3639 3249 3796 3320 μετά-

570 3330 752 3386 λονται
773 3348 790 3363 ·
821 3331 1036 3403 πρῶτον
1056 3331 1209 3385 αὐτοὶ
1239 3331 1410 3395 οὕτως
1437 3331 1713 3400 διάγοντες
1744 3332 1837 3385 καὶ
1859 3331 2133 3386 διδάσκον-ι
2158 3317 2199 3375 C
2231 3331 2318 3395 δος
2345 3331 2563 3404 ἀγάπην
2588 3331 2677 3386 διά
2702 3332 2793 3386 τὸν
2829 3333 2995 3388 κόπον
3023 3334 3123 3406 τῆς
3147 3335 3267 3389 ὁδοῦ
3288 3356 3302 3368 ·
3332 3317 3499 3393 σῦδέ⁷
3526 3340 3604 3412 μὴ
3635 3317 3798 3412 γεύσῃ

568 3438 694 3488 ⁴τες·
726 3422 898 3487 οὕτως
930 3423 1113 3494 χάριτί
1154 3423 1277 3475 ἐστε
1319 3423 1669 3494 σεσωσμένοι.
1708 3421 1847 3475 Ἀλλ’
1897 3425 1929 3494 ἡ
1973 3424 2131 3495 χάρις

552 3514 815 3587 βούλεται
855 3514 1204 3586 αύθαιρέτους
1237 3510 1372 3567 εἶναι
1414 3515 1508 3567 καὶ
1564 3514 1763 3579 παντὸς
1811 3514 1996 3579 καλοῦ,
2038 3516 2131 3568 καὶ

569 3607 775 3678 ἀγαθοῦ
793 3624 808 3639 ·
838 3607 934 3661 καὶ
973 3606 1217 3679 ζηλωτὰς
1244 3608 1341 3679 τῆς
1373 3607 1651 3679 ὀρθοδόξου
1681 3607 1915 3672 πίστεως
1947 3605 2092 3672 ἄξιον
2113 3624 2126 3639 ·

569 3701 665 3755 καὶ
704 3700 864 3753 αὑτὸν
893 3697 1259 3771 εὐτρεπίζειν·
1289 3697 1551 3771 πρόδηλον
1594 3698 1687 3753 καὶ
1728 3698 1898 3752 ταῦτα
1926 3699 2131 3768 φυλάτ.

567 3809 711 3847 τειν·
754 3792 850 3846 καὶ
887 3792 980 3846 τὸν
1022 3790 1226 3863 Κύριον
1271 3791 1429 3863 ἡμῶν
1468 3790 1673 3863 Ἰησοῦν
1716 3789 1949 3861 Χριστόν
1994 3792 2131 3860 ἀγα-

569 3886 762 3956 πήσεις
798 3883 959 3938 αὐτὸν
993 3882 1051 3950 ἐξ
1090 3884 1217 3954 ὅλης
1260 3884 1356 3954 τῆς
1390 3882 1613 3953 καρδίας
1649 3899 1763 3947 σου,
1798 3882 1892 3935 καί
1921 3881 1977 3949 ἐξ
2003 3882 2129 3952 ὅλης

566 3979 667 4046 τῆς
684 3975 859 4047 ψυχῆς
885 3992 976 4029 σου
997 3991 1011 4006 ·
1040 3975 1133 4027 καὶ
1165 3974 1255 4027 τὸν
1292 3973 1513 4042 πλησίον
1554 3990 1646 4026 σου
1679 3971 1753 4035 ὡς
1786 3973 2005 4025 σεαυτόν
2026 3990 2039 4003 ·
2067 3973 2127 4024 οὐ

570 4067 915 4139 φονεύσωμεν
934 4084 947 4098 ·
968 4068 1027 4120 οὐ
1054 4065 1238 4137 μοιχεύ
1248 4082 1423 4136 σωμεν
1443 4082 1455 4095 ·
1489 4065 1550 4118 οὐ
1577 4063 2090 4135 παιδοφθορὴσωμεν
2112 4079 2124 4093 ·

568 4159 628 4212 οὑ
662 4157 1163 4231 φαρμακεύσωμεν·
1198 4157 1257 4209 οὑ
1298 4157 1613 4227 κλέψωμεν·
1661 4156 1720 4209 οὐ
1763 4154 2129 4225 ψευδομαρτυ-

572 4252 852 4321 ρὴσωμεν·
897 4252 959 4303 οὐ
1004 4250 1504 4320 διχοστατήσωμεν·
1545 4247 1871 4320 ἀπεχώμεθα
1904 4247 2125 4301 πνικτοῦ

568 4341 662 4393 καὶ
686 4340 931 4411 αἵματος,
964 4341 1059 4393 καὶ
1094 4340 1421 4404 πλεονεξίας.
1460 4341 1618 4412 Ὅρα,
1652 4339 1924 4411 ἄνθρωπε,
1963 4340 2128 4409 μήτις

570 4450 630 4486 σε
655 4434 921 4506 ἀπατήσει
958 4432 1055 4503 τῆς
1098 4433 1331 4496 πίστεως
1359 4431 1561 4503 ταύτης
1581 4446 1595 4460 ·
1620 4434 1740 4485 ἐπεὶ
1764 4431 2030 4503 παρεκτός
2066 4447 2126 4483 σε

566 4523 701 4578 Θεοῦ
728 4524 984 4578 διδάσκει.
1008 4524 1192 4577 Ταῦτά
1212 4524 1316 4576 είσι
1344 4522 1412 4576 τά
1448 4521 1696 4593 προφανῆ
1729 4523 2090 4593 ἁμαρτήματα
2110 4538 2125 4553 ·

568 4621 623 4673 αἱ
649 4618 707 4672 δέ
751 4619 826 4683 ὡς
869 4618 1144 4689 ἐλάχισται
1172 4617 1488 4689 φαινόμεναι
1526 4615 1731 4669 ἐντολαί
1753 4630 1765 4642 ·
1795 4608 1868 4668 ὧν
1904 4616 1997 4668 καὶ
2030 4613 2127 4666 αὑ-

2233 3421 2337 3484 ἐως
2364 3419 2511 3492 ὥρας
2552 3423 2795 3495 ἐννάτης.
2828 3423 3099 3496 Νηστείαν
3125 3425 3184 3478 δέ
3212 3424 3358 3495 λέγω
3401 3427 3502 3500 τὴν
3534 3430 3794 3500 τεταγμέ-

2231 3528 2349 3581 νην,
2390 3511 2535 3566 τοῦτ’
2578 3512 2694 3567 ἔστι
2730 3513 2835 3585 πρὸ
2878 3515 3096 3568 πάντων
3136 3515 3235 3587 τὴν
3275 3516 3440 3584 ἁγίαν
3471 3519 3568 3572 καὶ
3599 3520 3796 3586 ἔνδοξον

2230 3604 2691 3675 τεσσαρακοστὴν,
2730 3606 2824 3658 καὶ
2855 3604 2948 3658 τοῦ
2989 3606 3177 3660 λοιποῦ
3210 3608 3404 3680 χρόνου
3443 3610 3677 3681 τετράδα
3707 3610 3797 3663 καὶ

2231 3694 2583 3763 παρασκευήν
2602 3709 2614 3723 ·
2650 3694 2746 3758 τὰς
2765 3694 2822 3748 δὲ
2852 3694 3040 3759 λοιπάς
3064 3696 3296 3769 ἡμέρας,
3326 3700 3498 3770 ἡγουν
3528 3700 3793 3772 δευτέραν,

2229 3783 2441 3855 τρίτην,
2473 3785 2567 3838 καὶ
2595 3785 2869 3857 πέμπτην,
2904 3785 2997 3840 ὲάν
3031 3786 3259 3843 δύνασαι
3287 3790 3396 3843 ἀπὸ
3435 3791 3574 3857 ιδίας
3610 3810 3794 3865 προαι-

2233 3876 2436 3947 ρέσεως
2457 3876 2755 3948 νηστεύειν,
2786 3876 2937 3930 ἔσται
2958 3878 2987 3930 ό
3020 3878 3211 3948 μισθός
3239 3896 3332 3932 σου
3360 3880 3533 3945 πολύς
3552 3898 3566 3911 ·
3592 3883 3650 3934 ἐν
3677 3881 3795 3936 ταύ-

2230 3985 2349 4032 ταις
2377 3968 2484 4040 γάρ
2520 3971 2639 4032 ταῖς
2663 3967 2897 4039 ἡμέραις
2924 3967 3017 4021 καὶ
3046 3969 3197 4040 παρά
3224 3970 3323 4041 τὴν
3353 3970 3506 4041 ὤραν
3537 3971 3795 4043 διάκρισις

2231 4060 2437 4128 γίνεται
2467 4061 2546 4122 είς
2575 4058 2725 4129 φίλον
2768 4059 3033 4129 ἐπίσημον
3052 4075 3067 4091 ·
3100 4060 3197 4114 καὶ
3236 4062 3337 4115 οὑκ
3369 4062 3487 4117 ἐστι
3511 4069 3683 4136 κρῖμα
3712 4066 3793 4119 διά

2230 4150 2328 4223 τὴν
2361 4152 2577 4222 ἀγάπην
2598 4166 2611 4178 ·
2644 4151 2752 4221 ἡδὲ
2781 4150 3089 4227 τεταγμένη
3119 4152 3347 4224 νηστεία
3371 4154 3479 4209 ὑπὸ
3500 4156 3610 4209 τῶν
3637 4157 3793 4224 ἁγίων

2232 4243 2540 4298 ἀποστόλων
2570 4243 2837 4315 διάκρισις
2859 4245 3063 4313 γίνεται
3079 4261 3095 4278 ·
3135 4246 3167 4298 ό
3191 4245 3249 4299 δὲ
3282 4247 3616 4318 παρακούων
3635 4249 3793 4318 αὑτὴν

2230 4332 2519 4385 ἀπόλλυται
2570 4331 2705 4403 μετά
2728 4332 2834 4384 τῶν
2880 4334 3349 4406 γαστριμάργων·
3400 4328 3477 4388 ὧν
3531 4336 3560 4388 ό
3601 4335 3720 4400 θεὸς
3761 4336 3793 4406 ἡ

2231 4423 2405 4478 κοιλία
2433 4423 2526 4476 καὶ
2551 4425 2584 4493 ἡ
2612 4422 2738 4487 δόξα
2758 4423 2850 4476 τοῦ
2870 4423 3096 4494 κόσμου,
3114 4425 3210 4477 καί⁵
3235 4426 3268 4495 ἡ
3290 4424 3791 4498 ἀνθρωπαρέσκεια.

2231 4514 2304 4567 Τὸ
2336 4513 2602 4567 σάϐϐατον
2640 4516 2712 4584 μὴ
2742 4515 2961 4585 νήστευε
2992 4514 3120 4585 ὅλην
3150 4515 3248 4586 τὴν
3277 4517 3496 4587 ἡμέραν
3515 4533 3528 4545 ·
3560 4518 3797 4588 ἀπρεπὲς

2230 4604 2337 4677 γάρ
2368 4606 2513 4658 ἐστιν
2540 4605 2667 4675 ὅλην
2692 4605 2786 4677 τὴν
2815 4605 3023 4679 ἡμέραν
3052 4606 3147 4660 τοῦ
3195 4607 3469 4663 σαϐϐάτου
3517 4610 3680 4681 μέχρι
3709 4610 3795 4662 δυο

565 4703 673 4762 τῶν
697 4679 853 4776 λόγον
889 4679 1278 4778 ἀπὸλύσωμεν·
1310 4679 1435 4771 τοὺς
1489 4706 1811 4778 μονάζοντας
1852 4705 2125 4773 γυναικῶν
2158 4679 2203 4738 υ
2232 4695 2382 4768 σμῶν
2422 4697 2572 4767 ἡλίου
2608 4697 2919 4767 νηστεύειν·
2952 4697 3128 4764 ἔξεστι
3164 4698 3224 4752 δὲ
3251 4699 3358 4763 ἕως
3395 4679 3549 4771 ὧρας
3580 4679 3795 4772 ἐκτηςῆ

567 4797 708 4870 ὑπὲρ
733 4797 909 4851 πάντα
939 4797 1371 4869 κεχωρισμένους
1403 4793 1539 4851 εἶναι
1559 4816 1573 4829 ·
1617 4797 1753 4869 μήτε
1796 4798 1875 4859 είς
1910 4796 2127 4867 ὁμιλίαν

567 4886 744 4941 αὐτῶν
776 4886 1048 4959 ἔρχεσθαι,
1080 4888 1215 4958 μήτε
1251 4889 1384 4959 όρᾷν
1426 4886 1615 4950 αὑτὰς,
1650 4889 1785 4958 μήτε
1822 4885 2127 4956 φιλοτιμεῖ-

570 4975 722 5039 σθαι,
752 4975 839 5029 ἵνα
869 4975 944 5047 μὴ
969 4975 1068 5047 άδη
1095 4977 1300 5029 αὐτῶν·
1332 4977 1509 5047 ψυχῆς
1543 4976 1711 5047 ζημία
1739 4976 1965 5047 γένηται
1986 4994 1998 5008 ·
2029 4977 2126 5031 ἐάν

572 5067 797 5141 μοιχεύῃ
823 5069 857 5139 ἡ
891 5068 1086 5139 καρδία
1116 5086 1229 5133 σου,
1269 5069 1598 5141 ἁμαρτάνεις
1626 5068 1893 5139 μεγάλως.
1922 5066 2128 5122 Φυλάτ-

567 5158 751 5213 τεσθαι
776 5160 832 5212 δὲ
855 5158 1013 5212 πάλιν
1049 5160 1122 5232 μὴ
1155 5156 1292 5214 εἶναι
1345 5159 1636 5227 δίγλωσσον
1666 5159 1698 5230 ἦ
1724 5159 2014 5230 δίγνωμον,
2047 5160 2122 5230 μὴ

566 5246 824 5318 ψεύστην,
866 5247 939 5319 μὴ
967 5249 1283 5311 κατάλαλον,
1320 5249 1393 5319 μὴ
1431 5250 1671 5320 ἀκαίρως
1704 5250 2123 5320 περιπατοῦντα,

572 5335 705 5405 μήτε
756 5335 1118 5407 ῥεμϐόμενον,
1175 5337 1249 5409 μὴ
1282 5326 1662 5408 ἀναίσχυντον,
1714 5340 1846 5409 μήτε
1882 5339 2118 5411 ὀργίλον,

572 5424 710 5494 μήτε
737 5426 1021 5497 πάροινον,
1072 5427 1105 5497 ἢ
1141 5426 1489 5499 φιλάργυρον,
1538 5427 1611 5500 μὴ
1641 5429 2005 5499 ὑπερήφανον,
2044 5431 2121 5502 μὴ

572 5511 826 5587 αὑθάδην,
888 5514 961 5587 μὴ
1009 5515 1215 5587 σαπρὸν
1264 5516 1419 5586 λόγον
1462 5516 1712 5588 φέροντα,
1768 5520 1904 5590 μήτε
1953 5520 2116 5588 ὅρκον

642 5684 937 5757 (a)_5liqua
968 5686 1058 5742 hic
1084 5687 1301 5745 desunt.

640 5759 712 5809 Ic)
731 5753 823 5808 Hic
842 5753 1027 5824 incipit
1044 5761 1279 5815 secunda
1295 5760 1678 5833 parsiopusculi
1697 5762 1764 5817 ah
1780 5762 2020 5820 Arnoldo
2035 5763 2176 5819 edita
2188 5804 2201 5820 .

2229 4787 2488 4859 ἑϐδόμης·
2538 4787 2600 4841 τὸ
2653 4788 2710 4841 δὲ
2748 4789 3003 4861 περισσὸν
3059 4790 3322 4862 Ἰουδαῖκὴ
3368 4793 3583 4864 αἵρεσίς
3626 4796 3794 4847 ἐστιν·

2229 4878 2371 4946 ἅπαξ
2420 4879 2508 4933 δέ·
2547 4879 2622 4951 μὴ
2662 4880 2925 4933 ἐπιδυέτω
2980 4882 3008 4934 ό
3043 4880 3194 4951 ἥλιος
3223 4883 3281 4935 ἐν
3316 4883 3597 4954 σαϐϐάτῳ,
3641 4886 3690 4938 εί
3727 4881 3798 4954 μὴ

2232 4970 2388 5041 μόνον
2415 4968 2492 5041 τῷ
2538 4971 2755 5043 μεγάλῳ
2793 4971 3045 5044 σαϐϐάτῳ
3073 4975 3131 5026 ἐν
3153 4976 3220 5045 τῇ
3251 4977 3412 5029 νυκτὶ
3438 4975 3540 5029 τοῦ
3582 4978 3793 5047 Πάσχα·

2228 5062 2263 5132 ἡ
2291 5061 2348 5114 δέ
2375 5061 2475 5132 τῆς
2500 5063 2750 5134 τετράδος
2780 5064 2992 5133 καὶτῆς
3026 5066 3384 5137 παρασκευῆς
3405 5068 3503 5120 καὶ
3523 5068 3622 5138 τῆς
3647 5068 3797 5137 ἀγίας

2226 5155 2665 5225 τεσσαρακοστῆς
2714 5154 2934 5224 νηστεία
2966 5156 3272 5227 τεταγμένη
3307 5158 3457 5211 ἐστὶν
3503 5160 3608 5223 ἓως
3658 5158 3794 5239 ὥρας

2228 5243 2452 5314 ἐννάτης
2474 5260 2487 5275 ·
2527 5245 2622 5298 καὶ
2657 5245 2710 5297 εί
2744 5262 2795 5299 τι
2831 5247 3087 5318 περισσὸν
3119 5250 3369 5319 ποιήσεις
3404 5252 3559 5323 παρά
3587 5253 3683 5323 τὴν
3714 5266 3794 5302 σε-

2228 5332 2389 5386 αυτοῦ
2418 5332 2750 5405 προαίρεσιν,
2779 5334 2920 5401 ἕξεις
2942 5335 3030 5389 τὸν
3065 5336 3279 5407 μισθόν.
3305 5339 3609 5411 Νηστεύων
3636 5342 3689 5394 δὲ
3710 5341 3794 5394 καὶ

2228 5422 2627 5493 κοιταζόμενος,
2649 5424 2810 5494 βλέπε
2842 5427 2915 5498 μὴ
2939 5427 3215 5499 φυσιωθῇς
3240 5430 3302 5483 ἐν
3328 5431 3490 5504 τύφῳ
3514 5435 3609 5488 καὶ
3638 5435 3794 5503 ὑπερ-

2227 5516 2516 5587 ηφανίᾳ-ἡ
2553 5517 2660 5588 γάρ
2699 5518 2960 5588 φυσίωσις
3019 5520 3184 5587 παγίς
3222 5523 3343 5577 ἐστι
3386 5526 3486 5579 τοῦ
3536 5526 3794 5591 διαϐόλου,

2304 5693 2380 5769 “(b)
2418 5694 2552 5753 Cod.
2585 5697 2697 5752 ἕνα.
