4032 6376
315 343 442 403 1661

1745 337 2084 398 ADDENDA.

3422 333 3560 392 ιειε

309 463 379 518 δι’
407 457 476 534 ἧς
507 463 614 516 ἀπὸ
640 479 734 515 του
760 461 989 534 οὐρανοῦ
1026 463 1339 516 πέπτωκεν·
1383 463 1582 534 ὁμοίως
1609 461 1664 515 δέ
1689 463 1756 514 δι’
1791 462 1887 514 αὐ·
1913 467 1960 522 Α
1989 460 2084 512 καὶ
2131 458 2317 527 φανεὶς
2359 438 2834 528 ἀνθρωπάρεσκος.
2857 420 3080 508 ’,Σάκκον
3195 420 3261 508 ἂν
3292 420 3440 528 ἔχῃς,
3470 459 3560 512 ἵνα,

311 551 413 627 τῆς
440 557 568 619 τοὺς
604 556 920 629 ἀνθρώπους
970 556 1294 611 καταϐάλλει
1320 555 1640 621 παγιδεύων.
1683 555 1887 624 Μηδείς

314 665 377 702 σε
405 649 656 721 πλανήσῃ
677 652 736 703 ἐν
759 652 992 720 κυριακῇ
1021 648 1324 720 νηστεύειν,
1356 647 1389 718 ἢ
1428 650 1484 701 ἐν
1511 649 1670 720 ἐορτῇ
1697 647 1888 700 δεσπο-

313 741 436 810 τικῇ
469 739 530 792 16
559 739 847 811 παράπαν·
878 739 1011 810 μηδὲ
1039 741 1384 807 γονυπετεῖν·
1418 738 1480 790 οὐ
1515 737 1624 810 γὰρ
1656 737 1800 791 ἔστιν
1828 739 1887 790 ἐν

312 828 501 899 θεσμῷ
535 830 876 900 Ἐκκλησίας,
901 828 1079 893 καθὼς
1103 830 1458 901 προείπαμεν.
1489 829 1596 882 Καὶ
1623 828 1782 900 βλέπε
1815 827 1888 898 μὴ

314 918 376 972 σὲ
421 918 733 990 πλανήσωσί
785 937 933 983 τινες
967 919 1370 990 Μαρκιανισταὶ
1407 919 1440 990 ἢ
1475 921 1636 988 ἐτέρα
1681 919 1887 989 αἵρεσις

312 1008 590 1078 νηστεύειν
619 1011 676 1063 ἐν
698 1009 953 1079 σαϐϐάτῳ
984 1009 1017 1078 ἢ
1041 1010 1298 1077 κυριακῇ.
1330 1007 1506 1060 Μόνον
1537 1007 1594 1059 δέ
1623 1006 1729 1058 τῶν
1761 1022 1886 1056 συν⁹

312 1099 506 1164 άξεων,
539 1100 640 1170 τῆς
661 1099 999 1172 ψαλμῳδίας,
1024 1101 1116 1153 καὶ
1139 1100 1235 1170 τῆς
1259 1097 1636 1166 ἀναγνώσεως,
1665 1096 1758 1149 καὶ
1781 1095 1887 1148 τῶν

311 1192 597 1263 ἀχράντων
672 1193 984 1265 μυστηρίων
1045 1193 1118 1264 μὴ
1176 1191 1398 1262 ἀμέλει·
1453 1191 1730 1253 τοιαύταις
1778 1189 1887 1260 γὰρ

310 1283 528 1348 θυσίαις
560 1284 932 1356 εὐαρεστεῖται
973 1287 1002 1338 6
1047 1286 1199 1349 Θεός.
1235 1286 1416 1352 Ἀξιον
1453 1284 1676 1338 σεαυτὸν
1705 1284 1888 1354 εὐτρε-

312 1372 475 1436 πίζου
507 1373 608 1443 τῆς
647 1373 918 1442 ἀχράντου
968 1375 1249 1438 κοινωνίας
1290 1374 1384 1428 τοῦ
1417 1373 1595 1444 τιμίου
1639 1372 1888 1444 σώματος

313 1460 406 1513 καὶ
434 1461 665 1531 αἵματος
701 1461 794 1514 τοῦ
838 1463 1042 1535 Κυρίου
1088 1462 1244 1534 ήμῶν
1291 1462 1462 1535 Ἰησοῦ
1511 1461 1766 1534 Χριστοῦ,
1801 1463 1888 1516 ἵνα

315 1551 390 1622 μὴ
429 1554 508 1616 είς
533 1555 707 1623 κρῖμα
730 1553 916 1627 ἐσθίῃς
951 1554 1044 1607 καὶ
1088 1555 1268 1625 πίνῃς.
1303 1554 1395 1626 Μὴ
1445 1554 1634 1626 ἀμέλει
1667 1554 1886 1608 πλύνειν

312 1644 479 1708 πόδας
527 1646 775 1716 μοναχῶν
825 1647 1131 1716 ἐρχομένων
1187 1647 1324 1718 πρὸς
1373 1646 1464 1700 σέ·
1525 1645 1886 1718 ζητηθήσεται

312 1733 453 1804 αῦτη
489 1735 520 1804 ή
561 1735 746 1806 ἐντολὴ
783 1736 932 1806 παρά
960 1734 1067 1788 τῶν
1104 1736 1664 1807 ὐπερηφανευσάντων
1693 1735 1882 1807 αὐτὴν,

1988 549 2190 620 πενθῇς
2232 548 2332 612 τὰς
2375 547 2648 619 ἁμαρτίας
2704 565 2820 612 σου,
2868 549 3058 601 σκόπει
3105 547 3179 618 μὴ
3231 551 3402 618 φανῇς
3447 553 3558 609 τοῖς

1987 639 2320 711 ἀνθρώποις·
2353 638 2465 691 ἀλλ’
2497 636 2699 690 ἔσωθεν
2726 636 2818 689 τοῦ
2856 638 3066 707 ἱματίου
3092 655 3182 690 σου
3212 640 3267 691 ἐν
3297 642 3362 708 τῇ
3395 641 3558 710 σαρκί

1989 746 2080 782 σου
2120 728 2260 784 ἔστω
2302 728 2436 800 πρὸς
2470 726 2754 798 δαμασμδν
2791 727 2898 781 τῶν
2928 728 3179 782 ἀτάκτων
3222 729 3430 784 παθῶν.
3465 731 3558 802 Μὴ

1987 819 2110 872 θέλε
2134 819 2292 886 δόξαν
2320 820 2414 872 καὶ
2438 818 2654 872 ἔπαινον
2688 818 2839 890 παρά
2859 817 3163 889 ἀνθρώποις
3188 819 3354 890 ἔχειν.
3385 821 3560 884 Ὀλως

1987 911 2178 982 τρίχας
2225 911 2298 982 μὴ
2338 911 2538 984 τρέφε·
2583 910 2742 980 ἔκοψε
2794 911 2902 981 γὰρ
2942 911 3002 964 16
3032 912 3268 965 τοιοῦτον
3312 913 3495 984 σχῆμα
3530 916 3560 965 6

2000 1002 2351 1066 Ἀπόστολος·
2392 1004 2466 1074 μὴ
2508 1002 2671 1074 ξηροῦ
2721 1004 2781 1056 16
2820 1003 3024 1071 γένειον
3049 1020 3063 1034 ·
3119 1003 3252 1074 μηδέ
3301 1023 3558 1077 περικου-

1987 1093 2153 1163 ρείοις
2207 1091 2323 1163 χρῶ
2375 1093 2705 1164 κειρόμενος.
2755 1093 2817 1145 Εἰ
2855 1093 3076 1146 δύνασαι
3125 1095 3221 1146 καὶ
3269 1092 3560 1163 ἑϐδομάδος

1986 1183 2289 1255 νηστεύειν,
2329 1185 2516 1255 μηδενὶ
2558 1185 2800 1238 δείκνυε·
2843 1186 2936 1238 καὶ
2986 1185 3136 1238 ἔσται
3178 1188 3206 1238 ὀ
3243 1185 3430 1256 μισθός
3464 1203 3556 1240 σου

1988 1275 2174 1340 πολύς.
2211 1275 2406 1348 Κρεῶν
2439 1276 2497 1328 δὲ
2521 1277 2752 1346 ἀπέχου·
2788 1276 2886 1346 οὐχ
2925 1276 3000 1339 ὡς
3033 1276 3456 1347 βδελυσσόμενος
3489 1277 3560 1331 τὰ

1986 1367 2260 1437 κτίσματα
2299 1366 2394 1420 τοῦ
2443 1366 2598 1432 Θεοῦ,
2633 1367 2767 1420 ἀλλὰ
2807 1368 3130 1421 ἀποκόπτων
3159 1367 3218 1420 16
3261 1367 3420 1438 σῶμα
3460 1369 3560 1440 τῆς

1987 1461 2186 1532 πολλῆς
2231 1461 2460 1532 τροφῆς,
2498 1460 2592 1514 καὶ
2621 1459 2835 1525 ἀνάξιον
2863 1460 2925 1512 τὸ
2965 1459 3097 1512 αὐτὸ
3126 1459 3296 1512 ποιῶν
3324 1459 3432 1512 τῶν
3463 1477 3562 1512 κα-

1987 1554 2094 1606 λῶν
2123 1553 2448 1625 βρωμάτων,
2483 1553 2603 1606 ἀντὶ
2644 1553 2701 1605 δὲ
2725 1552 2834 1605 τῶν
2875 1551 3129 1620 ἐπιγείων
3154 1552 3262 1605 τῶν
3293 1551 3559 1622 οὐρανίων

1986 1645 2205 1714 ἀγαθῶν
2261 1645 2618 1716 ὀρεγόμενος*
2670 1644 2775 1705 πᾶς
2824 1642 2932 1712 γὰρ
2973 1641 3272 1713 μετριάζων
3313 1641 3560 1713 δαψιλείᾳ

1987 1734 2201 1804 τροφῶν
2244 1733 2428 1804 βοηθεῖ
2480 1732 2557 1802 τῷ
2613 1731 2858 1802 σώματι·
2901 1731 3062 1784 καλὸν
3117 1731 3173 1784 δέ
3215 1735 3330 1786 ἐστι
3384 1733 3559 1787 πάντα

315 1825 364 1876 εί
389 1825 484 1876 καί¹
513 1825 797 1879 ἐπίσκοποι
821 1821 952 1878 ὦσιν
972 1844 984 1856 ·
1013 1828 1042 1880 ὀ
1073 1827 1182 1897 γάρ
1205 1827 1408 1880 τούτων
1439 1826 1641 1898 Κύριος
1671 1827 1886 1897 πρῶτος
1917 1813 1958 1866 Β
1989 1825 2418 1896 ἐγκρατεύεσθαι
2458 1824 2547 1876 διὰ
2570 1823 2666 1895 τὴν
2705 1823 3095 1892 πολυσαρκίαν.
3126 1824 3282 1878 Οἴνου
3318 1825 3392 1897 μὴ
3416 1825 3558 1896 λάμ-

311 1913 464 1983 ἔνιψε
505 1916 630 1979 τοὺς
659 1917 822 1980 πόδας
851 1917 956 1970 τῶν
988 1917 1265 1988 μαθητῶν,
1294 1919 1666 1989 παραγγείλας
1692 1919 1887 1982 αὐτοὺς

311 2005 484 2069 οὕτως
510 2011 700 2062 ποιεῖν.
727 2010 816 2079 Μὴ
855 2009 1004 2077 γίνου
1032 2009 1386 2080 φιλάργυρος,
1417 2009 1449 2080 ή
1473 2009 1882 2081 αἰσχροκερδής.

308 2097 401 2168 Μὴ
434 2098 567 2150 πολὺ
608 2100 818 2169 χρῆμα,
854 2101 926 2172 μὴ
959 2099 1078 2153 θέλε
1122 2101 1350 2154 κτᾶσθαι
1381 2099 1642 2170 ἀργύριον
1683 2100 1716 2170 ἢ
1755 2116 1884 2170 χρυ-

311 2188 426 2240 σίον
457 2188 614 2252 πολὺ,
656 2190 688 2260 ἢ
738 2191 896 2260 μόνον
925 2191 1132 2260 ἐφόδιον
1179 2191 1336 2264 χάριν
1389 2192 1484 2245 καὶ
1531 2191 1745 2264 τροφῶν
1789 2191 1885 2243 καὶ

308 2280 546 2351 ἀμφίων.
580 2281 653 2334 Τὸ
701 2282 756 2336 δὲ
789 2283 1130 2354 περίσσευμα
1161 2284 1249 2348 66;
1275 2286 1386 2348 τοῖς
1419 2283 1670 2353 πένησιν·
1704 2286 1884 2352 κρεῖτ-

306 2385 399 2422 τον
421 2369 528 2442 γὰρ
565 2373 622 2424 ἐν
647 2373 890 2444 πτωχείᾳ
919 2374 1012 2428 καὶ
1041 2377 1097 2428 ἐν
1119 2373 1442 2428 ταπεινώσει
1474 2373 1743 2426 δουλεύειν
1767 2373 1884 2444 Θεῷ

306 2459 340 2530 ἦ
375 2462 434 2512 ἐν
469 2461 680 2532 πλούτῳ
710 2465 804 2516 καὶ
837 2465 1054 2537 ἀπάτῃ·
1088 2467 1138 2518 οἱ
1166 2465 1274 2536 γὰρ
1311 2466 1406 2518 τοῦ
1437 2466 1718 2536 μαμμωνᾶ
1742 2464 1884 2534 φίλοι

306 2552 402 2605 καὶ
439 2551 612 2606 δοῦλοι
653 2553 769 2624 Θεῷ
794 2556 992 2626 ἀρέσαι
1031 2557 1092 2608 οὐ
1124 2556 1398 2610 δύνανται.
1435 2557 1508 2608 Τὸ
1554 2556 1769 2611 σύνολον
1791 2553 1884 2609 οὖν

305 2641 384 2711 μὴ
414 2643 824 2713 πραγματεύου.
852 2644 1050 2698 Πολλαὶ
1079 2645 1136 2698 δὲ
1166 2646 1358 2716 χωρίαι
1386 2646 1492 2698 εἰσὶ
1523 2647 1598 2717 μὴ
1635 2647 1884 2718 σπείρου-

306 2750 392 2786 σιν
413 2751 427 2764 ·
461 2737 554 2789 καὶ
579 2736 850 2791 οἰκοῦνται
889 2740 947 2791 ἐν
979 2739 1140 2813 τέχνῃ
1167 2740 1240 2810 μὴ
1281 2739 1491 2809 ἔχοντες
1511 2779 1526 2803 ,
1553 2740 1884 2808 ἀναγκάζον-

301 2842 396 2887 τες
435 2827 951 2897 πραγματεύεσθαι·
1003 2829 1095 2882 καὶ
1153 2829 1371 2898 μένουσι
1425 2826 1747 2899 μονάζοντες
1787 2845 1882 2882 κο-

303 2917 534 2970 πιῶσιν·
577 2917 714 2988 πλὴν
752 2918 855 2972 κᾶν
899 2919 1091 2983 τόκους
1135 2919 1208 2991 μὴ
1256 2918 1520 2990 λάμϐανε.
1579 2920 1793 2988 Ἀγάπα
1825 2919 1882 2972 δὲ

302 3008 481 3062 πάντα
502 3008 815 3081 ἄνθρωπον·
847 3011 940 3063 καὶ
987 3012 1230 3081 είρήνευε
1263 3011 1400 3082 μετά
1438 3011 1676 3075 πάντων,
1715 3011 1882 3082 χωρὶς

301 3101 594 3170 αἱρετικῶν
615 3117 628 3129 ·
667 3101 828 3172 ὀιγάρ
859 3101 1134 3172 αἱρέτικὸς
1169 3102 1331 3166 λύκος
1363 3103 1480 3156 ἐστὶ
1495 3103 1594 3173 τῆς
1627 3099 1720 3155 τοῦ
1747 3104 1882 3172 Χρι-

304 3190 432 3243 στοῦ
459 3191 712 3264 ποίμνης,
737 3193 828 3246 καὶ
861 3192 955 3246 τοῦ
1000 3194 1369 3266 Ἀντιχρίστου
1393 3194 1719 3264 πρόδρομος.
1752 3193 1878 3247 Ἐἀν

299 3285 357 3338 δὲ
384 3285 513 3356 ἔχῃς
539 3284 856 3356 χρήματαυή
892 3283 1178 3357 βρώματα,
1216 3286 1440 3355 μετάδος
1463 3285 1541 3356 τῷ
1571 3286 1643 3357 μὴ
1670 3285 1845 3355 ἔχοντι
1864 3303 1877 3316 ·

305 3375 548 3456 μὴηέχων
575 3378 632 3430 δὲ
666 3379 765 3430 οὐκ
793 3377 1128 3448 ἐγκληθήσῃ.
1169 3378 1293 3430 Ἐἀν
1336 3377 1464 3450 ἔλθῃ
1502 3394 1590 3440 τις
1629 3377 1882 3431 δανείσα-

303 3477 428 3523 σθαι
455 3470 561 3523 ἀπὸ
581 3470 672 3523 σοῦ
703 3488 775 3535 τι,
804 3471 898 3523 καὶ
919 3470 1066 3543 ἔχῃς,
1090 3470 1176 3532 66;
1206 3468 1374 3539 αὐτῷ·
1401 3470 1495 3522 καὶ
1523 3467 1660 3538 μετά
1678 3484 1883 3538 μακρο-

304 3561 503 3631 θυμίας
525 3560 655 3614 λάϐε
681 3562 809 3631 παρ’
831 3561 994 3613 αὐτοῦ
1023 3573 1083 3612 το
1118 3560 1418 3628 ’κεφάλαιον
1444 3561 1538 3611 καὶ
1571 3558 1728 3629 μόνον
1749 3574 1763 3588 ·
1787 3559 1881 3610 καὶ

301 3652 504 3716 δίκαιος
533 3652 651 3726 ἔσῃ.
691 3653 799 3705 Καὶ
845 3652 918 3723 μὴ
959 3652 1199 3705 δολιεύου
1233 3651 1464 3705 ἐνώπιον
1510 3650 1749 3722 Κυρίου·
1786 3649 1880 3702 ἐὰν

301 3743 411 3815 γὰρ
457 3743 587 3814 ἔχῃς
619 3745 964 3814 γεννήματα,
1026 3742 1059 3814 ἦ
1107 3743 1234 3797 ἄλλο
1272 3743 1461 3806 τι,καὶ
1509 3743 1663 3813 ζητεῖ
1695 3741 1879 3794 λειπό-

304 3850 464 3902 μενος
489 3819 838 3886 δανείσασθαι
871 3833 1022 3904 παρά
1053 3832 1146 3886 σοῦ
1176 3833 1235 3896 ἐξ
1273 3833 1538 3902 ἀνάγκης,
1571 3832 1664 3884 καὶ
1701 3831 1789 3884 διὰ
1819 3830 1880 3882 16

304 3924 380 3995 μὴ
405 3924 590 3977 λαϐεῖν
627 3941 684 3976 σε
711 3925 885 3986 τόκον,
930 3923 1118 3995 πωλῇς
1149 3925 1492 3995 τιμιωτέρως
1525 3924 1611 3976 ἵνα
1642 3921 1878 3994 κερδήσῃ

299 4015 551 4086 διάφορα,
582 4013 726 4067 τοῦτ’
748 4014 894 4067 ἔστιν
928 4014 1294 4078 διπλασιάζων
1314 4032 1326 4044 ·
1356 4011 1776 4084 καταμέμφεταί
1817 4027 1877 4064 σε

300 4107 335 4177 ή
383 4105 573 4178 Γραφὴ
591 4105 834 4174 ςλέγουσα
854 4121 868 4133 ·
899 4107 1231 4173 Δράσσεται
1266 4108 1299 4158 ὁ
1324 4105 1467 4170 Θεὸς
1487 4103 1629 4168 τοὺς
1647 4102 1877 4172 σοφοὺς

299 4198 371 4250 ἐν
400 4197 475 4266 τῇ
507 4199 839 4267 πανουργίᾳ
871 4197 1086 4253 αὐτῶν.
1128 4196 1332 4266 Σκέψαι
1360 4197 1468 4264 γὰρ
1490 4196 1584 4248 καὶ
1610 4196 1713 4266 δρα
1733 4237 1746 4261 ,
1795 4195 1876 4247 ὅτι

297 4290 556 4355 δανείζων
587 4292 646 4342 ἐν
691 4291 902 4361 ἀνάγκῃ
926 4291 1020 4344 τὸν
1061 4291 1288 4361 πλησίον
1317 4290 1410 4341 καὶ
1447 4287 1522 4359 μὴ
1548 4288 1838 4358 λαμϐάνων
1857 4302 1872 4320 ·

297 4380 416 4433 ἀνθ’
440 4381 556 4444 ἐνὸς
581 4381 739 4434 τόκου
766 4385 913 4452 τρεῖς
929 4383 1022 4435 καὶ
1052 4382 1322 4452 τέσσαρας
1343 4381 1514 4450 ἀρχάς
1534 4397 1547 4409 ·
1583 4377 1719 4432 ἀλλά
1743 4377 1874 4431 δέκα

1987 1919 2115 1972 ϐανε
2154 1918 2324 1980 ὅλως·
2369 1916 2402 1987 ἢ
2449 1917 2607 1986 μόνον
2635 1915 2730 1969 τοῦ
2777 1917 3070 1986 γεύσασθαι
3110 1918 3167 1969 ἐν
3206 1917 3558 1990 εὐχαριστία·

1986 2008 2081 2062 καὶ
2113 2007 2326 2075 εὐλόγει
2368 2006 2459 2060 τὸν
2485 2005 2616 2060 Θεὸν
2641 2006 2731 2059 τὸν
2757 2008 3036 2060 κτίσαντα·
3078 2006 3172 2060 ἐὰν
3195 2007 3302 2078 γὰρ
3336 2010 3431 2062 καὶ
3471 2012 3562 2066 συ.

1985 2102 2175 2171 ῶσπερ
2216 2101 2244 2152 ὁ
2269 2099 2448 2170 τίμιος
2487 2101 2769 2170 Τιμόθεος,
2796 2100 2884 2152 διὰ
2908 2100 3106 2170 πολλὴν
3133 2101 3456 2172 ἐγκράτειαν
3482 2102 3563 2166 εἰς

1984 2192 2137 2245 νόσον
2177 2195 2493 2262 περιπεσεῖν
2516 2191 2672 2262 ἔχῃς,
2697 2191 2859 2262 ὀλίγῳ
2887 2193 3012 2262 οἴνῳ
3040 2191 3156 2263 χρῶ
3175 2209 3188 2221 ·
3231 2193 3290 2244 16
3322 2193 3431 2264 γὰρ
3455 2193 3563 2246 ὀλί-

1984 2303 2080 2354 γον
2113 2287 2403 2359 φάρμακόν
2427 2287 2572 2338 ἐστιν
2601 2283 2825 2346 ἰάσεως·
2861 2281 2993 2336 πολὺ
3023 2281 3078 2335 δὲ
3108 2282 3252 2352 αὐτῷ
3279 2284 3561 2354 χρώμενος

1983 2377 2326 2450 ἀμφοτέραις
2378 2375 2685 2437 ἀσθενείαις
2741 2373 2964 2426 σεαυτὸν
3022 2372 3362 2444 περιϐαλεῖς·
3417 2375 3465 2427 εί
3513 2376 3559 2428 δ’

1983 2467 2088 2533 ἔως
2121 2469 2394 2540 ποτηρίων
2423 2466 2568 2538 δύοή
2602 2465 2800 2538 τριῶν·
2838 2464 3096 2536 περισσὸν
3127 2465 3185 2517 δὲ
3229 2468 3324 2536 μή.
3367 2466 3429 2520 Et
3469 2467 3564 2521 δύ-

1983 2577 2143 2614 νασαι
2190 2559 2521 2631 ἀνυπόδητος
2547 2557 2769 2620 ὁδεύειν,
2803 2555 3066 2625 γενναίως
3099 2557 3374 2626 ποιήσεις·
3421 2559 3470 2611 εί
3501 2559 3560 2612 δὲ

1981 2651 2192 2724 ἀνάγκη
2216 2652 2363 2704 ἐστὶν
2397 2651 2728 2722 ὐποδήσεως,
2759 2646 2890 2717 ψιλά
2913 2647 3122 2702 ἔσονται
3152 2648 3220 2701 τὰ
3241 2649 3562 2720 ὑποδήματά

1985 2761 2112 2797 σου·
2160 2743 2256 2797 καὶ
2299 2743 2374 2814 μὴ
2427 2741 2546 2795 θέλε
2596 2740 3169 2811 κατακεκοσμημένοις
3216 2741 3556 2812 ὑποδήμασι,

1982 2833 2232 2905 κοσμικῷ
2279 2835 2517 2905 σχήματι
2570 2833 2644 2905 μὴ
2705 2831 3061 2904 περιδέεσθαι.
3107 2832 3232 2894 Τοῖς
3291 2832 3560 2904 παροῦσιν

1981 2927 2151 3000 ἀρκοῦ
2202 2927 2457 2999 μετρίως.
2518 2927 2582 2978 EI
2633 2925 2690 2979 δέ
2728 2924 2986 2996 περισσὸν
3037 2924 3202 2996 κρέας
3262 2925 3358 2978 καὶ
3393 2921 3558 2989 οἶνος,

1979 3020 2123 3074 δίδου
2161 3019 2300 3074 αὐτά
2341 3022 2610 3090 πτωχοῖς,
2654 3018 2930 3088 ὀρφανοῖς,
2974 3020 3191 3088 χήραις,
3240 3017 3555 3081 ἀδῦνάτοις,

1983 3111 2174 3178 ξενοις,
2205 3109 2522 3174 ἀσθενοῦσι,
2569 3111 2662 3163 καὶ
2693 3113 2803 3174 τοῖς
2847 3111 2905 3162 ὲν
2941 3110 3188 3182 φυλακῇ·
3221 3111 3317 3164 καὶ
3345 3109 3497 3164 ἔσται
3529 3114 3560 3165 6

1985 3201 2175 3273 μισθός
2204 3218 2298 3253 σου
2327 3199 2513 3270 πολύς.
2561 3199 2688 3254 Ἐὰν
2723 3202 2815 3254 ἐπὶ
2856 3201 3032 3272 ξένης,
3065 3201 3138 3272 μὴ
3181 3200 3336 3274 θέλῃς,
3367 3202 3560 3256 ἑαυτὸν

1981 3291 2316 3361 κομπάζειν·
2365 3291 2480 3344 ἀλλ’
2522 3292 2634 3356 ίσος
2691 3292 2843 3361 γίνου
2878 3295 2990 3355 τοῖς
3041 3292 3286 3362 ἀδελφοῖς
3335 3310 3426 3346 σου
3501 3295 3560 3345 ἐν

1980 3380 2231 3450 λαχάνοις
2276 3377 2580 3451 χρώμενος,
2622 3381 2716 3433 καὶ
2754 3379 2962 3452 ἑτέροις
2993 3379 3295 3452 βρώμασιν.
3346 3378 3471 3432 Ἐὰν
3501 3381 3559 3434 δὲ

1979 3473 2140 3543 χρεία
2169 3472 2305 3533 ἐστὶ,
2329 3472 2434 3542 χρὴ
2473 3471 2566 3524 καὶ
2607 3471 2789 3541 ἰχθύος
2819 3471 3276 3541 μεταλαμϐάνειν.
3312 3471 3481 3525 Πάλιν
3503 3471 3560 3524 δὲ

1980 3559 2154 3630 λέγω·
2193 3561 2287 3614 ἐὰν
2313 3562 2676 3633 ἀρρωστήσῃς
2708 3547 2802 3615 καῖ
2831 3561 3020 3632 λάϐῃς,
3056 3563 3156 3614 οὐκ
3205 3561 3350 3615 ἔστιν
3378 3563 3561 3632 ἀμαρ-

1979 3652 2101 3705 τία·
2137 3653 2184 3704 εί
2215 3651 2272 3705 δὲ
2306 3652 2542 3722 ἡττηθῇς
2579 3653 2636 3704 ἐν
2673 3654 2740 3722 τῇ
2778 3652 2917 3722 νόσῳ
2972 3651 3211 3722 βαρέως.
3254 3653 3347 3705 καὶ
3376 3652 3560 3723 φάγῃς

1980 3743 2220 3814 ἐπιθυμῇ
2268 3743 2362 3796 τὸν
2404 3743 2583 3810 ὀλίγον
2604 3757 2617 3770 ·
2669 3742 2758 3795 διά
2783 3742 2880 3814 τήν
2906 3742 3186 3795 ἀσθένειαν
3226 3743 3327 3812 τῆς
3357 3743 3560 3813 σαρκός

1982 3853 2074 3888 σου
2103 3835 2204 3889 οὐκ
2241 3835 2356 3888 ἔστι
2399 3838 2574 3907 κρῖμα
2597 3852 2609 3865 ·
2649 3836 2868 3906 ἥττημα
2900 3835 2997 3904 μέν
3029 3835 3109 3887 σοί
3157 3835 3304 3887 ἐστιν
3325 3852 3337 3864 ·
3378 3835 3451 3904 μὴ
3480 3834 3559 3887 λό’

1980 3942 2128 3993 γισαι
2157 3924 2214 3978 δὲ
2253 3925 2384 3978 αὐτὸ
2416 3925 2720 3997 ἁμαρτίαν·
2754 3923 3022 3994 λυπὴθητι
3048 3924 3124 3986 δέ,
3154 3925 3236 3976 ὅτι
3284 3924 3558 3994 άνεκόπης

1977 4017 2076 4088 τῆς
2131 4016 2406 4080 πολιτείας
2456 4033 2582 4080 σου,
2632 4015 2728 4069 καὶ
2767 4013 3150 4086 ὑπεχαλάσθης
3191 4014 3286 4068 τοῦ
3335 4015 3556 4085 στερεοῦ

1977 4107 2258 4179 λογισμοῦ.
2295 4109 2359 4162 Εἰ
2396 4108 2451 4161 δὲ
2483 4109 2576 4162 καὶ
2607 4106 2817 4178 λουτρῷ
2861 4105 3168 4177 χρήσασθαι
3207 4105 3559 4177 ἀναγκασθῇς

1976 4198 2066 4251 διά
2105 4198 2204 4269 τὴν
2225 4198 2378 4251 νόσον
2412 4197 2506 4251 καὶ
2540 4196 2687 4261 ἅπαξ
2711 4197 2804 4249 καὶ
2827 4196 2927 4259 δὶς,
2959 4194 3059 4248 οὐκ
3095 4194 3241 4248 ἔστιν
3268 4195 3520 4266 ἔγκλημα
3539 4214 3552 4224 ·

1978 4289 2234 4357 ὑγιαίνων
2259 4289 2316 4342 δὲ
2365 4289 2426 4342 οὐ
2457 4288 2644 4360 χρείαν
2691 4287 2836 4358 ἔχεις
2877 4285 3200 4338 λούσασθαι·
3242 4285 3344 4340 κᾶν
3379 4286 3556 4356 ίερεύς

1976 4376 2053 4432 εἷ·
2094 4379 2229 4433 ἀλλά
2263 4379 2461 4448 μᾶλλον
2492 4379 2828 4447 ὑγιαίνοντος
2857 4376 2951 4429 τοῦ
2996 4375 3248 4446 σώματος
3277 4375 3558 4448 χαμεύνην

298 4470 562 4541 λαμϐάνει
593 4471 742 4542 ποιρά
769 4472 848 4542 τῷ
881 4472 1016 4542 Θεῷ.
1044 4474 1199 4526 Γίνου
1225 4471 1476 4536 ταπεινὸς
1501 4473 1593 4525 καὶ
1619 4470 1838 4542 ήσύχιος
1857 4511 1872 4534 ,
1906 4495 1951 4548 D
1979 4472 2099 4526 θέλε
2123 4473 2216 4525 καὶ
2240 4470 2522 4542 βιάζεσθαι
2557 4473 2635 4534 εἰς
2670 4471 2868 4523 πάντα.
2900 4469 3013 4539 Πρὸ
3047 4468 3264 4521 πάντων
3280 4469 3336 4522 δέ
3362 4469 3559 4540 τέχνην

295 4564 514 4635 τρέμων
567 4564 655 4618 διά
692 4565 890 4627 παντὸς
932 4565 1000 4618 τά
1051 4566 1207 4634 λόγια
1257 4563 1349 4617 τοῦ
1405 4563 1557 4616 Θεοῦ.
1598 4563 1688 4634 Μὴ
1724 4563 1874 4632 γίνου

302 4657 571 4728 μάχιμος·
623 4659 758 4729 μηδέ
785 4656 954 4710 τύπτε
988 4657 1274 4727 ἄνθρωπον
1307 4657 1496 4721 πολλὰ,
1527 4659 1574 4709 εἰ
1602 4657 1676 4726 μὴ
1716 4657 1874 4727 μόνον

298 4749 508 4802 παιδίον
564 4750 622 4801 ἐν
659 4750 948 4820 γράμμασι
994 4748 1130 4818 πρὸς
1175 4748 1422 4801 παιδείαν
1463 4748 1559 4800 καὶ
1595 4747 1875 4800 νουθεσίαν

295 4838 503 4910 Κυρίου
524 4855 538 4869 ·
578 4841 672 4893 καὶ
702 4840 832 4892 αὐτὸ
875 4839 1410 4911 παρατετηρημένως
1429 4853 1442 4866 ·
1479 4839 1635 4908 μόνον
1663 4839 1750 4891 διά
1781 4839 1875 4904 φό-

297 4929 389 4982 ϐον
413 4930 648 5000 μετρίως
669 4931 824 4999 ὀλίγα
851 4931 945 4984 καὶ
981 4929 1210 5000 ἐλαφρά.
1259 4929 1456 4982 Σκόπει
1502 4930 1575 4999 μή
1619 4946 1734 4992 πως
1785 4929 1873 4981 διά

299 5021 391 5074 σοῦ
435 5021 594 5091 φόνος
633 5023 869 5092 γίνηται,
896 5023 991 5074 καὶ
1040 5019 1308 5092 ἀπολέσῃς
1345 5021 1442 5089 τὴν
1472 5019 1648 5089 ψυχήν
1681 5036 1774 5072 σου
1815 5021 1872 5070 ἐν

300 5114 396 5182 μιᾷ
445 5111 592 5185 ῶρᾳ·
647 5114 740 5165 καὶ
773 5113 809 5166 ἀ
846 5113 1021 5176 δοκεῖς
1070 5111 1212 5181 ἔχειν
1255 5109 1434 5178 ἀγαθά
1478 5109 1544 5160 ἐκ
1596 5109 1868 5185 νεότητος,

294 5184 639 5274 ἀπρόσδεκτα
664 5203 924 5270 γένωνται
954 5201 1104 5271 παρά
1127 5200 1205 5270 τῷ
1228 5199 1366 5269 Θεῷ,
1401 5199 1475 5264 ῶς
1513 5184 1778 5252 τοῦΚαῖν
1803 5199 1870 5252 τὰ

292 5293 472 5363 δῶρα·
503 5293 696 5347 πολλαὶ
747 5295 855 5366 γάρ
895 5296 1032 5347 είσιν
1079 5294 1322 5362 ἀφορμαὶ
1354 5292 1446 5345 τοῦ
1500 5291 1750 5345 θανάτου.
1779 5293 1869 5362 Μὴ

299 5385 598 5455 μυκτήριζε
630 5383 943 5456 ἄνθρωπον·
983 5384 1116 5455 μηδέ
1157 5383 1443 5452 βδελύσσου
1475 5383 1598 5436 τινά
1631 5384 1866 5454 πτωχὸν,

295 5473 383 5527 διὰ
418 5475 656 5545 σχήματι
690 5474 929 5546 πενιχρῷ
976 5475 1460 5546 παρατηρούμενος
1495 5475 1594 5543 τήν
1637 5475 1866 5547 ἐσθῆτα·

301 5565 375 5634 μὴ
417 5565 678 5634 μαλακοῖς
711 5564 988 5636 χρώμενος
1025 5566 1292 5636 ἱματίοις·
1325 5567 1398 5637 μὴ
1426 5565 1612 5636 ἐσθῆτι
1645 5583 1714 5619 τα
1748 5585 1871 5637 φαι-

297 5657 524 5728 νομένου
550 5658 758 5711 δικαίου
779 5673 790 5684 ·
822 5657 895 5729 μὴ
924 5658 980 5709 ἐν
1013 5661 1276 5730 ῥυπαροῖς
1309 5659 1544 5730 ἱματίοις
1572 5661 1870 5737 προσερχό-

299 5764 486 5820 μενος·
523 5751 616 5803 καὶ
665 5750 1014 5822 σακκοφορῶν
1055 5750 1361 5822 ἔμπροσθεν
1395 5753 1502 5808 τῶν
1534 5752 1864 5826 ἀνθρώπων·

571 5839 842 5901 ΡΑΤΙιΟι..
875 5840 991 5901 Gn.
1051 5842 1338 5906 XXVIII.

1979 4566 2214 4634 γίνωσκε
2234 4564 2316 4634 ·’ἢ
2346 4565 2405 4616 ἐν
2441 4562 2597 4634 ἀγρῷ
2632 4561 2864 4632 ἐργάζου
2885 4577 2900 4590 ·
2931 4560 3019 4612 ἴνα
3052 4559 3125 4629 μὴ
3161 4559 3330 4630 ἀργὸς
3371 4558 3559 4630 ἐσθίῃ(

1977 4658 2067 4710 τὸν
2101 4656 2295 4728 ἄρτον·
2343 4654 2545 4724 μᾶλλον
2579 4653 2635 4706 δὲ
2683 4649 2915 4724 ἐργάζου
2959 4651 3016 4702 ἐν
3070 4652 3183 4712 τοῖς
3218 4650 3558 4722 ἐργοχείροις

1979 4765 2095 4806 σου,
2123 4747 2211 4798 ἵνα
2235 4743 2364 4815 ἔχῃς
2405 4743 2586 4796 δοῦναι
2613 4745 2847 4811 πτωχοῖς
2873 4739 2968 4791 καὶ
2997 4736 3186 4801 ξένοις,
3211 4739 3466 4810 ὀρφανοῖς
3495 4757 3558 4792 τε

1976 4840 2071 4892 καὶ
2097 4840 2294 4908 χήραις
2314 4851 2328 4865 ·
2361 4835 2456 4888 καὶ
2482 4833 2547 4904 ἣν
2577 4832 2777 4903 μεταξὺ
2808 4830 3051 4898 ἀδελφῶν
3079 4833 3256 4902 οίκῇς,
3297 4833 3392 4886 καὶ
3427 4831 3560 4905 ἔχῃς

1975 4932 2188 5000 γονικὸν
2215 4929 2434 5000 χωρίον,
2465 4927 2691 4988 δικαίως
2725 4925 2969 4992 συνάγων
3016 4926 3299 4995 καρποὺς,
3351 4924 3444 4977 καὶ
3481 4925 3557 4997 μὴ

1975 5023 2034 5089 ἐξ
2073 5020 2284 5082 ἀδικίας
2314 5019 2410 5072 καὶ
2432 5017 2772 5080 πλεονεξίας·
2809 5014 3023 5087 πρῶτον
3045 5015 3141 5078 τὰς
3172 5015 3427 5088 ἀπαρχάς
3461 5032 3556 5068 σου

1973 5115 2086 5176 τοῖς
2129 5109 2364 5182 ἱερεῦσιν
2412 5112 2470 5163 ἐν
2528 5111 2595 5179 τῇ
2661 5108 2955 5179 Ἐκκλησία
3009 5107 3316 5180 πρόσφερε·
3367 5107 3559 5161 ἔπειτα

1974 5205 2148 5273 χήρας
2177 5201 2272 5254 καὶ
2300 5201 2570 5272 ὀρφανοὺς
2595 5199 2863 5263 ἀνάπαυε,
2898 5199 2992 5250 καὶ
3025 5201 3150 5260 τούς
3178 5198 3397 5260 λοιποὺς
3428 5198 3554 5252 ἀδυ-

1973 5295 2186 5358 νάτους,
2211 5292 2317 5345 ἀπὸ
2351 5291 2458 5345 σῶν
2483 5291 2708 5346 δικαίων
2751 5291 2928 5346 πόνων
2948 5309 2962 5324 ·
2997 5291 3072 5362 μὴ
3110 5291 3218 5344 ἀπὸ
3252 5292 3428 5344 τόκων
3459 5291 3555 5344 καὶ

1974 5386 2306 5451 πλεονεξίας.
2339 5387 2404 5439 Εἰ
2434 5385 2490 5438 δέ
2517 5385 2609 5437 καὶ⁴
2647 5385 2806 5454 μόνος
2831 5382 3067 5456 καθέζῃ,
3099 5383 3172 5454 μὴ
3196 5381 3423 5454 ὐϐρίζῃς
3454 5382 3556 5452 τὴν

1973 5481 2206 5550 ἄσκησιν
2241 5477 2339 5546 τῆς
2376 5477 2638 5548 ἡσυχίας·
2678 5477 2730 5530 εί
2770 5480 2828 5531 ἐν
2863 5474 3208 5547 μοναστηρίῳ
3237 5473 3553 5547 ήσυχάζεις,

1974 5574 2068 5628 καὶ
2098 5571 2274 5643 κτήσῃ
2306 5570 2503 5643 χωρίον
2547 5569 2643 5622 καὶ
2673 5567 3065 5640 πραγματεύου
3099 5566 3194 5618 καὶ
3234 5563 3515 5637 ήσυχάζῃς
3537 5583 3550 5596 ·

1974 5664 2086 5720 ἀλλ’
2120 5661 2408 5734 ἐμπαίζεις
2431 5659 2526 5714 καὶ
2551 5660 2902 5728 ἐμπαίζεσαι.
2927 5657 3258 5728 Καθήμενος
3292 5658 3351 5709 ἐν
3388 5671 3555 5725 μονα-

1977 5753 2213 5827 στηρίῳ,
2271 5752 2347 5824 μὴ
2392 5751 2511 5807 θέλε
2559 5751 2728 5823 ἀργὸς
2771 5748 2931 5814 εἶναι,
2963 5750 3058 5804 καὶ
3091 5747 3196 5801 ὑπὸ
3223 5746 3394 5801 ἄλλων
3432 5745 3557 5816 τρέ-
