4032 6376
533 335 672 404 i643

1989 351 2331 412 ADDENDA.

3657 357 3778 415 16F

536 461 734 534 φεσθαι
753 480 770 497 ο
797 464 884 520 ῖνα
915 463 1014 536 τὴν
1042 453 1318 538 ἐφήμερον
1345 465 1476 538 ἔχῃς
1501 469 1724 539 τροφήν.
1760 469 1871 523 Καὶ
1909 472 1958 524 εἰ
1996 469 2113 554 ετέ-
2139 478 2184 534 Α
2217 475 2516 544 ίερωσυνην
2553 470 2786 541 φυλάξαι
2829 473 2925 524 σὺν
2953 474 3064 534 τοῖς
3103 469 3310 534 λοιποῖς
3345 470 3628 544 κληρικοῖς
3658 472 3779 543 μετᾶ

539 574 664 628 ρους
688 557 842 622 νέους
869 557 1012 629 ἔχεις
1039 559 1167 632 περὶ
1203 560 1450 626 σεαυτὸν,
1482 560 1696 632 πρῶτον
1733 563 1830 633 μὲν
1861 581 2112 619 ταπεινο-

534 647 807 720 φροσύνην
827 648 1043 702 δίδασκε
1061 665 1076 682 ο
1098 650 1192 703 καλ⁸
1217 650 1292 721 μὴ
1322 647 1442 703 θέλε
1473 651 1669 714 αὐτοὺς
1697 647 1835 706 εῖναι
1862 652 2112 706 διδασκά-

533 738 681 802 λους.
717 737 843 792 Ἐάν
874 739 989 812 ίδῃς
1015 739 1192 811 ψυχάς
1217 739 1530 813 σωζομένας
1551 741 1638 797 διὰ
1664 742 1782 810 σού,
1810 744 2110 798 σπούδασον

533 826 821 882 τελειῶσαι
864 827 975 882 τῶν
1021 828 1181 882 πέντε
1236 828 1534 895 ταλάντων,
1588 826 1664 884 ὧν
1705 831 1936 902 εἴληφας
1975 831 2112 884 ἀπο-

534 918 720 974 λαϐεῖν
767 919 838 973 τά
885 919 1161 974 διπλάσια.
1215 921 1473 994 Μερίμνα
1527 921 1800 994 ἐπιμελῶς
1837 921 1937 986 τάς
1982 921 2111 994 περὶ

535 1012 760 1067 σεαυτὸν
801 1012 1008 1084 ψυχάς·
1039 1015 1135 1067 καὶ
1164 1013 1427 1081 ἐπίστυφε
1482 1014 1712 1068 πάντοτε
1745 1015 1870 1078 τοὺς
1913 1013 2109 1068 νεωτέ-

535 1121 663 1176 ρους
699 1103 917 1171 ίδιάζειν
939 1106 1169 1159 1ἑκαστον
1206 1104 1431 1173 τούτων,
1475 1107 1533 1160 ἐν
1578 1109 1645 1178 τῇ
1677 1106 1865 1178 ὁμιλίᾳ
1909 1106 2004 1161 καὶ
2039 1109 2108 1178 τῇ

535 1197 946 1266 συναναστροφῇ
1000 1195 1098 1266 τῆς
1154 1193 1464 1266 τραπέζης,
1520 1195 1614 1248 καὶ
1681 1193 1953 1260 συνάξεως
2008 1195 2111 1266 τῆς

532 1284 885 1358 ψαλμῳδίαςο
940 1287 998 1339 tv
1024 1284 1082 1338 δὲ
1107 1283 1186 1356 τῷ
1228 1285 1416 1339 ὑπνεῖν
1444 1284 1661 1350 αὐτοὺς,
1693 1285 1837 1355 ἒχειν
1881 1286 2108 1341 ἕκαστον

534 1377 736 1431 σάκκον
779 1375 1193 1448 κεκρυμμένον,
1234 1376 1324 1430 ῖνα
1369 1377 1428 1430 tv
1483 1377 1552 1448 τῇ
1597 1377 1730 1449 εὐχῇ
1769 1378 1868 1450 τῆς
1917 1377 2111 1442 νυκτὸς

530 1469 744 1540 ἕτοιμος
767 1467 963 1540 εὑρέθη
981 1483 996 1499 ·
1039 1467 1302 1535 σπούδαζε
1343 1469 1642 1541 ἀγρυπνεῖν
1672 1469 1730 1522 ἐν
1755 1469 1992 1540 ψαλμοῖς
2017 1470 2111 1524 καὶ

531 1559 745 1632 ὕμνοις,
803 1560 900 1614 καί¹
954 1560 1142 1632 εὐχαῖς
1190 1561 1249 1614 ἐν
1308 1561 1524 1633 μέτρῳ·
1574 1559 1669 1615 καὶ
1702 1562 1761 1615 tv
1792 1562 1977 1635 ἡμέρᾳ
2012 1565 2109 1634 μέν

533 1649 789 1722 εὔχεσθαι
834 1648 1186 1721 συμμέτρως,
1229 1648 1322 1702 καὶ
1380 1651 1438 1703 ἐν
1473 1649 1630 1703 νυκτὶ
1676 1647 1971 1712 ὡσαύτως⁹
2031 1649 2106 1722 μὴ

529 1741 796 1813 χρονίζειν
821 1741 878 1796 δέ
921 1741 978 1793 ἐν
1019 1743 1085 1812 τῇ
1129 1743 1440 1813 προσευχῇ,
1482 1741 1577 1794 καὶ
1607 1741 1977 1812 βαττολογεῖν·
2009 1743 2106 1797 σὺν

2214 565 2323 618 τῶν
2375 563 2606 618 ἐντολῶν
2655 562 2861 617 τούτων
2880 578 2894 592 ο
2943 562 3184 626 τοιοῦτος
3212 562 3322 633 γὰρ
3357 563 3500 616 θέλει
3528 559 3670 618 εἶναι

2213 655 2422 725 φάλιος,
2475 654 2768 717 σπουδαῖος
2797 654 2856 707 tv
2895 655 3018 716 ταῖς
3055 657 3408 724 προσευχαῖς,
3452 653 3783 718 ἀνεξίκακος,

2211 744 2465 814 χρηστὸς.
2511 743 2871 814 φιλόρφανος,
2912 740 3279 812 φιλόπτωχος,
3323 741 3634 811 φιλόξενος⁹
3681 741 3784 811 φιλ.

2213 833 2435 902 ἀγαθος,
2455 833 2681 905 ἧρεμος,
2705 831 2920 900 στερεὸς
2950 833 3018 901 τῇ
3040 831 3222 884 πίστει
3250 833 3344 886 καὶ
3371 833 3518 902 λόγῳ
3546 832 3640 884 καὶ
3658 829 3786 900 γνὼ-

2214 941 2325 994 μῃ,
2361 922 2703 993 ἀπεχόμενος
2745 921 2852 974 ἀπὸ
2895 921 3094 984 παντὸς
3129 921 3370 994 πονηροῦ
3432 923 3783 994 πράγματος,

2211 1015 2550 1086 ἀπεχόμενος
2603 1013 2908 1082 γυναικῶν,
2956 1013 3312 1084 πρωτότυπος
3361 1014 3684 1078 σπουδάζειν
3721 1018 3782 1086 τῇ

2221 1104 2540 1176 Ἐκκλησία,
2569 1106 2638 1176 τῇ
2682 1102 2899 1168 συνάξει
2938 1102 3040 1173 τῆς
3077 1102 3429 1175 ψαλμῳδίαςο
3463 1104 3539 1175 μὴ
3573 1105 3784 1172 ἀμελεῖν

2208 1196 2306 1252 τοῦ
2351 1195 2637 1266 ποιμνίουο
2673 1193 2748 1266 μὴ
2792 1191 3169 1264 βδελύττεσθαι
3217 1207 3372 1246 τινα⁶
3412 1193 3488 1264 μὴ
3523 1193 3781 1263 πλήκτην,

2214 1289 2288 1361 μὴ
2344 1284 2484 1340 εἶναι
2517 1285 2796 1358 πάροινον,
2823 1282 2900 1356 μὴ
2931 1281 3291 1355 φιλάργυρον,
3318 1282 3462 1336 κατά
3499 1283 3593 1336 τὸν
3634 1283 3785 1336 Ἀπό-

2210 1380 2395 1434 στολον
2426 1379 2572 1448 λέγω
2597 1394 2612 1410 ·
2672 1376 2746 1449 μὴ
2794 1376 3297 1449 προσωπολήπτην,
3334 1373 3430 1428 τοῦ
3474 1375 3692 1444 ἐλέγξαι
3731 1376 3787 1428 tv

2210 1469 2622 1545 παραπτώμασι
2659 1467 2890 1540 μικρούς
2920 1485 2980 1522 τε
3027 1468 3122 1522 καὶ
3171 1467 3471 1540 μεγάλους,
3499 1467 3665 1531 ίδίους
3696 1468 3786 1522 καὶ

2207 1563 2548 1636 ἀλλοτρίους·
2578 1561 2654 1633 μὴ
2675 1562 2770 1633 ἐᾷν
2797 1559 3010 1632 ψωριᾷν
3036 1558 3106 1613 τά
3125 1559 3373 1630 πρόϐατα
3398 1560 3502 1630 τῆς
3523 1559 3783 1630 ποίμνης.

2206 1652 2342 1707 ἀλλά
2378 1650 2579 1724 μᾶλλον
2609 1649 2927 1722 καθαρίζειν
2959 1648 3118 1717 αὐτὰ,
3147 1649 3365 1722 πρῶτον
3391 1649 3482 1702 διὰ
3500 1649 3604 1720 τῆς
3625 1667 3783 1720 μετα-

2207 1743 2378 1810 νοίας,
2414 1741 2531 1798 εἶτα
2576 1742 2740 1796 πάλιν
2779 1739 3168 1811 συναγελάζειν
3197 1743 3339 1796 αύτά
3367 1745 3426 1796 ἐν
3454 1744 3523 1813 τῇ
3558 1741 3780 1814 μάνδρᾳ,

532 1830 716 1903 μέτρῳ
742 1830 801 1884 δέ
835 1830 1058 1902 ψάλλειν
1079 1849 1095 1864 ο
1149 1831 1236 1885 ἵνα
1283 1830 1358 1904 μὴ
1393 1831 1765 1903 περικακῶσιν
1814 1833 1870 1886 αι
1914 1832 2103 1904 ψυχαί.
2136 1827 2180 1884 Β
2207 1835 2484 1890 τουτέστιν
2532 1837 2592 1889 tv
2630 1836 2698 1906 τῇ
2755 1833 3051 1905 Ἐκκλησία
3071 1850 3086 1864 θ
3107 1835 3228 1897 ταῖς
3251 1834 3486 1906 χήραις,
3529 1833 3627 1888 καὶ
3658 1836 3782 1888 πᾶσι

528 1922 660 1978 Θέλε
692 1923 748 1977 δέ
789 1925 918 1988 τοὺς
965 1925 1160 1988 παῖδας
1189 1923 1540 1996 σιωπητικῶς
1586 1923 1960 1996 προόιόἀζειν.
2006 1925 2101 1989 Είς

529 2015 826 2086 καπηλεῖον
851 2014 990 2078 ὅλως
1015 2013 1090 2088 μὴ
1122 2014 1368 2088 εἰσέλθῃς
1385 2029 1400 2044 ·
1435 2014 1552 2069 ἀλλ’
1580 2014 1675 2069 ἐάν
1707 2015 1921 2087 ἀνάγκη
1949 2015 2105 2088 γένη-

528 2106 620 2161 ταί
652 2123 756 2171 σοι,
805 2106 898 2160 ἐπὶ
933 2106 1093 2178 ξένης
1128 2108 1426 2180 γενομένῳ,
1457 2107 1554 2163 καὶ
1585 2109 1774 2180 χρείαν
1810 2108 1939 2181 ἔχῃς
1991 2109 2106 2163 ἐδέ-

529 2215 764 2270 σματος·
788 2198 1114 2260 ἀποστείλας
1137 2198 1433 2271 ἀγόρασον·
1466 2199 1559 2254 καὶ
1587 2201 1644 2253 ἐν
1665 2197 1931 2272 ἐκκλησίᾳ
1963 2199 2105 2269 φάγε

526 2291 623 2344 καὶ
669 2289 813 2357 πίνε,
855 2290 914 2344 tv
945 2289 1096 2362 τόπῳ
1137 2289 1651 2362 ἀνακεχωρισμένῳ.
1688 2289 1814 2344 Ἐἀν
1849 2291 1908 2344 δὲ
1953 2290 2030 2363 μὴ
2071 2289 2105 2363 ᾖ

527 2379 794 2455 ἐκκλησία
835 2382 894 2436 tv
933 2381 1014 2454 τῷ
1061 2381 1243 2453 τόπῳ,
1279 2381 1314 2454 ἢ
1351 2381 1614 2454 ἐκκλησία
1649 2381 1945 2454 ὀρθοδόξων
1969 2423 1984 2447 ,
2015 2383 2110 2436 καὶ

529 2475 744 2547 ἀνάγκη
773 2491 856 2528 σοι
885 2473 1110 2546 γένηται
1140 2472 1403 2528 είσελθεῖν
1432 2473 1490 2527 ἐν
1516 2472 1817 2546 πανδοχείῳ
1834 2489 1849 2502 ο
1881 2473 1954 2546 μὴ
1986 2473 2106 2527 θέλε

531 2567 714 2636 μεῖναι
763 2564 898 2618 ὅπου
950 2565 1088 2618 εἰσὶν
1137 2565 1416 2633 γυναῖκες,
1468 2564 1605 2635 μήτε
1655 2565 1736 2628 είς
1789 2563 2104 2634 καπηλεῖον,

534 2659 672 2730 μήτε
714 2659 852 2732 μετά
883 2657 993 2713 τῶν
1032 2658 1309 2712 εἰσιόντων
1354 2658 1436 2720 είς
1465 2654 1712 2730 θέατρον,
1746 2655 1782 2729 ἢ
1825 2659 1906 2722 εἰς
1945 2657 2110 2728 κυνή-

527 2764 648 2816 γιον
700 2747 1133 2820 εύρισκομένωνο
1181 2746 1340 2816 εἴπερ
1373 2745 1489 2800 ἐστί
1540 2763 1622 2800 σοι
1669 2745 1916 2819 δύναμις,
1973 2747 2106 2819 μηδὲ

529 2841 663 2916 εὔξῃ
697 2845 814 2916 μετ’
834 2841 1040 2896 αὐτῶν·
1076 2841 1124 2894 εί
1153 2840 1210 2894 δέ
1233 2840 1448 2912 ἀνάγκη
1479 2839 1738 2912 γένηται,
1768 2841 1863 2895 καὶ
1891 2858 2106 2912 συγχω-

533 2934 707 3008 ρηθῇς
748 2935 965 3000 αὐτοῖς·
995 2933 1102 2988 ὑπὸ
1139 2933 1249 2988 τῶν
1285 2933 1546 3005 μειζόνων
1573 2935 1622 2988 ot
1659 2935 2106 3006 συγχωρήσαντες

530 3021 784 3094 θψονται·
827 3024 892 3078 σὺ
949 3022 1008 3077 δὲ
1047 3022 1253 3078 τούτων
1299 3023 1768 3095 παραφυλάσσων,
1813 3023 2105 3094 γυμνάζων

534 3113 781 3171 σεαυτὸν.
809 3107 980 3168 Δῦται
1013 3112 1113 3184 μὲν
1141 3113 1352 3169 ἐντολαὶ
1379 3113 1703 3186 ἀρμόζουσιν
1734 3116 1986 3185 μοναχοῖς
2013 3113 2108 3169 καὶ

535 3203 768 3278 ἱερεῦσι,
814 3204 910 3260 καὶ
948 3207 1084 3259 πᾶσι
1140 3208 1256 3270 τοῖς
1296 3201 1784 3278 ἐγκρατευομένοις
1822 3206 2018 3279 χήραις
2049 3223 2110 3260 τε

535 3296 630 3350 καὶ
649 3295 997 3368 Χριστιανοῖς
1023 3295 1296 3368 ἀληθινοῖς
1322 3298 1437 3361 τοῖς
1467 3296 1527 3351 ἐν
1558 3296 1720 3370 γάμῳ
1760 3296 1940 3368 σεμνῷ
1964 3297 2114 3352 πολι-

533 3387 876 3460 τευομένοις·
926 3387 976 3442 εί
1002 3387 1058 3441 δέ
1099 3405 1181 3454 τις
1227 3389 1405 3461 ίερεὺς
1450 3387 1726 3458 τυγχάνει,
1773 3387 1976 3459 ὀφείλει
2015 3388 2114 3462 τὴν

2205 1927 2319 1990 τοῖς
2375 1923 2588 1988 λαῖκοῖς
2639 1925 2755 1987 τοῖς
2805 1939 3044 1994 κατηχου
3052 1921 3252 1992 μένοις,
3286 1925 3403 1987 τοῖς
3446 1923 3656 1988 λαῖκοῖς
3696 1923 3784 1978 καὶ

2211 2013 2525 2085 μονάζουσι,
2559 2011 2795 2076 καὶτοῖς
2833 2013 2891 2066 tv
2931 2009 3115 2083 σεμνῷ
3154 2012 3319 2083 γάμῳ
3355 2011 3784 2084 πολιτευομένοις

2209 2105 2608 2179 παραγγέλλειν
2639 2106 2922 2177 μετανοεῖν
2941 2120 2955 2136 ο
2992 2103 3086 2158 καὶ
3117 2103 3277 2158 τοῦτο
3305 2104 3405 2174 οὐχ
3433 2104 3511 2168 ὡς
3537 2104 3782 2176 διαφόρου

2208 2197 2374 2270 νόμου
2401 2238 2416 2265 ,
2452 2198 2543 2253 καὶ
2573 2197 2806 2252 ἐκάστου
2841 2196 2998 2266 λόγου
3037 2195 3485 2269 διαστελλομένου
3507 2213 3522 2226 ’
3571 2197 3686 2250 ἀλλ’
3711 2189 3784 2259 εἷς

2210 2288 2389 2342 ἐστιν’
2427 2287 2875 2360 διαστελλόμενος
2894 2287 2951 2342 δὲ
2981 2289 3039 2342 ἐν
3071 2289 3240 2341 πᾶσιν
3263 2289 3643 2360 Χριστιανοῖς·
3673 2291 3784 2350 ταῖς

2209 2381 2423 2449 γυναιξὶ
2468 2381 2524 2434 δέ
2567 2379 2968 2454 παραγγέλλειν
2999 2381 3136 2446 ὅλως
3170 2381 3244 2453 μὴ
3291 2381 3500 2446 λαλεῖν,
3527 2382 3664 2454 μηδὲ
3689 2381 3784 2436 κᾶν

2207 2472 2303 2525 ενα
2327 2472 2484 2541 λόγον
2514 2474 2574 2526 ἐν
2595 2471 2912 2544 ψιθυρισμῷ
2934 2489 2950 2505 ο
2983 2474 3119 2544 μήτε
3149 2471 3490 2546 συμψάλλειν
3521 2477 3781 2546 μοναχοξ.

2211 2565 2348 2636 μήτε
2376 2563 2772 2618 συνυπακούειν
2791 2579 2806 2595 °
2842 2566 2890 2618 εί
2925 2565 3001 2637 μὴ
3037 2565 3200 2638 μόνον
3223 2567 3384 2638 σιγᾷν
3411 2565 3511 2619 καὶ
3545 2565 3784 2637 εὔχεσθαι

2205 2653 2284 2725 τῷ
2333 2654 2452 2725 Θεῷ
2499 2653 2568 2708 δι’
2622 2654 2916 2721 ἐντεύξεως
2961 2656 3054 2710 καὶ
3103 2656 3310 2728 σεμνῆς
3358 2655 3668 2720 πολιτείας·
3716 2659 3784 2730 μὴ

2204 2744 2350 2816 ἔχειν
2383 2745 2556 2810 αὺτάς
2592 2746 2854 2820 λαμπράν
2881 2747 3108 2818 ἐσθῆτα,
3145 2749 3284 2820 μηδέ
3323 2750 3682 2820 χρυσόπαστα
3703 2751 3783 2802 ἐν-

2201 2836 2437 2910 δύματα,
2463 2837 2497 2910 ἢ
2517 2838 2719 2911 κόσμια
2741 2839 2828 2894 διὰ
2857 2830 3210 2913 μαργαριτῶν
3231 2856 3246 2870 °
3277 2840 3416 2913 μηδὲ
3434 2842 3506 2896 τὰ
3531 2841 3786 2913 πρόςωπα

2202 2929 2384 2984 αὐτῶν
2409 2929 2634 2995 τελείως
2663 2929 2948 3001 φαίνεσθαι
2985 2934 3122 3004 μήτε
3152 2935 3210 2986 ἐν
3246 2934 3427 3006 ἀγορᾷ
3463 2935 3601 3004 μήτε
3637 2935 3692 2986 ἐν
3711 2935 3788 2986 ἐκ·

2202 3022 2424 3095 κλησίᾳ.
2479 3014 2649 3076 Λῦταί
2700 3025 2839 3078 εἰσιν
2889 3024 2945 3077 αἱ
3007 3025 3265 3097 σωτήριοι
3314 3025 3660 3078 διδασκαλίαι
3688 3023 3788 3077 τῶν

2207 3111 2377 3181 ἀγίων
2399 3112 2725 3188 τριακοσίων
2743 3111 2888 3167 ὀκτὼ
2922 3113 3016 3167 καὶ
3039 3112 3174 3168 δέκα
3201 3113 3484 3186 θεοφόρων
3519 3114 3785 3186 Πατέρων,

2205 3203 2264 3255 αἱ
2293 3201 2586 3274 ὁδηγοῦσαι
2621 3204 2703 3266 είς
2735 3203 2834 3276 τὴν
2855 3201 3070 3258 αἰώνιον
3096 3202 3245 3275 ζωὴν
3269 3205 3400 3268 τοὺς
3442 3205 3786 3266 πιστεύοντας

2209 3294 2289 3358 είς
2309 3293 2408 3365 τὴν
2445 3293 2606 3362 ἀγίαν
2627 3293 2722 3348 καὶ
2752 3294 3038 3366 όμοούσιον
3069 3295 3276 3366 Τριάδα
3294 3311 3310 3328 ο
3347 3289 3384 3370 ᾖ
3412 3296 3620 3368 πρέπει
3651 3298 3787 3349 πᾶσα

2211 3384 2358 3454 δόξα,
2385 3385 2520 3458 τιμὴ
2548 3385 2645 3440 καὶ
2674 3387 3045 3460 προσκύνησις
3066 3389 3147 3451 είς
3161 3389 3292 3452 τοὺς
3320 3389 3553 3454 αἰῶνας.
3607 3389 3783 3460 ’Δμηι
