4040 6360
239 354 3545 418 W

1323 546 2424 682 PR/EFATIO.

1634 796 2153 846 *6,—

310 960 660 1025 Hebrzeum
693 961 1049 1039 Canonem,
1081 976 1195 1024 seu
1232 961 1467 1024 veteris
1494 961 1884 1026 Testamenti
1914 962 2279 1024 versionem
2312 979 2395 1024 ex
2422 960 2695 1024 Hebraeo
2731 960 3111 1025 adornatam
3147 960 3261 1026 abs
3293 962 3536 1027 Hreno-

227 1085 428 1141 NYMO,
461 1084 611 1147 quae
661 1067 956 1129 laborum
1007 1065 1146 1147 ejus
1199 1081 1275 1129 ac
1332 1066 1699 1146 vigiliarum
1748 1067 1938 1147 longe
1988 1066 2389 1129 nobilissima
2440 1082 2589 1147 pars
2626 1069 2744 1138 est,
2791 1082 2997 1146 eaque
3034 1068 3277 1129 caeteris
3312 1069 3537 1130 utilior

229 1170 567 1246 omnibus,
601 1178 777 1230 lomo
812 1170 937 1230 isto
965 1186 1236 1248 operum
1268 1168 1406 1248 ejus
1436 1185 1609 1229 nono
1646 1168 2154 1247 complectimur.
2190 1168 2307 1229 Sed
2339 1175 2693 1246 antequam
2724 1166 2892 1246 dico,
2918 1169 3072 1248 quid
3106 1172 3269 1233 istuc
3305 1173 3394 1231 rei
3430 1175 3536 1249 sit,

226 1272 468 1349 quidve
495 1272 901 1352 propositum
929 1273 1115 1333 nobis
1148 1272 1213 1333 in
1253 1271 1374 1334 hac
1408 1270 1781 1336 adornanda
1816 1272 2149 1353 provincia
2187 1272 2403 1349 fuerit,
2437 1275 2548 1333 aut
2596 1272 2976 1350 praestitum,
3012 1272 3265 1336 lectoris
3300 1292 3541 1354 praeoc-

228 1372 526 1453 cupanda
560 1378 712 1433 sunt
742 1372 899 1433 mihi
935 1374 1197 1451 judicia,
1231 1380 1292 1435 et
1336 1392 1531 1454 quam
1570 1376 1753 1438 facile
1787 1375 1992 1437 dicam
2029 1376 2417 1455 impingeret
2444 1374 2795 1453 diligentiae
2832 1380 3089 1454 nostrze,
3118 1380 3540 1457 praecavenda

230 1472 487 1548 sedulo,
523 1478 586 1533 et
616 1472 1039 1552 deprecanda.
1084 1474 1304 1554 Neque
1342 1475 1512 1535 enim
1544 1475 1794 1553 dubito,
1832 1475 1964 1536 fore
1995 1475 2359 1555 plerosque,
2393 1480 2621 1537 caetera
2661 1492 2779 1536 nec
2814 1477 3017 1539 malos
3065 1477 3383 1557 homines,
3423 1500 3544 1544 nec

229 1573 601 1635 divinarum
635 1591 905 1654 prorsus
934 1591 1153 1636 rerum
1191 1575 1477 1656 ignaros,
1517 1577 1627 1655 qui
1660 1576 1835 1642 hunc
1862 1576 2153 1639 laborem
2202 1577 2410 1655 primo
2447 1576 2663 1639 statim
2696 1576 2933 1638 intuitu
2970 1577 3145 1657 libri,
3177 1588 3287 1642 aut
3323 1582 3539 1644 minus

235 1678 490 1751 utilem,
516 1684 627 1741 aut
656 1686 827 1743 certe
855 1681 1514 1763 Hieronymianarum
1543 1682 1965 1763 scriptionum
1988 1682 2365 1746 Collectioni
2400 1698 2531 1743 non
2563 1680 3035 1744 adcensendum
3056 1680 3368 1760 judicent,
3394 1702 3542 1745 cum

233 1778 673 1856 perfunctorie
707 1780 994 1842 animum
1035 1782 1467 1859 advertentes,
1498 1782 1719 1845 eadem
1743 1800 1888 1861 quae
1914 1784 1977 1844 in
2003 1783 2283 1862 Vulgata
2307 1782 2536 1847 Latina
2567 1782 2860 1844 versione
2882 1783 3299 1846 continentur
3319 1784 3423 1847 hic
3453 1787 3546 1849 le-

233 1885 408 1959 gent,
428 1880 731 1959 hancque
754 1882 835 1943 ab
856 1882 967 1944 illa
993 1882 1274 1945 editione
1288 1884 1445 1945 nihil
1463 1888 1926 1965 propemodum
1941 1884 2223 1963 differre,
2244 1886 2729 1948 existimabunt.
2748 1887 3543 1968 Porrosupervacaneum,

236 1989 351 2041 aut
377 1981 457 2042 ad
489 1982 904 2061 quaerendam
937 1984 1312 2047 Collectioni
1350 1986 1583 2048 molem
1618 1989 1983 2051 institutum
2031 1991 2376 2069 putabunt,
2417 1968 2559 2051 eam
2591 1989 2779 2050 modo
2813 1990 3338 2073 Hieronymianis
3370 1992 3546 2055 scri-

234 2080 361 2160 ptis
407 2089 787 2164 annectere,
826 2102 972 2163 quae
1012 2085 1159 2147 licet
1212 2106 1297 2148 ex
1344 2089 1642 2151 omnibus
1686 2090 1935 2152 Latinis
1983 2107 2316 2154 sacrarum
2372 2090 2852 2171 Scripturarum
2906 2094 3547 2174 interpretationibus

233 2182 507 2259 probata
538 2198 671 2244 una
708 2183 817 2261 sit,
848 2189 1231 2247 czeterarum
1282 2188 1524 2267 Optima
1576 2204 1652 2250 ac
1700 2188 2104 2269 ﬁdelissima,
2150 2193 2233 2252 sit
2284 2191 2476 2253 etiam
2524 2194 2865 2270 quamqui
2899 2196 3180 2257 maxime
3212 2196 3535 2276 genuinus

236 2284 928 2365 Hieronymianirfetus
963 2288 1235 2368 ingenii,
1266 2308 1349 2351 ex
1389 2308 1519 2368 quo
1570 2292 1891 2372 interpres
1940 2293 2226 2355 omnium
2269 2297 2553 2372 aetatum,
2603 2295 2947 2373 omnisque
2980 2299 3308 2361 memoriee
3356 2299 3550 2380 longe

242 2386 651 2450 doctissimus
677 2386 879 2450 audiit
914 2410 929 2451 :
963 2394 1099 2451 tum
1135 2391 1226 2455 ita
1269 2409 1532 2472 quoque
1577 2395 1961 2475 pervulgata
2001 2397 2115 2459 illa
2148 2401 2243 2458 est
2285 2404 2478 2475 atque
2510 2397 2723 2466 obvia,
2757 2398 2965 2472 toties,
2993 2404 3214 2479 totque
3242 2402 3428 2481 locis,
3459 2410 3550 2464 tot

246 2493 490 2570 formis,
518 2498 781 2574 tamque
818 2496 1012 2558 variis
1041 2494 1177 2577 jam
1206 2495 1353 2558 inde
1385 2498 1467 2560 ab
1505 2499 1769 2562 inventa
1800 2505 1939 2562 arte
1973 2497 2464 2580 typographica,
2498 2498 2702 2560 multo
2732 2503 2948 2562 autem
2980 2503 3181 2582 magis
3219 2510 3362 2582 post
3392 2506 3549 2565 Tri-

243 2598 515 2661 dentinus
546 2598 779 2677 synodi
809 2599 1137 2661 decretum
1171 2617 1429 2680 recusa,
1453 2607 1712 2680 ornata,
1748 2606 1945 2678 atque
1967 2601 2285 2679 exposita,
2313 2604 2382 2660 ut
2409 2616 2560 2662 vere
2592 2599 3014 2664 bibliothecas
3042 2604 3214 2664 orbis
3245 2604 3549 2684 impleve—

242 2698 343 2771 rit,
376 2698 591 2777 sitque
629 2698 706 2761 iis
754 2703 947 2761 etiam
984 2700 1047 2761 in
1081 2709 1411 2782 promptu,
1452 2702 1563 2780 qui
1615 2702 1809 2763 aliam
1862 2702 2054 2781 plane
2093 2717 2289 2779 quam
2337 2700 2402 2760 in
2449 2697 2781 2760 versandis
2828 2700 3012 2762 libris
3054 2702 3197 2764 vitae
3232 2704 3549 2766 rationem

244 2800 682 2861 instituerunt.
716 2803 842 2863 Nos
876 2802 1025 2881 ipsi,
1056 2804 1227 2881 quod
1265 2803 1528 2863 minime
1576 2802 1950 2880 diffitemur,
1982 2820 2129 2864 cum
2176 2808 2327 2863 ante
2364 2799 2485 2861 hoc
2520 2799 3279 2879 fermequinquennium
3312 2821 3549 2868 novam

243 2899 405 2963 hanc
438 2917 712 2979 Operum
748 2902 1407 2984 Hieronymianorum
1440 2902 1784 2965 editionem
1815 2904 2030 2965 animo
2062 2903 2466 2983 moliremur,
2496 2902 2607 2963 diu
2646 2902 3053 2981 multumque
3082 2892 3547 2985 dubitavimus,

245 3019 391 3065 num
416 3022 451 3065 e
472 3022 543 3066 re
570 3011 792 3067 nostra
817 3012 928 3067 aut
958 3007 1272 3068 lectorum
1299 3012 1493 3081 esset,
1522 3026 1665 3071 eam
1695 3009 2078 3083 versionem,
2106 3008 2356 3069 tametsi
2385 2998 2626 3085 pridem
2656 3023 2693 3068 a
2726 3008 3156 3070 Benedictinis
3194 3009 3548 3073 editoribus

245 3104 476 3167 nedum
508 3106 828 3185 junctam,
857 3107 964 3169 sed
991 3109 1102 3169 toti
1140 3109 1503 3171 collectioni
1536 3111 1942 3190 praepositam
1964 3155 1981 3187 ,
2014 3110 2293 3171 retinere
2330 3129 2345 3168 :
2380 3112 2442 3170 et
2467 3126 2612 3170 cum
2634 3108 2836 3170 multa
2874 3109 3093 3171 animo
3124 3111 3551 3175 obversaren-

242 3213 377 3284 tur,
402 3209 563 3269 illud
622 3211 999 3288 cumprimis
1042 3212 1351 3274 sollicitos
1385 3231 1501 3275 nos
1538 3213 1840 3290 habebat,
1878 3218 1947 3273 ut
1975 3230 2054 3274 ne
2086 3218 2299 3274 actum
2330 3229 2522 3290 agere
2550 3210 2938 3285 videremur,
2969 3220 3163 3291 atque
3201 3215 3264 3274 in
3295 3233 3550 3294 eorum,

246 3324 418 3387 quos
450 3308 583 3370 haec
624 3309 741 3370 fert
793 3316 967 3382 astas,
1002 3313 1225 3375 vitium
1282 3314 1586 3386 incidere,
1626 3313 1735 3392 qui
1775 3329 1888 3392 per
1918 3312 2289 3374 chartarum
2328 3311 2619 3392 plaustra
2654 3310 2731 3373 ad
2777 3310 3324 3376 immortalitatem
3360 3333 3552 3394 gras-

242 3416 495 3473 santur.
529 3413 618 3473 Ac
639 3412 766 3474 fere
790 3417 1189 3494 propositum
1224 3417 1456 3491 fuerat,
1490 3418 1659 3479 solas
1687 3416 2012 3479 variantes
2047 3417 2380 3493 lectiones,
2409 3431 2572 3495 quas
2603 3418 2849 3477 veteres
2879 3432 3035 3477 mss.
3068 3414 3212 3477 libri
3240 3416 3553 3497 suppedi-

242 3515 487 3592 tabant,
519 3516 585 3577 in
617 3534 823 3578 unum
877 3519 1207 3600 colligere,
1250 3537 1488 3599 easque
1537 3523 1761 3599 paucis
1811 3520 2341 3583 annotationibus
2390 3517 2469 3579 de
2522 3533 2701 3577 more
2754 3516 3080 3597 expositas
3130 3534 3275 3579 cum
3314 3519 3553 3600 duplici

244 3616 576 3695 Psalterio,
608 3617 889 3697 aliisque
924 3620 1255 3682 nonnullis
1286 3622 1466 3682 libris
1511 3622 1622 3700 qui
1671 3623 1736 3683 in
1784 3623 2063 3701 Vulgata
2107 3638 2237 3681 non
2282 3619 2627 3693 habentur,
2665 3616 3186 3697 Hieronymianis
3223 3636 3551 3699 apponere

244 3720 301 3778 et
326 3716 616 3795 proferre
643 3719 706 3781 in
742 3721 969 3783 lucem.
1008 3722 1250 3783 Verum
1280 3740 1425 3785 cum
1463 3724 1526 3783 in
1565 3723 1863 3785 editionis
1900 3726 2377 3803 programmate
2409 3720 2529 3783 hac
2565 3720 2703 3799 ipsa
2731 3719 2809 3782 de
2850 3738 2921 3783 re
2951 3722 3283 3784 Publicum
3314 3731 3374 3784 et
3403 3722 3551 3787 doc-

243 3814 517 3877 tissimos
551 3835 847 3897 quosque
871 3838 951 3881 ex
979 3821 1155 3881 omni
1203 3821 1412 3895 Italia,
1445 3820 1609 3883 datis
1639 3822 1893 3895 litteris,
1918 3822 2429 3893 consuleremus,
2455 3836 2532 3881 ea
2578 3819 2697 3881 fuit
2729 3836 2859 3884 una
2904 3822 3194 3884 omnium
3230 3827 3553 3892 sententia

246 3915 314 3979 de
345 3920 658 3983 universo
702 3939 898 4001 opere
942 3924 1110 3985 serie
1162 3924 1416 4004 integra
1446 3924 1839 4000 recudendo,
1872 3930 1941 3985 ut
1976 3925 2212 4002 quibus
2258 3923 2449 3984 aliter
2474 3921 2674 3985 videri
2718 3926 2957 4000 posset,
2986 3924 3291 4003 palmaris
3328 3926 3550 3990 isthzec

244 4024 578 4103 responsio
607 4026 686 4085 sit
720 4045 736 4083 :
769 4026 895 4087 Nos
928 4026 1184 4105 publico
1207 4026 1448 4106 judicio
1480 4028 1617 4105 niti,
1647 4033 1708 4090 et
1736 4027 1878 4108 plus
1910 4027 2102 4087 malle
2130 4026 2465 4086 doctorum
2502 4023 2838 4084 hominum
2865 4023 3190 4104 suffragiis
3238 4026 3546 4108 tribuere,

248 4140 435 4201 quam
467 4143 722 4201 eorum,
759 4127 810 4189 si
861 4129 972 4207 qui
1009 4134 1251 4207 essent,
1296 4131 1408 4209 qui
1458 4131 1626 4193 hanc
1673 4148 1820 4192 cum
1868 4129 2148 4209 Vulgata
2203 4126 2688 4189 similitudinem
2738 4133 3191 4207 causarentur,
3244 4132 3551 4193 socordia:

247 4226 615 4289 concedere.
657 4228 775 4292 Sed
813 4229 1072 4294 fuerunt
1105 4239 1414 4313 praeterea
1449 4233 1871 4313 gravissime,
1904 4248 2049 4310 quae
2074 4230 2151 4291 ad
2184 4230 2349 4292 hanc
2379 4248 2480 4291 me
2508 4247 2770 4308 operam
2800 4247 3011 4292 causze
3046 4232 3318 4295 invitum
3350 4234 3551 4297 ferme

247 4326 679 4402 adduxerunt,
708 4348 871 4409 quas
898 4339 961 4393 et
996 4334 1326 4395 curdatum
1362 4351 1836 4413 quemcumque
1867 4332 2172 4393 lectorem
2205 4328 2590 4408 persuadere
2623 4346 2838 4407 posse,
2870 4347 2998 4391 non
3036 4330 3279 4393 dubito.

319 4432 397 4492 Et
429 4450 585 4494 vero
619 4451 747 4495 non
777 4433 913 4498 haec
948 4454 1064 4497 nos
1098 4438 1375 4516 primum
1405 4436 1482 4498 ad
1511 4434 1872 4515 augendam
1898 4433 2045 4493 libri
2083 4431 2313 4492 molem
2350 4429 2772 4507 accrevimus,
2803 4432 2912 4492 sed
2944 4432 3025 4493 ab
3059 4432 3409 4496 editoribus
3433 4436 3550 4499 Bc-

247 4535 582 4598 nedictinis
610 4538 912 4617 adjuncta
945 4544 1095 4602 sunt
1127 4542 1369 4620 pridem
1398 4540 2059 4619 Hieronymianorum
2090 4552 2358 4615 operum
2396 4533 2682 4607 editioni,
2713 4535 2908 4595 immo
2938 4538 3070 4597 tota
3101 4538 3434 4615 auspicato
3470 4541 3553 4602 ab

250 4634 341 4696 his
376 4636 657 4714 incepta
692 4638 997 4702 Collectio
1044 4646 1165 4718 est,
1211 4645 1430 4721 utpote
1474 4643 1555 4703 ab
1588 4640 1878 4700 omnium
1915 4636 2314 4698 nobilissima
2360 4634 2887 4696 lucubrationum
2928 4651 3149 4696 earum
3183 4644 3387 4715 parte.
3422 4641 3551 4704 Nos

248 4737 406 4798 adeo
435 4736 549 4815 qui
588 4743 815 4812 totum,
843 4747 913 4802 ut
945 4741 1031 4803 ita
1066 4741 1296 4816 dicam,
1331 4742 1754 4821 scriptionum
1789 4736 2447 4815 Hieronymianarum
2475 4734 2697 4795 orbem
2732 4734 2917 4811 primi
2948 4735 3456 4815 complectimur,
3489 4745 3554 4804 et
3630 4792 3635 4797 .

249 4857 390 4916 quae
424 4840 598 4902 haud
627 4860 784 4906 sane
818 4861 1024 4924 pauca
1055 4845 1296 4924 pridem
1329 4844 1885 4917 desiderabantur,
1918 4838 2317 4900 monimenta
2349 4836 2757 4914 collegimus,
2792 4839 2864 4895 ut
2912 4835 3047 4897 haec
3082 4836 3338 4899 demum
3379 4841 3554 4904 inte-

253 4959 362 5021 gra
392 4948 592 5021 atque
621 4944 920 5009 absoluta
966 4946 1161 5007 editio
1206 4946 1475 5025 prodeat
1503 4945 1567 5005 in
1599 4944 1954 5023 publicum,
1985 4939 2037 5001 si
2069 4954 2144 4999 ea
2198 4940 2377 5014 parte
2418 4950 2782 5011 careamus,
2822 4952 2966 5012 qua:
2999 4937 3228 4998 veteris
3256 4938 3554 5001 editionis

255 5042 371 5103 fuit
400 5046 799 5127 potior,jam
830 5064 956 5109 non
994 5049 1259 5109 auxisse
1292 5064 1408 5125 pro
1438 5064 1641 5118 more,
1672 5044 1777 5106 sed
1814 5043 2091 5121 priorem
2119 5037 2331 5119 cperis
2368 5035 2739 5115 dignitatem
2783 5035 3208 5115 imminuisse,
3240 5039 3549 5105 dicemur.

254 5146 380 5209 Suo
410 5153 629 5211 autem
672 5149 822 5227 jure
856 5156 1170 5227 quantum
1202 5149 1565 5221 decesserit,
1597 5147 1789 5207 homo
1818 5146 1893 5206 ad
1927 5141 2316 5222 elegantiam
2346 5139 2642 5201 excultus
2675 5138 3028 5211 desideret;
3061 5158 3207 5202 nam
3237 5159 3382 5204 cum
3418 5147 3560 5224 pri-
3591 5168 3597 5174 ’

254 5265 433 5309 mum
462 5249 574 5311 illa
606 5249 840 5328 prodiit
890 5251 952 5310 in
986 5250 1221 5327 lucem,
1252 5250 1535 5311 litterato
1563 5237 1745 5321 Orbi,
1776 5248 1828 5307 si
1860 5262 2061 5306 unum
2093 5241 2437 5304 Ricardum
2487 5240 2845 5301 Simonium
2886 5242 3199 5323 excipias,
3237 5251 3557 5326 acceptis-

255 5348 418 5412 sima
444 5349 823 5429 cumprimis
852 5334 999 5424 fuit,
1040 5367 1169 5411 non
1203 5366 1277 5411 ea
1308 5349 1519 5411 solum
1554 5349 1629 5410 de
1662 5362 1888 5422 causa,
1920 5342 2090 5422 quod
2129 5357 2328 5421 supra
2358 5348 2621 5402 creteros
2657 5339 2797 5418 ejus
2848 5340 3144 5403 editionis
3184 5346 3389 5407 tomos
3420 5346 3563 5411 dili-

254 5456 630 5533 gentissime
673 5457 1033 5535 elaborata,
1063 5464 1127 5519 et
1161 5458 1394 5519 collato
1428 5455 1789 5519 Martiamei
1835 5459 1898 5515 et
1930 5448 2253 5531 *Pougetii,
2299 5447 2407 5526 qui
2443 5446 2716 5507 multum
2747 5446 2840 5506 illi
2867 5446 3090 5509 labore
3116 5452 3313 5529 atque
3340 5453 3563 5517 erudi-

255 5557 429 5619 tione
454 5576 575 5623 sua
610 5560 877 5639 profuit,
902 5560 1116 5623 studio
1152 5560 1430 5639 perfecta
1461 5558 1585 5636 sit;
1616 5557 1723 5620 sed
1757 5555 2079 5637 praecipue
2121 5552 2263 5628 ipso
2298 5553 2581 5612 veterum
2624 5548 3167 5612 monimentorum
3195 5555 3448 5633 merito,
3483 5572 3562 5620 ac

259 5660 478 5722 nativa
515 5661 982 5742 prapemodum
1020 5664 1120 5724 sui
1169 5662 1483 5742 dignitate
1530 5666 1772 5723 tantam
1805 5658 1950 5719 iniit
1982 5673 2019 5719 a
2051 5651 2350 5715 studiosis
2388 5652 2681 5732 gratiam.
2716 5652 2969 5715 Testem
3010 5654 3176 5716 dabo
3224 5656 3417 5736 hujus
3468 5665 3566 5725 rei

256 5757 626 5840 hominem,
661 5762 845 5841 cujus
886 5781 963 5825 eo
1002 5763 1240 5825 certius
1289 5762 1406 5825 erit
1456 5777 1532 5824 ac
1582 5759 1974 5822 luculentius
2023 5753 2489 5830 testimonium,
2519 5770 2650 5829 quo
2678 5754 2881 5832 magis
2917 5754 3053 5833 ipse
3080 5756 3306 5821 studiis
3336 5778 3570 5828 mona-

258 5857 531 5926 chorum
562 5868 1068 5943 sanctorumque
1100 5865 1364 5930 Patrum
1389 5862 1706 5943 infensus,
1735 5864 1965 5928 cwtera
1992 5858 2245 5937 doctus,
2275 5859 2339 5920 et
2372 5852 2709 5924 lacessitus
2742 5853 2779 5918 ἐι
2811 5855 3210 5936 Martianaeo,
3242 5860 3573 5949 nihilnon

544 5964 826 6030 I‘nnon.
859 5964 1159 6031 XXVIII.
3117 5962 3150 6022 1
