4040 6360
481 264 540 321 ῃ
1925 268 2012 350 ΡΒ
2023 267 2324 361 [ΕἘΑΤΙΟ.
3707 289 3778 348 12

480 381 706 458 egerit,
737 383 807 441 ut
835 379 974 461 ejus
999 381 1231 456 labori,
1261 384 1518 466 arrepta
1555 399 2084 462 quaquaversum
2117 369 2483 464 cetrasione,
2511 385 2895 451 detraheret.
2934 390 3088 454 Dico
3122 391 3781 477 Hieronymianarum

483 487 926 560 Quaestionum
958 492 1309 557 auctorem,
1349 487 1542 567 cujus
1567 490 1712 549 odia
1760 489 2557 569 exercentem’calamum,
2601 491 2742 571 ipsa
2777 492 2944 555 inter
2976 494 3230 577 jurgia,
3264 498 3405 563 haec
3444 502 3508 563 in
3542 503 3783 569 δάνει’-

482 590 644 651 sarii'
675 591 772 651 sui
804 590 1054 652 laudem
1084 590 1394 669 proﬁteri,
1430 593 1524 651 vis
1561 589 1850 653 veritatis
1885 589 2094 669 coegit
2126 608 2143 649 :
2179 611 2211 648 α
2239 591 2378 652 Non
2431 610 2694 672 possum
2732 612 2859 655 non
2891 595 3160 660 laudare
3197 603 3543 666 consilium
3603 606 3782 668 Mar-
3821 595 3826 602 ’

480 695 695 758 tianaei
726 696 802 757 de
852 695 1112 758 edendis
1161 696 1540 776 Hieronymi
1571 695 2033 776 Versionibus,
2077 697 2616 775 quemadmodum
2643 704 2903 762 exstant
2938 701 3003 762 in
3046 703 3517 782 antiquissimis
3566 707 3777 791 libris,

483 800 624 861 sine
671 800 1163 874 mutationibus,
1195 817 1339 879 quae
1387 805 1610 879 postea
1645 799 1712 860 in
1744 799 1821 861 iis
1852 799 2033 863 factae
2061 806 2237 879 sunt',
2281 819 2486 879 eoque
2525 803 2750 866 ordine
2785 821 2918 883 quo
2955 806 3384 870 inveniuntur
3431 809 3659 873 iisdem
3712 812 3778 873 in

479 904 696 977 libris;
731 919 861 964 non
892 904 1148 966 omissis
1178 903 1462 982 antiquis
1496 903 2042 978 distinctionibus,
2077 923 2223 985 quas
2253 906 2318 968 in
2356 906 2432 968 iis
2467 912 2846 969 cernuntur.
2891 907 3204 971 Videmur
3237 912 3411 972 enim
3459 913 3645 975 nobis
3680 912 3740 975 vi
3771 943 3781 952 -

481 1010 632 1070 dere
660 1025 770 1072 eas
800 1007 1174 1080 Versiones,
1207 1006 1435 1083 quales
1470 1025 1506 1068 e
1543 1024 1739 1090 manu
1767 1007 2143 1087 Hieronymi
2174 1010 2574 1086 prodierunt,
2613 1015 2727 1072 aut
2757 1014 2927 1072 certe
2954 1026 3154 1090 quam
3184 1011 3447 1074 minime
3479 1011 3618 1075 fieri
3658 1029 3797 1094 po-.

479 1113 624 1188 tuit,
660 1112 1054 1174 immutatas.
1090 1135 1120 1169 ιο
1161 1109 1313 1188 (Jo.
1343 1109 1623 1172 Clericus
1652 1117 1868 1189 quaest.
1905 1111 1970 1184 9,
2001 1126 2173 1170 num.
2203 1109 2264 1169 2.
2298 1111 2316 1188 )
3639 1158 3649 1165 .
3796 1178 3800 1183 _

560 1216 771 1292 Atque
805 1213 941 1274 haec
966 1209 1226 1289 quidem
1258 1211 1428 1272 bona
1457 1210 1612 1272 satis
1639 1217 1734 1272 est
1766 1211 1934 1272 ratio
1961 1210 2166 1272 critici
2199 1210 2570 1272 testimonio
2597 1211 2980 1289 conjuncta,-
3011 1212 3120 1275 sed
3149 1232 3295 1292 quae
3331 1232 3432 1276 me
3455 1215 3776 1296 prtecipue

481 1334 679 1379 causa
717 1314 1058 1394 permovit,
1109 1312 1237 1374 alia
1287 1315 1410 1385 est,
1442 1311 1615 1389 quod
1668 1329 1812 1372 meo
1845 1313 1984 1392 ipse
2014 1311 2304 1392 periculo
2337 1318 2646 1392 expertus
2685 1331 2853 1388 sum,
2892 1312 3082 1374 aliter
3119 1316 3227 1376 vix
3262 1314 3399 1375 fieri
3436 1332 3650 1394 posse,
3703 1323 3778 1379 ut

483 1435 630 1496 quae
672 1417 957 1479 maxima
993 1421 1143 1478 sunt
1177 1415 1368 1494 hujus
1407 1414 1554 1475 libri
1583 1414 1943 1489 commoda,
1993 1416 2076 1475 ab
2127 1415 2418 1476 studioso
2460 1414 2973 1496 perciperentur,
3009 1416 3129 1477 nisi
3171 1422 3371 1477 totum
3402 1417 3543 1498 ejus
3575 1420 3776 1482 inter-

482 1524 864 1602 pretationis
897 1528 1270 1584 contextum
1304 1521 1764 1600 digereremus.
1794 1521 1892 1582 Ex
1925 1521 2023 1583 his
2053 1522 2374 1601 quaedam,
2397 1528 2468 1584 ut
2493 1521 2963 1600 ﬁantexemplo
2993 1521 3464 1603 manifestiora,
3487 1525 3778 1604 profera-

479 1645 646 1689 mus.
679 1627 952 1689 Tantam
987 1627 1051 1688 in
1093 1645 1490 1708 unoquoque
1532 1627 1702 1688 libro
1733 1627 2128 1692 variantium
2158 1628 2510 1692 lectionum
2541 1630 2800 1705 silvam,
2829 1629 3356 1691 emendationem
3405 1646 3667 1708 quoque
3717 1636 3780 1691 et

478 1731 938 1811 glossematum
969 1731 1295 1811 ingentem
1327 1730 1456 1793 vim
1493 1735 1606 1794 aut
1639 1731 1821 1794 nullo
1852 1747 1999 1792 cum
2036 1729 2277 1805 fructu,
2309 1738 2423 1795 aut
2457 1750 2586 1794 non
2619 1751 2695 1794 eo
2726 1731 2979 1806 saltem,
3014 1731 3125 1810 qui
3160 1735 3254 1793 est
3297 1731 3468 1792 lectu
3495 1730 3772 1802 debitus,

476 1831 747 1910 carptim
778 1831 984 1892 oculis
1018 1847 1291 1908 usurpes
1327 1853 1343 1893 :
1381 1848 1526 1910 quae
1561 1831 1614 1892 si
1666 1831 1745 1892 ad
1777 1849 1968 1892 suum
2014 1849 2290 1910 quasque
2339 1838 2679 1896 contextus
2717 1833 2931 1896 locum
2965 1836 3297 1908 notentur,
3346 1832 3604 1894 irritant
3639 1833 3783 1894 ani-

473 1951 675 2004 mum,
709 1939 769 1993 et
802 1939 1154 2012 provocant
1182 1932 1455 2011 legentis
1500 1932 1876 2009 arbitrium;
1909 1938 2134 1995 contra
2164 1932 2216 1994 si
2251 1933 2331 1994 ad
2361 1951 2554 2012 quem
2584 1936 2774 1998 modo
2813 1951 3071 1999 versum
3107 1933 3497 2008 referantur,
3549 1933 3784 1998 docere

475 2036 656 2106 velis,
689 2038 751 2096 et
783 2034 1110 2096 laciniosis
1144 2051 1311 2113 saepe
1361 2035 1704 2096 verborum
1737 2034 2036 2095 ductibus
2072 2034 2163 2097 uti
2215 2052 2380 2115 cpus
2430 2037 2538 2114 sit,
2569 2043 2632 2099 et
2663 2037 2918 2098 taedium
2956 2037 3173 2116 potius
3217 2053 3413 2116 quam
3448 2036 3782 2116 ingenium

475 2136 720 2199 homini
773 2136 1152 2222 eruditionis
1178 2132 1409 2214 cupido
1433 2152 1718 2199 moveas.
1737 2133 1992 2196 Scholia
2016 2138 2255 2208 autem,
2277 2152 2420 2214 quae
2450 2137 2788 2198 innumera
2815 2139 3285 2216 propemodum
3302 2144 3478 2210 sunt,
3503 2137 3783 2199 maxime

469 2242 534 2301 in
566 2225 1058 2313 Oclateuchum,
1106 2255 1186 2298 ne
1224 2237 1343 2298 hac
1387 2236 1646 2314 quidem
1684 2237 1999 2298 industria
2035 2254 2398 2316 proponere
2442 2243 2540 2299 est
2581 2241 2911 2301 commode
2944 2259 2959 2299 :
2999 2257 3144 2301 cum
3181 2239 3354 2301 enim
3400 2237 3558 2301 illud
3585 2240 3785 2301 dum-

473 2347 653 2402 taxat
690 2339 938 2411 laudas,
987 2336 1158 2415 quod
1208 2337 1474 2398 verbum
1526 2335 1903 2416 respiciunt,
1941 2336 2081 2414 ipso
2114 2337 2382 2410 monito,
2422 2338 2698 2400 molesto
2749 2339 2993 2402 scilicet
3040 2343 3238 2417 atque
3275 2340 3554 2419 ingrato,
3590 2341 3785 2421 plura

471 2463 670 2524 quam
708 2446 842 2525 ipse
873 2448 1218 2507 contextus
1251 2441 1466 2513 habet,
1500 2441 1696 2502 verba
1729 2439 2090 2520 conjungas
2122 2459 2136 2499 :
2173 2458 2318 2519 qum
2345 2443 2630 2505 vicissim
2659 2461 2693 2504 e
2724 2443 2992 2524 regione
3020 2444 3251 2520 posita,
3289 2443 3466 2506 nullo
3494 2445 3783 2523 negotio,

474 2572 606 2615 uno
640 2555 866 2614 obtutu
903 2553 967 2612 in
999 2551 1219 2613 oculos
1259 2555 1673 2625 mentemque
1700 2547 2066 2608 incurrunt.
2102 2546 2272 2608 Idem
2302 2547 2642 2609 dicendum
2673 2547 2865 2626 plane
2892 2551 2986 2608 est
3011 2545 3088 2607 de
3123 2545 3328 2607 obelis
3362 2549 3560 2624 atque
3594 2552 3787 2608 aste—

472 2655 682 2731 riscis,
711 2654 822 2732 qui
853 2671 998 2715 cum
1034 2651 1274 2731 passim
1313 2649 1494 2726 alibi,
1529 2653 1660 2709 tum
1689 2647 2012 2728 praecipue
2043 2647 2119 2710 iis
2150 2647 2214 2708 in
2247 2648 2456 2725 libris,
2491 2649 2600 2728 qui
2635 2648 2712 2710 ad
2762 2649 3058 2710 Graecum
3094 2648 3431 2726 exemplar
3456 2649 3782 2711 emendati

474 2761 622 2816 sunt
651 2761 715 2817 et
745 2754 1083 2835 recogniti,
1116 2756 1295 2815 tanto
1323 2767 1598 2812 numero
1637 2749 2016 2826 obveniunt,
2063 2754 2136 2811 ut
2169 2750 2302 2812 etio
2341 2752 2675 2828 abutatur,
2710 2755 2770 2811 et
2803 2750 3114 2828 patientia
3153 2757 3401 2827 nostra,
3448 2752 3502 2812 si
3531 2752 3678 2829 quis
3717 2752 3784 2813 id

473 2857 591 2918 sibi
637 2857 819 2936 pensi
865 2856 989 2930 det,
1027 2862 1099 2918 ut
1127 2853 1386 2934 singula
1419 2855 1749 2922 memoret,
1796 2851 2029 2912 nedum
2069 2857 2136 2911 ut
2173 2868 2402 2913 causas
2434 2859 2716 2916 enarret.
2749 2852 3014 2927 Quoties
3051 2869 3207 2916 vero
3242 2851 3463 2914 eadem
3507 2853 3569 2912 in
3615 2854 3787 2915 notis

475 2963 819 3039 repetenda
853 2961 1081 3021 erunt?
1116 2958 1225 3036 qui
1267 2955 1490 3017 modus
1519 2955 1642 3016 erit
1685 2952 1954 3033 legentis
1984 2959 2094 3014 aut
2124 2952 2421 3015 dictantis
2471 2953 2765 3016 fastidio?
2793 2970 2939 3032 quas
2966 2954 3132 3016 ratio
3172 2953 3642 3018 laudandorum
3666 2976 3788 3021 co—

473 3065 719 3125 dicum?
739 3063 938 3124 Vetus
968 3068 1184 3123 autem
1205 3061 1311 3121 illa
1335 3075 1637 3121 versuum
1661 3055 2011 3128 distinctio,
2033 3073 2178 3134 qua:
2210 3058 2364 3116 tanti
2386 3074 2557 3117 nunc
2585 3056 2675 3126 tit,
2693 3075 2767 3120 ac
2791 3063 2983 3120 tanta:
3011 3057 3202 3120 refert
3224 3059 3626 3136 antiquitatis
3649 3073 3788 3118 me-

473 3167 774 3238 moriam,
815 3164 1022 3224 verbis
1058 3160 1507 3240 reprwsentari
1540 3159 1644 3220 vix
1680 3175 1868 3236 posse
1894 3157 2179 3219 arbitror
2213 3176 2228 3216 :
2261 3158 2527 3218 omnino
2558 3165 2771 3222 autem
2814 3165 2884 3221 ut
2910 3161 3056 3239 quis
3092 3162 3340 3224 utiliter
3376 3167 3670 3243 prmstet,
3699 3179 3788 3225 ne

483 3268 588 3328 vix
620 3265 901 3345 quidem.
933 3266 1095 3325 Tum
1127 3265 1263 3342 ipse
1293 3263 1484 3323 etiam
1517 3260 1768 3323 Hebrmi
1793 3260 2076 3323 Canonis
2106 3265 2520 3337 conspectus,
2556 3267 2752 3338 atque
2781 3261 2967 3340 ordo,
2996 3281 3190 3341 quem
3228 3267 3566 3341 tanIOpere
3607 3281 3790 3339 pra:-

476 3367 719 3444 dicant,
750 3365 1045 3447 praeverti
1099 3364 1353 3444 penitus
1392 3380 1658 3425 necesse
1705 3362 1808 3423 sit.
1848 3360 1940 3422 Ad
1979 3360 2114 3422 haec
2150 3360 2336 3422 solidi
2373 3360 2636 3439 quidam
2667 3370 2820 3424 sunt
2857 3365 3026 3426 sacri
3066 3366 3211 3426 libri
3244 3366 3358 3428 abs
3388 3366 3789 3445 Hieronymo

474 3468 732 3546 quidem
755 3471 816 3528 in
839 3467 1138 3528 Latinum
1162 3465 1484 3536 conversi,
1513 3481 1640 3525 non
1661 3471 1877 3526 autem
1910 3462 1974 3522 in
1994 3462 2338 3540 Vulgalam
2365 3461 2708 3525 editionem
2730 3467 2991 3542 recepti,
3017 3466 3127 3542 qui
3147 3483 3336 3526 suum
3359 3466 3461 3528 hic
3494 3467 3616 3527 sibi
3642 3468 3790 3529 vin-

477 3567 690 3628 dicant
722 3567 979 3646 preprie
1017 3565 1251 3627 locum.
1287 3563 1444 3626 Tale
1475 3563 1858 3624 Psalterium
1897 3566 1990 3621 est
2018 3579 2096 3622 ex
2132 3561 2408 3623 Hebraeo
2438 3561 2816 3640 archetypo,
2852 3563 3022 3641 quod
3057 3571 3266 3626 vetere
3298 3564 3675 3644 jamdudum
3707 3569 3781 3632 in‘

474 3668 779 3732 Ecclesiis
810 3667 1140 3728 obtinente
1172 3665 1704 3744 interpretatione
1756 3681 1834 3724 ex
1874 3661 2123 3741 Graeco,
2174 3680 2253 3724 ne
2309 3664 2515 3725 turbas
2563 3663 2628 3724 in
2674 3665 2940 3744 pepulo,
2985 3666 3181 3746 longa
3218 3665 3352 3746 jam
3404 3667 3791 3733 habitudine

477 3772 741 3851 psalmis
792 3770 916 3832 illis
967 3775 1249 3842 assueto,
1300 3769 1652 3842 cierentur,
1701 3764 2002 3828 substitui
2039 3782 2171 3826 non
2222 3765 2468 3842 potuit:
2509 3782 2788 3844 cumque
2824 3769 2905 3828 sit
2949 3767 3238 3830 omnium
3273 3767 3669 3848 fidelissime,
3706 3788 3791 3834 ac

475 3875 769 3936 doctrina
824 3871 1182 3934 incredibili
1238 3870 1672 3949 elaboratum,
1704 3868 1914 3930 solum
1969 3864 2102 3928 fere
2149 3863 2229 3928 ad
2285 3865 2604 3946 privatam
2640 3867 3070 3930 eruditionem
3109 3868 3459 3950 legentium
3489 3880 3791 3952 superat.

475 3977 663 4042 Tales
689 3977 836 4038 alia:
865 3982 1017 4037 sunt
1046 3990 1383 4036 sacrorum
1424 3972 1740 4034 librorum
1780 3970 2108 4033 versiones
2134 3970 2323 4050 juxta
2364 3970 2546 4032 LXX
2587 3971 3005 4052 lnterpretes,
3035 3978 3109 4036 ut
3141 3980 3236 4036 est
3275 3974 3478 4037 altera
3506 3977 3649 4038 Jobi
3679 3983 3796 4040 at-

476 4102 600 4161 que
630 4083 891 4159 Esther,
919 4081 1156 4160 duplex
1191 4080 1341 4141 item
1370 4079 1775 4140 Psalmorum
1807 4076 2186 4156 recognitio,
2215 4077 2350 4139 sive
2374 4095 2517 4156 quae
2547 4078 2838 4142 Romana
2864 4084 2927 4142 et
2949 4099 3091 4158 qua)
3115 4081 3444 4145 Gallicana
3475 4083 3792 4149 Psalteria

473 4186 770 4259 audiunt,
799 4202 944 4264 qua)
981 4184 1046 4245 in
1073 4182 1368 4262 Vulgataa
1400 4180 1802 4254 recensione,
1836 4179 1936 4241 vel
1967 4180 2182 4258 plane,
2211 4179 2312 4243 vel
2361 4179 2439 4241 ad
2487 4199 2634 4242 eum
2672 4180 2899 4244 saltem
2939 4184 3198 4245 modum
3229 4201 3359 4246 non
3397 4191 3549 4246 sunt
3580 4205 3596 4246 :
3629 4204 3798 4265 pre-

475 4291 634 4353 tium
661 4297 876 4353 antem
905 4294 1002 4350 est
1031 4303 1354 4349 summum
1383 4300 1597 4362 operte
1624 4282 2025 4363 cognovisse.

557 4391 962 4468 Quicumque
999 4388 1134 4449 haec
1169 4385 1393 4447 sedulo
1431 4386 1759 4447 rationum
1810 4387 2137 4462 momenta
2189 4383 2602 4462 expenderit,
2657 4385 2877 4449 nullus
2911 4388 3044 4467 jam
3094 4388 3353 4464 dubito,
3404 4389 3563 4468 quin
3614 4393 3793 4469 tequi

477 4494 753 4572 bonique
783 4490 1082 4553 consulat
1117 4488 1516 4568 propositum
1553 4491 1880 4561 nostrum,
1910 4501 1986 4547 ac
2022 4486 2184 4549 bene
2222 4488 2446 4551 locatae
2482 4489 2545 4550 in
2582 4490 2892 4554 universo
2928 4492 3324 4556 recensendo
3360 4498 3540 4555 textu
3570 4510 3796 4574 Operm

477 4613 592 4656 nos
649 4595 822 4655 sinat
871 4591 1265 4654 conscientia
1294 4589 1443 4650 frui.
1473 4587 1592 4649 Sed
1642 4593 1834 4649 erunt
1880 4587 2154 4650 fortasse
2191 4591 2300 4668 qui
2339 4591 2468 4653 alia
2504 4591 2580 4654 de
2630 4611 2831 4658 causa
2880 4597 3358 4675 contradicere,
3389 4601 3620 4676 atque,
3673 4598 3794 4661 illa

475 4696 736 4758 vixdum
769 4695 1022 4757 sublata
1047 4691 1368 4756 calumnia
1389 4735 1404 4765 ,
1430 4691 1797 4771 graviorem
1825 4708 1861 4752 e
1891 4692 2160 4769 vestigio
2189 4691 2495 4756 invidiam
2517 4711 2742 4758 creare
2772 4696 2836 4758 in
2871 4715 2988 4760 nos
3018 4699 3338 4762 studeant.
3367 4700 3792 4776 Compertum

476 4822 703 4883 nempe
740 4820 887 4864 cum
919 4802 1034 4879 sit,
1065 4798 1439 4879 Hieronymi
1490 4797 1774 4860 maxima
1819 4797 2043 4860 saltem
2075 4817 2154 4860 ex
2194 4803 2376 4878 parte
2406 4801 2769 4864 versionem
2807 4820 2949 4864 esse
2974 4848 2990 4880 ,
3017 4819 3160 4880 quae
3185 4801 3464 4881 Vulgata
3498 4800 3792 4863 editione

469 4908 832 4970 continetur
853 4950 868 4978 ,
899 4905 1048 4967 dum
1080 4920 1222 4965 eam
1249 4899 1630 4979 emendare,
1659 4917 1734 4964 ac
1763 4901 2052 4981 pristina:
2088 4901 2435 4983 integritati
2471 4905 2829 4981 satagimus
2860 4903 3224 4966 restituere.
3254 4902 3350 4963 Tu
3384 4919 3498 4975 ne,
3530 4901 3795 4980 inquiet

472 5011 742 5073 fortasse
775 5008 1034 5089 aliquis,
1070 5005 1448 5069 recensione
1485 5004 1607 5066 hac
1633 5010 1744 5066 tua
1772 5021 1910 5067 eam
1941 5005 2286 5068 editionem
2322 5006 2638 5079 excludis,
2676 5023 2870 5086 quam
2903 5005 3346 5066 remotissima)
3375 5003 3791 5082 antiquitatis

469 5114 778 5174 memoria
805 5159 819 5187 ,
858 5111 1060 5171 multo
1103 5113 1318 5170 autem
1356 5107 1557 5186 magis
1592 5105 1969 5169 meumenici
2009 5107 2368 5169 Tridentini
2421 5107 2677 5170 concilii
2714 5107 3102 5184 auctoritas,
3139 5113 3200 5168 et
3252 5108 3442 5189 plura
3477 5107 3788 5186 deinceps

467 5213 838 5292 pontificum
875 5210 1127 5271 decreta
1171 5224 1367 5268 unam
1416 5223 1495 5267 ex
1538 5205 1838 5267 omnibus
1893 5223 2228 5268 sacrarum
2268 5207 2751 5285 Scripturarum
2785 5206 3169 5270 Christianis
3200 5206 3574 5267 hominibus
3607 5225 3794 5269 com-

465 5313 899 5375 mendarunt?
928 5309 1086 5373 Mihi
1114 5325 1264 5370 vero
1295 5307 1356 5368 id
1389 5324 1602 5386 neque
1627 5308 1692 5369 in
1721 5313 2001 5370 mentem
2026 5310 2227 5383 venit,
2261 5327 2380 5371 nec
2409 5309 2463 5371 si
2491 5310 2593 5372 cui
2623 5326 2934 5388 umquam
2967 5311 3204 5383 veniat,
3231 5309 3338 5370 ille
3367 5307 3522 5369 mihi
3549 5326 3791 5388 sapere
3823 5389 3828 5394 .

461 5415 773 5479 videatur.
803 5413 973 5488 Quin
1006 5413 1204 5473 immo
1235 5426 1553 5472 summam
1602 5409 1740 5489 ejus
1794 5409 2092 5472 editionis
2125 5410 2418 5484 laudem,
2452 5409 2605 5472 dum
2634 5412 2900 5492 spiritus
2935 5411 3053 5471 hos
3091 5415 3269 5489 reget
3301 5415 3523 5486 artus,
3560 5410 3791 5472 tuebi—

452 5539 600 5583 mur
623 5566 638 5594 ,
672 5525 742 5582 ut
771 5520 849 5582 ad
896 5516 1041 5579 fidei
1075 5534 1150 5579 ac
1180 5533 1434 5577 morum
1481 5515 1843 5579 doctrinam
1881 5516 2292 5579 imbuendam
2326 5515 2868 5595 tradendamque,
2901 5514 3062 5574 nihil
3100 5531 3227 5575 non
3283 5530 3483 5592 grave
3519 5520 3581 5575 et
3615 5533 3788 5592 prae-

453 5623 924 5686 stantissimum
977 5620 1042 5680 in
1075 5636 1153 5682 ea
1191 5636 1331 5680 esse
1363 5615 1819 5698 profiteamur,
1859 5624 1922 5679 et
1969 5634 2166 5697 quam
2200 5618 2360 5680 adeo
2391 5619 2456 5679 in
2512 5619 2686 5680 hisce
2719 5620 2912 5682 rebus
2959 5615 3410 5678 auctoritatem
3458 5615 3781 5690 obtinuit,

451 5733 694 5788 sartam
719 5730 1082 5802 lectamque
1113 5724 1514 5804 prrestemus.
1541 5719 1970 5782 Nihilosecius
2001 5722 2053 5781 si
2091 5739 2235 5800 quae
2267 5728 2554 5783 veterum
2585 5719 3001 5780 librariorum
3034 5723 3147 5780 aut
3173 5717 3451 5790 incuria,
3481 5722 3599 5779 aut
3629 5737 3785 5797 per-

445 5839 635 5893 versa
686 5844 847 5895 cura
898 5827 1307 5908 irrepserunt
1354 5822 1420 5886 in
1452 5839 1594 5891 eam
1645 5823 1910 5902 menda,
1962 5829 2022 5890 et
2073 5826 2368 5907 partibus
2417 5821 2697 5887 insident
2746 5819 3007 5885 minime
3056 5819 3450 5901 necessariis
3505 5819 3583 5883 ad
3632 5819 3768 5887 fide
3811 5833 3819 5836 ·
