4040 6360
255 291 328 348 ιδ
1717 287 2114 350 ΡΒΔΞΕΑΤῙΟ.
3491 302 3564 362 ﬂ

245 423 634 486 morumque
660 406 836 485 leges
873 404 1384 485 campanendas,
1427 406 1620 467 homo
1649 410 1752 469 cui
1803 408 1976 471 cordi
2017 413 2109 470 est
2141 425 2354 470 rerum
2402 423 2738 475 sacrarum
2782 411 3101 493 dignitas,
3132 432 3210 481 ea
3261 434 3389 498 qua
3438 437 3561 501 par

246 519 372 588 est,
405 510 868 591 probabilitate
918 527 994 570 ac
1043 511 1353 588 religione
1405 529 1558 570 usus
1593 512 1862 592 castiget
1898 534 1912 574 :
1950 512 2215 573 minime
2245 513 2531 575 onmium
2579 516 2636 576 ei
2687 517 2970 578 arbitror
3009 517 3554 603 succensendum,

244 618 435 676 immo
476 632 628 676 vero
658 616 824 676 bene
853 614 1034 675 illum
1079 615 1342 694 ingenio
1374 632 1493 677 suo
1517 630 1592 678 ac
1621 615 1952 695 diligentia
1987 616 2062 677 de
2093 617 2293 678 sacris
2324 616 2551 678 litteris
2584 619 2921 704 meruisse.
2955 621 3024 681 Id
3055 622 3208 684 olim
3237 624 3357 687 viri
3387 643 3558 703 prm-

243 721 544 781 stiterunt
585 736 834 779 summe
885 717 1222 795 catholici,
1270 718 1638 796 summique
1676 718 1893 781 itidem
1924 719 2217 800 Vulgatee
2256 721 2544 799 patroni,
2577 740 2612 784 e
2643 723 2918 800 quibus,
2951 733 3024 786 ut
3066 727 3321 790 interim
3374 730 3559 794 Heu-

243 825 448 884 ricum
482 821 997 900 Buchentopium
1033 825 1442 900 praeteream,
1495 838 1848 900 numquam
1887 840 2016 883 non
2053 822 2306 884 laudem
2343 826 2693 901 promeruit
2729 823 3137 890 doctissimus
3171 830 3557 896 Franciscus

243 928 413 989 Luca
449 924 839 1005 Brugensis,
876 925 989 1003 qui
1037 924 1319 1003 amplius
1357 927 1588 1003 quater
1635 924 1811 987 mille
1853 923 2031 995 loca,
2065 941 2210 1003 quas
2256 932 2399 1005 post
2446 925 2790 988 Clementis
2827 929 2967 990 Vlll
3017 933 3562 1012 recognitionem,

243 1029 690 1091 emendatione
720 1027 1117 1106 indigerent,
1149 1033 1263 1088 aut
1301 1026 1618 1104 correxit,
1650 1031 1762 1087 aut
1793 1027 1979 1088 bonis
2013 1026 2409 1104 argumentis
2451 1027 2832 1106 corrigenda
2884 1030 3191 1092 indicavit
3225 1055 3240 1094 :
3273 1038 3336 1095 et
3382 1034 3557 1096 card.

241 1133 708 1208 Bellarminus,
741 1130 853 1209 qui
884 1129 1050 1191 datis
1103 1129 1180 1192 ad
1210 1147 1356 1190 eum
1390 1129 1652 1201 litteris,
1686 1129 1873 1209 plura
1921 1128 2001 1189 iis
2051 1127 2261 1189 adhuc
2296 1145 2638 1205 superesse
2673 1127 2734 1187 in
2770 1131 3000 1191 melius
3031 1133 3374 1206 mutanda,
3404 1136 3457 1195 si
3505 1135 3559 1197 is

241 1239 404 1294 esset
435 1235 734 1305 animus,
775 1233 1055 1309 ingenue
1087 1231 1418 1310 professus
1451 1240 1565 1293 est.
1610 1232 1707 1292 Tu
1760 1237 2014 1293 nostros
2049 1236 2322 1293 conatus
2352 1231 2641 1310 ejusdem
2693 1232 3008 1295 testimato
3064 1252 3204 1297 esse
3233 1237 3431 1298 animi
3485 1254 3565 1302 ac

247 1335 594 1396 voluntatis
630 1342 756 1395 :‘ac
787 1337 840 1394 si
874 1333 1128 1394 domum
1163 1334 1322 1395 tanti
1356 1339 1538 1407 sunt,
1567 1349 1713 1412 qua:
1747 1335 2172 1412 proponimus
2197 1334 2636 1408 emendanda,
2668 1334 2764 1396 his
2795 1334 3064 1400 adcense
3086 1381 3105 1414 ,
3141 1357 3286 1418 quas
3313 1345 3562 1406 tantam

243 1455 276 1498 a
309 1443 362 1496 te
392 1453 475 1495 ex
511 1436 792 1496 aliorum
826 1440 1086 1514 accepta
1116 1434 1330 1496 studio
1368 1433 1643 1513 gratiam
1671 1433 1987 1498 inierunt.

317 1540 563 1599 Tamen
607 1537 728 1598 etsi
764 1536 893 1598 alia
931 1536 1197 1596 omnino
1228 1535 1562 1614 provincia
1593 1539 1722 1608 est,
1755 1549 1950 1612 quam
1984 1551 2101 1594 nos
2139 1535 2537 1614 sumpsimus
2561 1579 2576 1608 ,
2616 1553 2828 1614 neque
2857 1536 2921 1596 in
2955 1553 3030 1598 ea
3060 1538 3462 1614 adornanda,
3498 1540 3565 1603 id

246 1641 419 1702 nobis
452 1640 827 1719 putavimus
860 1639 1096 1716 negotii
1151 1637 1327 1717 dari,
1363 1641 1434 1698 ut
1491 1636 1677 1696 tertio
1731 1653 1992 1713 quoque
2024 1637 2256 1709 verbo,
2288 1653 2472 1698 secus
2510 1654 2588 1697 ne
2639 1645 2808 1698 esset
2839 1638 2904 1697 in
2940 1637 3212 1716 Vulgata
3245 1638 3562 1721 editione,

245 1745 725 1823 dispiceremus.
777 1743 913 1804 Hac
941 1758 1098 1804 sane
1143 1741 1285 1818 ipsa
1315 1739 1390 1800 de
1420 1755 1618 1801 causa
1646 1738 1960 1800 retinetur
1989 1739 2097 1817 qui
2131 1745 2279 1800 ante
2320 1756 2436 1799 nos
2467 1741 2606 1799 erat
2627 1739 2850 1799 titulus
2882 1739 3167 1801 universi
3195 1741 3409 1819 operis
3444 1744 3566 1806 Bi-

245 1843 547 1906 bliotheca
583 1846 859 1924 Div-ina,
910 1863 1103 1924 quem
1147 1852 1373 1906 caetera
1412 1844 1761 1923 probamus
1809 1859 2075 1920 parum,
2110 1848 2171 1904 et
2221 1860 2257 1904 a
2313 1842 2376 1902 S.
2431 1841 2786 1921 Interprete
2839 1845 3266 1923 perscriptum
3322 1845 3563 1927 fuisse,

242 1949 507 2010 omnino
541 1968 676 2010 non
709 1949 1051 2012 credimus.
1086 1948 1334 2010 Scimus
1370 1965 1522 2010 vero
1545 1944 1791 2025 jamdiu
1820 1946 1975 2005 olim
2002 1945 2358 2006 obtinuisse
2391 1945 2562 2022 apud
2596 1944 2858 2005 Veteres
2881 1992 2897 2022 ,
2943 1962 3105 2023 quos
3136 1945 3556 2012 Martianaaus

245 2055 505 2125 laudat,
537 2059 598 2114 et
627 2054 739 2131 qui
768 2071 913 2114 eum
948 2052 1287 2132 fugerunt,
1321 2050 1703 2130 scriptores;
1749 2046 1856 2110 sed
1887 2067 2004 2110 nec
2047 2048 2422 2127 ignoramus
2452 2047 2736 2110 vicissim
2773 2049 2854 2109 ab
2897 2049 3040 2109 aliis
3074 2047 3366 2112 diversos
3396 2069 3569 2130 prae-

241 2159 384 2220 ferri
409 2207 428 2237 ,
454 2165 516 2219 et
547 2159 611 2218 in
643 2176 793 2218 mss.
833 2157 1193 2236 praesertim
1220 2156 1546 2218 codicibus
1579 2171 1696 2233 pro
1727 2170 1847 2214 suo
1879 2169 2206 2230 quemque
2235 2151 2586 2224 arbitratu,
2617 2155 2811 2228 atque
2836 2151 3098 2231 ingenio
3128 2169 3565 2216 amanuenses

240 2261 494 2322 lusisse.
527 2260 1006 2324 Celeberrimus
1041 2262 1198 2323 noni
1229 2261 1445 2324 saaculi
1474 2259 1848 2320 Latinorum
1892 2258 2248 2318 Bibliorum
2306 2261 2667 2335 ἐπανορθωτής
2704 2255 3014 2315 Alcuinus
3040 2299 3056 2328 ,
3087 2256 3164 2316 de
3213 2274 3346 2334 quo
3376 2258 3566 2335 plura

242 2365 513 2426 interius
539 2365 815 2428 dicenda
841 2367 1024 2428 nobis
1055 2373 1268 2441 erunt,
1293 2367 1541 2427 cmteris
1571 2361 1928 2441 repudiatis
1953 2362 2253 2423 omnibus
2278 2361 2477 2422 titulis
2499 2407 2515 2437 ,
2540 2359 2895 2421 Pandectcn
2922 2360 3281 2439 inscripsit,
3313 2361 3566 2439 hocque

242 2467 374 2545 ejus
408 2469 753 2546 proprium
789 2485 1023 2529 nomen
1057 2486 1229 2545 esse,
1257 2466 1608 2530 contendit.
1641 2465 2035 2527 Sententiam
2064 2481 2248 2526 suam
2280 2481 2358 2524 eo
2389 2468 2739 2542 exaggerat
2767 2463 3228 2543 epigrammate
3249 2511 3266 2541 ,
3300 2463 3472 2543 quod
3503 2470 3567 2528 et

245 2569 408 2629 inter
437 2568 582 2648 ejus
615 2587 817 2649 opera
847 2571 1178 2650 vulgatum
1227 2573 1360 2646 est,
1407 2573 1471 2630 et
1499 2569 1579 2632 ad
1609 2566 1852 2630 calcem
1902 2566 2070 2630 sacri
2102 2570 2318 2626 textus
2346 2580 2384 2627 a
2429 2579 2497 2625 se
2543 2562 2853 2641 recogniti
2901 2567 3097 2642 atque
3145 2563 3464 2627 emendati
3501 2565 3566 2628 in

247 2671 678 2737 Vallicellano
715 2674 791 2736 de
825 2674 996 2736 Urbe
1027 2691 1146 2735 ms.
1179 2673 1458 2735 habetur
1497 2690 1513 2732 :

957 2819 1184 2876 Nomine
1213 2817 1511 2874 Pandectcn
1546 2816 1764 2888 proprio
1790 2813 2031 2869 vocitare
2061 2818 2334 2868 memento

1027 2892 1144 2947 l-loe
1175 2905 1374 2961 corpus
1401 2905 1640 2965 sacrum,
1677 2889 2081 2965 lector,_i_n_ore
2112 2892 2230 2965 tuo.

957 2962 1114 3032 Quod
1151 2955 1292 3017 nunc
1322 2977 1351 3016 a
1385 2961 1571 3016 multis
1601 2955 2152 3032 c’onstatbibliotjzeca
2181 2955 2322 3009 dicta

1029 3035 1260 3091 Nomine
1289 3050 1394 3089 non
1431 3033 1653 3104 proprio
1673 3074 1688 3096 ,
1722 3039 1779 3086 ut
1806 3031 1983 3100 lingua
2014 3028 2236 3098 Pelasga
2267 3033 2457 3092 sonat,
2485 3031 2592 3080 etc.

243 3190 482 3253 Verum
512 3192 648 3254 haec
681 3211 759 3253 ex
788 3192 925 3272 ejus
948 3193 1288 3254 occasione
1314 3190 1509 3267 tituli,
1532 3188 1935 3267 nequeenim
1963 3185 2164 3246 nostri
2190 3187 2284 3245 est
2313 3183 2607 3255 instituti,
2636 3186 2794 3259 quot
2814 3181 2982 3261 apud
3014 3184 3303 3259 Latinos,
3337 3203 3564 3264 quam-

239 3310 372 3370 que
396 3294 593 3354 variis
617 3293 982 3354 nominibus
1008 3293 1336 3371 Scriptura
1362 3292 1685 3370 appellata
1709 3291 1814 3364 sit,
1838 3288 2164 3368 persequi.
2189 3286 2552 3359 Voluimus,
2571 3300 2647 3345 ea
2682 3289 2928 3346 retenta
2953 3287 3392 3366 inscriptione,
3417 3307 3564 3367 qum

251 3395 454 3455 etiam
490 3413 620 3473 prae
645 3396 887 3457 caeteris
929 3396 1126 3458 ferme
1156 3396 1474 3471 obtinuit,
1508 3398 1572 3455 et
1600 3409 1718 3452 nos
1756 3390 2025 3450 lubrica:
2069 3385 2489 3465 disputationi
2522 3384 2914 3460 subducere,
2945 3391 3004 3449 el
3036 3404 3232 3464 quam
3281 3388 3474 3470 longe
3524 3406 3564 3455 a

245 3493 684 3572 prurientium
719 3494 1127 3573 ingeniorum
1157 3493 1453 3556 aﬂectata
1492 3491 1775 3553 novitate
1809 3491 2141 3561 absumus,
2179 3483 2566 3564 signiﬁcare.

321 3595 731 3671 Propositum
763 3603 979 3656 autem
1013 3612 1217 3656 unum
1263 3605 1358 3656 est
1396 3594 1580 3654 nobis
1607 3640 1623 3670 ,
1674 3591 2256 3670 Hieronymianam
2289 3586 2886 3665 interpretationem
2928 3590 3294 3652 exscribere
3323 3594 3406 3654 ab
3435 3609 3564 3657 an—

246 3699 433 3775 tiquis
469 3699 692 3776 libris,
729 3702 838 3777 qui
875 3700 1178 3780 propius,
1210 3697 1427 3778 quoad
1466 3697 1603 3776 ejus
1635 3695 1772 3756 ﬁeri
1807 3694 2048 3773 potuit,
2083 3693 2166 3754 ab
2194 3691 2396 3771 ipsius
2439 3689 2814 3770 lnterpretis
2845 3697 3028 3754 astate
3067 3695 3333 3770 absunt,
3367 3702 3562 3761 ante-

243 3815 433 3875 quam
467 3817 580 3860 eos
610 3800 749 3862 sive
775 3801 1213 3880 glossatorum
1243 3798 1648 3877 pervaserint
1678 3813 1911 3858 manus
1932 3839 1947 3865 ,
1975 3795 2110 3855 sive
2144 3793 2615 3852 sententiarum
2646 3810 2680 3853 e
2710 3795 3047 3856 vetustiori
3078 3797 3375 3860 versione
3403 3816 3560 3866 usus

243 3904 621 3965 immutarit.
657 3906 746 3966 Ac
777 3922 935 3966 sane
965 3906 1016 3965 si
1049 3902 1519 3965 Octateurhum
1554 3901 1840 3978 excipias
1862 3944 1878 3975 ,
1911 3915 2075 3976 quos
2107 3901 2322 3958 tamen
2350 3894 2550 3958 libros
2584 3896 2796 3960 minus
2833 3899 3184 3979 minusque
3231 3903 3557 3983 impendio

241 4009 682 4064 correctorum
714 4011 1019 4084 περιέργεια
1049 4001 1458 4082 depravavit,
1494 4001 1778 4078 reliquos
1823 4015 2045 4060 omnes
2077 3995 2328 4056 Hebraei
2367 3995 2648 4058 Canonis
2699 4004 2828 4061 tam
2857 4004 2920 4061 et
2974 4002 3282 4081 vetustis,
3314 4009 3376 4065 et
3425 4006 3558 4069 sin-

240 4107 399 4166 ceris
431 4109 515 4168 ab
566 4107 964 4186 apographis
1001 4106 1416 4183 fontibusque
1447 4103 1814 4166 derivamus
1841 4147 1856 4176 ,
1897 4108 1964 4162 ut
1995 4103 2071 4164 de
2100 4118 2323 4162 earum
2357 4100 2701 4163 lectionum
2755 4101 2913 4181 ﬁde,
2959 4122 3036 4166 ac
3063 4104 3555 4186 Hieronymiani

242 4208 450 4283 operis
484 4208 912 4284 germanitate
941 4205 1241 4268 dubitare
1275 4207 1392 4275 vix
1427 4206 1640 4268 liceat.
1675 4202 1888 4264 Sicubi
1923 4221 2076 4282 ergo
2129 4200 2561 4263 inducendum
2594 4206 2964 4283 quempiam
2998 4224 3253 4269 versum
3282 4209 3553 4275 dicimus

241 4314 348 4367 aut
379 4310 769 4367 sententiam
819 4327 832 4365 :
871 4307 920 4366 si
953 4309 1192 4368 cubare
1225 4307 1288 4367 in
1319 4305 1552 4366 mendo
1607 4305 1820 4364 locum
1842 4347 1857 4376 ,
1892 4319 2047 4365 vera
2079 4303 2351 4364 lectione
2389 4304 2751 4380 proposita,
2786 4305 3361 4372 animadvertimus
3397 4335 3413 4373 :
3445 4313 3554 4373 de-

241 4429 412 4469 mum
445 4411 498 4468 si
553 4410 743 4470 aliter
771 4416 966 4487 atque
1005 4409 1252 4470 obtinet
1282 4410 1511 4486 vulgo,
1548 4407 1863 4468 nectimus
1900 4425 1915 4465 :
1953 4405 2272 4466 haeremus
2305 4405 2497 4464 etiam
2527 4407 2879 4484 aliquando
2903 4452 2920 4482 ,
2971 4416 3167 4488 atque
3199 4414 3261 4471 in
3294 4413 3550 4479 diversa

243 4517 483 4569 veteres
519 4527 782 4588 quoque
834 4509 1090 4571 chartas
1143 4509 1321 4571 abire
1354 4510 1806 4585 observamus,
1839 4525 1921 4568 ex
1972 4506 2094 4568 ﬁde
2127 4514 2500 4568 nostrorum
2552 4510 3025 4587 exemplarium
3080 4512 3382 4594 facimus;
3434 4536 3551 4580 nec

239 4614 362 4672 alio
393 4630 592 4690 quam
623 4614 700 4673 ad
731 4613 1257 4694 Hieronymianze
1283 4614 1598 4677 versionis
1629 4613 2010 4694 dignitatem
2041 4611 2479 4690 asserendam,
2510 4619 2623 4675 aut
2652 4615 3129 4693 vindicandam,
3153 4619 3550 4701 quicumque

241 4715 499 4778 tandem
535 4715 640 4777 hic
677 4717 863 4778 labor
898 4724 1031 4796 est,
1069 4717 1195 4779 tine
1228 4719 1625 4780 exantlatur.

315 4823 397 4883 Ut
431 4841 589 4884 vero
629 4822 1032 4901 pr0positum
1064 4821 1186 4882 hoc
1220 4827 1514 4883 nostrum
1554 4821 1751 4900 probe
1781 4823 2032 4892 teneas,
2085 4833 2161 4880 ac
2192 4817 2358 4878 scias
2417 4817 2640 4894 quanti
2675 4817 2857 4878 nobis
2903 4816 3086 4879 labor
3127 4819 3232 4881 hic
3270 4825 3552 4904 steterit,

239 4924 588 5002 repetenda
619 4925 709 4984 rei
744 4923 1051 4985 memoria
1102 4929 1232 4997 est,
1267 4941 1348 4984 ex
1380 4940 1508 5002 qua
1561 4926 1693 4985 tota
1748 4919 2212 5002 prepemodum
2239 4919 2763 4999 Hieronymianaa
2797 4922 3108 4984 versionis
3139 4925 3369 5002 pendet
3418 4929 3552 4993 his-

240 5027 435 5101 toria,
495 5025 705 5104 deque
739 5027 904 5106 ejus,
943 5045 1138 5105 quam
1173 5028 1562 5088 vindicatum
1617 5029 1808 5101 imus,
1861 5026 2288 5106 germanitate
2319 5023 2655 5104 judicium.
2698 5025 2978 5088 Vixdum
3031 5037 3218 5091 erant
3265 5039 3549 5110 quatuor

243 5130 460 5209 elapsa
493 5131 758 5207 smcula,
779 5148 857 5190 ex
887 5147 1017 5208 quo
1047 5132 1111 5190 in
1143 5130 1471 5208 publicum
1505 5131 1710 5192 versio
1738 5129 1801 5190 S.
1831 5130 2124 5191 Doctoris
2158 5126 2601 5208 prodierat,ac
2632 5132 2874 5207 passim
2901 5133 3349 5197 auctoritatem
3378 5139 3549 5217 apud

240 5249 466 5292 omnes
491 5231 622 5292 fere
652 5231 1008 5306 obtinebat,
1037 5249 1181 5292 cum
1205 5231 1337 5311 jam
1371 5232 1674 5294 vilescere
1702 5233 1840 5294 visa
1877 5237 1971 5292 est
2019 5231 2263 5292 mendis
2291 5232 2526 5308 obsita,
2565 5249 2710 5310 quae
2741 5235 2804 5295 in
2836 5237 3016 5296 tanto
3047 5233 3546 5302 describentium

244 5337 664 5397 librariorum
699 5353 998 5408 numero,
1030 5341 1337 5414 tantaque
1369 5337 1684 5399 utentium
1722 5337 2053 5411 varietate,
2085 5353 2314 5399 cavere
2362 5338 2699 5398 hominum
2746 5337 3078 5416 diligentia
3114 5357 3242 5401 non
3274 5347 3547 5422 poterat.

243 5438 305 5497 ld
364 5456 536 5516 aagre
591 5438 804 5499 ferens
859 5438 1127 5519 Carolus
1165 5439 1437 5517 Magnus
1472 5439 1849 5519 imperator,
1882 5438 2078 5498 homo
2128 5436 2206 5499 ad
2260 5437 2562 5498 Ecclesiae
2592 5437 3079 5499 aaditicationem
3130 5443 3328 5519 atque
3358 5459 3553 5508 orna-

245 5510 529 5600 mentum
561 5545 777 5611 natus,
813 5543 881 5598 ut
914 5510 1200 5618 pristina:
1252 5510 1602 5618 integritati
1631 5510 2106 5616 restitueretur,
2143 5542 2339 5616 atque
2370 5538 2671 5599 omnibus
2721 5538 3065 5608 Ecclesiis,
3100 5510 3380 5605 mai-time
3411 5544 3560 5605 Gal-

243 5641 472 5705 licanis
502 5647 828 5705 constaret
857 5641 1400 5713 emendatissimo,
1434 5649 1679 5722 quanto
1727 5643 2015 5703 maximo
2061 5641 2267 5719 potuit
2309 5640 2520 5702 studio
2553 5647 2747 5720 atque
2783 5643 3172 5706 auctoritate
3203 5648 3552 5710 contendit.

260 5743 581 5822 Volumus,
615 5744 827 5820 inquit
865 5744 930 5804 in
984 5743 1499 5824 Capilularibus,
1535 5753 1590 5804 et
1645 5745 1736 5804 ita
1767 5744 1987 5805 Missis
2021 5745 2262 5807 nostris
2293 5744 2719 5807 mandavimus
2747 5793 2762 5820 ,
2802 5754 2855 5806 et
2899 5749 3326 5827 prwcepimus,
3361 5759 3434 5812 ut
3487 5752 3557 5814 in

252 5844 556 5911 Ecclesiis
579 5843 732 5910 tib-ri
757 5844 1049 5908 canonici
1081 5862 1324 5908 veraces
1345 5843 1722 5917 habeantur;
1747 5845 1909 5911 sicut
1920 5845 2056 5927 jam
2082 5845 2207 5911 alio
2231 5846 2591 5927 Capitulari
2611 5865 2764 5928 saepe
2793 5847 3246 5914 mandavimus.
3279 5850 3558 5921 Alcuino
