4040 6360
490 292 567 352 ,5
1946 286 2337 348 nummo.
3624 294 3629 297 ‘
3723 300 3795 361 is

489 401 737 479 autem,
768 402 907 467 sive
956 399 1214 476 Albino,
1257 398 1370 479 qui
1419 397 1486 461 in
1521 412 1763 480 magna
1818 396 2225 478 imperatoris
2257 403 2740 469 existimatione
2775 406 3376 489 Consuetudineque
3421 410 3558 473 tum
3614 411 3805 497 vixit,

489 512 714 588 utpote
756 506 1074 581 omnium,
1110 519 1275 584 quos
1330 518 1407 565 ea
1450 503 1597 563 tulit
1628 508 1812 578 aetas,
1845 501 2309 581 eruditissimo,
2351 512 2600 569 tantum
2637 508 3078 572 instauranda:
3115 509 3465 591 Scripturaa
3494 530 3656 593 opus
3700 516 3809 581 dc-

488 610 866 675 mandatnm
892 614 1011 672 est.
1043 608 1137 670 Ac
1166 610 1317 669 sunt
1354 603 1637 684 quidem,
1670 604 1780 683 qui
1811 622 1958 666 eum
1990 606 2244 669 tradant
2276 610 2639 672 vernaculis
2690 610 3335 689 interpretationibus
3380 631 3512 675 non
3544 622 3809 680 conten-

495 719 661 787 tum,
692 709 1092 775 addiscendis
1120 707 1552 789 originalibus
1601 706 1867 786 linguis,
1899 707 2218 771 Hebraica
2248 715 2310 771 et
2356 710 2603 786 Graeca,
2659 729 2925 792 Operam
2960 712 3633 797 impendisse,eiisque
3666 736 3810 782 esse

493 816 564 877 in
603 814 730 875 hoc
752 813 977 876 labore
1006 811 1276 874 feliciter
1302 808 1695 872 exantlando
1717 826 1930 871 usum.
1954 810 2198 872 Verum
2226 830 2371 891 qua:
2398 814 2520 876 tria
2552 813 2691 893 ejus
2720 814 2966 894 peritiae
2990 815 3052 877 in
3084 816 3407 881 Hebraico
3430 824 3611 883 textu
3646 826 3811 885 trac-

490 918 692 982 tando
718 916 964 998 profert
983 918 1367 996 argumenta
1393 929 1680 992 nuperus
1704 912 1845 993 ejus
1868 913 2169 976 laudator
2187 915 2453 996 Hodyus
2478 936 2561 980 ex
2581 917 3208 983 Commentariorum
3235 922 3446 1003 libris,
3472 924 3535 985 in
3561 924 3803 1005 quibus

498 1021 1077 1103 Hieronymianam
1100 1022 1488 1099 versionem,
1518 1041 1647 1103 qua
1678 1025 2005 1100 utebatur,
2030 1043 2110 1088 ex
2148 1026 2421 1088 Hebraeo
2453 1026 2776 1090 interdum
2804 1030 3195 1109 correxisse,
3227 1034 3289 1095 et
3319 1049 3813 1113 nonnumquam

445 1117 454 1130 ’
500 1124 737 1188 diserte
767 1126 1142 1206 repudiasse
1168 1128 1490 1204 autumat,
1521 1127 1681 1187 nihil
1711 1127 1997 1206 profecto
2040 1132 2213 1201 sunt,
2247 1145 2460 1207 neque
2492 1130 2665 1191 enim
2710 1132 2926 1193 Albini
2958 1133 3071 1196 illa
3108 1140 3285 1211 sunt,
3324 1135 3434 1198 sed
3471 1137 3816 1216 ipsiusmet

486 1227 898 1309 Hieronymi,
930 1245 970 1293 a
1003 1246 1137 1307 quo
1192 1228 1303 1290 ille
1343 1228 1706 1309 descripsit,
1747 1227 2009 1292 totidem
2063 1230 2282 1291 verba.
2318 1230 2476 1292 Sunt
2513 1250 2670 1294 vero
2717 1233 2936 1296 isthzec
2966 1255 2981 1294 :
3012 1235 3083 1297 In
3111 1252 3255 1316 cap.
3294 1236 3457 1300 Gen.
3512 1254 3673 1309 xxv,
3710 1237 3751 1296 8
3793 1257 3811 1298 :

487 1329 815 1407 Quomodo
854 1331 1145 1393 convenit
1176 1330 1439 1393 Abrahae
1472 1338 1596 1393 tam
1625 1342 1843 1395 sancto
1874 1334 2013 1395 viro
2044 1332 2217 1414 quod
2260 1333 2539 1411 dicitur,
2571 1337 2651 1397 Et
2677 1336 2982 1400 deficiens
3019 1346 3316 1403 mortuus
3354 1342 3494 1404 est?
3532 1342 3817 1420 Respon-

487 1430 637 1509 dco,
666 1432 737 1494 in
782 1430 1043 1495 Hebraeo
1076 1450 1205 1495 non
1238 1433 1533 1510 habetur,
1565 1434 1866 1499 deficiens
1895 1462 1912 1516 ;
1944 1435 2050 1498 sed
2087 1457 2125 1498 a
2172 1437 2590 1519 Septuaginta
2640 1440 3105 1521 lnterpretibus
3134 1441 3420 1506 additum
3468 1451 3577 1505 est.
3631 1444 3710 1504 Et
3746 1445 3813 1505 in

486 1531 736 1594 Eccles.
784 1550 902 1593 rx:
950 1532 1321 1596 Notandum
1357 1544 1477 1609 est,
1511 1535 1681 1616 quod
1716 1554 1833 1616 per
1885 1544 2085 1600 totum
2133 1537 2363 1601 librum
2410 1539 2779 1623 ubicumque
2813 1542 3088 1617 dicitur,
3118 1544 3266 1605 Filii
3322 1545 3699 1623 hominum,
3743 1546 3814 1607 in

483 1639 769 1703 Hwbrxo
803 1638 1099 1715 habetur,
1129 1642 1274 1703 Filii
1305 1643 1619 1715 hominis,
1648 1642 1763 1705 hoc
1800 1650 1890 1704 est
1914 1688 1929 1717 ,
1965 1644 2111 1705 Filii
2145 1645 2348 1708 Adam
2384 1668 2398 1705 ε
2438 1655 2497 1707 et
2529 1650 2729 1711 omnis
2775 1667 2933 1729 pene
2973 1650 3318 1730 Scriptura
3347 1650 3464 1712 hoc
3510 1651 3811 1714 idiomate

479 1740 672 1821 plena
699 1750 821 1820 est,
846 1742 1210 1804 universum
1239 1761 1432 1824 genus
1459 1744 1800 1807 humanum
1825 1744 2021 1806 Adam
2052 1745 2220 1826 ﬁlios
2260 1764 2515 1810 vocans.
2551 1749 2847 1828 Denique
2888 1751 2951 1812 in
3004 1768 3146 1831 cap.
3184 1770 3279 1813 xu
3329 1772 3345 1813 :
3378 1751 3819 1816 Obmutescere

483 1862 753 1927 quoque,
781 1845 931 1921 sive,
960 1854 1031 1907 ut
1058 1847 1279 1909 melius
1308 1846 1570 1909 habetur
1601 1849 1667 1908 in
1694 1847 1974 1909 Hcebrxo
1994 1893 2012 1924 ,
2034 1846 2411 1910 surdescere
2430 1894 2446 1923 ,
2474 1867 2658 1911 aures
2684 1850 3027 1932 signiﬁcat.
3052 1852 3227 1930 Haec,
3256 1853 3554 1933 inquam,
3585 1853 3814 1918 omnia

490 1962 661 2027 pura
695 1952 985 2027 putaque
1014 1953 1165 2009 sunt
1192 1948 1570 2029 Hieronymi
1600 1949 1800 2012 verba
1829 1948 1896 2009 in
1922 1947 2419 2012 Commentariis
2450 1950 2527 2012 ad
2552 1968 2629 2015 ea
2655 1951 3139 2031 Scripturarum
3175 1954 3314 2017 loca
3358 1977 3372 2016 :
3406 1953 3578 2034 quod
3606 1955 3818 2016 miror

483 2055 693 2135 magis
742 2055 1065 2118 eruditum
1108 2056 1320 2118 virum
1372 2056 1571 2118 latere
1626 2055 1937 2135 potuisse,
1987 2071 2134 2116 cum
2180 2072 2368 2116 nemo
2400 2054 2535 2135 jam
2562 2056 2844 2135 nesciat,
2895 2058 3207 2138 pleraque
3242 2059 3462 2122 omnia
3508 2059 3819 2121 Albinum

488 2175 575 2222 ex
616 2158 1141 2241 Hieronymianis
1193 2158 1476 2221 fontibus
1506 2158 1845 2221 delibasse.
1878 2157 2108 2237 Igitur,
2144 2174 2273 2218 non
2306 2162 2377 2219 ut
2427 2157 2803 2238 quamdam,
2852 2158 2903 2221 si
2940 2159 3121 2238 libet,
3170 2159 3597 2222 Orientalium
3650 2159 3821 2223 litte-

486 2276 715 2323 rarum
758 2260 1057 2325 aurulam
1106 2260 1325 2341 Magni
1371 2260 1585 2324 Caroli
1633 2260 1946 2341 magistro
1975 2257 2331 2333 invideam,
2386 2260 2497 2322 sed
2547 2265 2618 2322 ut
2669 2261 2907 2339 quibus
2952 2260 3059 2323 ille
3116 2262 3471 2325 instructus
3506 2262 3818 2325 subsidiis

492 2361 839 2425 editionem
883 2378 1069 2426 suam
1106 2362 1471 2431 adornarit,
1522 2361 1883 2424 innotescat
1918 2380 1934 2420 :
1976 2360 2071 2422 sic
2115 2364 2364 2437 statuo,
2397 2360 2663 2423 minime
2698 2360 2882 2435 illum
2921 2360 3045 2425 hoc
3092 2361 3212 2422 sibi
3263 2360 3502 2442 negotii
3537 2360 3817 2437 dedisse,

489 2462 602 2527 sed
632 2481 845 2543 neque
872 2483 1015 2528 eam
1050 2465 1139 2526 illi
1172 2464 1369 2527 fuisse
1398 2468 1708 2537 mentem,
1740 2467 1811 2524 ut
1859 2462 2211 2543 originales
2244 2466 2462 2525 textus
2492 2464 2906 2538 consuleret,
2941 2469 3005 2525 et
3042 2482 3111 2526 se
3141 2463 3509 2545 archetypis
3540 2463 3819 2527 Hebraeo

491 2568 557 2628 et
586 2564 812 2628 Graeco
841 2565 1305 2629 conformaret.
1338 2566 1501 2628 Tota
1542 2564 1660 2625 fuit
1689 2564 1826 2645 ejus
1859 2564 2178 2627 industria
2211 2564 2276 2625 in
2308 2565 2772 2644 conquirendis
2820 2564 3258 2646 undequaque
3282 2566 3817 2647 Hieronymianm

489 2668 815 2732 versionis
848 2669 1202 2742 codicibus,
1231 2670 1439 2745 iisque
1485 2667 1711 2730 sedulo
1749 2668 1920 2729 inter
1948 2685 2016 2729 se
2064 2666 2499 2746 conferendis,
2543 2674 2614 2730 ut
2646 2686 2791 2749 qum
2823 2668 3159 2747 probanda
3189 2669 3311 2731 sibi
3357 2673 3529 2731 esset
3580 2667 3773 2729 lectio
3797 2712 3814 2740 ,

488 2786 571 2832 ex
605 2787 831 2833 eorum
868 2770 1014 2845 fide,
1052 2771 1164 2851 qui
1202 2770 1490 2833 melioris
1522 2766 1996 2830 emendationis
2041 2772 2103 2829 et
2140 2774 2309 2831 notae
2342 2769 2734 2840 viderentur,
2772 2767 3155 2829 decerneret
3202 2788 3215 2827 :
3252 2768 3387 2831 sive
3419 2769 3597 2829 illam
3644 2784 3819 2846 prae-

486 2880 666 2939 terea
698 2876 778 2940 ad
810 2877 1088 2939 sanioris
1118 2875 1353 2939 criticaa
1390 2873 1678 2954 regulas,
1726 2872 1861 2934 sive
1892 2869 1971 2934 ad
2012 2871 2351 2950 ipsiusmet
2380 2871 2759 2951 Hieronymi
2800 2872 3171 2934 testimonia
3205 2870 3605 2949 expenderit.

570 2976 750 3058 Opus
782 2979 1130 3060 integrum,
1163 2982 1347 3040 vetus
1378 2975 1626 3039 scilicet
1650 2990 1727 3037 ac
1754 2990 1995 3038 novum
2018 2973 2502 3035 Testamentum
2551 2989 2721 3034 novo
2749 2972 2873 3034 hoc
2904 2972 3156 3051 pumice
3186 2972 3575 3055 expolitum,
3610 2976 3813 3053 atque

489 3077 900 3141 ernendatum
922 3077 1054 3158 jam
1090 3095 1318 3154 senex,
1349 3094 1494 3139 cum
1524 3092 1769 3139 annum
1799 3075 1943 3155 plus
1972 3074 2187 3136 minus
2216 3076 2681 3154 octogesimum
2712 3074 3069 3137 secundum
3096 3081 3343 3156 ageret,
3374 3076 3438 3137 in
3471 3075 3811 3151 Cmnobio,

486 3179 595 3242 cui
644 3183 965 3259 praeerat,
1021 3178 1084 3239 S.
1146 3177 1409 3241 Martini
1446 3176 1615 3256 apud
1674 3175 1894 3238 Gallos
1936 3176 2350 3239 Turonenses
2389 3177 2716 3255 absolvit,
2767 3176 3107 3259 eidemque
3169 3178 3541 3260 imperatori
3577 3178 3813 3241 Carolo

486 3273 729 3357 Magno
774 3275 1028 3339 obtulit.
1062 3276 1292 3339 Exstat
1337 3275 1811 3356 nuncupatoria
1848 3277 1989 3353 ipsa
2016 3274 2305 3354 Epistola
2345 3294 2519 3339 nunc
2568 3278 2741 3341 inter
2769 3279 3180 3342 alcuinianas
3229 3278 3537 3359 vigesima
3580 3298 3659 3341 cx
3703 3296 3815 3340 eo-

486 3376 633 3440 dem
678 3375 741 3438 S.
789 3376 1052 3439 Martini
1090 3374 1385 3440 coenobio
1418 3375 1593 3451 data,
1627 3375 1740 3437 ubi
1793 3374 1870 3437 de
1921 3376 2024 3437 sui
2069 3375 2327 3437 ratione
2355 3377 2570 3456 operis
2607 3397 2824 3460 regem
2854 3381 3199 3460 alloquens
3223 3424 3240 3455 ,
3280 3397 3522 3457 sacras,
3556 3380 3809 3459 inquit,

488 3478 690 3567 libros
738 3479 810 3541 in
838 3480 1029 3542 unius
1058 3478 1396 3541 clarissimi
1430 3478 1719 3559 corporis
1749 3478 2147 3539 sanctitatem
2187 3497 2534 3555 connexos,
2578 3488 2765 3561 atque
2814 3480 3151 3561 diligenter
3182 3480 3537 3542 emendatos
3576 3482 3815 3543 Vestra?

488 3581 866 3647 Clarissima
891 3580 1285 3645 Auctoritati
1320 3582 1592 3661 dirigere
1621 3581 1863 3643 curavi.
1902 3583 2067 3643 Tum
2102 3581 2232 3644 alia
2262 3582 2339 3645 ad
2374 3582 2616 3645 Gislam
2644 3584 2918 3662 epistola
2948 3589 3134 3646 sexto
3160 3600 3429 3645 suorum
3458 3585 3812 3645 Commen—

486 3682 807 3748 tariorum
829 3684 894 3744 in
927 3683 1242 3747 Joannem
1270 3684 1436 3748 libro
1465 3684 1754 3766 praefixa,
1785 3685 1895 3748 ubi
1930 3703 2000 3747 se
2031 3672 2155 3761 ait,
2179 3703 2513 3766 occupasse
2549 3684 2789 3746 domini
2823 3683 2987 3763 regis
3013 3690 3390 3764 praeceptum
3429 3682 3497 3744 in
3529 3680 3814 3751 emenda-

494 3784 669 3847 tione
701 3787 929 3849 veteris
980 3785 1250 3867 novique
1294 3787 1695 3850 Testamenti.
1731 3787 1917 3849 Paria
1949 3787 2047 3849 bis
2088 3787 2281 3849 habet
2330 3786 2603 3865 ipsemet
2636 3784 2908 3847 Carolus
2938 3828 2953 3857 ,
2994 3780 3418 3863 Iampridem,
3454 3780 3762 3858 inquiens
3791 3825 3810 3856 ,

490 3888 826 3950 universos
868 3889 1095 3951 veteris
1134 3907 1209 3951 ac
1248 3889 1401 3951 novi
1443 3890 1828 3950 Tcslamenti
1867 3887 2064 3951 libros
2108 3888 2516 3951 librariorum
2559 3886 2879 3967 imperitia
2923 3884 3337 3966 depravatos,
3400 3884 3530 3944 Deo
3570 3900 3686 3943 nos
3739 3884 3813 3945 in

496 3986 782 4051 omnibus
807 3988 1168 4069 adjuvante,
1205 3989 1580 4051 examussim
1609 3990 2021 4052 correximus.
2054 3990 2347 4068 Denique
2377 3995 2439 4049 et
2467 3988 2833 4068 Sigcberlus
2863 3986 3348 4049 Gemblacensis
3386 3986 3450 4046 in
3485 3984 3811 4048 Chronico

492 4090 576 4156 ad
630 4108 874 4153 annum
914 4090 1033 4151 790
1078 4092 1425 4155 correxisse
1470 4091 1852 4163 Alcuinum,
1897 4092 2195 4155 Divinam
2252 4091 2620 4152 Historiam
2655 4090 2845 4169 jussu
2900 4088 3101 4168 ipsius
3152 4088 3351 4166 regis;
3405 4093 3468 4148 et
3520 4080 3690 4146 libro
3734 4086 3813 4147 de

492 4190 926 4271 Scriptoribus
949 4191 1440 4259 Ecclesiasticis.
1468 4208 1615 4271 cap.
1645 4190 1751 4268 83,
1770 4192 1961 4272 jussu
1996 4192 2410 4272 Imperatoris
2441 4190 2793 4253 correxisse
2825 4188 3119 4251 Divinam
3154 4187 3633 4265 Bibliothecam,
3662 4195 3810 4251 tra-

494 4292 609 4355 dit.
648 4295 805 4371 Quaa
842 4313 958 4358 nos
991 4295 1362 4357 testimonia
1414 4294 1543 4358 huc
1602 4297 1793 4360 etiam
1842 4296 2184 4359 retulimus
2213 4343 2231 4375 ,
2266 4301 2338 4359 ut
2371 4296 2609 4358 certius
2643 4300 2933 4369 constet,
2983 4293 3157 4373 quod
3200 4294 3572 4356 dicebamus
3601 4338 3619 4368 ,
3672 4309 3810 4354 non

493 4396 700 4460 videri
731 4380 810 4459 ad
848 4395 1238 4457 Hebraicum
1288 4396 1714 4476 Graecumque
1751 4402 1995 4459 textum
2029 4414 2172 4459 eam
2217 4397 2564 4458 editionem
2606 4396 3001 4475 recognitam
3028 4442 3044 4473 ,
3094 4413 3375 4475 quorum
3422 4413 3539 4457 nec
3594 4396 3800 4458 verbo

495 4505 689 4576 tenus
734 4500 1085 4563 meminere
1124 4499 1235 4579 qui
1278 4516 1419 4563 eam
1469 4501 1743 4580 posteris
1778 4502 2330 4564 commendarunt.
2379 4502 2581 4563 Porro
2630 4494 2929 4562 nonnulli
2972 4499 3329 4561 etiamnum
3363 4497 3613 4561 codices
3665 4498 3810 4579 ejus

494 4603 899 4667 recensionis
926 4607 1263 4682 superant,
1292 4618 1575 4680 quorum
1607 4602 1769 4663 duos
1795 4600 2152 4683 praegrandi
2190 4601 2381 4676 mole,
2410 4618 2556 4663 cum
2588 4601 2805 4663 Romae
2838 4616 3205 4680 ageremus,
3236 4598 3655 4664 tractavimus
3688 4614 3809 4659 nos

496 4706 621 4787 ipsi
650 4752 669 4782 ,
703 4704 1027 4766 interdum
1062 4706 1125 4765 et
1157 4703 1634 4765 consuluimus.
1689 4704 2029 4777 Alterum,
2059 4722 2251 4782 quem
2282 4710 2343 4765 et
2372 4702 2699 4765 Victorius
2734 4719 2901 4781 saepe
2931 4701 3191 4771 laudat,
3231 4706 3495 4763 servant
3525 4700 3587 4759 S.
3622 4700 3808 4763 Pauli

498 4811 691 4872 extra
721 4822 944 4867 muros
974 4804 1257 4867 armaria
1295 4826 1311 4866 :
1350 4804 1629 4867 alterum.
1662 4804 2090 4868 Vallicellana
2119 4805 2535 4883 bibliotheca,
2562 4822 2756 4884 quem
2784 4804 3102 4867 Baronius
3140 4820 3258 4881 pro
3290 4802 3567 4882 ingentis
3606 4803 3799 4881 pretii

494 4907 809 4970 thesauro
836 4903 1086 4978 habuit,
1118 4908 1339 4983 utpote
1373 4920 1504 4982 quo
1530 4902 1659 4978 usi,
1702 4920 1833 4966 non
1862 4905 2004 4967 sine
2030 4904 2254 4984 grandi
2284 4905 2522 4969 laboris
2549 4905 2950 4985 compendio,
2979 4904 3218 4966 fuerint
3251 4903 3484 4965 eruditi
3512 4904 3660 4981 viri,
3696 4904 3807 4984 qui

497 5011 649 5091 post
694 5003 1051 5068 Tridentini
1100 5003 1359 5066 concilii
1401 5002 1770 5077 decretum,
1819 5004 2245 5067 reformandaa
2294 5006 2583 5086 Vulgata:
2634 5005 2903 5068 editioni
2945 5004 3356 5068 insudarunt.
3411 5004 3690 5067 Exstant
3733 5008 3797 5066 et

498 5106 796 5189 quaedam
827 5106 1296 5185 epigrammata
1332 5103 1411 5168 ad
1450 5105 1690 5168 calcem
1715 5106 2104 5185 voluminis,
2138 5125 2173 5169 e
2218 5109 2454 5186 quibus
2483 5108 2640 5170 satis
2668 5108 2927 5170 abunde
2957 5106 3171 5182 fuerit,
3210 5124 3452 5187 paucos
3492 5108 3610 5169 hos
3644 5125 3797 5169 ver-

498 5225 614 5273 sus
640 5225 757 5290 pro
782 5206 924 5287 ejus
953 5206 1101 5271 licet
1128 5206 1349 5270 seaculi
1378 5206 1532 5271 vitio
1572 5207 1860 5272 inﬁcetos
1882 5253 1900 5287 ,
1931 5210 2043 5288 qui
2083 5209 2182 5273 vel
2211 5216 2566 5282 auctorem,
2598 5210 2703 5275 vel
2732 5210 3153 5292 impulsorem
3184 5212 3399 5293 operis
3431 5211 3797 5291 nominant,

494 5310 917 5393 exscripsisse
937 5325 955 5368 :
2810 5324 2815 5329 '

1140 5457 1355 5533 codicis
1386 5458 1542 5533 istius
1567 5468 1709 5533 quot
1728 5468 1855 5517 sunt
1881 5462 1936 5517 in
1964 5473 2193 5533 corpore
2219 5472 2409 5520 sancto

1210 5532 1450 5603 Depicta:
1480 5532 1673 5588 formis
1697 5532 1952 5590 litterulas
1980 5532 2168 5601 variis,

1142 5602 1423 5677 mercedes
1450 5604 1665 5677 habeat,
1693 5602 1913 5663 Christo
1934 5605 2192 5672 donante,
2222 5622 2319 5677 per
2347 5622 2526 5664 aevum

1216 5674 1320 5732 'l'ot
1341 5672 1573 5734 Carolus
1605 5690 1723 5749 res,
1749 5678 1840 5750 qui
1868 5679 2109 5737 scribere
2137 5672 2302 5750 jussit
2327 5694 2477 5736 eum.

568 5796 731 5865 Item
768 5816 784 5861 :
