4040 6360
499 252 570 309 19
603 254 615 264 ·
1277 238 1287 251 ’
1955 248 2094 307 PM

2214 248 2350 307 τιο.
3740 256 3807 313 εο

501 369 665 448 niat,
696 369 867 449 quod
898 386 1028 432 non
1062 368 1142 434 ad
1186 371 1508 450 privatam
1537 367 1962 433 eruditionem
1987 413 2004 444 ,
2042 370 2151 433 sed
2179 368 2256 430 ad
2307 366 2525 447 populi
2558 383 2748 430 usum
2776 365 3327 445 describerentur,
3360 370 3557 447 atque
3586 385 3809 453 eorum

500 471 810 533 continuo
851 471 1063 534 labem
1098 475 1461 552 temporum
1492 470 1723 542 ferant,
1762 469 2000 548 quibus
2028 470 2277 531 exarati
2307 478 2479 532 sunt.
2519 471 2658 532 Non
2692 470 2888 550 igitur
2915 468 2995 531 ad
3030 484 3174 530 eam
3206 470 3499 549 pristina:
3536 470 3807 553 integri-

499 574 615 636 tati
648 574 1108 639 reslituendam
1135 576 1292 637 satis
1323 575 1464 637 erat
1504 590 1654 635 mss.
1690 572 1927 646 libros,
1978 576 2049 633 ut
2095 572 2223 635 fors
2263 574 2405 635 tulit
2441 574 2703 647 obvios,
2731 579 2883 647 aut,
2913 571 3026 649 qui
3060 588 3218 634 sane
3253 574 3441 635 multi
3493 585 3808 653 superant

504 676 572 736 in
626 675 1073 749 bibliothecis,
1135 676 1464 755 elegantes
1512 672 1822 735 adhibere
1875 673 1941 735 in
1993 674 2373 748 consilium,
2420 674 2530 737 sed
2576 673 3038 752 conquirendi,
3098 681 3348 752 quanta
3408 676 3704 740 maxima;
3744 679 3803 741 id

501 774 642 837 ﬁeri
674 776 937 841 solertia
977 778 1224 858 potuit,
1257 774 1678 838 vetustissimi
1726 790 1803 837 ac
1832 791 1999 855 pene
2027 774 2296 838 exsoleti
2325 795 2343 849 ;
2374 776 2588 855 iisque
2617 780 2751 839 tota
2775 773 3122 837 deferenda
3153 776 3533 853 auctoritas,
3573 778 3805 857 quibus

500 877 938 957 glossatorum
965 896 1196 942 manus
1226 877 1655 960 pepercerint.

580 975 913 1056 Ejusmodi
944 977 1144 1040 libros
1177 982 1251 1039 ut
1280 977 1475 1055 longo
1509 977 1730 1038 labore
1763 978 1962 1065 atque
2018 974 2322 1056 indagine
2355 994 2439 1039 ex
2485 977 2687 1040 Italia:
2716 976 3150 1054 bibliothecis,
3198 984 3362 1058 quot
3397 978 3599 1043 ferme
3638 996 3803 1060 opus

506 1084 697 1143 erant
722 1080 799 1143 ad
831 1099 966 1143 rem
999 1082 1313 1154 nostram,
1342 1080 1932 1160 comparaverimus
1966 1099 1981 1140 :
2013 1078 2298 1160 profecto
2326 1100 2521 1160 quem
2552 1082 2945 1146 Veronensis
2980 1083 3114 1146 Ιτωο
3151 1088 3374 1146 nostra
3414 1083 3795 1165 suppedita-

505 1186 622 1259 vit,
654 1203 911 1248 omnem
947 1188 1016 1246 ut
1047 1187 1325 1260 aetatem,
1356 1183 1445 1247 ita
1478 1187 1542 1246 et
1570 1183 1946 1265 Opinionem
1979 1182 2166 1244 facile
2193 1193 2550 1264 exsuperat
2584 1208 2598 1247 :
2634 1205 2827 1265 quem
2859 1191 2921 1248 et
2947 1193 3211 1267 praestat
3245 1187 3469 1266 paucis
3507 1187 3585 1251 ad
3618 1188 3806 1267 peri-

506 1286 727 1349 culum
761 1284 1119 1348 faciendum
1150 1284 1536 1359 describere,
1569 1291 1639 1347 ut
1687 1290 1751 1347 et
1798 1285 1962 1347 alios
2008 1286 2088 1349 ab
2116 1303 2195 1349 eo
2229 1287 2530 1350 mstimes.
2562 1287 2862 1350 Continet
2888 1291 3093 1352 codex
3126 1292 3243 1352 iste
3282 1292 3534 1371 Regum
3571 1292 3801 1369 libros,

499 1406 646 1469 quas
673 1388 886 1467 potior
914 1403 989 1451 ac
1013 1387 1416 1450 nobilissima
1442 1387 1791 1467 Scriptura)
1823 1404 1972 1469 pars
1999 1392 2123 1467 est,
2151 1392 2283 1453 tam
2320 1392 2512 1453 certis
2544 1395 2806 1470 tamque
2834 1392 3159 1471 germanis
3190 1393 3448 1455 intactas
3473 1393 3804 1474 Hierony-

500 1489 734 1551 mianaa
766 1488 1101 1551 Versionis
1131 1489 1328 1567 nolis,
1365 1496 1436 1551 ut
1462 1490 1708 1553 caateris
1741 1495 2049 1570 prmstare
2078 1491 2404 1565 omnibus,
2436 1498 2593 1570 quot
2616 1510 2696 1554 ex
2730 1492 3005 1572 Europze
3045 1492 3451 1555 bibliothecis
3486 1493 3802 1558 hactenus

502 1593 868 1664 innotuere,
909 1607 1038 1652 non
1066 1590 1373 1653 dubitem.
1410 1590 1787 1653 Membrana
1813 1595 2187 1670 compactus
2219 1595 2313 1651 est
2359 1608 2671 1670 perquam
2719 1590 2920 1664 tenui,
2959 1591 3239 1667 in-folii,
3284 1599 3356 1652 ut
3394 1598 3651 1666 vocant,
3699 1593 3808 1654 sed

498 1694 695 1756 ferme
726 1693 1021 1772 quadrati
1077 1691 1350 1754 formam
1393 1711 1409 1750 :
1443 1692 1678 1755 litteris
1706 1694 1920 1755 autem
1954 1691 2336 1772 majoribus,
2368 1694 2594 1771 quales
2626 1693 2690 1753 in
2738 1692 3208 1772 antiquissimis
3240 1695 3534 1755 omnium
3588 1694 3804 1754 moni-

496 1791 731 1853 mentis
762 1791 1224 1872 conspicimus,
1260 1796 1568 1854 exaratus
1597 1798 1694 1854 est
1724 1797 1920 1854 totus.
1951 1792 2284 1855 Interdum
2324 1790 2523 1855 flavas
2557 1799 2753 1872 atque
2783 1794 2988 1855 aciem
3019 1795 3359 1856 oculorum
3410 1792 3802 1873 effugientes

495 1892 745 1954 litteras
779 1891 1097 1971 posterior
1123 1909 1357 1955 manus
1401 1892 1589 1973 nigro
1632 1893 1823 1972 juxta
1858 1898 2108 1957 veteres
2138 1894 2371 1959 ductus
2411 1902 2775 1959 atramento
2810 1896 3051 1973 infecit,
3103 1914 3182 1960 ac
3214 1915 3381 1977 pene
3431 1897 3813 1961 exsoletam

500 2000 698 2073 atque
733 2000 1227 2075 evanescentem
1256 1998 1438 2057 tanta
1486 1998 1808 2057 vetustate
1844 1993 2235 2073 scripturam
2272 1999 2637 2061 renovavit.
2689 1997 3019 2060 Interdum
3081 2003 3148 2058 et
3181 1995 3425 2059 clarius
3462 1999 3812 2075 expressit,

496 2096 780 2159 maxime
810 2098 917 2158 ubi
953 2102 1324 2160 transversa
1361 2113 1644 2177 superne
1672 2095 1911 2161 lineola
1938 2097 1989 2157 T
2019 2096 2294 2161 litteram
2324 2098 2645 2175 etl'ormat,
2682 2114 2831 2175 quae
2860 2097 2923 2159 in
2962 2097 3179 2177 priore
3207 2099 3360 2177 typo
3391 2096 3568 2161 haud
3615 2097 3805 2160 mul-

496 2206 635 2262 tum
669 2201 752 2262 ab
779 2200 808 2261 I
837 2198 1066 2262 differt.
1103 2199 1488 2280 Exemplum
1518 2199 1597 2263 ad
1623 2200 1762 2263 veri
1799 2200 2157 2266 faciendam
2186 2200 2373 2264 fidem
2406 2201 2527 2264 hoc
2554 2200 2813 2263 habeto.

534 2328 1127 2482 Cnet)th
1165 2358 1677 2465 Catum
1719 2327 2100 2482 mall

2074 2357 2328 2467 (AR
2369 2313 2809 2475 εἴ)Πο
2899 2315 3634 2470 CIOBICIIH

536 2519 1358 2700 [101901131
1410 2567 2308 2700 ACIPAC'FICA
2416 2554 3758 2700 CIRCPRommutsSCr

528 2696 916 2847 ὒῖἱῗδϊ
944 2727 1207 2838 CRR
1236 2725 1393 2909 λς
1485 2726 1625 2841 CT
1650 2696 2331 2872 cobwim
2354 2698 2748 2909 C51sz
2775 2737 3245 2909 agam
3277 2717 3688 2909 lsagbel
3720 2808 3739 2831 .

947 2878 1381 3048 nmtll
1420 2918 1664 3041 BCR
1723 2904 2399 3052 SMilUbé’I.

2127 2904 2399 3052 πβρι.
2557 2878 3722 3071 ιίκιῗπῖιῖἱδωλάιδςὶνηη

572 3099 797 3163 Oratio
832 3096 1084 3161 tametsi
1117 3096 1329 3157 omnis
1379 3094 1753 3158 continuata
1793 3111 2015 3157 rerum
2042 3094 2233 3174 ,serie
2282 3095 2678 3173 continetur,
2713 3094 2964 3155 nullum
2994 3099 3062 3153 ut
3095 3096 3311 3171 pateat
3345 3085 3811 3157 interstitium,

493 3217 707 3279 neque
736 3200 800 3259 in
836 3197 1049 3277 capita
1079 3201 1193 3257 aut
1220 3213 1444 3258 versus
1471 3195 1818 3258 distributa
1852 3217 1867 3256 :
1902 3196 2011 3257 ubi
2050 3204 2264 3259 tamen
2298 3197 2616 3269 sententia
2645 3241 2661 3269 ,
2693 3202 2808 3258 aut
2854 3195 3158 3277 periocha
3196 3191 3515 3271 insignior
3542 3187 3817 3257 desiuit,

493 3315 699 3380 parvo
738 3295 1077 3359 intervallo
1110 3300 1181 3356 ut
1216 3294 1568 3375 plurimum
1618 3294 2073 3376 intercipitur:
2111 3297 2283 3375 quod
2335 3298 2622 3375 sequiori
2658 3297 3047 3359 amanuensi
3103 3298 3319 3358 locum
3371 3292 3514 3383 fecit
3567 3291 3815 3369 depin-

493 3397 720 3478 gendm
754 3396 838 3456 ibi
866 3395 1429 3474 interpunctionis,
1461 3401 1532 3457 ut
1557 3396 1769 3473 libuit,
1796 3404 1988 3459 notae.
2023 3396 2509 3478 Orthographia
2546 3415 2810 3477 quoque
2845 3399 3124 3477 priscam
3153 3395 3401 3459 redolet
3428 3391 3815 3455 Latinitatis

492 3499 817 3561 rationem
852 3502 914 3558 et
946 3496 1214 3558 formam
1245 3496 1308 3556 in
1342 3497 1553 3558 verbis
1591 3498 1873 3560 maxime
1916 3500 2319 3578 compositis,
2359 3500 2423 3559 in
2467 3499 2706 3577 quibus
2744 3499 2999 3579 integra
3039 3495 3411 3578 praepositio
3462 3498 3815 3571 servatur,

493 3603 567 3662 ut
602 3603 720 3674 est,
752 3597 1117 3677 subputarc,
1156 3595 1439 3676 adloqui,
1469 3601 1664 3677 atque
1695 3597 1794 3659 his
1826 3598 2089 3660 similia.
2123 3597 2502 3659 Emendatio
2536 3603 2754 3660 autem
2790 3605 2853 3659 et
2883 3598 3039 3659 satis
3077 3595 3455 3675 diligentem
3486 3591 3823 3670 antiqua-

494 3700 666 3762 rium
702 3700 954 3779 probat,
990 3701 1184 3776 atque
1214 3696 1289 3758 iis
1322 3698 1711 3761 scribentem
1762 3700 2185 3778 temporibus,
2220 3716 2366 3779 quia
2413 3699 2659 3762 Latinae
2697 3698 2908 3761 adhuc
2944 3699 3183 3778 linguae
3212 3694 3487 3777 gloriam
3520 3692 3824 3757 sustine-

492 3804 650 3865 bant
690 3824 705 3866 :
740 3803 793 3865 si
824 3803 978 3866 illud
1007 3804 1322 3884 excipias,
1355 3803 1528 3883 quod
1559 3821 1727 3883 smpe
1761 3805 2109 3867 accusandi
2141 3822 2368 3867 casum
2399 3822 2518 3884 pro
2552 3809 2763 3876 sexto,
2799 3809 2996 3881 atque
3022 3802 3197 3863 hunc
3229 3798 3512 3862 vicissim
3544 3815 3664 3880 pro
3691 3797 3820 3858 illo

494 3903 757 3966 adhibet
789 3925 803 3964 :
836 3905 1006 3983 quod
1044 3905 1257 3985 ipsum
1287 3911 1503 3968 tamen
1533 3904 1825 3968 verenda:
1854 3906 2264 3985 antiquitatis
2297 3905 2612 3968 indicium
2644 3922 2810 3979 esse,
2845 3907 3136 3965 notatum
3168 3904 3265 3965 est
3294 3900 3495 3961 doctis
3526 3900 3685 3960 viris
3725 3919 3817 3962 ex

496 4010 794 4067 veterum
833 4006 1413 4067 Grammaticorum
1446 4005 1856 4080 testimoniis,
1887 4010 2083 4083 atque
2110 4005 2272 4068 alias
2312 4004 2523 4081 nobis,
2554 4006 2661 4081 qui
2695 4004 2907 4063 locum
2947 4002 3128 4063 illum
3161 4020 3243 4062 ex
3273 3998 3627 4060 'domestici
3660 4000 3821 4059 Mu-

494 4107 673 4170 εωοιί
706 4107 911 4169 nostri
949 4108 1146 4170 veteri
1178 4106 1433 4170 ethnico
1489 4107 1676 4168 titulo
1729 4106 2146 4179 adduximus,
2202 4107 2405 4170 SINE.
2442 4105 2998 4168 ALTERITRUM.
3054 4102 3314 4165 ANIMI.
3372 4100 3821 4164 LESIONEM.

494 4210 635 4274 Uno
670 4212 871 4272 verbo
904 4214 1149 4274 tantam
1183 4211 1335 4272 huic
1384 4210 1550 4271 libro
1579 4208 1924 4271 tribuimus
1976 4209 2458 4289 antiquitatem,
2491 4213 2564 4269 ut
2614 4208 2785 4269 inter
2817 4206 3367 4287 Hieronymianos
3405 4222 3625 4284 parem
3665 4224 3825 4269 esse

494 4309 775 4373 velimus
810 4311 867 4372 ei
897 4310 1258 4388 neminem;
1285 4313 1481 4389 atque
1509 4309 1602 4370 illi
1638 4308 1833 4371 etiam
1863 4307 2285 4390 praaferamus
2333 4309 2568 4388 saepius
2610 4308 2902 4381 laudato,
2940 4307 3052 4385 qui
3092 4307 3305 4368 Vitam
3338 4305 3401 4368 S.
3442 4305 3625 4367 Pauli
3675 4306 3823 4367 He-

492 4414 737 4474 remitze
773 4413 1082 4485 continet,
1118 4417 1181 4474 et
1204 4416 1457 4476 constat
1492 4430 1573 4473 ex
1604 4410 1931 4473 consulari
1970 4411 2223 4490 epocha
2276 4412 2359 4474 ab
2405 4427 2813 4474 amanuense
2851 4416 3187 4483 annotata,
3228 4410 3497 4472 vixdum
3535 4416 3819 4473 centum

494 4530 634 4574 esse
665 4513 854 4575 annis
885 4514 1284 4594 Hieronymo
1328 4512 1751 4575 recentiorem
1792 4534 1808 4574 :
1842 4517 1913 4574 ut
1948 4511 2124 4574 hunc
2181 4511 2367 4587 adeo,
2402 4531 2595 4592 quem
2647 4513 2740 4574 illi
2802 4517 2987 4575 aetate
3020 4512 3448 4593 praeferimus,
3499 4514 3827 4593 propiore

491 4612 703 4675 adhuc
736 4614 1081 4677 intervallo
1123 4630 1163 4677 a
1208 4614 1271 4675 S.
1323 4614 1613 4676 Doctoris
1650 4630 1787 4677 ωνο
1818 4631 2300 4680 removeamus.
2351 4615 2537 4692 Quod
2593 4633 2790 4697 porro
2827 4634 3208 4698 germanam
3238 4616 3541 4679 exhibeat
3569 4616 3827 4678 Hiero-

493 4712 670 4790 nymi
706 4714 1221 4791 translationem,
1259 4713 1618 4776 innumeris
1655 4712 2121 4794 prepemodum
2182 4715 2586 4794 argumentis
2638 4716 3023 4788 cvincimus,
3085 4733 3363 4794 quorum
3426 4714 3813 4795 insigniora

493 4813 813 4890 quazdam.
852 4833 996 4894 qum
1021 4833 1106 4879 ex
1136 4816 1275 4897 ipso
1311 4820 1618 4879 contextu
1656 4815 1935 4892 elucent,
1993 4816 2058 4878 in
2094 4817 2261 4878 notis
2302 4819 2726 4898 proponimus
2762 4817 3209 4894 observanda;
3241 4834 3415 4878 nunc
3438 4816 3593 4878 illud
3628 4818 3823 4896 quod

498 4914 737 4991 petitur
767 4932 850 4975 ex
884 4916 1016 4977 tota
1036 4916 1271 4979 codicis
1301 4920 1653 4992 structura,
1686 4918 2064 4983 indicemus.
2102 4920 2192 4981 Ac
2229 4919 2506 4998 primum
2540 4920 2605 4980 in
2634 4919 2796 4982 duos
2833 4926 3086 4982 tantum
3119 4919 3347 4991 libros,
3380 4936 3666 4998 quorum
3719 4922 3827 4983 al-

493 5018 589 5074 ter
614 5013 862 5076 Samuel
890 5014 1289 5097 inscribitur,
1317 5018 1485 5081 alter
1518 5019 1887 5096 Malachim,
1929 5024 2129 5082 totam
2157 5022 2529 5102 Regnorum
2563 5021 2904 5084 historiam
2943 5022 3190 5096 tribuit,
3230 5021 3534 5083 nimirum
3571 5026 3644 5083 ut
3686 5023 3823 5086 fert

492 5114 881 5177 Hebraicum
917 5117 1276 5195 exemplar,
1328 5118 1497 5198 quod
1552 5120 1988 5200 Hieronymus
2017 5118 2381 5195 allectabat,
2418 5125 2765 5198 monetque
2809 5122 2873 5180 in
2909 5121 3283 5199 praefatione
3330 5137 3367 5181 a
3414 5137 3482 5181 se
3539 5122 3821 5197 praesti-

493 5225 627 5280 tum
670 5240 684 5278 :
726 5238 854 5283 non
893 5227 957 5282 ut
989 5222 1267 5303 Vulgata
1290 5224 1355 5283 in
1388 5229 1695 5302 quatuor,
1732 5225 1905 5304 quod
1934 5227 2127 5289 antea
2157 5243 2239 5287 ex
2270 5237 2371 5285 τῶν
2400 5224 2576 5285 LXX
2607 5224 2954 5304 partitione
2984 5225 3341 5287 obtinebat.
3376 5220 3618 5284 Deinde
3648 5242 3816 5287 cum

492 5320 726 5381 veteris
759 5326 907 5383 ante
937 5322 1403 5403 Hieronymum
1433 5323 1764 5385 divisionis
1800 5342 2061 5387 monere
2093 5326 2506 5403 autiquarius
2544 5324 2771 5400 voluit,
2812 5323 2933 5385 hoc
2982 5323 3122 5403 ipso
3168 5322 3446 5398 monuit,
3484 5325 3823 5385 testatus-

491 5438 617 5497 que
648 5428 745 5482 cst
772 5424 1159 5499 luculenter,
1196 5442 1393 5504 quam
1429 5427 1904 5506 perscribebat,
1942 5428 2520 5508 Hieronymianam
2564 5428 2930 5489 versionem
2981 5445 3147 5487 esse.
3188 5427 3379 5487 Initio
3427 5425 3575 5487 libri
3620 5427 3817 5505 apud

490 5539 608 5585 nos
633 5524 921 5600 secundi,
960 5525 1205 5588 infectis
1240 5526 1437 5587 minio
1470 5529 1794 5605 prioribus
1834 5530 2075 5609 verbis,
2140 5530 2406 5590 Factum
2433 5537 2545 5602 est,
2580 5548 2614 5591 e
2659 5529 2922 5607 regione
2974 5529 3335 5598 annotavit,
3376 5529 3458 5589 In
3509 5528 3815 5607 antiquis

493 5623 945 5703 exemplaribus
973 5624 1073 5687 hic
1100 5627 1332 5707 incipit
1360 5625 1512 5689 liber
1537 5628 1864 5691 secundus.
1897 5630 2119 5709 Neque
2149 5646 2303 5691 vero
2342 5629 2609 5706 antiqua
2632 5672 2648 5700 ,
2683 5628 2804 5686 nisi
2844 5624 2923 5687 ad
2965 5642 3150 5687 nova:
3189 5626 3505 5692 versionis
3540 5641 3821 5703 respec-

485 5732 647 5809 tum,
675 5729 1076 5813 exemplaria
1104 5729 1343 5795 diceret
1373 5754 1387 5795 :
1428 5749 1637 5814 neque
1674 5733 1804 5799 alia
1847 5737 1981 5798 tum
2013 5737 2340 5817 poterant,
2377 5738 2492 5799 aut
2522 5732 2796 5815 antiqua
2832 5731 3175 5811 appellari,
3217 5732 3337 5795 nisi
3370 5750 3515 5814 quae
3545 5732 3815 5813 pridem
