4040 6360
249 284 315 343 Si
1706 282 2099 341 PRIEFATIO.
3485 288 3559 344 ει

249 399 698 475 obtinuerant,
735 417 817 462 ex
851 399 1073 464 Graeco
1102 398 1419 477 derivata,
1450 403 1563 465 aut
1589 401 1719 466 alia
1752 418 1950 479 nova,
1980 418 2179 482 quam
2216 418 2361 481 quas
2393 400 2636 465 dudum
2680 420 2767 467 ex
2808 403 3079 469 Hebraeo
3104 406 3167 468 S.
3199 407 3388 469 Pater
3421 423 3551 468 ex-

254 500 548 566 cuderat.
576 500 861 582 ldipsum
890 501 968 564 ad
1000 500 1214 562 locum
1247 502 1360 563 ubi
1390 506 1663 580 quartus
1694 502 1858 563 liber
1884 502 2108 579 incipit
2140 501 2203 562 in
2237 502 2556 584 Vulgatis,
2582 502 2856 569 fortasse
2891 511 3103 567 autem
3143 505 3545 568 manifestius

250 600 496 678 docuit,
534 600 653 663 hac
687 600 767 662 ad
799 617 977 662 oram
1014 599 1250 661 codicis
1283 602 1706 663 annotatione
1759 624 1775 665 :
1836 603 1963 664 Hic
2010 602 2154 683 ﬁnit
2200 601 2359 665 liber
2391 605 2617 667 tertius
2654 606 2993 668 secundum
3044 607 3259 669 LXX.
3314 608 3555 686 Nempe

253 717 399 779 qum
432 700 735 778 superius
762 699 1031 777 antiqua
1058 698 1313 761 dixerat
1338 700 1764 781 exemplaria,
1796 719 1869 764 ea
1910 720 2085 764 nunc
2122 710 2306 765 vocat
2340 703 2418 765 de
2457 707 2739 783 nomine,
2766 726 2919 786 quae
2946 725 2981 771 a
3012 708 3437 788 Septuaginta
3455 708 3559 769 vi-

255 804 376 866 rali
420 802 856 865 translatione
911 799 1263 875 ﬂuxerunt,
1300 800 1621 880 iufertque
1655 804 1817 866 adeo
1868 804 2041 883 quod
2090 821 2223 884 prae
2269 806 2567 869 manibus
2598 807 2913 885 habebat,
2944 828 3085 873 esse
3116 810 3195 874 ad
3256 811 3558 873 Hebraici

255 909 470 965 textus
508 919 801 964 normam
833 901 1244 978 adornatum,
1278 901 1450 982 quod
1500 902 1799 966 chraici
1840 908 2083 980 textus,
2118 922 2246 965 non
2278 904 2482 968 Grieci
2520 909 2934 986 partitionem
2980 916 3237 988 teneat;
3274 930 3344 973 re
3384 912 3555 973 enim

254 1020 411 1068 vera
441 1003 621 1064 nulla
650 1008 746 1064 est
776 1004 838 1064 in
876 1002 1092 1065 codice
1122 1003 1249 1064 alia
1276 1003 1636 1082 inscriptio,
1669 1021 1866 1083 quam
1899 1004 2119 1068 isthtec
2147 1005 2222 1069 ad
2252 1004 2449 1069 finem
2480 1007 2623 1068 libri
2656 1008 2722 1070 in
2749 1010 3029 1090 Vulgata
3062 1012 3325 1073 secundi
3347 1012 3557 1079 :Finit

234 1106 413 1179 iiber
446 1105 722 1169 Samuel.
761 1104 1006 1184 Incipit
1038 1104 1196 1166 liber
1218 1104 1587 1167 Malachim.
1624 1105 1714 1166 Ad
1755 1106 1889 1168 btec
1916 1122 2171 1169 summa
2230 1123 2376 1168 cum
2422 1107 2696 1170 Hebraeo
2733 1113 2914 1171 textu
2945 1111 3366 1172 conformitas
3407 1112 3563 1173 locis

255 1206 455 1267 ferme
482 1205 811 1281 omnibus,
844 1204 1083 1283 quibus
1120 1202 1186 1264 in
1222 1203 1478 1269 diversa
1507 1205 1643 1267 abit
1669 1221 1707 1267 a
1738 1206 2041 1289 Vulgata,
2080 1206 2215 1269 sive
2248 1223 2394 1267 cum
2444 1206 2905 1289 additamenta,
2937 1227 3081 1290 quae
3115 1230 3195 1273 ex
3230 1212 3565 1275 vetustiori

255 1310 688 1373 translatione
714 1309 1144 1387 irrepserunt,
1173 1309 1442 1369 omnino
1471 1308 1717 1382 reticet,
1748 1308 1885 1371 sive
1919 1308 2025 1370 ubi
2062 1310 2393 1371 meliorem
2426 1311 2629 1372 multo
2660 1312 2900 1390 profert
2937 1314 3279 1379 lectionem
3311 1331 3387 1376 ac
3415 1332 3563 1376 sen-

256 1432 403 1477 sum
439 1413 611 1494 (quze
642 1411 704 1472 in
742 1411 936 1485 notis,
967 1415 1039 1471 ut
1069 1410 1372 1485 diximus,
1413 1428 1531 1489 pro
1563 1428 1631 1471 re
1681 1416 1830 1471 nata
1862 1408 2302 1492 exponuntur)
2340 1417 2691 1489 γνησιότητος
2725 1411 3278 1491 Hieronymiame,
3301 1413 3566 1476 Versio-

255 1515 358 1577 nis
389 1532 472 1575 eo
503 1511 905 1575 manifestius
960 1511 1268 1572 indicium
1320 1517 1441 1583 est,
1480 1526 1612 1590 quo
1641 1509 2035 1571 luculentius
2088 1508 2424 1588 proﬁtetur
2454 1509 2516 1570 S.
2555 1510 2885 1589 lnterprcs
2932 1510 2999 1571 in
3054 1512 3352 1591 Prologo,
3402 1513 3567 1574 nihil

256 1617 377 1682 sibi
410 1618 685 1680 omnino
718 1614 1048 1678 conscium
1080 1631 1243 1690 esse,
1279 1619 1546 1674 mutasse
1592 1631 1653 1672 se
1681 1611 2003 1692 quidpiam
2038 1612 2111 1674 de
2145 1612 2465 1677 Hebraica
2494 1612 2775 1675 veritate.
2810 1612 2971 1674 Sunt
3004 1621 3222 1676 autem
3252 1618 3566 1695 praeterea

256 1737 402 1797 quae
430 1719 572 1799 ejus
604 1717 1043 1797 praestantiam
1080 1716 1224 1776 libri
1255 1716 1726 1788 commendent,
1770 1715 2009 1776 uetula).
2047 1715 2339 1796 quaedam
2381 1716 2589 1795 prima
2626 1714 2849 1777 eadem
2880 1732 3103 1790 manu,
3138 1722 3200 1778 et
3229 1716 3564 1780 characte-

257 1820 347 1881 ris
367 1819 823 1897 forma,multo
849 1819 996 1881 licet
1019 1817 1475 1879 minutioribus
1506 1816 1765 1894 litteris,
1794 1817 2068 1895 margini
2100 1818 2341 1896 passim
2372 1817 2705 1896 appositae,
2729 1834 2847 1878 nec
2877 1834 3034 1880 sane
3058 1818 3565 1891 contemnendas,

255 1928 367 1984 aut
397 1921 582 1993 locis,
615 1938 781 2000 quos
816 1918 1195 1999 explanant,
1252 1917 1511 1977 inutiles
1550 1935 1565 1975 :
1604 1932 2007 1995 quamquam
2041 1933 2149 1977 eas
2182 1919 2387 1978 satius
2424 1916 2731 1978 duximus
2781 1921 3005 1995 utpote
3062 1914 3285 1979 devias
3324 1935 3568 1999 propo-

256 2023 383 2085 sito
413 2028 641 2083 nostro
691 2018 1202 2099 praetermittere.
1238 2016 1575 2097 Specimen
1628 2032 1713 2077 ex
1767 2016 1998 2094 prima,
2034 2032 2180 2093 quae
2217 2015 2499 2077 occurrit
2549 2013 2629 2077 ad
2661 2030 2880 2075 vocem
2912 2014 3243 2089 Ramatha,
3281 2015 3515 2079 habeto
3546 2035 3563 2077 :

255 2120 413 2182 Haec
447 2128 536 2182 est
573 2120 826 2197 civitas,
862 2135 995 2199 qua:
1038 2117 1107 2178 in
1137 2115 1490 2195 Evangelia
1532 2114 1887 2177 Arimathia
1929 2114 2193 2189 dicitur,
2231 2114 2395 2176 unde
2425 2124 2483 2176 et
2530 2115 2765 2195 Joseph
2795 2115 3049 2178 decurio
3093 2118 3241 2197 fuit.
3276 2118 3571 2199 Capitula

257 2236 553 2300 quoque,
587 2222 724 2281 sive
752 2219 1153 2281 Lemmatum
1186 2216 1446 2296 seriem,
1478 2232 1623 2296 qua:
1661 2216 1809 2278 licet
1845 2217 1957 2279 abs
2015 2218 2416 2298 Hieronymo
2466 2235 2595 2278 non
2637 2218 2940 2281 videntur
2970 2219 3303 2282 elaborata
3329 2265 3349 2297 ,
3404 2223 3574 2285 anti-

257 2324 577 2402 quissima
618 2328 832 2384 tamen
877 2322 1055 2399 sunt,
1089 2325 1150 2380 et
1192 2324 1340 2382 ante
1368 2318 1759 2382 Cassiodorii
1807 2338 2042 2398 navum,
2076 2338 2242 2381 unus
2276 2322 2395 2383 iste
2448 2321 2845 2384 Veronensis
2876 2340 2996 2385 ms.
3032 2330 3176 2402 post
3208 2343 3352 2387 ven.
3389 2326 3566 2388 card.

263 2428 593 2489 Thomasii
628 2431 692 2488 et
717 2425 1283 2491 Benedictinorum
1304 2423 1639 2502 editiones,
1663 2424 1915 2503 integra
1948 2428 2397 2506 repraesentat,
2428 2424 2866 2506 restituitque,
2896 2442 2972 2490 ac
2998 2426 3219 2489 solidis
3246 2427 3570 2493 interdum

264 2533 463 2594 titulis
498 2531 779 2612 supplet.
3050 2550 3053 2553 ·

338 2631 551 2693 Tanto
591 2630 812 2709 igitur,
850 2635 1111 2706 tamque
1143 2629 1315 2690 bono
1344 2628 1703 2708 exemplari
1734 2628 1798 2690 in
1833 2630 2228 2693 restituenda
2262 2629 2401 2709 ejus
2437 2631 2587 2693 libri
2641 2633 3156 2716 Hieronymiana
3186 2636 3573 2716 interpreta-

266 2733 436 2793 tione
468 2732 567 2793 usi
606 2749 863 2804 sumus,
897 2737 964 2791 ut
995 2733 1046 2791 si
1081 2730 1241 2791 nihil
1272 2730 1496 2791 fuisset
1529 2737 1840 2809 praeterea
1874 2732 2256 2809 praestitum,
2286 2738 2457 2794 esset
2484 2738 2701 2795 tamen
2751 2753 2867 2797 cur
2896 2737 3034 2815 ejus
3068 2738 3346 2799 nominis
3376 2744 3574 2817 atque

265 2836 656 2898 eruditionis
686 2836 957 2897 studiosi
992 2834 1289 2895 homines
1323 2832 1598 2894 multum
1646 2852 1714 2894 se
1749 2833 1931 2894 nobis
1965 2834 2197 2895 debere
2235 2833 2713 2912 proﬁterentur.
2743 2836 2983 2897 Verum
3014 2842 3076 2898 et
3105 2838 3169 2898 in
3205 2838 3472 2916 reliquis
3497 2837 3577 2898 li-

263 2939 392 3000 bris
427 2938 733 2999 omnibus
768 2954 896 2996 non
932 2936 1157 3013 iniqua
1185 2934 1443 2995 fortuna
1472 2933 1751 3012 utimur;
1790 2952 1941 2995 nam
1975 2934 2092 2995 etsi
2128 2952 2244 2996 nec
2276 2940 2467 2996 tantze
2500 2937 2861 3011 vetustatis,
2888 2956 3007 2999 nec
3032 2939 3242 3019 pretii,
3269 2941 3576 3017 antiquos

263 3044 475 3101 tamen
511 3056 669 3099 mss.
724 3037 999 3109 codices,
1056 3052 1132 3097 ac
1168 3035 1350 3097 bonae
1381 3036 1757 3119 cumprimis
1804 3042 1973 3098 nota;
2009 3038 2177 3099 nacti
2229 3053 2479 3111 sumus,
2529 3044 2590 3098 et
2642 3055 3179 3118 unamquamque
3231 3040 3577 3118 Scriptum

265 3147 515 3223 partem
553 3140 631 3203 ad
663 3139 856 3201 unius
890 3146 962 3200 ut
994 3138 1362 3212 minimum,
1404 3140 1647 3218 passim
1677 3156 1832 3201 vero
1860 3139 1937 3201 ad
1965 3138 2246 3200 duorum
2294 3142 2409 3201 aut
2439 3138 2636 3200 trium
2672 3158 2823 3202 mss.
2878 3139 3062 3201 fidem
3108 3142 3583 3205 recensuimus:

265 3244 573 3308 Pluribus
601 3244 693 3307 uti
720 3244 1186 3323 potuissemus,
1221 3240 1273 3303 si
1310 3242 1745 3303 recentiorum
1796 3243 2117 3303 rationem
2169 3241 2411 3302 habere
2445 3242 2761 3320 aliquam,
2793 3241 3020 3303 fuisset
3046 3262 3078 3302 e
3114 3262 3180 3303 re
3214 3248 3433 3303 nostra
3467 3263 3480 3301 :
3516 3246 3585 3303 et

271 3364 411 3411 non
444 3365 554 3408 eos
602 3346 787 3408 modo
820 3347 1225 3426 propositum
1280 3348 1448 3405 esset
1482 3342 1725 3403 utiliter
1759 3340 2067 3403 adhibere
2115 3341 2179 3401 in
2220 3340 2591 3417 consilium,
2637 3339 2750 3419 qui
2786 3340 3117 3403 aut'bonis
3175 3340 3579 3420 argumentis

274 3452 535 3513 aetatem
568 3448 773 3513 Caroli
804 3446 1047 3527 Magni,
1081 3452 1143 3507 et
1170 3461 1367 3524 quam
1397 3444 1680 3507 diximus
1734 3442 1991 3506 Alcuini
2048 3441 2555 3523 recognitionem
2619 3442 2999 3505 antecedere
3033 3442 3435 3523 viderentur,
3467 3448 3586 3506 aut

273 3560 447 3614 certe
476 3568 604 3612 non
640 3548 1004 3617 admisisse.
2452 3616 2457 3622 ι

352 3653 494 3714 Hoc
524 3668 679 3714 vero
717 3668 918 3730 opus,
953 3649 1056 3709 hic
1088 3648 1317 3726 labor;
1355 3661 1432 3710 ea
1463 3645 1637 3708 enim
1668 3648 1766 3707 est
1802 3643 1941 3724 ejus
1980 3644 2096 3706 aevi
2134 3642 2428 3705 codicum
2460 3641 2741 3718 caritas,
2780 3643 3045 3722 tamque
3091 3648 3348 3707 maturo
3383 3650 3583 3726 atque

276 3757 408 3818 acri
440 3772 605 3834 opus
637 3760 733 3817 est
766 3752 845 3816 ad
886 3749 1277 3832 posteriores
1306 3766 1497 3813 curas
1530 3745 2064 3809 internoscendas
2108 3743 2355 3826 judicio
2382 3787 2399 3817 ,
2446 3748 2517 3804 ut
2562 3743 2675 3821 qui
2733 3748 2983 3804 tantum
3019 3745 3139 3805 sibi
3182 3747 3428 3824 peritiae
3463 3746 3584 3808 tri-

278 3855 460 3927 buat,
488 3852 905 3933 arrogantius
939 3849 1210 3915 fortasse
1255 3854 1452 3927 atque
1493 3846 1928 3920 ambitiosius,
1962 3862 2158 3923 quam
2192 3844 2409 3907 verius
2466 3841 2677 3904 facere
2713 3841 3032 3905 videatur.
3066 3843 3204 3907 Hoc
3235 3844 3447 3924 ipsum
3480 3850 3585 3907 ta-

280 3975 427 4018 men
463 3971 881 4033 summOpere
916 3952 1250 4025 intererat,
1288 3947 1548 4029 quando
1577 3948 1696 4026 ipsi
1727 3948 1992 4009 minime
2026 3946 2381 4008 diffitentur
2410 3944 2806 4006 Benedictini
2838 3944 3114 4008 editores
3160 3947 3225 4007 in
3255 3947 3482 4020 altero,
3518 3953 3591 4007 ut

279 4065 538 4135 vocant,
566 4056 1022 4137 prolegomeno
1054 4071 1230 4115 num.
1264 4049 1328 4129 5,
1360 4069 1439 4111 ne
1466 4049 1727 4111 unicum
1753 4049 2013 4129 quidem
2041 4046 2569 4124 Hieronymianaa
2597 4046 2910 4107 versionis
2944 4050 3280 4129 exemplar
3310 4049 3593 4114 inveniri

277 4161 342 4222 in
373 4161 521 4221 aliis
549 4164 730 4221 extra
768 4157 1046 4219 Galliam
1100 4154 1480 4235 regionibus
1544 4152 1852 4232 potuisse.
1914 4152 2008 4213 Ab
2068 4152 2145 4212 iis
2195 4150 2473 4223 scilicet,
2511 4166 2677 4227 quos
2731 4148 2851 4209 sibi
2882 4168 3037 4229 gens
3074 4168 3202 4213 una
3252 4156 3368 4215 aut
3413 4153 3595 4215 natio

276 4260 760 4339 Seripturarum
791 4258 1041 4319 codices
1075 4257 1589 4334 comparaverat,
1638 4253 1770 4312 tota
1821 4269 2046 4312 eorum
2082 4250 2276 4312 editio
2326 4247 2736 4311 describitur.
2772 4247 2847 4308 Et
2903 4266 3092 4311 nemo
3128 4255 3221 4312 est
3272 4255 3487 4316 tamen
3526 4252 3592 4312 in

280 4364 527 4425 Latina:
566 4360 757 4439 hujus
787 4356 1104 4421 versionis
1138 4352 1413 4418 historia
1444 4352 1757 4431 tantisper
1787 4349 2075 4411 eruditus
2110 4351 2221 4428 qui
2275 4347 2545 4424 nesciat,
2583 4362 2621 4408 a
2668 4346 3010 4425 regionum
3043 4364 3117 4410 ac
3161 4350 3446 4429 gentium
3480 4365 3590 4411 va-

278 4465 394 4528 riis
426 4465 597 4525 inter
624 4480 693 4523 se
722 4460 947 4523 usibus
976 4462 1037 4521 et
1067 4453 1560 4529 consuetudine,
1592 4451 1983 4515 variantium
2012 4451 2073 4509 in
2112 4447 2312 4510 sacris
2353 4447 2531 4509 libris
2561 4445 2914 4507 lectionum
2946 4462 3176 4509 causas
3211 4464 3353 4508 esse
3398 4466 3590 4525 repe—

281 4567 536 4632 tendas.
578 4564 958 4627 Econtrario
989 4578 1134 4639 quze
1162 4560 1379 4631 unius,
1406 4561 1476 4619 ut
1511 4555 1599 4618 ita
1628 4554 1863 4629 dicam,
1894 4552 2195 4614 Ecclesite
2232 4550 2501 4613 ccetibus
2535 4548 3000 4621 inservierunt,
3039 4547 3346 4625 pleraque
3375 4546 3597 4610 omnia

282 4669 687 4752 exemplaria
724 4666 875 4729 labii
916 4665 1112 4726 unius
1143 4668 1337 4741 atque
1371 4655 1743 4722 eorumdem
1793 4671 2164 4717 sermonum
2196 4670 2357 4715 esse.
2396 4648 2573 4712 Adeo
2606 4666 2735 4710 non
2780 4648 2934 4710 satis
2986 4651 3156 4752 recte
3191 4647 3273 4752 ab
3308 4645 3597 4725 ejusdem

284 4749 532 4855 ingenii
566 4769 956 4851 apographis
988 4767 1062 4828 de
1094 4763 1365 4845 pristina
1394 4761 1606 4840 Operis
1642 4752 2013 4838 integritate
2048 4754 2296 4817 videtur
2331 4756 2499 4816 sumi
2551 4756 3007 4834 argumentum
3037 4769 3052 4810 :
3082 4749 3371 4831 illudque
3404 4768 3602 4855 porro

284 4852 502 4956 ipsum
553 4872 631 4935 ad
685 4890 824 4935 eam
856 4869 1199 4933 editionem
1247 4865 1528 4926 numeris
1582 4862 1881 4924 omnibus
1917 4860 2373 4923 absolvendam
2414 4859 2663 4936 deerat,
2708 4857 2881 4936 quod
2929 4875 3071 4934 nos,
3108 4856 3359 4917 collatis
3410 4852 3601 4914 undi-

290 4996 419 5057 que
450 4974 815 5055 suffragiis,
855 4977 1160 5052 praestare
1191 4966 1403 5030 conati
1432 4981 1679 5027 sumus.
1713 4963 1874 5025 Nam
1906 4960 2024 5023 etsi
2053 4960 2306 5023 codices
2334 4978 2417 5021 ex
2450 4959 2637 5021 Italia
2667 4958 2925 5039 quidem
2951 4975 3171 5020 omnes
3205 4956 3603 5037 accepimus,

290 5099 507 5161 neque
537 5079 660 5141 hoc
688 5078 900 5156 ipsum
930 5075 1067 5136 leve
1104 5078 1244 5137 erat
1275 5070 1353 5135 ad
1386 5066 1783 5149 propositam
1814 5065 2259 5127 recensionem
2296 5070 2437 5144 post
2464 5062 2830 5126 Gallicanos
2859 5064 3199 5125 dumtaxat
3217 5059 3605 5130 subsidium,

291 5160 543 5243 accedit
576 5177 748 5258 quod
778 5195 862 5239 ex
894 5175 1051 5237 orbe
1095 5170 1560 5252 propemodum
1587 5168 1901 5231 universo
1932 5167 1999 5227 in
2025 5166 2434 5234 Vaticanam,
2472 5181 2619 5243 quae
2659 5164 2844 5225 nobis
2878 5180 3007 5227 una
3039 5171 3136 5226 est
3186 5178 3301 5241 pro
3327 5160 3605 5251 cunctis,

292 5257 778 5349 bibliothecam,
820 5280 1139 5354 quantum
1168 5276 1308 5334 erat
1342 5268 1632 5332 codicum
1667 5266 2349 5348 praestantissimorum
2383 5264 2797 5328 concesserit.
2830 5264 2923 5327 Ad
2949 5263 3084 5326 hzec
3111 5280 3239 5326 non
3269 5278 3381 5325 eos
3414 5257 3606 5323 modo

293 5383 526 5454 libros,
558 5380 670 5460 qui
706 5396 965 5443 sacrum
1004 5380 1249 5439 textum
1277 5376 1589 5455 perpetua
1625 5372 1792 5433 serie
1828 5370 2159 5443 exhibent,
2197 5368 2656 5434 advocavimus
2686 5388 2702 5441 ;
2733 5365 2840 5430 sed
2877 5370 2942 5431 et
2980 5368 3088 5446 qui
3123 5362 3607 5431 commentariis

297 5482 825 5564 Hieronymianis
863 5483 1186 5556 constant,
1221 5495 1368 5539 cum
1406 5475 1628 5555 primis
1682 5490 1833 5536 vero
1880 5474 1947 5534 in
1997 5472 2347 5567 prophetas
2397 5490 2647 5549 omnes,
2687 5472 2749 5532 in
2788 5469 3026 5550 quibus
3065 5470 3173 5531 ille
3202 5470 3608 5531 continenter

300 5603 488 5649 suam
522 5604 605 5647 ex
636 5586 909 5647 Hebraeo
954 5577 1551 5661 interpretationem
1578 5574 1882 5655 preponit
1910 5573 2190 5652 primum
2222 5576 2419 5651 atque
2449 5572 2754 5651 explicat,
2789 5572 2913 5632 huc
2937 5570 3274 5650 jussimus,
3299 5569 3409 5630 ubi
3442 5583 3608 5646 opus

303 5695 465 5761 erat,
497 5683 769 5766 proferri
799 5690 1018 5753 testes,
1049 5680 1638 5760 astipulatoresque
1668 5676 2194 5754 emendationum
2226 5682 2596 5738 nostrarum
2626 5674 2953 5737 accedere.

387 5793 609 5857 Dicam
662 5809 884 5874 porro,
917 5789 1086 5872 quod
1128 5788 1220 5851 rei
1256 5790 1447 5867 caput
1477 5787 1570 5847 est
1596 5830 1613 5863 ,
1650 5798 1845 5863 quam
1872 5780 2007 5843 haec
2056 5780 2383 5860 religiose,
2417 5779 2686 5843 fortasse
2734 5781 2930 5843 etiam
2978 5780 3047 5841 ut
3085 5774 3225 5840 aliis
3272 5771 3624 5850 videbitur,
