3992 6338
480 293 559 356 εδ
1926 276 2321 337 PREFATIO.
3706 269 3785 334 ss

477 407 932 492 superstitiosa
959 421 1103 469 cum
1139 398 1536 468 abstinentia
1564 395 1982 464 tractavimus
2020 414 2036 454 :
2072 398 2146 456 ut
2171 391 2419 456 etiamsi
2453 391 2584 456 tota
2612 390 2976 474 promiscue
3006 386 3403 453 variantium
3429 385 3788 454 lectionum

478 491 580 580 vis
615 515 843 595 ingens
872 510 1021 574 albo
1054 525 1171 590 per
1199 522 1316 568 nos
1345 502 1596 567 calculo
1629 500 2008 574 donaretur,
2037 512 2170 558 non
2197 499 2365 557 esset
2393 497 2612 557 tamen
2649 511 2766 556 cur
2797 491 2877 557 de
2905 496 3155 555 mutato
3201 494 3441 553 temere
3459 505 3791 595 umquam

483 624 663 683 textu
692 592 840 699 jure
865 613 1188 695 quispiam
1218 609 1437 671 dolere
1475 608 1707 686 posset,
1746 604 1860 664 aut
1887 599 2098 680 queri.
2134 596 2444 677 Equidem
2473 598 2556 658 ob
2591 597 2817 658 oculos
2860 613 3028 675 smpe
3052 594 3241 699 illam
3276 592 3624 699 habuimus
3672 611 3792 655 ce-

481 723 600 786 dro
627 694 888 800 dignam
923 713 1264 796 Augustini
1295 707 1682 772 sententiam
1709 705 1874 766 libro
1904 721 1951 764 Il
1993 704 2071 765 de
2110 700 2414 763 Doctrina
2445 699 2817 763 Christiana
2851 713 2993 776 cap.
3037 694 3110 755 1h
3142 719 3158 760 :
3192 695 3528 800 codicibus
3575 713 3790 800 emenf

482 797 1032 903 dandis—primitus
1059 817 1231 879 debet
1255 812 1593 892 invigilare
1638 807 1898 871 solertia
1933 822 2166 877 eorum,
2214 803 2322 886 qui
2355 802 2726 883 Scripturas
2755 801 3009 864 divinas
3035 818 3214 862 nosse
3247 797 3638 870 desiderant;
3679 798 3788 860 scd

482 930 548 988 et
575 924 856 988 vicissim
887 920 1046 984 illud
1080 917 1280 981 menti
1327 915 1800 977 obversabatur
1843 909 2308 990 magistrorum
2351 907 2774 969 Hebraaorum
2823 908 3240 990 praeceptum,
3272 920 3431 966 sane
3476 919 3791 982 perquam

482 1031 847 1106 opportune
882 1021 960 1086 ad
1012 1013 1544 1084 sufﬁaminandos
1596 1011 1836 1092 ingenii
1881 989 2082 1072 ausus
2137 1007 2606 1110 excogitatum,
2634 1017 2830 1068 manu:
2873 1013 3002 1067 mn
3025 989 3194 1066 9:15:15
3231 1025 3247 1066 :
3280 1005 3390 1066 Ea:
3424 1004 3792 1084 conjectura

478 1103 644 1189 nihil
676 1133 764 1187 est
794 1117 1258 1201 corrigendum.
1286 1117 1426 1178 Hac
1447 1120 1663 1178 autem
1695 1112 1941 1174 ratione
1969 1103 2332 1191 proposita,
2363 1107 2676 1188 quidquid
2721 1125 2758 1172 a
2798 1115 3052 1186 recepta
3085 1106 3280 1188 vulgo
3326 1105 3606 1168 lectione
3652 1103 3791 1165 dis-

479 1247 719 1293 sonum
765 1243 961 1289 manu
1000 1227 1284 1286 exaratis
1318 1219 1560 1282 chartas
1606 1215 2012 1289 sufﬁcerent,
2043 1231 2160 1276 seu
2204 1213 2403 1276 verbo
2449 1218 2634 1273 tenus
2680 1216 2742 1274 et
2769 1211 3120 1288 scriptura,
3155 1226 3266 1271 seu
3310 1225 3507 1270 sensu
3553 1208 3696 1287 ipso
3729 1211 3793 1268 et

476 1330 880 1412 signiﬁcatus
909 1332 1152 1401 ἐκτάσει,
1183 1321 1406 1386 sedulo
1434 1318 1877 1400 expendimus.
1909 1317 1990 1377 Et
2013 1315 2182 1395 quod
2206 1316 2344 1378 sola
2378 1313 2640 1394 quidem
2673 1311 3194 1374 dissimilitudine
3220 1311 3398 1372 vocis
3427 1309 3785 1388 abluderct,

479 1435 623 1499 sine
652 1432 804 1496 boni
839 1448 1022 1510 teque
1057 1445 1285 1491 sensus
1317 1423 1679 1505 dispendio,
1717 1422 1770 1483 si
1806 1420 2015 1495 nulla,
2046 1417 2148 1480 vel
2176 1435 2305 1480 non
2341 1415 2670 1480 sufﬁciens
2710 1415 2878 1477 hanc
2911 1432 3040 1493 prin
3076 1414 3188 1477 illa
3227 1413 3574 1495 adeptandi
3623 1413 3789 1474 ratio

480 1535 890 1616 suppetebat,
921 1531 1076 1594 satis
1109 1529 1229 1590 fuit
1257 1528 1358 1590 vel
1387 1545 1421 1589 e
1455 1526 1721 1606 regione
1751 1521 2160 1602 apposuisse,
2196 1519 2300 1582 vel
2337 1519 2387 1581 si
2417 1519 2578 1583 tanti
2601 1535 2704 1580 res
2745 1517 3104 1590 videbatur,
3135 1517 3204 1578 in
3233 1517 3546 1578 subnexis
3575 1532 3794 1579 anno-

480 1638 859 1710 tationibus,
893 1633 1106 1698 addita
1132 1631 1438 1694 brevibus
1468 1644 1702 1705 causa,
1733 1625 2075 1688 indicasse.
2124 1625 2387 1686 Miseret
2427 1623 2602 1683 enim
2656 1639 2812 1685 vero
2837 1639 2942 1684 me
2977 1626 3389 1701 praepostera)
3419 1621 3560 1700 ejus
3591 1639 3792 1701 curas,

482 1755 616 1817 qua
657 1737 820 1798 nihil
869 1740 1024 1814 puto
1069 1731 1382 1811 ingratius
1430 1746 1622 1810 posse
1670 1727 1893 1789 lectori
1930 1725 2182 1788 erudito
2235 1723 2550 1799 accidere,
2585 1740 2730 1784 cum
2763 1739 2943 1784 mera
2981 1723 3216 1788 veteris
3250 1721 3796 1802 pronuntiationis

482 1846 596 1904 aut
623 1837 989 1918 scriptionis
1019 1836 1203 1912 vitia,
1235 1851 1380 1913 qua:
1415 1833 1481 1894 in
1522 1830 1703 1893 libris
1740 1829 2043 1891 omnibus
2075 1827 2372 1906 antiquis,
2405 1830 2781 1900 occurrunt,
2831 1826 3020 1888 tertio
3061 1843 3324 1905 quoque
3354 1827 3554 1888 verbo
3600 1825 3790 1906 inge-

481 1947 723 2006 runtur
758 1961 772 2000 :
812 1939 985 2020 quod
1034 1937 1272 2002 factum
1326 1937 1392 1997 in
1431 1950 1680 2015 nupera
1709 1933 1941 1996 vetusti
1988 1929 2279 1992 Psalterii
2333 1927 2612 1991 editione
2664 1929 2867 1989 risum
2902 1928 3205 1989 omnibus
3252 1930 3480 2003 movit,
3516 1926 3626 1988 ubi
3665 1944 3794 1989 non

481 2043 631 2107 aliis
660 2041 860 2105 ferme
890 2042 1043 2102 sunt
1071 2038 1240 2100 notis
1269 2035 1522 2099 onerati
1551 2032 1877 2113 margines
1910 2029 2085 2106 libri,
2116 2047 2314 2109 quam
2329 2029 2566 2108 quibus
2595 2034 2922 2107 monetur,
2949 2030 3006 2090 B
3035 2046 3151 2109 pro
3181 2029 3260 2106 ν,
3283 2033 3480 2108 atque
3504 2027 3565 2089 E
3598 2046 3712 2108 pro
3733 2029 3796 2104 I,

484 2151 547 2211 ct
577 2145 861 2210 vicissim
892 2144 957 2205 in
985 2141 1252 2207 vocibus
1304 2157 1408 2202 ex.
1441 2155 1536 2218 gr.
1571 2133 1742 2198 brebi
1769 2139 1832 2196 et
1859 2132 2064 2206 bobes,
2095 2151 2212 2213 pro
2236 2133 2412 2194 brevi
2440 2137 2505 2194 et
2533 2132 2740 2209 boves,
2779 2141 2839 2192 et
2864 2129 3176 2210 intellege,
3208 2130 3378 2211 quod
3410 2134 3658 2192 rectum
3689 2137 3793 2194 ta-

483 2267 631 2312 men
665 2249 879 2329 ipsum
905 2262 1170 2325 quoque
1205 2247 1329 2321 est,
1361 2257 1477 2320 pro
1514 2237 1815 2317 intellige,
1845 2236 2078 2315 hisque
2103 2235 2346 2297 similes
2373 2234 2622 2297 litteras
2656 2234 2852 2298 fuisse
2874 2235 2957 2296 ab
2984 2233 3796 2312 antiquario‘substitutas.

561 2347 751 2412 Cordi
789 2346 1052 2410 fuerunt
1099 2341 1468 2408 econtrario
1499 2339 1684 2400 nobis
1717 2355 1861 2418 quae
1892 2337 2150 2417 pr0pric
2189 2353 2424 2414 sensu,
2453 2353 2660 2415 eoque
2697 2335 2763 2397 in
2790 2335 3084 2415 Vulgatis
3133 2336 3239 2400 vel
3289 2334 3801 2417 imminuto,-'.vel

480 2449 900 2529 interpolato,
949 2447 1208 2512 diversa
1251 2445 1318 2507 in
1354 2461 1508 2505 mss.
1552 2441 1746 2502 verba
1771 2483 1788 2516 ,
1821 2443 1934 2501 aut
1968 2445 2287 2502 commata
2337 2439 2479 2518 ipsa
2520 2437 2910 2500 invenimus.
2973 2437 3064 2500 Ac
3093 2437 3374 2518 primum
3428 2439 3482 2500 si
3515 2439 3801 2519 plurium

482 2551 958 2633 exemplarium
1008 2549 1335 2630 sutfragiis
1372 2547 1763 2622 niterentur,
1795 2541 2048 2606 cautius
2085 2541 2518 2622 investigare:
2549 2541 2697 2604 dein
2741 2541 3034 2604 conferre
3080 2541 3423 2623 diligenter
3471 2543 3601 2606 alia
3650 2562 3802 2606 cum

483 2654 658 2729 aliis,
690 2671 837 2716 cum
864 2656 1086 2715 nostro
1121 2652 1478 2730 Interprete
1526 2647 1828 2728 singula;
1865 2648 2000 2706 tum
2035 2644 2116 2705 ad
2150 2641 2484 2705 Hebraicas
2529 2642 2814 2706 veritatis
2860 2643 3132 2725 Lydium
3168 2644 3450 2723 lapidem
3499 2646 3798 2727 exigere;

485 2759 705 2838 ipsum
735 2772 1000 2835 quoque
1025 2754 1420 2818 Hebraicum
1447 2751 1873 2830 archetypum
1909 2745 2334 2827 perscrutari,
2373 2762 2533 2806 num
2559 2761 2782 2806 errore
2811 2744 3174 2806 scribarum
3203 2750 3467 2825 peccet,
3498 2762 3574 2809 ac
3598 2749 3804 2827 possit

483 2867 700 2947 ipsum
727 2862 809 2928 ad
835 2863 1068 2928 veteris
1115 2859 1669 2941 lnterpretationis
1719 2857 1986 2938 vestigia
2027 2855 2306 2933 restitui,
2345 2871 2420 2917 ac
2465 2853 2796 2918 vicissim:
2838 2855 3041 2916 multo
3071 2858 3287 2916 autem
3332 2851 3800 2926 verosimilius,

484 2986 648 3032 num
695 2985 778 3029 ex
810 2983 888 3029 eo
915 2965 1100 3029 facile
1129 2967 1441 3045 appareat
1466 2959 1846 3024 Latinorum
1877 2960 1941 3020 in
1971 2958 2415 3038 permutandis
2448 2956 2678 3018 litteris
2709 2957 2958 3036 lapsus,
2989 2973 3120 3035 quo
3152 2953 3580 3019 ratiocinandi
3608 2953 3803 3018 modo

487 3086 625 3135 non
657 3069 858 3133 semel
884 3087 1023 3132 rem
1041 3083 1166 3132 acu
1194 3067 1477 3147 tetigisse
1506 3065 1622 3129 visi
1651 3082 1877 3127 sumus
1909 3083 1924 3123 :
1953 3062 2212 3126 demum
2239 3066 2303 3125 et
2332 3062 2587 3125 Graecos
2613 3061 2795 3124 LXX
2838 3062 3224 3142 lnterpretes
3267 3060 3603 3134 sciscitari,
3633 3063 3807 3120 esset

487 3192 696 3240 necne
725 3173 1056 3256 pr0posita
1088 3173 1278 3236 lectio
1302 3177 1485 3235 vetus
1514 3170 1625 3234 illa
1657 3187 1692 3231 e
1718 3169 1997 3248 Vulgata
2023 3173 2172 3230 ante
2201 3166 2675 3245 Hieronymum
2709 3166 3016 3244 editione,
3045 3182 3246 3245 quam
3275 3170 3385 3226 aut
3420 3165 3632 3226 denuo
3673 3162 3806 3224 huc

487 3282 732 3338 temere
758 3273 1085 3335 studiosus
1124 3288 1252 3334 non
1292 3287 1481 3333 nemo
1521 3270 1892 3348 revocavit,
1926 3275 2040 3332 aut
2073 3268 2134 3330 S.
2175 3268 2528 3348 lnterpres,
2565 3274 2787 3348 utpote
2817 3286 2952 3330 non
2984 3266 3325 3348 incongrui
3372 3283 3629 3342 sensus,
3665 3265 3808 3343 ipse

487 3375 854 3437 retinuerit.
893 3373 1199 3435 Animum
1230 3377 1544 3452 praeterea
1577 3370 1971 3433 intendimus
1996 3369 2077 3433 ad
2123 3371 2410 3452 reliquos
2449 3371 2901 3447 translatores,
2931 3371 3262 3450 Aquilam,
3316 3367 3806 3448 Symmachum,

491 3479 1027 3555 Theodotionem,
1056 3484 1253 3556 atque
1299 3477 1490 3554 alios,
1527 3475 1903 3555 cumprimis
1930 3491 2085 3537 vero
2121 3474 2604 3553 Symmachum,
2635 3473 2820 3552 cujus
2851 3473 3088 3532 mirum
3117 3474 3183 3531 in
3216 3471 3478 3531 modum
3509 3469 3807 3548 ingenio,

491 3583 691 3658 atque
739 3578 1098 3641 eruditione
1148 3577 1501 3639 delectatus
1552 3581 1648 3638 est
1675 3576 1737 3637 S.
1765 3577 1975 3638 Pater.
2027 3575 2220 3638 Nulla
2272 3581 2488 3638 autem
2538 3579 2634 3636 est
2680 3575 2864 3635 nobis
2906 3573 3341 3654 praetermissa
3385 3571 3640 3644 vocula,
3694 3573 3808 3634 cui

491 3677 887 3740 difﬁcultatis
919 3676 1166 3756 aliquid
1197 3675 1466 3738 subesse
1497 3675 1783 3755 suspicio
1815 3674 1999 3750 foret,
2033 3675 2218 3738 nulla
2246 3675 2585 3753 intentata,
2624 3675 2936 3754 nullaque
2968 3674 3224 3737 indicta.
3250 3674 3540 3753 Cumque
3579 3674 3811 3737 omnia

492 3780 580 3846 ad
604 3779 772 3843 hanc
799 3781 1142 3841 obrussam
1165 3779 1629 3858 exegissemus,
1660 3795 1737 3842 ac
1763 3784 1959 3842 staret
1990 3778 2184 3841 etiam
2209 3795 2245 3841 a
2275 3797 2428 3841 mss.
2460 3779 2752 3860 partibus
2773 3779 3113 3860 judicium,
3148 3779 3244 3841 rei
3280 3777 3538 3859 quidem
3568 3794 3808 3840 causas

495 3887 566 3948 in
597 3883 1128 3948 annotationibus
1157 3899 1510 3962 exponere,
1540 3888 1604 3946 et
1627 3883 1693 3944 in
1726 3899 1925 3963 quam
1971 3882 2156 3946 facile
2184 3886 2569 3947 sententiam
2609 3885 3136 3960 concederemus,
3163 3887 3350 3949 novis
3399 3887 3809 3967 argumentis

493 3987 906 4063 conﬁrmare,
944 3987 1146 4049 satius
1199 3987 1403 4048 multo
1437 3987 1768 4066 duximus,
1821 4005 2020 4068 quam
2067 3987 2306 4050 inferre
2366 3989 2569 4051 textui
2617 4007 2878 4066 manus,
2910 3990 3162 4053 etiamsi
3213 4007 3345 4052 non
3409 3990 3600 4051 modo
3651 4008 3810 4052 cum

491 4089 780 4152 melioris
810 4087 1208 4168 signiﬁcatus
1239 4087 1618 4168 compendio
1651 4087 1894 4165 liceret,
1925 4087 2034 4149 sed
2064 4089 2258 4150 etiam
2287 4094 2495 4150 tutum
2523 4096 2711 4152 esset.
2745 4089 2927 4164 Quod
2964 4091 3016 4150 si
3071 4095 3286 4153 tamen
3317 4089 3555 4152 alicubi
3599 4089 3814 4151 aude-

493 4213 669 4273 mus,
703 4191 990 4275 profecto
1010 4191 1148 4272 ejus
1177 4192 1431 4256 sincera
1460 4192 1585 4254 loci
1617 4193 2006 4268 emendatio,
2039 4209 2520 4274 germanusque
2547 4195 2916 4258 intellectus
2941 4213 3057 4275 per
3087 4213 3156 4257 se
3183 4195 3321 4274 ipse
3359 4200 3574 4275 patere
3627 4195 3810 4260 visus

497 4302 597 4359 est
625 4295 836 4373 nobis,
863 4299 927 4356 et
962 4293 1397 4356 communitus
1430 4292 1519 4355 ita
1564 4298 1684 4370 est,
1719 4297 1789 4354 ut
1833 4293 2111 4355 convelli
2144 4291 2443 4373 deinceps
2493 4293 2673 4356 nulla
2729 4293 2788 4355 vi
2843 4293 3044 4372 possit
3092 4295 3448 4374 criticaque
3495 4311 3800 4357 censura.

496 4400 739 4466 Cretera
775 4396 900 4458 nisi
933 4412 1036 4458 res
1072 4395 1380 4457 clamaret
1408 4393 1572 4472 ipsa,
1601 4394 2019 4474 originalium
2048 4412 2310 4475 quoque
2337 4395 2658 4458 librorum
2687 4411 2767 4459 ea
2811 4394 2966 4459 ﬁdes
3000 4403 3193 4471 esset,
3224 4396 3504 4477 denique
3551 4397 3805 4460 aditum

494 4503 884 4581 animosque
917 4499 1219 4561 fecissent
1243 4499 1461 4578 magni
1490 4499 1766 4560 nominis
1798 4497 1941 4573 viri,
1981 4499 2277 4578 religiose
2306 4499 2738 4562 abstinuimus
2765 4524 2784 4579 ;
2811 4499 3120 4581 ipsasque
3151 4501 3467 4574 maculas,
3503 4500 3804 4566 verenda:

377 4669 382 4672 .
496 4603 901 4681 antiquitatis
936 4600 1196 4678 indicia,
1226 4617 1370 4663 cum
1398 4600 1663 4662 honoris
1692 4599 2092 4680 praefatione,
2123 4601 2430 4664 eluendas
2461 4607 2824 4665 monstrare
2856 4603 3027 4677 aliis,
3059 4603 3215 4667 satis
3253 4604 3391 4665 fuit.
3429 4602 3611 4668 Hanc
3653 4619 3815 4664 om-

500 4707 689 4769 nium
719 4707 1026 4786 Optimam
1050 4703 1218 4767 sacri
1243 4703 1479 4766 codicis
1510 4704 2014 4784 recognoscendi
2037 4705 2354 4766 rationem
2379 4703 2710 4781 duximus,
2748 4721 2956 4784 eaque
2989 4707 3040 4768 si
3063 4706 3226 4768 nihil
3247 4705 3448 4785 aliud,
3480 4705 3603 4768 hoc
3631 4712 3814 4770 certe

500 4822 840 4888 speramus
895 4810 1355 4871 consecuturos
1407 4822 1524 4867 nos
1578 4804 1815 4882 laudis,
1878 4806 2050 4886 quod
2109 4813 2172 4870 ct
2227 4808 2516 4872 maximo
2575 4807 2959 4873 Christianas
3010 4808 3343 4889 religionis
3400 4809 3812 4872 monimento

500 4909 688 4972 ﬁdem
712 4911 1140 4988 servavimus,
1169 4919 1232 4976 et
1257 4912 1782 4993 Hieronymiana:
1813 4913 2060 4994 glorise,
2096 4913 2369 4993 ejusque
2400 4915 2705 4977 studiosis
2735 4898 3076 4977 consulere
3107 4913 3320 4978 conati
3351 4931 3601 4977 sumus.

577 5011 814 5076 Videar
844 5029 1040 5092 porro
1077 5031 1250 5076 nunc
1276 5020 1487 5079 actum
1515 5032 1732 5097 agere,
1758 5015 1811 5076 si
1839 5033 1984 5095 qua:
2010 5015 2087 5077 ad
2123 5017 2444 5096 hujusmet
2474 5016 3053 5096 interpretationis,
3081 5021 3152 5078 ut
3184 5015 3275 5081 ita
3319 5015 3558 5093 dicam,
3596 5019 3814 5080 natu-

493 5130 636 5178 ram
672 5121 867 5193 atque
897 5115 1235 5177 historiam
1271 5123 1589 5196 spectant,
1628 5116 1716 5178 deo
1736 5116 1990 5198 integro
2019 5117 2204 5179 velim
2235 5117 2519 5198 proferre
2549 5118 2614 5178 in
2644 5116 2926 5180 medium
2956 5122 3154 5198 atque
3183 5117 3563 5182 edisserere.
3617 5119 3816 5180 Jam-

498 5216 746 5298 pridem
773 5233 996 5278 eorum
1039 5215 1392 5294 desiderio,
1425 5219 1536 5296 qui
1573 5218 1708 5280 haec
1749 5235 1937 5281 nosse
1981 5219 2286 5299 cupiunt,
2335 5218 2787 5282 satisfecerunt
2824 5237 3035 5300 neque
3080 5221 3332 5285 indocte
3396 5220 3808 5292 Benedictini

502 5316 926 5392 editores,his
957 5317 1136 5395 ipsis,
1169 5335 1314 5396 qua:
1347 5319 1701 5398 prmfationi
1753 5319 1903 5381 huic
1945 5327 2184 5382 nostra;
2231 5321 2675 5383 subnectimus
2723 5321 3245 5402 prolegomenis;
3293 5329 3428 5385 tum
3479 5321 3592 5386 alii
3641 5337 3812 5387 sane

496 5435 814 5500 perquam
839 5415 1067 5479 eruditi
1096 5417 1244 5496 viri,
1271 5419 1516 5482 Natalis
1543 5420 1939 5500 Alexander,
1962 5421 2309 5500 Dupinius,
2339 5421 2747 5495 Frassenius,
2787 5421 3139 5497 Simonius,
3166 5420 3523 5495 Calmetus,
3551 5422 3806 5501 aliique

494 5537 738 5603 magno
782 5539 1055 5582 numero
1109 5521 1479 5584 criticorum
1509 5523 1647 5598 ﬁlii,
1677 5531 1737 5586 et
1788 5525 1899 5604 qui
1949 5525 2303 5605 principem
2335 5525 2401 5588 in
2439 5525 2560 5589 hac
2590 5525 2970 5588 eruditionis
3021 5531 3201 5604 parte
3255 5527 3470 5588 locum
3520 5525 3802 5603 obtinet,

495 5619 886 5685 Humfredus
933 5621 1224 5700 Hodyus,
1255 5621 1418 5683 libro
1446 5623 1521 5684 de
1554 5624 1910 5687 Bibliorum
1947 5627 2226 5689 textibus
2257 5627 2708 5708 originalibus.
2742 5627 2821 5687 Et
2870 5643 3268 5705 quamquam
3307 5632 3461 5689 sunt
3499 5625 3805 5705 quaedam

492 5725 562 5787 in
594 5723 864 5806 singulis
890 5723 1172 5786 maxime
1201 5724 1266 5786 in
1298 5725 1739 5806 antiquiorum
1769 5728 2050 5810 scriptis,
2074 5722 2219 5809 qua:
2250 5729 2432 5794 nobis
2461 5747 2693 5812 parum
2721 5732 2834 5793 aut
2861 5728 3022 5790 nihil
3053 5731 3450 5809 probantur:
3482 5730 3656 5794 haud
3688 5734 3794 5792 vi-

486 5844 634 5894 sum
667 5833 880 5897 tamen
930 5833 1024 5894 est
1052 5829 1327 5911 pretium
1360 5849 1598 5914 operte,
1625 5833 1861 5914 quibus
1893 5834 2005 5900 illa
2031 5836 2430 5917 argumentis
2477 5833 2864 5918 refutentur,
2893 5834 2999 5898 hic
3031 5836 3170 5921 .loci
3220 5855 3584 5918 exponere,
3621 5839 3798 5916 quod
