4040 6360
246 286 321 341 23
1701 256 2095 349 primum.
3494 282 3568 342 eo

247 396 375 463 nisi
403 395 784 461 universam
814 412 889 460 ac
921 397 1117 477 vulgo
1146 395 1526 461 tralatitiam
1560 396 2060 477 disputationem
2090 396 2284 477 longa
2330 399 2628 462 oratione
2655 402 3009 464 retractare
3041 417 3158 480 pro
3204 400 3298 464 rei
3347 400 3568 481 digni-

246 510 379 567 tate
406 504 769 576 instituam,
798 502 983 565 facile
1007 501 1140 564 suis
1177 517 1451 581 quasque
1483 499 1640 562 locis
1676 500 1945 562 edocere
1992 501 2129 579 ipse
2160 518 2290 563 non
2328 500 2594 579 possim.
2626 499 2790 561 Sunt
2840 502 3031 563 etiam
3082 501 3565 564 lucubrationes

247 609 376 671 illa:
411 608 713 670 omnibus
756 606 820 666 in
864 608 1166 685 promptu
1199 624 1215 665 :
1246 620 1408 683 quas
1446 602 1501 665 si
1533 602 1808 665 invicem
1836 604 2210 681 contendas,
2244 607 2438 681 atque
2465 603 2544 664 ad
2573 618 2715 664 eam
2743 603 2993 681 exigas,
3026 621 3221 682 quam
3276 606 3567 665 nosmet—

246 708 372 788 ipsi
418 709 502 769 ab
531 705 934 769 Alcuinianaa
972 704 1366 766 recensionis
1405 702 1649 782 epocha
1684 702 1969 766 historia:
2001 704 2382 784 particulam
2417 705 2775 784 attigimus,
2811 707 2918 768 vix
2955 706 3076 768 erit
3106 723 3220 768 cur
3267 711 3557 767 nostram

247 812 313 871 in
346 812 468 873 hoc
493 827 759 892 cperam
796 810 969 872 ultra
1012 807 1357 871 desideres.
1388 809 1663 871 Peccant
1691 808 1865 868 enim
1896 810 2276 888 plerumque
2325 806 2596 867 nimium
2633 808 2891 887 prolixa
2933 808 2997 868 in
3040 807 3104 868 S.
3136 808 3561 887 lnterpretem

246 914 584 977 Voluntate
615 934 630 972 :
662 918 731 975 ut
761 918 858 975 est
894 911 1075 983 illud,
1112 909 1287 990 quod
1330 910 1516 972 aiunt
1564 910 1889 985 nonnulli,
1927 927 2077 972 eum
2109 909 2410 972 Ecclesiae
2439 911 2635 972 totius
2682 911 2934 971 nomine
2966 909 3324 974 versionem
3377 928 3564 973 suam

244 1035 325 1078 ex
358 1015 635 1077 Hebraeo
688 1014 884 1076 fuisse
916 1014 1210 1075 molitum
1239 1036 1258 1090 ;
1290 1017 1402 1076 aut
1435 1012 1605 1092 quod
1641 1014 1751 1075 alii
1785 1011 2071 1091 tradunt,
2105 1029 2247 1076 eam
2281 1013 2478 1077 fuisse
2513 1016 2597 1077 ab
2644 1015 2784 1094 ipso
2816 1016 3095 1078 Damaso
3134 1032 3299 1097 papa
3337 1016 3568 1077 Eccle-

246 1118 359 1178 siae
394 1118 721 1181 universae
750 1116 1286 1179 commendatam.
1318 1116 1568 1178 Platina
1600 1117 1665 1176 in
1717 1115 1857 1195 ejus
1902 1115 2215 1194 pontificis
2249 1116 2418 1191 Vita,
2450 1117 2758 1197 Primust
2790 1118 3137 1199 Damasus)
3181 1118 3569 1197 Hieronymi

243 1220 512 1298 scriptis
546 1219 995 1280 auctoritatem
1020 1217 1218 1294 dedit,
1249 1235 1387 1278 cum
1409 1217 1594 1296 prius
1618 1216 2042 1297 Septuaginta
2076 1218 2506 1299 Interpretum
2532 1221 2775 1300 scripta
2798 1219 3232 1285 tantummodo
3262 1222 3329 1284 in
3354 1219 3563 1301 pretio

243 1327 465 1381 essent.
495 1319 665 1384 Nam
694 1325 754 1380 et
797 1318 1013 1381 Biblia
1054 1318 1437 1397 Hieronymi
1464 1318 1589 1397 legi
1615 1325 1815 1395 coepta
1855 1326 1968 1393 est,
2000 1328 2059 1379 et
2090 1318 2324 1399 psalmi
2354 1322 2486 1401 ejus
2521 1319 2794 1400 ﬁdeliter
2828 1338 2908 1383 ea:
2940 1321 3204 1384 Hebraeo
3255 1322 3569 1395 traducti,

246 1442 385 1482 cum
410 1429 601 1482 antea
636 1420 811 1501 apud
846 1419 1061 1484 Gallos
1082 1420 1489 1500 potissimam
1522 1418 1936 1498 incomposite
1966 1414 2341 1499 legerentur.
2369 1420 2577 1495 Quam
2610 1419 2893 1482 fabulam
2931 1426 2993 1482 et
3020 1421 3303 1483 Joannes
3346 1421 3570 1483 Fran-

245 1527 460 1589 ciscus
492 1526 873 1604 Brixianus,
908 1529 979 1586 ut
1015 1524 1177 1585 alios
1204 1523 1465 1584 interim
1511 1528 1759 1584 taceam
1784 1564 1801 1596 ,
1838 1521 2112 1599 epistola
2152 1520 2232 1584 ad
2281 1522 2643 1601 Pagninum
2674 1521 2904 1600 probat
2940 1541 2955 1581 :
2990 1521 3275 1598 Damasi,
3329 1521 3565 1599 inquit,

242 1629 642 1708 patrocinio,
673 1644 943 1706 curaque
972 1632 1032 1686 et
1056 1625 1369 1704 castigata
1396 1622 1612 1684 Graeca
1641 1620 1791 1684 olim
1808 1638 1925 1703 per
1954 1622 2442 1702 Hieronymum,
2472 1632 2533 1683 et
2559 1640 2860 1685 conversa
2888 1624 2955 1684 in
2979 1623 3281 1685 Latinum
3304 1623 3567 1686 Hebraa

247 1747 576 1791 sacrarum
618 1728 982 1790 litterarum
1030 1732 1583 1786 monumenta......
1637 1728 1696 1782 et
1750 1722 2005 1782 Damasi
2066 1720 2413 1784 redivivam
2466 1740 2728 1801 curam,
2776 1735 2833 1783 et
2876 1723 3258 1801 Hieronymi
3315 1740 3569 1801 operam

247 1831 512 1892 subinde
540 1835 960 1889 renascentem
987 1842 1404 1905 saepenumero
1450 1822 1832 1899 desiderant.
1881 1821 2234 1895 Dixissent,
2270 1820 2503 1883 favisse
2546 1824 2899 1883 Damasum
2947 1821 3284 1883 Hebraicis
3334 1816 3568 1882 Hiero-

250 1936 426 2015 nymi
460 1931 719 2007 studiis,
750 1948 897 1993 cum
928 1947 998 1991 se
1037 1929 1255 1989 Romae
1287 1926 1529 2006 pariter
1576 1926 2012 1996 continerent,
2049 1928 2121 1985 ut
2155 1942 2237 1986 ex
2273 1930 2578 2005 ἀμοιϐαίαις
2609 1941 2835 1985 eorum
2872 1924 3160 2004 epistolis
3195 1923 3397 2003 liquet
3439 1944 3454 1983 :
3486 1924 3566 1985 ad

245 2037 617 2115 Scripturas
650 2033 822 2096 enim
853 2049 934 2093 ex
962 2031 1236 2093 Hebraeo
1270 2026 1788 2107 interpretandas
1837 2026 2146 2103 nondum,
2186 2027 2297 2088 illo
2328 2026 2694 2105 advivente,
2728 2044 2993 2090 manum
3019 2026 3084 2089 S.
3116 2028 3307 2090 Pater
3335 2027 3567 2091 admo-

255 2149 461 2205 verat.
502 2144 744 2204 Verum
778 2142 911 2205 haec
942 2138 1243 2223 persequi
1276 2136 1508 2214 nostri,
1538 2141 1606 2198 ut
1637 2133 1948 2208 diximus,
1976 2133 2248 2195 instituti
2287 2150 2415 2193 non
2446 2136 2567 2194 est.
2738 2204 2739 2207 η

328 2247 502 2322 Quin
541 2247 736 2308 etiam
768 2245 888 2306 hac
913 2244 1055 2323 ipsa
1089 2241 1167 2304 de
1199 2258 1423 2315 causa,
1460 2246 1530 2302 ut
1575 2257 1658 2302 ne
1690 2242 1749 2302 te
1780 2239 2025 2303 scilicet
2054 2238 2294 2299 diutius
2323 2237 2592 2315 morari,
2620 2241 2683 2299 et
2727 2255 2872 2316 qua:
2904 2236 3013 2298 alii
3063 2235 3308 2318 pridem
3358 2237 3565 2303 multa

245 2367 392 2412 cum
423 2349 614 2411 laude
646 2348 1140 2422 elucubrarunt,
1164 2345 1405 2423 scripta
1431 2344 1782 2423 compilare
1813 2343 2060 2421 videar,
2087 2342 2379 2405 omittere
2408 2343 2608 2403 satius
2634 2342 2814 2415 duxi,
2846 2360 2991 2422 qua)
3019 2342 3096 2404 de
3128 2341 3556 2404 Hebrasorum

249 2454 423 2532 poesi
456 2452 538 2515 ad
566 2451 1062 2527 enucleandam,
1100 2448 1686 2528 vindicandamque
1733 2450 1816 2512 ab
1849 2449 2371 2512 adversariorum
2404 2447 2747 2510 calumniis
2785 2448 2846 2509 S.
2890 2448 3099 2511 Patris
3146 2445 3564 2524 sententiam,

249 2554 703 2633 expositurum
751 2572 853 2616 me
886 2568 1253 2632 receperam
1276 2595 1293 2625 ,
1331 2568 1409 2613 ac
1449 2566 1831 2630 paraveram
1865 2550 2150 2630 quidem,
2183 2556 2377 2629 atque
2413 2549 2493 2611 ad
2528 2550 2905 2611 umbilicum
2939 2550 3067 2611 fere
3106 2550 3565 2629 perduxeram.

249 2657 667 2737 EXperientia
697 2662 916 2719 autem
948 2655 1441 2735 comprobatum
1470 2652 1750 2735 estgillud
1777 2653 2050 2715 Romani
2081 2652 2386 2729 oratoris,
2414 2651 2700 2716 Nimium
2740 2649 2909 2731 quod
2937 2658 3061 2724 est,
3094 2650 3363 2731 o/fendit
3388 2649 3569 2711 vehe-

251 2760 542 2832 mentius,
574 2777 761 2839 quam
786 2757 955 2839 quod
982 2756 1238 2819 videtur
1274 2773 1530 2836 parum.
1570 2754 1852 2827 Accedit,
1883 2754 2055 2832 quod
2105 2753 2368 2834 pr0prio
2404 2770 2597 2831 opere
2654 2751 2819 2812 hanc
2856 2751 2976 2812 sibi
3014 2770 3222 2833 nuper
3257 2752 3570 2812 excolen—

250 2858 395 2921 dam
445 2858 789 2920 materiam
840 2856 1236 2936 susceperit,
1273 2853 1617 2934 studiaque
1668 2855 1864 2916 etiam
1911 2855 1975 2914 in
2028 2854 2148 2916 hoc
2203 2857 2423 2916 nostra
2462 2854 2858 2933 praeverterit
2909 2854 3097 2933 longe
3154 2854 3565 2916 doctissimus

251 2965 496 3026 amicus
531 2970 776 3037 noster,
810 2967 993 3043 cujus
1027 2962 1398 3043 propediem
1447 2960 1730 3023 edendus
1780 2961 1846 3022 in
1898 2961 2108 3022 lucem
2150 2962 2316 3023 liber
2356 2968 2671 3040 quantum
2707 2980 2862 3039 ergo
2911 2961 3215 3041 Opinione
3250 2964 3567 3041 auguror,

250 3071 448 3143 atque
483 3082 568 3125 ex
598 3082 698 3140 eo,
732 3065 907 3145 quod
934 3082 1186 3126 mecum
1215 3062 1748 3141 communicavit,
1779 3062 2081 3143 exemplo
2110 3062 2323 3139 didici,
2365 3063 2554 3127 faciet
2587 3062 2990 3125 eruditorum
3026 3063 3361 3126 hominum
3397 3064 3570 3127 desi-

251 3168 435 3229 derio
469 3168 649 3230 satis.
2890 3237 2905 3255 ς
3406 3190 3410 3193 -

338 3271 423 3330 At
450 3285 577 3329 non
604 3271 689 3331 ita
726 3268 1251 3348 praetereundum
1283 3267 1543 3330 silentio
1573 3268 1733 3342 erat,
1761 3263 1816 3330 si
1839 3269 1992 3347 quid
2024 3268 2089 3330 in
2125 3269 2602 3351 chronologicis
2660 3271 2805 3333 libri
2838 3269 3355 3350 uniuscujusque
3394 3270 3565 3331 notis

254 3377 490 3433 contra
522 3372 819 3449 aliorum,
859 3371 969 3451 qui
1002 3369 1259 3433 easdem
1284 3372 1571 3432 rationes
1600 3371 1912 3447 inierunt,
1953 3372 2304 3434 sententias
2331 3372 2523 3434 fuerit
2552 3373 3095 3435 animadversum.
3135 3375 3413 3435 Pertinet
3441 3372 3565 3433 hoc

252 3492 490 3553 nempe
519 3474 594 3535 ad
626 3474 1284 3553 Hieronymianarum
1339 3494 1555 3537 rerum
1604 3477 1837 3538 seriem
1887 3478 2087 3557 probe
2142 3476 2648 3555 instituendam,
2696 3478 3206 3557 nectendamque
3258 3476 3562 3549 invicem,

253 3595 449 3655 quam
480 3578 689 3639 sicubi
724 3575 1101 3655 trajectionc
1129 3577 1353 3657 aliqua
1385 3595 1651 3657 peccare
1698 3579 1903 3658 sinas,
1938 3579 2121 3642 facile
2155 3586 2283 3640 tota
2314 3579 2767 3642 labefactetur.
2806 3581 2877 3640 Et
2919 3598 3071 3641 vero
3118 3596 3265 3641 cum
3300 3577 3565 3639 minime

253 3681 670 3759 diffiteamur,
718 3680 891 3759 quod
928 3698 1062 3743 uno
1096 3699 1319 3743 omnes
1368 3699 1479 3743 ore
1527 3684 1968 3758 consentiunt,
2020 3688 2404 3763 constatque
2453 3702 2601 3745 cum
2634 3683 2816 3759 aliis,
2853 3691 2984 3743 tum
3040 3682 3163 3743 hoc
3211 3679 3565 3760 praesertim

253 3788 633 3870 Hieronymi
680 3786 1052 3850 testimonio
1098 3786 1163 3847 in
1208 3786 1475 3865 prologo
1523 3786 1823 3861 Galeato,
1857 3786 2016 3866 Lege
2059 3804 2206 3866 ergo
2256 3787 2534 3866 primum
2577 3785 2830 3848 Samuel
2861 3793 2918 3847 et
2957 3782 3301 3849 Malachim
3342 3801 3566 3857 meum,

253 3892 499 3971 Regum
528 3890 730 3952 libros
760 3889 1050 3950 omnium
1083 3888 1326 3966 primus
1360 3889 1425 3948 in
1454 3887 1666 3949 lucem
1714 3889 2031 3967 prodiisse
2074 3908 2091 3948 :
2141 3889 2348 3968 placet
2384 3906 2491 3950 eos
2532 3890 2725 3951 etiam
2763 3888 2840 3950 ad
2887 3907 3130 3950 annum
3164 3887 3419 3951 circiter
3452 3886 3569 3945 390

254 3998 466 4075 potius
492 4014 693 4075 quam
723 3995 801 4057 ad
836 3995 954 4054 392
979 3999 1092 4055 aut
1122 3994 1594 4070 insequentem,
1633 3998 1699 4053 ut
1756 3995 1950 4075 vulgo
2002 3998 2254 4073 putant,
2290 3994 2542 4056 referri.
2577 3996 2766 4057 Ratio
2804 4014 2884 4057 ex
2913 4013 2987 4058 ea
3032 4012 3227 4074 quam
3257 3992 3569 4056 continuo

255 4101 741 4174 subuectemus,
772 4097 938 4160 serie
970 4095 1334 4173 constabitﬁ:
1372 4111 1519 4157 nam
1556 4113 1667 4156 eos
1728 4112 1895 4175 pone
1945 4098 2130 4176 sequi
2183 4096 2587 4166 Psalterium,
2642 4102 2703 4159 et
2751 4096 3098 4177 prophetas
3156 4111 3289 4157 una
3339 4109 3566 4153 omnes

254 4205 599 4281 sentimus,
627 4200 791 4279 quos
838 4199 1040 4259 libros
1076 4214 1248 4259 anno
1276 4196 1403 4257 392
1430 4243 1448 4275 ,
1479 4215 1610 4276 quo
1638 4196 2019 4279 Catalogum
2056 4198 2447 4279 scriptorum
2489 4199 3094 4261 Ecclesiasticorum
3150 4194 3571 4258 concinnavit

251 4307 309 4368 S.
342 4309 561 4377 Pater,
596 4304 792 4366 fuisse
817 4302 951 4382 jam
977 4300 1054 4362 de
1084 4301 1315 4362 Latino
1352 4301 1416 4362 in
1455 4301 1746 4364 Grmcum
1784 4302 1899 4364 abs
1930 4303 2296 4382 SOphronio
2327 4300 2603 4374 refusos,
2636 4301 2918 4381 capitulo
2950 4301 3061 4361 illo
3091 4299 3166 4361 de
3201 4297 3570 4378 Sophronia

253 4414 577 4471 testatur:
610 4407 694 4468 In
723 4405 1033 4481 Grcecum,
1067 4404 1310 4483 inquit,
1346 4404 1618 4483 eleganti
1659 4422 1940 4468 sermone
1997 4405 2337 4468 transtulit
2385 4405 2769 4466 Psalterium
2813 4424 3056 4485 quoque
3096 4412 3154 4465 et
3200 4401 3568 4483 prophetas,

249 4529 406 4591 quos
441 4526 561 4569 nos
592 4505 665 4567 de
698 4504 964 4568 Hebraeo
1004 4504 1071 4565 in
1100 4503 1401 4566 Latinum
1428 4505 1751 4565 vertimxs.
1783 4504 1967 4567 Haud
1998 4510 2169 4567 recte
2200 4504 2397 4583 igitur
2425 4504 2842 4566 Martianaeus
2875 4504 3118 4581 aliique
3144 4508 3287 4581 post
3308 4518 3418 4562 an.
3450 4500 3568 4560 393

249 4610 547 4675 Psalterii
587 4611 949 4674 versionem
976 4608 1305 4684 differunt,
1340 4626 1536 4689 quam
1568 4609 1777 4672 adhuc
1807 4610 2090 4673 armario
2127 4610 2416 4671 clausam
2451 4608 2514 4669 S.
2550 4609 2974 4686 lnterpretem
3025 4606 3312 4667 tenuisse
3362 4607 3571 4665 autu—

248 4721 459 4794 mant,
489 4734 575 4777 ex
606 4713 705 4776 his
740 4733 885 4793 quae
927 4713 1006 4776 ad
1043 4714 1530 4776 Pammachium
1576 4714 1848 4793 epistola
1882 4712 1980 4787 Μ),
2013 4733 2158 4793 qua:
2194 4712 2332 4793 ejus
2379 4711 2637 4793 quidem
2670 4718 2765 4772 est
2812 4710 2990 4785 anni,
3040 4709 3263 4771 scribit
3303 4729 3317 4769 :
3348 4708 3573 4771 Libros

246 4821 517 4882 sedecim
546 4819 1010 4900 Prophetarum
1047 4820 1247 4901 (nulla
1279 4819 1681 4880 Psalmorum
1710 4819 2040 4882 mentione
2089 4818 2284 4897 facta)
2322 4835 2475 4897 quos
2517 4817 2585 4877 in
2641 4815 2947 4876 Latinum
2997 4811 3070 4873 de
3120 4812 3395 4873 Hebrazo
3444 4826 3574 4870 ser-

250 4944 431 4988 mone
462 4926 652 5001 verti,
702 4927 759 4987 si
805 4925 1053 5003 legeris,
1086 4932 1144 4985 et
1198 4923 1503 4987 delectari
1554 4932 1609 4985 te
1660 4922 1775 4984 hoc
1832 4939 2013 5003 opere
2064 4937 2446 5000 comparere,
2499 4916 2882 4997 provocabis
2930 4932 3070 4988 nos,
3109 4914 3297 4974 etiam
3350 4919 3574 4973 caetera

251 5031 469 5091 clausa
518 5029 796 5092 armario
829 5047 963 5091 non
1006 5038 1230 5090 tenere.
1282 5028 1522 5103 Nempe
1554 5025 1923 5105 significare
1955 5025 2076 5086 hoc
2106 5022 2365 5085 silentio
2416 5020 2623 5100 potuit
2682 5018 3143 5096 Hieronymus,
3197 5033 3346 5077 eum
3400 5014 3573 5075 intra

248 5130 640 5195 domesticos
672 5131 947 5211 parietes
981 5129 1315 5191 continere
1346 5146 1413 5189 se
1444 5127 1708 5204 librum,
1747 5144 1941 5205 quem
1975 5124 2215 5189 tamdiu
2245 5128 2438 5185 antea
2464 5118 2829 5199 Sophronio
2864 5118 3269 5196 inscriptum,
3303 5114 3573 5193 pr0pria

250 5238 325 5298 ad
354 5254 511 5299 eum
562 5234 938 5314 praefatione
975 5234 1341 5295 munierat:
1376 5248 1506 5309 quo
1543 5230 1792 5290 nullum
1832 5233 1989 5309 puto
2041 5226 2340 5290 editionis
2398 5221 2803 5285 manifestius
2848 5219 3158 5281 indicium
3195 5222 3315 5278 est.
3349 5215 3573 5294 Neque

251 5337 377 5400 hoc
407 5355 608 5417 porro
638 5337 883 5407 solum,
919 5334 1024 5396 sed
1073 5339 1133 5395 et
1187 5334 1438 5405 Graece,
1473 5333 1645 5411 quod
1696 5332 1868 5409 longi
1919 5331 2078 5392 adeo
2105 5335 2201 5390 est
2234 5328 2448 5409 Operis
2478 5372 2493 5402 ,
2524 5324 2915 5405 explicatum
2949 5321 3033 5382 ab
3089 5318 3199 5379 illo
3237 5334 3367 5380 una
3423 5336 3570 5379 cum

253 5441 589 5523 prophetis
624 5439 925 5501 omnibus
980 5437 1136 5500 satis
1174 5437 1529 5514 eleganter,
1571 5433 2037 5513 vulgatumque
2064 5429 2235 5510 apud
2266 5429 2406 5507 ejus
2444 5427 2681 5506 linguas
2726 5422 3055 5494 homines,
3098 5419 3181 5523 ab
3228 5418 3570 5523 superiore

247 5519 593 5624 jam—anno
630 5546 923 5608 noverat.
960 5540 1130 5617 Quin
1164 5540 1354 5600 etiam
1384 5537 1557 5599 hunc
1588 5536 1912 5617 prOphctis
1941 5535 2180 5596 librum
2209 5531 2525 5611 praeponit
2562 5553 2577 5592 :
2609 5546 2692 5590 ex
2720 5542 2851 5604 quo
2880 5520 3281 5584 recensionis
3317 5519 3567 5624 ordine,

254 5617 562 5712 editionis
620 5663 884 5726 quoque
931 5644 1426 5725 praerogativam
1478 5640 1782 5719 colligere
1839 5633 2264 5700 verosimilius
2312 5633 2511 5694 licet:
2548 5631 2895 5692 subsecuta
2940 5628 3158 5686 autem
3198 5624 3321 5726 est
3350 5617 3566 5726 statim

253 5750 398 5813 Jobi
429 5722 670 5824 versio,
700 5722 898 5828 quam
928 5722 997 5809 se
1026 5762 1231 5827 nuper
1255 5745 1631 5819 adornasse,
1669 5740 1940 5821 ejusque
1968 5739 2221 5800 misisse
2251 5735 2329 5799 ad
2358 5734 2733 5799 Marcellam
2772 5729 3105 5807 exemplar
3125 5773 3145 5805 ,
3191 5726 3255 5786 in
3305 5722 3569 5786 laudata

259 5858 449 5921 modo
484 5856 761 5937 epistola
793 5856 885 5920 ait
909 5854 970 5917 Ξ.
1011 5855 1195 5917 Pater
1226 5874 1242 5916 :
1277 5871 1355 5917 ex
1386 5850 1518 5931 quo
1552 5849 1784 5913 iterum
1815 5847 1945 5911 falli
1980 5845 2393 5928 perspicuum
2420 5848 2518 5908 est
2564 5848 2705 5922 post
2732 5838 3184 5903 Martiauaeum
3221 5830 3417 5911 alios,
3451 5831 3564 5910 qui
