4040 6360
419 281 432 287 -
501 225 573 282 37
1709 226 2047 288 EPISTOLA
2085 230 2585 291 DEDICATORIA.
3733 235 3808 294 23

506 347 836 428 prteivisse
859 349 1091 412 Jobnm
1123 349 1449 430 pr0phetis
1479 351 1853 434 opinantur.
1890 354 2005 417 His
2044 355 2237 436 vulgo
2286 355 2531 419 addunt
2574 355 2957 418 treslibros
2988 353 3388 429 Salomonis,
3441 371 3608 434 quos
3657 373 3804 438 ego,

503 452 763 532 quidem
794 455 1003 517 serius
1035 453 1419 518 differendos
1449 475 1529 518 ex
1560 459 1806 539 prologi
1855 457 1934 522 ad
1978 459 2418 522 Chromatium
2465 463 2662 538 atque
2712 458 3132 522 Heliodorum
3187 459 3402 521 verbis
3454 459 3807 524 existimo:

510 559 761 621 interea
797 565 1010 621 tamen
1039 559 1207 622 haud
1239 559 1451 622 ausim
1482 569 1753 642 receptas
1787 562 1956 642 apud
1987 580 2212 627 omnes
2241 562 2578 624 sententia:
2614 561 2954 640 refragari.

587 661 800 740 Atque
846 659 911 720 hi
947 659 1206 722 demum
1238 661 1383 722 libri
1417 678 1643 722 omnes
1672 667 1849 736 sunt,
1883 681 2050 742 quos
2077 662 2319 727 scimus
2365 661 2662 722 editionis
2702 660 2932 721 honori
2961 658 3096 740 jam
3134 660 3483 742 permissos
3513 677 3590 723 eo
3637 663 3810 720 tem-

506 776 689 840 pore,
725 778 858 839 quo
884 760 962 823 de
989 778 1059 822 se
1084 761 1517 840 Hieronymus
1552 766 1822 825 testatus
1856 763 1945 827 ita
1975 767 2072 825 est
2114 765 2181 825 in
2217 763 2552 842 Catalogo,
2586 762 2775 825 Vetus
2802 763 3255 823 Testamentum
3279 762 3485 842 juxta
3531 759 3812 822 Hebrai-

502 878 646 924 cum
677 861 1012 927 transtuli:
1041 863 1212 942 quod
1249 864 1621 926 criticorum
1658 863 1771 926 filii
1808 866 1896 928 ita
1929 880 2284 947 σχηματικῶς
2312 867 2552 928 dictum
2585 865 2935 947 accipiunt,
2972 871 3040 926 ut
3068 883 3198 926 non
3234 865 3606 927 universam
3645 882 3814 944 pro-

505 964 645 1044 prie
681 963 1107 1044 Scripturam,
1135 965 1241 1029 sed
1277 982 1440 1044 quas
1469 965 1811 1032 dumtaxat
1843 973 2287 1032 recensuimus
2319 969 2508 1033 modo
2546 975 2762 1053 partes
2799 955 2912 1048 per
2941 968 3000 1029 id
3049 969 3360 1051 temporis
3402 968 3812 1030 transtulisse

507 1083 660 1130 eum
690 1068 912 1130 velint.
951 1069 1116 1130 Vere
1159 1084 1278 1148 ego
1309 1067 1549 1130 dixisse
1583 1069 1645 1130 S.
1689 1071 2026 1134 Doctorem
2060 1072 2386 1144 existimo,
2431 1079 2769 1151 totumque
2799 1072 2932 1152 jam
2961 1071 3044 1133 ab
3099 1089 3176 1133 eo
3222 1069 3542 1133 redditum
3587 1068 3814 1130 Latine

512 1175 693 1231 vetus
733 1171 1250 1248 Testamentum,
1297 1170 1419 1231 nisi
1464 1171 1719 1250 siquam
1759 1171 2033 1235 fortasse
2074 1174 2379 1253 exiguam
2417 1172 2554 1252 ejus
2592 1179 2838 1251 partem
2870 1172 3172 1252 excipere
3208 1172 3424 1246 liceat,
3481 1169 3668 1250 cujus
3725 1169 3814 1232 ibi

509 1272 885 1353 singillatim
915 1270 1314 1350 meminisse,
1344 1272 1508 1334 nihil
1551 1273 1885 1336 intererat.
1917 1273 1996 1334 Et
2037 1279 2208 1336 certe
2242 1291 2374 1355 quo
2418 1279 2703 1352 tempore
2745 1273 2888 1335 Jobi
2924 1273 3284 1336 versionem
3313 1273 3512 1336 refert
3537 1319 3552 1342 ,
3585 1272 3721 1353 jam
3749 1278 3814 1334 et

515 1374 747 1436 thera
778 1371 991 1435 clausa
1028 1373 1303 1436 armario
1336 1380 1538 1434 tenere
1575 1391 1645 1436 se
1671 1374 1764 1435 ait
1797 1393 1813 1434 :
1846 1391 1991 1452 quae
2023 1375 2273 1438 tametsi
2306 1375 2503 1439 variis
2533 1373 2807 1437 subinde
2832 1376 3022 1437 annis
3061 1376 3126 1438 in
3171 1376 3384 1438 lucem
3432 1375 3814 1456 prodierint,

509 1478 592 1539 ab
623 1493 700 1536 eo
755 1480 966 1536 tamen
1005 1493 1136 1554 quo
1172 1481 1618 1538 memorantur
1652 1475 1922 1538 exordio
1958 1493 2101 1540 esse
2148 1479 2497 1557 repetenda
2530 1497 2545 1538 :
2582 1484 2782 1557 atque
2824 1477 2984 1540 adeo
3011 1477 3147 1558 jam
3196 1479 3342 1540 inde
3373 1497 3414 1542 a
3465 1478 3816 1556 conscripti

508 1577 798 1656 Catalogi
833 1594 1006 1639 anno
1035 1577 1233 1640 fuisse
1267 1579 1608 1651 adornata,
1653 1579 2070 1658 perspicuum
2095 1585 2213 1642 est.
2252 1580 2637 1643 Prodierunt
2667 1597 2821 1641 vero
2847 1599 2926 1641 ex
2959 1581 3055 1642 his
3096 1580 3284 1659 primi
3321 1580 3560 1643 Esdras
3592 1584 3654 1642 et
3686 1579 3820 1642 Ne-

510 1678 786 1753 hemias,
821 1680 993 1742 circa
1024 1696 1270 1742 annum
1301 1678 1440 1752 39h,
1473 1678 1657 1758 quod.
1693 1697 1774 1740 ex
1811 1681 2080 1759 prologo
2120 1680 2353 1758 liquet,
2384 1682 2491 1742 ubi
2521 1682 2718 1744 multa
2745 1699 2890 1761 quas
2925 1682 2990 1744 in
3020 1682 3395 1762 Evangeliis
3443 1680 3813 1754 laudantur,

511 1783 699 1861 quasi
754 1783 831 1844 de
881 1782 1078 1844 veteri
1118 1783 1564 1855 Testamento,
1601 1787 1664 1843 et
1705 1781 1874 1862 apud
1917 1781 2096 1842 LXX
2144 1800 2271 1843 non
2305 1782 2653 1856 habentur,
2686 1782 3109 1863 eXpendenda
3146 1802 3215 1844 se
3244 1783 3332 1844 ait
3367 1780 3593 1844 latiori
3645 1781 3819 1860 operi

513 1901 872 1947 reservare.
909 1886 1027 1946 Per
1055 1884 1250 1946 latins
1287 1885 1460 1946 enim
1490 1900 1653 1962 Opus
1683 1882 2023 1962 epistolam
2075 1884 2138 1943 in
2174 1892 2392 1945 nostra
2433 1886 2810 1948 recensione
2856 1885 2933 1946 57
2977 1886 3111 1949 sive
3142 1885 3430 1946 libellum
3457 1883 3530 1946 de
3557 1883 3817 1962 Optimo

509 2004 728 2068 genere
761 1985 1258 2067 interpretandi,
1293 2004 1485 2064 quem
1535 2002 1651 2046 nos
1687 2001 1863 2045 anno
1907 1982 2332 2064 ascripsimus
2359 1983 2478 2044 395
2514 1991 2759 2045 eertum
2795 1992 2893 2048 est
2929 1985 3280 2065 designari.
3319 1985 3452 2046 Hos
3487 1984 3823 2062 excipiunt

511 2088 1032 2168 Paralipomena,
1063 2089 1125 2149 in
1162 2107 1444 2168 quorum
1494 2105 1721 2167 nempe
1751 2087 2025 2164 Prolago
2073 2085 2237 2146 idem
2277 2086 2385 2146 ille
2415 2085 2488 2146 de
2523 2086 2774 2165 Optimo
2813 2103 3031 2165 genere
3062 2083 3527 2166 interpretandi
3557 2083 3818 2143 libellus

515 2208 718 2274 nuper
751 2191 959 2255 editus
991 2193 1226 2253 dicitur
1258 2211 1272 2252 :
1311 2198 1379 2252 ut
1415 2190 1639 2253 eodem
1683 2195 1878 2267 atque
1908 2190 2032 2249 isto
2069 2204 2240 2250 anno
2272 2187 2390 2247 395
2429 2190 2636 2250 lucem
2673 2188 3008 2267 aspexisse
3061 2189 3421 2249 videantur.
3462 2183 3583 2260 Qui
3624 2185 3822 2264 igitur

511 2300 838 2372 postremo
865 2293 1154 2352 omnium
1187 2291 1329 2352 loco
1363 2289 1678 2370 prodiisse
1705 2289 1839 2351 ὴωο
1866 2287 2216 2362 affirmant,
2253 2289 2597 2367 Dupinius,
2633 2297 2693 2351 et
2727 2290 3168 2364 Martianteus,
3192 2306 3232 2352 a
3267 2307 3418 2352 vero
3449 2305 3644 2367 quam
3680 2287 3820 2346 lon-

512 2394 774 2476 gissime
801 2396 1106 2456 aberrant
1136 2414 1152 2453 :
1185 2411 1262 2455 ac
1295 2393 1508 2454 doceri
1538 2391 1798 2472 quidem
1825 2408 1972 2453 cum
2009 2392 2129 2452 hoc
2162 2389 2305 2470 ipso
2336 2393 2702 2453 testimonio
2727 2381 3056 2471 poterant,
3103 2399 3240 2453 tum
3280 2391 3392 2453 illo
3435 2391 3498 2451 in
3550 2388 3822 2468 epistola

511 2501 618 2574 7t,
650 2499 726 2560 ad
761 2499 1129 2574 Lucinium,
1161 2503 1303 2577 post
1353 2495 1547 2558 ferme
1588 2493 1938 2558 triennium
1983 2491 2168 2570 data,
2197 2493 2304 2553 ubi
2343 2511 2566 2554 omnes
2603 2497 2753 2554 ante
2802 2492 3268 2556 Octateuchum
3301 2493 3537 2553 veteris
3594 2491 3828 2552 Testa-

512 2600 709 2662 menti
743 2601 940 2661 libros
976 2598 1040 2660 S.
1082 2601 1218 2677 ipse
1246 2597 1568 2678 Interpres
1619 2595 1823 2658 editos
1869 2612 1908 2658 ει
1953 2613 2022 2656 se
2080 2594 2440 2674 profitetur.
2473 2595 2811 2669 Cononem,
2847 2597 3084 2676 inquit,
3121 2593 3450 2659 Hebraicw
3500 2593 3822 2666 Veritatis,

513 2710 768 2779 excepto
807 2697 1214 2776 Octateucho,
1249 2717 1425 2780 quem
1451 2715 1620 2759 nunc
1665 2697 1734 2759 in
1773 2695 2058 2759 manibus
2088 2695 2305 2771 habeo,
2334 2696 2553 2776 pueris
2586 2697 2712 2760 tuis
2746 2706 2804 2758 et
2842 2699 3118 2761 notariis
3146 2698 3290 2760 dedi
3319 2696 3822 2769 describendum.

514 2805 632 2866 His
663 2805 882 2883 itaque
918 2801 1459 2882 recognoscendis
1491 2807 1636 2865 octo
1685 2799 1893 2875 libris,
1923 2801 2035 2880 qui
2073 2799 2357 2878 priorem
2407 2818 2488 2860 ex
2523 2798 2748 2863 ordine
2781 2801 2950 2868 sacri
2995 2805 3209 2862 textus
3256 2801 3468 2861 locum
3503 2799 3824 2874 obtinent,

508 2908 594 2969 δ’)
625 2923 798 2966 anno
849 2903 969 2966 398
1027 2904 1852 2982 insndabat:quamquam
1901 2899 2204 2964 Genesim
2235 2917 2312 2963 eo
2339 2901 2532 2963 citius
2583 2903 2846 2980 editam,
2877 2902 3062 2964 facile
3090 2902 3378 2965 adducor
3427 2907 3497 2963 ut
3542 2901 3823 2970 credam,

513 3025 662 3071 cum
700 3010 934 3089 reliqui
989 3010 1247 3072 interim
1278 3008 1476 3070 Mosis
1513 2991 1661 3070 libri
1715 3007 1778 3068 in
1815 3011 2122 3088 quartum
2175 3007 2561 3086 quintumvc
2597 3024 2839 3069 annum
2877 3011 3345 3087 premerentur.
3385 3004 3582 3065 Josue
3612 3009 3826 3064 autem

516 3110 772 3169 nonnisi
813 3114 953 3187 post
981 3115 1213 3170 sancta:
1247 3107 1456 3170 Paula:
1499 3106 1942 3170 dormitionem
1971 3107 2037 3168 in
2068 3107 2277 3168 lucem
2337 3111 2511 3170 venit
2544 3127 2559 3169 :
2591 3123 2788 3185 quam
2827 3106 3064 3168 obiisse
3100 3105 3404 3168 Honorio
3441 3103 3728 3183 Augusto
3767 3119 3827 3160 τι

517 3215 578 3270 et
603 3209 976 3272 Aristteneto
1007 3227 1190 3282 coss.,
1217 3208 1276 3268 id
1305 3215 1423 3279 est,
1449 3223 1557 3268 an.
1590 3204 1732 3284 ltOIs,
1771 3224 1852 3267 ex
1904 3205 2192 3286 ejusdem
2221 3206 2552 3285 epitaphio
2600 3211 2998 3288 compertum
3045 3211 3160 3268 est.
3197 3206 3504 3266 Omnium
3550 3202 3830 3280 denique

515 3319 881 3390 postremus
913 3310 1076 3372 liber
1099 3308 1335 3370 Esther
1361 3307 1692 3389 prodierit,
1719 3307 2036 3386 siquidem
2071 3324 2221 3368 eum
2252 3305 2314 3367 S.
2350 3307 2538 3368 Pater
2565 3304 2945 3368 Octatenchi
2990 3323 3264 3367 numero
3314 3299 3826 3382 comprehendit,

515 3431 601 3478 ex
630 3412 1048 3475 Hebraeorum
1081 3428 1259 3473 more
1289 3409 1544 3472 Judices
1575 3413 1640 3472 et
1663 3409 1832 3471 Ruth
1863 3409 2063 3471 libros
2093 3410 2161 3470 in
2190 3426 2395 3470 unum
2423 3407 2853 3488 conjungens,
2883 3425 3015 3486 qua
3045 3407 3304 3468 demum
3341 3407 3406 3468 in
3436 3424 3530 3482 re,
3557 3420 3635 3465 ac
3665 3406 3831 3494 tem-

518 3515 692 3593 poris
724 3520 877 3576 nota
913 3512 1192 3576 aliorum
1225 3517 1424 3594 probe
1459 3513 1636 3576 initis
1669 3513 2032 3576 rationibus
2066 3512 2229 3575 nihil
2265 3530 2410 3576 esse
2441 3512 2750 3573 duximus
2782 3509 3252 3590 reponendum.
3803 3495 3808 3500 ’

528 3684 3804 3725 W

915 3870 1049 3976 S.
1179 3871 1331 3978 P.
1475 3868 2469 3976 INNOCENTIO
2598 3867 2847 3973 XII
2977 3865 3132 3972 Ρ.
3270 3865 3443 3970 Μ.

594 4274 944 4348 Hieronymus
971 4274 1160 4332 Christi
1203 4282 1388 4330 vestrm
1435 4275 1488 4329 in
1521 4273 1759 4332 Romana
1807 4272 1929 4327 urbe
1975 4271 2284 4342 suscipiens,
2331 4270 2592 4325 cathedra:
2628 4268 2770 4324 Petri
2808 4267 3060 4324 inviolata
3090 4264 3452 4321 communione
3480 4263 3828 4329 consociatus,

523 4368 739 4425 Damasi
767 4385 918 4441 papa:
947 4369 1216 4423 oraculum
1256 4367 1520 4440 quondam
1565 4385 1627 4422 ac
1653 4367 1877 4433 deliciar,
1905 4366 1975 4420 ad
2016 4375 2119 4421 tua:
2159 4365 2468 4422 Sanctitatis
2499 4364 2734 4436 vestigia,
2767 4363 3054 4419 beatissime
3084 4361 3268 4429 Pater,
3313 4359 3535 4430 festinus
3577 4368 3714 4426 voto,
3741 4356 3831 4410 ob-

517 4463 694 4534 sequio
722 4460 871 4517 ltetus
901 4463 1118 4517 accedit.
1145 4461 1473 4530 Quamquam
1495 4464 1631 4517 enim
1657 4462 1731 4516 tui
1761 4478 1878 4517 eum
1911 4470 2098 4516 terreat
2125 4461 2450 4533 magnitudo,
2475 4460 2656 4513 imitat
2685 4470 2855 4514 tamen
2895 4459 3217 4513 humanitas.
3242 4454 3486 4521 Recedat,
3511 4452 3695 4524 inquit,
3729 4451 3838 4506 Ro-

520 4559 659 4613 nmni
681 4557 922 4612 culminis
949 4557 1181 4624 ambitio,
1212 4574 1326 4612 cum
1354 4573 1648 4612 successore
1681 4554 1987 4621 Piscatoris,
2021 4564 2066 4609 et
2098 4552 2358 4622 discipulo
2386 4553 2554 4608 crucis
2582 4553 2763 4622 loquor
2799 4551 3014 4625 (Epist.
3045 4551 3157 4622 57).
3207 4547 3368 4603 Novit
3409 4545 3594 4601 etenim
3642 4543 3838 4598 Doctor

521 4654 770 4709 Ecclesia:
801 4655 1078 4720 maximus,
1101 4653 1273 4708 socius
1301 4651 1603 4725 angelorum
1631 4652 1683 4705 in
1709 4651 1859 4717 cwlo,
1891 4649 2030 4722 quod
2065 4649 2109 4703 si
2147 4647 2413 4721 apostolos
2443 4647 2632 4701 honore
2662 4646 2909 4719 sequeris,
2940 4644 3172 4716 sequaris
3198 4652 3245 4698 ct
3272 4641 3474 4696 merito.
3521 4638 3644 4694 Tua:
3679 4638 3838 4709 igitur

523 4748 865 4804 [lentitudinis
891 4748 1108 4821 pedibus
1131 4749 1434 4819 provolutus
1461 4764 1691 4803 summus
1722 4747 1817 4801 ille.
1841 4747 1938 4812 vir,
1963 4745 2341 4802 Bibliothecam
2370 4759 2519 4798 suam
2555 4741 2817 4807 Divinam,
2851 4756 2968 4814 qua:
2995 4750 3150 4812 caput
3178 4747 3252 4792 est
3282 4737 3515 4792 ontnium
3539 4733 3837 4788 studiontm

520 4846 660 4916 ejus,
686 4842 966 4897 redivivam
987 4859 1126 4898 nunc
1155 4859 1316 4912 opera
1343 4852 1541 4908 nostra,
1571 4841 1808 4896 manibus
1835 4855 2037 4912 quoque
2067 4839 2252 4894 nostris
2292 4836 2479 4904 olferre
2509 4836 2698 4907 gestit;
2741 4835 2904 4904 utqui
2934 4833 3004 4888 ad
3033 4833 3203 4888 sedem
3229 4830 3582 4901 Apostotieam
3611 4841 3716 4880 uno
3751 4841 3838 4880 eo-

525 4940 743 5012 demque
781 4937 965 5005 eﬂectu
997 4940 1296 4994 reverentiae
1342 4939 1580 5010 propensi
1606 4953 1805 4999 sumus,
1829 4937 2030 5008 junctis
2065 4933 2268 5002 pariter
2311 4931 2526 5004 ofﬁciis,
2559 4929 2788 4986 secunda
2829 4928 3030 4984 cunctis
3074 4925 3351 4981 virtutibus
3386 4923 3463 4977 tui
3502 4923 3839 4995 pontiﬁcatus

525 5032 680 5087 initia
709 5030 976 5085 individuo
1005 5029 1216 5084 honoris
1243 5030 1411 5085 studio
1430 5028 1841 5084 conrelebrcmus
1867 5027 2064 5098 (Epist.
2099 5024 2220 5095 58).

598 5126 784 5197 Neque
812 5141 932 5180 vero
957 5125 1073 5192 erit,
1107 5123 1428 5180 sanctissime
1452 5122 1625 5184 Pater,
1649 5120 1790 5188 quod
1815 5117 2012 5186 aﬁatus
2042 5129 2159 5172 tuos
2175 5116 2332 5172 etiam
2353 5115 2556 5170 minimi
2565 5155 2568 5158 .
2578 5127 2878 5184 paveamus,
2909 5126 3027 5166 cum
3057 5109 3203 5165 nobis
3227 5106 3551 5163 audientiam
3581 5104 3842 5174 facturum

525 5221 590 5276 sit
628 5194 921 5274 immortale
950 5217 1086 5272 illud
1122 5217 1388 5291 ingenium
1435 5231 1554 5270 cum
1582 5229 1676 5268 suo
1704 5227 1974 5266 sacrarum
2001 5208 2492 5280 interpretationum
2526 5205 2855 5277 amplissimo
2900 5217 3133 5270 munere,
3178 5199 3318 5271 quod
3360 5213 3453 5250 nos
3496 5194 3844 5250 venerabundi

529 5313 724 5369 nomini
744 5326 836 5367 tuo
861 5289 1244 5368 consecramus.
1297 5310 1434 5378 Quid
1477 5310 1614 5364 enim
1639 5307 1870 5378 piissimo
1897 5304 2307 5361 Christianorum
2340 5301 2490 5355 Patri
2511 5309 2778 5370 acceptum
2804 5296 2967 5369 magis
2997 5304 3264 5367 gratumve
3288 5291 3462 5364 fuerit,
3508 5304 3664 5359 quam
3693 5289 3845 5342 resti-

551 5418 641 5461 uta
665 5408 716 5460 in
745 5422 922 5461 omnes
951 5405 1195 5460 Ecclesiae
1223 5403 1474 5458 utilitates
1509 5401 1698 5456 Divina
1733 5399 2040 5470 Hieronymi
2071 5395 2414 5460 Bibliotheca,
2439 5393 2718 5448 (mlestium
2741 5390 2936 5446 scilicet
2964 5387 3334 5442 mandatorum
3368 5385 3663 5448 thesaurus,
3706 5381 3845 5436 ttnde

525 5497 866 5569 proferuntur
895 5511 1026 5550 nova
1057 5505 1102 5551 et
1130 5501 1321 5560 vetera,
1351 5493 1537 5566 quibus
1559 5509 1690 5558 sese,
1711 5509 1773 5547 ac
1795 5491 2148 5547 concreditum
2177 5489 2273 5544 sibi
2295 5504 2498 5558 gregem
2522 5485 2660 5540 alere
2687 5495 2833 5556 queat
2874 5492 3050 5556 pastor
3077 5482 3240 5536 bonus
3276 5489 3319 5532 et
3356 5478 3683 5548 dispensator
3713 5475 3845 5543 ﬁde-

526 5593 590 5646 lis
615 5593 639 5646 ?
663 5589 1109 5663 Qttitlnijucunda
1137 5605 1273 5642 nunc
1303 5587 1495 5659 fuerint
1520 5585 1824 5641 Innocentio
1846 5603 1991 5641 sacra
2017 5587 2414 5659 Scripturarum
2444 5583 2735 5647 volumina,
2765 5595 2882 5653 qua:
2910 5587 3066 5632 casttc
3096 5584 3243 5631 erant
3269 5575 3475 5629 delicia:
3508 5573 3676 5631 sancti
3703 5571 3844 5625 Pon-

521 5685 679 5757 εἶβε-ξε
711 5683 959 5751 Dantasi,’
984 5687 1134 5756 cujus
1158 5683 1384 5753 insignia
1405 5679 1514 5734 ha'r
1541 5690 1655 5733 «vn!
1678 5683 1826 5736 verba
1854 5682 1922 5734 ad
1953 5683 2120 5754 ipsum
2148 5679 2526 5750 Hieronymum
2554 5675 2794 5742 scripta?
2819 5673 3007 5743 Neque
3031 5686 3165 5727 vero
3194 5670 3358 5724 ullam
3386 5679 3518 5740 puto
3540 5667 3844 5737 digniorem

514 5774 728 5848 dispzt‘a
749 5777 900 5835 tionis
937 5786 1135 5834 nostra:
1161 5776 1680 5842 confabulationum,
1711 5789 1872 5849 quam
1897 5775 2033 5832 side
2059 5773 2359 5846 Scriptnris
2387 5770 2824 5828 sermocinemur
2848 5766 2990 5823 inter
3011 5782 3134 5836 nos,
3171 5764 3226 5822 id
3253 5770 3362 5832 est,
3395 5773 3454 5820 ut
3477 5777 3582 5835 ego
3604 5762 3846 5818 interro—
