4040 6360
798 262 823 283 Ὦ

202 283 274 337 3‘5
803 275 823 283 ⁷
888 276 1459 337 PROLEGOMENON
1500 277 1542 335 1.
1585 276 1675 336 DE
1713 275 1977 336 NOMINE
2019 278 2503 338 DlBLlOTHECAZ
2541 279 2823 340 DIVINIE.
3435 289 3509 348 34

201 396 577 455 Bibliothecas
620 395 800 467 itaque
842 393 1196 451 Hebrzeorum
1248 395 1352 452 hoc
1399 393 1522 453 loco
1569 393 2189 466 appellatArolumina
2234 394 2426 453 Latine
2476 397 2547 452 ab
2588 397 2782 456 eodem
2829 398 3039 457 reddita
3091 400 3504 473 complectatur.

198 489 483 547 volumina
509 488 738 545 Hebraza
763 488 966 546 veteris
989 487 1354 554 Testamenti,
1389 504 1507 559 quas
1536 488 1806 544 volumina

200 580 376 638 Paula
405 590 465 636 et
486 580 839 635 Eustochium
873 579 1078 636 edoctae
1104 578 1321 636 fuerant
1345 579 1447 635 sub
1475 579 1665 637 eodem
1694 595 1809 635 ma-

200 676 379 748 gistro
401 675 758 747 Hieronymo.
786 674 898 731 Hac
923 676 1050 731 item
1072 676 1440 747 appellatione
1470 676 1808 732 manifestius

202 769 385 825 adhuc
414 768 732 825 declaratur
759 777 921 825 vetus
952 767 1361 824 Testamentum
1409 768 1498 825 lib.
1542 784 1592 824 vt
1639 768 1811 841 Origi-

204 877 337 918 num
363 876 417 917 c.
444 864 478 917 5
500 902 517 928 ,
548 860 691 932 apud
722 860 990 916 lsidorum
1012 900 1028 928 ,
1055 870 1111 916 et
1136 861 1189 916 in
1218 860 1590 931 manuscripto
1621 861 1811 917 codice

205 954 556 1010 bibliotheca:
597 952 974 1020 Colbertinae,
1020 953 1110 1024 qui
1157 953 1365 1024 glossas
1396 953 1708 1009 divinorum
1744 954 1809 1009 li-

204 1045 436 1099 brorum
467 1042 898 1115 compleatitur,
940 1043 1211 1115 habetque
1256 1054 1437 1100 notam
1478 1046 1808 1102 numericam

204 1136 376 1194 2852.
411 1136 552 1193 Nam
581 1138 728 1192 circa
758 1137 997 1193 medium
1026 1137 1153 1193 libri
1187 1139 1304 1193 luce
1330 1138 1520 1194 lsidori
1549 1139 1713 1195 verba
1745 1139 1813 1195 ab

205 1246 490 1303 anonymo
516 1232 723 1302 scripta
757 1230 1046 1301 leguntur:
1076 1231 1453 1288 Bibliothecam
1481 1234 1660 1288 veteris
1692 1232 1813 1289 Tes-

207 1328 425 1379 tamenti
455 1324 659 1380 Esdras
687 1325 860 1379 scriba
880 1335 993 1399 post
1013 1326 1271 1380 incensam
1295 1327 1459 1400 legem
1480 1344 1511 1380 a
1532 1327 1808 1397 Chaldaeis,

207 1418 332 1472 dum
351 1416 537 1471 Judtei
562 1418 783 1488 ingressi
812 1427 933 1471 sunt
962 1419 1236 1488 (Isidorus
1255 1461 1271 1488 ,
1304 1421 1525 1492 regressi
1561 1421 1813 1491 fuissent)

209 1511 261 1565 in
280 1507 603 1577 Jerusalem,
632 1510 807 1563 divino
826 1513 1037 1581 afﬂatus
1061 1511 1266 1580 Spiritu
1289 1516 1548 1584 reparavit
1571 1528 1588 1567 :
1611 1522 1818 1567 cuncta-

209 1624 308 1679 que
336 1606 493 1680 Legis
529 1625 593 1663 ac
629 1607 1015 1680 Prophetarum
1053 1610 1315 1664 volumina
1341 1652 1356 1677 ,
1395 1624 1509 1679 qua:
1548 1610 1755 1680 fuerant
1783 1627 1813 1663 α

211 1702 451 1774 gentibus
479 1713 745 1773 corrupta,
779 1706 1001 1759 correxit
1025 1720 1043 1759 :
1070 1714 1329 1775 totumque
1354 1713 1495 1759 vetus
1517 1704 1816 1759 Testamen-

1913 488 2071 545 Plura
2104 489 2172 544 de
2218 488 2527 560 bujnsmodi
2570 492 2983 549 nomenclatnra
3015 494 3254 565 adjicere
3293 506 3509 568 potera-

1911 597 2031 638 mus
2058 602 2069 637 :
2102 583 2207 638 nisi
2236 598 2375 639 unus
2404 584 2680 641 sufﬁceret
2707 585 2866 643 nobis
2893 587 3256 661 Hieronymus
3283 589 3350 646 ad
3381 606 3509 661 pro-

1912 675 2186 733 bationem
2221 677 2337 748 ejus
2365 678 2778 751 nominationis,
2806 697 2911 754 qua
2935 692 3252 756 cooptamus
3272 686 3507 757 primum

1913 770 2165 826 editionis
2197 778 2396 827 nostrae
2427 772 2702 829 volumen.

1985 861 2049 917 ll.
2095 861 2289 919 Studio
2317 878 2384 920 ac
2411 866 2665 935 exemplo
2689 865 2943 939 Origenis
2970 881 3294 941 provocatus
3325 872 3511 931 Hiero.

1916 971 2133 1028 nynms,
2169 956 2402 1025 primum
2435 959 2929 1019 emendatissimam
2962 963 3029 1019 ad
3059 965 3219 1023 fidem
3242 968 3513 1040 Hexaplo-

1916 1064 2032 1105 rum
2065 1049 2361 1108 editionem
2394 1053 2694 1125 Scriptum
2716 1071 2888 1114 sacra:
2905 1057 3112 1117 Latinis
3134 1065 3247 1118 suis
3272 1062 3512 1119 tribuere

1915 1143 2125 1198 curavit
2162 1162 2176 1199 :
2215 1146 2387 1215 magis
2433 1147 2568 1203 utile
2614 1148 2743 1219 quid
2781 1167 2848 1206 ex
2888 1151 2993 1207 hoc
3017 1195 3031 1219 ,
3079 1163 3137 1209 ut
3176 1165 3353 1221 vocat,
3400 1157 3512 1213 otio

1918 1236 2182 1293 Ecclesiis
2227 1238 2357 1294 boni
2388 1250 2676 1296 vcntnrunt
2719 1250 2873 1299 ratus
2901 1289 2915 1313 ,
2958 1260 3119 1315 quam
3168 1262 3233 1302 ex
3282 1249 3509 1304 aliorum
3606 1232 3613 1238 ’

1917 1333 2163 1402 negotio.
2196 1332 2514 1389 Andicndus
2560 1336 2679 1405 ipse
2720 1345 2805 1391 est
2840 1339 3157 1407 praefatione
3206 1341 3257 1394 in
3313 1340 3508 1396 librum

1916 1424 2019 1480 Job
2049 1440 2114 1480 ex
2145 1425 2337 1481 Graeco
2364 1426 2583 1496 eloquio
2612 1442 2937 1483 conversum
2973 1448 2986 1483 :
3017 1429 3079 1485 Si
3109 1441 3199 1485 aut
3225 1432 3510 1501 fiscellam,

1919 1517 2128 1588 inquit,
2159 1520 2315 1586 junco
2348 1527 2600 1586 tererem,
2641 1530 2728 1575 aut
2755 1521 3044 1591 palmarum
3072 1523 3199 1592 folia
3230 1526 3513 1595 complicao

1917 1628 2023 1666 rem
2052 1652 2065 1665 .
2093 1651 2108 1666 .
2136 1652 2149 1666 .
2181 1652 2194 1665 .
2230 1611 2406 1667 nullus
2432 1614 2706 1686 morderet,
2740 1631 2889 1668 nemo
2914 1614 3325 1684 reprehenderet.
3356 1604 3513 1671 Nunc

1920 1715 2088 1760 autem
2129 1706 2250 1772 quia
2282 1709 2445 1779 juxta
2484 1708 2787 1761 sententiant
2827 1707 3117 1765 Saluatoris
3150 1710 3265 1764 volo
3306 1711 3515 1779 operari

214 1802 320 1847 tum
356 1795 410 1849 in
445 1811 514 1851 xx
545 1796 677 1851 duos
706 1796 867 1852 libros
898 1797 1163 1853 constituit
1182 1840 1197 1864 ,
1230 1808 1288 1851 ut
1316 1806 1389 1851 tot
1419 1796 1537 1852 libri
1563 1806 1728 1852 essent
1764 1798 1817 1853 in
1846 1795 1897 1855 B
1923 1800 2089 1853 cibum
2111 1840 2126 1865 ,
2168 1801 2254 1870 qui
2287 1817 2390 1855 non
2420 1802 2582 1870 perit,
2612 1810 2657 1856 et
2690 1802 2958 1871 antiquam
2980 1805 3270 1859 divinorum
3297 1806 3517 1860 volumi-

213 1884 348 1958 Lege
372 1931 388 1955 ,
436 1898 561 1956 quot
604 1888 921 1944 habebantur
962 1899 1009 1945 et
1054 1889 1260 1946 littere.
1297 1888 1374 1946 lla
1416 1888 1491 1944 ibi
1529 1898 1685 1945 vetus
1725 1889 1815 1945 ille

213 1981 456 2050 scriptor
478 2025 495 2049 ,
527 1984 774 2053 quisquis
802 1983 983 2040 fuerit.
1013 1985 1214 2040 Eodem
1259 1999 1421 2041 sensu
1453 1985 1815 2057 Hieronymus

215 2074 447 2143 epistola
476 2075 545 2129 ad
574 2076 936 2147 Augustinum
965 2118 980 2144 ,
1019 2088 1173 2133 vetns
1210 2076 1633 2133 [instrumentum
1660 2117 1675 2142 ,
1717 2090 1816 2131 seu

216 2168 496 2224 volumina
534 2169 785 2240 ejusdem
817 2180 979 2227 vocat
1008 2172 1371 2227 Ecclesiarttm
1413 2171 1813 2227 Bibliothecas:

228 2259 318 2317 Vis
342 2304 357 2329 ,
388 2263 603 2332 inquit,
631 2276 843 2320 amator
866 2282 972 2321 esse
998 2282 1144 2320 verus
1175 2265 1517 2336 Septuaginta
1549 2262 1817 2335 Interpre-

220 2369 329 2411 tum
345 2357 371 2411 .’
392 2354 519 2411 Non
545 2356 687 2430 legas
712 2375 775 2413 ea
795 2375 911 2431 qua:
938 2359 1030 2414 sub
1059 2359 1319 2414 asteriscis
1346 2366 1486 2425 sunt,
1518 2358 1675 2411 immo
1694 2356 1822 2410 rade

222 2450 285 2503 de
317 2450 694 2518 voluminibus,
724 2460 781 2506 ut
805 2461 1027 2506 veterum
1059 2460 1108 2506 te
1130 2454 1388 2523 fautorem
1419 2448 1621 2520 probes.
1669 2446 1822 2513 Quod

224 2543 269 2596 si
296 2543 478 2613 feceris
504 2584 520 2608 ,
575 2559 750 2598 omnes
785 2541 1139 2599 Ecclesiarum
1182 2543 1530 2599 Bibliothecas
1572 2540 1823 2595 damnare

226 2635 566 2706 cogeriswia:
598 2637 734 2691 enim
769 2654 901 2692 unus
922 2679 937 2704 ,
974 2647 1063 2692 aut
1096 2637 1227 2692 alter
1250 2637 1508 2692 invenitur
1528 2634 1660 2690 liber
1684 2674 1700 2702 ,
1737 2634 1825 2705 qui

227 2729 327 2782 ista
366 2745 471 2783 non
509 2729 719 2785 habeat.
771 2731 1112 2802 Exemplaria
1138 2732 1303 2788 etiam
1334 2731 1457 2786 novi
1485 2729 1822 2786 Testamenti

228 2819 329 2876 hoc
367 2822 593 2879 nomine
623 2823 795 2880 fuisse
822 2833 1014 2881 vocata
1039 2868 1054 2892 ,
1103 2825 1257 2881 tcStis
1286 2834 1370 2882 est
1409 2823 1570 2895 epist.
1606 2823 1674 2878 5:).
1700 2865 1715 2889 ,
1757 2822 1825 2878 ad

230 2913 638 2973 Pammachium
667 2935 682 2983 ;
731 2918 825 2975 ubi
866 2918 926 2976 S.
958 2916 1196 2987 Doctor”,
1232 2933 1536 2990 provocans
1563 2918 1632 2974 ad
1675 2919 1826 2974 illam

230 3008 476 3075 Apostoli
529 3017 838 3086 περικοπήν,
871 3012 925 3067 in
969 3028 1074 3084 qua
1104 3011 1172 3067 de
1201 3012 1511 3083 virginitate
1543 3022 1596 3069 et
1626 3012 1828 3083 nuptiis

228 3098 474 3170 disputat
519 3101 695 3160 lCor.
746 3119 862 3172 vn,
911 3104 1338 3160 commentarios
1382 3103 1604 3159 Patrum
1651 3103 1829 3159 revol-

229 3196 439 3251 vendos
460 3207 663 3265 monet,
698 3207 746 3254 et
778 3198 1132 3253 Ecclesiarum
1148 3197 1483 3253 Bibliothecis
1514 3197 1823 3265 fruendum,
1854 3174 1902 3240 (ἶ

230 3297 296 3344 ιιι
332 3287 685 3345 consideratis
727 3289 1017 3362 diligenter
1062 3291 1245 3345 verbis
1284 3289 1532 3360 Apostoli
1559 3334 1574 3359 ,
1624 3289 1828 3360 liquido

230 3395 504 3456 appareat
554 3384 719 3456 ipsum
766 3393 991 3455 propter
1031 3382 1361 3439 calumniam
1409 3382 1783 3439 declinandam
1811 3424 1826 3449 ,

231 3478 408 3534 multo
434 3476 558 3549 plus
577 3519 591 3545 ,
624 3493 783 3547 quam
814 3476 1014 3531 Paulus
1042 3477 1295 3543 voluerit,
1331 3477 1384 3531 in
1412 3476 1637 3531 maritos
1665 3475 1831 3531 fuisse

234 3572 584 3627 clementem.
635 3570 842 3627 Dicitur
871 3571 1071 3642 igitur,
1126 3570 1347 3625 Revolve
1390 3575 1659 3636 omnium,
1703 3586 1829 3643 quos

236 3681 393 3735 supra
442 3666 762 3733 memoravi,
810 3665 1245 3732 commentarios;
1286 3676 1332 3720 et
1360 3663 1713 3720 Ecclesiarum
1742 3664 1833 3719 Bi-

239 3758 500 3813 bliothecis
547 3762 763 3829 fruere;
813 3766 860 3813 et
912 3758 1071 3831 magis
1115 3757 1318 3812 concito
1354 3758 1518 3829 gradu
1546 3757 1616 3811 ad
1658 3766 1833 3828 optata

239 3861 498 3920 captaque
530 3849 811 3919 pervenies.
842 3847 1084 3920 Denique
1112 3848 1397 3921 epistolam
1428 3849 1486 3906 S.
1518 3848 1833 3919 Hieronymi

239 3941 302 3995 ad
330 3942 623 3997 Paulinum
648 3982 666 4010 ,
708 3941 763 3996 in
808 3940 985 3997 fronte
1028 3955 1306 3997 sacrorum
1336 3939 1632 3997 Bibliorum
1663 3954 1832 4011 appo-

242 4034 393 4090 sitam
424 4079 441 4102 ,
486 4035 568 4089 sic
608 4034 914 4090 inscribunt
948 4035 1301 4105 manuscripti
1341 4033 1557 4091 codices
1586 4033 1833 4105 aliquot,

241 4129 327 4197 qui
362 4128 508 4199 apud
536 4128 867 4186 Coelestinos
904 4137 961 4186 et
1000 4129 1390 4186 Prmdicatores
1432 4128 1837 4185 Avenionenses

242 4231 635 4278 asservantur:
678 4221 871 4296 Incipit
902 4221 1161 4296 Prologus
1190 4222 1501 4295 Hieronymi
1549 4241 1708 4292 super
1747 4223 1839 4278 Bi-

243 4314 572 4371 bliotliecam.
598 4314 758 4371 Tota
789 4315 946 4371 nobis
974 4315 1253 4387 praemissa
1280 4325 1406 4370 sunt
1438 4315 1742 4372 testimonia
1771 4331 1837 4371 ex

243 4403 355 4474 ipso
386 4406 698 4475 praesertim
729 4404 1063 4477 Hieronymo
1105 4405 1427 4477 deprompta
1453 4448 1467 4476 ,
1503 4416 1561 4462 ut
1586 4405 1839 4461 omnibus

240 4498 465 4567 planum
492 4497 686 4565 fieret,
722 4500 929 4555 veteris
968 4514 1031 4554 ac
1055 4500 1178 4554 novi
1206 4498 1537 4555 TcStamenti
1566 4499 1837 4555 volumina

1919 1911 2045 1947 num
2067 1894 2199 1947 viam
2220 1895 2447 1948 sentibus
2471 1895 2808 1966 virgultisque
2827 1912 3052 1967 purgare
3073 1913 3094 1953 .°
3116 1896 3242 1951 mihi
3262 1899 3517 1970 genuinus

1917 1987 2176 2059 inﬁgitur,
2203 1998 2463 2043 corrector
2484 1989 2725 2043 vitiorum
2753 1990 3002 2061 falsarius
3026 2007 3209 2056 vocor,
3238 2003 3284 2047 et
3311 2008 3513 2048 errores

1920 2098 2023 2139 non
2048 2083 2278 2151 auferre,
2305 2083 2391 2138 sed
2421 2099 2606 2138 serere.
2635 2082 2807 2138 Tanta
2837 2093 2912 2139 est
2941 2086 3076 2141 enim
3104 2088 3366 2142 vetustatis
3396 2103 3519 2141 con-

1918 2175 2137 2230 suetudo
2164 2216 2179 2241 ,
2220 2184 2277 2229 ut
2319 2176 2470 2230 etiam
2513 2176 2749 2245 confessa
2777 2177 3033 2248 plerisque
3071 2178 3195 2233 vitia
3237 2180 3517 2248 placeant;
3582 2180 3587 2187 ’

1924 2269 2047 2319 dum
2070 2266 2231 2339 magis
2254 2266 2503 2338 pulchros
2526 2268 2713 2323 habere
2732 2267 2911 2323 volunt
2932 2270 3153 2339 codices,
3175 2288 3329 2342 quant
3351 2288 3516 2325 emen-

1923 2358 2092 2415 datos.
2128 2359 2426 2429 lntegritati
2465 2360 2629 2430 igitur
2663 2376 2725 2415 ac
2755 2360 3059 2418 sinceritati
3096 2378 3209 2417 sua":
3245 2363 3518 2419 volumina

1924 2466 2079 2507 sacra
2111 2454 2400 2507 restituere
2427 2452 2709 2524 satagebat
2737 2452 3133 2527 Hieronymus,
3167 2466 3221 2512 et
3251 2456 3354 2513 hoc
3382 2472 3520 2513 con-

1926 2544 2050 2598 silio
2081 2544 2278 2599 omissa
2303 2546 2444 2601 bene
2466 2546 2636 2600 multa
2657 2546 2947 2617 supplevit.
2977 2547 3221 2620 vitiaque
3245 2549 3521 2618 confessa,

1925 2637 2177 2707 quamvis
2206 2636 2479 2709 plerisque
2511 2640 2809 2709 placerent,
2841 2638 3059 2696 auferre
3084 2656 3193 2696 non
3220 2641 3519 2697 dubitabat.

1927 2729 2009 2784 Ad
2037 2728 2299 2800 originem
2341 2731 2487 2786 enim
2519 2730 2765 2788 Graecam
2794 2743 3102 2799 revertens,
3131 2749 3195 2789 ea
3226 2750 3349 2806 qua:
3377 2734 3463 2791 vel
3494 2750 3524 2790 a

1926 2822 2141 2878 vitiosis
2186 2824 2576 2894 interpretibus
2618 2826 2760 2880 male
2794 2824 3001 2881 reddita
3031 2842 3046 2892 ;
3094 2824 3237 2882 vela
3266 2842 3526 2898 praesum-

1930 2916 2178 2986 ptoribus
2210 2917 2477 2987 imperitis
2504 2918 2788 2973 emendata
2814 2917 3127 2988 perversius
3147 2962 3162 2989 ,
3199 2918 3285 2974 vel
3306 2933 3337 2974 a
3360 2918 3530 2974 libra-

1928 3007 2025 3062 riis
2054 3007 2478 3065 dormitantibus
2506 3018 2599 3064 aut
2630 3010 2813 3065 addita
2864 3010 3079 3065 fuerant
3101 3052 3117 3077 ,
3155 3021 3248 3065 aut
3286 3019 3489 3067 mutata
3511 3051 3527 3078 ,

1932 3098 2163 3171 impigre
2194 3102 2455 3157 correxit.
2502 3102 2615 3157 Hoc
2656 3102 2821 3158 modo
2851 3103 3185 3174 operabatur
3218 3102 3400 3159 cibum
3432 3102 3525 3172 qui

1935 3209 2041 3248 non
2070 3195 2241 3264 perit,
2272 3210 2335 3249 ac
2368 3210 2468 3264 pro
2501 3193 2733 3251 [labellis
2764 3205 2817 3251 et
2846 3196 3125 3267 sportellis
3153 3196 3381 3251 aliorum
3412 3211 3531 3252 mo-

1934 3284 2228 3341 nachornm
2260 3330 2273 3353 ,
2310 3286 2609 3355 Spiritualia
2642 3286 2760 3342 haec
2789 3296 2845 3343 et
2873 3302 3128 3343 mansura
3159 3288 3300 3343 dona
3339 3287 3529 3344 Eccle-

1934 3379 2029 3435 sia:
2057 3378 2151 3432 Dei
2184 3378 2476 3435 tribuebat.
2506 3379 2662 3436 Unde
2691 3392 2928 3437 mentem
2955 3396 3106 3437 suam
3127 3384 3379 3453 aperiens
3406 3397 3533 3439 san-

1936 3474 2038 3529 ctis
2068 3473 2411 3541 mulieribus,
2446 3474 2518 3529 ita
2549 3475 2738 3531 scribit
2769 3475 3090 3546 prazfatione
3117 3476 3171 3532 in
3208 3476 3486 3534 Danielcm
3514 3494 3527 3531 :

1941 3566 2166 3622 Obsecro
2197 3583 2307 3633 vos,
2339 3584 2368 3621 ο
2398 3565 2573 3622 Paula
2597 3577 2642 3622 et
2669 3566 3043 3638 Eustochium,
3069 3569 3308 3640 fundatis
3335 3585 3429 3638 pro
3454 3586 3534 3625 me

1936 3660 2005 3715 ad
2052 3658 2337 3715 Dominunt
2372 3676 2547 3730 preces
2589 3678 2608 3716 :
2636 3670 2691 3715 ut
2731 3660 2980 3732 quamdiu
3012 3662 3066 3716 in
3098 3662 3196 3717 hoc
3230 3661 3535 3734 corpusculo

1938 3771 2053 3809 sum
2082 3795 2097 3822 ,
2140 3754 2359 3809 scribant
2404 3755 2605 3827 aliquid
2632 3765 2839 3827 gratum
2862 3756 3007 3811 vobis
3032 3802 3046 3826 ,
3088 3757 3214 3812 utile
3253 3755 3535 3826 Ecclesiae,

1939 3848 2152 3919 dignum
2181 3848 2424 3919 posteris.
2468 3845 2817 3903 Prwsentium
2838 3848 3027 3920 quippe
3044 3849 3265 3921 jutliciis
3288 3865 3389 3904 non
3409 3849 3535 3904 satis

1941 3957 2144 3996 moveor
2186 3956 2205 3995 :
2247 3940 2336 4013 qui
2385 3941 2438 3994 in
2492 3949 2765 4011 utramque
2815 3950 3037 4012 partem,
3091 3950 3184 3994 aut
3231 3955 3403 3996 amore
3454 3942 3534 3996 la-

1941 4032 2132 4088 buntur
2158 4075 2173 4099 ,
2221 4042 2310 4087 aut
2339 4033 2477 4087 odio.
2511 4031 2651 4100 Quid
2681 4048 2811 4089 vero
2842 4032 3025 4088 utilius
3063 4031 3325 4090 Ecclesia:
3349 4074 3367 4101 ,
3408 4032 3536 4105 quid

1943 4126 2118 4196 magis
2141 4124 2359 4197 dignum
2386 4126 2622 4195 posteris
2642 4140 2803 4197 quam
2832 4124 3140 4181 divinorum
3187 4124 3534 4181 Voluminum

1943 4219 2031 4274 via
2060 4217 2306 4275 sentibus
2327 4218 2681 4289 virgultisque
2707 4232 2957 4273 errorum
2984 4218 3249 4288 purgata?
3276 4216 3413 4286 Quid
3445 4232 3535 4273 ac-

1943 4322 2157 4382 ceptum
2192 4309 2360 4380 magis
2389 4309 2598 4365 cunctis
2624 4307 2879 4365 fidelibus
2903 4310 2954 4364 in
2976 4308 3195 4365 Christo
3217 4324 3377 4381 quam
3401 4309 3538 4365 inte-

1942 4405 2022 4476 gri
2054 4419 2116 4460 ac
2152 4404 2476 4459 immaculati
2508 4402 2727 4460 codices
2756 4403 2952 4459 divinae
2985 4403 3314 4475 Scripturaz?
3347 4403 3539 4474 Itaque

1942 4497 2172 4569 publica:
2216 4496 2373 4567 lmjus
2404 4496 2653 4552 utilitatis
2686 4496 2882 4553 intuitu
2914 4512 3102 4552 curam
3128 4498 3181 4552 iu
3213 4511 3273 4552 se
3299 4495 3543 4567 suscepit

240 4590 303 4644 ab
324 4590 523 4645 eodem
547 4592 845 4662 interprete
868 4592 919 4647 in
937 4590 1188 4647 Latinum
1215 4606 1521 4648 sermonem
1548 4607 1832 4659 conversa,
1862 4576 1917 4638 Ῑ)
1948 4591 2315 4662 Hieronymus
2389 4588 2715 4645 emendandi
2782 4603 3138 4660 quaecumque
3195 4587 3539 4643 librariorum

238 4701 342 4740 non
391 4685 695 4757 incongrue
734 4686 917 4743 vocari
957 4687 1185 4741 divinam
1216 4684 1526 4759 Hieronymi
1553 4686 1840 4743 Bibliothe—

239 4795 370 4832 cam.
400 4776 560 4845 Quod
586 4778 797 4834 facilius
817 4778 974 4835 nobis
993 4778 1291 4835 concedent
1314 4779 1532 4835 litterati
1559 4780 1681 4848 viri,
1714 4796 1837 4836 cum

240 4870 497 4926 noverint
531 4868 869 4926 Bibliotheca:
908 4869 1218 4943 Hieronymi
1263 4887 1458 4928 nomen
1501 4872 1572 4929 ab
1607 4872 1841 4944 antiquis

239 4962 607 5033 scriptoribus
635 4974 956 5034 usurpatum
989 4963 1161 5020 fuisse
1190 4964 1256 5020 ad
1293 4965 1661 5037 designandas
1700 4966 1843 5035 ejus-

237 5057 360 5113 dem
392 5056 620 5113 Latinas
650 5072 927 5114 sacrorum
961 5057 1262 5114 Bibliorum
1296 5060 1701 5115 translationes.
1736 5058 1846 5114 Ex-

238 5161 344 5206 stat
378 5151 435 5204 in
471 5161 660 5206 nostra
689 5150 1022 5207 bibliotheca
1050 5151 1107 5208 S.
1137 5150 1446 5208 Germania
1468 5150 1648 5207 Pratis
1673 5151 1841 5207 codex

240 5245 571 5302 venerandae
602 5245 940 5317 antiquitatis
972 5261 1121 5302 num.
1164 5246 1265 5314 15,
1298 5247 1350 5301 in
1378 5262 1485 5318 quo
1511 5247 1748 5317 scriptor
1778 5245 1845 5302 ad

242 5338 405 5395 linem
436 5337 702 5410 Epistolas
731 5336 801 5394 ad
830 5336 1088 5395 Hebraeos
1114 5338 1232 5394 haec
1256 5337 1544 5410 apposuit:
1567 5337 1705 5410 Lege
1727 5353 1847 5392 cum

242 5448 367 5501 pace
418 5429 797 5486 Bibliothecam
856 5430 1167 5502 Hieronymi
1222 5430 1505 5503 presbyteri
1559 5429 1843 5505 Bethleem.

241 5523 414 5595 Hujus
440 5526 729 5596 scriptoris
756 5523 994 5582 studium
1029 5525 1263 5594 imitati,
1304 5526 1598 5597 verbisque
1638 5525 1699 5583 S.
1732 5525 1844 5581 Do-

243 5617 413 5673 ctoris
444 5632 671 5687 prorsus
691 5616 1069 5685 adhaerentes;
1101 5618 1353 5675 volumen
1382 5633 1625 5689 praesens
1642 5617 1847 5676 Divinis

245 5707 555 5783 Hieronymi
576 5709 916 5767 Bibliotheca:
944 5710 1103 5767 titulo
1131 5710 1452 5783 inscriptum
1480 5726 1604 5767 esse
1635 5712 1849 5768 curavi-

246 5818 365 5863 mus
399 5823 410 5861 :
435 5806 639 5881 quippe
662 5804 808 5880 quod
835 5805 1014 5865 omnia
1046 5804 1244 5863 veteris
1271 5819 1334 5863 ac
1366 5804 1492 5863 novi
1513 5803 1846 5865 Testamenti

1950 4685 2187 4751 incuria,
2224 4684 2306 4739 vel
2339 4683 2531 4754 injuria
2567 4693 2903 4754 temporum,
2945 4692 3035 4738 aut
3071 4683 3340 4753 imperitia
3370 4684 3542 4739 inter-

1953 4788 2162 4849 pretum
2219 4778 2358 4832 male
2410 4777 2743 4847 irrepserant
2784 4777 2837 4830 in
2877 4774 3211 4847 exemplaria
3259 4790 3542 4833 sacrorum

1952 4872 2253 4928 Bibliorum
2280 4871 2470 4926 Latina
2485 4887 2514 4927 e
2535 4871 2739 4926 Graecis
2761 4869 3103 4941 deprompta.
3136 4869 3267 4925 Post
3294 4879 3544 4925 navatam

1952 4974 2133 5021 autem
2200 4964 2459 5019 Ecclesia:
2509 4962 2711 5019 Christi
2777 4970 2981 5017 tantam
3037 4975 3260 5032 operam
3313 4978 3345 5017 e
3398 4959 3547 5017 LXX

1956 5056 2368 5113 Translatorum
2414 5056 2895 5131 interpretatione,
2942 5054 3007 5110 ad
3055 5054 3377 5126 perfectiora
3424 5071 3549 5113 sese

1954 5157 2290 5206 convertens
2318 5163 2514 5203 novam
2554 5163 2618 5203 ex
2654 5146 2884 5203 Hebrmo
2911 5146 3316 5217 Scripturarum
3355 5146 3549 5203 editio-

1955 5259 2078 5300 nem
2120 5258 2406 5316 aggrcssns
2431 5251 2532 5309 est,
2564 5252 2621 5295 ut
2651 5241 2910 5312 deinceps
2939 5238 3169 5307 Latinis,
3202 5256 3310 5294 non
3342 5239 3548 5297 rivulos

1938 5337 2288 5402 consectari,
2328 5335 2422 5391 sed
2453 5349 2634 5391 rerum
2667 5335 2843 5389 fontes
2881 5333 3097 5397 videre,
3131 5331 3546 5405 cornicumque,

1955 5430 2008 5486 id
2034 5438 2118 5486 est
2141 5469 2159 5497 ,
2189 5428 2500 5483 Judaeornm
2543 5427 2730 5483 oculos
2762 5442 2831 5483 ex
2864 5426 2986 5498 ipsa
3027 5425 3259 5482 veritate
3284 5426 3548 5483 chraica

1955 5520 2227 5593 contigere
2257 5519 2545 5593 liceretﬁ‘ld
2573 5521 2741 5575 animi
2766 5519 3023 5575 habuisse
3051 5535 3111 5577 se
3140 5520 3195 5600 in
3225 5521 3550 5578 vertendise

1956 5615 2104 5672 fonte
2131 5614 2361 5672 Hebraeo
2398 5615 2568 5671 sacris
2608 5614 2972 5671 voluminibus
2999 5623 3230 5673 testatur
3254 5617 3312 5673 S.
3347 5617 3546 5673 Doctor

1956 5706 2203 5781 pluribus
2241 5706 2379 5762 locis
2399 5707 2760 5778 scriptionum
2784 5722 3033 5762 suarum.
3064 5707 3436 5765 Memorabilis
3465 5717 3552 5766 est

1955 5798 2229 5877 praecipue
2252 5800 2521 5859 sententia
2563 5799 2751 5859 iSthtcc
2783 5799 2880 5859 lib.
2907 5816 2966 5859 HI
2988 5801 3265 5877 Apologiae
3287 5799 3551 5861 adversus
