4040 6360
490 308 562 370 35
1060 307 1194 371 'an
1234 307 1275 370 s
1334 299 1719 366 HIERONYMI
1758 284 2041 360 DlVlNAM
2080 280 2589 360 stemmatum
2630 280 3172 361 mutationem.
3722 286 3803 366 δέ

494 432 747 488 Rullnum
779 449 794 488 :
837 430 916 488 Tu
943 431 1165 490 Latinas
1204 431 1544 501 Scripturas,
1571 428 1778 501 inquit,
1810 425 1874 482 de
1901 424 2082 482 (ἕνα)εο
2108 423 2165 488 Α
2186 422 2549 496 Augustinum
2576 468 2589 491 ,
2623 423 2711 483 cui
2754 439 2912 483 suum
2958 423 3197 481 studium
3240 422 3661 481 commendabat
3708 425 3799 483 his

489 525 817 593 emendabis,
850 535 898 581 et
933 527 1083 582 aliud
1112 525 1360 582 Ecclesiis
1391 524 1565 579 trades
1594 519 1898 593 legendum,
1927 533 2087 591 quam

487 617 630 692 quod
656 619 816 675 semel
840 620 903 674 ab
927 615 1180 690 apostolis
1208 625 1551 691 susceperunt
1583 631 1603 671 :
1633 613 1760 669 mihi
1784 629 1887 670 non
1917 611 2087 668 licebit

492 721 609 782 post
631 710 977 788 Septuaginta
995 712 1298 779 editionem,
1322 727 1481 783 quam
1499 696 1895 781 diligentissime
1915 722 2089 762 emen-

488 809 665 863 datam
706 819 832 864 ante
873 824 1039 864 annos
1083 808 1336 881 plurimos
1378 820 1508 861 mete
1553 803 1745 877 lingua:
1795 802 2088 871 hominibus

487 899 644 969 dedi,
681 902 752 956 ad
783 901 1133 975 confutandos
1166 896 1383 955 Judazos
1423 897 1579 952 etiam
1612 898 1728 970 ipsa
1767 893 2089 967 exemplaria

490 1002 707 1060 vertere,
754 1009 874 1065 qua:
908 993 1013 1064 ipsi
1040 992 1309 1048 verissima
1335 988 1672 1059 confitentur,
1704 994 1761 1043 ut
1796 986 1842 1041 si
1874 975 2087 1059 quando

489 1080 762 1140 adversum
813 1102 902 1140 eos
947 1082 1261 1140 Christianis
1290 1080 1575 1152 disputatio
1602 1088 1709 1146 est,
1731 1079 1836 1134 non
1865 1075 2089 1132 habeant

489 1177 897 1250 subterfugiendi
923 1173 1254 1241 diverticula,
1284 1175 1377 1230 sed
1399 1182 1596 1228 suomet
1621 1170 1951 1242 potissimum
1972 1184 2089 1222 tnu-

491 1288 649 1327 crone
673 1274 955 1344 feriantur.
990 1268 1296 1326 "ludebant
1314 1266 1486 1325 διιόωί
1513 1266 1875 1331 Christianos,
1898 1271 1954 1319 et
1984 1262 2089 1318 Ec—
2124 1267 2133 1276 '

489 1365 673 1422 clesiis
720 1364 817 1422 Dei
875 1364 1204 1421 insultabant
1268 1366 1336 1420 de
1393 1362 1628 1419 falsitate
1680 1359 2086 1430 Scripturarum

489 1468 713 1531 propter
750 1457 1102 1532 Septuaginta
1138 1458 1485 1529 lnterpretes,
1527 1469 1666 1528 quos
1695 1456 1750 1510 in
1779 1451 1963 1509 multis
1999 1466 2090 1508 er-

2193 517 2372 573 vcrbis
2398 536 2411 572 :
2445 515 2560 591 Ego
2579 518 2719 574 enim
2743 536 2851 573 non
2869 527 2975 573 tam
2996 528 3169 573 vetera
3184 515 3391 573 abolere
3406 525 3626 572 conatus
3650 533 3788 589 sum,

2188 626 2303 682 quae
2331 609 2526 686 linguae
2549 626 2676 666 mete
2705 611 2960 666 ominibus
2988 611 3258 665 emendata
3296 610 3359 666 de
3389 609 3572 666 Graeco
3604 611 3659 666 in
3683 610 3791 667 La-

2190 706 2355 759 tinum
2407 704 2690 774 transtuli,
2719 719 2873 776 quam
2902 719 2963 759 ea
2998 704 3329 767 testimonia,
3377 718 3493 775 qua:
3533 720 3565 759 a
3589 701 3803 762 Iudicis

2189 798 2538 871 praetermissa
2574 803 2718 863 sunt,
2752 795 2828 850 vel
2858 806 3126 867 corrupta,
3159 780 3394 868 proferre
3422 794 3477 848 in
3507 795 3735 850 medium
3770 808 3795 851 :

2188 898 2248 944 ut
2285 888 2477 944 scirent
2503 886 2690 943 Nostri
2725 887 2853 959 quid
2894 883 3151 942 Hebraica
3179 885 3367 941 veritas
3388 885 3694 942 contineret.
3723 884 3797 943 Si

2190 983 2275 1038 cui
2304 982 2474 1056 legere
2512 998 2615 1036 non
2650 981 2852 1055 placet,
2879 996 3028 1036 nemo
3056 979 3322 1053 compellit
3347 980 3586 1035 invitum.
3634 976 3789 1037 Bibat

2187 1075 2366 1130 vinum
2388 1081 2529 1130 vetus
2553 1090 2670 1129 cum
2697 1074 2974 1144 suavitate,
2996 1081 3046 1129 et
3068 1081 3249 1128 nostra
3272 1082 3440 1128 musta
3465 1082 3784 1145 contemnat,

2188 1186 2305 1243 qut:
2328 1171 2385 1225 in
2427 1170 2842 1242 explanatione»:
2870 1169 3107 1243 priorum
3149 1169 3288 1225 edita
3312 1178 3432 1224 sunt
3462 1184 3483 1224 :
3530 1178 3590 1224 ut
3620 1168 3789 1224 sicubi

2189 1264 2285 1320 illa
2323 1280 2425 1319 non
2470 1262 2855 1338 intelliguntur,
2901 1280 2967 1319 ea:
3008 1263 3200 1319 nostris
3228 1262 3591 1335 manifestiora
3635 1263 3786 1334 ﬁant.

2189 1358 2488 1431 Rescripsit
2530 1357 2588 1416 S.
2621 1358 2954 1430 Augustinus
2996 1357 3065 1415 ad
3092 1357 3481 1431 Hieronymum
3504 1356 3789 1429 {prorsus

2190 1453 2263 1510 ita
2292 1468 2414 1509 esse
2445 1467 2780 1523 persuasus:
2823 1450 2901 1508 De
2935 1452 3360 1522 interpretatione
3405 1459 3525 1518 tua,
3570 1448 3785 1522 inquit,

489 1567 640 1608 rasse
665 1551 1089 1609 contendebant.
1121 1550 1205 1608 Ad
1235 1549 1630 1607 retundendam
1660 1548 1822 1620 igitur
1846 1546 2085 1603 hostium
2178 1548 2297 1621 jam
2325 1546 2456 1601 mitti
2483 1546 2822 1619 persuasisti,
2854 1563 2958 1619 qua
2984 1546 3206 1602 utilitate
3234 1544 3537 1618 Scripturas
3565 1545 3787 1601 volueris

489 1645 815 1701 calumniam
885 1643 1169 1716 profitetur
1227 1643 1587 1714 Hieronymus
1648 1640 1966 1713 pra-latione
2030 1640 2086 1697 in

489 1736 707 1805 Isaiam,
739 1752 800 1793 se
825 1736 878 1793 in
912 1736 1215 1808 peregrinae
1244 1736 1443 1806 lingua:
1472 1732 1786 1790 eruditione
1824 1731 2049 1788 sudasse
2069 1772 2085 1798 ,

2190 1644 2476 1713 transferre
2514 1640 2579 1696 de
2616 1639 2877 1708 Hebraeo,
2917 1651 2974 1697 ut
3001 1640 3194 1696 scilicet
3243 1657 3337 1704 ea,
3376 1654 3494 1711 quae
3526 1655 3560 1694 a
3584 1635 3790 1696 Iudaeis

2191 1734 2535 1805 prietermissa
2560 1733 2638 1790 vel
2664 1742 2907 1804 corrupta
2946 1742 3071 1790 sunt
3092 1777 3107 1803 ,
3139 1734 3395 1805 proferres
3436 1734 3492 1788 in
3533 1733 3786 1790 medium.

490 1846 553 1885 ne
602 1829 817 1886 scilicet
853 1827 1032 1884 .Iudcei
1060 1828 1125 1885 de
1144 1824 1379 1900 falsitate
1402 1827 1794 1900 Scripturarum
1833 1822 2081 1879 Ecclesiis
2111 1816 2159 1880 Β
2186 1827 2396 1883 (la-tera
2433 1828 2554 1883 vide
2592 1830 2753 1899 epist.
2793 1828 2860 1883 97
2905 1826 3051 1885 inter
3093 1826 3565 1900 Hieronymianas.
3599 1826 3790 1885 Restat

492 1921 591 1977 Dei
612 1922 809 1977 diutius
828 1922 1155 1977 insultarent.
1188 1922 1251 1976 Et
1272 1920 1337 1975 ad
1369 1918 1739 1975 Chromatium
1766 1917 2083 1989 praefatione

488 2014 543 2070 in
574 2015 983 2087 Paralipomena
1014 2030 1030 2071 :
1057 2015 1240 2070 Nostri
1268 2014 1474 2070 arbitrii
1494 2021 1670 2086 putas,
1703 2011 1895 2084 inquit,
1924 2020 2015 2066 aut
2056 2026 2086 2067 e

487 2106 727 2177 pluribus
745 2106 993 2182 judicare
1020 2108 1150 2179 quid
1175 2122 1351 2161 verum
1380 2108 1481 2172 sit,
1512 2114 1603 2159 aut
1632 2120 1821 2160 novum
1860 2120 1991 2176 opus
2024 2103 2082 2158 in

489 2200 645 2255 veteri
662 2216 814 2273 opere
838 2201 1051 2268 cudere,
1075 2198 1522 2271 illudentibusque
1533 2196 1765 2269 Iudaeis,
1787 2199 2085 2267 cornicum,

485 2300 543 2348 ut
570 2294 786 2359 dicitur,
820 2296 1003 2350 oculos
1026 2296 1303 2366 conﬁgere.
1335 2294 1508 2351 Nemo
1529 2304 1613 2353 est
1640 2294 1729 2365 qui
1753 2295 1962 2351 nesciat
1984 2294 2086 2351 Su-

488 2386 777 2457 plironium
801 2386 1096 2458 aliquando
1121 2401 1151 2442 a
1175 2387 1377 2443 Iudaeis
1400 2388 1617 2444 illusum
1642 2387 1697 2442 in
1716 2387 2041 2458 disputando
2066 2403 2081 2441 :

487 2479 593 2536 huc
620 2496 853 2551 natnque
894 2481 1081 2537 docuit
1107 2479 1471 2554 Hieronymus
1503 2479 1830 2552 praefatione.
1854 2481 1904 2537 in
1931 2480 2087 2537 Psal-

489 2576 681 2630 terium
722 2590 878 2630 suum
918 2589 985 2630 ex
1035 2573 1266 2631 Hebraeo
1293 2574 1482 2631 Latine
1503 2589 1830 2629 conversum
1854 2616 1868 2640 ,
1914 2574 1984 2628 ita
2014 2572 2083 2630 ad

484 2665 660 2738 ipsunt
699 2664 1072 2738 Supltronium
1103 2665 1351 2721 scribens
1377 2682 1391 2720 :
1426 2664 1565 2731 Quia
1592 2664 1752 2735 igitur
1772 2679 1937 2735 nuper
1962 2679 2082 2719 cum

485 2757 709 2815 Hebraeo
732 2757 1033 2831 disputans,
1065 2755 1306 2831 qutedam
1330 2771 1428 2828 pro
1464 2747 1692 2812 Dbmino
1738 2755 1803 2811 de
1848 2754 2084 2812 Psalmis

484 2852 780 2907 testimonia
813 2851 1114 2922 protulisti,
1166 2851 1447 2922 volensque
1492 2849 1583 2905 ille
1609 2860 1656 2904 te
1702 2848 1962 2918 illudere,
1992 2864 2084 2922 per

482 2960 744 2999 sermones
789 2960 919 3016 pene
954 2941 1193 3016 singulos
1216 2983 1233 3010 ,
1262 2941 1521 2998 asserebat
1565 2957 1669 2997 non
1703 2941 1775 2995 ita
1805 2941 1984 2997 haberi
2028 2942 2082 2997 in

484 3037 728 3102 Hebrteo,
753 3047 810 3092 ut
832 3046 885 3092 tu
902 3036 967 3092 de
987 3034 1338 3110 Septuaginta
1358 3034 1737 3108 Interpretib'us
1753 3035 2043 3109 opponebas
2057 3051 2079 3089 :

482 3131 853 3186 studiosissime
881 3129 1182 3204 postulasti,
1215 3138 1269 3184 ut
1296 3140 1413 3203 post
1442 3129 1719 3203 Aquilam,
1750 3140 1798 3184 et
1826 3130 2073 3202 Symma-

482 3336 634 3377 mone
676 3325 1030 3392 transferrem.
1076 3318 1270 3375 Ex‘ltis
1295 3319 1648 3376 manifestum
1687 3319 1841 3376 nobis
1871 3327 1956 3376 est
1990 3322 2075 3376 in-

482 3424 664 3487 gratos
720 3428 946 3486 prorsus
994 3428 1059 3470 ac
1112 3413 1326 3485 iniquos
1376 3410 1550 3468 fuisse
1599 3410 1931 3484 Hieronymo
1982 3427 2079 3469 eos

483 3525 707 3575 ornnes,
747 3510 837 3580 qui
886 3507 1221 3579 objicicbant
1266 3515 1515 3564 sanctum
1542 3507 1718 3564 virum
1753 3507 1810 3563 in
1850 3507 2080 3580 Septua-

482 3604 628 3675 ginta
658 3601 1174 3658 condemnationem
1204 3599 1514 3672 Scripturas
1549 3609 1765 3656 sanctas
1803 3600 2078 3672 interpre-

485 3706 653 3755 tatum
689 3714 701 3752 :
735 3711 910 3769 neque
937 3711 1069 3753 vero
1105 3696 1158 3751 in
1201 3694 1415 3767 culpam
1447 3695 1627 3751 vocari
1658 3694 1893 3763 meruit,
1934 3694 2079 3766 quod

483 3806 632 3849 arma
662 3791 927 3847 adversus
964 3789 1149 3846 boues
1196 3788 1320 3854 ﬁdei
1351 3788 1679 3845 Christianae
1703 3802 1801 3846 sua
1830 3791 2080 3845 versione

483 3888 924 3946 subministraret
954 3887 1237 3944 Ecclesiis.
1269 3888 1425 3944 Iuste
1451 3901 1583 3959 ergo
1603 3886 1708 3944 hoc
1735 3888 1983 3960 queritur
2011 3886 2079 3943 ad

483 3985 648 4038 tinent
672 3979 895 4038 secundi
920 3981 1043 4036 libri
1066 3980 1343 4053 Apologia:
1366 3996 1480 4038 sute
1498 3981 1759 4039 adversus
1781 3982 2034 4037 Rutimnn
2063 3999 2078 4039 :

490 4073 643 4132 Unde
688 4092 766 4129 me
810 4074 1050 4148 putabam
1098 4073 1223 4129 bene
1265 4075 1450 4130 mereri
1495 4075 1560 4130 de
1589 4073 1792 4131 Latinis
1819 4077 1946 4131 meis
1971 4117 1987 4144 ,
2030 4084 2083 4131 et

484 4180 782 4225 nostrorum
805 4171 873 4223 ad
900 4167 1203 4224 discendum
1230 4170 1433 4225 animos
1454 4171 1714 4225 concitare
1745 4170 1909 4243 (quod
1927 4171 2079 4226 etiam

486 4260 658 4318 Crteci
689 4276 889 4320 versum
933 4263 996 4318 de
1037 4261 1226 4317 Latino
1265 4272 1379 4337 post
1409 4271 1579 4319 tantos
1616 4263 1937 4337 lnterpretes
1976 4283 2079 4320 non

483 4352 787 4428 fastidiunt)
814 4353 935 4408 inde
964 4353 1018 4408 in
1065 4354 1275 4426 culpam
1312 4371 1486 4426 vocor,
1509 4365 1557 4409 et
1588 4355 1858 4411 nauseanti
1887 4367 2080 4412 stoma-

481 4445 578 4500 cho
605 4448 744 4500 cibos
769 4445 972 4519 iugero.
1006 4443 1207 4515 Ecquid
1230 4447 1282 4499 in
1310 4446 1516 4501 homine
1548 4455 1715 4501 tutum
1742 4448 1828 4510 sit,
1857 4448 1901 4501 si
1928 4448 2080 4502 inno-

482 4540 649 4593 centia
694 4538 973 4591 criminosa
1029 4537 1156 4591 est?
1206 4536 1451 4607 Denique
1478 4537 1715 4593 studium
1771 4552 1925 4594 Suum
1976 4538 2080 4595 hoc

2160 1919 2349 1991 ~igitur
2370 1936 2401 1977 e
2429 1935 2587 1991 supra
2603 1920 2714 1992 jam
2743 1920 2940 1985 allatis,
2957 1920 3348 1994 Hieronymum
3370 1936 3479 1977 non
3511 1921 3564 1976 in
3586 1921 3789 1993 suggil-

2187 2012 2444 2070 lationem
2489 2013 2841 2085 Septuaginta
2889 2013 3283 2086 Interpretum;
3332 2013 3431 2070 sed
3480 2015 3547 2069 ad
3593 2028 3788 2070 omnes

2186 2108 2451 2165 Ecclesia:
2479 2107 2743 2166 utilitates
2781 2124 2977 2165 novant
3006 2124 3071 2166 es
3100 2108 3330 2166 Hebraeo
3370 2108 3519 2166 fonto
3549 2106 3788 2167 edidisse

2185 2204 2517 2261 versionem.

2257 2294 2346 2352 ill.
2381 2295 2514 2352 Cum
2555 2304 2737 2353 autem
2783 2296 2951 2353 sciret
2976 2294 3340 2369 Hieronymus
3371 2309 3431 2352 se
3469 2311 3579 2352 non
3624 2308 3788 2367 posse

2184 2390 2570 2461 interpretari,
2604 2388 2709 2445 nisi
2737 2390 2881 2460 quod
2910 2400 3068 2446 antea
3110 2389 3486 2454 intellexerat,
3531 2389 3787 2445 omnibus

2185 2479 2499 2539 Graecorum
2545 2496 2608 2536 ac
2638 2481 2950 2538 Latinorum
2985 2482 3231 2539 excultus
3275 2481 3574 2555 disciplinis
3599 2522 3616 2551 ,
3661 2481 3787 2538 lla:-

2182 2577 2454 2634 brazorum
2488 2575 2866 2649 magistrorum
2899 2577 3085 2633 limina
3116 2569 3333 2647 terere,
3372 2591 3668 2649 eorumque
3694 2577 3786 2632 lit-

2183 2678 2329 2728 teras
2355 2670 2577 2727 studore
2601 2670 2784 2742 coepit.
2818 2669 2874 2726 Id
2908 2670 3122 2727 abunde
3160 2679 3386 2727 testatus
3422 2679 3508 2727 est
3537 2671 3701 2742 epist.
3745 2670 3783 2726 4

2181 2762 2249 2820 ad
2300 2761 2585 2820 Rusticum
2647 2766 2972 2819 nionacbum
2998 2802 3015 2830 ,
3061 2765 3264 2820 docens
3292 2777 3479 2821 amore
3519 2765 3783 2823 virtutum

2184 2856 2313 2913 vitia
2342 2853 2648 2929 superanda
2681 2873 2696 2912 :
2731 2855 2869 2912 Dum
2897 2873 3055 2911 essem
3074 2857 3312 2930 juvenis,
3340 2855 3532 2930 inquit,
3580 2867 3628 2914 et
3654 2859 3783 2913 soli-

2182 2950 2380 3006 tudinis
2406 2967 2485 3006 me
2521 2950 2729 3006 deserta
2753 2950 3007 3006 vallarent
3022 2992 3037 3017 ,
3069 2952 3330 3006 incentiva
3355 2952 3597 3006 vitiorum
3622 2952 3783 3006 ardo-

2180 3062 2390 3117 remque
2420 3054 2624 3101 naturce
2649 3044 2783 3117 ferre
2814 3060 2917 3100 non
2951 3052 3205 3117 poteram.
3240 3044 3411 3113 Quam
3446 3062 3563 3101 cum
3586 3046 3781 3102 crebris

2190 3140 2396 3195 ieiuniis
2432 3142 2749 3195 franaerem.
2779 3152 2924 3193 mens
2965 3147 3133 3192 tamen
3160 3138 3560 3195 coaitationibus
3586 3145 3783 3194 a’stua-

482 3142 853 3186 studiosissime
881 3142 1182 3204 postulasti,
1215 3142 1269 3184 ut
1296 3142 1413 3203 post
1442 3142 1719 3203 Aquitani,
1750 3142 1798 3184 et
1826 3142 2073 3202 Symma-
2173 3142 2396 3213 jejuniis
2430 3142 2749 3211 frangerem,
2779 3152 2924 3193 men;
2965 3147 3133 3192 tamen
3160 3148 3255 3210 cog

481 3222 736 3295 chum,’et
763 3224 1171 3281 Theozlotionem
1195 3267 1209 3291 ,
1236 3238 1419 3279 novam
1447 3225 1727 3280 editionem
1748 3224 1942 3281 Latino
1968 3241 2075 3281 ser-
2099 3204 2149 3269 ο
2185 3235 2269 3289 bat
2315 3249 2334 3288 :
2378 3230 2452 3286 ad
2501 3249 2657 3295 quam
2702 3230 3048 3288 edomandam
3073 3273 3089 3295 ,
3134 3231 3255 3286 cuid

2315 3249 2334 3288 :
2378 3230 2452 3286 ad
2501 3249 2657 3305 quam
2702 3230 3048 3288 edomandam
3073 3273 3089 3300 ,
3134 3231 3343 3286 cuidam
3370 3231 3567 3303 fratri,
3600 3229 3693 3303 qui
3717 3245 3782 3289 ea:

2182 3322 2424 3381 Hebraeis
2457 3323 2769 3391 crediderat,
2817 3341 2898 3379 me
2939 3324 2994 3379 in
3031 3323 3362 3396 disciplinam
3391 3323 3538 3390 dedi,
3584 3330 3641 3378 ut
3668 3330 3782 3394 post

2186 3416 2500 3485 Quintiliani
2525 3417 2803 3483 acumina,
2845 3413 3109 3471 Ciceronis
3133 3416 3349 3487 ﬂuvios,
3381 3416 3785 3487 gravitatemque

2183 3509 2468 3567 Frontonis
2488 3552 2502 3578 ,
2553 3521 2599 3565 et
2627 3511 2893 3564 lenitatem
2923 3506 3108 3570 Plinii,
3140 3506 3476 3579 alphabetum
3505 3506 3780 3576 discerem,

2182 3613 2230 3661 et
2273 3605 2548 3662 stridentia
2573 3603 2978 3673 anhelantiaque
3005 3600 3159 3658 verba
3188 3602 3482 3657 meditarer.
3528 3599 3671 3668 Quid
3708 3601 3786 3657 ibi

2183 3696 2378 3753 laboris
2391 3697 2773 3770 insumpserim,
2787 3695 2914 3767 quid
2934 3694 3272 3750 sustinuerim
3293 3692 3629 3765 diﬂicultatis,
3650 3710 3784 3766 quo-
3864 3730 3867 3731 ν

2184 3790 2276 3845 ties
2298 3789 2695 3863 desperaverim,
2725 3788 3023 3860 quotiesque
3044 3787 3364 3854 cessaverim,
3390 3795 3441 3841 et
3456 3785 3781 3842 contentione

2183 3883 2414 3939 discendi
2450 3899 2632 3939 rursus
2679 3883 3003 3956 inceperim,
3045 3882 3187 3936 testis
3214 3889 3291 3936 est
3330 3880 3645 3937 conscientia
3673 3891 3780 3937 tant

2181 3992 2320 4046 mea,
2343 3975 2435 4048 qui
2449 3991 2632 4048 passus
2654 3990 2791 4042 sum,
2814 3989 2971 4046 quam
2991 3988 3167 4029 eorum
3190 3972 3283 4044 qui
3303 3988 3499 4029 mecum
3519 3957 3781 4028 duaerunt

2182 4070 2360 4124 vitam.
2397 4066 2468 4122 Et
2489 4067 2684 4141 gratias
2712 4083 2811 4140 ago
2843 4062 3094 4134 Domino,
3117 4068 3254 4138 quod
3283 4066 3347 4122 de
3375 4062 3555 4121 amaro
3583 4067 3781 4122 semine

2183 4162 2475 4218 litterarum
2527 4160 2708 4216 dulces
2753 4164 2952 4232 fructus
3003 4176 3181 4229 carpo.
3232 4158 3383 4216 Hanc
3414 4158 3466 4214 in
3515 4158 3777 4214 discendo

2184 4258 2398 4313 litteras
2421 4255 2716 4311 Hebraicas
2735 4254 3113 4311 difficultatem
3139 4255 3421 4325 pistrinum
3448 4264 3625 4320 vocat,
3650 4254 3778 4309 dum

2183 4351 2265 4407 sic
2295 4351 2347 4406 in
2384 4349 2659 4406 Danielem
2694 4348 2978 4420 puniatur:
3006 4347 3240 4420 Denique
3270 4358 3319 4404 et
3347 4364 3444 4421 ego
3473 4346 3779 4403 adolescen-

2183 4443 2321 4500 tulus
2363 4452 2475 4517 post
2525 4440 2839 4511 Quintiliani
2878 4452 2925 4496 et
2965 4439 3126 4496 Tullii
3167 4441 3466 4507 lectionem,
3511 4458 3574 4496 ac
3621 4443 3780 4512 flores

2184 4537 2488 4603 rhetoricos,
2516 4552 2668 4606 quem
2698 4552 2777 4590 me
2806 4536 2859 4591 in
2886 4535 3079 4606 linguce
3106 4532 3269 4609 hujus
3300 4535 3581 4605 pistrinum
3600 4536 3779 4589 reclu-

483 4640 802 4703 argumento
831 4630 1080 4701 malignis
1108 4630 1269 4685 etiam
1303 4604 1595 4687 lectoribus
1623 4647 1939 4701 persuasum
1978 4648 2075 4689 vo-
2103 4604 2159 4667 Β
2185 4632 2384 4697 sissent,
2407 4639 2454 4684 et
2474 4604 2636 4684 multo
2649 4629 2858 4696 sudore,
2884 4604 3145 4698 multoque
3166 4604 3393 4700 tempore
3412 4627 3497 4682 vix
3515 4627 3779 4698 catpt'ssem

482 4724 582 4781 luit
611 4744 622 4779 ε
657 4722 811 4793 Quod
838 4725 885 4778 si
912 4721 1054 4794 apud
1083 4720 1322 4790 Grcecos,
1354 4733 1471 4795 post
1515 4721 1854 4796 Septuaginta
1894 4725 2079 4781 editio-

484 4833 622 4882 nem,
635 4820 752 4892 jam
773 4814 966 4871 Christi
988 4814 1264 4886 Evangelia
1285 4824 1603 4885 coruscante,
1627 4815 1845 4871 Judteus
1863 4817 2076 4889 Aquila,

484 4920 532 4967 et
565 4907 931 4981 Symmachus,
954 4923 1014 4961 ac
1037 4904 1321 4961 Theodotio
1346 4906 1685 4981 judaizantes
1715 4907 1941 4964 haeretici
1959 4918 2078 4965 sunt

480 5004 708 5073 recepti,
737 5001 826 5074 qui
863 4998 1029 5054 multa
1055 4999 1303 5071 mysteria
1328 4997 1620 5056 Saluatoris
1654 5000 1875 5056 subdola
1918 5002 2080 5057 inter-

481 5095 770 5171 pretatione
809 5094 1077 5150 celarunt:
1122 5103 1170 5148 et
1213 5104 1385 5150 tamen
1428 5097 1481 5149 in
1518 5095 1780 5161 Ἑξαπλοῖς
1824 5096 2081 5153 habentur

481 5194 623 5258 apud
648 5186 936 5253 Ecclesias,
965 5195 1016 5242 et
1046 5185 1396 5259 explanantur
1417 5190 1482 5242 ab
1508 5184 1887 5246 Ecclesiasticis
1913 5192 2036 5248 viris
2059 5209 2078 5249 :

482 5291 677 5355 quanto
699 5282 863 5352 magis
887 5296 979 5353 ego
1008 5278 1365 5348 Christianus,
1395 5290 1442 5334 et
1480 5279 1545 5337 de
1571 5282 1870 5354 parentibus
1895 5282 2077 5341 Chris-

483 5373 636 5428 tianis
660 5381 810 5428 natus
834 5417 849 5442 ,
874 5380 922 5426 et
946 5368 1194 5451 vexillum
1224 5371 1388 5425 crucis
1414 5371 1467 5425 in
1497 5388 1610 5428 mea
1641 5374 1811 5446 fronte
1840 5387 2074 5448 portans,

483 5469 634 5537 cujus
647 5465 877 5520 studium
900 5464 998 5536 fuit
1021 5463 1212 5518 omissa
1232 5472 1484 5534 repetere,
1500 5465 1781 5536 depravata
1798 5469 2071 5543 corrigere,

482 5569 530 5615 et
557 5566 884 5615 sacramenta
911 5553 1161 5611 Ecclesia:
1182 5573 1312 5626 puro
1340 5567 1384 5611 et
1410 5557 1555 5628 ﬁdeli
1589 5561 1790 5631 aperire
1825 5548 2077 5631 sermone,

482 5655 562 5710 vel
589 5671 620 5708 a
659 5651 950 5726 fastidiosis
972 5695 987 5721 ,
1009 5648 1089 5705 vel
1122 5669 1152 5705 a
1184 5649 1425 5724 malignis
1468 5653 1740 5710 lectoribus
1769 5674 1872 5712 non
1923 5657 2078 5714 debeo

481 5748 784 5822 reprobari?
822 5744 951 5803 [ltec
999 5746 1116 5818 ipse
1155 5745 1475 5818 prmfationc
1518 5748 1569 5804 in
1618 5749 1813 5806 librum
1860 5751 1962 5809 Job
2011 5768 2078 5826 ex

482 5841 715 5901 Hebraeo
757 5840 947 5900 Latine
974 5838 1270 5900 redditum.
1314 5838 1462 5901 Idem
1488 5843 1682 5915 probat
1714 5844 1876 5917 epist.
1908 5845 1977 5906 89
2009 5846 2079 5906 ad

2185 4724 2483 4782 anhelantia
2529 4722 2898 4795 stridentiaque
2937 4720 3093 4777 verba
3137 4737 3409 4789 resonare,
3457 4730 3506 4778 et
3546 4738 3649 4794 qua
3689 4738 3782 4793 per

2186 4831 2418 4894 cryptam
2447 4820 2752 4890 ambulans,
2776 4835 2954 4873 rarum
2990 4817 3208 4891 desuper
3236 4819 3409 4874 lumen
3452 4816 3734 4890 aspicerent
3759 4861 3778 4890 ,

2185 4917 2376 4988 impegi
2406 4914 2676 4968 novissime
2703 4912 2756 4966 in
2797 4911 3068 4966 Danielem
3088 4953 3103 4978 ,
3135 4921 3182 4966 et
3208 4920 3353 4967 tanto
3384 4912 3536 4969 taedio
3563 4911 3781 4982 affectus

2185 5025 2334 5075 sum,
2373 5017 2428 5060 ut
2463 5004 2819 5076 desperatione
2848 5004 3018 5059 subita
3046 5020 3249 5059 omnem
3286 5005 3516 5061 laborem
3559 5015 3780 5062 veterem

2179 5101 2428 5155 voluerim
2463 5111 2802 5153 contemnere.
2846 5095 3039 5152 Verum
3073 5096 3383 5154 adhortante
3434 5116 3514 5154 me
3553 5100 3779 5170 quodam

2182 5190 2429 5260 Hebra'o,
2460 5201 2505 5247 et
2527 5191 2663 5247 illud
2692 5190 2821 5246 mihi
2842 5189 3066 5246 crebrius
3088 5192 3143 5245 in
3167 5208 3263 5246 sua
3289 5190 3469 5264 lingua
3489 5192 3777 5264 ingerente,

2182 5285 2355 5343 Labor
2385 5287 2559 5342 omnia
2585 5282 2743 5340 vincit
2767 5285 3063 5358 improbus;
3087 5295 3133 5340 et
3157 5285 3248 5355 qui
3270 5286 3396 5340 mihi
3415 5285 3625 5341 videbar
3644 5286 3780 5340 scio-

2183 5385 2266 5440 lus
2294 5386 2428 5440 inter
2456 5400 2561 5450 eos,
2594 5381 2724 5455 ccepi
2753 5398 2963 5437 rursum
2988 5381 3280 5453 discipulus
3303 5398 3411 5437 esse
3438 5380 3775 5438 Chaldaicus.

2184 5478 2253 5533 Et
2282 5487 2339 5533 ut
2367 5494 2540 5534 verum
2570 5482 2763 5548 fatear,
2793 5494 2952 5550 usque
2989 5476 3059 5531 ad
3105 5484 3409 5547 prtesentem
3447 5477 3584 5532 diem
3612 5477 3779 5548 magis

2184 5587 2393 5641 possum
2429 5587 2714 5626 sermonem
2765 5568 3107 5625 Chaldaicum
3154 5569 3321 5641 legere
3367 5578 3416 5625 et
3445 5567 3772 5640 intelligere,

2180 5685 2336 5740 quam
2362 5684 2564 5724 sonare.
2591 5666 2819 5723 Tantum
2850 5681 3028 5736 opera!
3058 5679 3122 5720 ac
3153 5664 3355 5719 laboris
3383 5673 3645 5734 expertus
3693 5671 3781 5718 est

2183 5759 2242 5817 S.
2277 5758 2640 5833 Hieronymus
2672 5759 2724 5814 in
2748 5757 3006 5814 discenda
3027 5756 3208 5830 lingua
3237 5756 3528 5827 llebraica,
3552 5770 3778 5829 propter

2180 5851 2490 5909 anltelantia
2535 5848 2624 5908 illa
2647 5861 2697 5909 et
2728 5848 3015 5908 stridentia
3057 5851 3225 5909 verba
3248 5891 3267 5921 ,
3298 5867 3419 5925 qum
3444 5851 3546 5909 etsi
3577 5849 3783 5908 intellio
