4040 6360
214 322 287 381 37
896 321 1463 382 PROLEGOMENON
1503 322 1542 380 l.
1589 322 1677 381 DE
1718 319 1982 381 NOMINE
2027 322 2513 385 BlBLlOTHEC/E
2554 324 2832 386 DlVlNlE.
3442 332 3515 393 38

214 446 411 509 gantur
451 452 481 491 a
521 436 760 505 Latinis,
789 437 872 496 vix
904 448 1085 495 tamen
1116 455 1179 495 ea
1209 454 1402 496 sonare
1434 456 1718 512 possumus
1746 439 1810 494 ad
1841 444 1893 501 Α
1918 456 2020 511 gua
2050 440 2334 511 llebraica,
2371 442 2646 514 loquentis
2677 441 2894 499 Hebraei
2936 442 3097 501 verba
3126 442 3325 502 dictata
3353 447 3521 505 simili

217 547 424 589 morem
467 531 781 588 Iudaeorum
809 577 822 601 ,
873 534 1068 604 quibus
1116 534 1354 590 nativum
1398 542 1482 590 est
1512 534 1820 605 huiusmodi

215 624 418 679 idioma
472 624 786 680 barbarum.
844 624 1000 682 Unde
1044 627 1184 683 idem
1240 626 1598 699 Hieronymus
1648 626 1743 682 lib.
1802 641 1821 681 ι

215 717 527 774 Comment.
566 719 620 774 in
652 734 773 789 cap.
822 734 881 775 ut
914 720 1173 790 Epistula:
1225 720 1291 775 ad
1346 720 1525 775 Titum
1550 762 1565 785 ,
1600 734 1817 775 causam

218 822 381 869 tanta:
421 814 758 870 difﬁcultatis
785 815 1038 869 edisserit
1066 814 1255 870 dicens
1290 833 1302 869 :
1339 814 1491 879 Quod
1520 824 1690 869 autem
1711 815 1817 880 ait,

214 910 550 983 genealogias
589 920 636 964 et
666 910 1042 975 contentiones,
1077 918 1124 964 et
1165 912 1339 979 rixas,
1363 926 1479 981 qua:
1509 911 1716 964 veniunt
1757 924 1821 964 ea:

213 1000 325 1074 lege
344 1045 360 1069 ,
388 1004 558 1057 devita
583 1018 601 1057 :
628 1004 837 1074 proprie
863 1003 1033 1072 pulsat
1076 1000 1323 1071 Judteos,
1348 1003 1438 1072 qui
1459 1003 1512 1057 in
1541 1020 1599 1057 eo
1628 1018 1682 1057 se
1694 1006 1818 1075 jac-

212 1102 349 1159 tant,
382 1103 431 1146 et
458 1105 641 1166 putant
664 1093 793 1166 legis
815 1095 1000 1150 habere
1028 1097 1285 1162 notitiam,
1310 1096 1355 1151 si
1376 1096 1587 1149 nomina
1617 1103 1822 1150 teneant

209 1185 571 1258 singulorum,
596 1203 713 1257 quae
736 1188 857 1257 quia
882 1189 1105 1242 barbara
1128 1196 1271 1256 sunt,
1302 1197 1350 1241 et
1374 1189 1708 1259 etymologias
1736 1205 1822 1243 eo-

210 1293 329 1331 rum
354 1295 459 1331 non
488 1280 723 1333 novimus
750 1321 765 1344 ,
810 1280 1112 1351 plerumque
1142 1289 1383 1353 corrupte
1425 1281 1761 1351 proferuntur
1787 1297 1820 1334 a

212 1373 381 1426 nobis.
419 1370 486 1425 Et
518 1375 562 1428 si
588 1376 721 1445 forte
736 1375 1081 1429 erraverimus
1107 1375 1159 1428 in
1183 1384 1417 1441 accentu,
1441 1375 1496 1428 in
1518 1375 1819 1429 extensione

211 1476 257 1519 rt
288 1466 538 1521 brevitate
558 1466 775 1536 syllaba;
794 1507 809 1531 ,
860 1468 939 1521 rel
966 1468 1138 1522 brevia
1167 1464 1540 1539 producentes,
1585 1467 1664 1521 vel
1700 1482 1821 1535 pro-

210 1560 368 1615 ducta
393 1559 702 1629 breeiantes,
728 1561 893 1614 solent
914 1561 1133 1615 irridere
1150 1578 1243 1615 nos
1274 1562 1565 1631 imperitia,
1598 1562 1821 1616 maxime

209 1654 263 1705 in
295 1654 713 1725 aspirationibus
741 1664 789 1707 et
819 1654 1133 1725 quibusdam
1158 1671 1279 1709 cum
1302 1672 1492 1709 rasura
1522 1656 1657 1726 gula:
1684 1655 1821 1709 litte-

208 1748 285 1800 ris
316 1747 746 1816 profereudis....
795 1746 855 1802 Si
892 1747 1049 1818 igitur
1078 1764 1109 1801 a
1145 1748 1291 1801 nobis
1327 1747 1435 1803 Itth
1466 1748 1732 1802 nominum
1774 1756 1820 1801 et

1922 532 2257 590 lacilitatein
2300 533 2553 589 Latinum
2598 548 2907 591 sermonem
2951 537 3328 593 converteret?
3374 538 3519 596 Satis

1922 638 2052 697 ergo
2082 635 2424 696 perSpeetum
2457 626 2513 681 ιιι
2533 670 2547 695 ,
2584 626 2974 699 Hieronymum
2996 631 3269 687 sermonis
3298 630 3517 689 Hebrtei

1922 719 2216 790 perfectam
2250 721 2497 775 notitiam
2551 721 2840 789 habuisse;
2875 725 2975 780 etsi
3027 725 3307 781 modestia!
3352 741 3517 783 causa

1923 812 2039 883 ipse
2068 813 2192 868 alibi
2220 814 2441 883 dixerit,
2476 832 2537 873 se
2564 816 2906 873 Hebrteorum
2945 836 3232 876 sermonem
3261 837 3325 877 ex
3364 832 3515 895 parte

1922 904 2186 972 didicisse,
2234 906 2288 961 in
2326 905 2516 963 Latino
2544 919 2717 964 autem
2749 911 2812 965 ab
2834 912 3161 967 incunabulis
3181 914 3313 969 inter
3350 931 3525 989 gram-

1922 999 2137 1053 maticos
2164 1040 2178 1066 ,
2222 1009 2270 1053 et
2297 998 2531 1056 rhetores
2550 1045 2563 1065 ,
2598 1012 2648 1057 et
2684 1002 3021 1077 philosophos
3062 1007 3224 1078 fuisse
3251 1008 3518 1066 detritum.

1922 1091 2106 1164 Neque
2135 1108 2265 1149 vero
2310 1110 2509 1165 negare
2556 1098 2733 1167 potuit
2761 1100 2991 1170 epistola
3040 1101 3174 1170 142,
3224 1103 3291 1159 ad
3326 1102 3525 1159 Dama-

1922 1199 2043 1241 sum
2069 1200 2281 1257 papam,
2308 1187 2378 1243 ab
2404 1188 2645 1245 Hebraeis
2668 1190 2831 1247 multa
2859 1191 3119 1249 didicisse
3144 1211 3157 1248 :
3186 1193 3280 1249 Est
3302 1196 3382 1251 vir
3402 1196 3527 1266 qui-

1893 1281 2073 1346 ‘dam,
2139 1282 2351 1351 inquit,
2401 1299 2433 1337 a
2475 1300 2575 1352 quo
2629 1300 2721 1355 ego
2758 1285 2912 1355 plura
2959 1286 3211 1343 didicisse
3246 1306 3327 1343 me
3388 1306 3519 1361 gau—

1922 1371 2054 1437 deo,
2106 1382 2155 1426 et
2210 1374 2300 1442 qui
2350 1371 2628 1429 Hebraeum
2681 1393 2967 1432 sermonem
3024 1380 3099 1433 ita
3148 1381 3405 1449 elimarit,
3464 1392 3521 1437 ut

1920 1461 2055 1516 inter
2100 1464 2294 1517 scribas
2340 1481 2519 1519 eorum
2550 1464 2829 1523 Chaldaeus
2872 1471 3218 1527 existimetur.
3261 1473 3343 1529 Ad
3375 1474 3522 1530 Mur-

1921 1554 2116 1610 cellam
2148 1570 2365 1627 qquue
2396 1559 2560 1629 epist.
2602 1561 2707 1617 150
2738 1559 2944 1617 fatetur
2985 1564 3235 1620 nonnihil
3281 1568 3518 1637 purioris

1921 1646 2236 1704 Latinitatis
2266 1651 2515 1706 amisisse
2552 1664 2779 1724 propter
2810 1670 2967 1711 usum
2996 1656 3275 1714 idiomatis
3307 1659 3523 1717 Hebraei

1924 1742 2025 1797 sibi
2062 1742 2385 1799 familiarem
2432 1763 2446 1801 :
2493 1745 2637 1815 Nos,
2672 1758 2729 1802 ut
2756 1750 2887 1815 scis,
2923 1750 3269 1808 Hebrteorum
3309 1754 3528 1812 lectione

210 1843 410 1911 lingua
435 1842 690 1894 idiomata
713 1882 728 1907 ,
762 1848 819 1894 ut
848 1840 1083 1895 videlicet
1109 1839 1329 1895 barbara
1350 1882 1365 1909 ,
1399 1857 1503 1895 non
1529 1842 1601 1894 ita
1631 1841 1821 1910 fuerint
1855 1830 1900 1891 Β
1928 1834 2142 1902 detenti,
2192 1837 2244 1890 in
2292 1836 2487 1892 Latina
2534 1840 2717 1912 lingua
2763 1842 3055 1915 rubiginem
3100 1846 3431 1918 obduximus,
3474 1850 3531 1905 in

208 1950 481 2003 expressa,
506 1943 560 1985 ut
582 1935 938 2004 exprimuntur
954 1933 1017 1985 ab
1044 1932 1303 2001 Hebrwis,
1328 1933 1493 1987 solent
1514 1932 1822 1986 cachinnum

209 2023 453 2079 attollere
481 2070 495 2093 ,
546 2036 592 2079 et
608 2026 798 2097 jurare
823 2042 872 2079 se
898 2026 1102 2096 penitus
1141 2026 1337 2080 nescire
1387 2025 1526 2096 quod
1576 2025 1817 2078 dicimus.

214 2120 369 2177 Unde
400 2132 444 2175 et
468 2123 619 2177 nobis
636 2138 776 2176 cura:
794 2124 892 2193 fuit
916 2139 1091 2177 ontnes
1116 2121 1299 2176 veteris
1325 2123 1450 2193 legis
1476 2120 1656 2185 libros,
1691 2138 1824 2193 quos

210 2217 290 2269 rir
328 2216 517 2269 doctus
572 2214 918 2268 Adamantius
971 2215 1022 2267 in
1080 2212 1329 2285 Hexapla
1377 2214 1698 2284 digesserat,
1759 2215 1824 2268 de

214 2306 530 2363 thsariensi
580 2305 907 2361 Bibliotheca
951 2308 1236 2376 descriptos
1263 2352 1276 2374 ,
1324 2323 1387 2362 ea:
1429 2306 1556 2375 ipsis
1598 2306 1821 2359 authen-

217 2403 334 2456 ticis
388 2402 664 2456 emendare
694 2446 707 2470 ,
759 2402 812 2454 in
856 2400 1040 2472 quibus
1089 2409 1135 2454 et
1182 2401 1296 2472 ipsa
1327 2398 1553 2454 Hebrwa
1597 2401 1823 2470 propriis

218 2506 338 2549 sunt
373 2494 768 2548 characteribus
806 2488 958 2548 verba
987 2494 1248 2565 descripta
1271 2535 1287 2559 ,
1337 2503 1384 2548 et
1416 2492 1612 2549 Graecis
1640 2494 1823 2547 litteris

219 2591 425 2641 tramite
452 2603 699 2656 expressa
720 2586 982 2642 vicinam.
1006 2595 1059 2640 ut
1084 2604 1189 2641 non
1212 2602 1527 2659 magnopere
1555 2588 1825 2656 pertimes-

218 2695 397 2732 camus
420 2679 761 2750 supercilium
783 2676 1113 2745 Itdtrorum,
1137 2680 1323 2733 solutis
1352 2678 1524 2746 labiis,
1555 2688 1602 2732 et
1627 2678 1824 2733 obtorto

219 2772 423 2843 lingua,
458 2781 508 2826 et
536 2770 819 2837 stridente,
852 2780 902 2825 et
932 2787 1053 2827 rasa
1092 2774 1245 2844 fauce
1274 2772 1631 2843 gaudentium.
1672 2772 1821 2828 Assi-

221 2868 385 2922 duum
428 2883 561 2923 vero
594 2868 760 2924 luisse
804 2868 858 2921 in
889 2867 1085 2923 litteris
1120 2867 1398 2924 Hebraicis
1436 2868 1494 2923 S.
1532 2868 1821 2924 Doctorem

224 2962 509 3017 manifeste
535 2960 822 3016 declarant
850 2960 1010 3016 verba
1041 2960 1231 3016 istltzec
1252 3003 1267 3029 ,
1304 2976 1426 3031 qua:
1466 2962 1519 3016 in
1550 2960 1824 3032 epitaphio

226 3053 403 3107 Paula:
455 3051 648 3107 matris
704 3052 903 3123 scripta
954 3052 1209 3124 leguntur
1256 3072 1269 3108 :
1314 3051 1523 3125 Loquar
1559 3061 1608 3109 et
1636 3054 1822 3121 aliud,

222 3146 363 3216 quod
407 3146 631 3215 forsitan
678 3143 880 3199 ramulis
909 3144 1147 3199 videatur
1175 3144 1492 3200 incredibile.
1545 3143 1824 3200 Hebra’am

1924 1935 2125 1980 tantum
2180 1938 2233 1983 ut
2284 1929 2610 2001 loquentibus
2655 1951 2861 2006 quoque
2902 1936 3049 1991 nobis
3085 1939 3281 1995 stridor
3311 1940 3526 2011 quidam

1925 2035 2027 2072 non
2060 2019 2277 2075 Latinus
2308 2022 2655 2096 iuterstrepat.
2708 2024 2859 2081 Unde
2885 2028 3095 2099 ignosce
3124 2032 3385 2102 ariditati,
3414 2046 3526 2091 etc.

1924 2110 1981 2165 lu
2027 2112 2132 2168 line
2175 2114 2705 2172 Commentariorum
2762 2120 2818 2175 in
2865 2122 3124 2193 Aggaium
3173 2126 3519 2198 prophetam,

1925 2221 2141 2261 omnem
2174 2209 2377 2279 eloquii
2402 2222 2743 2268 venustatem
2772 2215 3078 2285 perdidisse
3102 2234 3161 2275 se
3185 2220 3321 2277 dicit
3349 2224 3527 2278 studio

1926 2298 2125 2371 lingum
2183 2302 2463 2359 llebraicte
2500 2322 2513 2359 :
2560 2304 2781 2362 Obsecro
2823 2317 2871 2364 te
2897 2352 2910 2376 ,
2960 2312 3142 2383 lector,
3194 2325 3248 2370 ut
3291 2317 3528 2388 ignoscas

1927 2394 2078 2446 celeri
2104 2410 2341 2450 sermone
2368 2396 2617 2465 dictanti,
2668 2417 2759 2455 nec
2789 2404 3025 2472 requiras
3057 2406 3248 2477 eloquii
3278 2421 3524 2465 renusta-

1927 2495 2049 2551 tem,
2075 2504 2231 2558 quant
2262 2490 2429 2543 multo
2463 2501 2691 2561 tempore
2721 2492 2961 2551 Hebrtea!
2982 2498 3178 2571 lingua:
3203 2501 3383 2555 studio
3411 2521 3530 2573 per-

1927 2581 2059 2651 didi,
2093 2593 2200 2638 etc.
2232 2583 2374 2639 Idem
2407 2586 2727 2657 Hieronymi
2759 2590 2997 2645 studium
3038 2594 3271 2664 probant
3298 2595 3526 2652 Helena

1927 2674 2202 2730 volumina
2234 2678 2303 2731 ab
2328 2692 2395 2733 eo
2426 2678 2727 2748 descripta,
2759 2682 2841 2737 vel
2869 2685 3066 2739 collata
3100 2700 3223 2741 cum
3255 2689 3527 2760 interpre-

1930 2766 2073 2822 tibus
2104 2769 2341 2836 Gra-cis;
2384 2787 2485 2826 nec
2525 2788 2630 2827 non
2668 2774 2960 2831 Palestina:
3000 2779 3279 2849 provincia
3306 2826 3320 2850 ,
3363 2799 3525 2854 quam

1930 2860 2275 2929 perlustravit
2314 2876 2377 2917 ac
2422 2866 2731 2936 peragravit
2759 2868 2830 2922 ob
2870 2868 3172 2939 pleniorem
3216 2873 3529 2945 intelligen-

1930 2952 2058 3007 tiam
2091 2954 2480 3011 Hebraicorum
2517 2960 2828 3027 nominum,
2858 2960 3081 3019 adscitis
3112 2966 3277 3021 etiam
3312 2966 3530 3023 ludat-o-

1929 3058 2049 3099 rum
2079 3045 2468 3102 eruditissimis
2502 3051 2777 3120 magistris
2805 3053 2908 3109 sibi
2939 3057 3127 3111 sociis.
3178 3057 3403 3131 Singula
3432 3078 3527 3116 oro

1930 3138 2055 3194 dine
2094 3156 2193 3194 suo
2235 3156 2652 3214 prosequamur.
2695 3148 2848 3217 Apud
2882 3148 2941 3204 S.
2981 3152 3269 3208 Damasum
3300 3165 3529 3213 excusat

222 3242 465 3312 linguam
490 3284 505 3307 ,
550 3258 700 3312 quam
747 3257 843 3314 ego
872 3242 934 3295 ab
974 3241 1323 3296 adolescentia
1357 3242 1517 3296 multo
1554 3241 1729 3297 labore
1761 3259 1822 3296 ac
1849 3218 1899 3288 α
1929 3247 1986 3286 SC
2019 3232 2301 3288 tarditatis
2331 3236 2495 3304 epist.
2538 3236 2662 3304 125,
2712 3240 2856 3309 quod
2906 3256 3015 3297 non
3064 3245 3246 3299 statim
3298 3248 3362 3299 ad
3412 3248 3532 3315 ejus

220 3336 423 3390 sudore
452 3351 516 3388 ex
545 3346 679 3407 parte
706 3334 891 3404 didici,
934 3342 980 3390 et
1014 3334 1333 3407 infatigabili
1363 3335 1695 3390 meditatione
1722 3352 1825 3389 non

222 3427 433 3491 desero,
468 3441 531 3479 ne
556 3428 657 3498 ipse
684 3427 745 3481 ab
774 3443 835 3481 ea
862 3427 1097 3495 deserar,
1124 3428 1323 3482 discere
1347 3427 1539 3493 voluit,
1570 3435 1617 3481 et
1641 3442 1823 3482 conse-

223 3531 338 3573 cuta
359 3528 455 3583 est,
486 3530 593 3577 etc.
620 3522 811 3575 Parum
840 3531 955 3576 erat
987 3522 1190 3576 homini
1212 3520 1623 3577 studiosissimo
1655 3536 1718 3578 ac
1742 3521 1826 3577 itt-

227 3612 542 3684 telligentize
566 3630 848 3669 sacrorum
868 3614 1167 3669 Bibliorum
1188 3614 1561 3685 cupidissimo,
1587 3614 1824 3685 linguam

228 3707 506 3765 Hebrmani
542 3710 716 3763 multo
758 3709 959 3764 sudore
1004 3709 1261 3764 didicisse
1288 3751 1303 3776 ,
1345 3710 1449 3765 nisi
1488 3710 1649 3765 etiam
1696 3722 1828 3779 opes

226 3820 347 3858 suas
386 3804 444 3859 in
482 3819 548 3859 eo
580 3804 798 3874 negotio
827 3806 1189 3873 experiretur.
1244 3803 1325 3859 Ad
1354 3805 1649 3873 perlectam
1677 3806 1827 3860 enim

227 3898 598 3953 obscurissimi
626 3898 747 3952 libri
782 3898 884 3953 Job
915 3898 1330 3969 intelligentiam
1360 3898 1642 3954 doctorem
1672 3896 1828 3954 adhi-

228 3990 338 4044 buit
396 3990 735 4057 Hebraeum,
768 4007 927 4061 quem
972 4007 1082 4045 non
1126 3991 1296 4061 gratis
1343 3992 1681 4055 accessisse,
1730 3989 1825 4046 sed

230 4086 455 4152 pecunia
488 4085 821 4139 conductum
870 4086 1069 4140 asserit
1121 4083 1444 4155 prml‘atione
1490 4085 1543 4139 in
1574 4086 1825 4141 eumdem

226 4177 340 4235 Jobi
372 4180 575 4234 librum
623 4198 635 4233 :
690 4178 908 4232 Memini
937 4195 1053 4245 me,
1096 4178 1299 4250 inquit,
1348 4178 1409 4233 ob
1435 4178 1827 4249 intelligentiam

226 4272 381 4345 hujus
410 4274 691 4328 voluminis
718 4272 1005 4344 Lyddteum
1028 4274 1301 4342 quemdam
1327 4282 1713 4345 prtvceptarem,
1739 4273 1825 4343 qui

227 4366 367 4433 apud
410 4366 665 4421 Ilebrteos
694 4367 892 4439 primus
938 4366 1117 4419 haberi
1161 4365 1467 4437 putaba'ur,
1510 4384 1613 4420 non
1657 4367 1826 4439 porris

230 4461 506 4514 redemisse
551 4461 777 4513 nummis
812 4476 831 4515 :
858 4463 1007 4533 cujus
1040 4460 1275 4515 doctrina
1321 4478 1388 4515 an
1428 4462 1629 4533 aliquid
1656 4462 1827 4532 profe-

226 4557 381 4608 cerim
404 4595 420 4619 ,
451 4553 647 4606 nescio.
683 4552 798 4606 Iloc
826 4571 983 4607 unum
1007 4557 1136 4623 scio,
1168 4570 1269 4608 non
1298 4555 1528 4627 potuisse
1558 4571 1639 4608 me
1661 4556 1822 4609 inter-

226 4646 446 4713 pretari,
486 4645 590 4698 nisi
615 4644 753 4714 quod
774 4655 891 4698 ante
910 4619 1463 4701 intellexeramdeli
1494 4662 1622 4717 ergo
1652 4646 1823 4701 labori
1849 4619 1904 4679 Β

227 4754 483 4807 parcens,
500 4754 601 4793 nec
620 4740 891 4809 marsupio
911 4753 1033 4806 suo,
1058 4740 1253 4810 linguae
1274 4739 1553 4795 Hebraica:
1580 4741 1820 4795 notitiam

224 4840 557 4889 consecutus
588 4845 667 4889 est
700 4851 805 4889 non
838 4834 1196 4900 mediocrem;
1230 4835 1302 4889 ita
1335 4844 1392 4889 ut
1422 4851 1516 4905 par
1544 4846 1687 4891 esset
1725 4836 1825 4890 La-

225 4925 343 4980 tino
370 4940 630 4981 sermone
654 4927 935 4996 extemplo
966 4942 1240 4997 exponere
1267 4943 1622 4999 quaecumque
1652 4927 1823 4983 Judzei

224 5019 496 5076 llehraice
528 5020 629 5090 ipsi
665 5020 999 5076 dictitarent.
1027 5019 1192 5092 Cujus
1227 5023 1305 5077 rei
1337 5030 1531 5078 testem
1564 5022 1824 5079 habemus

224 5111 603 5181 praelationem
627 5111 680 5166 in
721 5112 969 5179 Tobiam,
1006 5113 1097 5168 tibi
1128 5113 1312 5168 docuit
1344 5128 1443 5168 nos
1476 5115 1692 5169 modum
1717 5132 1823 5191 quo

224 5221 375 5258 suam
411 5206 722 5260 versionem
756 5203 1006 5259 Latinam
1030 5204 1206 5260 edidit
1232 5224 1242 5259 :
1271 5204 1339 5259 Et
1362 5207 1505 5278 quia,
1532 5207 1626 5273 ait,
1658 5210 1825 5261 vicina

224 5306 295 5348 est
320 5293 690 5349 Chaldtecrum
732 5294 914 5365 lingua
947 5296 1172 5350 sermoni
1202 5294 1466 5350 Hebraico
1488 5339 1502 5363 ,
1556 5298 1825 5369 utriusque

222 5390 419 5459 tinguit
452 5389 825 5457 peritissimum
871 5386 1139 5458 loquacem
1168 5388 1429 5460 reperiens
1454 5432 1468 5456 ,
1525 5390 1678 5443 unius
1722 5390 1828 5443 diei

222 5481 457 5535 laborem
479 5481 739 5552 arripuit:
767 5490 816 5535 et
840 5481 1089 5551 quidquid
1110 5480 1197 5534 ille
1220 5480 1344 5534 mihi
1371 5481 1422 5534 II
1426 5480 1638 5535 e'n'aicis
1666 5482 1826 5535 verbis

224 5577 508 5645 expressit,
537 5575 632 5628 hoc
660 5592 751 5649 ego
770 5616 787 5643 ,
821 5579 983 5629 accito
1013 5576 1237 5640 notario,
1269 5576 1588 5629 sermonibus
1627 5575 1827 5630 Latinis

224 5671 465 5737 exposui.
515 5669 670 5735 Quod
722 5669 907 5739 utique
942 5685 1041 5737 per
1081 5683 1139 5723 se
1166 5670 1340 5738 ipsum
1370 5684 1658 5739 numquam
1693 5684 1829 5738 pra--

188 5759 493 5841 'stitisset,
551 5760 652 5815 nisi
693 5760 862 5830 probe
904 5768 957 5815 et
1008 5760 1231 5831 pulchre
1279 5760 1557 5816 calluisset
1595 5760 1827 5831 linguam

226 5854 552 5912 llebraicam
594 5872 609 5911 :
644 5869 768 5912 nam
798 5856 925 5930 quis
954 5854 1287 5915 semidoctus
1327 5865 1419 5913 aut
1452 5856 1614 5913 rudis
1644 5854 1697 5914 in
1729 5856 1833 5913 lin-

1930 3324 2259 3393 interrogata
2306 3330 2650 3399 rescripserit
2695 3332 2801 3386 alio
2846 3348 3014 3403 opere
3062 3336 3336 3392 detentus.
3384 3339 3527 3407 Quid

1928 3418 2001 3473 sit
2028 3425 2210 3474 autem
2244 3420 2352 3476 tale
2383 3438 2520 3491 0|tllS
2550 3424 2634 3479 his
2662 3425 2844 3481 verbis
2870 3427 3174 3487 declaravit
3202 3433 3355 3489 initio
3384 3436 3530 3505 ejus-

1928 3511 2053 3567 dem
2090 3513 2335 3583 epistolae
2363 3533 2376 3569 :
2407 3514 2628 3572 Interim
2659 3529 2831 3575 tamen
2863 3534 2909 3575 et
2936 3541 3027 3595 ego
3069 3524 3330 3598 linguam,
3365 3540 3412 3584 et
3440 3531 3530 3587 ille

1928 3598 2230 3677 articulum,
2258 3610 2602 3675 movebamus,
2629 3630 2744 3666 cum
2762 3613 2931 3669 subito
2956 3615 3211 3673 Hebrteus
3233 3621 3529 3691 intervenit,

1929 3698 2163 3771 deferens
2193 3718 2293 3757 non
2319 3719 2487 3773 pauca
2518 3704 2801 3776 volumina,
2834 3725 2951 3779 qua:
2980 3710 3044 3764 de
3065 3711 3344 3786 Synagoga
3376 3717 3528 3787 quasi

1930 3793 2159 3849 lecturus
2208 3809 2498 3867 acceperat.
2536 3798 2601 3853 Et
2641 3800 2786 3855 illico
2826 3818 2843 3855 :
2890 3802 3099 3871 Habes,
3145 3808 3342 3879 inquit,
3393 3812 3559 3881 quod‘

1930 3887 2286 3956 postulaveras
2312 3905 2331 3944 :
2361 3906 2540 3961 meque
2566 3892 2802 3960 dubiant,
2823 3897 3012 3965 etquid
3032 3902 3260 3968 facerem
3291 3903 3529 3957 nescien-

1930 3987 2055 4047 tem,
2088 3981 2161 4035 ita
2190 3982 2410 4052 festinus
2437 3985 2723 4051 exterruit,
2773 3997 2828 4040 ut
2868 3989 3105 4044 omnibus
3147 3996 3526 4065 praetermissis,

1929 4072 1999 4126 ad
2040 4073 2433 4129 describendum
2480 4079 2856 4134 transvolarem
2883 4096 2900 4133 :
2932 4084 3072 4153 quod
3118 4084 3326 4153 quidem
3371 4104 3531 4160 nsque

1929 4176 1981 4219 at
2006 4182 2232 4237 prwsens
2258 4169 2414 4238 facio.
2440 4169 2723 4226 llehrairis
2752 4174 3007 4230 similiter
3029 4175 3281 4233 detentus
3308 4180 3529 4247 litteris,

1928 4267 1982 4313 et
2029 4260 2379 4315 contentione
2430 4262 2689 4317 librorum
2735 4265 2983 4335 assidua,
3028 4267 3340 4327 breviorem
3379 4273 3531 4329 dedit

1930 4352 2212 4421 epistolam
2248 4354 2312 4409 74
2338 4355 2403 4410 ad
2436 4355 2745 4413 Marcellam
2782 4376 2795 4414 :
2834 4359 2904 4415 Ut
2932 4369 3037 4414 tant
3062 4379 3295 4433 parvam,
3331 4365 3526 4438 inquit,

1929 4446 2199 4517 epistolam
2230 4450 2506 4503 scriberem
2526 4494 2538 4514 ,
2577 4467 2751 4505 causa:
2778 4454 3009 4521 duplicis
3038 4455 3156 4525 fuit,
3203 4457 3340 4525 quod
3370 4466 3417 4511 et
3447 4468 3529 4511 ta-

1930 4538 2178 4593 bellarius
2226 4541 2529 4613 festinabat,
2580 4554 2631 4599 et
2676 4561 2769 4616 ego
2814 4546 2920 4599 alio
2950 4563 3101 4617 apere
3144 4548 3399 4615 detentus,
3429 4548 3530 4604 hoc

1928 4632 2076 4702 quasi
2113 4635 2357 4709 παρέργῳ
2394 4652 2471 4689 me
2522 4652 2849 4703 occuparem.
2907 4637 3109 4702 Qutcris
3154 4640 3405 4708 quidnam
3460 4642 3531 4696 il-

1932 4726 2023 4778 lud
2053 4727 2150 4788 sit,
2200 4737 2301 4781 tam
2334 4728 2551 4799 grande,
2582 4740 2685 4783 tam
2716 4730 3083 4796 necessarium,
3117 4748 3216 4801 quo
3248 4732 3529 4803 epistolica:

1930 4822 2371 4892 ronfabulationis
2407 4840 2595 4877 manus
2623 4824 2888 4878 exclusum
2919 4833 3013 4879 est.
3044 4822 3371 4894 Iampridem
3409 4845 3526 4882 cunt

1930 4914 2274 4968 columinibus
2318 4912 2658 4969 Hebrceorum
2710 4917 2988 4971 editionem
3033 4917 3239 4989 Aquila:
3274 4924 3527 4991 confero;

1930 5026 1994 5064 ne
2028 5010 2155 5082 quid
2194 5010 2440 5081 forsitan,
2490 5021 2701 5083 propter
2739 5011 2916 5065 odium
2962 5010 3190 5077 Christi,
3243 5012 3525 5086 Synagoga

1928 5104 2199 5158 mutaverit
2224 5119 2243 5157 :
2273 5114 2318 5157 et
2347 5112 2403 5157 ut
2430 5104 2612 5157 amica:
2641 5105 2800 5158 ntenti
2830 5108 3022 5175 fatear,
3055 5122 3173 5177 qute
3200 5106 3270 5161 ad
3295 5115 3523 5161 nostram

1928 5196 2086 5263 ﬁdem
2131 5195 2352 5263 pertinet
2402 5195 2773 5263 roborandam,
2823 5198 2979 5267 plura
3026 5202 3244 5269 reperio.
3298 5197 3457 5253 Nunc
3496 5217 3529 5254 a

1929 5288 2228 5361 prophetis,
2264 5288 2564 5353 Salomone,
2614 5287 2894 5359 Psalterio,
2942 5289 3344 5363 Regnorumque
3383 5292 3531 5345 libris

1927 5382 2246 5437 erantussim
2292 5396 2453 5435 recen.
2472 5380 2582 5443 itis,
2618 5380 2861 5435 Exodum
2913 5392 3077 5451 teneo,
3132 5400 3281 5454 quem
3314 5384 3393 5438 illi
3433 5401 3530 5440 £1.-

1932 5488 2175 5530 LESIOTII
2208 5484 2411 5538 vocant,
2444 5473 2515 5527 ad
2543 5473 2830 5528 Leviticum
2859 5478 3175 5531 transiturus
3198 5491 3217 5530 :
3245 5475 3404 5531 Vides
3434 5478 3535 5549 igi-

1933 5582 2038 5637 tur,
2076 5571 2216 5641 quod
2260 5569 2460 5623 nullum
2494 5569 2728 5639 officium
2768 5567 2891 5622 huic
2933 5571 3079 5638 aperi
3124 5570 3530 5644 prwponendum

1933 5672 2029 5717 est.
2093 5663 2149 5716 In
2201 5661 2285 5716 his
2336 5662 2536 5717 studiis
2578 5672 2875 5732 oi-cupatus
2925 5661 3113 5719 Romae
3159 5664 3242 5720 vir
3285 5670 3531 5730 sanctus,

1933 5755 2108 5811 oculis
2158 5756 2384 5827 insuper
2428 5755 2673 5811 Judaiam
2721 5757 3078 5826 contemplari
3121 5757 3287 5812 voluit
3329 5775 3343 5813 :
3389 5770 3524 5827 quo-

1937 5848 2099 5906 modo
2145 5849 2289 5907 enim
2334 5849 2649 5907 Graecorum
2707 5847 2964 5910 historias
3010 5850 3181 5924 magis
3228 5850 3536 5923 intelligunt
