4040 6360
498 278 568 338 39
1115 281 1209 340 AD
1233 282 1310 342 .S.
1351 282 1742 346 HIEHONYHI
1782 281 2071 344 DlVlNAM
2113 282 2627 345 BIBLIOTHECAM
2667 281 3208 345 PRULEGOMENA.
3736 290 3811 348 ιο

499 399 592 470 qui
623 396 865 454 Athenas
893 396 1164 467 viderint;
1203 401 1276 457 ita
1315 412 1559 459 sanetam
1591 401 1934 474 Scripturam
1963 403 2098 459 lnci-
2127 405 2183 465 Α
2209 403 2464 477 exiguum
2499 404 2552 459 in
2583 403 2828 460 Ecclesia
2867 404 3077 461 meritis
3109 402 3410 460 hominem.
3452 400 3634 462 Finito
3660 400 3806 461 Pen-

503 493 629 552 dius
652 494 973 564 intuebitur,
1001 497 1092 568 qui
1115 495 1358 554 Judtcam
1381 498 1553 554 oculis
1578 498 1978 569 contemplatus
1997 507 2104 563 est,

502 586 588 643 vel
624 587 976 660 antiquarum
1017 589 1236 646 urbium
1277 592 1605 660 memorias,
1647 592 2023 663 locorumque,
2052 598 2108 648 et

507 681 700 738 eadem
750 682 1010 738 vocabula
1037 728 1052 755 ,
1104 684 1190 740 vel
1220 693 1426 741 mutata
1466 687 1810 758 cognoverit.
1856 685 2014 743 Unde
2052 696 2107 743 et

508 775 848 848 Hieronymo
871 793 1020 834 curae
1060 777 1161 835 fuit
1189 794 1310 836 cum
1343 778 1730 858 eruditissimis
1754 779 2104 837 Hebraeorum

506 871 654 929 hunc
705 873 955 932 laborem
999 874 1206 942 subire,
1261 885 1320 931 ut
1362 875 1718 932 circumirent
1765 877 2104 948 provinciam

509 979 677 1035 quam
727 967 995 1022 universae
1037 965 1242 1022 Christi
1289 966 1550 1024 Ecclesia:
1599 978 1818 1025 sonant.
1870 969 1944 1024 lta
1991 971 2106 1039 ipse

507 1059 793 1129 conceptis
849 1059 1033 1115 verbis
1087 1059 1153 1114 ad
1209 1059 1570 1116 Domuionem
1635 1072 1690 1118 et
1742 1063 2105 1133 Rogatiannm

507 1150 830 1222 praefatione
867 1151 919 1206 in
965 1153 1168 1208 librum
1199 1152 1678 1224 Paralipomenon,
1729 1156 1930 1226 quibus
1977 1156 2104 1210 item

510 1238 686 1299 fassus
711 1253 795 1300 est
817 1285 832 1309 ,
867 1260 1159 1316 numquam
1188 1263 1246 1302 se
1274 1245 1326 1302 in
1354 1247 1557 1302 divinis
1591 1248 1956 1304 voluminibus
1982 1263 2108 1320 pro-
2135 1279 2144 1289 -

508 1337 640 1408 priis
685 1337 894 1393 viribus
939 1339 1276 1410 credidisse,
1326 1355 1426 1396 nec
1476 1341 1738 1397 habuisse
1785 1343 2103 1414 magistram

511 1429 831 1498 opinionem
881 1445 1035 1486 snam
1059 1472 1076 1500 ,
1108 1433 1204 1488 sed
1244 1448 1306 1488 ea
1349 1434 1511 1489 etiam
1553 1435 1622 1489 de
1651 1435 1847 1502 quibus
1877 1435 2018 1492 scire
2045 1451 2106 1492 se

502 1519 894 1591 arbitrabatur,
919 1523 1253 1596 interrogare
1273 1525 1527 1592 solitum;
1552 1538 1757 1598 quanto
1778 1530 1948 1600 magis
1969 1530 2022 1584 in
2041 1529 2108 1584 iis

510 1626 680 1684 super
715 1615 914 1686 quibus
951 1631 1158 1688 anceps
1197 1619 1361 1673 erat?
1400 1619 1513 1674 lloc
1548 1635 1679 1675 vero
1709 1620 1994 1676 conﬁrmat
2021 1636 2108 1676 ar-

508 1717 773 1778 gumento
804 1711 1054 1780 sequenti
1081 1727 1094 1764 :
1122 1708 1377 1782 Denique,
1411 1712 1605 1783 inquit,
1637 1730 1754 1768 cum
1782 1731 1814 1768 a
1837 1731 1915 1769 me
1945 1731 2108 1788 nuper

2214 499 2491 567 tateucho,
2533 498 2599 554 ad
2637 498 2824 556 Jesum
2865 498 3038 554 filium
3079 498 3248 566 Nave,
3291 498 3478 566 idest,
3520 497 3588 554 ad
3615 497 3806 568 Josue,

2211 599 2266 649 et
2303 591 2369 647 ad
2397 589 2650 647 Judicum
2690 591 2924 658 librum,
2965 590 3033 647 ad
3060 589 3202 646 Ruth
3241 606 3457 664 quoque
3505 600 3560 649 et
3606 593 3807 650 Esther

2210 698 2429 740 manum
2484 683 2634 740 misit
2675 699 2691 741 :
2746 684 2870 756 quia
2919 683 3014 738 hos
3059 684 3223 741 libros
3272 681 3562 741 Eustochio
3615 686 3808 760 virgini

2210 775 2403 831 Christi
2449 792 2646 848 negare
2690 793 2792 832 non
2837 778 3025 848 potuit.
3073 775 3269 834 Latine
3318 792 3415 834 eos
3461 793 3529 835 ex
3578 779 3808 837 Hebrreo

2209 874 2483 930 convertit
2531 883 2655 945 post
2700 882 2905 929 sanctae
2955 872 3141 928 Paula:
3185 873 3602 942 dormitionem,
3653 875 3807 946 cujus

2209 978 2368 1022 antea
2395 967 2649 1038 precibus
2668 965 2943 1022 volumina
2966 975 3198 1037 quatuor
3220 967 3450 1039 Regum,
3477 967 3533 1021 in
3554 967 3806 1022 Latinttm

2209 1072 2522 1114 sermonem
2566 1057 2740 1114 fuisse
2790 1058 3207 1130 interpretatum
3248 1075 3358 1114 non
3398 1057 3532 1114 levis
3566 1067 3651 1115 est
3680 1074 3810 1115 con-

2204 1149 2419 1219 jectura
2448 1149 2500 1205 in
2546 1148 2655 1205 illis
2684 1150 2892 1206 ultimis
2931 1149 3364 1221 prmfatittnculze
3405 1150 3589 1206 verbis
3634 1168 3647 1206 :
3701 1151 3808 1205 Sed

2210 1251 2256 1296 et
2284 1257 2372 1295 vos
2402 1241 2632 1312 famulas
2659 1241 2856 1296 Christi
2886 1259 3036 1312 rogo,
3065 1259 3181 1310 qua:
3205 1241 3418 1297 Domini
3444 1241 3811 1296 discumbentis

2209 1335 2585 1406 pretiosissima
2615 1334 2741 1404 ﬁdei
2766 1351 2940 1406 myrra
2965 1336 3160 1406 ungitis
3188 1346 3347 1405 caput
3373 1375 3386 1388 .
3416 1376 3428 1389 .
3461 1375 3474 1389 .
3507 1375 3520 1390 .
3547 1345 3601 1389 ut
3630 1347 3810 1390 contra

2209 1429 2462 1483 latrantes
2493 1444 2666 1494 canes,
2709 1429 2797 1499 qui
2839 1429 3108 1482 adversum
3156 1445 3234 1483 me
3281 1427 3465 1482 rabido
3511 1409 3598 1482 ore
3648 1429 3812 1482 deste-

2208 1525 2398 1580 riunt.
2439 1561 2454 1578 .
2484 1563 2500 1578 .
2527 1563 2541 1578 .
2589 1522 2885 1576 orationum
2925 1533 3214 1576 vestrarum
3261 1521 3470 1592 clypeos
3509 1522 3805 1593 opponatis.

2210 1616 2467 1672 Famulas
2503 1617 2742 1679 Christi,
2797 1631 2903 1670 non
2944 1615 3083 1670 alias
3125 1626 3256 1684 puto
3293 1631 3454 1686 quam
3495 1614 3717 1670 Paulam
3754 1623 3810 1670 et

2212 1710 2594 1776 Eustochium,
2636 1709 2917 1796 Bethleem
2959 1708 3220 1780 degentes
3259 1716 3477 1764 aetatem
3530 1721 3652 1762 cum
3682 1707 3808 1762 Hie~

509 1798 697 1856 litteris
741 1804 1107 1874 ﬂagitassetis,
1150 1815 1204 1859 ut
1253 1805 1396 1860 vobis
1429 1805 1871 1877 Paralipomenon
1915 1808 2104 1864 Latino
2132 1801 2180 1863 B
2210 1819 2459 1876 tonymo.
2506 1803 2956 1874 Paralipomcna,
3019 1811 3238 1874 petente
3289 1802 3642 1859 sanctissimo
3691 1801 3810 1872 epi-

511 1911 748 1950 sermone
802 1899 1174 1969 transferrem;
1225 1900 1289 1954 de
1339 1897 1614 1957 Tiberiade
1658 1903 1784 1978 legis
1829 1905 2105 1975 quemdam

509 1988 774 2044 doctorem
796 2033 809 2056 ,
851 1992 940 2063 qui
967 1993 1110 2064 apud
1157 1991 1404 2048 llebrwos
1429 1995 1764 2050 admirationi
1802 1997 2102 2066 habebatur,

510 2084 767 2156 assumpsi
793 2093 842 2138 et
867 2084 1062 2139 contuli
1091 2102 1208 2140 cum
1238 2103 1296 2141 eo
1336 2104 1368 2142 a
1393 2088 1582 2143 vertice
1603 2129 1618 2156 ,
1663 2097 1717 2142 ut
1743 2090 1912 2157 aiunt,
1948 2105 2108 2161 usque

507 2177 577 2230 ad
592 2186 873 2230 extremum
895 2193 1118 2248 unguem
1137 2187 1217 2233 :et
1233 2179 1306 2234 sic
1333 2180 1668 2250 conﬁrmatus
1696 2197 1854 2236 ausus
1882 2198 1995 2236 sum
2025 2183 2108 2254 fa-

508 2287 624 2326 cere
669 2275 809 2342 quod
846 2273 1132 2344 jubebatis.
1178 2275 1315 2343 Quid
1346 2277 1581 2347 amplius
1619 2278 1670 2332 in
1718 2279 1838 2334 viro
1861 2279 2106 2335 studioso

506 2363 809 2422 desiderari
839 2377 1026 2438 queat,
1062 2379 1213 2424 certe
1241 2384 1349 2424 non
1381 2369 1563 2425 video.
1593 2369 1820 2427 Omnem
1839 2373 1906 2434 in
1942 2373 2107 2428 rebus

508 2456 792 2514 Hebraicis
814 2457 1055 2516 laborem
1097 2461 1342 2529 insumit,
1378 2463 1618 2532 sumptui
1651 2478 1758 2520 non
1789 2464 1985 2534 parcit,
2015 2479 2109 2536 pe-

509 2550 916 2620 regrinationes
973 2551 1278 2608 laboriosas
1330 2553 1503 2625 subit,
1556 2570 1679 2610 cum
1725 2555 2107 2613 eruditissimis

509 2639 824 2698 Judteorum
875 2643 1094 2700 assidue
1143 2661 1455 2702 sermonem
1486 2647 1734 2715 confert;
1769 2648 1939 2704 libros
1985 2665 2107 2720 pro-

515 2739 634 2810 pria
659 2755 823 2796 manu
848 2739 1144 2807 describit;
1173 2743 1460 2798 contendit
1484 2742 1677 2800 Grzeca
1695 2758 1818 2799 cum
1843 2744 2107 2802 Hebraeis.

515 2831 762 2904 Denique
794 2833 925 2905 quid
966 2848 1099 2900 non,
1142 2843 1202 2890 ut
1231 2833 1429 2906 lingua:
1461 2844 1668 2891 sancta!
1696 2835 2108 2906 intelligentiam

512 2926 984 2998 consequeretur?
1017 2926 1214 2982 Merito
1252 2926 1421 2998 igitur
1447 2927 1629 2984 aiebat
1652 2943 1816 3000 supra
1847 2947 1859 2982 :
1892 2927 1960 2984 Et
1987 2947 2111 3001 gra-

511 3019 610 3075 tias
655 3035 754 3092 ago
789 3017 1044 3089 Domino,
1089 3020 1227 3091 quod
1257 3021 1321 3075 de
1363 3037 1544 3076 amaro
1592 3022 1786 3076 semine
1821 3021 2109 3077 litterarum

513 3112 692 3167 dulces
742 3112 946 3182 fructus
985 3128 1176 3184 carpo;
1215 3112 1266 3168 id
1298 3121 1383 3170 est
1409 3155 1424 3180 ,
1471 3113 1755 3170 scientiam
1803 3114 2106 3171 divinarum

513 3201 946 3273 Scriptttrarum,
973 3213 1030 3260 et
1059 3205 1330 3260 sermonis
1363 3204 1585 3261 Hebraei
1616 3207 1890 3278 peritiam.

586 3295 678 3352 IV.
719 3295 1012 3352 Multarum
1056 3297 1219 3369 igitur
1257 3299 1570 3368 linguarum
1611 3300 1842 3356 scientia
1881 3301 2110 3374 insignis

513 3388 902 3462 Hieronymus,
932 3403 985 3446 et
1016 3390 1157 3461 apud
1189 3407 1381 3448 omnes
1409 3393 1716 3454 eruditione
1746 3412 1841 3451 sua
1869 3398 2113 3455 celebra-

513 3493 633 3552 tus;
662 3484 813 3540 brevi
841 3500 870 3538 a
903 3477 1144 3555 pluribus
1174 3486 1353 3555 rOgari
1383 3487 1544 3555 cmpit
1566 3528 1582 3553 ,
1614 3498 1676 3543 ut
1711 3489 1881 3546 libros
1923 3506 2111 3548 sacros

514 3593 548 3633 e
576 3576 816 3633 fontibus
839 3575 1084 3633 Hebraeis
1119 3577 1172 3632 in
1197 3576 1450 3633 Latinum
1481 3594 1788 3637 sermonem
1815 3583 2113 3642 transferre

516 3677 701 3734 vellet.
758 3677 963 3735 Omnes
1022 3678 1461 3750 prtefatiunculzn
1521 3681 1725 3738 veteris
1781 3680 2112 3738 Tcstamenti

513 3784 746 3842 quarum
805 3785 873 3826 ex
913 3779 1071 3841 parte
1129 3773 1380 3844 exempla
1430 3773 1808 3843 subjiciemus,
1861 3773 1985 3828 huic
2036 3772 2114 3828 rei

518 3873 686 3920 testes
707 3871 858 3920 sunt.
889 3863 961 3920 Et
990 3865 1326 3936 superfluum
1356 3877 1464 3934 est,
1506 3866 1655 3938 quod
1687 3865 1743 3922 in
1772 3865 1880 3922 illis
1906 3865 2112 3920 dictum

519 3959 820 4029 invenitur,
883 3959 1046 4015 aliter
1087 3976 1248 4030 quam
1305 3960 1384 4015 ibi
1424 3962 1628 4016 dictum
1669 3970 1788 4029 est,
1847 3961 2110 4017 scribere.

519 4051 852 4124 Incipiamus
879 4052 1044 4126 igitur
1069 4069 1097 4108 a
1122 4053 1347 4121 Genesi,
1383 4056 1540 4125 cujus
1571 4055 1827 4126 prologus
1848 4057 1968 4110 talis
1995 4064 2112 4111 cst:

523 4142 784 4200 Desiderii
806 4145 906 4199 mei
933 4145 1260 4200 desideratus
1285 4147 1460 4218 accepi
1489 4147 1756 4216 epistolas,
1779 4147 1868 4219 qui
1893 4147 2116 4218 quodam

527 4238 785 4311 prtesagio
815 4240 1112 4310 futurorum
1149 4255 1266 4293 cum
1311 4237 1531 4295 Daniele
1573 4240 1786 4294 sortitus
1811 4248 1886 4294 est
1911 4256 2115 4306 nomen,

527 4331 846 4386 obsecrantis
873 4341 929 4385 ut
970 4329 1277 4386 translatum
1305 4333 1358 4386 in
1380 4330 1618 4404 linguam
1660 4331 1898 4387 Latinam
1927 4334 1988 4387 de
2011 4331 2120 4386 Hec

527 4426 664 4480 ιι·ωο
710 4441 946 4481 sermone
991 4425 1400 4481 Pentateuchum
1445 4438 1739 4482 nostrorum
1777 4429 1988 4482 auribus
2016 4438 2121 4481 tra-

529 4519 724 4574 derem.
768 4517 901 4574 Erat
941 4516 1090 4574 forte
1131 4518 1220 4574 hic
1260 4517 1565 4574 Desidet-ius
1610 4530 1832 4575 sanctus
1871 4521 1960 4575 ille
1999 4535 2122 4590 prc-

527 4611 720 4684 sbyter
764 4611 821 4667 in
873 4611 1137 4668 Vasconia
1164 4653 1180 4678 ,
1230 4613 1324 4683 qui
1371 4628 1494 4669 cum
1528 4613 1756 4684 Ripario
1803 4624 1992 4670 auctor
2022 4612 2122 4669 fuit

527 4706 794 4762 luculenti
843 4707 1026 4777 operis
1075 4706 1207 4763 editi
1259 4705 1329 4762 ab
1380 4707 1714 4780 Hieronymo
1775 4724 1872 4781 pro
1919 4708 2120 4763 sanctis

526 4810 830 4872 martyrum
869 4799 1124 4872 reliquiis
1163 4799 1424 4856 adversus
1466 4800 1840 4870 Vigilantiam.
1872 4801 2121 4857 Attcfores

526 4899 647 4947 sunt
683 4889 846 4965 hujus
878 4890 1281 4947 Dictatiunculte
1319 4908 1444 4948 mea:
1469 4936 1484 4959 ,
1528 4892 1700 4963 inquit
1733 4894 2117 4964 Hieronymus,

526 4985 692 5039 sancti
723 4985 1009 5055 presbyteri
1031 4984 1284 5055 Riparius
1315 4994 1362 5040 et
1392 4984 1713 5054 Desiderius,
1737 4988 1822 5059 qui
1847 4988 2122 5060 parochias

526 5095 648 5132 suas
690 5079 879 5134 t'icinia
923 5079 1077 5134 istius
1107 5079 1334 5134 scribunt
1365 5096 1473 5135 esse
1502 5082 1812 5147 maculatas,
1843 5085 2114 5138 miserunt-

527 5189 626 5244 que
671 5173 831 5227 libros
872 5190 962 5244 per
1001 5180 1220 5244 jratrem
1261 5175 1552 5230 Sisinnium
1577 5219 1592 5244 ,
1635 5185 1741 5233 etc.
1793 5176 1908 5232 Nisi
1951 5179 2116 5234 alium

526 5265 857 5322 Desiderium
897 5265 1069 5323 fuisse
1107 5266 1422 5334 credamus,
1457 5269 1744 5324 honestum
1775 5279 1827 5326 et
1856 5271 2117 5342 eloquen-

530 5369 638 5414 tem
671 5360 846 5417 virum
867 5401 884 5427 ,
921 5361 1010 5416 cui
1041 5359 1101 5417 S.
1129 5358 1334 5416 Doctor
1365 5361 1642 5419 scribebat
1672 5363 1959 5434 epistolam
1989 5366 2115 5436 154,

530 5453 583 5508 in
624 5467 728 5524 qua
768 5452 933 5509 etiam
971 5461 1242 5522 apparet,
1285 5451 1550 5523 opuscula
1592 5453 1908 5527 Hieronymi
1948 5458 2118 5516 vehe-

530 5554 744 5602 menter
777 5543 1036 5614 postulari
1061 5542 1131 5599 ab
1158 5558 1248 5612 eo,
1273 5545 1366 5616 qui
1399 5559 1520 5600 cum
1554 5543 1780 5603 Daniele
1804 5549 2117 5605 vaticinium

532 5639 805 5696 habuerit.
853 5636 962 5696 Sed
1006 5637 1254 5708 quisquis
1302 5637 1470 5695 fuerit
1506 5639 1611 5696 iste
1648 5637 1988 5712 Desiderius,
2029 5645 2120 5714 qui

531 5727 959 5790 Pentateucbum
1001 5728 1196 5785 Latino
1243 5744 1500 5787 sermone
1551 5733 1874 5790 translatum
1913 5751 1980 5791 ex
2019 5734 2125 5792 He-

532 5821 682 5883 braeo
706 5821 1034 5898 lllagitabat;
1066 5831 1273 5882 certum
1302 5823 1517 5884 videtur
1538 5839 1783 5885 sanctum
1809 5827 1996 5902 fuisse,
2026 5846 2125 5891 nec

2209 1911 2378 1968 scopo
2403 1896 2745 1963 Chromatio,
2773 1895 2841 1952 ad
2881 1894 3088 1952 fontem
3122 1895 3410 1952 Hebrteum
3438 1894 3648 1951 Latinis
3689 1908 3805 1949 ser-

2209 1991 2466 2047 monibus
2495 1990 2806 2062 expressit:
2834 1989 2894 2046 Si
2923 1989 3286 2062 Septuaginta,
3319 1989 3518 2060 inquit,
3549 1987 3810 2057 Interpre-

2209 2096 2315 2141 tunt
2345 2103 2508 2160 pura,
2549 2094 2596 2140 et
2644 2094 2700 2140 ut
2752 2085 2815 2140 ab
2864 2085 2935 2139 eis
2982 2084 3036 2138 in
3084 2081 3322 2140 Gnaeum
3351 2100 3496 2140 versa
3524 2093 3620 2152 est,
3651 2083 3808 2138 editio

2207 2188 2547 2253 permaneret,
2579 2181 2841 2251 super/lue
2868 2194 2966 2246 me,
2993 2176 3276 2244 Chromati,
3301 2178 3657 2248 episcoporum
3687 2193 3809 2230 san-

2209 2273 2436 2327 ctissime
2471 2281 2625 2343 atque
2650 2271 2964 2338 doctissime,
2994 2269 3305 2340 impelleres,
3336 2278 3392 2323 ut
3422 2267 3643 2323 llebra'a
3663 2269 3808 2323 rolu—

2209 2367 2352 2420 mina
2399 2365 2588 2420 Latino
2634 2382 2867 2421 sermone
2903 2368 3260 2436 transferrem.
3311 2362 3631 2434 lmpellcbat
3676 2377 3808 2433 ergo

2209 2459 2586 2515 sanctissimus
2635 2469 2801 2531 atque
2858 2458 3208 2514 doctissimus
3267 2460 3556 2528 cpiscopus
3613 2457 3807 2512 lliero-

2209 2568 2454 2623 nymutn,
2505 2561 2565 2607 ut
2609 2553 2829 2608 omissis
2869 2552 3170 2608 rivulorunt
3213 2551 3544 2618 tramitibus,
3581 2565 3648 2605 ex
3695 2551 3807 2620 ipsa

2211 2645 2444 2700 veritate
2472 2644 2740 2700 llebraica
2783 2646 2958 2700 libros
3001 2658 3188 2700 sacros
3234 2643 3443 2698 Latinis
3495 2641 3808 2698 hominibus

2212 2739 2471 2796 traderet.
2505 2739 2612 2794 Pro
2655 2739 2794 2794 libro
2826 2739 2976 2794 Eme
3005 2748 3062 2794 et
3091 2738 3366 2794 Neliemia:
3405 2739 3658 2794 similiter
3688 2753 3810 2792 vcr-

2213 2833 2399 2898 tendo,
2432 2831 2794 2888 Domuionem
2826 2842 2880 2888 et
2903 2831 3265 2904 Rogatianum
3299 2832 3634 2904 Hieronymo
3663 2831 3810 2885 insti-

2211 2928 2344 2984 tisse
2377 2927 2612 2998 probant
2653 2927 2818 2983 verba
2857 2927 2993 2992 haec,
3027 2943 3150 2998 qua:
3189 2927 3241 2982 in
3272 2925 3596 2997 praefatione
3625 2927 3811 2995 legun-

2211 3031 2341 3076 tur:
2368 3021 2574 3076 Tertius
2613 3038 2780 3075 annus
2816 3033 2911 3088 est,
2961 3021 3101 3088 quod
3143 3038 3345 3090 δειπνεῖ·
3384 3021 3606 3076 scribitis
3660 3029 3810 3089 atque

2211 3115 2511 3182 rescribitis,
2558 3123 2611 3168 ut
2653 3112 2805 3170 Ezrte
2849 3114 3037 3168 librum
3081 3115 3146 3168 de
3195 3112 3414 3169 Hebrwo
3461 3113 3809 3184 transferam:

2216 3210 2367 3279 quasi
2411 3226 2511 3264 non
2556 3208 2790 3264 habeatis
2837 3207 3023 3263 Grteca
3061 3218 3107 3262 et
3149 3207 3338 3262 Latina
3383 3209 3670 3272 uolumina;
3718 3215 3809 3260 aut

2215 3303 2469 3376 quidquid
2517 3304 2653 3359 illud
2680 3312 2790 3370 est,
2821 3304 2960 3375 quod
2986 3322 3018 3357 a
3043 3303 3186 3358 nobis
3227 3303 3462 3369 uertitur,
3501 3319 3603 3356 non
3637 3301 3809 3356 statim

2215 3398 2280 3451 ab
2305 3396 2544 3451 omnibus
2571 3395 2960 3468 conspuendum
2983 3397 3070 3450 sit.
3102 3395 3265 3450 Certe
3303 3396 3356 3448 in
3386 3394 3624 3449 Ecclesia
3652 3389 3811 3447 Chri-

2216 3491 2284 3545 sti
2317 3504 2426 3544 non
2459 3489 2561 3544 fuit
2587 3498 2716 3543 tunc
2748 3489 3008 3558 temporis
3039 3487 3120 3540 vir
3153 3487 3452 3541 Domnione
3481 3484 3812 3539 celebratior

2218 3581 2415 3637 illustri
2447 3579 2752 3636 sanctitatis
2776 3580 2964 3645 laude,
2996 3589 3057 3634 ut
3096 3586 3294 3634 testata
3322 3592 3412 3633 res
3439 3585 3524 3632 est
3562 3575 3810 3647 pluribus

2219 3676 2469 3751 epistolis
2515 3675 2871 3748 Hieronymi,
2924 3673 3243 3745 Augustini,
3301 3686 3366 3728 ac
3418 3670 3656 3736 Paulini;
3710 3683 3813 3726 nec

2218 3789 2325 3830 non
2368 3770 2568 3836 Ruﬁni,
2611 3781 2665 3827 et
2705 3769 2929 3827 Palladii
2969 3767 3207 3838 scriptis.
3251 3765 3591 3836 Rogatianus
3628 3769 3811 3818 autem

2219 3866 2390 3922 frater
2437 3865 2684 3921 creditur
2728 3863 2969 3934 ejusdem
3017 3859 3347 3917 sanctissimi
3397 3858 3575 3914 Patris
3601 3867 3656 3913 et
3686 3872 3814 3928 pre-

2220 3959 2425 4032 sbyteri
2453 3959 2790 4023 Domnionis,
2811 3955 2904 4022 qui
2932 3954 3240 4011 veneranda
3265 3953 3466 4010 canitie
3485 3950 3815 4007 Christianis

2221 4055 2475 4109 omnibus
2503 4066 2716 4107 summo
2744 4051 2797 4105 itt
2827 4049 3034 4106 honore
3060 4056 3198 4113 erat,
3241 4058 3403 4118 atque
3435 4042 3817 4114 hospitalitatis

2221 4147 2403 4204 officio
2429 4146 2530 4201 Lot
2567 4145 2656 4200 sui
2691 4144 2951 4215 temporis
2987 4141 3252 4214 appellari
3283 4140 3500 4195 meruit.
3535 4135 3692 4192 Tales
3723 4136 3819 4190 ha-

2223 4241 2340 4297 buit
2370 4239 2728 4310 Hieronymus
2777 4237 3087 4292 hortatores
3137 4231 3550 4289 translationum
3595 4243 3814 4284 suarum

2224 4351 2290 4390 ex
2325 4334 2572 4389 llebrzco.
2614 4331 2804 4387 Libros
2847 4344 3063 4402 quoque
3100 4326 3404 4385 Salomonis
3449 4341 3513 4381 ex
3556 4321 3817 4379 llebraica

2226 4426 2454 4482 veritate
2501 4437 2828 4492 conversos,
2874 4423 3078 4479 sanctis
3106 4419 3375 4492 episcopis
3413 4417 3728 4474 Chromatio
3766 4423 3822 4470 et

2230 4520 2522 4576 lleliodoro
2549 4518 2818 4574 dedicavit
2838 4537 2850 4572 :
2873 4532 3107 4588 quorum
3135 4515 3333 4573 deinde
3363 4509 3821 4586 postulationibus

2145 4588 2199 4650 D
2225 4614 2592 4686 acqtticscens,
2645 4613 2845 4668 librum
2877 4611 3058 4668 Tobias
3086 4609 3341 4666 Chaldaeo
3384 4622 3638 4664 sermone
3678 4603 3816 4660 scri-

2228 4719 2374 4780 ptum
2422 4706 2613 4763 Latine
2663 4707 3049 4776 interpretatus
3089 4712 3194 4760 est.
3230 4702 3419 4757 Mirari
3467 4717 3569 4756 non
3619 4698 3818 4762 desino,

2226 4801 2343 4871 ejus
2373 4809 2500 4856 sunt
2537 4798 2722 4866 verba,
2762 4799 3045 4852 eraetionis
3073 4807 3251 4852 vestra:
3291 4795 3628 4850 instantiam:
3657 4789 3824 4860 exigi-

2227 4897 2293 4951 tis
2339 4896 2473 4950 enim
2522 4904 2578 4949 ut
2629 4893 2820 4948 librum
2868 4892 3114 4948 Chaldaeo
3157 4907 3391 4946 sermone
3430 4890 3779 4959 conscriptum

2225 4990 2293 5044 ad
2331 4988 2578 5044 Latinum
2621 4989 2813 5059 stylunt
2863 4987 3196 5041 traham....
3249 4985 3349 5055 feci
3397 4986 3525 5039 satis
3563 4984 3822 5039 desiderio

2226 5092 2416 5150 restro,
2461 5099 2564 5136 non
2613 5093 2782 5136 tamen
2840 5095 2952 5134 meo
3013 5079 3205 5133 studio.
3265 5080 3503 5148 Arguunt
3566 5077 3700 5132 enim
3731 5093 3827 5132 nos

2231 5175 2568 5230 IIebrteorum
2615 5176 2814 5239 studia,
2859 5181 2909 5228 et
2954 5175 3209 5243 imputant
3254 5172 3402 5227 nobis
3449 5183 3629 5226 contra
3673 5186 3823 5224 suum

2227 5271 2513 5340 Cononem,
2548 5269 2752 5327 Latinis
2780 5267 2994 5324 auribus
3031 5268 3136 5322 ista
3165 5268 3462 5338 transferre.
3506 5264 3615 5322 Sed
3642 5264 3827 5317 melius

2225 5380 2334 5419 esse
2365 5364 2614 5435 judicans
2639 5361 3031 5417 Pharisteorunt
3059 5361 3333 5431 displicere
3362 5358 3589 5430 judicio,
3633 5365 3679 5410 et
3709 5357 3824 5426 epi-

2229 5473 2500 5530 scoporum
2530 5457 2858 5530 jussionibus
2897 5454 3188 5518 deservire,
3229 5452 3396 5506 institi
3434 5461 3488 5505 ut
3515 5450 3680 5521 potui,
3711 5458 3820 5502 etc.

2227 5547 2606 5620 SOphronius,
2646 5549 2730 5604 vir
2769 5549 3013 5618 apprime
3057 5545 3323 5611 eruditus,
3365 5544 3508 5599 inter
3535 5557 3630 5598 eos
3657 5541 3822 5596 etiam

2228 5643 2602 5699 numerandus
2627 5643 2796 5706 venit,
2838 5641 2928 5711 qui
2971 5638 3358 5710 Hieronymum
3401 5634 3598 5692 litteris
3637 5633 3829 5704 impel-

2230 5736 2415 5793 lebant
2443 5736 2512 5791 ad
2544 5735 2852 5805 hujusmodi
2883 5731 3269 5788 translationes
3299 5730 3538 5786 Latinas.
3568 5725 3824 5786 Undevad

2231 5833 2480 5894 eumdem
2513 5827 2876 5902 SOphronium
2925 5826 2992 5884 de
3024 5825 3316 5883 occasione
3357 5821 3628 5881 versionis
3671 5817 3826 5877 Psal-
3849 5819 3866 5844 ‘
