4040 6360
267 307 331 367 ΙΙ
942 292 1507 359 PROLEGOMENON
1548 301 1586 356 Ι.
1633 300 1717 356 DE
1759 294 2020 356 NOMINE
2065 295 2546 358 BlBLlOTlIECIE
2591 298 2865 359 DlVINAE.
3489 306 3562 362 42

269 424 381 479 terii
429 439 497 477 ex
531 423 760 476 Hebraeo
809 421 1074 486 scribens,
1121 420 1239 476 hac
1283 421 1332 474 in
1366 419 1680 488 prafatione
1712 435 1856 474 com-
1892 418 1943 478 A
1974 417 2036 471 Et
2070 419 2262 473 iterum
2293 438 2306 475 :
2337 418 2543 490 Ecquid
2563 421 2614 474 in
2653 421 2858 476 homine
2879 429 3046 475 tutum
3073 423 3159 489 sit,
3193 423 3237 476 si
3269 423 3566 478 innocentia

266 517 607 573 miniscitur:
637 514 772 581 Quia
794 514 954 582 igitur
984 531 1150 585 nuper
1179 530 1297 567 cum
1326 513 1542 568 llebra’o
1573 515 1864 581 disputans,

265 607 503 680 quadam
535 623 628 679 pro
663 605 888 660 Domino
921 606 1194 662 Saleatore
1222 607 1285 661 de
1317 606 1544 661 Psalmis
1576 608 1869 661 testimonia

265 702 530 775 protulisti
566 716 585 755 :
626 699 903 771 volensque
957 700 1046 755 ille
1090 709 1140 754 te
1185 684 1433 764 illudere,
1482 715 1571 769 per
1614 716 1868 754 sermones

267 813 391 866 pene
431 793 668 865 singulos
709 792 966 847 asserebat
997 809 1098 846 non
1128 793 1200 845 ita
1226 792 1400 846 haberi
1435 793 1490 846 in
1536 791 1772 860 Hebrteo,
1814 801 1872 845 ut

267 903 319 946 tu
360 893 424 946 de
454 890 804 964 Septuaginta
830 887 1216 958 Interpretibus
1257 889 1569 961 apponebas,
1599 889 1874 945 studiosis-
1902 923 1909 932 α

263 987 392 1040 sime
441 983 747 1055 postulasti,
779 991 840 1037 ut
867 990 980 1054 post
1010 981 1277 1054 Aquilam,
1318 990 1365 1036 et
1395 981 1789 1054 Symmachum,
1826 989 1874 1036 et

264 1078 703 1144 Tlteodotionem,
731 1093 915 1132 novam
941 1076 1224 1131 editionem
1247 1076 1436 1130 Latino
1461 1091 1693 1129 sermone
1713 1085 1876 1129 trans-

266 1177 478 1244 ferrem.
516 1173 704 1226 Aiebas
743 1170 880 1225 enim
931 1179 978 1224 te
1024 1170 1192 1240 magis
1244 1168 1587 1238 interpretum
1626 1167 1877 1222 varietate

265 1267 502 1333 turbari,
559 1275 604 1318 ct
639 1281 814 1319 amore
843 1280 943 1332 quo
992 1263 1208 1329 laberis,
1254 1264 1331 1318 vel
1376 1263 1750 1328 translatione,
1798 1261 1876 1316 vel

254 1360 468 1435 judicio
504 1377 614 1414 meo
643 1376 757 1414 esse
787 1366 1108 1413 contentum.
1159 1355 1310 1412 Unde
1346 1354 1602 1427 impulsus
1633 1373 1663 1408 a
1697 1365 1762 1420 te,
1796 1355 1878 1408 cui

263 1464 310 1508 ει
340 1470 466 1526 qua:
513 1470 746 1522 possunt,
792 1468 983 1524 negare
1027 1469 1128 1505 non
1162 1467 1397 1522 possum,
1431 1466 1639 1502 rursum
1667 1465 1746 1501 me
1784 1449 1876 1501 0b-

264 1557 608 1602 trectatorum
636 1545 911 1601 latratibus
940 1545 1167 1599 tradidi:
1191 1544 1454 1615 maluique
1483 1552 1530 1596 te
1560 1543 1689 1596 vires
1714 1557 1872 1607 meas,

264 1659 428 1713 quant
456 1642 774 1696 voluntatem
800 1641 853 1694 in
891 1639 1122 1694 amicitia
1147 1653 1395 1709 qumrere.
1431 1634 1579 1690 Certe
1612 1633 1880 1704 conﬁden-

266 1744 346 1789 ter
396 1735 600 1800 dicam,
650 1745 700 1789 et
748 1731 939 1787 multos
987 1731 1142 1803 hujus
1175 1732 1348 1802 aperis
1398 1739 1548 1785 testes
1583 1730 1771 1795 citabo,
1799 1743 1882 1782 me

1973 510 2248 565 criminosa
2271 521 2343 566 est
2363 513 2386 566 ?
2401 509 2701 568 Dormiente
2723 515 3121 583 patrefamilias,
3147 515 3382 569 inimicus
3411 515 3563 569 Itomo

1972 602 2173 656 zizania
2214 605 2658 675 supersemlnavit.
2698 605 3074 661 Exterminarit
3111 608 3311 662 vineam
3350 625 3474 679 aper
3505 608 3569 664 de

1971 698 2136 761 silva,
2164 709 2210 751 et
2239 698 2522 770 singularis
2553 700 2693 770 ferus
2725 701 2970 772 depastus
2997 713 3070 756 est
3101 719 3228 756 eam.
3259 702 3370 774 Ego
3401 713 3565 773 taceo,

1975 799 2020 842 et
2066 788 2248 845 littera:
2287 809 2390 846 non
2423 809 2548 847 mete
2575 794 2855 865 loquuntur
2883 803 3060 850 contra
3099 811 3198 849 me.
3243 794 3438 867 Ignoro
3468 796 3573 849 cri-

1974 896 2110 950 men,
2129 883 2382 936 etcrimen
2405 884 2460 938 in
2488 893 2594 939 toto
2619 885 2739 940 orbe
2769 886 3040 957 conﬁteor.
3064 886 3184 942 Heu
3214 889 3368 954 mihi,
3402 897 3572 942 mater

1976 989 2108 1044 mea,
2142 984 2197 1029 ut
2221 971 2345 1045 quid
2367 993 2446 1031 me
2467 978 2709 1050 genuisti,
2735 979 2923 1047 virum,
2954 981 3043 1050 qui
3063 979 3272 1049 judicer
3299 990 3349 1034 et
3380 981 3576 1035 discer-

1978 1085 2073 1122 nar
2103 1070 2242 1124 omni
2276 1072 2468 1125 terra?
2499 1071 2595 1126 llis
2633 1071 2950 1127 inﬂammati
2982 1073 3199 1129 invidia
3243 1073 3473 1140 facibus,
3512 1089 3578 1130 ac

1979 1162 2240 1232 nequitia
2278 1163 2488 1218 artibus
2522 1166 2769 1220 instructi
2805 1166 3109 1222 nebulones
3151 1167 3368 1237 quidam
3402 1182 3577 1238 Oppu-

1979 1255 2219 1324 gnabant
2250 1256 2639 1312 translationes
2663 1257 2958 1314 Hebraicas
2983 1258 3321 1332 Hieronymi.
3343 1258 3582 1329 Signiler

1980 1362 2166 1402 eorum
2208 1349 2307 1403 fuit
2348 1349 2608 1418 Rufinus,
2653 1350 2754 1405 etsi
2799 1351 3015 1422 juraret
3051 1369 3110 1409 se
3150 1356 3436 1424 epistolam
3470 1371 3578 1409 non

1981 1442 2268 1510 scripsisse
2296 1443 2362 1497 ad
2391 1442 2554 1498 Afros
2585 1443 2687 1498 sub
2720 1445 2942 1502 nomine
2973 1447 3284 1520 Hieronymi
3312 1491 3326 1516 ,
3370 1450 3422 1504 in
3471 1465 3579 1520 qua

1982 1536 2082 1590 iste
2107 1535 2759 1593 conﬁtereturinductum
2785 1555 2907 1595 esse
2933 1556 2962 1596 a
2988 1541 3190 1598 Judais
3218 1554 3273 1598 ut
3298 1545 3582 1602 mendacia

1983 1632 2322 1688 transferret.
2350 1631 2502 1689 Inter
2523 1637 2770 1707 gregales
2799 1637 3044 1708 ejusdem
3069 1637 3272 1706 Ruﬁni,
3306 1655 3585 1712 oppugna-

1986 1733 2161 1780 torem
2202 1741 2418 1797 quoque
2459 1727 2648 1784 habuit
2679 1729 2981 1787 Palladium
3026 1732 3426 1805 Hieronymus;
3461 1750 3585 1790 nam

269 1829 408 1884 nihil
439 1829 715 1882 dumtaxat
745 1828 987 1881 scientem
1015 1824 1078 1879 de
1104 1823 1361 1878 Hebraica
1390 1825 1601 1878 veritate
1627 1831 1874 1877 mutasse.
1908 1809 1955 1868 Β
1985 1821 2147 1893 hujus
2190 1823 2306 1893 ipse
2347 1824 2596 1882 meminit
2632 1827 2904 1896 proamio
2939 1827 3285 1899 Dialogorum
3321 1822 3589 1886 adversus

271 1922 487 1976 Invitus
518 1921 750 1991 denique
797 1927 852 1975 et
898 1927 1122 1974 coactus
1147 1917 1328 1972 Paula
1368 1917 1559 1971 matris
1591 1927 1654 1970 ac
1686 1916 1885 1970 Eusto-

269 2017 386 2072 cbii
420 2015 650 2086 virginis
677 2013 1010 2086 quotidianis‘
1050 2012 1454 2079 exactionibus,
1494 2013 1883 2082 pronhetarum

274 2122 389 2167 tam
433 2111 726 2182 majorum,
768 2126 930 2180 quam
973 2110 1242 2164 minorum
1295 2107 1571 2162 volumina
1619 2104 1886 2160 latinitate

273 2205 502 2262 donavit
551 2223 565 2260 :
613 2204 666 2259 id
697 2204 842 2259 enim
892 2217 1151 2274 expresse
1183 2200 1539 2272 conqueritur
1569 2197 1887 2269 praefatione

278 2298 331 2353 in
365 2297 658 2353 Jeremiam
679 2340 692 2363 ,
725 2295 988 2368 quamhis
1018 2295 1199 2350 verbis
1221 2293 1496 2349 definitam
1526 2309 1649 2349 esse
1677 2292 1883 2348 voluit:

279 2389 390 2446 Pro
441 2389 524 2445 Itis
573 2389 810 2445 omnibus
857 2389 1140 2444 maledicta
1167 2387 1229 2443 ab
1261 2388 1464 2444 a’mulis
1503 2389 1887 2459 prtestolantes,

279 2485 469 2557 quibus
493 2502 576 2540 me
598 2502 803 2540 necesse
825 2494 898 2541 est
927 2501 1018 2558 per
1041 2483 1247 2555 singula
1277 2482 1532 2555 Opuscula
1556 2483 1887 2550 respondere.

283 2577 353 2634 Et
391 2578 489 2632 hoc
522 2581 716 2649 patior,
747 2579 872 2649 quia
923 2595 1009 2633 vos
1037 2577 1238 2650 cogitis.
1270 2574 1526 2654 Caeterum
1553 2575 1623 2628 ad
1652 2591 1894 2647 compen-

287 2670 436 2724 dium
484 2672 611 2725 ntali
651 2672 839 2726 rectius
888 2670 1059 2740 fuerat
1108 2667 1320 2722 modum
1373 2667 1541 2740 furori
1591 2682 1768 2722 eorum
1823 2666 1896 2720 si-

290 2768 448 2821 lentio
480 2781 595 2820 meo
642 2780 855 2837 ponere,
901 2780 1055 2836 quam
1101 2761 1333 2835 quotidie
1378 2761 1496 2816 novi
1522 2742 1894 2831 aliquid'scri-

295 2859 591 2930 ptitantcm,
626 2856 923 2910 invidorum
953 2855 1215 2910 insaniam
1248 2868 1544 2924 prouocare.
1578 2852 1694 2907 Huc
1722 2865 1896 2922 usque

289 2951 358 3005 de
391 2952 557 3004 tantis
602 2965 668 3004 ac
717 2950 914 3006 talibus
959 2949 1304 3005 exactoribus
1348 2945 1895 3018 Hieronymianarum

291 3043 616 3098 versionum
664 3041 872 3097 dixisse
917 3041 1173 3106 sufﬁciat,
1227 3049 1286 3095 ut
1329 3049 1506 3096 ratum
1548 3038 1619 3094 sit
1646 3037 1898 3095 omnibus

293 3151 570 3192 summam
597 3137 652 3192 in
684 3136 932 3192 Ecclesia
955 3135 1053 3192 Dei
1082 3134 1249 3192 fuisse
1280 3149 1498 3206 semper
1520 3135 1896 3190 auctoritatem

1988 1915 2348 1985 Pelagianos,
2405 1917 2596 1974 dicens
2645 1937 2656 1972 :
2713 1919 3025 1988 Palladius,
3075 1921 3271 1977 servilis
3323 1926 3587 1995 nequitia,

1989 2009 2219 2064 eamdem
2272 2011 2508 2067 hatresim
2556 2014 2851 2070 instaurare
2893 2027 3107 2070 conatus
3160 2027 3264 2086 est,
3311 2026 3358 2071 et
3404 2035 3588 2074 novam

1989 2103 2352 2158 translationis
2386 2103 2665 2161 Hebraicce
2696 2107 2823 2161 mihi
2863 2109 3181 2163 calumniam
3212 2118 3441 2178 struere,
3476 2121 3584 2166 elc.

1991 2197 2034 2254 0
2062 2199 2246 2255 felices
2278 2200 2333 2256 S.
2375 2201 2630 2257 Doctoris
2659 2202 2908 2271 labores,
2954 2204 3044 2276 qui
3091 2222 3381 2277 numquam
3417 2205 3593 2262 bare-

1993 2291 2116 2348 ticis
2151 2308 2406 2363 parcens,
2439 2295 2587 2350 omni
2618 2296 2727 2364 egit
2755 2296 2964 2363 studio,
2996 2305 3056 2352 ut
3082 2297 3273 2353 hostes
3306 2299 3592 2369 Ecclesia,

1994 2385 2112 2454 ejus
2137 2401 2354 2458 quoque
2377 2386 2563 2442 hostes
2580 2386 2805 2444 ﬁerent!
2839 2389 3025 2460 Neque
3040 2407 3172 2446 vero
3198 2401 3273 2447 tot
3293 2393 3594 2448 calumnias

1995 2483 2373 2551 excogitarent
2409 2481 2734 2554 Origenista
2760 2485 2826 2539 ad
2863 2486 3091 2542 exitium
3127 2487 3302 2542 sancti
3330 2488 3462 2554 viri,
3490 2487 3597 2542 nisi

1995 2573 2155 2644 prius
2181 2574 2398 2630 illorum
2432 2591 2651 2632 errores
2683 2579 2899 2650 publice
2928 2580 3318 2652 redarguisset,
3350 2582 3598 2652 scriptis-

1998 2685 2103 2740 que
2132 2669 2387 2742 fregisset
2419 2673 2661 2745 ipsorum
2691 2677 3028 2747 superbiam.
3061 2679 3132 2735 At
3162 2679 3287 2736 licet
3311 2680 3482 2752 hydra
3522 2682 3599 2737 si-

1999 2762 2228 2833 bilaret;
2263 2767 2551 2838 victorque
2587 2769 2771 2825 Sinon.
2805 2772 3054 2828 incendia
3091 2773 3330 2843 jactaret
3372 2794 3382 2827 :
3427 2777 3600 2847 magis

1999 2870 2314 2917 sanctorum
2347 2861 2591 2918 virorum
2626 2864 2894 2922 charitate
2921 2868 3320 2937 provocabatur
3362 2869 3430 2924 ad
3481 2879 3599 2925 slu-

2001 2955 2176 3025 dium,
2209 2971 2374 3027 quam
2408 2959 2716 3015 invidorum
2746 2961 3087 3019 detractione
3117 2975 3171 3020 et
3199 2965 3328 3020 odio
3359 2966 3606 3022 deterre-

2003 3055 2172 3103 retur.
2224 3047 2401 3105 Tanto
2461 3060 2642 3107 autem
2697 3052 2870 3110 livore
2939 3055 3330 3126 torquebantur
3376 3069 3604 3128 propter

2004 3141 2420 3199 translationem
2445 3145 2768 3201 Hebraicam
2789 3188 2803 3212 ,
2832 3157 2942 3203 tum
2971 3147 3168 3216 Judai,
3197 3160 3306 3205 tum
3347 3151 3604 3206 malevoli

292 3231 634 3285 voluminum
664 3229 1060 3285 Ilebraicorum
1091 3229 1297 3285 veteris
1331 3226 1706 3293 lnstrumenti,
1752 3227 1897 3298 quod
1925 3211 1968 3273 Ο
2002 3228 2322 3303 Christiani,
2358 3247 2415 3290 ut
2441 3235 2835 3310 Hieronymum
2867 3239 2938 3294 de
2969 3211 3372 3298 inedio'tollere
3401 3242 3605 3298 voluis-

299 3323 502 3380 Latine
527 3324 785 3380 redditum
813 3325 1074 3381 Ecclesiis
1100 3324 1411 3379 dedicatum
1440 3334 1545 3392 est,
1569 3330 1898 3394 procurante

297 3418 621 3473 ancillarum
645 3418 865 3484 Christi,
901 3417 1146 3472 virorum
1178 3416 1486 3484 doctorum,
1519 3431 1582 3472 ac
1611 3414 1894 3471 sanctissi-

299 3527 518 3566 morum
547 3511 930 3582 episcoporum
961 3511 1196 3582 agmine.

368 3608 490 3663 Jam
541 3606 684 3678 quod
737 3616 1140 3680 oppugnatores
1197 3605 1516 3662 earumdem
1579 3604 1898 3660 translatio-

303 3717 430 3758 num
470 3711 710 3772 Spectat,
751 3701 799 3756 si
830 3702 1192 3773 Augustinum
1226 3699 1487 3770 excipias,
1522 3715 1682 3755 nemo
1713 3714 1898 3754 eorum

301 3796 390 3866 qui
431 3811 565 3862 non,
600 3795 918 3851 stimulante
956 3795 1183 3863 invidia,
1225 3803 1466 3848 sanctum
1516 3807 1650 3862 opus
1682 3807 1898 3862 capere,

303 3898 353 3944 et
412 3887 755 3958 Hieronymo
815 3887 1103 3943 detrahere
1161 3885 1458 3942 studuerit.
1518 3885 1645 3941 Ideo
1710 3884 1906 3956 praefa-

305 3977 449 4036 tione
495 3980 549 4035 in
601 3979 801 4034 Ezram
843 3980 910 4035 de
957 3981 1072 4034 suis
1111 3978 1325 4034 amulis
1365 3977 1544 4033 aiebat
1584 3994 1600 4036 :
1641 3977 1905 4032 Accedunt

305 4075 370 4128 ad
410 4075 509 4128 hoc
549 4073 848 4129 invidorum
889 4074 1091 4140 studia,
1139 4073 1225 4143 qui
1274 4088 1424 4127 omne
1460 4071 1600 4141 quod
1638 4071 1906 4126 scribimus

307 4166 788 4239 reprehendendum
828 4173 1046 4235 putant;
1085 4173 1131 4219 et
1165 4165 1428 4220 interdum
1456 4176 1635 4218 contra
1674 4180 1747 4229 se,
1781 4180 1906 4218 con-

307 4263 524 4316 scientia
553 4271 873 4334 repugnante
895 4303 910 4328 ,
942 4261 1144 4332 publice
1184 4263 1417 4315 lacerant
1446 4263 1584 4331 quod
1615 4259 1810 4314 occulte
1837 4259 1911 4312 le-

308 4367 432 4427 gunt
465 4372 484 4410 .'
511 4356 776 4409 intantum
805 4364 861 4409 ut
894 4355 1122 4409 clamare
1153 4354 1453 4424 compellar,
1485 4363 1530 4407 et
1560 4353 1729 4408 dicere
1757 4369 1773 4405 :
1805 4351 1912 4406 Do-

309 4453 467 4518 mine,
507 4449 669 4503 libera
701 4451 930 4503 animum
951 4465 1116 4504 meam
1143 4465 1174 4502 α
1196 4449 1345 4503 labiis
1384 4449 1576 4516 iniquis
1601 4457 1648 4503 et
1681 4464 1712 4501 a
1735 4448 1913 4519 lingua

310 4549 516 4604 dolosa.
549 4547 697 4603 Nihil
722 4557 805 4604 est
831 4547 974 4620 quod
998 4549 1337 4604 manifestius
1360 4548 1662 4602 invidorum
1697 4548 1910 4602 illorum

307 4643 591 4698 vesmiatn
625 4642 944 4713 prodiderit,
972 4657 1130 4714 quam
1157 4657 1218 4697 ea
1241 4657 1361 4712 qua
1382 4641 1633 4712 leguntur
1656 4639 1721 4695 ad
1744 4639 1907 4695 ﬁnem

309 4745 435 4800 libri
476 4743 703 4800 secundi
741 4743 1020 4814 Apologia
1059 4742 1324 4798 adversus
1359 4739 1611 4796 Ruﬁnum
1637 4780 1651 4805 ,
1694 4739 1787 4793 ubi
1840 4738 1910 4794 de

311 4837 605 4907 supposita
634 4834 964 4906 Hieronymo
995 4833 1221 4904 epistola
1262 4832 1477 4887 abunde
1508 4833 1640 4888 satis
1668 4831 1911 4901 disputa-

312 4938 436 4983 tur:
471 4927 664 4983 Scribit
687 4931 849 4999 frater
876 4925 1150 4993 Eusebius,
1179 4924 1420 4994 inquitS.
1449 4925 1833 4997 Hieronymus,
1857 4939 1912 4978 se

312 5023 458 5091 apud
479 5021 640 5091 Afros
659 5020 948 5092 episc0pos,
969 5021 1056 5091 qui
1086 5028 1296 5090 propter
1317 5017 1705 5073 Ecclesiasticas
1727 5033 1912 5072 causas

313 5116 384 5169 ad
416 5117 719 5168 comitatum
743 5122 1018 5182 venerant,
1047 5111 1315 5186 epistolam
1351 5114 1497 5184 quasi
1526 5129 1637 5167 meo
1661 5113 1912 5183 scriptam

314 5208 529 5262 nomine
556 5207 810 5278 reperisse
856 5222 874 5260 :
913 5207 966 5260 in
995 5223 1095 5277 qua
1125 5221 1330 5278 agerent
1362 5206 1732 5276 paenitentiam,
1761 5213 1808 5258 et
1834 5221 1914 5259 me

315 5304 380 5358 ab
407 5303 646 5358 Hebraeis
675 5303 726 5356 in
763 5301 1113 5356 adolescentia
1141 5301 1410 5356 inductum
1434 5317 1540 5356 esse
1570 5310 1624 5355 ut
1662 5309 1877 5355 testarer
1897 5341 1912 5366 ,

316 5406 371 5450 ut
405 5395 630 5450 Ilebrwa
660 5395 923 5449 volumina
954 5394 1008 5448 in
1037 5393 1281 5449 Latinum
1320 5402 1596 5460 verterem,
1640 5395 1693 5448 in
1732 5393 1916 5465 quibus

317 5487 466 5541 nulla
509 5487 574 5539 sit
606 5487 813 5540 veritas.
850 5483 1002 5552 Quod
1044 5485 1261 5538 audiens
1303 5483 1568 5552 obstupui.
1600 5525 1613 5539 .
1645 5525 1658 5538 .
1691 5483 1794 5551 Qui
1823 5483 1917 5538 hoc

319 5594 479 5632 ausus
521 5585 596 5631 est
631 5579 833 5648 facere,
873 5577 995 5646 quid
1041 5576 1185 5630 aliud
1227 5593 1328 5630 non
1358 5575 1588 5630 audeat?
1615 5574 1753 5630 Bene
1781 5574 1920 5646 quod

322 5672 528 5725 malitia
564 5687 665 5724 non
695 5669 846 5725 habet
876 5679 1046 5725 tantas
1083 5672 1243 5738 vires,
1276 5680 1497 5742 quantos
1526 5681 1760 5724 conatus.
1791 5669 1922 5726 Per-

324 5765 454 5819 ierat
495 5765 809 5829 innocentia,
850 5764 894 5818 si
930 5780 1129 5837 semper
1168 5765 1408 5836 nequitia:
1435 5768 1624 5836 juncta
1656 5775 1784 5820 esset
1829 5784 1924 5838 po-

327 5860 524 5926 tentia;
550 5868 600 5916 et
625 5867 789 5913 totum
821 5858 1070 5929 quidquid
1099 5861 1238 5932 cupit
1278 5857 1568 5930 calumnia,
1601 5861 1919 5933 pravaleret.

784 5954 1058 6016 Ps'rnon.
1105 5940 1397 6017 XXVIII.

2004 3336 2145 3382 sent.
2182 3327 2318 3382 llinc
2342 3327 2487 3384 Beda
2511 3329 2562 3383 in
2595 3345 2691 3384 sua
2715 3331 2946 3401 epistola
2965 3333 3312 3405 apologetica
3337 3335 3606 3406 ejusmodi

2002 3420 2221 3476 invidia
2244 3421 2583 3491 recordatus,
2616 3424 2689 3478 ait
2718 3442 2728 3476 :
2765 3424 2967 3498 Quippe
2984 3427 3073 3498 qui
3103 3428 3155 3483 in
3185 3437 3288 3482 tam
3318 3430 3607 3484 necessaria

2005 3513 2197 3569 diviuce
2229 3515 2519 3586 Scriptura
2539 3516 2902 3586 translatione,
2932 3536 3058 3591 pene
3088 3537 3120 3572 a
3147 3519 3353 3576 Latinis
3379 3523 3534 3578 simul
3558 3531 3607 3578 et

2007 3604 2244 3662 Hebrwis
2272 3615 2344 3662 est
2375 3607 2638 3680 lapidibus
2668 3625 2964 3682 Oppressus.
2993 3611 3070 3666 Ab
3101 3611 3338 3668 Hebrteis
3375 3615 3604 3685 quidem,

2006 3700 2148 3769 quod
2177 3702 2268 3770 eis,
2299 3702 2549 3758 irridendi
2569 3703 2914 3774 Christianos,
2944 3715 2992 3760 et
3020 3705 3378 3763 calumniandi
3406 3726 3500 3781 pro
3523 3727 3610 3766 co-

2008 3793 2209 3850 dicibus
2232 3795 2489 3850 mendosis
2514 3796 2714 3850 occasio
2737 3801 2869 3868 {oret
2896 3790 3069 3853 ablata
3089 3817 3108 3854 :
3126 3817 3157 3853 a
3179 3799 3379 3856 Latinis
3408 3811 3604 3871 autem,

2007 3894 2145 3966 quod
2169 3895 2238 3948 eis
2266 3911 2396 3948 nora
2426 3894 2720 3970 eiinsolita,
2751 3895 2956 3950 tametsi
2977 3897 3210 3967 meliora,
3245 3916 3338 3969 pro
3360 3901 3610 3956 veteribus

2010 3985 2369 4057 ingererentur
2389 3995 2438 4040 et
2467 3986 2654 4041 solitis.
2685 3987 2891 4054 Quibus
2916 3999 3221 4046 Consonaut
3247 3991 3346 4047 ista
3376 4009 3498 4064 qua
3528 3994 3613 4051 lc-

2009 4089 2214 4150 guntur
2242 4079 2384 4150 apud
2425 4079 2604 4150 ipsum
2650 4080 3040 4154 Hieronymum
3083 4084 3404 4156 pra-fullone
3451 4088 3504 4149 in
3547 4089 3614 4144 li-

2012 4169 2169 4226 brum
2197 4171 2360 4228 Josue
2389 4191 2400 4226 :
2435 4173 2565 4240 Quae
2594 4173 2732 4228 enim
2754 4175 3035 4246 audientis,
3064 4177 3144 4232 vel
3170 4176 3384 4250 legentis
3413 4180 3613 4239 utilitas

2013 4273 2123 4332 est,
2171 4281 2264 4318 nos
2305 4263 2585 4320 laborando
2615 4266 2807 4321 sudare
2826 4311 2841 4336 ,
2872 4277 2919 4322 ct
2949 4269 3086 4324 alios
3119 4271 3437 4328 detrahendo
3468 4275 3614 4330 labo-

2012 4371 2134 4410 rare
2146 4373 2166 4423 ;
2191 4355 2367 4411 dolere
2387 4357 2625 4425 Judceos,
2654 4360 2792 4428 quod
2811 4360 3174 4418 calumniandi
3194 4367 3266 4419 eis
3289 4375 3332 4418 et
3357 4367 3609 4422 irridendi

2017 4447 2337 4504 Christianos
2366 4451 2431 4504 sit
2471 4449 2647 4505 ablata
2677 4454 2916 4521 occasio;
2946 4465 2993 4508 et
3024 4454 3276 4512 Ecclesia:
3303 4458 3536 4513 homines
3559 4460 3614 4513 id

2020 4543 2300 4615 despicere,
2326 4543 2481 4598 immo
2503 4545 2756 4614 lacerare,
2770 4547 2905 4602 unde
2925 4548 3209 4604 adversarii
3229 4562 3572 4623 torqueantur
3588 4554 3614 4608 ξ)

2092 4639 2323 4695 Diverso
2372 4655 2598 4710 prorsus
2638 4640 2913 4696 ferebatur
2941 4643 3126 4699 studio
3155 4644 3214 4700 S.
3254 4644 3611 4717 Augustinus,

2019 4749 2140 4790 cum
2175 4734 2243 4789 ab
2273 4732 2726 4804 interpretatione
2758 4734 3112 4791 Hebraorum
3135 4738 3470 4794 voluminum
3512 4742 3614 4798 ali-

2019 4828 2238 4898 quando
2280 4827 2667 4898 llieronymum
2709 4827 3004 4895 deterruit,
3057 4845 3122 4885 eo
3162 4831 3368 4888 scilicet
3405 4833 3613 4902 animo,

2020 4921 2114 4993 qui
2145 4921 2318 4977 oculis
2353 4920 2447 4975 Dei
2491 4921 2543 4974 itt
2577 4919 2816 4976 fraterna
2855 4921 3146 4980 dilectione
3190 4941 3297 4980 non
3341 4926 3613 4996 displicet.

2019 5014 2161 5081 Quid
2194 5014 2355 5084 igitur
2375 5027 2552 5068 causa
2586 5014 2859 5070 exstiterit
2883 5014 2949 5070 ad
2986 5015 3370 5073 deterrendum
3417 5019 3614 5076 Hiero-

2020 5124 2244 5182 nymum
2289 5109 2358 5164 ab
2403 5109 2620 5180 incepto
2662 5125 2828 5179 opere
2880 5109 3160 5167 Hebraica
3212 5114 3610 5183 translationis,

2019 5201 2351 5258 amicissime
2390 5201 2493 5270 ipsi
2523 5200 2849 5271 suggerebat
2886 5201 3027 5257 idem
3072 5205 3405 5273 Augustinus
3448 5208 3609 5277 epist.

2022 5296 2113 5363 71,
2141 5295 2230 5350 ubi
2254 5295 2329 5348 ait
2363 5311 2376 5348 :
2411 5291 2524 5366 Ego
2554 5311 2676 5348 sane
2701 5303 2749 5349 te
2777 5293 2986 5350 mallem
3020 5294 3229 5352 ercas
3251 5300 3422 5370 potius
3445 5299 3617 5355 Cano.

2023 5389 2166 5442 nicas
2207 5386 2352 5440 nobis
2381 5387 2707 5458 interpretari
2748 5387 3084 5458 Scripturas,
3111 5407 3228 5461 qua:
3266 5391 3618 5467 Septuaginta

2027 5480 2377 5554 Interpretam
2416 5479 2766 5552 perhibentur.
2817 5481 3110 5538 Perdurum
3139 5486 3234 5538 erit
3259 5488 3416 5552 enim,
3455 5488 3498 5540 si
3528 5498 3620 5541 tua

2028 5575 2386 5646 interpretatio
2426 5591 2517 5646 per
2546 5576 2735 5630 multas
2773 5574 3054 5630 Ecclesias.
3072 5580 3383 5648 frequentius
3411 5582 3620 5649 ceperit

2031 5668 2272 5734 lcctitari,
2296 5668 2435 5740 quod
2461 5685 2493 5722 a
2521 5667 2718 5723 Graecis
2753 5667 2992 5723 Ecclesiis
3018 5668 3222 5726 Latina:
3247 5670 3494 5727 Ecclesia
3514 5673 3622 5729 dis-

2031 5763 2326 5830 sonabant;
2354 5764 2574 5818 maxime
2597 5763 2715 5832 quia
2731 5763 2900 5832 facile
2925 5763 3274 5818 contradictor
3299 5767 3623 5821 convincitur

2033 5873 2200 5932 grteco
2232 5857 2436 5930 prolato
2464 5856 2614 5926 libro,
2635 5857 2691 5912 id
2715 5867 2810 5926 est,
2835 5855 3028 5928 lingua
3048 5858 3347 5914 notissima.
3379 5857 3622 5933 Quisquis

3232 5952 3274 6013 2
