3992 6338
443 299 513 357 ιτς
1068 296 1165 356 AD
1200 292 1260 354 S.
1301 291 1686 355 HIERONYMI
1725 288 2009 351 DIVINAM
2049 283 2563 349 BlBLlOTHECAM
2603 281 3141 379 PROLEGOMENA.
3669 278 3748 349 ιι

439 421 611 466 autem
638 407 693 463 in
724 422 782 464 eo
805 408 947 477 quod
970 422 1034 463 ea:
1058 406 1283 465 Hebraeo
1309 406 1619 463 translatum
1639 414 1737 473 est,
1763 403 1942 474 aliquo
1970 404 2041 457 in-
2068 403 2121 467 Α
2150 400 2261 454 Nos
2283 410 2454 456 autem
2487 415 2589 455 non
2633 399 2958 470 interpretati
2983 414 3185 466 sumus,
3216 395 3307 453 sed
3331 394 3562 453 codicum
3591 397 3747 453 Lati-

441 506 597 561 solito’
626 512 888 574 permotus
931 503 1110 575 fuerit,
1141 513 1190 558 et
1233 500 1359 574 falsi
1394 506 1585 561 crimen
1612 499 1918 564 intenderit;
1954 499 2040 554 via:

441 608 531 651 aut
554 611 840 666 numquam
882 594 953 649 ad
984 592 1205 651 Hebrtea
1237 594 1529 651 testimonia
1560 593 1904 664 pervenietur,
1926 592 2042 663 qui-

398 706 403 712 ‘
441 691 534 746 bus
577 687 887 761 defendatur
928 688 1207 761 objectum.
1249 686 1402 753 Quod
1445 687 1490 740 si
1536 685 1691 739 etiam
1743 694 2042 757 perventum

443 781 622 853 fuerit,
649 788 724 835 tot
748 779 963 835 Latinas
989 789 1034 835 et
1057 776 1269 835 Graecas
1296 776 1630 832 auctoritates
1657 775 1899 830 damnari
1924 776 2043 845 quis

439 872 616 944 ferat?
642 870 763 927 Huc
786 872 1008 939 accedit,
1033 872 1156 941 quia
1175 872 1330 926 etiam
1350 869 1568 924 consulti
1591 865 1802 923 Hebrcei
1828 876 2043 941 possunt

440 966 590 1021 aliud
620 965 934 1037 respondere
956 980 975 1019 :
998 973 1053 1018 ut
1082 974 1138 1019 tu
1166 964 1309 1019 solus
1338 961 1656 1019 necessarius
1678 962 1927 1029 videaris,
1955 952 2045 1031 qui

438 1060 595 1115 etiam
634 1060 772 1133 ipsos
806 1060 969 1126 possis
999 1059 1298 1117 convincere
1328 1074 1347 1113 .'
1385 1056 1475 1112 sed
1518 1067 1689 1112 tanten
1730 1073 1834 1123 quo
1867 1054 2044 1127 judice

441 1154 633 1207 mirum
674 1153 721 1208 si
753 1152 983 1225 potueris
1019 1151 1265 1207 invenire.
1313 1148 1442 1205 Haec
1477 1159 1636 1205 erant
1681 1158 2041 1220 argumenta,

437 1245 653 1315 quibus,
684 1252 904 1301 sanctus
931 1256 1179 1300 sanctum
1208 1239 1524 1313 impellebat
1552 1241 1619 1297 ad
1644 1239 2046 1312 interpretatio-

438 1351 563 1392 nem
602 1335 915 1391 Graecorum
948 1334 1197 1391 codicum
1227 1333 1578 1406 Septuaginta
1602 1375 1617 1403 ,
1663 1330 2047 1411 praetermissis

440 1429 789 1486 Hebraeorum
814 1428 1150 1483 voluminum
1174 1427 1445 1493 fontibus;
1477 1430 1603 1499 quia
1633 1427 1841 1482 Latinis
1873 1424 2040 1481 ltom‘i-

437 1521 600 1579 nibus
620 1521 857 1578 difﬁcilis
878 1531 970 1576 aut
995 1521 1179 1577 nullus
1199 1531 1316 1576 erat
1339 1535 1591 1579 accessus
1615 1519 1679 1574 ad
1711 1518 1933 1574 Hebrum
1966 1526 2047 1571 te-

437 1615 691 1673 stimonia
725 1614 1151 1687 comprobanda.
1195 1615 1264 1669 At
1311 1613 1465 1669 brevi
1513 1612 1798 1668 utilitatem
1832 1608 2052 1680 agnovit

442 1710 726 1767 Hebraicze
751 1708 1126 1765 translationis
1150 1708 1505 1778 Augustinus,
1540 1718 1764 1778 accepta
1795 1703 2049 1760 videlicet

2143 510 2327 548 norunt
2356 493 2628 549 nonnullas
2653 494 3020 549 mendositates
3046 507 3111 551 ea;
3134 490 3334 547 ercis
3363 491 3749 558 exemplaribus

2143 586 2543 642 mandavimus.
2564 585 2610 640 ll
2616 586 2716 641 nde
2736 586 2978 657 fortassis
3001 585 3273 655 fecerimus
3295 582 3496 655 aliquid
3517 599 3754 639 conttno-

2144 680 2261 735 dius
2302 696 2461 751 quam
2507 688 2649 747 erat,
2681 694 2783 735 non
2816 689 2984 733 tamen
3027 678 3131 733 tale
3165 675 3323 749 quale
3353 692 3459 731 esse
3506 674 3747 733 debebat.

2147 771 2293 828 Nam
2323 775 2474 827 etiam
2504 788 2661 840 nunc,
2693 787 2810 843 quae
2843 774 2977 843 forte
3004 786 3097 825 nos
3128 779 3249 827 tunc
3277 770 3659 845 praeterierunt,
3703 773 3752 825 si

2145 870 2367 941 legentes
2395 868 2686 933 moverint,
2725 864 2935 923 collatis
2974 862 3237 927 codicibus
3279 863 3630 925 emendatum.
3659 862 3755 919 Ita

2144 961 2282 1015 illud
2323 961 2466 1034 quod
2495 960 2785 1035 perfectum
2812 968 2917 1022 est,
2951 966 3116 1019 tecum
3147 973 3241 1011 nos
3282 972 3485 1033 quoque
3527 958 3753 1029 requiri-

2146 1070 2281 1110 mus.
2305 1053 2521 1111 Clarius
2552 1051 2730 1108 adhuc
2752 1050 2847 1107 lib.
2878 1065 2933 1105 tv
2963 1048 3233 1115 Domina:
3270 1047 3596 1109 Christianae
3622 1064 3751 1117 can.

2148 1156 2205 1220 7,
2238 1163 2387 1207 num.
2432 1148 2523 1211 15.
2551 1145 2644 1203 ubi
2682 1145 2753 1200 de
2797 1142 3238 1215 Hioronymianaa
3282 1143 3756 1213 interpretationis

2149 1242 2466 1316 prastautia
2493 1243 2607 1294 haec
2640 1239 2817 1293 lassus
2848 1238 3122 1292 invenitur
3157 1254 3170 1290 :
3208 1235 3331 1299 Non
3373 1246 3544 1291 autem
3567 1253 3760 1292 secun-

2150 1336 2276 1395 dum
2321 1332 2671 1405 Septuaginta
2716 1326 3055 1401 lntcrpretes,
3103 1330 3191 1400 qui
3240 1329 3396 1384 etiam
3434 1328 3535 1396 ipsi
3576 1330 3760 1384 divino

2148 1431 2335 1505 spiritu
2384 1425 2740 1497 interpretati,
2789 1423 2851 1479 ob
2900 1422 2997 1477 hoc
3040 1422 3197 1477 aliter
3234 1422 3474 1476 videntur
3499 1422 3760 1477 nonnulla

2152 1527 2385 1591 dixisse,
2430 1533 2484 1579 ut
2517 1522 2586 1579 ad
2628 1521 2923 1593 spiritalem
2960 1534 3166 1579 sensum
3209 1515 3549 1577 scrutandum
3586 1517 3758 1588 magis

2152 1622 2520 1677 admoneretur
2546 1615 2750 1675 lectoris
2780 1614 2995 1675 intentio
3025 1630 3044 1667 :
3076 1611 3214 1667 unde
3253 1611 3410 1665 etiam
3456 1611 3759 1665 obscuriora

2153 1711 2426 1775 nonnulla,
2449 1710 2570 1781 quia
2594 1708 2762 1780 magis
2794 1706 3020 1774 tropica,
3044 1712 3163 1759 sunt
3192 1718 3394 1770 eorum,
3426 1703 3516 1757 sed
3535 1704 3669 1757 sicut
3693 1718 3761 1758 ea:

439 1805 758 1878 Hieronymi
789 1806 1145 1875 responsione
1168 1802 1233 1858 ad
1257 1802 1377 1857 illas
1398 1800 1644 1871 objcCIas
1670 1798 2043 1855 difﬁcultates.
2082 1801 2129 1862 Β
2156 1804 2378 1860 Πρω-σεο
2408 1804 2461 1857 in
2493 1800 2737 1855 Latinum
2768 1797 3059 1869 eloquium,
3100 1796 3402 1868 presbytero
3434 1794 3759 1868 Hieronymo

439 1897 600 1956 Unde
631 1913 786 1952 ttsum
818 1898 936 1968 ejus
964 1898 1016 1951 in
1042 1894 1302 1951 Ecclesiis
1322 1893 1570 1966 quamvis
1602 1894 1822 1947 minime
1853 1892 2048 1963 proba-

444 1997 560 2058 ret,
604 2001 832 2061 propter
856 1989 1131 2044 vitandam
1160 1986 1483 2043 Christianae
1528 1983 1891 2043 multitudinis
1921 1999 2048 2055 per-

443 2084 807 2140 turbationem
842 2100 857 2138 :
889 2082 1086 2138 fatetur
1113 2092 1296 2135 tamen
1339 2078 1588 2150 plurimis
1613 2078 1747 2135 locis
1773 2077 2047 2137 utiliorem

441 2193 507 2234 ac
553 2176 986 2248 praestantiorem
1028 2188 1153 2231 esse
1182 2173 1490 2229 versionem
1536 2170 1937 2235 Scripturarum
1981 2185 2048 2225 ex

444 2270 677 2325 Hebraeo
704 2268 796 2323 illa
818 2283 938 2338 qua:
963 2266 1031 2322 ad
1057 2265 1372 2322 Graecorum
1404 2262 1621 2320 codices
1646 2262 1878 2333 primum
1902 2261 2049 2317 edita

443 2369 601 2418 erat:
631 2358 712 2415 De
736 2362 1157 2432 interpretatione
1194 2367 1313 2422 tua,
1345 2357 1518 2427 inquit
1544 2355 1609 2410 ad
1661 2354 2047 2425 Hieronymum

440 2454 669 2527 epistola
711 2454 1045 2523 octogesima
1094 2449 1355 2516 secunda,
1395 2450 1514 2522 jam
1544 2446 1671 2501 mihi
1720 2446 2046 2516 persuasisti,

442 2566 545 2622 qua
572 2550 797 2604 utilitate
818 2548 1120 2620 Scripturas
1140 2545 1364 2599 volueris
1386 2543 1671 2613 transferre
1685 2541 1748 2595 de
1768 2540 2001 2595 Hebran‘s
2030 2554 2049 2592 :

444 2657 504 2699 ut
530 2644 728 2699 scilicet
749 2659 833 2709 ea,
864 2657 980 2713 quae
1002 2657 1034 2695 a
1053 2638 1254 2694 Judteis
1281 2637 1651 2711 praste’rmissa,
1690 2635 1770 2689 vel
1797 2645 2049 2703 corrupta

447 2748 568 2794 sunt
591 2748 609 2800 .‘
634 2735 891 2809 proferres
922 2736 977 2788 in
1014 2732 1263 2787 medium.
1289 2769 1307 2787 .
1333 2769 1347 2784 .
1386 2771 1400 2785 .
1444 2726 1573 2783 Ideo
1602 2738 1774 2782 autem
1810 2726 2049 2781 desidero

446 2814 1098 2903 interpretationemituam
1125 2827 1189 2881 de
1218 2823 1581 2893 Septuaginta,
1609 2831 1666 2875 ut
1692 2829 1738 2874 et
1772 2829 1918 2873 tanta
1948 2817 2051 2872 La-

450 2923 678 2977 tinorum
705 2921 1041 2992 interpretum
1061 2960 1074 2983 ,
1098 2917 1191 2989 qui
1220 2916 1622 2987 qualescumque
1651 2913 1748 2967 Itoc
1772 2912 1885 2965 ausi
1907 2917 2047 2975 sunt,

448 3025 701 3089 quantum
735 3028 1034 3084 possumus,
1064 3011 1325 3082 imperitia
1353 3024 1619 3063 careamus
1649 3023 1667 3062 :
1697 3016 1744 3061 et
1778 3008 1833 3059 lti
1858 3008 1946 3076 qui
1971 3021 2053 3060 me

454 3112 687 3169 invidere
725 3118 910 3181 putant
954 3106 1169 3160 utilibus
1217 3102 1479 3159 laboribus
1520 3101 1656 3167 tuis,
1700 3100 1909 3155 tandem
1947 3098 2049 3151 ali-

2155 1898 2423 1968 utriusque
2456 1894 2648 1964 lingua:
2677 1892 2842 1964 perito
2886 1891 3280 1963 interpretante,
3315 1888 3572 1943 translata
3610 1897 3755 1943 sunt.

2154 1992 2315 2049 Vides
2345 1991 2716 2046 ultscuriorem
2746 2001 2890 2053 esse,
2920 1984 3226 2056 Augustino
3253 1991 3511 2049 testante,
3544 1984 3760 2041 versio-

2165 2100 2287 2139 nem
2338 2082 2694 2153 Septuaginta
2732 2077 3128 2150 lnterprotum;
3179 2076 3479 2147 planiorem
3512 2090 3644 2131 vero
3691 2089 3760 2131 ac

2152 2175 2523 2244 intelligentiae
2557 2172 2730 2242 magis
2750 2169 3219 2227 accommodatam
3252 2168 3427 2236 illam,
3454 2184 3574 2239 qua:
3596 2168 3761 2224 nobis

2154 2271 2298 2327 edita
2327 2279 2407 2325 est
2440 2268 2508 2321 ab
2540 2267 2897 2337 Hieronymo,
2930 2279 3206 2336 quamque
3240 2263 3559 2327 Hebraicam
3588 2276 3757 2318 voca-

2154 2377 2292 2428 mus,
2325 2376 2391 2416 eo
2422 2359 2565 2430 quod
2593 2374 2662 2415 ex
2689 2357 2924 2413 Heltrteo
2953 2357 3105 2411 fonte
3134 2355 3378 2411 derivata
3419 2356 3512 2411 sit.
3552 2356 3674 2412 Jam
3707 2357 3755 2412 si

2150 2454 2324 2511 libros
2352 2453 2724 2522 Quaestionum
2760 2450 2812 2504 in
2844 2450 3240 2526 Heptateucum
3285 2447 3583 2504 revolveris
3611 2448 3759 2519 apud

2152 2547 2404 2604 eumdem
2441 2545 2825 2617 Augustinum,
2860 2552 3127 2597 sexcenta
3156 2541 3253 2595 tibi
3284 2548 3585 2595 occurrent
3611 2540 3757 2607 loca,

2154 2642 2207 2697 in
2233 2642 2429 2713 quibus
2460 2642 2769 2695 versionem
2801 2654 2869 2694 ex
2897 2637 3129 2693 Hebrteo
3154 2637 3377 2708 prtulert
3401 2635 3758 2706 Septuaginta

2154 2734 2572 2804 Interprctibus,
2593 2732 2709 2788 sive
2734 2731 2877 2803 quod
2903 2730 3162 2799 majorem
3194 2729 3387 2785 habeat
3416 2729 3613 2797 lucem,
3639 2729 3759 2786 sive

2154 2837 2379 2901 prapter
2411 2827 2682 2894 puriorem
2714 2821 3012 2894 Scriptura:
3045 2830 3382 2885 contextum,
3427 2835 3586 2890 quem
3620 2823 3760 2891 Sep-

2158 2921 2397 2993 tuaginta
2424 2920 2813 2987 additamentis
2838 2921 3087 2987 pluribus
3115 2917 3535 2988 interpolarent.
3561 2917 3764 2972 Excur-

2156 3015 2230 3088 pli
2258 3014 2449 3086 gratia,
2487 3015 2793 3084 quaestione
2824 3013 2891 3069 l9
2930 3015 2983 3073 in
3025 3011 3276 3077 Judices,
3314 3026 3436 3065 cum
3480 3012 3646 3065 multa
3687 3011 3758 3067 de

2157 3107 2442 3162 Pharaone
2466 3107 2747 3162 attulisset
2789 3121 2856 3173 ex
2885 3105 3029 3167 LXX
3055 3103 3459 3169 Translatione,
3493 3117 3616 3176 quas
3644 3118 3761 3158 ma-

451 3204 697 3278 quando,
721 3205 766 3256 si
793 3201 908 3271 ﬁeri
937 3209 1098 3273 potest
1118 3241 1133 3265 ,
1162 3197 1483 3268 intelligant.
1511 3206 1783 3265 propterea
1809 3210 1886 3248 me
1912 3193 2053 3246 nolle
2076 3192 2128 3259 'C
2160 3198 2356 3253 nifeste
2405 3196 2729 3266 interpolata
2788 3197 3209 3268 dignoscantur,
3262 3196 3333 3250 ita
3382 3194 3759 3251 difﬁcultatem

453 3309 598 3352 utam
628 3311 692 3350 ex
721 3293 944 3349 Hebrum
970 3290 1447 3363 interpretationem
1488 3288 1539 3341 in
1564 3285 1815 3342 Ecclesiis
1841 3285 1962 3357 lt'gi,
1991 3300 2053 3338 ne

456 3398 637 3443 contra
662 3385 1007 3457 Septuaginta
1031 3382 1414 3447 auctoritatem,
1449 3389 1715 3451 tamquam
1740 3394 1927 3432 norunt
1952 3374 2054 3430 ali-

453 3482 582 3554 quid
608 3482 929 3552 proferentes
948 3520 960 3541 ,
1008 3492 1196 3546 magno
1224 3475 1475 3530 scandan
1502 3473 1856 3543 perturbemus
1884 3472 2054 3541 plebes

454 3573 672 3637 Christi,
702 3587 929 3643 quarum
956 3587 1109 3625 aures
1136 3579 1183 3623 et
1209 3570 1368 3623 corda
1397 3568 1547 3622 illaut
1574 3567 2052 3639 interpretationem

452 3665 642 3720 audire
665 3673 1054 3730 consueverunt,
1081 3677 1197 3733 quae
1226 3662 1381 3716 etiam
1402 3660 1466 3714 ab
1495 3661 1745 3730 apostolis
1769 3658 2055 3731 approbata

455 3766 553 3812 est.
577 3756 725 3812 Idem
758 3755 929 3810 sensit
954 3756 1068 3824 ipse
1100 3753 1481 3826 Hieronymus,
1525 3754 1616 3821 qui
1642 3754 1695 3806 itt
1721 3753 1947 3823 rpiStola
1989 3754 2053 3807 ad

456 3848 725 3906 Sunuiarn
768 3860 826 3905 et
856 3846 1134 3902 Frelelam
1178 3861 1410 3901 concors
1453 3845 1725 3901 invenitur
1771 3846 2057 3916 Augustini

454 3943 566 4014 jam
591 3941 779 3996 verbis
800 3940 986 3997 allatis
1008 3980 1022 4004 ,
1062 3940 1190 3993 dum
1223 3939 1298 3992 ait
1330 3955 1343 3992 :
1380 3936 1463 3993 Ex
1497 3955 1597 4009 quo
1629 3940 1955 4011 perspicuum
1983 3948 2054 3993 est

456 4040 532 4095 sic
582 4036 932 4110 psallendum,
978 4044 1033 4089 ut
1062 4049 1155 4088 nos
1191 4035 1515 4103 interpretati
1538 4050 1757 4101 smnus.
1793 4031 1861 4086 Et
1887 4044 2055 4087 tamen

458 4130 725 4187 sciendum
750 4128 878 4200 quid
899 4126 953 4182 Η
958 4127 1163 4183 ebraica
1178 4127 1367 4180 veritas
1387 4123 1591 4179 habeat.
1614 4125 1732 4180 Hoc
1762 4126 1895 4181 enim
1917 4127 2058 4197 quod

460 4223 811 4295 Septuaginta
847 4219 1248 4289 transtulerunt,
1286 4227 1496 4290 propter
1524 4229 1823 4275 vetustatem
1862 4221 1917 4274 in
1950 4220 2054 4273 Ec-

464 4315 639 4373 clesiis
664 4312 1053 4369 decantandum
1079 4312 1175 4377 est,
1203 4320 1253 4367 et
1282 4311 1415 4365 illud
1451 4312 1516 4365 ab
1553 4313 1766 4365 eruditis
1796 4311 2060 4366 sciendum

392 4446 397 4449 -
461 4408 675 4480 propter
723 4406 962 4462 notitiam
1007 4404 1421 4472 Scripturarum.
1467 4404 1532 4459 Et
1576 4404 1642 4458 ad
1693 4403 2058 4474 Sophronium

466 4498 790 4572 praefatione
808 4497 863 4552 in
888 4495 1213 4551 Psalterium
1246 4494 1572 4550 llebraicum
1608 4512 1621 4550 :
1654 4494 1767 4551 Nec
1794 4499 1888 4551 ltoc
1914 4498 2054 4565 dico,

2155 3292 2371 3347 solvere
2385 3291 2551 3345 voluit
2582 3309 2594 3345 :
2629 3290 2781 3357 Quod
2804 3293 2866 3344 de
2894 3288 3174 3343 Pharaone
3203 3304 3320 3354 rege
3345 3288 3544 3343 dictum
3564 3288 3768 3344 intelli-

2154 3400 2272 3456 gere
2300 3384 2541 3437 debemus
2567 3398 2726 3436 :-cum
2756 3381 2867 3436 haec
2896 3382 3114 3445 historia
3138 3381 3245 3435 illis
3278 3380 3593 3450 temporibus
3634 3397 3769 3458 con-

2155 3479 2352 3547 scripta
2378 3477 2645 3541 credatur,
2675 3475 2861 3547 quibus
2884 3486 3032 3528 erant
3054 3486 3193 3547 gesta
3220 3475 3311 3529 illa
3339 3475 3578 3529 recentia.
3618 3475 3768 3542 Quid

2157 3579 2327 3623 autem
2358 3584 2602 3640 magnum
2634 3568 2759 3639 eligi
2790 3568 2957 3637 potuit
2994 3567 3131 3640 quod
3157 3565 3455 3637 prophetico
3480 3566 3765 3633 diceretur,

2156 3680 2271 3716 cum
2300 3662 2558 3732 praterita
2588 3671 2892 3729 narrentur,
2926 3671 3296 3730 taceanturque
3324 3661 3503 3732 futura
3535 3663 3764 3733 majora,

2158 3767 2202 3809 et
2227 3756 2450 3808 maxime
2490 3752 2824 3807 necessaria?
2868 3751 3099 3808 Proinde
3141 3752 3316 3829 potius
3360 3750 3770 3806 existimandum

2157 3860 2228 3903 est
2260 3847 2609 3918 Septuaginta
2640 3844 2976 3917 Interpretes,
3010 3847 3098 3919 qui
3123 3847 3434 3901 auctoritate
3460 3846 3771 3920 prophetica

2157 3958 2220 3996 ea:
2240 3944 2354 4009 ipsa
2386 3940 2611 3995 ntirubili
2638 3942 2975 3996 consensione
3002 3943 3323 4011 interpretati
3344 3957 3452 3999 esse
3481 3942 3768 4011 perhiben-

2160 4045 2268 4103 tur,
2300 4035 2412 4090 ltaec
2437 4035 2724 4103 addidisse,
2758 4053 2863 4110 non
2891 4047 3153 4107 tamquam
3200 4038 3379 4106 futura
3405 4036 3771 4106 prtenuntian-

2159 4138 2254 4193 tes,
2278 4128 2368 4183 sed
2394 4127 2519 4199 quia
2547 4127 2640 4182 illo
2669 4136 2894 4200 tempore
2917 4129 3014 4205 ipsi
3037 4138 3206 4195 crant,
3235 4144 3339 4197 quo
3364 4131 3504 4200 factu
3522 4144 3630 4185 esse
3654 4145 3773 4183 me-

2167 4222 2444 4289 minerant,
2475 4232 2523 4277 et
2554 4222 2607 4276 in
2639 4222 2789 4277 libris
2821 4220 3120 4293 Regnorum
3144 4222 3392 4293 legerant.
3426 4220 3632 4277 Etenim
3659 4218 3774 4277 Re-

2159 4333 2280 4389 gum
2304 4315 2622 4387 tentporibus
2642 4319 2835 4387 factunt
2863 4326 2961 4371 est.
2988 4315 3141 4384 Quod
3170 4316 3283 4370 ideo
3303 4315 3598 4372 credibilius
3617 4316 3777 4372 nobis

2161 4409 2327 4463 visum
2356 4420 2431 4463 est
2452 4452 2465 4473 ,
2494 4410 2741 4481 quoniam
2778 4409 3095 4483 inspeximus
3122 4409 3622 4479 interpretationem,
3649 4425 3781 4479 qua!

2163 4511 2236 4556 est
2264 4518 2327 4557 ea:
2359 4500 2602 4568 Hebrceo,
2633 4510 2683 4556 et
2711 4498 2809 4554 hoc
2837 4499 2905 4554 ibi
2947 4517 3050 4554 non
3098 4499 3388 4555 invenimus
3431 4516 3450 4556 .'
3489 4500 3623 4554 sicut
3673 4517 3774 4556 nec

465 4592 606 4662 quod
633 4590 1032 4661 predecessores
1056 4604 1195 4643 meos
1233 4588 1517 4653 mordeam,
1550 4598 1641 4643 aut
1668 4590 1951 4659 quidquam
1981 4592 2059 4646 Itis
2082 4582 2137 4653 ι)
2162 4596 2297 4650 illud
2325 4598 2465 4668 quod
2493 4598 2688 4651 dictant
2720 4606 2796 4651 est
2826 4596 2890 4650 de
2912 4594 3145 4662 Jericlto,
3178 4605 3275 4651 etc.
3315 4594 3469 4651 Unde
3494 4605 3709 4667 apparet
3738 4615 3783 4654 α

468 4684 687 4740 arbitrer
703 4683 1097 4756 detrahendum,
1114 4698 1344 4754 quorum
1358 4682 1747 4739 translationem
1771 4684 2057 4755 diligentis-

470 4777 597 4831 sime
638 4775 998 4843 emendatam,
1025 4774 1154 4831 olim
1196 4790 1323 4829 mete
1348 4773 1538 4847 lingula
1565 4775 1861 4831 hominibus
1895 4777 2017 4830 dedi
2042 4794 2061 4833 :

469 4871 561 4927 sed
584 4869 725 4939 quod
743 4866 887 4923 aliud
914 4870 978 4922 sit
1003 4870 1057 4922 in
1075 4867 1323 4923 Ecclesiis
1340 4869 1548 4924 Christo
1570 4870 1885 4924 credentium
1922 4870 2063 4940 psal-

471 4979 583 5019 mos
612 4964 811 5034 legere;
841 4960 991 5016 aliud
1019 4960 1220 5017 ludatis
1250 4962 1456 5036 singula
1500 4964 1649 5016 verba
1692 4962 2063 5016 calumnianti—

472 5057 567 5113 bus
584 5056 914 5125 respondere.
940 5055 1086 5110 Bene
1109 5056 1272 5127 igitur
1300 5058 1633 5129 Hieronymo
1654 5056 1911 5112 convenit
1938 5073 2061 5112 cum

474 5146 776 5217 Augustino
807 5146 876 5202 de
908 5146 1360 5216 interpretatione
1387 5148 1737 5218 Septuaginta
1772 5149 2061 5205 Seniorum

475 5242 529 5297 in
570 5239 821 5295 ecclesiis
854 5238 1057 5297 Christi
1102 5239 1326 5309 legenda
1373 5248 1431 5295 et
1468 5240 1811 5296 decantanda
1844 5250 2063 5311 propter

470 5332 812 5402 antiquiores
843 5347 972 5387 usus
995 5372 1010 5397 ,
1032 5333 1265 5401 quibus,
1313 5334 1586 5388 nascentis
1630 5333 1889 5389 Ecclesiae
1928 5333 2062 5388 ﬁdes

472 5425 874 5487 roboratam“.
918 5425 1351 5481 Translationetn
1384 5441 1515 5481 vero
1542 5428 1872 5483 ltebraicam
1918 5443 2060 5497 pra:-

468 5520 791 5580 stantionatss
834 5534 956 5575 esse
982 5518 1231 5573 sciebtnt
1250 5517 1323 5573 ad
1356 5519 1771 5590 intelligentiam
1809 5521 2058 5593 Scriptu-

469 5630 653 5677 rarum
688 5614 1126 5685 :..qustte,Autlaci
1169 5613 1501 5683 respondens
1531 5614 1867 5686 Augustinus
1893 5621 2055 5689 epist.

464 5709 568 5767 261
594 5718 752 5769 vocat
777 5722 900 5766 eum
936 5706 1325 5778 perfectionem
1357 5725 1370 5760 :
1409 5706 1724 5762 Psalterium
1750 5756 1763 5778 ,
1796 5711 1993 5781 inquit,
2027 5730 2059 5767 a

464 5810 646 5859 sancto
676 5799 996 5873 Hieronymo
1028 5800 1341 5856 translatum
1368 5816 1431 5856 ea;
1470 5799 1686 5857 Hebrteo
1729 5820 1831 5858 non
1868 5805 2051 5863 habeo.

2166 4689 2515 4763 Septuaginta
2552 4691 2946 4757 interpositum,
2991 4690 3080 4760 qui
3120 4689 3317 4760 factum
3344 4705 3456 4743 esse
3495 4698 3768 4743 noverant.

2165 4783 2468 4840 Prudenter
2489 4784 2708 4854 quidem
2739 4792 2963 4841 excusat
2990 4784 3042 4839 in
3068 4783 3421 4855 Septuaginta
3455 4784 3777 4856 hujusmodi

2166 4878 2619 4947 interpositiones
2672 4887 2726 4933 et
2772 4878 3210 4948 perturbationes
3252 4886 3541 4934 contextus
3590 4880 3772 4949 sacri;

2166 4970 2263 5026 sed
2298 4971 2528 5039 ingenue
2560 4970 2757 5025 fatetur
2780 4970 2947 5024 multa
2981 4970 3051 5026 ab
3091 4971 3171 5025 eis
3202 4970 3366 5025 fuisse
3393 4971 3574 5026 addita
3596 5011 3611 5037 ,
3643 4987 3774 5042 qua:

2168 5062 2437 5131 completa
2459 5062 2703 5117 viderant
2727 5077 2823 5116 suo
2849 5072 3093 5133 tempore
3119 5078 3133 5117 :
3166 5063 3263 5117 etsi
3292 5063 3361 5119 ab
3387 5064 3777 5135 bagiograpltis

2169 5157 2485 5212 auctoribus
2516 5156 2689 5225 posita
2718 5157 2939 5213 minime
2963 5160 3354 5227 reperirentur.
3377 5159 3454 5213 Ad
3478 5160 3777 5221 solvendas

2169 5251 2351 5320 itaque
2377 5265 2747 5321 quascumque
2769 5250 3100 5321 qttatsﬁones
3118 5251 3219 5306 sibi
3242 5253 3550 5322 propOsitas
3570 5272 3598 5308 e
3613 5254 3777 5311 libris

2166 5343 2464 5408 canonicis,
2516 5345 3021 5412 interpretationem
3083 5343 3589 5417 Hieronytnianam,
3644 5363 3774 5415 quae

2166 5442 2251 5490 est
2274 5450 2337 5490 ex
2363 5434 2617 5500 Hebraeo,
2643 5437 2841 5507 ultique
2864 5446 3058 5492 testem
3083 5435 3325 5491 adhibet.
3353 5436 3535 5505 Quare
3565 5439 3775 5508 saepius

2166 5539 2288 5582 eum
2306 5528 2383 5580 sie
2408 5526 2770 5583 disserentem
2795 5528 2983 5583 audias
3010 5546 3028 5584 :
3061 5529 3170 5585 Sed
3195 5548 3355 5603 neque
3373 5531 3482 5586 ulla
3505 5530 3775 5588 Hebraica

2163 5620 2375 5674 veritate
2403 5619 2503 5673 ista
2525 5621 2740 5674 solvitur
2763 5622 3012 5691 quaestio;
3037 5630 3093 5676 et
3120 5621 3320 5677 ibidem
3350 5631 3545 5696 quaest.
3580 5623 3683 5679 l52
3713 5626 3770 5681 in

2163 5712 2417 5769 Genesim
2472 5730 2484 5767 :
2539 5713 2641 5778 Qui
2692 5727 2865 5766 omnes
2909 5723 3317 5769 annumerantur
3363 5716 3634 5790 sexaginta
3680 5735 3777 5774 sex

2163 5807 2482 5873 hominibus,
2536 5821 2651 5859 cum
2694 5805 2874 5875 quibus
2920 5805 3084 5862 Iacob
3134 5806 3187 5861 in
3237 5807 3549 5883 .Egyptum,
3603 5812 3782 5871 etiam
