4040 6360
267 299 343 356 ις
970 296 1533 365 PROLEGOMENON
1577 299 1614 399 l'.
1661 300 1751 358 DE
1791 298 2052 367 NQMINE
2091 300 2578 369 BIBLIOTUECE
2620 309 2903 368 DIVINE.
3044 390 3051 399 ί
3507 318 3577 373 40

270 410 552 465 secundum
612 411 923 469 Hebraicam
967 416 1227 472 veritatem
1283 419 1579 489 perhibetur
1634 421 1875 475 intrasse.
1906 422 1953 489 Α
1986 420 2185 477 \itliam
2213 423 2492 484 declinare
2515 429 2815 487 sollicitus:
2843 432 2915 485 ita
2951 434 3214 500 prommio
3243 433 3295 489 in
3326 436 3574 490 eumdem

273 505 595 560 ltebraicam
638 510 920 564 veritatem
965 520 1121 565 vocat
1173 527 1295 569 eum
1349 513 1682 586 Hieronymo
1729 515 1875 571 Lati-

270 613 396 653 nam
449 600 695 670 ejusdem
748 604 1157 661 translationem
1213 608 1278 661 ad
1337 608 1688 666 Hebraeorum
1721 612 1875 667 volu-

267 693 418 747 mina
477 696 882 751 concinnatam.
945 700 1010 753 Et
1070 701 1207 757 hanc
1274 711 1417 759 tanta
1489 705 1593 761 lida
1652 707 1705 762 in
1775 724 1873 762 suo

272 787 503 856 Speculo
558 803 780 848 secutus
834 802 921 849 est
977 793 1354 866 Augustinus,
1415 807 1471 854 ut
1524 800 1656 855 nihil
1719 817 1873 871 pror-

267 894 365 939 sus
437 881 490 935 in
551 883 678 938 illud
735 889 1074 953 congesserit
1139 898 1335 957 prmter
1387 891 1655 963 ipsissitna
1706 895 1872 950 verba

266 990 390 1043 quae
418 976 672 1045 leguntur
705 980 753 1032 in
786 978 974 1035 Latina
999 980 1346 1038 lnstrumenti
1374 985 1574 1041 veteris
1604 986 1875 1058 interpre-

271 1068 477 1123 tatiOue
506 1071 574 1125 ab
602 1070 934 1143 Hieronymo
962 1074 1104 1129 edita
1133 1074 1290 1145 juxta
1324 1077 1641 1134 Hebraicam
1674 1082 1874 1136 verita—

270 1168 401 1214 tem.
434 1163 755 1219 Audiendus
785 1175 869 1221 est
900 1182 1064 1236 super
1098 1168 1196 1224 hac
1253 1186 1309 1224 re
1352 1170 1591 1229 Dumttus
1636 1174 1874 1230 Thomas

267 1253 522 1326 Blampin
578 1255 715 1328 (cui
773 1261 943 1329 gratis
995 1262 1191 1335 animis
1248 1276 1523 1333 acceptam
1588 1268 1872 1325 referimus

269 1348 568 1403 editionem
603 1366 797 1407 novam
839 1367 1063 1423 operum
1094 1356 1150 1411 S.
1184 1358 1465 1427 Augustini
1496 1358 1535 1428 ).
1573 1359 1618 1412 Is
1651 1360 1793 1416 enim
1819 1362 1871 1419 in

267 1442 469 1498 librum
500 1443 714 1514 Speculi
769 1447 1023 1503 lectorem
1071 1452 1415 1518 prtemouuit,
1448 1452 1673 1508 dicens:
1707 1454 1873 1510 Porro

266 1553 385 1592 cum
417 1539 488 1591 ad
538 1539 857 1611 uulgiusum
904 1542 1045 1597 istud
1094 1544 1239 1615 pium
1268 1562 1399 1613 Opus
1452 1559 1779 1615 compararet
1809 1550 1869 1607 S.

265 1631 488 1699 Doctor,
518 1633 761 1689 eonoluit
786 1638 885 1690 nisi
918 1638 1179 1705 faciliores
1203 1638 1472 1694 intellectu
1506 1644 1874 1714 pt'wceptiones

267 1726 662 1794 comprehendi.
696 1728 811 1794 Quo
846 1730 999 1785 etiam
1030 1732 1244 1785 consilto
1285 1732 1567 1787 adductum
1592 1737 1871 1803 credimus,

268 1829 327 1873 ut
366 1822 601 1875 versione
624 1833 853 1878 uteretur
902 1842 1003 1878 non
1034 1843 1097 1880 ea;
1118 1824 1299 1881 σηεεο
1329 1826 1502 1895 LXX,
1537 1847 1691 1897 quant
1735 1834 1876 1900 sequi

264 1915 489 1981 solebat,
514 1916 604 1969 sed
621 1932 683 1968 ea:
713 1914 957 1983 Hebrmo,
992 1918 1130 1987 quod
1158 1918 1290 1973 Itane
1317 1920 1523 1977 demunt
1549 1925 1877 1991 comperisset

264 2024 379 2062 esse
406 2009 502 2062 illa
533 2009 711 2062 multis
750 2010 800 2062 in
828 2010 954 2064 locis
1004 2010 1312 2077 planiorem.
1362 2013 1503 2068 Nam
1544 2014 1643 2070 Itoc
1671 2018 1876 2073 nomine

265 2118 383 2155 eam
410 2101 684 2173 aliquoties
707 2104 883 2158 laudat
914 2106 964 2157 in
988 2106 1262 2174 postremis
1306 2108 1412 2160 suis
1442 2107 1585 2162 libris
1618 2107 1874 2174 Quwstioo

266 2205 393 2242 num
437 2188 955 2262 inIHeptateucltum,
991 2203 1094 2246 etc.
1131 2192 1261 2258 Quis
1320 2209 1461 2249 nunc
1501 2195 1873 2249 contentiosus

266 2284 509 2337 adducto
530 2285 822 2353 supercilio
846 2283 1196 2351 inliciahitur,
1220 2286 1625 2341 translationem
1650 2288 1874 2342 Hebrai-

268 2392 389 2430 cam
443 2376 501 2432 S.
535 2377 847 2448 Hieronymi
874 2378 944 2432 ab
969 2378 1272 2445 Augustino
1305 2380 1575 2434 laudatam
1598 2381 1780 2449 fuisse,
1813 2398 1874 2435 ac

269 2468 624 2539 Septuaginta
660 2470 1061 2539 luterpretibus
1108 2471 1324 2527 demum
1378 2475 1776 2542 antepositam?
1808 2481 1876 2530 At

270 2564 341 2619 de
367 2581 469 2619 usu
492 2565 759 2621 versionis
810 2564 1244 2635 llierouytuiana:
1291 2566 1431 2636 apud
1477 2567 1663 2636 Afros,
1699 2586 1761 2625 ac
1808 2572 1874 2626 de

272 2656 509 2725 Speculo
543 2657 598 2712 S.
628 2655 915 2727 Augustini
950 2658 1143 2713 iterum
1168 2660 1361 2714 dicturi
1389 2660 1516 2715 nihil
1546 2663 1780 2732 amplius
1807 2664 1876 2719 de

273 2750 379 2807 illis
403 2751 493 2805 hic
516 2751 866 2820 adjiciamus.

349 2843 411 2897 V.
446 2843 678 2899 Difﬁcile
708 2857 810 2909 cst,
846 2846 1015 2913 inquit
1040 2847 1423 2917 Hieronymus,
1469 2851 1612 2905 senis
1664 2864 1874 2909 mutare

272 2937 539 3008 linguam,
572 2949 621 2993 et
646 2953 1029 2996 canesccntem
1059 2941 1167 3006 jam
1213 2942 1471 2997 mundum
1503 2945 1567 2999 ad
1613 2944 1763 3001 initia
1794 2963 1876 3002 re-

273 3031 492 3086 trahere
547 3034 913 3101 parvulorum.
967 3034 1097 3102 Quis
1148 3035 1290 3090 enim
1314 3035 1508 3091 doctus
1534 3039 1757 3105 pariter,
1792 3040 1874 3095 vel

274 3122 553 3190 induetus,
585 3141 709 3180 cum
764 3126 815 3179 in
850 3142 1040 3183 manus
1072 3128 1324 3185 volumen
1355 3129 1755 3202 Scripturarutu
1784 3148 1871 3188 as-

1978 514 2443 576 (Iommentarium
2469 520 2683 577 aiebat:
2716 521 2829 576 lloc
2855 523 3068 579 breviter
3103 526 3405 592 admonens,
3438 530 3577 598 quod

1980 609 2175 664 nullius
2248 615 2603 669 auctoritatem
2659 625 2862 671 secutus
2916 634 3064 683 sum;
3102 617 3191 672 sed
3236 620 3299 674 de
3354 619 3576 675 Hebrazo

1977 700 2311 773 transferens’,
2344 709 2507 778 magis
2535 725 2613 762 me
2635 709 2979 781 Septuaginta
3000 712 3334 784 interpretum
3364 731 3579 769 consue-

1977 797 2147 850 tudini
2167 801 2420 869 roaptatti,
2454 802 2507 855 in
2534 801 2614 865 [tis
2643 804 2930 867 dumtaxat,
2975 822 3090 877 qua:
3120 823 3219 862 non
3254 808 3470 862 multum
3512 809 3575 863 ab

1979 886 2247 945 Hebraicis
2277 894 2658 966 discrepabunt.
2711 895 2987 952 Interdum
3038 900 3236 971 Aquila:
3276 918 3496 972 quoque,
3528 914 3576 958 et

1977 984 2297 1055 Symmachi,
2331 1000 2376 1043 et
2420 989 2789 1049 Tlteodotionis
2840 994 3142 1051 recordatus
3195 1013 3328 1063 sum,
3375 1008 3429 1053 ut
3485 1015 3576 1052 nec

1976 1081 2198 1135 novitate
2237 1083 2397 1139 nimia
2449 1085 2652 1141 lectoris
2690 1087 2922 1143 studium
2960 1090 3296 1155 deterrerem,
3324 1108 3416 1147 nec
3454 1110 3574 1147 rur-

1974 1189 2090 1227 sum
2119 1184 2297 1230 contra
2320 1180 2688 1233 conscientiam
2734 1198 2920 1248 nteant,
2953 1182 3094 1249 fonte
3115 1185 3342 1238 ueritatis
3364 1186 3572 1250 omisso,

1977 1269 2278 1338 opinionum
2304 1271 2498 1326 rivulos
2548 1282 2890 1331 consectarer.
2921 1274 3247 1333 Prmlatione
3290 1286 3466 1332 tamen
3522 1279 3574 1333 in

1976 1358 2171 1417 librum
2190 1363 2291 1419 Job
2317 1380 2378 1418 ex
2417 1365 2641 1419 lleltraro
2665 1365 2718 1421 in
2754 1366 3003 1423 Latinum
3027 1369 3299 1439 eloquium
3348 1372 3576 1425 translato

1977 1462 2110 1517 tum,
2140 1457 2333 1511 asserit
2386 1457 2589 1513 nullum
2616 1457 2683 1513 de
2716 1460 2988 1515 veteribus
3019 1464 3365 1531 interpretem
3412 1464 3579 1519 luisse

1974 1560 2035 1601 se
2090 1554 2335 1602 secutum
2370 1565 2381 1601 :
2418 1548 2548 1603 Hatc
2593 1560 2766 1603 autem
2796 1552 3093 1620 translatio,
3127 1554 3319 1623 inquit,
3373 1555 3573 1610 nullum

1977 1637 2041 1692 de
2068 1641 2317 1695 veteribus
2337 1643 2566 1712 sequitur
2587 1644 2939 1713 interpretem,
2964 1647 3053 1701 sed
3076 1664 3140 1703 ea:
3163 1649 3273 1720 ipso
3296 1649 3576 1716 Hebraico,

1978 1728 2299 1804 Arabicoque
2353 1751 2607 1805 sermone,
2656 1746 2707 1790 et
2762 1738 3018 1793 interdum
3047 1739 3204 1810 Syro,
3237 1758 3369 1795 nunc
3399 1743 3572 1810 verba,

1908 1808 1951 1868 Β
1981 1839 2118 1877 nunc
2143 1841 2346 1893 sensus,
2380 1843 2517 1881 nunc
2545 1829 2702 1884 simul
2722 1841 2994 1903 utrumque
3019 1834 3298 1889 resonabit.
3329 1836 3580 1892 Transla-

1980 1916 2179 1970 tionem
2222 1929 2369 1972 certe
2398 1919 2517 1975 Jobi
2552 1920 2871 1981 liebraicam
2900 1924 3143 1994 quisquis
3191 1927 3438 1984 conferre
3487 1946 3581 1984 vo-

1978 2008 2135 2065 Ιιιιιι-ἱι
2164 2026 2284 2064 tum
2317 2026 2375 2064 ea
2408 2028 2528 2083 qua:
2558 2013 2622 2067 ad
2653 2014 2873 2075 Graecos
2909 2018 3125 2075 codices
3152 2019 3293 2075 edita
3346 2032 3461 2076 erat
3509 2026 3579 2079 ab

1976 2100 2165 2153 eodem
2198 2102 2561 2175 Hieronymo:
2581 2107 2650 2160 ita
2679 2108 2817 2165 inter
2837 2125 2897 2164 se
2923 2110 3299 2180 discrepantes
3322 2116 3575 2184 reperiet,

1977 2202 2037 2246 ut
2059 2194 2255 2264 szepius
2286 2206 2513 2266 cogatur
2535 2200 2677 2266 apud
2710 2216 2769 2257 se
2813 2205 3074 2272 cogitare,
3109 2221 3237 2261 num
3271 2206 3323 2263 in
3353 2218 3579 2280 utroque

1976 2288 2274 2357 exemplari
2305 2290 2493 2345 eadem
2522 2291 2593 2346 sit
2627 2292 2920 2363 Scriptura»
2972 2300 3234 2367 nat-ratio,
3284 2318 3411 2358 num
3444 2320 3581 2361 unus

1977 2376 2225 2441 historiae
2285 2396 2455 2436 sacra)
2503 2388 2839 2443 eontextus?
2894 2390 2949 2443 ltt
3006 2390 3338 2453 Psalmorutn
3399 2408 3575 2451 autem

1977 2472 2139 2536 libro,
2186 2476 2285 2527 etsi
2339 2476 2501 2530 multa
2536 2478 2750 2534 diversa
2786 2482 2914 2547 sint,
2949 2484 3176 2551 plurima
3230 2487 3579 2547 nihilominus

1981 2566 2329 2622 inveniuntur
2357 2582 2595 2626 mutuata
2628 2575 2696 2627 ab
2744 2578 2964 2646 antiquo
3015 2579 3313 2651 interprete
3364 2584 3577 2651 Latino,

1985 2658 2035 2711 id
2075 2670 2187 2727 est,
2220 2662 2496 2721 immutata
2530 2666 2579 2717 in
2612 2665 2873 2722 Psalterio
2907 2670 3220 2745 Hieronymi
3271 2674 3535 2732 Hebrairo
3564 2696 3574 2707 ·

1977 2751 2163 2822 sicque
2190 2762 2241 2807 tn
2270 2755 2480 2810 caeteris
2510 2756 2664 2812 libris
2695 2768 2804 2813 tum
2822 2759 3001 2831 Legis,
3027 2773 3137 2817 tum
3162 2765 3571 2836 prophetarum,

1978 2842 2323 2900 observatum
2355 2847 2636 2919 dignoscet
2657 2853 2929 2908 studiosus
2955 2855 3146 2925 lector,
3179 2860 3268 2929 qui
3296 2876 3417 2917 cum
3445 2882 3577 2919 nova

1980 2936 2399 3012 Hieronymiana
2424 2945 2775 3003 translatione
2796 2959 2972 3016 partes
2998 2954 3319 3021 superstites
3346 2958 3580 3026 antiqua:

1979 3027 2204 3096 Latinae,
2262 3048 2355 3087 seu
2388 3034 2587 3092 Italica:
2635 3040 2903 3095 versiouis
2960 3046 3290 3102 contendere
3322 3048 3578 3106 voluerit.

1980 3122 2242 3195 Exempla
2289 3125 2599 3198 hujus'nodi
2652 3132 2946 3190 lectionum
2997 3141 3305 3209 suppeditat
3333 3145 3580 3199 collectio

274 3216 594 3286 sumpserit,
623 3228 677 3273 et
707 3235 733 3270 a
782 3219 976 3285 saliva,
1028 3235 1187 3290 quam
1213 3222 1380 3276 semel
1410 3221 1650 3289 imbibit,
1683 3225 1876 3280 viderit
1904 3193 1949 3256 Ο
1982 3218 2312 3273 υὲιιίίεοτιιιη
2345 3222 2642 3291 scripuli“?
2675 3241 2865 3291 sacrm,
2894 3244 3013 3297 quae
3043 3230 3105 3285 ad
3140 3233 3298 3289 linem
3334 3236 3582 3297 Psalterii

278 3307 601 3379 discrepare
643 3310 782 3379 quod
832 3310 1067 3375 lectitat,
1130 3330 1234 3368 non
1283 3315 1465 3378 statim
1523 3325 1773 3384 erumpat
1823 3318 1876 3374 in

278 3416 502 3467 vocem,
539 3403 884 3475 interpretem
910 3422 1107 3460 novum
1139 3408 1420 3463 clamitans
1448 3425 1570 3464 esse
1600 3408 1876 3467 falsarium

276 3507 333 3552 ct
352 3498 699 3570 Sacrilegum,
730 3501 820 3571 qui
851 3503 1051 3557 audeat
1075 3504 1278 3573 aliquid
1312 3505 1364 3558 in
1414 3507 1686 3561 veteribus
1728 3507 1879 3562 libris

278 3592 492 3657 tollere,
525 3593 751 3661 addere,
804 3608 1049 3662 mutare,
1082 3598 1393 3668 corrigere?
1432 3599 1709 3656 Adversus
1742 3602 1879 3657 Itane

279 3683 537 3738 invidiam
580 3701 890 3755 prazcaverc
941 3704 1000 3745 se
1034 3689 1392 3761 Hieronymus
1420 3693 1627 3748 studuit
1657 3694 1705 3746 iu
1740 3710 1877 3749 nova

277 3776 519 3833 editione
558 3778 748 3835 Latina
779 3794 1057 3841 sacrorum
1106 3782 1399 3838 Bibléorum
1427 3801 1439 3837 :
1472 3794 1524 3839 et
1556 3801 1623 3839 ne
1651 3786 1876 3841 multum

278 3883 307 3922 a
330 3869 582 3925 lectionis
613 3869 819 3926 Latina:
866 3873 1258 3929 consuetudine
1306 3874 1612 3933 discederet
1648 3896 1656 3929 :
1690 3878 1759 3933 ita
1790 3894 1880 3935 ca-

281 3960 423 4016 lamo
452 3966 797 4034 temperavit,
833 3974 890 4020 ut
918 3966 984 4020 iis
1015 3976 1243 4031 tantum,
1284 3984 1403 4036 quin
1427 3986 1643 4024 seu~utu
1670 3981 1877 4027 mutare

281 4054 932 4123 videbantur,correctis.
995 4060 1200 4129 reti-pta
1231 4061 1429 4129 saepius
1471 4077 1690 4116 ntauerc
1734 4076 1879 4133 pate-

282 4158 451 4213 retur,
476 4159 536 4205 ιιι
557 4158 685 4217 ante
717 4153 950 4207 fuerant.
980 4152 1035 4207 ld
1071 4154 1183 4221 ipse
1214 4155 1496 4223 proﬁtetur
1550 4158 1601 4210 in
1651 4157 1880 4226 epistola

280 4242 345 4297 ad
366 4243 546 4297 Sunn.
576 4258 627 4299 et
652 4245 856 4301 Fretel.
882 4263 1000 4301 cum
1021 4246 1088 4302 de
1112 4248 1334 4319 antiquo
1361 4251 1657 4319 interprete
1689 4250 1877 4306 Latino

280 4351 590 4395 sermonem
625 4340 854 4397 instituit
882 4360 893 4396 :
922 4342 1028 4397 Sed
1060 4343 1349 4408 sciendant,
1380 4344 1571 4413 inquit,
1602 4347 1740 4416 quod
1763 4347 1878 4400 ubi-

281 4447 495 4500 cumque
550 4433 603 4486 in
662 4432 840 4488 Graeco
883 4436 1128 4507 scriptum
1180 4448 1274 4502 est,
1305 4439 1609 4510 glorificatc,
1661 4438 1877 4494 Latinus

279 4522 557 4593 interpres,
602 4527 953 4596 magniﬁcate,
1012 4530 1357 4595 transtulerit,
1415 4532 1697 4586 secundant
1744 4532 1880 4586 illud

278 4617 415 4685 quod
444 4618 500 4670 in
532 4616 718 4672 Exodo
769 4620 998 4675 dicitur:
1030 4620 1305 4678 Cantemus
1356 4621 1601 4688 Domino,
1657 4625 1879 4695 gloriose
1906 4596 1956 4655 D

278 4709 415 4761 enim
462 4711 831 4781 magniﬁcatus
877 4724 968 4767 est.
1017 4713 1122 4767 Pro
1158 4732 1261 4786 quo
1306 4717 1356 4769 in
1385 4716 1565 4773 erco
1614 4719 1876 4783 scribitur,

277 4798 608 4870 gloriﬁcatus
630 4814 703 4857 est
726 4820 745 4858 :
774 4806 862 4859 sed
892 4806 942 4859 in
971 4804 1158 4861 Latino
1180 4824 1414 4863 sermone
1437 4812 1482 4863 si
1509 4813 1875 4882 transferatur,

278 4894 335 4963 ﬁt
362 4894 613 4948 indecora
662 4898 950 4953 translatio.
985 4899 1049 4952 Et
1077 4917 1167 4953 ttos
1198 4902 1525 4957 emendantes
1571 4902 1693 4957 olim
1722 4904 1875 4960 Psal-

279 4988 483 5053 terium,
504 4988 811 5060 ubicumque
831 5006 1007 5046 sensus
1024 4992 1159 5047 idem.
1173 5002 1269 5061 est,
1296 5005 1518 5048 veterum
1541 4995 1877 5064 interpretum

280 5082 705 5139 consuetudinem
718 5094 915 5139 mutare.
943 5084 1227 5151 noluimus,
1253 5105 1317 5143 ne
1342 5090 1506 5142 nimia
1527 5095 1751 5143 novitate
1779 5092 1882 5143 lec-

277 5176 411 5229 toris
462 5178 692 5231 stndium
723 5189 1042 5235 terrerentus.
1091 5182 1158 5236 Et
1210 5182 1346 5237 infra
1377 5184 1445 5238 de
1491 5184 1684 5240 eodem
1716 5184 1881 5240 verbo

280 5270 665 5340 honoriﬁcabit,
703 5273 782 5326 vel
810 5272 1144 5345 gloriﬁcabit,
1179 5275 1319 5332 idem
1373 5293 1587 5347 quoque
1620 5278 1877 5349 replicat,

278 5362 507 5417 dicens:
545 5362 829 5419 Noluimus
850 5383 974 5436 ergo
999 5368 1270 5422 immutare
1290 5370 1429 5439 quod
1458 5369 1521 5423 ab
1553 5371 1778 5440 antiquis
1808 5372 1881 5423 [ευ

278 5456 518 5525 gebatur,
552 5457 675 5527 quia
702 5459 837 5510 idem
868 5475 1047 5513 sensus
1075 5469 1208 5514 erat.
1242 5504 1253 5515 .
1294 5501 1305 5513 .
1341 5462 1429 5515 sed
1450 5472 1495 5515 et
1523 5463 1578 5515 in
1616 5462 1710 5516 Itoc
1737 5464 1880 5516 nulla

278 5557 353 5601 est
385 5565 563 5601 sensus
604 5551 823 5602 mutatio
851 5559 934 5603 :et
968 5568 1059 5604 nos
1101 5553 1371 5622 antiquam
1406 5554 1882 5626 interpretationem

278 5655 569 5714 sequentes,
601 5645 739 5714 quod
767 5662 867 5699 non
890 5648 1124 5713 nocebat,
1160 5657 1361 5701 mutare
1408 5649 1686 5702 noluimus.
1734 5648 1881 5701 Dilli-

280 5737 467 5791 ciliora
503 5753 633 5791 vero
666 5746 720 5791 et
750 5738 984 5794 obscura
1016 5739 1139 5795 libri
1179 5741 1523 5795 Ecelesiasta‘e
1559 5741 1609 5793 in
1660 5740 1877 5801 modum

280 5832 717 5901 commentario“
745 5832 1074 5899 "liberetis,
1107 5835 1361 5899 novitatis
1392 5837 1551 5895 etiam
1586 5833 1764 5888 nimia:
1800 5836 1878 5888 itt—

1986 3307 2411 3381 Hieruuymiani,
2447 3328 2510 3366 ex
2532 3320 2678 3369 ‘nova
2703 3332 2764 3369 ac
2793 3324 2959 3375 veteri
2981 3321 3220 3379 editione
3244 3325 3431 3383 Latina
3457 3347 3578 3397 pro-

1984 3404 2161 3471 posuit
2214 3407 2406 3460 tloctus
2458 3410 2537 3460 vir
2591 3411 2794 3475 (larus,
2845 3416 2935 3483 qui
2986 3416 3173 3473 Romae
3202 3428 3329 3476 ante
3380 3439 3581 3492 paucos

1983 3508 2155 3550 annos
2185 3497 2348 3555 multa
2381 3501 2719 3570 antiquitatis
2760 3520 2927 3560 sacra:
2957 3525 3305 3567 monumenta
3358 3516 3585 3571 studio—

1983 3589 2197 3643 sissitne
2242 3592 2587 3659 conquisivit.
2624 3604 2677 3648 et
2711 3597 2850 3665 typis
2895 3602 3138 3661 mandari
3182 3608 3407 3663 curavit.
3440 3610 3585 3664 Cou-

1983 3680 2254 3741 suetudiui
2281 3681 2444 3753 igitur
2468 3697 2711 3739 veterum
2745 3688 3100 3759 interpretum
3138 3697 3205 3750 ita
3234 3712 3294 3752 se
3321 3711 3583 3770 attempe-

1984 3774 2137 3828 rabat
2193 3773 2585 3846 Hieronymus,
2638 3785 2694 3833 ttt
2722 3790 2896 3837 tamen
2953 3786 3156 3841 t'ontem
3182 3791 3428 3848 veritatis
3475 3809 3579 3848 non

1983 3869 2276 3937 omitteret,
2306 3871 2507 3926 rivulos
2560 3884 2918 3932 consectatus.
2967 3880 3081 3935 lloc
3112 3892 3214 3947 est,
3255 3885 3341 3939 ubi
3372 3888 3578 3943 nullum

1983 3969 2098 4015 crat
2151 3976 2341 4018 sensus
2380 3974 2471 4020 aut
2525 3965 2893 4037 intelligentia:
2931 3970 3220 4043 damnum,
3266 3978 3420 4035 facile
3446 3981 3584 4038 auti-

1983 4070 2140 4123 quam
2169 4058 2493 4128 sequebatur
2517 4059 2761 4121 Latinam
2796 4066 3224 4134 translationem,
3260 4088 3326 4129 ue
3347 4076 3583 4133 novitate

1983 4149 2273 4204 verborum
2310 4161 2564 4222 perpetua
2596 4154 2813 4215 lectoris
2838 4161 3072 4216 sttnlium
3095 4164 3412 4225 deterreret.

2060 4244 2227 4300 Porro
2250 4246 2530 4303 indecoras
2556 4250 2757 4307 vitabat
2804 4269 3017 4325 semper
3068 4258 3465 4329 Scripturarum
3497 4270 3579 4324 in-

1983 4338 2417 4405 terpretationes,
2443 4357 2541 4396 nec
2573 4357 2692 4398 cum
2720 4347 3022 4415 Augustino
3052 4352 3187 4409 bene
3211 4356 3311 4426 ipsi
3333 4364 3585 4417 convenit

1984 4434 2035 4489 in
2062 4432 2161 4488 hac
2188 4446 2361 4503 parte.
2386 4435 2615 4492 Sanctus
2646 4440 2846 4510 quippe
2889 4445 3218 4515 Augustinus
3242 4452 3582 4513 soloecismos

1982 4542 2045 4583 ac
2075 4528 2466 4596 barbarismos,
2526 4541 2828 4604 cmteraque
2874 4537 3157 4595 locutionis
3202 4543 3407 4601 Latina:
3454 4550 3578 4606 vitia

1981 4624 2253 4677 contemni
2280 4625 2469 4691 voluit,
2494 4640 2613 4694 quae
2635 4641 2766 4681 sano
2790 4629 3079 4687 intellectui
3105 4633 3232 4689 nihil
3258 4637 3545 4699 detrahunt
3568 4663 3580 4697 :

1980 4725 2035 4770 et
2076 4717 2196 4772 ideo
2246 4717 2339 4772 lib.
2399 4734 2457 4773 ut
2504 4719 2574 4775 de
2600 4720 2849 4776 Doctrina
2897 4723 3200 4783 Christiana
3233 4733 3416 4790 mallet
3456 4753 3578 4793 cum

1981 4808 2319 4867 barbarismo
2372 4812 2512 4883 legi,
2564 4813 2685 4869 Non
2738 4828 2810 4869 est
2857 4819 3211 4878 absconditum
3259 4844 3289 4880 a
3322 4838 3369 4883 te
3409 4847 3579 4888 ossunt

1981 4920 2168 4971 meum,
2231 4920 2414 4975 quam,
2468 4924 2525 4959 os
2571 4923 2759 4975 meum,
2804 4911 2943 4979 quod
2976 4926 3057 4969 est
3086 4917 3263 4973 minus
3310 4935 3576 4992 apertum,

1982 4996 2102 5067 quia
2150 4999 2318 5065 magis
2374 4997 2644 5053 Latinum.
2707 5002 2898 5057 Contra
2960 5017 3179 5064 sanctus
3224 5012 3581 5088 Hieronymus

1984 5091 2325 5159 apertissima
2359 5094 2471 5145 btec
2525 5093 2813 5148 lttt‘UIiOttlS
2845 5097 2966 5151 vitia
3000 5112 3318 5161 mouetesse
3342 5110 3575 5181 vitanda,

1986 5183 2073 5236 ubi
2107 5199 2243 5237 unus
2269 5194 2351 5238 est
2380 5184 2668 5252 Scriptum:
2714 5202 2926 5245 sonans.
2964 5190 3029 5245 Et
3060 5210 3173 5262 nos,
3210 5198 3379 5269 inquit
3422 5206 3579 5276 epiSI.

1986 5275 2108 5341 155,
2139 5274 2233 5327 hoc
2257 5277 2534 5345 sequimur,
2567 5286 2619 5328 ut
2650 5278 2732 5330 ubi
2763 5276 2908 5333 nulla
2931 5293 3003 5337 est
3034 5284 3097 5339 de
3143 5304 3295 5344 sensu
3344 5274 3579 5363 mutatio,

1982 5361 2158 5419 Latini
2185 5367 2432 5420 sermonis
2460 5367 2764 5437 elegantiam
2794 5386 3165 5432 conservemus.
3198 5378 3396 5438 lterum
3426 5391 3584 5457 paulo

1989 5468 2107 5527 post
2141 5478 2152 5511 ε
2184 5458 2380 5512 Eadem
2405 5460 2566 5532 igitur
2592 5462 2966 5531 interpretandi
2993 5472 3250 5538 sequenda
3281 5488 3353 5529 est
3374 5484 3573 5550 regula,

1986 5567 2138 5620 quam
2168 5566 2303 5631 stupe
2329 5553 2550 5606 diximus
2580 5571 2597 5607 .'
2621 5565 2670 5606 ttt
2703 5555 2787 5609 ubi
2816 5574 2915 5610 non
2939 5559 3002 5611 sit
3032 5561 3278 5618 damnum
3308 5570 3361 5622 in
3403 5588 3579 5639 sensa,

1985 5643 2175 5711 linguae
2228 5644 2279 5694 in
2334 5661 2487 5713 quam
2546 5648 2928 5717 transierimus,
2962 5654 3177 5725 εὐφωνία
3208 5670 3259 5711 et
3292 5665 3579 5729 proprietas

1986 5744 2327 5789 conservetur.
2382 5739 2509 5805 Quae
2564 5743 2629 5793 sit
2686 5752 2867 5801 autem
2925 5745 3310 5815 interpretandi
3371 5761 3576 5827 regula,

1985 5844 2143 5896 quam
2191 5830 2517 5899 S’llilClldtlltt
2575 5831 2659 5887 hic
2709 5835 2887 5901 docet,
2946 5836 3155 5895 abuodt:
3194 5840 3583 5914 demonstravit
