4040 6360
476 312 548 370 47
1084 309 1178 367 AD
1217 307 1274 368 S.
1319 304 1702 365 lllERONYMl
1740 302 2022 364 DlVlNAM
2063 300 2575 363 BlBLlOTllECAM
2614 301 3157 364 PROLEGOMENA.
3713 296 3784 357 48

474 426 631 485 initio
673 425 915 498 ejusdem
964 426 1231 496 epistolae,
1262 425 1448 483 dicens
1476 442 1489 480 :
1523 424 1591 480 Et
1620 424 1906 493 sciendum,
1939 421 2078 495 quod
2103 420 2156 485 Α
2182 422 2329 479 clare
2369 423 2512 479 enim
2555 423 2849 495 Gregorius
2900 425 3123 495 Magnus
3175 421 3291 477 lucc
3322 420 3484 477 habet
3519 418 3614 476 lib.
3648 434 3737 493 vni
3766 462 3781 489 ,

472 521 521 575 si
549 520 859 575 voluerimus
887 519 1078 585 dicere,
1111 518 1353 588 Domine,
1386 519 1501 590 quis
1547 517 1738 573 incolet
1768 516 2077 570 tabernacu-

473 614 583 667 lum
619 623 830 667 tuum...
861 612 1037 685 perdet
1069 615 1310 686 εὐφωνίαν
1338 628 1355 666 :
1386 621 1434 665 et
1476 612 1598 665 dum
1644 609 2077 682 interpretationis

471 707 771 772 κακοζηλίαν
820 706 1123 778 sequimur,
1180 720 1379 759 onmem
1431 703 1667 758 decorem
1718 701 2077 757 translationis

426 808 433 815 ‘
470 800 774 853 amittimus.
834 796 902 852 Et
943 797 1075 852 hanc
1112 814 1220 853 esse
1258 794 1492 868 regulam
1517 794 1636 849 boni
1676 795 1989 866 interpretis,
2019 801 2076 847 ut

472 892 730 965 ἰδιώματα
782 890 974 966 linguae
1025 892 1270 959 alterius,
1322 904 1431 945 sua:
1459 888 1651 962 lingua:
1679 890 1934 959 exprimat
1955 905 2078 961 pro-

469 988 705 1059 prietate.
734 985 886 1053 Quod
912 994 959 1042 et
992 984 1222 1040 Tullium
1264 984 1320 1038 in
1348 983 1644 1057 Protagora
1695 982 1960 1051 Platonis,
2028 991 2077 1036 et

470 1081 527 1134 in
566 1083 873 1154 οἰκονομικῷ
915 1075 1307 1147 Xenophontis,
1355 1084 1405 1131 et
1434 1077 1489 1130 in
1546 1076 1906 1132 Demosthenis
1950 1091 2075 1129 con-

390 1188 401 1200 ‘
473 1182 556 1226 tra
570 1171 875 1225 .Eschinem
897 1170 1128 1224 oratione
1146 1169 1325 1240 fecisse
1336 1168 1712 1234 convincimus,
1734 1177 1783 1222 et
1800 1166 2075 1233 Plautum,

471 1262 789 1332 Terentium,
815 1261 1176 1332 Cteciliuntque
1219 1262 1592 1317 eruditissimos
1618 1261 1774 1325 riros,
1801 1260 1855 1314 in
1881 1256 2078 1314 Griecis

476 1356 732 1413 Comoedia
762 1356 1157 1428 transferendis.
1186 1354 1295 1410 Nec
1313 1355 1427 1410 ideo
1448 1356 1560 1427 quis
1581 1353 1823 1410 Latinam
1845 1353 2079 1425 linguam

471 1450 893 1523 augustissimam
922 1457 1087 1521 putet,
1114 1448 1255 1520 quod
1278 1464 1383 1501 non
1412 1449 1573 1518 possit
1600 1445 1808 1502 verbum
1833 1446 1899 1501 de
1926 1444 2080 1500 verbo

470 1544 774 1614 transferre,
826 1558 943 1596 cum
985 1542 1137 1596 etiam
1169 1540 1613 1612 Grieci'pleraque
1658 1548 1836 1593 nostra
1861 1536 2080 1592 circuitu

469 1636 809 1705 transferant,
835 1644 884 1688 et
908 1632 1061 1689 verba
1082 1631 1340 1687 Hebraica
1366 1647 1468 1687 non
1489 1630 1927 1704 interpretationis
1952 1628 2078 1699 ﬁde,

368 1744 377 1751 ‘
470 1727 561 1781 sed
618 1726 813 1796 lingua:
858 1741 965 1781 sua:
1013 1724 1415 1797 proprietatibus
1482 1725 1717 1779 nitantur
1767 1723 2076 1796 exprimere.

2178 517 2342 588 epist.
2366 519 2435 573 49.
2468 535 2478 570 :
2503 517 2806 573 Iudicemus
2834 528 3103 589 praeterea,
3150 518 3270 587 quia
3295 531 3506 588 gravem
3533 515 3615 568 hic
3643 514 3788 584 dif/i-

2179 608 2420 664 cultatem
2448 610 2783 681 interpretum
2812 610 3062 682 patimur.
3104 608 3243 662 Dum
3291 609 3428 662 enim
3483 622 3587 661 non
3642 615 3783 673 sunt,

2177 704 2266 774 qui
2287 720 2489 759 sensum
2514 704 2579 757 de
2604 720 2760 758 sensu
2787 703 3100 774 exprimunt,
3125 700 3214 755 sed
3237 704 3523 772 transferre
3544 698 3787 771 proprie-

2179 803 2335 849 tatem
2364 795 2782 865 senipervolunt,
2811 809 3013 849 omnem
3039 808 3250 848 sensum
3281 791 3543 847 dictorum
3564 794 3788 863 confun-

2180 889 2331 945 dunt.
2382 888 2533 945 Unde
2585 890 2761 963 agitur
2800 897 2855 944 ut
2895 904 2954 943 ea
2998 902 3113 959 qua
3154 887 3409 941 translata
3436 885 3655 956 fuerint,
3688 885 3789 940 nisi

2181 999 2294 1036 cum
2315 984 2462 1055 gravi
2479 982 2653 1037 labore
2672 980 2960 1055 intelligere
2982 982 3130 1036 nullo
3153 980 3307 1035 modo
3325 980 3605 1034 valeamus.
3640 976 3786 1033 Idem

2179 1085 2235 1131 et
2258 1075 2509 1131 Nicolaus
2538 1091 2671 1146 papa
2706 1076 2761 1131 in
2788 1075 3015 1147 cpistola
3056 1075 3122 1131 ad
3173 1073 3492 1131 Micliaelem
3550 1074 3788 1143 impera-

2182 1178 2395 1222 torem:
2426 1167 2490 1223 Si
2527 1167 2771 1221 Latinam
2816 1168 3073 1239 linguam,
3105 1166 3297 1237 inquit,
3351 1167 3467 1221 ideo
3515 1164 3793 1220 barbaram

2182 1260 2523 1331 nuncupatis,
2544 1262 2793 1331 quoniam
2809 1279 2839 1316 a
2863 1262 3264 1317 translatoribus
3286 1262 3336 1316 in
3354 1258 3589 1317 Grtecam
3607 1260 3794 1315 dictio-

2181 1371 2297 1409 nem
2322 1363 2519 1409 mutata
2547 1355 2892 1411 barbarismos
2911 1365 3142 1430 generat,
3171 1373 3276 1412 non
3316 1357 3513 1429 lingute
3560 1355 3790 1423 Latium,

2180 1449 2272 1505 sed
2320 1450 2473 1520 culpa
2520 1459 2615 1517 est,
2666 1459 2722 1505 ut
2773 1449 2981 1521 opinor,
3041 1451 3384 1523 interpretum
3426 1452 3540 1520 qui,
3578 1435 3792 1522 quando

2182 1557 2387 1597 necesse
2424 1552 2520 1607 est,
2563 1558 2666 1597 non
2693 1558 2903 1597 sensum
2932 1560 2959 1597 e
2987 1560 3165 1611 sensu,
3193 1542 3284 1598 sed
3305 1544 3557 1599 violenter
3582 1546 3794 1598 verbum

2183 1631 2336 1688 edere
2356 1643 2613 1688 conantur
2633 1650 2661 1689 e
2686 1634 2857 1691 verbo.
2889 1634 2972 1690 Ad
3000 1651 3193 1691 sensus
3221 1650 3355 1692 vero
3407 1635 3609 1693 divinae
3645 1636 3793 1693 Scri-

2183 1735 2355 1797 pturas
2381 1727 2764 1798 exprimendos
2808 1727 2947 1786 adeo
2987 1738 3232 1785 attentus
3262 1728 3361 1786 fuit
3385 1745 3451 1787 ac
3501 1732 3793 1803 religiosus

472 1818 723 1897 Denique
770 1818 961 1874 eadem
1012 1833 1230 1889 semper
1279 1818 1578 1875 adnectens
1630 1817 1795 1888 epist.
1856 1816 1981 1882 lOl,
2012 1816 2079 1871 ad
2109 1821 2157 1883 B
2185 1817 2568 1891 Hieronymus,
2601 1828 2661 1873 ut
2712 1819 2783 1876 ab
2813 1820 2893 1876 eis
2916 1820 3123 1892 legibus
3152 1837 3291 1893 quas
3344 1824 3792 1890 commemoravi,

472 1911 903 1981 Pammachium,
945 1912 1334 1968 translationes
1363 1912 1547 1969 verbis
1574 1911 1735 1969 nimis
1765 1910 2080 1979 obstrictas,

470 2005 688 2078 putidas
743 2014 901 2062 vocat
943 2012 1000 2062 et
1044 2006 1374 2073 κακοζήλους.
1435 2005 1709 2073 Horatius,
1758 2004 1952 2077 inquit,
2003 2006 2082 2060 vir

472 2108 658 2155 acutus
696 2108 743 2155 et
773 2101 952 2155 doctus
995 2099 1093 2154 hoc
1118 2099 1256 2153 idem
1284 2100 1337 2153 in
1375 2106 1487 2153 arte
1529 2100 1729 2172 poetica
1757 2098 1962 2154 erudito
2001 2098 2084 2153 in-

471 2193 683 2263 terpreti
715 2194 999 2267 praecepit:
1029 2192 1143 2248 Nec
1168 2192 1379 2247 verbum
1417 2191 1569 2269 verbo
1617 2191 1825 2247 curabis
1868 2192 2083 2247 reddere

473 2288 614 2358 fidus
664 2285 950 2359 Interpres.
1013 2286 1286 2343 Terentius
1325 2286 1717 2355 Menandrum,
1759 2284 1983 2340 Plautus
2034 2293 2083 2339 et

475 2380 716 2436 Otacilius
753 2392 945 2437 veteres
992 2380 1213 2435 comicos
1254 2380 1579 2451 interpretati
1632 2389 1775 2435 sunt.
1808 2378 2085 2450 Numquid

472 2472 670 2530 luerent
708 2475 762 2529 in
792 2473 994 2543 verbis,
1034 2491 1096 2529 ac
1133 2491 1235 2529 non
1284 2473 1522 2529 decorem
1565 2474 1732 2545 magis
1780 2482 1828 2527 et
1867 2475 2081 2545 elegan-

472 2567 605 2621 tiam
636 2568 691 2621 in
734 2567 1071 2622 translatione
1118 2567 1463 2622 conservant?
1492 2565 1661 2633 Quam
1692 2580 1780 2621 vos
1816 2566 2083 2619 veritatem

472 2665 932 2739 interpretationis,
974 2664 1109 2719 hanc
1151 2664 1345 2720 eruditi
1395 2662 1698 2729 κακοζηλὶαν
1755 2668 2079 2733 nuncupant.

471 2760 690 2818 Laudat
720 2760 917 2816 ibidem
964 2766 1216 2815 sanctum
1245 2756 1535 2823 Hilarium,
1589 2756 1682 2827 qui
1725 2754 1978 2810 homilias
2025 2754 2082 2810 in

476 2853 601 2923 Job,
635 2855 773 2909 etin
820 2850 1066 2907 Psalmos
1120 2858 1380 2906 tractatus
1431 2848 1694 2918 plurimos
1746 2846 1800 2903 in
1829 2845 2083 2902 Latinum

475 2947 633 3003 vertit
669 2961 699 3001 e
724 2944 917 3002 Greco
949 2944 1110 3015 :quia
1140 2958 1248 2999 non
1279 2940 1486 2997 assedit
1516 2940 1713 2995 littera;
1744 2938 2079 3005 dormitanti,

476 3054 580 3097 nec
607 3038 794 3112 putida
835 3041 1161 3095 rusticorum
1201 3035 1648 3107 interpretatione
1674 3049 1734 3089 se
1766 3032 1956 3099 torsit;
1985 3030 2083 3088 sed

475 3133 631 3206 quasi
656 3133 899 3204 captivos
928 3146 1123 3187 sensus
1155 3130 1209 3185 in
1240 3144 1393 3184 suam
1426 3128 1665 3199 linguam
1693 3126 1920 3182 victoris
1957 3125 2085 3197 jure

2184 1926 2245 1968 se
2272 1913 2388 1983 ipse
2430 1912 2736 1984 saepissime
2789 1914 3103 1971 absolverit.
3138 1915 3293 1972 Unde
3324 1917 3540 1972 monuit
3567 1931 3668 1973 nos
3694 1917 3789 1973 lib.

2183 2020 2260 2061 xu
2283 2005 2813 2063 Commentariorum
2868 2008 2920 2063 in
2975 2023 3096 2079 cap.
3136 2025 3205 2065 xt.
3238 2009 3561 2077 Ezechielis,
3597 2025 3656 2067 se
3682 2026 3790 2067 non

2183 2097 2368 2154 omnia
2392 2100 2520 2155 vitia
2554 2099 2827 2156 sermonis
2859 2101 3087 2172 vitasse,
3118 2101 3366 2172 quamvis
3395 2118 3458 2158 ea
3498 2104 3667 2174 probe
3695 2118 3793 2159 no-

2183 2192 2354 2246 visset
2376 2206 2395 2246 :
2416 2188 2566 2245 Illud
2594 2201 2764 2247 autem
2790 2192 2949 2248 semel
2960 2195 3222 2249 monuisse
3243 2194 3497 2266 sufﬁciat,
3523 2196 3619 2265 ait,
3642 2212 3793 2251 nosse

2184 2299 2265 2337 me
2294 2284 2524 2338 cubitum
2548 2292 2598 2338 et
2655 2284 2831 2339 cubita
2869 2287 3097 2341 neutrali
3144 2286 3401 2358 appellari
3443 2304 3624 2360 genere
3657 2288 3793 2343 :sed

2185 2393 2278 2449 pro
2324 2378 2678 2448 simplicitate,
2730 2388 2777 2433 et
2825 2378 3077 2450 facilitate
3122 2377 3498 2450 intelligentiae,
3549 2380 3791 2454 vulgique

2184 2462 2578 2540 consuetudine,
2612 2488 2805 2543 ponere
2844 2482 2893 2527 et
2940 2490 3126 2546 genere
3165 2475 3476 2530 masculino.
3510 2474 3635 2531 Non
3654 2476 3793 2532 enim

2185 2579 2326 2619 cura:
2353 2562 2498 2619 nobis
2541 2574 2614 2619 est
2654 2566 2821 2620 vitare
2864 2581 3163 2622 sermonum
3189 2567 3337 2635 vitia,
3376 2571 3467 2623 sed
3501 2567 3793 2642 Scriptura:

2184 2666 2379 2712 sancta:
2423 2657 2790 2714 obscuritatem
2839 2659 3246 2732 quibuscumque
3297 2659 3464 2717 verbis
3515 2661 3787 2718 disserere.

2187 2750 2492 2807 Verborum
2540 2751 2706 2807 etiam
2749 2752 3202 2823 compositionem
3235 2768 3298 2809 ac
3328 2753 3493 2810 ﬂores
3521 2755 3791 2811 sermonis

2186 2850 2347 2898 vocat
2371 2844 2592 2913 siliquas
2618 2844 2780 2916 epist.
2811 2843 2930 2911 M6,
2963 2844 3030 2900 ad
3060 2845 3349 2902 Damasum
3396 2862 3589 2918 papam
3617 2866 3629 2901 :
3661 2847 3788 2905 Non

2185 2935 2413 3007 ambigo,
2463 2936 2586 3007 quin
2620 2937 2820 2992 inculta
2870 2937 2962 2993 tibi
3009 2948 3200 2995 nostrae
3242 2942 3513 3012 parvitatis
3555 2941 3789 2997 videatur

2186 3030 2352 3085 oratio
2381 3030 2513 3086 :sed
2567 3048 2701 3105 sa'pe
2734 3043 2983 3088 causatus
3038 3036 3443 3106 sum,.ea:poliri
3487 3052 3591 3091 non
3634 3052 3787 3108 posse

2186 3140 2496 3203 sermonem,
2528 3126 2628 3181 nisi
2649 3144 2799 3197 quem
2826 3129 3039 3201 propria
3068 3145 3254 3185 manus
3281 3128 3557 3187 limaverit.
3605 3122 3790 3203 Itaque

478 3222 897 3293 transposuerit.
926 3221 1180 3292 Aquilam
1211 3235 1343 3277 vero
1372 3219 1611 3291 proiicit,
1663 3217 1999 3291 proselytum
2026 3211 2153 3276 etC
2185 3218 2390 3294 ignosce
2441 3219 2737 3276 dolentibus
2790 3222 2990 3290 oculis,
3039 3223 3097 3277 id
3143 3229 3253 3292 est,t
3273 3224 3483 3297 ignosce
3533 3224 3787 3292 dictanti,

476 3318 880 3375 contentiosum
927 3317 1304 3387 interpretem,
1351 3314 1446 3385 qui
1503 3330 1612 3368 nun
1645 3313 1821 3369 solum
1869 3311 2033 3367 verba
2060 3354 2076 3381 ,

478 3414 574 3469 sed
598 3412 953 3485 etymologias
977 3424 1189 3482 quoque
1212 3409 1505 3465 verborum
1536 3406 1831 3463 transferre
1850 3415 2081 3463 conatus

477 3513 580 3561 est.
612 3502 779 3574 Cujus
809 3500 1275 3573 interpretationis
1304 3500 1433 3555 vitia
1464 3515 1527 3556 ac
1554 3499 1851 3566 κακοζηλὶαν
1897 3505 2081 3553 οειθιιι

482 3596 561 3652 dit
585 3594 789 3666 aliquot
809 3593 1094 3666 exemplis,
1120 3608 1228 3648 non
1246 3593 1523 3649 sustinens
1551 3591 1915 3662 importunam
1931 3590 2081 3645 illam

480 3687 840 3759 diligentiam,
870 3702 975 3757 qua
995 3700 1100 3743 non
1138 3684 1450 3757 appendere
1470 3698 1530 3739 se
1558 3685 1745 3751 verba,
1774 3683 1869 3739 sed
1891 3698 1955 3739 ea
1981 3697 2085 3738 nu-

480 3793 699 3835 merare
747 3777 940 3834 lectori
990 3785 1247 3847 oportere
1280 3775 1488 3843 putavit
1533 3773 1757 3831 Iudaeus
1788 3775 2082 3845 interpres.

479 3872 592 3930 Nec
622 3882 907 3945 propterea
957 3873 1079 3942 quis
1120 3869 1443 3936 adducatur,
1494 3879 1554 3925 ut
1583 3870 1769 3927 credat
1817 3870 2085 3942 Hierony-

483 3983 631 4023 mum
678 3979 896 4021 omnem
951 3964 1093 4019 circa
1140 3962 1303 4019 verba
1332 3962 1670 4034 diligentiam
1698 3962 2079 4034 interpretum,

484 4078 549 4119 ac
590 4058 1009 4117 sollicitudinem
1028 4058 1347 4129 aspernari,
1405 4070 1578 4127 neque
1630 4055 1737 4111 illis
1790 4056 2082 4128 quidquam

486 4153 792 4211 credidisse
856 4152 1039 4208 inesse
1087 4149 1359 4223 Lmomenti
1422 4148 1489 4205 ad
1540 4149 1750 4205 nativos
1802 4159 2083 4206 auctorum

488 4263 687 4306 sensus
718 4243 1127 4318 exprimendos.
1161 4244 1267 4298 Eos
1299 4241 1459 4313 igitur
1486 4242 1826 4314 potissimum
1857 4242 2087 4315 casﬁgat

486 4345 546 4399 S.
572 4343 784 4409 doctor,
806 4354 945 4412 quos
977 4336 1144 4393 nimio
1171 4336 1461 4393 verborum
1508 4335 1691 4393 studio
1728 4336 1940 4393 sciebat
1962 4352 2086 4394 sen-

487 4435 687 4493 tentias
726 4433 871 4505 ipsas
903 4439 1237 4504 pervertere.
1298 4426 1424 4483 Non
1474 4426 1736 4495 debemus,
1784 4426 1961 4499 inquit
2014 4427 2083 4485 ad

483 4528 656 4585 Sunn.
691 4535 745 4581 et
792 4522 967 4589 Fret.,
1007 4522 1083 4577 sic
1112 4520 1319 4575 verbum
1364 4519 1428 4573 de
1478 4518 1626 4574 verbo
1665 4520 1985 4589 exprimere,
2027 4529 2086 4575 ut

2182 3315 2406 3368 maxime
2451 3330 2567 3368 cum
2614 3315 2671 3369 in
2715 3314 3097 3372 Ecclesiasticis
3140 3317 3291 3372 rebus
3340 3332 3446 3372 non
3490 3325 3791 3389 querantur

2180 3407 2353 3473 verba,
2385 3408 2476 3461 sed
2495 3423 2698 3476 sensus,
2733 3409 2790 3462 id
2812 3417 2910 3476 est,
2954 3408 3172 3481 panibus
3193 3410 3259 3464 sit
3280 3410 3384 3464 vita
3422 3410 3786 3477 sustentanda,

2183 3513 2288 3553 non
2308 3499 2531 3569 siliquis.
2548 3499 2831 3555 Paulinum
2846 3499 3064 3556 tandem
3078 3513 3200 3555 cum
3224 3500 3534 3556 hortaretur
3555 3502 3790 3573 epistola

2185 3591 2312 3658 105,
2339 3601 2399 3646 ut
2419 3607 2539 3648 sese
2579 3592 2632 3649 in
2665 3592 2906 3649 studium
2961 3594 3266 3651 divinarum
3311 3595 3613 3651 litterarum
3658 3596 3789 3653 insi-

2184 3694 2405 3750 nuaret,
2436 3684 2607 3741 noluit
2635 3685 2809 3740 virum
2833 3686 3177 3757 eloquentem
3204 3686 3407 3743 oﬂ‘endi
3439 3688 3789 3759 simplicitate

2183 3777 2463 3833 sermonis
2507 3778 2913 3850 Scripturarum
2939 3795 2955 3835 :
2986 3779 3150 3847 Nolo,
3181 3780 3376 3848 inquit,
3411 3779 3700 3849 olfendaris
3731 3784 3786 3839 in

2186 3870 2473 3945 Scripturis
2511 3873 2709 3929 sanctis
2744 3874 3077 3946 simplicitate
3104 3882 3153 3930 et
3190 3874 3338 3946 quasi
3375 3875 3571 3930 vilitate
3603 3876 3784 3931 verbo-

2184 3980 2299 4018 rum
2324 3980 2342 4017 :
2363 3982 2479 4036 qua!
2515 3965 2593 4022 vel
2644 3967 2769 4023 vitio
2822 3970 3182 4038 interpretum,
3215 3968 3296 4023 vel
3336 3968 3401 4025 de
3420 3968 3679 4025 industria
3709 3969 3783 4024 sic

2187 4058 2389 4128 prolata
2430 4069 2570 4127 sunt,
2604 4067 2661 4114 ut
2702 4062 2953 4115 rusticam
3001 4062 3298 4117 concionem
3335 4063 3541 4135 facilius
3567 4064 3791 4120 instrue-

2185 4158 2337 4206 rent:
2365 4157 2411 4204 et
2434 4151 2489 4205 in
2509 4168 2615 4206 una
2638 4152 2917 4225 eademque
2939 4156 3193 4210 sententia
3222 4155 3377 4209 aliter
3399 4156 3605 4227 doctus,
3637 4156 3789 4213 aliter

2186 4243 2394 4298 audiret
2432 4245 2693 4303 indoctus.
2746 4246 2826 4302 Ex
2857 4246 2966 4318 bis,
3000 4248 3054 4304 ni
3079 4248 3259 4317 fallor,
3291 4249 3510 4320 planum
3542 4250 3630 4316 lit,
3660 4249 3789 4305 Hie-
3850 4316 3863 4323 ῃ

2186 4350 2473 4410 ronymum
2500 4339 2822 4411 elegantiam
2850 4349 2904 4397 et
2936 4349 3278 4397 venustatem
3304 4341 3483 4397 Latini
3515 4334 3803 4399 serntonif

2184 4429 2241 4487 in
2270 4433 2382 4489 suis
2406 4432 2857 4490 translationibus
2877 4448 3257 4502 conservasse,
3291 4434 3379 4491 ubi
3404 4435 3550 4491 nulla
3573 4443 3692 4491 erat
3717 4434 3788 4491 de

2146 4522 2168 4539 '
2188 4537 2349 4579 sensu
2384 4526 2616 4582 mutatio
2640 4540 2771 4582 :nec
2801 4527 3057 4583 omnibus
3085 4538 3268 4584 tamen
3301 4528 3646 4585 interdixisse
3672 4543 3789 4584 ser-

487 4624 611 4677 dunt
632 4618 857 4692 syllabas
878 4617 1162 4689 sequimur,
1192 4612 1469 4687 perdamus
1498 4613 1911 4683 intelligentiam.
1945 4612 2081 4669 Tum
2109 4609 2165 4673 D
2189 4630 2409 4672 menum
2424 4617 2571 4673 vitiis
2595 4658 2611 4687 ,
2653 4633 2776 4674 cum
2803 4628 3024 4691 propter
3045 4619 3427 4691 intelligentia:
3448 4619 3785 4691 facilitatem,

488 4714 649 4784 epist.
684 4712 780 4768 101
811 4711 922 4782 jam
956 4709 1192 4771 laudata,
1226 4705 1295 4761 ad
1338 4704 1746 4761 Pammachium
1778 4721 1792 4760 :
1822 4706 1929 4760 Alii
1976 4706 2085 4778 syl-

489 4809 632 4864 labas
649 4812 971 4877 aucupentur
990 4813 1039 4858 et
1062 4802 1280 4867 litteras,
1301 4809 1356 4854 tu
1378 4816 1553 4873 qurere
1563 4804 1861 4857 sententias.
1876 4799 2084 4859 Servile

488 4904 594 4958 hoc
616 4899 864 4957 vertendi
891 4913 1063 4971 genus
1089 4897 1384 4953 insectatur
1413 4903 1617 4950 tantum
1640 4905 1861 4953 sanctus
1890 4897 2084 4955 Hiero-

485 5010 707 5069 nymus,
737 5008 838 5051 nec
864 5008 959 5049 eos
1007 4990 1236 5062 culpare
1281 4989 1449 5045 voluit
1497 4990 1589 5061 qui
1632 4991 1860 5048 verbum
1918 4993 2088 5050 edunt

490 5088 559 5145 de
588 5087 788 5152 verbo;
814 5085 909 5141 sed
936 5084 1028 5156 qui
1057 5083 1348 5150 violenter,
1382 5083 1831 5155 interpretantur,
1865 5101 2086 5142 sensum

488 5181 860 5252 relinquentes
883 5177 1139 5232 auctoris.
1194 5174 1309 5230 lloc
1332 5188 1466 5231 vero
1518 5174 1985 5246 interpretationis
2008 5178 2088 5233 vi-

2188 4718 2244 4766 et
2269 4711 2418 4783 vulgi
2461 4713 2910 4770 consuetudinem
2964 4714 3225 4770 incultum
3257 4714 3386 4785 quid
3440 4714 3787 4772 retinendum

2186 4802 2309 4861 fuit.
2338 4804 2695 4875 Fastidiosam
2723 4808 2887 4878 igitur
2913 4807 3217 4879 ineptorum
3242 4808 3603 4880 interpretum
3632 4825 3789 4867 seve-

2186 4897 2403 4955 ritatem
2435 4911 2488 4955 et
2511 4900 2576 4955 ad
2629 4899 2793 4957 verba
2820 4900 3073 4955 vitiosam
3113 4900 3486 4959 adbmsionem
3524 4900 3783 4976 exagitat,

2184 4991 2435 5061 plurimis
2484 4992 2617 5047 locis
2668 4994 2971 5058 κακοζηλίαν
3024 5008 3227 5051 vocans
3258 5014 3269 5049 :
3296 4994 3597 5068 simplicem
3656 5013 3785 5054 vero

2185 5083 2385 5153 smpius
2413 5082 2612 5153 stylum
2633 5083 2876 5140 imitatus
2918 5094 3025 5152 est,
3053 5087 3178 5157 quia
3208 5087 3261 5143 in
3288 5087 3583 5162 Scripturis
3614 5090 3785 5147 sacris

2189 5175 2513 5247 simplicium
2549 5176 2718 5233 corda
2757 5177 2945 5235 doceri
2985 5181 3178 5249 voluit,
3211 5198 3322 5239 non
3353 5198 3512 5241 aures
3538 5182 3786 5243 curioso-

489 5274 625 5329 tium
672 5270 833 5343 plane
863 5283 985 5325 cum
1034 5267 1365 5338 Hieronymo
1403 5275 1668 5337 respuunt
1713 5267 1815 5322 viri
1862 5266 2090 5326 litterati
2189 5284 2308 5325 rum
2330 5268 2650 5327 demulceri.
2683 5271 2755 5327 At
2781 5270 2851 5330 de
2882 5272 2969 5330 bis
2996 5274 3278 5333 hactenus.

487 5378 696 5434 omnes,
726 5377 791 5419 ac
839 5359 1037 5419 summi
1087 5356 1374 5430 pontiﬁces
1404 5357 1459 5413 in
1491 5357 1607 5414 suis
1635 5359 1901 5431 epistolis.
1933 5360 2085 5418 Prae-

499 5503 3767 5532 MM

1553 5585 2550 5678 PROLEGOMENON
2608 5588 2727 5673 II.

950 5708 1053 5772 De
1093 5710 1387 5789 tempore
1421 5705 1925 5770 translationum
1954 5694 2363 5789 Hieronymi,
2395 5712 2460 5772 et
2487 5724 2714 5772 earum
2743 5726 2871 5774 usu
2901 5711 2968 5774 in
2992 5712 3302 5779 Ecclesia.

565 5838 778 5898 Diverso
804 5850 1059 5915 tempore,
1093 5857 1183 5899 nec
1207 5848 1405 5898 servato
1432 5852 1701 5896 sacrorum
1728 5836 1978 5894 librorum
2006 5836 2188 5897 ordine
2222 5855 2349 5896 suas
2379 5838 2636 5895 versiones
2678 5836 2841 5896 edidit
2885 5839 3265 5915 Hieronymus.
3298 5841 3364 5904 ll.
3394 5842 3551 5915 Apud
3576 5842 3783 5903 Griecos
