4040 6360
257 370 327 428 4)
800 369 1365 430 PROLEGOMENON
1407 373 1466 428 ll.
1512 373 1601 430 DE
1631 372 1957 430 TEMPORE
1983 372 2570 431 TRANSLATIONUM
2610 373 3018 432 lllERONYMl.
3489 372 3562 430 50

326 502 386 539 ac
413 483 630 559 Latinos
661 486 840 559 statim
865 487 1087 559 Ιεειὶμνὶ
1116 496 1394 559 coeperunt.
1429 486 1515 541 ΙΙΙ.
1550 485 1604 541 Η
1612 486 1875 559 ieranymi
1894 486 2320 541 translationibus
2353 487 2629 559 utebantur
2657 489 2904 542 βοιωτιηεὶ
2932 489 3228 559 scriptores.
3265 487 3355 543 IV.
3392 487 3548 543 Tetti-

329 574 451 627 pore
478 555 722 630 (ἕτεροῃὶ
754 555 1198 630 Μηςηὶβσσιεδίιὶ
1233 557 1490 623 Romana,
1523 575 1657 612 nova
1683 555 2017 624 ex'Hebrtco,
2049 569 2093 610 et
2122 559 2419 630 antiquam:
2446 557 2623 630 (ξηεεο
2648 560 2874 614 editione
2905 577 2997 614 usa
3025 555 3122 615 est.
3161 560 3224 615 ν.
3253 559 3554 615 Galliarum

330 626 618 702 grtescrtim
638 626 894 702 Ecclesia:
922 629 1360 702 [lieronymianas
1383 631 1639 702 versiones
1668 632 1865 684 crcteris
1889 626 2290 701 anteponebant.
2326 629 2415 683 Vl.
2451 629 2687 702 Ecclesia
2714 631 2968 686 catholica
2994 632 3275 687 versionem
3310 631 3556 685 Latinam

332 699 644 772 Hieronymi
677 701 885 772 publica
917 699 1496 756 decreto'autltenticant
1519 701 1833 770 declaravit,
1866 712 1913 758 et
1945 699 2054 756 eam
2084 703 2142 756 in
2167 718 2288 757 suos
2318 718 2440 756 usus
2463 701 2809 758 adhibendam
2835 703 3080 758 decrevit.

333 947 370 1002 Ι.
415 947 588 1004 Nemo
623 946 1011 1004 studiosorum
1061 957 1177 1016 est,
1223 948 1315 1020 qui
1368 949 1574 1005 nesciat
1625 947 2151 1011 transla-Ascente
2195 951 2386 1019 fratre,
2441 961 2497 1009 et
2548 952 2670 1009 aliis
2719 954 3020 1022 monachis,
3067 957 3156 1027 qui
3202 955 3562 1030 .lerosolymte

259 1046 439 1100 tiones
459 1043 724 1099 librorum
755 1057 1037 1100 sacrorum
1082 1043 1304 1098 Latinas
1335 1044 1558 1100 diverso
1590 1052 1857 1115 tempore,

259 1145 317 1192 et
345 1136 500 1206 quasi
531 1135 887 1190 tumultuario
935 1135 1126 1190 ordine
1155 1135 1404 1191 conditas
1440 1134 1609 1191 fuisse
1635 1136 1702 1191 ab
1735 1137 1860 1192 llic-

253 1245 512 1300 ronymo.
545 1228 661 1284 Non
692 1231 841 1286 enim
874 1241 1100 1296 temere,
1133 1241 1222 1287 aut
1245 1247 1344 1288 sua
1376 1240 1571 1301 sponte
1593 1233 1859 1302 interpre-

257 1323 476 1378 tabatur
501 1323 779 1378 volumina
802 1323 1244 1394 Scripturarum;
1275 1323 1369 1380 sed
1395 1334 1453 1380 ut
1479 1332 1597 1379 erat
1618 1325 1687 1378 ab
1717 1325 1854 1379 ami-

252 1416 335 1472 cis
381 1427 641 1488 rogatus,
687 1416 773 1472 vel
823 1432 852 1470 a
908 1417 1110 1472 sanctis
1136 1417 1406 1488 episcopis
1440 1416 1644 1488 jussus.
1678 1416 1854 1474 Fuere

253 1524 435 1568 autem
469 1513 562 1584 qui
596 1522 850 1568 sanctum
881 1513 1162 1570 doctorem
1203 1512 1546 1583 impellerent
1588 1512 1653 1567 ad
1679 1514 1857 1568 susei—

255 1610 514 1680 piendum
568 1609 966 1682 prophetarum
1045 1609 1496 1678 translationem,
1566 1617 1858 1680 antequam

256 1700 622 1757 Pentateuchi
675 1700 845 1756 libros
894 1700 1198 1757 Latinitate
1251 1701 1552 1756 donasset:
1601 1709 1758 1756 erant
1805 1708 1861 1756 et

255 1794 345 1865 qui
377 1793 654 1850 Samuelis
686 1808 751 1849 ac
786 1793 1102 1862 Malachim,
1147 1795 1203 1850 id
1241 1805 1354 1862 est,
1387 1804 1618 1866 quatuor
1641 1795 1854 1866 Regno-

252 1904 376 1943 rum
423 1888 702 1942 volumina
755 1887 946 1943 Latine
991 1887 1269 1944 reddenda
1303 1897 1698 1958 procurarent,
1730 1899 1857 1945 ante

249 1981 392 2035 alias
420 1980 719 2052 Scriptura:
746 1995 918 2035 sacra:
946 1995 1321 2052 quascumque
1346 1979 1853 2050 interpretationes.

254 2072 397 2128 Hinc
427 2074 690 2142 contigit,
725 2081 782 2126 ut
816 2071 959 2126 nulla
1004 2071 1148 2127 sacri
1179 2071 1406 2126 canonis
1434 2079 1648 2126 servata
1677 2073 1818 2127 serie
1838 2115 1852 2140 ,

250 2167 440 2222 omnia
484 2167 539 2221 in
581 2166 884 2222 Romanum
928 2180 1121 2221 sonum
1165 2165 1478 2235 promiscue
1523 2167 1858 2221 converterit

254 2260 654 2334 Hieronymus.

323 2355 480 2423 Quod
524 2356 688 2427 igitur
727 2364 937 2428 spectat
968 2355 1086 2426 ejus
1107 2356 1268 2428 juxta
1295 2355 1645 2427 Septuaginta
1684 2354 1858 2410 Inter-

251 2459 438 2522 pretes
463 2451 878 2507 translationem
897 2493 910 2518 ,
939 2452 1223 2508 sciendum
1248 2461 1328 2507 est
1349 2493 1362 2518 ,
1391 2450 1709 2506 Psalterium
1733 2458 1858 2506 ante

252 2552 452 2597 caetera
488 2542 558 2598 ab
597 2558 666 2598 eo
712 2542 880 2599 fuisse
912 2543 1262 2599 emendatum
1284 2589 1298 2614 ,
1332 2559 1456 2600 cum
1486 2543 1672 2598 Romtc
1713 2543 1861 2613 posi-

255 2645 341 2690 tus
386 2645 508 2690 erat
556 2645 807 2705 tempore
841 2637 1057 2691 Damasi
1101 2651 1284 2707 paptc,
1336 2637 1602 2708 longeque
1643 2644 1764 2707 post
1803 2636 1857 2690 in

255 2729 678 2786 Bethleemitico
723 2746 944 2787 secessu
986 2731 1221 2788 monitus
1266 2747 1295 2786 a
1358 2732 1520 2787 Paula
1559 2741 1615 2788 et
1663 2732 1862 2787 Eusto-

254 2822 414 2888 chio,
452 2824 743 2894 antiquum
781 2838 1025 2879 errorem
1069 2825 1191 2894 plus
1240 2825 1444 2890 valere,
1475 2839 1636 2895 quam
1666 2839 1860 2880 novam

254 2917 730 2989 emendationem,
776 2918 1031 2974 secundis
1072 2919 1221 2974 curis
1251 2933 1320 2974 ex
1367 2919 1559 2974 eodem
1590 2918 1862 2974 Psalterio

257 3021 616 3067 renascentes
646 3012 795 3066 velut
834 3012 1019 3081 Spinas
1064 3011 1346 3066 eradicare
1387 3011 1642 3066 instituit.
1675 3010 1730 3065 In
1758 3026 1862 3082 qua

258 3105 422 3159 etiam
447 3104 753 3174 posteriori
784 3103 1168 3160 emendatione
1191 3104 1377 3160 obelos
1402 3105 1615 3160 addidit
1643 3113 1697 3159 et
1721 3113 1864 3159 aste-

257 3196 472 3263 riscos,
509 3196 700 3267 quibus
743 3195 972 3252 lectoris
1023 3197 1414 3267 admoneretur
1463 3197 1710 3262 intentio,
1765 3196 1865 3252 ali-

258 3287 488 3357 quando
522 3288 659 3356 plus,
707 3287 986 3344 interdum
1034 3289 1216 3343 minus
1269 3303 1397 3345 esse
1445 3290 1586 3358 apud
1634 3289 1860 3359 Septua-

260 3380 440 3449 ginta,
473 3395 626 3449 quam
655 3379 706 3436 in
741 3389 891 3437 textu
925 3381 1216 3437 Hebraico.
1250 3381 1422 3437 Porro
1444 3383 1861 3453 castigationem

264 3474 606 3530 Psalmorum
637 3477 878 3546 priorem
917 3477 1250 3532 elaboratam
1284 3477 1560 3534 credimus
1591 3479 1734 3534 circa
1766 3494 1864 3534 an-

261 3584 393 3622 num
418 3568 621 3625 Christi
650 3572 1091 3627 trecentesimum
1120 3573 1518 3643 octogesimum
1541 3574 1860 3640 secundum,

1970 1055 2154 1116 postea
2186 1047 2508 1102 commorati
2551 1048 2824 1105 dicuntur.
2872 1051 3006 1105 Nam
3048 1051 3199 1107 initio
3231 1053 3566 1123 prazfationis

1968 1153 2078 1193 suae
2103 1140 2167 1194 'in
2197 1139 2338 1194 hanc
2368 1143 2723 1212 posteriorem
2757 1144 3094 1200 Psalmorum
3121 1161 3186 1201 ex
3212 1145 3356 1202 LXX
3387 1147 3563 1202 casti-

1965 1236 2264 1306 gationem,
2300 1235 2620 1290 recordatus
2644 1237 2840 1307 prioris
2883 1239 3284 1295 emendationis
3331 1240 3465 1296 dicit
3504 1255 3566 1296 se

1965 1345 2082 1385 cam
2113 1329 2314 1384 dudum
2343 1329 2641 1386 absolvisse
2669 1349 2682 1386 :
2715 1331 3066 1400 Psalterium,
3113 1335 3316 1405 inquit,
3359 1335 3562 1390 dudum

1965 1423 2146 1478 Roma:
2170 1423 2364 1494 positus
2393 1424 2721 1478 emendaram
2739 1467 2754 1492 ,
2788 1434 2892 1482 etc.
2928 1425 3139 1480 Dudum
3164 1436 3344 1482 autem
3365 1470 3380 1494 ,
3408 1437 3471 1482 ut
3492 1428 3560 1483 de

1963 1531 2152 1587 parvo,
2185 1517 2264 1570 sic
2292 1517 2453 1572 etiam
2476 1516 2544 1572 de
2571 1517 2861 1588 longinquo
2889 1530 3130 1588 tempore
3153 1520 3374 1576 dicitur.
3400 1519 3562 1586 Quod

1963 1610 2007 1664 si
2056 1609 2123 1666 de
2175 1618 2418 1679 tempore
2468 1610 2762 1682 longinquo
2811 1612 3196 1684 intelligamus,
3239 1614 3397 1670 facile
3439 1622 3564 1685 post

1963 1717 2132 1758 annos
2155 1719 2248 1759 sex
2287 1703 2372 1758 vel
2402 1713 2523 1758 octo
2551 1703 2695 1758 illam
2737 1703 3032 1775 perfectam
3064 1720 3187 1762 esse
3209 1707 3560 1774 existimabit,

1967 1796 2206 1866 quisquis
2246 1795 2313 1850 ad
2349 1805 2561 1866 tempus
2591 1797 2778 1866 prima:
2809 1797 3206 1852 emendationis
3247 1813 3562 1866 recurrens,

1964 1887 2193 1958 gradum
2238 1888 2438 1943 stiterit
2486 1888 2537 1942 in
2584 1905 2728 1945 anno
2762 1888 2964 1946 Christi
3001 1891 3387 1948 trecentesimo
3415 1902 3568 1946 octo-

1960 1981 2173 2051 gesimo
2217 1981 2398 2049 tertio,
2442 1982 2497 2036 in
2533 1997 2640 2054 quo
2677 1982 2975 2047 verisimile
3004 1992 3087 2039 est
3133 1983 3461 2040 Psalterium
3493 1983 3564 2040 ab

1967 2075 2298 2147 Hieronymo
2346 2074 2513 2132 fuisse
2559 2078 2790 2146 primum
2827 2077 3013 2134 Romae
3054 2079 3422 2134 emendatum.
3457 2079 3567 2134 Pro

1967 2168 2138 2239 prima
2193 2170 2370 2241 itaque
2415 2169 2758 2226 Psalmorum
2813 2172 3128 2228 Latinorum
3178 2172 3559 2244 castigatione,

1887 2261 1935 2321 B
1964 2278 2082 2334 quae
2128 2261 2328 2318 cursim
2368 2279 2398 2317 a
2427 2263 2486 2320 S.
2520 2263 2753 2320 Doctore
2781 2264 2921 2320 facta
2951 2265 3172 2332 dicitur,
3206 2281 3379 2321 annus
3399 2265 3567 2321 Chri-

1962 2356 2028 2410 sti
2051 2355 2177 2422 585,
2216 2355 2300 2410 vel
2331 2355 2456 2423 581i,
2487 2356 2843 2426 assignandus
2869 2359 3020 2414 venit
3048 2375 3062 2410 :
3091 2374 3188 2429 pro
3216 2359 3386 2419 altera
3409 2375 3564 2429 vero,

1963 2467 2083 2522 quze
2129 2451 2315 2507 habuit
2340 2453 2730 2531 asteriscos
2762 2467 2818 2511 et
2854 2456 3044 2513 obolos
3088 2465 3165 2524 -ξι,
3200 2473 3376 2513 annus
3426 2459 3569 2514 assi-

1961 2545 2111 2616 gnari
2171 2554 2351 2615 potest
2402 2547 2524 2612 589,
2584 2557 2678 2602 aut
2729 2548 2853 2604 590.
2910 2549 3069 2606 Certe
3123 2551 3400 2620 posterior
3445 2550 3565 2608 haec

1963 2637 2274 2693 emendatio
2303 2639 2480 2695 serius
2503 2641 2748 2711 protrahi
2781 2656 2887 2696 non
2910 2643 3054 2699 valet
3085 2659 3243 2713 quam
3276 2645 3330 2698 in
3359 2659 3566 2700 annum

1957 2725 2160 2787 Christi
2191 2734 2630 2789 trecentesimum
2663 2736 3073 2806 nonagesimum
3106 2755 3120 2792 :
3153 2737 3281 2808 quia
3315 2737 3568 2794 Psalterii

1967 2822 2216 2880 llebraici
2265 2825 2545 2880 translatio
2590 2827 2779 2882 Latina
2825 2827 2892 2882 ab
2940 2828 3279 2900 Hieronymo
3319 2829 3570 2885 absoluta

1965 2927 2050 2974 est
2094 2933 2238 2973 anno
2286 2919 2390 2974 590
2435 2919 2522 2976 vel
2554 2920 2694 2987 591;
2733 2936 2793 2976 ea
2824 2931 3006 2976 autem
3047 2922 3228 2978 versio
3252 2937 3348 2979 seu
3380 2937 3570 2978 emen-

1967 3013 2133 3080 datio,
2167 3029 2286 3082 quae
2312 3029 2342 3069 e
2371 3015 2648 3070 codicibus
2675 3015 2882 3072 Grmcis
2909 3016 3151 3072 derivata
3176 3027 3294 3073 erat
3312 3061 3325 3082 ,
3351 3031 3570 3086 semper

1967 3105 2243 3174 praecessit
2269 3113 2517 3176 tempore
2543 3106 2733 3176 aliam,
2759 3123 2920 3178 quam
2939 3122 3195 3164 vocamus
3217 3107 3564 3174 Hebraicam,

1967 3211 2033 3251 eo
2081 3196 2225 3268 quod
2266 3211 2333 3251 ex
2383 3197 2646 3252 llebraica
2697 3198 2923 3254 veritate
2979 3207 3102 3254 nata
3150 3200 3238 3254 sit.
3283 3199 3568 3254 Lectorem

1969 3291 2196 3362 proinde
2243 3291 2506 3345 monitum
2537 3291 2747 3358 'velim,
2781 3300 2938 3347 notas
2979 3292 3405 3362 chronologicas
3432 3308 3568 3363 quas

1967 3385 2318 3456 opposuimus
2365 3385 2418 3439 in
2459 3384 2638 3440 fronte
2671 3387 2953 3455 utriusque
2981 3385 3382 3440 emendationis
3413 3386 3568 3440 Psal-

1971 3479 2123 3548 terii,
2167 3487 2280 3533 tum
2319 3477 2588 3545 Romani,
2637 3486 2748 3532 tum
2795 3476 3092 3544 Gallicani,
3128 3477 3261 3532 nihil
3291 3477 3439 3532 aliud
3484 3478 3572 3532 in-

1970 3587 2138 3628 nuere
2194 3581 2395 3642 praeter
2462 3579 2675 3641 tempus
2731 3569 3095 3626 indefinitum.
3166 3571 3378 3626 Etenim
3442 3585 3567 3624 cum

264 3661 346 3715 vel
408 3655 810 3732 octogesimum
857 3664 1100 3719 tertium.
1139 3664 1290 3720 Tunc
1342 3681 1576 3737 namque
1625 3665 1863 3721 celebris
1888 3662 1934 3726 C
1968 3668 2202 3723 diximus
2235 3667 2554 3722 Psalterium
2586 3665 2886 3720 Romanum
2926 3663 3096 3720 fuisse
3136 3665 3204 3717 ab
3235 3664 3567 3735 Hieronymo

261 3755 450 3810 Romae
501 3756 646 3826 apud
695 3771 886 3813 omnes
929 3758 1230 3813 habebatur
1270 3759 1503 3814 scientia
1552 3759 1860 3814 divinarum

259 3849 702 3920 Seripturarum,
754 3859 809 3904 et
857 3849 1152 3906 familiares
1199 3867 1320 3906 cum
1363 3861 1552 3907 sancto
1603 3852 1862 3921 pontifice

263 3942 501 3998 Damaso
531 3942 821 3999 conferens
850 3958 1155 4011 sermones,
1186 3943 1348 3998 facile
1373 3944 1442 3998 ab
1462 3959 1528 3999 eo
1556 3944 1740 4014 rogari
1771 3959 1866 4014 po-

262 4037 394 4101 tuit,
447 4046 508 4089 ut
549 4034 877 4090 Psalterium
923 4034 1134 4090 mendis
1180 4045 1524 4106 expurgarct.
1558 4035 1713 4101 Quod
1743 4035 1900 4106 quin

261 4127 386 4184 dem
435 4126 568 4183 licet
614 4128 842 4196 cursim,
887 4142 1078 4198 magna
1114 4137 1291 4182 tamen
1319 4143 1386 4181 ex
1413 4137 1568 4197 parte
1598 4127 1862 4182 correxit.

261 4219 546 4275 Bethleem
584 4229 771 4290 postea
802 4229 1014 4275 (etatem
1053 4220 1259 4289 degens
1289 4219 1473 4290 aliquo
1496 4233 1760 4274 annorum
1786 4219 1869 4272 in-

264 4313 497 4366 tervallo
529 4323 646 4381 post
676 4313 882 4368 obitum
908 4313 1079 4367 sancti
1111 4312 1357 4379 Damasi,
1396 4311 1690 4367 secundam
1719 4327 1869 4367 eam-

262 4420 369 4474 que
414 4403 823 4472 diligentiorem
869 4404 923 4458 in
977 4418 1036 4459 se
1061 4405 1301 4475 suscepit
1347 4420 1530 4459 curam
1563 4405 1869 4476 castigandi

263 4495 542 4550 Psalterii.
594 4495 648 4549 ld
703 4511 839 4550 vero
871 4496 983 4550 fieri
1018 4511 1124 4550 non
1160 4496 1339 4566 potuit
1368 4497 1470 4551 nisi
1515 4505 1636 4566 post
1665 4512 1868 4552 annum

264 4590 473 4644 Christi
507 4590 950 4646 trecentesimum
983 4591 1373 4662 octogesimum
1401 4599 1652 4662 quartum
1685 4607 1697 4644 :
1727 4591 1870 4662 quod

263 4683 513 4740 breviter
542 4684 928 4741 demonstrare
958 4686 1280 4741 conabimur
1311 4701 1376 4741 ex
1413 4686 1653 4756 Epistola
1684 4686 1775 4752 99,
1802 4685 1868 4739 ad

259 4775 511 4831 Asellam
556 4777 761 4845 scripta
802 4777 854 4832 in
895 4786 1056 4847 portu
1088 4777 1351 4832 Romano.
1387 4777 1532 4832 Pene
1577 4776 1870 4831 triennium

261 4886 392 4926 cum
416 4869 681 4926 Romanis
705 4871 839 4926 vixit
864 4881 1084 4927 sanctus
1107 4872 1331 4938 Doctor,
1354 4870 1572 4926 divinos
1595 4871 1785 4937 libros,
1814 4878 1873 4924 ut

266 4971 517 5034 poterat,
551 4963 828 5018 nonnullis
870 4977 1014 5034 saepe
1061 4963 1376 5019 disserens:
1404 4962 1472 5016 ab
1504 4962 1570 5016 iis
1598 4976 1726 5018 vero
1757 4961 1871 5016 dis-

1967 3763 2314 3816 emendatum
2363 3759 2505 3815 circa
2556 3775 2755 3815 annum
2784 3756 2982 3813 Christi
3013 3759 3138 3825 582,
3179 3758 3254 3812 ita
3289 3758 3566 3828 accipien-

1967 3853 2095 3908 dum
2118 3859 2230 3920 est,
2261 3861 2464 3909 utante
2489 3851 2652 3906 talem
2683 3866 2881 3906 annum
2913 3850 3219 3920 hujusmodi
3253 3850 3567 3906 emendatio

1969 3962 2076 4002 non
2148 3947 2312 4003 fuerit
2379 3947 2660 4012 instituta;
2711 3944 3146 4015 quandoquidem
3206 3943 3570 4014 Hieronymus

1969 4039 2118 4098 venit
2143 4040 2370 4094 Romam
2401 4055 2524 4094 cum
2569 4039 2771 4094 sanctis
2801 4038 3070 4108 episc0pis
3110 4036 3336 4092 Paulino
3365 4046 3418 4091 et
3447 4037 3575 4105 Epi-

1973 4135 2172 4208 phanio
2213 4136 2311 4190 sub
2345 4135 2504 4190 finem
2536 4134 2779 4204 ejusdem
2831 4132 2958 4188 anni
3007 4129 3134 4188 582.
3166 4131 3244 4187 De
3277 4131 3570 4200 posteriori

1972 4230 2353 4287 emendatione
2393 4229 2642 4284 similiter
2687 4227 3064 4292 statuendum;
3096 4239 3437 4297 nequc-vero
3474 4239 3574 4296 po-

1975 4325 2076 4378 tuit
2117 4323 2368 4377 adornari
2408 4321 2513 4376 nisi
2560 4329 2680 4390 post
2716 4335 2917 4374 annum
2946 4318 3144 4374 Christi
3175 4319 3303 4384 584,
3348 4317 3400 4372 id
3447 4327 3572 4383 est,

1974 4424 2098 4488 post
2143 4415 2351 4469 obitum
2403 4413 2572 4468 sancti
2623 4412 2838 4467 Damasi
2890 4427 3063 4482 paptc,
3114 4427 3235 4466 cum
3292 4410 3571 4481 Jerosoly-

1975 4524 2118 4564 mam
2169 4521 2453 4576 regressus
2495 4513 2643 4560 esset
2690 4513 2907 4558 sanctus
2969 4503 3052 4556 vir
3101 4502 3480 4572 Hieronymus,
3515 4508 3577 4559 et

1975 4603 2189 4657 concito
2214 4599 2383 4670 gradu
2415 4613 2567 4653 suam
2597 4597 2876 4653 Bethleem
2929 4605 3241 4650 remeasset.
3285 4595 3447 4650 Ocius
3475 4610 3574 4650 au-

1979 4702 2083 4748 tem
2130 4708 2200 4748 an
2243 4691 2447 4747 tardius
2478 4690 2725 4746 absoluta
2771 4689 2841 4743 sit
2877 4696 3000 4758 post
3026 4688 3260 4742 reditum
3289 4689 3345 4744 S.
3380 4688 3574 4744 lliero-

1977 4785 2153 4857 nymi,
2210 4783 2472 4855 judicium
2528 4782 2701 4838 ferant
2731 4781 2842 4846 illi,
2875 4780 3070 4851 quibus
3102 4780 3286 4836 forsan
3317 4799 3422 4836 non
3454 4782 3574 4850 pla-

1977 4880 2191 4934 cuerint
2241 4878 2572 4948 conjectum
2627 4885 2824 4931 nostrae
2865 4874 3240 4945 suprapositae.
3301 4874 3575 4932 Caeterum

1976 4970 2045 5025 de
2075 4969 2178 5024 hoc
2205 4968 2467 5024 Psalterio
2509 4982 2538 5021 a
2568 4981 2626 5022 se
2654 4965 2942 5022 emendato
2979 4966 3105 5020 haec
3122 4966 3283 5021 habet
3309 4967 3579 5038 Hierony-

266 5058 442 5113 cessit
472 5057 872 5129 Jerosolymam
905 5071 1256 5128 regressurus
1281 5065 1406 5128 post
1426 5063 1658 5111 mortem
1683 5056 1742 5111 S-
1774 5055 1874 5108 0³·
1900 5061 1956 5122 Ι)
1981 5079 2102 5119 mus
2151 5063 2205 5117 in
2254 5062 2359 5116 ﬁne
2407 5062 2503 5116 lib.
2560 5076 2598 5116 ιι
2629 5059 2902 5130 Apologia;
2961 5058 3221 5114 adversus
3280 5058 3532 5114 Ruﬁnum
3560 5078 3574 5114 :

266 5150 414 5204 masi
449 5163 632 5219 papas,
681 5165 801 5220 qua“:
839 5164 962 5204 cum
1011 5165 1198 5205 mense
1226 5149 1444 5205 Octobri
1481 5149 1608 5203 anni
1660 5157 1876 5204 trecen-

272 5243 458 5298 tesimi
493 5242 807 5313 octogesimi
847 5243 1022 5314 quarti
1051 5244 1334 5308 evenerit,
1377 5243 1739 5312 Hieronymus
1775 5257 1874 5296 au-

273 5351 390 5395 tem
438 5339 610 5395 Roma
660 5341 937 5411 profectus
983 5343 1053 5396 sit
1100 5357 1284 5397 mense
1337 5342 1600 5410 Angusto,
1653 5350 1713 5396 ut
1761 5344 1876 5411 ipse

271 5443 513 5489 testatur
543 5435 636 5488 lib.
667 5450 726 5490 ιιι
747 5433 1028 5506 Apologim
1050 5435 1316 5490 adversus
1340 5434 1617 5503 Rufinum,
1653 5448 1876 5489 necesse

276 5535 368 5582 est
393 5526 648 5582 Psalterii
681 5529 1045 5598 posteriorem
1071 5527 1534 5594 emendationem,
1560 5540 1668 5581 non
1699 5526 1877 5580 solum

277 5627 408 5690 post
459 5633 663 5675 annum
712 5621 819 5676 58i
871 5628 927 5676 et
964 5621 1168 5676 obitum
1216 5623 1390 5675 sancti
1442 5619 1659 5674 Damasi
1709 5619 1879 5674 fuisse

273 5724 619 5784 susceptam,
651 5715 747 5772 sed
781 5716 987 5787 aliquot
1011 5719 1174 5773 etiam
1220 5716 1470 5773 decursis
1497 5715 1653 5770 annis
1682 5730 1750 5770 ex
1780 5714 1876 5769 illo

279 5818 570 5880 tempore,
629 5826 738 5882 quo
781 5827 972 5867 navem
1027 5813 1079 5868 in
1141 5813 1384 5868 Romano
1440 5820 1599 5880 portu
1657 5822 1881 5864 securus

280 5903 527 5959 ascendit
557 5918 680 5959 cum
703 5914 893 5961 sancto
923 5905 1209 5962 Vincentio
1237 5904 1583 5977 presbytero,
1614 5910 1670 5958 et
1698 5899 1884 5956 adole-

1987 5155 2305 5210 Psalterium
2331 5171 2552 5226 quoque,
2594 5154 2731 5225 quod
2765 5161 2901 5207 certe
2927 5151 3401 5206 emendatissimum
3419 5155 3583 5224 juxta

1983 5248 2324 5320 Septuaginta
2371 5246 2685 5313 Interpretes
2728 5253 2904 5299 nostra
2955 5245 3128 5298 labore
3168 5243 3367 5306 dudum
3409 5244 3584 5299 Roma

1981 5345 2226 5414 suscepit,
2253 5359 2462 5397 rursum
2494 5346 2650 5415 juxta
2682 5340 2992 5396 Hebraicum
3024 5351 3249 5408 vertens,
3273 5342 3584 5414 prtefatione

1981 5437 2207 5502 munivi,
2260 5445 2367 5492 etc.
2428 5436 2588 5490 Plura
2639 5435 2814 5490 adhuc
2862 5435 3064 5490 videsis
3108 5435 3160 5489 in
3209 5434 3583 5489 admonitione

1984 5539 2168 5584 nostra
2201 5529 2266 5584 ad
2306 5538 2595 5600 utrumque
2638 5528 2959 5584 Psalterium
2993 5526 3339 5600 Hieronymi,
3382 5526 3584 5580 Roma-

1986 5638 2147 5690 num,
2180 5630 2236 5678 et
2261 5621 2597 5678 Gallicanum
2629 5621 2788 5677 hodie
2828 5626 3221 5691 nuncupatum.

2057 5714 2217 5771 Dedit
2262 5715 2424 5770 etiam
2571 5714 2932 5786 Hieronymus
2964 5713 3154 5768 Latino
3178 5705 3418 5764 sermoni
3444 5705 3584 5762 alios

1983 5807 2276 5878 Scriptum
2315 5823 2487 5864 sacrae
2519 5808 2688 5862 libros
2719 5807 2873 5878 juxta
2919 5803 3270 5876 Septuaginta
3319 5801 3588 5869 interpre-

1986 5901 2247 5958 tationem
2267 5943 2280 5968 ,
2309 5915 2446 5972 quos
2467 5899 2643 5956 obelis
2667 5908 2724 5956 et
2753 5898 3027 5956 asteriscis
3055 5895 3320 5956 distinxit.
3345 5894 3426 5950 An
3451 5907 3585 5949 vero
