4040 6360
467 385 527 441 5l
1078 380 1169 436 AD
1207 379 1262 435 S.
1308 377 1699 434 HIEHONYMI
1737 374 2026 430 DlVleM
2065 373 2079 429 1

2183 369 2573 426 LlO'fllECAM
2618 367 2907 423 PHOLEG'
2923 367 3153 423 lMEth.
3703 366 3776 420 59.

467 503 677 574 singula
706 502 984 557 volumina
1012 500 1366 557 lnstrumenti
1395 501 1594 555 veteris
1617 498 1719 552 hoc
1749 495 1911 550 modo
1937 509 2067 550 com
2093 493 2147 554 Α
2171 506 2297 548 cum
2338 488 2647 561 huiusmodi
2706 490 2861 543 libtis
2911 489 3080 543 versis
3133 490 3215 544 vel
3266 485 3572 544 emendatis
3622 484 3775 556 juxta

466 597 694 651 verterit
722 595 775 649 in
806 586 1086 661 Latinum,
1122 608 1217 649 seu
1252 593 1431 664 potius
1461 589 1829 645 emendaverit
1858 601 1921 644 ex
1945 586 2069 643 Ori-

468 692 621 761 genis
656 676 934 760 H'exaplis,
970 680 1221 744 nonnihil
1244 672 1556 757 ambiguam
1606 683 1837 739 videtur.
1873 680 1980 737 Pro
2003 697 2071 738 eo

462 784 703 839 maxime
753 783 959 838 faciunt
1010 797 1132 853 qum
1182 782 1439 852 leguntur
1469 776 1652 832 multis
1699 777 1751 831 in
1791 775 1925 832 locis
1953 775 2070 845 ejus

468 876 824 944 scriptionum
849 921 862 943 ,
896 874 987 928 ubi
1033 872 1328 943 getteratim
1372 870 1439 925 de
1482 871 1731 925 omnibus
1762 870 1914 926 libris
1945 886 2068 925 ver-

471 968 646 1022 sionis
676 965 817 1022 LXX
843 966 897 1021 id
924 966 1200 1021 affirmare
1225 966 1373 1019 visus
1398 973 1482 1018 est
1511 964 1763 1034 egregius
1812 964 1927 1032 ipse
1969 964 2072 1019 Do-

469 1069 592 1116 ctor
620 1078 635 1117 :
675 1076 796 1115 nam
824 1060 914 1115 lib.
943 1076 979 1115 tt
1003 1059 1281 1129 Apologim
1308 1057 1579 1113 adversus
1607 1057 1860 1113 Ruﬁnum
1890 1057 2066 1112 vindi-

468 1165 556 1209 cat
586 1169 646 1209 se
677 1154 747 1207 ab
767 1153 1015 1222 ejusdem
1041 1151 1466 1220 reprehensione
1493 1158 1549 1205 et
1572 1150 1819 1220 objectis,
1838 1149 2065 1204 dicens:

467 1245 649 1317 Egone
680 1255 861 1300 contra
895 1243 1236 1316 Septuaginta
1254 1236 1585 1316 ‘Interpretes
1621 1242 1824 1315 aliquid
1852 1257 1965 1296 sum
1995 1242 2070 1296 Io-

469 1350 656 1401 catus,
725 1354 855 1406 quos
904 1346 1025 1392 ante
1087 1353 1259 1391 annos
1327 1338 1611 1410 plurimos,
1678 1336 2075 1405 diligentissime

469 1434 790 1499 emendatos,
823 1448 950 1486 mea:
993 1430 1187 1502 lingua:
1215 1432 1459 1485 studiosis
1488 1430 1640 1496 dedi,
1676 1446 1804 1497 quos
1841 1428 2072 1501 quotidie

465 1529 522 1582 in
562 1536 809 1582 conventu
853 1527 1077 1596 fratrum
1118 1525 1370 1591 edissere,
1412 1541 1633 1598 quorum
1670 1523 1914 1580 Psalmos
1952 1524 2074 1597 ,ῆιῳὶ

471 1622 806 1676 meditatione
837 1621 1092 1675 decanto?
1110 1628 1216 1676 etc.
1242 1619 1387 1674 ldem
1420 1620 1652 1690 legimus
1675 1619 1989 1688 praefatione
2016 1619 2071 1674 in

470 1710 931 1781 Paralipomenon
965 1712 1154 1767 libros.
1186 1712 1246 1767 ln
1279 1711 1508 1781 epi~tola
1536 1712 1629 1779 28,
1659 1710 1727 1765 ad
1751 1710 2033 1766 Lucininm
2054 1752 2071 1778 ,

471 1807 544 1860 ita
567 1821 780 1874 quoque
802 1805 987 1860 scribit
1010 1804 1078 1859 de
1094 1803 1444 1875 Septuaginta
1469 1804 1862 1873 lnterpret'thus
1883 1804 2073 1860 Latine

2175 580 2317 641 LXX
2348 583 2703 653 Interpretes,
2736 580 2883 635 nulla
2932 590 3111 652 potest
3144 582 3244 636 alia
3277 578 3544 651 assignari
3601 578 3773 648 ratio,

2172 674 2334 750 quam
2378 693 2498 749 qua:
2548 682 2734 731 movet
2779 684 2834 729 ut
2875 673 3163 729 credamus
3218 683 3451 743 quatuor
3484 680 3688 727 tantum
3720 671 3775 727 itt

2173 770 2450 826 schednlis
2478 768 2647 823 sancti
2682 766 2931 822 Doctoris
2962 764 3131 820 fuisse
3179 776 3443 835 repertas.
3486 762 3635 820 Unus
3666 776 3778 833 prte

2173 863 2384 919 cunctis
2432 860 2795 917 Cassiodorus
2838 873 3029 915 omnes
3080 868 3365 913 memorat.
3408 856 3592 912 Tertio
3644 856 3780 910 scri-

2172 968 2362 1028 ptores
2389 968 2624 1019 veteres,
2672 969 2810 1025 quos
2863 968 3033 1022 usque
3061 952 3116 1008 in
3150 953 3290 1007 hanc
3336 950 3480 1007 diem
3511 950 3634 1020 legi,
3669 965 3777 1006 non

2172 1049 2538 1105 recordamur
2564 1048 2796 1103 aliorum
2829 1046 3097 1101 librorum
3125 1045 3279 1116 juxta
3327 1043 3472 1100 LXX
3505 1042 3777 1099 editorum

2174 1141 2244 1197 ab
2267 1141 2596 1213 Hieronymo
2629 1159 2641 1195 :
2663 1140 2832 1195 immo
2847 1148 3066 1194 sanctus
3088 1139 3423 1208 Augustinus
3444 1136 3778 1209 diligentiam

2172 1233 2291 1303 ejus
2335 1232 2637 1287 admiratus
2686 1233 2738 1287 in
2772 1232 3013 1287 editione
3044 1231 3169 1287 libri
3199 1230 3303 1287 Job
3330 1231 3627 1286 secundum
3658 1245 3784 1286 eos-

2176 1326 2297 1381 dem
2345 1325 2484 1381 LXX
2512 1326 2820 1398 (ignorabat
2865 1324 3209 1395 Augustinus
3239 1324 3628 1395 Hieronymum
3678 1324 3782 1380 hoc

2170 1418 2285 1490 jam
2337 1416 2504 1474 fuisse
2558 1418 2749 1474 labore
2802 1416 3217 1488 perfunctum),
3252 1416 3567 1471 adhortatur
3628 1416 3781 1472 illum

2176 1521 2235 1565 ut
2280 1510 2498 1566 Graecas
2545 1509 2837 1565 canonicas
2883 1510 3215 1580 St-ripturas,
3269 1524 3393 1577 quae
3430 1509 3780 1580 Septuaginta

2177 1605 2543 1674 lnterpretum
2614 1603 2935 1660 auctoritate
3003 1603 3377 1673 perhibentur,
3453 1604 3782 1674 interprete-

2182 1710 2266 1752 tur
2322 1697 2584 1754 Eeclesiat
2638 1696 2842 1752 Latiare
2874 1695 3022 1753 :Per
3069 1697 3193 1764 hoc,
3258 1696 3450 1768 inquit,
3501 1697 3784 1768 plurimum

2176 1791 2474 1863 profueris,
2521 1791 2566 1844 si
2620 1807 2733 1845 eam
2777 1787 3009 1845 Graecam
3065 1789 3423 1862 Scriptorum,
3468 1805 3623 1859 quam
3681 1788 3779 1845 Se-

471 1898 705 1953 redditis
735 1915 749 1953 :
780 1897 1121 1969 Septuaginta
1152 1894 1500 1964 Interpretum
1529 1896 1804 1950 editionem
1829 1905 1877 1950 et
1903 1904 1953 1949 te
1971 1894 2069 1948 Ιιπ-
2105 1895 2146 1955 Β
2175 1886 2452 1958 ptuaginta
2491 1885 2691 1954 operati
2733 1895 2854 1939 sunt
2882 1927 2896 1949 ,
2954 1883 3157 1938 Latina:
3198 1884 3398 1937 veritati
3453 1882 3781 1952 reddideris,

473 1990 591 2044 bere
620 2006 722 2045 non
754 1990 958 2054 dubita,
987 1998 1033 2043 et
1063 2000 1183 2043 ante
1209 2005 1373 2044 annos
1402 1989 1659 2058 plurimos
1684 1988 2080 2061 diligentissime

479 2084 809 2138 emendatam
845 2083 1091 2137 studiosis
1114 2082 1326 2135 tradidi.
1362 2081 1711 2137 I'Imettdatatn
1748 2090 1952 2136 tantum
1987 2081 2078 2137 hic

474 2178 611 2234 dicit
654 2177 949 2232 editionem
999 2191 1060 2231 se
1096 2175 1386 2231 tradidisse
1438 2173 1646 2230 Latinis
1692 2192 1704 2228 :
1752 2183 1809 2229 at
1862 2176 1917 2229 in
1960 2175 2078 2245 epi-

476 2273 613 2326 stola
647 2269 769 2331 155,
824 2272 893 2322 ad
946 2268 1211 2325 Snnniam
1239 2277 1293 2324 et
1321 2268 1615 2336 Fretelam,
1649 2268 1957 2322 versionem
1987 2281 2082 2337 ap-

476 2365 637 2435 pellat
667 2382 681 2421 :
714 2371 860 2424 Κοινὴ
903 2372 1073 2417 autem
1098 2363 1220 2431 ista,
1242 2360 1341 2415 Iter
1366 2369 1441 2415 est
1474 2356 1761 2415 communis
1788 2360 1967 2424 editio,
1997 2358 2081 2414 in-

476 2459 614 2529 quit,
664 2459 782 2525 insa
822 2467 895 2511 est
933 2471 1051 2528 qua:
1091 2464 1137 2510 et
1184 2454 1551 2526 Septuaginta.
1597 2452 1705 2509 Sed
1746 2454 1845 2507 hoc
1872 2454 2083 2509 interest

474 2552 611 2606 inter
641 2562 929 2619 utramque,
962 2549 1103 2618 quod
1137 2554 1274 2615 κοινή
1303 2563 1401 2620 pro
1427 2548 1557 2601 locis
1583 2555 1631 2600 et
1669 2546 2001 2618 temporibus,
2032 2557 2082 2602 et

475 2661 572 2716 pro
596 2645 858 2697 voluntate
879 2644 1221 2713 scriptorum,
1254 2648 1393 2695 vetus
1420 2649 1669 2710 corrupta
1695 2641 1853 2694 editio
1880 2650 1975 2694 est.
2005 2639 2083 2694 Ea

476 2748 652 2791 aettem
696 2752 811 2806 qtae
855 2736 1067 2790 habetur
1106 2736 1346 2802 ἕξαπλοῖ,
1395 2745 1444 2789 et
1479 2750 1635 2806 quam
1681 2751 1773 2790 nos
1814 2734 2081 2800 vertimus,

477 2832 594 2901 ipsa
623 2841 698 2885 est
723 2846 840 2900 qua
876 2830 933 2884 in
956 2829 1276 2884 eruditorum
1311 2826 1457 2883 libris
1492 2829 1790 2899 incorrupta
1820 2839 1864 2883 et
1898 2828 2084 2881 imma-

480 2924 656 2977 culata
687 2922 1033 2995 Septuaginta
1064 2922 1415 2990 Interpreth
1456 2922 1731 2976 translatio
1768 2929 2081 2977 reservatur.

482 3015 590 3071 Sed
639 3030 832 3070 rursus
879 3015 971 3071 lib.
1006 3030 1063 3070 tu
1104 3013 1382 3084 Apologia:
1407 3015 1672 3070 adversus
1706 3015 1954 3069 Ruﬁnum
1985 3029 2081 3069 no-

482 3112 631 3163 mine
675 3108 1081 3163 emendatimtis
1124 3109 1379 3163 auditur:
1415 3106 1549 3160 Mihi
1586 3124 1687 3161 non
1731 3106 1923 3173 licebit,
1970 3117 2085 3179 post

484 3200 831 3273 Septuaginta
869 3202 1167 3263 editionem,
1200 3217 1355 3271 quam
1402 3200 1793 3270 diligentissime
1831 3199 2083 3255 emenda-

2183 1994 2298 2049 qua:
2327 1979 2381 2032 in
2408 1976 2621 2033 dirmis
2650 1976 2913 2031 codicibus
2953 1977 3025 2029 ita
3056 1976 3200 2030 varia
3231 1986 3325 2043 est,
3356 1985 3410 2029 at
3455 1976 3662 2030 tolerari
3700 1976 3787 2030 via:

2184 2072 2367 2141 possit,
2397 2080 2446 2127 et
2468 2073 2543 2125 ita
2574 2079 2819 2143 suspecta
2848 2087 2912 2124 ne
2932 2071 2982 2124 in
3012 2069 3193 2124 Graeco
3214 2068 3364 2123 aliud
3390 2070 3705 2133 inveniatur,
3728 2077 3807 2122 ut»

2179 2164 2304 2217 inde
2335 2162 2535 2235 aliquid
2569 2163 2794 2235 proferri
2841 2170 2928 2216 aut
2972 2161 3183 2231 probari
3227 2161 3513 2215 dabitetur.
3558 2162 3630 2214 lia
3659 2176 3787 2216 vero

2166 2258 2457 2314 scribebat
2479 2258 2813 2328 Augustinus
2840 2256 3066 2326 epistola
3108 2258 3193 2315 71,
3225 2271 3347 2311 cum
3375 2255 3484 2325 jam
3516 2256 3789 2310 laberetur

2180 2364 2356 2405 annus
2394 2365 2424 2404 a
2453 2350 2653 2405 Christi
2693 2346 2976 2405 nativitate
3004 2350 3133 2405 ωδ.
3167 2348 3240 2402 Ex
3287 2362 3398 2418 quo
3437 2346 3788 2417 intelligimus

2184 2444 2327 2500 haud
2372 2441 2718 2514 improbabili
2748 2443 3083 2512 conjectura,
3118 2440 3381 2512 quosdam
3417 2440 3792 2497 tantummodo

2184 2537 2348 2592 libros
2390 2536 2685 2606 Scriptura:
2728 2534 2954 2605 Graeca,
2996 2550 3092 2592 seu
3138 2534 3486 2603 Septuaginta
3525 2535 3792 2603 Interpre-

2184 2637 2320 2696 tum,
2357 2628 2547 2683 Latine
2582 2628 2749 2683 luisse
2794 2642 3092 2684 conversos
3126 2643 3190 2684 ac
3222 2627 3426 2683 Crzcca:
3458 2627 3578 2682 lidei
3614 2626 3791 2682 reddi-

2187 2730 2272 2776 tos
2300 2722 2369 2777 ab
2400 2721 2759 2792 Hieronymo.
2788 2721 2987 2777 Verum
3038 2721 3296 2791 inspectis
3340 2720 3651 2791 diligentius
3680 2721 3791 2775 Au-

2184 2817 2386 2889 gustini
2437 2833 2500 2871 ae
2535 2816 2855 2888 Hieronymi
2903 2815 3046 2870 ultro
3076 2816 3324 2885 citroque
3353 2814 3496 2869 datis
3525 2814 3789 2882 epistolis,

2187 2910 2526 2979 exploratum
2568 2908 2728 2963 nobis
2768 2918 2883 2975 est,
2930 2908 3321 2980 Hieronymum
3351 2908 3600 2961 universa
3642 2905 3791 2963 Scri-

2191 3014 2469 3072 pturat-um
2526 3001 2724 3058 veteris
2769 3001 3115 3057 Instrumenti
3165 3000 3465 3065 volumina,
3509 3001 3792 3055 emendata

2183 3096 2335 3166 juxta
2365 3094 2731 3165 Hexaplorutn
2763 3093 2925 3149 ﬁdem
2953 3092 3161 3149 Latinis
3186 3085 3470 3148 tradidisse
3497 3110 3512 3149 :
3537 3097 3637 3147 etsi
3666 3107 3795 3159 pau-

2139 3205 2149 3214 '
2187 3188 2440 3254 cissitna,
2484 3188 2769 3244 nebulonis
2812 3187 3114 3258 cuiuspiam
3155 3187 3340 3241 fraude
3367 3186 3557 3241 aliisve
3589 3195 3796 3254 tempo-

484 3309 588 3349 tam
639 3304 759 3348 ante
804 3311 973 3348 annos
1033 3293 1288 3365 plurimos
1351 3310 1477 3348 metu
1535 3295 1729 3365 lingat:
1790 3292 2084 3348 honiim'lms
2192 3299 2310 3338 runt
2339 3282 2574 3353 injuriis,
2607 3281 2674 3335 ad
2696 3290 2945 3351 posteros
2972 3282 3341 3351 pervenerint.
3376 3280 3631 3339 Manebat
3652 3294 3795 3334 anno

483 3386 636 3454 dedi,
669 3394 778 3442 etc.
825 3386 952 3440 Haec
976 3396 1105 3443 sunt
1134 3394 1333 3455 praeter
1375 3386 1477 3440 alia
1518 3386 1715 3453 quibus
1745 3385 1962 3453 probari
1985 3399 2081 3454 po-

487 3488 598 3532 test
622 3495 686 3533 οι
713 3479 830 3548 ipso
861 3479 1213 3548 Hieronymo,
1246 3489 1437 3532 cuncta
1469 3476 1728 3533 editionis
1763 3476 1967 3531 Grmcm
1989 3491 2085 3531 vo-

484 3571 697 3624 lumina
720 3572 789 3624 ab
824 3572 1015 3626 eodem
1056 3571 1223 3625 luisse
1254 3570 1449 3625 Latine
1471 3584 1735 3625 conversa
1775 3584 1870 3625 seu
1899 3585 2084 3625 emen-

486 3663 612 3718 data
639 3663 793 3731 juxta
825 3663 1193 3732 Hexaplornm
1220 3664 1528 3718 veritatem.
1563 3660 1765 3717 Contra
1814 3678 1948 3717 vero
1985 3664 2087 3717 mi-

486 3756 646 3810 litant
667 3755 901 3825 plurima
919 3765 1091 3824 eaque
1119 3755 1449 3810 validissima
1473 3764 1816 3824 argumenta.
1846 3753 2083 3808 Primum

486 3849 692 3918 petitur
734 3864 802 3901 ex
852 3847 1070 3903 silentio
1117 3848 1286 3903 sancti
1340 3847 1654 3919 Hieronymi
1698 3847 1819 3917 qui,
1872 3848 2085 3903 caeteris

488 3940 743 3995 omnibus
783 3941 1185 4008 praetermissis,
1230 3956 1329 3995 sex
1381 3949 1589 3995 tantum
1631 3939 1894 3995 librorum
1928 3940 2082 4010 juxta

486 4033 843 4104 Septuaginta
899 4034 1466 4089 ementlatissimorum
1500 4033 1644 4106 (jam
1674 4032 1820 4088 enim
1849 4034 2086 4105 reliquos

485 4124 661 4181 libros
691 4125 952 4181 amiserat
983 4124 1173 4183 fraude
1196 4127 1513 4198 cujusdam)
1550 4130 1795 4183 meminit
1823 4130 2086 4186 adversus

485 4217 770 4285 Ruﬁnum,
799 4227 856 4274 et
883 4219 1090 4290 aliquot
1132 4220 1262 4275 locis
1294 4220 1669 4290 pra-rationum
1700 4221 1754 4276 iu
1783 4237 1935 4276 suum
1964 4223 2082 4277 edi-

489 4313 697 4368 tionem
746 4327 814 4368 ex
874 4313 1122 4369 Hebraeo.
1164 4312 1271 4370 Sex
1309 4315 1585 4369 volumina
1615 4314 1896 4384 speciatim
1923 4314 1994 4371 ab
2018 4330 2085 4371 eo

487 4407 763 4463 recensita
797 4407 896 4462 ista
926 4416 1076 4474 sunt,
1106 4406 1243 4463 liber
1264 4406 1386 4473 Job,
1423 4408 1560 4463 liber
1576 4406 1929 4474 Psalmorum,
1962 4407 2084 4464 libri

376 4530 387 4537 ι
462 4494 605 4557 ἰτεε
662 4500 991 4567 Salomonis,
1042 4499 1344 4566 Proverbia,
1395 4498 1758 4566 Ecclesiastes,
1817 4501 2087 4557 Canticum

489 4594 847 4660 Canticorum,
881 4605 937 4650 et
977 4596 1114 4651 liber
1160 4593 1619 4665 Paralipomenon.
1673 4595 1766 4651 His
1814 4598 2082 4668 exceptis,

2186 3376 2387 3432 Christi
2418 3380 2519 3432 4οδ
2565 3379 2925 3448 Augustinum
2960 3376 3342 3446 Hieronymus,
3383 3386 3565 3430 vetera
3605 3374 3797 3429 editio-

2187 3470 2271 3525 nis
2288 3468 2436 3525 LXX
2452 3470 2812 3539 lnterpretum
2832 3469 3160 3537 exemplaria
3187 3467 3493 3531 emendata,
3517 3469 3583 3522 de
3602 3468 3796 3522 Gra‘eo

2188 3564 2243 3619 in
2268 3564 2515 3620 Latinum
2538 3564 2878 3619 transtulisse
2902 3564 3099 3632 lingua:
3118 3577 3232 3617 sua:
3260 3560 3590 3615 hominibus.
3616 3563 3797 3625 Quare

2189 3659 2328 3713 hanc
2382 3656 2701 3729 Hieronymi
2734 3657 3173 3722 translationem,
3214 3669 3311 3709 seu
3357 3652 3793 3709 emendationem

2187 3749 2447 3806 editionis
2471 3752 2845 3821 Septuaginta,
2882 3751 2949 3804 ad
2979 3763 3038 3804 se
3067 3747 3531 3802 transntittondam
3561 3748 3795 3818 postulat

2190 3842 2519 3912 Augustinus
2544 3855 2689 3895 anno
2720 3843 2964 3912 sequenti
2985 3860 2998 3896 :
3016 3839 3215 3895 Deinde
3241 3839 3407 3905 nobis,
3432 3840 3606 3910 inquit
3631 3840 3792 3908 epist.

2189 3936 2286 4001 82,
2317 3936 2508 4006 mittas,
2538 3937 2768 4004 obsecro,
2800 3936 3268 4006 interpretationem
3304 3944 3448 3988 tuam
3475 3936 3540 3987 de
3570 3932 3795 4005 Septua-

2187 4030 2355 4101 ginta,
2385 4042 2542 4099 quam
2567 4041 2615 4084 te
2640 4029 2864 4085 edidisse
2901 4030 3210 4097 nesciebam,
3253 4039 3386 4092 ete.;
3429 4028 3493 4082 ad
3534 4027 3677 4098 quod
3708 4042 3795 4082 re-

2189 4126 2425 4196 spondet
2447 4126 2807 4200 Hieronymus
2828 4128 2989 4198 epiSl.
3019 4126 3113 4195 94,
3136 4128 3276 4198 apud
3299 4131 3434 4197 Aug.
3460 4127 3562 4181 l72
3588 4124 3794 4181 :Cran—

2188 4222 2306 4275 dem
2330 4219 2503 4275 Latini
2524 4223 2773 4278 sermonis
2803 4224 2855 4277 in
2886 4224 2985 4277 ista
3016 4223 3280 4294 provinria
3303 4223 3622 4276 notariorum
3653 4220 3791 4288 pati-

2188 4332 2305 4369 mar
2334 4316 2655 4387 penuriam:
2695 4327 2743 4371 et
2789 4317 2982 4371 idcirco
3028 4318 3294 4387 prwceptis
3335 4317 3437 4371 tuis
3485 4330 3665 4387 parcre
3692 4330 3793 4369 non

2190 4423 2484 4476 possumus,
2514 4409 2741 4464 maxime
2781 4411 2833 4464 in
2875 4410 3098 4465 editione
3129 4409 3491 4482 Septuaginta,
3521 4424 3637 4478 qua?
3661 4416 3797 4461 aste-

2188 4503 2340 4555 riscis
2364 4501 2684 4573 verubusque
2733 4503 2979 4557 distincta
3008 4511 3103 4558 est.
3135 4500 3397 4571 Pleraque
3423 4502 3562 4555 enim
3607 4500 3795 4569 prioris

2190 4592 2405 4662 laboris,
2430 4592 2618 4664 fraude
2636 4594 2930 4667 cujusdam,
2947 4594 3237 4648 amisimus.
3264 4592 3386 4647 Haec
3396 4593 3677 4663 perpaucis
3698 4604 3794 4644 an-

488 4687 696 4742 nullum
745 4687 913 4742 alium
960 4688 1255 4759 Scriptura:
1300 4703 1472 4744 sacrae
1515 4688 1709 4744 librum
1729 4730 1743 4754 ,
1782 4694 1861 4745 ut‘
1886 4692 2085 4761 sciam,
2115 4681 2165 4742 1)
2193 4687 2278 4742 nis
2301 4698 2427 4743 ante
2450 4686 2655 4743 obitum
2682 4701 2839 4742 suum
2861 4687 3134 4743 scribebat
3156 4687 3213 4741 S.
3245 4687 3629 4755 Hieronymus,
3649 4697 3793 4739 anno

470 4778 626 4834 .dlcit
640 4779 692 4834 in
717 4779 1127 4849 praefationibus
1143 4795 1202 4836 se
1223 4795 1344 4837 eum
1368 4780 1574 4836 Latinis
1598 4782 1886 4840 tradidisse
1905 4798 2088 4840 emen-

489 4870 679 4933 datum
713 4871 866 4940 juxta
899 4870 1045 4927 LXX
1086 4888 1207 4928 cum
1240 4873 1416 4929 obelis
1455 4884 1512 4929 et
1553 4875 1851 4931 asteriseis.
1881 4875 2087 4932 Deinde

486 4962 633 5019 idem
650 4962 942 5020 manifesto
965 4964 1183 5034 probari
1205 4967 1421 5022 videtur
1433 4981 1499 5022 ex
1511 4967 1929 5037 quatuorsolum
1948 4976 2088 5040 prat-

487 5053 828 5124 fatiunculis,
842 5055 1135 5126 qutenobis
1146 5068 1438 5128 supersunt
1452 5058 1505 5112 in
1526 5072 1687 5129 supra
1704 5059 2082 5117 dietoslibros.

485 5146 621 5204 Nam
637 5147 923 5218 congeries
934 5155 1257 5205 cunctarum
1275 5148 1650 5219 praefationum
1665 5150 1726 5206 Β.
1744 5151 2084 5224 Hieronymi,

485 5254 648 5311 quam
678 5238 940 5296 habemus
969 5239 1261 5312 separatim
1296 5241 1348 5297 in
1392 5242 1666 5321 nonnullis
1686 5245 2084 5315 antiquissimis

484 5334 882 5401 monumentis,
908 5347 971 5389 ac
1001 5333 1055 5389 in
1076 5348 1309 5403 corpore
1332 5334 1627 5393 Bibliorum
1656 5348 1766 5392 tum
1792 5336 2083 5405 editorum,

483 5440 601 5486 tum
650 5428 1170 5499 ntanuscriptorum,
1220 5436 1455 5500 quatuor
1501 5430 1845 5487 solummodo
1890 5432 2085 5488 retinet

479 5523 743 5596 prologos
770 5521 1015 5592 duplices
1036 5522 1089 5577 in
1110 5522 1385 5579 volumina
1407 5537 1583 5587 sacra,
1618 5538 1813 5594 nempe
1841 5525 1892 5579 in
1912 5524 2082 5583 libros

483 5618 610 5675 Jobi
631 5660 645 5685 ,
682 5617 932 5682 Datidis,
965 5616 1272 5673 Salomonis
1302 5628 1355 5673 et
1387 5618 1442 5673 in
1474 5617 1906 5688 Paralipomena.
1936 5619 2082 5676 Reli-

484 5714 599 5786 qui,
634 5713 757 5781 ipso
784 5709 1073 5766 advivente
1105 5710 1455 5783 Hieronymo,
1489 5711 1785 5782 perierant,
1816 5722 1910 5770 aut
1931 5725 2081 5772 certe

482 5821 610 5859 eum
655 5803 912 5859 latebant.
941 5801 1122 5869 Quare
1164 5810 1344 5858 autem
1374 5818 1405 5859 a
1433 5802 1671 5860 librariis
1701 5807 2082 5865 omitterentur

485 5897 712 5968 reliqua:
736 5894 1052 5966 Hieronymi
1072 5894 1443 5965 praefationes,
1461 5897 1506 5953 si
1527 5912 1648 5970 qua
1667 5896 1895 5956 fuissent
1917 5901 2077 5957 edita:

2192 4782 2401 4840 scilicet
2446 4784 2553 4839 416
2602 4784 2841 4837 ineunte.
2888 4777 3038 4835 Unde
3066 4777 3305 4849 proclive
3333 4789 3418 4834 est
3442 4777 3691 4846 credere,
3726 4776 3794 4833 ab

2192 4889 2260 4931 eo
2313 4874 2540 4930 mininte
2585 4876 2833 4930 restituta
2883 4872 3049 4927 fuisse
3100 4869 3375 4925 volumina
3422 4869 3542 4938 illa,
3576 4884 3695 4940 quae
3723 4867 3793 4924 de

2192 4966 2545 5039 Septuaginta
2578 4966 2821 5021 editione
2858 4962 3006 5019 fraus
3041 4961 3142 5033 ipsi
3172 4962 3491 5033 suppilarat.
3525 4960 3600 5016 lta
3633 4975 3720 5015 res
3746 4960 3792 5016 si

2191 5078 2249 5117 se
2281 5060 2556 5127 habuerit,
2586 5059 2714 5114 nihil
2746 5058 2943 5113 mirum
2980 5065 3067 5114 est
3091 5057 3234 5129 quod
3263 5073 3294 5113 e
3324 5065 3401 5112 tot
3429 5056 3793 5112 voluminibus

2192 5157 2261 5212 de
2287 5155 2479 5213 Graeco
2525 5157 2577 5209 in
2625 5154 2877 5221 Latinum
2908 5154 3179 5224 eloquium
3209 5154 3507 5219 conversis,
3541 5166 3637 5207 sex
3670 5163 3790 5206 tan-

2142 5306 2149 5313 ,
2192 5256 2304 5303 tum
2357 5247 2516 5304 nobis
2544 5248 2838 5317 supersint.
2884 5247 3154 5302 Caeterum
3190 5246 3450 5301 librorum
3484 5243 3789 5316 bujusmodi

2189 5339 2484 5397 editionem
2533 5354 2653 5395 cum
2686 5340 2969 5396 asteriscis
3009 5350 3061 5396 et
3089 5339 3283 5405 obelis,
3319 5340 3455 5393 intra
3488 5337 3791 5408 quinquen-

2190 5434 2339 5489 nium
2366 5431 2657 5503 perl'ectam
2690 5447 2811 5488 esse
2837 5442 3074 5505 oportet,
3098 5433 3167 5486 ab
3191 5446 3335 5486 anno
3361 5431 3561 5486 Christi
3583 5431 3792 5487 scilicet

2190 5526 2298 5583 585
2350 5537 2612 5597 exeunte,
2669 5527 2735 5582 ad
2790 5543 2988 5582 annum
3038 5526 3147 5582 590
3197 5525 3283 5581 vel
3333 5525 3434 5582 391
3487 5526 3784 5581 ineuntem.

2188 5618 2327 5688 Quia
2357 5635 2500 5675 anno
2530 5619 2742 5676 Domini
2789 5619 2890 5677 391
2928 5619 3194 5689 posterior
3236 5615 3518 5673 translatio
3562 5616 3684 5673 Jobi
3733 5626 3791 5672 et

2188 5713 2495 5769 Salomonis
2524 5712 2769 5768 absoluia
2797 5712 2898 5767 fuit
2925 5710 2993 5768 ab
3016 5710 3211 5767 eodem
3239 5710 3593 5783 Hieronymo,
3618 5720 3676 5765 ut
3703 5710 3787 5764 iu-

2188 5807 2268 5864 lra
2299 5806 2531 5863 dicetur.

2260 5903 2600 5974 Praepostero
2627 5898 2877 5958 similiter
2904 5898 3098 5956 ordine
3127 5906 3288 5971 atque
3307 5895 3555 5969 confuso,
3586 5908 3647 5955 ut
3672 5912 3787 5954 an-
