4040 6360
290 331 358 385 εδ
829 337 1385 396 PBOLEGOMENON
1431 343 1492 398 ll.
1535 342 1623 397 DE
1666 342 1992 400 TEMPOHE
2033 346 2616 408 THANSLATIONUM
2658 353 3058 413 HIERONYMI.
3517 361 3587 414 54

289 455 368 499 tea
416 451 751 520 monuimus,
781 451 1058 509 Canonem
1111 457 1389 513 lli-braicze
1432 459 1677 514 veritatis
1704 459 1892 515 Latine
1920 463 1963 522 Α
1995 462 2152 517 cium.
2189 464 2266 521 De
2286 468 2671 536 prephetarum
2695 473 3058 530 voluminibus
3086 476 3238 545 prius
3267 478 3590 532 meminerat

285 542 837 616 interpretaricuapit,
870 557 946 612 et,
979 547 1201 604 Christo
1229 551 1546 621 adjuvante,
1571 553 1883 622 complevit.

280 633 396 688 Non
427 637 573 692 ettim
616 657 643 690 a
681 642 859 709 primo
890 659 1059 711 usque
1088 644 1153 699 ad
1191 647 1542 702 novissimum
1569 648 1716 718 juxta
1747 648 1892 703 ordi-

282 743 404 782 nem
443 745 554 798 quo
581 731 778 789 ibidem
814 735 1098 806 leguntur;
1132 739 1226 794 sed
1271 751 1324 793 ιιι
1361 741 1532 810 potuit
1569 753 1623 797 et
1646 751 1702 796 ut
1729 756 1888 812 roga-

282 831 364 876 tus
390 821 514 890 fuit,
552 827 621 880 ita
649 828 817 884 libros
841 831 1195 888 Hebrzeorum
1227 835 1278 888 in
1299 834 1548 890 Latinum
1581 851 1888 892 sermOoem

280 918 581 974 transtulit.
633 920 904 978 Samuelis
960 934 1015 980 et
1052 926 1336 984 Malachim
1397 930 1669 985 volumina
1715 932 1891 1002 primo

276 1012 719 1084 φιλοπονωτάταις
751 1016 939 1072 Paultc
969 1019 1196 1089 ejusque
1227 1022 1350 1077 lilia?
1375 1023 1671 1078 Eustochio
1698 1046 1891 1097 προσε-

275 1110 501 1179 φώνησε.
552 1108 810 1167 Secundo
857 1112 1158 1182 prophetas
1198 1130 1410 1186 omnes,
1458 1117 1693 1186 majores
1730 1125 1890 1186 atque

274 1199 519 1254 minores
550 1201 788 1258 sedecim
819 1203 1551 1275 eisdem‘delegavit.'l‘ertio
1580 1210 1719 1264 circa
1743 1210 1885 1266 idem

233 1300 495 1360 tempus
523 1293 841 1362 Sophronia
898 1300 1110 1368 roganti
1164 1299 1489 1355 Psalterium
1545 1302 1611 1356 dc
1658 1301 1888 1357 Hebraeo

273 1387 622 1452 translatum,
663 1388 852 1445 Graece
899 1394 1330 1450 convertettdum
1389 1394 1632 1449 tradidit.
1685 1395 1888 1462 Quarto

270 1480 592 1548 petentibus
624 1483 940 1540 Chromatio
968 1497 1024 1542 et
1051 1487 1344 1544 Heliodoro
1375 1491 1665 1559 episcopis,
1719 1491 1888 1546 libros

269 1572 587 1628 Salomonis
618 1591 686 1630 ex
714 1575 977 1634 Hebraica
1008 1580 1242 1637 veritate
1271 1585 1542 1638 convertit
1570 1584 1622 1637 itt
1651 1584 1884 1654 linguam

271 1665 544 1722 Latinam.
580 1670 784 1734 Quinto
812 1687 1104 1728 recurrens
1150 1675 1215 1729 ad
1270 1676 1594 1754 pripcipium
1624 1675 1883 1746 Canonis,

267 1758 475 1814 librum
507 1760 804 1829 Geneseos,
834 1773 891 1820 rt
911 1766 1151 1836 reliquos
1177 1766 1532 1823 Pentateuchi
1565 1769 1884 1838 interpreta-

1995 555 2078 608 itis
2107 558 2285 614 verbis
2319 577 2331 614 :
2361 559 2545 617 Libros
2567 566 2788 619 sedecim
2810 567 3198 639 praphetarttm,
3227 585 3352 637 quos
3368 570 3424 624 in
3446 569 3589 624 Lati-

1995 663 2119 701 num
2163 651 2228 705 (le
2255 651 2480 708 Hebrteo
2519 673 2753 713 sermone
2779 663 2926 730 verti,
2956 665 3001 715 si
3032 661 3236 733 legeris,
3269 672 3314 717 et
3345 661 3589 719 delectari

1994 749 2041 792 te
2063 741 2157 794 hoc
2185 758 2334 814 apere
2383 762 2697 818 comperero,
2730 753 3028 821 provocabis
3073 770 3162 808 nos
3207 755 3361 810 etiam
3401 765 3588 810 caetera

1993 832 2169 887 clausa
2198 838 2425 892 armario
2467 845 2567 894 non
2598 850 2785 896 tenere.
2812 845 3063 900 Armario
3084 846 3263 901 clausa
3293 856 3420 903 tunc
3452 857 3589 904 tem-

1993 928 2146 996 poris
2175 929 2395 984 tenebat
2425 942 2622 1002 prmter
2657 935 2768 1004 jam
2798 937 2974 993 dictas
3013 940 3314 1006 versiones,
3348 939 3590 995 Psalmo-

1993 1036 2111 1074 rum
2143 1023 2550 1081 translationem
2587 1027 2894 1100 Sophronia
2925 1043 3308 1102 nuncupatam,
3343 1035 3587 1090 etlibros

1991 1111 2320 1181 Salomonis,
2369 1134 2504 1188 quos
2549 1120 2786 1177 diximus
2834 1122 3119 1181 dedicasse
3167 1127 3482 1183 Chromatio
3532 1137 3589 1183 et

1993 1205 2304 1262 Heliodoro.
2333 1210 2539 1266 Ca-tera
2564 1215 2840 1270 volumina
2869 1219 3068 1274 veteris
3089 1219 3422 1276 Testamenti
3454 1236 3590 1276 non-

1989 1299 2116 1354 dum
2139 1312 2294 1356 erant
2321 1303 2392 1358 de
2418 1305 2644 1364 Hebraeo
2665 1308 2856 1367 Latine
2871 1327 3132 1368 conversa
3160 1331 3173 1367 :
3200 1315 3444 1386 quamvis
3471 1315 3588 1384 ipse

1990 1393 2191 1448 scribat
2239 1411 2380 1450 anno
2409 1398 2614 1453 Christi
2645 1403 2770 1467 592,
2803 1405 3020 1473 quando
3049 1408 3334 1462 contexuit
3376 1407 3588 1462 catalo-

1987 1501 2112 1555 gum
2140 1487 2208 1542 de
2234 1488 2606 1560 Scriptoribus
2630 1494 3049 1561 Ecclesiasticis,
3072 1514 3130 1553 se
3157 1499 3582 1555 Instrttmentum

1990 1591 2143 1635 vetus
2169 1581 2316 1651 juxta
2344 1585 2666 1642 Hebraicum
2688 1592 3046 1647 transtulisse.
3071 1592 3202 1662 Quae
3225 1594 3271 1648 si
3295 1608 3400 1648 non
3423 1609 3584 1650 nemo

1986 1674 2056 1728 de
2080 1676 2306 1746 singulis
2331 1677 2479 1733 libris
2511 1681 2855 1752 intelligenda
2889 1687 3115 1756 putavit,
3149 1687 3374 1742 multum
3402 1703 3433 1742 a
3454 1702 3586 1743 vero

1989 1785 2112 1824 eum
2136 1770 2420 1827 discedere
2449 1789 2672 1830 necesse
2701 1784 2784 1832 est
2813 1794 2826 1830 :
2860 1779 2982 1849 quia
3012 1795 3079 1835 ex
3119 1780 3349 1850 epistola
3380 1780 3446 1835 ad
3479 1780 3586 1835 Lu-

269 1860 357 1905 tus
387 1863 496 1920 est,
538 1853 866 1913 obsecrante
906 1857 1188 1914 Desiderio
1240 1875 1359 1915 suo.
1402 1859 1593 1916 Libros
1647 1862 1882 1932 denique
1913 1855 1957 1914 B
1987 1864 2211 1932 cinittm,
2242 1875 2386 1921 etex
2417 1867 2734 1937 pratfatione
2765 1872 2816 1925 in
2843 1872 3037 1928 librum
3057 1873 3224 1930 Josue
3245 1875 3584 1946 exploratum

263 1943 458 2013 Iosue,
493 1945 773 2012 Iudicum,
809 1947 977 2018 Ruth,
1030 1968 1094 2006 ac
1139 1952 1332 2007 Esther
1361 1952 1657 2008 Eustochio
1689 1955 1881 2025 virgini

264 2054 474 2109 negare
503 2057 608 2097 non
635 2043 807 2110 potuit
832 2061 844 2097 :
871 2047 946 2100 uti
977 2061 1076 2101 nec
1107 2047 1520 2115 Paralipomena
1543 2048 1876 2106 Chromatio.

266 2133 373 2189 Sed
411 2145 468 2189 ut
503 2145 717 2206 tempus
747 2152 905 2193 suum
934 2139 1161 2210 singulis
1203 2141 1589 2207 voluminibus,
1619 2154 1878 2213 quantum

270 2227 420 2282 scire
450 2229 609 2284 nobis
655 2230 806 2297 licet,
839 2234 1162 2300 pra-[initum
1196 2237 1288 2302 sit,
1317 2234 1466 2292 hisce
1495 2238 1635 2292 notis
1662 2251 1724 2294 ac
1751 2237 1882 2293 cha-

272 2323 583 2378 racteribus
612 2323 1019 2396 chrooologicis
1051 2327 1181 2382 illud
1213 2329 1502 2400 designare
1549 2333 1878 2390 curavimus.

335 2417 483 2472 Ante
538 2419 682 2474 alios
726 2420 893 2491 igitur
922 2423 1089 2478 libros
1118 2423 1354 2478 Canonis
1405 2425 1638 2488 Hebraei.
1693 2426 1880 2483 Latine

272 2508 510 2575 primum
548 2511 720 2566 edidit
750 2513 1020 2568 volumina
1050 2514 1323 2571 Samuelis
1348 2527 1402 2572 et
1425 2513 1729 2586 Malachim,
1760 2537 1879 2590 quae

264 2600 431 2656 hodie
472 2613 713 2673 quatuor
754 2604 959 2676 Regum
1012 2607 1180 2662 libros
1208 2624 1486 2664 vocamus.
1517 2610 1668 2678 Quod
1697 2615 1876 2668 statim

269 2712 598 2766 persuasum
632 2701 738 2756 erit
769 2703 954 2756 lectori
982 2703 1251 2771 studioso,
1285 2718 1340 2759 ιιι
1364 2706 1730 2774 ριίιθῆιιὶοιιινιιι
1756 2709 1880 2764 huic

263 2793 495 2847 editioni
528 2794 808 2863 pra-ﬁxam
842 2798 1123 2868 perlegere
1168 2801 1420 2855 voluerit.
1453 2800 1585 2856 Nam
1621 2803 1879 2872 prologus

259 2886 366 2940 iste
415 2886 468 2940 in
523 2888 696 2944 libros
728 2890 935 2961 Regum
984 2892 1185 2948 dicitur
1235 2892 1556 2966 Principium
1594 2899 1873 2966 galeatum,

261 2981 410 3046 quod
457 2983 634 3051 possit
664 2985 917 3040 omnibus
945 2986 1122 3053 libris,
1156 3002 1294 3058 quos
1324 2989 1390 3042 de
1424 2988 1654 3044 Hebraeo
1685 2988 1876 3044 Hiero-

265 3089 464 3145 nymus
513 3078 759 3133 vertebat
793 3078 846 3132 in
875 3079 1149 3146 Latinum,
1181 3084 1478 3138 convenire
1513 3101 1523 3136 :
1552 3082 1656 3137 Hic
1702 3083 1878 3151 prolo-

260 3185 362 3238 gue
395 3169 812 3238 Scripturarum,
840 3174 1032 3241 inquit,
1065 3177 1214 3244 quasi
1244 3175 1507 3246 galeatum
1541 3178 1871 3247 principium,

1986 1957 2269 2025 habemus,
2320 1959 2671 2017 Pentateuchi
2722 1966 3152 2033 translationem,
3207 1975 3374 2038 atque
3422 1969 3584 2024 trium

1982 2053 2212 2108 aliorum
2246 2055 2602 2120 voluminum,
2635 2073 2866 2129 quorum
2897 2060 2948 2114 in
2991 2061 3184 2116 eodem
3215 2062 3444 2133 prologo
3472 2078 3587 2117 me-

1985 2146 2156 2212 minit,
2211 2161 2316 2202 non
2369 2147 2538 2205 fuisse
2567 2150 2870 2207 absolutam
2901 2161 3025 2208 ante
3056 2155 3264 2209 exitum
3313 2154 3372 2209 S.
3404 2154 3584 2210 Paula:

1984 2239 2192 2306 matris,
2227 2239 2276 2294 id
2308 2249 2412 2306 est,
2443 2255 2642 2297 annum
2687 2243 2891 2299 Christi
2921 2245 3047 2300 404.
3081 2245 3245 2302 Liber
3274 2247 3400 2303 item
3433 2247 3584 2302 Ezrat

1984 2331 2162 2387 editus
2204 2331 2404 2389 dicitur
2437 2337 2488 2388 in
2522 2335 2838 2405 pnefatione
2867 2338 3145 2408 aliquanto
3186 2347 3434 2410 tempore
3464 2348 3586 2410 post

1983 2424 2314 2492 exemplaria
2347 2427 2764 2495 prophetarum;
2799 2443 3009 2483 moram
3054 2430 3199 2485 enim
3232 2431 3411 2487 attulit
3456 2431 3581 2486 huic

1985 2517 2323 2570 translationi
2356 2516 2738 2589 Hieronymus,
2770 2535 2942 2590 quam
2981 2536 3077 2590 per
3107 2531 3217 2577 tres
3243 2537 3418 2577 annos
3451 2536 3584 2576 con-

1982 2606 2164 2661 tinuos
2198 2608 2477 2675 petierunt
2521 2611 2810 2666 scribendo
2838 2623 2893 2666 et
2920 2614 3310 2681 rescribendo,
3343 2614 3582 2684 insignes

1983 2699 2061 2753 illi
2093 2699 2356 2754 ltomnion
2385 2710 2440 2755 et
2483 2701 2838 2772 Rogatianus.
2867 2705 3063 2760 Libros
3089 2707 3271 2776 itaque
3313 2705 3583 2775 Samuelis

1981 2803 2036 2845 et
2060 2791 2346 2846 Malachim
2377 2792 2690 2849 immediate
2720 2795 3068 2866 subsequitur
3095 2797 3273 2853 versio
3296 2798 3414 2854 ,Ιοϋί
3445 2816 3458 2852 :
3489 2798 3584 2854 Jo-

1981 2885 2107 2940 bum
2139 2893 2316 2940 autem
2348 2887 2546 2955 excipit
2591 2888 2825 2943 sedecim
2853 2889 3238 2960 prophetarum
3271 2891 3576 2946 translatio.

1985 2978 2186 3032 Deinde
2213 2978 2534 3035 Psalterium
2565 2996 2629 3035 ac
2659 2981 2779 3036 libri
2802 2981 3133 3039 Salomonis.
3169 2984 3430 3041 Universa
3464 2985 3580 3040 hate

1981 3070 2257 3125 volumina
2280 3072 2682 3143 Scripturarum
2704 3075 2770 3130 de
2793 3075 3026 3132 Hebraeo
3051 3078 3102 3132 in
3125 3077 3372 3134 Latinum
3397 3088 3572 3155 trans-

1983 3164 2179 3218 tulerat
2229 3165 2590 3240 Hieronymos
2628 3183 2776 3223 anno
2823 3168 3026 3225 Christi
3075 3171 3205 3240 59%,
3255 3187 3364 3242 quo
3409 3172 3578 3228 edidit

265 3263 517 3316 omnibus
543 3262 704 3332 ιίιηνίε,
734 3281 862 3336 quos
891 3267 957 3321 de
991 3265 1209 3322 Ηεω-ιεο
1242 3270 1484 3322 verum“;
1523 3270 1576 3321 δη
1602 3268 1869 3337 Latinum,
1902 3252 1946 3314 C
1980 3257 2180 3310 librum
2209 3258 2279 3312 de
2312 3258 2454 3312 Viris
2483 3260 2805 3315 lllnstribns.
2835 3262 3154 3333 Eodemque
3199 3275 3444 3334 tempore
3476 3265 3578 3322 So-

265 3356 551 3409 convenire
569 3366 749 3424 potest,
774 3357 1054 3413 Galeatum
1083 3360 1212 3416 dicit
1242 3362 1590 3430 principium,
1622 3360 1763 3431 quod
1785 3376 1873 3414 ca-

263 3459 368 3518 put
395 3465 614 3504 snarum
645 3453 959 3508 versionum
991 3453 1308 3510 defenderet
1351 3455 1613 3509 adversus
1649 3455 1872 3509 aemulos

260 3556 396 3595 suos
428 3560 443 3595 :
472 3543 591 3597 sive
637 3545 782 3615 quod
814 3546 978 3615 priori
1030 3547 1370 3602 translationi
1404 3561 1518 3601 suae
1543 3563 1609 3601 ex
1646 3546 1874 3603 Hebraeo

263 3633 495 3702 praeﬁxa
524 3638 621 3703 sit,
655 3648 707 3690 et
725 3640 884 3712 quasi
914 3640 1183 3708 generalis
1208 3641 1463 3710 prologue
1484 3642 1535 3695 in
1564 3640 1873 3708 Scripturas

261 3742 291 3779 a
318 3743 381 3782 se
401 3743 597 3783 versas
621 3733 1002 3800 pra-mittatur.
1024 3731 1260 3801 ldipsum
1288 3733 1575 3787 manifeste
1591 3732 1874 3787 declarant

259 3823 513 3890 ejttsdem
545 3824 754 3894 prologi
786 3826 948 3881 verba
981 3825 1200 3880 isthtcc:
1233 3826 1369 3899 Lege
1387 3843 1507 3897 ergo
1526 3827 1752 3898 primum
1772 3826 1873 3880 Sa-

262 3913 398 3967 muel
442 3925 493 3969 et
525 3914 812 3970 Malaehint
842 3934 1030 3983 meum,
1084 3921 1320 3989 inquam,
1369 3936 1557 3972 meum.
1608 3919 1872 3989 Quidquid

260 4008 399 4059 enim
428 4008 660 4062 crebrius
681 4009 924 4064 vertendo
945 4021 992 4064 et
1021 4011 1342 4065 emendando
1370 4010 1644 4066 sollicitius
1665 4022 1711 4066 et
1731 4013 1869 4066 didi-

261 4101 454 4164 cimus,
502 4108 552 4154 et
609 4111 860 4166 tenemus,
895 4113 1129 4156 nostrum
1157 4114 1248 4158 est.
1278 4103 1515 4159 l’rimum
1565 4104 1671 4172 legi
1700 4105 1872 4159 voluit

260 4190 542 4244 Volumina
574 4190 804 4260 Regum,
837 4194 960 4262 quia
991 4192 1107 4248 haec
1133 4202 1260 4250 ante
1299 4202 1493 4250 caetera
1525 4205 1873 4250 converterat

260 4282 332 4337 de
360 4283 593 4339 Hebraeo
624 4284 678 4339 in
703 4285 956 4341 Latinum
988 4303 1338 4343 sermonem:
1371 4289 1530 4344 aliter
1571 4290 1756 4360 utique
1791 4290 1874 4345 di-

258 4384 478 4439 cturus.
527 4379 573 4432 si
604 4393 728 4448 qua:
757 4380 883 4434 aliae
929 4383 1127 4436 veteris
1176 4381 1521 4438 lnstrumenti
1552 4384 1874 4450 interpreta-

259 4469 444 4524 tiones
459 4473 892 4538 prwcessissent.
919 4473 1269 4544 Exemplaria
1298 4474 1454 4544 hujus
1478 4475 1672 4544 prioris
1695 4457 1870 4530 trans-

256 4562 487 4618 lationis
514 4563 705 4619 Romae
736 4566 1154 4622 inveniebantur
1186 4567 1326 4636 apud
1352 4567 1708 4623 Domnionem
1740 4579 1870 4625 ante

1976 3352 2240 3421 phronius
2267 3351 2387 3421 ejus
2428 3351 2712 3410 familiaris
2755 3353 2824 3409 de
2863 3354 3059 3410 Latino
3089 3357 3142 3410 in
3169 3339 3428 3412 Graecum
3458 3357 3578 3413 elo-

1975 3446 2160 3515 quiqu
2202 3446 2456 3502 nonnulla
2484 3463 2550 3502 ex
2583 3448 2665 3502 his
2707 3459 3074 3506 converterat.
3120 3449 3468 3520 Sophronias.
3498 3453 3576 3507 vir

1973 3539 2208 3608 apprime
2251 3539 2487 3594 eruditus
2505 3580 2518 3601 ,
2554 3540 2728 3609 inquit
2747 3539 2804 3596 S.
2834 3541 3034 3596 Doctor
3063 3542 3117 3596 itt
3144 3543 3398 3612 catalogo
3423 3544 3567 3600 Scri-

1979 3638 2190 3698 jtorum
2223 3631 2745 3700 Ecclesiasticorum,
2789 3630 3062 3700 Opuscula
3091 3649 3202 3687 mea
3243 3633 3298 3687 in
3329 3632 3571 3689 Gnaeum

1973 3725 2198 3796 et’egunti
2217 3741 2452 3780 sermone
2474 3725 2738 3780 transtulit
2767 3743 2783 3779 :
2809 3725 3133 3782 Psalterium
3156 3743 3356 3798 quoque
3379 3737 3429 3782 et
3455 3744 3578 3798 pre-

1975 3818 2176 3888 pltetas,
2207 3835 2332 3888 quos
2355 3819 2418 3874 de
2447 3819 2500 3873 Η
2505 3821 2668 3874 ebrteo
2701 3821 2752 3874 in
2776 3819 3018 3874 Latinum
3047 3821 3311 3874 vertimus.
3345 3821 3420 3874 Ea
3445 3830 3574 3874 sunt

1973 3929 2096 3981 quae
2120 3929 2289 3983 usque
2317 3915 2499 3983 injam
2529 3915 2729 3967 dictum
2756 3929 2958 3968 annum
2985 3913 3280 3969 Theodosii
3314 3914 3574 3984 principis

1972 4006 2246 4063 detitlllllll
2269 4017 2519 4076 quartum
2550 4016 2606 4062 et
2630 4005 2832 4061 Christi
2861 4006 2988 4071 592,
3014 4006 3085 4062 de
3110 4007 3339 4063 Hebrato
3383 4008 3435 4061 in
3465 4008 3569 4062 La-

1975 4105 2146 4154 tinum
2170 4115 2502 4168 sermonem,
2533 4110 2590 4155 et
2623 4101 2692 4155 de
2718 4101 2912 4155 Latino
2953 4100 3006 4155 in
3036 4099 3285 4156 Grarcum
3316 4101 3574 4156 translata

1973 4205 2131 4250 erant
2161 4194 2231 4248 ab
2261 4195 2591 4265 Hieronymo
2622 4209 2686 4248 ac
2715 4193 3051 4265 Sophronio.
3095 4195 3176 4248 Ab
3205 4209 3349 4250 anno
3387 4205 3570 4250 autem

1973 4285 2081 4342 592
2109 4286 2173 4340 ad
2201 4301 2398 4340 annum
2427 4285 2635 4341 Christi
2659 4285 2761 4341 594
2789 4286 2964 4342 editus
2988 4287 3202 4342 videtur
3229 4287 3370 4342 liber
3393 4287 3567 4352 Ezraz,

1972 4395 2038 4435 ac
2072 4379 2208 4434 liber
2237 4379 2466 4435 Genesis
2495 4397 2506 4432 :
2540 4395 2662 4434 nam
2698 4379 2889 4435 Ezram
2920 4379 3077 4435 brevi
3106 4381 3368 4449 temporis
3395 4379 3568 4434 inter-

1972 4473 2119 4528 vallo
2158 4482 2281 4544 post
2309 4473 2450 4528 edita
2501 4473 2887 4544 prophetarum
2932 4474 3233 4539 volumina,
3279 4473 3570 4528 Latinitate

1974 4571 2220 4636 donavit,
2252 4579 2309 4624 ut
2336 4570 2488 4624 testis
2511 4579 2598 4624 est
2629 4566 2871 4636 przel'atio
2898 4567 2968 4621 ad
2999 4565 3354 4621 Domnionem
3381 4574 3435 4620 et
3459 4563 3568 4619 Ro—

256 4670 470 4710 annum
498 4656 701 4714 Christi
729 4659 858 4726 393,
901 4675 1009 4730 quo
1049 4662 1248 4729 scripta
1296 4661 1610 4730 perhibetur
1639 4663 1868 4732 epistola
1972 4667 2246 4734 gatiamtm
2282 4679 2294 4715 :
2328 4661 2524 4717 librum
2556 4668 2737 4715 autem
2769 4659 3050 4716 Geneseos
3079 4658 3296 4713 dedisse
3338 4657 3567 4714 Deside-

257 4750 353 4810 52.
400 4749 472 4804 ad
501 4750 943 4818 Pammachium;
984 4754 1075 4808 ubi
1105 4755 1382 4824 conceptis
1426 4753 1604 4809 verbis
1636 4753 1689 4808 id
1720 4753 1868 4809 afﬁr-

256 4845 430 4899 mavit
483 4845 852 4918 Hieronymus
885 4864 898 4901 :
937 4846 1217 4914 Miseram,
1254 4848 1444 4918 inquit,
1492 4848 1732 4918 quantum
1769 4856 1869 4906 τῶν

256 4939 648 5011 ὑπομνημάτων
678 4941 1013 5011 inpmphetas
1035 4943 1306 4996 duodecim
1334 4951 1513 4997 sancto
1537 4941 1681 4997 Patri
1703 4942 1862 4998 Dom-

257 5033 434 5099 nioni,
468 5033 682 5087 Samuel
723 5051 926 5106 quoque
963 5045 1012 5090 et
1043 5035 1362 5106 Malacltim,
1405 5037 1460 5090 id
1503 5049 1603 5105 est,
1645 5050 1868 5110 quatuor

257 5125 570 5196 Regnorum
600 5125 784 5193 libros,
830 5137 936 5182 etc.
973 5126 1040 5182 Et
1069 5143 1138 5182 ne
1167 5129 1379 5197 longius
1407 5129 1621 5199 evagari
1657 5132 1872 5184 contin-

257 5227 375 5287 gat,
404 5217 535 5288 quid
565 5217 634 5273 de
656 5216 821 5284 Jobo,
850 5218 981 5287 quid
1004 5218 1072 5274 de
1093 5219 1330 5275 Sedecim
1359 5221 1638 5288 pr0phetis
1671 5220 1866 5274 ibidem

258 5310 471 5365 dictum
505 5309 774 5378 legamus,
819 5311 1054 5366 breviter
1084 5310 1278 5367 afferre
1311 5327 1417 5366 non
1449 5311 1546 5366 abs
1579 5325 1639 5366 re
1669 5312 1757 5366 sit.
1793 5311 1870 5368 De

258 5402 401 5458 Joho
445 5403 663 5473 quidem
697 5405 770 5458 ita
819 5403 984 5460 habet
1025 5405 1212 5460 eadem
1255 5405 1496 5475 Epistula
1528 5403 1594 5460 ad
1621 5405 1868 5460 Pamma-

261 5496 451 5552 chiutn
479 5515 493 5552 τ
532 5496 802 5552 Transtuli
827 5515 998 5568 nuper
1023 5497 1125 5554 Job
1153 5500 1206 5553 in
1235 5499 1465 5571 linguam
1493 5511 1754 5564 nostram;
1778 5517 1870 5554 cu-

251 5596 349 5664 jus
379 5592 648 5660 exemplar
670 5608 702 5645 a
731 5603 910 5646 sancta
939 5591 1216 5658 Marcella,
1247 5594 1558 5649 consobrina
1581 5607 1690 5660 tua,
1725 5605 1870 5658 pote-

263 5689 338 5740 ris
359 5687 611 5742 mutuari.
641 5686 777 5760 Lege
813 5688 1051 5744 eumdem
1073 5687 1311 5743 Grazcum
1333 5702 1376 5744 et
1408 5688 1672 5755 Latinum,
1704 5698 1754 5742 et
1784 5705 1864 5741 ve-

264 5788 422 5835 terem
443 5783 722 5835 editionem
742 5790 935 5836 nostra:
956 5782 1284 5836 translationi
1305 5798 1572 5850 compara;
1600 5792 1647 5836 et
1669 5779 1866 5850 liquido

269 5873 578 5946 pervidebis,
612 5882 861 5944 quantum
899 5873 1052 5930 distet
1095 5875 1227 5930 inter
1249 5885 1512 5932 veritatem
1558 5885 1602 5930 et
1649 5873 1865 5928 menda-

1971 4756 2056 4810 rio
2086 4763 2206 4824 post
2232 4752 2504 4808 decimum
2557 4760 2808 4821 quartum
2843 4766 3046 4805 annum
3079 4750 3372 4806 Theodosii
3421 4751 3569 4821 prin-

1970 4849 2129 4918 cipis,
2165 4847 2323 4917 plane
2345 4848 2518 4917 liquet
2539 4862 2606 4902 ex
2629 4848 2792 4916 epist.
2817 4843 2945 4912 154,
2973 4844 3135 4900 modo
3160 4845 3566 4900 consentiamus

1969 4940 2223 4997 eumdem
2251 4954 2373 4994 esse
2408 4939 2767 5004 Desiderium,
2799 4939 2884 4993 cui
2922 4946 3140 5007 prOpter
3169 4937 3405 4993 nominis
3427 4939 3568 4991 vati-

1971 5033 2170 5088 cinium
2198 5033 2504 5103 gratulatur
2530 5044 2635 5085 tam
2671 5032 2722 5084 in
2756 5030 2858 5086 hac
2885 5029 3112 5100 epistola
3142 5046 3304 5100 quam
3338 5031 3390 5085 in
3423 5045 3565 5099 prae-

1971 5128 2173 5184 fatione
2227 5128 2292 5183 ad
2343 5129 2542 5184 Cenes.
2594 5126 2871 5182 Praeterea
2919 5126 2988 5181 de
3033 5125 3263 5181 Hebraeo
3307 5125 3566 5182 Genesitu

1970 5238 2053 5276 vei
2071 5224 2133 5276 tit
2165 5223 2474 5291 priusquam
2515 5221 2714 5274 librum
2741 5220 3006 5275 edidisset
3031 5219 3098 5275 de
3117 5219 3337 5289 Optimo
3365 5234 3566 5289 genere

1971 5318 2384 5389 interpretandi,
2414 5316 2468 5371 itt
2499 5330 2606 5387 quo
2633 5315 2798 5369 multa
2827 5315 3051 5384 collegit
3080 5313 3149 5368 de
3177 5314 3350 5368 veteri
3373 5313 3567 5369 Testa-

1972 5422 2180 5476 mento,
2210 5427 2328 5481 qua:
2360 5412 2413 5465 in
2453 5408 2596 5464 LXX
2628 5425 2734 5463 non
2764 5407 3030 5478 leguntur.
3062 5405 3221 5462 Plura
3252 5406 3469 5462 tandem
3499 5407 3568 5461 de

1971 5504 2257 5573 Opusculis
2281 5503 2595 5574 Hieronymi
2625 5503 2879 5571 repetita,
2909 5510 3173 5556 autcerte
3193 5500 3396 5556 similia
3426 5500 3570 5555 dicta

1971 5595 2320 5664 reperiuntur
2359 5594 2588 5664 epistola
2623 5593 2726 5650 154
2768 5602 2824 5649 et
2852 5593 2944 5654 52.
2975 5607 3142 5664 quam
3166 5591 3404 5647 diximus
3433 5589 3571 5646 scri-

1973 5701 2117 5758 ptam
2148 5687 2216 5740 ad
2240 5686 2642 5743 Pammachiqu
2665 5701 2811 5742 anno
2841 5685 3044 5741 Christi
3067 5685 3191 5742 593.
3217 5688 3460 5750 Quatuor
3483 5698 3569 5738 re-

1970 5778 2144 5848 liquos
2177 5779 2520 5836 Pentatcuchi
2553 5781 2725 5836 libros
2775 5778 2942 5834 variis
2993 5777 3286 5833 distractus
3327 5791 3564 5846 occupa-

1971 5873 2210 5930 tionibus
2244 5873 2537 5931 absolvere
2578 5889 2686 5930 nou
2741 5873 2918 5943 putuit
2954 5879 3078 5928 ante
3120 5883 3322 5927 annum
3369 5867 3572 5926 Christi
