4040 6360
443 339 517 398 55
1052 336 1148 394 AD
1183 332 1245 395 S.
1287 332 1668 395 HIERONYMI
1709 332 2000 393 DIVINAM
2040 327 2553 388 BlBLlOTHECAM
2590 325 3127 386 PROLEGOMENA.
3675 324 3748 382 56

440 453 552 511 404
577 454 664 511 vel
692 452 820 511 405.
849 452 1004 524 Quod
1032 452 1150 525 ipse
1182 467 1281 509 nos
1307 452 1491 509 docuit
1523 452 1841 525 praefatione
1870 449 1922 503 in
1953 446 2050 503 Jo-
2077 449 2129 511 Α
2156 446 2304 503 lavit.
2339 446 2511 517 Hujus
2539 446 2615 501 ita
2640 445 2887 501 meminit
2934 444 3298 516 Hieronymus
3328 439 3646 514 przefatiouo
3692 441 3749 497 in

442 564 564 616 sue,
592 548 781 604 dicens
814 566 828 602 :
873 545 1104 602 Tandem
1132 547 1281 618 ﬁnito
1309 545 1663 601 Peutateuclto
1688 541 1882 614 Moysi,
1915 540 2049 596 velut

447 641 641 714 grandi
666 645 846 714 fenore
875 641 1100 709 liberati,
1145 641 1214 696 ad
1240 639 1421 696 Iesum
1450 640 1621 710 ﬁlium
1647 636 1795 693 Nave
1839 651 2049 690 manum

445 738 717 791 mittimus.
742 736 813 792 Et
840 735 977 792 inira
1011 754 1023 789 :
1059 736 1307 792 Craterum
1337 743 1452 805 post
1480 741 1673 788 sanctae
1700 732 1883 787 Paula:
1922 730 2047 785 dor-

443 829 728 895 mitionem,
761 831 910 897 cuius
939 830 1045 884 vita
1087 830 1288 884 virtutis
1314 825 1607 897 exemplum
1649 832 1743 889 est,
1784 822 1950 879 ethos
1979 818 2048 877 li-

441 922 587 990 bros,
611 939 738 993 quos
761 921 1040 978 Eustochio
1066 921 1251 994 virgini
1281 935 1466 991 negare
1492 935 1595 974 non
1632 917 1793 992 potui,
1821 916 2049 972 decrevi-

446 1032 583 1083 mus,
615 1026 722 1073 etc.
765 1015 824 1072 id
852 1032 982 1088 ergo
1011 1028 1136 1087 post
1165 1014 1374 1071 obitum
1404 1022 1607 1069 sancta:
1636 1012 1817 1068 Paulae
1843 1010 2048 1067 scribe-

444 1108 541 1164 bat
567 1109 927 1182 Hieronymus
960 1108 1141 1165 :unde
1171 1117 1396 1176 apparet
1429 1102 1842 1161 translationem
1885 1103 2052 1159 totius

451 1204 810 1260 Pentateuchi
841 1217 949 1259 non
980 1202 1148 1257 fuisse
1181 1200 1481 1272 perfectam
1528 1200 1634 1255 nisi
1679 1208 1805 1271 post
1848 1213 2050 1253 annum

448 1294 655 1353 Christi
696 1298 823 1365 404,
857 1294 984 1367 quia
1011 1305 1196 1352 sancta
1222 1294 1341 1353 haec
1363 1294 1525 1351 vidua
1572 1294 1681 1350 vita
1708 1291 1948 1349 excessit
1979 1307 2053 1348 vn

446 1390 558 1448 kal.
591 1390 757 1447 Febr.
806 1390 1050 1446 Honorio
1097 1390 1346 1462 Augusto
1391 1389 1571 1446 sexies
1620 1397 1676 1445 et
1721 1387 2051 1444 Aristaeneto

448 1485 797 1549 Consulibus.
834 1485 887 1541 id
915 1495 1019 1554 est,
1054 1484 1126 1541 26
1151 1485 1387 1555 jauuarii
1413 1484 1539 1539 anni
1584 1481 1713 1539 404.
1744 1483 1919 1538 Tanto
1958 1497 2054 1537 au-

449 1590 558 1635 tem
591 1594 832 1637 mcerore
871 1579 1051 1635 luctus
1080 1577 1387 1649 exagitatus
1416 1584 1501 1634 est
1525 1586 1581 1633 et
1616 1577 1895 1632 confectus
1926 1574 2053 1630 Hie-

448 1687 742 1746 ronymus,
792 1684 851 1728 ut
898 1672 1103 1743 absque
1154 1670 1508 1727 translatione
1560 1669 1684 1726 libri
1713 1668 1993 1725 Paschalis
2021 1684 2053 1724 a

454 1767 762 1839 TheOphilo
791 1766 948 1832 editi,
979 1766 1115 1822 nihil
1140 1764 1289 1821 aliud
1311 1764 1480 1821 divini
1505 1764 1687 1835 operis
1713 1778 1808 1834 per
1832 1763 2051 1833 longum

2152 540 2472 598 Psalterium
2518 540 2868 609 Hebraicum,
2922 538 2975 595 id
3014 548 3122 605 est,
3153 538 3224 595 de
3273 537 3503 593 Hebraeo
3557 535 3750 593 Latine

2152 636 2421 692 redditum
2444 653 2456 689 :
2477 634 2870 692 Studiosissime
2903 633 3200 705 postulasti,
3231 641 3288 687 ut
3320 641 3433 703 post
3464 631 3708 703 Aquilam
3731 673 3748 701 ,

2153 738 2204 785 et
2246 727 2639 801 Symmachum,
2672 737 2718 783 et
2762 726 3189 795 Theodotionem,
3239 742 3424 781 novam
3471 726 3751 781 editionem

2152 825 2343 881 Latino
2372 839 2605 880 sermone
2636 825 2996 894 transferrem.
3029 820 3211 876 Aiebas
3236 821 3373 874 enim
3399 829 3448 875 tc
3475 820 3643 890 magis
3671 821 3753 875 in-

2154 928 2437 993 terpretum
2482 918 2730 973 varietate
2757 916 2979 983 turbari,
3022 924 3072 971 et
3102 932 3279 971 amore
3304 932 3405 986 quo
3437 915 3645 983 laberis,
3674 913 3753 969 rel

2154 1014 2520 1078 translatione,
2556 1011 2634 1067 vel
2656 1011 2859 1082 judicio
2885 1025 2997 1065 meo
3040 1025 3148 1064 esse
3185 1017 3499 1064 contentum.
3531 1006 3753 1064 Graecas

2155 1108 2317 1180 igitur
2362 1106 2695 1177 Latinasque
2745 1105 3043 1160 multorum
3107 1104 3465 1173 interpretum
3518 1101 3749 1157 transla-

2155 1200 2333 1259 tiones
2354 1216 2476 1257 cum
2509 1200 2824 1271 respuerint
2851 1198 2954 1253 viri
2974 1195 3254 1252 doctiores
3280 1204 3396 1250 tum
3429 1192 3572 1265 apud
3602 1192 3755 1250 Cra:-

2154 1311 2274 1362 cos,
2303 1304 2417 1351 tum
2446 1293 2591 1366 apud
2637 1292 2882 1361 Latinos,
2931 1306 2996 1348 ac
3027 1305 3215 1347 earum
3272 1288 3538 1345 varietate
3589 1294 3754 1359 atque
3792 1316 3817 1332 -

2157 1390 2427 1461 imperitia
2499 1404 2607 1444 non
2656 1387 2885 1443 minime
2943 1386 3296 1441 turbarentur
3339 1399 3353 1437 :
3406 1397 3754 1454 consequens

2156 1492 2295 1552 erat,
2326 1493 2383 1539 ut
2411 1480 2869 1555 Hieronymianas
2895 1479 3184 1536 versiones
3230 1483 3578 1549 appeterent,
3620 1490 3757 1547 quas

2155 1576 2430 1634 similibus
2459 1576 2608 1632 vitiis
2634 1589 2828 1631 carere
2853 1588 3046 1629 omnes
3088 1580 3382 1630 noverant.
3414 1569 3544 1626 Ideo
3572 1580 3759 1640 gratu-

2157 1671 2301 1727 latur
2354 1672 2459 1727 sibi
2507 1671 2874 1743 Hieronymus
2923 1668 3019 1725 lib.
3071 1683 3111 1723 ll
3165 1666 3452 1739 Apologiar.
3493 1664 3757 1721 adversus

2157 1766 2436 1835 Ruﬁnum,
2485 1765 2629 1838 quod
2684 1764 2928 1821 Romana
2971 1762 3218 1819 Ecclesia
3271 1761 3517 1831 suscepit
3544 1758 3757 1814 Psalte-

450 1863 713 1934 temporis
736 1862 972 1932 spatium
1002 1860 1244 1917 scribere
1284 1859 1541 1930 potuerit.
1589 1858 1667 1914 Ex
1695 1872 1804 1929 quo
1828 1872 1934 1912 non
1960 1856 2057 1911 οὺ·
2085 1856 2133 1918 Β
2159 1866 2298 1918 rium
2326 1879 2479 1919 suum
2518 1862 2993 1918 emendatissimum
3015 1860 3175 1933 juxta
3212 1856 3555 1929 Septuaginta
3585 1852 3760 1909 Inter-

454 1970 614 2011 scure
659 1954 1013 2027 significatur,
1061 1951 1375 2009 Octateuchi
1419 1950 1853 2017 translationem,
1901 1948 2056 2020 cujus

455 2050 699 2106 meminit
720 2051 771 2105 in
793 2048 1023 2120 epistola
1041 2048 1134 2113 28,
1156 2047 1224 2101 ad
1243 2045 1548 2115 Lucinium,
1566 2045 1871 2103 absolutam
1894 2043 2058 2100 fuisse

453 2157 600 2197 anno
644 2139 846 2196 Christi
883 2140 990 2195 404
1031 2149 1293 2207 exeunte,
1344 2138 1428 2195 vel
1458 2153 1601 2193 anno
1629 2138 1735 2195 405
1778 2146 2054 2193 currente.

455 2236 742 2292 Postremo
790 2234 987 2291 librum
1030 2234 1481 2305 Paralipomenon
1529 2232 1699 2290 edidit
1746 2230 1898 2301 juxta
1949 2230 2057 2286 He-

454 2332 664 2388 braeum
692 2345 836 2386 anno
863 2329 1062 2386 Christi
1082 2328 1187 2386 596
1215 2347 1229 2385 :
1265 2329 1531 2386 maturius
1558 2328 1705 2385 enim
1731 2329 1857 2383 huic
1886 2336 2063 2383 trans-

462 2427 653 2482 lationi
688 2435 900 2498 tempus
937 2426 1201 2497 assignari
1240 2440 1345 2480 non
1390 2433 1589 2495 potest,
1619 2423 1744 2495 quia
1777 2423 1829 2477 in
1864 2419 2059 2491 praela-

460 2522 634 2587 tione,
666 2520 905 2591 perlecta
932 2519 1023 2575 illa
1055 2520 1238 2575 versio
1275 2517 1476 2575 dicitur
1506 2527 1629 2588 post
1660 2516 1951 2588 epistolam
1970 2514 2060 2585 10,

463 2615 533 2671 de
577 2617 786 2685 optimo
814 2630 1017 2686 genere
1045 2596 1438 2685 interpretabdi
1469 2632 1483 2669 :
1520 2614 1722 2687 Scripsi
1751 2628 1936 2684 nuper,
1983 2614 2065 2667 in-

460 2708 580 2779 quit
623 2709 1020 2782 Hieronymus,
1052 2708 1239 2763 librum
1268 2708 1332 2763 de
1360 2708 1556 2779 optimo
1599 2723 1784 2779 genere
1810 2707 2066 2777 interpre-

462 2801 637 2870 tandi,
663 2800 936 2856 ostendens
961 2801 1058 2855 illa
1085 2801 1150 2855 de
1183 2799 1486 2871 Evangelia,
1516 2798 1599 2854 Ea:
1627 2798 1863 2871 AEgypto
1891 2798 2067 2851 vocavi

466 2894 634 2963 ﬁlium
675 2910 868 2961 meum,
914 2902 1023 2949 etc.
1054 2893 1217 2949 Liber
1254 2903 1438 2949 autem
1470 2894 1537 2949 ad
1565 2892 1970 2949 Pammachium
1996 2891 2068 2948 de

466 2986 673 3055 Optimo
702 2987 1163 3056 interpretationis
1182 3002 1384 3057 genere
1424 2986 1599 3042 editus
1635 2986 1832 3043 ibidem
1864 2987 2066 3042 asseri-

468 3086 559 3134 tur
602 3079 760 3133 annis
804 3079 1023 3134 circiter
1061 3080 1249 3149 viginti
1302 3089 1585 3151 postquam
1634 3078 1855 3136 Eusebii
1884 3080 2066 3135 Cresa-

465 3170 665 3227 riensis
687 3173 925 3250 χρόνικον
949 3172 1004 3227 in
1028 3170 1273 3227 Latinum
1296 3180 1558 3229 verterat.
1583 3172 1793 3240 Quibus
1818 3172 1920 3228 rite
1945 3187 2067 3243 per-

2163 1967 2383 2030 pretes:
2438 1967 2494 2012 et
2541 1955 2862 2027 praefatione
2918 1956 2972 2010 in
3033 1954 3237 2009 librum
3284 1952 3759 2022 Paralipomenon,

2160 2066 2324 2122 quem
2371 2048 2795 2105 nominatissimi
2847 2040 3164 2104 Domnibnis
3207 2054 3266 2103 et
3307 2044 3592 2117 Rogatiani
3638 2058 3762 2114 prc-

2162 2145 2317 2200 cibus
2352 2143 2618 2214 impulsus
2665 2142 2859 2197 Latine
2905 2139 3163 2207 reddidit,
3197 2155 3307 2194 non
3337 2137 3565 2209 ambigit
3605 2152 3761 2193 suam

2164 2236 2673 2305 interpretationem
2703 2232 2985 2291 benevolis
3014 2232 3359 2303 placituram,
3412 2245 3478 2287 ac
3525 2231 3764 2287 lectione

2164 2326 2383 2384 assidua
2404 2326 2886 2400 Romaeterentlam
2916 2326 3063 2398 apud
3086 2341 3182 2383 eos
3213 2325 3471 2391 maxime,
3497 2323 3590 2395 qui
3617 2339 3763 2381 nunc

2166 2422 2432 2493 temporis
2468 2421 2762 2477 Christiani
2815 2420 3051 2478 Senatus
3096 2419 3248 2476 fuere
3292 2418 3520 2474 lumina.
3576 2417 3631 2473 In
3662 2418 3769 2474 Ec-

2165 2514 2333 2570 clesia
2371 2512 2627 2570 Africana
2677 2528 2846 2585 quam
2888 2512 3172 2568 familiaris
3224 2510 3394 2567 fuerit
3444 2510 3766 2582 Hieronymi

2171 2610 2354 2664 versio
2403 2608 2596 2664 Latina
2641 2609 2797 2678 juxta
2829 2606 2974 2663 LXX
3014 2606 3369 2677 luterpretes,
3402 2607 3535 2661 satis
3561 2605 3767 2675 explo-

2169 2714 2348 2758 ratum
2400 2701 2669 2759 habemus
2719 2717 2786 2758 ex
2827 2703 2966 2758 libro
2996 2701 3432 2757 Annotationum
3464 2699 3527 2757 S.
3551 2703 3770 2771 Augus-

2172 2798 2267 2853 tini
2294 2798 2348 2852 in
2376 2798 2499 2871 Job.
2529 2796 2665 2853 Nam
2696 2798 2749 2853 in
2770 2812 2837 2853 eo
2860 2797 3141 2853 volumine
3167 2795 3381 2851 nullum
3405 2795 3474 2852 de
3494 2794 3769 2852 veteribus

2171 2894 2527 2963 interpretem
2557 2892 2806 2964 sequitur
2831 2891 3193 2962 Augustinus,
3245 2890 3342 2946 sed
3385 2899 3556 2946 totum
3607 2887 3773 2945 habet

2171 3001 2241 3041 ex
2291 2985 2652 3041 translatione
2698 3000 2859 3054 quam
2909 2985 3275 3057 Hieronymus
3321 2984 3515 3054 edidit,
3566 2983 3771 3041 additis

2172 3077 2345 3133 obelis
2384 3085 2442 3133 et
2486 3076 2785 3133 asteriscis.
2829 3076 2935 3133 Vix
2969 3085 3149 3133 autem
3201 3077 3334 3133 mihi
3375 3092 3610 3149 unquam
3638 3093 3770 3150 pcr-

2174 3186 2393 3229 suasum
2424 3171 2530 3227 erit
2555 3172 2623 3228 ab
2651 3170 3034 3227 eruditissimo
3063 3172 3335 3243 scriptore
3358 3171 3483 3228 libri
3514 3172 3578 3226 de
3601 3170 3770 3226 Claris

472 3265 676 3336 pensis,
715 3265 1144 3321 existimavimus
1183 3281 1306 3321 cum
1340 3265 1677 3321 doctioribus
1707 3265 1838 3320 viris
1864 3265 2069 3332 epislo-
2100 3260 2147 3325 C
2176 3265 2581 3336 lnterpretibus,
2614 3266 2854 3336 priorem
2886 3265 3211 3339 HierOuymi
3240 3265 3562 3333 editionem,
3590 3280 3622 3320 c
3641 3265 3777 3335 Sep-

473 3360 583 3415 lam
610 3360 734 3425 liii,
763 3360 1020 3429 scriptam
1049 3374 1173 3415 esse
1202 3375 1344 3415 anno
1374 3360 1501 3425 596,
1533 3375 1598 3415 ac
1628 3360 1779 3416 brevi
1811 3362 2070 3430 temporis

474 3457 796 3523 intervallo,
849 3456 991 3526 quod
1046 3456 1301 3511 adverbio
1349 3472 1512 3526 nuper
1550 3456 1685 3510 satis
1724 3454 2064 3525 exprimitur,

470 3547 924 3619 Paralipomenon
946 3548 1143 3603 librum
1167 3548 1235 3603 de
1254 3548 1485 3605 Hebraeo
1500 3561 1842 3603 conversum.
1860 3546 2070 3603 Diutius

471 3642 529 3696 in
559 3641 642 3696 his
666 3642 1110 3697 annotationibus
1138 3640 1539 3712 chronologicis
1566 3642 1823 3696 leCtorem
1851 3640 2071 3696 trahere

474 3743 812 3805 poteramus,
847 3735 950 3790 nisi
982 3748 1297 3805 persuasum
1322 3734 1481 3789 nobis
1509 3744 1655 3789 esset
1684 3734 1850 3789 multa
1879 3732 2070 3803 hujus-

473 3813 620 3884 modi
673 3837 978 3899 temporum
1020 3838 1294 3883 momenta
1342 3827 1603 3899 praefiniri
1654 3827 1740 3882 vix
1770 3842 1834 3882 ac
1864 3842 1933 3883 ne
1982 3827 2072 3882 vix

475 3920 698 3992 quidem
747 3921 1020 3991 potuisse;
1055 3930 1151 3976 aut
1194 3921 1407 3975 etiamsi
1455 3919 1825 3975 invenerimus
1876 3934 2072 3990 magno

475 4016 657 4071 studio
683 4023 739 4070 et
766 4014 978 4085 labore,
1013 4029 1201 4084 parum
1234 4014 1516 4084 profutura
1541 4013 1911 4085 cognovimus.
1941 4013 2074 4083 Qum

475 4107 748 4165 habentur
775 4121 928 4179 tergo
973 4122 1004 4163 a
1053 4107 1209 4163 nobis
1241 4106 1531 4178 perstricta
1560 4106 1819 4173 breviter,
1852 4108 2073 4161 curioso

476 4202 669 4258 lectori
693 4201 802 4256 sint
827 4201 978 4256 satis.
1020 4262 1039 4273 ο

550 4293 617 4349 ll.
659 4293 820 4363 Apud
850 4294 1072 4351 Graecos
1119 4302 1175 4349 et
1205 4293 1430 4350 Latinos
1474 4293 1775 4351 editionem
1826 4292 2076 4364 Scriptu-

480 4403 666 4444 rarum
714 4388 1208 4460 Ilieronymianam
1245 4387 1429 4443 statim
1462 4386 1693 4442 lectitari
1722 4386 1958 4458 coepisse
1987 4400 2077 4442 se-

480 4479 660 4535 cundo
684 4479 805 4535 loco
828 4477 1244 4534 affirmavimus.
1299 4476 1408 4533 Nec
1435 4478 1732 4543 immerito,
1764 4492 1889 4533 cum
1918 4485 2074 4532 utra-

479 4588 586 4645 que
641 4573 887 4643 ejusdem
930 4571 989 4628 S.
1052 4572 1305 4627 Doctoris
1372 4570 1787 4641 interpretatio,
1840 4580 1897 4625 et
1948 4585 2074 4641 qua:

2174 3357 2414 3429 tuaginta
2445 3358 2650 3414 Senum
2680 3358 3143 3429 interpretatione
3165 3360 3487 3427 derivatam,
3517 3373 3549 3413 e
3579 3357 3773 3413 Latino

2173 3451 2362 3508 Grtece
2391 3452 2587 3507 iterum
2616 3466 2853 3524 vers:tm,
2878 3469 2910 3507 a
2940 3454 3147 3509 Grazcis
3179 3452 3429 3508 studiose
3457 3460 3772 3521 susceptam

2173 3559 2319 3601 esse.
2350 3544 2489 3613 Quid
2522 3549 2664 3602 enim
2697 3560 2925 3601 necesse
2952 3545 3136 3602 fuerat
3166 3561 3232 3602 ea
3258 3560 3381 3616 qua:
3424 3546 3478 3600 in
3510 3543 3775 3614 liexaplis

2175 3637 2534 3706 habebantur,
2566 3653 2597 3694 e
2626 3638 2821 3695 Latino
2862 3639 3182 3711 Hieronymi
3215 3640 3267 3693 in
3294 3639 3544 3696 Graecum
3574 3639 3771 3693 iterum

2174 3740 2520 3796 convertere,
2551 3737 2609 3785 et
2629 3741 2808 3786 actum
2832 3747 2994 3802 agere
3013 3734 3068 3785 in
3082 3730 3326 3787 editione
3342 3732 3769 3802 Scripturarum.

2175 3823 2331 3891 Quod
2368 3825 2530 3895 igitur
2557 3824 2628 3880 de
2650 3836 2902 3895 suscepta
2934 3840 3032 3880 sua
3087 3824 3332 3881 editione
3379 3825 3519 3896 apud
3550 3824 3773 3882 Grazcos

2176 3918 2425 3975 meminit
2464 3920 2829 3991 Hieronymus
2871 3920 3014 3976 libro
3060 3919 3302 3975 secundo
3350 3920 3619 3976 adversus
3664 3919 3775 3974 Ru-

2177 4011 2341 4066 linum
2360 4054 2376 4078 ,
2405 4012 2459 4067 id
2488 4014 2607 4068 sine
2634 4013 2806 4068 dubio
2826 4012 2894 4069 de
2923 4014 3277 4069 translatione
3301 4014 3615 4085 posteriori,
3647 4028 3769 4085 qum

2175 4102 2444 4159 Hebraica
2474 4105 2619 4160 dicta
2653 4114 2756 4176 est,
2805 4105 3225 4177 intelligendum
3280 4117 3364 4162 est
3396 4125 3409 4161 :
3448 4105 3597 4162 Unde
3619 4116 3774 4178 puta-

2175 4199 2317 4270 bam,
2340 4200 2537 4271 inquit,
2568 4203 2691 4256 bene
2713 4202 2897 4256 mereri
2922 4204 2987 4255 de
3007 4200 3212 4258 Latinis
3236 4202 3385 4268 meis,
3407 4211 3460 4256 et
3481 4211 3773 4257 nostrorum

2176 4296 2245 4349 ad
2272 4297 2575 4351 discendum
2602 4296 2804 4351 animos
2847 4297 3148 4351 concitare:
3198 4295 3339 4367 quod
3391 4296 3547 4351 etiam
3594 4293 3772 4350 (ἕνανεὶ

2177 4403 2378 4443 uersum
2399 4388 2464 4443 de
2485 4388 2675 4442 Latino
2697 4396 2810 4461 post
2828 4381 3319 4461 tantos—interpretes
3340 4404 3446 4442 non
3461 4388 3733 4459 fastidiunt
3755 4403 3775 4442 :

2175 4482 2298 4537 inde
2326 4484 2379 4535 in
2422 4482 2631 4555 culpam
2659 4497 2838 4548 vocor,
2889 4490 2939 4536 et
2992 4482 3265 4536 nauseanti
3315 4480 3582 4535 stomacho
3629 4479 3775 4534 cibos

2179 4574 2374 4646 iugero.
2403 4572 2745 4644 Sophronias
2776 4574 3094 4647 Hieronymi
3129 4574 3499 4642 necessarius,
3556 4582 3615 4629 ut
3645 4588 3773 4644 per-

476 4669 628 4737 prlor
677 4664 824 4721 edita
873 4676 962 4720 est
1009 4678 1041 4720 e
1089 4662 1299 4719 Graecis
1344 4661 1488 4719 LXX
1533 4662 1963 4733 exemplaribus,
2008 4678 2072 4719 ac
2102 4659 2152 4720 D
2181 4667 2453 4737 vulgatum
2481 4675 2584 4732 est,
2617 4665 2945 4722 Psalterium
2969 4666 3039 4722 ab
3068 4680 3136 4722 eo
3160 4666 3230 4722 de
3257 4666 3523 4722 Hebraica
3547 4664 3779 4722 veritate

452 4759 750 4831 posterior
805 4758 873 4813 ad
920 4757 1127 4815 fontem
1161 4758 1449 4813 Hebraeum
1494 4756 1796 4825 elaborata,
1829 4758 2071 4813 omnium

477 4850 795 4906 Latinarum
848 4851 1163 4907 versionum
1213 4850 1615 4907 absolutissima
1647 4850 1963 4907 haberetur.
1996 4852 2074 4909 De

477 4959 542 5001 ea
572 4958 696 5014 quae
723 4944 969 4999 derivata
1019 4952 1137 4999 erat
1181 4959 1211 4999 e
1262 4941 1618 5015 Septuaginta
1671 4944 2075 5015 lnterpretibus

476 5036 725 5092 scribens
753 5036 823 5090 ad
856 5035 1242 5107 Hieronymum
1271 5036 1605 5107 Augustinus
1635 5037 1796 5107 epist.
1846 5038 1918 5093 8?.
1943 5038 2078 5095 dicit

477 5144 539 5186 se
568 5130 718 5183 illam
749 5129 1090 5197 desiderare,
1122 5137 1182 5183 ut
1209 5138 1439 5185 crateras
1468 5130 1689 5199 abjiciat
1735 5129 1954 5185 Latinas
1985 5131 2074 5186 in-

481 5223 930 5295 terpretationes,
972 5234 1029 5280 et
1078 5224 1376 5279 multorum
1420 5224 1653 5280 aliorum
1683 5227 2073 5282 translatorum

478 5325 666 5373 careat
694 5317 980 5387 ,imperitia
1014 5335 1026 5372 :
1061 5315 1191 5372 Ideo
1218 5326 1411 5389 autem,
1461 5318 1660 5390 inquit,
1699 5317 1945 5374 desidero
1990 5322 2071 5374 in-

479 5411 899 5481 terpretationem
943 5419 1087 5465 tuam
1128 5411 1193 5464 de
1238 5410 1602 5485 Septuaginta,
1634 5422 1692 5467 ut
1724 5420 1771 5468 et
1796 5422 1938 5468 tanta
1966 5413 2073 5468 La-

479 5505 708 5558 tinorum
764 5500 1137 5575 Interpretum,
1169 5505 1261 5575 qui
1313 5505 1712 5577 qualescumque
1758 5506 1874 5561 ausi
1923 5516 2070 5576 sunt,

477 5608 731 5671 quantum
760 5612 1055 5666 possumus,
1106 5598 1368 5671 imperitia
1393 5615 1681 5655 careamus.
1732 5601 2076 5672 Supltronius

476 5691 618 5760 apud
643 5691 889 5758 Gra'cos,
920 5691 1008 5745 vir
1033 5699 1089 5746 et
1117 5691 1233 5761 ipse
1262 5691 1508 5762 apprime
1549 5692 1815 5757 eruditus,
1850 5692 2074 5749 Grrecas

477 5784 730 5839 similiter
785 5784 1069 5840 faStitliens
1143 5785 1667 5855 interpretationes,
1721 5800 1916 5841 novatn
1972 5787 2072 5842 abs

473 5875 803 5951 Hieronymo
833 5878 1084 5936 Latinam
1114 5880 1408 5939 editionem
1438 5880 1838 5939 studiosissime
1880 5892 2070 5953 postu-

2181 4759 2542 4826 transtatum,
2600 4766 2656 4814 et
2702 4773 2893 4814 omnes
2943 4759 3183 4815 sedecim
3236 4760 3532 4830 prophetas
3585 4758 3778 4816 Grmce

2181 4865 2497 4926 reposuerat
2527 4872 2540 4910 :
2569 4871 2733 4928 quam
2765 4857 3059 4914 editimtem
3089 4857 3271 4914 Graeci
3302 4860 3555 4916 studiose
3589 4875 3777 4916 susce-

2178 4957 2394 5019 perunt,
2449 4966 2556 5005 non
2606 4949 2885 5022 dedignati
2939 4950 3143 5022 aliquid
3194 4953 3437 5007 mutuari
3481 4968 3511 5007 a
3559 4953 3771 5008 Latinis

2179 5040 2507 5095 hominibus.
2541 5040 2653 5095 Hoc
2680 5051 2764 5096 est
2788 5040 2932 5112 quod
2963 5041 3163 5098 docere
3208 5056 3307 5098 nos
3354 5044 3529 5099 voluit
3578 5044 3775 5099 Hiero-

2181 5146 2398 5204 nymus,
2431 5148 2535 5187 non
2565 5133 2737 5187 solum
2758 5132 2873 5201 jam
2923 5131 3142 5187 laudato
3191 5134 3472 5207 Apologia:
3515 5134 3778 5192 adversus

2181 5224 2437 5281 Rufinum
2463 5225 2803 5292 teStimonio;
2823 5225 2919 5282 sed
2943 5226 3264 5297 praefatione
3285 5227 3451 5284 etiam
3479 5228 3531 5283 in
3555 5228 3774 5295 Ezram,

2179 5319 2271 5375 ubi
2296 5320 2533 5375 studium
2563 5335 2628 5376 ac
2656 5320 3093 5378 benevolentiam
3140 5322 3458 5380 Grmcorum
3487 5337 3771 5380 commcn-

2181 5411 2341 5475 dans,
2395 5412 2710 5469 Latinorum
2763 5414 2870 5470 sibi
2917 5414 3338 5472 obtrectantium
3395 5415 3673 5487 injuriam,
3722 5426 3777 5473 ct

2181 5503 2377 5576 ingrati
2408 5506 2463 5560 in
2492 5505 2571 5561 eis
2591 5506 2758 5563 animi
2789 5508 2996 5563 crimen
3031 5507 3135 5563 hoc
3165 5508 3329 5564 modo
3373 5509 3771 5580 conqueritur:

2187 5597 2354 5653 Porro
2384 5599 2532 5654 aliud
2580 5609 2676 5669 est,
2727 5601 2771 5655 si
2800 5602 3013 5667 clausis,
3040 5602 3178 5672 quod
3224 5602 3414 5657 dicitur
3440 5603 3608 5657 oculis
3649 5602 3778 5658 mihi

2178 5689 2360 5745 volunt
2406 5692 2729 5758 maledicere,
2764 5701 2812 5746 et
2860 5708 2962 5746 non
3015 5693 3285 5750 imitantur
3314 5692 3620 5749 Grmcorum
3666 5704 3778 5750 stu-
3832 5752 3839 5757 ,

2177 5782 2322 5837 dium
2367 5800 2429 5837 ac
2468 5784 2891 5848 benevolentiam,
2924 5785 3011 5854 qui
3034 5796 3148 5859 post
3200 5787 3547 5861 Septuaginta
3578 5788 3776 5845 Trans-

2174 5876 2387 5944 latores,
2429 5879 2542 5949 iam
2590 5875 2785 5932 Christi
2831 5876 3117 5951 Euangelio
3156 5892 3479 5954 coruscante,
3552 5880 3772 5939 Judwos
