4040 6360
239 355 299 412 57
759 328 1321 409 PHOLEGOMENON
1363 348 1428 408 ll.
1471 347 1560 405 DE
1599 346 1927 406 TEMPOHE
1971 345 2558 406 TRANSLATIONUM
2595 341 2991 407 HIERONYMI.
3457 347 3529 408 53

236 478 276 524 et
301 467 638 533 Hebionitas,
669 468 796 540 legis
824 469 1006 522 veteris
1045 467 1369 539 interpretes,
1416 466 1657 538 Aquilam
1688 466 1827 521 vide-
1853 467 1902 529 Α
1933 465 2140 536 privata
2174 466 2410 522 lectione
2441 467 2664 524 minime
2690 476 3000 534 contentos,
3030 466 3529 538 interpretationem

233 562 364 630 licet,
399 572 446 616 et
503 561 902 634 Symmachum,
953 570 1001 616 et
1053 559 1483 629 Tlieodotionem,
1532 567 1581 616 et
1627 562 1827 616 curiose

231 657 426 727 legunt,
480 664 528 708 et
575 673 667 724 per
721 654 960 727 Origenis
1016 654 1243 710 laborem
1286 654 1340 708 in
1376 653 1676 722 Ἐξαπλοῖς,
1726 653 1829 709 Ec-

230 748 395 803 clesiis
427 749 759 804 dedicarunt.
814 749 1022 817 Quanto
1049 749 1216 820 magis
1247 747 1422 802 Latini
1452 749 1588 818 grati
1615 764 1722 803 esse
1745 747 1830 802 de-

231 844 418 908 berent,
446 842 587 912 quod
613 843 959 898 exsultantem
991 853 1252 898 cernerent
1277 841 1536 896 Gra’ciam
1561 859 1588 894 a
1623 859 1678 896 se
1725 839 1830 894 ali-

227 938 348 1005 quid
417 938 686 992 mutuari!
745 936 864 993 Non
926 937 1084 992 aliter
1151 934 1363 992 Graecia
1443 935 1725 992 exsultans
1796 951 1825 990 a

230 1032 442 1088 Latinis
492 1041 738 1088 mutuata
787 1041 891 1098 est,
925 1030 1069 1103 quod
1114 1031 1340 1088 studiosi
1367 1039 1490 1102 post
1520 1039 1703 1085 tantos
1748 1031 1829 1086 in-

233 1133 507 1194 terpretes
559 1139 667 1180 non
727 1125 1054 1193 fastidirent,
1085 1124 1187 1180 nisi
1233 1125 1538 1194 suscipiens
1594 1123 1826 1179 transla-

224 1220 432 1275 tionem
515 1218 1000 1290 Hieronymianatn
1049 1218 1119 1274 de
1175 1217 1410 1273 Hebraeo
1470 1218 1525 1273 in
1575 1217 1824 1273 Latinum

227 1313 454 1377 editam,
495 1327 660 1384 quam
683 1313 1024 1383 Sophronias
1051 1312 1297 1369 Graecam
1330 1311 1460 1369 fecit
1499 1313 1650 1383 juxta
1695 1328 1825 1384 pro-

232 1407 488 1469 missum.
519 1421 629 1474 quo
651 1408 792 1476 apud
827 1407 1214 1478 Hieronymum
1267 1406 1575 1469 tenebatur.
1630 1407 1706 1461 uti
1765 1407 1828 1462 li-

226 1501 346 1555 dem
380 1501 512 1555 facit
562 1501 807 1569 ejusdem
832 1500 1080 1571 prmfatio
1126 1501 1180 1555 iu
1229 1501 1574 1556 Psalmorum
1605 1499 1824 1578 librum.

226 1594 416 1663 Hajori
452 1594 631 1650 adhuc
665 1595 846 1652 studio
871 1603 1138 1664 susceptae
1165 1604 1290 1650 sunt
1321 1594 1463 1663 apud
1512 1593 1741 1649 Latinos
1770 1581 1827 1650 et

227 1696 508 1758 usurpata:
584 1686 896 1759 Hieronymi
969 1686 1358 1743 translationes
1415 1702 1486 1742 ex
1541 1687 1826 1742 Hebraicis

229 1788 555 1850 prognatae:
620 1794 742 1835 nam
793 1780 1035 1835 omnium
1088 1779 1456 1836 Ecclesiarum
1515 1796 1614 1835 usu
1646 1780 1828 1850 quoti-

1931 577 2129 616 novam
2161 560 2478 633 Hieronymi
2509 561 2560 616 in
2583 563 2698 616 suis
2721 559 2985 617 Ecclesiis
3011 561 3222 632 publice
3246 559 3534 630 legendam'

1930 653 2264 721 instituisse,
2327 655 2487 726 idque
2533 667 2660 711 ante
2718 671 2919 712 annum
2976 654 3181 712 Christi
3238 654 3367 720 403,
3421 669 3531 726 quo

1931 747 2131 818 scripta
2158 748 2359 804 dicitur
2389 749 2678 819 Augustini
2725 749 2957 819 epistola
3003 750 3093 814 7t,
3143 750 3253 818 jam
3287 748 3527 803 laudata.

1931 840 2254 896 Psalterium
2285 858 2314 896 a
2349 853 2535 896 sancto
2559 841 2895 914 Hieronymo
2928 841 3242 896 translatum
3297 856 3366 896 ex
3418 841 3530 897 Hec

1931 934 2080 990 bran
2133 950 2192 990 se
2241 949 2347 990 non
2380 935 2584 990 habere
2627 934 2822 990 scribit
2863 934 3002 990 idem
3033 934 3092 991 S.
3126 933 3331 990 Doctor
3359 934 3524 1005 epist.

1929 1026 2060 1092 261,
2092 1025 2158 1080 ad
2204 1026 2502 1082 Audacem.
2545 1026 2683 1081 Illud
2738 1041 2873 1082 vero
2922 1035 3192 1097 tamquam
3236 1027 3529 1096 perfectam

1930 1117 2222 1172 editionem
2276 1116 2620 1173 Psalmorum
2669 1119 2915 1174 Latinam
2975 1131 3205 1189 uterque
3253 1119 3532 1190 requirere

1930 1211 2165 1278 videtur,
2223 1212 2268 1266 si
2328 1212 2394 1268 de
2425 1212 2614 1270 eodem
2664 1212 2930 1268 Psalterio
2965 1212 3066 1267 ista
3119 1212 3529 1282 intelligamus:

1932 1304 2016 1359 Ita
2048 1306 2180 1360 illud
2211 1307 2347 1376 quod
2379 1309 2664 1378 perfectum
2708 1316 2804 1375 est,
2863 1316 3028 1360 tecum
3075 1323 3165 1360 nos
3207 1321 3407 1377 quoque
3449 1322 3532 1360 re.

1930 1397 2206 1468 quit-imus.
2238 1397 2398 1452 Plura
2431 1413 2497 1452 ex
2540 1397 2846 1469 Augustino
2897 1397 3121 1453 inferius
3161 1396 3386 1453 dicenda
3437 1411 3534 1451 su-

1929 1499 2160 1560 persunt
2191 1507 2205 1555 ;
2261 1501 2590 1561 quapropter
2618 1489 2704 1545 his
2730 1490 3226 1546 commemorandis
3258 1506 3402 1546 nunc
3439 1507 3530 1545 su-

1931 1584 2221 1654 persedeo.
2265 1583 2476 1639 Laudat
2504 1587 2778 1656 prtecipue
2809 1584 3172 1656 Hieronymus
3203 1583 3253 1637 i'n
3303 1583 3528 1640 Lucinio

1929 1676 2133 1732 Brtico
2183 1680 2453 1732 fervorem
2514 1687 2569 1733 et
2637 1679 2878 1733 studium
2940 1678 3361 1748 Scripturarum,
3419 1694 3528 1749 quo

1931 1769 2164 1826 describi
2198 1772 2299 1826 sibi
2333 1771 2459 1827 fecit
2503 1772 2764 1840 Opuscula
2810 1787 3165 1844 quaecumque
3215 1771 3281 1828 S.
3332 1772 3531 1829 Doctor

225 1872 389 1926 diano
421 1873 730 1928 celebratas
761 1871 948 1940 fuisse,
979 1872 1135 1928 testis
1164 1881 1250 1928 est
1291 1872 1578 1928 tabescens
1626 1872 1827 1928 invidia
1860 1875 1906 1936 B
1934 1864 2237 1919 dictaverat
2263 1864 2332 1919 ab
2359 1865 2728 1920 adolescentia
2760 1881 2932 1936 usque
2980 1865 3035 1920 in
3067 1881 3271 1922 annum
3323 1865 3526 1921 Christi

228 1963 558 2034 Ruﬁni,qui
589 1975 815 2036 prepter
843 1965 1025 2020 odium
1074 1965 1313 2021 auctoris
1365 1981 1470 2020 non
1522 1981 1614 2020 eas
1665 1966 1826 2021 modo

225 2057 586 2126 repudiabat;
615 2057 711 2113 sed
739 2058 792 2112 in
822 2073 961 2113 nova
996 2059 1084 2114 illa
1116 2061 1291 2114 sancti
1323 2058 1559 2114 doctoris
1585 2058 1828 2115 editione

225 2152 430 2223 flagitia
485 2161 543 2208 et
592 2153 885 2225 sacrilegia
945 2163 1252 2225 perpetrata
1283 2169 1403 2208 esse
1433 2153 1606 2208 voluit
1644 2163 1828 2209 orator

225 2248 338 2316 ipse
391 2246 916 2302 criminosissimus:
951 2245 1057 2302 Illa
1101 2264 1240 2318 vero,
1295 2247 1468 2319 inquit
1513 2247 1606 2302 lib.
1652 2261 1690 2301 ιι
1743 2245 1830 2300 ln-

224 2343 452 2397 vectivze
478 2355 596 2398 sua:
627 2343 680 2398 in
711 2342 1124 2414 Hieronymum,
1155 2359 1268 2413 quae
1313 2361 1451 2398 nunc
1483 2353 1539 2398 tu
1567 2346 1824 2414 interpre-

226 2435 373 2501 taris,
429 2446 475 2489 et
521 2452 612 2506 per
666 2437 906 2491 ecclesias
953 2447 999 2491 et
1049 2438 1384 2506 monasteria,
1427 2455 1516 2507 per
1551 2437 1741 2518 Oppltl’a
1780 2446 1828 2491 et

222 2527 439 2582 castella
466 2529 798 2597 transmittis,
825 2527 1079 2597 quomodo
1127 2529 1464 2600 suscipiemus
1487 2528 1511 2582 i’
1566 2539 1828 2601 tamquam

224 2620 424 2686 dicina,
454 2638 524 2675 an
547 2629 813 2692 tamquam
835 2619 1104 2675 humana?
1136 2619 1199 2674 Et
1229 2621 1354 2692 quid
1401 2621 1640 2691 facimus,
1691 2621 1828 2689 quod

225 2728 338 2783 qua:
355 2714 734 2782 prophetarum
750 2712 828 2768 vel
846 2711 1196 2784 legislatorum
1213 2712 1506 2766 nominibus
1529 2713 1823 2782 titulantur,

225 2806 423 2858 veriora
471 2805 582 2858 hac
630 2804 723 2858 abs
752 2815 820 2870 te,
851 2821 1006 2874 quam
1035 2805 1129 2859 illa
1170 2821 1284 2874 qua:
1310 2805 1545 2874 Apostoli
1577 2804 1827 2874 probare-

225 2906 363 2962 runt,
415 2899 780 2968 aﬂirmantur?
835 2897 983 2954 Istud
1058 2898 1384 2952 commissum
1433 2898 1517 2950 dic
1569 2898 1828 2969 quomodo

226 2991 629 3045 emendabitur:
660 2992 816 3044 immo
870 2993 1016 3061 nefas
1069 2990 1328 3062 quomodo
1377 2989 1718 3059 expiabitur?
1767 2989 1829 3046 Si

224 3086 360 3140 enim
390 3086 442 3139 in
473 3083 790 3156 explicanda
821 3085 931 3156 lege
961 3083 1161 3154 aliquid
1216 3084 1368 3138 aliter
1415 3084 1632 3138 sensisse
1683 3085 1830 3138 dam-

226 3178 397 3230 nabile
421 3177 563 3245 apud
593 3187 641 3231 te
665 3177 896 3242 ducitur,
923 3177 1092 3245 ipsam
1115 3175 1280 3247 legem
1301 3185 1584 3247 pervertere
1607 3176 1662 3231 in
1683 3175 1828 3230 aliud

1931 1961 2153 2016 circiter
2178 1959 2322 2016 594:
2357 1959 2642 2030 Hispanias
2671 1961 2817 2015 enim
2859 1969 3221 2031 occupaverat
3266 1960 3528 2031 praeclara

1929 2053 2242 2125 Hieronymi
2291 2070 2355 2108 ac
2397 2054 2516 2125 ejus
2563 2055 3004 2110 lucubrationum
3049 2053 3232 2109 fama:
3265 2053 3407 2109 unde
3439 2069 3532 2109 ve-

1934 2145 2172 2201 bemcnti
2204 2145 2487 2202 desiderio
2535 2147 2790 2202 incensus
2819 2147 3095 2213 Lucinius,
3151 2161 3246 2202 sex
3292 2145 3359 2202 ad
3404 2145 3530 2200 Hie-

1929 2254 2215 2312 ronymum
2271 2241 2418 2296 misit
2465 2243 2727 2310 notarios,
2761 2241 2854 2312 qui
2903 2241 3180 2310 descripta
3235 2239 3396 2310 hujus
3429 2241 3530 2294 im-

1929 2334 2177 2388 mortalis
2203 2334 2403 2404 ingenii
2435 2344 2784 2390 monumenta
2826 2334 2892 2390 ad
2929 2350 2988 2390 se
3017 2333 3346 2405 perferrent.
3394 2333 3531 2388 Huic

1930 2429 2240 2483 reseribcns
2265 2429 2630 2501 Hieronymus
2653 2443 2878 2485 suarum
2903 2429 3203 2500 Scriptura:
3226 2429 3530 2484 editionum

1931 2524 2174 2578 meminit
2208 2523 2292 2578 his
2344 2523 2526 2579 verbis
2579 2542 2593 2580 :
2653 2525 2913 2580 Canonem
2959 2523 3230 2578 Hebraicte
3281 2523 3532 2592 veritatis,

1931 2628 2140 2688 excepto
2172 2617 2508 2686 Octateucho,
2561 2636 2710 2689 quem
2761 2635 2898 2673 nunc
2952 2619 3003 2672 in
3061 2617 3298 2672 inanibus
3345 2617 3524 2686 habeo,

1931 2711 2107 2782 pueris
2138 2711 2240 2764 tuis
2265 2721 2313 2766 et
2345 2712 2562 2767 notariis
2589 2711 2711 2767 dedi
2743 2711 3159 2767 describendum.
3186 2711 3535 2783 Septuaginta

1929 2801 2282 2874 lnterprelum
2308 2805 2580 2858 editionem
2610 2814 2657 2858 et
2687 2814 2735 2859 te
2763 2804 2948 2861 habere
2972 2820 3072 2858 non
3107 2804 3374 2870 dubito,et
3401 2811 3522 2856 ante

1932 2914 2095 2951 annos
2153 2898 2405 2968 plurimos
2452 2898 2844 2972 diligentissime
2888 2899 3215 2953 emendatam
3284 2896 3529 2952 studiosis

1935 2991 2147 3045 tradidi.
2176 2989 2384 3046 Novum
2431 2991 2814 3047 Testamentum
2863 2991 3063 3046 (Σηρία)
3085 2990 3294 3045 reddidi
3347 2998 3530 3042 aucto-

1933 3085 2095 3139 ritati.
2134 3084 2202 3141 Ut
2228 3087 2362 3140 enim
2385 3097 2613 3140 veterum
2642 3085 2893 3141 librorum
2923 3086 3052 3156 ﬁdes
3085 3085 3147 3139 de
3178 3083 3410 3139 llebra’is
3440 3098 3532 3138 vo-

1933 3175 2216 3232 luminibus
2235 3179 2584 3233 e.raminanda
2614 3188 2709 3245 est,
2735 3180 2807 3232 ita
2822 3194 3076 3232 novorum
3095 3177 3260 3232 Crteci
3278 3177 3527 3231 sermonis

222 3285 387 3338 quam
416 3271 632 3339 apostoli
659 3269 1006 3338 tradiderunt,
1037 3271 1234 3338 quoties
1263 3270 1556 3325 damnabile
1573 3271 1821 3344 judican-
1850 3265 1893 3328 C
1928 3286 2162 3324 normam
2181 3271 2464 3324 desiderat.
2496 3273 2732 3342 Excepto
2755 3272 2934 3341 itaque
2957 3269 3308 3332 Octateucbo.
3335 3283 3527 3324 novam

227 3360 362 3414 dum
406 3363 525 3416 est!
549 3363 678 3434 Ergo
707 3378 1144 3434 quoquoversum
1199 3363 1511 3419 ferebantur
1564 3363 1827 3435 Hier0ny-

229 3454 428 3509 mianrc
482 3455 866 3512 translationes
909 3471 1007 3526 per
1053 3455 1317 3512 ecclesias
1371 3466 1427 3512 et
1476 3458 1824 3525 monasteria,

228 3561 324 3618 per
379 3547 576 3618 Oppida
623 3559 676 3606 et
717 3550 937 3606 castella
994 3551 1341 3605 transmissa.
1387 3551 1590 3606 Earum
1641 3567 1827 3608 exem-

228 3642 398 3710 plaria
448 3642 640 3698 Bonna:
685 3644 1101 3701 inveniebantur
1151 3653 1262 3700 tum
1313 3644 1454 3716 apud
1485 3644 1828 3703 doctissimos

234 3735 400 3803 viros,
437 3747 550 3791 tum
585 3737 728 3806 apud
755 3730 851 3794 eos
877 3738 969 3808 qui
1017 3739 1324 3794 sanctitatis
1377 3739 1536 3795 laude
1584 3740 1829 3796 celebra-

227 3827 418 3882 tissimi
471 3827 694 3885 fuerunt
736 3831 792 3885 in
833 3831 990 3886 urbe.
1039 3831 1452 3900 Pammachius,
1490 3834 1574 3886 vir
1601 3833 1828 3889 nobilis-

228 3920 411 3984 simus,
447 3921 606 3991 cujus
637 3923 692 3977 in
717 3923 894 3978 sacris
925 3924 1122 3978 litteris
1170 3924 1408 3979 studium
1459 3923 1826 3995 Hieronymus

227 4011 325 4066 sibi
353 4013 648 4084 aliquando
675 4016 942 4085 praetulit,
981 4016 1145 4071 libros
1183 4017 1405 4072 sedecim
1443 4018 1827 4090 PrOpItetarum

227 4104 363 4174 apud
391 4120 453 4162 se
481 4105 716 4162 habebat
741 4125 754 4164 :
780 4117 964 4164 sancta
990 4109 1240 4164 Marcella
1265 4112 1513 4181 exempla
1543 4113 1665 4168 bbri
1693 4112 1827 4168 Job:

227 4207 444 4253 sanctus
490 4199 651 4256 Pater
698 4199 965 4256 Domnion
1011 4201 1308 4258 Samuelem
1337 4213 1384 4258 et
1435 4203 1719 4259 Malae/tim
1773 4207 1826 4261 in

228 4290 477 4348 Latinum
532 4293 602 4349 de
655 4293 884 4350 Hebraeo
929 4310 1186 4351 sermone
1231 4311 1528 4352 conversos
1577 4299 1827 4354 manibus

227 4387 467 4453 quotidie
522 4387 778 4454 terebat,
851 4388 930 4445 uti
977 4390 1193 4446 abunde
1237 4399 1497 4447 testatum
1547 4403 1724 4448 exstat
1773 4393 1824 4448 in

228 4481 453 4549 epistola
489 4481 560 4536 52
590 4481 656 4536 ad
698 4482 1107 4538 Pammachium
1132 4483 1356 4555 scripta.
1382 4485 1644 4540 Eumdem
1669 4500 1826 4540 usum

231 4573 368 4639 apud
426 4572 746 4628 Latinorum
805 4574 1128 4647 Episc0pos,
1185 4591 1248 4632 ac
1306 4577 1468 4632 Italos
1517 4579 1823 4649 praecipue,

1930 3375 1998 3415 ex
2021 3361 2250 3416 Hebraeo
2273 3363 2774 3432 interpretationem
2796 3363 3108 3436 Hieronymi
3139 3363 3521 3432 Hispaniarum

1933 3453 2191 3508 Ecclesiae
2219 3466 2578 3524 susceperunt
2607 3457 2750 3510 circa
2783 3471 2987 3510 anitum
3019 3455 3143 3511 595.
3197 3455 3408 3523 Parque
3443 3462 3528 3509 cst

1931 3553 1990 3601 ut
2019 3547 2307 3602 credamus
2342 3547 2572 3617 priorem
2620 3548 2736 3618 ejus
2765 3549 3062 3604 editionem
3107 3549 3528 3620 diligentissime

1931 3640 2274 3696 emendatam
2301 3640 2453 3710 juxta
2488 3641 2648 3697 fidem
2683 3642 3071 3712 Hexaplorum,
3121 3642 3329 3713 aliquot
3369 3643 3527 3697 annis

1930 3745 2059 3789 ante
2095 3733 2386 3789 adventum
2419 3735 2753 3790 notariorum
2790 3735 2999 3790 Lucinii
3054 3736 3105 3790 in
3155 3735 3524 3802 Palaestinam,

1933 3827 2100 3882 fuisse
2133 3828 2503 3898 pervulgatam
2541 3827 2684 3897 apud
2716 3827 3010 3898 Hispanos,
3037 3837 3092 3883 et
3123 3837 3440 3898 usurpatam
3465 3828 3532 3883 ab

1932 3935 2117 3976 eorum
2150 3922 2432 3976 studiosis.
2470 3921 2524 3976 Id
2557 3932 2636 3976 sat
2673 3921 2960 3977 manifesto
3012 3921 3250 3977 indicare
3278 3923 3535 3979 videntur

1932 4013 2094 4067 verba
2124 4013 2259 4081 base,
2312 4014 2657 4085 Septuaginta
2700 4011 3049 4084 Interpretum
3096 4016 3373 4070 editionem
3410 4026 3455 4070 et
3485 4024 3534 4070 te

1934 4105 2116 4159 habere
2147 4122 2249 4159 non
2299 4105 2500 4172 dubito,
2552 4115 2660 4161 etc.
2717 4105 2849 4160 Nam
2897 4107 3140 4177 alioquin
3197 4106 3527 4177 descriptam

1934 4197 2074 4252 banc
2119 4199 2413 4254 editionem
2469 4214 2591 4254 cum
2644 4199 2766 4254 aliis
2811 4199 3088 4269 epusculis
3137 4199 3204 4254 ad
3244 4199 3531 4255 Lucinium

1932 4292 2326 4346 transaaisisset
2358 4292 2744 4364 Hieronymus.

2004 4383 2093 4438 Ill.
2137 4384 2366 4454 Capituli
2401 4386 2754 4454 pra-cedentis
2781 4393 3099 4456 argumenta
3150 4385 3344 4440 iterum
3376 4399 3543 4439 com-

1933 4477 2230 4547 probantur
2255 4478 2339 4533 bis
2365 4495 2484 4550 qute
2509 4479 2740 4534 dicenda
2781 4481 3123 4550 suscepimus
3164 4480 3217 4533 in
3251 4487 3362 4532 tota
3397 4479 3531 4532 arti-

1932 4572 2036 4625 culi
2073 4573 2229 4627 istius
2250 4574 2610 4628 continentia.
2641 4573 2900 4644 Quisquis
2937 4574 3082 4628 enim
3111 4588 3178 4626 ex
3209 4571 3528 4626 auctoribus

227 4667 455 4734 probare
514 4677 740 4738 possunt
805 4669 1056 4738 quazdam
1135 4670 1561 4741 prtefatiunculze
1619 4667 2221 4733 veterisDctnetatteis
2268 4667 2320 4720 in
2371 4681 2500 4721 suos
2571 4682 2700 4721 usus
2776 4665 3230 4738 Hieronymianas
3285 4663 3536 4720 adhibuit

226 4757 607 4814 Testamenti:
657 4760 834 4831 ipsum
866 4763 1114 4832 epistolae
1159 4771 1214 4818 et
1258 4765 1516 4832 opuscula
1562 4765 1820 4820 nonnulla

228 4853 282 4908 S.
342 4853 654 4924 Augustino
708 4856 992 4911 manifeste
1031 4856 1428 4912 demonstrant.
1472 4857 1668 4913 Narrat
1711 4859 1822 4914 Au-

223 4947 474 5016 gustinus
520 4947 748 5016 epistola
797 4949 885 5013 7i,
927 4949 1068 5019 apud
1118 4949 1506 5023 Hieronymum
1550 4953 1642 5019 88,
1687 4968 1824 5022 quo—

227 5038 389 5094 modo
436 5039 743 5093 institutum
776 5045 932 5094 esset
979 5040 1048 5094 ab
1094 5039 1364 5096 Africana:
1404 5042 1687 5112 cujusdam
1719 5043 1823 5098 Ec-

224 5131 404 5186 clesia:
461 5132 746 5203 episcopo,
794 5140 854 5186 ut
883 5146 1020 5188 nova
1076 5132 1390 5206 Hieronymi
1441 5135 1822 5204 interpretatio

225 5225 619 5297 prophetarum
663 5226 716 5280 in
746 5225 989 5282 Ecclesia
1027 5225 1330 5297 legeretur,
1360 5237 1414 5283 et
1445 5227 1823 5299 hujuscemodi

227 5320 352 5372 texit
386 5319 632 5373 fabulam
665 5337 676 5370 :
713 5318 938 5387 Quidam
969 5320 1129 5390 frater
1154 5331 1326 5374 noster
1355 5319 1664 5393 Episc0pus,
1707 5338 1824 5375 cum

222 5412 444 5466 lectitari
474 5413 778 5468 instituisset
830 5414 883 5469 in
935 5413 1190 5480 Ecclesia,
1223 5416 1305 5468 cui
1334 5425 1539 5485 prata-1,
1574 5417 1826 5489 interpre-

222 5508 470 5560 tationem
498 5519 661 5575 tuam,
692 5508 844 5561 morit
867 5507 1115 5577 quiddam
1139 5509 1287 5580 longe
1317 5507 1469 5564 aliter
1497 5508 1586 5562 abs
1634 5519 1683 5563 te
1733 5526 1824 5579 po-

222 5598 372 5650 situm
404 5598 548 5669 apud
577 5596 768 5652 lanam
794 5599 1122 5668 prapltetam,
1157 5616 1310 5670 quam
1332 5611 1440 5655 erat
1463 5602 1685 5656 omnium
1709 5619 1824 5656 sen-

222 5691 359 5745 sibus
385 5692 750 5762 memoriteque
775 5693 1133 5760 inveteratum,
1167 5702 1214 5747 et
1259 5703 1330 5747 tot
1385 5704 1594 5748 (elatum
1623 5712 1825 5749 succes-

223 5787 453 5840 sionibus
493 5787 854 5855 decantatum,
909 5795 1015 5843 etc.
1073 5787 1149 5842 Ex
1203 5788 1302 5843 hoc
1357 5788 1646 5860 Augustini
1705 5789 1825 5845 loco

224 5879 384 5948 plane
413 5877 610 5951 liquet,
637 5879 928 5935 nonnullos
956 5877 1008 5935 in
1041 5877 1236 5935 Africa:
1263 5881 1504 5951 partibus
1537 5882 1825 5954 episc0pos

1932 4759 2332 4827 translationes,
2370 4759 2522 4814 testis
2553 4759 2693 4814 haud
2721 4760 2885 4814 dubio
2923 4758 3131 4814 accedit
3154 4759 3401 4828 locuples
3459 4757 3528 4812 ad

1932 4850 2422 4906 manifestationem
2472 4853 2668 4921 prioris
2733 4852 3038 4921 sententia},
3081 4867 3182 4921 qua
3243 4852 3532 4906 statuimus

1932 4944 2246 5016 Hieronymi
2278 4945 2496 5000 Latinas
2527 4946 2819 5016 Scriptura:
2861 4961 3028 5001 sacrae
3059 4945 3532 5015 interpretationes

1931 5039 2165 5096 lectione
2192 5041 2556 5095 studiosorum
2606 5043 2752 5096 brevi
2787 5041 2952 5096 fuisse
3001 5041 3327 5097 celebratas.
3363 5040 3534 5112 liesy-

1931 5135 2085 5190 chius
2116 5135 2293 5206 magni
2322 5135 2462 5190 illius
2493 5137 2666 5190 sancti
2689 5135 2934 5206 Gregorii
2967 5133 3288 5190 Nazianzeni
3321 5133 3402 5207 (ut
3424 5134 3533 5190 fer-

1929 5228 2037 5298 tur)
2069 5229 2392 5299 discipulus,
2433 5227 2932 5298 Hierosolymorum
2982 5227 3292 5297 presbyter,
3325 5227 3530 5296 primus

1928 5322 1982 5377 in
2005 5337 2225 5376 censum
2255 5320 2437 5376 veniat
2470 5321 2613 5374 inter
2633 5335 2728 5374 eos
2755 5321 2842 5390 qui
2876 5319 3189 5374 testimonia
3228 5321 3532 5388 Scriptura-

1929 5433 2047 5471 rum
2097 5418 2327 5472 recitant
2378 5417 2529 5487 juxta
2579 5417 2879 5472 editionem
2931 5415 3404 5486 llieronymianam
3460 5414 3529 5469 de

1929 5506 2166 5563 loutibus
2221 5508 2504 5564 Hebraicis
2576 5508 2894 5564 derivatum.
2972 5507 3067 5562 lllc
3136 5507 3299 5577 igitur
3365 5505 3457 5560 lib.
3514 5520 3533 5560 ι

1929 5602 2140 5656 Comm.
2183 5600 2236 5654 in
2280 5600 2575 5656 Leviticum
2609 5643 2622 5667 ,
2680 5611 2961 5672 postquam
3019 5599 3296 5654 attulisset
3355 5595 3528 5652 versi-

1927 5693 2109 5748 culum
2150 5693 2218 5748 50
2256 5694 2449 5762 capitis
2491 5711 2542 5750 tv
2589 5695 2740 5764 juxta
2773 5693 3122 5762 Septuaginta
3156 5692 3525 5761 Interpretes:

1929 5785 1996 5840 Et
2023 5785 2165 5841 tollet
2197 5797 2243 5842 et
2277 5799 2433 5858 ponet
2469 5790 2707 5844 sacerdos
2763 5790 3070 5860 sanguinem
3114 5787 3310 5860 peccati
3359 5787 3525 5857 digito

1931 5897 2087 5952 super
2109 5898 2302 5939 cornua
2323 5884 2505 5940 altaris
2535 5884 3018 5953 holocaustomatis,
3049 5881 3292 5938 subdidit
3341 5881 3526 5938 statim
