4040 6360
496 357 565 415 59
970 417 975 423 ,
1104 356 1194 412 AD
1234 356 1291 415 S.
1339 356 1717 414 ιιιιςιιυλῑδιι
1757 351 2043 413 υινιΝΑΜ
2084 350 2105 405 l

2213 349 2601 409 LIOTHECAM
2643 348 3177 409 PROLEGOMENA.
3726 349 3799 407 60

494 474 682 559 i‘stltmc
708 473 776 530 de
801 474 1061 529 llebraica
1103 475 1464 529 translatione
1495 491 1508 527 :
1548 473 1705 541 Quod
1734 470 2090 541 Hieronymus
2118 467 2166 527 A
2198 466 2299 521 hoc
2331 466 2523 522 iaciam
2563 467 2856 523 secundum
2908 467 3260 540 Septuaginta
3304 468 3669 538 lutet-pretes;
3698 467 3793 524 sed

494 567 655 621 simili
678 582 833 621 sensu
861 566 1024 621 edidit
1051 566 1227 620 dicens
1252 581 1269 620 :
1315 565 1583 639 Tolletque
1610 562 1853 620 sacerdos
1875 563 1941 616 de
1966 577 2090 616 san-

494 659 649 731 guine
680 657 845 728 digito
894 673 990 713 suo
1036 669 1251 728 tangens
1294 675 1488 712 cornua
1532 657 1736 711 altaris.
1792 656 1990 711 lterum
2023 653 2088 707 ad

494 762 660 819 caput
709 767 799 806 xxx
845 749 1091 821 ejusdem
1144 751 1374 806 Levitici
1410 749 1775 804 translationis
1830 746 2091 817 Hierony-

496 844 778 901 mianasita
808 845 1128 901 recordatur
1158 863 1170 899 :
1199 844 1348 899 Unde
1384 845 1583 911 dicens,
1609 860 1715 898 non
1742 841 1975 898 levabitis
1998 858 2093 896 no-

496 955 614 995 men
648 940 700 993 in
744 940 972 1011 injusto,
1010 932 1213 993 addidit
1245 953 1261 990 :
1292 947 1341 992 et
1378 954 1480 991 non
1520 936 1863 1009 profanabitis
1907 949 2093 989 nomen

497 1030 714 1090 Domini
739 1031 837 1088 Dei
869 1033 1042 1088 vestri.
1086 1031 1240 1100 Quod
1289 1030 1597 1102 Hieronymi
1657 1030 1932 1094 translatio
1977 1029 2085 1082 edi-

494 1129 570 1183 dit
594 1146 614 1184 :
641 1128 761 1183 Non
784 1127 983 1201 pollues
1012 1143 1196 1182 nomen
1223 1124 1320 1180 Dei
1350 1127 1444 1180 tui.
1473 1126 1616 1181 Idem
1649 1125 1978 1197 Hesychius
2032 1125 2092 1178 li-

494 1219 652 1276 brum
682 1220 964 1275 duodecim
996 1221 1264 1274 minorum
1300 1218 1689 1290 pr0phetarttnt
1725 1219 1977 1275 versibus
2004 1216 2093 1272 di-

419 1383 427 1389 .
493 1313 747 1370 stinctum
787 1312 1025 1368 edidisse
1068 1312 1280 1368 videtur
1316 1315 1381 1368 ad
1431 1313 1744 1385 exemplum
1797 1312 1853 1367 S.
1902 1310 2095 1367 Hiero-

496 1407 668 1477 nymi,
695 1404 784 1475 qui
806 1405 1029 1460 utilitati
1061 1405 1685 1476 legentium'cmtsulens,
1714 1420 1908 1461 novam
1937 1418 2091 1458 suam

498 1511 565 1554 ex
599 1498 827 1552 Hebrazo
846 1496 1139 1553 editionem
1170 1515 1265 1568 per
1293 1501 1409 1554 cola
1430 1509 1764 1554 etcontmata
1783 1498 1895 1553 deSt
1914 1498 2089 1569 ripsit,

497 1603 558 1652 ut
586 1601 837 1649 testatum
861 1601 1041 1648 exstat
1065 1594 1219 1649 initio
1261 1594 1592 1664 prtelationis
1628 1595 1682 1649 itt
1723 1592 1917 1648 Isaiam
1966 1607 2092 1663 pro-

498 1688 739 1759 phetam.
776 1688 850 1742 De
878 1687 1116 1744 utilitate
1141 1695 1200 1742 et
1238 1688 1537 1744 commodis
1566 1688 1873 1759 ltujusmodi
1902 1687 2096 1743 distin-

500 1779 699 1835 ctionis
732 1794 986 1834 versuum
1014 1781 1260 1835 meminit
1311 1783 1477 1837 etiam
1513 1780 1816 1853 Hesychius
1855 1782 1906 1835 in
1944 1780 2095 1850 prin-

498 1872 642 1943 cipio
690 1873 922 1943 propriae
979 1873 1392 1943 lucubrationis,
1441 1890 1602 1946 quam
1657 1875 1730 1929 ita
1781 1874 2095 1944 inscriptam
2126 1872 2175 1933 B

496 1967 726 2038 legimus
766 1978 915 2022 tomo
954 1984 1048 2024 vnt
1089 1967 1416 2026 Criticorum
1460 1984 1739 2033 sacrorum
1782 1987 1794 2023 :
1835 1967 2094 2042 Ἠσυχίου

497 2062 859 2139 πρεσϐυτέρου
888 2049 1255 2139 Ἱεροσολύμών
1287 2065 1544 2137 Στιχηρὸν
1572 2070 1672 2120 τῶν
1714 2062 1777 2135 ιβ’
1800 2070 2094 2140 προφητῶν,

497 2151 605 2209 hoc
633 2162 739 2220 est,
771 2152 1339 2225 Hesychiigpresbyteri
1387 2153 1855 2225 Hierosolymitani
1903 2154 2100 2209 duode-

499 2246 596 2299 cim
619 2244 994 2318 prophetarum
1034 2246 1301 2301 distinctio
1335 2247 1388 2301 in
1422 2246 1636 2302 modum
1674 2262 1932 2301 versuum.
1964 2246 2101 2302 Mul-

501 2346 612 2393 tum
653 2348 836 2394 autem
864 2354 892 2393 a
920 2354 1050 2395 vero
1094 2342 1356 2395 aberrant
1383 2339 1461 2394 illi
1487 2339 1580 2410 qui
1612 2355 1807 2395 nomen
1848 2338 2098 2396 Graecum

502 2432 762 2504 στιχηρόν
800 2431 919 2488 sive
942 2430 1195 2505 στιχηδὸν
1228 2430 1552 2501 pertrahunt
1595 2432 1659 2486 ad
1690 2431 2097 2489 distinctionem

500 2526 557 2580 itt
581 2526 754 2595 capita
787 2534 839 2581 et
870 2524 1238 2596 paragrapbos
1286 2542 1300 2578 :
1359 2525 1481 2595 quia
1525 2524 1642 2579 haec
1682 2523 1846 2595 longe
1884 2523 2099 2580 diversa

505 2629 589 2676 est
616 2620 684 2675 ab
700 2634 762 2675 ea
794 2634 955 2691 quam
992 2619 1094 2675 sibi
1151 2621 1430 2690 proposuit
1468 2618 1791 2691 Hesychius,
1842 2618 2102 2675 observa-

504 2719 724 2781 tamque
772 2711 934 2767 docet
985 2711 1123 2782 apud
1192 2714 1483 2781 scriptores
1547 2712 1982 2782 hagiographos,
2047 2713 2100 2768 in

507 2803 794 2872 Psalterio,
830 2804 1164 2871 Proverbiis,
1194 2802 1682 2871 Eeclesiaste,lob,
1708 2812 1764 2859 et
1792 2806 1842 2860 in
1875 2802 2102 2861 Cantico

507 2897 870 2953 canticorum.
908 2896 1041 2965 Qua:
1066 2898 1283 2967 quidem
1318 2897 1589 2952 volumina
1617 2904 1792 2953 metro
1846 2905 1903 2953 et
1931 2898 2103 2954 versi-

510 2993 612 3048 bus
635 2991 786 3048 l‘uere
811 2993 1118 3063 conscripta
1161 2993 1339 3048 atllatu
1392 2993 1628 3063 Spiritus
1657 2993 1849 3059 sancti,
1882 3009 1989 3050 non
2021 3002 2105 3049 ta-

512 3101 637 3141 men
668 3086 721 3139 in
753 3087 930 3156 capita
978 3102 1041 3140 ac
1100 3088 1468 3157 paragrapltos
1495 3086 1769 3155 distincta,
1796 3088 1875 3142 uti
1912 3102 2105 3144 conce-

511 3176 647 3233 dunt
685 3191 876 3233 omnes
912 3177 1222 3233 divinarum
1280 3177 1686 3245 Scripturaruut
1719 3177 2107 3236 studiosissimi

2194 557 2337 613 sicut
2387 573 2454 615 ex
2502 560 2730 615 Hebraeo
2782 560 2832 614 in
2873 559 3122 615 Latinum
3167 562 3463 631 elottuium,
3497 562 3795 632 presbytero

2199 648 2513 722 Hieronymo
2526 653 2790 720 utriusque
2802 652 2997 723 lingute
3008 653 3172 722 perito
3185 654 3595 724 interpretante,
3620 664 3797 709 trans-

2194 743 2299 799 lata
2356 755 2481 799 sunt
2519 744 2680 800 verba
2704 744 2903 801 Amos.,
2928 747 3055 800 Erat
3100 746 3284 815 itaque
3326 757 3475 802 recto
3514 746 3795 817 Augustini

2189 840 2392 912 judicio
2420 841 2724 912 expeditior
2748 851 2801 897 et
2829 843 3166 898 commodior
3195 842 3572 910 interpretatio
3600 841 3791 897 Hiero-

2195 938 2442 1008 nyntiana
2468 938 2533 991 ad
2554 937 3031 994 demonStrahdam
3052 937 3440 1007 prophetarum
3470 945 3787 993 sanctorum

2195 1032 2582 1101 eloquentiam,
2617 1048 2777 1099 quant
2808 1035 2910 1087 alia
2943 1043 3095 1087 vetus
3125 1041 3181 1087 et
3212 1030 3433 1102 Vulgata
3460 1047 3491 1086 e
3531 1030 3677 1086 LXX
3707 1030 3792 1086 ln-

2197 1125 2521 1194 terpretihus
2551 1126 2812 1181 derivata.
2845 1126 3068 1182 Miratus
3093 1142 3212 1182 sum
3236 1127 3434 1197 saepius
3456 1136 3658 1182 tantam
3709 1128 3794 1182 in-

2196 1220 2364 1274 veniri
2393 1221 2740 1276 concordiam
2766 1222 2905 1277 inter
2956 1232 3280 1291 praesentem
3330 1231 3566 1277 nostram
3597 1222 3793 1278 editio-

2197 1328 2321 1369 nem
2348 1314 2753 1383 propltetarnm,
2791 1323 2845 1369 et
2875 1315 3055 1370 lacum
3097 1314 3264 1370 Amos
3290 1314 3360 1369 ab
3390 1317 3688 1385 Augustino
3715 1317 3794 1370 ci-

2199 1415 2398 1475 tatum;
2434 1407 2566 1462 nihil
2598 1408 2741 1462 enim
2771 1408 2911 1463 inest
2936 1407 3266 1463 discriminis
3290 1422 3467 1478 neque
3491 1408 3543 1462 in
3571 1417 3793 1463 sentcn-

2201 1501 2308 1567 liis,
2340 1515 2512 1570 neque
2542 1502 2594 1555 in
2633 1500 2983 1557 distinctione
3003 1512 3354 1556 contmatum.
3378 1499 3506 1556 Tria
3537 1500 3653 1555 cola
3672 1514 3798 1571 pro-

2201 1596 2375 1665 pheta:
2399 1595 2565 1653 Amos
2581 1598 2758 1668 capite
2783 1607 2959 1667 sexto,
2995 1598 3097 1653 hoc
3118 1598 3278 1654 modo
3303 1596 3571 1670 descripta
3612 1597 3799 1669 legun-

2201 1697 2289 1744 tur
2313 1706 2327 1743 :

2349 1823 2449 1894 Qui
2473 1827 2703 1896 separati
2729 1827 2851 1881 estis
2873 1827 2926 1882 in
2957 1827 3096 1882 diem
3120 1828 3339 1896 nmium,

2416 1896 2485 1951 Et
2513 1899 2948 1970 appropinquatis
2965 1899 3097 1954 solio
3118 1900 3427 1968 iniquitatis.

2346 1969 2447 2035 Qui
2472 1969 2711 2024 dormitis
2739 1969 2794 2023 in
2820 1971 2964 2023 lectis
2985 1971 3259 2036 eburneis;

2413 2039 2482 2095 Et
2513 2042 2756 2096 lascivitis
2778 2041 2832 2095 in
2852 2044 3029 2097 stratis
3056 2044 3234 2097 vestris
3265 2059 3284 2098 :

2347 2112 2465 2188 Qui
2487 2113 2757 2188 comeditis
2778 2129 2973 2188 agnum
2999 2113 3064 2169 de
3092 2131 3265 2188 grege,

2417 2183 2483 2239 Et
2513 2186 2702 2240 vitulos
2724 2186 2786 2238 de
2806 2183 2978 2239 medio
3005 2183 3255 2240 armenti.

2205 2347 2279 2402 De
2299 2346 2503 2402 eisdem
2522 2360 2651 2401 vero
2670 2346 2850 2402 verbis
2872 2347 2942 2401 ita
2964 2346 3177 2402 disserit
3199 2345 3257 2403 S.
3286 2345 3615 2417 Augustinus
3646 2361 3809 2401 num.-

2203 2441 2272 2497 l8
2291 2441 2532 2511 ejusdem
2564 2456 2683 2510 cap.
2717 2442 2877 2511 7jaut
2912 2441 3109 2495 laudati
3164 2443 3233 2497 de
3272 2441 3524 2497 Doctrina
3554 2439 3797 2497 Cbrist.:

2206 2532 2319 2589 Ista
2344 2549 2436 2588 sea:
2463 2534 2694 2588 membra
2718 2546 2823 2589 tres
2868 2533 3169 2588 bimembres
3210 2534 3463 2588 circuitus
3498 2533 3796 2588 ediderunt.

2208 2627 2330 2681 Non
2359 2628 2496 2681 enim
2522 2628 2616 2693 ait,
2652 2628 2753 2693 Qui
2778 2628 3009 2700 separati
3045 2628 3166 2681 estis
3205 2628 3260 2681 in
3289 2626 3428 2681 diem
3456 2623 3679 2692 titulum,
3711 2627 3803 2697 qui

2204 2723 2641 2794 apprOpinqnatis
2670 2724 2799 2777 solio
2824 2724 3139 2796 iniquitatis,
3167 2723 3256 2794 qui
3295 2722 3536 2777 dormitis
3580 2722 3633 2775 in
3656 2721 3804 2777 lectis

2204 2815 2461 2881 eburneis,
2484 2815 2573 2881 qui
2599 2813 2852 2870 lascicilis
2873 2816 2925 2869 in
2957 2817 3133 2870 stratis
3162 2815 3365 2878 restris,
3408 2813 3499 2884 qui
3536 2813 3807 2868 comeditis

2206 2910 2483 2983 agnumde
2513 2925 2685 2982 grege,
2725 2920 2775 2964 et
2801 2909 2991 2963 vitulos
3035 2908 3099 2963 de
3128 2908 3296 2962 medio
3336 2907 3576 2962 armenti.
3627 2907 3690 2962 Si
3730 2907 3808 2961 ita

2208 3003 2492 3069 diceretur,
2535 3008 2667 3055 esset
2707 2999 2911 3069 quidem
2938 3012 2983 3053 et
3025 2999 3120 3052 hoc
3168 2997 3465 3068 pulchrum,
3500 3008 3556 3051 ut
3598 2995 3660 3050 ab
3703 3013 3809 3051 uno

2207 3087 2511 3159 pronomine
2535 3086 2753 3156 repetito
2774 3085 2980 3156 singula
3006 3101 3095 3140 seu:
3133 3076 3357 3139 mentbra
3381 3083 3732 3143 decurrervttt,
3756 3091 3809 3137 et

2210 3182 2596 3254 pronuntiantis
2625 3196 2746 3235 voce
2780 3181 2991 3253 singula
3022 3180 3336 3249 ﬁnirentur:
3387 3178 3483 3234 sed
3537 3176 3808 3248 pulchrius

513 3269 832 3327 defensores
872 3285 936 3325 ac
975 3271 1262 3342 diligentes
1301 3272 1671 3342 indagatores.
1730 3272 1880 3327 Hanc
1945 3273 2108 3343 igitur
2134 3265 2180 3329 C
2213 3278 2406 3349 facmm
2435 3286 2531 3342 est,
2553 3283 2606 3328 ut
2632 3275 2795 3329 eidem
2823 3273 3116 3345 pronomini
3136 3283 3306 3327 essent
3331 3275 3383 3326 in
3406 3272 3526 3325 bina
3555 3270 3808 3335 subnexa,

512 3379 767 3420 Versuum
797 3364 1199 3419 distinctionem
1226 3363 1277 3418 in
1303 3364 1441 3419 libro
1487 3363 1777 3419 duodecim
1812 3366 2105 3435 propheta-

515 3472 636 3513 rum
656 3457 888 3511 retinere
915 3457 1086 3512 voluit
1114 3457 1433 3527 Hesychius,
1462 3459 1608 3529 quod
1646 3458 1946 3528 antiquitus
1974 3474 2003 3513 a
2029 3460 2112 3514 vi-

515 3554 593 3606 ris
622 3551 826 3605 sanctis
859 3562 1167 3621 usurpatam
1204 3552 1472 3617 novisset;
1506 3562 1563 3606 et
1589 3550 1770 3606 doctis
1801 3553 2005 3622 pariter
2055 3559 2114 3609 et

518 3641 754 3698 indoctis
798 3641 983 3698 utilem
1037 3643 1151 3698 fore
1192 3644 1254 3696 ad
1302 3643 1715 3713 intelligentiam
1765 3645 2108 3700 oraculorum

519 3734 959 3807 propheticorutn
989 3752 1112 3791 cum
1143 3736 1476 3806 Hieronymo
1523 3746 1807 3808 speraret:
1830 3738 1990 3795 Πολλὰ
2019 3742 2112 3811 μὲν

519 3839 621 3887 τῶν
648 3833 881 3905 ἆσαφῶνζ
909 3833 941 3891 ἡ
968 3832 1302 3903 τῶνῖστὶχων
1329 3833 1591 3903 σαφηνίζει
1618 3831 1883 3909 διαίρεσις,
1922 3834 1972 3887 id
2004 3844 2111 3899 est,

520 3927 685 3978 multa
715 3926 852 3977 enim
881 3927 1098 3979 obscura
1142 3934 1190 3979 et
1228 3926 1423 3979 incerta
1458 3925 1689 3979 elucidat
1725 3925 1835 3981 ha'c
1873 3942 2114 3980 versuum

521 4019 803 4075 distinctio.
829 4019 902 4074 Ita
940 4020 1242 4092 Hesychius
1293 4019 1838 4094 llierusolymitanns,
1888 4021 1978 4091 qui
2026 4020 2109 4074 dio

521 4112 840 4166 stinctiuues
873 4127 970 4182 per
995 4112 1239 4167 membra
1288 4111 1497 4166 divisas
1536 4114 1587 4165 in
1623 4113 1865 4167 editione
1920 4112 2110 4168 Hiero-

525 4202 698 4275 nymi,
735 4204 967 4274 diligens
996 4204 1188 4274 etipse
1219 4206 1455 4274 scriptor
1478 4204 1828 4260 conservavit
1879 4207 1930 4260 itt
1978 4206 2117 4260 duo-.

524 4296 699 4353 decim
730 4297 1030 4369 prophetis.

596 4392 672 4448 Ex
707 4392 1184 4463 Hesychianozillo
1232 4406 1331 4448 usu
1392 4391 1640 4448 nonnihil
1682 4392 1858 4448 laudis
1903 4391 2119 4448 accedit

525 4485 959 4558 Hicronymianzn
986 4486 1211 4541 editioni
1261 4485 1709 4556 Scripturarum:
1756 4484 1853 4541 sed
1896 4501 2114 4541 omnem

522 4578 1048 4635 commendationem
1078 4577 1293 4635 excedit
1315 4579 1455 4649 quod
1488 4578 1557 4634 de
1587 4594 1671 4646 ea,
1705 4579 1790 4633 vel
1830 4594 1896 4634 ex
1923 4578 2115 4635 eadem

2211 3382 2325 3437 qua:
2354 3376 2452 3420 tres
2474 3366 2756 3421 sententias
2796 3365 3110 3436 expficurent
3133 3379 3152 3418 :
3185 3380 3343 3418 unam
3390 3361 3461 3416 ad
3491 3361 3812 3430 captivitatis

2212 3460 2706 3534 pronuntiationem,
2731 3459 2818 3529 qui
2855 3458 3090 3527 separati
3120 3458 3253 3513 estis
3280 3456 3335 3510 in
3386 3456 3529 3511 diem
3576 3456 3805 3518 malum,

2213 3564 2270 3612 et
2295 3555 2744 3625 appropinquatis
2773 3553 2911 3609 solio
2937 3552 3240 3623 iniquitatis
3274 3550 3532 3605 :alteram
3570 3549 3638 3603 ad
3687 3548 3811 3603 libi-

2214 3651 2407 3713 dinem,
2433 3650 2521 3720 qui
2554 3648 2802 3703 dormitis
2837 3648 2888 3702 itt
2937 3648 3096 3702 lectis
3145 3646 3425 3709 eburneis,
3450 3655 3503 3699 et
3547 3644 3814 3700 las-civilis

2215 3743 2269 3799 in
2293 3743 2449 3798 lectis
2479 3740 2715 3796 vestris:
2750 3738 2818 3793 ad
2855 3741 3185 3794 voracitatem
3229 3755 3347 3793 vero
3400 3739 3605 3792 tertiam
3644 3738 3813 3807 perti-

2215 3846 2436 3902 nentem,
2462 3835 2551 3904 qui
2582 3833 2866 3889 comeditis
2886 3848 3083 3903 agnum
3105 3831 3172 3886 de
3194 3845 3376 3902 grege,
3415 3842 3469 3884 et
3511 3829 3714 3885 vitulos
3741 3830 3813 3885 de

2217 3928 2396 3985 medio
2437 3926 2711 3982 armenti:
2765 3935 2823 3981 ut
2873 3928 2925 3980 in
2981 3933 3233 3994 potestate
3279 3925 3344 3978 sit
3394 3923 3811 3998 pronuntiantis,

2215 4032 2391 4075 utrum
2418 4019 2627 4093 singula
2659 4020 2826 4089 ﬁniat,
2854 4029 2902 4073 et
2931 4019 3157 4073 membra
3199 4018 3303 4073 sint
3343 4034 3454 4085 sex,
3491 4034 3559 4071 an
3589 4017 3813 4089 primum
3877 4019 3886 4029 '

2216 4125 2265 4169 et
2307 4114 2517 4168 tertium
2564 4122 2610 4166 et
2656 4112 2889 4183 quintum
2920 4125 3043 4166 uoce
3090 4110 3392 4183 suspendat,
3440 4117 3488 4163 et
3531 4107 3813 4163 secundum

2218 4209 2408 4277 primo,
2432 4206 2857 4278 quartumtertio,
2877 4215 3074 4260 sextum
3102 4205 3284 4276 quinto
3311 4202 3685 4269 connectendo,
3710 4211 3816 4256 tres

2223 4300 2524 4355 bimembres
2544 4300 2793 4353 circuitus
2815 4298 3170 4354 decentissime
3199 4298 3384 4367 faciat,
3409 4306 3516 4352 etc.
3535 4295 3675 4364 Quid
3704 4311 3820 4350 nta-

2218 4392 2597 4450 nifestiusdici
2627 4401 2839 4463 poterat
2884 4393 2950 4448 ad
2999 4393 3459 4463 comprobandum
3508 4391 3820 4446 distinctio-

2220 4502 2347 4544 nem
2374 4502 2625 4542 versuum
2650 4487 2701 4541 in
2738 4494 2920 4542 nostra
2951 4485 3189 4541 editione
3235 4485 3582 4556 usurpatam?
3640 4484 3822 4540 Habes

2222 4581 2273 4635 iu
2308 4582 2373 4636 iis
2400 4597 2520 4650 qum
2544 4580 2793 4650 superius
2816 4593 2845 4633 a
2877 4579 3033 4633 nobis
3054 4579 3216 4633 allata
3241 4588 3392 4644 sunt,
3423 4580 3524 4633 tria
3551 4578 3692 4646 cola,
3721 4591 3819 4633 sex

521 4672 880 4727 translatione
923 4671 1186 4728 Hebraica
1242 4673 1503 4744 scriptum
1555 4672 1827 4744 reperitur
1867 4674 1921 4728 in
1961 4670 2487 4731 com-Dcommata
2538 4671 2844 4743 prophetiae
2887 4672 3076 4729 Amos.
3135 4670 3242 4728 Sex
3302 4673 3430 4728 item
3489 4674 3823 4742 Augustinus

521 4765 804 4823 mentariis
824 4766 1131 4838 Augustini.
1161 4765 1323 4822 Modo
1349 4781 1467 4822 eam
1498 4766 1631 4821 citat
1656 4781 1778 4821 cum
1807 4764 2110 4821 honoriﬁca

522 4864 759 4917 auctoris
789 4863 1342 4930 commemoratione;
1374 4878 1516 4918 nunc
1551 4863 1847 4919 utilitatem
1886 4870 1942 4918 et
1980 4862 2113 4918 laci-

522 4955 728 5011 litatem
758 4957 874 5024 ejus
923 4957 1243 5025 praedicans,
1296 4955 1667 5011 obscuriorem
1708 4963 1764 5011 et
1804 4956 2110 5010 intricatant

522 5046 668 5104 LXX
692 5047 1053 5115 Interpretum
1087 5048 1383 5104 editionem
1416 5047 1639 5116 abjicit':
1672 5063 1739 5104 ex
1768 5047 1856 5103 illa
1879 5047 2113 5118 denique

523 5142 947 5214 Hieronymiana
971 5142 1139 5198 libros
1158 5141 1400 5213 integros
1438 5140 1760 5196 Christianae
1793 5141 1979 5211 pietati
2006 5157 2112 5196 non

527 5252 714 5306 parum
742 5234 1053 5306 profuturos
1081 5235 1345 5290 contexit.
1368 5234 1504 5290 Cum
1534 5234 1627 5291 lib.
1669 5250 1719 5289 tv
1746 5234 1813 5290 de
1862 5232 2119 5289 Doctrina

525 5330 965 5401 Christ.cap.7,
1018 5345 1167 5385 num.
1212 5329 1273 5384 15
1320 5339 1376 5384 et
1417 5344 1572 5400 seqq.
1632 5327 1931 5398 respondet
1979 5327 2122 5384 male

523 5422 700 5480 doctis
741 5422 1073 5491 hominibus,
1114 5423 1205 5494 qui
1232 5431 1451 5477 nostros
1477 5429 1731 5478 auctores
1760 5434 1946 5478 sacros
1984 5435 2117 5477 cutt-

526 5519 851 5576 temuendos
902 5528 1110 5589 putant,
1155 5534 1261 5573 non
1300 5516 1426 5589 quia
1457 5533 1565 5573 non
1600 5518 1817 5583 habent,
1873 5518 1967 5572 sed
1997 5516 2123 5587 quia

526 5630 635 5671 non
660 5621 959 5681 ostentant,
1000 5613 1364 5685 qumrnimis
1417 5612 1503 5666 isti
1558 5611 1817 5681 diligunt,
1861 5612 2124 5682 cloquen-

524 5711 688 5776 tiam;
722 5707 950 5764 esillius
997 5708 1273 5777 propheta:
1314 5706 1452 5760 libro
1508 5706 1870 5773 potissimum,
1921 5708 2009 5777 qtti
2069 5720 2129 5761 se

528 5813 800 5873 pastorem
822 5800 907 5855 vel
934 5798 1323 5854 armentarium
1352 5798 1516 5853 fuisse
1539 5796 1690 5864 dicit,
1722 5797 1950 5853 aliorum
2002 5814 2129 5867 pro-

530 5895 817 5968 phetarum
861 5892 1056 5967 probat
1105 5890 1490 5966 eloquentiam.
1542 5889 1662 5951 Non
1692 5900 1898 5963 autem,
1932 5892 2129 5966 inquit,

2221 4767 2468 4838 agnoscit
2493 4766 2758 4832 membra,
2804 4781 2866 4820 ac
2910 4775 3021 4821 tres
3052 4765 3380 4821 bimembres
3421 4766 3701 4831 circuitus,
3732 4765 3821 4834 qui

2220 4859 2447 4915 totidem
2478 4860 2777 4914 sententias
2803 4858 3095 4928 explicant.
3125 4856 3182 4912 Si
3212 4857 3333 4926 quis
3361 4872 3491 4927 ergo
3510 4858 3822 4912 criticorunt

2223 4956 2276 5010 in
2306 4954 2407 5009 ltac
2436 4954 2669 5009 Canonis
2701 4951 2979 5007 Hebraicac
3009 4948 3255 5004 veritatis
3311 4950 3552 5005 editimte
3596 4949 3827 5005 voluerit

2223 5049 2422 5118 aliquid
2454 5045 2876 5117 reprehendere,
2907 5046 3156 5100 consulat
3178 5043 3453 5116 Opuscula
3503 5042 3825 5116 Hieronymi

2224 5151 2280 5198 et
2310 5123 2613 5212 Augustini,
2660 5153 2812 5194 suam
2845 5137 3234 5194 conscientiam
3280 5140 3500 5202 recolat,
3535 5138 3714 5193 videat
3740 5153 3829 5192 or-

2226 5235 2407 5292 dinent
2433 5243 2744 5302 textumque
2769 5232 3060 5301 sermonis,
3094 5241 3151 5289 et
3186 5240 3317 5289 tunc
3342 5242 3528 5288 nostro
3552 5233 3745 5298 labori,
3779 5232 3827 5288 si
3935 5212 3944 5227 '

2228 5331 2484 5402 patuerit,
2518 5327 2786 5383 detrahat.

2301 5422 2441 5479 Sunt
2470 5433 2523 5476 ct
2551 5422 2655 5476 alia
2687 5421 2806 5476 loca
2831 5420 2969 5476 bene
2996 5418 3160 5473 multa
3194 5418 3246 5474 itt
3274 5419 3470 5489 quibus
3509 5416 3824 5490 Hieronymi

2232 5517 2510 5574 translatio
2557 5516 2818 5572 llebraica
2850 5524 3162 5570 recensetur
3200 5513 3266 5568 ab
3303 5512 3621 5584 Augustino.
3653 5514 3826 5580 Quin-

2229 5609 2429 5677 decim,
2462 5610 2514 5665 ni
2544 5608 2727 5677 fallor,
2758 5616 3049 5663 occurrunt
3091 5607 3142 5660 itt
3187 5605 3336 5660 libris
3376 5606 3748 5673 Quaestionum
3774 5604 3829 5661 in

2231 5702 2663 5773 Heptateuchum
2699 5718 2711 5755 ε
2741 5715 2839 5756 nec
2869 5701 2921 5755 itt
2945 5699 3055 5754 illis
3081 5699 3391 5770 ambiguum
3420 5699 3549 5778 quid
3578 5698 3680 5753 nisi
3704 5712 3833 5753 raro

2230 5798 2575 5869 propellitur,
2610 5793 2752 5866 quod
2780 5794 2957 5865 aliqua
2980 5794 3193 5847 veritate
3224 5791 3488 5847 Hebraica
3511 5809 3617 5847 non
3645 5792 3832 5847 solva-

2233 5899 2344 5962 tur,
2380 5900 2439 5948 ut
2466 5889 2637 5962 ipsius
2666 5886 2952 5963 Augustini
2988 5886 3166 5946 verbis
3214 5894 3356 5954 utar,
3412 5900 3533 5959 quas
3580 5884 3835 5956 leguntur
