4040 6360
258 369 319 423 (Ι
806 366 1360 424 PROLIiGOD'lLNUN
1405 371 1466 422 ll.
1513 369 1600 422 DE
1641 367 1840 423 ΤΕΜΡ(

1946 367 1965 421 Ξ
2010 367 2591 424 TRANSLATIUNUM
2635 364 3033 424 HIEHONYML
3490 364 3559 420 ϐξ

257 488 564 557 quzcstiuttc
597 488 697 543 l52
724 490 776 542 in
806 489 1082 545 Genesim.
1117 487 1357 557 LOIthlll
1403 496 1550 542 esset
1596 501 1659 540 ac
1703 484 1857 539 fasti-
1886 487 1941 546 Α
1965 501 2027 539 ea:
2051 485 2223 540 divina
2266 487 2576 540 auctoritate
2621 483 2848 554 collegit,
2902 482 3284 552 Speculumque
3322 480 3564 534 nomina-

254 579 469 633 diosum
501 579 690 633 lectori
714 579 983 645 studioso,
1013 579 1055 632 si
1086 593 1152 634 ex
1174 579 1367 634 ordine
1389 577 1593 647 singula
1636 576 1752 631 haec
1774 591 1854 631 re-

257 672 517 742 plicarem
549 690 561 724 :
593 672 842 727 indicabo
869 683 1044 728 tamen
1090 673 1324 726 breviter
1355 671 1681 742 quaeStiones
1709 669 1780 725 20
1805 680 1860 726 et

253 767 327 821 54
359 766 410 819 in
442 766 961 831 Deuteronomium;
995 767 1047 830 7,
1081 767 1166 831 15,
1199 767 1285 832 19,
1310 765 1403 832 2i,
1434 765 1525 832 25,
1582 765 1634 820 ἰιι
1661 766 1857 820 librum

254 856 451 922 Iosue;
488 859 578 925 16,
614 861 705 922 57,
737 860 833 922 47,
865 858 952 925 56,
990 859 1039 912 in
1071 858 1311 924 Judices,
1368 859 1458 912 ubi
1505 869 1722 914 sanctus
1746 860 1856 911 Au-

251 950 504 1019 gustinus
531 950 997 1021 interpretationis
1025 966 1090 1005 ex
1121 951 1352 1006 Hebrato
1397 952 1592 1005 auxilia
1643 951 1854 1018 quzerit,

251 1051 530 1112 tamquam
555 1045 672 1112 ejus
692 1061 814 1115 quzu
832 1045 1086 1114 majorem
1119 1046 1356 1115 pra-beat
1374 1045 1544 1100 lucem
1562 1044 1627 1099 ad
1653 1045 1856 1100 intelli-

249 1136 492 1205 gentiam
509 1136 1122 1206 Scripturarum.Untnn
1147 1137 1319 1190 instar
1344 1138 1586 1192 omnium
1612 1138 1676 1190 sit
1701 1136 1859 1191 nobis

252 1232 629 1287 teatimonium
660 1231 812 1297 illud,
837 1231 1063 1302 quodex
1093 1231 1496 1286 Deutcronnmii
1525 1231 1859 1301 capitcdeci-

249 1339 341 1377 mo
355 1333 555 1393 quarto
569 1323 935 1379 γει-3286129
952 1333 1246 1393 sumptum,
1269 1323 1854 1393 proponitsolvendum

247 1417 345 1472 lib.
399 1433 466 1483 v,
517 1433 612 1487 qu.
662 1416 733 1472 20
775 1417 829 1470 in
882 1417 1021 1470 idem
1068 1405 1568 1470 Deuterononiium.
1609 1414 1858 1470 Recitato

245 1509 417 1579 igitur
448 1508 595 1564 LXX
633 1507 994 1579 lutei-prelum
1043 1519 1303 1564 contextu
1364 1523 1542 1576 sacro,
1582 1507 1860 1578 subjungit

247 1602 516 1656 nonnulla
539 1602 604 1657 de
621 1601 846 1657 decimis
859 1618 979 1673 qua:
1001 1603 1358 1673 quaestionem
1386 1602 1550 1670 hujus
1571 1601 1668 1655 loci
1688 1617 1854 1670 pepe-

247 1704 443 1750 rerunt
459 1713 474 1752 ;
493 1696 680 1765 sicque
698 1696 905 1751 accedit
925 1695 990 1749 ad
1004 1695 1246 1766 ejusdem
1275 1695 1615 1750 dil‘liCultatis
1629 1697 1764 1749 Sulut
1779 1695 1856 1748 io-

248 1803 416 1842 nem:
451 1788 560 1844 Sed
583 1788 795 1843 obscure
816 1789 1040 1859 positum
1071 1801 1170 1854 est,
1203 1792 1324 1859 quia
1360 1805 1462 1841 non
1499 1797 1572 1841 est
1610 1787 1854 1841 distincta

1963 582 2050 642 rit,
2079 597 2264 652 magna
2291 579 2567 633 intentione
2597 577 2836 648 tegendus
2863 583 2960 630 est.
2990 574 3174 629 Talem
3208 573 3404 628 librum
3438 570 3560 640 phi-

1962 671 2224 741 losophiae
2247 672 2489 736 moralis,
2514 685 2672 741 quem
2693 667 3290 729 etnnilmsChristianis
3304 664 3560 735 prodesse
3632 733 3634 736 _

1962 769 2135 822 voluit
2163 766 2514 837 Augustinus,
2565 763 2708 820 unde
2756 771 3072 832 excerptum
3108 760 3300 831 putas?
3334 759 3414 814 Ex
3461 757 3562 814 Se-

1964 863 2262 932 ptuaginta,
2307 875 2372 914 an
2426 875 2492 913 ex
2553 855 2816 913 Hebraica
2865 854 3177 925 Hieronymi
3229 853 3559 922 interpreta-

1962 956 2159 1010 tione?
2227 954 2385 1009 Certe
2454 951 2596 1008 LXX
2654 953 3012 1021 lnterpretum
3079 959 3322 1004 assertor
3389 961 3562 1018 quan-

1961 1047 2139 1118 doque
2195 1046 2294 1101 luit
2350 1047 2680 1116 Augustinus
2733 1044 2896 1098 etiam
2945 1043 3210 1097 adversus
3291 1040 3557 1112 Hierony-

1963 1159 2132 1207 mum,
2163 1157 2321 1210 qumn
2366 1140 2593 1193 obtentu
2625 1136 3009 1194 ecclesiastica:
3041 1135 3236 1189 futurae
3271 1132 3558 1203 perturba-

1962 1236 2126 1291 tionis
2146 1235 2215 1293 ob
2234 1235 2410 1290 Studio
2425 1234 2682 1289 llebraica
2701 1231 3095 1302 interpretandi
3117 1226 3557 1284 deterrerevolc—

1962 1333 2071 1387 bat.
2104 1333 2171 1385 At
2197 1329 2632 1400 Hieronytniana!
2675 1317 3050 1380 trarslationis
3080 1321 3389 1393 splendore,
3420 1318 3551 1388 ﬁde,

1960 1426 2239 1493 facilitate,
2275 1439 2336 1478 ac
2363 1423 2592 1477 utilitate
2635 1418 3205 1488 tandem'perculsns,
3261 1417 3438 1485 potius
3487 1427 3555 1469 ex

1959 1536 2019 1575 ea
2074 1519 2308 1572 maximo
2359 1517 2728 1572 emolumento
2775 1509 3102 1577 rdoeendas,
3152 1523 3311 1578 quam
3357 1521 3554 1576 magno

1960 1614 2216 1670 seandalo
2273 1614 2461 1684 plebes
2517 1609 2716 1664 Christi
2785 1604 3188 1679 perturbandos
3264 1601 3551 1658 intellexit.

1959 1708 2246 1779 Egregium
2299 1715 2584 1776 propterea
2614 1717 2751 1773 Opus
2786 1699 3037 1771 Speculi,
3095 1695 3238 1766 quod
3294 1695 3555 1750 memoria

1959 1804 2199 1856 maxime
2234 1800 2526 1856 tencndnm
2559 1809 2699 1859 erat,
2734 1805 2902 1849 totum
2946 1797 3013 1848 de
3055 1806 3189 1846 nova
3241 1787 3558 1860 Hieronymi

245 1885 350 1937 ista
366 1884 571 1937 decima
597 1883 661 1937 ab
683 1884 798 1950 illa,
823 1899 980 1953 quam
1008 1884 1169 1938 voluit
1197 1899 1314 1937 cum
1340 1882 1530 1936 Lt’t'itis
1554 1883 1604 1935 in
1634 1899 1692 1936 eo
1735 1881 1840 1935 lact

1960 1899 2413 1965 interpretatione
2444 1902 2762 1947 contextum
2787 1888 2995 1943 Latinis
3024 1883 3308 1950 Ecclesiis,
3336 1884 3557 1953 suisque

252 1978 585 2043 aranducari,
603 1976 1028 2048 quenrDominus
1051 1975 1284 2051 elegisset
1314 1977 1503 2049 templo
1531 1993 1644 2030 suo.
1665 1975 1771 2031 Sed
1797 1977 1850 2029 in

245 2087 306 2124 ei
331 2073 785 2140 interpretatione,
814 2076 925 2140 qua?
963 2081 1037 2132 est
1086 2088 1149 2125 ex
1182 2070 1422 2138 Hebraeo,
1475 2072 1706 2142 apertius
1753 2071 1848 2123 hoc

247 2165 559 2217 distinctum
586 2165 887 2233 reperimus.
917 2166 999 2218 Ait
1020 2165 1182 2232 enim,
1219 2170 1372 2219 Anno
1422 2165 1582 2219 tertio
1629 2180 1853 2234 separa-

246 2256 333 2311 bis
353 2257 526 2310 aliam
554 2258 820 2312 decimam
847 2273 913 2312 ex
960 2259 1235 2323 (nunibns,
1267 2274 1384 2328 quos
1431 2267 1727 2312 nascuntur
1758 2257 1852 2312 tibi

245 2367 316 2407 eo
347 2363 616 2422 tempore,
649 2363 702 2407 et
737 2367 968 2423 repones
990 2355 1128 2407 intra
1156 2352 1349 2422 janttas
1384 2363 1522 2416 tuas,
1557 2352 1850 2423 venietque

247 2447 484 2511 Levites,
503 2448 596 2518 qui
615 2448 778 2502 aliam
800 2463 903 2501 non
926 2449 1083 2502 habet
1099 2457 1305 2517 partem
1337 2463 1434 2501 nec
1449 2448 1850 2517 possessionem

251 2549 452 2606 tecum,
468 2551 526 2595 et
545 2544 867 2612 peregrinus
885 2554 939 2596 et
959 2543 1193 2612 pupillus
1214 2552 1266 2595 et
1284 2541 1560 2611 vidua,qui
1584 2543 1718 2595 intra
1738 2557 1854 2611 por-

249 2645 331 2689 tas
350 2645 470 2689 tuas
495 2645 644 2699 sunt,
672 2647 723 2689 et
739 2637 1022 2690 comedent
1047 2645 1102 2689 et
1130 2635 1852 2699 saturalnmtur,utbenedi-

251 2739 337 2784 cat
352 2729 446 2783 tibi
473 2729 738 2784 Dominus
751 2730 892 2784 Deus
909 2739 1026 2783 tuus
1041 2728 1094 2782 in
1109 2730 1317 2783 cunctis
1329 2729 1578 2798 operibus
1596 2745 1675 2782 tua
1688 2743 1849 2782 unum

247 2831 488 2888 tuarum,
522 2836 643 2892 qua:
686 2822 900 2876 feceris.
936 2821 1114 2874 Primo
1167 2822 1263 2874 hoc
1303 2823 1471 2892 ipsum
1521 2821 1730 2890 planius
1778 2827 1850 2872 est

243 2917 390 2984 quod
417 2916 518 2979 ait,
563 2916 724 2971 Anno
759 2916 960 2970 tertio:
1002 2916 1314 2988 intelligitur
1364 2917 1496 2968 enim
1552 2932 1657 2968 uno
1713 2931 1848 2967 anno

241 3010 541 3064 intermisso
571 3027 591 3064 :
619 3011 672 3064 in
705 3010 1050 3084 Septuaginta
1077 3022 1280 3077 autem,
1309 3015 1552 3082 quoniam
1585 3022 1705 3079 post
1739 3023 1847 3064 tres

241 3117 418 3157 annos
446 3104 604 3172 dixit,
635 3105 893 3157 incertum
929 3113 1002 3157 est
1055 3114 1228 3156 utrum
1269 3121 1353 3156 eos
1401 3103 1594 3156 medios
1626 3119 1734 3155 esse
1763 3119 1849 3154 ro-

238 3195 418 3259 laerit,
442 3205 505 3246 ut
528 3196 706 3266 quinto
732 3211 935 3264 quoque
959 3212 1096 3248 anno
1125 3196 1287 3262 ﬁeret.
1318 3192 1516 3247 Deinde
1580 3210 1693 3245 cant
1746 3193 1841 3259 ait,

1959 1993 2258 2062 prmscrlltn
2291 1988 2560 2044 Africanis
2591 1987 2760 2040 edidit
2789 2005 2798 2038 :
2836 1984 2966 2038 nihil
2996 1983 3256 2050 deinceps
3279 1979 3345 2034 de
3370 1992 3554 2033 sacer-

1955 2085 2104 2140 dotio
2137 2096 2401 2148 metuens,
2438 2083 2650 2137 etiamsi
2681 2079 2929 2134 ﬁdelibus
2962 2079 3234 2147 ingereret
3273 2075 3436 2128 multa
3481 2071 3551 2126 ab

1959 2177 2475 2248 llieronymolonge
2523 2173 2680 2227 aliter
2711 2173 2912 2242 posita,
2946 2185 3106 2239 quam
3151 2177 3264 2221 erat
3311 2164 3555 2220 omnium

1957 2271 2643 2338 sensibus'memorimqne
2677 2268 3058 2326 inveteratum,
3104 2271 3158 2318 et
3205 2270 3284 2316 tot
3328 2269 3549 2314 :etatum

1957 2364 2402 2419 sncccssionihns
2432 2362 2801 2420 decantatmu.
2837 2358 2968 2426 Quis
2997 2355 3250 2411 crederet
3290 2352 3555 2409 Psallerio

1957 2475 2024 2513 ex
2054 2459 2336 2513 Hebraicis
2371 2464 2636 2526 prognata
2667 2455 2844 2509 locum
2881 2453 2930 2505 in
2982 2448 3271 2520 Augustini
3322 2447 3557 2517 Speculo

1957 2551 2386 2616 concedendum,
2423 2561 2476 2603 et
2509 2547 2656 2603 senis
2683 2549 2919 2614 linguam
2951 2545 3020 2598 ibi
3047 2559 3166 2598 esse
3208 2539 3556 2597 mutandam?

1957 2647 2088 2700 Nam
2123 2648 2288 2700 veteri
2317 2645 2656 2699 Psalmorum
2686 2642 2906 2696 editiooi
2946 2651 3107 2710 atque
3148 2637 3284 2692 adeo
3311 2635 3552 2690 modula-

1956 2738 2088 2792 tioni
2118 2751 2348 2792 assuetae
2373 2737 2803 2791 Christianorum
2826 2745 3017 2799 aures,
3053 2729 3429 2800 universaque
3453 2728 3553 2782 La-

1958 2830 2190 2884 tinorum
2242 2829 2525 2895 Ecclesize,
2573 2829 2865 2882 novitatem
2915 2826 3140 2880 alterius
3186 2824 3553 2886 sustinentes,

1956 2923 2194 2994 linguam
2223 2923 2625 2992 quodammodo
2654 2930 2894 2976 mutasse
2933 2920 3204 2973 videntur.
3231 2916 3303 2970 Ita
3340 2915 3550 2984 psalmo

1955 3015 2194 3069 secundo
2214 3030 2354 3068 vers.
2381 3015 2453 3068 25
2474 3021 2529 3068 et
2555 3015 2644 3077 ‘24,
2677 3013 2728 3068 in
2764 3011 2986 3082 Vulgata
3012 3011 3250 3066 editione
3271 3023 3414 3063 vers.
3449 3005 3548 3077 12,

1955 3123 2072 3175 pro,
2099 3107 2139 3159 Α
2148 3107 2482 3179 ppreltendite
2493 3106 2840 3173 disciplinam,
2860 3122 2922 3158 ne
2940 3103 3420 3173 quandoirascatur
3437 3099 3548 3152 Do-

1951 3201 2142 3264 minus,
2191 3211 2237 3254 et
2264 3202 2480 3268 pereatis
2514 3202 2576 3252 de
2609 3201 2690 3253 via
2709 3203 2895 3271 justo;
2937 3197 3187 3266 legebant
3224 3195 3276 3250 in
3314 3192 3551 3262 Speculo

236 3302 283 3341 e:
319 3290 608 3358 separabis
632 3288 796 3342 aliam
822 3288 1112 3351 decimam,
1144 3289 1271 3341 satis
1311 3287 1530 3341 ostendit
1560 3297 1706 3340 extra
1735 3302 1844 3339 esse
1871 3288 1915 3352 C
1950 3293 2206 3346 Ecclesia:
2232 3293 2499 3347 Africana:
2515 3301 2567 3343 et
2592 3291 2794 3344 Latinzu
2819 3291 3015 3358 lingua:
3043 3285 3552 3353 ltomiues,Adorate

234 3381 406 3445 illaut,
459 3398 618 3451 quant
658 3383 819 3436 voluit
851 3399 968 3436 eum
995 3383 1166 3452 ipsum
1209 3383 1294 3449 qui
1320 3381 1497 3451 offert,
1526 3379 1843 3432 manducare

237 3477 492 3530 cummis
517 3486 565 3531 et
596 3475 782 3531 Levitis
812 3477 864 3530 in
889 3493 945 3530 eo
968 3477 1101 3542 loco,
1133 3492 1285 3546 quem
1305 3473 1557 3527 Dominus
1583 3473 1838 3543 elegisset.

241 3567 306 3621 Et
329 3569 463 3622 hanc
495 3570 631 3622 enim
665 3571 824 3622 aliam
873 3570 1125 3624 decimam
1153 3571 1293 3623 intra
1310 3572 1507 3641 januas
1547 3582 1667 3620 suas
1725 3581 1841 3620 eum

238 3678 428 3729 ponere
455 3663 727 3732 prwcepit,
754 3679 857 3714 non
881 3663 948 3714 ad
977 3678 1094 3716 eum
1122 3662 1292 3714 locum
1321 3661 1547 3733 deferre,
1596 3658 1678 3712 ubi
1734 3658 1836 3712 Do-

236 3759 402 3808 minus
429 3773 486 3808 se
514 3755 674 3809 voluit
702 3757 954 3821 invocari,
998 3765 1102 3811 etc.
1138 3756 1215 3810 Ex
1245 3755 1404 3810 unico
1438 3755 1532 3808 illo
1575 3756 1692 3809 loco
1729 3768 1839 3805 ma-

235 3847 597 3902 nifestissime
617 3847 1046 3916 demonstratur,
1089 3847 1586 3917 interpretationem
1645 3845 1837 3899 Hiero-

234 3944 378 4013 nymi
410 3944 855 4013 probatissimam
883 3945 1049 3998 fuisse
1080 3945 1399 4014 Augustino,
1447 3945 1536 4012 qui
1563 3957 1680 3997 eam
1710 3942 1841 3994 citat

233 4044 507 4105 tamquam
554 4036 877 4104 planiorem,
925 4053 985 4091 ac
1025 4037 1208 4092 sensui
1249 4037 1647 4105 Scriptnrarum
1691 4050 1840 4088 asse-

232 4129 445 4196 quendo
460 4130 1169 4185 maximeoccommodatam
1192 4148 1204 4183 :
1225 4132 1274 4182 in
1293 4131 1641 4199 Septuaginta
1657 4137 1835 4183 autem

233 4225 460 4277 multum
489 4224 842 4279 obscuritatis
867 4226 1135 4296 agnoscit,
1179 4237 1231 4279 et
1265 4226 1517 4294 pleraque
1546 4225 1798 4293 perplexa
1817 4263 1832 4290 ,

231 4318 424 4387 quibus
446 4319 781 4375 elucidandis
841 4333 1122 4376 succurrat
1168 4321 1441 4389 interpres
1476 4320 1836 4392 Hieronymus

231 4426 454 4466 necesse
483 4412 572 4468 sit.
602 4413 848 4469 Breviter
875 4416 974 4469 ista
1011 4417 1454 4482 transcurrimus,
1483 4425 1539 4469 ut
1588 4431 1652 4470 ex
1701 4415 1834 4486 Spe-

227 4505 343 4556 culo
372 4503 430 4559 S.
470 4506 756 4574 Augustini
787 4506 1104 4576 ampliorem
1128 4521 1475 4563 accersamus
1526 4506 1832 4577 probationi

228 4606 426 4650 nostra:
460 4597 832 4666 splendorem,
859 4601 980 4669 quia
1014 4599 1145 4654 nihil
1203 4600 1269 4654 ad
1309 4615 1526 4654 causam
1569 4600 1835 4672 Hierony-

224 4691 418 4745 mianae
451 4693 724 4749 versionis
745 4704 827 4748 est
861 4696 1057 4763 potius.

289 4784 430 4852 Quid
483 4784 559 4839 sit
615 4799 745 4841 vero
779 4786 1072 4854 Speculum
1105 4786 1387 4857 Augustini
1440 4785 1716 4842 Possidius
1770 4787 1825 4841 in

221 4877 336 4947 ejus
368 4879 479 4930 vita
506 4892 630 4947 cap.
656 4877 726 4934 28
747 4889 932 4949 aperte
956 4878 1276 4946 declaravit,
1315 4878 1502 4934 dicens
1537 4897 1548 4932 :
1625 4879 1828 4950 Quique

219 4971 468 5040 prodesse
490 4974 728 5025 omnibus
752 4972 950 5037 volens,
978 4985 1025 5026 et
1059 4971 1341 5027 volentibus
1380 4973 1542 5026 multa
1575 4973 1824 5027 librorum

217 5063 382 5134 legere
403 5075 456 5119 et
483 5081 590 5119 non
614 5065 920 5130 valentibus,
945 5083 1010 5122 ex
1035 5077 1250 5135 utroque
1279 5067 1451 5120 divino
1473 5067 1820 5131 Testamento,

217 5169 378 5212 retere
405 5168 458 5212 et
498 5175 652 5226 novo,
703 5163 974 5231 prtemissa
1018 5163 1325 5234 praefatione
1364 5172 1621 5233 praecepta
1653 5162 1826 5216 divina

215 5265 299 5304 seu
317 5253 474 5306 vetita
488 5253 558 5305 ad
579 5255 695 5307 vita
717 5255 947 5325 regulam
967 5255 1275 5325 pertinentia
1293 5258 1571 5326 excerpsit,
1589 5265 1741 5326 atque
1760 5272 1825 5310 ex

217 5342 292 5396 Itis
315 5360 479 5397 unum
503 5345 736 5399 codicem
759 5347 880 5415 fecit
903 5363 920 5402 :
945 5350 1097 5420 utqui
1118 5350 1267 5402 vellet
1289 5349 1497 5420 legeret,
1515 5359 1665 5419 atque
1689 5350 1740 5402 in
1765 5366 1822 5403 eo

214 5435 294 5490 vel
315 5454 475 5506 quant
495 5437 738 5494 obedienc
767 5439 880 5494 Deo
903 5484 918 5508 ,
943 5440 1302 5496 inobediensve
1326 5452 1476 5507 esset,
1500 5451 1818 5514 agnosceret,

213 5539 258 5584 et
303 5532 402 5584 hoc
435 5548 570 5601 opus
607 5533 764 5586 voluit
806 5535 1090 5604 Speculum
1115 5536 1400 5608 appellare.
1429 5536 1599 5604 Hujus
1623 5536 1816 5606 Opet'is

214 5620 504 5677 lcetionem
534 5626 924 5680 commendans
974 5638 1156 5696 postea
1204 5628 1560 5683 Cassiodorus
1597 5629 1690 5682 lib.
1745 5629 1812 5684 de

212 5713 566 5773 institutione
594 5719 897 5791 divinarqu
932 5721 1234 5777 litterarum
1251 5738 1371 5792 cap.
1404 5723 1491 5787 16,
1521 5723 1590 5778 de
1631 5740 1696 5778 eo
1735 5724 1807 5778 ita

209 5811 515 5870 scribebat:
535 5813 690 5869 Liber
709 5816 1453 5889 ejusdem(Augustini)quasi
1466 5817 1810 5888 philosophia:

205 5909 446 5978 moralis,
458 5925 610 5979 quem
634 5927 726 5980 pro
740 5909 1312 5967 moribusinstituena’is
1326 5919 1477 5982 atque
1491 5913 1809 5984 corrigendis

1948 3403 2096 3456 pttt'e,
2121 3404 2183 3440 ne
2214 3391 2345 3456 forte
2372 3387 2651 3449 irascatur,
2683 3394 2730 3438 et
2760 3385 2981 3452 pereatis
3014 3385 3076 3434 de
3100 3381 3202 3432 via.
3234 3378 3360 3433 Pari
3390 3377 3550 3432 modo

1947 3481 2034 3548 qui
2062 3489 2328 3549 przecopta
2356 3478 2534 3532 divina
2556 3493 2620 3532 ex
2646 3477 2853 3546 psalmo
2876 3490 2982 3539 xw,
3019 3472 3074 3539 5,
3107 3471 3548 3526 ntemorimcom—

1945 3572 2494 3635 ntundarevulebant,
2524 3569 2767 3625 lectionis
2788 3566 2928 3623 LXX
2955 3562 3336 3636 Interpretum,
3363 3565 3450 3634 qui
3470 3565 3550 3629 iu-

1944 3674 2024 3718 rat
2054 3666 2288 3737 proximo
2311 3682 2424 3728 suo,
2453 3673 2500 3718 et
2525 3681 2624 3717 non
2648 3663 2854 3728 decipit,
2887 3671 3156 3730 tamquam
3179 3659 3546 3726 veteriSpror-

1945 3775 2036 3814 sus
2058 3761 2242 3825 obliti;
2278 3776 2468 3814 novatn
2492 3762 2648 3812 istam
2675 3758 2741 3811 de
2765 3759 2910 3810 fonte
2931 3755 3196 3809 Hebraico
3218 3751 3541 3816 derivatam,

1943 3854 2099 3906 Jurat
2132 3863 2185 3906 ut
2207 3870 2260 3907 se
2283 3854 2506 3923 afﬂigat,
2536 3863 2583 3906 et
2615 3867 2718 3904 non
2747 3859 2928 3911 mutat,
2959 3847 3154 3902 animis
3188 3845 3540 3900 imbiberant.

1948 3943 2122 4013 thue
2155 3960 2343 3998 oumes
2377 3945 2545 3998 libros
2584 3942 2918 3996 Testamenli
2965 3941 3164 3994 veteris
3209 3947 3538 4007 protocano-

1944 4039 2099 4091 uicus
2129 4052 2236 4092 uno
2266 4038 2433 4092 verbo
2461 4035 2946 4105 comprehendam,
2983 4031 3282 4101 repudiatis
3313 4046 3376 4084 ex
3407 4029 3546 4082 inte-

1942 4149 2037 4204 gro
2078 4131 2430 4201 Septuaginta
2474 4128 2898 4198 lnterpretious,
2938 4124 3214 4181 Cononem
3266 4122 3547 4177 Hebraicm

1941 4229 2188 4284 veritatis
2242 4232 2606 4294 susceperunt
2658 4223 2918 4277 Ecclesia:
2974 4220 3212 4284 Latinae,
3269 4232 3373 4272 una
3421 4231 3543 4271 cum

1942 4322 2177 4393 Speculo
2210 4322 2381 4375 sancti
2422 4319 2709 4388 Augustini
2746 4316 3114 4386 Hipponensis
3146 4312 3407 4383 episcopi.
3454 4309 3544 4364 Ni-

1942 4413 2017 4469 hil
2068 4417 2118 4468 in
2168 4414 2267 4467 hoc
2315 4425 2482 4480 opere
2532 4411 2716 4480 posuit
2755 4417 2976 4462 sanctus
3024 4405 3291 4468 Antistes,
3336 4400 3479 4472 quod
3511 4414 3543 4456 θ

1941 4521 2074 4573 pura
2125 4503 2441 4574 Hieronymi
2493 4501 2848 4555 translatione
2897 4498 3181 4559 Hebraico,
3233 4496 3336 4549 hoc
3377 4501 3480 4558 est,
3511 4507 3543 4548 θ

1946 4600 2168 4655 Conone
2227 4597 2506 4652 Hebraica:
2556 4595 2800 4648 veritatis
2849 4609 2957 4647 non
3003 4590 3236 4646 manarit
3280 4607 3292 4642 :
3345 4595 3542 4658 praeter

1857 4692 1910 4753 D
1938 4691 2196 4745 nonnulla
2221 4691 2557 4759 Scriptorum
2591 4688 2742 4750 vilia,
2776 4701 2897 4754 quae
2944 4683 3107 4738 modo
3139 4697 3170 4736 e
3218 4689 3403 4735 nostra
3433 4677 3536 4733 Ca-

1937 4787 2093 4841 nonis
2112 4784 2353 4840 editione
2366 4781 2646 4838 emendari
2672 4788 2896 4851 possunt
2918 4778 2969 4831 iu
2993 4775 3249 4845 Speculo,
3267 4774 3342 4828 uti
3365 4782 3419 4828 et
3441 4786 3540 4828 nos

1933 4880 2186 4934 nonnulla
2219 4877 2272 4932 in
2305 4879 2525 4933 Conone
2547 4875 2955 4930 emendavimus
2979 4871 3167 4926 iuoniti
3201 4869 3270 4925 ab
3301 4867 3538 4938 Speculo

1930 4975 2102 5030 sancti
2129 4973 2436 5042 Augustini.
2454 4971 2630 5027 Habes
2659 4970 2845 5039 igitur,
2873 4968 3182 5024 Christiane
3202 4963 3395 5032 lector,
3413 4981 3537 5034 per-

1928 5069 2123 5123 nmltas
2146 5065 2442 5122 sententias
2463 5079 2636 5119 soci-te
2654 5064 2952 5132 Scriptura:
2973 5062 3228 5115 recitatos
3251 5075 3322 5114 ex
3344 5059 3538 5114 Hiero-

1929 5162 2074 5232 nymi
2145 5160 2506 5215 translatione
2568 5157 2708 5226 apud
2781 5165 3026 5212 Sanctum
3091 5153 3453 5223 Augustinum
3523 5170 3536 5206 :

1927 5254 2098 5310 babes
2118 5265 2171 5307 et
2196 5270 2333 5324 Opus
2367 5255 2636 5324 integrum
2667 5251 2818 5322 juxta
2848 5249 3096 5304 eamdem
3123 5246 3538 5319 interpretatio-

1925 5363 2048 5402 nem
2081 5348 2386 5412 cooditum,
2419 5347 2470 5401 in
2497 5361 2605 5416 quo
2630 5344 2803 5414 major
2835 5359 2959 5412 pars
2986 5342 3227 5398 Canonis
3253 5341 3533 5396 Hebraica:

1923 5441 2170 5496 Veritatis
2204 5448 2521 5495 t‘onset‘vata
2545 5449 2650 5494 est.
2690 5439 2867 5494 Aliam
2919 5437 3155 5505 denique
3185 5451 3283 5491 nec
3315 5436 3530 5491 medio-

1922 5552 2071 5592 crem
2101 5535 2275 5605 capiet
2305 5534 2624 5598 utilitatem,
2651 5533 2738 5604 qui
2772 5548 2840 5586 ex
2872 5531 3095 5587 Conone
3126 5530 3408 5586 Hebraicaa
3436 5545 3528 5584 ve-

1916 5630 2096 5686 ritatis
2124 5642 2408 5683 numerum
2453 5643 2710 5683 versuum
2750 5625 3010 5682 mendose
3038 5625 3178 5680 adeo
3203 5639 3521 5696 expressum

1914 5725 1970 5781 in
2004 5723 2239 5794 antiquis
2285 5722 2615 5778 editionibas
2651 5719 2870 5790 Specnli
2898 5720 3132 5774 infinitis
3178 5719 3314 5774 locis
3361 5717 3520 5773 resti-

1913 5827 2066 5876 tuere
2099 5820 2350 5875 voluerit.
2378 5819 2434 5874 in
2458 5833 2594 5871 nova
2623 5815 2876 5870 similiter
2915 5815 3153 5870 editione
3181 5813 3395 5868 Domini
3421 5829 3520 5870 no-

1911 5915 2008 5973 stri
2050 5914 2293 5986 Blompln
2332 5913 2672 5969 dissonontes
2699 5922 2953 5964 numeros
2985 5911 3035 5963 lu
3071 5921 3201 5963 mss.
3242 5907 3520 5965 codicibus
