3992 6338
449 305 522 365 63
1052 309 1148 396 AD
1185 308 1246 370 S.
1286 310 1672 379 HIERONYMI
1710 311 1998 369 DIVINAM
2039 310 2551 374 BlBLlOTHECAM
2595 314 3139 377 PBOLECOMENA.
3681 319 3759 380 ιιι

447 424 758 498 designatos
787 426 1103 499 emendare,
1145 445 1208 486 ac
1236 431 1518 503 proprium
1550 430 1754 487 valebit
1782 444 2052 501 reponere
2078 430 2292 494 Atritis
2342 434 2516 489 corde.
2558 433 2924 504 Quamobrem
2979 436 3035 491 in
3092 434 3328 507 Speculo
3372 433 3479 506 legi
3528 450 3760 496 necesse

449 528 758 587 numerum,
792 536 914 580 eum
942 538 1138 593 nempe
1169 539 1331 593 quem
1357 535 1580 581 sanctus
1603 524 1936 597 Augustinus
1960 524 2055 581 de—

452 611 648 683 ﬁnivit,
680 611 986 673 versionem
1021 616 1490 690 llieronymianam
1539 633 1635 687 per
1674 617 1793 673 cola
1822 633 1884 673 ac
1906 633 2056 675 com-

454 716 599 762 mata
625 706 857 763 divisam
900 708 1160 765 imitatus.
1205 709 1466 781 Exempla
1497 724 1776 767 sumamus
1817 726 1884 767 ex
1914 712 2058 782 psal-

454 800 579 870 mis,
631 800 723 855 ubi
772 800 1007 872 primum
1063 800 1207 857 notis
1251 800 1367 858 suis
1415 811 1600 858 monet
1655 817 1755 859 nos
1814 802 2057 860 Domnus

458 890 744 963 Blampin,
814 893 1087 964 quomodo
1143 892 1210 948 ad
1265 892 1427 948 ﬁdem
1476 893 1619 949 ’mss.
1667 893 1912 951 codicum
1970 910 2060 952 re-

457 986 686 1044 stituere
712 987 984 1044 curaverit
1026 1002 1313 1044 numerum
1354 1003 1607 1046 versuum
1657 989 1917 1046 mendose
1965 1006 2059 1046 ex-

459 1092 706 1149 pressum
775 1080 830 1135 in
910 1079 1184 1151 prioribus
1251 1080 1580 1139 coitionibus
1651 1081 1890 1154 Speculi.
1956 1081 2061 1139 Co-

460 1171 645 1229 lumna
700 1172 805 1228 694
874 1173 1037 1244 hujus
1095 1173 1309 1245 Operis,
1359 1175 1435 1232 sic
1478 1175 1707 1247 legimus
1758 1178 2058 1247 scriptum:

469 1283 489 1320 ι
527 1267 584 1322 1η
641 1264 849 1334 psalmo
879 1282 1005 1323 xxvt
1042 1283 1058 1324 :
1093 1267 1209 1323 Lux
1252 1285 1368 1324 mea
1413 1268 1695 1338 Dominus,
1746 1280 1794 1327 et
1834 1271 2062 1327 salutare

465 1376 658 1429 meum,
682 1376 831 1425 quem
849 1361 1035 1417 timebo
1050 1363 1074 1418 ?
1088 1362 1345 1419 Dominus
1359 1364 1608 1436 fortitudo
1620 1367 1735 1421 vitae
1752 1382 1897 1435 mete,
1911 1382 2063 1438 quem

462 1452 757 1525 formidabo
782 1451 807 1507 ?
846 1453 910 1507 Et
940 1460 1064 1523 post
1093 1463 1330 1526 quatuor
1355 1456 1580 1522 versus‘,
1618 1453 1680 1511 Si
1709 1457 1942 1512 steterint
1969 1457 2065 1511 ad-

461 1564 662 1603 versum
690 1564 771 1603 me
797 1558 991 1619 castra,
1025 1558 1133 1606 etc.
1169 1551 1224 1606 In
1258 1550 1400 1607 notis
1427 1559 1609 1609 autem
1629 1599 1643 1623 ,
1677 1553 1860 1609 littera
1892 1570 1939 1621 e,
1968 1569 2066 1626 op-

468 1641 597 1696 time
626 1641 741 1696 hanc
773 1641 1062 1698 observata
1093 1653 1238 1698 sunt.
1262 1642 1318 1698 In
1351 1643 1500 1713 prius
1524 1644 1705 1712 editis,
1732 1643 1801 1700 Et
1823 1654 1937 1714 post
1965 1655 2069 1702 ter-

467 1736 567 1790 tius
597 1751 789 1793 versus.
835 1736 1170 1807 Reponimus
1219 1754 1288 1793 cx
1322 1752 1488 1809 mss.,
1523 1739 1584 1795 Et
1620 1751 1733 1812 post
1758 1749 2001 1813 quatuor.
2042 1760 2061 1796 ι

2156 539 2275 586 est:
2308 530 2375 586 Et
2397 540 2510 602 post
2540 548 2630 588 sea:
2658 548 2857 601 versus.
2888 532 3046 588 Nulla
3091 542 3269 589 autem
3300 546 3421 587 cum
3451 530 3615 587 fuerit
3640 547 3762 587 am-

2156 622 2390 696 biguitas
2418 625 2472 680 in
2498 625 2854 682 diSIinctione
2883 640 3141 683 versuum
3170 626 3361 692 psalmi
3392 641 3502 693 cxi,
3533 626 3624 697 qui
3647 626 3764 682 sin-

2156 719 2313 789 gulos
2340 733 2471 775 suos
2491 720 2853 791 versusjuxta
2881 736 3161 777 numerum
3194 720 3582 778 ilebraicarum
3612 720 3765 777 litte-

2158 828 2340 869 rarum
2374 815 2604 886 partitos
2643 818 2883 872 retinere
2926 815 3109 885 debet,
3167 816 3336 881 miror
3383 814 3659 887 quomodo
3702 814 3762 870 in

2160 921 2329 978 opere
2360 908 2578 979 Speculi
2608 919 2965 966 numerentur
2993 909 3335 964 solummodo
3363 909 3603 980 quinque
3633 924 3766 964 ver-

2160 1012 2259 1054 sus
2293 999 2361 1055 ab
2396 1000 2513 1056 istis
2537 1001 2745 1069 verbis,
2777 1000 2909 1057 volet
2936 1003 3113 1066 nimis,
3145 1016 3317 1072 usque
3343 1000 3408 1057 ad
3436 1000 3550 1065 illa,
3581 999 3765 1056 Bonus

2160 1093 2239 1146 vir
2266 1093 2484 1148 clemens
2509 1102 2557 1149 et
2595 1098 2835 1166 fenerans
2869 1112 2889 1151 :
2932 1112 3029 1151 sex
3077 1110 3311 1163 namque
3342 1109 3535 1152 versus
3562 1095 3768 1151 decur—

2162 1198 2291 1242 runt
2320 1202 2445 1244 cum
2477 1188 2590 1245 suis
2622 1190 2819 1245 litteris
2857 1189 3131 1261 alphabeti
3167 1189 3440 1256 llebraici,
3466 1189 3519 1244 id
3550 1199 3656 1255 est,
3684 1189 3771 1260 gi-

2162 1280 2285 1348 mel,
2317 1280 2514 1349 daleth,
2546 1283 2629 1351 Ite,
2660 1298 2772 1349 vav,
2816 1285 2955 1351 zain,
2986 1282 3154 1351 heith,
3195 1298 3298 1339 nec
3346 1299 3376 1339 a
3424 1298 3771 1354 quocumque

2164 1373 2435 1445 scriptore
2492 1375 2774 1444 pauciores
2832 1375 3107 1432 numerari
3155 1384 3408 1447 possunt.
3459 1375 3557 1432 llic
3604 1375 3771 1446 igitur

2166 1467 2270 1522 loci
2299 1468 2609 1538 castiganda
2639 1476 2726 1524 est
2753 1483 2891 1525 nova
2927 1481 3110 1526 nostra
3138 1469 3309 1526 editio
3335 1486 3560 1540 operum
3587 1468 3770 1526 sancti

2165 1558 2475 1631 Augustini,
2500 1561 2658 1632 cujus
2686 1563 2975 1634 Speculum
3004 1563 3097 1635 qui
3120 1564 3367 1635 exegerit
3392 1562 3458 1618 ad
3487 1561 3767 1619 Cononem

2167 1654 2372 1710 editum
2423 1655 2701 1712 llebraicae
2750 1657 3014 1723 veritatis,
3064 1665 3323 1714 sexcenta
3366 1656 3768 1728 deprehendet,

2169 1759 2291 1816 quae
2318 1745 2496 1801 adhuc
2527 1746 2912 1803 emendatione
2933 1747 3234 1819 indigeant.
3268 1747 3378 1803 Nos
3403 1762 3532 1803 vero
3553 1746 3633 1802 ire
3656 1761 3777 1818 per-

467 1826 723 1884 Restituit
758 1829 921 1901 igitur
951 1844 1092 1884 nova
1131 1828 1298 1886 editio
1325 1829 1548 1902 Speculi
1584 1831 1831 1888 ordinem
1869 1847 1934 1887 ac
1961 1848 2063 1887 nu-
2095 1836 2145 1898 B
2170 1852 2358 1911 gamus
2387 1838 2454 1893 ad
2481 1852 2547 1894 ea
2574 1855 2692 1908 qua:
2719 1847 2846 1895 sunt
2872 1839 3154 1911 praesentis
3180 1840 3431 1895 instituti.

470 1936 677 1977 merum
708 1938 986 1991 versuum,
1017 1932 1177 1995 prout
1197 1924 1518 1996 legebantur
1544 1925 1683 1994 apud
1708 1934 1946 1994 veteres,
1972 1925 2069 1983 sed

471 2015 750 2071 nonnulla:
775 2016 1115 2086 Scriptorum
1156 2017 1367 2077 mendae
1407 2018 1736 2090 castigandae
1765 2019 1987 2075 veniunt
2016 2021 2070 2075 in

469 2107 724 2179 Speculo,
759 2119 816 2163 ut
846 2118 1085 2182 sequens
1111 2108 1354 2167 Canouis
1384 2112 1556 2167 nostri
1583 2119 1874 2169 contextus
1901 2113 2072 2167 mani-

473 2198 613 2255 feste
642 2200 905 2257 declarat.
962 2202 1181 2258 Psalmo
1232 2219 1378 2259 xxvn
1428 2203 1581 2274 juxta
1639 2203 1921 2273 Hebraeos,
1969 2205 2072 2262 hoc

475 2295 636 2351 modo
657 2297 945 2380 superiora
972 2299 1138 2355 verba
1167 2314 1195 2354 a
1220 2299 1380 2356 nobis
1413 2298 1557 2355 edita
1587 2299 1876 2370 leguntur:

616 2432 873 2491 Dominus
914 2437 1007 2494 lux
1049 2452 1198 2504 mea,
1243 2444 1291 2491 et
1326 2434 1556 2491 salutare
1594 2453 1796 2505 meum,

759 2525 911 2578 quem
940 2509 1122 2565 timebo
1153 2510 1178 2564 .9

690 2575 946 2653 Dominus
968 2580 1225 2653 fortitudo
1254 2581 1371 2637 vita:
1400 2595 1548 2648 mete,
1575 2597 1728 2653 quem
1754 2584 1862 2653 for-

767 2652 976 2708 midabo
998 2653 1025 2707 ?

622 2719 750 2776 Cum
772 2725 1246 2798 appropinquarent
1272 2725 1401 2781 mihi
1431 2723 1650 2798 maligni
1673 2769 1687 2795 ,

624 2818 633 2823 ·
696 2804 752 2847 ut
783 2796 1107 2851 comedet-ent
1134 2812 1342 2851 carnem
1370 2812 1537 2850 meam
1561 2796 1581 2851 ἐ

632 2864 819 2920 Hostes
851 2868 950 2922 mei
978 2877 1023 2921 et
1060 2868 1259 2922 inimici
1290 2870 1387 2922 mei
1406 2909 1421 2931 ,

693 2937 794 3009 ipsi
814 2938 1135 3010 impegerunt
1165 2950 1215 2994 et
1241 2940 1554 2995 ceciderunt.

624 3007 686 3064 Si
715 3007 1222 3079 steterint'adversus
1248 3027 1328 3064 me
1358 3023 1561 3079 castra,

699 3078 823 3135 Non
845 3080 1040 3136 timebit
1061 3099 1152 3137 eor
1178 3099 1369 3137 meum.

2246 1930 2377 1986 Post
2407 1932 2792 2002 Augustinum,
2822 1934 2911 2003 qui
2949 1947 3088 1987 unus
3117 1947 3217 2003 pro
3251 1931 3507 1987 omnibus
3531 1945 3652 1987 esse
3677 1945 3781 2004 poo

2176 2030 2316 2079 terat
2352 2022 2418 2078 ad
2469 2024 2851 2095 probationem
2886 2026 3182 2096 propositae
3211 2024 3531 2083 assertionis
3573 2033 3780 2081 nostra:

2174 2132 2402 2174 numero
2433 2120 2616 2189 tertio,
2661 2120 2865 2192 absque
2894 2119 3093 2192 injuria
3142 2136 3251 2175 non
3303 2120 3656 2177 reticeremus
3702 2118 3779 2177 de

2173 2211 2372 2283 insigni
2422 2213 2672 2270 auditore
2723 2215 3039 2289 Hieronymi
3068 2215 3359 2286 Philippo;
3410 2215 3499 2270 hic
3545 2230 3781 2286 namque

2175 2318 2485 2364 comtaneus
2515 2310 2755 2380 scriptor
2786 2314 3089 2380 praecipuos
3122 2325 3224 2365 suo
3254 2309 3576 2381 praeceptori
3603 2308 3783 2365 hono—

2176 2420 2266 2460 res
2290 2403 2521 2471 addidit,
2544 2421 2666 2462 cum
2696 2405 2812 2461 suis
2838 2405 3096 2462 inJobnm
3120 2405 3543 2462 Commentariis
3570 2404 3785 2460 versio-

2177 2512 2300 2551 nem
2336 2497 2812 2571 Hieronymianam
2846 2498 3183 2579 ex‘Hebrato
3212 2498 3385 2553 solam
3422 2497 3782 2554 edisserebat.

2177 2588 2259 2645 Ne
2279 2589 2400 2660 quis
2413 2605 2544 2646 vero
2563 2593 2614 2645 in
2643 2590 2866 2646 dubium
2896 2591 3565 2648 revocetCommentarios
3576 2589 3787 2661 Philip—

2180 2682 2257 2753 pi,
2280 2693 2502 2753 pr0pter
2529 2683 2671 2739 idem
2696 2699 2833 2754 opus
2851 2683 2994 2754 quod
3008 2684 3227 2740 nomine
3258 2684 3420 2739 Bedte
3442 2682 3643 2739 editum
3669 2682 3782 2738 cir-

2179 2775 2500 2845 cumfertur,
2531 2776 2840 2832 meminerit
2869 2775 3210 2833 Gennadium
3243 2776 3295 2831 in
3335 2774 3592 2846 Catalogo
3621 2773 3785 2830 Viro-

2180 2883 2299 2923 rum
2327 2868 2623 2924 lllustrium
2655 2869 2755 2923 ista
2795 2868 2862 2924 de
2886 2868 3146 2940 Philippo
3178 2867 3375 2924 litteris
3414 2883 3477 2924 ac
3508 2866 3787 2923 memoria:

2183 2959 2473 3015 tradidisse
2505 2980 2517 3014 ε
2552 2959 2836 3035 Philippus
2861 2963 3125 3033 presbyter
3151 2961 3374 3028 optimus
3421 2960 3629 3014 auditor
3658 2958 3791 3013 Ilie-

2182 3055 2405 3125 rouymi,
2441 3052 2826 3109 Commentatus
2865 3055 2919 3109 in
2959 3053 3059 3109 Job
3101 3054 3259 3109 edidit
3294 3069 3528 3109 sermone
3560 3050 3789 3122 simplici

2184 3145 2369 3215 libros,
2400 3157 2508 3204 etc.
2533 3148 2815 3205 Genuinos
2841 3148 2961 3205 illos
2989 3149 3225 3219 Philippi
3256 3149 3691 3205 Commentarios
3715 3163 3790 3205 ex

556 3240 1935 3316 Lectionemitaque,quemformidabo?sequuntur
1955 3233 2158 3316 qua-C
2192 3252 2349 3312 parte
2417 3243 2724 3316 descriptos
2776 3245 2976 3301 retinet
3027 3245 3197 3300 codex
3247 3245 3563 3300 monasterii
3614 3244 3790 3299 nostri

488 3344 609 3392 tuor
627 3352 817 3393 versus
848 3353 1019 3410 usque
1045 3338 1110 3393 ad
1144 3338 1301 3404 illud,
1325 3336 1387 3394 Si
1414 3341 1672 3405 steterint,
1701 3352 1808 3396 etc.
1842 3340 1958 3395 lloc
1987 3340 2089 3395 mi-

488 3429 634 3486 nime
664 3431 900 3486 assecuti
933 3430 1301 3486 Lovanienses
1340 3430 1600 3502 Theologi
1639 3441 1893 3502 putarunt
1939 3432 2089 3487 desi-

487 3534 706 3593 gnatarn
718 3539 840 3579 esse
853 3524 904 3579 in
919 3524 1219 3596 SpeculoS.
1234 3522 1521 3593 Augustini
1544 3524 1946 3581 distinctionem
1967 3540 2092 3581 ver—

488 3617 817 3687 siculorum,
842 3633 963 3688 quaa
994 3617 1048 3671 in
1086 3616 1311 3687 Vulgata
1343 3616 1531 3671 Latina
1567 3615 1832 3671 hodierno
1859 3633 1960 3672 usu
2002 3634 2090 3673 re-

491 3720 646 3780 cepta
672 3719 783 3764 est:
802 3708 943 3764 unde
965 3709 1174 3763 tertium
1196 3724 1413 3764 versum
1446 3707 1638 3778 psalmi
1665 3725 1787 3764 xxvi
1809 3711 1893 3765 vel
1912 3725 2087 3778 xxvtt,

493 3803 634 3873 apud
668 3802 945 3870 Hebraros,
976 3802 1170 3859 eodem
1218 3803 1414 3859 ordine
1452 3803 1504 3857 in
1547 3804 1948 3871 exemplaribus
1981 3805 2091 3861 Au-

494 3898 693 3969 gustini
742 3896 1005 3967 scriptum
1056 3911 1179 3952 esse
1222 3896 1490 3966 arbitrati,
1524 3905 1841 3967 posuerunt,
1876 3896 1943 3951 Et
1979 3905 2094 3970 post

496 3991 674 4047 tertius
701 4007 876 4046 versus
926 4007 947 4046 :
1001 3990 1062 4047 Si
1105 3991 1359 4054 steterint,
1410 3999 1543 4059 etc.,
1591 4007 1714 4046 eum
1762 4006 1867 4048 non
1900 3994 2094 4048 tertius

496 4099 687 4141 versus
713 4094 861 4140 esset
886 4084 1029 4156 apud
1061 4094 1279 4140 veteres
1324 4083 1538 4152 Patres,
1587 4085 1682 4141 sed
1726 4086 1911 4156 potius
1940 4088 2092 4157 septi.

497 4195 613 4234 mus
635 4191 1034 4245 numeraretur,
1052 4177 1128 4233 uti
1148 4177 1306 4232 fidem
1332 4176 1533 4233 faciunt
1553 4176 1795 4233 Cononis
1817 4178 2095 4237 llebraicae

497 4271 747 4329 veritatis
776 4271 900 4327 libri
946 4286 1078 4326 mss.
1128 4271 1298 4327 Porro
1329 4272 1381 4326 in
1430 4286 1566 4327 nova
1601 4271 1839 4328 editione
1877 4273 2096 4344 Speculi

500 4365 609 4423 duo
638 4365 851 4438 priores
876 4381 1069 4422 versus
1114 4364 1360 4435 ejusdem
1407 4365 1599 4435 psalmi
1640 4366 1849 4421 nullum
1895 4366 2098 4422 debent

504 4460 709 4517 habere
748 4470 1004 4530 punctum
1056 4458 1448 4528 interrogandi,
1486 4457 1610 4529 quia
1654 4458 2099 4517 manifestissime

503 4562 728 4625 apparet
760 4568 978 4609 sensum
1032 4551 1189 4622 hujus
1220 4551 1539 4622 Scriptura),
1572 4568 1679 4608 non
1714 4568 1836 4609 esse
1861 4555 2101 4610 interro-

2190 3333 2541 3392 Corbeieusis
2569 3344 2696 3392 ante
2724 3346 3033 3407 nongentos
3054 3352 3228 3409 annos
3255 3337 3308 3392 in
3342 3336 3672 3393 membranis
3699 3352 3794 3391 ro-

2192 3429 2542 3496 bnstissimis,
2568 3430 2683 3485 sive
2711 3429 3052 3484 densissimis
3073 3437 3348 3494 exaratos,
3384 3429 3472 3499 qui
3505 3429 3557 3482 in
3589 3428 3793 3483 biblio-

2194 3522 2348 3577 theca
2379 3521 2874 3579 Sau—Germanensi
2902 3522 3066 3579 habet
3097 3524 3428 3578 numericam
3454 3529 3633 3577 notam
3658 3520 3792 3579 (itit).

2194 3616 2361 3671 Totus
2408 3617 2530 3671 libri
2575 3616 2678 3673 Job
2729 3630 2885 3672 sacer
2920 3626 3213 3671 contextus
3257 3616 3308 3670 in
3352 3614 3455 3670 hoc
3496 3613 3795 3683 exemplari

2194 3712 2430 3781 scriptus
2477 3720 2562 3768 est
2603 3711 2801 3766 litteris
2848 3710 3160 3767 uncialibus
3190 3729 3202 3765 :
3238 3709 3617 3765 interlineares
3659 3723 3796 3764 vero

2196 3803 2429 3875 Philippi
2481 3802 2867 3859 Commentarii
2919 3801 3347 3873 Longobardicis
3379 3799 3795 3856 cbaracteribus

2196 3907 2324 3954 sunt
2358 3897 2554 3969 adjecti
2588 3914 2600 3951 :
2633 3898 2849 3968 quibus,
2884 3898 2937 3952 ni
2963 3896 3143 3965 fallor,
3170 3897 3305 3952 satis
3328 3894 3609 3965 explorata
3634 3892 3799 3948 nobis

2186 3988 2281 4047 ‘est
2332 4000 2462 4047 tetas
2516 4007 2618 4046 ms.
2673 3991 2900 4046 codicis.
2950 3990 3157 4047 Eadem
3214 4002 3422 4055 manu,
3478 3987 3800 4055 eisdem'tue

2197 4086 2605 4143 cbaracteribus
2632 4084 3065 4156 Longobardicis
3095 4082 3282 4138 isthmc
3314 4082 3518 4154 scripta
3546 4081 3803 4150 leguntur

2199 4183 2252 4237 in
2284 4180 2391 4236 ﬁne
2421 4180 2950 4237 Commentariorum
2981 4178 3150 4235 :Haec
3178 4177 3545 4250 interpretatio
3561 4181 3804 4245 excerpta

2200 4287 2272 4331 est
2312 4275 2376 4331 de
2406 4276 2724 4347 expositione
2765 4273 3021 4346 Philippi.
3047 4273 3105 4328 In
3138 4272 3221 4328 bis
3255 4274 3417 4344 igitur
3445 4271 3714 4341 excerptis
3743 4277 3806 4325 et

2201 4367 2453 4438 Epitome
2475 4367 2832 4437 expositionis
2864 4364 3099 4437 Philippi
3130 4364 3434 4435 presbyteri
3464 4364 3518 4417 in
3546 4360 3671 4430 Job,
3699 4374 3808 4430 pu-

2202 4476 2294 4517 rus
2324 4460 2443 4517 ﬂuit
2472 4468 2615 4516 totus
2647 4474 2806 4515 sacer
2837 4466 3015 4516 textus
3036 4459 3242 4529 absque
3264 4456 3370 4512 illis
3389 4455 3805 4523 additamentis,

2200 4570 2321 4625 quae
2355 4554 2406 4608 in
2436 4552 2598 4609 editis
2629 4550 2782 4607 libris
2812 4551 2912 4607 sub
2944 4550 3165 4605 nomine
3195 4548 3512 4621 llieronymi
3541 4545 3807 4617 frequen.

502 4647 700 4718 gantis,
726 4646 821 4702 sed
853 4644 1178 4702 affirmantis
1209 4644 1508 4717 prophetae,
1531 4646 1674 4717 quod
1700 4647 1967 4703 Dominus
1997 4663 2093 4702 sua
2125 4632 2174 4693 D
2205 4659 2288 4705 ter
2317 4656 2636 4705 occurrunt.
2675 4647 2793 4703 Duo
2839 4653 2986 4711 sunt,
3026 4644 3178 4702 verbi
3205 4643 3404 4715 gratia,
3437 4641 3809 4697 additamenta

503 4740 576 4794 sit
598 4740 715 4806 lux,
747 4747 800 4794 et
821 4737 1080 4794 fortitudo
1109 4739 1236 4794 vitae
1266 4736 1465 4806 ipsius,
1493 4754 1655 4810 quem
1687 4740 1878 4795 timere
1916 4754 1975 4795 se
2013 4739 2097 4794 di-

504 4831 601 4886 cit.
652 4830 978 4901 Principium
1009 4846 1227 4902 quoque
1264 4832 1458 4902 psalmi
1503 4832 1875 4902 perturbatum
1907 4842 1995 4887 est
2042 4832 2094 4887 in

505 4922 765 4994 Speculo,
796 4923 884 4977 ubi
924 4938 1090 4980 voces
1132 4924 1274 4990 istae,
1300 4922 1416 4978 Lua:
1443 4940 1573 4996 mea,
1628 4923 1944 4995 praecedunt
1987 4938 2098 4979 vo-

505 5030 645 5086 cem,
671 5016 947 5075 Dominus.
974 5017 1085 5074 Nec
1106 5019 1286 5075 solum
1311 5020 1364 5075 in
1385 5019 1668 5076 sententiis
1696 5018 2098 5075 emendandum

506 5119 591 5167 est
612 5110 905 5180 Speculum
950 5127 980 5167 e
1019 5109 1241 5169 CanOue
1289 5112 1571 5169 llebraicre
1597 5113 1873 5177 veritatis;
1920 5111 2017 5167 sed
2046 5112 2100 5168 in

508 5204 754 5262 numeris
799 5205 963 5260 etiam
1009 5219 1259 5260 versuum
1320 5205 1389 5260 ab
1438 5203 1736 5277 Augustino
1780 5204 2097 5275 designatis.

509 5297 753 5353 Pessime
793 5296 1009 5368 quidem
1058 5295 1202 5351 Psal.
1235 5312 1402 5352 χχχιιι
1432 5306 1553 5367 post
1582 5310 1799 5352 versum
1829 5294 2101 5351 decimum

508 5391 750 5462 quintum
779 5390 1059 5461 legebatur
1086 5390 1138 5445 in
1170 5390 1351 5459 editis,
1402 5390 1466 5445 Et
1512 5399 1626 5464 post
1658 5403 1877 5457 quartus
1904 5406 2101 5458 versus,

505 5482 652 5557 quod
680 5484 747 5539 ad
779 5483 941 5539 (idem
970 5498 1103 5540 mss.
1127 5483 1380 5540 codicum
1415 5484 1487 5539 ita
1516 5494 1688 5540 motat
1727 5499 1864 5541 nova
1893 5482 2063 5539 editio
2088 5498 2102 5537 :

509 5581 577 5639 Et
599 5590 714 5653 post
737 5590 929 5652 septem
953 5596 1148 5635 versus.
1179 5579 1254 5636 At
1294 5591 1350 5636 ut
1384 5596 1571 5637 verum
1618 5582 1810 5650 fatear,
1853 5588 2109 5653 superest

508 5675 686 5731 adhuc
726 5674 891 5730 lectio
935 5674 1215 5744 paululum
1264 5673 1559 5746 depravata
1591 5691 1605 5730 :
1637 5691 1729 5731 sea:
1774 5675 1942 5746 enim,
1997 5688 2105 5731 non

510 5784 701 5844 septem
723 5787 900 5828 versus
921 5781 1048 5827 sunt
1071 5770 1140 5826 ab
1170 5770 1264 5827 illo
1287 5785 1468 5835 versu,
1494 5784 1669 5842 qurere
1691 5786 1890 5841 pacem,
1915 5778 1963 5824 et
1991 5786 2109 5843 per-

509 5883 719 5939 sequere
744 5883 875 5935 eam,
907 5864 980 5922 ad
1011 5865 1171 5922 istum
1213 5879 1403 5937 usque,
1422 5865 1581 5936 juxta
1602 5874 1673 5920 est
1702 5862 1960 5919 Dominus
1986 5879 2111 5919 con-

2200 4742 2304 4799 Job
2330 4743 2508 4814 capite
2532 4758 2573 4808 ι,
2606 4741 2673 4795 ‘21
2702 4749 2758 4797 et
2783 4739 2875 4802 22,
2902 4753 3120 4810 nempe,
3160 4738 3294 4792 sicut
3325 4737 3545 4791 Domino
3583 4734 3809 4807 placuit,

2201 4837 2275 4891 ita
2307 4839 2501 4907 factum
2530 4843 2624 4900 est,
2653 4841 2710 4889 et
2739 4840 3157 4902 consequenter,
3192 4830 3342 4886 labiis
3366 4831 3493 4885 suis.
3525 4828 3656 4897 Qua:
3681 4842 3809 4882 om-

2204 4930 2291 4986 nia
2322 4928 2596 4999 superllua
2620 4941 2743 4983 esse
2772 4937 2823 4981 et
2852 4924 3122 4992 addititia,
3157 4924 3444 4995 perspicue
3471 4923 3815 4981 demonstra-

2205 5032 2292 5080 tur
2319 5039 2383 5079 ex
2414 5019 2837 5079 Commentariis
2866 5034 3001 5074 mss.
3026 5016 3259 5090 Philippi
3292 5016 3620 5088 presbyteri,
3648 5026 3704 5070 ut
3732 5032 3812 5072 ex

2205 5114 2432 5173 scholiis
2459 5111 2659 5169 nostris
2691 5110 2826 5166 infra
2859 5111 3049 5181 positis
3076 5112 3184 5165 col.
3208 5109 3334 5166 799.
3364 5109 3635 5164 Praeterea
3666 5106 3814 5162 iusi-

2206 5224 2311 5281 gne
2335 5207 2464 5264 illud
2496 5204 2956 5269 additamentum,
2990 5204 3192 5258 Anima:
3218 5204 3356 5257 enim
3383 5186 3625 5257 esurienti
3652 5201 3814 5256 etiam

2207 5319 2391 5357 amara
2415 5300 2593 5355 dulcia
2623 5314 2734 5352 esse
2774 5297 3031 5365 videntur,
3060 5300 3202 5367 quod
3227 5296 3280 5350 in
3310 5295 3473 5350 editis
3502 5293 3644 5364 apud
3677 5292 3814 5349 Ilie-

2210 5411 2495 5469 ronymum
2527 5392 2949 5449 Commentariis
2982 5391 3179 5461 legitur
3213 5391 3391 5459 capite
3420 5406 3474 5445 vt
3502 5388 3622 5445 Jobi
3650 5429 3665 5453 ,
3701 5404 3815 5445 non

2211 5500 2435 5561 apparet
2463 5486 2605 5559 apud
2656 5486 2967 5557 Philippum
3016 5482 3329 5555 Hieronymi
3358 5482 3622 5552 Optimum
3652 5481 3818 5537 audi.

2215 5594 2409 5639 torem.
2445 5581 2602 5639 Unde
2631 5580 2857 5651 colligas
2877 5575 3195 5648 Hieronymi
3216 5585 3555 5631 comtaneum
3582 5573 3819 5643 scripto-

2212 5695 2329 5736 rem
2354 5694 2459 5733 non
2491 5677 2650 5733 aliam
2679 5676 2735 5730 in
2771 5672 2883 5729 suis
2912 5670 3188 5739 opusculis
3217 5666 3631 5739 translationem
3665 5664 3822 5722 Lati-

2215 5789 2338 5831 nam
2368 5772 2475 5829 sibi
2501 5768 2852 5842 proposuisse
2877 5762 3278 5839 exponendam,
3309 5761 3411 5817 nisi
3438 5760 3857 5835 llieronymiag

2216 5882 2340 5922 nam
2367 5866 2518 5920 illam
2549 5876 2767 5929 novam,
2802 5875 2962 5932 quam
2987 5858 3236 5929 superius
3258 5854 3575 5912 dicebamus
3599 5854 3651 5911 in
3675 5854 3828 5929 Spe.
