4040 6360
203 347 265 403 65
736 341 1299 404 PROLEGOMENON
1340 343 1404 401 ll.
1446 341 1533 401 DE
1574 341 1898 401 TEMPORE
1939 340 2538 403 TllANSL.\'l‘lONUIll
2577 339 3002 403 l‘llERONYMI.‘
3447 339 3516 403 66

201 457 406 513 CuloS.
456 458 746 530 Augustini
790 469 1166 516 conservatam
1215 475 1228 514 :
1283 459 1486 514 Praeter
1538 459 1802 527 integrum
1832 458 2164 528 Apracscdit
2210 459 2520 530 Gregorius,
2573 470 2788 517 caetera:
2833 477 3020 516 omnes
3054 459 3254 516 Latina:
3305 470 3510 514 secuta:

199 547 313 604 Julii
344 559 582 613 textum,
611 551 808 605 multas
836 552 1246 621 Scripturarum
1271 550 1571 606 sententias
1600 567 1663 606 ac
1686 566 1808 620 pro-
1911 560 2058 622 sunt,
2103 569 2293 609 novam
2344 571 2408 610 ex
2471 555 2699 611 llebrmo
2754 556 3046 612 editionem
3108 557 3513 626 Scripturarum

201 641 486 713 phetarum
511 657 798 699 sermones
824 645 1014 698 recitat
1036 643 1488 714 Pliilippusjuxta
1511 643 1808 698 editionem
1912 647 2294 718 suscipientes,
2331 664 2398 703 eo
2429 649 2570 720 quod
2605 651 2748 704 inter
2777 664 2966 704 omnes
3007 649 3170 720 longe
3209 657 3514 719 pra-staret.

203 749 400 789 novam
437 735 521 789 sui
555 737 820 807 magistri,
856 747 913 790 ut
943 747 1027 790 est
1067 736 1200 790 illud
1247 751 1459 790 comma
1491 737 1751 791 omissum
1779 750 1811 790 a
1913 739 2210 795 Clariorem
2263 755 2385 797 esse
2427 741 2480 796 in
2521 743 2722 812 verbis,
2757 758 2819 797 ac
2841 742 3179 799 veraciorem
3209 743 3261 797 in
3293 752 3521 798 senten-

201 825 343 883 LXX
372 825 820 882 Translatoribus
851 827 902 881 in
937 826 1043 882 fine
1075 827 1300 899 capituli
1334 844 1369 882 ιι
1401 828 1552 882 Isaiae
1580 827 1814 898 prophe-
1916 834 2026 903 tiis,
2057 836 2237 891 nullus
2265 837 2626 908 Antiquorum
2660 854 2856 909 negare
2887 839 3033 894 visus
3055 848 3140 894 est
3174 857 3184 891 :
3216 837 3359 894 unde
3388 837 3520 906 legi-

202 931 319 976 1ωὲ
359 919 625 987 ρυέϐδσίιε
660 922 722 974 ab
770 921 997 988 ¹²ο²ηί¹ιει
1049 921 1199 990 cuius
1248 921 1457 994 δρὶνῑιιιδ
1507 922 1560 976 in
1605 921 1813 975 ηανῖῦιιε
1916 946 2036 986 mus
2089 931 2230 1002 apud
2286 931 2554 987 Isidorum
2604 933 2979 1004 llispalcnsem
3040 933 3134 989 lib.
3181 949 3198 988 ι
3244 933 3312 989 de
3358 931 3495 987 Ollio

203 1015 309 1077 eius
337 1029 355 1068 :
387 1014 511 1083 quia
552 1015 786 1068 excelsus
829 1022 1091 1086 reputatus
1118 1023 1192 1067 est
1228 1013 1355 1084 ipse.
1402 1013 1515 1068 llac
1544 1013 1814 1069 sententia
1919 1022 2066 1079 Eccl,
2121 1039 2240 1094 cap,
2273 1024 2338 1079 12
2370 1044 2382 1079 ;
2419 1024 2495 1081 De
2545 1026 2766 1082 He],er
2796 1036 2967 1082 autem
3019 1029 3074 1082 ίη
3119 1027 3368 1081 Latinum
3417 1026 3524 1080 ειο-

203 1108 377 1161 utitur
394 1107 679 1177 Philippus
708 1107 760 1162 in
786 1107 949 1162 editis
970 1108 1222 1162 omnibus
1234 1105 1676 1172 Commentariis,
1693 1121 1814 1161 cum

1962 1117 2092 1170 aiunt
2126 1121 2481 1174 tantummodo
2512 1119 2868 1192 Hieronymus
2889 1122 3153 1194 presbyter
3179 1137 3355 1176 sacras
3380 1120 3525 1177 Scri-

205 1201 271 1257 dc
301 1201 529 1257 Christo
555 1203 949 1272 interpretatur
974 1201 1065 1256 illa
1090 1202 1251 1256 verba
1280 1202 1383 1258 Job
1403 1217 1522 1271 cap.
1549 1217 1716 1266 xxvn,
1742 1203 1776 1256 5
1801 1218 1813 1254 :
1919 1222 2098 1281 pturas
2127 1213 2371 1265 convertit
2395 1227 2412 1264 :
2440 1217 2589 1284 cujus
2620 1213 2843 1268 editione
2877 1214 3187 1285 generaliter
3209 1231 3384 1269 omnes
3413 1211 3522 1268 Ec-

209 1295 343 1363 Quia
371 1296 540 1350 donec
570 1306 802 1369 superest
838 1295 1033 1350 halitus
1064 1296 1116 1349 in
1149 1312 1250 1365 me,
1283 1305 1330 1350 et
1364 1295 1596 1367 Spiritus
1630 1295 1726 1348 Dei
1764 1296 1817 1350 in
1920 1303 2088 1357 clesiw
2117 1320 2480 1376 usquequaque
2503 1315 2736 1373 utuntur,
2762 1322 2855 1378 pro
2875 1324 2934 1362 eo
2958 1307 3096 1378 quod
3126 1309 3352 1363 veracior
3379 1309 3443 1363 sit
3472 1308 3526 1364 in

214 1389 430 1443 naritus
462 1388 612 1446 meis.
663 1388 824 1442 Plura
862 1403 1162 1460 congerere
1202 1387 1258 1443 in
1302 1399 1558 1459 promptu
1600 1397 1715 1443 eral
1751 1403 1821 1442 οἱ
1922 1399 2207 1464 sententiis,
2237 1409 2283 1454 et
2306 1401 2496 1454 clarior
2523 1402 2576 1454 in
2608 1401 2790 1456 verbis.
2831 1402 2964 1458 Cum
3000 1404 3122 1459 talis
3153 1405 3314 1460 fuerit
3361 1410 3530 1461 inter-

205 1479 482 1551 PFOCUPiO
514 1483 677 1536 etiam
705 1479 935 1546 Gauro;
973 1481 1070 1537 sed
1095 1479 1489 1552 longitudinem
1514 1478 1660 1550 fugio
1683 1481 1734 1534 in
1759 1494 1820 1535 re
1923 1493 2159 1560 preiatio
2193 1492 2906 1565 llieronymi,utdelinitive
2935 1498 3528 1566 pronuntiatlsidorus,

211 1575 348 1629 satis
381 1589 656 1643 superque
684 1573 1082 1628 demonstrata.

1962 1585 2121 1640 tirum
2152 1585 2280 1656 quid
2312 1596 2418 1657 est,
2469 1587 2514 1642 si
2567 1598 2805 1644 veterem
2837 1591 3211 1648 obscuriorcm
3236 1593 3294 1646 in
3323 1593 3528 1662 verbis,

283 1664 375 1719 IV.
416 1664 534 1719 Dixi
567 1664 620 1718 in
658 1663 905 1718 Ecclesia
926 1663 1168 1718 Romana
1196 1673 1470 1732 receptam
1501 1662 1666 1718 fuisse
1695 1670 1824 1717 tem-

1962 1695 1979 1732 ι
2009 1681 2298 1734 sententiis
2328 1697 2434 1736 non
2469 1681 2606 1737 adeo
2636 1697 2890 1738 veracem
2924 1699 3114 1739 omnes
3160 1684 3414 1740 Ecclesim
3446 1700 3533 1740 re-

214 1775 345 1831 pore
375 1758 632 1829 Gregorii
666 1758 844 1828 Magni
876 1769 1160 1828 utramque
1188 1758 1597 1828 Scripturarum
1627 1755 1824 1811 editio-

1969 1771 2245 1827 ndiarint?
2278 1773 2354 1830 De
2385 1789 2486 1828 usu
2519 1775 2702 1846 itaque
2734 1775 3168 1848 llieronymianm
3222 1777 3534 1832 translatio-

212 1867 361 1917 nem.
396 1861 450 1906 Cl
493 1866 755 1918 veterem,
806 1859 860 1906 (τι
907 1867 1104 1906 novam
1158 1851 1657 1924 llieronymianamo
1691 1849 1825 1906 Nam
1857 1865 1905 1926 B
1933 1864 2015 1918 nis
2045 1874 2268 1934 recepto
2319 1866 2460 1936 apud
2494 1881 2686 1923 omnes
2741 1867 3035 1937 Ecclesias,
3090 1869 3228 1925 adeo
3274 1880 3532 1926 c0nstans

211 1942 340 1998 licet
398 1959 592 1999 omnes
651 1944 918 1999 Ecclesiae
974 1943 1182 1999 Christi
1239 1945 1442 2014 primas
1498 1953 1684 2014 partes
1731 1946 1825 1999 tri-

1962 1970 2010 2014 st
2045 1958 2290 2030 Gregorii
2335 1973 2397 2014 ac
2445 1959 2637 2015 Isidori
2675 1961 3004 2028 testificatio,
3040 1973 3098 2017 ut
3139 1964 3357 2031 frustra,
3389 1961 3532 2033 quod

212 2039 448 2094 bucrent
478 2037 556 2092 illi
599 2037 944 2092 translationi
969 2079 983 2104 ,
1013 2053 1172 2108 quam
1204 2038 1273 2093 de
1305 2037 1548 2093 fontibus
1595 2036 1824 2092 llebrai-

1962 2051 2092 2106 talos
2141 2066 2205 2106 ac
2253 2051 2526 2123 llispanos
2558 2062 2792 2124 spectat,
2828 2055 3062 2123 idipsum
3124 2055 3355 2110 aliorum
3398 2056 3536 2110 scri-

222 2134 300 2189 cis
352 2132 656 2188 derivatam
709 2139 1002 2199 noverant,
1057 2141 1278 2202 propter
1323 2130 1703 2200 antiquitatem
1749 2139 1827 2185 ta-

1970 2157 2149 2201 torum
2181 2149 2469 2202 sententiis
2499 2147 2922 2204 affirmaremus.
2955 2149 3049 2204 Ad.
3070 2157 3340 2205 nostrates
3372 2149 3537 2221 igitur

219 2243 342 2283 men
405 2226 653 2297 Vulgata
711 2226 913 2281 Italica:
970 2224 1282 2292 versiouis,
1342 2225 1631 2280 noluerunt
1673 2239 1830 2294 pror-

1962 2239 2330 2309 iroperaudum
2365 2249 2468 2308 est,
2504 2241 2628 2312 quia
2660 2240 2820 2298 ﬁdem
2845 2241 3008 2298 etiam
3035 2242 3310 2299 Gallorum
3347 2251 3534 2314 postu-

215 2334 306 2374 sus
354 2320 598 2374 studium
655 2319 724 2373 ab
774 2319 964 2375 eadem
997 2318 1256 2388 abjicere,
1290 2328 1447 2374 caute
1496 2318 1827 2388 pedetentim
1933 2332 2302 2388 latnrliculus
2332 2349 2592 2406 sequens.

216 2414 396 2470 omnia
429 2415 724 2480 facientes,
762 2425 818 2468 ut
852 2414 993 2484 quod
1024 2413 1366 2480 senescebat,
1423 2422 1614 2483 suapte
1646 2413 1713 2468 ad
1745 2413 1828 2468 in-

220 2510 439 2564 teritum
471 2511 708 2565 veniret.
758 2509 924 2565 Usum
971 2516 1152 2564 autem
1185 2510 1467 2580 utriusque
1513 2508 1718 2563 Latina:
1750 2509 1832 2563 in-

218 2600 634 2672 terpretationis
686 2602 874 2656 docuit
922 2617 1021 2656 nos
1080 2602 1196 2672 ipse
1252 2601 1546 2672 Gregorius
1607 2600 1832 2669 Magnus

220 2697 450 2766 epistola
485 2695 846 2760 dedicatoria,
875 2694 992 2748 sive
1020 2693 1337 2762 praefatione
1362 2694 1642 2748 Moralium
1668 2707 1832 2762 expo-

222 2791 484 2845 sitionum
540 2791 592 2843 in
647 2788 772 2854 Job,
804 2789 882 2842 ait
934 2789 1076 2844 enim
1111 2787 1176 2843 ad
1224 2789 1431 2842 linem:
1478 2785 1686 2840 Novam
1717 2801 1833 2839 vero

231 2883 634 2936 translationem
687 2882 910 2947 dissero,
948 2882 1036 2935 sed
1081 2891 1136 2935 ut
1179 2880 1624 2950 comprobationis
1680 2896 1838 2933 causa

223 2977 405 3046 exigit,
440 2992 576 3029 nunc
608 2990 814 3042 novam,
846 2990 980 3028 nunc
1013 2983 1230 3028 veterem
1253 2991 1342 3046 per
1372 2972 1663 3028 testimonia
1691 2989 1838 3026 assu-

224 3087 305 3122 mo
330 3086 347 3122 :
377 3081 429 3122 ut
459 3069 584 3136 quia
616 3069 760 3123 sedes
791 3069 1078 3140 apostolica
1120 3069 1225 3137 (cui
1254 3076 1464 3122 auctore
1492 3065 1603 3121 Deo
1650 3067 1836 3138 prensi-

227 3163 343 3230 deo)
380 3172 600 3228 utraque
621 3163 806 3226 utitur,
831 3163 929 3217 mei
956 3177 1157 3233 quaque
1182 3163 1325 3216 labor
1349 3163 1508 3216 studii
1531 3177 1596 3217 ea:
1628 3174 1838 3231 utraque

2008 2426 2070 2483 γ.
2101 2427 2371 2483 Gallicani
2398 2428 2648 2484 Psalterii
2677 2444 2875 2485 nomen
2901 2429 3019 2484 tulit
3042 2429 3378 2486 Psalmorum
3403 2428 3542 2486 liber

1935 2518 2003 2574 ab
2059 2519 2389 2592 Hieronymo
2447 2522 2644 2576 iterum
2691 2523 3031 2591 emendatus,
3085 2524 3369 2595 editusque
3411 2539 3535 2580 cum

1935 2611 2110 2668 obelis
2135 2622 2190 2668 et
2219 2615 2496 2670 asteriscis
2527 2623 2541 2670 :
2575 2613 2678 2670 hoc
2717 2632 2849 2670 vero
2895 2616 3114 2670 nomine
3154 2617 3424 2687 appellata
3457 2625 3542 2672 est

1940 2709 2208 2776 posterior
2241 2707 2331 2762 illa
2363 2707 2533 2764 editio
2558 2707 2710 2778 juxta
2744 2707 2909 2776 LXX,
2938 2709 3081 2781 quod
3109 2710 3406 2766 Galliarum
3441 2711 3542 2764 Ec-

1937 2801 2116 2856 clesia:
2149 2801 2289 2857 inter
2327 2817 2517 2857 omnes
2549 2801 2783 2872 primum
2814 2802 3172 2858 discesserint
3208 2803 3274 2859 ab
3302 2817 3400 2859 usu
3430 2802 3544 2857 Ro-

1941 2894 2088 2950 mani
2115 2894 2388 2964 Psalterii,
2419 2894 2544 2950 sive
2575 2895 2780 2951 veteris
2833 2895 2979 2950 illius
3027 2894 3281 2952 editionis
3312 2895 3548 2967 Latinio,

1940 3005 2100 3060 quam
2132 2988 2320 3044 Romae
2367 2989 2578 3059 pOsitus
2626 2988 2996 3060 Hieronymus
3037 3005 3226 3060 magna
3275 3005 3343 3045 ex
3397 2997 3549 3058 parte

1943 3091 2280 3137 correxerat.
2311 3081 2452 3137 llinc
2477 3092 2658 3138 autem
2692 3082 2756 3136 ad
2787 3083 3018 3154 gloriam
3049 3081 3425 3139 Ecclesiarum
3457 3098 3552 3136 no-

1945 3183 2185 3230 strarum
2237 3175 2488 3230 cumulus
2534 3176 2768 3245 accedit,
2804 3191 2910 3231 non
2945 3176 3122 3231 solum
3155 3192 3220 3232 ex
3251 3192 3316 3230 eo
3347 3177 3489 3248 quod
3522 3192 3554 3233 θ

228 3257 502 3329 fulcimur.
539 3256 646 3310 Pro
694 3266 842 3311 textu
895 3256 1128 3312 habebat
1171 3272 1390 3323 novam,
1425 3257 1475 3310 id
1508 3265 1615 3324 est,
1648 3256 1840 3311 Hiero-

1962 3267 2164 3322 luobus
2187 3267 2516 3323 Psalterium
2545 3268 2841 3339 perfectius
2863 3269 3224 3335 retinuerint;
3251 3271 3346 3326 sed
3379 3270 3554 3326 maxi-

228 3354 376 3423 nymi
415 3352 850 3417 translationem,
895 3351 962 3406 ad
1005 3351 1158 3421 cujus
1189 3358 1393 3405 tantum
1438 3351 1840 3421 comprobatio-

230 3463 354 3503 nem
390 3459 545 3504 vetus
567 3449 669 3502 alia
704 3447 772 3502 ab
795 3463 860 3502 eo
887 3447 1268 3517 usurpabatur.
1290 3446 1562 3513 Quantum
1591 3459 1720 3499 vero
1749 3460 1844 3499 au-

231 3542 501 3595 ct'iritatis
553 3541 880 3596 attribueret
932 3541 1370 3612 llieronymianae
1409 3555 1577 3607 super
1630 3538 1837 3604 Italam,

235 3643 421 3703 aperte
447 3633 744 3687 declaravit
789 3633 882 3687 lib.
912 3648 980 3686 xx
1017 3631 1326 3699 Moralium,
1356 3645 1478 3700 cap.
1511 3630 1603 3695 ‘25,
1635 3630 1724 3684 ubi
1753 3645 1848 3686 ex-

238 3727 513 3798 positione
543 3741 639 3781 sua
671 3726 816 3781 hunc
846 3725 967 3781 Jobi
994 3725 1172 3781 locum
1201 3724 1438 3780 illustrat
1471 3741 1484 3777 :
1519 3722 1754 3779 Mutatus
1797 3739 1850 3778 es

241 3818 362 3873 mihi
398 3820 449 3871 in
485 3818 768 3883 crudelem,
804 3826 850 3871 et
897 3818 950 3871 in
981 3817 1180 3871 duritia
1217 3833 1398 3870 manus
1429 3825 1532 3871 tua:
1561 3815 1850 3870 adversaria

241 3913 387 3964 mihi.
415 3910 615 3983 Longe,
650 3911 843 3980 inquit,
875 3909 938 3962 ab
963 3908 1061 3962 hac
1091 3909 1343 3963 sententia
1363 3918 1559 3962 vetusta
1583 3907 1852 3961 translatio

244 4005 499 4069 dissonat,
526 4004 650 4074 quia
677 4002 816 4071 quod
845 4003 898 4055 in
931 4003 1028 4054 hac
1070 4001 1132 4055 de
1172 3997 1282 4055 Deo
1312 4000 1520 4067 dicitur,
1551 3997 1650 4052 hoc
1679 3999 1730 4052 in
1760 3997 1855 4053 illa

245 4099 305 4151 de
334 4097 645 4150 adversariis
668 4104 715 4149 et
742 4094 1155 4167 persecutoribus
1183 4102 1514 4147 memoratur.
1548 4091 1656 4147 Sed
1687 4100 1856 4145 tamen

246 4193 362 4259 quia
408 4192 518 4244 lucc
541 4206 676 4244 nova
720 4189 990 4243 translatio
1021 4204 1084 4243 ea:
1121 4186 1336 4243 Hebraeo
1363 4187 1508 4242 nobis
1541 4187 1859 4258 Arabicoque

249 4282 446 4350 eloquio
473 4290 661 4334 cuneta
693 4281 866 4334 verius
897 4279 1244 4350 transfudisse
1273 4278 1595 4349 perhibetur,
1647 4279 1860 4332 creden-

251 4376 369 4429 dum
398 4385 474 4429 est
501 4374 757 4446 quidquid
801 4379 854 4427 in
902 4389 963 4428 ea
1007 4373 1242 4426 dicitur:
1273 4382 1319 4426 et
1348 4381 1568 4445 Oportet,
1613 4380 1670 4426 ut
1709 4372 1861 4426 verba

250 4471 388 4524 illius
410 4481 591 4522 nostra
615 4468 863 4539 expositio
889 4467 1150 4521 subtiliter
1181 4469 1414 4522 rintetur.
1440 4467 1523 4521 Ait
1549 4483 1671 4540 ergo
1695 4482 1714 4521 :
1743 4466 1863 4520 Mu-

254 4577 385 4621 tatus
423 4583 502 4630 es,
537 4576 643 4620 etc.
679 4563 754 4620 lta
811 4566 1034 4634 Magnus
1090 4561 1184 4618 ille
1232 4562 1551 4633 Gregorius,
1600 4562 1862 4618 Ecclesiae

1945 3377 2034 3418 me
2068 3362 2191 3431 quia
2225 3377 2324 3416 usu
2352 3361 2623 3431 psallendi
2681 3362 2733 3416 in
2789 3361 3086 3419 Gallicanis
3117 3363 3376 3420 Ecclesiis
3405 3363 3551 3420 cele-

1946 3453 2134 3509 bratus
2185 3461 2273 3510 est
2319 3453 2387 3509 ab
2435 3453 2660 3524 antiquo
2691 3469 2810 3508 aevo
2858 3455 2995 3510 liber
3038 3454 3136 3512 ille
3187 3456 3552 3528 Psalmorum,

1948 3563 2108 3618 quem
2139 3564 2262 3602 cum
2288 3548 2414 3602 aliis
2443 3547 2600 3602 libris
2630 3547 2914 3604 canoiiicis
2944 3549 3159 3619 publico
3194 3549 3413 3605 tandem
3459 3549 3556 3606 de-

1946 3654 2096 3700 creto
2177 3641 2428 3714 probavit
2493 3645 2831 3700 oecumenica
2902 3643 3145 3716 synodus
3209 3643 3555 3700 Tridentina.

1947 3737 2160 3805 Quanta
2194 3731 2358 3809 porro
2408 3737 2573 3794 fuerit
2601 3739 2884 3810 diligentia
2926 3750 3232 3796 nostratum
3265 3739 3320 3795 in
3351 3739 3558 3796 descri-

1951 3832 2132 3889 bendo
2165 3837 2332 3890 hocce
2363 3833 2630 3889 Psalterio
2657 3849 2779 3889 cum
2813 3835 3098 3890 asteriscis
3125 3843 3178 3890 et
3216 3834 3408 3900 obelis,
3443 3821 3552 3890 non

1951 3925 2170 3981 aliunde
2196 3935 2448 3981 testatum
2475 3928 2922 3998 volumus,qnam
2954 3942 3020 3982 ex
3053 3927 3262 3982 infinita
3287 3927 3442 3997 capia
3465 3941 3559 3982 co-

1953 4017 2131 4074 dicunt
2158 4033 2288 4075 mss.
2315 4019 2404 4090 qui
2430 4035 2552 4074 cum
2579 4019 2774 4074 talibus
2801 4019 3243 4074 diStinctionibus
3271 4025 3566 4090 supersunt

1956 4126 2128 4182 usque
2153 4109 2317 4166 hodie
2346 4111 2397 4165 in
2430 4109 2728 4167 Gallicanis
2756 4110 3126 4168 bibliothecis.
3159 4112 3212 4166 ln
3257 4109 3407 4166 Italia
3457 4127 3564 4167 non

1959 4203 2033 4259 ita
2060 4203 2364 4267 abundant,
2415 4212 2470 4259 et
2516 4218 2788 4274 perpauca
2844 4203 2984 4274 apud
3018 4218 3149 4260 suos
3203 4204 3479 4260 invenisse
3507 4219 3567 4261 se

1961 4297 2291 4367 exemplaria
2314 4295 2514 4368 fatetur
2535 4296 2726 4352 doctus
2743 4297 2917 4354 Carus
2941 4298 3226 4370 presbyter
3248 4297 3555 4370 theologus,

1963 4389 2052 4458 qui
2077 4389 2383 4446 inchoatam
2417 4389 2575 4445 nobis
2606 4381 3078 4447 dedite-ditionem
3133 4391 3386 4447 Psalterii
3431 4389 3563 4446 Ilie-

1966 4482 2269 4554 ronymiani
2315 4497 2435 4537 cum
2488 4497 2651 4553 supra
2696 4482 2853 4538 dictis
2883 4483 3162 4539 obelorum
3192 4493 3244 4539 et
3273 4484 3567 4540 asterisco-

1967 4590 2086 4629 rum
2118 4573 2306 4645 signis.
2339 4573 2450 4630 Nos
2477 4574 2952 4645 praestantissimos
3004 4575 3056 4629 id
3112 4590 3304 4646 genus,
3346 4589 3412 4630 ac
3439 4590 3565 4645 per-

253 4660 536 4715 catltulicm
567 4659 768 4724 lumen,
795 4671 1242 4726 summorumque
1271 4655 1588 4726 pontificum
1615 4655 1781 4712 dCCUS
1811 4663 1864 4709 ει
1891 4671 1945 4734 D
1971 4669 2170 4724 mullos
2197 4666 2416 4724 codices
2447 4683 2579 4723 mss.
2614 4667 2917 4733 consecuﬁ’
2935 4666 3230 4736 supplenda
3257 4668 3574 4725 curavimus

255 4753 557 4823 exemplar.
615 4752 786 4820 Quem
817 4751 862 4806 si
905 4749 1128 4804 luissem
1183 4747 1473 4818 aliquoties
1516 4747 1760 4802 imitatus
1809 4747 1863 4803 in

255 4848 410 4904 laude
457 4847 901 4917 llicronymiante
935 4843 1328 4914 translationis,
1361 4841 1593 4898 dicendo
1617 4857 1737 4898 eam
1771 4858 1866 4898 no-

256 4941 336 4996 bis
362 4941 536 4995 verius
565 4946 758 4994 cuncta
792 4936 1174 5005 transfudisse,
1220 4951 1285 4991 ac
1329 4935 1660 4992 credendum
1715 4938 1869 5007 quid-

255 5037 378 5106 quid
407 5037 462 5090 in
497 5049 559 5090 ea
593 5033 789 5104 legitur
839 5031 1099 5101 scriptum
1135 5047 1149 5085 :
1209 5029 1352 5085 Deus
1405 5029 1583 5099 bonef!
1635 5039 1868 5100 quantos

255 5130 640 5185 sristinuissem
700 5128 937 5197 impetus
993 5133 1049 5181 et
1099 5122 1314 5180 furores
1363 5124 1654 5180 sciolorum
1709 5124 1870 5194 hujus

259 5222 546 5293 temporis,
579 5219 671 5290 qui
703 5234 789 5275 me
819 5217 1142 5274 temeritatis
1175 5215 1492 5271 insimulare
1522 5215 1722 5271 alicubi
1748 5217 1869 5272 ausi

260 5325 410 5383 sunt,
439 5313 592 5385 quod
623 5313 915 5375 dixissem,
946 5309 1242 5366 Ecelesiam
1267 5309 1568 5366 Romanam
1595 5324 1868 5380 nunquam

261 5406 594 5462 discessisse
623 5420 655 5457 a
693 5403 913 5474 Vulgata
948 5401 1158 5468 Latina,
1209 5400 1262 5456 in
1314 5400 1478 5456 rebus
1507 5399 1670 5457 etiam
1713 5402 1872 5457 chro-

261 5499 555 5572 nologicis.
588 5497 697 5555 Sed
747 5511 920 5569 apage
951 5511 980 5550 a
1012 5494 1175 5550 nobis
1206 5493 1515 5565 hujusmodi
1547 5496 1870 5567 scriptores,

263 5596 354 5666 qui
381 5593 590 5650 Iberias
616 5593 823 5649 naanias
854 5591 1008 5647 libris
1053 5589 1379 5647 authenticis
1407 5591 1726 5662 praeferunt,
1775 5606 1876 5648 nec

257 5689 525 5761 judicium
557 5687 822 5744 Ecclesiae
864 5687 994 5756 Dei,
1024 5700 1320 5742 suorumve
1348 5686 1658 5758 pontiﬁcum
1690 5685 1878 5741 nobis-

266 5801 387 5842 cum
419 5793 830 5841 consectantur.

343 5879 570 5937 Matrem
600 5879 846 5935 omnium
879 5877 1277 5946 Ecclesiarum,
1328 5879 1434 5948 cui,
1482 5883 1704 5934 auctore
1748 5874 1880 5947 Deo,

1968 4776 2088 4832 qua:
2119 4761 2309 4816 deesse
2352 4759 2678 4816 videbantur
2704 4760 2757 4814 in
2787 4758 3026 4814 editione
3058 4756 3300 4814 Romana
3328 4757 3474 4814 Cari.
3507 4761 3577 4816 At

1969 4853 2142 4908 dehis
2166 4852 2289 4908 vide
2312 4851 2454 4908 infra
2481 4852 2909 4908 admonitionem
2934 4861 3178 4907 nostram
3206 4854 3258 4909 in
3283 4860 3576 4925 utrumque

1972 4946 2296 5002 Psalterium
2322 4945 2627 5001 Romanum
2657 4956 2710 5002 et
2737 4944 3102 5002 Gallicanum.

2043 5037 2340 5095 Galliarum
2396 5038 2671 5095 Ecclesias
2719 5053 2988 5094 summam
3041 5040 3426 5098 auctoritatem
3477 5043 3579 5098 tri-

1972 5131 2158 5188 buisse
2189 5147 2340 5187 novre
2363 5147 2428 5187 ex
2456 5130 2685 5186 Hebraeo
2716 5130 3083 5198 translationi,
3117 5133 3394 5202 conjicere
3422 5133 3581 5191 nobis

1976 5225 2101 5282 licet
2150 5241 2218 5281 ex
2269 5224 2363 5280 illo
2418 5239 2540 5290 usu,
2585 5239 2745 5294 quem
2792 5231 3109 5280 constanter
3161 5224 3476 5282 retinebant
3526 5224 3582 5282 in

1978 5315 2246 5372 Psalterio
2293 5315 2451 5385 juxta
2504 5312 2652 5369 LXX
2696 5313 3034 5386 lnterpretes
3069 5316 3362 5372 emendato
3399 5325 3585 5388 poste-

1977 5409 2214 5465 rioribus
2255 5409 2403 5464 curis
2434 5405 2776 5480 Hieronymi.
2817 5405 2950 5463 Nam
2995 5422 3093 5463 cur
3125 5397 3188 5462 in'
3213 5417 3327 5465 toto
3357 5425 3464 5465 non
3497 5420 3587 5466 re-

1978 5501 2244 5571 ciperent,
2279 5498 2422 5570 quod
2453 5498 2508 5553 in
2536 5497 2783 5568 partibus
2807 5507 2956 5554 tanto
2978 5498 3160 5554 studio
3191 5498 3586 5570 susceperant?

1982 5593 2099 5649 Hoc
2146 5600 2250 5658 est,
2283 5592 2327 5648 si
2362 5591 2700 5662 exemplaria
2728 5590 3021 5648 emendata
3049 5590 3117 5647 ad
3147 5591 3366 5649 Grtecas
3412 5593 3586 5649 inter-

1986 5687 2344 5759 pretationes,
2391 5702 2512 5759 quae
2567 5687 2794 5757 propius
2842 5685 3179 5742 accedebant
3236 5685 3588 5744 Hebrzeorum

1990 5778 2286 5846 codicibus,
2344 5794 2542 5851 magno
2589 5778 2773 5835 studio
2833 5786 3108 5849 nostrates
3163 5788 3524 5849 susceperunt
3575 5798 3589 5836 :

1994 5883 2193 5947 quanta
2225 5882 2477 5945 putamus
2510 5872 2788 5931 voluntate
2819 5872 3116 5932 adhaesisse
3160 5887 3258 5931 eos
3305 5871 3592 5934 llebraica:
