4040 6360
529 271 598 342 βτ
1091 262 1102 310 λ
1149 267 1245 328 ΔΙ)
1281 267 1342 328 S.
1383 264 1770 326 HIERONYMI
1813 263 2100 327 DlVlNAM
2142 263 2658 324 BIBLIOTHECAM
2696 266 3230 330 PROLEGOMENA.
3765 268 3838 326 69

526 385 767 455 Veritati,
796 393 996 458 quanta
1023 385 1364 458 iucunditate
1393 385 1462 444 de
1492 385 1638 442 fonte
1671 384 1966 457 purissimo
1999 382 2129 435 hau-
2159 389 2202 462 Α
2237 381 2413 436 multis
2447 383 2601 456 hujus
2636 384 2754 440 libri
2784 385 2910 440 locis
2938 397 3176 462 apparet,
3223 392 3272 442 et
3305 390 3566 458 praecipue
3605 385 3662 441 in
3693 387 3840 444 libris

525 486 664 534 stam
696 493 892 550 aquam
923 478 1194 536 ebibisse!
1223 478 1423 535 Verum
1455 495 1522 534 ne
1549 476 1882 548 coniecturis
1916 483 2123 540 tantum

524 571 728 633 nostris
755 579 1065 631 astruamus
1107 571 1423 644 opinionem
1453 571 1524 628 de
1551 585 1650 626 usu
1684 565 2125 641 Hieronytniana:

522 662 899 737 translationis
948 665 1091 730 apud
1142 664 1352 732 Gallos,
1414 665 1568 720 testis
1623 662 1848 718 accedat
1895 653 2124 716 idoneus

523 754 842 828 Stephanus
873 757 1055 812 Abhas
1083 756 1466 813 Cisterciensis
1517 755 1814 824 secundus,
1866 754 1958 826 qui
2007 767 2120 808 rem

519 860 762 922 nostram
837 851 999 924 plane
1058 851 1342 906 conﬁciat.
1399 850 1450 905 ls
1503 849 1670 920 igitur
1729 847 1896 904 verbo
1959 854 2124 918 atque

517 943 774 1014 exemplo
800 958 898 998 suo
927 943 1112 1007 docet,
1156 954 1395 996 veterem
1426 940 1676 996 Latinam
1710 938 2118 1009 interpretatio-

519 1050 644 1090 nem
693 1037 994 1108 neglectam
1032 1037 1196 1090 fuisse
1229 1035 1370 1106 apud
1424 1045 1701 1102 nostrates,
1752 1045 1978 1106 propter
2027 1048 2122 1087 uo-

515 1145 664 1198 vam,
700 1147 860 1202 quam
911 1129 1061 1186 Itala:
1091 1128 1344 1182 simulam
1393 1128 1672 1199 objecerat
1732 1128 2117 1198 Ilieronymus.

512 1223 645 1280 Nam
677 1223 948 1300 descripta
1001 1237 1282 1276 sacrorum
1327 1221 1629 1279 Bibliorum
1662 1220 2000 1292 exemplaria
2050 1221 2116 1273 ad

511 1331 673 1372 usum
715 1331 828 1373 suae
869 1317 1335 1388 congregationis,
1364 1331 1487 1372 cum
1515 1315 1724 1392 aliquot
1755 1316 1886 1370 locis
1917 1313 2121 1370 redun-

511 1409 699 1466 dantia
756 1425 820 1466 ac
858 1425 1048 1481 parum
1095 1424 1334 1464 consona
1382 1408 1827 1481 Hieronymiana:
1880 1405 2118 1460 versioni

512 1489 848 1577 repetisset,
892 1503 1042 1560 illico
1090 1504 1330 1560 offensus
1387 1502 1695 1574 hujusmodi
1745 1501 2010 1567 dissitliis,
2066 1508 2121 1554 et

511 1597 802 1660 collatione
856 1597 996 1652 facta
1058 1596 1376 1651 Latinorum
1408 1612 1530 1651 cum
1564 1595 1809 1652 Hebraeis
1839 1595 2113 1666 codicum,

511 1689 788 1747 eradenda
823 1702 875 1744 et
904 1689 1268 1745 oblitteranda
1296 1689 1468 1743 voluit
1497 1688 1549 1742 in
1581 1704 1681 1744 suo
1709 1688 1958 1743 Historiae
1981 1685 2120 1742 divi-

2229 472 2451 551 Regum,
2497 475 2582 532 ubi
2624 481 2796 552 major
2841 495 2964 550 pars
3003 481 3198 537 erroris
3244 479 3621 535 inveniebatur.
3683 481 3842 536 Nunc

2225 583 2344 622 vero
2374 585 2568 638 omnes,
2619 570 2710 642 qui
2749 569 2848 624 hoc
2893 569 3134 636 volumen
3176 580 3300 644 sunt
3326 573 3531 640 lecturi,
3562 587 3838 654 rogamus,

2225 671 2482 746 quatenus
2507 661 2657 716 nullo
2683 663 2836 732 modo
2863 665 3142 738 pra-:dictas
3167 676 3360 736 partes,
3406 665 3486 724 vel
3533 682 3708 721 versus
3745 682 3841 726 su-

2227 755 2457 828 perﬂuos
2507 753 2628 812 huic
2677 757 2820 826 operi
2865 756 3095 828 amplius
3141 757 3458 832 adjungant.
3509 757 3656 820 Satis
3699 759 3839 828 enim

2226 842 2362 912 lucet
2392 845 2448 899 in
2472 845 2657 918 quibus
2691 847 2818 902 locis
2845 858 3011 912 erant,
3043 852 3167 919 quia
3194 865 3378 906 rasura
3408 852 3714 922 pergameni
3742 868 3836 909 ea:

2226 935 2344 996 dem
2366 935 2484 992 lora
2503 954 2604 992 non
2634 939 2785 993 celat.
2818 939 3192 996 lnterdicimus
3213 943 3372 996 etiam
3393 943 3709 1014 auctoritate
3735 943 3838 1000 Dei

2223 1036 2272 1082 et
2303 1040 2494 1084 nostra:
2525 1030 2665 1104 Cong
2685 1034 2975 1106 'rgationis,
3003 1051 3066 1088 ne
3087 1036 3200 1106 quis
3232 1038 3370 1090 [tunc
3399 1036 3611 1106 librum,
3643 1054 3836 1108 magno

2224 1123 2401 1188 labore
2450 1135 2826 1196 prwparatum,
2876 1126 3145 1184 inhoneste
3194 1139 3448 1214 tractare,
3506 1132 3586 1184 vel
3637 1133 3838 1206 ungula

2224 1229 2318 1280 sua
2346 1231 2438 1287 per
2471 1219 2806 1289 scripturam,
2842 1221 2919 1273 vel
2949 1223 3236 1294 marginem
3276 1225 3390 1296 ejus
3417 1223 3624 1298 aliquid
3655 1234 3838 1287 notare

2222 1318 2527 1380 presumat.

2298 1400 2655 1459 Luculentum
2697 1405 2836 1463 adeo
2865 1408 3037 1464 sancti
3069 1409 3171 1464 viri
3205 1411 3584 1468 testimonium
3617 1428 3718 1469 nos
3761 1413 3832 1482 ad

2225 1495 2360 1548 alias
2394 1497 2746 1565 probationes
2779 1515 2886 1554 non
2918 1502 3046 1556 sinit
3076 1501 3228 1560 abire
3255 1519 3270 1559 :
3296 1503 3504 1562 diserte
3535 1509 3682 1562 enim
3713 1521 3832 1570 rem

2223 1589 2560 1658 propositam
2593 1592 2908 1660 CXpllGaVil,
2940 1591 3123 1650 Gallos
3153 1595 3352 1654 scilicet
3392 1605 3652 1658 nostrates
3683 1599 3832 1656 Lati-

2167 1689 2173 1700 '
2221 1698 2345 1735 nam
2372 1698 2401 1736 e
2432 1684 2580 1752 [ante
2611 1684 2872 1740 Hebraico
2917 1688 3200 1746 editionem
3231 1689 3549 1765 Hieronymi
3568 1697 3832 1768 jamjam-

510 1799 596 1840 nte
639 1790 952 1858 apographo
1007 1799 1364 1856 quaecumque
1423 1783 1618 1838 abesse
1667 1782 1995 1836 dicebantur
2060 1777 2116 1833 in
2147 1791 2196 1856 Β
2221 1790 2320 1845 que
2345 1778 2630 1846 suscepisse
2661 1794 2680 1833 :
2707 1788 2917 1834 crateras
2966 1797 3085 1836 vero
3115 1799 3292 1838 omnes
3338 1783 3646 1858 interpretes
3669 1802 3830 1858 repu-

509 1875 662 1952 lonte
695 1877 987 1946 Hebraico,
1037 1891 1140 1949 nec
1193 1877 1365 1944 posita
1410 1873 1640 1930 vidisset
1677 1872 1818 1944 apud
1854 1871 2117 1942 llierony-

511 1986 682 2044 mum.
737 1969 1010 2040 Insignior
1053 1981 1138 2025 est
1181 1969 1333 2026 locus
1359 1985 1518 2040 quam
1553 1976 1612 2022 ut
1641 1983 1669 2019 a
1704 1965 1860 2020 nobis
1895 1976 2116 2034 praetcr-

511 2066 782 2136 mittatur,
816 2074 907 2119 aut
938 2081 1005 2120 ex
1031 2079 1098 2120 eo
1125 2065 1318 2119 lectori
1350 2063 1553 2130 aliquid
1585 2062 1868 2132 depereat.
1918 2051 2113 2114 Totum

509 2158 738 2239 proinde
771 2159 1167 2227 transcribam,
1202 2157 1658 2230 quemadmodum
1707 2171 1882 2226 nuper
1935 2154 2114 2210 editus

507 2261 592 2306 est
623 2268 650 2303 a
689 2251 900 2306 Domno
921 2250 1134 2306 Joanne
1167 2250 1486 2304 Mabillonio
1525 2248 1592 2304 ad
1634 2248 1839 2304 calcem
1873 2256 2006 2302 tom.
2042 2246 2112 2304 1V

509 2361 736 2420 operum
766 2345 936 2400 sancti
965 2343 1225 2400 Bernardi
1257 2345 1368 2398 θυι.
1394 2359 1447 2398 xi
1479 2352 1534 2399 et
1565 2357 1658 2398 xtl.

503 2479 743 2521 CBNrUBA
767 2477 1031 2520 STEPHANI
1056 2476 1276 2536 AHBA'I'IS
1299 2473 1695 2516 CISTERCIENSIS
1719 2473 1756 2514 ιι
1784 2473 1852 2514 DE
1880 2472 2110 2522 Αωρυοτ

1068 2547 1220 2590 LOCIS
1249 2547 1556 2592 Βιθιιοιιυκ.

578 2627 770 2686 Frater
801 2629 1124 2701 Stephanus,
1176 2627 1316 2684 Novi
1349 2626 1654 2684 Honeste-iii
1697 2626 1876 2694 abbas,
1899 2633 1946 2680 et
1975 2641 2110 2698 pra:-

499 2723 754 2784 sentibus.
777 2732 824 2778 et
847 2721 1042 2794 futuris
1065 2720 1222 2776 servis
1249 2718 1345 2774 Dei
1367 2719 1608 2773 salutem.
1643 2716 1792 2772 Hanc
1818 2715 2110 2786 Historiam

500 2817 724 2874 scribere
744 2818 1097 2888 disponentes,
1129 2815 1261 2869 inter
1285 2814 1538 2888 plurimos
1563 2812 1745 2878 libros,
1775 2826 1902 2882 quos
1929 2810 1992 2864 de
2019 2809 2106 2864 di-

501 2909 660 2964 versis
689 2907 932 2964 Ecclesiis
962 2908 1420 2980 congregavimus,
1453 2916 1508 2960 ut
1537 2907 1848 2959 veraciorem
1875 2919 2108 2974 sequere-

497 3019 639 3074 mur,
687 3003 740 3056 in
781 3001 1052 3074 quemdam
1077 3001 1186 3072 fere
1215 2999 1280 3054 ab
1309 2999 1548 3054 omnibus
1576 2998 1801 3052 multum
1831 2997 2108 3052 dissonan-

500 3104 601 3150 tem
626 3095 954 3168 imprgimus.
987 3092 1056 3148 Et
1086 3096 1213 3164 quia
1240 3093 1392 3147 illum
1421 3090 1706 3162 pleniorem
1733 3091 1932 3144 cwteris
1959 3089 2102 3142 inre-

2226 1867 2416 1921 diasse.
2451 1867 2748 1924 Galliarum
2784 1873 2946 1942 igitur
2977 1874 3238 1930 Ecclesia:
3263 1875 3654 1950 Hieronymum
3683 1883 3834 1940 velut

2218 1961 2488 2034 proprium
2513 1961 2840 2036 interpretem
2861 1969 3259 2041 suscipiebant,
3281 1983 3335 2028 ct
3358 1973 3448 2044 qui
3471 1973 3537 2030 ad
3569 1975 3830 2032 Hebraic-

2219 2068 2338 2108 rum
2386 2055 2602 2110 codices
2653 2059 2971 2116 adornatam
3033 2074 3302 2124 noverant
3352 2067 3526 2122 sancti
3573 2066 3830 2125 Doctoris

2219 2149 2656 2217 translationem,
2695 2169 2785 2221 per
2813 2157 2987 2210 omnia
3041 2157 3316 2215 cht'aicte
3342 2169 3497 2234 atque
3526 2159 3832 2220 Chaldaicis

2216 2243 2422 2297 veritati
2465 2245 2748 2314 credentes,
2797 2249 3072 2320 superﬂua
3114 2269 3346 2326 qumque
3393 2271 3460 2312 ex
3497 2256 3616 2312 aliis
3646 2257 3826 2315 inter-

2215 2339 2611 2404 pretationibus
2640 2340 2879 2396 derivata
2931 2344 2982 2400 in
3031 2361 3216 2402 sacros
3267 2349 3487 2408 codices
3519 2350 3824 2422 Bibliorum

2214 2426 2340 2482 imis
2365 2430 2506 2484 ceris
2526 2431 2930 2492 oblitterabant.
2949 2437 3086 2493 llinc
3113 2449 3254 2496 tanta
3283 2443 3438 2498 nobis
3461 2444 3620 2522 COpia
3641 2461 3831 2502 exent-

2215 2524 2444 2596 plarium
2476 2528 2720 2584 Catienis
2755 2531 3038 2588 llebraicm
3077 2535 3346 2600 veritatis,
3377 2555 3498 2609 qua:
3528 2540 3581 2596 in
3611 2541 3827 2600 Biblio-

2215 2616 2388 2674 thecis
2403 2618 2730 2676 Francorum
2744 2623 2924 2679 adhuc
2935 2641 2995 2680 su
3005 2628 3505 2701 persunt.Quinque
3520 2633 3602 2686 vel
3618 2647 3710 2689 sex
3727 2633 3827 2690 liu-

2206 2707 2445 2782 jusmodi
2474 2714 2886 2784 antiqui~simos
2917 2716 3140 2775 codices
3173 2719 3388 2778 Hebraei
3417 2721 3680 2793 Canonis,
3713 2725 3826 2782 La-

2213 2804 2424 2860 tinitate
2455 2805 2686 2862 donatos
2718 2809 2786 2862 ab
2815 2809 3172 2884 Hieronymo,
3207 2815 3628 2886 suppeditarunt
3659 2820 3822 2875 nobis

2209 2897 2278 2952 ad
2329 2910 2656 2970 przesenlem
2707 2901 3001 2958 editionem
3056 2903 3353 2964 Gallicana:
3404 2909 3817 2968 Bibliothecze:

2209 3005 2330 3046 cum
2382 3009 2480 3047 nec
2513 2992 2730 3048 unicum
2761 2997 3042 3067 exemplar
3067 2997 3299 3075 inveniri
3331 3005 3574 3072 potuerit
3604 3004 3656 3058 in
3690 3003 3819 3076 aliis

2207 3083 2542 3154 regionibus,
2575 3085 2666 3140 ubi
2698 3098 2876 3143 tamen
2922 3089 3194 3150 innumeri
3233 3106 3524 3164 superesse
3556 3095 3820 3167 dicuntur

497 3186 690 3254 nimus,
723 3187 880 3258 ﬁdem
922 3185 965 3239 ei
1003 3183 1477 3250 accommodantes,
1521 3181 1657 3236 hanc
1689 3180 1998 3242 Historiam,
2021 3195 2100 3234 se-
2131 3186 2176 3249 ο
2209 3177 2424 3231 εούὶϐρε
2465 3177 2675 3232 Latinae
2711 3179 2960 3250 Vulgata:
2989 3197 3003 3234 :
3036 3197 3158 3258 qua:
3186 3185 3434 3254 quidem,
3468 3190 3570 3243 etsi
3623 3189 3819 3246 Hiero-

497 3279 728 3334 cundum
757 3277 896 3350 quod
925 3279 978 3333 in
1005 3277 1185 3332 eodem
1232 3277 1366 3332 libro
1415 3276 1726 3340 invenimus,
1777 3273 2100 3346 scripsimus.

499 3375 616 3444 Qua
643 3372 862 3448 digesta,
896 3388 1000 3426 non
1029 3370 1233 3425 modice
1271 3370 1336 3426 de
1377 3371 1709 3424 dissonantia
1739 3366 2104 3426 Historiarum

496 3464 692 3519 turbati
712 3481 890 3523 sumus
915 3479 934 3518 :
964 3465 1084 3534 quia
1107 3463 1205 3516 hoc
1235 3463 1392 3533 plena
1420 3462 1567 3516 docet
1595 3461 1758 3527 ratio,
1784 3468 1840 3513 nt
1869 3460 2006 3531 quod
2037 3459 2101 3512 ab

490 3573 596 3612 uno
655 3557 966 3628 interprete,
1025 3556 1264 3610 videlicet
1327 3555 1474 3610 beato
1534 3553 1889 3626 Hieronymo,
1949 3569 2098 3625 quem

492 3649 688 3704 cwteris
741 3649 1112 3720 interpretibus
1175 3649 1416 3714 omissis,
1472 3656 1725 3702 nostrates
1774 3649 2102 3720 jamjamque

491 3751 849 3813 susceperant,
900 3741 965 3796 de
1013 3757 1116 3796 uno
1147 3739 1423 3796 Ilebrtticm
1451 3740 1681 3795 veritatis
1709 3739 1850 3812 fonte
1875 3741 2101 3796 transla-

487 3842 601 3890 tum
627 3843 726 3902 est,
760 3851 923 3906 unum
952 3835 1133 3890 debeat
1164 3851 1371 3890 sonare.
1409 3835 1546 3890 Sunt
1575 3843 1748 3888 tamen
1775 3835 1988 3903 quidam
2015 3850 2100 3888 ve-

488 3929 612 3996 teris
641 3927 960 3984 Testameuti
1009 3929 1150 4000 libri,
1183 3929 1273 4001 qui
1325 3945 1429 3983 non
1477 3927 1542 3981 de
1594 3926 1878 3994 chraico,
1908 3927 1998 3981 sed
2036 3928 2099 3980 de

490 4021 776 4081 Cltaldaico
819 4039 1052 4078 sermone
1101 4022 1166 4076 ab
1217 4022 1394 4077 eodem
1438 4031 1614 4078 nostro
1671 4021 1948 4092 interprete
1976 4029 2098 4075 sunt

489 4114 780 4169 translati:
822 4115 948 4186 quia
989 4115 1064 4168 sic
1113 4129 1202 4168 eos
1252 4113 1393 4186 apud
1435 4111 1651 4167 Juda'os
1702 4112 1917 4178 invenit,
1962 4113 2098 4166 sicut

486 4205 701 4282 ipsemet
729 4208 781 4263 iu
809 4206 1041 4280 Prologo
1069 4187 1226 4278 super
1253 4204 1472 4260 Danicle
1518 4204 1720 4272 scribit,
1753 4221 1946 4278 nosque
1976 4205 2097 4260 illos

485 4299 619 4355 sicut
649 4308 862 4356 cwteros
889 4299 1049 4355 libros
1087 4297 1370 4354 secundum
1397 4299 1510 4360 eius
1537 4296 1934 4351 translationem
1979 4313 2098 4352 sus-

485 4393 734 4465 cepimus.
789 4390 939 4447 Unde
968 4408 1060 4446 nos
1103 4389 1325 4444 multum
1385 4393 1446 4444 de
1492 4389 1757 4444 discordia
1799 4400 2095 4444 nostrorum

485 4483 910 4556 librorumpquos
939 4485 1002 4539 ab
1024 4501 1130 4539 uno
1154 4484 1434 4554 interprete
1454 4482 1801 4554 suscepimus,
1827 4482 2092 4536 admiran-

2207 3285 2428 3341 nytnum
2461 3272 2698 3327 habebat
2722 3281 3025 3344 auctorem,
3064 3277 3230 3332 multa
3275 3288 3454 3336 tamen
3480 3275 3818 3340 "retinetad-

2206 3364 2360 3417 mista
2398 3363 2466 3418 de
2493 3363 2615 3418 aliis
2641 3367 3002 3435 editionihns,
3052 3379 3106 3423 et
3145 3369 3262 3426 haec
3300 3373 3482 3426 omnia
3535 3383 3813 3446 tamquam

2205 3455 2478 3526 superﬂua
2552 3459 2826 3514 eradenda
2895 3461 2948 3516 in
3018 3463 3302 3519 codicibus
3371 3466 3815 3540 llieronymianu:

2203 3550 2574 3604 translationis
2629 3555 2946 3622 procuravit
3005 3553 3318 3626 Stephanus
3383 3558 3553 3616 abbas
3615 3563 3815 3618 cister—

2203 3641 2418 3698 ciettsis.
3169 3663 3174 3674 ·

2274 3737 2542 3792 (laterum
2589 3755 2697 3796 non
2731 3747 2815 3794 est
2842 3739 3006 3812 hujus
3033 3742 3135 3798 loci
3169 3743 3409 3814 linguam
3439 3755 3498 3808 et
3522 3761 3810 3804 sermones

2201 3830 2377 3886 critici
2407 3831 2688 3902 cujusdam
2729 3835 3017 3902 scriptoris
3067 3838 3398 3905 retundere,
3443 3840 3533 3909 qui
3577 3840 3810 3898 utilibus

2204 3935 2450 3978 veterum
2501 3941 2564 3982 ac
2611 3926 3001 3984 hodiernorum
3057 3930 3452 3988 monachorum
3524 3934 3808 4007 laboribus

2199 4016 2470 4086 invidens,
2483 4020 2932 4090 comparitionem
2965 4023 3211 4080 criminis
3240 4025 3807 4084 adornavitadversns

2199 4110 2448 4166 abbatem
2479 4111 2838 4182 Stephanum,
2868 4115 3013 4186 quod
3040 4115 3354 4174 Judteorum
3374 4119 3662 4190 magistros
3686 4120 3810 4176 adi-

2198 4207 2388 4278 visset,
2445 4215 2504 4260 ut
2555 4223 2622 4262 ex
2680 4208 2964 4264 codicibus
2993 4209 3238 4276 Hebraeis
3267 4208 3536 4282 judicium
3567 4212 3800 4285 laceret,

2196 4315 2444 4372 quaenam
2474 4303 2758 4358 retinenda
2811 4313 2998 4360 essent
3042 4307 3096 4360 in
3144 4304 3355 4362 Latinis
3386 4321 3666 4364 sacrorum
3712 4309 3806 4372 Bi-

2197 4394 2432 4458 bliorum
2477 4397 2934 4469 exeu‘iplaribus,
2982 4415 3234 4470 quaenam
3284 4415 3418 4458 vero
3483 4403 3806 4474 castiganda

2197 4489 2280 4544 vel
2333 4489 2686 4559 amputanda.
2738 4493 2902 4559 Quasi
2951 4493 3006 4548 in
3047 4509 3114 4548 eo
3155 4495 3554 4552 emendationis
3599 4512 3803 4568 genere

483 4585 579 4646 tes,
619 4573 835 4634 Judteos
865 4579 1118 4650 quosdam
1167 4577 1223 4630 in
1269 4593 1366 4630 sua
1393 4575 1669 4645 Scriptura
1696 4574 1892 4650 peritos
1919 4575 2086 4629 adivi—
2109 4579 2164 4661 ρ
2189 4584 2550 4654 praemonitus
2577 4600 2681 4640 non
2706 4596 2852 4642 esset
2872 4585 2942 4641 ab
2962 4586 3082 4654 ipso
3105 4586 3464 4660 Hieronymo,
3484 4589 3576 4662 qui
3598 4575 3802 4662 sutpius

483 4688 624 4738 mus,
645 4687 706 4742 ac
727 4670 1116 4744 diligentissime
1156 4672 1337 4746 lingua
1368 4671 1607 4726 Romana
1635 4671 1996 4742 inquisivimus
2021 4672 2084 4727 de

483 4764 721 4818 omnibus
745 4764 854 4820 illis
877 4765 1268 4838 Scripturarum
1295 4763 1450 4830 locis,
1481 4763 1535 4818 in
1567 4763 1749 4839 quibus
1781 4763 1886 4838 illa:
1913 4776 2082 4836 partes

483 4865 533 4913 et
557 4872 754 4926 versus,
784 4873 914 4928 quos
946 4859 998 4912 in
1027 4857 1278 4933 praedicto
1313 4866 1491 4936 nostra
1540 4857 1825 4934 exemplari
1855 4857 2082 4912 invenie-

480 4949 683 5016 bamus,
711 4960 760 5004 et
779 4953 894 5024 jam
920 4949 976 5004 in
1005 4951 1100 5006 hoc
1130 4967 1282 5023 opere
1308 4960 1487 5004 nostro
1515 4945 1884 5016 inserebamus,
1929 4967 2084 5018 quos-

479 5058 578 5114 que
600 5041 652 5095 in
679 5041 799 5116 aliis
820 5041 999 5096 multis
1022 5041 1276 5098 Historiis
1303 5040 1510 5096 Latinis
1541 5057 1644 5096 non
1667 5041 2072 5098 inveniebamus.

481 5136 585 5204 Qui
612 5152 730 5210 suos
759 5137 915 5191 libros
947 5133 1120 5206 plures
1151 5151 1329 5189 coram
1359 5135 1507 5189 nobis
1554 5136 1888 5201 revolventes,
1935 5146 1982 5190 et
2022 5137 2077 5190 in

477 5233 604 5290 locis
625 5231 730 5286 illis
753 5232 838 5286 ubi
863 5248 948 5286 eos
970 5230 1298 5304 rogabantus,
1339 5229 1669 5303 llebrait‘am,
1698 5231 1803 5284 sive
1829 5227 2075 5287 Chaldai-

475 5343 592 5389 cam
646 5325 978 5400 Scripturam
1018 5323 1266 5380 Romanis
1323 5323 1486 5378 verbis
1534 5324 1682 5383 nobis
1733 5335 2072 5396 exponentes,

473 5430 647 5494 partes
673 5419 751 5474 vel
780 5435 979 5486 versus,
1008 5434 1101 5492 pro
1131 5416 1314 5489 quibus
1347 5416 1697 5492 turbabantur,
1745 5417 1952 5486 minime
1995 5433 2078 5473 re-

471 5524 734 5594 pererunt.
765 5513 1097 5584 Quapropter
1123 5509 1397 5566 Hebraicw
1428 5519 1582 5582 atque
1613 5508 1912 5565 Cltaldaicaz
1937 5509 2074 5565 veri-

470 5610 587 5678 tati,
610 5615 658 5662 et
687 5605 865 5670 multis
891 5603 1038 5658 libris
1068 5602 1290 5666 Latinis,
1312 5602 1401 5676 qui
1431 5601 1527 5656 illa
1556 5619 1658 5657 non
1683 5601 1958 5680 habebant,
1985 5603 2076 5657 sed

474 5717 565 5772 per
591 5699 764 5776 omnjq
809 5697 1010 5763 duabus
1040 5694 1147 5776 illis
1177 5693 1368 5780 linguis
1413 5693 1823 5771 concordabant,
1855 5697 2075 5752 creden-

467 5805 544 5856 tes
573 5799 746 5864 omnia
783 5794 878 5868 illa
922 5794 1188 5866 superﬂua
1223 5807 1436 5864 prorsus
1477 5787 1784 5862 abrasimus,
1830 5791 1988 5848 veluti
2015 5791 2071 5846 in

2191 4675 2429 4732 inculcat
2463 4677 2683 4734 Judaeos
2714 4694 2836 4736 esse
2884 4679 3318 4751 interrogandos,
3353 4692 3413 4756 et
3451 4680 3800 4740 diversarum

2191 4769 2409 4824 urbium
2443 4770 2731 4840 magistros
2763 4773 3158 4846 consulendos,
3188 4775 3234 4832 si
3267 4773 3393 4854 quid
3425 4775 3478 4835 in
3517 4767 3612 4848 sua
3656 4791 3798 4833 nova

2191 4861 2258 4916 de
2289 4863 2518 4918 Hebraeo
2549 4865 2905 4922 translatione
2933 4882 3157 4924 movere
3187 4870 3582 4944 contingatJta
3607 4871 3798 4932 lauda-

2192 4954 2358 5010 bilem
2388 4966 2698 5014 sanctorum
2721 4958 2968 5016 virorum
2991 4975 3214 5030 Operam
3246 4978 3310 5020 ac
3340 4963 3684 5032 diligentiam
3714 4975 3800 5022 te-

2191 5049 2456 5112 meritatis
2512 5065 2772 5105 accusare
2829 5066 2936 5107 non
2967 5061 3052 5107 est
3079 5054 3291 5112 veritus
3333 5055 3426 5112 ille
3458 5066 3669 5126 auctor,
3701 5057 3802 5129 qui

2185 5140 2506 5212 religionem
2553 5140 2816 5210 Stephani
2862 5146 2952 5214 ple
2983 5145 3162 5218 potius
3200 5147 3452 5217 venerari
3483 5147 3795 5218 debuisset,

2183 5247 2344 5304 quam
2372 5233 2424 5287 in
2460 5249 2581 5290 eum
2615 5243 2721 5289 tam
2755 5236 2929 5291 libere
2955 5253 3107 5293 suam
3157 5252 3424 5314 exercere
3456 5227 3794 5312 facundiam.

2185 5326 2321 5394 Quid
2352 5327 2497 5382 enim
2532 5329 2772 5396 peccavit
2802 5331 3112 5400 Stephanus
3142 5329 3524 5400 Cisterciensis
3557 5336 3607 5406 in
3643 5351 3814 5399 etna-.

2183 5419 2430 5474 culandis
2479 5423 2651 5478 sacris
2700 5423 3070 5482 voluminibus
3098 5441 3290 5485 errore
3320 5426 3667 5486 librariorum
3704 5431 3797 5488 in-

2187 5515 2431 5584 tcrpolis,
2466 5517 2511 5570 si
2535 5516 3108 5590 CaSsiodoriJrgulas
3149 5505 3372 5578 secutus
3409 5522 3518 5598 sit?
3567 5522 3794 5588 Cassio-

2181 5605 2348 5661 dorus
2379 5609 2523 5664 enim
2556 5609 2640 5677 vir
2670 5610 3096 5684 eruditissimus,
3127 5626 3250 5667 cum
3283 5613 3508 5684 doceret
3544 5615 3682 5682 libro
3720 5614 3796 5680 de

2181 5697 2529 5756 Institutione
2559 5701 2866 5757 divinarum
2917 5703 3222 5760 litterarum
3269 5719 3391 5777 cap.
3419 5706 3508 5775 15,
3545 5706 3656 5762 Sub
3686 5723 3797 5776 qua

2179 5793 2378 5850 cautela
2400 5794 2560 5868 relegi
2587 5795 2766 5852 debeat
2809 5797 3032 5868 caelestis
3061 5801 3366 5868 auctoritas,
3405 5801 3474 5856 ita
3508 5803 3797 5873 t-onceptis
