4040 6360
211 290 274 347 69
856 279 1423 347 PBOLEGOMENON
1465 281 1553 338 111.
1598 281 1685 351 ΠΕ
1724 280 2001 357 CANONE
2044 280 2414 355 HEBRAICA‘J
2458 283 2844 343 VERITATIS.
3433 281 3503 339 το

210 401 378 454 verbis
425 398 714 470 prmcipit:
751 400 943 467 Quibus
997 399 1237 467 possibile
1294 398 1466 467 fuerit,
1526 396 1802 450 Hibra’am
1832 402 1874 457 Α
1910 397 2122 452 11101ἱοξο
2150 399 2446 467 interprete
2488 401 2743 454 tnsxnno.
2788 400 3053 453 Prmterea
3092 396 3257 451 habes
3285 398 3335 452 in
3366 397 3506 451 lil-ro

208 494 550 565 Scripturam,
581 493 657 549 rel
683 497 795 561 ejus
820 492 1066 549 Doctores
1096 493 1355 563 requirere
1374 508 1473 544 non
1502 491 1795 544 detrectent.

207 584 356 643 Decet
411 587 569 652 enim,
604 597 657 640 ut
686 586 823 639 unde
853 586 920 638 ad
952 601 1041 638 nos
1068 585 1198 641 venit
1228 584 1477 638 salutaris
1507 584 1795 649 translatio,

204 676 318 733 inde
376 679 562 731 iterum
621 679 794 732 redeat
840 679 1025 731 decora
1078 678 1346 731 correctio.
1404 676 1536 729 Hinc
1569 676 1797 745 liqueta

208 770 349 825 nullo
380 771 781 836 damnandam;
830 770 924 824 sed
957 770 1278 827 laudandam
1326 772 1505 839 potius
1534 771 1600 822 ab
1626 768 1803 820 mutti-

206 866 296 917 hus
322 864 537 917 abbatis
574 863 955 919 Cisterciensis
992 864 1356 932 diligentiam,
1400 877 1501 930 qua
1535 862 1599 915 ad
1630 870 1803 915 statu-

205 968 276 1013 tas
302 958 373 1010 ab
408 959 528 1028 ipso
554 958 890 1029 Hieronymo
917 960 1155 1027 regulas.
1192 959 1369 1011 varios
1400 957 1647 1011 codicum
1678 970 1803 1009 suo-

198 1066 309 1105 rum
342 1065 563 1105 errores
604 1052 773 1105 voluit
814 1050 1112 1105 emendari.
1157 1050 1261 1105 Sed
1308 1049 1376 1105 de
1412 1050 1493 1104 his
1542 1050 1646 1103 alio
1680 1049 1801 1103 loco

198 1141 559 1195 commodius.

266 1232 350 1285 Vl.
390 1233 697 1287 licclesiam
730 1234 1053 1288 catholicam
1109 1233 1325 1303 publico
1362 1232 1581 1286 decreto
1613 1233 1801 1286 Hiero-

199 1328 509 1399 nymianam
553 1328 804 1382 Latinam
846 1329 1254 1383 translationem
1302 1326 1670 1380 autltenticam
1712 1327 1806 1378 de-

197 1422 457 1486 clarasse,
494 1421 764 1490 ltnjusque
788 1436 940 1475 nsum
999 1421 1100 1474 sibi
1133 1420 1427 1488 vindicare,
1462 1420 1805 1472 consentiunt

197 1530 392 1570 Omnes
449 1514 537 1568 vel
596 1512 943 1568 mediocriter
998 1512 1163 1567 docti.
1196 1512 1534 1581 Quamquam
1579 1511 1721 1563 enim
1753 1511 1803 1563 in

197 1608 408 1677 vulgata
439 1621 721 1661 sacrorum
750 1606 1055 1660 Bibliorum
1116 1606 1355 1659 editione
1390 1605 1574 1659 Latina
1603 1604 1806 1672 aliquot

195 1703 385 1773 integri
418 1701 543 1756 libri
576 1704 771 1755 retenti
805 1700 912 1754 sint
936 1716 1005 1755 ex
1033 1701 1252 1767 antiqua
1279 1698 1366 1752 illa
1394 1700 1665 1759 versiOne,
1686 1712 1806 1767 qure

1906 488 2247 547 Psalmorum
2278 494 2635 562 posteriorem
2679 492 3113 547 emendationem
3168 492 3507 562 Hieronymi,

1903 600 2063 652 quam
2098 582 2212 653 ipse.
2245 585 2407 639 edidit
2439 601 2559 639 cum
2621 586 2790 655 signis
2825 588 3208 640 asteriscmutn
3243 594 3297 638 et
3326 584 3514 639 obolo-

1904 689 2047 737 rum,
2081 691 2196 730 eam
2252 694 2467 745 nempe,
2496 693 2655 747 quam
2708 687 2761 731 et
2813 692 2911 731 nos
2956 677 3298 732 restituimus
3344 680 3393 731 in
3427 693 3516 733 se-

1905 771 2080 823 cunda
2114 783 2265 838 parte
2299 772 2456 840 hujus
2488 772 2695 827 Divina:
2738 771 3111 825 Bibliotheca).
3146 772 3357 843 lteliqui
3393 788 3513 827 om-

1907 876 2001 912 nes
2038 862 2158 915 libri
2194 862 2540 918 lnstrumenti
2574 865 2776 919 veteris
2817 867 3010 918 retenti
3045 876 3165 917 sunt
3200 880 3263 920 ex
3298 864 3386 918 illa
3419 881 3516 919 au-

1908 953 2052 1024 tiqua
2094 956 2337 1029 Vulgata,
2376 974 2493 1025 qum
2520 958 2837 1022 Communis,
2868 958 2953 1012 vel
2990 955 3176 1011 Italica
3217 958 3357 1012 dicta
3394 974 3518 1027 per-

1907 1047 2143 1101 hibetur.
2179 1050 2239 1101 Hi
2270 1059 2398 1102 sunt.
2422 1048 2557 1103 liber
2588 1048 2824 1109 Buruclt,
2860 1048 3159 1121 Sapientia.
3194 1048 3520 1107 Erclesiasti-

1906 1158 2017 1207 cus,
2049 1157 2112 1197 ac
2138 1144 2256 1196 libri
2290 1142 2711 1199 Machul‘a’orum
2763 1146 2959 1215 primus
2992 1155 3035 1197 et
3064 1148 3338 1200 secundus.
3372 1144 3518 1198 Nou-

1907 1234 2083 1287 nnllas
2109 1236 2270 1289 etiam
2300 1236 2761 1305 deprehendimus
2790 1238 3093 1291 sententias
3118 1253 3181 1291 ac
3214 1254 3405 1292 versus
3436 1239 3514 1293 in-

1910 1339 2087 1395 tegros
2117 1345 2145 1381 e
2173 1331 2341 1382 veteri
2379 1331 2465 1381 illa
2515 1329 2759 1383 editione
2811 1332 2861 1383 in
2892 1331 3057 1386 libros
3103 1332 3374 1403 praecipue
3408 1333 3514 1386 He-

1908 1437 2055 1490 gum,
2090 1422 2253 1491 inque
2302 1422 2593 1477 Proverbia
2650 1422 2959 1478 Salomonis
3016 1426 3338 1481 derivatos:
3380 1441 3516 1497 quos

1908 1513 2124 1583 quidem
2158 1513 2287 1567 licet
2354 1531 2457 1567 non
2511 1514 2893 1569 admiserimus
2948 1516 2999 1569 in
3059 1526 3239 1571 nostra
3273 1518 3511 1571 C:monis

1908 1606 2168 1666 editione,
2207 1623 2299 1658 eos
2331 1618 2505 1661 tamen
2559 1607 2691 1661 locis
2756 1608 2867 1660 suis
2920 1607 3019 1659 hoc
3072 1608 3212 1663 obeli
3257 1613 3307 1672 -j—
3362 1609 3518 1679 signo

1913 1702 2191 1769 marginali
2226 1700 2629 1769 designavituus
2667 1696 2679 1762 ,
2729 1709 2784 1753 ut
2815 1701 2879 1753 ad
2915 1701 3003 1754 illa
3039 1703 3187 1770 signa
3221 1702 3391 1757 lector
3437 1703 3518 1754 iu-

195 1812 286 1851 usu
341 1797 633 1850 obtinebat
681 1807 807 1849 ante
863 1796 1249 1866 Hieronymum
1290 1812 1300 1846 :
1334 1793 1567 1847 maxima
1628 1802 1805 1845 tamen
1839 1791 1886 1851 B
1917 1801 2094 1845 tentus
2137 1794 2401 1862 intelligat
2434 1795 2551 1865 plus
2583 1794 2784 1863 aliquid
2818 1794 3018 1848 ibidem
3074 1795 3266 1849 haberi
3302 1796 3351 1849 in
3387 1796 3518 1848 Vul-

195 1905 313 1961 pars
346 1891 559 1944 veteris
589 1888 924 1943 TeSIamenti
956 1905 1083 1955 pura
1119 1898 1245 1959 puta
1278 1898 1359 1941 est
1406 1885 1803 1954 interpretatio,

193 1999 352 2048 quain
398 1998 431 2037 e
483 1982 728 2036 [mnibus
776 1981 1019 2035 Hebrmis
1062 1980 1217 2034 nobis
1254 1982 1425 2033 edidit
1452 1980 1683 2033 θλίιιιίιις
1717 1978 1808 2031 ille

195 2076 416 2130 Ductor.
456 2075 595 2135 Huic
633 2076 799 2144 igitur
842 2075 1282 2145 Hierouymiaum
1333 2072 1681 2137 translationi
1712 2073 1808 2124 ad-

186 2169 392 2239 junctis
420 2165 579 2221 Itala’
618 2168 854 2239 partibus
885 2166 1213 2236 quibusdam,
1240 2176 1287 2220 et
1339 2168 1394 2220 in
1444 2182 1604 2217 unum
1657 2164 1811 2217 relati

196 2276 380 2329 corpus
415 2272 695 2328 compacza
727 2271 966 2329 utraque,
999 2258 1227 2327 efﬂoruit
1272 2256 1493 2327 Vulgata
1552 2254 1665 2316 illa,
1695 2270 1811 2325 qua:

196 2371 329 2407 nunc
385 2355 621 2407 omnium
670 2362 901 2407 versatur
948 2352 1205 2416 manibus,
1240 2367 1498 2422 quantque
1538 2357 1811 2420 perpetuus

198 2454 264 2498 tot
294 2448 623 2499 saeculorum
651 2457 695 2498 et
727 2454 969 2497 constans
1014 2461 1137 2497 usus
1187 2444 1253 2495 ad
1284 2460 1373 2496 nos
1402 2442 1704 2495 transmisit.
1740 2440 1811 2494 lta

198 2546 318 2590 ante
368 2553 471 2589 nos
501 2538 783 2591 scribebat
812 2547 1004 2593 auctor
1034 2535 1233 2591 eruditi
1274 2534 1398 2591 libri
1442 2536 1509 2589 de
1533 2534 1693 2588 claris
1724 2534 1811 2588 ln-

199 2636 559 2702 terpretibus.
608 2634 722 2689 Hoc
776 2638 952 2705 ipsum
1010 2635 1195 2689 docuit
1240 2633 1424 2688 Sixtus
1479 2633 1539 2701 ν,
1574 2631 1815 2703 pontilex

200 2727 522 2792 maximus,
602 2728 920 2794 praefatione
980 2727 1196 2794 praeﬁxa
1250 2724 1437 2780 Bibliis
1495 2727 1652 2790 suis,
1727 2725 1814 2777 ubi

202 2816 445 2889 Vulgata:
477 2818 740 2893 editioais
787 2819 1169 2873 auctoritatem
1212 2819 1536 2888 praedictus,
1568 2818 1635 2873 de
1665 2817 1817 2871 libris

202 2910 250 2965 in
277 2928 338 2964 ea
371 2913 656 2967 contentis
688 2912 830 2965 hunc
862 2916 914 2965 in
945 2913 1161 2966 modum
1191 2912 1444 2967 disseruit
1480 2929 1492 2963 :
1524 2910 1626 2975 Qui
1672 2926 1819 2963 nam-

200 3022 296 3075 que
336 3008 392 3060 in
447 3025 510 3060 ea
556 3006 680 3060 libri
734 3008 1063 3061 continentur
1104 3006 1186 3079 (ut
1228 3024 1259 3058 a
1298 3006 1582 3075 majoribus
1633 3004 1819 3058 nostris

203 3102 354 3171 quasi
387 3117 478 3167 per
512 3116 699 3154 manus
728 3101 875 3153 nobis
908 3102 1154 3153 traditum
1195 3097 1293 3171 est)
1341 3099 1520 3152 retenti
1551 3107 1667 3152 sunt
1698 3113 1821 3168 par-

1910 1894 2054 1955 gala,
2082 1903 2244 1954 quam
2279 1887 2540 1939 habeatur
2571 1887 2623 1940 in
2654 1903 2785 1957 pura
2815 1898 2869 1940 et
2900 1904 3003 1940 non
3058 1889 3277 1941 contusa
3324 1887 3521 1941 Hii-ro-

1914 1980 2057 2049 nymi
2090 1979 2447 2032 translatione
2482 1979 2763 2033 llebraica.
2803 1980 3088 2033 Decretum
3117 1980 3305 2050 itaque
3337 1980 3522 2034 Conri-

1912 2071 1965 2124 lii
1999 2072 2302 2125 Tridentini
2342 2072 2411 2126 de
2438 2072 2675 2125 editione
2701 2082 2753 2127 ct
2785 2088 2883 2126 usu
2921 2088 3198 2127 sacrorum
3228 2072 3517 2136 librorum,

1912 2164 1965 2218 in
1997 2165 2238 2219 sessione
2266 2176 2455 2232 quarta
2492 2166 2915 2235 promulgatum,
2946 2166 3009 2218 ad
3046 2165 3516 2236 Hieronytnianam

1916 2256 2149 2310 maxime
2202 2267 2412 2324 Spectat
2451 2259 2893 2323 translationem;
2928 2261 3048 2327 qua
3112 2261 3345 2311 maxima
3401 2273 3524 2327 pars

1918 2352 2118 2404 veteris
2151 2366 2214 2403 ac
2244 2354 2363 2405 novi
2395 2351 2755 2420 'I‘estamenti,
2792 2362 2942 2420 prout
2980 2352 3170 2405 Latine
3192 2351 3339 2405 edita
3360 2363 3439 2406 ρει
3471 2353 3520 2405 in

1916 2443 2143 2514 Vulgata
2175 2444 2461 2506 hodierna,
2495 2456 2772 2498 auctorem
2812 2446 2973 2498 habet
3014 2446 3070 2500 S.
3106 2444 3519 2516 Hieronymum.

1916 2535 2058 2590 Nihil
2088 2536 2231 2591 enim
2262 2537 2427 2590 ol‘licit
2473 2538 2779 2591 auctoritati
2825 2538 3066 2605 ejusdem
3126 2539 3524 2607 interpretatio-

1918 2630 2018 2689 nis,
2051 2630 2189 2700 quod
2222 2646 2342 2684 eum
2376 2630 2463 2683 illa
2500 2639 2679 2699 partes
2707 2631 2913 2700 aliquot
2948 2631 3091 2684 Itala:
3129 2632 3397 2685 versionis
3428 2648 3524 2699 pro

1918 2724 2250 2778 authenticis
2282 2724 2591 2779 habeantur
2623 2726 2673 2779 in
2720 2726 2968 2780 Ecclesia
3002 2725 3290 2794 catholica,
3326 2742 3443 2797 qme
3474 2730 3523 2781 in

1920 2830 2048 2871 suos
2078 2830 2207 2870 usus
2238 2817 2460 2871 adhibet
2486 2825 2721 2872 veterem
2748 2818 2994 2871 Latinum
3031 2820 3409 2889 interpretem,
3438 2820 3526 2873 ubi

1922 2910 2047 2963 silet
2078 2911 2457 2982 Hieronymus,
2493 2912 2545 2964 in
2581 2911 2877 2982 Scripturis
2901 2914 3072 2967 Sacris
3106 2914 3527 2983 interpretandis

1921 3001 2119 3056 doctor
2148 3003 2270 3072 ejus
2300 3004 2590 3056 maximus.
2618 3002 2771 3058 Nunc
2801 3021 2930 3073 ergo
2967 3005 3245 3061 decretum
3275 3006 3531 3077 subj'cia-

1924 3112 2065 3163 mus,
2097 3113 2205 3167 quo
2233 3100 2615 3151 auctoritatem
2650 3098 3083 3169 Hieronymianm
3106 3100 3379 3155 versienis
3405 3116 3537 3154 san-

202 3193 290 3244 tiut
313 3209 379 3246 ex
402 3193 672 3245 communi
693 3202 742 3245 et
768 3193 1125 3262 antiquissima
1166 3194 1391 3262 quadam
1447 3192 1672 3245 editione
1712 3189 1814 3243 La-
1847 3181 1892 3243 C
1924 3189 2084 3243 citam
2120 3190 2349 3243 dicimus
2409 3192 2462 3244 in
2517 3192 2751 3245 concilio
2781 3190 3103 3245 Tridentino
3135 3210 3147 3244 :
3183 3191 3408 3261 Insuper
3437 3210 3527 3245 ca-

204 3289 331 3351 tina,
362 3305 524 3358 quam
553 3299 767 3342 sanctus
805 3287 1150 3358 Hieronymus
1193 3286 1470 3357 Vulgatam
1518 3286 1812 3344 editionem,

204 3382 378 3435 beatus
402 3380 732 3451 Augustinus
771 3381 985 3448 Italam,
1023 3390 1237 3435 sanctus
1283 3379 1564 3450 Gregorius
1608 3389 1819 3432 veterem

207 3476 601 3528 translationem
627 3477 912 3548 appellant,
939 3492 1092 3541 quant
1131 3485 1344 3529 sanctus
1367 3475 1544 3527 itidem
1575 3472 1820 3545 Auyusti-

207 3584 302 3621 nus
330 3569 531 3622 ueteris
557 3586 675 3640 qua:
704 3579 822 3623 tunc
845 3570 1083 3639 plurimm
1112 3571 1163 3622 in
1194 3586 1288 3622 usu
1315 3578 1483 3635 erant,
1514 3570 1665 3621 etiam
1689 3582 1823 3638 prte—

209 3663 476 3731 ferendam
507 3664 741 3725 censuit,
768 3664 910 3735 quod
970 3674 1095 3718 esset
1134 3664 1402 3718 verborum
1450 3665 1677 3716 tenacior
1707 3679 1821 3716 cum

208 3754 582 3823 perspicuitate
612 3757 879 3810 sententia’
906 3774 921 3809 :
951 3759 1142 3829 partim
1170 3774 1233 3811 ea:
1290 3758 1456 3811 sancti
1510 3756 1821 3827 Hieronymi

209 3849 555 3901 translatione
586 3849 773 3901 adsciti
806 3854 977 3919 fuere.
1011 3850 1193 3922 quibus
1245 3850 1439 3903 idcirco
1481 3858 1699 3921 quantus
1733 3850 1822 3902 lto-

210 3958 303 3995 τιον
334 3941 655 4013 deferendas
677 3945 768 4008 sit,
796 3945 837 3996 is
889 3945 1039 4011 facile
1080 3944 1349 4015 intelligit,
1394 3946 1479 4015 qui
1511 3961 1687 3997 eorum
1741 3944 1822 3997 in-

209 4040 449 4104 terpretis
505 4036 809 4106 dignitatem
864 4038 1119 4110 agnoscit,
1154 4047 1257 4092 etc.
1293 4039 1359 4091 Ut
1420 4053 1548 4093 vero
1588 4048 1823 4091 mentem

211 4130 413 4182 summi
466 4129 742 4199 pontiﬁcis
785 4129 988 4184 trabeas
1046 4138 1412 4201 perSpettam,
1439 4130 1662 4184 adverte
1708 4128 1828 4182 dili-

210 4233 407 4291 genter
446 4208 727 4275 Cononem
779 4222 1061 4276 Hebraica:
1120 4224 1521 4289 veritatis,nno
1563 4221 1828 4275 Psalterio

212 4325 465 4383 excepto,
502 4324 673 4368 totum
711 4318 937 4386 reperiri
969 4318 1021 4369 in
1070 4316 1292 4388 Vulgata
1329 4317 1513 4371 Latina
1546 4332 1667 4371 cum
1698 4318 1832 4370 duo-

215 4410 316 4463 bus
350 4411 580 4479 insuper
603 4409 787 4465 Tobia:
829 4420 884 4466 et
925 4411 1114 4466 Judith
1148 4412 1532 4473 voluminibus,
1561 4415 1627 4468 de
1672 4412 1829 4467 Chal-

214 4500 375 4557 daico
403 4504 457 4556 in
491 4502 744 4556 Latinum
773 4505 1055 4560 conversis
1087 4505 1154 4559 ab
1192 4505 1382 4559 eodem
1431 4507 1689 4559 Ecclesiaa
1735 4522 1827 4559 ca-

1922 3283 2036 3334 dem
2094 3282 2443 3337 Sacrosaucta
2493 3282 2740 3352 Synodus
2792 3268 3150 3351 considerans,
3203 3300 3305 3335 non
3344 3299 3531 3351 parum

1923 3375 2164 3429 utilitatis
2196 3378 2440 3431 accedere
2469 3394 2616 3448 posse
2658 3375 2905 3430 Ecclesia!
2936 3374 3053 3441 Dei,
3094 3379 3136 3429 si
3185 3394 3248 3431 ex
3298 3377 3532 3431 omnibus

1923 3470 2129 3526 Latinis
2171 3472 2507 3537 editionibus,
2536 3488 2648 3539 qua:
2685 3471 3119 3541 circumferuntur
3158 3487 3421 3524 sacrorum
3472 3471 3537 3523 liv

1924 3558 2159 3633 brorum,
2188 3584 2425 3637 quosnam
2458 3584 2551 3636 pro
2579 3567 2875 3619 authentico
2909 3566 3142 3619 habenda
3187 3567 3283 3633 sit,
3329 3567 3532 3619 innote-

1923 3670 2051 3725 scat,
2085 3661 2285 3721 statuit,
2309 3670 2355 3713 et
2386 3658 2635 3723 declarat,
2674 3668 2728 3711 ut
2761 3659 2867 3712 [nec
2896 3659 3010 3727 ipsa
3050 3666 3192 3711 retas
3243 3667 3290 3712 et
3326 3658 3537 3727 uulgata

1926 3754 2101 3819 editio,
2123 3770 2237 3821 (μίαν
2263 3752 2416 3824 longo
2461 3763 2532 3806 tot
2585 3752 2893 3805 sazculorum
2930 3768 3024 3805 usu
3056 3754 3106 3805 in
3158 3752 3269 3821 ipsa
3299 3750 3536 3807 Ecclesia

1926 3850 2139 3921 probata
2186 3860 2259 3902 est
2308 3850 2357 3901 in
2410 3848 2626 3916 publicis
2686 3847 3028 3917 lectionibus,
3075 3847 3533 3917 disputationibus,

1928 3942 2381 4012 prtcdicationibus
2409 3950 2454 3994 et
2483 3940 2911 4013 ea‘positionibus,
2949 3957 3042 4011 pro
3098 3943 3395 3994 authentico
3444 3943 3537 3993 Ita-

1929 4034 2106 4088 beatur
2134 4051 2151 4087 :
2180 4042 2227 4087 et
2260 4042 2315 4086 ut
2345 4049 2490 4086 nemo
2520 4031 2667 4085 illam
2714 4032 2931 4104 rejicere
2953 4034 3132 4102 quovis
3159 4042 3414 4097 prwtextu
3442 4050 3539 4085 att-

1930 4129 2047 4181 deat
2090 4128 2167 4181 cel
2212 4136 2510 4197 prtesumat.
2556 4126 2666 4181 Hac
2721 4127 3004 4181 sanctione
3050 4125 3308 4181 Ecclesia:
3351 4126 3539 4181 catho-

1930 4222 2047 4276 lica}
2107 4224 2421 4291 consignata
2475 4220 2773 4274 auctoritas
2844 4221 3217 4274 translationis
3273 4220 3541 4292 Hierony‘

1932 4316 2147 4379 minute,
2179 4315 2391 4385 piorum
2441 4314 2680 4367 omnium
2731 4313 2803 4367 ita
2859 4315 3073 4373 animos
3105 4315 3345 4379 incessit,
3377 4323 3430 4366 ut
3465 4316 3543 4369 ei-

1931 4409 2054 4464 dem
2090 4407 2536 4462 commendandae
2572 4408 2875 4477 longiorem
2935 4406 3310 4477 probationem
3342 4405 3541 4460 frustra

1935 4505 2353 4576 postularemus.

1262 4747 1931 4833 PROLEGOM
1946 4746 2263 4829 ENON
2318 4745 2476 4826 III.

712 4888 802 4948 De
827 4886 1089 4951 Canone
1124 4890 1458 4953 Hebraij
1495 4893 1780 4959 veritatis
1816 4893 1878 4950 et
1907 4887 2176 4951 Scholiis
2211 4885 2493 4983 ejusdem
2526 4889 3019 4968 margin‘alibus.

219 5007 258 5062 ι.
288 5007 428 5074 Quid
451 5007 638 5062 Conon
670 5007 936 5065 Hebraica:
968 5012 1214 5067 reritatis.
1243 5010 1303 5067 ll.
1341 5013 1514 5081 Hujus
1542 5010 1766 5066 Cononis
1798 5013 1985 5084 stepius
2012 5012 2243 5065 meminit
2275 5012 2386 5080 ipse
2416 5010 2785 5082 Hieronymus.
2820 5010 2906 5066 111.
2941 5011 3251 5071 Hebraicam
3280 5012 3544 5071 ueritatem

290 5098 467 5153 erci
495 5118 557 5153 ac
590 5099 769 5155 Latini
810 5101 995 5158 Patres
1044 5116 1350 5172 agnoscunt.
1386 5106 1476 5159 1V.
1512 5103 1591 5158 De
1623 5103 1866 5177 ,singulis
1896 5103 2151 5175 partibus,
2184 5102 2287 5157 sire
2334 5102 2619 5167 ordinibus,
2648 5102 2881 5172 ejusdem
2924 5103 3169 5159 Cononis.
3213 5104 3271 5165 ν.
3311 5102 3547 5159 Dauirlis

290 5203 339 5247 et
374 5194 611 5249 Estlteris
642 5196 994 5251 additamenta
1026 5210 1231 5266 recepta
1262 5216 1377 5251 rum
1406 5200 1566 5269 signis
1597 5198 1864 5251 alie/orum
1912 5197 1964 5250 in
1992 5196 2384 5249 translationem
2423 5194 2746 5265 Hieronymi.
2778 5195 2867 5252 VI.
2899 5196 3151 5263 Quisnam
3183 5198 3340 5268 fuerit
3368 5208 3549 5251 auctor

294 5292 663 5361 marginalium
694 5292 1009 5344 scltoliorutn
1039 5291 1289 5357 (Iunonis,
1326 5301 1369 5345 et
1397 5308 1637 5363 quanam
1664 5294 1727 5345 sit
1756 5290 2053 5361 ltujustuodi
2078 5289 2475 5342 annotationmt
2504 5289 2700 5343 utilitas
2737 5306 2797 5342 ac
2828 5292 3150 5359 pra’stautia.

294 5446 535 5504 Canonis
588 5446 867 5501 Hebraicac
918 5447 1165 5503 veritatis
1217 5449 1434 5505 nomine
1488 5447 2191 5520 intelligendaDiontium,
2227 5464 2288 5501 ac
2321 5447 2537 5502 demum
2592 5448 2643 5502 in
2690 5467 2856 5504 unum
2917 5452 3084 5506 veluti
3146 5468 3342 5525 corpus
3401 5470 3552 5511 com-

226 5540 446 5593 veniunt
475 5539 827 5593 Instrumenti
884 5540 1081 5594 veteris
1138 5542 1408 5596 volumina
1464 5541 1647 5612 viginti
1702 5542 1827 5608 (ltro,

229 5646 346 5702 qum
377 5634 640 5686 canonica
701 5632 976 5686 habentur
1038 5645 1143 5686 tam
1206 5634 1344 5705 apud
1393 5634 1628 5704 Judacus,
1672 5651 1830 5705 quam

232 5725 367 5790 apud
395 5725 740 5779 Christianos
786 5744 797 5778 :
831 5742 1057 5796 qumque
1090 5729 1139 5780 in
1186 5728 1435 5782 Latinum
1462 5729 1731 5805 eloquium
1766 5730 1833 5782 ab

234 5814 565 5891 Hieronymo
590 5819 743 5874 fuere
777 5834 1037 5873 conversa
1090 5821 1243 5890 juxta
1290 5820 1448 5877 ﬁdem
1482 5821 1831 5877 Heln-tuorum

1946 5554 2117 5614 pacta,
2151 5555 2364 5599 servato
2398 5544 2661 5599 librorum
2724 5546 2913 5601 ordine
2947 5548 3143 5616 triplici
3187 5560 3343 5620 prout
3374 5552 3425 5604 iu
3452 5565 3550 5615 ica-

1942 5638 2156 5692 dicibus
2186 5640 2535 5711 liebra‘orum
2589 5656 2675 5694 res
2734 5642 2920 5713 pesita:
2968 5642 3384 5709 inveniebantur
3416 5654 3551 5699 tem-

1946 5748 2073 5802 pore
2127 5734 2300 5787 sancti
2330 5733 2668 5806 Hieronymi.
2699 5724 2882 5791 Canon
2938 5737 3098 5806 igitur
3151 5748 3231 5791 est
3273 5736 3549 5808 catalogus

1942 5823 2348 5899 Scripturarum
2380 5826 2709 5896 divinarum,
2730 5844 2849 5900 quae
2872 5829 3159 5885 Canonicte
3188 5831 3563 5900 appellantur,
