4040 6360
508 359 576 418 ⁸71

511 490 579 531 eo
608 470 833 544 quodin
875 482 1139 524 canonem
1191 473 1318 521 sunt
1371 470 1630 533 receptae,
1689 462 2111 526 supremumque
2138 446 2192 513 Α

512 566 851 624 obtinuerint
879 562 1097 618 culmen
1125 556 1483 623 auctoritatis,
1514 569 1619 608 non
1653 547 1811 606 modo
1840 546 1906 601 ad
1938 557 2119 599 mores

515 668 700 716 sancte
721 656 1091 714 inlormandos
1111 671 1126 723 ;
1147 652 1241 710 sed
1268 651 1333 707 ad
1362 644 1766 718 comprobanda
1790 642 1952 698 etiam
1982 652 2122 710 qum-

513 753 647 811 libct
683 751 1071 808 Ecclesiastica
1100 748 1375 818 dogmata.
1406 742 1558 796 Hanc
1588 751 1720 793 vero
1755 733 1992 792 Canonis
2036 747 2124 787 sa-

514 850 590 907 cri
616 849 894 903 notionem
928 843 1156 900 mutuati
1178 854 1365 896 sumus
1394 852 1425 892 e
1455 835 1594 890 libro
1647 829 1892 888 secundo
1924 828 2125 898 Apolo-

518 943 620 1016 gia:
654 940 968 1012 llierunymi
999 937 1263 993 adversus
1293 926 1767 998 Rul‘tnum,deque
1796 922 2125 980 Prii-latione

518 1041 762 1114 ejusdem
792 1035 967 1095 sancti
1002 1030 1247 1090 Doctoris
1300 1027 1353 1082 in
1407 1024 1578 1080 libros
1621 1020 1954 1092 Salomonis.
1988 1016 2122 1073 Nam

522 1108 731 1195 Caleati
787 1129 1018 1205 prologi,
1051 1126 1139 1181 ubi
1195 1120 1548 1177 Hebraeorum
1602 1114 1900 1187 explicavit
1950 1108 2127 1168 Cano-

520 1249 668 1301 ncm,
703 1230 787 1285 Itis
815 1223 998 1282 verbis
1030 1216 1347 1277 recordatur
1374 1213 1428 1269 in
1472 1211 1577 1267 [ine
1617 1207 1938 1282 posterioris
1977 1206 2124 1275 Apo-

519 1299 678 1396 logize
713 1340 725 1373 :
758 1319 825 1375 In
856 1319 1001 1374 libris
1028 1331 1225 1389 quoque
1268 1308 1528 1369 Samuelis
1569 1314 1615 1361 et
1663 1299 1971 1364 Malachim,
1997 1310 2127 1364 quos

518 1434 612 1473 nos
662 1415 961 1487 Regnorum
1011 1418 1233 1481 quatuor
1284 1407 1638 1467 nominamus,
1692 1403 1806 1471 post
1835 1389 2128 1462 catalogttm

519 1510 711 1566 divina:
740 1484 1051 1580 Scriptum,
1079 1503 1189 1559 hcce
1219 1501 1395 1567 intuli,
1433 1509 1540 1556 etc.
1572 1496 1709 1551 Hinc
1746 1488 1932 1545 videas
1960 1484 2129 1541 Cano-

521 1619 639 1658 nem
667 1615 934 1656 sacrarunt
961 1597 1242 1652 Bibliorum
1272 1592 1473 1650 veteris
1496 1582 1835 1646 Testamenti
1860 1581 2129 1648 Hierony-

524 1713 671 1755 mum
701 1695 806 1751 hoc
834 1693 956 1749 loco
1004 1690 1309 1764 appellasse
1372 1684 1680 1756 Catalogum
1743 1677 1928 1734 divina:
1983 1672 2132 1729 Scri-

526 1799 712 1863 pturte.
747 1786 801 1843 ω
832 1796 1012 1841 autem
1052 1780 1384 1839 discriminis
1412 1777 1595 1850 posuit
1622 1775 1765 1829 inter
1815 1772 2129 1840 Scripturas

529 1882 842 1949 canonicas,
872 1889 1054 1935 etnon
1108 1873 1421 1940 canonicas,
1455 1868 1600 1942 quod
1644 1868 1767 1923 istae
1814 1865 2128 1936 legerentur

530 1987 736 2034 tantum
766 1974 820 2029 in
840 1972 1091 2051 ‘Ecclesia
1144 1970 1211 2025 ad
1257 1965 1677 2024 mdilicationem
1722 1960 1931 2033 plebis;
1962 1972 2130 2013 cano-

531 2073 669 2131 nicze
701 2066 924 2128 veroad
967 2067 1090 2123 lidei
1144 2066 1395 2138 dogmata
1447 2060 1671 2131 insuper
1720 2052 2129 2114 conﬁrmanda:

535 2169 685 2226 Sicut
711 2183 830 2241 ergo
852 2162 1062 2229 Judith,
1102 2160 1279 2232 inquit
1333 2157 1650 2231 pra-latione
1695 2153 1806 2224 jam
1835 2149 2051 2207 laudata
2079 2147 2134 2203 in

532 2261 706 2318 libros
742 2239 1074 2322 Salomonis,
1107 2262 1155 2310 et
1183 2252 1381 2318 Tobite,
1418 2258 1468 2306 et
1516 2245 1933 2304 Machabworum
1977 2239 2136 2295 libros

533 2357 654 2430 legit
680 2355 886 2428 quidem
919 2350 1179 2417 Ecclesia,
1203 2348 1292 2405 sed
1313 2363 1398 2404 eos
1421 2347 1557 2401 inter
1582 2342 1864 2399 canonicos
1892 2338 2136 2409 Scriptu-

535 2468 631 2506 ras
650 2467 753 2505 non
782 2447 1005 2521 recipit:
1031 2447 1106 2501 sic
1133 2453 1179 2500 el
1210 2442 1320 2499 haec
1364 2440 1469 2495 duo
1506 2438 1770 2495 columina
1794 2432 2134 2509 (Ecclesiast.

535 2558 590 2603 et
621 2541 895 2616 Sapient.)
919 2542 1052 2613 legat
1078 2538 1146 2593 ad
1180 2536 1578 2605 aediﬁcationem
1605 2531 1787 2603 plebis,
1812 2545 1914 2584 non
1936 2526 2008 2581 ad
2046 2541 2142 2579 au-

540 2639 829 2693 ctoritatem
853 2633 1331 2690 Ecclesiusticorum
1363 2629 1663 2702 dagntatum
1679 2632 1683 2639 ‘
1700 2619 2137 2693 conﬁrmandam.

545 2730 880 2800 Hieronymo
906 2728 962 2782 in
989 2726 1089 2781 ltac
1116 2723 1524 2795 Scripturarum
1557 2729 1709 2791 parte
1731 2713 2007 2773 consentit
2031 2711 2145 2766 Ru-

541 2823 706 2887 ﬁnus,
740 2836 866 2877 cum
903 2828 958 2874 et
1008 2817 1201 2890 ipsein
1256 2830 1356 2870 suo
1409 2811 1659 2885 symbolo
1705 2808 1911 2864 diserte
1958 2804 2141 2893 do.cet,

539 2934 647 2975 non
678 2915 785 2971 alia
806 2911 1081 2970 volumina
1136 2923 1237 2981 pro
1291 2905 1579 2964 Canonicis
1636 2902 1805 2958 fuisse
1832 2898 2019 2954 habita
2046 2910 2147 2951 suo

544 3026 790 3084 tempore
845 3017 1041 3080 praeter
1087 3005 1179 3061 illa
1233 3019 1351 3076 quae
1405 3007 1756 3057 recensentur
1809 2996 1867 3052 in
1917 2992 2147 3066 prologo

548 3104 863 3178 Hieronymi
891 3100 1137 3159 Galealo.
1166 3096 1246 3153 Ad
1271 3094 1586 3164 Catalogum
1617 3102 1849 3160 namque
1878 3085 2146 3141 librorum

548 3199 748 3257 veteris
775 3204 831 3253 et
857 3196 982 3252 novi
1014 3188 1349 3249 Testamenti
1375 3188 1474 3243 ista
1504 3183 1781 3255 subiungit
1809 3197 1822 3235 :
1849 3178 1981 3235 Haec
2028 3183 2149 3233 sunt

546 3308 661 3366 qua:
691 3287 878 3345 Patres
909 3287 1045 3341 intra
1075 3282 1337 3338 Cononem
1380 3274 1771 3343 concluserunt,
1798 3280 1845 3327 et
1874 3287 1939 3328 ea:
1965 3268 2148 3342 quibus

546 3384 669 3458 ﬁdei
719 3390 908 3437 nostra:
956 3375 1319 3433 assertationes
1348 3380 1581 3426 constare
1628 3367 1922 3423 voluerunt.
1964 3361 2150 3419 Scien-

552 3476 677 3533 dum
705 3485 871 3531 tamen
897 3481 994 3541 est,
1035 3469 1173 3541 quod
1201 3473 1249 3522 et
1293 3465 1387 3519 alii
1437 3462 1553 3518 libri
1595 3468 1739 3529 sunt,
1771 3459 1857 3531 qui
1885 3474 1991 3536 non
2031 3464 2150 3510 sunt

551 3569 823 3634 Canonici,
855 3565 945 3621 sed
978 3559 1332 3618 Ecclesiastici
1362 3576 1393 3611 a
1419 3553 1702 3629 majoribus
1732 3551 1981 3624 appellati
2009 3558 2147 3616 sunt,

551 3664 606 3719 id
633 3673 730 3731 est,
766 3658 1058 3729 Sapientia,
1102 3670 1217 3727 qua:
1262 3652 1447 3706 dicitur
1502 3646 1817 3711 Salomonis,
1837 3652 1885 3698 et
1912 3641 2021 3697 alia
2053 3642 2155 3697 Sa-

552 3755 770 3831 pientia,
798 3766 914 3825 qua:
943 3749 1136 3805 dicitur
1162 3744 1260 3814 ﬁlii
1318 3742 1529 3808 Sirach,
1561 3740 1649 3812 qui
1687 3739 1813 3793 liber
1841 3735 1984 3807 apud
2008 3732 2158 3788 Lati-

554 3827 648 3904 nos
676 3849 773 3902 hoc
799 3845 912 3918 ipso
940 3838 1168 3916 generali
1213 3834 1464 3892 vocabulo
1504 3831 1897 3888 Ecclesiasticus
1924 3827 2160 3898 appella-

556 3951 663 4011 tur,
692 3958 792 4012 quo
838 3934 1085 3993 vocabulo
1113 3949 1217 3990 non
1267 3940 1449 3986 auctor
1490 3924 1673 3993 libelli,
1721 3923 1812 3980 sed
1871 3922 2160 3993 Scriptura:

556 4031 780 4107 qualitas
808 4027 1168 4104 cognominata
1195 4034 1292 4080 est.
1326 4018 1580 4094 Ejusdem
1632 4033 1749 4071 vero
1785 4013 1985 4069 ordinis
2016 4011 2161 4067 libel-

560 4103 640 4181 lus
669 4132 742 4179 est
769 4103 969 4188 Tobiw,
999 4126 1047 4173 et
1095 4112 1298 4178 Iudith,
1329 4123 1375 4168 et
1407 4107 1827 4166 Machabworum
1861 4105 1998 4160 libri.
2035 4103 2163 4160 Post

560 4226 775 4274 aetatem
800 4208 1113 4284 Hieronymi
1151 4223 1214 4264 ac
1248 4204 1429 4262 Rullni
1470 4220 1575 4260 non
1607 4200 1787 4257 statim
1818 4199 1871 4254 in
1900 4211 2163 4254 canonum

560 4322 840 4367 sacrorum
869 4303 1161 4361 Bibliorum
1189 4307 1471 4370 susceptos
1499 4295 1666 4352 fuisse
1713 4295 1881 4349 libros
1907 4293 2048 4361 illos,
2074 4290 2167 4362 qui

562 4398 921 4459 Ecclesiastici
956 4395 1086 4453 dicti
1127 4401 1271 4458 sunt,
1296 4391 1455 4447 ﬁdem
1505 4387 1659 4445 nobis
1716 4386 1840 4442 iacit
1891 4383 2169 4455 exemplar

565 4487 1185 4566 manuscriptum,qnod
1243 4486 1366 4542 licet
1405 4481 1831 4540 vetustissimum
1880 4484 2166 4549 appareat,

566 4590 972 4665 quadringentis
1002 4595 1181 4640 tamen
1221 4581 1381 4637 annis
1435 4579 1503 4634 ad
1562 4577 1742 4633 minus
1788 4582 1911 4645 post
1960 4571 2167 4629 obitum

570 4664 747 4742 [inlini
780 4683 948 4737 fuisse
973 4679 1316 4747 inscriptum,
1343 4687 1505 4729 nemo
1535 4669 1827 4725 inliciatur.
1868 4664 1966 4720 llic
1990 4664 2170 4732 itaque

569 4778 739 4835 codex
770 4774 1068 4832 Bibliorum
1118 4765 1538 4836 manuscriptus,
1570 4770 1788 4819 notatus
1816 4771 2027 4814 numer.
2078 4755 2167 4822 15,

571 4871 626 4928 in
660 4876 847 4926 nostra
873 4858 1369 4922 San-Germanensi
1421 4854 1774 4920 bibliotheca,
1801 4851 1917 4907 haec
1946 4845 2150 4905 attexui

2274 4827 2400 4883 dum
2431 4825 2548 4883 fore
2576 4818 2922 4887 arbitramur,

573 4965 712 5022 libro
761 4958 1003 5017 Estheris
1034 4977 1046 5011 ε
1081 4953 1227 5011 Finit
1279 4952 1483 5009 Esther.
1547 4949 1653 5004 Deo
1701 4946 1926 5019 gratias,
1987 4941 2170 4998 Arnen.

580 5055 866 5127 ﬂuensque
892 5050 1203 5123 completum
1241 5054 1317 5103 est
1356 5053 1497 5100 vetus
1554 5042 1958 5098 Testamentum,
1987 5035 2043 5090 id
2077 5041 2171 5102 est,

577 5166 753 5207 omnes
778 5147 1053 5205 Canonica:
1080 5143 1387 5216 Scriptum,
1416 5153 1545 5211 quas
1599 5133 1863 5190 transtulit
1918 5130 2179 5201 Hierony-

579 5260 693 5299 mus
716 5245 980 5313 presbyter
1008 5237 1071 5292 de
1101 5233 1361 5290 Hebraica
1386 5231 1597 5286 veritate
1618 5228 1672 5282 in
1713 5226 1963 5281 Latinum
1988 5239 2180 5278 sermo-

579 5351 715 5393 nem.
749 5333 958 5390 therw
986 5346 1106 5386 vero
1136 5327 1439 5398 Scriptura,
1458 5338 1575 5396 qum
1603 5338 1709 5377 non
1736 5328 1853 5375 sunt
1884 5316 2177 5382 Canonirw,

577 5429 667 5487 sed
692 5428 936 5484 dicuntur
966 5421 1362 5487 Ecclesiasticaz,
1387 5418 1499 5472 ista:
1537 5423 1682 5483 sunt,
1704 5413 1761 5467 id
1797 5422 1892 5480 est,
1932 5408 2057 5465 liber
2082 5406 2183 5462 Ju-

581 5521 719 5591 dith,
748 5519 959 5586 Tobias,
987 5515 1107 5572 libri
1141 5512 1558 5577 Machabazorum
1581 5509 1707 5576 duo,
1749 5504 2045 5575 Sapientia,
2069 5514 2185 5571 qua:

583 5618 773 5673 dicitur
804 5611 1118 5677 Salomonis,
1149 5615 1196 5663 et
1251 5607 1377 5663 liber
1409 5602 1559 5671 Jesu,
1590 5601 1689 5671 ﬁlii
1716 5596 1927 5667 Sirach,
1973 5607 2020 5652 et
2058 5594 2185 5651 liber

584 5686 840 5767 Pastoris.
872 5703 1139 5763 Nonnulla
1164 5700 1549 5775 praetermitto,
1582 5710 1703 5767 qua:
1739 5694 1912 5751 videri
1959 5700 2189 5764 possunt

581 5804 651 5859 ad
683 5804 842 5859 linem
867 5800 1132 5858 columnae
1164 5795 1304 5851 H52
1336 5792 1495 5865 hujus
1523 5790 1800 5846 editionis.
1820 5789 1988 5855 Quam
2022 5787 2188 5857 igitur

585 5897 837 5957 habuerit
872 5897 927 5955 in
981 5892 1226 5952 Ecclesia
1277 5885 1621 5948 auctoritatis
1671 5882 1990 5957 dignitatem
2044 5879 2191 5939 Scri-

1124 346 1215 411 AD
1255 349 1316 408 S.
1357 337 1743 407 HIERONYMI
1784 331 2068 397 DIVINAM
2108 312 2623 387 BIBLIOTHECAM
2671 304 3211 376 PROLEGOMENA.

3755 291 3827 355 ‘12

2220 448 2390 510 pturae
2408 431 2709 500 canonicae,
2734 428 2898 502 plane
2925 426 3092 498 liquet
3119 437 3185 480 ex
3213 431 3375 491 supra
3401 411 3741 479 memoratis,
3774 421 3833 467 et

2222 505 2329 589 illa:
2360 536 2504 597 sunt,
2537 526 2733 599 quibus
2763 528 2977 581 constat
3017 519 3204 575 Canon
3249 512 3530 569 Hebraieae
3558 505 3832 572 veritatis,

2222 627 2276 683 in
2326 639 2434 697 quo
2490 592 2763 692 nunquam
2818 615 3036 673 luerunt
3087 609 3230 677 libri,
3263 607 3350 663 vel
3391 598 3711 677 Apocryphi,
3743 592 3837 654 vel

2222 690 2577 774 Eccl-esiastici
2612 690 2872 784 appellati
2926 704 3070 778 apud
3120 700 3371 773 antiquos
3415 697 3628 754 Patres.
3660 690 3837 749 Hodie

2225 812 2377 869 nullo
2401 797 3084 866 auctoritatisdiscrimine
3127 796 3184 852 in
3235 794 3514 849 Canonem
3557 785 3836 844 Ecclesia-

2224 904 2421 961 Sticum
2444 898 2673 971 recepti,
2698 911 2885 969 parem
2913 906 3037 948 cum
3059 888 3274 946 caeteris
3303 890 3585 942 merentur
3611 892 3840 936 venera-

2228 1002 2431 1057 tionem
2458 994 2600 1067 apud
2638 1005 2831 1050 omnes
2869 1001 3001 1045 vere
3044 985 3184 1057 pios,
3216 981 3309 1054 qui
3356 977 3576 1035 concilii
3605 972 3839 1031 Triden-

2230 1092 2325 1149 tini
2352 1065 2575 1148 decreto
2619 1088 2690 1145 de
2723 1083 2998 1144 canonicis
3047 1076 3344 1150 Scripturis
3390 1072 3677 1129 adhaerere
3720 1065 3841 1139 glo-

2228 1187 2456 1243 riantur.

2298 1276 2537 1334 Canonis
2568 1288 2732 1347 porro
2758 1269 3040 1328 Hebraicaa
3067 1264 3310 1324 veritatis
3335 1256 3584 1318 meminit
3620 1251 3838 1312 Cassio-

2231 1371 2418 1436 dorus,
2449 1366 2519 1424 de
2550 1345 2894 1422 Institutione
2945 1360 3250 1417 divinarum
3306 1354 3606 1410 litterarum
3661 1345 3839 1417 capite

2230 1461 2576 1528 duodecimo,
2611 1457 2702 1514 ubi
2742 1459 2915 1528 ipsum
2960 1460 3124 1509 vocat
3169 1446 3490 1506 divisionem
3541 1440 3842 1512 Scriptura:

2232 1557 2432 1614 divinae
2463 1552 2765 1611 secundum
2794 1550 3191 1618 Hieronymum
3237 1560 3251 1599 :
3294 1538 3588 1597 Auctoritas
3639 1533 3836 1599 divina,

2233 1651 2449 1722 inquit,
2508 1647 2796 1702 secundum
2846 1649 3083 1698 sanctum
3128 1638 3507 1707 Hieronymum
3563 1631 3617 1685 in
3662 1626 3843 1683 Testa-

2233 1718 2410 1799 menta
2439 1742 2543 1796 duo
2571 1742 2649 1794 ita
2677 1737 2946 1807 dividitur,
2979 1734 3036 1789 id
3058 1741 3156 1801 est,
3180 1732 3232 1785 in
3271 1738 3412 1784 vetus
3444 1737 3492 1781 et
3532 1735 3756 1785 novum;
3784 1718 3843 1773 in

2158 1844 2208 1905 B
2234 1834 2446 1906 Legem,
2480 1831 2537 1886 id
2575 1840 2673 1899 est,
2697 1828 2958 1893 Genesint,
3002 1823 3269 1890 Exedunt,
3298 1818 3608 1881 Leviticum,
3643 1811 3847 1867 Nume-

2235 1943 2435 1996 rorum,
2468 1920 3047 1987 Deuteronomium;in
3086 1914 3398 1989 PrOphetas,
3421 1911 3511 1984 qui
3556 1918 3675 1965 sunt
3711 1906 3846 1961 Jcsu

2239 2019 2407 2088 Nare,
2425 1995 2709 2082 Judicum,
2735 2011 2903 2081 Ruth,
2932 2009 3169 2076 Samuel,
3194 2002 3505 2071 Malachim,
3529 1999 3721 2069 Isaias,
3743 1995 3841 2052 Je-

2237 2114 2450 2180 rentias,
2508 2107 2791 2174 Ezechiel,
2830 2106 2949 2160 libri
3001 2101 3276 2158 duodecim
3319 2094 3723 2170 Prophetarum.
3774 2090 3847 2146 In

2241 2204 2667 2282 llagiographos,
2694 2203 2781 2276 qui
2823 2210 2942 2258 sunt
2991 2197 3110 2266 Job,
3143 2194 3336 2261 David,
3377 2192 3675 2251 Salomonis
3713 2190 3849 2242 Pro-

2239 2301 2434 2368 verbia,
2485 2299 2852 2360 Ecclesiastes,
2903 2295 3172 2351 Canticum
3220 2288 3552 2346 Canticorum
3582 2333 3597 2358 ,
3629 2280 3846 2349 Daniel,

2250 2394 2421 2451 Verba
2455 2393 2689 2463 Dierunt,
2731 2392 2787 2446 id
2814 2400 2912 2457 est,
2954 2387 3401 2458 Paralipomenon
3422 2424 3438 2451 ,
3480 2379 3713 2450 Esdras,
3746 2378 3843 2436 Es-

2243 2489 2376 2543 ther.
2414 2486 2540 2542 Haec
2577 2501 2643 2541 ex
2689 2484 2918 2556 prologo
2967 2478 3279 2552 Hieronymi
3326 2475 3556 2533 Galeato
3583 2472 3850 2529 afferebat

2244 2581 2640 2646 Cassiodorus;
2673 2577 2771 2635 sed
2795 2577 2990 2634 vitiosa
3016 2583 3101 2632 est
3131 2586 3356 2646 prorsus
3376 2570 3465 2626 illa
3486 2568 3705 2636 divisio,
3738 2576 3849 2622 tam

2248 2677 2302 2730 in
2329 2674 2515 2742 editis,
2541 2688 2704 2745 quam
2752 2671 2807 2727 in
2860 2666 3253 2739 manuscriptis
3291 2663 3443 2720 libris
3479 2681 3492 2718 :
3544 2661 3598 2718 i'
3624 2659 3849 2733 quidem

2247 2770 2449 2826 omissa
2479 2769 2679 2840 ubique
2712 2781 2849 2823 voce
2877 2763 3169 2820 Malae/tim
3189 2770 3315 2833 post
3333 2759 3561 2816 verbum
3604 2756 3847 2813 Samuel.

2247 2862 2306 2917 2°
2327 2859 2677 2930 Manuscripti
2704 2858 2924 2914 codices
2945 2872 3051 2912 non
3077 2854 3234 2927 pauci
3257 2850 3721 2924 praetermiserunt
3744 2846 3856 2904 Da-

2250 2955 2378 3023 niel,
2407 2953 2498 3010 alii
2524 2968 2647 3008 cum
2678 2951 2839 3008 editis
2882 2956 3242 3005 annumerant
3271 2943 3574 3015 majoribus
3603 2941 3856 3013 propbe-

2253 3049 2321 3104 tis
2348 3055 2475 3118 post
2503 3045 2869 3111 Ezechielem,
2903 3053 3127 3099 servato
3156 3039 3351 3096 ordine
3396 3036 3618 3108 vulgato
3644 3033 3859 3093 Biblio-

2252 3158 2373 3198 rum
2400 3155 2701 3197 sacrorum.
2730 3139 2786 3194 5°
2814 3138 2924 3194 Pro
2948 3135 3170 3192 nomine
3210 3134 3337 3202 isto,
3361 3128 3719 3195 Ecclesiastes,
3747 3141 3855 3198 po-

2174 3248 2221 3313 ς
2252 3244 2480 3292 suerunt
2506 3232 2945 3299 Ecclesiasticum,
2974 3230 3065 3302 qui
3097 3241 3204 3284 non
3227 3234 3314 3283 est
3367 3221 3700 3289 Salomonis,
3753 3220 3860 3277 sed

2252 3330 2391 3386 liber
2412 3327 2564 3394 Jesu,
2594 3327 2691 3383 ﬁlii
2713 3326 2905 3383 Siracb
2930 3342 2944 3379 :
2968 3324 3167 3396 quique
3192 3322 3248 3376 in
3276 3318 3554 3376 Cononem
3582 3330 3857 3388 nusquam

2253 3423 2523 3478 admissus
2554 3430 2639 3477 est
2668 3422 2736 3476 ab
2763 3419 3118 3491 Hieronymo.
3142 3415 3202 3472 4°
3233 3412 3473 3485 Denique
3502 3411 3713 3482 aliquot
3740 3423 3862 3465 ma-

2255 3514 2532 3586 nuscripta
2562 3512 2897 3583 exemplaria
2930 3508 3200 3581 adjiciunt
3245 3505 3445 3562 librum
3496 3501 3682 3559 Judith
3731 3509 3865 3572 post

2258 3609 2516 3665 volumen
2550 3605 2795 3662 Estheris
2824 3620 2839 3663 :
2870 3618 2991 3659 cum
3021 3611 3202 3657 tamen
3241 3597 3477 3655 Juditltaz
3515 3595 3656 3651 liber
3684 3609 3715 3651 e
3756 3610 3866 3649 nu-

2258 3716 2412 3759 mero
2449 3700 2838 3756 canonicarum
2880 3696 3286 3766 Scripturarum
3327 3698 3644 3763 segregatus
3683 3688 3754 3744 sit
3802 3689 3865 3745 in

2259 3796 2446 3852 multis
2476 3794 2616 3851 locis
2641 3793 2782 3865 apud
2803 3792 3214 3863 Hieronymum.
3238 3786 3424 3858 Neque
3460 3796 3637 3840 tamen
3687 3781 3866 3854 negli-

2259 3889 2455 3961 gentiae
2484 3887 2570 3942 vel
2600 3886 2901 3942 inscientia.-
2951 3883 3293 3940 accusandus
3346 3889 3430 3936 est
3454 3878 3705 3936 Garetius
3760 3891 3869 3932 no-

2262 3993 2397 4049 Ster,
2423 3982 2513 4053 qui
2545 3980 2598 4036 in
2622 3980 2813 4036 ultima
2833 3976 3146 4035 Cassiodori
3193 3990 3420 4047 operum
3468 3971 3708 4030 editibne
3757 3969 3866 4027 hos

2264 4090 2374 4131 non
2429 4074 2747 4131 emendavit
2775 4072 3022 4130 codicum
3055 4087 3149 4128 seu
3197 4070 3490 4139 editorum,
3524 4083 3620 4123 seu
3666 4080 3862 4122 manu-

2266 4170 2596 4241 scriptorum
2619 4181 2854 4224 errores.
2880 4165 2928 4221 Is
2952 4164 3331 4237 quippe,sicut
3359 4171 3414 4219 et
3440 4160 3555 4229 alii,
3579 4159 3671 4232 qui
3694 4157 3868 4215 eden-

2269 4263 2352 4319 dis
2382 4262 2479 4319 SS.
2510 4263 2728 4317 Patrum
2766 4258 3240 4315 lucubrationibus
3290 4263 3491 4311 navant
3535 4268 3781 4324 operam,
3811 4248 3868 4306 id

2269 4355 2415 4428 quod
2443 4357 2498 4410 in
2524 4354 2770 4410 melioris
2800 4363 2941 4409 nota:
2970 4350 3146 4419 libris,
3174 4365 3339 4405 manu
3370 4348 3574 4417 optima
3606 4356 3663 4402 et
3709 4354 3869 4399 vetu-

2271 4450 2514 4507 stissima
2535 4446 2776 4506 exaratis
2792 4446 3113 4513 habebatur,
3135 4444 3278 4500 bona
3299 4442 3405 4498 ﬁde
3425 4441 3634 4507 retulit,
3658 4452 3760 4494 nec
3782 4438 3869 4494 sui

2272 4542 2505 4599 credidit
2531 4556 2652 4597 csse
2678 4538 2847 4595 olllcii
2875 4546 2933 4594 et
2960 4538 3199 4593 muneris
3247 4551 3311 4592 ea
3340 4535 3638 4606 corrigere,
3661 4547 3785 4605 quae
3816 4534 3875 4589 in

2196 4648 2246 4710 ι)
2275 4645 2384 4693 tam
2412 4635 2740 4692 veneranda:
2763 4631 3103 4704 antiquitatis
3134 4628 3418 4687 codicibus
3443 4636 3759 4685 constanter
3788 4626 3879 4682 lc-

2270 4734 2561 4804 gebantur.
2594 4732 2665 4785 At
2690 4727 2826 4784 nulli
2882 4725 3108 4784 omnino
3161 4724 3434 4797 ingratum
3464 4733 3562 4777 aut
3612 4720 3880 4792 injucun-

2945 4820 2993 4878 si
3022 4836 3120 4892 pro
3148 4826 3404 4889 suscepto
3446 4832 3478 4872 a
3515 4814 3674 4872 nobis
3695 4810 3883 4869 Cano-

2274 4925 2361 4980 nis
2395 4921 2644 4980 llebraici
2666 4917 2972 4991 explicandi
2999 4930 3228 4972 munere
3249 4915 3605 4972 observemus
3632 4910 3730 4965 hos
3747 4924 3881 4964 out-

2277 5033 2378 5075 nes
2404 5018 2586 5088 lapsus
2613 5025 2669 5071 et
2694 5026 2912 5070 errores
2942 5024 3106 5083 posse
3130 5010 3201 5066 ab
3238 5008 3307 5064 iis
3347 5005 3509 5063 facile
3535 5004 3760 5075 corrigi,
3782 5002 3885 5073 qui

2276 5126 2436 5168 sacra
2462 5108 2770 5165 divinarum
2819 5106 3123 5162 litterarum
3177 5100 3488 5159 eruditione
3537 5095 3747 5164 imbuti,
3777 5110 3888 5152 eos

2282 5203 2618 5271 tentaverint
2668 5201 2771 5259 bac
2816 5198 3019 5256 sacrati
3058 5196 3224 5254 fontis
3281 5194 3421 5251 unda
3477 5193 3663 5250 eluere
3710 5191 3889 5259 atque

2282 5300 2617 5370 abstergere.

2357 5392 2620 5450 Eumdem
2639 5387 2992 5449 Hebraeorum
3023 5386 3298 5443 Canonem
3324 5386 3681 5452 repraesentat
3708 5376 3894 5433 Isido-

2287 5487 2452 5545 dorus
2482 5487 2848 5560 Hispalensis,
2894 5488 3180 5562 Originum
3221 5486 3319 5542 lib.
3353 5499 3429 5549 vi,
3477 5496 3599 5552 cap.
3633 5479 3687 5547 1,
3718 5489 3889 5547 quem

2290 5582 2563 5654 integrum
2583 5581 2687 5638 hoc
2712 5582 2833 5638 loco
2853 5580 3369 5645 transcriberemus,
3397 5575 3499 5632 nisi
3531 5570 3673 5629 infra
3702 5567 3894 5625 editus

2288 5687 2433 5734 esset
2463 5689 2587 5733 cum
2612 5675 2881 5747 principio
2910 5674 3315 5747 Scripturarum
3342 5669 3589 5735 Galeato,
3617 5678 3712 5721 seu
3743 5675 3897 5732 prae-

2290 5772 2561 5827 fationein
2591 5768 2758 5824 libros
2794 5768 3024 5840 Regum.
3063 5764 3372 5823 Notandum
3407 5770 3590 5818 tamen
3621 5752 3895 5813 nonnulla

2290 5867 2455 5926 verba
2484 5864 2750 5923 llebraica
2788 5864 2949 5923 aliter
2979 5863 3083 5937 legi
3110 5862 3251 5934 apud
3280 5859 3567 5928 lsidorum,
3607 5866 3768 5926 quam
3814 5847 3899 5906 leo
