4040 6360
204 302 267 359 73
844 303 1407 365 PROLEGOMENON
1448 305 1537 364 lll.
1581 305 1670 363 DE
1707 302 1981 363 CANONE
2021 303 2400 366 HEBRMCE
2444 308 2839 373 VEHITATIS.
3425 321 3495 378 γι

198 429 387 492 gantur
436 420 582 491 apud
634 420 1023 495 Hieronymum
1071 444 1083 479 :

194 528 402 569 morem
435 512 763 570 hodiernum
796 515 1288 573 Grammaticorum
1323 519 1671 575 Hebraeorum
1692 533 1792 573 sic-

194 603 313 675 pius
336 605 649 673 imitantur,
678 608 950 677 imperitia
970 625 1190 680 quoque
1214 611 1303 665 vel
1327 608 1593 681 ipsmum,
1624 610 1707 665 vel
1729 611 1792 664 li-

190 697 520 763 brariorum,
544 715 706 757 voces
726 702 977 772 quaedam
1005 704 1381 761 mendosiores
1401 714 1711 771 occurrunt,
1733 714 1791 760 ut

192 803 273 847 est
294 792 429 847 illud
461 812 470 846 :
502 795 733 862 Quidam
756 806 929 850 autem
951 796 1097 852 Ruth
1117 808 1163 852 et
1198 798 1425 864 Rimoth,
1449 800 1587 869 quod
1607 798 1791 854 Latine

194 887 405 952 dicitur,
443 888 766 944 lamentatio
792 891 1065 959 Jeremiaa,
1098 891 1489 966 Hagiographt’s
1511 895 1786 967 adjiciunt.

191 977 451 1048 Quisquis
472 995 660 1036 vocem
688 981 902 1037 Rimoth
931 984 1216 1039 barbaram
1237 985 1418 1055 posuit
1449 1002 1545 1056 pro
1565 985 1783 1053 Kinoth,

186 1071 296 1126 sive
314 1070 528 1138 Cinoth,
555 1090 671 1143 qua:
696 1074 1089 1131 lamentationes
1115 1076 1410 1149 signiﬁcat,
1439 1094 1561 1133 cum
1592 1080 1787 1150 lingua:

188 1161 471 1219 Hebraicze
518 1166 987 1235 imperitissimum
1039 1168 1209 1224 fuisse
1254 1179 1487 1241 oportet.
1527 1171 1617 1226 Sic
1669 1171 1786 1226 ﬁeri

186 1268 329 1312 amat
358 1259 505 1314 inter
559 1260 701 1324 illos,
729 1261 820 1331 qui
852 1261 1180 1331 scriptorum
1227 1272 1474 1317 veterum
1505 1278 1667 1333 Opera
1700 1277 1785 1319 re-

187 1352 409 1408 stituere
444 1365 780 1422 praesumunt
806 1355 1010 1426 absque
1039 1356 1333 1412 sufficienti
1368 1348 1556 1413 notitia
1588 1357 1786 1413 multa-

186 1460 302 1501 rum
352 1462 563 1517 rerum,
594 1463 730 1517 quas
762 1458 1112 1518 pertractant.

249 1538 313 1593 ll.
358 1540 651 1595 Canonem
685 1541 963 1598 Hebraicaa
1000 1543 1250 1599 veritatis
1280 1546 1559 1615 conceptis
1603 1544 1783 1601 verbis

186 1634 425 1703 appellat
456 1636 578 1705 ipse
610 1634 981 1708 Hieronymus
1008 1637 1178 1692 libros
1204 1640 1406 1695 veteris
1449 1640 1781 1695 Testamenti

187 1727 371 1784 latine
397 1744 428 1781 a
454 1746 515 1785 se
542 1729 787 1785 redditos
817 1749 830 1783 :
865 1730 1005 1800 quod
1036 1730 1082 1785 si
1104 1746 1262 1787 secus
1285 1731 1473 1788 fuisset
1494 1776 1507 1800 ,
1542 1732 1645 1788 hoc
1678 1750 1746 1788 no
1766 1764 1779 1773 α

1136 426 1261 497 quia
1313 425 1553 481 editores
1602 424 1788 481 Isidori
1816 425 1864 484 A
1895 440 2008 477 rum
2060 434 2106 477 et
2148 425 2516 484 Alexandrinis
2556 428 2803 487 Ecclesia:
2831 442 3031 488 tantum
3072 436 3205 499 auri,
3240 451 3490 507 quantum

1895 515 2173 570 multorum
2194 521 2353 589 possit
2380 522 2572 591 inopia:
2596 524 2871 580 subveniri.
2898 526 3048 592 Quod
3077 544 3191 581 cum
3214 529 3363 582 multi
3392 532 3491 584 mi-

1894 618 2088 677 rentur,
2122 618 2170 665 et
2200 613 2495 682 praedicent,
2530 632 2625 688 ego
2654 617 2706 670 in
2732 616 2824 671 illo
2864 620 3027 689 magis
3057 620 3281 676 laudabo
3317 623 3487 691 fervo-

1892 718 1999 755 rem
2029 711 2074 755 et
2100 705 2325 759 studium
2348 705 2760 778 Scripturarum.
2795 710 2909 778 Quo
2936 710 3024 765 ille
3046 712 3302 767 desiderio
3330 731 3491 785 opus-

1892 794 2010 847 cula
2032 803 2205 849 nostra
2228 798 2502 870 ﬂagitavit,
2522 810 2570 854 et
2597 802 2767 857 missis
2795 819 2885 857 sex
2909 806 3145 869 notariis,
3168 807 3289 877 quia
3311 808 3365 862 in
3391 808 3489 863 hac

1893 889 2156 956 provincia
2200 889 2374 945 Latini
2401 896 2652 950 sermonis
2702 898 3115 970 scriptorumque
3145 903 3359 970 penuria
3386 912 3482 970 est,

1891 979 2110 1034 describi
2164 982 2266 1035 sibi
2306 984 2426 1054 fecit
2463 1002 2797 1059 quiscumque
2841 992 2904 1043 ab
2942 991 3289 1046 adolescentia
3332 1010 3486 1064 usque

1888 1071 1941 1124 in
1966 1088 2189 1143 praesens
2218 1082 2416 1144 tempus
2445 1077 2787 1132 dictavimus?
2829 1080 2986 1135 Circa
3028 1096 3228 1135 annum
3279 1082 3481 1139 Christi

1892 1164 1999 1219 594
2032 1165 2121 1219 illa
2170 1167 2445 1223 scribebat
2490 1170 2875 1242 Hieronymus,
2922 1188 3043 1227 cum
3093 1174 3483 1231 Oclateuchum

1888 1256 2064 1311 adhuc
2094 1259 2314 1314 haberet
2341 1261 2392 1315 in
2423 1262 2672 1317 manibus
2692 1264 3138 1335 interpretatione
3169 1268 3480 1323 donandum

1890 1356 2145 1417 tempore
2186 1363 2509 1421 Opportuno.
2547 1354 2805 1421 Quisnam
2839 1371 2968 1411 vero
3016 1358 3177 1413 fuerit
3207 1359 3298 1414 ille
3328 1361 3489 1415 Octa-

1890 1442 2139 1510 teuchus,
2185 1446 2315 1501 satis
2344 1446 2515 1517 liquet
2541 1462 2605 1502 ex
2651 1449 2964 1518 prmfatione
2995 1451 3046 1504 in
3080 1451 3270 1506 librum
3298 1452 3482 1520 Josue,

1888 1537 1977 1590 ubi
2000 1537 2151 1605 dicit,
2188 1539 2339 1593 linito
2373 1542 2587 1595 tandem
2613 1541 2777 1595 Mosis
2810 1541 3182 1608 Pentateuc/to,
3212 1546 3278 1600 ad
3318 1545 3483 1602 libros

1887 1627 2075 1694 Josue,
2102 1628 2369 1695 Judicum,
2406 1630 2550 1685 Ruth
2578 1642 2623 1687 et
2658 1631 2844 1686 Esther
2872 1635 3190 1690 mittendam
3244 1652 3483 1693 manum.

1887 1720 2042 1787 Quod
2072 1720 2286 1776 duobus
2317 1722 2402 1777 vel
2432 1723 2603 1778 tribus
2632 1724 2809 1777 modis
2842 1725 3066 1797 intelligi
3118 1736 3313 1796 potest.
3368 1728 3486 1783 Pri-

186 1823 325 1876 mine
355 1836 702 1892 nequaquam
726 1836 754 1875 a
777 1822 937 1877 nobis
967 1822 1162 1879 fuisset
1190 1823 1441 1893 insignita
1467 1825 1636 1894 prima
1660 1840 1785 1894 pars

1903 1815 2248 1870 mumlibrum
2274 1816 2523 1872 Judicum
2555 1827 2607 1873 et
2634 1818 2777 1873 Ruth
2795 1820 2847 1873 in
2863 1822 3111 1875 eumdem
3138 1822 3487 1893 compingen—

182 1911 335 1982 hujus
349 1913 559 1968 divina:
576 1913 1144 1969 bibliothecre.Verum
1166 1915 1303 1971 hanc
1316 1917 1784 1972 nomenclaturam

184 2001 360 2059 edocti
400 2019 431 2056 a
467 2016 663 2059 sancto
694 2004 953 2072 Doctore,
1005 2004 1186 2075 inepte
1215 2021 1502 2077 ageremus
1546 2008 1784 2063 alienum

184 2110 243 2151 ac
264 2097 597 2151 ementitum
632 2096 853 2152 titulum
880 2107 1214 2167 apponentes
1242 2098 1521 2153 llebraicrc
1552 2100 1785 2153 transla-

184 2188 317 2243 tioni
363 2189 573 2245 veteris
619 2189 998 2246 lnstrumenti.
1032 2189 1319 2247 Celebrior
1367 2201 1419 2246 ct
1465 2192 1786 2263 explicatior

183 2281 333 2337 locus
378 2282 610 2351 hujusce
659 2283 1048 2339 nominationis
1081 2284 1276 2355 legitur
1304 2284 1534 2355 epistola
1561 2286 1663 2354 ‘28,
1717 2287 1783 2342 ad

184 2372 469 2430 Lacinium
496 2392 511 2441 ;
543 2374 611 2429 de
638 2391 749 2446 quo
780 2391 850 2431 ne
878 2376 1097 2431 minima
1135 2378 1401 2447 particula
1446 2377 1602 2432 nobis
1634 2379 1785 2433 exci-

182 2468 293 2537 dat,
336 2469 619 2541 integrum
661 2470 832 2527 aﬂ'ero
856 2471 925 2526 ad
953 2470 1164 2526 laudem
1195 2472 1466 2541 praecipue
1494 2471 1787 2529 Hebr-sico-

184 2576 299 2618 rum
331 2562 703 2629 voluminum,
730 2563 785 2618 in
817 2577 1045 2633 quorum
1076 2563 1453 2619 auctoritatem
1483 2564 1785 2621 debaccha-

186 2662 369 2710 tusest
394 2656 559 2726 hujus
588 2655 851 2725 temporis
872 2656 1087 2725 quidam
1113 2655 1411 2711 fabularum
1435 2656 1785 2729 [Egyptiaca-

186 2760 304 2804 rum
361 2758 763 2819 propugnator.
814 2749 925 2804 Sed
985 2764 1129 2805 nunc
1172 2748 1353 2805 audiat
1395 2750 1782 2823 Hieronymum

185 2841 329 2912 juxta
356 2844 544 2897 datam
578 2843 681 2898 sibi
729 2843 1049 2913 sapientiam
1083 2844 1152 2898 ita
1182 2844 1405 2899 Lucinio
1444 2844 1785 2914 responden-

188 2942 292 2987 tem
316 2952 329 2985 :
351 2934 617 2988 Cononem
640 2932 916 2989 Hebraicis
936 2936 1184 3003 veritatis,
1210 2949 1421 3009 excepto
1448 2936 1781 3003 Octateucho,

188 3041 335 3094 quem
377 3041 516 3079 nunc
551 3026 609 3079 in
656 3026 892 3080 manibus
937 3027 1101 3082 habeo
1138 3029 1310 3101 pueris
1337 3030 1439 3083 tuis
1484 3040 1531 3083 et
1569 3032 1786 3083 notariis

191 3118 314 3172 dedi
336 3118 691 3173 scribendum.
736 3118 1083 3193 Septuaginta
1126 3121 1599 3193 interpretationem
1646 3131 1693 3177 et
1740 3134 1786 3177 te

1890 1908 1981 1975 do,
2017 1909 2404 1965 Octateuchum
2445 1912 2705 1968 iaciemus
2732 1928 2801 1968 ex
2835 1914 3073 1984 quinque
3098 1914 3230 1969 Mosi
3255 1916 3484 1972 volumi-

1892 2004 2071 2071 nibus,
2099 2005 2408 2069 unolosue,
2434 2006 2606 2061 altero
2634 2006 2905 2075 Judicum,
2932 2018 2987 2064 et
3014 2010 3202 2064 ultimo
3218 2010 3484 2066 Estheris.

1894 2097 1993 2153 Hic
2020 2099 2123 2154 erit
2162 2098 2553 2172 ()ctateuchus,
2586 2115 2744 2169 quem
2778 2101 3139 2174 Hieronymus
3169 2103 3487 2159 absolvebat

1892 2199 2013 2259 post
2037 2205 2240 2245 annum
2256 2191 2456 2246 Christi
2488 2191 2614 2257 404,
2636 2202 2691 2246 ut
2710 2193 2892 2248 videre
2912 2204 2992 2249 est
3017 2197 3070 2250 in
3096 2197 3483 2267 prolegomeno

1891 2291 2077 2337 nostro
2095 2283 2385 2353 superiori,
2403 2283 2495 2338 ubi
2512 2284 2839 2354 disputatum
2866 2295 2951 2342 est
2965 2287 3033 2342 de
3056 2296 3296 2359 tempore
3310 2300 3485 2345 trans-

1891 2374 2152 2429 lationum
2202 2376 2766 2446 llieronymianarum.
2797 2378 3053 2434 Secundo
3094 2380 3482 2437 Ociateuchum

1891 2468 2051 2523 istum
2072 2468 2142 2523 ita
2167 2472 2441 2539 supputari
2466 2470 2595 2525 nihil
2619 2480 2784 2539 vetat,
2806 2471 3043 2539 Exodus,
3077 2473 3342 2540 Leviticus,
3368 2475 3484 2529 Nu-

1890 2562 2040 2629 meri,
2092 2562 2572 2630 Deuteronomium,
2605 2562 2801 2631 Josuc,
2827 2563 3062 2628 Iudices,
3114 2566 3253 2619 Ruth
3295 2577 3343 2621 et
3386 2566 3485 2622 Es-

1892 2658 2021 2712 ther.
2054 2655 2190 2710 Nam
2244 2671 2353 2727 quo
2393 2665 2636 2727 tempore
2680 2658 2963 2713 scribebat
3014 2659 3374 2730 Hieronymus
3413 2662 3480 2715 ad

1890 2746 2193 2815 Lucinium,
2215 2760 2342 2805 tunc
2358 2749 2581 2805 Genesis
2595 2749 2813 2804 Librum
2838 2751 2889 2804 in
2918 2750 3162 2805 Latinum
3178 2767 3483 2807 sermonem

1890 2842 1959 2897 ab
1983 2857 2049 2896 eo
2088 2842 2252 2905 fuisse
2284 2844 2629 2911 translatum,
2658 2844 2747 2897 vix
2775 2843 3011 2899 dubitari
3060 2854 3277 2913 potest”:
3310 2862 3485 2916 neque

1890 2950 2023 2990 vero
2051 2950 2159 2989 uno
2191 2943 2434 3005 tempore
2464 2936 2644 2990 omnia
2691 2936 2853 2991 Mosis
2892 2937 3166 2991 volumina
3200 2936 3489 2993 Latinitate

1891 3029 2142 3095 donavit,
2192 3031 2268 3084 uti
2297 3044 2398 3085 suo
2427 3031 2548 3085 loco
2580 3030 2839 3096 diximus,
2868 3030 2961 3085 sed
2988 3032 3168 3085 statim
3212 3030 3488 3087 Geneseos

1892 3121 2088 3177 librum
2120 3123 2463 3192 interpretari
2510 3124 2674 3192 ccepit
2720 3139 2863 3177 anno
2891 3123 3114 3179 circiter
3157 3124 3281 3189 594,
3324 3141 3482 3195 quem

189 3210 381 3265 habere
413 3228 525 3265 non
561 3211 770 3277 dubito,
803 3222 851 3267 et
875 3222 994 3269 ante
1019 3230 1181 3269 annos
1221 3214 1472 3285 plurimos
1500 3215 1786 3285 diligentis-
1816 3211 1862 3277 C
1897 3215 2162 3269 Desiderio
2187 3230 2290 3271 suo
2321 3218 2684 3285 nuncupavit:
2733 3216 2937 3285 reliqua
2992 3216 3337 3271 Pentatencbi
3384 3218 3487 3271 Μο-

186 3305 322 3359 sime
349 3306 690 3370 emendatam,
722 3309 968 3363 studiosis
999 3310 1215 3365 tradidi.
1242 3309 1451 3363 Novum
1490 3309 1793 3365 Testamen-

189 3406 309 3451 tum
338 3396 543 3453 Greca:
566 3400 763 3455 reddidi
792 3403 1112 3457 auctoritati.
1142 3402 1188 3457 U
1193 3413 1209 3456 t
1231 3404 1363 3457 enim
1385 3411 1613 3458 veterum
1630 3402 1793 3458 libro-

192 3508 313 3545 rum
342 3492 482 3560 ﬁdes
522 3492 585 3547 de
615 3493 849 3551 Hebraeis
903 3496 1244 3551 voluminibus
1290 3498 1643 3551 examinanda
1676 3507 1747 3551 est
1776 3515 1792 3551 :

197 3584 270 3637 ita
298 3601 554 3638 novorum
583 3583 755 3641 (ἓνωεὶ
794 3589 1045 3642 sermonis
1088 3606 1323 3643 normam
1365 3591 1645 3645 desiderat.
1677 3590 1794 3647 Non

198 3688 415 3746 poterat
444 3680 642 3736 beatus
674 3682 1037 3755 Hieronymus
1072 3684 1279 3739 clarius
1324 3695 1416 3741 aut
1460 3688 1679 3744 brevius
1705 3688 1799 3744 de-

202 3770 408 3825 clarare
438 3772 709 3843 quidquid
730 3774 783 3827 in
810 3774 1000 3830 Divina
1032 3775 1371 3834 Biblimheca
1406 3780 1562 3835 nobis
1593 3781 1800 3850 praesti-

201 3868 285 3922 tit.
332 3867 582 3923 Priorem
637 3870 781 3925 enim
830 3881 1038 3942 partem
1069 3874 1411 3942 apertissime
1439 3875 1795 3945 demonstrat,

202 3973 323 4013 cum
346 3963 445 4027 ait,
476 3959 743 4015 Canonem
775 3962 1027 4018 hebraica:
1052 3966 1300 4031 veritatis,
1325 3977 1532 4039 excepto
1562 3967 1798 4024 Octateu-

203 4051 298 4105 dto
316 4096 331 4119 ,
358 4069 513 4123 quem
538 4070 673 4108 nunc
693 4054 746 4108 in
776 4056 1011 4110 manibus
1038 4056 1219 4127 habeo,
1252 4062 1426 4130 pueris
1455 4061 1555 4114 tuis
1581 4070 1627 4115 et
1654 4072 1802 4116 nota-

204 4145 293 4198 riis
322 4145 443 4198 dedi
474 4145 851 4213 scribendum;
883 4148 1108 4204 alteram
1162 4159 1339 4205 autem
1382 4152 1434 4207 in
1469 4151 1554 4208 his
1594 4154 1797 4224 verbis,

206 4236 556 4310 Septuaginta
584 4240 1068 4311 interpretationem
1098 4252 1146 4298 et
1190 4253 1236 4296 te
1256 4242 1443 4299 habere
1470 4261 1570 4299 non
1602 4246 1800 4313 dubito,

206 4342 252 4385 et
282 4344 402 4387 ante
439 4350 608 4388 annos
649 4334 901 4405 plurimos
925 4335 1317 4407 diligentissime
1344 4340 1663 4393 emendatam
1695 4348 1803 4393 stu-

208 4424 368 4478 diosis
389 4425 860 4481 tradidi.’l‘ertiam
883 4427 1119 4498 denique
1143 4437 1347 4498 partem
1380 4430 1584 4485 Divitiae
1609 4431 1805 4485 Biblio-

210 4518 383 4574 theca:
425 4520 637 4573 indicat
686 4519 896 4586 dicens,
928 4519 1133 4575 Novum
1186 4522 1566 4579 Testamentum
1609 4524 1805 4579 Graecae

1924 3308 2024 3362 aici
2052 3308 2326 3362 volumina
2358 3308 2653 3376 majoribus
2692 3323 2982 3363 reservans
3026 3309 3151 3363 otiis
3196 3309 3484 3364 scribendi.

1898 3399 2138 3470 Denique
2159 3399 2228 3455 de
2249 3400 2651 3470 supputatione,
2685 3401 2900 3455 sublato
2931 3401 3157 3457 Genesis
3190 3404 3485 3472 volumine,

1899 3507 1952 3553 et
1983 3497 2127 3553 Ruth
2167 3513 2289 3553 cum
2320 3498 2600 3554 Judicibus
2646 3500 2898 3569 copulato
2928 3541 2942 3564 ,
2988 3501 3093 3555 erit
3139 3501 3489 3557 nihilominus

1900 3591 2106 3659 integer
2127 3590 2303 3645 adhuc
2315 3590 2679 3647 Octatenchus
2695 3596 2747 3645 in
2776 3592 3027 3648 manibus
3048 3594 3364 3665 Hieronymi
3388 3610 3488 3650 suo

1902 3691 2147 3749 tempore
2170 3682 2568 3739 convertendus
2597 3684 2647 3737 in
2673 3683 2920 3738 Latinum
2950 3684 3225 3755 eloquium
3249 3704 3260 3738 :
3295 3703 3489 3757 nempe

1904 3790 1954 3829 tv
1983 3775 2147 3828 Mosis
2171 3775 2317 3842 libri,
2342 3790 2357 3828 ι
2383 3774 2568 3840 Josue,
2598 3790 2613 3828 ι
2640 3774 2891 3830 Judicum
2910 3786 2963 3831 et
2984 3776 3149 3845 Ruth,
3177 3793 3192 3832 ι
3220 3778 3488 3848 Estheris,

1902 3874 1995 3923 ett
2025 3866 2498 3938 Paralipomenon.
2530 3868 2663 3935 Quia
2696 3880 2907 3925 certum
2933 3878 3114 3925 exstat
3143 3870 3308 3927 libros
3330 3873 3492 3928 Para-

1902 3959 2215 4029 lipumenon
2244 3974 2309 4015 ex
2340 3959 2568 4014 Heber
2596 3976 2701 4014 non
2730 3960 2895 4017 fuisse
2926 3962 3221 4018 translatos
3241 3974 3364 4020 ante
3396 3981 3493 4021 an-

1906 4068 2032 4107 num
2060 4052 2185 4116 596,
2211 4051 2427 4123 quando
2452 4052 2683 4121 vitajam
2716 4067 3024 4110 excesserat
3052 4056 3327 4112 Lucinius.
3357 4059 3491 4113 Hinc

1906 4146 2173 4216 intelligat
2199 4146 2366 4201 lector
2396 4161 2501 4201 non
2531 4162 2638 4202 uno
2663 4147 2825 4202 modo
2868 4164 3078 4205 errasse
3108 4150 3407 4207 Marianum
3439 4154 3494 4207 in

1906 4243 2049 4297 netis
2076 4240 2142 4295 ad
2181 4239 2462 4309 epistolam
2510 4239 2583 4295 28
2613 4242 2670 4296 S.
2702 4241 3017 4313 Hieronymi
3044 4260 3056 4296 :
3098 4260 3221 4297 nam
3253 4260 3404 4300 error
3434 4244 3492 4299 in

1906 4348 1973 4388 eo
2002 4343 2104 4397 est,
2124 4332 2263 4403 quod
2288 4348 2383 4401 pro
2415 4331 2731 4387 Octateuclto
2764 4333 2953 4404 legerit
2984 4335 3416 4407 Heptateuchum,
3440 4346 3497 4393 et

1910 4425 2193 4480 Erasmum
2227 4440 2374 4494 parte
2427 4424 2650 4480 lectioni
2679 4426 3045 4483 adhmrentem
3080 4430 3284 4499 putavit
3312 4447 3495 4498 repre-

1910 4517 2172 4573 hensione
2217 4517 2465 4585 dignum.
2515 4516 2798 4573 Monemus
2827 4518 2994 4589 igitur
3034 4522 3335 4575 studiosum
3390 4523 3498 4576 lcc-

211 4612 413 4665 reddidi
443 4612 762 4666 auctoritati.
796 4613 935 4681 Quid
968 4614 1161 4684 plura?
1195 4626 1250 4670 ut
1282 4617 1586 4674 innotescat
1611 4618 1806 4688 quibus
1832 4600 1883 4660 Ι)
1912 4621 2085 4667 torem
2109 4611 2365 4667 meliores
2390 4626 2452 4665 ac
2474 4610 2747 4666 doctiores
2765 4625 2886 4667 esse
2907 4622 3062 4667 notas
3083 4613 3288 4679 Gravii,
3305 4614 3499 4683 quibus

215 4704 587 4761 fundamentis
616 4720 741 4761 suas
770 4706 1069 4763 Bibliorum
1098 4724 1374 4765 sacrorum
1407 4711 1808 4782 interpretatio-

215 4813 309 4854 nes
335 4799 591 4855 sntfultas
611 4815 732 4856 esse
755 4802 1009 4869 voluerit,
1035 4814 1158 4872 apte
1185 4805 1553 4875 concluseque
1578 4805 1808 4876 subjun-

214 4894 308 4964 git,
344 4893 411 4949 Ut
437 4895 578 4948 enim
600 4904 823 4950 veterum
854 4894 1104 4950 librorum
1146 4899 1276 4967 ﬁdes
1307 4900 1370 4953 de
1396 4898 1629 4954 Hebrteis
1658 4902 1809 4955 volu—

217 4988 443 5042 minibus
477 4989 827 5044 examinanda
849 4998 965 5044 est:
996 4991 1069 5043 ita
1098 5007 1341 5046 novorum
1366 4990 1531 5046 (ἔτιεεὶ
1561 4994 1810 5048 sermonis

218 5097 458 5135 normam
477 5081 759 5138 desiderat.
779 5082 908 5151 Quae
939 5084 1182 5140 detinitio
1210 5085 1608 5142 emendationis
1635 5088 1817 5159 Scrip-

215 5179 457 5226 turarum
510 5181 715 5227 tantam
767 5173 819 5228 in
850 5174 1095 5231 Ecclesia
1141 5176 1372 5232 obtinuit
1412 5178 1814 5247 auctoritatem,

214 5273 273 5316 ut
297 5280 363 5317 ex
389 5264 699 5333 prescripto
719 5264 1033 5337 Hieronymi
1056 5266 1146 5337 jus
1167 5269 1487 5324 canonicum
1516 5269 1567 5323 in
1592 5270 1822 5327 Decreto

218 5353 460 5410 Gratiani
513 5355 763 5411 eamdem
810 5358 1177 5427 castigationis
1208 5375 1448 5439 normam
1496 5362 1823 5431 sequendam

218 5462 342 5502 esse
388 5448 673 5504 decernat.
723 5448 996 5506 Canonem
1049 5452 1209 5521 igitur
1258 5453 1540 5509 Hebraicae
1586 5456 1827 5512 veritatis

220 5539 573 5595 scribendum
604 5540 756 5596 dedit
806 5542 1165 5614 Hieronymus
1194 5546 1375 5615 pueris
1405 5560 1498 5602 sex
1529 5558 1583 5602 et
1613 5549 1836 5603 notariis

223 5628 457 5699 Lucinii,
480 5632 532 5687 in
562 5647 672 5702 quo
694 5632 917 5688 laudans
939 5620 1206 5705 praecipue
1228 5636 1491 5693 fervorem
1516 5653 1577 5693 ac
1599 5639 1837 5694 studium

230 5723 643 5795 Scripturarum
672 5768 687 5793 ,
718 5725 789 5781 ita
823 5726 888 5781 ad
933 5727 1277 5785 Theodoram
1319 5730 1511 5787 scribit
1539 5733 1697 5802 epist.
1725 5732 1834 5789 29:

226 5817 339 5877 Nec
368 5821 562 5891 patria:
595 5837 705 5875 sua:
739 5820 979 5892 largitate
1005 5833 1287 5893 contentus,
1313 5827 1452 5883 misit
1479 5827 1839 5901 Jerosolyma-

641 5913 916 5976 PATROL.
963 5915 1260 5979 XXVIII.

1915 4705 2201 4760 illustravit
2259 4704 2517 4774 epistolas
2574 4703 2918 4775 Hieronymi,
2974 4721 3131 4775 quam
3191 4708 3298 4761 sint
3352 4708 3498 4776 illic,

1917 4811 2052 4868 quas
2082 4796 2353 4852 Marianns
2393 4796 2663 4851 Victorius
2715 4796 2882 4852 edidit
2927 4812 3050 4853 cum
3080 4800 3331 4870 operibus
3359 4802 3504 4873 ejus-

1918 4888 2039 4945 dem
2073 4888 2243 4943 sanCti
2273 4887 2545 4943 Doctoris.

1994 4986 2069 5041 De
2098 4984 2315 5040 Canone
2330 4984 2778 5039 meminititerum
2806 4984 2925 5039 aliis
2953 4985 3086 5041 locis
3113 4986 3506 5060 Hieronymus:

1924 5094 2044 5134 nam
2095 5079 2409 5149 praefatione
2456 5079 2509 5132 in
2541 5077 2709 5133 libros
2743 5078 2971 5149 Regum,
3018 5091 3305 5152 postquam
3356 5082 3507 5138 illum

1924 5187 2022 5243 per
2066 5181 2255 5241 partes
2294 5170 2533 5241 singulas
2589 5170 2917 5240 explanavit,
2952 5171 3066 5227 haec
3092 5173 3159 5228 ab
3196 5190 3260 5230 eo
3308 5177 3511 5245 scripta

1925 5267 2176 5338 leguntur
2202 5285 2213 5318 ε
2248 5264 2417 5337 Igitur
2442 5265 2709 5336 Sapientia
2728 5308 2741 5332 ,
2777 5281 2892 5334 qua:
2914 5265 3067 5338 vulgo
3092 5268 3389 5323 Salomonis
3435 5272 3515 5323 in.

1930 5362 2187 5427 scribitur,
2224 5369 2269 5413 et
2304 5357 2428 5413 Jesu
2462 5359 2561 5427 ﬁlii
2602 5357 2793 5413 Siraclt
2826 5359 2981 5425 liber,
3011 5369 3058 5413 et
3100 5358 3287 5413 Juditlt
3328 5375 3374 5416 et
3415 5362 3523 5419 Το-

1938 5455 2068 5518 bias,
2100 5461 2145 5507 et
2176 5451 2368 5505 Pastor
2390 5466 2490 5505 non
2511 5459 2630 5505 sunt
2662 5452 2714 5505 in
2739 5450 3151 5509 Canone.Libro
3180 5471 3395 5527 quoque
3419 5459 3525 5527 pri-

1941 5565 2029 5605 mo
2059 5547 2327 5601 adversus
2376 5544 2717 5601 Jovinianum
2776 5546 2844 5601 de
2896 5547 3195 5624 περιὸδοις,
3244 5552 3522 5607 volumine

1942 5657 2170 5713 prorsus
2219 5639 2568 5711 apocrypho,
2629 5641 2861 5706 locutus,
2912 5642 3052 5696 redit
3104 5642 3172 5699 ad
3239 5645 3525 5701 canonicas

1942 5734 2271 5804 Scripturas,
2300 5732 2523 5787 dicens:
2556 5732 2662 5788 Sed
2691 5748 2825 5786 nunc
2869 5733 3015 5787 nobis
3044 5733 3106 5787 de
3147 5732 3354 5789 Canone
3384 5752 3532 5793 omne

1945 5834 2201 5883 certamen
2251 5834 2343 5881 est.
2396 5824 2652 5896 Ejusdem
2700 5825 3017 5883 recordatur
3054 5828 3322 5896 prooemio
3366 5830 3530 5889 Com-

3115 5923 3154 5986 3
